3874 6300
368 276 473 330 307

1550 277 1895 333 APPENDIX
1934 276 2025 329 AD
2060 276 2475 338 PALLADlUM.

3500 289 3608 346 509

363 386 571 456 accepi,
615 402 644 440 e
704 386 959 443 Patribus
1017 389 1252 459 aliquem
1305 388 1374 443 ab
1425 390 1621 445 abbate
1684 391 1936 446 Nisteroo

2055 391 2240 462 ἥκουσα
2267 395 2345 447 ὃτι
2380 394 2631 467 ἠρώτησέ
2658 413 2741 461 τις
2769 397 2875 449 τῶν
2903 399 3159 471 Πατέρων
3186 388 3276 453 τὸν
3300 399 3477 455 ἁϐὗᾶν
3504 403 3609 455 Νι-

363 492 588 547 magno,
622 477 838 534 abbatis
866 480 1086 534 Antonii
1125 480 1326 543 amico,
1360 482 1610 554 petiisse,
1659 484 1933 553 quodnam

360 583 504 639 opus
540 569 749 624 bonum
777 579 944 637 esset,
975 582 1034 625 ut
1064 571 1197 626 illud
1230 572 1475 642 faceret;
1510 590 1575 628 ac
1608 590 1932 645 responsum

361 659 468 714 hoc
496 662 721 717 tulisse:
749 660 939 718 Nonne
975 665 1322 733 operationes
1352 674 1564 720 cuncta:
1591 674 1715 721 sunt
1750 682 1936 737 atqua-

360 751 807 822 ies?Scriptura
859 755 1019 809 docet
1110 758 1253 826 quod
1310 758 1585 813 Abraham
1646 760 1934 831 hospitalis

364 852 503 903 erat.
543 852 599 899 et
631 843 775 901 Deus
803 856 923 901 erat
951 864 1074 902 cum
1107 849 1200 902 illo
1227 867 1241 914 ;
1295 850 1443 920 quod
1494 850 1643 905 Elias
1676 853 1933 923 diligebat

363 936 623 1005 quietem,
649 946 704 992 et
736 936 882 993 Deus
924 950 1040 994 erat
1072 956 1194 995 cum
1223 957 1289 995 eo
1316 960 1331 1004 ;
1366 943 1509 1014 quod
1544 942 1710 996 David
1755 944 1935 997 humi-

360 1029 518 1084 litate
546 1031 808 1099 pollebat,
834 1041 888 1086 et
924 1031 1067 1088 Deus
1111 1035 1435 1089 versabatur
1479 1050 1603 1090 cum
1658 1034 1801 1105 ipso.
1851 1035 1934 1089 Ad

362 1120 415 1174 id
445 1137 578 1192 ergo
614 1123 680 1177 ad
714 1124 859 1193 quod
890 1125 1045 1180 vides
1101 1127 1342 1181 animam
1395 1133 1541 1181 tuam
1596 1128 1932 1196 propendere

363 1215 667 1269 secundum
698 1216 892 1282 Deum,
933 1218 1039 1274 hoc
1068 1217 1151 1273 i‘ac
1180 1259 1196 1282 ,
1223 1227 1281 1274 et
1313 1220 1529 1276 custodi
1560 1236 1656 1274 cor
1687 1231 1860 1275 tuum.

431 1307 483 1360 3.
548 1308 731 1363 Abbas
758 1307 960 1380 Josepb
999 1309 1077 1364 ait
1134 1311 1201 1365 ad
1265 1310 1516 1366 abbatem
1578 1310 1927 1366 Nisteroum:
1984 1349 1987 1352 μ

363 1398 506 1464 Quid
536 1399 731 1455 faciam
770 1401 971 1471 lingua:
999 1416 1154 1469 mere,
1188 1416 1349 1471 quam
1373 1403 1655 1457 continere
1689 1403 1936 1472 nequeo?

363 1491 504 1546 Dicit
529 1493 578 1547 ei
613 1508 777 1549 senex
808 1512 823 1547 :
851 1494 988 1549 Cum
1034 1510 1163 1566 ergo
1210 1495 1429 1551 locutus
1461 1496 1651 1561 fueris,
1686 1497 1935 1553 obtines-

365 1596 433 1635 ne
463 1581 753 1648 requiem?
776 1580 1075 1653 Respondit
1098 1603 1110 1638 :
1134 1583 1508 1656 Nequaquam.
1545 1585 1682 1640 Tum
1717 1602 1882 1643 senex
1915 1607 1927 1641 :

365 1672 425 1725 Si
463 1671 702 1741 quietem
744 1687 853 1726 non
886 1673 1089 1739 babes,
1124 1690 1297 1744 quare
1348 1675 1629 1745 loqueris?
1682 1676 1793 1733 Sile
1836 1692 1933 1748 po-

2044 482 2277 553 στερῶον
2306 485 2398 537 τὸν
2452 484 2645 553 μέγαν,
2688 486 2777 547 τὸν
2805 488 2956 556 φίλον
2978 487 3071 542 τοῦ
3115 489 3259 544 άὸὗᾶ
3298 491 3609 553 Ἀντωνίου.

2042 575 2139 630 καὶ
2174 573 2326 631 εἶπεν
2358 578 2506 650 αὐτῷ
2530 595 2544 609 ·
2576 582 2734 634 Ποῖον
2768 581 2928 635 καλὸν
2960 581 3120 656 ἔργον
3144 585 3308 647 ἐστὶν,
3343 584 3432 638 ἵνα
3453 586 3613 650 ποή-

2044 684 2160 734 σω;
2196 670 2306 723 Καὶ
2337 665 2489 725 εἶπεν
2523 673 2670 745 αὑτῷ
2697 690 2713 706 ·
2747 677 2863 729 Οὐκ
2892 679 2997 730 εἰσὶ
3046 679 3212 731 πᾶσαι
3252 680 3308 731 αἱ
3354 681 3610 752 ἐργασίαι

2044 757 2191 823 fuat;
2226 761 2259 830 ή
2292 761 2332 812 Γ
2336 762 2482 833 ραφὴ
2510 762 2677 833 λέγει,
2703 766 2784 819 ὅτι
2820 766 3068 838 Ἀϐραὰμ
3098 768 3367 836 φιλόξενος
3392 767 3481 841 ἦν,
3514 772 3609 826 καὶ

2042 850 2069 900 6
2091 849 2223 915 Θεὸς
2254 847 2323 923 ἦν
2360 856 2476 924 μετ’
2505 855 2668 909 αὐτοῦ
2693 874 2707 888 ο
2756 859 2849 910 καὶ
2891 858 3076 923 Ἠλίας
3117 861 3305 931 ἠγάπα
3339 864 3437 933 τὴν
3468 866 3609 933 ήσυ-

2042 941 2185 1011 χίαν,
2213 945 2305 997 καὶ
2335 947 2362 998 6
2387 946 2519 1010 Θεὸς
2548 943 2616 1018 ἦν
2653 951 2766 1018 μετ’
2805 950 2968 1003 αὐτοῦ
2991 969 3004 983 ·
3032 954 3125 1005 καὶ
3164 954 3193 1005 6
3227 954 3390 1007 Δαϐὶδ
3414 972 3610 1007 ταπει-

2042 1032 2130 1096 νὸς
2156 1029 2244 1105 ἦν,
2275 1037 2369 1089 καὶ
2395 1039 2424 1089 6
2452 1038 2582 1102 Θεὸς
2612 1035 2680 1110 ἦν
2713 1042 2830 1109 μετ’
2858 1041 3042 1096 αὑτοῦ.
3072 1044 3137 1095 Ὃ
3156 1039 3249 1096 οὖν
3265 1042 3489 1115 θεωρεῖς
3509 1045 3612 1114 τὴν

2041 1123 2218 1198 ψυχήν
2259 1146 2352 1182 σου
2386 1129 2641 1184 θέλουσαν
2671 1131 2811 1184 κατὰ
2850 1131 3016 1200 Θεὸν,
3045 1130 3202 1187 τοῦτο
3242 1135 3468 1205 ποίησον
3511 1137 3608 1188 καὶ

2044 1218 2320 1294 [φύλαξον]
2351 1223 2449 1294 τὴν
2480 1223 2707 1295 καρδίαν
2740 1240 2855 1279 σου.

2111 1311 2178 1382 γ’.
2226 1314 2282 1367 Ὀ
2309 1313 2482 1378 ἀὸϐἄς
2520 1313 2713 1387 Ἰωσὴφ
2736 1315 2882 1383 λέγει
2902 1313 2981 1385 τῷ
3006 1315 3150 1386 ὰϐϐᾷ
3178 1315 3509 1386 Νισθερώῳ’
3541 1317 3607 1367 Τί

2042 1406 2251 1476 ποιήσω
2278 1409 2344 1476 τῇ
2375 1406 2593 1478 γλώσσῃ
2625 1424 2745 1476 μου,
2772 1408 2854 1461 ὅτι
2877 1408 2937 1461 οὐ
2963 1407 3195 1477 δύναμαι
3218 1409 3485 1479 κρατῆσαι
3509 1410 3611 1460 αὺ-

2041 1498 2174 1568 τῆς;
2223 1498 2336 1552 Kal.
2364 1498 2511 1569 λέγει
2547 1499 2695 1570 αὐτῷ
2738 1501 2767 1552 6
2797 1499 3006 1570 γέρωψ
3053 1499 3178 1552 Ἐὰν
3207 1495 3298 1553 οὖν
3340 1499 3610 1573 λαλήσῃς,

2041 1589 2182 1660 ἔχεις
2222 1589 2563 1657 ἀνάπαυσιν;
2600 1592 2761 1660 Λέγει
2808 1591 2957 1662 αὖτῷ
2982 1609 2995 1623 ·
3040 1592 3193 1662 Οὐχί.
3233 1591 3343 1643 Καὶ
3390 1589 3548 1645 εἶπεν
3578 1594 3613 1646 6

2041 1685 2250 1757 γέρων·
2286 1686 2348 1739 Εἰ
2379 1686 2478 1739 οὐκ
2515 1684 2658 1755 ἔχεις
2694 1686 3019 1749 ἀνάπαυσιν,
3044 1684 3186 1738 διατί
3216 1684 3434 1752 λαλεῖς;
3470 1685 3608 1755 μᾶλ-

363 1760 519 1826 tius;
555 1777 792 1832 cumque
847 1764 1140 1834 contigerit
1188 1765 1521 1836 colloquium
1556 1806 1571 1833 ,
1610 1768 1765 1838 plura
1804 1770 1931 1824 audi

2055 1754 2129 1831 ιον
2159 1777 2337 1830 σιώπα
2360 1794 2374 1807 ο
2410 1778 2503 1830 καὶ
2531 1777 2625 1830 ἐὰν
2654 1777 2833 1848 συμῦᾔ
2860 1776 3067 1848 ὁμιλία,
3090 1777 3258 1830 πολλὰ
3276 1778 3437 1832 ἄκουε
3472 1780 3610 1849 μᾶλ-

364 1867 529 1922 quam
563 1852 738 1909 dicas.

437 1948 492 2000 4.
523 1944 720 2002 Frater
764 1947 901 2003 vidit
956 1950 1205 2005 abbatem
1266 1950 1575 2008 Nisteroum
1633 1962 1935 2023 gestantem

366 2038 478 2092 duo
510 2037 749 2103 colobia,
797 2049 960 2108 atque
992 2042 1065 2094 ita
1094 2041 1456 2111 interrogavit
1501 2058 1624 2097 eum
1657 2062 1670 2096 :
1710 2041 1765 2096 Si
1803 2059 1935 2113 pau-

365 2145 465 2200 per
498 2130 729 2194 venerit,
764 2138 818 2185 et
852 2131 1071 2200 petierit
1099 2148 1130 2186 a
1165 2140 1219 2187 te
1267 2143 1493 2195 vestem,
1556 2151 1849 2204 quamnam
1885 2137 1936 2189 ei

368 2221 604 2276 daturus
640 2237 697 2277 es
719 2222 742 2275 ?
766 2221 1066 2292 Respondit
1092 2244 1108 2277 :
1142 2223 1444 2279 Meliorem.
1475 2226 1704 2295 Excepit
1731 2227 1933 2283 frater:

370 2314 426 2369 Si
456 2313 620 2369 etiam
652 2315 792 2370 alius
827 2316 1080 2385 petierit,
1116 2316 1245 2385 quid
1283 2316 1331 2370 ei
1362 2318 1666 2387 praabebis?
1695 2319 1939 2388 liespon-

370 2422 490 2462 sum
522 2406 686 2463 dedit
713 2422 876 2463 senex
907 2426 921 2462 :
955 2407 1249 2462 Dimidium
1274 2409 1506 2466 alterius
1529 2411 1716 2465 vestis.
1746 2412 1939 2466 Adhuc

373 2500 588 2555 frater:
633 2500 690 2554 Si
739 2502 881 2556 alius
923 2502 1317 2571 postulaverit,
1371 2503 1498 2572 quid
1561 2503 1814 2558 tribues?
1874 2503 1939 2556 Et

371 2607 537 2646 senex
568 2611 581 2645 :
616 2590 899 2656 Scindam,
934 2593 1130 2662 inquit,
1162 2593 1307 2663 quod
1338 2604 1606 2664 superest,
1650 2603 1703 2650 et
1728 2595 1936 2650 tradam

369 2683 656 2737 dimidium
685 2722 700 2746 ,
752 2698 815 2737 ac
864 2686 1079 2754 reliquo
1129 2685 1347 2756 Cingam
1383 2701 1490 2741 me.
1553 2686 1753 2742 Iterum
1806 2688 1934 2742 ille:

372 2772 530 2841 Quod
574 2774 619 2829 si
673 2774 776 2828 hoc
814 2791 1031 2845 quoque
1080 2791 1109 2829 a
1161 2784 1217 2831 te
1259 2777 1533 2847 quispiam
1594 2778 1936 2848 requisierit,

373 2866 507 2937 quid
534 2866 716 2922 facis?
750 2867 885 2921 Tum
923 2885 1117 2923 senex:
1170 2868 1392 2925 Praebeo
1438 2871 1488 2926 ei
1539 2871 1830 2939 reliquum,
1884 2879 1940 2926 et

372 2958 653 3028 profectus
680 2960 878 3014 alicubi
916 2960 1099 3022 sedeo,
1132 2961 1308 3016 donec
1331 2963 1476 3018 Deus
1506 2962 1735 3027 miserit,
1788 2971 1938 3019 texe-

2038 1869 2127 1922 λον
2163 1869 2196 1939 ἢ
2222 1868 2394 1922 λάλει.

2103 1962 2166 2015 δ’.
2210 1959 2459 2029 Ἀδελφὸς
2487 1956 2590 2014 εἶδε
2607 1962 2700 2015 τὸν
2722 1962 2894 2016 ᾶὸϐᾶν
2928 1962 3237 2034 Νισθερῶον
3255 1963 3299 1994 ²³
3331 1962 3603 2035 φοροῦντα

2037 2057 2129 2109 δύο
2182 2055 2399 2109 κολὸὅια
2421 2097 2436 2120 ,
2474 2055 2568 2109 καὶ¹
2605 2054 2957 2127 ἐπηρώτησεν
2997 2057 3155 2110 αὐτὸν
3182 2098 3197 2117 ,
3230 2057 3403 2125 λέγων
3423 2074 3438 2087 ·
3471 2057 3603 2109 Ἐὰν

2039 2150 2255 2220 πτωχὸς
2284 2147 2412 2220 ἔλθῃ
2434 2189 2447 2210 ,
2486 2149 2580 2200 καὶ
2631 2148 2826 2219 αἰτήσῃ
2860 2164 2919 2199 σε
2977 2148 3222 2217 ἱμάτιον,
3255 2151 3403 2200 ποῖον
3448 2147 3605 2208 δίδως

2040 2240 2225 2311 αὐτῷς
2256 2240 2365 2294 Καὶ
2397 2240 2714 2312 ἀποκριθεξ
2746 2238 2866 2317 εἶπε
2889 2257 2901 2270 ο
2944 2238 3018 2291 Τὸ
3050 2239 3282 2293 κάλλιον.
3319 2239 3428 2292 Καὶ
3457 2239 3605 2308 λέγει

2037 2337 2065 2388 6
2096 2332 2321 2403 ἀδελφός
2343 2348 2354 2361 '
2389 2333 2500 2386 Καὶ
2532 2332 2627 2385 ἐὰν
2655 2332 2811 2396 ἄλλος
2859 2333 3058 2405 αἰτήσῃ
3111 2349 3169 2385 σε
3191 2371 3207 2397 ,
3245 2332 3299 2384 τί
3342 2332 3604 2403 παρέχεις

2039 2426 2219 2498 αὑτῷ;
2248 2427 2341 2479 καὶ⁵
2362 2424 2506 2493 λέγει
2538 2425 2567 2476 ὁ
2597 2423 2774 2495 γέρων
2793 2441 2806 2454 ·
2849 2423 2923 2476 Τὸ
2961 2425 3128 2494 ἣμισυ
3157 2423 3249 2477 τοῦ
3280 2423 3458 2477 ἄλλου.
3495 2426 3605 2476 Καὶ

2040 2520 2184 2588 λέγει
2214 2513 2256 2573 δ’
2271 2518 2530 2587 ἁδελφόςο
2561 2518 2669 2569 Καὶ
2698 2516 2792 2569 ἐὰν
2825 2515 2981 2579 ἄλλος
3023 2518 3222 2586 αἰτήσῃ
3254 2533 3341 2571 σε.
3370 2516 3422 2568 τί
3450 2516 3609 2576 δίδως

2040 2610 2220 2682 αὐτῷς
2264 2613 2321 2665 '0
2355 2611 2410 2664 δὲ
2445 2611 2547 2682 ἔφη
2570 2629 2583 2641 ’
2617 2611 2817 2665 Κόπτω
2840 2612 2931 2665 καὶ
2961 2610 3023 2663 τὸ
3047 2609 3255 2671 λοιπὸν,
3292 2607 3385 2660 καὶ
3414 2607 3610 2675 δίδωμι

2040 2704 2188 2775 αὐτῷ
2212 2704 2271 2758 τὸ
2303 2705 2472 2775 ἥμισυ
2502 2743 2518 2766 ,
2549 2705 2641 2757 καὶ⁸
2672 2704 2732 2757 τὸ
2767 2704 2951 2757 λοιπὸν
2977 2700 3269 2772 ζώννυμαι.
3304 2699 3409 2752 Καὶ
3446 2698 3611 2751 παλιν

2038 2800 2218 2867 λέγει’
2249 2798 2314 2851 Ei
2347 2798 2405 2851 δὲ
2452 2797 2731 2851 καὶτοῦτο
2783 2796 2990 2868 ζητήσῃ
3038 2812 3123 2858 τις
3172 2792 3322 2864 παρὰ
3371 2792 3502 2853 σοῦ,
3555 2792 3611 2843 τί

2040 2896 2250 2959 ποιεῖς;
2297 2892 2459 2960 Λέγει
2512 2894 2540 2945 6
2576 2891 2784 2962 γέρὼν.·
2834 2889 3067 2960 Παρέχω
3101 2886 3248 2957 αὑτῷ
3292 2886 3352 2938 τὸ
3398 2884 3609 2947 λοιπὸν,

2040 2984 2133 3037 καὶ
2160 2983 2442 3053 πορευθεὶς
2473 2981 2715 3053 κάθημαι
2747 2983 2826 3044 είς
2857 2981 2954 3033 ἕνα
2976 2980 3157 3041 τόπον,
3185 2978 3289 3041 ἕως
3318 2970 3379 3030 οὗ
3407 2979 3435 3030 6
3472 2976 3613 3037 Θεὸς

372 3051 554 3121 ritque
584 3065 713 3120 me;
755 3067 862 3106 non
893 3054 1038 3107 enim
1068 3068 1261 3122 quaero
1305 3054 1374 3110 ab
1419 3054 1528 3108 alio
1559 3070 1859 3126 quoquam.
1891 3055 1894 3058 ’

2055 3051 2242 3150 πέμψῃ-
2268 3076 2363 3129 καὶ
2412 3051 2658 3146 σκεπάσῂ
2694 3091 2761 3147 με
2788 3091 2801 3104 ·
2838 3072 2898 3126 οὐ
2954 3071 3100 3141 ζητῶ
3135 3069 3242 3141 γὰρ
3291 3069 3418 3141 παρ’
3447 3066 3617 3122 ἄλλον

440 3230 493 3285 5.
523 3230 669 3285 Dixit
700 3231 869 3288 abbas
896 3231 1182 3290 Nisterous
1209 3253 1222 3288 :
1255 3233 1460 3291 Debent
1502 3238 1751 3291 monachi
1790 3255 1925 3308 quo-

383 3322 537 3388 tidie,
570 3339 730 3380 mane
753 3335 806 3380 et
844 3328 1078 3397 vesperi,
1108 3338 1363 3400 reputare
1393 3349 1404 3382 :
1432 3330 1571 3397 Quid
1599 3344 1788 3384 eorum
1820 3348 1940 3399 qua:

372 3414 495 3466 vult
525 3413 692 3481 Deus,
722 3415 996 3475 fecimus?
1030 3427 1084 3474 et
1108 3420 1241 3486 quid
1273 3438 1461 3477 eorum
1498 3435 1617 3492 qua
1654 3440 1763 3479 non
1822 3426 1942 3495 pia-

372 3508 501 3556 cent
531 3503 604 3567 ei,
642 3520 749 3559 non
780 3510 1131 3579 peregimus?
1158 3521 1319 3582 atque
1346 3513 1416 3565 ita
1454 3516 1692 3568 tractare
1724 3513 1943 3569 univer-

374 3608 490 3647 sam
526 3594 695 3669 yitam
756 3612 934 3652 suam.
988 3598 1104 3656 Hoc
1150 3602 1298 3657 enim
1356 3603 1516 3659 modo
1586 3605 1721 3659 vixit
1775 3605 1945 3663 abbas

373 3684 663 3743 Arsenius.
717 3686 888 3745 Stude
939 3698 1001 3745 ut
1066 3691 1299 3762 singulis
1354 3680 1548 3748 die'bus
1596 3711 1780 3749 coram
1835 3695 1945 3751 Deo

374 3785 523 3834 astes
549 3779 669 3835 sine
694 3793 940 3850 peccato.
975 3782 1067 3838 Sic
1093 3784 1263 3839 Deum
1303 3772 1569 3857 precare,
1593 3797 1651 3842 ut
1707 3804 1947 3858 praesens

373 3882 727 3941 praesentem.
758 3872 969 3930 Revera
998 3877 1150 3932 enim
1184 3877 1360 3935 adest.
1396 3878 1475 3934 Ne
1504 3881 1599 3935 tibi
1632 3880 1777 3952 leges
1806 3897 1948 3951 prae-

375 3963 688 4034 seripseris.
718 3964 913 4022 Judica
946 3969 1245 4027 neminem.
1296 3971 1548 4029 Alienum
1603 3988 1634 4026 a
1664 3974 1931 4029 monacho

377 4066 482 4122 est,
519 4056 731 4125 iurare,
781 4057 1051 4126 peierare,
1106 4060 1345 4124 mentiri,
1395 4062 1709 4132 imprecari,
1767 4063 1948 4121 facere

378 4148 792 4223 contumeliam,
848 4149 1047 4205 ridere.
1102 4149 1209 4216 Qui
1277 4167 1407 4206 vero
1477 4169 1641 4224 supra
1693 4156 1945 4210 meritum

378 4243 686 4295 honoratur
718 4242 801 4297 vel
832 4242 1079 4307 etl‘ertur,
1114 4246 1294 4300 multo
1320 4245 1557 4301 allicitur
1584 4249 1806 4303 damno.

716 4357 793 4413 De
822 4358 1009 4413 abbate
1040 4358 1290 4416 Nisteroo
1324 4363 1600 4418 cwnobita.

449 4472 502 4523 1.
529 4467 815 4525 Relatione
855 4469 1067 4525 abbatis
1099 4469 1373 4527 Pmmenis
1410 4473 1477 4529 de
1524 4474 1718 4529 abbate
1749 4473 1947 4530 Niste-

375 4576 478 4617 r00
551 4562 887 4625 didicimus,
968 4563 1108 4633 quod
1184 4564 1641 4632 quemadmodum
1726 4582 1950 4636 serpens

376 4666 588 4717 aeneus,
623 4660 785 4722 quem
818 4651 1108 4707 fabricavit
1152 4650 1408 4709 Mosesin
1439 4657 1622 4727 populi
1656 4659 1941 4721 medelam,

378 4742 454 4794 ita
489 4751 615 4797 erat
662 4758 866 4806 senex,
906 4758 1121 4799 omnem
1154 4745 1262 4798 vim
1320 4746 1603 4812 obtinens,
1666 4758 1720 4803 et
1783 4751 1951 4805 silens

377 4833 701 4889 medebatur
733 4837 975 4892 cunctis.

447 4921 503 4977 2.
545 4923 655 4994 (6.5)
683 4923 1058 4996 interrogatus
1085 4926 1255 4983 abbas
1308 4926 1605 4987 Nisterous
1636 4930 1706 4986 ab
1751 4932 1946 4990 abbate

2042 3168 2208 3231 τινός.

2115 3267 2175 3315 ε’.
2207 3254 2371 3312 Εἶπεν
2396 3260 2424 3312 6
2452 3257 2625 3322 ἁϐὁᾶς
2642 3256 3027 3329 Νισθερῶοςη,
3050 3256 3132 3310 ὃτι
3156 3255 3359 3323 ὀφείλει
3386 3255 3414 3305 6
3440 3268 3611 3322 μονα-

2045 3352 2137 3424 χὸς
2168 3351 2287 3405 καθ’
2319 3350 2555 3422 ἑσπέραν
2603 3350 2696 3403 καὶ
2729 3349 2940 3420 πρωῖας
2981 3347 3138 3416 λόγον
3165 3349 3352 3407 ποιεῖι,
3432 3344 3497 3395 Τί
3534 3337 3613 3396 ὧν

2046 3444 2187 3497 θέλει
2221 3446 2249 3497 6
2292 3443 2424 3507 Θεὸς
2473 3443 2839 3513 ἐποιήσαμεν,
2872 3442 2965 3493 καὶ
3011 3440 3064 3493 τί
3112 3432 3187 3492 ὧν
3238 3437 3299 3491 οὐ
3333 3435 3479 3488 θέλει
3507 3435 3614 3487 οὐκ

2047 3538 2412 3609 ὲποιήσαμεν;
2441 3536 2535 3589 καὶ
2561 3534 2731 3597 οὕτως
2772 3532 3161 3605 τρακτεύοντες
3192 3531 3236 3562 ’⁸
3269 3531 3490 3589 ἑαυτῶν,
3510 3528 3615 3597 τὴν

2048 3632 2227 3685 πᾶσαν
2253 3629 2417 3701 ζωήν.
2449 3627 2633 3690 Οὕτως
2662 3626 2768 3698 γὰρ
2812 3626 3005 3697 ἔζησεν
3041 3627 3069 3678 6
3099 3623 3272 3686 6:665;
3312 3620 3612 3692 Ἀρσένιος.

2048 3721 2319 3786 Σπούδαζε
2344 3721 2579 3791 ἑκάστην
2604 3718 2812 3789 ἡμέραν
2846 3715 3181 3786 παρεστάναι
3207 3712 3284 3783 τῷ
3299 3703 3418 3781 Θεῷ
3444 3712 3619 3782 χωρὶς

2050 3813 2342 3884 ἁμαρτίας.
2375 3810 2532 3865 Οὕτω
2557 3808 2856 3883 προσεύχου
2891 3807 2966 3879 τῷ
2986 3805 3102 3876 Θεῷ
3121 3847 3134 3870 ,
3162 3805 3237 3868 ὡς
3264 3801 3451 3874 παρὼν
3475 3820 3619 3871 παρ-ο

2049 3906 2162 3960 όντι
2190 3921 2203 3935 ο
2272 3905 2367 3958 καὶ
2409 3904 2518 3974 γὰρ
2545 3903 2761 3974 ἀληθῶς
2789 3900 3036 3973 πάρεστι.
3065 3899 3155 3969 Μὴ
3182 3896 3457 3969 νομοθέτει
3489 3896 3617 3947 ἑαυ-

2048 3999 2177 4052 τόν’
2215 4000 2367 4071 κρῖνε
2415 3997 2472 4049 δὲ
2514 3995 2737 4066 μηδένα.
2788 3991 3035 4062 Μοναχοῦ
3075 3989 3348 4061 ἀλλότριον
3381 3987 3617 4057 ὑπάρχει

2048 4092 2109 4145 τὸ
2133 4091 2374 4162 ὀμνύειν,
2407 4089 2704 4159 ἐπιορκεῖν,
2733 4084 3045 4154 ψεύδεσθαι,
3073 4080 3432 4153 καταρᾶσθαι,
3469 4079 3621 4148 ὑδρί-

2051 4184 2201 4248 ζειν,
2248 4181 2430 4252 γελᾷν.
2475 4180 2532 4232 ὐ
2581 4178 2637 4231 δὲ
2686 4176 2845 4259 πλέον
2895 4176 2994 4244 τῆς
3046 4173 3201 4238 ἀξίας
3239 4171 3549 4242 τιμώμενος
3584 4169 3618 4238 ἦ

2051 4271 2525 4346 ὲπαιρούμενος²⁶,
2553 4270 2686 4323 πολὺ
2717 4266 3023 4339 ζημιοῦται.

2296 4364 2435 4432 Περὶ
2466 4363 2571 4417 τοῦ
2597 4362 2668 4415 ἐν
2703 4359 2974 4424 κοινοϐίῳ
3008 4352 3369 4423 Νισθερώου.

2118 4484 2188 4534 α’.
2221 4475 2444 4543 Ἔλεγεν
2478 4476 2505 4526 6
2528 4472 2701 4535 ἀΰϐἄς
2734 4469 2943 4542 Ποιμὴν
2978 4468 3220 4540 περὶτοῦ
3247 4465 3391 4518 ἁῦϐᾶ
3418 4464 3619 4517 Νισθε-

2054 4571 2211 4644 ρώου,
2240 4571 2321 4624 ὅτι
2343 4567 2531 4637 ὥσπερ
2558 4567 2585 4619 ὁ
2605 4565 2726 4633 ὄφις
2753 4566 2782 4617 6
2810 4562 3041 4633 χαλκοῦς
3064 4560 3121 4614 ὃν
3147 4558 3366 4628 ἐποίησε
3381 4555 3624 4624 Μωῦσῆς

2048 4668 2129 4727 είς
2155 4661 2447 4733 θεραπείαν
2488 4657 2583 4712 τοῦ
2618 4654 2747 4710 λαοῦ
2772 4697 2788 4720 ,
2815 4653 2987 4716 οὕτως
3034 4647 3101 4722 ἦν
3129 4649 3158 4701 6
3192 4648 3370 4718 γέρων
3393 4685 3409 4710 ,
3436 4649 3625 4701 πᾶσαν

2057 4755 2254 4827 ἀρετὴν
2282 4753 2441 4824 ἔχων,
2476 4752 2570 4806 καὶ
2600 4747 2819 4803 σιωπῶν
2854 4746 3062 4807 πάντας
3094 4742 3446 4813 ἐθεράπευεν.

2126 4936 2190 5007 β’.
2237 4932 2563 5011 Ἐρωτηθεὶς
2591 4929 2704 5003 (65)
2745 4930 2803 4983 δὲ
2846 4930 2875 4981 6
2922 4924 3094 4990 6665.;
3122 4920 3434 4992 Νισθερῶος
3474 4918 3629 4987 παρὰ

450 5080 497 5111 ³³
524 5080 611 5134 Ai.
641 5081 915 5154 Νισθερῶ.
991 5083 1039 5115 ἰ
1073 5085 1157 5139 Al.
1188 5084 1486 5161 Νισθερῶν.
1576 5087 1622 5119 ’⁸
1668 5091 1756 5147 ΑΙ.
1794 5044 2138 5164 τρακτεύειν.
2216 5090 2262 5123 ³⁸
2288 5089 2376 5143 Al.
2405 5085 2815 5155 ἐπαινούμενος.

452 5235 571 5308 (64)
611 5237 717 5293 Vit.
747 5238 903 5293 Patr.
936 5257 1027 5306 xv,
1058 5243 1164 5309 50;
1193 5259 1324 5305 XLII,
1357 5245 1410 5298 5.

453 5310 595 5390 (65);
615 5310 1019 5390 Ἐρωτηθείς..
1049 5315 1344 5390 Apponam
1396 5315 1483 5390 hic
1539 5325 1710 5373 totum
1737 5326 1952 5390 _eaput,

380 5379 781 5453 prout__iegitu_r
808 5380 863 5433 in
889 5379 1113 5437 duobus
1137 5379 1538 5453 exemplaribus
1563 5404 1696 5442 mss.
1724 5379 1950 5443 Coiberé

2062 5248 2163 5301 οὐκ
2191 5245 2497 5301 ἀπέστειλε.
2522 5244 2701 5317 ᾼΜετᾲ
2733 5240 2789 5293 δὲ
2826 5238 3012 5317 ὀλίγας
3038 5236 3268 5317 ἡμέρας,
3290 5236 3318 5289 6
3347 5234 3629 5317 οἰκονομος

2061 5317 2155 5370 τοῦ
2181 5316 2447 5370 κοινοδίου
2468 5356 2482 5379 ,
2517 5313 2655 5384 ἔχων
2671 5304 2949 5384 λογισμὸν,
2969 5304 3304 5384 παρεκάλεσε
3335 5305 3428 5384 τὸν
3456 5304 3627 5384 ἁᾷὸἄν

2060 5386 2225 5441 αὑτοῦ
2281 5374 2579 5440 dra-omam."
2605 5374 2768 5435 αὑτὸν
2820 5374 2953 5445 πρὸς
3000 5374 3091 5430 τὸν
3128 5376 3299 5429 ἀΰῦᾶν
3347 5374 3624 5445 Ποιμένα,

378 5442 508 5527 tina?
543 5442 926 5527 Bibliot‘ltfgagt
964 5442 1573 5527 simulqueiveljsionem
1602 5442 1849 5527 Pelagii:
1871 5460 1939 5511 Τὰ

2055 5457 2227 5525 λέγων
2282 5457 2515 5527 ἐξειπεῖν
2558 5452 2705 5527 αὐτῷ
2733 5442 3093 5527 τουςξέαυτοῦ
3128 5442 3466 5527 λογισμούς.⁷
3490 5445 3547 5498 ’0

377 5522 510 5598 περὶ
529 5521 650 5598 μτοῦ
693 5520 838 5598 ἁῦϐᾷ
877 5520 1190 5598 Νισθερώου
1219 5525 1445 5598 ,ἀκούων
1478 5530 1506 5580 6
1542 5520 1952 5598 ἁὸϐἄςἨοιμὴν

378 5591 749 5667 καᾼθεςρμενος
776 5594 868 5667 είςᾼ
886 5591 1171 5667 κοινρθιον,
1211 5595 1558 5667 ἐπεθύμησεν
1597 5591 1760 5652 αὐτὸν
1802 5591 1950 5651 ἰδεῖν*

378 5664 474 5749 καὶ
498 5661 758 5750 υὲδήλῖωῇςξε
799 5662 900 5750 τῷῆ
916 5663 1061 5750 ἀθθᾷ
1108 5666 1295 5750 αὐτου,
1342 5661 1770 5750 ἵναᾲάποστείλῃ
1796 5668 1956 5750 αὑτὸν
2058 5667 2126 5750 Qa

379 5733 555 5803 αὐτῷ.
601 5733 659 5787 Ὀ
678 5733 736 5787 δὲ
772 5735 848 5806 μή
873 5733 1188 5806 βουλόμενος
1230 5739 1550 5792 ἀποστεῖλαι
1577 5733 1954 5810 αὑτὸν”μόνον,

2056 5515 2531 5589 ἀτέέλυσενάὺτὸν,
2568 5515 2740 5594 εἰπών
2765 5537 2782 5594 ί
2807 5519 2953 5594 Λᾴὸε
2980 5518 3075 5571 καὶ
3109 5515 3200 5594 τὸν
3230 5515 3459 5594 ᾁδελφὸν
3490 5520 3630 5594 μετα

2060 5597 2173 5662 σοῦ,
2226 5598 2317 5667 ὅτι
2343 5585 2580 5667 ἐδήλωσέ
2631 5610 2719 5667 μοι
2761 5590 2998 5667 ὁκγέρων
3028 5587 3155 5667 περὶ
3184 5585 3377 5667 αξτοῦο
3424 5586 3521 5667 διαὶ
3556 5585 3629 5667 μή

2167 5654 2277 5738 ρῶν
2299 5654 2751 5738 ἀπολῦσαι-αὺτὸν
2780 5654 2959 5738 μόνον,
2989 5654 3395 5738 apud-restem.
3444 5656 3539 5738 Ὠς

2059 5686 2126 5720 ua
2167 5686 2277 5738 ρων
2299 5686 2566 5718 απολυσαι
2590 5686 2751 5716 αυτον
2780 5686 2959 5731 μυνυν,
2989 5686 3090 5709 aur.
3128 5686 3395 5737 υιιιιλγυυι.
3460 5686 3530 5717 ως
3571 5686 3628 5732 γε

2055 5686 2186 5809 ﬂigi:
2223 5736 2360 5808 πρὸς
2390 5736 2482 5791 τὸν
2516 5733 2744 5807 γέροντα
2782 5732 2812 5783 6
2856 5728 3155 5797 οἰκονόμος,
3193 5726 3452 5797 ὲλαλησεν
3480 5724 3633 5792 αὐτῳ
