3874 6302
398 254 495 311 3H

920 367 992 421 De
1030 367 1216 421 abbate
1258 365 1446 421 Netra.

466 482 576 552 (66)
616 479 986 536 Narraverunt
1025 482 1092 536 de
1135 481 1332 536 abbate
1368 478 1532 536 Netra
1570 481 1841 553 discipulo
1875 484 1969 539 ab-
2021 547 2027 553 ν

397 577 538 631 batis
572 574 803 639 Silvani,
835 574 978 643 quod
1013 572 1233 643 quando
1264 573 1321 627 in
1353 573 1489 628 cella
1521 590 1621 631 sua
1657 577 1880 632 sedebat
1912 579 1967 630 in

398 675 582 722 nionte
612 665 765 729 Sina,
798 665 1076 719 moderate
1102 665 1347 735 seipsum
1377 665 1599 734 regebat
1626 666 1692 719 ad
1721 668 1968 737 corporis

399 760 800 815 necessitatem.
839 758 1134 827 Postquam
1168 773 1298 813 vero
1339 757 1518 814 factus
1555 768 1639 814 est
1676 761 1964 831 episcOpus

397 854 450 906 in
491 844 735 914 Pharan,
772 851 1002 903 multum
1042 865 1100 905 se
1136 850 1428 906 austeriori
1463 850 1574 905 vita
1611 854 1963 907 constrinxit.

395 943 658 1008 Quocirca
688 942 823 996 dicit
853 942 900 996 ei
932 942 1235 1012 discipulus
1261 943 1382 1013 eius
1411 961 1423 996 :
1454 943 1630 1008 Abba,
1663 959 1786 999 cum
1816 961 1967 1001 esse-

395 1053 515 1091 nulls
550 1037 602 1089 in
636 1050 848 1098 eremo,
880 1050 988 1088 non
1028 1035 1164 1090 adeo
1201 1037 1433 1092 ascetice
1467 1035 1708 1091 vivebas.
1740 1038 1967 1107 Excepit

394 1144 560 1181 senex
598 1145 611 1180 :
649 1126 763 1181 lllic
796 1125 1033 1181 solitudo
1066 1133 1217 1192 erat,
1250 1126 1437 1196 quies,
1479 1126 1759 1182 silentium
1782 1166 1797 1191 ,
1830 1142 1967 1197 pau-

396 1226 613 1287 portas;
653 1216 1009 1287 placebatque
1045 1216 1318 1272 moderari
1351 1231 1585 1287 corpus,
1619 1234 1688 1273 ne
1723 1218 1778 1272 in
1816 1218 1968 1272 inﬁr-

395 1311 635 1363 mitatem
678 1307 996 1371 inciderem,
1032 1316 1086 1364 et
1124 1325 1346 1379 cogerer
1377 1325 1623 1379 quaerere
1660 1326 1725 1367 ea
1766 1311 1967 1381 quibus

392 1401 666 1458 carebam.
697 1398 854 1454 Nunc
882 1417 1010 1455 vero
1043 1400 1197 1456 adest
1230 1401 1489 1467 mundus,
1523 1404 1843 1458 occasiones
1873 1403 1969 1457 ad-

391 1500 553 1556 sunt;
590 1492 737 1561 quod
782 1492 829 1546 si
872 1493 962 1546 hic
1006 1501 1369 1563 :egrotavero,
1411 1502 1497 1549 est
1540 1494 1635 1565 qui
1680 1503 1967 1551 succurrat

390 1583 548 1646 mihi,
585 1599 654 1638 ne
681 1584 934 1638 monachi
970 1584 1309 1654 propositum
1343 1585 1609 1641 amittam.

909 1696 981 1749 De
1020 1696 1207 1749 abbate
1245 1694 1456 1750 Niceta.

460 1812 665 1866 Rettulit
699 1810 871 1865 abbas
906 1808 1095 1863 Niceta
1129 1810 1197 1863 de
1230 1809 1446 1865 duobus
1482 1808 1774 1874 fratribus,
1812 1810 1962 1879 quod

390 1904 749 1958 ronvenerint
777 1901 960 1971 cupidi
990 1902 1154 1955 simul
1186 1902 1453 1956 habitare.
1480 1901 1750 1973 Cogitavit
1780 1911 1961 1956 autem

390 1994 532 2061 apud
567 2010 626 2049 se
661 2010 803 2049 unus
836 2012 849 2047 :
885 1992 941 2046 Si
976 1993 1105 2062 quid
1146 1992 1415 2060 placuerit
1451 1991 1605 2046 fratri
1644 2008 1794 2056 meo,
1829 1993 1961 2046 illud

387 2086 604 2141 faciam.
634 2083 760 2139 Pari
790 2083 954 2140 modo
986 2084 1257 2154 reputavit
1287 2084 1448 2151 alter,
1479 2101 1538 2141 se
1569 2091 1959 2140 exsecuturum

387 2180 575 2235 fratris
617 2180 702 2235 sui
745 2178 1109 2235 voluntatem.
1154 2175 1426 2232 Vixerunt
1469 2193 1602 2248 ergo
1643 2178 1713 2232 ad
1759 2180 1961 2234 multos

386 2286 561 2327 annos
589 2287 716 2326 cum
750 2271 954 2341 ingenti
990 2269 1280 2325 cbaritate.
1315 2267 1473 2336 Quod
1504 2271 1739 2326 intuitus
1773 2272 1959 2326 inimi-

383 2378 502 2431 cus,
535 2364 774 2435 perrexit
808 2372 867 2418 ut
902 2379 997 2418 eos
1030 2363 1096 2417 ad
1128 2362 1418 2418 dissidium
1451 2365 1819 2434 compelleret.
1851 2365 1961 2435 lgi-

385 2470 475 2512 tur
488 2460 766 2513 collocaris
787 2472 845 2512 se
869 2457 923 2510 in
943 2456 1235 2518 vestibulo,
1260 2455 1351 2509 uni
1377 2457 1676 2525 apparebat
1700 2456 1755 2510 in
1781 2455 1959 2512 forma

382 2553 671 2613 columbae,
705 2550 861 2605 alteri
899 2551 1072 2606 inStar
1102 2548 1362 2603 cornicis.
1395 2547 1536 2603 Dicit
1572 2565 1714 2605 unus
1749 2569 1763 2604 :
1794 2549 1959 2605 Vides

384 2643 692 2698 columbam
728 2641 908 2697 hanc?
944 2641 1032 2694 Ait
1067 2641 1205 2695 alter
1244 2660 1257 2693 :
1297 2639 1502 2694 Cornix
1535 2647 1640 2694 est.
1675 2640 1742 2694 Et
1777 2657 1961 2712 coepe-

385 2743 512 2790 runt
537 2735 721 2791 verbis
750 2734 1150 2804 alterutrinque
1178 2733 1530 2788 contendere.
1567 2732 1790 2788 Necnon
1822 2752 1959 2789 con-

383 2839 690 2899 8urgentes.
719 2827 1117 2882 committenunt
1145 2841 1384 2896 pugnam
1413 2826 1479 2880 ad
1510 2828 1832 2898 sanguinem
1868 2844 1955 2883 asc

382 2938 508 2993 que,
536 2922 591 2976 in
622 2935 897 2977 summum
931 2920 1106 2975 hostis
1133 2919 1393 2990 gaudium
1424 2937 1439 2972 :
1470 2932 1634 2989 atque
1663 2921 1957 2991 separatim

382 3022 750 3071 recesserunt.
776 3012 906 3068 Post
941 3022 1051 3068 tres
1079 3028 1205 3067 vero
1232 3012 1350 3068 dies
1376 3013 1725 3082 resipuernnt
1756 3053 1771 3078 ,
1799 3014 1864 3068 ad
1897 3029 1957 3069 se

1567 250 1909 307 APPENDIX
1942 254 2032 308 AD
2070 254 2488 312 PALLADIUM.

3530 262 3655 319 5|!

2494 374 2628 441 Περὶ
2676 374 2781 429 τοῦ
2819 374 2967 430 ἀὸϐᾰ
2999 376 3207 445 Νετρᾶ.

2137 485 2470 555 Διηγήσαντο
2508 486 2637 556 περὶ
2666 486 2760 539 τοῦ
2795 488 2940 542 ἀόϐᾶ
2978 489 3161 560 Νετρᾶ
3187 490 3232 521 ³⁸
3267 491 3509 561 μαθητοῦ
3543 490 3646 546 τοῦ

2067 574 2211 628 ἁσδᾶ
2243 573 2549 639 Σιλουανοῦ,
2574 577 2656 629 ὅτι
2684 576 2774 630 ὅτε
2806 578 3041 650 ἐκάθητο
3072 582 3152 644 εἰς
3182 582 3244 635 τὸ
3283 582 3493 636 κελλίον
3538 584 3648 637 αῖ.-

2066 666 2161 719 τοῦ
2194 668 2252 720 ἐν
2275 665 2354 737 τῷ
2384 665 2501 738 ὄρει
2527 666 2606 738 τῷ
2643 669 2791 739 Σινᾷ,
2835 671 3164 743 συμμέτρως
3192 674 3411 728 ἐδιοίκει
3446 677 3647 731 ἑαυτὸν

2067 757 2204 827 πρὸς
2236 758 2333 827 τήν
2363 758 2549 830 χρείαν
2576 758 2669 812 τοῦ
2716 762 2967 831 σώματος
2987 777 3001 791 ⁸
3033 764 3122 816 ὅτε
3161 764 3218 817 δὲ
3258 766 3473 833 ἐγένετο
3519 769 3645 821 ἐπξο

2070 865 2271 912 σκοπος
2303 851 2383 914 εις
2413 850 2617 922 Φαράν,
2659 853 2831 907 πολλὰ
2861 853 3118 923 ἔσφιγγεν
3148 857 3337 911 ἑαυτὸν
3362 860 3441 922 εἰς
3474 861 3643 930 σκληο

2072 939 2365 1009 ραγωγιαν.
2395 941 2504 993 Kal.
2540 940 2687 1009 λέγει
2706 942 2855 1013 αὐτῷ
2888 944 2917 995 6
2950 944 3193 1015 μαθητὴς
3216 946 3401 1000 αὐτοῦ⁸
3448 948 3643 1012 ’Δ66ἄ,

2067 1030 2157 1082 ὅτε
2205 1030 2383 1101 ἥμεθα
2418 1032 2497 1095 εἰς
2536 1032 2636 1103 τὴν
2685 1032 2911 1104 ἐρημον,
2938 1036 3039 1088 οὐκ
3068 1036 3257 1106 ήσκεις
3287 1036 3480 1101 οὕτως.
3524 1041 3643 1092 Καὶ

2067 1120 2213 1189 λέγει
2249 1121 2398 1193 αὑτῷ
2430 1125 2460 1176 6
2490 1124 2667 1195 γέρων
2687 1141 2700 1154 ⁸
2750 1125 2897 1178 Ἐκεῖ
2923 1125 3126 1198 ἔρημος
3168 1123 3256 1199 ἦν,
3287 1130 3383 1183 καὶ
3414 1131 3639 1200 ἡσυχία,

2068 1213 2163 1265 καὶ
2209 1214 2472 1284 πτωχεία.
2517 1216 2611 1269 καὶ
2648 1215 2835 1287 ἤθελον
2869 1217 3197 1288 κυϐερνῆσαι
3241 1220 3305 1272 τὸ
3339 1220 3516 1291 σῶμα,
3550 1223 3642 1274 ῖνα

2071 1305 2145 1375 μή
2197 1303 2497 1375 άσθενήσω,
2557 1308 2652 1360 καὶ
2698 1307 2916 1379 ζητήσω
2964 1309 3001 1363 ἃ
3050 1311 3153 1363 οὐκ
3222 1307 3385 1380 εἶχον.
3429 1313 3544 1365 Νῦν
3581 1314 3641 1366 δὲ

2069 1395 2454 1466 κόσμος-ἐστὶ,
2494 1398 2589 1451 καὶ
2622 1399 2867 1469 ἀφορμαί
2905 1401 3071 1453 εἰσιν·
3113 1401 3208 1454 ἐὰν
3244 1402 3301 1455 δὲ
3353 1404 3445 1456 καὶ
3479 1404 3642 1457 ἀσθε-

2066 1490 2215 1558 νήσω
2255 1482 2380 1552 ὧδε,
2428 1488 2575 1542 ἐστιν
2602 1493 2630 1544 6
2662 1490 3192 1563 ἀντιλαμϐανόμενός
3240 1510 3376 1563 μου,
3425 1494 3514 1547 ἵνα
3562 1513 3577 1565 ι
3612 1498 3648 1572 ἢ

2070 1577 2320 1631 ἀπολέσω
2351 1579 2441 1632 τὸν
2474 1578 2726 1649 μοναχόν.

2478 1691 2619 1759 Περὶ
2650 1691 2758 1746 τοῦ
2791 1691 2941 1748 ἀϐΰᾶ
2981 1693 3227 1760 Νικήτα.

2147 1803 2369 1872 Ἔλεγεν
2395 1804 2423 1855 6
2452 1804 2623 1867 ἆὸϐἄς
2647 1806 2891 1876 Νικήτας
2927 1824 2989 1859 πε
3000 1806 3049 1876 pl
3074 1824 3232 1860 τινων
3260 1806 3502 1875 ἀδελφῶν
3526 1806 3646 1870 δύο,

2069 1895 2149 1947 ὅτι
2198 1894 2455 1966 συνῆλθον
2497 1894 2740 1961 θέλοντες
2781 1897 3000 1966 οἰκῆσαι
3038 1897 3192 1968 ὁμοῦ.
3228 1898 3539 1967 Ἑλογίσατο
3586 1898 3648 1951 δὲ

2069 1991 2097 2043 6
2127 1983 2207 2054 εἷς
2235 1991 2293 2043 ἐν
2320 1989 2519 2061 ἐαυτῷ,
2544 1992 2625 2045 ὅτι
2658 1992 2726 2045 Et
2752 2010 2803 2046 τι
2839 1991 2981 2046 θέλει
3005 1995 3033 2047 6
3059 1994 3282 2062 ἀδελφός
3317 2012 3441 2065 μου,
3466 1996 3657 2065 ἐκεῖνο¹

2068 2083 2224 2137 ποιῶ.
2270 2083 2500 2155 Ὁμοίως
2533 2084 2625 2138 καὶ
2665 2086 2693 2138 6
2738 2085 2922 2158 ἐτερος
2958 2086 3257 2154 ἐλογίσατο,
3304 2088 3387 2139 ὅτι
3434 2087 3509 2139 Τὸ
3555 2086 3650 2139 θέ-

2066 2175 2217 2248 λημα
2243 2173 2338 2229 τοῦ
2373 2175 2605 2245 ἀδελφοῦ
2652 2194 2752 2247 μου
2782 2179 3009 2248 ποιήσω.
3042 2180 3150 2232 Καὶ
3177 2176 3372 2249 ἔζησαν
3410 2179 3503 2231 ἐπὶ
3546 2178 3647 2248 ἐτη

2068 2268 2238 2323 πολλὰ
2296 2269 2433 2340 μετὰ
2489 2271 2691 2341 πολλῆς
2741 2271 2981 2341 ἀγάπης.
3032 2271 3177 2325 ἰδὼν
3225 2271 3282 2324 δὲ
3330 2273 3359 2325 6
3419 2272 3647 2343 ἐχθρὸς,

2067 2360 2274 2430 ἀπῆλθε
2318 2361 2486 2416 θέλων
2529 2362 2762 2435 χωρίσαι
2804 2362 3033 2427 αὐτούς⁸
3075 2364 3168 2417 καὶ
3207 2363 3420 2427 σταθεὶς
3456 2365 3538 2427 εἰς
3582 2363 3650 2416 τὸ

2067 2450 2352 2523 πρόθυρον,
2398 2452 2647 2522 ἐφαίνετο
2687 2450 2765 2522 τῷ
2797 2452 2876 2505 ἐνὶ
2909 2452 3041 2506 ὡσεὶ
3091 2452 3407 2524 περιστερὰ,
3438 2453 3533 2505 καὶ
3564 2451 3648 2523 τῷ

2067 2542 2239 2613 ἐτέρῳ
2275 2541 2408 2596 ὡσεὶ
2436 2542 2674 2615 κορώνη.
2716 2543 2878 2612 Λέγει
2904 2545 2934 2597 6
2970 2538 3049 2607 εἷς
3071 2561 3084 2575 ⁸
3120 2544 3347 2609 Βλέπεις
3385 2545 3448 2597 τὸ
3485 2561 3651 2615 περι-

2071 2634 2281 2707 στέριον
2328 2636 2515 2700 τοῦτος
2554 2637 2716 2706 Λέγει
2765 2638 3005 2702 ἐκεῖνος’
3053 2637 3282 2709 Κορώνη
3335 2637 3500 2691 ἐστίν.
3534 2637 3649 2690 Καὶ

2067 2725 2301 2798 ήρξαντο
2336 2727 2657 2798 φιλονεικεῖν
2701 2727 2859 2791 ἄλλος
2899 2729 3044 2800 ἄλλῳ
3074 2728 3248 2798 λέγων
3274 2729 3336 2793 ³⁸,
3380 2728 3476 2782 καὶ
3511 2730 3651 2781 ἁνα-

2068 2819 2309 2883 στάντες,
2344 2818 2633 2874 συνέσαλον
2681 2820 2860 2891 μάχην
2910 2820 3102 2892 μέχρις
3133 2820 3381 2891 αἵματος,
3428 2820 3509 2883 εὶς
3550 2836 3646 2872 τε-

2064 2910 2213 2963 λείαν
2246 2910 2420 2983 χαράν
2456 2911 2550 2966 τοῦ
2585 2912 2803 2985 ἐχθροῦ,
2834 2913 2927 2967 καὶ
2967 2912 3361 2985 ἐχωρίσθησαν.
3393 2912 3552 2967 Μετὰ
3587 2913 3649 2966 δὲ

2066 3005 2215 3073 τρεῖς
2245 3002 2458 3075 ἡμέρας
2484 3005 2776 3059 άνένευσαν
2795 3005 2841 3037 ³⁸
2881 3007 2960 3071 εἰς
2993 3006 3219 3069 ἐαυτοὺς
3241 3004 3512 3069 ἐλθόντες·
3548 3008 3647 3059 καὶ

384 3105 622 3170 reversi;
651 3106 902 3175 factaque
930 3104 1163 3160 invicem
1192 3103 1384 3157 humili
1407 3104 1581 3159 venite
1604 3106 1957 3169 salutatione,

2071 3097 2388 3167 ποιήσαντες
2417 3099 2631 3163 ἑαυτοῖς
2677 3098 2984 3170 μετάνοιαν,
3008 3098 3319 3171 ὡμολόγουν
3350 3098 3380 3151 ὃ
3413 3099 3649 3163 ἕκαστος

383 3209 613 3267 uterque
645 3195 928 3267 professus
959 3203 1045 3251 est
1075 3194 1256 3265 qualis
1285 3201 1473 3266 putata
1503 3195 1607 3252 sibi
1637 3196 1835 3252 fuisset
1866 3213 1961 3251 vo-

382 3289 554 3344 lucris
587 3296 903 3358 conspecta.
934 3286 1000 3341 Et
1030 3294 1395 3359 agnoscentes
1429 3287 1637 3343 inimici
1673 3289 1962 3360 impugna-

383 3382 587 3436 tionem
609 3421 625 3445 ,
664 3396 838 3451 usque
872 3383 928 3436 in
965 3381 1127 3437 ﬁnem
1164 3395 1434 3449 nusquam
1470 3382 1707 3451 separati
1744 3397 1961 3438 manse—

382 3480 531 3525 ιὐιιι.

833 3565 1167 3636 Principium
1209 3567 1401 3623 littera!
1438 3578 1499 3621 ἔ..

919 3679 997 3736 De
1034 3680 1222 3736 abbate
1259 3679 1418 3735 Xoio.

454 3796 505 3852 1.
542 3794 734 3851 Frater
759 3803 1114 3866 percontatus
1139 3801 1223 3848 est
1249 3809 1313 3850 ex
1342 3793 1538 3848 abbate
1560 3792 1699 3847 Xoio
1728 3812 1741 3847 :
1772 3789 1829 3845 Si
1859 3792 1959 3844 ali-

381 3889 507 3944 cubi
535 3888 869 3950 consistens,
894 3887 1187 3942 comedere
1213 3900 1383 3957 panes
1409 3892 1542 3945 tres.
1568 3900 1701 3939 num
1727 3899 1957 3939 multum

378 3982 499 4037 est?
529 3980 830 4051 Respondit
863 3995 1030 4035 senex
1063 3998 1078 4035 :
1109 3980 1173 4033 In
1204 3994 1392 4033 aream
1421 3978 1723 4041 venistine,
1755 3976 1962 4032 frater?

382 4077 594 4132 Iterum
621 4075 836 4144 rogavit
875 4093 889 4129 :
930 4073 990 4128 Si
1032 4081 1147 4131 tres
1178 4073 1292 4128 vini
1335 4072 1537 4129 calices
1577 4072 1785 4136 hibero,
1826 4087 1957 4126 num

381 4168 613 4221 multum
654 4167 778 4222 est?
819 4163 1122 4237 Respondit
1165 4183 1180 4220 :
1221 4165 1281 4221 Si
1317 4165 1532 4221 daemon
1570 4182 1681 4221 non
1718 4166 1953 4230 exsistit,

382 4276 490 4314 non
511 4266 596 4315 est
612 4258 876 4326 multum;
898 4258 1043 4329 quod
1064 4261 1109 4314 si
1134 4258 1373 4323 exsistit,
1387 4259 1616 4313 multum
1634 4267 1739 4315 est.
1756 4258 1956 4313 Vinum

378 4351 525 4406 enim
567 4351 636 4406 ad
677 4350 979 4406 monachos
1018 4366 1126 4405 non
1167 4350 1401 4418 pertinet
1441 4352 1741 4407 secundum
1787 4349 1957 4406 Deum

378 4443 646 4500 viventes.

458 4602 495 4655 '2
553 4602 667 4673 (67)
706 4601 914 4657 Retulit
942 4602 1166 4655 Patrum
1199 4601 1499 4656 nonnullus
1517 4600 1583 4656 de
1602 4600 1800 4656 abbate
1818 4600 1956 4655 Xoio

378 4692 632 4759 Thebaeo,
655 4695 804 4767 quod
827 4695 1110 4750 intraverit
1132 4692 1425 4763 aliquando
1446 4695 1499 4748 in
1526 4701 1766 4749 montem
1789 4693 1953 4761 Sina;

377 4789 523 4841 unde
563 4803 688 4842 cum
728 4787 1100 4858 egrederetur,
1135 4785 1377 4841 occurrit
1406 4786 1456 4840 ei
1491 4784 1694 4852 frater,
1736 4785 1829 4857 qui
1869 4787 1954 4841 in-

375 4880 685 4949 gemiscens
712 4878 880 4933 dixit:
910 4877 1236 4950 Amigimur,
1265 4878 1438 4941 abba,
1469 4877 1542 4933 ob
1573 4878 1766 4934 imbris
1782 4892 1954 4948 penu—

447 5036 491 5067 “
530 5037 616 5088 Al.
654 5035 903 5105 Νατῆρα.
977 5034 1021 5066 ³⁸
1060 5033 1143 5087 Al.
1185 5032 1314 5088 ἄλλο
1355 5032 1621 5102 λέγοντες.

445 5191 558 5255 (66)
601 5189 708 5245 Vit.
737 5189 891 5244 Patr.
926 5207 979 5252 Χ,
1011 5190 1100 5244 56.

444 5258 558 5333 (67)
594 5260 702 5333 Vit.
735 5258 887 5315 I’atr.
924 5260 1143 5333 manu.

443 5329 555 5400 ('68)
596 5332 813 5401 Ἐλεγέ
863 5347 970 5401 τηις.
1013 5329 1055 5383 Ε
1084 5330 1325 5401 Colbert.
1360 5332 1575 5386 duobus
1620 5330 1945 5401 codicibus:

369 5399 560 5488 Ἷιλθέ.
576 5402 706 5487 ποτέ
728 5399 813 5467 τις
839 5400 1019 5488 γέρων
1049 5401 1130 5463 εις
1161 5400 1227 5485 το
1246 5403 1377 5488 Σινά
1391 5401 1555 5488 ἔρος·
1577 5404 1672 5488 καί
1696 5400 1771 5488 ὼε
1799 5402 1890 5488 sgf.
1892 5419 1953 5484 ρ-

372 5491 498 5543 χετο
545 5472 775 5536 ἐκείῦεν,
810 5473 1144 5553 συνήντησεν
1170 5471 1317 5542 αὐτῷ
1351 5471 1577 5539 ἀδελφὸς
1610 5473 1669 5524 ἐν
1709 5474 1772 5540 τῇ
1825 5471 1947 5542 ὁδῷ,

374 5545 467 5596 καὶ
493 5543 765 5605 στενάζων
795 5542 946 5612 ἐλεγε
974 5560 1052 5612 τῳ
1091 5541 1308 5612 γέροντι
1329 5560 1341 5572 ⁸
1375 5542 1703 5612 Θλιόὀμεθα,
1740 5543 1944 5612 Πάτερ,

374 5560 467 5596 και
493 5560 765 5605 στενάζων
795 5560 946 5612 ελεγε
974 5560 1004 5595 τ
1091 5560 1308 5612 γεροντι
1329 5560 1341 5572 ⁸
1375 5560 1703 5612 υλιοομευα,
1740 5560 1944 5612 ιιατερ,

373 5613 461 5666 διὰ
487 5613 585 5683 τὴν
616 5612 898 5683 ἀϐροχίαν.
941 5560 1077 5666 Ὀίέὲ
1111 5614 1287 5683 γέρων
1329 5613 1475 5682 λέγει
1509 5611 1687 5682 αὐτῷ·
1724 5614 1834 5667 Kal.
1860 5612 1946 5665 διὰ

368 5683 426 5737 τι
471 5682 572 5737 οὐκ
612 5682 832 5754 εὔχεσθε
890 5683 986 5737 καὶ
1037 5682 1395 5753 παρακαλεῖτε
1454 5684 1542 5737 τὸν
1601 5683 1758 5750 Θεόν;
1799 5684 1944 5753 Ἔφη

2062 3189 2243 3243 αὐτῶν
2269 3190 2540 3260 ἐλογίζετο
2579 3191 2641 3246 τὸ
2672 3192 2866 3265 ὀραθέν
2896 3192 3126 3262 πετηνόν
3144 3209 3158 3222 ⁸
3193 3191 3285 3245 καὶ
3312 3191 3529 3261 γνόντες
3553 3190 3649 3244 τὸν

2062 3281 2294 3353 πόλεμον
2316 3282 2413 3337 τοῦ
2451 3282 2670 3355 ἐχθροῦ,
2706 3283 2927 3356 ἔμειναν
2959 3284 3121 3355 μέχρι
3150 3282 3338 3348 τέλους
3369 3282 3445 3356 μὴ
3475 3299 3648 3355 χωρι-

2064 3369 2302 3436 σθέντες.

2517 3549 2683 3621 Ἀρχὴ
2713 3549 2808 3603 τοῦ
2840 3550 2880 3603 Ξ
2910 3550 3193 3621 στοιχείου.

2506 3664 2646 3732 Περὶ
2680 3663 2786 3718 τοῦ
2818 3661 2967 3721 ἀϐϐἆ
2999 3662 3195 3719 Ξοΐου.

2131 3786 2201 3832 α’.
2248 3777 2494 3847 Ἀδελφδς
2543 3775 2796 3849 ἠρώτησε
2844 3777 2937 3830 τὸν
2991 3776 3165 3831 ἀδσᾶν
3213 3775 3384 3840 Ξόῖον,
3423 3774 3602 3845 λέγων
3623 3792 3641 3808 ⁸

2072 3870 2198 3923 Ἐὰν
2237 3869 2443 3940 εὑρεθῶ
2495 3868 2753 3934 πούποτε,
2795 3871 2891 3923 καὶ
2945 3869 3106 3940 φάγω
3145 3869 3270 3941 τρία
3317 3868 3529 3939 ψωμια,
3565 3869 3643 3941 μὴ

2060 3962 2193 4015 πολύ
2246 3965 2399 4027 ἐστι;
2446 3962 2610 4031 Λέγει
2662 3962 2812 4033 αὐτῷ
2841 3965 2870 4016 6
2910 3962 3121 4035 γέρων·
3176 3963 3272 4025 Εἰς
3318 3962 3415 4031 τὴν
3457 3961 3644 4016 ἅλωνα

2058 4050 2253 4127 ἦλθες,
2294 4055 2524 4125 ἀδελφέ;
2569 4051 2705 4109 Eine
2745 4055 2802 4109 δὲ
2833 4054 3024 4108 πάλιν·
3072 4055 3197 4109 Ἐὰν
3228 4055 3335 4108 πίω
3371 4054 3502 4126 τρία
3544 4071 3644 4108 πο-

2062 4146 2225 4216 τήρια
2266 4146 2429 4213 οῖνου,
2473 4144 2548 4217 μὴ
2579 4144 2713 4198 πολύ
2760 4148 2910 4213 ἐστι;
2939 4145 3101 4214 Λέγει
3147 4145 3296 4217 αὐτῷ
3320 4163 3334 4176 ⁸
3373 4146 3501 4200 Ἐὰν
3540 4146 3644 4200 οὐκ

2061 4234 2178 4288 ἐστι
2211 4235 2442 4306 δαίμων,
2480 4236 2581 4290 οὐκ
2626 4236 2706 4289 ἐνι
2739 4236 2895 4290 πολύο
2929 4237 3026 4290 ἐὰν
3060 4235 3117 4289 δὲ
3164 4236 3264 4299 Evt,
3292 4235 3427 4289 πολύ
3468 4237 3639 4291 ἐστιν.

2073 4327 2130 4380 '0
2163 4326 2271 4398 γὰρ
2310 4323 2454 4391 οἶνος
2480 4326 2781 4404 ἀλλότριος
2799 4330 2916 4382 ἐστι
2944 4328 3052 4383 τῶν
3081 4327 3326 4399 μοναχῶν
3349 4327 3457 4381 τῶν
3499 4328 3640 4381 κατά

2059 4416 2193 4470 Θεὸν
2225 4416 2464 4486 ζώντων.

2139 4508 2203 4579 β’.
2246 4508 2442 4577 Ἐλεγέ
2484 4526 2570 4573 τις
2613 4508 2722 4581 (68)
2751 4509 2859 4563 τῶν
2904 4510 3164 4582 Πατέρων
3204 4510 3333 4581 περὶ
3366 4507 3461 4563 τοῦ
3496 4507 3640 4563 άὸὄᾶ

2063 4600 2218 4653 Ξοτου
2251 4600 2345 4653 τοῦ
2376 4601 2635 4671 Θηϐαίου,
2667 4603 2749 4655 ὅτι
2783 4601 2999 4673 εἰσῆλθέ
3027 4619 3158 4655 ποτε
3197 4603 3277 4666 εἰς
3315 4601 3376 4655 τὸ
3414 4600 3541 4671 ὅρος
3578 4600 3640 4654 τὺ

2062 4692 2227 4745 Σινᾶ⁸
2269 4693 2366 4745 καὶ⁵
2424 4692 2780 4764 ἐξερχομένου
2835 4693 2999 4747 αὐτοῦ
3025 4693 3251 4758 ἐκεῖθεν,
3307 4694 3640 4762 συνήντησεν

2060 4781 2209 4853 αὐτῷ
2258 4782 2518 4852 ἀδελφὸς,
2567 4785 2662 4837 καὶ
2729 4784 3000 4849 στενάζων
3059 4783 3240 4852 ἔλεγε·
3292 4772 3636 4854 Θλιόὄμεθα.

2060 4877 2224 4943 ἀσσᾶ,
2250 4877 2339 4932 διὰ
2380 4876 2480 4949 τὴν
2524 4877 2805 4949 άὸροχιαν.
2832 4876 2995 4946 Λέγει
3034 4875 3184 4947 αὐτῷ
3207 4877 3239 4930 6
3281 4875 3493 4946 γέρων⁸
3532 4875 3640 4927 Ka‘t

1698 5033 1743 5065 ⁸⁸
1769 5033 1853 5086 Al.
1894 5032 2188 5103 άνένηψαν.

2058 5189 2212 5263 αὐτῷ
2242 5190 2271 5263 6
2295 5190 2522 5263 ἀδελφός
2542 5206 2556 5219 ⁸
2585 5189 2697 5263 Kal.
2722 5190 2886 5263 εὐχὴν
2915 5184 3627 5263 ποιοῦμενμςῤ-λιτανείαν,

2058 5258 2271 5332 ἀλλ”οὑ
2318 5258 2522 5332 βρέχει.
2590 5262 2647 5332 Ὁ
2678 5262 2752 5332 ,δὲ
2787 5258 2992 5332 ’γέρων
3016 5258 3163 5332 λέγει
3187 5274 3202 5288 ⁸
3252 5258 3480 5332 nam»;
3532 5259 3631 5332 οὐκ

2057 5329 2281 5414 εὔχεσθε
2316 5328 2570 5414 ἐκτενῶς.
2600 5328 3091 5414 Θέλειςγνῶναι
3126 5330 3206 5382 ὅτι
3231 5328 3415 5414 ὀὕτως
3442 5328 3597 5414 ἐστίν
3610 5347 3626 5393 ;

2061 5400 2277 5471 στῶμεν
2310 5403 2390 5464 εἰς
2415 5405 2741 5471 προσευχήν.
2774 5403 2883 5456 Kal.
2910 5400 3157 5471 ἐκτείνας
3186 5400 3287 5471 τάς
3322 5401 3514 5471 χεῖρας
3550 5400 3629 5471 εις

2056 5472 2148 5524 τὸν
2179 5468 2439 5539 οὐρανὸν,
2461 5468 2716 5539 ⁷ηὔξατο⁸
2754 5474 2850 5526 καὶ
2879 5470 3083 5533 εὐθέως
3125 5468 3326 5538 κατέϐη
3348 5468 3397 5539 ⁷ή
3416 5468 3622 5539 βροχή.

2067 5540 2212 5595 Ἰδὼν
2242 5537 2373 5614 ,δὲΔὸ
2404 5537 2631 5614 άδελφὸς
2654 5542 2919 5614 ἐφοϐήθη.
2947 5543 3042 5614 κα)
3073 5539 3254 5614 πεσὼν

2057 5628 2145 5685 σεν
2193 5610 2361 5681 αὐτῷ.
2406 5613 2464 5685 "0
2517 5608 2780 5685 δὲγγέρων
2813 5608 2982 5675 ἐὐθὺς
3014 5608 3458 5685 ἔφυγενέκεῖθεν,
3491 5609 3623 5675 Qua

2053 5683 2215 5738 etiam
2253 5680 2375 5737 cum
2409 5680 2697 5754 Pelagiana
2726 5685 2977 5740 versione
3006 5681 3219 5754 confligi
3265 5680 3486 5734 debent.
