3874 6310
218 269 320 325 315
1398 280 1748 348 ᾹΡΟΡΙΠῊΙ

1941 297 2008 354 ΓΑ
2053 299 2359 364 PATRUM.‘
3365 332 3471 388 3”

214 381 363 434 διατί
401 382 503 436 οὐκ
542 382 767 456 εὔχεσθε
797 389 890 442 καὶ
923 393 1286 464 παρακαλεῖτε
1313 387 1406 453 τὸν
1449 402 1613 471 Θεόνς
1641 406 1744 474 Λέγ

215 473 370 513 αὐτῆ»
409 478 438 513 Α
475 476 730 513 ἦλεληνζρ.
783 481 887 513 Hal
950 484 1214 513 ..'....<..-n..
1294 492 1384 513 -.-λ
1429 492 1447 513 κ
1489 512 1506 513 η
1625 496 1636 510 ι
1672 511 1678 513 .

1916 412 2065 468 riam.
2101 417 2190 470 Ait
2228 419 2305 473 illi
2346 435 2511 478 senex
2549 443 2564 480 :
2603 426 2784 494 Quare
2827 448 2938 488 non
2982 435 3213 496 funditis
3258 457 3446 513 preces

215 473 370 544 αὐτῷ
409 478 438 528 ὁ
474 476 730 546 ἀδελφός’
783 481 893 534 Kal
949 484 1250 555 εὐχόμεθα,
1294 492 1389 544 καὶ
1429 473 1741 568 λιτανεύσμε

216 568 306 594 ..-ι
363 569 423 594 -.-.
472 568 651 594 ο-ι----
722 572 872 594 ηε---
937 577 986 594 ν.
1043 577 1068 588 -
1128 581 1140 594 .
1236 581 1250 594 .
1439 587 1511 594 _.
1742 593 1745 594 ,

2348 473 2511 478 ---ηπ
2549 473 2564 480 -
2609 473 2784 494 ,ιν-..ν
2827 473 2938 488 ..νη
2982 473 3213 496 ιυιιυιιιθ
3258 473 3470 514 inccta,

1943 517 2067 575 tque
2101 526 2130 564 a
2166 511 2276 566 Deo
2308 518 2572 583 poscitis?
2601 519 2738 576 Tum
2777 524 2947 582 frater
2983 549 2996 584 :
3033 530 3095 584 Et
3130 549 3382 594 oramus.
3417 547 3473 594 et

216 568 312 622 καὶ
361 569 424 620 οὐ
472 568 670 639 βρέχει.
711 572 875 641 Λέγει
928 577 1078 647 αὐτῷ
1117 581 1146 632 6
1191 581 1401 652 γέρων·
1437 587 1659 654 Πάντως
1699 593 1746 645 οι

216 657 444 687 ρι’..,-.ιι-
493 663 723 687 L-----.."’._
785 665 932 687 o:\_,
1005 670 1044 687 Μ
1169 673 1194 685 α-
1333 677 1354 687 ..
1475 679 1496 687 ..
1652 685 1661 687 _

1980 568 1993 575 -
2308 568 2324 583 ι
2356 568 2364 569 ,
2387 568 2529 573 με---
2554 568 2564 572 -
2610 568 2738 576 -..-.-
2777 568 2936 582 ...ι-ν.
2983 571 2996 584 .
3033 568 3095 584 με.
3130 568 3382 602 uuuulua,
3417 568 3471 594 σι

1941 602 2308 670 upplicamus;
2349 623 2450 663 nec
2493 611 2649 680 pluit.
2697 613 2922 687 Excepit
2962 637 3126 678 senex
3171 643 3186 680 :
3235 626 3471 684 Omnino

212 657 445 727 εὔχεσθε
493 663 742 726 ἐκτενῶς.
783 665 970 732 Θέλεις
1000 670 1056 723 δὲ
1091 673 1294 740 γνῶναι
1327 677 1408 730 ὅτι
1442 679 1614 745 οὕτως
1646 685 1736 736 ἐστ

215 751 319 788 Kal
371 751 732 788 ἓεὲφοιυε-ρλυι
769 761 954 788 ποτε..-
1009 764 1086 788 -1-
1133 765 1223 788 ,ιη
1272 768 1383 788 ,ομ
1439 770 1453 788 \
1531 775 1543 788 ι

1974 657 2024 670 Η
2256 657 2266 659 -
2295 657 2308 670 ,
2349 657 2438 663 _--_
2493 657 2649 680 rm.-.
2697 657 2922 687 ...ηνγη
2962 657 3126 678 οιιιωι
3171 667 3186 680 .
3236 657 3468 684 ιιιιιιιιιιυ

1941 706 2009 744 on
2040 695 2212 749 oratis
2243 697 2469 756 intente.
2496 700 2590 757 Vis
2622 713 2801 762 autem
2836 725 3170 780 cognoscere
3216 721 3360 788 quod
3396 721 3468 774 ita

213 751 325 802 Kal
370 751 732 820 ἐξέτεινε-τὰς
769 761 954 829 χεῖρας
1007 764 1086 826 εἰς
1133 765 1223 819 τὸν
1266 768 1494 839 οὐρανὸν
1527 775 1584 825 ὲν
1632 793 1743 844 προ

2335 751 2469 756 ,κε-ν-
2515 751 2588 757 ---
2623 751 2801 762 ν--νν--ι
2837 751 3170 780 ννδιιυσυυιυ
3216 751 3360 788 ειυυυ
3396 751 3462 774 ua

1932 786 2016 839 st?
2059 787 2123 839 Et
2174 793 2417 846 extendit
2470 809 2664 852 manus
2713 799 2782 852 ad
2833 805 3030 858 cmlum
3088 807 3142 860 in
3196 812 3462 866 oratione.

210 846 374 912 ευκῇο
408 845 507 897 καὶ
555 853 895 920 παραχρῆμα
932 853 1168 924 ἔϐρεξεν.
1215 860 1358 913 Ἰδὼν
1388 863 1444 916 δὲ
1498 867 1525 918 6
1571 867 1735 937 ἁδελφ

210 935 455 962 ικΑιαιι..
537 941 625 962 -__\
686 941 816 962 «με
929 949 1004 962 ..
1141 950 1154 962 .
1462 958 1472 962 _

1942 880 2307 953 onfestimque
2352 888 2576 945 defluxit
2621 893 2824 962 pluvia.
2868 894 3022 960 Quod
3071 915 3196 954 cum
3238 901 3466 957 vidisset

209 937 493 1011 ἐφοϐήθη,
537 941 630 992 καὶ
684 941 877 998 ἔπεσεν
923 949 1014 1000 ἐπὶ
1049 950 1358 1021 πρόσωπον,
1391 958 1483 1009 καὶ
1530 976 1735 1028 προσ-εκ

209 1044 379 1060 ιινιηευ
425 1031 573 1060 ...η-,π
646 1033 706 1060 'n
757 1035 810 1060 :3.
866 1039 959 1060 --1-
1092 1042 1113 1060 ν
1354 1049 1406 1060 ι..
1465 1049 1505 1060 --
1582 1051 1633 1060 .-
1665 1053 1678 1060 .

2210 937 2234 953 ν,
2284 937 2303 941 ,
2357 937 2575 945 ____.-_.-
2621 937 2824 962 ,,...,.,..
2871 937 3022 960 mm.
3071 937 3196 954 νυ...
3246 937 3465 957 ..νηοπ-

1935 983 2086 1036 fater,
2119 978 2342 1034 territus
2369 989 2487 1043 est,
2524 998 2587 1037 ac
2621 985 2676 1038 in
2713 984 2905 1042 faciem
2940 991 3233 1058 prostravit
3263 1009 3344 1060 se,
3375 1011 3465 1049 ve-

208 1044 379 1095 νησεν
423 1031 597 1102 αὐτῷ.
646 1033 706 1086 '0
755 1035 810 1088 δὲ
865 1039 1041 1110 γέρων
1089 1042 1309 1112 ἔφυγεν.
1354 1049 1411 1100 ὐ
1461 1049 1518 1101 δὲ
1569 1051 1734 1122 ἁδελφ

208 1119 502 1154 ἂνι-ἶηννεοῖς
536 1123 664 1154 ρὲρ.
703 1125 763 1154 ..λ
797 1130 1018 1154 υ-....-..ι-
1083 1134 1183 1154 una,
1226 1137 1261 1154 Α
1316 1137 1328 1154 9
1422 1137 1432 1151 ο
1691 1143 1738 1154 ..ι

2076 1031 2084 1036 _
2320 1031 2336 1034 γ-
2376 1031 2487 1043 ω,
2526 1031 2585 1037 ν-
2713 1031 2905 1042 ηνη...
2940 1031 3233 1058 rem”...
3263 1031 3344 1060 ου,
3382 1031 3463 1049 η.-

1934 1081 2096 1122 erans
2147 1085 2293 1124 eum.
2343 1071 2412 1126 At
2464 1090 2627 1129 senex
2689 1076 2846 1148 fugit.
2897 1077 3068 1136 Porro
3118 1081 3288 1138 frater
3333 1084 3463 1154 quid

203 1120 505 1188 ἀνήγγειλε
536 1123 669 1176 πᾶσι
703 1125 765 1178 τὸ
797 1130 1036 1197 γεγονός.
1082 1134 1190 1187 Καὶ
1215 1137 1264 1188 οἱ
1305 1137 1631 1206 ἀκούσαντες
1686 1143 1733 1195 ἐξ

205 1211 383 1245 βαι-υ...
424 1213 519 1245 ολ..
548 1215 684 1245 “.1...

2079 1120 2089 1122 ν
2464 1120 2627 1129 μην..
2898 1120 3068 1136 ,νην
3118 1120 3277 1138 ...μω
3333 1120 3464 1154 ψη..

1936 1160 2218 1230 ontigisset
2241 1164 2513 1218 nuntiavit
2536 1168 2771 1222 cunctis.
2797 1167 2861 1222 Et
2884 1171 2976 1240 qui
3003 1172 3318 1242 audierunt,
3345 1174 3466 1245 glo-

203 1213 383 1274 ξασαν
424 1213 519 1266 τὸν
548 1215 702 1272 Θεόν.

1893 1251 2248 1311 rilicaveruut
2277 1254 2467 1312 Deum.

623 1332 765 1400 Περὶ
815 1333 922 1388 τοῦ
961 1337 1110 1394 ἀὸϐᾶ
1139 1339 1385 1397 Ξανθία.

2377 1361 2456 1417 De
2493 1364 2682 1420 abbate
2722 1366 2975 1423 Xanthia.

269 1457 344 1506 a'.
389 1448 563 1508 Εἶπεν
610 1457 639 1508 ὁ
690 1459 864 1522 ἁὸὅᾶς
927 1461 1188 1528 Ξανθίαςο
1235 1466 1292 1521 '0
1340 1468 1543 1541 λῃστὴς
1594 1472 1653 1526 ὲν
1714 1473 1792 1544 τῷ

1966 1466 2016 1522 1.
2060 1465 2272 1522 Dictum
2301 1469 2516 1528 abbatis
2541 1473 2793 1528 Xanthia;
2818 1493 2833 1529 :
2859 1473 3023 1530 Latro
3049 1478 3107 1532 in
3132 1492 3299 1534 cruce
3318 1484 3461 1542 erat,

197 1546 427 1616 σταυρῷ
475 1543 564 1618 ἦν,
623 1551 718 1602 καὶ
773 1552 882 1604 ἀπὸ
943 1554 1100 1624 λόγου
1153 1560 1268 1624 ἐνὸς
1315 1561 1637 1634 ἐδικαιώθη⁶
1698 1584 1727 1619 κ

1933 1568 1942 1612 ε
1969 1575 2063 1629 per
2089 1576 2254 1615 unum
2282 1567 2504 1618 verbum
2533 1566 2716 1635 jusws
2744 1567 2968 1626 effectus
2993 1580 3110 1638 est;
3137 1571 3310 1627 Judas
3337 1587 3463 1627 cum

209 1637 416 1701 Ἰούδας
471 1641 612 1710 μετὰ
649 1642 757 1694 τῶν
813 1644 1122 1701 ἀποστόλων
1179 1651 1653 1725 συνηριθμημένος

1932 1654 2157 1721 postolis
2186 1658 2594 1725 recensebatur,
2624 1669 2677 1715 et
2713 1677 2818 1715 una
2847 1672 3009 1718 nocte
3037 1666 3220 1720 amisit
3244 1679 3462 1720 oman

194 1729 290 1780 καὶ
319 1732 382 1783 ἐν
415 1733 577 1784 νυκτὶ
613 1736 712 1804 μιᾷ
755 1736 1004 1790 ἀπώλεσε
1044 1741 1220 1794 πάντα
1249 1742 1342 1795 τὸν
1389 1744 1657 1816 κάματον,
1693 1767 1724 1802 κ

1935 1744 2155 1808 iborem,
2183 1748 2573 1818 descenditque
2595 1768 2625 1806 e
2648 1754 2805 1809 cmlis
2829 1754 2883 1808 in
2912 1754 3206 1810 infernum.
3225 1755 3465 1812 Proinde

193 1822 407 1892 κατέϐη
454 1823 514 1888 ἐξ
555 1826 796 1896 οὐρανῶν
827 1831 906 1893 εἰς
933 1830 1086 1903 ᾅδην.
1130 1834 1222 1887 Διὸ
1263 1825 1452 1906 μηδεὶς
1489 1841 1723 1910 εὑπραγί

1929 1852 2048 1890 emo
2070 1838 2125 1891 in
2150 1839 2278 1892 boni
2302 1843 2486 1910 operis
2513 1842 2774 1899 felicitate
2796 1847 3151 1912 constitutus,
3175 1849 3459 1919 glorietur.

193 1917 528 1984 καυχάσθω’
581 1919 782 1986 πάντες
827 1921 937 1994 γὰρ
981 1927 1030 1977 οἱ
1080 1926 1399 1992 πεποιθότες
1444 1931 1529 2002 ἐφ’
1570 1931 1723 1985 ἑαυτῆ

1935 1945 2090 1984 mnes
2114 1932 2262 1985 enim
2292 1933 2384 2002 qui
2411 1934 2755 1990 confiderunt
2781 1936 2835 1991 in
2862 1940 3194 2010 semetipsis,
3220 1943 3461 2014 prolapsi

189 2006 411 2063 ἔπεσον.
619 2019 626 2026 ‘

619 2019 626 2026 ‘
1883 2028 2032 2074 sunt.

260 2101 329 2170 β’.
376 2101 573 2172 Ἀνέῦη
603 2105 734 2157 ποτὲ
765 2106 793 2157 6
820 2104 994 2170 ἀϐὁᾶς
1020 2107 1253 2174 Ξανθίας
1281 2110 1390 2164 ἀπὸ
1423 2112 1673 2184 Σκήτεως
1701 2117 1781 2179 είς

1951 2113 2006 2167 2.
2046 2115 2311 2171 Ascendit
2338 2119 2632 2189 aliquando
2662 2123 2833 2178 abbas
2861 2124 3130 2181 Xanthias
3158 2142 3188 2181 e
3222 2125 3368 2181 Sceti
3405 2129 3458 2181 in

187 2191 547 2263 Τερενοῦθινο
593 2194 686 2247 καὶ
727 2195 861 2249 ὅπου
900 2197 1185 2264 κατέλυσε,
1226 2200 1313 2253 διὰ
1357 2202 1447 2255 τὸν
1481 2203 1647 2258 κόπον
1681 2223 1717 2257 τί

1929 2208 2238 2262 erenuthim
2272 2227 2287 2264 :
2321 2226 2432 2280 quo
2459 2227 2589 2267 vero
2619 2213 2724 2268 loci
2755 2215 3067 2271 diversatus
3097 2225 3203 2283 est,
3237 2227 3459 2288 propter

181 2282 482 2351 ἀσκήσεως
521 2285 762 2354 ἡνεγκαν
804 2285 953 2357 αὐτῷ
1002 2287 1182 2357 ὀλίγον
1223 2287 1384 2346 οἶνον.
1427 2294 1711 2349 Ἀκούσαντ

1923 2300 2292 2357 xercitationis
2324 2302 2566 2358 laborem
2601 2307 2905 2362 attulerunt
2935 2309 2985 2362 ei
3016 2309 3293 2363 modicum
3319 2311 3453 2364 vini.

179 2374 237 2426 δέ
275 2393 428 2439 τινες
477 2377 717 2447 ἡνεγκαν
750 2380 902 2451 αὐτῷ
935 2381 1398 2454 δαιμονιζόμενον.
1425 2389 1537 2442 Καὶ
1574 2389 1709 2460 ἦρξα

1932 2388 2113 2443 uidam
2160 2403 2340 2446 autem
2386 2395 2574 2449 audito
2634 2412 2756 2450 eum
2802 2399 3018 2465 adesse,
3057 2399 3455 2455 daemoniacum

179 2469 209 2518 6
233 2467 452 2536 δαίμων
482 2466 742 2540 λοιδορεῖν
771 2471 861 2524 τὸν
888 2473 1148 2544 γέροντα·
1180 2476 1324 2547 Πρὸς
1364 2478 1456 2532 τὸν
1496 2482 1706 2534 οἰνοπότ

1925 2481 2242 2542 lduxerunt.
2290 2485 2468 2556 Coepit
2515 2487 2729 2544 daunon
2773 2491 3108 2560 opprobrare
3157 2492 3274 2548 seni
3318 2510 3333 2548 :
3374 2492 3455 2546 Ad

182 2559 377 2612 τοῦτον
410 2559 683 2629 ὴνέγκατέ
717 2580 806 2632 με.
853 2565 962 2616 Kal
991 2568 1020 2619 6
1064 2566 1164 2638 μὲν
1204 2569 1382 2641 γέρων
1430 2573 1532 2626 οὐκ
1585 2574 1712 2644 ήθελ

1924 2575 1990 2628 ini
2015 2582 2263 2644 potorem
2291 2577 2435 2632 hunc
2459 2579 2770 2638 adduxistis
2796 2559 2903 2638 me.
2953 2583 3018 2637 Et
3041 2600 3206 2640 senex
3235 2584 3454 2655 quidem

181 2650 350 2702 αὑτὸν
395 2650 682 2704 ἐκϐαλεῖν*
727 2653 814 2707 διὰ
852 2654 908 2708 δὲ
953 2656 1045 2709 τὸν
1095 2658 1400 2730 ὀνειδισμὸν
1445 2662 1632 2732 έλεγε’
1681 2668 1711 2719 Ε

1923 2664 2053 2718 uiuit
2097 2681 2222 2721 eum
2271 2667 2505 2737 ejicere;
2557 2671 2654 2726 sed
2706 2683 2928 2742 prOpter
2970 2650 3453 2745 exprobrationem

176 2741 359 2794 στεύω
384 2741 466 2812 τῷ
504 2743 746 2814 Χριστῷ,
795 2745 878 2798 ὅτι
917 2746 978 2800 οὐ
1029 2747 1104 2820 μὴ
1153 2750 1358 2804 τελέσω
1404 2753 1464 2806 τὸ
1513 2756 1706 2826 ποτήρε

1924 2758 2014 2812 ixit
2043 2775 2058 2812 :
2089 2756 2314 2815 Christo
2345 2761 2532 2827 credo,
2563 2741 2719 2833 quod,
2740 2741 3326 2836 antequam-ebiberim
3359 2785 3454 2838 po-

173 2833 356 2896 τοῦτο,
389 2834 499 2897 ἕως
535 2829 595 2888 οὗ
639 2835 877 2907 ἐξέλθῃς.
920 2839 1031 2892 Καὶ
1056 2839 1131 2904 ὡς
1169 2841 1370 2913 ἤρξατο
1401 2845 1428 2898 ὁ
1455 2845 1632 2916 γέρων
1681 2866 1703 2900 7

1923 2852 2061 2907 mlum
2093 2853 2229 2919 hoc,
2258 2855 2456 2912 exibis.
2489 2829 2669 2926 thue
2699 2858 2864 2927 cmpit
2893 2872 3059 2914 senex
3089 2859 3307 2922 bibere,
3337 2861 3453 2914 cla-

173 2939 309 2984 νειν,
343 2922 577 2993 ἔκραξεν
603 2926 631 2977 6
657 2924 889 2996 δαίμων,
909 2928 1082 2998 λέγων
1101 2946 1115 2961 ·
1149 2932 1342 2996 Καίεις
1363 2952 1453 3004 με,
1472 2937 1647 3000 καίεις
1683 2957 1703 3008 ι.

1924 2947 2047 3000 lavit
2074 2946 2288 3003 daemon
2319 2949 2375 3004 in
2409 2950 2527 3004 haec
2555 2951 2719 3005 verba
2755 2971 2768 3006 :
2804 2950 2932 3007 Uris
2965 2968 3072 3020 me,
3107 2955 3221 3009 uris
3252 2969 3357 3009 me.
3391 2953 3454 3006 Et

171 3015 286 3066 Καὶ
320 3015 432 3086 πρὸ
472 3014 567 3068 τοῦ
597 3016 835 3084 τελέσαι,
884 3018 1074 3092 ἐξῆλθε
1117 3023 1206 3076 διὰ
1255 3025 1358 3095 τῆς
1407 3027 1630 3098 χάριτος
1676 3048 1701 3082 τ

1922 3035 2175 3108 ntequam
2204 3040 2463 3096 haustum
2493 3042 2843 3114 compleSset,
2872 3059 2970 3114 per
2991 3045 3223 3116 gratiam
3246 3047 3452 3102 Christ:

169 3106 444 3176 Χριστοῦ.

1795 3117 1838 3174 C
1871 3145 2128 3200 egressus
2158 3140 2261 3187 est.

238 3205 312 3266 γ’.
359 3198 422 3252 '0
476 3202 640 3266 αὐτὸς
690 3198 868 3270 εἶπεν,
915 3205 997 3258 ὅτι
1036 3205 1094 3259 '0
1133 3206 1278 3262 κύων
1339 3211 1611 3282 κρείσσων
1667 3217 1768 3285 μού

1920 3198 1995 3277 3.
2039 3221 2184 3278 Idem
2223 3224 2362 3279 dixit
2409 3243 2424 3279 :
2467 3223 2634 3281 Canis
2680 3227 2874 3282 melior
2930 3244 3016 3284 me
3053 3238 3140 3285 est
3173 3248 3190 3287 :
3227 3230 3355 3302 quia
3395 3241 3450 3287 et

167 3293 322 3344 ἐστι’
357 3292 496 3346 διότι
540 3295 636 3348 καὶ
665 3296 888 3368 ἀγάπην
914 3296 1049 3368 ἔχει,
1084 3299 1178 3352 καὶ
1209 3301 1289 3365 είς
1327 3303 1510 3374 κρίσιν
1550 3307 1651 3360 οὐκ
1680 3309 1697 3359 ἓ

1598 3308 1651 3360 ix
1680 3307 1771 3378 ἔρ-
1869 3328 2112 3371 amorem
2142 3316 2330 3384 habet,
2357 3324 2412 3374 et
2441 3319 2495 3373 in
2521 3318 2790 3388 judicium
2821 3335 2932 3376 non
2965 3323 3128 3378 venit.

166 3399 346 3451 χεται.

633 3487 800 3559 Ἀρχὴ
829 3488 923 3541 τοῦ
957 3490 997 3541 0
1026 3490 1318 3561 στοιχείου.
2289 3497 2658 3570 ,Ρτὶηοίρίυῐιι
2699 3501 2892 3557 littera:
2929 3501 2996 3558 Ο.

555 3600 699 3668 Περὶ
728 3601 837 3656 τοῦ
872 3602 1022 3658 ἀόϐᾶ
1067 3605 1416 3674 Ὀλυμπίου.

2349 3612 2430 3668 De
2467 3614 2655 3670 abbate
2697 3614 2966 3687 Olympio.

233 3713 306 3768 a'.
349 3707 527 3766 Εἶπεν
567 3716 598 3766 6
642 3713 819 3778 assa;
859 3716 1178 3787 Ὀλύμπιος,
1227 3720 1311 3773 ὅτι
1355 3721 1576 3792 Κατέϐη
1628 3723 1760 3779 ποτὲ

1939 3725 1990 3780 l.
2035 3723 2108 3780 Ex
2142 3727 2408 3783 relatione
2434 3727 2649 3783 abbatis
2677 3726 2933 3800 Olympii.
2966 3729 3236 3785 Sacerdos
3265 3732 3443 3801 genti-

165 3805 354 3877 Ξερεὺς
397 3805 509 3858 τῶν
544 3806 812 3877 Ἑλλήνων
857 3810 938 3872 εἰς
980 3810 1199 3882 Σκῆτιν.
1230 3813 1324 3865 καὶ⁹
1369 3809 1533 3884 ἦλθεν
1592 3817 1671 3879 εἰς

1910 3832 1997 3870 um
2025 3818 2364 3874 descendens
2389 3819 2688 3889 aliquando
2715 3820 2770 3874 in
2802 3818 3027 3885 Scetim,
3055 3823 3204 3876 venit
3230 3823 3297 3876 ad
3328 3825 3440 3878 cel-

162 3899 379 3951 κελλίον
405 3915 536 3968 μου,
564 3899 660 3953 καὶ
691 3901 962 3972 ἐκοιμήθη
985 3919 999 3934 ο
1032 3905 1128 3957 καὶ
1162 3904 1500 3975 θεασάμενος
1527 3906 1624 3977 τὴν
1651 3907 1692 3960 δι

1910 3925 1968 3961 im
2005 3925 2212 3976 meam,
2247 3911 2434 3980 ibique
2469 3911 2831 3980 pernoctavit.
2868 3909 3068 3967 Videns
3101 3921 3283 3969 autem
3319 3930 3440 3970 mo-

159 3991 351 4060 γωγὴν
401 3990 515 4042 τῶν
568 3992 838 4062 μοναχῶν,
874 3993 1023 4062 λέγει
1060 4012 1182 4066 μοι·
1216 3995 1403 4060 Οὕτως
1452 3998 1689 4068 διάγοντε

1907 4001 2166 4055 achorum
2195 4001 2411 4058 vivendi
2441 4003 2731 4067 rationem,
2764 4004 2841 4056 ait
2871 4004 3005 4057 mihi
3039 4023 3051 4058 :
3085 4005 3165 4058 lta
3191 4015 3437 4075 agentes,

157 4082 310 4136 οὐδὲν
337 4083 600 4152 θεωρεῖτε
627 4086 778 4155 παρὰ
804 4085 880 4156 τῷ
906 4086 1024 4156 Θεῴ
1052 4087 1240 4158 ὐμῶν;
1267 4090 1379 4142 Kal
1412 4089 1555 4158 λέγω
1577 4091 1687 4144 αὺτι

1905 4093 2067 4149 ihilne
2109 4095 2435 4166 conspicitis
2475 4110 2504 4148 a
2549 4094 2660 4149 Deo
2694 4097 2918 4150 vestro?
2955 4095 3089 4152 Dico
3124 4098 3176 4152 ei
3216 4116 3231 4153 :
3270 4097 3435 4153 Nihil.

157 4173 314 4243 Οὐχί.
348 4175 468 4226 Kal
504 4173 654 4243 λέγει
702 4193 793 4245 μοι
835 4179 863 4230 6
906 4178 1116 4248 ἱερεύς·
1163 4180 1314 4244 Τέως
1356 4180 1515 4251 ἡμῶν
1549 4183 1687 4251 ἱερου

1907 4187 2076 4258 xcipit
2106 4189 2366 4244 sacerdos
2401 4208 2414 4243 :
2449 4187 2612 4244 Certe
2645 4189 2807 4244 nobis
2841 4189 3287 4246 sacrificantibus
3321 4190 3435 4246 Deo

155 4266 406 4331 γούντων
451 4267 532 4338 τῷ
584 4267 706 4338 Θεῷ
749 4268 927 4340 ήμῶν,
969 4271 1122 4326 οὐδὲν
1165 4272 1398 4342 κρύπτει
1440 4274 1534 4343 ἀφ’
1574 4275 1685 4344 ήμᾶ

1905 4285 2070 4345 ostro,
2101 4278 2240 4333 nihil
2267 4278 2358 4334 ille
2389 4294 2419 4332 a
2450 4279 2612 4334 nobis
2639 4280 2949 4345 abscondit,
2980 4279 3075 4336 sed
3101 4296 3200 4336 sua
3229 4290 3435 4354 myste-

154 4357 292 4411 ἀλλὰ
340 4358 727 4412 ἀποκαλύπτει
789 4362 924 4430 ἡμῖν
959 4360 1031 4414 τὰ
1081 4363 1357 4434 μυστήρια
1411 4363 1611 4417 αὐτοῦ’
1658 4382 1684 4418 κ

1907 4385 1937 4423 a
1970 4372 2194 4426 revelat.
2220 4369 2331 4427 Vos
2358 4387 2510 4436 vero,
2544 4381 2669 4443 post
2701 4380 2779 4427 tot
2811 4372 3049 4439 labores,
3081 4376 3317 4446 vigilias,
3349 4393 3437 4432 se-

153 4448 315 4518 ύμείς
345 4450 645 4516 τοσούτους
686 4452 891 4516 κόπους
921 4454 1220 4518 ποιοῦντες,
1260 4457 1683 4528 ἀγρυπνίας,ήσ

1903 4463 2155 4527 essiones,
2172 4473 2225 4519 et
2247 4465 2598 4522 austeritates
2617 4509 2631 4532 ,
2649 4465 2780 4530 ain’,
2803 4465 2948 4520 Nihil
2973 4468 3281 4522 intuemur?
3302 4467 3433 4523 Oni-

153 4541 276 4610 χίας
325 4543 428 4595 καὶ
465 4543 764 4613 ἀσκήσεις,
815 4544 995 4613 λέγεις
1043 4547 1126 4599 ὅτι
1176 4547 1342 4600 Οὐδὲν
1396 4547 1683 4621 θεωροῦμει

1904 4556 1987 4608 lno
2032 4554 2219 4626 igitur,
2262 4554 2310 4609 si
2356 4555 2495 4608 nihil
2539 4557 2808 4626 aspicitis,
2853 4558 3215 4627 cogitationes
3258 4559 3434 4615 malas

151 4633 382 4698 Πάντως
427 4631 540 4701 οὖν,
577 4638 626 4689 ει
673 4637 828 4690 οὐδὲν
883 4637 1172 4709 θεωρεῖτε,
1219 4639 1515 4710 λογισμοὺς
1578 4659 1681 4694 πονε

1901 4645 2101 4699 etinetis
2131 4648 2186 4698 in
2217 4644 2480 4700 cordibus
2507 4647 2737 4711 vestris,
2769 4662 2890 4716 qua:
2917 4663 3017 4704 vos
3046 4663 3076 4701 a
3105 4648 3218 4704 Deo
3244 4659 3431 4704 vestro

152 4725 280 4794 ρους
314 4727 474 4796 ἔχετε
513 4729 592 4790 εις
624 4728 723 4791 τὰς
763 4728 990 4799 καρδίας
1032 4729 1207 4800 ὑμῶν,
1254 4732 1381 4794 τοὺς
1412 4732 1682 4802 χωρίζοντα

1899 4734 2184 4805 :jungunt,
2225 4744 2388 4805 atque
2428 4735 2552 4790 ideo
2587 4753 2699 4790 non
2739 4737 2942 4791 revelat
2973 4738 3129 4793 vobis
3167 4742 3429 4811 mysteria

148 4817 295 4888 ὑμᾶς
329 4820 442 4872 ἀπὸ
479 4820 575 4872 τοῦ
605 4822 740 4874 Θεοῦ
781 4822 956 4892 ὑμῶν,
991 4825 1084 4876 καὶ
1112 4823 1200 4877 διὰ
1231 4825 1390 4878 τοῦτο
1417 4827 1516 4879 οὐκ
1537 4827 1678 4880 ἀποκ

1899 4842 1971 4880 ia.
2003 4826 2123 4880 Abii
2157 4841 2279 4896 ego,
2310 4827 2669 4896 nuntiavique
2723 4827 2950 4882 senibus
2975 4829 3139 4884 verba
3172 4830 3429 4885 sacerdo-

144 4909 411 4964 λύπτεται
440 4913 570 4977 ὑμῖν
597 4913 665 4966 τὰ
696 4915 969 4985 μυστήρια
998 4915 1182 4970 αὑτοῦ.
1213 4917 1324 4971 Kal
1351 4917 1616 4988 anilem,
1649 4938 1674 4973 κ

1896 4934 1941 4973 s.
1971 4917 2048 4973 llli
2082 4917 2337 4972 admirati
2368 4925 2519 4985 sunt,
2546 4918 2994 4990 alIirmaruntque
3019 4921 3094 4975 ita
3120 4937 3265 4988 esse,
3291 4924 3424 4994 quia

143 5001 451 5073 ἁνήγγειλα
480 5007 596 5068 τοῖς
635 5007 854 5075 γέρουσι
896 5006 964 5060 τὰ
996 5008 1220 5078 ῥήματα
1249 5008 1343 5062 τοῦ
1381 5010 1589 5081 ἱερέως.
1631 5013 1673 5064 Κ

1852 5011 2081 5082 impura:
2112 5012 2476 5083 cogitationes
2507 5022 2764 5082 separant
2792 5011 2962 5068 Deum
2995 5015 3063 5070 ab
3091 5015 3335 5071 homine.

141 5094 494 5164 ἐθαύμασαν,
547 5095 644 5149 καὶ
681 5092 845 5149 εἶπαν
894 5097 977 5150 ὅτι
1027 5096 1200 5162 οὕτως
1239 5099 1410 5153 ἐστίν.
1457 5098 1524 5154 Οἱ
1583 5101 1692 5172 γὰρ
1724 5101 2026 5174 ἀκάθαρτοι
2077 5101 2330 5174 λογισμοὶ
2372 5104 2666 5175 χωρίζουσι
2709 5103 2804 5159 τὸν
2848 5105 2980 5160 Θεὸν
3030 5107 3140 5162 ἀπὸ
3184 5106 3281 5163 τοῦ
3329 5109 3428 5161 ἁν-

141 5188 387 5259 θρώπου.

213 5281 281 5350 β’.
338 5283 400 5334 '0
445 5281 622 5345 sese;
678 5281 975 5354 Ὀλύμπιος
1015 5286 1044 5337 6
1087 5284 1197 5338 τῶν
1256 5284 1502 5338 Κελλίων
1545 5283 1740 5337 ἐπολε-

1917 5285 1968 5338 2.
2015 5285 2198 5340 Abbas
2224 5284 2508 5354 Olympius
2549 5284 2825 5341 Cellarum
2857 5286 3211 5359 impugnatus
3236 5298 3319 5346 est
3349 5289 3416 5344 ad

143 5372 290 5443 μήθη
347 5374 432 5436 εἰς
480 5373 761 5443 πορνείαν.
809 5375 921 5427 Kal
971 5374 1121 5443 λέγει
1172 5374 1320 5448 αύτῷ
1365 5376 1394 5428 6
1435 5375 1673 5444 λογισμόι

1884 5378 2282 5433 ιηιὶοθιὶοηθιιι.
2308 5376 2374 5432 Et
2399 5385 2634 5433 mentem
2658 5378 2776 5446 ejus
2799 5377 2950 5434 subit
2974 5381 3233 5452 cogitatio
3260 5381 3414 5438 haec:

141 5466 383 5533 ’Υπαγε,
410 5466 544 5519 λάϐε
571 5470 826 5535 γυναῖκα.
857 5468 967 5521 Καὶ
1011 5469 1251 5532 ἀναστὰς
1280 5469 1504 5540 ἐποίησε
1537 5467 1671 5537 πηλὲ

1888 5470 2014 5532 ade,
2043 5470 2230 5538 accipe
2253 5483 2501 5523 uxorem.
2530 5469 2720 5540 Itaque
2767 5485 2998 5541 surgens
3034 5472 3204 5527 lutum
3229 5473 3418 5529 confe-

142 5561 232 5610 καὶ
263 5555 469 5610 ἔπλασε
504 5562 758 5627 γυναῖκα,
794 5561 888 5613 καὶ
921 5559 1068 5629 λέγει
1105 5559 1314 5631 ἐαυτῷο
1355 5560 1487 5614 Ἰδοὺ
1527 5562 1561 5630 ἡ
1595 5576 1672 5626 γυε

1883 5564 1944 5626 Lt,
1974 5575 2038 5615 ac
2067 5559 2320 5615 formavit
2351 5560 2658 5616 mulierem.
2684 5560 2935 5633 Dicitque
2963 5565 3106 5634 apud
3139 5580 3198 5620 se
3229 5583 3242 5619 :
3273 5565 3413 5620 Ecce

141 5671 268 5705 σηυ·
305 5656 466 5726 χρεία
508 5650 602 5708 οὖν
643 5656 970 5726 ἐργάζεσθαι
1007 5656 1197 5721 πολλὰ,
1243 5658 1329 5711 ἵνα
1367 5657 1587 5728 θρέψεις
1626 5674 1671 5709 a‘

1880 5669 1977 5708 xor
2009 5661 2117 5707 tua.
2155 5654 2380 5724 Oportet
2415 5654 2582 5724 igitur
2612 5655 2841 5710 multum
2877 5657 3122 5728 cperari,
3154 5674 3264 5729 quo
3295 5659 3410 5712 alas

143 5745 262 5810 τήν.
290 5748 401 5800 Kal
435 5745 714 5817 ἠργάζετο
747 5748 951 5802 κοπιῶν
979 5748 1168 5803 πολλὰ.
1200 5750 1308 5804 Ka':
1347 5749 1462 5820 μεθ’
1492 5747 1673 5821 ἡμέρα

1877 5763 1975 5804 am.
2013 5747 2167 5803 Unde
2205 5747 2555 5820 operabatur,
2591 5747 2846 5807 laborans
2884 5750 3203 5819 plurimum.
3238 5749 3407 5808 Paulo
