3874 6300
382 274 492 333 Sis

1541 272 1889 329 APPENDIX
1930 273 2022 328 AD
2057 270 2480 328 PALLADIUM.

3522 262 3629 318 διο

378 396 504 460 post
543 387 740 441 iterum
785 386 927 441 facto
969 389 1116 451 luto,
1165 389 1271 443 sibi
1321 388 1475 443 tinxit
1519 388 1721 451 tiliam,
1764 390 1949 458 aitque

2083 389 2212 442 τάλιν
2254 389 2485 457 ποιήσας
2516 385 2706 457 πηλὸν,
2735 382 2967 436 έπλασεν
2997 377 3176 449 ἑαυτῷ
3205 376 3505 448 θυγατέρι,
3535 378 3630 430 καὶ

379 480 562 534 animo
597 493 699 533 suo
736 497 749 532 :
786 477 1001 549 Peperit
1040 495 1176 533 uxor
1210 491 1335 545 tua;
1373 494 1599 535 necesse
1633 480 1799 534 habes
1833 495 1950 533 am-

378 571 524 642 plius
565 570 802 640 operari,
843 579 902 625 ut
945 571 1125 641 possis
1165 571 1377 625 nutrire
1420 585 1485 625 ac
1526 582 1708 640 tegere
1745 570 1949 641 prolem

380 673 554 718 tuam.
582 664 759 732 Atque
786 647 863 717 ita
894 664 1129 725 faciens,
1160 665 1455 718 maceravit
1484 680 1562 719 se.
1590 662 1729 716 Tum
1762 664 1828 717 ad
1860 678 1952 718 co-

382 758 696 827 gitationem
745 775 758 811 :
800 754 915 809 Non
963 758 1219 825 amplius,
1266 756 1465 825 inquit,
1511 756 1666 808 valeo
1712 755 1950 808 laborem

382 850 676 903 sustinere.
705 848 1028 917 Adjecitque
1057 867 1070 902 :
1104 848 1161 901 Si
1193 863 1300 903 non
1329 849 1480 903 vales
1512 848 1753 901 laborem
1785 846 1952 909 ferre,

384 956 485 994 nec
514 956 737 994 uxorem
770 956 1004 1010 quzeras.
1036 941 1302 996 Caeterum
1333 941 1498 1005 Deus,
1529 954 1761 994 cernens
1790 954 1954 993 vexa-

380 1032 585 1085 tionem
613 1031 754 1099 ejus,
788 1032 1011 1086 sustulit
1040 1033 1107 1087 ah
1138 1048 1203 1088 eo
1232 1033 1548 1087 tentationis
1582 1031 1815 1093 bellum;
1846 1031 1956 1085 sic-

384 1140 489 1193 que
518 1125 847 1195 conquievit.
1847 1113 1857 1123 ’

888 1255 966 1310 De
1001 1256 1186 1310 abbate
1225 1256 1449 1313 Orsisio.

457 1389 512 1442 1.
537 1389 648 1459 (69}
668 1389 811 1443 Dixit
827 1391 996 1446 abbas
1015 1390 1293 1449 Orsisius:
1325 1392 1487 1449 Later
1510 1397 1736 1462 crudus,
1758 1398 1812 1453 in
1836 1397 1960 1453 fun-

2050 480 2198 549 λέγει
2251 480 2330 550 τῷ
2384 476 2629 549 λογισμῷ
2682 473 2882 530 αὑτοῦ*
2931 473 3155 526 Ἐτεκεν
3199 472 3231 541 ἡ
3287 469 3424 538 γυνή
3490 484 3588 520 σου
3616 490 3627 498 ο

2052 573 2240 643 χρείαν
2278 572 2422 642 ἔχεις
2452 570 2838 642 περισσότερον
2876 561 3236 637 ἐργάσασθαι,
3273 562 3361 614 ἵνα
3394 558 3634 628 δυνηθῇς

2053 664 2248 735 θρέψαι
2300 664 2360 717 τὸ
2411 664 2598 716 τέκνον
2649 678 2765 725 σου,
2821 659 2913 712 καὶ
2942 698 2945 701 μ
2973 654 3267 710 σκεπάσαι.
3301 651 3406 705 Καὶ
3455 649 3635 710 οὕτως

2054 759 2221 810 ποιῶν
2267 756 2455 828 ἔτηξεν
2488 754 2681 810 ἑαυτὸν
2709 792 2723 817 ,
2754 752 2849 806 καὶ
2896 749 3044 817 λέγει
3077 747 3153 819 τῷ
3205 742 3476 813 λογισμῷ·
3515 742 3633 794 θύκ

2054 849 2134 902 ἔτι
2170 849 2335 918 ἰσχύω
2380 846 2677 917 ὑποφέρειν
2715 844 2806 897 τὸν
2846 843 3031 899 κόπον.
3074 838 3185 891 Καὶ⁸
3214 832 3401 890 εἶπεν’
3433 835 3494 887 Εἰ
3527 833 3635 886 οὐκ

2059 940 2261 1011 ἰσχύεις
2308 938 2602 1008 ὑποφέρειν
2645 935 2736 988 τὸν
2775 933 2963 996 κόπον,
3001 930 3133 1001 μηδὲ
3175 930 3405 997 γυναῖκα
3459 925 3654 995 ζητήο,

2058 1050 2176 1102 σῃς.
2206 1033 2313 1085 Καὶ
2346 1031 2465 1084 ἰδὼν
2493 1032 2521 1083 6
2553 1028 2686 1091 Θεὸς
2716 1026 2809 1080 τὸν
2837 1025 3005 1079 κόπον
3034 1021 3221 1084 αὑτοῦ,
3244 1017 3376 1091 ἦρεν
3402 1018 3497 1072 ἀπ’
3534 1018 3638 1070 αὐ-

2053 1123 2150 1176 τοῦ
2183 1122 2273 1176 τὸν
2309 1122 2561 1193 πόλεμον,
2595 1120 2690 1173 καὶ⁴
2720 1119 2952 1187 ἀνεπάη.

2435 1250 2574 1317 Περί
2595 1242 2717 1303 τοῦ
2752 1246 2900 1303 ἀὸϐᾶ
2941 1244 3257 1313 Ὀγχηστίου.

2128 1393 2196 1442 α’.
2234 1382 2401 1438 Εἶπεν
2441 1387 2471 1438 6
2505 1382 2677 1446 άϐϐἄς
2708 1380 3009 1452 Ὀρσίσιοςο
3051 1374 3276 1439 Πλίνθος
3316 1374 3470 1444 ὠμὴ,
3508 1371 3643 1441 βαλ-

386 1480 701 1537 damentum
732 1483 887 1552 juxta
920 1483 1117 1539 ﬂumen
1150 1486 1374 1548 missus,
1406 1502 1514 1541 non
1548 1489 1755 1544 resistit
1788 1507 1958 1545 unum

2083 1478 2258 1549 ,ομένη
2291 1479 2372 1541 εἰς
2405 1476 2653 1546 θεμέλιον
2690 1474 2857 1541 ἐγγὺς
2909 1468 3178 1539 ποταμοῦ,
3230 1467 3328 1539 οὐχ
3373 1465 3645 1535 ὑπομένει

386 1573 565 1637 diem;
602 1583 793 1629 coctus
829 1590 990 1639 vero,
1026 1583 1288 1646 tanquam
1328 1578 1466 1647 lapis
1503 1588 1831 1649 perseverat.
1870 1579 1961 1634 Sic

2083 1571 2190 1625 ιίαν
2230 1570 2471 1641 ἡμέραν·
2505 1566 2645 1636 ὀπτὴ
2688 1565 2765 1628 δὲ,
2815 1563 2890 1627 ὡς
2935 1561 3083 1624 λίθος
3126 1559 3395 1630 διαμένει.
3451 1556 3648 1618 Οὕτως

389 1666 552 1720 homo
581 1668 675 1735 qui
708 1669 980 1722 carnalem
1014 1684 1231 1723 sensum
1265 1669 1448 1734 habet,
1482 1686 1583 1725 nec
1613 1671 1965 1740 quemadmo-

2083 1661 2347 1732 ἱνθρωπος
2373 1656 2631 1730 σαρκικὸν
2658 1655 2913 1728 φρόνημα
2940 1651 3100 1724 ἔχων,
3133 1650 3227 1705 καὶ
3260 1649 3335 1721 μὴ
3365 1647 3647 1719 πυρωθείς

388 1758 518 1812 dum
570 1757 771 1829 Ioseph
825 1760 1028 1830 ignitus
1075 1770 1157 1816 est
1209 1762 1405 1815 timore
1454 1760 1584 1826 Dei,
1640 1761 1961 1816 dissolvitur

2083 1754 2204 1807 ιατὰ
2238 1753 2330 1805 τὸν
2371 1750 2567 1821 Ἰωσὴφ
2593 1749 2672 1820 τῷ
2706 1747 2855 1819 φόϐῳ
2876 1748 2919 1779 ⁸⁷
2958 1746 3051 1799 τοῦ
3083 1743 3239 1808 Θεοῦ,
3281 1743 3466 1796 λύεται
3514 1757 3652 1812 προ-

388 1849 607 1917 quando
638 1850 883 1920 procedit
910 1852 975 1903 ad
1007 1852 1314 1920 imperium.
1341 1851 1517 1905 Multae
1540 1853 1682 1905 enim
1712 1860 1839 1907 sunt
1864 1852 1961 1904 bo—

389 1954 509 1991 rum
547 1940 896 2003 tentationes,
932 1941 1073 1994 inter
1102 1940 1351 1995 homines
1385 1941 1716 2011 degentium.
1751 1941 1959 1995 Bonum

391 2041 568 2086 autem
594 2040 700 2094 est,
727 2040 785 2086 ut
809 2034 932 2102 quis
955 2047 1293 2103 cognoscens
1318 2031 1596 2086 modulum
1621 2048 1799 2098 suum,
1822 2048 1961 2087 onus

390 2123 729 2193 principatus
765 2123 1020 2194 refugiat.
1057 2123 1291 2178 Stabiles
1331 2139 1459 2178 vero
1515 2124 1568 2177 in
1608 2124 1710 2179 title
1740 2134 1963 2180 manent

390 2217 625 2272 immoti.
652 2216 725 2271 De
747 2217 864 2287 ipso
885 2218 1085 2287 quippe
1109 2217 1458 2271 sanctissimo
1481 2214 1715 2285 Joseplio
1738 2218 1784 2271 si
1807 2220 1963 2287 quis-

391 2309 536 2378 piam
561 2309 795 2363 voluerit
828 2308 995 2378 loqui,
1024 2316 1234 2363 asscret
1260 2322 1383 2362 eum
1414 2323 1520 2361 non
1549 2308 1829 2363 exstitisse
1855 2318 1960 2363 ter-

391 2415 604 2456 renum.
641 2400 870 2466 Quantis
913 2400 1191 2470 impetitus
1230 2408 1312 2455 est
1355 2398 1784 2464 tentationibus,
1820 2410 1874 2454 et
1909 2402 1962 2454 in

392 2493 699 2564 cuiusmodi
736 2495 986 2563 regione,
1018 2494 1107 2547 ubi
1147 2504 1277 2546 tunc
1309 2491 1570 2561 temporis
1602 2509 1708 2545 non
1740 2488 1967 2562 appare-

393 2582 484 2637 bat
517 2584 698 2639 cultus
733 2585 899 2637 divini
936 2584 1258 2652 vestigium?
1296 2581 1399 2638 Sed
1450 2583 1593 2637 Deus
1628 2592 1845 2653 patrum
1884 2584 1969 2655 ip-

395 2676 511 2730 sius
538 2691 660 2729 cum
692 2691 757 2730 eo
786 2683 932 2737 erat,
964 2675 1272 2745 eripuitque
1307 2675 1457 2727 illum
1487 2688 1553 2728 ex
1587 2675 1841 2728 omnibus
1871 2690 1967 2729 an-

395 2767 625 2838 gustiis;
658 2775 711 2821 et
750 2783 894 2821 nunc
930 2782 1052 2821 cum
1091 2767 1334 2837 patribus
1380 2764 1497 2820 suis
1531 2764 1678 2835 degit
1712 2768 1766 2819 in
1802 2782 1968 2835 regno

397 2859 683 2913 calorum.
721 2860 863 2929 Ergo
908 2874 1008 2914 nos
1053 2874 1303 2929 quoque,
1343 2866 1703 2929 agnoscentes
1746 2860 1967 2913 modum

398 2959 670 3017 nostrum,
696 2952 1062 3007 decertemus.
1085 2951 1185 3007 Vix
1215 2953 1361 3007 enim
1384 2951 1469 3005 vel
1498 2950 1580 3005 sic
1607 2950 1844 3022 eﬂ'ugere
1873 2968 1973 3023 po-

399 3046 625 3099 terimus
657 3045 924 3115 judicium
963 3047 1074 3100 Dei.

469 3160 525 3214 2.
562 3159 675 3231 (70)
707 3158 851 3213 Dixit
881 3161 1075 3214 iterum
1104 3177 1117 3213 :
1143 3157 1257 3213 Nisi
1288 3158 1451 3213 homo
1479 3165 1625 3213 recle
1651 3157 1973 3212 custodierit

401 3267 498 3308 cor
525 3268 706 3317 suum,
743 3262 873 3323 puto
902 3251 1047 3322 quod
1076 3267 1414 3322 quaecunque
1445 3251 1653 3305 audivit
1683 3251 1974 3305 oblivisce-

402 3357 496 3400 tur
523 3361 588 3401 ac
618 3348 877 3418 negliget;
910 3358 1070 3416 atque
1100 3347 1172 3400 ita
1204 3347 1480 3409 inimicus,
1512 3346 1691 3401 locum
1725 3347 1776 3400 in
1800 3362 1865 3401 eo
1890 3338 1995 3399 in-l

403 3441 651 3502 veniens,
675 3456 798 3496 eum
825 3440 1061 3509 dejiciet.
1088 3439 1553 3506 Quemadmodum
1583 3441 1728 3495 enim
1759 3440 1979 3493 lucerna

407 3542 665 3603 apparata
708 3541 762 3586 et
802 3533 1024 3597 lucens,
1067 3533 1111 3587 si
1154 3532 1460 3603 negligatur
1498 3541 1556 3585 ut
1599 3549 1705 3585 non
1750 3531 1980 3600 accipiat

408 3627 612 3690 oleum,
648 3626 910 3697 paulatim
947 3625 1337 3697 exstinguitur,
1376 3640 1439 3678 ac
1477 3625 1735 3694 deinceps
1771 3640 1983 3693 prazvaa

407 3717 520 3772 lent
553 3716 789 3771 teucbra:
822 3716 1087 3772 adversus
1116 3731 1273 3781 eam;
1306 3730 1480 3785 neque
1510 3716 1615 3769 hoc
1646 3715 1852 3781 solum;
1886 3713 1981 3769 sed

407 3810 570 3863 etiam
605 3809 892 3887 contingit,
928 3807 1146 3879 quando
1178 3823 1302 3863 mus
1336 3806 1404 3863 ad
1436 3807 1716 3862 lucernam
1754 3807 1980 3869 accedit,

408 3917 659 3971 quaerens
701 3901 1002 3954 funiculum
1048 3900 1343 3970 peredere;
1390 3910 1518 3954 ante
1558 3899 1776 3969 quidem
1818 3914 1981 3968 quam

409 3993 683 4049 exstincta
712 3993 930 4062 penitus
955 3993 1047 4055 sit,
1077 3992 1378 4061 frigeatque
1403 3992 1604 4052 oleum,
1633 4006 1738 4045 non
1769 3999 1983 4060 potest;

411 4085 558 4155 quod
596 4085 639 4138 si
676 4084 1047 4151 conspexerit,
1082 4099 1191 4138 non
1227 4085 1391 4138 modo
1424 4084 1616 4139 abesse
1652 4084 1856 4147 lumen,
1889 4081 1986 4137 sed

410 4183 469 4231 et
500 4176 735 4229 calorem
767 4176 931 4244 ignis,
960 4184 1092 4229 tunc
1121 4176 1408 4230 extrahere
1438 4176 1623 4229 volens
1660 4174 1985 4235 funiculum,

416 4267 693 4323 luco-mam
727 4283 944 4337 quoque
972 4267 1159 4336 dejicit
1189 4286 1203 4322 :
1233 4281 1355 4337 qua:
1386 4268 1429 4321 si
1460 4274 1700 4321 testacea
1732 4267 1826 4326 sit,
1856 4279 1992 4318 con-

418 4357 715 4428 fringitur;
744 4358 791 4411 si
816 4372 946 4412 vero
972 4372 1120 4411 aenea
1142 4395 1157 4418 ,
1189 4372 1218 4409 a
1248 4354 1643 4427 patrefamilias
1675 4355 1869 4408 iterum
1903 4353 1990 4406 in-

2066 1842 2234 1897 ελθὼν
2272 1844 2352 1906 εἰς
2394 1842 2590 1913 ἀρχήν.
2622 1839 2814 1892 Πολλοὶ
2845 1837 2953 1910 γὰρ
3009 1835 3117 1890 τῶν
3144 1833 3399 1888 τοιούτων
3426 1835 3475 1885 οἱ
3524 1848 3651 1884 πειο

2070 1936 2286 2007 ρασμοί,
2326 1937 2383 1988 ἐν
2415 1933 2565 2004 μέσῳ
2595 1930 2895 2003 ἀνθρώπων
2940 1929 3109 1982 όντων
3131 1927 3197 1981 ³⁸.
3228 1924 3403 1980 Καλὸν
3432 1924 3489 1977 δέ
3521 1939 3651 1975 τινα

2068 2029 2242 2081 εἰδότα
2279 2025 2348 2079 τά
2387 2025 2492 2078 ἴδια
2534 2024 2727 2095 μέτρα,
2769 2023 3101 2091 ἀποφεύγειν
3135 2018 3196 2072 τὸ
3230 2018 3394 2090 βάρος
3421 2017 3522 2086 τῆς
3549 2016 3653 2084 ἀρ-

2067 2120 2188 2191 χῆς.
2227 2119 2289 2172 Οἰ
2340 2117 2399 2170 δὲ
2450 2116 2653 2187 ἑδραῖοι
2700 2116 2766 2184 τῇ
2823 2114 3035 2177 πίστει,
3087 2106 3476 2180 ἀμετακίνητοί
3515 2108 3649 2158 εἰσι.

2070 2214 2207 2284 Περὶ
2253 2210 2416 2264 αὑτοῦ
2451 2208 2558 2280 γὰρ
2592 2206 2687 2261 τοῦ
2723 2206 3025 2274 ἁγιωτάτου
3076 2202 3273 2273 Ἰωσὴφ
3311 2200 3404 2253 ἐὰν
3443 2198 3654 2269 θελήσῃ

2069 2325 2151 2370 τις
2182 2306 2429 2371 λαλῆσαι,
2464 2303 2633 2371 λέγει,
2662 2303 2743 2355 ὅτι
2775 2302 2874 2353 οὐκ
2909 2299 3151 2367 ἐπίγειος
3180 2292 3270 2366 ἦν.
3314 2293 3462 2348 Πόσα
3500 2294 3655 2344 ἐπει-

2076 2399 2267 2472 ράσθη,
2307 2398 2400 2451 καὶ
2434 2399 2491 2449 ὲν
2542 2393 2671 2466 ποία
2703 2392 2888 2466 χώρᾳ,
2931 2392 3061 2444 ὃπου
3092 2389 3192 2442 οὐκ
3221 2382 3290 2459 ἦν
3335 2385 3458 2439 τότε
3504 2384 3654 2453 ἴχνος

2073 2489 2378 2552 θεοσεϐείας
2401 2504 2415 2552 ;
2453 2484 2590 2539 Ἀλλ’
2615 2486 2642 2538 6
2672 2483 2808 2546 Θεὸς
2837 2481 2945 2534 τῶν
2970 2483 3217 2554 πατέρων
3244 2477 3408 2531 αὐτοῦ
3431 2472 3500 2547 ἦν
3532 2478 3653 2546 μετ⁹

2074 2580 2260 2645 αὑτοῦ,
2316 2580 2409 2633 καὶ
2453 2576 2685 2651 ἐξείλετο
2726 2575 2889 2628 αὐτὸν
2933 2574 2998 2626 ἐκ
3044 2572 3223 2641 πάσης
3267 2569 3518 2638 θλίψεως,
3554 2569 3655 2621 καὶ

2074 2672 2169 2726 νῦν
2207 2674 2323 2725 ἐστι
2367 2670 2504 2741 μετὰ
2553 2667 2668 2725 τῶν,
2711 2666 2962 2737 πατέρων
3013 2662 3176 2716 αὐτοῦ
3210 2663 3268 2714 ἐν
3298 2663 3364 2732 τῇ
3402 2659 3656 2731 βασιλεία

2075 2765 2181 2819 τῶν
2229 2761 2491 2834 οὐρανῶν.
2533 2760 2644 2814 Καὶ
2673 2761 2832 2830 ἡμεῖς
2862 2756 3040 2810 τοίνυν
3071 2753 3379 2820 ἐπιγνόντες
3408 2750 3479 2804 τὰ
3520 2753 3654 2804 ἑαυ-

2074 2855 2182 2910 τῶν
2231 2854 2424 2925 μέτρα,
2455 2848 2851 2921 ἀγωνισώμεθα
2871 2865 2883 2877 ·
2925 2847 3077 2918 μόλις
3109 2845 3218 2916 γὰρ
3250 2843 3393 2897 οὔτω
3424 2841 3659 2910 δυνησό-

2080 2949 2220 3022 μεθα
2255 2947 2513 3016 ἐκφυγεῖν
2545 2943 2643 3015 τὴν
2674 2942 2853 3015 κρίσιν
2879 2940 2971 2992 τοῦ
3003 2936 3158 2991 Θεοῦ.

2144 3150 2219 3223 β’.
2258 3146 2397 3203 Εἷπε
2432 3148 2591 3202 πάλιν
2612 3164 2624 3176 ·
2659 3141 2883 3214 Νῡμίξω
2913 3142 3006 3195 ἐὰν
3038 3139 3111 3211 μὴ
3135 3126 3415 3209 ἀνθρώπος
3446 3131 3669 3205 φυλάξῃ

2082 3247 2178 3316 τὴν
2212 3243 2404 3297 ἑαυτοῦ
2436 3240 2658 3313 καρδίαν
2692 3236 2894 3303 καλῶς,
2922 3235 3101 3287 πάντα
3142 3235 3244 3287 ὅσα
3270 3232 3501 3302 ἧκουσεν
3542 3229 3665 3279 ἐπι⁹

2084 3337 2405 3391 λανθάνεται
2439 3335 2532 3388 καὶ
2568 3333 2788 3402 ἀμελεῖ·
2829 3329 2923 3382 καὶ
2964 3325 3136 3389 οὕτως
3176 3327 3204 3378 6
3246 3321 3439 3394 ἐχθρὸς
3482 3317 3667 3391 εὑρὼν

2089 3433 2145 3484 ἐν
2175 3428 2323 3497 αὐτῷ
2367 3428 2552 3489 τόπον,
2604 3423 2929 3477 καταϐάλλει
2968 3420 3146 3473 αὐτόν.
3177 3418 3383 3485 Ὥσπερ
3414 3412 3525 3484 γὰρ
3567 3409 3663 3463 λύ-

2087 3537 2212 3591 χνος
2264 3515 2583 3578 σκευασθείς
2629 3514 2722 3566 καὶ
2756 3512 2984 3581 φαίνων,
3033 3508 3129 3561 ἐὰν
3177 3502 3424 3575 ἀμεληθῇ
3475 3501 3668 3555 λαϐεῖν

2088 3609 2286 3675 ἔλαιον,
2335 3607 2455 3660 κατ’
2487 3604 2662 3672 ὀλίγον
2714 3602 3017 3662 σϐέννυται,
3069 3596 3163 3649 καὶ
3210 3593 3393 3646 λοιπὸν
3440 3591 3668 3645 ἐνδυνα-

2094 3701 2286 3773 μοῦται
2320 3694 2379 3752 τὸ
2410 3697 2601 3759 σκότος
2629 3695 2749 3747 κατ’
2779 3691 2972 3747 αὐτοῦ’
3007 3690 3068 3742 ού
3113 3688 3270 3758 μόνον
3295 3684 3369 3745 δὲ,
3402 3683 3540 3737 ἀλλὰ
3572 3683 3671 3735 καὶ

2091 3794 2169 3848 ενι
2209 3795 2335 3846 ὅταν
2364 3791 2457 3845 καὶ
2495 3790 2599 3862 μῦς
2635 3789 2760 3861 περὶ
2801 3785 2963 3839 αὑτὸν
3018 3782 3310 3853 ἐρχόμενος
3349 3777 3443 3831 καὶ
3487 3775 3673 3845 ζητῶν

2091 3886 2151 3939 τὸ
2187 3882 2463 3953 ἐλλύχνιον
2482 3881 2844 3958 καταφαγεῖν,
2880 3875 2986 3950 πρὸ
3021 3874 3118 3943 μὲν
3138 3870 3232 3926 τοῦ
3279 3868 3571 3938 σϐεσθῆναι
3607 3867 3675 3920 τὸ

2093 3977 2290 4049 ξλαιον,
2328 3976 2390 4028 οὐ
2422 3975 2643 4027 δύναται
2667 3973 2738 4004 ⁸⁸⁸
2785 3969 2881 4022 ἐὰν
2923 3968 2981 4020 δὲ
3011 3966 3094 4036 ἴδῃ
3139 3966 3223 4019 ὅτι
3270 3963 3329 4015 οὐ
3367 3962 3525 4033 μόνον
3555 3959 3675 4029 φῶς

2094 4069 2194 4122 οὐκ
2228 4067 2361 4139 ἔχει,
2392 4065 2506 4120 ἀλλ’
2529 4065 2649 4118 οὐδὲ
2679 4062 2892 4134 θέρμην
2927 4057 3119 4129 πυρὸς,
3144 4056 3273 4108 τότε,
3304 4054 3364 4106 τὸ
3397 4050 3676 4121 ἐλλύχνιον

2094 4163 2404 4217 ἀνασπάσαι
2450 4159 2639 4219 θέλων,
2671 4153 3000 4210 καταϐάλλει
3046 4151 3141 4203 καὶ
3189 4149 3279 4201 τὸν
3313 4147 3505 4217 λύχνον
3526 4162 3541 4175 ·
3578 4144 3678 4197 καὶ

2097 4253 2190 4306 ἐὰν
2224 4252 2320 4322 μὲν
2430 4248 2772 4319 ὀστράκινον,
2803 4240 3172 4313 συντρίϐεταιο
3217 4237 3311 4292 ἐὰν
3353 4237 3411 4290 δὲ
3438 4233 3678 4305 χαλκοῦν

2097 4343 2316 4416 εὑρεθῇ,
2348 4340 2452 4394 ύπὺ
2494 4337 2590 4393 τού
2639 4335 3017 4391 οἰκοδεσπότου
3071 4328 3391 4393 σκευάζεται
3437 4325 3675 4381 ἄνωθεν·

417 4449 653 4505 struitur
679 4466 692 4502 :
726 4463 909 4519 parem
930 4449 984 4502 in
1018 4448 1262 4513 modum,
1293 4447 1598 4517 negligente
1627 4440 1829 4509 anima,
1860 4459 1972 4499 sen-

2098 4435 2270 4499 οὕτως
2300 4432 2609 4504 ἀμελούσης
2645 4429 2842 4499 ψυχῆς,
2872 4426 2995 4479 ὅσον
3031 4425 3153 4478 ὅσον
3180 4423 3225 4453 ⁵ο
3255 4422 3318 4474 τὸ
3347 4418 3573 4487 Πνεῦμα
3617 4418 3683 4469 τὸ

420 4545 522 4598 sim
557 4542 764 4598 recedit
796 4541 1034 4612 Spiritus
1065 4553 1313 4608 sanctus,
1344 4540 1517 4594 donec
1548 4538 1615 4592 ad
1650 4538 1869 4609 plenum
1900 4537 1994 4591 illa

418 4640 803 4709 exstinguatur
832 4639 1155 4706 amittatque
1189 4638 1425 4692 calorem
1465 4650 1661 4698 suum;
1698 4641 1752 4687 et
1785 4633 1853 4688 de
1886 4637 1995 4687 cge—

419 4741 540 4787 tero
562 4731 741 4788 hostis
766 4731 991 4786 devorat
1015 4730 1209 4783 animae
1233 4729 1567 4782 alacritatem
1591 4744 1606 4794 ;
1634 4741 1834 4794 corpus
1855 4738 1996 4794 quo-

420 4841 528 4894 que
556 4824 735 4879 abolet
762 4823 991 4877 malitia.
1023 4824 1089 4875 At
1117 4822 1161 4875 si
1189 4821 1351 4875 homo
1378 4821 1467 4874 ille
1494 4819 1673 4873 bonus
1725 4817 2000 4873 exstiterit

422 4916 635 4970 ratione
677 4915 904 4970 allectus
943 4930 1069 4985 erga
1113 4913 1312 4976 Deum,
1351 4913 1674 4983 simpliciter
1707 4922 1887 4965 autem
1932 4912 1999 4963 ad

424 5008 810 5077 negligentiam
855 5014 1046 5077 raptus
1089 5006 1287 5071 fuerit,
1329 5005 1503 5069 Deus,
1551 5014 1739 5075 utpote
1782 5004 2001 5059 miseri-

424 5112 573 5163 cors,
600 5099 899 5154 immittens
926 5100 980 5152 in
1005 5114 1128 5153 eum
1157 5100 1407 5153 timorem
1436 5113 1620 5159 suum,
1645 5111 1859 5152 necnon
1884 5109 2002 5149 me-

427 5190 658 5243 moriam
703 5190 1010 5244 futurarum
1056 5203 1366 5258 poenarum,
1407 5197 1561 5259 parat
1602 5203 1696 5243 seu
1737 5185 1901 5241 etiicit
1947 5193 2004 5238 ut

430 5283 650 5354 vigilet,
700 5291 989 5354 servetque
1035 5298 1094 5337 se
1139 5283 1195 5337 in
1248 5291 1525 5353 posterum
1579 5296 1702 5337 cum
1753 5279 2006 5335 cautione

432 5375 621 5441 nul'a,
659 5389 837 5443 usque
868 5372 935 5426 ad
966 5371 1334 5428 visitationem
1370 5387 1548 5429 suam.

2099 4528 2253 4596 ἆγιον
2283 4525 2581 4596 ὑποχωρεῖ,
2609 4522 2714 4584 ἓως
2755 4519 2937 4572 τέλεον
2972 4514 3287 4585 άποσϐεσθῇ
3336 4512 3434 4581 τῆς
3466 4509 3683 4580 θέρμης

2099 4618 2271 4687 αὐτῆς
2290 4634 2303 4647 ·
2335 4616 2430 4670 καὶ
2464 4614 2649 4669 λοιπὸν
2676 4615 2704 4665 6
2731 4602 2944 4683 ὲχθρδς,
2979 4604 3309 4676 καταφαγὼν
3347 4603 3446 4674 τὴν
3476 4601 3686 4676 προθυ-

2102 4709 2230 4780 μίαν
2256 4708 2356 4777 τῆς
2385 4706 2584 4777 ψυχῆς,
2615 4705 2709 4759 καὶ
2744 4704 2805 4756 τὸ
2849 4702 3006 4773 σῶμα
3050 4697 3297 4769 ἀφανίζει
3330 4694 3514 4749 κακία.
3555 4693 3689 4745 Ἐὰν

2098 4797 2210 4875 δὲῇ
2240 4803 2444 4863 ἐκεῖνος
2474 4799 2632 4862 καλὸς
2657 4800 2722 4867 τῇ
2754 4795 2995 4849 διαθέσει
3024 4792 3160 4864 πρὸς
3188 4790 3278 4843 τὸν
3304 4787 3459 4847 Θεὸν,
3489 4782 3687 4875 ἁπλῶς

2099 4892 2155 4946 δὲ
2183 4873 2426 4964 ἧρπάγει
2455 4892 2533 4954 εἰς
2576 4886 2856 4958 ἀμέλειαν.
2886 4886 2915 4937 6
2951 4884 3085 4947 Θεὸς
3125 4881 3199 4945 ὡς
3234 4878 3559 4948 οἰκτίρμων,
3593 4873 3689 4943 βα-

2100 4982 2208 5035 λὼν
2248 4984 2329 5045 είς
2371 4982 2532 5035 αὐτὸν
2563 4980 2654 5033 τὸν
2696 4977 2861 5047 φόϐον
2898 4975 3091 5038 αὐτοῦ,
3138 4974 3233 5026 καὶ
3264 4968 3373 5023 τῶν
3408 4965 3691 5020 κολάσεων

2103 5074 2200 5145 τὴν
2232 5074 2472 5146 μνήμην,
2510 5068 2919 5141 παρασκευάζει
2943 5068 3134 5137 νήφειν
3162 5060 3344 5123 αὐτὸν,
3380 5059 3475 5111 καὶ
3504 5058 3693 5126 τηρεῖν

2106 5169 2294 5224 ἐαυτδν
2342 5170 2422 5231 είς
2458 5166 2528 5219 τὰ
2575 5162 2885 5236 ἔμπροσθεν
2937 5157 3076 5231 μετὰ
3124 5151 3423 5223 ἀσφαλείας
3459 5149 3697 5218 πολλῆς,

2106 5259 2213 5323 ἓως
2236 5260 2335 5329 τῆς
2372 5255 2676 5325 ἐπισκοπῆς
2708 5250 2896 5305 αὑτοῦ.

507 5530 551 5565 ³⁷
579 5529 851 5599 Λ1.λόγω.
927 5529 972 5561 ³⁸
996 5527 1081 5581 Al.
1114 5527 1272 5583 εἰσίν.
1345 5531 1389 5565 ³³
1412 5529 1500 5587 Al.
1530 5529 1625 5585 τοῦ
1656 5527 1833 5583 ἐλαίου
1862 5528 1924 5585 οὐ
1962 5524 2187 5582 δύναται
2212 5520 2539 5594 χρήσασθαι.
2618 5516 2663 5548 ’⁸⁸
2697 5518 2782 5571 Al.
2832 5514 2973 5569 κατὰ
3025 5509 3239 5584 μικρόν.

509 5710 624 5782 (69)
658 5709 763 5765 Vit.
791 5711 941 5764 Patr.
978 5727 1061 5779 xv,
1103 5711 1191 5767 Si.

2193 5700 2304 5774 (70)
2343 5699 2446 5754 Vit.
2479 5698 2631 5753 Patr.
2666 5711 2743 5760 xi,
2778 5694 2867 5749 5'1.
