3874 6304
146 289 247 346 5ιῖ

604 410 769 483 Ἀρχὴ
800 409 895 465 τοῦ
934 414 981 467 Π
1015 415 1298 485 στοιχείου.

541 526 683 596 Περὶ
714 526 819 581 τοῦ
851 525 1003 582 ἀϐϐᾶ
1038 530 1348 599 Ποιμένος.

208 642 281 691 α’.
333 636 576 707 ’Δπῆλθέ
622 655 753 692 ποτε
789 640 819 692 6
865 639 1039 704 ἀϐϐἄς
1092 643 1324 714 Ποιμὴν,
1366 645 1453 698 ὅτε
1485 640 1553 717 ἧν
1597 645 1731 700 νεώ-
1830 642 1835 649 ’

138 746 318 797 τερος.
361 731 505 801 πρός
536 749 658 786 τινα
688 732 939 804 γέροντα,
984 735 1255 807 ἐρωτῆσαι
1270 726 1435 808 ἀὑτῷ
1470 740 1619 810 τρεῖς
1646 738 1734 792 λο-

137 820 402 890 γισμούς.
443 823 536 885 Ὠς
581 819 674 876 οὖν
704 818 836 893 ἦλθε
878 823 1015 896 πρὸς
1063 825 1154 878 τὸν
1198 825 1458 898 γέροντα,
1499 826 1733 899 ὲληθάρο

139 930 311 983 γησεν
344 915 445 969 ἕνα
478 917 543 967 ὲκ
582 915 691 968 τῶν
718 915 888 989 τριῶν
907 932 923 947 ο
957 917 1050 970 καὶ
1076 917 1391 989 ἀνέκαμψεν
1424 920 1502 983 είς
1528 920 1589 973 τὸ
1617 920 1733 974 κελ-

139 1005 251 1058 λίον
290 1007 524 1061 ἑαυτοῦ⁸
558 1008 652 1061 καὶ
674 1007 750 1071 ὡς
784 1007 944 1081 ἔθηκε
974 1008 1071 1081 τὴν
1107 1012 1264 1080 χεῖρα
1296 1011 1502 1076 ἀνοῖξαι
1534 1012 1594 1064 τὸ
1617 1012 1727 1051 δυ’

140 1098 401 1163 κλειδίον,
457 1100 704 1171 ἐμνήσθη
759 1100 850 1154 τὸν
901 1101 1058 1171 λόγον
1107 1101 1166 1155 ὃν
1216 1092 1590 1181 ἐληθάργησε’
1638 1105 1731 1157 καὶ

139 1194 322 1264 ἀφῆκε
359 1194 426 1248 τὸ
466 1194 718 1259 κλειδίον,
754 1194 847 1248 καὶ
877 1194 1159 1268 ἀνέκαμψε
1192 1195 1328 1268 πρὸς
1355 1196 1444 1248 τὸν
1478 1196 1725 1267 γέροντα.

142 1290 250 1342 Καὶ
298 1288 457 1355 λέγει
508 1287 660 1359 αὑτῷ
706 1289 735 1340 6
780 1288 988 1359 γέρων·
1045 1288 1339 1358 Ἐτάχυνας
1385 1287 1478 1340 τοῦ
1533 1288 1727 1352 ἐλθεῖν,

138 1379 365 1448 ἀδελφέ.
413 1379 529 1432 Καὶ
568 1379 864 1451 διηγήσατο
910 1378 1079 1451 αὐτῷ,
1122 1380 1205 1434 ὅτι
1233 1379 1365 1432 Ὅτε
1410 1379 1582 1448 ἔθηκα
1631 1380 1729 1449 τὴν

138 1472 298 1543 χεῖρά
331 1490 438 1542 μου
487 1472 672 1527 λαϐεῖν
718 1473 779 1526 τὸ
812 1472 1065 1539 κλειδίον,
1112 1472 1391 1544 ἐμνήσθην
1437 1472 1530 1525 τὸν
1572 1472 1729 1540 λόγον

137 1566 195 1618 ὃν
242 1564 502 1636 ἐζήτουν,
538 1566 634 1620 καὶ
674 1566 774 1619 οὐκ
815 1563 1034 1636 ἦνοιξα,
1069 1565 1157 1619 διὰ
1203 1564 1363 1619 τοῦτο
1409 1565 1724 1636 ἀνέκαμψα.

136 1653 242 1710 Ἦν
269 1658 334 1712 δὲ
372 1658 435 1711 τὸ
482 1658 659 1729 μῆκος
700 1656 801 1727 τῆς
834 1657 954 1711 ὁδοῦ
1001 1656 1137 1711 πολὺ
1184 1657 1409 1729 σφόδρα.
1440 1657 1631 1726 Ἔλεγε
1670 1656 1727 1710 δὲ

1330 300 1940 362 APOPIITHEGMATA
1980 307 2289 369 PATRUM.
3308 326 3414 383 ’³518

2282 425 2619 500 Principium
2660 433 2854 488 litterae
2891 435 2958 488 Π.

2107 539 2181 595 De
2217 541 2403 597 abbate
2442 541 2702 611 Pwmene,
2757 564 2847 601 seu
2891 548 3131 605 I’asture.

1905 655 1959 709 1.
2002 656 2113 727 (71)
2155 657 2439 715 Profectus
2477 674 2559 717 est
2601 662 2895 733 aliquando
2936 667 3106 724 abbas
3149 670 3408 731 l’oeincu,

1833 760 1956 800 cum
1987 757 2131 803 esset
2156 750 2396 820 juvenis,
2422 753 2490 808 ad
2524 769 2707 811 senem
2737 744 3052 828 quemdam,
3085 772 3143 817 ut
3175 765 3409 820 interru-

1832 847 1984 907 garet
2016 857 2139 895 eum
2167 842 2236 898 de
2264 845 2441 901 tribus
2470 848 2917 918 cogitationibus.
2955 852 3023 908 Ut
3051 872 3180 927 ergo
3215 873 3408 926 pem--

1832 932 1913 984 nit
1936 932 2003 987 ad
2026 949 2237 999 senem,
2258 937 2462 994 oblitus
2483 948 2566 995 est
2593 957 2761 996 unam.
2778 959 2808 998 e
2828 946 3009 1002 tribus
3037 966 3050 1001 :
3076 958 3129 1003 et
3151 965 3408 1007 reversus

1829 1031 1916 1079 est
1954 1024 2010 1078 in
2051 1027 2241 1082 cellam
2285 1044 2477 1097 suam;
2524 1033 2617 1087 sed
2664 1034 2757 1089 ubi
2808 1052 3030 1092 manum
3077 1044 3256 1110 posuit
3298 1060 3410 1112 quo

1830 1114 2000 1170 clavis
2025 1120 2279 1186 aperiret,
2305 1123 2626 1180 recordatus
2648 1136 2733 1181 est
2755 1127 2910 1182 obliti
2932 1133 3226 1188 sermonis.
3253 1134 3409 1190 Unde

1829 1208 2258 1281 dimissa’clave,
2286 1216 2446 1271 rediit
2473 1217 2540 1272 ad
2570 1235 2778 1277 senem.
2809 1221 2910 1288 Qui
2945 1225 3018 1278 ait
3049 1225 3129 1278 illi
3162 1244 3176 1281 :
3205 1225 3409 1296 Prope-

1829 1301 1963 1356 rasti
1993 1313 2052 1357 ut
2075 1305 2312 1372 venires,
2341 1306 2532 1363 frater.
2559 1308 2652 1365 Ille
2677 1315 2919 1367 narravit
2945 1332 2959 1368 :
2985 1314 3216 1382 Quando
3245 1320 3405 1388 posui

1829 1408 2050 1448 manum
2095 1412 2270 1451 meam
2320 1400 2386 1454 ad
2432 1402 2751 1457 sumendam
2798 1405 3039 1472 clavem,
3086 1410 3408 1464 recordatus

1829 1497 1950 1537 sum
1988 1485 2135 1540 verbi
2179 1487 2325 1557 quod
2368 1493 2676 1559 quaerebam
2704 1534 2720 1558 ,
2764 1510 2867 1549 nec
2908 1498 3130 1567 aperui;
3175 1499 3408 1570 ideoque

1828 1586 2083 1630 reversus
2116 1591 2258 1631 sum.
2296 1577 2425 1633 Erat
2460 1590 2642 1636 autem
2677 1585 2913 1653 spatium
2948 1588 3048 1642 viae
3085 1588 3403 1658 plurimum.

1828 1666 1975 1722 Dixit
2007 1670 2053 1724 ei
2090 1687 2255 1727 senex
2292 1691 2304 1727 :
2336 1672 2573 1744 Gregum
2611 1674 2856 1744 Pmmen,
2892 1679 2945 1733 id
2980 1689 3064 1735 est
3098 1692 3304 1751 pastor.
3344 1683 3409 1735 lit

134 1749 288 1819 αὖτῷ
330 1751 363 1802 6
408 1749 622 1821 γέρων·
663 1747 936 1816 Ἀγγέλων
961 1748 1008 1779 ⁸³
1050 1750 1297 1819 Ποιμήν’
1349 1747 1444 1802 καὶ
1486 1748 1723 1820 λαληθή-

1835 1774 2025 1814 nomen
2074 1769 2228 1815 tuum
2278 1779 2530 1820 sermone
2574 1764 2857 1823 hominum
2904 1771 3269 1827 celebrabitur
3312 1790 3412 1844 per

134 1842 290 1895 σεταί
320 1859 418 1894 σου
448 1842 511 1895 τὸ
544 1841 714 1910 ὄνομα
742 1843 802 1894 ἐν
832 1840 983 1913 πάσῃ
1013 1842 1083 1911 γῇ
1113 1839 1414 1909 Αἰγύπτου.
1562 1918 1566 1921 Ἴ

204 1932 274 2004 β’.
320 1931 494 2002 Ἔσχε
528 1932 658 1985 ποτὲ
694 1933 930 2002 Παήσιος
958 1934 987 1984 6
1024 1930 1248 2000 ἀδελφὸς
1292 1931 1386 1985 τοῦ
1429 1932 1574 1987 ἀϐϐἀ
1603 1934 1727 1986 Ποι-

135 2025 297 2096 μένος
330 2026 518 2094 σχέσιν
568 2025 706 2096 μετά
755 2043 900 2088 τινος
925 2026 971 2056 ⁸⁴
1000 2025 1106 2092 ἔξω
1147 2024 1242 2078 τοῦ
1291 2025 1502 2079 κελλίου
1536 2028 1721 2081 αὐτοῦ.

142 2119 201 2170 '0
235 2118 293 2171 δὲ
328 2108 509 2180 ἀϐϐᾶς
554 2117 768 2188 Ποιμὴν
808 2119 907 2171 οὐκ
932 2117 1110 2189 ἤθελε,
1147 2118 1241 2172 καὶ
1278 2120 1515 2183 ἀναστὰς
1558 2120 1723 2190 ἔφυγε

130 2211 268 2281 7.96;
313 2210 408 2263 τὸν
444 2209 620 2263 ἀϐϐἅν
658 2211 972 2280 ’Λμμωνᾶν,
1020 2211 1115 2264 καὶ
1148 2209 1296 2279 λέγει
1342 2210 1526 2281 αὐτῷ·
1575 2212 1724 2282 Παή-

131 2314 246 2360 σιος
290 2299 320 2350 6
368 2297 597 2365 ἀδελφὸς
650 2315 751 2367 μου
799 2299 912 2370 ἕχει
962 2299 1100 2370 πρός
1159 2317 1282 2353 τινα
1304 2300 1351 2332 ⁸⁸
1387 2301 1591 2370 σχέσιν,
1631 2302 1724 2355 καὶ

127 2387 228 2438 οὐκ
275 2386 655 2455 ἀναπαύομαι.
709 2389 872 2456 Λέγει
920 2388 1069 2460 αὐτῷ
1099 2390 1128 2442 6
1161 2390 1336 2455 ἀϐϐᾶς
1395 2392 1720 2463 ’Λμμωνᾶς’

130 2474 368 2545 Ποιμὴν,
417 2475 604 2545 ἀκμὴν
640 2473 771 2547 ζῇςς
810 2476 1050 2546 ’Υπαγε,
1097 2478 1266 2533 κάθου
1302 2482 1384 2545 είς
1422 2481 1483 2534 τὸ
1517 2481 1724 2535 κελλίον

129 2582 244 2629 σου,
291 2567 391 2618 καὶ
439 2566 532 2630 θὲς
591 2568 672 2629 είς
720 2566 817 2638 τὴν
862 2568 1094 2639 καρδίαν
1143 2587 1260 2634 σου,
1302 2571 1384 2624 ὃτι
1430 2572 1529 2644 ἤδη
1582 2573 1725 2644 ἔχεις

128 2660 382 2713 ἐνιαυτὸν
411 2662 472 2712 ἐν
502 2659 582 2732 τῷ
613 2664 877 2732 μνήματι.

194 2758 266 2821 γ’.
311 2746 523 2807 Ἷῐλθόν
559 2771 689 2807 ποτε
739 2754 1101 2826 πρεσϐύτεροι
1159 2755 1261 2826 τῆς
1312 2755 1493 2828 χώρας
1533 2740 1612 2820 είς
1655 2757 1721 2811 τά

1827 1850 2142 1906 universam
2173 1851 2393 1923 zEgypti
2428 1856 2725 1926 regionem.

1891 1941 1948 1995 9..
1990 1940 2099 2011 (72)
2135 1942 2380 2008 Quodam
2415 1953 2657 2017 tempore
2711 1947 3055 2005 familiaritas
3099 1953 3410 2007 mtercessit

1824 2033 1965 2089 inter
1994 2033 2243 2091 Paesium
2276 2038 2501 2094 fratrem
2539 2041 2752 2097 abbatis
2795 2042 3069 2102 Pmmenis
3125 2056 3179 2102 et
3237 2047 3406 2100 alium

1823 2123 2110 2192 quemdam
2150 2138 2303 2181 extra
2335 2130 2525 2183 cellam
2562 2147 2715 2186 suam
2748 2152 2763 2188 :
2795 2134 2980 2191 Abbas
3027 2152 3155 2192 vero
3182 2135 3407 2192 Paemen

1824 2217 2060 2270 nolebat.
2085 2218 2231 2273 Unde
2247 2235 2549 2292 exsurgens
2563 2222 2697 2294 fugit
2714 2224 2779 2279 ad
2798 2227 3044 2281 abbatem
3059 2229 3406 2293 Ammonam,

1823 2306 2064 2377 dicitque
2097 2310 2144 2362 ei
2183 2327 2197 2362 :
2234 2309 2427 2366 Frater
2458 2327 2613 2367 meus
2645 2313 2874 2369 Paesius
2910 2316 3073 2370 habet
3104 2333 3229 2373 cum
3263 2334 3403 2389 qun-

1824 2396 1946 2451 dam
1974 2397 2394 2455 famiiiaritatem
2412 2444 2428 2469 ,
2465 2418 2586 2473 qua:
2609 2419 2696 2459 me
2717 2406 2898 2475 quiete
2916 2406 3094 2462 vivere
3119 2423 3224 2463 non
3252 2410 3403 2463 sinit.

1823 2488 1913 2542 Ait
1962 2490 2037 2544 illi
2086 2493 2254 2547 abbas
2296 2493 2594 2551 Ammonas
2647 2515 2660 2551 :
2710 2496 2956 2563 Paunen,
3005 2501 3182 2555 adhuc
3225 2501 3410 2556 vivis?

1828 2579 1993 2648 Vade,
2024 2583 2154 2639 sede
2180 2584 2234 2638 in
2262 2586 2399 2641 cella
2428 2596 2554 2654 tua;
2582 2596 2635 2644 et
2663 2606 2803 2660 pone
2830 2591 2883 2645 in
2913 2593 3078 2649 corde
3105 2602 3220 2659 tuo,
3245 2597 3406 2666 quasi

1818 2671 1931 2741 jam
1960 2673 2028 2728 ab
2057 2688 2201 2728 anno
2229 2675 2444 2744 jaceres
2476 2678 2529 2731 in
2561 2681 2836 2749 sepulcro.

1894 2765 1946 2818 5.
1991 2765 2103 2838 (73)
2145 2765 2424 2823 Venerunt
2468 2770 2766 2841 aliquando
2813 2774 3055 2845 regionis
3102 2775 3405 2846 presbyteri

129 2845 474 2915 μοναστὴρια
523 2846 658 2899 ὅπου
702 2841 769 2916 ἧν
797 2846 825 2898 6
854 2846 1027 2911 ἀϐϐἄς
1058 2848 1270 2919 Ποιμήν
1291 2862 1304 2875 ’
1338 2851 1432 2903 καὶ
1478 2850 1723 2921 εἰσῆλθεν

1835 2854 1891 2910 ιὰ
1916 2859 2266 2923 monasteria,
2294 2860 2386 2914 ubi
2417 2872 2533 2915 erat
2562 2863 2731 2918 abbas
2760 2865 2982 2920 Poemen
3007 2885 3020 2920 :
3048 2877 3101 2921 et
3128 2869 3411 2938 ingressus

124 2940 152 2987 ο
185 2935 369 2997 ἀϐϐᾶς
409 2936 622 2999 Ἀνοὺϐ,
662 2938 757 2990 καὶ
797 2937 946 3005 λέγει
993 2937 1143 3007 αὐτῷ
1167 2957 1182 2969 ·
1211 2938 1550 3011 Καλέσωμεν
1595 2942 1722 3003 τοὺς

1835 2954 1907 3002 est
1944 2949 2114 3005 abbas
2143 2950 2325 3017 Anub,
2362 2952 2608 3025 dixitque
2640 2959 2691 3010 ei
2731 2976 2743 3010 :
2782 2956 3081 3015 lnvitemus
3123 2935 3283 3016 hodie
3320 2962 3408 3015 hic

127 3029 544 3101 πρεσϐυτέρους
571 3024 675 3084 ὧδε
716 3032 973 3104 σήμερον.
1011 3030 1113 3085 Καὶ
1151 3033 1375 3097 στάντος
1419 3032 1585 3086 αὐτοῦ
1627 3033 1720 3086 ἐπὶ

1835 3041 2192 3111 presbyteros.
2232 3041 2483 3114 Cumque
2524 3024 2622 3101 diu
2672 3051 2937 3116 stetisset,
2982 3068 3094 3106 non
3138 3052 3283 3108 dedit
3328 3054 3407 3108 illi

127 3125 287 3185 πολὺ,
333 3125 437 3177 οὐκ
486 3124 687 3177 ἔδωκεν
737 3124 885 3194 αὑτῷ
933 3125 1244 3195 ἀπόκρισιν.
1300 3127 1407 3179 Καὶ
1457 3125 1716 3196 λυπηθεὶς

1835 3146 2165 3201 responsum.
2193 3134 2463 3202 Quocirca
2489 3137 2670 3195 tristis
2693 3141 2851 3197 exiit.
2873 3144 3041 3197 Aiunt
3064 3143 3110 3203 ei
3137 3146 3229 3215 qui
3254 3144 3409 3215 juxta

127 3218 348 3287 ἐξῆλθε.
377 3217 644 3287 Λέγουσιν
689 3217 839 3287 αὑτῷ
871 3218 920 3270 οἱ
966 3218 1263 3289 καθήμενοι
1311 3220 1477 3288 ἐγγὺς
1521 3218 1715 3271 αὐτοῦ’

138 3307 333 3367 Ἀϐϐᾶ,
373 3306 518 3361 διατί
566 3306 665 3359 οὐκ
723 3306 930 3369 ἔδωκας
979 3305 1128 3376 αὑτῷ
1183 3306 1511 3377 ἀπόκρισιν;
1558 3304 1719 3372 Λέγει

124 3401 309 3463 αὐτοῖς
353 3400 383 3451 6
434 3398 609 3462 ἀϐϐᾶς
662 3399 904 3470 Ποιμήν·
958 3395 1101 3467 Ἐγὼ
1142 3399 1377 3469 πρᾶγμα
1431 3398 1532 3451 οὐκ
1573 3397 1718 3467 ἔχω·

124 3494 398 3547 ἀπέθανον
432 3493 543 3565 γὰρ
562 3510 576 3523 ⁸
609 3495 638 3546 ὁ
665 3493 720 3546 δὲ
748 3493 941 3565 νεκρὸς
970 3495 1030 3547 οὐ
1063 3492 1216 3546 λαλεῖ
1236 3492 1302 3546 ⁸⁵³.

190 3587 235 3642 δ’
240 3631 256 3645 .
299 3589 490 3660 Γέρων
520 3606 605 3653 τις
640 3585 709 3659 ἦν
744 3588 800 3641 ὲν
831 3587 1093 3659 Αἰγύπτῳ
1123 3587 1228 3659 πρὸ
1266 3586 1359 3640 τοῦ
1386 3585 1561 3639 ἐλθεῖν
1594 3586 1721 3650 τοὺς

125 3681 255 3750 περὶ
284 3680 382 3733 τὸν
414 3679 592 3732 ἀϐϐἅν
625 3680 888 3750 Ποιμὲνα,
921 3680 1019 3734 καὶ
1056 3676 1169 3750 εἶχε
1198 3680 1398 3749 γνῶσιν
1428 3680 1523 3733 καὶ⁵
1553 3680 1722 3751 τιμὴν

123 3774 353 3846 πολλὴν.
420 3773 509 3836 Ὧς
548 3768 642 3825 οὖν
680 3770 953 3841 ἀνέϐησαν
986 3774 1034 3824 οἱ
1080 3771 1208 3841 περὶ
1248 3771 1339 3824 τὸν
1378 3771 1553 3825 ἀϐϐᾶν
1590 3772 1721 3825 Ποι-

126 3867 267 3937 μένσ.
316 3865 429 3918 ἀπὸ
464 3865 569 3934 τῆς
593 3866 870 3936 Σκήτεως,
902 3866 1120 3935 ἀφῆκαν
1160 3865 1322 3918 αὑτὸν
1348 3866 1393 3896 ⁵⁷
1429 3867 1479 3918 οἱ
1508 3865 1719 3937 ἄνθρω-

124 3976 240 4021 ποι,
269 3964 366 4011 και
395 3958 632 4028 ἤρχοντο
668 3957 804 4027 πρὸς
831 3956 920 4008 τὸν
951 3956 1125 4009 ἀϐϐἀν
1149 3956 1408 4027 Ποιμένα.
1441 3958 1552 4011 Καὶ
1580 3956 1721 4010 ἐθλί-

123 4054 251 4105 ϐετο
274 4053 342 4113 “,
376 4052 475 4105 καὶ
502 4050 651 4118 λέγει
672 4053 785 4113 τοῖς
812 4049 1060 4115 ἀδελφοῖς
1092 4049 1287 4103 αὐτοῦ’
1315 4050 1380 4102 Τί
1410 4051 1722 4125 ποιήσωμεν

124 4147 203 4217 τῷ
253 4145 482 4217 μεγάλῳ
535 4143 754 4212 γέροντι
796 4142 992 4214 τούτῳ,
1038 4144 1121 4196 ὅτι
1177 4146 1259 4207 είς
1312 4144 1489 4213 θλίψιν
1531 4143 1723 4197 ἔϐαλον

124 4235 274 4304 ἡμᾶς
316 4235 370 4286 οἱ
418 4231 721 4302 ἄνθρωποι,
771 4231 1164 4295 καταλιπόντες
1208 4232 1298 4285 τὸν
1330 4233 1586 4304 γέροντα,
1629 4236 1722 4287 καὶ

126 4329 259 4399 ἡμῖν
289 4326 462 4397 μηδὲν
487 4321 606 4378 οὖσι
640 4324 1029 4395 προσέχοντες;
1066 4324 1183 4388 πῶς
1209 4320 1303 4380 οὖν
1328 4326 1603 4395 δυνάμεθα
1634 4325 1723 4379 θε-

129 4420 406 4492 ραπεῦσαι
450 4419 544 4470 τὸν
591 4417 855 4487 γέροντα;
889 4416 1049 4484 Λέγει
1083 4415 1139 4468 δὲ
1184 4416 1367 4481 αὐτοῖς
1392 4432 1406 4445 ·
1450 4419 1717 4489 Ποιήσατε

1824 3222 2088 3278 sedebant
2126 3243 2139 3278 :
2173 3226 2326 3282 Abba
2348 3268 2363 3294 ,
2400 3244 2502 3284 cur
2532 3246 2642 3285 non
2681 3233 3023 3303 respondisti
3059 3234 3149 3289 ei?
3182 3233 3410 3305 Excepit

1821 3315 1990 3370 abbas
2019 3314 2243 3373 Poemen
2272 3336 2287 3376 :
2316 3318 2428 3391 Ego
2456 3336 2677 3377 causam
2709 3324 3037 3396 culpamque
3070 3341 3175 3381 non
3209 3326 3407 3381 habeo.

1828 3405 2078 3463 Mortuus
2103 3409 2247 3465 enim
2282 3427 2425 3467 sum.
2452 3411 2698 3472 Mortuus
2727 3425 2907 3472 autem
2936 3433 3045 3472 non
3074 3418 3335 3489 loquitur.

1898 3589 1952 3644 4.
1982 3590 2094 3661 (7d)
2126 3592 2304 3647 Senex
2338 3593 2560 3663 quidam
2592 3594 2827 3666 degebat
2872 3597 2926 3650 in
2982 3594 3218 3667 Egypto
3254 3602 3404 3649 anto-

1822 3696 1987 3750 quam
2015 3697 2081 3737 eo
2109 3683 2350 3738 venisset
2389 3685 2559 3740 abbas
2590 3683 2814 3740 Pmmen
2860 3702 2984 3742 cum
3012 3687 3149 3750 suis,
3183 3697 3409 3755 eratque

1820 3772 2050 3826 multum
2104 3780 2267 3829 notus
2320 3782 2486 3845 atque
2531 3776 2855 3831 honoratus.
2892 3775 2963 3830 Ut
3009 3791 3140 3846 ergo
3194 3792 3223 3830 e
3263 3775 3409 3830 Sceti

1822 3864 2066 3920 aSCendit
2103 3863 2327 3921 Poemen
2362 3881 2488 3921 cum
2538 3868 2725 3931 sociis,
2777 3868 3026 3924 homines
3074 3869 3412 3938 reliquerunt

1822 3970 2043 4021 senem,
2081 3964 2134 4011 et
2164 3956 2457 4012 veniebant
2510 3957 2579 4013 ad
2638 3960 2889 4014 abbatem
2928 3957 3273 4025 Pmmenem;
3309 3960 3405 4031 qui

1822 4049 2140 4118 angebatur.
2162 4049 2348 4120 Itaque
2369 4050 2501 4106 dicit
2523 4050 2786 4108 fratribus
2810 4054 2926 4108 suis
2950 4072 2962 4106 :
2987 4052 3126 4120 Quid
3145 4052 3410 4107 faciemus

1822 4157 2022 4211 magno
2075 4142 2189 4197 seni
2223 4142 2371 4208 huic,
2407 4144 2535 4214 quia
2561 4160 2661 4200 nos
2697 4146 2752 4199 ia
2809 4145 3091 4200 molestias
3143 4144 3411 4200 miserunt

1825 4231 2097 4298 homines,
2128 4233 2562 4303 derelinquendo
2588 4249 2800 4299 senem,
2838 4250 2899 4289 ac
2926 4235 3108 4299 nobis,
3148 4235 3242 4305 qui
3275 4236 3412 4288 nihil

1824 4340 2037 4391 sumus,
2056 4326 2413 4381 attendendo?
2440 4326 2692 4393 Quonam
2725 4327 2891 4397 igitur
2917 4327 3080 4382 modo
3110 4326 3415 4399 poterimus

1829 4419 1977 4473 senis
1996 4419 2239 4473 animum
2258 4421 2490 4475 curare?
2514 4419 2727 4492 Adjecit
2760 4440 2772 4475 :
2797 4420 3061 4476 Conficile
3074 4436 3262 4490 parum
3284 4420 3416 4475 edu-

132 4479 303 4582 μικρά
337 4479 635 4582 βρώματα,
663 4479 770 4562 ’καὶ
798 4479 989 4562 λάϐετε
1035 4508 1227 4579 σαῒτην
1271 4479 1412 4560 οἴνου
1445 4479 1591 4578 (75)ἰ
1629 4511 1723 4563 καὶ

1835 4513 1910 4577 lii,
1943 4519 1997 4567 et
2035 4512 2269 4582 accipite
2318 4514 2513 4569 saitem
2557 4515 2707 4582 vini;
2758 4529 3180 4584 pergamusque,
3213 4528 3277 4567 ac
3305 4529 3415 4566 una

128 4607 353 4674 ἄγωμεν
386 4603 526 4672 τερος
549 4600 731 4665 αὐτὸν,
764 4598 1089 4670 γευσώμεθα
1118 4598 1281 4667 ὁμοῦ·
1306 4598 1445 4669 τάχα
1473 4603 1531 4652 ἐν
1550 4600 1725 4672 τούτῳ

126 4693 495 4768 δυνησώμεθα
540 4692 876 4764 Θεραπεῦσαι
909 4692 1094 4746 αὐτόν.
1159 4692 1494 4746 Ἐϐἀστασαν
1524 4688 1615 4746 οὖν
1658 4693 1728 4747 τὰ

130 4787 423 4860 βρώματα,
449 4785 545 4839 καὶ
578 4784 841 4854 ἀπῆλθον.
873 4786 983 4838 Καὶ
1008 4784 1084 4848 ὡς
1115 4783 1384 4857 ἔκρουσαν
1406 4785 1505 4857 τὴν
1530 4784 1720 4855 θύραν,

126 4882 440 4951 ἐπήκουσεν
471 4880 519 4910 δ’
546 4880 573 4931 6
617 4877 863 4949 μαθητὴς
896 4877 1092 4954 μύτοῦ,
1128 4876 1333 4946 λέγων’
1365 4877 1521 4942 Τίνες
1561 4878 1721 4944 ἐστές

126 4970 189 5023 Οἱ
215 4970 273 5022 δὲ
303 4963 466 5019 εἷπον
492 4979 508 4994 ⁸
557 4964 805 5034 Λάλησον
845 4963 924 5035 τῷ
969 4963 1136 5036 ἀϐϐᾄ,
1166 4964 1247 5017 ὅτι
1288 4966 1317 5017 6
1349 4965 1561 5037 Ποιμήν
1605 4968 1722 5019 ἐστι

127 5061 294 5114 θέλων
322 5055 694 5128 εὐλογηθῆναι
720 5056 869 5128 παρὰ
893 5056 1010 5113 σοῦ.
1046 5057 1157 5110 Καὶ
1177 5053 1336 5108 τοῦτο
1353 5056 1447 5109 τοῦ
1475 5057 1722 5130 μαθητοῦ

1833 4603 2230 4661 manducemus
2251 4621 2264 4656 :
2287 4605 2425 4661 forte
2444 4621 2539 4677 per
2568 4605 2670 4660 hoc
2690 4606 2989 4676 poterimus
3017 4604 3245 4658 delinire
3265 4619 3412 4658 eum.

1833 4691 2205 4757 Portaverunt
2231 4695 2401 4766 igitur
2437 4696 2614 4764 cibos,
2651 4704 2706 4751 et
2747 4695 2975 4767 profecti
3024 4706 3169 4751 sunt.
3211 4694 3280 4750 Ut
3312 4711 3411 4748 au-

1831 4792 1940 4840 tem
1972 4783 2118 4841 fores
2165 4788 2546 4857 pulsavcrunt,
2598 4787 2830 4842 audiens
2876 4788 3024 4842 senis
3079 4786 3412 4858 discipulus,

1830 4877 2216 4947 interrogavit:
2253 4877 2489 4944 Quinam
2513 4879 2688 4934 estis?
2730 4879 2811 4933 llli
2851 4887 3216 4950 exceperunt:
3257 4879 3418 4935 Refer

1830 4967 2046 5022 abbati:
2077 4966 2302 5023 Pmmen
2350 4977 2456 5032 est,
2492 4971 2587 5038 qui
2625 4970 2743 5023 vult
2778 4970 3025 5025 benedici
3066 4984 3098 5024 a
3138 4979 3213 5025 te.
3258 4969 3416 5037 Quod

1830 5074 1955 5114 cum
2013 5058 2317 5131 discipulus
2362 5060 2697 5130 nuntiasset,
2751 5062 2843 5117 ille
2895 5060 3246 5132 signiﬁcavit,
3331 5062 3417 5118 his

229 5283 369 5359 ιι-δξ
429 5280 518 5359 Al;
562 5280 713 5359 ἀπίει
766 5278 978 5359 [ἀπῄει]
1031 5279 1345 5359 λαϐεῖνφτῷ.
1398 5352 1410 5359 .
1444 5280 1489 5311 ⁴³
1516 5279 1638 5359 hat.
1685 5283 1723 5335 ἀ

1835 5285 1963 5359 ὒνη
2015 5286 2062 5317 ⁸⁵
2112 5286 2198 5359 Al.
2230 5285 2414 5359 τινῶν.
2518 5286 2566 5320 ⁸⁸
2609 5287 2696 5343 ΑΙ.
2760 5297 2898 5359 μετά
2950 5291 3133 5346 τινῶν.
3228 5291 3274 5324 ⁵⁸
3322 5290 3411 5345 Al.

128 5352 252 5424 add.
310 5353 388 5424 μὴ
438 5348 541 5424 οὖν
584 5343 905 5424 λογίσοῦταῖ
950 5343 1019 5424 με
1075 5352 1156 5424 ὅτι
1215 5343 1316 5404 ὧδὲ
1363 5352 1478 5424 εἰμι
1522 5351 1640 5424 ﬁco)
1674 5343 1792 5422 μέτ’
1821 5355 2025 5410 αὐτῶν,

2147 5358 2319 5432 ⁴ῖ
2337 5357 2707 5432 τόνγέροντα.
2752 5357 2832 5432 ίδι
2873 5361 2958 5415 AI.
2985 5363 3078 5417 καὶ
3126 5362 3338 5432 ἐφθόνει
3386 5363 3415 5414 6

128 5419 328 5494 Tépwv,
362 5419 461 5476 καὶ
487 5422 803 5496 ὲκακολόγει
827 5419 1044 5486 αὐτούς.
1081 5422 1352 5475 Ἤκουσεν
1392 5419 1484 5476 οὖν
1510 5422 1538 5473 6
1568 5419 1741 5490 ἀϐϐἇς
1763 5428 1979 5499 Ποιμὴν
1998 5468 2012 5493 ,
2046 5427 2142 5481 καὶ
2170 5427 2380 5501 ἐθλιϐη.
2446 5419 2493 5460 τ’
2523 5419 2617 5482 ’Λ1.
2656 5430 2990 5502 ὑπήκουσεν.
3080 5476 3083 5481 .

202 5558 574 5630 (71)Λάϐετε
597 5562 817 5627 σαΐτην
844 5562 1039 5615 οἴνου.
1085 5559 1267 5631 Saites
1309 5575 1431 5631 qua
1459 5575 1719 5618 mensura

132 5632 204 5687 sit
239 5631 555 5701 explicatur
582 5645 612 5684 a
645 5631 1049 5702 S.7Ep_iphanio
1079 5631 1173 5684 lib.
1196 5630 1305 5702 hDe
1328 5630 1612 5702 mensuris
1664 5645 1714 5688 et

133 5700 482 5771 ponderibus,
519 5717 640 5771 cap.
666 5701 758 5756 ἰαί.
786 5700 908 5757 8εά
935 5711 989 5759 et
1023 5700 1302 5759 Palladius
1336 5701 1480 5757 Hist.
1524 5701 1715 5771 Lana,

137 5790 255 5846 cap.
285 5773 380 5840 22,
414 5787 480 5828 ea
506 5787 640 5828 voce
673 5773 863 5829 utitur.

1914 5565 2027 5636 (72)
2069 5564 2175 5620 Vit.
2212 5564 2364 5636 Patr.
2398 5583 2475 5630 XI,
2514 5567 2603 5622 l9.

1911 5635 2025 5714 (Ῑῇ)
2050 5636 2173 5714 fit.
2201 5635 2364 5714 ἕσιν.
2400 5638 2612 5714 xvr_,A8;
2648 5638 2884 5708 Append.
2930 5658 2983 5714 p.
3035 5642 3190 5707 1003,
3235 5657 3289 5694 ιι.
3322 5639 3411 5699 18.

1893 5706 2011 5774 (74)
2050 5706 2155 5761 va.
2192 5706 2347 5762 Patr.
2390 5724 2446 5770 ι,
2473 5708 2563 5762 58.

1894 5777 2011 5849 (75)
2051 5776 2158 5832 Vit.
2200 5777 2359 5835 Patr.
2394 5794 2477 5845 ιιι,
2515 5781 2776 5848 95;ινιι,
2805 5783 2860 5838 8.
