3874 6300
423 281 528 337 319

1593 286 1928 342 APPENDIX
1966 281 2058 340 AD
2091 283 2509 345 PALLADIUM.

3563 285 3667 346 320

409 386 641 460 ’νει-δίει
669 403 795 469 Abi,
844 420 952 460 non
987 405 1116 459 mihi
1152 414 1326 459 vacat.
1369 403 1440 457 At
1473 404 1551 459 illi
1583 412 2002 476 permanserunt

2127 407 2540 474 ιναγγείλαντος,
2590 408 2876 479 ἐδήλωσεν,
2918 409 3119 463 εἰπών·
3159 411 3394 479 ’Υπαγε,
3430 411 3492 464 οὺ
3546 426 3667 480 σχο-

428 497 497 551 ad
523 505 714 552 aestum
747 499 898 559 solis,
933 499 1174 553 aientes:
1208 496 1324 552 Non
1349 499 1692 564 secedemus,
1725 501 1830 554 nisi
1853 508 2003 569 post-

429 606 594 660 quam
616 591 764 660 digni
796 592 893 644 visi
931 591 1198 645 fuerimus
1226 591 1438 645 admitti
1463 607 1494 644 a
1526 608 1674 647 sene.
1717 591 1888 646 Porro
1915 607 2004 647 se-

325 683 331 696 '
430 698 555 746 nex,
604 698 834 737 cernens
881 683 1242 736 humilitatem
1289 699 1503 749 eorum,
1534 700 1746 739 necnon
1773 684 1993 754 patien—

432 774 600 835 tiam,
648 775 1067 842 compunctione
1122 775 1317 828 ductus
1353 776 1586 845 aperuit.
1649 775 1715 829 Et
1771 778 2001 846 ingressi

429 863 610 918 cibum
646 873 997 932 sumpserunt
1044 879 1166 918 cum
1212 881 1296 920 eo.
1332 865 1467 921 Cum
1501 875 1678 922 autem
1710 870 2002 923 manduca-

430 964 572 1020 reut,
610 956 698 1010 ille
753 955 922 1010 dixit:
979 955 1215 1020 Revera,
1253 973 1360 1012 non
1391 969 1518 1013 sunt
1551 976 1614 1013 ea
1648 961 1761 1015 sola
1794 978 1912 1033 quae
1938 961 2005 1016 de

429 1047 586 1101 vobis
645 1046 849 1109 audivi,
907 1047 1003 1101 sed
1056 1048 1374 1117 centuplum
1423 1050 1683 1118 conspexi
1730 1050 1784 1104 in
1839 1066 2005 1120 opere

430 1146 635 1192 vestro.
670 1137 745 1191 Ex
775 1138 867 1191 illa
894 1153 1021 1208 ergo
1045 1140 1133 1194 die
1164 1141 1373 1195 amicus
1395 1155 1586 1195 eorum
1628 1141 1860 1196 exstitit.

503 1231 557 1284 5.
592 1229 704 1301 (76)
743 1229 926 1284 Voluit
949 1231 1242 1301 aliquando
1272 1247 1480 1302 praeses
1508 1234 1807 1303 provincia:
1859 1234 2004 1289 illius

431 1319 618 1374 videre
658 1319 908 1373 abbatem
956 1317 1303 1383 Pwmenem;
1335 1335 1436 1374 nec
1480 1319 1798 1374 admittebat
1817 1335 2002 1374 senex.

433 1415 606 1485 Igitur
663 1422 882 1483 sumpto
916 1422 1204 1482 praetextu,
1239 1415 1394 1483 quasi
1446 1413 1815 1467 facinorosum
1857 1427 2007 1466 com-

435 1505 773 1578 prehensum
813 1504 981 1558 filium
1019 1505 1226 1558 sororis
1257 1503 1398 1574 ejus,
1434 1505 1584 1558 misit
1624 1503 1675 1556 in
1708 1517 2006 1566 carcerem,

435 1602 626 1655 dicens
652 1619 664 1653 :
701 1599 758 1653 Si
790 1600 998 1652 venerit
1023 1613 1185 1652 senex
1231 1607 1286 1652 et
1306 1600 1545 1651 oraverit
1570 1613 1669 1668 pro
1686 1614 1772 1661 eo,
1800 1614 1899 1668 ego
1926 1597 2010 1650 di-

438 1695 666 1749 mittam.
707 1693 953 1746 Accessit
989 1707 1145 1746 soror
1179 1691 1322 1760 ejus,
1357 1692 1562 1745 dellens
1601 1691 1668 1745 ad
1689 1690 1930 1759 januam.
1959 1693 2006 1743 Is

435 1800 566 1839 vero
593 1800 702 1838 non
729 1784 878 1838 dedit
902 1799 1244 1852 responsum.
1283 1783 1463 1848 Quare
1487 1783 1681 1837 mulier
1705 1778 2007 1838 maledictis

437 1874 522 1929 his
555 1874 843 1944 appetebat
873 1890 995 1928 eum
1017 1890 1034 1925 :
1073 1871 1388 1927 Visceribus
1433 1874 1597 1927 aeneis
1620 1875 1861 1942 praedite,
1894 1874 2011 1926 mi—

435 1982 619 2022 serere
674 1966 803 2032 mei,
835 1967 963 2035 quia
1019 1965 1162 2020 hanc
1216 1982 1378 2020 unam
1427 1967 1672 2021 sobolem
1719 1966 1911 2020 habeo.
1945 1966 2011 2020 At

436 2061 529 2114 ille
559 2060 784 2113 mittens
809 2059 1180 2113 renuntiavit:
1213 2057 1437 2114 Pmmen
1466 2061 1667 2115 liberos
1688 2077 1798 2114 non
1826 2077 2012 2116 susce-

435 2153 534 2223 pit.
565 2153 743 2222 Atque
767 2152 994 2206 recessit
1027 2152 1081 2204 in
1132 2151 1277 2205 hunc
1307 2152 1546 2206 modum.
1584 2152 1652 2206 lis
1687 2169 1817 2222 ergo
1857 2153 2012 2205 audi-

434 2246 527 2310 tis,
564 2259 766 2314 praases
803 2244 967 2309 misit,
1007 2245 1188 2298 aiens:
1218 2243 1424 2298 Saltem
1455 2246 1620 2300 verbo
1647 2245 1836 2315 jubeat
1866 2263 1880 2311 ;
1929 2246 2013 2300 di-

433 2340 644 2392 mittam
706 2339 882 2392 illum.
939 2337 1117 2393 Senex
1176 2354 1305 2393 vero
1364 2339 1608 2394 vicissim
1654 2340 2010 2412 significavit:

432 2431 651 2502 lnquire
681 2432 985 2487 secundum
1027 2433 1204 2502 leges;
1239 2442 1294 2486 et
1343 2444 1518 2488 morte
1568 2433 1616 2488 si
1664 2433 1862 2504 dignus
1905 2441 2010 2497 est,

432 2527 720 2590 moriatur;
759 2527 804 2580 si
844 2541 953 2579 non
982 2533 1084 2590 est,
1116 2525 1198 2580 fac
1230 2534 1287 2578 ut
1323 2526 1608 2596 placuerit.

506 2617 560 2672 6.
594 2619 706 2690 (77)
739 2618 977 2688 Deliquit
1001 2619 1298 2688 aliquando
1325 2620 1493 2673 frater
1523 2619 1580 2672 in
1615 2616 1900 2683 cmnohio;
1928 2618 2019 2672 de-

434 2712 594 2780 gebat
626 2720 805 2764 autem
840 2713 908 2766 iis
958 2712 1013 2765 in
1067 2712 1205 2766 locis
1263 2712 1619 2775 anachoreta,
1664 2711 1756 2780 qui
1791 2725 1822 2764 a
1853 2711 2018 2782 longo

436 2813 676 2870 tempore
728 2819 836 2855 non
888 2810 1256 2872 processerat.
1319 2800 1555 2856 Veniens
1601 2818 1730 2871 ergo
1781 2801 2018 2856 cmnobii

435 2895 605 2949 abbas
631 2895 696 2948 ad
728 2911 936 2960 senem,
966 2895 1238 2949 nuntiavit
1267 2895 1316 2950 ei
1347 2894 1414 2949 de
1454 2894 1622 2950 fratre
1655 2897 1748 2965 qui
1775 2895 2019 2965 delique-

436 2997 539 3041 rat.
578 2988 666 3041 Ait
697 2989 820 3043 ille:
858 2988 1130 3057 Expellite
1159 3004 1308 3043 eum.
1343 2986 1614 3059 Egressus
1641 3003 1769 3042 vero
1793 2987 1960 3043 frater
1989 3002 2020 3043 e

436 3079 714 3141 coenobio,
743 3081 969 3133 intravit
995 3080 1049 3133 in
1079 3079 1417 3149 speluncam,
1453 3079 1636 3149 ibique
1665 3080 1847 3134 ﬂebat.
1877 3080 2022 3134 Con-

437 3169 559 3239 tigit
595 3177 905 3238 opportune
937 3179 996 3222 ut
1020 3169 1220 3223 fratres
1253 3169 1502 3223 nonnulli
1540 3169 1632 3240 qui
1659 3171 1723 3224 ad
1765 3170 2018 3225 abbatem

435 3261 743 3314 l‘mmenem
765 3259 1272 3328 proﬁciscebantur,
1293 3259 1548 3315 audirent
1577 3262 1726 3315 illum
1767 3261 2017 3331 ﬂentem;

436 3357 531 3426 qui
559 3355 792 3426 ingressi
845 3357 1174 3410 invenerunt
1229 3370 1448 3410 summo
1500 3356 1757 3411 affectum
1796 3357 2018 3424 dolore,

437 3447 757 3516 hortatique
802 3455 925 3502 sunt
963 3455 1022 3500 ut
1055 3446 1123 3500 ad
1155 3461 1343 3502 senem
1391 3457 1671 3518 pergeret;
1698 3449 1792 3503 sed
1825 3451 2019 3516 noluit,

437 3542 664 3597 dicens:
697 3539 794 3595 Hic
824 3556 926 3611 ego
970 3540 1199 3595 morior.
1235 3538 1531 3596 Venientes
1561 3556 1724 3611 porro
1761 3541 1828 3594 ad
1855 3541 2027 3596 abha-

438 3641 548 3687 tem
577 3631 888 3687 Pmmenem
948 3647 1066 3687 rem
1105 3631 1155 3686 ei
1206 3641 1595 3686 narraverunt.
1630 3631 1722 3687 Ille
1769 3631 2025 3702 precibus

439 3723 695 3778 inductos
724 3739 791 3778 eo
817 3723 1054 3789 remisit,
1076 3725 1327 3779 dicturos
1357 3724 1514 3778 fratri
1543 3743 1558 3780 :
1586 3725 1770 3779 Abbas
1799 3723 2026 3778 Pcemen

439 3823 600 3870 vocat
651 3823 723 3871 te.
781 3813 942 3870 Venit
973 3816 1160 3872 frater.
1209 3817 1381 3883 Quem
1425 3833 1589 3874 senex
1626 3817 1858 3872 intuitus
1889 3817 2027 3872 alili-

440 3918 612 3974 ctum,
654 3911 915 3973 surrexit,
943 3911 1262 3980 complexus
1295 3920 1402 3977 est,
1448 3919 1503 3967 et
1541 3927 1665 3965 cum
1697 3925 1762 3966 eo
1796 3912 2027 3967 comiter

442 4018 629 4074 agens,
665 4005 876 4072 rogavit
911 4012 970 4057 ut
1000 4003 1184 4058 cibum
1216 4012 1482 4059 sumeret.
1518 4003 1668 4058 Misit
1694 4013 1877 4058 autem
1927 4004 2027 4059 ab-

443 4097 544 4171 bas
578 4095 803 4150 Pmmen
840 4097 1077 4167 aliquem
1113 4096 1343 4150 fratrum
1377 4112 1604 4153 suorum
1637 4098 1703 4152 ad
1737 4099 2033 4154 anachore-

447 4196 580 4253 tam,
611 4187 704 4256 qui
746 4189 1059 4243 nuntiaret:
1095 4189 1134 4241 A
1171 4189 1358 4243 multis
1398 4190 1557 4245 annis
1591 4189 1778 4244 videre
1807 4197 1859 4244 te
1884 4188 2032 4244 desi-

446 4281 601 4345 dero,
628 4289 918 4351 postquam
937 4282 1003 4336 de
1032 4281 1198 4338 rebus
1227 4283 1334 4338 tuis
1380 4283 1600 4349 audivi;
1631 4283 1723 4338 sed
1747 4299 1814 4337 ex
1840 4283 2032 4338 ambo-

447 4389 568 4427 rum
607 4374 843 4444 pigritia,
876 4391 983 4429 non
1012 4377 1295 4446 congressi
1319 4392 1534 4432 sumus.
1563 4376 1720 4430 Nunc
1742 4392 1889 4447 ergo,
1920 4376 2032 4432 Deo

2102 498 2267 562 λάζω.
2305 501 2368 550 Οἱ
2395 499 2452 551 δὲ
2478 499 2774 570 ὑπέμειναν
2805 502 2886 564 εἰς
2906 502 2968 555 τὸ
2992 502 3197 574 καῦμα,
3223 503 3470 572 λέγοντες
3493 519 3507 531 ·
3561 503 3675 554 Οὐκ

2103 587 2512 659 ἁναχωροῦμεν,
2544 588 2638 643 ἐὰν
2687 590 2762 661 μὴ
2805 592 3226 664 καταξιωθῶμεν
3267 593 3360 646 τοῦ
3393 593 3672 664 γέροντος.

2117 682 2174 733 '0
2202 681 2258 734 δὲ
2274 681 2471 752 γέρων,
2506 681 2627 736 ἰδὼν
2650 682 2747 753 τὴν
2767 685 3091 738 ταπείνωσιν
3106 685 3282 739 αὐτῶν
3303 685 3395 739 καὶ
3421 687 3520 756 τὴν
3538 685 3676 736 ὑπο-

2108 774 2296 844 μονὴν,
2332 775 2657 843 κατανυγεὶς
2681 815 2696 840 ,
2721 775 2953 846 ἀνέῳξεν
2981 778 3184 841 αὐτοῖς.
3211 779 3320 831 Καὶ
3344 778 3677 839 εἰσελθόντες

2105 866 2398 934 ἐγεύσαντο
2429 867 2544 937 μετ’
2573 867 2759 921 αὑτοῦ.
2800 869 3117 922 Ἐσθιόντων
3143 869 3198 921 δὲ
3239 871 3438 932 αὐτῶν,
3487 869 3640 936 ἔλεγε
3661 886 3674 897 ο

2119 958 2234 1010 Ἐπ’
2280 958 2552 1029 ἀληθείας,
2581 959 2680 1012 οὐκ
2725 961 2835 1013 εἰσὶ
2865 961 2999 1031 μόνα
3026 961 3062 1014 ἃ
3102 962 3312 1032 ἀκήκοα
3349 962 3472 1032 περὶ
3499 960 3675 1031 ὑμῶν,

2105 1049 2220 1103 ἀλλ’
2266 1051 2798 1106 ἑκατονταπλασίονα
2869 1048 3007 1105 εἶδον
3075 1054 3130 1106 ὲν
3183 1053 3258 1122 τῷ
3307 1052 3452 1122 ἔργῳ
3500 1051 3678 1123 ὑμῶν.

2118 1142 2364 1211 Ἐγένετο
2401 1143 2457 1195 δὲ
2505 1143 2686 1196 αὐτῶν
2728 1142 2883 1213 φίλος
2915 1145 3023 1197 ἀπὸ
3054 1144 3152 1214 τῆς
3189 1145 3400 1215 ἡμέρας
3440 1145 3679 1214 ἐκείνης.

2177 1238 2237 1284 ε’.
2302 1233 2561 1302 ’Πθέλησὲ
2607 1250 2736 1286 ποτε
2782 1236 2810 1287 6
2856 1233 3038 1304 ἄρχων
3087 1236 3188 1305 τῆς
3245 1233 3427 1305 χώρας
3467 1233 3683 1302 ἐκείνης

2111 1325 2236 1377 ἰδεῖν
2277 1324 2368 1376 τὸν
2401 1325 2575 1378 ἀὸΰᾶν
2611 1324 2877 1397 Ποιμένα,
2925 1328 3021 1380 καὶ
3061 1327 3124 1380 οὐ
3165 1325 3481 1396 κατεδέχετο
3523 1328 3552 1378 6
3593 1325 3686 1394 γέν

2112 1434 2240 1488 ρων.
2291 1417 2569 1488 Προφάσει
2615 1418 2670 1471 δὲ
2715 1418 2791 1482 ὡς
2834 1419 3141 1492 κακοῦργον
3181 1418 3408 1490 κατέσχε
3449 1419 3542 1471 τὸν
3571 1420 3686 1471 υἱὸν

2108 1510 2209 1580 τῆς
2244 1511 2481 1581 ἀδελφῆς
2504 1511 2690 1575 αὐτοῦ,
2723 1515 2817 1566 καὶ
2846 1513 3035 1566 ἓΰαλεν
3069 1515 3150 1576 εἰς
3179 1513 3444 1583 φυλακὴν,
3473 1511 3650 1579 λέγων
3671 1529 3684 1541 ·

2124 1604 2248 1658 Ἐὰν
2274 1604 2400 1676 ἔλθῃ
2423 1607 2451 1658 6
2477 1606 2674 1677 γέρων,
2702 1607 2796 1659 καὶ
2820 1605 3172 1677 παρακαλέσῃ
3199 1607 3338 1678 ὑπὲρ
3364 1606 3550 1670 αὑτοῦ,
3578 1603 3689 1673 ἐγὼ

2112 1696 2329 1749 ἀπολύω
2369 1698 2552 1751 αὐτόν.
2583 1699 2692 1752 Καὶ
2733 1694 2896 1770 ἦλθεν
2933 1701 2967 1771 ή
3012 1696 3421 1768 ἀδελφὴξαύτοῦ
3468 1697 3694 1749 κλαίου-

2116 1806 2182 1841 σα
2257 1789 2394 1858 πρὸς
2434 1793 2500 1860 τῇ
2549 1790 2708 1862 θύρᾳ.
2769 1791 2827 1843 Ὀ
2887 1791 2945 1844 δὲ
2999 1791 3098 1843 οὐκ
3143 1790 3339 1842 ἔδωκεν
3383 1789 3520 1860 αὐτῇ
3556 1788 3692 1841 ἀπό-

2116 1899 2316 1953 κρισιν.
2379 1883 2445 1934 Ἠ
2491 1883 2550 1936 δὲ
2600 1882 2857 1954 ἐλοιδόρει
2903 1883 3097 1947 αὐτὸν,
3151 1883 3415 1950 λέγουσα·
3469 1880 3690 1935 Χαλκό-

2119 1972 2412 2043 σπλαγχνε,
2449 1973 2672 2042 ἐλέησόν
2699 1991 2794 2042 με,
2827 1976 2908 2028 ὅτι
2959 1975 3251 2044 μονογενής
3287 1974 3375 2044 μοί
3410 1975 3578 2026 ἐστιν.
3625 1973 3688 2025 ’0

2116 2065 2170 2117 δὲ
2205 2064 2423 2135 πέμψας
2462 2061 2614 2118 εἶπεν
2649 2067 2786 2137 αὐτῇ
2806 2083 2819 2096 ο
2850 2065 3059 2138 Ποιμήν
3086 2069 3251 2121 τέκνα
3278 2067 3377 2120 οὐκ
3410 2065 3694 2135 ἐγέννησε.

2119 2159 2228 2211 Καὶ
2253 2158 2424 2221 οὕτως
2455 2156 2822 2229 ἀνεχώρησεν.
2868 2159 3130 2222 Ἀκούσας
3158 2159 3212 2211 δὲ
3239 2159 3440 2228 ἄρχων,
3465 2157 3684 2227 ἔπεμψε

2119 2249 2319 2318 λέγων⁶
2361 2249 2480 2302 Κᾶν
2523 2249 2666 2319 λόγῳ
2720 2249 2974 2323 κελεύσῃ,
3021 2249 3242 2302 ἀπολύω
3291 2249 3471 2302 αὐτόν.
3532 2249 3591 2301 '0
3640 2248 3699 2300 δὲ

2119 2344 2298 2414 γέρων
2350 2340 2708 2412 ἀντεδήλωσε,
2760 2340 2969 2410 λέγων’
3033 2339 3318 2405 Ἐξέτασον
3371 2339 3514 2392 κατά
3569 2340 3700 2402 τοὺς

2120 2433 2349 2504 νόμους·
2389 2433 2483 2486 καὶ
2516 2433 2565 2485 εἰ
2605 2432 2754 2498 ἀξιός
2793 2433 2908 2486 ἐστι
2957 2431 3209 2496 θανάτου,
3246 2431 3593 2485 ἀποθανέτω·
3651 2433 3701 2484 εἰ

2121 2524 2178 2576 δὲ
2205 2524 2306 2576 οὐκ
2340 2522 2508 2586 ἔστιν,
2539 2521 2614 2586 ὡς
2649 2522 2828 2592 βούλει
2859 2520 3083 2594 ποίησον
3109 2520 3179 2578 ⁵⁸.

2196 2623 2270 2680 ς’.
2323 2615 2562 2686 Ἐσφάλη
2593 2615 2723 2668 ποτὲ
2767 2614 2995 2683 ἀδελφὸς
3022 2615 3080 2666 ὲν
3118 2613 3402 2684 κοινοὸίῳο
3444 2607 3512 2683 ἦν
3552 2612 3610 2664 δὲ
3643 2613 3701 2663 ὲν

2123 2711 2235 2772 τοῖς
2266 2709 2452 2771 τόποις
2487 2707 2713 2771 ἐκείνοις
2747 2707 3104 2778 ἀναχωρητής
3124 2720 3137 2735 ⁸
3179 2706 3274 2758 καὶ
3307 2702 3487 2776 πολλῷ
3520 2705 3702 2775 χρόνῳ

2125 2800 2186 2852 οὐ
2220 2797 2505 2868 προῆλθεν.
2551 2799 2749 2850 Ἐλθὼν
2778 2797 2833 2850 δὲ
2866 2797 2894 2848 6
2921 2797 3097 2860 ἀὸϐᾶς
3134 2797 3227 2849 τοῦ
3268 2795 3534 2849 κυινοϐίου
3566 2795 3705 2866 πρὸς

2125 2892 2216 2945 τὸν
2248 2892 2500 2962 γέροντα,
2539 2890 2861 2962 ἀνήγγειλεν
2892 2889 3040 2959 αὐτῷ
3083 2891 3211 2960 περὶ
3242 2889 3334 2942 τοῦ
3386 2889 3702 2958 σφαλέντος.

2138 2986 2196 3039 '0
2223 2985 2280 3038 δὲ
2313 2979 2434 3036 εἷπε
2456 3000 2469 3013 ·
2521 2982 2757 3049 Διώξατε
2792 2981 2973 3035 αὐτόν.
3015 2980 3274 3047 Ἐξελθὼν
3311 2981 3369 3034 δὲ
3400 2982 3428 3034 6
3472 2979 3708 3048 ἀδελφὸς

2129 3077 2222 3132 τοῦ
2257 3075 2546 3139 κοινοϐίου,
2595 3075 2840 3146 εἰσῆλθεν
2888 3077 2968 3137 εἰς
3013 3073 3310 3147 χαράδραν,
3347 3073 3442 3127 καὶ
3486 3073 3709 3126 ἔκλαιεν

2126 3173 2261 3224 ἐκεῖ.
2310 3168 2657 3240 Εὑκαίρησαν
2700 3167 2756 3221 δὲ
2801 3166 3018 3236 ἀδελφοὶ
3053 3167 3414 3236 ἀπερχόμενοι
3449 3167 3584 3235 πρὸς
3615 3165 3710 3218 τὸν

2123 3263 2299 3317 ἀϐὗᾶν
2343 3262 2607 3331 Ποιμένα,
2644 3261 2738 3313 καὶ
2772 3261 3014 3330 ἤκουσαν
3047 3257 3211 3311 αὑτοῦ
3257 3258 3565 3320 κλαίοντος·
3616 3257 3711 3310 καὶ

2124 3356 2455 3419 εἰσελθόντες
2501 3348 2657 3425 εὖρον
2690 3353 2854 3405 αὑτὸν
2887 3353 2945 3406 ὲν
2975 3351 3194 3422 μεγάλῳ
3226 3351 3370 3419 πόνῳ
3390 3366 3402 3377 ·
3437 3350 3533 3402 καὶ
3559 3366 3710 3419 παρ-

2127 3449 2391 3502 εκάλεσαν
2413 3447 2574 3500 αὑτὸν
2598 3442 2728 3517 ἆραι
2746 3444 2881 3514 πρὸς
2905 3445 2994 3497 τὸν
3011 3444 3258 3514 γέροντα.
3285 3443 3391 3495 Καὶ
3406 3442 3504 3494 οὐκ
3523 3442 3711 3512 ἧθελε,

2125 3542 2300 3609 λέγων
2319 3559 2332 3572 ο
2384 3535 2510 3593 Ὧδε
2545 3539 2654 3608 ἐγὼ
2684 3538 3034 3608 ἀποθνήσκω.
3072 3535 3343 3599 Ἐλθόντες
3374 3534 3429 3586 δὲ
3457 3535 3593 3605 πρὸς
3618 3534 3712 3586 τὸν

2128 3631 2301 3685 ἀὸϐἄν
2323 3629 2563 3699 Ποιμένα
2600 3629 2929 3699 διηγήσαντο
2954 3627 3122 3698 αὐτῷ.
3179 3629 3287 3680 Καὶ
3321 3627 3714 3697 παρακαλέσας

2128 3724 2345 3786 αὐτοὺς.
2366 3723 2651 3777 ἀπέστειλε
2673 3722 2844 3791 λέγων
2865 3740 2879 3752 '
2911 3721 3115 3774 Εἴπατε
3137 3720 3304 3791 αύτῷ,
3324 3720 3404 3772 ὅτι
3449 3719 3504 3772 Ὀ
3538 3718 3717 3780 ἁεϐἄς

2130 3813 2338 3885 Ποιμὴν
2370 3816 2538 3883 φωνεῖ
2570 3831 2648 3867 σε.
2680 3810 2850 3867 Ἷὶλθε
2871 3814 2926 3867 δὲ
2957 3814 3095 3886 πρὸς
3110 3814 3270 3867 αὐτὸν
3295 3815 3324 3865 6
3342 3810 3593 3878 ἀδελφός⁸
3619 3810 3716 3862 καὶ

2135 3906 2256 3960 ἰδὼν
2274 3907 2435 3959 αὐτὸν
2469 3909 2497 3961 6
2525 3907 2703 3979 γέρων
2735 3907 3111 3977 τεθλιμμένον,
3132 3907 3368 3967 ἀναστὰς
3401 3905 3713 3974 ἠσπάσατο,

2132 4001 2225 4054 καὶ
2265 3999 2736 4069 χαριεντιζόμενος
2773 4001 2888 4070 μετ’
2922 3999 3109 4064 αὐτοῦ,
3145 3999 3486 4070 παρεκάλεσε
3509 4001 3714 4068 γεύσα-

2134 4092 2277 4144 σθαι.
2308 4089 2620 4143 Ἀπέστειλε
2636 4090 2691 4142 δὲ
2707 4091 2734 4143 6
2750 4089 2923 4152 ἀϐὅᾶς
2941 4089 3148 4160 Ποιμήν
3164 4090 3269 4142 τῶν
3289 4090 3530 4159 ἀδελφῶν
3544 4091 3714 4145 αὐτοῦ

2132 4201 2258 4239 τινα
2291 4187 2425 4256 πρὸς
2447 4183 2536 4237 τὸν
2569 4182 2946 4254 ἀναχωρητὴν,
2977 4182 3150 4250 λέγων
3170 4199 3183 4212 ·
3219 4183 3311 4234 Ἐκ
3341 4182 3548 4236 πολλῶν
3578 4183 3718 4237 ὲτῶιν

2135 4276 2442 4347 ἐπεθύμουν
2478 4294 2536 4328 σε
2575 4276 2722 4340 ἰδεῖν,
2764 4275 2981 4328 ἀκούων
3021 4274 3090 4328 τὰ
3139 4276 3265 4346 περὶ
3312 4275 3426 4336 σοῦ,
3460 4275 3555 4327 καὶ
3604 4275 3716 4328 ἀπο

2135 4368 2395 4439 ὀκνηρίας
2427 4367 2750 4437 ἀμφοτέρων
2783 4366 2843 4418 ού
2881 4365 3241 4436 συνετύχομεν
3283 4365 3551 4438 ἀλλήλοις.
3599 4365 3720 4418 Νῦν

448 4466 683 4529 volente,
712 4468 1003 4523 occasione
1037 4469 1243 4534 oblata,
1274 4469 1514 4524 laborem
1548 4469 1760 4524 itineris
1787 4472 2019 4539 suscipe,

2134 4459 2226 4516 οὖν
2250 4461 2384 4515 Θεοῦ
2417 4460 2678 4522 θέλοντος,
2708 4459 2801 4512 καὶ
2831 4461 3086 4530 ἀφορμῆς
3113 4459 3431 4530 γενομένης,
3455 4458 3719 4528 σκύλθητι

447 4576 512 4614 ac
551 4559 857 4617 videbimus
893 4575 1021 4615 nos.
1055 4559 1173 4615 Non
1208 4562 1355 4615 enim
1404 4562 1784 4632 egrediebatur
1821 4579 1851 4617 e
1892 4564 2030 4618 cella

447 4667 566 4707 sua.
608 4650 704 4705 Ille
739 4652 990 4715 audiens,
1026 4653 1167 4723 apud
1217 4667 1313 4706 se:
1348 4649 1463 4707 Nisi
1504 4651 1648 4706 Deus
1693 4653 1810 4707 seni
1853 4653 2030 4723 inspi—

448 4752 648 4807 rasset,
687 4759 794 4799 non
826 4747 1070 4801 misisset
1109 4744 1174 4798 ad
1207 4761 1314 4799 me.
1348 4743 1618 4810 Quocirca
1654 4761 1907 4817 surgens,
1935 4760 2030 4800 ac-

445 4839 636 4894 cessit.
663 4839 911 4908 Cumque
935 4853 995 4892 se
1026 4845 1216 4892 nmtuo
1241 4837 1348 4892 laeti
1373 4838 1726 4902 salutassent,
1751 4839 2029 4892 sederunt.

447 4927 587 4983 Tum
638 4929 705 4983 ad
759 4946 884 4985 eum
912 4931 1084 4985 abbas
1109 4929 1334 4986 Pmmeu
1370 4930 1520 4984 hunc
1556 4930 1794 4984 instituit
1821 4945 2033 4986 sermo-

449 5038 573 5077 nem
603 5041 616 5078 :
645 5023 763 5079 Duo
795 5024 1042 5078 homines
1072 5025 1126 5078 in
1169 5025 1405 5094 quodam
1437 5024 1558 5078 loco
1607 5022 1896 5092 degebant,
1937 5022 2031 5093 qui

452 5113 614 5167 ambo
650 5122 896 5169 mortuos
952 5115 1227 5169 habebant
1281 5113 1425 5184 apud
1478 5129 1579 5178 se;
1630 5113 1840 5168 dimisit
1888 5129 2033 5169 unus

453 5213 727 5260 mortuum
748 5223 928 5272 suum,
961 5215 1121 5276 atque
1146 5207 1282 5261 abiit
1312 5207 1381 5260 ad
1406 5206 1726 5276 plorandum
1756 5214 2032 5260 mortuum

455 5299 681 5354 alterius
732 5299 864 5369 (78).
918 5299 1163 5355 Audiens
1224 5313 1388 5368 porro
1443 5313 1631 5360 senex,
1674 5307 2034 5368 compunctus

453 5400 539 5446 est
572 5407 635 5447 ea
669 5392 940 5459 oratione,
980 5391 1409 5461 recordatusque
1429 5398 1514 5445 est
1543 5390 1620 5445 rei
1646 5404 1809 5460 quam
1836 5389 2038 5445 fecerat

528 5550 572 5579 '°
612 5548 692 5602 Al.
727 5547 850 5603 add.
893 5551 920 5602 6
943 5549 997 5602 δὲ
1028 5551 1210 5620 ἅρχων
1245 5547 1510 5613 ἀκούσας,
1539 5547 1658 5601 τότε
1692 5548 1856 5601 αὐτὸν
1880 5549 2172 5607 ἀπέλυσεν.

467 5692 640 5818 1306)
685 5693 786 5747 l'it.
825 5694 973 5746 Patr.
1011 5699 1127 5759 vui,
1183 5693 1275 5756 l5;
1323 5691 1519 5747 lladeri
1559 5691 1816 5757 l’iridar.,
1857 5708 1936 5754 Ill,
1981 5693 2033 5758 6,

2137 4556 2242 4618 ἕως
2284 4554 2392 4607 τῶν
2435 4545 2537 4604 ὦδε
2589 4552 2683 4603 καὶ
2735 4549 3002 4620 βλέπομεν
3047 4549 3327 4621 ἀλλήλους.
3379 4545 3486 4602 Ἤν
3535 4549 3592 4602 δὲ
3643 4550 3719 4619 μὴ

2139 4645 2498 4716 ἐξερχόμενος
2549 4644 2612 4694 ἐκ
2664 4638 2758 4694 τοῦ
2808 4639 3018 4692 κελλεου
3072 4638 3268 4692 αὑτοῦ·
3330 4638 3421 4692 καὶ
3478 4636 3722 4698 ἀκούσας

2141 4741 2357 4808 ἔλεγεν·
2394 4737 2455 4790 El
2508 4736 2582 4808 μὴ
2626 4737 2654 4788 6
2701 4734 2833 4798 Θεὸς
2868 4731 3281 4804 ὲπληροφὸρησε
3325 4731 3415 4783 τὸν
3462 4731 3721 4801 γέροντα.

2140 4834 2242 4886 οὐκ
2284 4829 2349 4884 ἂν
2384 4827 2627 4900 ἔπεμψεν
2663 4827 2746 4878 ἐπ’
2780 4825 2901 4896 ἐμέ.
2957 4825 3064 4877 Καὶ
3106 4822 3342 4884 ἀναστὰς
3401 4817 3533 4892 ἦλθε
3585 4822 3723 4892 πρὲις

2143 4923 2326 4978 αὐτόν.
2400 4921 2508 4973 Καὶ
2574 4918 2957 4988 ἀσπασάμενοι
3029 4914 3290 4985 ἀλλήλους
3352 4911 3489 4978 μετὰ
3545 4912 3726 4981 χαρᾶς

2144 5017 2421 5071 ἐκάθισαν.
2478 5009 2612 5066 Εἷπε
2660 5013 2715 5065 δὲ
2771 5010 2922 5080 αὑτῷ
2955 5009 3126 5070 ἀῧόἆς
3177 5006 3419 5075 Ποιμήνο
3474 5003 3580 5056 Δύο
3628 5003 3726 5056 ᾰν-

2144 5112 2352 5183 θρωποι
2380 5106 2520 5180 ἦσαν
2551 5108 2609 5159 ἐν
2647 5105 2796 5175 τόπῳ
2823 5104 2930 5156 τινὶ
2959 5102 3024 5166 ⁵¹,
3052 5103 3145 5153 καὶ
3172 5099 3468 5168 ἀμφότεροι
3495 5097 3684 5166 νεκροὶ
3703 5113 3728 5156 ς

2144 5201 2289 5274 εἶχον
2308 5221 2321 5232 ’
2360 5202 2540 5270 ἀφῆκε
2567 5200 2622 5252 δὲ
2658 5201 2685 5252 6
2723 5192 2802 5260 εἷς
2834 5196 2924 5248 τὸν
2958 5194 3148 5266 νεκρὸν
3174 5191 3361 5254 αὑτοῦ,
3389 5191 3482 5243 καὶ
3512 5188 3726 5258 ἀπῆλθε

2147 5293 2377 5347 κλαῦσαι
2408 5292 2498 5343 τὸν
2539 5289 2632 5342 τοῦ
2693 5287 2896 5354 ἑτέρου.
2941 5283 3201 5346 Ἀκούσας
3229 5281 3285 5334 δὲ
3325 5283 3352 5333 ὁ
3383 5280 3563 5348 γέρων
3591 5294 3728 5332 κατ-

2145 5387 2312 5456 ενύγη
2344 5385 2438 5438 ἐπὶ
2464 5384 2540 5454 τῷ
2566 5383 2731 5452 λόγῳ,
2761 5381 2853 5433 καὶ
2891 5376 3135 5450 ἐμνήσθη
3168 5375 3196 5428 ὃ
3244 5372 3489 5444 ἐποίησε,
3525 5371 3620 5425 καὶ
3651 5364 3729 5424 εἴ·

2247 5545 2293 5577 "
2331 5544 2417 5598 Al.
2454 5543 2554 5595 ἑνί.

2218 5687 2334 5750 (77)
2365 5684 2468 5738 Vit.
2504 5682 2653 5735 Patr.
2687 5698 2759 5737 ix.
2793 5683 2843 5732 7.

2221 5759 2329 5830 (78)
2365 5755 2583 5811 Dorotb.
2614 5753 2789 5807 Μαι-ιν.
2823 5755 2875 5804 ti.
