3874 6348
213 334 311 390 321

1349 337 1958 396 APOPHTIIEGMATA
1997 339 2308 397 PATRUM.

3354 350 3463 406 5:19.

213 464 316 500 πεν
341 463 357 476 ⁶
395 447 632 518 Ποιμήν,
667 446 778 501 ἄνω
805 447 850 478 ³⁸
881 449 960 510 είς
993 447 1082 501 τὸν
1115 449 1341 519 οὐρανόν
1359 466 1371 478 ·
1402 449 1513 519 ἐγὼ
1544 451 1601 504 δέ
1646 452 1796 505 κάτω

1902 462 1953 508 et
1983 454 2153 508 dixit:
2186 452 2431 517 Poemen,
2456 468 2673 510 sursum
2699 471 2916 512 sursum
2960 457 3015 512 in
3045 460 3219 528 caelo;
3249 475 3349 532 ego
3378 479 3472 518 ve-

213 537 370 592 κάτω
405 540 488 601 είς
531 539 629 612 τὴν
659 542 784 611 γῆν.

284 632 354 696 ζ’.
412 632 730 705 Παρέὸαλόν
795 651 925 687 ποτε
974 633 1228 706 γέροντες
1289 634 1471 688 πολλοὶ
1515 634 1595 706 τῷ
1656 635 1800 706 άδόᾷ

214 721 483 792 Ποιμένι·
534 724 630 778 καὶ
668 723 774 777 ίδού
806 742 890 788 τις
927 724 1036 777 τῶν
1067 723 1164 777 τοῦ
1194 723 1340 778 ἀὸὁᾶ
1382 725 1643 795 Ποιμένος
1687 720 1800 795 εἶχε

213 813 468 878 παιδίον,
521 813 612 867 καὶ
656 813 717 866 τδ
778 814 1061 882 πρόσωπον
1117 812 1281 866 αὑτοῦ
1339 816 1459 867 κατ’
1521 815 1800 884 ἐνέργειαν

214 905 472 977 ἐστράφη
506 906 700 960 ὀπίσω.
739 906 848 958 Kal
880 905 1001 958 ἰδὼν
1031 906 1060 958 6
1089 903 1274 976 πατὴρ
1301 904 1466 958 αὑτοῦ
1505 905 1566 958 τὸ
1600 903 1803 974 πλῆθος

213 996 327 1048 τῶν
379 996 664 1067 Πατέρων,
710 995 892 1050 λαϐὼν
927 996 986 1049 τὸ
1017 995 1226 1049 παιδίον
1256 994 1360 1059 ἔξω
1389 994 1482 1048 τοῦ
1530 1013 1794 1067 μοναστηο

216 1088 340 1158 ρίου
393 1087 634 1158 ἐκάθητο
687 1087 906 1141 κλαίων.
962 1085 1273 1159 Εὑκαίρησε
1322 1085 1380 1139 δέ
1430 1103 1536 1140 τινι
1588 1086 1801 1158 γέροντι

221 1180 467 1245 ἐξελθεῖν
487 1196 501 1210 ο
529 1181 621 1233 καὶ
656 1178 778 1232 ἰδὼν
800 1179 960 1232 αὑτὸν
987 1174 1108 1232 εἷπε
1125 1196 1138 1210 ·
1174 1178 1238 1231 Τί
1264 1178 1490 1243 κλαίεις,
1517 1178 1613 1232 ἄνθ
1623 1196 1799 1250 ρωπε;

226 1275 289 1328 '0
323 1274 382 1326 δὲ
427 1269 549 1326 εἷπε
570 1291 582 1303 ·
614 1273 890 1342 Συγγενής
912 1274 1024 1343 εἰμι
1055 1269 1150 1324 τοῦ
1179 1271 1322 1324 ἀ66ἄ
1370 1270 1663 1342 Ποιμένοςο
1704 1273 1799 1325 καὶ

228 1365 342 1418 ἰδοὺ
395 1363 592 1435 συνέϐη
639 1362 717 1434 τῷ
763 1363 962 1433 παιδίῳ
991 1363 1165 1433 τούτῳ
1197 1363 1226 1412 6
1258 1362 1562 1433 πειρασμὸς
1609 1355 1763 1426 οὗτος
1785 1379 1798 1394 ο

219 1459 321 1510 καὶ
357 1456 605 1518 θέλοντες
634 1455 713 1526 τῷ
743 1455 956 1526 γέροντι
990 1458 1374 1525 προσενεγκεῖν
1417 1455 1568 1518 αὐτὸ,
1603 1455 1802 1525 ἐφοϐήο

229 1550 442 1620 θημενο
487 1550 546 1603 οὐ
574 1548 683 1620 γάρ
715 1548 856 1602 θέλει
892 1549 1019 1602 ίδείν
1062 1549 1228 1618 ἡμᾶς.
1277 1547 1386 1600 Καὶ
1412 1547 1507 1601 νῦν
1535 1548 1629 1602 ἐάν
1660 1548 1804 1621 μάθῃ

214 1642 302 1695 ὅτι
338 1636 444 1694 ὦδέ
480 1642 618 1711 είμι,
658 1639 863 1710 πέμπει
891 1639 986 1693 καὶ
1017 1637 1203 1692 διώκει
1235 1655 1335 1710 με·
1365 1637 1475 1708 ἐγὼ
1504 1639 1559 1692 δὲ
1593 1639 1804 1710 βλέπων

217 1717 324 1803 τὴν
343 1734 649 1806 παρουσίαν
672 1731 847 1803 ὑμῶν,
865 1731 1133 1802 ἐτόλμησα
1162 1731 1353 1784 ἐλθεῖν.
1384 1730 1471 1795 Ὠς
1487 1731 1658 1795 Θέλεις
1688 1725 1800 1794 οὖν,

1899 560 1962 599 ro
1990 545 2244 599 deorsum
2278 544 2332 598 in
2365 553 2533 607 terra,

1971 637 2020 690 7.
2049 637 2161 706 (79)
2195 635 2462 691 Adierunt
2494 637 2791 708 aliquando
2830 654 2992 695 senes
3020 641 3174 695 multi
3222 641 3476 698 abbatem

1899 721 2245 792 Paemenem;
2278 741 2399 780 cum
2441 742 2569 782 ecce
2601 728 2823 799 quidam
2855 744 2922 784 ex
2975 729 3225 786 aﬂinibus
3264 733 3476 787 abbatis

1902 813 2180 871 Pmmenis
2201 818 2426 874 haberet
2456 820 2647 884 filium,
2701 820 2860 889 cujus
2890 820 3059 877 facies
3090 823 3308 878 diabolo
3361 824 3477 878 eili-

1901 909 2079 964 ciente
2109 925 2374 966 conversa
2397 921 2516 966 erat
2542 920 2866 968 retrorsum.
2901 912 3086 985 Itaque
3121 926 3274 985 pater
3306 915 3476 969 intui-

1903 1011 1992 1057 tus
2020 1003 2423 1059 multitudinem
2449 1003 2695 1069 Patrum,
2729 1015 3009 1075 assumpto
3040 1007 3150 1062 tilio
3174 1015 3328 1062 extra
3355 1023 3474 1060 mo-

1902 1096 2198 1150 nasterium
2225 1096 2448 1151 sedebat
2476 1098 2718 1167 plorans.
2745 1098 2986 1168 Contigit
3013 1107 3193 1154 autem
3247 1106 3306 1151 ut
3349 1100 3474 1168 qni-

1902 1183 2025 1238 dam
2065 1200 2224 1240 senex
2255 1186 2448 1240 exiret.
2479 1185 2530 1240 ls
2567 1201 2800 1241 cernens
2833 1202 2980 1249 eum,
3015 1187 3092 1240 ait
3136 1206 3149 1242 :
3185 1185 3323 1252 Quid
3355 1188 3474 1256 plo-

1905 1290 2015 1337 ras,
2088 1276 2284 1330 homo?
2341 1274 2676 1346 Respondit:
2730 1276 3008 1346 Cognatus
3071 1292 3190 1331 sum
3263 1277 3476 1334 abbatis

1904 1367 2196 1431 Pmmenis,
2229 1375 2391 1437 atque
2420 1383 2489 1422 en
2520 1382 2690 1438 puero
2715 1367 2842 1421 huic
2874 1367 3072 1422 accidit
3094 1368 3196 1422 ista
3224 1369 3472 1435 tentatio;

1902 1458 2147 1513 volentes
2181 1466 2361 1512 autem
2412 1459 2527 1513 seni
2560 1457 2756 1513 otl‘erre
2786 1458 3087 1514 timuimus.
3112 1458 3297 1529 Neque
3325 1461 3472 1514 enim

1904 1551 2019 1606 vult
2047 1551 2230 1605 videre
2249 1565 2372 1605 nos.
2400 1551 2575 1619 Atque
2602 1566 2750 1605 nunc
2789 1552 2833 1606 si
2859 1552 3184 1620 compererit
3209 1568 3292 1606 me
3316 1553 3474 1607 ades-

1905 1659 1983 1707 se,
2016 1643 2192 1698 mittet
2214 1658 2278 1697 ac
2303 1644 2536 1712 expellet
2563 1658 2667 1698 me.
2697 1643 2809 1714 Ego
2838 1659 2966 1699 vero
2988 1644 3080 1698 ubi
3107 1644 3218 1700 vidi
3267 1644 3472 1700 adven-

1907 1741 2022 1787 tum
2071 1743 2335 1798 vestrum,
2379 1749 2546 1790 ausus
2595 1750 2715 1789 sum
2757 1735 2960 1790 venire.
3007 1735 3472 1800 Quemadmodum

215 1827 408 1890 a665,.
433 1826 657 1896 ἐλέησόν
707 1843 796 1896 με,
846 1825 939 1878 καὶ
987 1823 1117 1878 λάϐε
1165 1823 1226 1876 τὸ
1275 1823 1484 1877 παιδίον
1526 1823 1652 1889 ἔσω,
1708 1824 1798 1878 καὶ

1902 1839 2034 1894 ergo
2090 1825 2332 1886 libuerit,
2395 1825 2553 1890 abba,
2605 1825 2712 1879 mei
2773 1827 3067 1892 miserere;
3138 1826 3472 1882 introducito

215 1916 457 1982 εὖξασθε
496 1919 623 1988 περὶ
671 1917 717 1948 ⁸³
760 1915 947 1969 αὑτοῦ.
997 1916 1110 1969 Kal
1153 1913 1332 1968 λαὸὼν
1371 1915 1502 1968 αὐτὸ
1544 1917 1572 1968 6
1622 1915 1799 1986 γέρων

215 2009 468 2080 εἰσῆλθε,
492 2010 586 2063 καί
606 2008 878 2080 ἐχρήσατο
901 2007 1199 2079 φρονίμως,
1222 2007 1316 2058 καὶ
1343 2007 1402 2059 οὐ
1433 2008 1800 2079 προσήνεγκεν

213 2103 357 2155 αὐτὸ
390 2101 592 2164 εὐθέως
622 2101 700 2171 τῷ
730 2098 873 2170 ἀϐϐᾷ
912 2098 1160 2168 Ποιμένι,
1194 2097 1329 2151 ἀλλὰ
1363 2096 1666 2170 ἀρξάμενος
1692 2097 1800 2151 ἀπὸ

213 2193 332 2247 τῶν
379 2193 724 2265 μικροτέρων
779 2189 1056 2259 ἀδελφῶν,
1116 2189 1300 2257 ἔλεγε·
1349 2189 1695 2258 Σφραγίσατε
1741 2189 1802 2242 τὸ

227 2289 471 2342 παιδίον.
513 2288 754 2358 Ποιήσας
787 2285 846 2339 δέ
876 2285 1083 2349 πάντας
1113 2285 1252 2338 κατὰ
1279 2285 1596 2338 ἀκολουθίαν
1631 2302 1802 2356 σφρα-

214 2380 378 2448 γῖσαι
403 2377 558 2441 αὐτὸ,
589 2376 814 2448 ὕστερον
847 2376 1044 2446 ἤνεγκε
1092 2373 1170 2444 τῷ
1201 2373 1343 2444 ἀϐϐᾷ
1376 2374 1617 2443 Ποιμένι.
1657 2374 1714 2426 '0
1745 2373 1802 2426 δὲ

214 2471 324 2525 οὐκ
352 2470 513 2541 ἧθελε
554 2468 684 2522 αὐτὸ
721 2468 936 2538 ἐγγίσαι
970 2468 1035 2520 ⁸⁸.
1067 2468 1131 2519 Οἱ
1161 2466 1218 2520 δὲ
1245 2465 1587 2537 παρεκάλουν
1616 2467 1798 2527 αὑτὸν,

217 2563 514 2631 λέγοντες·
567 2561 780 2631 Ὥσπερ
825 2560 1045 2624 πάντες,
1087 2557 1182 2612 καὶ
1231 2558 1296 2610 σὺ
1344 2557 1411 2621 ⁸⁸,
1446 2557 1646 2629 Πάτερ.
1692 2558 1802 2611 Kal

219 2653 511 2718 στενάξας,
556 2651 795 2716 ἀναστὰς
837 2651 1047 2718 εὔξατο,
1092 2649 1306 2718 λέγων’
1357 2647 1416 2706 Ὀ
1465 2648 1614 2714 Θεὸς,
1653 2649 1800 2701 ῐασαι

216 2747 282 2799 τὸ
317 2745 549 2815 πλάσμα
589 2761 702 2808 σου,
749 2743 834 2796 ἵνα
888 2742 962 2814 μὴ
1009 2739 1269 2812 κυριευθῇ
1319 2739 1422 2792 ὑπὸ
1459 2738 1552 2792 τοῦ
1579 2739 1797 2810 ἐχθροῦ.

218 2838 337 2892 Kal
378 2835 686 2906 σφραγίσας
718 2834 848 2889 αὐτὸ
915 2833 1114 2896 εὐθέως
1147 2831 1498 2904 ἐθεράπευσε,
1557 2833 1652 2885 καί¹
1693 2834 1799 2886 άπ-

219 2929 400 2982 ἐδωκε
438 2927 517 2998 τῷ
541 2928 711 2997 πατρὶ
734 2925 897 2980 αὐτοῦ
924 2924 1095 2994 ὑγιές.

288 3017 367 3090 η’.
402 3018 640 3089 Ἀπῆλθέ
667 3035 751 3081 τις
792 3016 1016 3086 ἀδελφός
1045 3033 1174 3069 ποτε
1207 3014 1313 3068 ἀπὸ
1336 3013 1444 3068 τῶν
1480 3013 1661 3086 μερῶν
1707 3013 1798 3068 τοῦ

225 3112 378 3166 άὸὁᾶ
399 3111 665 3182 Ποιμένος
692 3109 784 3163 ἐπὶ
821 3108 976 3180 ξένης
998 3125 1009 3137 ·
1045 3109 1136 3161 κα)⁸
1173 3107 1476 3178 κατήντησε
1503 3105 1640 3176 πρός
1675 3124 1796 3160 τινα
1822 3157 1864 3214 c

217 3201 589 3274 ἀναχωρητὴν
623 3202 770 3254 ἐκεῖ’
809 3196 878 3271 ἦν
911 3199 1019 3270 γάρ
1046 3199 1184 3270 ἔχων
1215 3199 1456 3270 ἀγάπην,
1488 3199 1580 3250 καὶ
1613 3198 1797 3251 πολλοὶ

215 3296 458 3365 ἤρχοντο
489 3292 622 3364 πρὸς
657 3290 841 3345 αὐτόν.
892 3289 1203 3361 Ἀνήγγειλε
1243 3290 1300 3342 δὲ
1345 3288 1493 3358 αὑτῷ
1518 3291 1546 3341 6
1574 3288 1799 3357 ἀδελφὸς

215 3386 286 3438 τὰ
318 3385 450 3454 περὶ
479 3382 574 3435 τοῦ
604 3381 748 3435 άϐϐἄ
775 3382 1058 3451 Ποιμένος.
1089 3381 1198 3434 Kal
1222 3379 1459 3444 ἀκούσας
1483 3380 1582 3449 τὴν
1604 3380 1801 3451 ἀρετὴν

215 3475 390 3528 αὐτοῦ
437 3476 777 3545 ἐπεπόθησεν
825 3474 985 3528 αὐτὸν
1043 3474 1186 3526 ἰδεῖν.
1238 3472 1682 3543 Ἀνακάμψαντος
1742 3471 1800 3524 δέ

217 3568 316 3621 τοῦ
356 3567 590 3636 ἀδελφοῦ
641 3569 722 3630 είς
755 3565 1052 3635 Αἴγυπτον,
1089 3563 1230 3636 μετὰ
1267 3563 1456 3634 χρόνον
1503 3563 1625 3616 τινά
1667 3564 1800 3615 ἀνα-

220 3661 357 3723 στὰς
407 3661 439 3712 ὁ
482 3657 863 3728 ἀναχωρητὴς,
896 3651 1059 3727 ἦλθεν
1105 3655 1212 3708 ἀπὸ
1257 3655 1355 3725 τῆς
1399 3651 1553 3724 ξένης
1587 3655 1666 3715 εἰς
1701 3651 1799 3704 Αί-

217 3769 431 3821 γυπτον
468 3751 606 3822 πρὸς
639 3751 730 3802 τόν
764 3766 893 3802 ποτε
929 3747 1308 3819 παραϐαλόντα
1352 3745 1500 3815 αὐτῴ
1539 3744 1762 3813 ἀδελφόν
1781 3759 1797 3774 ο

215 3841 285 3914 ἦν
318 3844 433 3913 γὰρ
467 3842 635 3895 εἰπὼν
667 3841 813 3910 αὐτῷ
848 3839 949 3892 τιῸῦ
987 3839 1157 3910 μένει.
1211 3837 1355 3891 Ἰδὼν
1383 3838 1439 3891 δὲ
1473 3838 1634 3891 αὑτὸν
1659 3838 1801 3889 ἐκεῖ-

217 3953 310 3999 νος
350 3934 655 4003 ἐθαύμασε,
691 3933 784 3985 καὶ
812 3931 984 4002 ἐχάρη
1038 3931 1177 3984 λίαν.
1207 3926 1344 3983 Εἷπε
1373 3930 1429 3983 δὲ
1458 3931 1486 3982 ὁ
1511 3930 1797 3999 ἀναχωρη-

212 4027 318 4098 cf);
339 4042 356 4056 ο
391 4025 629 4094 Ποίησον
654 4025 890 4094 ἀγάπην,
924 4019 1054 4094 ἆρόν
1091 4041 1157 4094 με
1185 4021 1319 4094 πρὸς
1343 4022 1435 4075 τὸν
1468 4022 1640 4075 ἀ66ἄν
1675 4022 1800 4074 Ποι-

216 4119 382 4189 μένα.
421 4117 536 4169 Kal
569 4114 748 4167 λαϐὼν
780 4115 938 4167 αὑτὸν
973 4110 1101 4185 ἦλθε
1133 4113 1268 4185 πρὸς
1291 4113 1380 4166 τὸν
1406 4112 1637 4182 γέροντα
1663 4153 1679 4176 ,
1705 4112 1799 4164 καὶ

211 4207 547 4280 ἀνήγγειλεν
580 4205 729 4277 αὑτῷ
764 4207 834 4259 τά
866 4207 992 4276 περὶ
1026 4206 1213 4271 αὑτοῦ,
1260 4204 1454 4274 λέγων,
1504 4205 1587 4257 ὅτι
1610 4204 1798 4273 Μέγας

213 4300 512 4374 ἄνθρωπός
546 4301 682 4372 ἐστι,
717 4299 812 4352 xal
856 4298 1056 4369 πολλὴν
1084 4298 1302 4368 ἀγάπην
1342 4296 1500 4366 ἔχων,
1544 4296 1638 4348 καὶ
1667 4294 1798 4348 πολ-

213 4394 317 4463 λὴν
355 4409 406 4445 τι
416 4391 523 4461 μὴν
555 4392 635 4454 είς
662 4390 760 4460 τὴν
789 4389 968 4460 χώραν
993 4387 1179 4442 αὐτοῦ.
1227 4387 1545 4457 Ἀνήγγειλα
1569 4386 1624 4439 δὲ
1649 4385 1796 4456 αὐτῷ

213 4487 352 4556 περὶ
401 4483 521 4547 σοῦ,
571 4484 665 4535 καὶ
710 4481 988 4552 ἐπιθυμῶν
1030 4481 1156 4535 ἰδεῖν
1206 4497 1264 4533 σε
1314 4474 1496 4550 ἦλθεν.
1551 4479 1796 4543 Ἐδέξατο

211 4573 308 4632 οὖν
364 4575 530 4629 αὐτὸν
579 4573 716 4644 μετά
752 4574 947 4643 χαρᾶς,
983 4572 1077 4626 καὶ
1124 4571 1495 4640 ἀσπασάμενοι
1537 4570 1796 4640 ἀλλήλους

214 4667 505 4722 ἐκάθισαν.
532 4664 643 4717 Καὶ
675 4663 876 4734 ἤρξατο
901 4663 928 4714 6
962 4661 1169 4728 ξενικὸς
1195 4660 1374 4713 λαλεῖν
1401 4660 1509 4713 ἀπὸ
1533 4660 1630 4730 τῆς
1659 4660 1797 4732 Γρα-

214 4763 349 4830 φῆς,
381 4756 515 4828 περὶ
554 4752 938 4824 πνευματικῶν
970 4753 1064 4806 καὶ
1112 4751 1396 4820 οὐρανίων.
1441 4750 1706 4820 Ἔστρεψε
1739 4750 1796 4802 δὲ

208 4855 242 4905 6
269 4850 450 4912 esse;
483 4847 693 4918 Ποιμὴν
726 4845 785 4899 :6
808 4845 1096 4914 πρόσωπον
1127 4843 1313 4909 αὐτοῦ,
1343 4844 1436 4896 καὶ
1463 4843 1562 4896 οὐκ
1601 4842 1798 4895 ἔδωκεν

210 4941 368 5012 αὐτῷ
405 4939 720 5009 ἀπόκρισιν.
777 4935 923 4989 Ἰδὼν
972 4935 1028 4988 δὲ
1061 4936 1142 4989 ὅτι
1175 4935 1234 4988 οὑ
1277 4935 1425 4987 λαλεῖ
1457 4935 1572 5005 μετ’
1607 4932 1793 5000 αὑτοῦ,

211 5033 484 5104 λυπηθεὶς
518 5029 731 5100 ἐξῆλθε,
760 5029 853 5082 καὶ
881 5026 1027 5095 λέγει
1058 5026 1136 5097 τῷ
1165 5024 1378 5096 ἀδελφῷ
1406 5025 1482 5094 τῷ
1515 5027 1794 5093 ἐνέγκαντι

210 5124 379 5178 αὐτόν
403 5139 418 5153 ο
457 5120 552 5181 Εἰς
583 5119 762 5190 μάτην
793 5117 1023 5187 ἐποίησα
1048 5116 1174 5186 ὃλην
1204 5115 1302 5187 τὴν
1327 5115 1634 5184 ἀποδημίαν
1667 5114 1796 5168 ταύ-

207 5231 337 5284 την,
374 5208 584 5264 Ἦλθον
627 5207 737 5278 γὰρ
786 5207 920 5278 πρὸς
952 5206 1042 5259 τὸν
1095 5204 1326 5277 γέροντα
1351 5220 1363 5233 ·
1404 5205 1497 5256 καὶ
1539 5204 1646 5258 ἰδοὺ
1676 5204 1794 5257 οὐδὲ

208 5304 450 5368 λαλῆσαι
478 5301 622 5354 θέλει
656 5300 772 5368 μετ’
799 5297 956 5368 ἐμοῦ.
995 5297 1228 5368 Είσῆλθε
1256 5298 1312 5350 δὲ
1349 5299 1376 5350 6
1408 5296 1632 5364 ἀδελφὸς
1661 5297 1795 5367 πρὸς

209 5397 306 5446 τὸν
336 5394 516 5446 ἀϐὁᾶν
553 5393 811 5462 Ποιμένα,
854 5391 948 5444 καὶ
979 5391 1126 5458 λέγει
1164 5389 1342 5461 αὐτῷ’
1386 5390 1570 5451 Ἀϐϐά,
1597 5389 1687 5442 διὰ
1733 5389 1792 5441 σὲ

207 5481 375 5557 ἦλθεν
402 5487 433 5538 ὁ
467 5486 644 5556 μέγας
675 5482 962 5554 ἄνθρωπος
990 5477 1161 5546 οὗτος,
1184 5481 1321 5553 ἔχων
1341 5481 1607 5552 τοσαύτην
1634 5479 1789 5547 δόξαν

289 5627 331 5658 ⁵⁸
351 5627 437 5680 ΔΙ.
469 5627 643 5681 inser.
682 5625 812 5679 ἄνω.
888 5625 935 5657 ⁸³
955 5624 1042 5678 Al.
1071 5625 1229 5697 ὑπέρ.

285 5767 397 5837 (79)
443 5767 552 5820 Vit.
594 5765 746 5819 Patr.
785 5781 842 5832 tt,
876 5765 975 5829 1ος
1006 5782 1115 5833 xxv,
1157 5768 1205 5823 1.

1899 1931 2150 1986 puerum,
2183 1925 2232 1969 et
2259 1925 2412 1972 orate
2442 1933 2542 1986 pro
2563 1917 2678 1972 illo.
2705 1917 2882 1973 Senex
2935 1933 3220 1974 assumens
3245 1934 3472 1988 puerum

1900 2008 2141 2063 intravit.
2169 2008 2340 2064 Porro
2382 2025 2516 2064 usus
2547 2017 2630 2064 est
2659 2009 2980 2080 prudentia;
3014 2025 3115 2064 nec
3144 2011 3328 2065 statim
3362 2012 3463 2063 ob-

1899 2101 2028 2162 tulit
2079 2102 2260 2158 abbati
2295 2100 2576 2166 Pmmeni;
2615 2100 2710 2155 sed
2770 2102 3040 2171 incipiens
3092 2117 3123 2155 a
3164 2102 3470 2156 minoribus

1899 2193 2178 2259 fratribus,
2235 2194 2450 2248 diccbat
2502 2210 2516 2246 :
2572 2194 2896 2264 Consignate
2947 2209 3191 2262 puerum.
3227 2192 3471 2264 Cumque

1900 2287 2119 2343 fecisset
2155 2294 2214 2340 ut
2243 2302 2272 2340 a
2304 2286 2520 2341 cunctis
2549 2302 2616 2341 ex
2655 2287 2846 2340 ordine
2889 2287 3322 2356 consignaretur,
3371 2286 3470 2340 de-

1899 2394 2048 2433 mum
2078 2379 2260 2433 abbati
2299 2377 2540 2433 Ptemeni
2580 2379 2776 2431 attulit.
2815 2379 2866 2433 ls
2913 2378 3132 2432 nolebat
3177 2387 3236 2432 ut
3290 2378 3357 2432 ad
3407 2392 3469 2434 se

1899 2471 2375 2541 appropinquaret.
2419 2472 2489 2522 At
2540 2470 2616 2522 illi
2662 2472 2950 2538 rogabant,
2996 2469 3280 2524 dicentes:
3317 2470 3470 2523 Sient

1899 2562 2102 2624 caeteri,
2128 2568 2182 2615 et
2219 2568 2298 2624 tu,
2335 2560 2512 2614 Pater.
2539 2560 2692 2613 Tunc
2716 2562 3080 2631 ingemiscens
3103 2563 3362 2626 surrexit,
3393 2571 3472 2617 at—

1896 2666 2003 2721 que
2024 2651 2096 2705 ita
2120 2660 2380 2720 precatus
2419 2658 2536 2705 est;
2578 2652 2739 2710 Dens,
2775 2666 2907 2706 sana
2934 2656 3253 2705 ‘creaturam
3298 2661 3470 2718 tuam,

1899 2759 1966 2798 ne
1994 2743 2063 2797 ab
2088 2743 2246 2796 hoste
2278 2743 2330 2795 in
2356 2743 2668 2796 servitutem
2693 2743 2988 2813 redigatur.
3015 2742 3080 2796 Et
3107 2758 3230 2798 cum
3264 2745 3474 2814 signaso

1898 2846 1980 2892 set
2000 2852 2146 2899 eum,
2184 2835 2333 2889 illico
2353 2835 2588 2897 curavit,
2619 2849 2924 2905 sanumque
2950 2837 3096 2906 patri
3138 2837 3398 2893 restituit.

1967 3007 2020 3061 8.
2057 3007 2172 3078 (80)
2201 3008 2508 3079 Aliquando
2555 3009 2777 3079 quidam
2835 3010 3023 3076 frater,
3063 3014 3132 3068 ab
3160 3014 3274 3070 oris
3314 3015 3472 3069 abba-

1900 3095 1970 3150 tis
1992 3095 2266 3152 Pannonis
2293 3099 2549 3153 discessit
2591 3102 2645 3153 in
2675 3103 3014 3170 peregrinam
3063 3110 3296 3168 terram;
3333 3104 3471 3157 illic-

1902 3203 2008 3256 que
2045 3189 2190 3243 venit
2218 3188 2284 3241 ad
2311 3189 2598 3258 quemdam
2640 3193 3051 3260 anaeboretam,
3091 3195 3180 3263 qui
3206 3193 3471 3249 eharitate

1902 3279 2159 3348 praeditus
2187 3290 2325 3346 erat,
2359 3291 2413 3335 et
2445 3299 2606 3352 quem
2637 3284 2860 3337 adibant
2881 3286 3055 3339 inulti.
3104 3285 3296 3342 Frater
3330 3304 3470 3341 nun-

1901 3372 2057 3425 tiavit
2098 3373 2147 3426 ei
2181 3372 2248 3426 de
2301 3373 2496 3427 abbate
2528 3373 2802 3429 Pmmene.
2865 3376 2956 3430 Ille
3003 3377 3200 3432 auditis
3235 3379 3469 3435 hominis

1900 3463 2216 3528 virtutibus,
2249 3464 2525 3520 desiderio
2559 3474 2736 3521 tactus
2764 3477 2846 3521 est
2909 3469 3122 3523 ridendi
3173 3485 3317 3524 cuin.
3366 3473 3470 3526 lle-

1901 3570 2058 3608 verso
2080 3555 2244 3624 igitur
2274 3556 2440 3611 fratre
2480 3559 2534 3610 in
2567 3556 2881 3627 Egyptum,
2916 3561 3076 3628 paulo
3118 3571 3239 3631 post
3276 3578 3469 3616 exsur-

1898 3663 2031 3718 gens
2052 3649 2402 3712 anachoreta,
2430 3665 2461 3704 e
2490 3651 2710 3720 regione
2739 3660 2921 3705 extera
2963 3654 3199 3722 perrexit
3227 3655 3279 3706 in
3303 3656 3472 3726 Aigy-

1901 3749 2075 3808 ptum,
2102 3740 2167 3794 ad
2192 3740 2344 3793 illum
2376 3739 2600 3796 fratrem
2630 3744 2723 3811 qui
2757 3743 2934 3812 ipsum
2963 3755 3314 3808 convenerat;
3342 3764 3467 3800 nam

1900 3829 2239 3884 indicaverat
2270 3830 2320 3885 ei
2353 3831 2442 3885 ubi
2479 3843 2746 3886 maneret.
2784 3832 2986 3888 Videns
3007 3843 3186 3889 autem
3207 3852 3329 3890 eum
3357 3838 3464 3903 ille,

1899 3920 2204 3977 demiratus
2237 3933 2340 3989 est,
2375 3930 2430 3977 et
2446 3924 2601 3978 valde
2635 3933 2718 3979 est
2780 3926 3021 3996 gavisus.
3050 3926 3192 3981 Dixit
3227 3931 3466 3984 anni-ho.

1899 4017 2016 4064 reta
2042 4031 2057 4064 :
2088 4010 2293 4067 Exerce
2336 4012 2656 4068 charitatem
2681 4054 2697 4079 ,
2727 4014 2833 4068 duc
2859 4031 2944 4070 me
2973 4020 3038 4071 ad
3072 4019 3318 4074 abbatem
3346 4020 3470 4077 Ρω-

1900 4116 2137 4158 menem.
2167 4101 2353 4173 Itaque
2387 4119 2674 4161 assumens
2708 4122 2854 4170 eum,
2892 4110 3138 4177 pervenit
3167 4110 3233 4164 ad
3257 4127 3466 4169 senem.

1899 4192 2002 4247 Cui
2039 4194 2309 4248 nuntiavit
2346 4210 2467 4266 qua:
2490 4196 2556 4249 ad
2581 4196 2756 4265 ipsum
2789 4199 3128 4267 spectabant,
3155 4200 3240 4256 his
3264 4204 3466 4258 verbis:

1899 4284 2130 4355 Magnus
2183 4287 2269 4340 vir
2322 4295 2427 4353 est,
2482 4289 2747 4343 charitate
2775 4290 2965 4352 multa,
3003 4291 3207 4362 ingenti
3263 4293 3469 4349 honore

1901 4377 2042 4446 apud
2075 4393 2238 4434 suos:
2272 4378 2340 4432 de
2372 4387 2424 4434 te
2458 4380 2776 4434 annuntiavi
2829 4382 2898 4444 ei,
2933 4391 2988 4435 et
3029 4383 3257 4452 cupiens
3285 4384 3470 4438 videre

1901 4478 1973 4533 te,
2000 4469 2237 4526 advenit.
2272 4470 2524 4542 Suscepit
2579 4488 2706 4542 ergo
2759 4474 2910 4527 illum
2966 4489 3090 4528 cum
3143 4477 3361 4540 laetitia;
3415 4485 3468 4530 et

1899 4570 2188 4632 postquam
2224 4577 2283 4616 se
2307 4571 2494 4616 mutuo
2518 4563 2866 4626 salutassent,
2903 4563 3289 4618 consederunt.
3312 4563 3469 4619 Tunc

1896 4655 2215 4724 peregrinus
2246 4656 2412 4724 cmpit
2442 4655 2589 4724 loqui
2622 4672 2685 4709 ex
2725 4655 3028 4725 Scriptura,
3061 4657 3128 4711 de
3160 4658 3321 4711 rebus
3350 4657 3466 4727 spi-

1896 4744 2186 4798 ritualibus
2219 4751 2272 4798 et
2306 4745 2645 4800 cmlestibus.
2685 4748 2753 4799 At
2801 4747 2970 4801 abbas
3020 4746 3240 4802 Paemen
3295 4750 3462 4802 vertit

1898 4835 2113 4899 faciem,
2148 4851 2248 4891 nec
2285 4852 2613 4907 responsum
2664 4838 2923 4892 reddidit.
2966 4837 3119 4894 Unde
3157 4840 3204 4896 is
3233 4856 3464 4897 cernens

1899 4929 2044 4998 quod
2067 4943 2175 4982 non
2200 4929 2622 4998 colloqueretur,
2656 4931 2833 4985 tristis
2865 4945 3122 5001 egressus
3143 4939 3247 4986 est.
3287 4931 3460 4986 Dixit-

1897 5037 2004 5091 que
2045 5021 2201 5074 fratri
2238 5021 2331 5091 qui
2355 5037 2480 5075 eum
2529 5021 2791 5076 duxerat:
2822 5021 3043 5076 Frustra
3076 5023 3216 5076 hanc
3248 5039 3460 5078 omnem

1896 5112 2388 5183 peregrinationem
2422 5114 2657 5183 suscepi.
2701 5112 2838 5168 Veni
2873 5129 3108 5183 namque
3143 5114 3210 5168 ad
3235 5131 3458 5182 senem;

1897 5218 2025 5259 ecce
2050 5219 2180 5259 vero
2210 5219 2389 5274 neque
2441 5219 2653 5259 mecum
2683 5205 2921 5275 colloqui
2955 5207 3088 5260 vult.
3127 5205 3313 5277 Itaque
3347 5206 3462 5260 fra—

1897 5305 1978 5352 ter
2013 5297 2295 5366 ingressus
2323 5296 2390 5350 ad
2422 5297 2670 5352 abbatem
2695 5296 3002 5353 Poemenem
3032 5318 3045 5352 :
3071 5299 3458 5368 Abba,inquit,

1903 5397 2126 5458 propter
2155 5397 2209 5442 te
2245 5389 2482 5443 accessit
2511 5405 2742 5460 magnus
2772 5390 2874 5446 iste
2899 5391 3082 5454 homo,
3114 5398 3264 5445 tanta
3288 5390 3460 5459 gloria

1896 5481 1952 5534 in
1986 5481 2106 5534 loco
2153 5495 2254 5535 suo
2288 5480 2589 5553 refulgens;
2626 5498 2798 5554 quare
2846 5499 2954 5539 non
2996 5483 3301 5541 disseruisti
3335 5497 3459 5538 cum

1311 5627 1358 5658 “
1379 5625 1464 5679 AI.
1492 5625 1807 5695 σφραγῖσαι.
1884 5622 1929 5654 ⁸⁸
1959 5621 2046 5675 Al.
2072 5621 2240 5676 inser.
2271 5621 2514 5691 ποίησον.

1957 5761 2065 5832 (80)
2107 5762 2216 5817 Vit.
2250 5763 2401 5819 Patr.
2438 5781 2517 5833 tu,
2546 5764 2681 5830 18$;
2718 5782 2769 5826 ι.
2796 5766 2884 5820 50.
