3874 6300
439 319 545 377 395

1567 313 1912 374 APPENDIX
1951 315 2047 372 AD
2086 314 2509 372 PALLADIUM.

3576 304 3683 365 59.4

443 443 545 497 eo?
578 439 802 509 Excepit
841 455 1004 494 senex
1033 457 1046 494 :
1081 439 1173 493 Ille
1205 453 1235 492 e
1265 435 1520 506 supernis
1546 445 1650 500 est,
1687 449 1742 491 et
1765 434 2010 490 ccelestia

2147 437 2193 496 ῐς
2222 434 2313 486 τὸν
2343 434 2507 486 τόπον
2552 429 2715 486 αὑτοῦ
2737 451 2750 464 ·
2793 431 2886 486 καὶ
2921 427 3060 487 διατί
3095 433 3196 486 οὐκ
3241 428 3510 502 ὲλάλησας
3568 432 3690 501 μετ’

446 531 724 602 loquitur;
760 545 859 600 ego
898 545 1024 584 vero
1056 545 1122 584 ex
1162 528 1515 583 inferioribus
1547 542 1690 589 sum,
1714 535 1768 581 et
1790 534 2009 581 terrena

446 625 655 692 loquor.
699 624 753 677 Si
786 638 1090 677 sermonem
1115 621 1180 675 ad
1205 637 1290 675 me
1312 620 1595 674 habuisset
1633 619 1701 673 de
1724 617 2010 673 affectibus

447 715 638 778 animi,
668 715 716 769 ei
747 713 1172 782 respondissem.
1203 711 1358 777 Quod
1402 710 1447 765 si
1480 719 1674 779 agatur
1693 709 1761 764 de
1787 708 2018 763 cmlesti-

457 809 581 871 bus,
624 821 724 874 ego
764 807 855 858 illa
888 805 1098 859 nescio.
1134 804 1401 874 Egressus
1437 804 1619 872 itaque
1644 803 1810 858 frater
1869 809 2019 856 retu-

450 899 512 950 lit
547 897 870 967 peregrino:
917 896 1095 951 Senex
1131 911 1239 948 non
1289 894 1449 949 facile
1487 894 1554 948 de
1592 892 1891 962 Scripturis
1941 893 2021 945 Io-

447 986 674 1053 quitur;
709 985 802 1040 sed
864 985 911 1039 si
943 985 1070 1054 quis
1123 983 1394 1053 rogaverit
1417 982 1485 1035 de
1519 981 1684 1035 animi
1715 979 2016 1042 affectibus,

450 1090 776 1144 responsum
830 1074 944 1128 dat.
997 1073 1090 1127 Ille
1137 1079 1498 1142 compunctus
1535 1085 1717 1124 senem
1763 1069 1937 1133 adiit,
1967 1075 2024 1122 et

453 1169 529 1222 ait
559 1169 641 1222 ei:
674 1167 814 1234 Quid
856 1167 1070 1230 faciam,
1132 1165 1291 1227 abba,
1347 1161 1786 1232 quandoquidem
1844 1159 2022 1214 domi-

453 1271 657 1316 nantur
697 1261 829 1314 mihi
870 1261 1041 1313 animi
1077 1257 1336 1312 affectus?
1369 1255 1522 1309 Tunc
1563 1255 1738 1310 oculis
1795 1255 1849 1307 in
1900 1268 2022 1306 eum

451 1353 733 1422 conjectis,
776 1353 931 1405 lietus
982 1366 1149 1405 senex
1187 1347 1339 1403 infit:
1380 1346 1538 1401 Modo
1594 1347 1731 1401 bene
1782 1345 2026 1409 venisti;

452 1461 601 1500 nunc
633 1445 780 1514 aperi
824 1459 886 1498 os
907 1451 1061 1496 tuum
1095 1443 1160 1496 de
1187 1442 1297 1501 his,
1332 1447 1387 1492 et
1418 1437 1653 1508 implebo
1675 1437 1804 1490 illud
1842 1436 2022 1490 bonis.

453 1539 548 1592 Ille
579 1551 708 1590 vero
740 1535 1032 1603 plurimum
1084 1533 1278 1586 animae
1307 1529 1652 1585 commodum
1693 1543 1817 1581 cum
1852 1528 2029 1596 cepis-

454 1635 558 1688 set,
585 1622 866 1692 professus
888 1629 1008 1674 est:
1047 1618 1210 1672 Plane
1246 1623 1359 1672 hinc
1385 1629 1468 1672 est
1495 1631 1623 1670 vera
1654 1615 1761 1670 via.
1798 1614 2031 1669 Gratiis-

455 1732 561 1786 que
586 1717 695 1770 Deo
721 1716 859 1769 actis
883 1713 1026 1783 quod
1052 1728 1174 1766 cum
1209 1711 1478 1781 ejusmodi
1512 1719 1703 1764 sancto
1738 1709 2032 1764 meruisset

456 1808 767 1870 convenire,
802 1822 1053 1862 reversus
1085 1813 1166 1860 est
1207 1805 1261 1858 in
1293 1805 1564 1874 regionem
1587 1817 1764 1858 suam.

542 1980 586 2038 9.
623 1982 734 2054 (8|)
771 1981 1194 2052 Comprehendit
1231 1980 1526 2050 aliquando
1580 1986 1759 2033 rector
1809 1981 2032 2049 provin-

458 2080 558 2134 ciae
585 2076 874 2147 quemdam
907 2092 937 2130 e
974 2077 1093 2129 viro
1124 2075 1334 2130 abbatis
1360 2073 1664 2140 Pwmenis;
1695 2082 1748 2127 et
1768 2084 2034 2128 venerunt

458 2175 667 2236 cuncti,
716 2185 899 2224 senem
944 2177 1199 2238 rogantes
1248 2177 1304 2222 ut
1341 2169 1534 2232 abiret,
1581 2183 1814 2238 eumque
1843 2183 1873 2222 e
1912 2182 2033 2221 car-

459 2280 584 2320 cere
612 2264 905 2319 emitteret.
932 2260 1076 2314 Dixit
1105 2261 1219 2316 eis:
1256 2259 1430 2314 Sinite
1459 2276 1546 2314 me
1569 2261 1686 2315 dies
1709 2269 1843 2319 tres.
1872 2269 2034 2315 tunc-

459 2373 568 2427 que
613 2355 954 2425 proliciscar.
984 2351 1171 2406 Oravit
1202 2367 1332 2421 ergo
1368 2351 1537 2405 abbas
1565 2350 1792 2407 Paemen
1830 2351 1895 2404 ad
1929 2351 2035 2405 Do-

461 2451 693 2513 minum,
727 2446 812 2500 liis
841 2445 1022 2500 verbis
1049 2462 1062 2498 :
1102 2443 1348 2508 Domine,
1381 2459 1449 2497 ne
1487 2443 1705 2498 dederis
1738 2444 1871 2498 mihi
1897 2444 2038 2499 hanc

460 2541 730 2611 gratiam:
773 2539 909 2592 alias
952 2552 1069 2591 non.
1109 2535 1429 2606 permissuri
1453 2545 1580 2589 sunt
1612 2550 1698 2590 me
1739 2535 1928 2589 sedere
1980 2535 2036 2590 in

464 2636 567 2687 hoc
610 2633 752 2686 loco.
791 2629 949 2684 Venit
994 2644 1124 2698 ergo
1157 2644 1345 2692 senex,
1405 2628 1726 2696 rogavitque
1773 2626 2034 2696 judicem.

463 2723 568 2788 Qui
603 2721 672 2775 ad
717 2735 843 2775 eum
881 2719 1026 2772 infit:
1062 2719 1166 2772 Pro
1198 2720 1410 2772 latrone
1443 2734 1626 2787 rogas,
1654 2718 1828 2772 abba?
1862 2718 2039 2771 Senex

464 2822 648 2867 autem
683 2812 905 2882 gavisus
939 2820 1045 2877 est,
1089 2810 1232 2880 quod
1263 2809 1493 2879 gratiam
1537 2809 1605 2863 ab
1641 2823 1706 2863 eo
1734 2823 1842 2862 non
1882 2825 2039 2863 acce-

466 2904 659 2973 pisset.
880 2976 883 2978 Ι

541 2997 624 3050 10.
659 2995 1028 3050 Narraverunt
1054 2993 1298 3064 quidam,
1345 2991 1491 3060 quod
1534 2991 1826 3062 aliquando
1872 2993 2040 3047 abbas

467 3089 689 3144 Pmmen
715 3098 768 3142 et
820 3087 1016 3141 fratres
1066 3085 1187 3155 ejus
1243 3087 1574 3138 conficerent
1613 3086 1885 3138 scolaces:
1938 3101 2040 3139 nec

2058 1789 2105 1848 Β

2113 524 2312 591 αύτοῦ;
2353 524 2515 593 Λέγει
2547 524 2695 594 αὐτῷ
2739 527 2767 577 6
2799 524 3012 595 γέρων·
3056 525 3225 588 Αὐτὸς
3261 523 3370 576 τῶν
3398 523 3513 576 ἀνω
3549 522 3690 583 ἐστὶ.

2115 619 2208 671 καὶ
2239 617 2534 689 ἐπουράνια
2584 616 2754 680 λαλεῖ,
2804 615 2914 684 ἐγὼ
2958 615 3016 668 δέ
3061 616 3167 669 τῶν
3209 615 3360 669 κάτω
3402 615 3539 685 εἰμὶ,
3596 613 3696 668 καὶ

2119 711 2340 776 ἐπίγεια
2383 708 2546 762 λαλῶ.
2595 709 2656 761 Εἰ
2704 707 2929 777 ἐλάλησέ
2966 726 3053 779 μοι
3089 709 3215 779 περὶ
3262 706 3448 760 παθῶν
3486 705 3694 775 ψυχῆς,

2117 799 2226 867 ἐγὼ
2254 800 2319 852 ἂν
2348 796 2726 868 ἀπεκρινάμην
2757 796 2903 866 αὑτῷ
2921 813 2935 828 σ
2971 797 3020 849 εί
3039 797 3094 850 δὲ
3122 797 3250 867 περ)⁸
3283 794 3692 866 πνευματικῶν,

2124 888 2235 958 ἐγὼ
2265 888 2436 942 ταῦτα
2467 888 2566 940 οὐκ
2594 881 2730 940 οἶδα.
2779 885 3035 951 Ἐξελθὼν
3067 883 3158 940 οὖν
3191 888 3220 940 6
3260 886 3487 956 ἀδελφὸς
3543 881 3696 937 εἶπεν

2122 980 2270 1051 αὐτῷ
2290 997 2304 1010 '
2350 982 2407 1032 Ὀ
2437 980 2613 1050 γέρων
2641 980 2701 1031 ού
2741 979 2948 1049 ταχέως
2977 979 3083 1032 ἀπὸ
3108 979 3327 1048 Γραφῆς
3363 978 3548 1030 λαλεῖ·
3580 973 3696 1030 ἀλλ’

2123 1074 2216 1126 ἐάν
2243 1089 2326 1135 τις
2359 1069 2506 1140 αὐτῷ
2537 1068 2670 1139 λαλῇ
2718 1068 2844 1140 περὶ
2878 1068 3066 1121 παθῶν
3109 1066 3306 1137 ψυχῆς,
3339 1066 3698 1137 ἀποκρίνεται

2124 1164 2294 1233 αὐτῷ.
2335 1163 2393 1215 '0
2421 1163 2478 1215 δὲ
2532 1161 2856 1228 κατανυγεὶς
2891 1158 3103 1228 εἰσῆλθε
3148 1160 3283 1230 πρὸς
3314 1159 3403 1210 τὸν
3438 1160 3696 1229 γέροντα,

2125 1257 2218 1310 καὶ
2244 1256 2389 1323 λέγει
2423 1253 2572 1322 αὑτῴ
2593 1271 2606 1283 ο
2638 1253 2702 1305 Τί
2727 1253 2952 1323 ποιήσω,
2983 1250 3145 1314 ἀϐὅᾶ,
3167 1252 3249 1304 ὅτι
3267 1251 3700 1321 κατακυριεύου-

2129 1347 2180 1400 σῐ
2217 1364 2318 1417 μου
2375 1345 2446 1398 τὰ
2510 1345 2657 1416 πάθη
2699 1345 2798 1415 τῆς
2830 1343 3040 1414 ψυχῆς
3073 1345 3182 1397 Καὶ
3213 1345 3516 1414 προσέσχεν
3549 1342 3701 1412 αὐτῷ

2127 1441 2155 1492 ὀ
2201 1439 2378 1510 γέρων
2413 1439 2640 1509 χαίρων,
2694 1437 2788 1491 καὶ
2833 1435 3020 1490 εἶπενο
3079 1437 3237 1508 Ἀρτι
3284 1436 3462 1501 καλῶς
3494 1433 3699 1507 ἦλθεςο

2129 1533 2221 1586 νῦν
2269 1532 2477 1599 ἇνοιξόν
2520 1550 2612 1586 σου
2655 1533 2701 1564 ⁸⁸
2726 1532 2787 1584 τὸ
2818 1531 2990 1600 στόμα
3026 1531 3152 1601 περὶ
3183 1529 3405 1593 τούτων,
3437 1531 3534 1582 καὶ
3563 1529 3704 1599 πλη-

2136 1624 2293 1695 ρώσω
2321 1625 2450 1678 αὐτὸ
2475 1623 2716 1693 ἀγαθῶν.
2758 1623 2816 1676 '0
2855 1623 2909 1675 δέ
2944 1622 3114 1675 πολλὰ
3142 1622 3442 1692 ὠφεληθεὶς
3476 1622 3664 1690 ἔλεγεν
3683 1638 3698 1652 ’

2135 1717 2343 1777 Ὄντως
2368 1713 2507 1782 αὕτη
2536 1715 2681 1767 ἐστὶν
2708 1716 2740 1785 ἡ
2771 1714 2996 1785 ἀληθινὴ
3038 1713 3175 1777 ὁδός.
3211 1714 3320 1766 Καὶ
3362 1712 3704 1784 εὐχαριστῶν

2131 1805 2208 1876 τῷ
2234 1805 2350 1876 Θεῷ
2374 1806 2684 1876 ἀνέκαμψεν
2715 1807 2793 1868 εἰς
2818 1807 2914 1878 τὴν
2939 1805 3072 1859 ἰδίαν
3100 1805 3282 1878 χώραν
3301 1847 3314 1872 ,
3356 1807 3436 1859 δτι
3470 1807 3704 1878 ’τοιούτῳ

2133 1896 2274 1964 ἁγίῳ
2305 1895 2612 1967 κατηξιώθη
2652 1901 2949 1967 συντυχεῖν.

2205 1988 2268 2042 θ’,
2322 1989 2621 2060 Ἐκράτησέ
2669 2005 2796 2040 ποτε
2826 1989 2853 2040 6
2883 1988 3065 2059 ἄρχων
3096 1989 3195 2059 τῆς
3230 1988 3408 2060 Χώρας
3451 1987 3573 2042 τινὰ
3600 1988 3707 2059 τῆς

2133 2081 2327 2152 κώμης
2352 2080 2444 2133 τοῦ
2471 2080 2613 2133 ἀ66ᾶ
2640 2079 2900 2151 Ποιμένος
2924 2097 2938 2112 ’
2979 2083 3072 2134 καὶ
3103 2079 3265 2153 ἦλθον
3298 2083 3493 2146 πάντες
3523 2099 3708 2154 παρα-

2134 2173 2423 2236 καλοῦντες
2455 2173 2546 2224 τὸν
2590 2173 2820 2244 γέροντα
2886 2173 3140 2227 ἀπελθεῖν
3185 2175 3278 2227 καὶ
3325 2175 3572 2228 ἐκϐαλεῖν
3602 2172 3710 2227 αὖ·

2135 2268 2246 2321 τόν.
2292 2268 2349 2318 ὐ
2377 2265 2433 2319 δέ
2467 2261 2616 2318 εἶπεν
2638 2284 2650 2295 ο
2693 2266 2918 2320 Ἐάσατέ
2946 2285 3012 2338 με
3049 2269 3196 2338 τρεῖς
3223 2268 3457 2338 ἡμέρας,
3489 2269 3582 2320 καὶ
3610 2268 3710 2320 οὖ-

2137 2375 2244 2420 τως
2292 2357 2540 2428 ἔρχομαι.
2601 2356 2808 2424 Εῠξατο
2857 2354 2949 2412 οὖν
3007 2361 3034 2412 6
3079 2359 3249 2422 ἀόϐᾶς
3302 2359 3508 2431 Ποιμὴν
3569 2360 3709 2430 πρὸς

2139 2449 2362 2520 Κύριον,
2392 2448 2566 2517 λέγων
2585 2464 2598 2477 ο
2650 2447 2842 2520 Κύριε,
2882 2451 2955 2522 μὴ
2991 2450 3098 2521 δῷς
3145 2468 3232 2521 μοι
3262 2452 3357 2522 τὴν
3385 2452 3543 2522 χάριν
3574 2452 3714 2506 ταύ-

2138 2559 2257 2611 την.
2322 2541 2474 2592 Ἐπεὶ
2524 2541 2623 2593 οὐκ
2669 2541 2885 2610 ἀφιοῦσί
2942 2560 3009 2614 με
3055 2543 3271 2597 καθίσαι
3320 2547 3376 2598 ἐν
3427 2544 3504 2615 τῷ
3558 2546 3712 2616 τόπῳ

2138 2631 2332 2700 τούτῳ.
2363 2627 2564 2685 Ἦλθεν
2593 2628 2683 2684 οὖν
2714 2635 2741 2685 6
2768 2633 2946 2704 γέρων
2979 2634 3306 2704 παρακαλῶν
3334 2635 3421 2687 τὸν
3447 2636 3707 2706 ἄρχοντα.

2154 2721 2211 2774 ’0
2259 2723 2314 2774 δὲ
2365 2723 2500 2792 πρὸς
2549 2721 2708 2775 αὑτὸν
2761 2723 2896 2795 ἔφη·
2936 2725 3070 2796 Περὶ
3104 2725 3296 2796 λῃστοῦ
3343 2726 3708 2796 παρακαλεῖς,

2101 2793 2104 2796 ⁴
2143 2813 2318 2877 ἀ66ᾶ;
2363 2814 2419 2867 '0
2433 2814 2488 2866 δέ
2513 2815 2690 2886 γέρων
2718 2793 2908 2888 ἐχάρη,
2935 2793 3376 2882 ὄτι-ούκᾘέδέξατο
3394 2793 3551 2890 χάριν
3579 2819 3713 2891 παρ’

2143 2923 2328 2959 αυτου.

2220 3005 2268 3053 ι’.
2312 2998 2645 3069 Διηγήσαντό
2697 3017 2859 3065 τινες,
2913 3003 2993 3054 ὅτι
3044 3003 3172 3056 ποτὲ
3211 3004 3238 3055 6
3283 3002 3454 3066 ἀϐϐἄς
3500 3003 3716 3075 Ποιμὴν

2147 3093 2240 3144 καὶ
2276 3093 2324 3144 οἱ
2368 3091 2583 3162 ἀδελφοὶ
2618 3093 2780 3146 αὑτοῦ
2812 3096 3122 3164 εἰργάζοντο
3151 3096 3399 3150 σκολάκιν
3429 3097 3539 3167 (82)
3561 3114 3574 3126 ·
3620 3098 3720 3148 καὶ

468 3180 816 3250 procedebat,
841 3178 985 3248 quod
1019 3193 1125 3232 non
1160 3177 1423 3231 baberent
1451 3176 1593 3230 unde
1621 3187 1864 3231 emerent
1899 3178 2039 3230 funi-

2148 3182 2207 3233 οὐ
2260 3183 2580 3252 προεχώρει,
2637 3184 2711 3253 μὴ
2764 3183 2974 3254 ἔχοντες
3023 3186 3286 3256 ἀγοράσαι
3334 3186 3568 3254 λινάρια.
3606 3186 3720 3238 Καί

470 3271 645 3326 culos.
688 3268 754 3321 Et
803 3269 1002 3337 aliqu-is
1034 3267 1114 3321 eis
1146 3267 1347 3320 charus
1375 3279 1486 3320 rem
1541 3265 1783 3318 narravit
1828 3263 2043 3317 cuidam

472 3359 783 3423 mercatori,
821 3357 1026 3411 homini
1051 3357 1161 3426 pio.
1189 3355 1457 3409 Caeterum
1492 3354 1660 3408 abbas
1695 3353 1914 3407 Pmmen
1951 3368 2046 3406 no-

472 3447 618 3501 lebat
653 3445 930 3516 quidpiam
965 3459 996 3497 a
1029 3458 1304 3513 quoquam
1337 3442 1615 3512 accipere,
1653 3441 1721 3495 ad
1768 3442 2045 3495 vitandam

474 3536 733 3590 nimirum
769 3535 940 3587 turbae
992 3533 1354 3587 vexationem.
1391 3532 1577 3600 Itaque
1623 3543 1914 3595 mercator,
1947 3547 2048 3585 cu-

473 3630 631 3698 piens
679 3642 816 3696 opus
869 3625 985 3679 seni
1038 3626 1329 3687 coniicere,
1378 3625 1665 3693 praetexuit
1696 3625 1940 3693 indigere
1992 3638 2050 3678 se

475 3717 801 3773 scolacibus.
858 3714 924 3768 Et
953 3714 1182 3769 adduxit
1232 3719 1520 3778 camelum,
1557 3716 1918 3785 sumpsitque.
1946 3713 2050 3770 Ve-

487 3813 648 3865 niens
689 3819 870 3864 autem
921 3809 1089 3863 frater
1121 3807 1188 3861 ad
1220 3808 1467 3863 abbatem
1498 3807 1828 3872 Pmmenem,
1866 3806 2050 3860 audito

482 3902 629 3970 quod
663 3900 866 3955 fecerat
898 3908 1195 3962 mercator,
1238 3907 1295 3952 ut
1327 3899 1419 3968 qui
1466 3899 1624 3953 vellet
1656 3899 1875 3952 laudare
1902 3913 2049 3962 eum,

477 3994 632 4047 iniit:
669 3992 833 4055 Sane,
855 3992 1015 4055 abba,
1040 3991 1142 4046 etsi
1169 4006 1277 4045 non
1304 3991 1589 4060 indigeret,
1615 3991 1824 4059 accepit
1849 3998 2051 4052 tamen.

479 4099 591 4152 quo
643 4084 804 4137 nobis
855 4099 994 4152 opus
1031 4083 1253 4137 faceret.
1296 4081 1538 4135 Audiens
1572 4096 1700 4136 vero
1735 4082 1902 4136 abbas
1929 4081 2054 4136 Pce-

492 4187 640 4236 iuen,
680 4171 884 4240 absque
914 4171 1215 4240 indigentia
1275 4172 1598 4241 sumpsisse,
1652 4173 1789 4226 dixit
1840 4171 1992 4226 fratri
2038 4191 2051 4227 :

490 4264 687 4330 Surge,
717 4261 928 4314 conduc
953 4261 1242 4325 camelum,
1272 4268 1325 4315 et
1352 4261 1484 4315 affer
1518 4263 1662 4316 illos.
1693 4260 1847 4325 Quod
1873 4263 1919 4315 si
1948 4278 2055 4316 non

487 4352 760 4418 attuleris,
792 4352 1015 4407 Pmmen
1056 4353 1145 4406 hic
1182 4368 1290 4406 non
1321 4353 1553 4422 amplius
1586 4355 1844 4408 residebit
1873 4355 2058 4408 vobis-

484 4461 633 4498 cum.
671 4441 806 4498 Nolo
836 4458 1072 4513 namque
1102 4444 1354 4512 cuiquam
1405 4443 1656 4512 injuriam
1697 4443 1897 4508 facere,
1931 4458 2055 4496 cum

482 4553 594 4591 non
624 4537 884 4606 indigeat,
922 4546 982 4589 ut
1006 4535 1265 4589 damnum
1316 4536 1571 4604 patiatur,
1635 4534 1922 4604 capiatque
1973 4536 2054 4588 Iu-
2088 4517 2130 4570 ί)

484 4644 639 4681 crum
695 4643 898 4681 meum.
936 4627 1086 4680 Abiit
1136 4627 1304 4682 frater
1356 4627 1498 4694 ejus,
1550 4635 1604 4680 et
1649 4634 1771 4695 post
1824 4627 2051 4678 multum

484 4721 689 4775 laboris
728 4720 928 4774 attulit.
963 4718 1078 4774 Nisi
1109 4722 1250 4772 enim
1297 4718 1569 4772 attulisset
1600 4758 1613 4780 ,
1647 4733 1811 4772 senex
1842 4716 2052 4770 disces-

483 4815 648 4867 sisset
677 4814 744 4867 ab
772 4812 872 4867 eis.
928 4809 999 4865 Ut
1040 4826 1171 4881 ergo
1191 4810 1324 4864 vidit
1366 4811 1509 4873 illos,
1542 4813 1762 4881 gavisus
1793 4817 1897 4876 est,
1936 4819 2058 4861 tan-

483 4919 646 4975 quam
678 4904 722 4958 si
756 4904 1055 4957 invenisset
1085 4918 1340 4971 magnum
1374 4904 1716 4956 thesaurum.

558 4995 644 5048 II.
683 4995 868 5047 Audiit
900 4995 1190 5063 aliquando
1212 4995 1494 5064 presbyter
1525 4993 1720 5048 Pelusii
1749 4992 1816 5046 de
1838 4991 2062 5062 quibus-

485 5087 608 5139 dam
645 5085 928 5149 fratribus,
963 5085 1106 5154 quod
1135 5086 1357 5139 assiduo
1403 5087 1457 5138 in
1504 5087 1637 5140 urbe
1681 5095 2053 5150 versarentur,

483 5179 751 5239 lavarent,
782 5178 1114 5247 negligerent
1153 5193 1245 5241 se;
1272 5178 1532 5246 quocirca
1572 5179 1796 5232 veniens
1831 5177 1896 5230 ad
1945 5177 2057 5230 col-

485 5267 704 5332 lectam,
741 5269 960 5321 sustulit
994 5269 1062 5322 ab
1113 5266 1181 5322 iis
1227 5267 1474 5322 habitum
1519 5267 1916 5324 monachalem.
1947 5266 2056 5321 Sed

559 5428 605 5459 ⁸⁸
635 5427 721 5480 Αι.
755 5423 952 5492 ἀνοίξω
988 5441 1108 5495 μου.

556 5587 667 5655 (8i)
709 5585 813 5642 Vit.
853 5586 1002 5641 Patr.
1039 5604 1114 5651 Iv,
1148 5587 1229 5642 5‘2.

556 5657 667 5726 (8'2)
696 5657 1016 5720 Σκολὰκιν,
1050 5667 1103 5711 et
1136 5657 1254 5711 τῶν
1298 5656 1674 5722 σκυλακίων,
1705 5655 1864 5727 paulo
1890 5655 2057 5713 infra.

488 5728 744 5783 Scoluccs
775 5736 903 5781 sunt
939 5729 1094 5783 funes
1135 5730 1324 5783 intorti
1361 5737 1415 5784 et
1443 5727 1637 5796 cerati,
1675 5730 1740 5783 ad
1773 5743 1932 5784 usum
1975 5728 2056 5782 fa-

2145 3291 2230 3337 τις
2273 3275 2449 3327 αὐτῶν
2505 3275 2786 3346 ἀγαπητὸς
2840 3277 3134 3347 διηγήσατό
3174 3296 3278 3331 τινι
3319 3280 3718 3348 πραγματευτῇ

2149 3366 2325 3436 πιστῷ
2368 3366 2428 3419 τὸ
2467 3369 2715 3439 πρᾶγμα.
2765 3369 2822 3420 Ὁ
2877 3370 2932 3421 δὲ
2979 3369 3148 3432 ἀὸϐἄς
3179 3369 3384 3440 Πυιμὴν
3422 3370 3520 3422 ούκ
3556 3368 3720 3440 ἤθελε

2149 3457 2444 3525 λαμϐάνειν
2491 3459 2640 3530 παρά
2684 3460 2826 3520 τινός
2854 3459 2904 3510 τί
2945 3476 3093 3522 ποτε,
3120 3458 3208 3511 διὰ
3233 3460 3328 3529 τὴν
3360 3459 3600 3529 ὄχλησιν.
3661 3459 3721 3512 ’0

2155 3543 2211 3600 δὲ
2254 3550 2673 3620 πραγματευτὴς
2707 3548 2872 3602 θέλων
2916 3551 3136 3620 ποιῆσαι
3187 3551 3345 3621 ἔργον
3373 3551 3450 3621 τῷ
3480 3555 3721 3621 γέροντι,

2153 3641 2543 3707 προεφασίζετο
2564 3642 2750 3711 χρείαν
2772 3642 2912 3712 ἔχειν
2936 3642 3043 3695 τῶν
3063 3642 3380 3706 σκολακίων,
3405 3644 3495 3696 καὶ
3521 3644 3722 3713 ἡνεγκε

2151 3728 2249 3800 τὴν
2272 3732 2535 3801 κάμηλον,
2565 3733 2658 3785 καὶ
2687 3733 2875 3786 ἐλαϐεν
2901 3731 3058 3789 αὐτά.
3106 3734 3216 3787 Καὶ
3247 3734 3414 3787 ἐλθὼν
3443 3738 3470 3788 6
3491 3735 3725 3804 ἀδελφὸς

2154 3816 2291 3888 πρὸς
2333 3819 2424 3872 τὸν
2471 3820 2642 3874 ἀϐϐᾶν
2665 3823 2923 3892 Ποιμένα,
2975 3824 3066 3876 καὶ
3083 3823 3319 3887 ἀκούσας
3352 3823 3656 3894 ὃέποέησεν
3692 3827 3721 3876 6

2154 3912 2611 3982 πραγματευτὴς,
2661 3913 2736 3976 ὡς
2782 3913 2948 3967 θέλων
2991 3915 3270 3968 ἐπαινέσαι
3316 3915 3503 3977 αὑτὸν,
3556 3911 3717 3969 εἷπε·

2159 4003 2341 4068 Φύσει,
2366 4004 2527 4068 άϐϐἆ,
2551 4007 2639 4057 καὶ
2667 4006 2738 4076 μὴ
2761 4004 2975 4077 χρῄζων
3004 4007 3141 4062 αὺτά
3168 4007 3376 4071 ἐλαϐεν,
3405 4007 3491 4059 ἵνα
3523 4009 3726 4080 ποιήσῃ

2156 4097 2292 4169 ᾑμῖν
2342 4096 2519 4168 ἔργον.
2583 4099 2843 4163 Ἀκούσας
2881 4100 2936 4153 δὲ
2984 4102 3012 4153 ὁ
3049 4100 3219 4163 άὸδᾶς
3267 4099 3471 4170 Ποιμὴν
3519 4101 3601 4153 ὅτι
3649 4102 3727 4171 μὴ

2157 4185 2374 4256 χρῄζων
2401 4187 2538 4239 αὑτά
2564 4187 2770 4251 ἔλαϐεν,
2802 4187 2920 4242 εἷπε
2950 4192 3026 4259 τῷ
3057 4189 3269 4259 ἀδελφῷ
3293 4207 3306 4220 ’
3355 4190 3605 4254 Ἀνάστα,
3641 4190 3728 4260 μί-

2160 4277 2367 4331 σθωσαι
2397 4278 2662 4350 κάμηλον,
2692 4283 2784 4333 καὶ
2816 4282 2944 4352 φέρε
2975 4283 3115 4335 αὑτά
3136 4297 3148 4312 ·
3173 4281 3266 4335 ἐάν
3292 4282 3349 4334 δὲ
3371 4284 3468 4335 οὐκ
3491 4283 3726 4356 ἐνέγκῃς

2160 4370 2318 4432 αὐτὰ,
2350 4371 2558 4442 Ποιμὴν
2590 4365 2688 4424 ὦδε
2725 4373 2783 4426 ού
2817 4373 3102 4436 καθέζεται
3141 4374 3257 4443 μεθ’
3297 4373 3471 4443 ὑμῶν.
3513 4375 3588 4427 Οὐ
3619 4375 3728 4444 γάρ

2163 4457 2330 4510 ἀδικῶ
2349 4476 2469 4513 τινα
2490 4461 2770 4529 ἄνθρωπον
2796 4461 2870 4532 μὴ
2902 4461 3186 4533 χρῄζοντα,
3219 4464 3303 4515 ἵνα
3336 4463 3537 4533 ζημίαν
3570 4466 3729 4533 ποιή-

2162 4565 2250 4619 σῃ,
2277 4551 2369 4601 καὶ
2395 4550 2530 4621 λάϐῃ
2560 4551 2619 4603 τὸ
2648 4551 2833 4623 κέρδος
2892 4571 3014 4622 μου.
3057 4555 3166 4606 Καὶ
3190 4553 3425 4624 ἀπῆλθεν
3453 4555 3480 4604 6
3502 4553 3728 4620 ἀδελφὸς

2162 4639 2324 4692 αὐτοῦ
2363 4641 2498 4709 μετά
2535 4641 2731 4693 πολλοῦ
2763 4643 2952 4705 κόπου,
3003 4643 3096 4695 καὶ
3125 4646 3354 4714 ἤνεγκεν
3386 4643 3557 4698 αὑτά·
3594 4646 3642 4695 εἰ
3674 4644 3730 4694 δὲ

2164 4729 2258 4800 μὴ,
2309 4733 2336 4782 ὁ
2383 4730 2558 4800 γέρων
2605 4733 2699 4786 ἀπ’
2751 4735 2928 4786 αὐτῶν
2979 4735 3261 4806 ἀνεχώρει.
3314 4737 3401 4798 Ὠς
3445 4732 3539 4789 οὖν
3593 4731 3733 4788 εἶδεν

2162 4820 2321 4884 αὐτὰ,
2358 4821 2552 4894 ἐχάρη,
2585 4824 2718 4876 ὡσεὶ
2749 4826 2922 4895 μέγαν
2953 4825 3138 4896 εὑρὼν
3163 4827 3476 4899 θησαυρόνΛ

2237 4997 2324 5052 ια’.
2371 5001 2607 5054 Ἤκουσέ
2653 5020 2784 5057 ποτε
2829 5005 2858 5057 6
2890 5006 3259 5077 πρεσϐύτερος
3299 5007 3390 5060 τοῦ
3434 5007 3737 5076 Πηλουσίου

2167 5090 2292 5160 περί
2325 5108 2485 5145 τινων
2515 5094 2779 5162 ἀδελφῶν,
2809 5097 2888 5150 ὅτι
2915 5098 3152 5166 συνεχῶς
3181 5101 3260 5163 εἰς
3286 5101 3384 5170 τὴν
3422 5099 3578 5152 πόλιν
3608 5102 3736 5162 εἰσὶ,

2165 5183 2258 5236 καὶ
2279 5185 2545 5249 λούονται,
2587 5189 2679 5240 καὶ
2707 5187 2994 5260 ἀμελοῦσιν
3033 5190 3270 5244 ἑαυτῶνο
3323 5192 3417 5244 καὶ
3455 5191 3629 5245 ἐλθὼν
3659 5195 3741 5254 εἰς

2162 5272 2260 5342 τὴν
2293 5274 2532 5342 σύναξιν,
2569 5273 2704 5350 ἦρεν
2752 5279 2845 5333 ἀπ’
2875 5281 3056 5335 αὐτῶν
3100 5282 3161 5335 τὸ
3201 5281 3404 5353 σχῆμα.
3451 5283 3562 5334 Καὶ
3603 5283 3742 5351 μετὰ

2169 5587 2249 5641 cis
2272 5595 2325 5641 et
2355 5585 2617 5653 candelae,
2648 5602 2745 5642 seu
2784 5587 2989 5644 funalia
3021 5599 3074 5646 et
3102 5597 3244 5648 cerei
3278 5593 3511 5650 furiales.
3538 5595 3743 5652 Obser-

2168 5667 2353 5713 vatum
2383 5657 2488 5713 fuit
2518 5674 2549 5712 a
2572 5661 2851 5716 veteribus
2875 5672 2925 5717 et
2951 5663 3371 5720 recentioribus.
