  <div class='ocr_page' id='page_1' title='image "/cluster/home/n/w/nwhite01/storage/ocr_20150623/65/hvd.32044014812317/168.png"; bbox 0 0 3874 6306; ppageno 0'>
   <div class='ocr_carea' id='block_1_1' title="bbox 265 300 380 356">
    <p class='ocr_par' dir='ltr' id='par_1_1' title="bbox 265 300 380 356">
     <span class='ocr_line' id='line_1_1' title="bbox 265 300 380 356; baseline 0 0"><span class='ocrx_word' id='word_1_1' title='bbox 265 300 380 356; x_wconf 76' lang='lat'><strong>3&#39;25</strong></span> 
     </span>
    </p>
   </div>
   <div class='ocr_carea' id='block_1_2' title="bbox 1421 313 2386 386">
    <p class='ocr_par' dir='ltr' id='par_1_2' title="bbox 1421 313 2386 386">
     <span class='ocr_line' id='line_1_2' title="bbox 1421 313 2386 386; baseline 0.015 -20"><span class='ocrx_word' id='word_1_2' title='bbox 1421 313 2038 374; x_wconf 65' lang='lat' dir='ltr'><strong>APOPHTHEGMATA</strong></span> <span class='ocrx_word' id='word_1_3' title='bbox 2075 321 2386 386; x_wconf 69' lang='lat' dir='ltr'><strong>PATRUSI.</strong></span> 
     </span>
    </p>
   </div>
   <div class='ocr_carea' id='block_1_3' title="bbox 3431 341 3536 394">
    <p class='ocr_par' dir='ltr' id='par_1_3' title="bbox 3431 341 3536 394">
     <span class='ocr_line' id='line_1_3' title="bbox 3431 341 3536 394; baseline 0.01 -1"><span class='ocrx_word' id='word_1_4' title='bbox 3431 341 3536 394; x_wconf 76' lang='grc'><strong>526</strong></span> 
     </span>
    </p>
   </div>
   <div class='ocr_carea' id='block_1_4' title="bbox 259 415 1828 520">
    <p class='ocr_par' dir='ltr' id='par_1_4' title="bbox 259 415 1828 502">
     <span class='ocr_line' id='line_1_4' title="bbox 259 415 1828 502; baseline 0.012 -36"><span class='ocrx_word' id='word_1_5' title='bbox 259 415 652 489; x_wconf 60' lang='grc' dir='ltr'>τοῦτοέτυῲεν</span> <span class='ocrx_word' id='word_1_6' title='bbox 678 420 839 490; x_wconf 79' lang='grc' dir='ltr'>αὐτὸν</span> <span class='ocrx_word' id='word_1_7' title='bbox 865 422 898 492; x_wconf 84' lang='grc' dir='ltr'><strong>ἡ</strong></span> <span class='ocrx_word' id='word_1_8' title='bbox 925 421 1118 488; x_wconf 78' lang='grc' dir='ltr'>καρδία</span> <span class='ocrx_word' id='word_1_9' title='bbox 1141 425 1328 490; x_wconf 74' lang='grc' dir='ltr'>αὐτοῦ,</span> <span class='ocrx_word' id='word_1_10' title='bbox 1357 429 1451 482; x_wconf 71' lang='grc' dir='ltr'><strong>καὶ</strong></span> <span class='ocrx_word' id='word_1_11' title='bbox 1487 431 1828 502; x_wconf 81' lang='grc' dir='ltr'><strong>μετεμελήθη</strong></span> 
     </span>
    </p>
   </div>
   <div class='ocr_carea' id='block_1_5' title="bbox 1945 415 3530 520">
    <p class='ocr_par' dir='ltr' id='par_1_5' title="bbox 1959 438 3530 520">
     <span class='ocr_line' id='line_1_5' title="bbox 1959 438 3530 520; baseline 0.018 -32"><span class='ocrx_word' id='word_1_12' title='bbox 1959 443 2148 504; x_wconf 86' lang='lat' dir='ltr'><strong>postea</strong></span> <span class='ocrx_word' id='word_1_13' title='bbox 2177 438 2343 494; x_wconf 89' lang='lat' dir='ltr'><strong>corde</strong></span> <span class='ocrx_word' id='word_1_14' title='bbox 2373 454 2432 494; x_wconf 91' lang='lat' dir='ltr'><strong>se</strong></span> <span class='ocrx_word' id='word_1_15' title='bbox 2455 449 2653 496; x_wconf 86' lang='lat' dir='ltr'><strong>tactum</strong></span> <span class='ocrx_word' id='word_1_16' title='bbox 2681 447 2873 512; x_wconf 78' lang='lat' dir='ltr'><strong>sensit,</strong></span> <span class='ocrx_word' id='word_1_17' title='bbox 2907 463 2970 503; x_wconf 91' lang='lat' dir='ltr'><strong>ac</strong></span> <span class='ocrx_word' id='word_1_18' title='bbox 2989 452 3308 520; x_wconf 63' lang='lat' dir='ltr'><strong>paenitentia</strong></span> <span class='ocrx_word' id='word_1_19' title='bbox 3331 457 3530 518; x_wconf 89' lang='lat' dir='ltr'><strong>ductus</strong></span> 
     </span>
    </p>
   </div>
   <div class='ocr_carea' id='block_1_6' title="bbox 265 505 1855 592">
    <p class='ocr_par' dir='ltr' id='par_1_6' title="bbox 265 505 1855 592">
     <span class='ocr_line' id='line_1_6' title="bbox 265 505 1855 592; baseline 0.011 -31"><span class='ocrx_word' id='word_1_20' title='bbox 265 511 364 562; x_wconf 77' lang='grc' dir='ltr'><strong>καὶ</strong></span> <span class='ocrx_word' id='word_1_21' title='bbox 405 505 540 580; x_wconf 77' lang='grc' dir='ltr'>ἦλθε</span> <span class='ocrx_word' id='word_1_22' title='bbox 575 513 714 585; x_wconf 84' lang='grc' dir='ltr'>πρὸς</span> <span class='ocrx_word' id='word_1_23' title='bbox 743 515 835 568; x_wconf 77' lang='grc' dir='ltr'>τὸν</span> <span class='ocrx_word' id='word_1_24' title='bbox 862 515 1034 569; x_wconf 84' lang='grc' dir='ltr'><strong>ὰ66ἄν</strong></span> <span class='ocrx_word' id='word_1_25' title='bbox 1081 519 1340 589; x_wconf 80' lang='grc' dir='ltr'>Ποιμένα,</span> <span class='ocrx_word' id='word_1_26' title='bbox 1391 521 1605 592; x_wconf 82' lang='grc' dir='ltr'>μεθύων</span> <span class='ocrx_word' id='word_1_27' title='bbox 1629 527 1741 588; x_wconf 87' lang='grc' dir='ltr'>τοῖς</span> <span class='ocrx_word' id='word_1_28' title='bbox 1771 525 1855 578; x_wconf 88' lang='grc' dir='ltr'>λο-</span> 
     </span>
    </p>
   </div>
   <div class='ocr_carea' id='block_1_7' title="bbox 263 603 1854 682">
    <p class='ocr_par' dir='ltr' id='par_1_7' title="bbox 263 603 1854 682">
     <span class='ocr_line' id='line_1_7' title="bbox 263 603 1854 682; baseline 0.011 -30"><span class='ocrx_word' id='word_1_29' title='bbox 263 605 512 672; x_wconf 79' lang='grc' dir='ltr'>γισμοῖς,</span> <span class='ocrx_word' id='word_1_30' title='bbox 559 603 842 673; x_wconf 79' lang='grc' dir='ltr'>βαστάζων</span> <span class='ocrx_word' id='word_1_31' title='bbox 881 609 974 660; x_wconf 74' lang='grc' dir='ltr'>καὶ</span> <span class='ocrx_word' id='word_1_32' title='bbox 1019 610 1145 672; x_wconf 84' lang='grc' dir='ltr'>τοὺς</span> <span class='ocrx_word' id='word_1_33' title='bbox 1189 610 1503 682; x_wconf 75' lang='grc' dir='ltr'>λεδήτωνας</span> <span class='ocrx_word' id='word_1_34' title='bbox 1543 614 1652 670; x_wconf 86' lang='grc' dir='ltr'>τῶν</span> <span class='ocrx_word' id='word_1_35' title='bbox 1696 615 1854 669; x_wconf 87' lang='grc' dir='ltr'>ἀδελ-</span> 
     </span>
    </p>
   </div>
   <div class='ocr_carea' id='block_1_8' title="bbox 265 694 1854 778">
    <p class='ocr_par' dir='ltr' id='par_1_8' title="bbox 265 694 1854 778">
     <span class='ocr_line' id='line_1_8' title="bbox 265 694 1854 778; baseline 0.011 -33"><span class='ocrx_word' id='word_1_36' title='bbox 265 694 406 762; x_wconf 71' lang='grc' dir='ltr'>φῶν,</span> <span class='ocrx_word' id='word_1_37' title='bbox 465 697 562 750; x_wconf 85' lang='grc' dir='ltr'><strong>καί</strong></span> <span class='ocrx_word' id='word_1_38' title='bbox 597 699 920 767; x_wconf 78' lang='grc' dir='ltr'><strong>ἀναγγέλλει</strong></span> <span class='ocrx_word' id='word_1_39' title='bbox 959 701 1021 752; x_wconf 84' lang='grc' dir='ltr'><strong>τὸ</strong></span> <span class='ocrx_word' id='word_1_40' title='bbox 1063 705 1300 774; x_wconf 83' lang='grc' dir='ltr'>πρᾶγμα</span> <span class='ocrx_word' id='word_1_41' title='bbox 1344 705 1422 776; x_wconf 82' lang='grc' dir='ltr'><strong>τῷ</strong></span> <span class='ocrx_word' id='word_1_42' title='bbox 1462 707 1698 778; x_wconf 83' lang='grc' dir='ltr'>γέροντι.</span> <span class='ocrx_word' id='word_1_43' title='bbox 1743 711 1854 762; x_wconf 79' lang='grc' dir='ltr'>Καὶ</span> 
     </span>
    </p>
   </div>
   <div class='ocr_carea' id='block_1_9' title="bbox 259 785 1852 864">
    <p class='ocr_par' dir='ltr' id='par_1_9' title="bbox 259 785 1852 864">
     <span class='ocr_line' id='line_1_9' title="bbox 259 785 1852 864; baseline 0.01 -27"><span class='ocrx_word' id='word_1_44' title='bbox 259 785 414 854; x_wconf 76' lang='grc' dir='ltr'>λέγει</span> <span class='ocrx_word' id='word_1_45' title='bbox 449 787 604 858; x_wconf 79' lang='grc' dir='ltr'>αὑτῷ</span> <span class='ocrx_word' id='word_1_46' title='bbox 632 790 660 841; x_wconf 94' lang='lat'><strong>6</strong></span> <span class='ocrx_word' id='word_1_47' title='bbox 705 791 914 862; x_wconf 81' lang='grc' dir='ltr'>γέρων·</span> <span class='ocrx_word' id='word_1_48' title='bbox 949 793 1062 846; x_wconf 86' lang='grc' dir='ltr'><strong>Ούκ</strong></span> <span class='ocrx_word' id='word_1_49' title='bbox 1089 793 1232 864; x_wconf 84' lang='grc' dir='ltr'>ἔχεις</span> <span class='ocrx_word' id='word_1_50' title='bbox 1275 794 1337 848; x_wconf 90' lang='grc' dir='ltr'><strong>σύ</strong></span> <span class='ocrx_word' id='word_1_51' title='bbox 1372 796 1424 848; x_wconf 90' lang='grc' dir='ltr'><strong>τί</strong></span> <span class='ocrx_word' id='word_1_52' title='bbox 1466 815 1596 850; x_wconf 89' lang='grc' dir='ltr'>ποτε</span> <span class='ocrx_word' id='word_1_53' title='bbox 1620 800 1714 853; x_wconf 83' lang='grc' dir='ltr'>τοῦ</span> <span class='ocrx_word' id='word_1_54' title='bbox 1745 818 1852 853; x_wconf 84' lang='grc' dir='ltr'>πα-</span> 
     </span>
    </p>
   </div>
   <div class='ocr_carea' id='block_1_10' title="bbox 259 880 1850 962">
    <p class='ocr_par' dir='ltr' id='par_1_10' title="bbox 259 880 1850 962">
     <span class='ocr_line' id='line_1_10' title="bbox 259 880 1850 962; baseline 0.01 -31"><span class='ocrx_word' id='word_1_55' title='bbox 259 880 418 934; x_wconf 85' lang='grc' dir='ltr'><strong>λαιοῦ</strong></span> <span class='ocrx_word' id='word_1_56' title='bbox 453 883 781 956; x_wconf 80' lang='grc' dir='ltr'>ἁνθρὼπου;</span> <span class='ocrx_word' id='word_1_57' title='bbox 813 885 1066 940; x_wconf 84' lang='grc' dir='ltr'>ἁπεδύσω</span> <span class='ocrx_word' id='word_1_58' title='bbox 1111 889 1308 954; x_wconf 80' lang='grc' dir='ltr'>αύτόν;</span> <span class='ocrx_word' id='word_1_59' title='bbox 1360 891 1418 944; x_wconf 87' lang='lat'><strong>&#39;0</strong></span> <span class='ocrx_word' id='word_1_60' title='bbox 1448 891 1505 944; x_wconf 85' lang='grc' dir='ltr'><strong>δὲ</strong></span> <span class='ocrx_word' id='word_1_61' title='bbox 1547 893 1850 962; x_wconf 82' lang='grc' dir='ltr'>πρεσϐύτε-</span> 
     </span>
    </p>
   </div>
   <div class='ocr_carea' id='block_1_11' title="bbox 260 972 1850 1054">
    <p class='ocr_par' dir='ltr' id='par_1_11' title="bbox 260 972 1850 1054">
     <span class='ocr_line' id='line_1_11' title="bbox 260 972 1850 1054; baseline 0.008 -27"><span class='ocrx_word' id='word_1_62' title='bbox 260 993 356 1046; x_wconf 82' lang='grc' dir='ltr'><strong>ρος</strong></span> <span class='ocrx_word' id='word_1_63' title='bbox 384 972 566 1042; x_wconf 75' lang='grc' dir='ltr'>εἶπεν,</span> <span class='ocrx_word' id='word_1_64' title='bbox 597 979 679 1030; x_wconf 81' lang='grc' dir='ltr'>ὅτι</span> <span class='ocrx_word' id='word_1_65' title='bbox 717 980 946 1049; x_wconf 83' lang='grc' dir='ltr'>Μετέχω</span> <span class='ocrx_word' id='word_1_66' title='bbox 969 980 1066 1033; x_wconf 78' lang='grc' dir='ltr'>τοῦ</span> <span class='ocrx_word' id='word_1_67' title='bbox 1092 981 1321 1035; x_wconf 78' lang='grc' dir='ltr'><strong>παλαιοῦ</strong></span> <span class='ocrx_word' id='word_1_68' title='bbox 1351 983 1660 1054; x_wconf 82' lang='grc' dir='ltr'>ἀνθρώπου.</span> <span class='ocrx_word' id='word_1_69' title='bbox 1712 985 1768 1039; x_wconf 81' lang='grc' dir='ltr'>Ὀ</span> <span class='ocrx_word' id='word_1_70' title='bbox 1793 987 1850 1040; x_wconf 87' lang='grc' dir='ltr'><strong>δὲ</strong></span> 
     </span>
    </p>
   </div>
   <div class='ocr_carea' id='block_1_12' title="bbox 259 1066 1846 1148">
    <p class='ocr_par' dir='ltr' id='par_1_12' title="bbox 259 1066 1846 1148">
     <span class='ocr_line' id='line_1_12' title="bbox 259 1066 1846 1148; baseline 0.008 -28"><span class='ocrx_word' id='word_1_71' title='bbox 259 1069 446 1138; x_wconf 76' lang='grc' dir='ltr'>γέρων</span> <span class='ocrx_word' id='word_1_72' title='bbox 474 1066 627 1122; x_wconf 84' lang='grc' dir='ltr'>εἶπεν</span> <span class='ocrx_word' id='word_1_73' title='bbox 663 1071 844 1142; x_wconf 81' lang='grc' dir='ltr'>αὐτῷ·</span> <span class='ocrx_word' id='word_1_74' title='bbox 889 1073 1018 1126; x_wconf 81' lang='grc' dir='ltr'>Ἰδοὺ</span> <span class='ocrx_word' id='word_1_75' title='bbox 1049 1070 1141 1128; x_wconf 84' lang='grc' dir='ltr'>οὖν</span> <span class='ocrx_word' id='word_1_76' title='bbox 1177 1076 1267 1127; x_wconf 74' lang='grc' dir='ltr'><strong>καὶ</strong></span> <span class='ocrx_word' id='word_1_77' title='bbox 1306 1077 1369 1128; x_wconf 83' lang='grc' dir='ltr'><strong>σὺ</strong></span> <span class='ocrx_word' id='word_1_78' title='bbox 1400 1076 1475 1139; x_wconf 87' lang='grc' dir='ltr'>ὡς</span> <span class='ocrx_word' id='word_1_79' title='bbox 1507 1077 1557 1128; x_wconf 85' lang='grc' dir='ltr'><strong>οί</strong></span> <span class='ocrx_word' id='word_1_80' title='bbox 1604 1077 1846 1148; x_wconf 80' lang='grc' dir='ltr'>ἀδελφοί.</span> 
     </span>
    </p>
   </div>
   <div class='ocr_carea' id='block_1_13' title="bbox 257 1161 1847 1241">
    <p class='ocr_par' dir='ltr' id='par_1_13' title="bbox 257 1161 1847 1241">
     <span class='ocr_line' id='line_1_13' title="bbox 257 1161 1847 1241; baseline 0.009 -29"><span class='ocrx_word' id='word_1_81' title='bbox 257 1161 320 1214; x_wconf 88' lang='lat' dir='ltr'><strong>Ei</strong></span> <span class='ocrx_word' id='word_1_82' title='bbox 349 1161 466 1233; x_wconf 80' lang='grc' dir='ltr'><strong>γὰρ</strong></span> <span class='ocrx_word' id='word_1_83' title='bbox 495 1163 691 1234; x_wconf 75' lang='grc' dir='ltr'>μικρὸν</span> <span class='ocrx_word' id='word_1_84' title='bbox 723 1164 968 1234; x_wconf 74' lang='grc' dir='ltr'><strong>μετέχεις</strong></span> <span class='ocrx_word' id='word_1_85' title='bbox 1001 1165 1098 1236; x_wconf 79' lang='grc' dir='ltr'><strong>τῆς</strong></span> <span class='ocrx_word' id='word_1_86' title='bbox 1129 1167 1506 1240; x_wconf 83' lang='grc' dir='ltr'><strong>παλαιότητος,</strong></span> <span class='ocrx_word' id='word_1_87' title='bbox 1538 1171 1686 1241; x_wconf 81' lang='grc' dir='ltr'>ὅμως</span> <span class='ocrx_word' id='word_1_88' title='bbox 1715 1172 1847 1226; x_wconf 86' lang='grc' dir='ltr'>ὑπό-</span> 
     </span>
    </p>
   </div>
   <div class='ocr_carea' id='block_1_14' title="bbox 253 1257 1844 1336">
    <p class='ocr_par' dir='ltr' id='par_1_14' title="bbox 253 1257 1844 1336">
     <span class='ocr_line' id='line_1_14' title="bbox 253 1257 1844 1336; baseline 0.008 -31"><span class='ocrx_word' id='word_1_89' title='bbox 253 1271 442 1306; x_wconf 84' lang='grc' dir='ltr'>κεισαι</span> <span class='ocrx_word' id='word_1_90' title='bbox 483 1257 548 1326; x_wconf 84' lang='grc' dir='ltr'>τῇ</span> <span class='ocrx_word' id='word_1_91' title='bbox 602 1257 864 1327; x_wconf 81' lang='grc' dir='ltr'><strong>ἁμαρτίᾳ.</strong></span> <span class='ocrx_word' id='word_1_92' title='bbox 920 1257 1052 1311; x_wconf 84' lang='grc' dir='ltr'>Τότε</span> <span class='ocrx_word' id='word_1_93' title='bbox 1104 1258 1352 1312; x_wconf 83' lang='grc' dir='ltr'>ἀπελθὼν</span> <span class='ocrx_word' id='word_1_94' title='bbox 1401 1263 1430 1314; x_wconf 92' lang='lat'><strong>6</strong></span> <span class='ocrx_word' id='word_1_95' title='bbox 1477 1263 1844 1336; x_wconf 77' lang='grc' dir='ltr'>πρεσϐύτερος</span> 
     </span>
    </p>
   </div>
   <div class='ocr_carea' id='block_1_15' title="bbox 251 1344 1840 1424">
    <p class='ocr_par' dir='ltr' id='par_1_15' title="bbox 251 1344 1840 1424">
     <span class='ocr_line' id='line_1_15' title="bbox 251 1344 1840 1424; baseline 0.01 -28"><span class='ocrx_word' id='word_1_96' title='bbox 251 1344 490 1398; x_wconf 74' lang='grc' dir='ltr'>ἐκάλεσε</span> <span class='ocrx_word' id='word_1_97' title='bbox 541 1347 667 1410; x_wconf 78' lang='grc' dir='ltr'>τοὺς</span> <span class='ocrx_word' id='word_1_98' title='bbox 713 1347 994 1417; x_wconf 75' lang='grc' dir='ltr'>ἀδελφοὺς,</span> <span class='ocrx_word' id='word_1_99' title='bbox 1035 1351 1128 1404; x_wconf 81' lang='grc' dir='ltr'><strong>καὶ</strong></span> <span class='ocrx_word' id='word_1_100' title='bbox 1164 1353 1455 1424; x_wconf 82' lang='grc' dir='ltr'>μετενόησε</span> <span class='ocrx_word' id='word_1_101' title='bbox 1491 1359 1602 1421; x_wconf 87' lang='grc' dir='ltr'>τοῖς</span> <span class='ocrx_word' id='word_1_102' title='bbox 1631 1357 1840 1422; x_wconf 74' lang='grc' dir='ltr'>ἕνδεκα,</span> 
     </span>
    </p>
   </div>
   <div class='ocr_carea' id='block_1_16' title="bbox 250 1437 1842 1520">
    <p class='ocr_par' dir='ltr' id='par_1_16' title="bbox 250 1437 1842 1520">
     <span class='ocr_line' id='line_1_16' title="bbox 250 1437 1842 1520; baseline 0.011 -32"><span class='ocrx_word' id='word_1_103' title='bbox 250 1439 346 1488; x_wconf 78' lang='grc' dir='ltr'>καὶ</span> <span class='ocrx_word' id='word_1_104' title='bbox 407 1437 660 1490; x_wconf 78' lang='grc' dir='ltr'><strong>ἐνέδυσεν</strong></span> <span class='ocrx_word' id='word_1_105' title='bbox 711 1440 910 1503; x_wconf 80' lang='grc' dir='ltr'>αὐτοὺς</span> <span class='ocrx_word' id='word_1_106' title='bbox 951 1441 1011 1494; x_wconf 83' lang='grc' dir='ltr'>τὸ</span> <span class='ocrx_word' id='word_1_107' title='bbox 1059 1443 1246 1514; x_wconf 82' lang='grc' dir='ltr'>σχῆμα</span> <span class='ocrx_word' id='word_1_108' title='bbox 1297 1445 1391 1498; x_wconf 80' lang='grc' dir='ltr'>τοῦ</span> <span class='ocrx_word' id='word_1_109' title='bbox 1443 1449 1701 1520; x_wconf 82' lang='grc' dir='ltr'>μοναχοῦ,</span> <span class='ocrx_word' id='word_1_110' title='bbox 1747 1451 1842 1505; x_wconf 81' lang='grc' dir='ltr'><strong>καὶ</strong></span> 
     </span>
    </p>
   </div>
   <div class='ocr_carea' id='block_1_17' title="bbox 247 1529 551 1584">
    <p class='ocr_par' dir='ltr' id='par_1_17' title="bbox 247 1529 551 1584">
     <span class='ocr_line' id='line_1_17' title="bbox 247 1529 551 1584; baseline -0.007 0"><span class='ocrx_word' id='word_1_111' title='bbox 247 1529 428 1584; x_wconf 80' lang='grc' dir='ltr'>ἁπὲλυ</span> <span class='ocrx_word' id='word_1_112' title='bbox 437 1547 551 1584; x_wconf 87' lang='grc' dir='ltr'>σεν.</span> 
     </span>
    </p>
   </div>
   <div class='ocr_carea' id='block_1_18' title="bbox 321 1625 1834 1708">
    <p class='ocr_par' dir='ltr' id='par_1_18' title="bbox 321 1625 1834 1708">
     <span class='ocr_line' id='line_1_18' title="bbox 321 1625 1834 1708; baseline 0.011 -31"><span class='ocrx_word' id='word_1_113' title='bbox 321 1626 418 1695; x_wconf 76' lang='grc' dir='ltr'>ιβ’.</span> <span class='ocrx_word' id='word_1_114' title='bbox 473 1625 724 1696; x_wconf 79' lang='grc' dir='ltr'>Ἀδελφὸς</span> <span class='ocrx_word' id='word_1_115' title='bbox 748 1627 998 1700; x_wconf 69' lang='grc' dir='ltr'>ἠρώτησε</span> <span class='ocrx_word' id='word_1_116' title='bbox 1019 1629 1109 1684; x_wconf 78' lang='grc' dir='ltr'><strong>τὸν</strong></span> <span class='ocrx_word' id='word_1_117' title='bbox 1141 1631 1314 1685; x_wconf 78' lang='grc' dir='ltr'><strong>ἁὸὃᾶν</strong></span> <span class='ocrx_word' id='word_1_118' title='bbox 1343 1635 1605 1705; x_wconf 84' lang='grc' dir='ltr'>Ποιμένα,</span> <span class='ocrx_word' id='word_1_119' title='bbox 1627 1637 1798 1708; x_wconf 84' lang='grc' dir='ltr'>λέγων</span> <span class='ocrx_word' id='word_1_120' title='bbox 1821 1657 1834 1671; x_wconf 93' lang='grc'><strong>·</strong></span> 
     </span>
    </p>
   </div>
   <div class='ocr_carea' id='block_1_19' title="bbox 259 1713 1836 1799">
    <p class='ocr_par' dir='ltr' id='par_1_19' title="bbox 259 1713 1836 1799">
     <span class='ocr_line' id='line_1_19' title="bbox 259 1713 1836 1799; baseline 0.013 -35"><span class='ocrx_word' id='word_1_121' title='bbox 259 1713 536 1784; x_wconf 83' lang='grc' dir='ltr'>Ἐποίησα</span> <span class='ocrx_word' id='word_1_122' title='bbox 581 1717 854 1787; x_wconf 80' lang='grc' dir='ltr'>ἁμαρτίαν</span> <span class='ocrx_word' id='word_1_123' title='bbox 891 1719 1154 1790; x_wconf 84' lang='grc' dir='ltr'><strong>μεγάλην,</strong></span> <span class='ocrx_word' id='word_1_124' title='bbox 1190 1723 1284 1775; x_wconf 75' lang='grc' dir='ltr'>καὶ</span> <span class='ocrx_word' id='word_1_125' title='bbox 1321 1723 1458 1778; x_wconf 83' lang='grc' dir='ltr'><strong>θέλω</strong></span> <span class='ocrx_word' id='word_1_126' title='bbox 1507 1729 1836 1799; x_wconf 80' lang='grc' dir='ltr'>μετανοῆσαι</span> 
     </span>
    </p>
   </div>
   <div class='ocr_carea' id='block_1_20' title="bbox 128 1809 1837 1884">
    <p class='ocr_par' dir='ltr' id='par_1_20' title="bbox 128 1809 1837 1884">
     <span class='ocr_line' id='line_1_20' title="bbox 128 1809 1837 1884; baseline 0.011 -27"><span class='ocrx_word' id='word_1_127' title='bbox 128 1860 144 1874; x_wconf 67' lang='grc'><strong>,</strong></span> <span class='ocrx_word' id='word_1_128' title='bbox 243 1809 372 1875; x_wconf 78' lang='grc' dir='ltr'>τρία</span> <span class='ocrx_word' id='word_1_129' title='bbox 401 1809 522 1879; x_wconf 78' lang='grc' dir='ltr'>ἔτη.</span> <span class='ocrx_word' id='word_1_130' title='bbox 549 1809 711 1877; x_wconf 82' lang='grc' dir='ltr'><strong>Λέγει</strong></span> <span class='ocrx_word' id='word_1_131' title='bbox 739 1810 890 1881; x_wconf 77' lang='grc' dir='ltr'>αὐτῷ</span> <span class='ocrx_word' id='word_1_132' title='bbox 918 1813 946 1864; x_wconf 89' lang='lat'><strong>6</strong></span> <span class='ocrx_word' id='word_1_133' title='bbox 977 1813 1186 1884; x_wconf 85' lang='grc' dir='ltr'>γέρων·</span> <span class='ocrx_word' id='word_1_134' title='bbox 1217 1815 1358 1868; x_wconf 89' lang='grc' dir='ltr'>Πολύ</span> <span class='ocrx_word' id='word_1_135' title='bbox 1382 1818 1518 1870; x_wconf 76' lang='grc' dir='ltr'>ἐστι.</span> <span class='ocrx_word' id='word_1_136' title='bbox 1549 1821 1658 1872; x_wconf 75' lang='grc' dir='ltr'><strong>Καὶ</strong></span> <span class='ocrx_word' id='word_1_137' title='bbox 1685 1815 1837 1876; x_wconf 77' lang='grc' dir='ltr'>εἶπεν</span> 
     </span>
    </p>
   </div>
   <div class='ocr_carea' id='block_1_21' title="bbox 243 1897 1837 1978">
    <p class='ocr_par' dir='ltr' id='par_1_21' title="bbox 243 1897 1837 1978">
     <span class='ocr_line' id='line_1_21' title="bbox 243 1897 1837 1978; baseline 0.01 -27"><span class='ocrx_word' id='word_1_138' title='bbox 243 1900 398 1969; x_wconf 65' lang='grc' dir='ltr'>αὐτῷ</span> <span class='ocrx_word' id='word_1_139' title='bbox 438 1903 468 1952; x_wconf 90' lang='lat'><strong>6</strong></span> <span class='ocrx_word' id='word_1_140' title='bbox 497 1901 751 1970; x_wconf 76' lang='grc' dir='ltr'>ἀδελφός·</span> <span class='ocrx_word' id='word_1_141' title='bbox 801 1902 940 1978; x_wconf 72' lang='grc' dir='ltr'>’ᾼλλ’</span> <span class='ocrx_word' id='word_1_142' title='bbox 973 1903 1076 1968; x_wconf 72' lang='grc' dir='ltr'>ἕως</span> <span class='ocrx_word' id='word_1_143' title='bbox 1105 1907 1387 1972; x_wconf 81' lang='grc' dir='ltr'>ὲνιαυτοῦ;</span> <span class='ocrx_word' id='word_1_144' title='bbox 1419 1897 1552 1962; x_wconf 78' lang='grc' dir='ltr'>’Καὶ</span> <span class='ocrx_word' id='word_1_145' title='bbox 1581 1905 1702 1964; x_wconf 79' lang='grc' dir='ltr'>εἶπε</span> <span class='ocrx_word' id='word_1_146' title='bbox 1733 1914 1837 1967; x_wconf 87' lang='grc' dir='ltr'>πὰ-</span> 
     </span>
    </p>
   </div>
   <div class='ocr_carea' id='block_1_22' title="bbox 241 1990 1830 2074">
    <p class='ocr_par' dir='ltr' id='par_1_22' title="bbox 241 1990 1830 2074">
     <span class='ocr_line' id='line_1_22' title="bbox 241 1990 1830 2074; baseline 0.01 -32"><span class='ocrx_word' id='word_1_147' title='bbox 241 1990 324 2043; x_wconf 71' lang='grc' dir='ltr'>λιν</span> <span class='ocrx_word' id='word_1_148' title='bbox 371 1995 402 2046; x_wconf 92' lang='lat'><strong>6</strong></span> <span class='ocrx_word' id='word_1_149' title='bbox 456 1994 671 2064; x_wconf 79' lang='grc' dir='ltr'>γέρων·</span> <span class='ocrx_word' id='word_1_150' title='bbox 707 1993 848 2048; x_wconf 88' lang='grc' dir='ltr'>Πολύ</span> <span class='ocrx_word' id='word_1_151' title='bbox 883 1997 1048 2049; x_wconf 83' lang='grc' dir='ltr'>ἐστιν.</span> <span class='ocrx_word' id='word_1_152' title='bbox 1101 1999 1162 2050; x_wconf 87' lang='grc' dir='ltr'>Οἱ</span> <span class='ocrx_word' id='word_1_153' title='bbox 1201 1998 1266 2063; x_wconf 37' lang='grc' dir='ltr'><strong>,δὲ</strong></span> <span class='ocrx_word' id='word_1_154' title='bbox 1305 2000 1830 2074; x_wconf 75' lang='grc' dir='ltr'>παρόντεςέλεγον·</span> 
     </span>
    </p>
   </div>
   <div class='ocr_carea' id='block_1_23' title="bbox 243 2089 1832 2162">
    <p class='ocr_par' dir='ltr' id='par_1_23' title="bbox 243 2089 1832 2162">
     <span class='ocr_line' id='line_1_23' title="bbox 243 2089 1832 2162; baseline 0.009 -22"><span class='ocrx_word' id='word_1_155' title='bbox 243 2089 396 2151; x_wconf 84' lang='grc' dir='ltr'>Ἕως</span> <span class='ocrx_word' id='word_1_156' title='bbox 433 2089 848 2159; x_wconf 82' lang='grc' dir='ltr'>τεσσαράκοντα</span> <span class='ocrx_word' id='word_1_157' title='bbox 875 2091 1137 2162; x_wconf 83' lang='grc' dir='ltr'>ήμερῶν;</span> <span class='ocrx_word' id='word_1_158' title='bbox 1166 2093 1277 2147; x_wconf 73' lang='grc' dir='ltr'>Καὶ</span> <span class='ocrx_word' id='word_1_159' title='bbox 1307 2095 1470 2148; x_wconf 79' lang='grc' dir='ltr'>πάλιν</span> <span class='ocrx_word' id='word_1_160' title='bbox 1505 2091 1624 2150; x_wconf 83' lang='grc' dir='ltr'>εἶπε</span> <span class='ocrx_word' id='word_1_161' title='bbox 1642 2115 1654 2126; x_wconf 94' lang='grc'><strong>·</strong></span> <span class='ocrx_word' id='word_1_162' title='bbox 1693 2100 1832 2154; x_wconf 90' lang='grc' dir='ltr'>Πολύ</span> 
     </span>
    </p>
   </div>
   <div class='ocr_carea' id='block_1_24' title="bbox 241 2175 1831 2263">
    <p class='ocr_par' dir='ltr' id='par_1_24' title="bbox 241 2175 1831 2263">
     <span class='ocr_line' id='line_1_24' title="bbox 241 2175 1831 2263; baseline 0.009 -32"><span class='ocrx_word' id='word_1_163' title='bbox 241 2183 426 2233; x_wconf 78' lang='grc' dir='ltr'>ἐστιν’</span> <span class='ocrx_word' id='word_1_164' title='bbox 463 2176 587 2233; x_wconf 85' lang='grc' dir='ltr'>εἷπε</span> <span class='ocrx_word' id='word_1_165' title='bbox 619 2179 678 2234; x_wconf 79' lang='grc' dir='ltr'><strong>δέ</strong></span> <span class='ocrx_word' id='word_1_166' title='bbox 699 2199 713 2211; x_wconf 89' lang='grc'><strong>·</strong></span> <span class='ocrx_word' id='word_1_167' title='bbox 759 2181 901 2250; x_wconf 85' lang='grc' dir='ltr'><strong>Ἐγὼ</strong></span> <span class='ocrx_word' id='word_1_168' title='bbox 931 2182 1092 2251; x_wconf 77' lang='grc' dir='ltr'>λέγω,</span> <span class='ocrx_word' id='word_1_169' title='bbox 1127 2185 1208 2237; x_wconf 82' lang='grc' dir='ltr'>ὅτι</span> <span class='ocrx_word' id='word_1_170' title='bbox 1235 2175 1334 2239; x_wconf 51' lang='grc' dir='ltr'><strong>’ἐὰν</strong></span> <span class='ocrx_word' id='word_1_171' title='bbox 1360 2186 1419 2252; x_wconf 80' lang='grc' dir='ltr'>ἐξ</span> <span class='ocrx_word' id='word_1_172' title='bbox 1445 2188 1574 2258; x_wconf 81' lang='grc' dir='ltr'>ὅλης</span> <span class='ocrx_word' id='word_1_173' title='bbox 1605 2192 1831 2263; x_wconf 79' lang='grc' dir='ltr'>καρδίας</span> 
     </span>
    </p>
   </div>
   <div class='ocr_carea' id='block_1_25' title="bbox 240 2270 1832 2352">
    <p class='ocr_par' dir='ltr' id='par_1_25' title="bbox 240 2270 1832 2352">
     <span class='ocr_line' id='line_1_25' title="bbox 240 2270 1832 2352; baseline 0.009 -31"><span class='ocrx_word' id='word_1_174' title='bbox 240 2273 564 2342; x_wconf 80' lang='grc' dir='ltr'>μετανοήσῃ</span> <span class='ocrx_word' id='word_1_175' title='bbox 594 2270 902 2343; x_wconf 83' lang='grc' dir='ltr'>ἄνθρωπος,</span> <span class='ocrx_word' id='word_1_176' title='bbox 937 2274 1030 2326; x_wconf 78' lang='grc' dir='ltr'>καὶ</span> <span class='ocrx_word' id='word_1_177' title='bbox 1060 2275 1134 2346; x_wconf 84' lang='grc' dir='ltr'><strong>μὴ</strong></span> <span class='ocrx_word' id='word_1_178' title='bbox 1171 2275 1379 2348; x_wconf 85' lang='grc' dir='ltr'>προσθῇ</span> <span class='ocrx_word' id='word_1_179' title='bbox 1414 2277 1493 2332; x_wconf 80' lang='grc' dir='ltr'>ἑτι</span> <span class='ocrx_word' id='word_1_180' title='bbox 1520 2283 1695 2334; x_wconf 79' lang='grc' dir='ltr'>ποιεῖν</span> <span class='ocrx_word' id='word_1_181' title='bbox 1734 2282 1832 2352; x_wconf 80' lang='grc' dir='ltr'>τὴν</span> 
     </span>
    </p>
   </div>
   <div class='ocr_carea' id='block_1_26' title="bbox 237 2362 1832 2441">
    <p class='ocr_par' dir='ltr' id='par_1_26' title="bbox 237 2362 1832 2441">
     <span class='ocr_line' id='line_1_26' title="bbox 237 2362 1832 2441; baseline 0.01 -28"><span class='ocrx_word' id='word_1_182' title='bbox 237 2362 548 2433; x_wconf 75' lang='grc' dir='ltr'>ἁμαρτίαν,</span> <span class='ocrx_word' id='word_1_183' title='bbox 602 2363 696 2416; x_wconf 78' lang='grc' dir='ltr'><strong>καὶ</strong></span> <span class='ocrx_word' id='word_1_184' title='bbox 747 2366 828 2428; x_wconf 86' lang='grc' dir='ltr'><strong>είς</strong></span> <span class='ocrx_word' id='word_1_185' title='bbox 875 2369 1038 2437; x_wconf 73' lang='grc' dir='ltr'>τρεῐο</span> <span class='ocrx_word' id='word_1_186' title='bbox 1076 2367 1291 2438; x_wconf 76' lang='grc' dir='ltr'>ἡμέρας</span> <span class='ocrx_word' id='word_1_187' title='bbox 1340 2369 1555 2441; x_wconf 76' lang='grc' dir='ltr'>δέχεται</span> <span class='ocrx_word' id='word_1_188' title='bbox 1605 2375 1768 2429; x_wconf 80' lang='grc' dir='ltr'>αὐτὸν</span> <span class='ocrx_word' id='word_1_189' title='bbox 1805 2379 1832 2430; x_wconf 98' lang='lat'><strong>6</strong></span> 
     </span>
    </p>
   </div>
   <div class='ocr_carea' id='block_1_27' title="bbox 234 2455 392 2520">
    <p class='ocr_par' dir='ltr' id='par_1_27' title="bbox 234 2455 392 2520">
     <span class='ocr_line' id='line_1_27' title="bbox 234 2455 392 2520; baseline 0.006 -11"><span class='ocrx_word' id='word_1_190' title='bbox 234 2455 392 2520; x_wconf 84' lang='grc' dir='ltr'>Θεός.</span> 
     </span>
    </p>
   </div>
   <div class='ocr_carea' id='block_1_28' title="bbox 313 2545 1830 2631">
    <p class='ocr_par' dir='ltr' id='par_1_28' title="bbox 313 2545 1830 2631">
     <span class='ocr_line' id='line_1_28' title="bbox 313 2545 1830 2631; baseline 0.011 -30"><span class='ocrx_word' id='word_1_191' title='bbox 313 2549 408 2618; x_wconf 85' lang='grc' dir='ltr'>ιγ’.</span> <span class='ocrx_word' id='word_1_192' title='bbox 447 2545 586 2603; x_wconf 86' lang='grc' dir='ltr'>Εἷπε</span> <span class='ocrx_word' id='word_1_193' title='bbox 625 2550 810 2616; x_wconf 82' lang='grc' dir='ltr'>πάλιν,</span> <span class='ocrx_word' id='word_1_194' title='bbox 836 2552 917 2604; x_wconf 83' lang='grc' dir='ltr'><strong>ὅτι</strong></span> <span class='ocrx_word' id='word_1_195' title='bbox 951 2552 1026 2606; x_wconf 80' lang='grc' dir='ltr'>Τὸ</span> <span class='ocrx_word' id='word_1_196' title='bbox 1060 2557 1283 2626; x_wconf 84' lang='grc' dir='ltr'>σημεῖον</span> <span class='ocrx_word' id='word_1_197' title='bbox 1339 2556 1434 2609; x_wconf 81' lang='grc' dir='ltr'>τοῦ</span> <span class='ocrx_word' id='word_1_198' title='bbox 1489 2560 1726 2631; x_wconf 83' lang='grc' dir='ltr'>μοναχοῦ</span> <span class='ocrx_word' id='word_1_199' title='bbox 1771 2563 1830 2618; x_wconf 79' lang='grc' dir='ltr'><strong>ὲν</strong></span> 
     </span>
    </p>
   </div>
   <div class='ocr_carea' id='block_1_29' title="bbox 231 2643 1018 2714">
    <p class='ocr_par' dir='ltr' id='par_1_29' title="bbox 231 2643 1018 2714">
     <span class='ocr_line' id='line_1_29' title="bbox 231 2643 1018 2714; baseline 0.004 -20"><span class='ocrx_word' id='word_1_200' title='bbox 231 2645 346 2705; x_wconf 85' lang='grc' dir='ltr'>τοῖς</span> <span class='ocrx_word' id='word_1_201' title='bbox 387 2645 724 2714; x_wconf 76' lang='grc' dir='ltr'>πειρασμοῖς</span> <span class='ocrx_word' id='word_1_202' title='bbox 752 2643 1018 2712; x_wconf 79' lang='grc' dir='ltr'>φαίνεται.</span> 
     </span>
    </p>
   </div>
   <div class='ocr_carea' id='block_1_30' title="bbox 305 2730 1824 2816">
    <p class='ocr_par' dir='ltr' id='par_1_30' title="bbox 305 2730 1824 2816">
     <span class='ocr_line' id='line_1_30' title="bbox 305 2730 1824 2816; baseline 0.01 -31"><span class='ocrx_word' id='word_1_203' title='bbox 305 2731 392 2787; x_wconf 83' lang='grc' dir='ltr'>ιδ’.</span> <span class='ocrx_word' id='word_1_204' title='bbox 435 2730 574 2786; x_wconf 80' lang='grc' dir='ltr'>Εἷπε</span> <span class='ocrx_word' id='word_1_205' title='bbox 623 2734 819 2787; x_wconf 83' lang='grc' dir='ltr'>πάλιν·</span> <span class='ocrx_word' id='word_1_206' title='bbox 869 2736 1080 2808; x_wconf 85' lang='grc' dir='ltr'>’Ὠσπερ</span> <span class='ocrx_word' id='word_1_207' title='bbox 1119 2737 1148 2789; x_wconf 92' lang='lat'><strong>6</strong></span> <span class='ocrx_word' id='word_1_208' title='bbox 1199 2739 1500 2812; x_wconf 78' lang='grc' dir='ltr'>σπαθὰριος</span> <span class='ocrx_word' id='word_1_209' title='bbox 1527 2743 1622 2796; x_wconf 81' lang='grc' dir='ltr'><strong>τοῦ</strong></span> <span class='ocrx_word' id='word_1_210' title='bbox 1668 2745 1824 2816; x_wconf 88' lang='grc' dir='ltr'>βασι-</span> 
     </span>
    </p>
   </div>
   <div class='ocr_carea' id='block_1_31' title="bbox 231 2825 1825 2903">
    <p class='ocr_par' dir='ltr' id='par_1_31' title="bbox 231 2825 1825 2903">
     <span class='ocr_line' id='line_1_31' title="bbox 231 2825 1825 2903; baseline 0.011 -27"><span class='ocrx_word' id='word_1_211' title='bbox 231 2825 374 2888; x_wconf 82' lang='grc' dir='ltr'>λέως</span> <span class='ocrx_word' id='word_1_212' title='bbox 448 2827 781 2897; x_wconf 81' lang='grc' dir='ltr'>παρίσταται</span> <span class='ocrx_word' id='word_1_213' title='bbox 811 2827 960 2898; x_wconf 70' lang='grc' dir='ltr'>αὐτῷ</span> <span class='ocrx_word' id='word_1_214' title='bbox 1012 2829 1302 2894; x_wconf 85' lang='grc' dir='ltr'>διαπαντὸς</span> <span class='ocrx_word' id='word_1_215' title='bbox 1349 2831 1592 2903; x_wconf 78' lang='grc' dir='ltr'>ἕτοιμος·</span> <span class='ocrx_word' id='word_1_216' title='bbox 1653 2837 1825 2903; x_wconf 76' lang='grc' dir='ltr'>οὕτως</span> 
     </span>
    </p>
   </div>
   <div class='ocr_carea' id='block_1_32' title="bbox 232 2915 1823 3002">
    <p class='ocr_par' dir='ltr' id='par_1_32' title="bbox 232 2915 1823 3002">
     <span class='ocr_line' id='line_1_32' title="bbox 232 2915 1823 3002; baseline 0.009 -34"><span class='ocrx_word' id='word_1_217' title='bbox 232 2915 315 2968; x_wconf 80' lang='grc' dir='ltr'>δεῖ</span> <span class='ocrx_word' id='word_1_218' title='bbox 337 2917 448 2986; x_wconf 79' lang='grc' dir='ltr'><strong>τὴν</strong></span> <span class='ocrx_word' id='word_1_219' title='bbox 475 2917 656 2988; x_wconf 75' lang='grc' dir='ltr'>ψυχὴν</span> <span class='ocrx_word' id='word_1_220' title='bbox 683 2919 906 2989; x_wconf 75' lang='grc' dir='ltr'>ἑτοίμην</span> <span class='ocrx_word' id='word_1_221' title='bbox 945 2915 1084 2974; x_wconf 80' lang='grc' dir='ltr'>εἶναι</span> <span class='ocrx_word' id='word_1_222' title='bbox 1142 2922 1280 2993; x_wconf 83' lang='grc' dir='ltr'>πρὸς</span> <span class='ocrx_word' id='word_1_223' title='bbox 1325 2923 1414 2976; x_wconf 75' lang='grc' dir='ltr'><strong>τὸν</strong></span> <span class='ocrx_word' id='word_1_224' title='bbox 1453 2924 1678 2997; x_wconf 86' lang='grc' dir='ltr'>δαίμονα</span> <span class='ocrx_word' id='word_1_225' title='bbox 1725 2930 1823 3002; x_wconf 75' lang='grc' dir='ltr'>τῆς</span> 
     </span>
    </p>
   </div>
   <div class='ocr_carea' id='block_1_33' title="bbox 234 3023 524 3076">
    <p class='ocr_par' dir='ltr' id='par_1_33' title="bbox 234 3023 524 3076">
     <span class='ocr_line' id='line_1_33' title="bbox 234 3023 524 3076; baseline 0.017 -19"><span class='ocrx_word' id='word_1_226' title='bbox 234 3023 524 3076; x_wconf 76' lang='grc' dir='ltr'>πορνείας.</span> 
     </span>
    </p>
   </div>
   <div class='ocr_carea' id='block_1_34' title="bbox 301 3099 1893 3188">
    <p class='ocr_par' dir='ltr' id='par_1_34' title="bbox 301 3099 1893 3188">
     <span class='ocr_line' id='line_1_34' title="bbox 301 3099 1893 3188; baseline 0.011 -38"><span class='ocrx_word' id='word_1_227' title='bbox 301 3106 386 3152; x_wconf 86' lang='grc' dir='ltr'>ιε’.</span> <span class='ocrx_word' id='word_1_228' title='bbox 442 3099 756 3172; x_wconf 79' lang='grc' dir='ltr'>Ἦρὼτησεν</span> <span class='ocrx_word' id='word_1_229' title='bbox 795 3103 824 3154; x_wconf 93' lang='lat'><strong>6</strong></span> <span class='ocrx_word' id='word_1_230' title='bbox 863 3102 1036 3166; x_wconf 77' lang='grc' dir='ltr'><strong>ἀϐϐᾶς</strong></span> <span class='ocrx_word' id='word_1_231' title='bbox 1079 3105 1268 3158; x_wconf 76' lang='grc' dir='ltr'>Ἀνοὺὸ</span> <span class='ocrx_word' id='word_1_232' title='bbox 1289 3107 1333 3138; x_wconf 78' lang='grc'><strong>⁸⁷</strong></span> <span class='ocrx_word' id='word_1_233' title='bbox 1363 3107 1454 3160; x_wconf 85' lang='grc' dir='ltr'>τὸν</span> <span class='ocrx_word' id='word_1_234' title='bbox 1495 3109 1668 3164; x_wconf 76' lang='grc' dir='ltr'>ἁϐὗᾶν</span> <span class='ocrx_word' id='word_1_235' title='bbox 1701 3113 1824 3166; x_wconf 84' lang='grc' dir='ltr'>Ποι-</span> <span class='ocrx_word' id='word_1_236' title='bbox 1853 3132 1893 3188; x_wconf 80' lang='lat' dir='ltr'>c</span> 
     </span>
    </p>
   </div>
   <div class='ocr_carea' id='block_1_35' title="bbox 231 3185 1817 3278">
    <p class='ocr_par' dir='ltr' id='par_1_35' title="bbox 231 3185 1817 3278">
     <span class='ocr_line' id='line_1_35' title="bbox 231 3185 1817 3278; baseline 0.009 -35"><span class='ocrx_word' id='word_1_237' title='bbox 231 3192 368 3260; x_wconf 77' lang='grc' dir='ltr'>μένα</span> <span class='ocrx_word' id='word_1_238' title='bbox 416 3194 548 3262; x_wconf 82' lang='grc' dir='ltr'>περὶ</span> <span class='ocrx_word' id='word_1_239' title='bbox 594 3193 704 3248; x_wconf 81' lang='grc' dir='ltr'><strong>τῶν</strong></span> <span class='ocrx_word' id='word_1_240' title='bbox 748 3185 1070 3267; x_wconf 66' lang='grc' dir='ltr'>ἀκαὉὰρτων</span> <span class='ocrx_word' id='word_1_241' title='bbox 1130 3197 1406 3270; x_wconf 81' lang='grc' dir='ltr'>λογισμῶν</span> <span class='ocrx_word' id='word_1_242' title='bbox 1451 3194 1525 3256; x_wconf 87' lang='grc' dir='ltr'><strong>ὧν</strong></span> <span class='ocrx_word' id='word_1_243' title='bbox 1572 3207 1737 3276; x_wconf 74' lang='grc' dir='ltr'>γεννᾷ</span> <span class='ocrx_word' id='word_1_244' title='bbox 1785 3210 1817 3278; x_wconf 90' lang='grc' dir='ltr'><strong>ή</strong></span> 
     </span>
    </p>
   </div>
   <div class='ocr_carea' id='block_1_36' title="bbox 229 3281 1820 3361">
    <p class='ocr_par' dir='ltr' id='par_1_36' title="bbox 229 3281 1820 3361">
     <span class='ocr_line' id='line_1_36' title="bbox 229 3281 1820 3361; baseline 0.011 -29"><span class='ocrx_word' id='word_1_245' title='bbox 229 3281 436 3352; x_wconf 79' lang='grc' dir='ltr'>καρδία</span> <span class='ocrx_word' id='word_1_246' title='bbox 469 3282 565 3335; x_wconf 75' lang='grc' dir='ltr'>τοῦ</span> <span class='ocrx_word' id='word_1_247' title='bbox 597 3284 907 3354; x_wconf 85' lang='grc' dir='ltr'>ἀνθρώπου,</span> <span class='ocrx_word' id='word_1_248' title='bbox 947 3289 1042 3339; x_wconf 79' lang='grc' dir='ltr'><strong>κα).</strong></span> <span class='ocrx_word' id='word_1_249' title='bbox 1073 3289 1201 3358; x_wconf 83' lang='grc' dir='ltr'>περὶ</span> <span class='ocrx_word' id='word_1_250' title='bbox 1223 3289 1332 3344; x_wconf 85' lang='grc' dir='ltr'><strong>τῶν</strong></span> <span class='ocrx_word' id='word_1_251' title='bbox 1359 3293 1604 3361; x_wconf 84' lang='grc' dir='ltr'>ματαίων</span> <span class='ocrx_word' id='word_1_252' title='bbox 1631 3295 1820 3349; x_wconf 79' lang='grc' dir='ltr'>ἐπιθυ-</span> 
     </span>
    </p>
   </div>
   <div class='ocr_carea' id='block_1_37' title="bbox 229 3375 1821 3457">
    <p class='ocr_par' dir='ltr' id='par_1_37' title="bbox 229 3375 1821 3457">
     <span class='ocr_line' id='line_1_37' title="bbox 229 3375 1821 3457; baseline 0.011 -32"><span class='ocrx_word' id='word_1_253' title='bbox 229 3375 392 3442; x_wconf 81' lang='grc' dir='ltr'>μιῶν.</span> <span class='ocrx_word' id='word_1_254' title='bbox 440 3377 552 3428; x_wconf 77' lang='grc' dir='ltr'>Καὶ</span> <span class='ocrx_word' id='word_1_255' title='bbox 583 3376 730 3445; x_wconf 86' lang='grc' dir='ltr'>λέγει</span> <span class='ocrx_word' id='word_1_256' title='bbox 763 3379 911 3450; x_wconf 84' lang='grc' dir='ltr'>αὐτῴ</span> <span class='ocrx_word' id='word_1_257' title='bbox 949 3381 976 3432; x_wconf 91' lang='lat'><strong>6</strong></span> <span class='ocrx_word' id='word_1_258' title='bbox 1010 3379 1184 3445; x_wconf 75' lang='grc' dir='ltr'><strong>ἁῦὅᾶς</strong></span> <span class='ocrx_word' id='word_1_259' title='bbox 1225 3385 1438 3457; x_wconf 85' lang='grc' dir='ltr'>Ποιμήν</span> <span class='ocrx_word' id='word_1_260' title='bbox 1459 3403 1472 3415; x_wconf 87' lang='grc'>·</span> <span class='ocrx_word' id='word_1_261' title='bbox 1505 3386 1602 3455; x_wconf 80' lang='grc' dir='ltr'><strong>Μὴ</strong></span> <span class='ocrx_word' id='word_1_262' title='bbox 1645 3388 1821 3454; x_wconf 79' lang='grc' dir='ltr'>δοξα-</span> 
     </span>
    </p>
   </div>
   <div class='ocr_carea' id='block_1_38' title="bbox 227 3465 1819 3549">
    <p class='ocr_par' dir='ltr' id='par_1_38' title="bbox 227 3465 1819 3549">
     <span class='ocr_line' id='line_1_38' title="bbox 227 3465 1819 3549; baseline 0.011 -32"><span class='ocrx_word' id='word_1_263' title='bbox 227 3465 530 3534; x_wconf 80' lang='grc' dir='ltr'>σθήσεται</span> <span class='ocrx_word' id='word_1_264' title='bbox 573 3469 752 3538; x_wconf 80' lang='grc' dir='ltr'>ἀξίνη</span> <span class='ocrx_word' id='word_1_265' title='bbox 790 3469 936 3524; x_wconf 76' lang='grc' dir='ltr'><strong>ἄνευ</strong></span> <span class='ocrx_word' id='word_1_266' title='bbox 995 3473 1101 3526; x_wconf 86' lang='grc' dir='ltr'><strong>τοῦ</strong></span> <span class='ocrx_word' id='word_1_267' title='bbox 1149 3474 1477 3542; x_wconf 77' lang='grc' dir='ltr'>κόπτοντος</span> <span class='ocrx_word' id='word_1_268' title='bbox 1518 3479 1588 3532; x_wconf 82' lang='grc' dir='ltr'><strong>ἐν</strong></span> <span class='ocrx_word' id='word_1_269' title='bbox 1630 3480 1819 3549; x_wconf 63' lang='lat' dir='ltr'><strong>ain-ﬁ;</strong></span> 
     </span>
    </p>
   </div>
   <div class='ocr_carea' id='block_1_39' title="bbox 227 3557 1819 3644">
    <p class='ocr_par' dir='ltr' id='par_1_39' title="bbox 227 3557 1819 3644">
     <span class='ocr_line' id='line_1_39' title="bbox 227 3557 1819 3644; baseline 0.012 -37"><span class='ocrx_word' id='word_1_270' title='bbox 227 3557 324 3608; x_wconf 74' lang='grc' dir='ltr'>καὶ</span> <span class='ocrx_word' id='word_1_271' title='bbox 392 3559 497 3624; x_wconf 84' lang='grc' dir='ltr'><strong>σὺ,</strong></span> <span class='ocrx_word' id='word_1_272' title='bbox 579 3558 658 3630; x_wconf 84' lang='grc' dir='ltr'><strong>μὴ</strong></span> <span class='ocrx_word' id='word_1_273' title='bbox 707 3559 899 3624; x_wconf 83' lang='grc' dir='ltr'>δώσεις</span> <span class='ocrx_word' id='word_1_274' title='bbox 966 3563 1150 3626; x_wconf 78' lang='grc' dir='ltr'>αὐτοῖς</span> <span class='ocrx_word' id='word_1_275' title='bbox 1216 3569 1373 3637; x_wconf 84' lang='grc' dir='ltr'>χεῖρα</span> <span class='ocrx_word' id='word_1_276' title='bbox 1425 3569 1506 3633; x_wconf 78' lang='grc'><strong>⁵³,</strong></span> <span class='ocrx_word' id='word_1_277' title='bbox 1563 3571 1656 3624; x_wconf 83' lang='grc' dir='ltr'><strong>καὶ</strong></span> <span class='ocrx_word' id='word_1_278' title='bbox 1720 3574 1819 3644; x_wconf 82' lang='grc' dir='ltr'>ἁρ-</span> 
     </span>
    </p>
   </div>
   <div class='ocr_carea' id='block_1_40' title="bbox 227 3647 444 3714">
    <p class='ocr_par' dir='ltr' id='par_1_40' title="bbox 227 3647 444 3714">
     <span class='ocr_line' id='line_1_40' title="bbox 227 3647 444 3714; baseline 0.014 -15"><span class='ocrx_word' id='word_1_279' title='bbox 227 3647 444 3714; x_wconf 79' lang='grc' dir='ltr'>τοῦσιν.</span> 
     </span>
    </p>
   </div>
   <div class='ocr_carea' id='block_1_41' title="bbox 297 3735 1816 3825">
    <p class='ocr_par' dir='ltr' id='par_1_41' title="bbox 297 3735 1816 3825">
     <span class='ocr_line' id='line_1_41' title="bbox 297 3735 1816 3825; baseline 0.013 -34"><span class='ocrx_word' id='word_1_280' title='bbox 297 3747 398 3804; x_wconf 72' lang='grc' dir='ltr'>ις’.</span> <span class='ocrx_word' id='word_1_281' title='bbox 447 3735 584 3794; x_wconf 74' lang='grc' dir='ltr'>Εἷπε</span> <span class='ocrx_word' id='word_1_282' title='bbox 621 3742 780 3799; x_wconf 84' lang='grc' dir='ltr'>πάλιν</span> <span class='ocrx_word' id='word_1_283' title='bbox 826 3744 854 3796; x_wconf 80' lang='lat'><strong>6</strong></span> <span class='ocrx_word' id='word_1_284' title='bbox 899 3745 1076 3810; x_wconf 80' lang='grc' dir='ltr'><strong>ἁὸϐἅς</strong></span> <span class='ocrx_word' id='word_1_285' title='bbox 1109 3751 1316 3822; x_wconf 87' lang='grc' dir='ltr'>Ποιμήν</span> <span class='ocrx_word' id='word_1_286' title='bbox 1340 3765 1353 3779; x_wconf 91' lang='grc'><strong>·</strong></span> <span class='ocrx_word' id='word_1_287' title='bbox 1385 3753 1446 3806; x_wconf 83' lang='grc' dir='ltr'>Εἰ</span> <span class='ocrx_word' id='word_1_288' title='bbox 1485 3753 1557 3825; x_wconf 84' lang='grc' dir='ltr'><strong>μὴ</strong></span> <span class='ocrx_word' id='word_1_289' title='bbox 1604 3756 1816 3810; x_wconf 78' lang='grc' dir='ltr'>Ναϐου-</span> 
     </span>
    </p>
   </div>
   <div class='ocr_carea' id='block_1_42' title="bbox 226 3831 1814 3919">
    <p class='ocr_par' dir='ltr' id='par_1_42' title="bbox 226 3831 1814 3919">
     <span class='ocr_line' id='line_1_42' title="bbox 226 3831 1814 3919; baseline 0.012 -37"><span class='ocrx_word' id='word_1_290' title='bbox 226 3831 433 3903; x_wconf 72' lang='grc' dir='ltr'>ζαρδὰν</span> <span class='ocrx_word' id='word_1_291' title='bbox 465 3834 494 3884; x_wconf 93' lang='lat'><strong>6</strong></span> <span class='ocrx_word' id='word_1_292' title='bbox 525 3834 920 3909; x_wconf 86' lang='grc' dir='ltr'>ἁρχιμὰγειρος</span> <span class='ocrx_word' id='word_1_293' title='bbox 960 3834 1144 3910; x_wconf 82' lang='grc' dir='ltr'>ἦλθεν,</span> <span class='ocrx_word' id='word_1_294' title='bbox 1192 3843 1292 3896; x_wconf 75' lang='grc' dir='ltr'>οὐκ</span> <span class='ocrx_word' id='word_1_295' title='bbox 1330 3843 1396 3896; x_wconf 81' lang='grc' dir='ltr'><strong>ἂν</strong></span> <span class='ocrx_word' id='word_1_296' title='bbox 1437 3845 1745 3919; x_wconf 82' lang='grc' dir='ltr'>ἐνεπρήσθη</span> <span class='ocrx_word' id='word_1_297' title='bbox 1786 3850 1814 3901; x_wconf 91' lang='lat'><strong>6</strong></span> 
     </span>
    </p>
   </div>
   <div class='ocr_carea' id='block_1_43' title="bbox 226 3923 1812 4005">
    <p class='ocr_par' dir='ltr' id='par_1_43' title="bbox 226 3923 1812 4005">
     <span class='ocr_line' id='line_1_43' title="bbox 226 3923 1812 4005; baseline 0.011 -32"><span class='ocrx_word' id='word_1_298' title='bbox 226 3923 350 3986; x_wconf 83' lang='grc' dir='ltr'>ναὸς</span> <span class='ocrx_word' id='word_1_299' title='bbox 385 3923 622 3994; x_wconf 81' lang='grc' dir='ltr'>Κυρίου.</span> <span class='ocrx_word' id='word_1_300' title='bbox 667 3925 836 3980; x_wconf 82' lang='grc' dir='ltr'>Τοῦτο</span> <span class='ocrx_word' id='word_1_301' title='bbox 878 3927 936 3980; x_wconf 83' lang='grc' dir='ltr'><strong>δέ</strong></span> <span class='ocrx_word' id='word_1_302' title='bbox 975 3931 1156 3983; x_wconf 80' lang='grc' dir='ltr'>ἐστιν·</span> <span class='ocrx_word' id='word_1_303' title='bbox 1205 3932 1268 3984; x_wconf 83' lang='lat' dir='ltr'><strong>El</strong></span> <span class='ocrx_word' id='word_1_304' title='bbox 1309 3932 1382 4004; x_wconf 81' lang='grc' dir='ltr'>μὴ</span> <span class='ocrx_word' id='word_1_305' title='bbox 1431 3936 1462 4005; x_wconf 85' lang='grc' dir='ltr'>ἡ</span> <span class='ocrx_word' id='word_1_306' title='bbox 1503 3937 1812 4002; x_wconf 75' lang='grc' dir='ltr'>ἀνάπαυσις</span> 
     </span>
    </p>
   </div>
   <div class='ocr_carea' id='block_1_44' title="bbox 223 4007 1811 4093">
    <p class='ocr_par' dir='ltr' id='par_1_44' title="bbox 223 4007 1811 4093">
     <span class='ocr_line' id='line_1_44' title="bbox 223 4007 1811 4093; baseline 0.013 -31"><span class='ocrx_word' id='word_1_307' title='bbox 223 4007 356 4081; x_wconf 75' lang='grc' dir='ltr'>ἦλθε</span> <span class='ocrx_word' id='word_1_308' title='bbox 407 4017 855 4087; x_wconf 80' lang='grc' dir='ltr'>γαστριμαργίας</span> <span class='ocrx_word' id='word_1_309' title='bbox 901 4019 982 4082; x_wconf 84' lang='grc' dir='ltr'><strong>είς</strong></span> <span class='ocrx_word' id='word_1_310' title='bbox 1027 4019 1126 4091; x_wconf 84' lang='grc' dir='ltr'>τὴν</span> <span class='ocrx_word' id='word_1_311' title='bbox 1154 4021 1350 4093; x_wconf 77' lang='grc' dir='ltr'>ψυχὴν.</span> <span class='ocrx_word' id='word_1_312' title='bbox 1397 4025 1497 4077; x_wconf 78' lang='grc' dir='ltr'><strong>οὑκ</strong></span> <span class='ocrx_word' id='word_1_313' title='bbox 1541 4026 1608 4080; x_wconf 82' lang='grc' dir='ltr'>ἂν</span> <span class='ocrx_word' id='word_1_314' title='bbox 1635 4029 1662 4080; x_wconf 89' lang='grc' dir='ltr'>ὁ</span> <span class='ocrx_word' id='word_1_315' title='bbox 1689 4027 1811 4092; x_wconf 81' lang='grc' dir='ltr'>νοῦς</span> 
     </span>
    </p>
   </div>
   <div class='ocr_carea' id='block_1_45' title="bbox 225 4105 1395 4186">
    <p class='ocr_par' dir='ltr' id='par_1_45' title="bbox 225 4105 1395 4186">
     <span class='ocr_line' id='line_1_45' title="bbox 225 4105 1395 4186; baseline 0.011 -30"><span class='ocrx_word' id='word_1_316' title='bbox 225 4105 564 4160; x_wconf 81' lang='grc' dir='ltr'>κατέπιπτεν</span> <span class='ocrx_word' id='word_1_317' title='bbox 597 4109 656 4161; x_wconf 77' lang='grc' dir='ltr'>ἐν</span> <span class='ocrx_word' id='word_1_318' title='bbox 689 4109 767 4179; x_wconf 83' lang='grc' dir='ltr'>τῷ</span> <span class='ocrx_word' id='word_1_319' title='bbox 801 4111 1022 4182; x_wconf 82' lang='grc' dir='ltr'>πολέμῳ</span> <span class='ocrx_word' id='word_1_320' title='bbox 1056 4114 1150 4166; x_wconf 80' lang='grc' dir='ltr'>τοῦ</span> <span class='ocrx_word' id='word_1_321' title='bbox 1179 4115 1395 4186; x_wconf 83' lang='grc' dir='ltr'>ἐχθροῦ.</span> 
     </span>
    </p>
   </div>
   <div class='ocr_carea' id='block_1_46' title="bbox 291 4289 1806 4387">
    <p class='ocr_par' dir='ltr' id='par_1_46' title="bbox 291 4289 1806 4387">
     <span class='ocr_line' id='line_1_46' title="bbox 291 4289 1806 4387; baseline 0.013 -31"><span class='ocrx_word' id='word_1_322' title='bbox 291 4303 380 4368; x_wconf 78' lang='grc' dir='ltr'><strong>ιζ’.</strong></span> <span class='ocrx_word' id='word_1_323' title='bbox 417 4305 644 4375; x_wconf 82' lang='grc' dir='ltr'>Ἔλεγον</span> <span class='ocrx_word' id='word_1_324' title='bbox 677 4309 806 4381; x_wconf 82' lang='grc' dir='ltr'><strong>περὶ</strong></span> <span class='ocrx_word' id='word_1_325' title='bbox 845 4311 938 4365; x_wconf 79' lang='grc' dir='ltr'>τοῦ</span> <span class='ocrx_word' id='word_1_326' title='bbox 1001 4311 1146 4368; x_wconf 78' lang='grc' dir='ltr'><strong>ἁόϐἄ</strong></span> <span class='ocrx_word' id='word_1_327' title='bbox 1178 4289 1459 4387; x_wconf 65' lang='grc' dir='ltr'>Ποιμένος,</span> <span class='ocrx_word' id='word_1_328' title='bbox 1493 4319 1574 4372; x_wconf 82' lang='grc' dir='ltr'><strong>ὅτι</strong></span> <span class='ocrx_word' id='word_1_329' title='bbox 1606 4322 1806 4375; x_wconf 86' lang='grc' dir='ltr'>καλού-</span> 
     </span>
    </p>
   </div>
   <div class='ocr_carea' id='block_1_47' title="bbox 223 4399 1808 4485">
    <p class='ocr_par' dir='ltr' id='par_1_47' title="bbox 223 4399 1808 4485">
     <span class='ocr_line' id='line_1_47' title="bbox 223 4399 1808 4485; baseline 0.013 -39"><span class='ocrx_word' id='word_1_330' title='bbox 223 4411 384 4462; x_wconf 83' lang='grc' dir='ltr'>μενος</span> <span class='ocrx_word' id='word_1_331' title='bbox 411 4400 492 4460; x_wconf 86' lang='grc' dir='ltr'>εἰς</span> <span class='ocrx_word' id='word_1_332' title='bbox 527 4399 587 4451; x_wconf 85' lang='grc' dir='ltr'>τὸ</span> <span class='ocrx_word' id='word_1_333' title='bbox 615 4405 810 4468; x_wconf 84' lang='grc' dir='ltr'>φαγεῖν</span> <span class='ocrx_word' id='word_1_334' title='bbox 840 4404 990 4474; x_wconf 85' lang='grc' dir='ltr'>παρὰ</span> <span class='ocrx_word' id='word_1_335' title='bbox 1012 4405 1074 4457; x_wconf 85' lang='grc' dir='ltr'>τὸ</span> <span class='ocrx_word' id='word_1_336' title='bbox 1099 4406 1310 4478; x_wconf 75' lang='grc' dir='ltr'>θέλημα</span> <span class='ocrx_word' id='word_1_337' title='bbox 1339 4409 1527 4474; x_wconf 83' lang='grc' dir='ltr'>αὑτοῦ,</span> <span class='ocrx_word' id='word_1_338' title='bbox 1568 4412 1679 4484; x_wconf 81' lang='grc' dir='ltr'>ἀπή</span> <span class='ocrx_word' id='word_1_339' title='bbox 1692 4429 1808 4485; x_wconf 81' lang='grc' dir='ltr'>ρχε-</span> 
     </span>
    </p>
   </div>
   <div class='ocr_carea' id='block_1_48' title="bbox 1958 527 3530 612">
    <p class='ocr_par' dir='ltr' id='par_1_48' title="bbox 1958 527 3530 612">
     <span class='ocr_line' id='line_1_48' title="bbox 1958 527 3530 612; baseline 0.017 -32"><span class='ocrx_word' id='word_1_340' title='bbox 1958 535 2064 582; x_wconf 92' lang='lat' dir='ltr'><strong>est.</strong></span> <span class='ocrx_word' id='word_1_341' title='bbox 2098 527 2348 585; x_wconf 80' lang='lat' dir='ltr'><strong>Accessit</strong></span> <span class='ocrx_word' id='word_1_342' title='bbox 2378 547 2507 603; x_wconf 85' lang='lat' dir='ltr'><strong>ergo</strong></span> <span class='ocrx_word' id='word_1_343' title='bbox 2563 535 2630 588; x_wconf 89' lang='lat' dir='ltr'><strong>ad</strong></span> <span class='ocrx_word' id='word_1_344' title='bbox 2685 537 2934 594; x_wconf 88' lang='lat' dir='ltr'><strong>abbatem</strong></span> <span class='ocrx_word' id='word_1_345' title='bbox 2991 541 3324 612; x_wconf 70' lang='lat' dir='ltr'><strong>Pmmenem,</strong></span> <span class='ocrx_word' id='word_1_346' title='bbox 3383 553 3530 607; x_wconf 80' lang='lat' dir='ltr'><strong>velut</strong></span> 
     </span>
    </p>
   </div>
   <div class='ocr_carea' id='block_1_49' title="bbox 1956 625 3532 701">
    <p class='ocr_par' dir='ltr' id='par_1_49' title="bbox 1956 625 3532 701">
     <span class='ocr_line' id='line_1_49' title="bbox 1956 625 3532 701; baseline 0.015 -25"><span class='ocrx_word' id='word_1_347' title='bbox 1956 625 2382 694; x_wconf 69' lang='lat' dir='ltr'><strong>cogitationibus</strong></span> <span class='ocrx_word' id='word_1_348' title='bbox 2421 629 2630 696; x_wconf 91' lang='lat' dir='ltr'><strong>ebrius,</strong></span> <span class='ocrx_word' id='word_1_349' title='bbox 2659 642 2884 701; x_wconf 88' lang='lat' dir='ltr'><strong>portans</strong></span> <span class='ocrx_word' id='word_1_350' title='bbox 2915 638 3076 691; x_wconf 89' lang='lat' dir='ltr'><strong>etiam</strong></span> <span class='ocrx_word' id='word_1_351' title='bbox 3119 655 3384 698; x_wconf 73' lang='lat' dir='ltr'><strong>.evnones</strong></span> <span class='ocrx_word' id='word_1_352' title='bbox 3428 643 3532 699; x_wconf 88' lang='lat' dir='ltr'><strong>fra-</strong></span> 
     </span>
    </p>
   </div>
   <div class='ocr_carea' id='block_1_50' title="bbox 1955 722 3528 790">
    <p class='ocr_par' dir='ltr' id='par_1_50' title="bbox 1955 722 3528 790">
     <span class='ocr_line' id='line_1_50' title="bbox 1955 722 3528 790; baseline 0.014 -22"><span class='ocrx_word' id='word_1_353' title='bbox 1955 723 2133 784; x_wconf 84' lang='lat' dir='ltr'><strong>trum;</strong></span> <span class='ocrx_word' id='word_1_354' title='bbox 2169 733 2393 788; x_wconf 90' lang='lat' dir='ltr'><strong>remque</strong></span> <span class='ocrx_word' id='word_1_355' title='bbox 2431 722 2546 776; x_wconf 89' lang='lat' dir='ltr'><strong>seni</strong></span> <span class='ocrx_word' id='word_1_356' title='bbox 2581 728 2888 780; x_wconf 85' lang='lat' dir='ltr'><strong>annuntiat.</strong></span> <span class='ocrx_word' id='word_1_357' title='bbox 2929 728 3019 782; x_wconf 89' lang='lat' dir='ltr'><strong>Ait</strong></span> <span class='ocrx_word' id='word_1_358' title='bbox 3057 731 3134 784; x_wconf 90' lang='lat' dir='ltr'><strong>illi</strong></span> <span class='ocrx_word' id='word_1_359' title='bbox 3165 747 3364 788; x_wconf 83' lang='lat' dir='ltr'><strong>senex:</strong></span> <span class='ocrx_word' id='word_1_360' title='bbox 3407 733 3528 790; x_wconf 85' lang='lat' dir='ltr'><strong>Non</strong></span> 
     </span>
    </p>
   </div>
   <div class='ocr_carea' id='block_1_51' title="bbox 1953 805 3531 881">
    <p class='ocr_par' dir='ltr' id='par_1_51' title="bbox 1953 805 3531 881">
     <span class='ocr_line' id='line_1_51' title="bbox 1953 805 3531 881; baseline 0.013 -23"><span class='ocrx_word' id='word_1_361' title='bbox 1953 805 2122 862; x_wconf 87' lang='lat' dir='ltr'><strong>habes</strong></span> <span class='ocrx_word' id='word_1_362' title='bbox 2147 816 2204 863; x_wconf 88' lang='lat' dir='ltr'><strong>tu</strong></span> <span class='ocrx_word' id='word_1_363' title='bbox 2224 811 2500 881; x_wconf 86' lang='lat' dir='ltr'><strong>quidpiam</strong></span> <span class='ocrx_word' id='word_1_364' title='bbox 2531 816 2727 871; x_wconf 81' lang='lat' dir='ltr'><strong>veteris</strong></span> <span class='ocrx_word' id='word_1_365' title='bbox 2759 817 3034 873; x_wconf 88' lang='lat' dir='ltr'><strong>hominis?</strong></span> <span class='ocrx_word' id='word_1_366' title='bbox 3065 823 3348 878; x_wconf 52' lang='lat' dir='ltr'><strong>.exuistine</strong></span> <span class='ocrx_word' id='word_1_367' title='bbox 3377 826 3531 878; x_wconf 86' lang='lat' dir='ltr'><strong>eum?</strong></span> 
     </span>
    </p>
   </div>
   <div class='ocr_carea' id='block_1_52' title="bbox 1951 895 3528 979">
    <p class='ocr_par' dir='ltr' id='par_1_52' title="bbox 1951 895 3528 979">
     <span class='ocr_line' id='line_1_52' title="bbox 1951 895 3528 979; baseline 0.013 -29"><span class='ocrx_word' id='word_1_368' title='bbox 1951 895 2252 968; x_wconf 81' lang='lat' dir='ltr'><strong>Respondit</strong></span> <span class='ocrx_word' id='word_1_369' title='bbox 2282 905 2598 975; x_wconf 82' lang='lat' dir='ltr'><strong>presbyter:</strong></span> <span class='ocrx_word' id='word_1_370' title='bbox 2639 905 2922 979; x_wconf 86' lang='lat' dir='ltr'><strong>Particeps</strong></span> <span class='ocrx_word' id='word_1_371' title='bbox 2953 913 3132 966; x_wconf 87' lang='lat' dir='ltr'><strong>adhuc</strong></span> <span class='ocrx_word' id='word_1_372' title='bbox 3165 929 3286 968; x_wconf 89' lang='lat' dir='ltr'><strong>sum</strong></span> <span class='ocrx_word' id='word_1_373' title='bbox 3323 917 3528 971; x_wconf 83' lang='lat' dir='ltr'><strong>veteris</strong></span> 
     </span>
    </p>
   </div>
   <div class='ocr_carea' id='block_1_53' title="bbox 1949 989 3524 1073">
    <p class='ocr_par' dir='ltr' id='par_1_53' title="bbox 1949 989 3524 1073">
     <span class='ocr_line' id='line_1_53' title="bbox 1949 989 3524 1073; baseline 0.013 -33"><span class='ocrx_word' id='word_1_374' title='bbox 1949 990 2208 1046; x_wconf 79' lang='lat' dir='ltr'><strong>hominis.</strong></span> <span class='ocrx_word' id='word_1_375' title='bbox 2267 989 2440 1049; x_wconf 83' lang='lat' dir='ltr'><strong>Senex</strong></span> <span class='ocrx_word' id='word_1_376' title='bbox 2481 999 2762 1066; x_wconf 86' lang='lat' dir='ltr'><strong>reposuit:</strong></span> <span class='ocrx_word' id='word_1_377' title='bbox 2817 999 2960 1056; x_wconf 88' lang='lat' dir='ltr'><strong>Ecce</strong></span> <span class='ocrx_word' id='word_1_378' title='bbox 3004 1003 3190 1073; x_wconf 80' lang='lat' dir='ltr'><strong>igitur,</strong></span> <span class='ocrx_word' id='word_1_379' title='bbox 3226 1008 3388 1060; x_wconf 86' lang='lat' dir='ltr'><strong>etiam</strong></span> <span class='ocrx_word' id='word_1_380' title='bbox 3441 1015 3524 1072; x_wconf 87' lang='lat' dir='ltr'><strong>tn,</strong></span> 
     </span>
    </p>
   </div>
   <div class='ocr_carea' id='block_1_54' title="bbox 1949 1080 3556 1163">
    <p class='ocr_par' dir='ltr' id='par_1_54' title="bbox 1949 1080 3556 1163">
     <span class='ocr_line' id='line_1_54' title="bbox 1949 1080 3556 1163; baseline 0.012 -28"><span class='ocrx_word' id='word_1_381' title='bbox 1949 1080 2092 1136; x_wconf 86' lang='lat' dir='ltr'><strong>sicut</strong></span> <span class='ocrx_word' id='word_1_382' title='bbox 2118 1082 2338 1140; x_wconf 83' lang='lat' dir='ltr'><strong>fratres.</strong></span> <span class='ocrx_word' id='word_1_383' title='bbox 2374 1085 2488 1143; x_wconf 87' lang='lat' dir='ltr'><strong>Etsi</strong></span> <span class='ocrx_word' id='word_1_384' title='bbox 2515 1091 2660 1144; x_wconf 88' lang='lat' dir='ltr'><strong>enim</strong></span> <span class='ocrx_word' id='word_1_385' title='bbox 2703 1107 2894 1161; x_wconf 87' lang='lat' dir='ltr'><strong>parum</strong></span> <span class='ocrx_word' id='word_1_386' title='bbox 2941 1097 3179 1152; x_wconf 87' lang='lat' dir='ltr'><strong>retineas</strong></span> <span class='ocrx_word' id='word_1_387' title='bbox 3208 1081 3556 1163; x_wconf 24' lang='lat' dir='ltr'><strong>vetustatis;</strong></span> 
     </span>
    </p>
   </div>
   <div class='ocr_carea' id='block_1_55' title="bbox 1947 1180 3522 1261">
    <p class='ocr_par' dir='ltr' id='par_1_55' title="bbox 1947 1180 3522 1261">
     <span class='ocr_line' id='line_1_55' title="bbox 1947 1180 3522 1261; baseline 0.011 -34"><span class='ocrx_word' id='word_1_388' title='bbox 1947 1181 2182 1230; x_wconf 82' lang='lat' dir='ltr'><strong>attamen</strong></span> <span class='ocrx_word' id='word_1_389' title='bbox 2215 1187 2443 1248; x_wconf 85' lang='lat' dir='ltr'><strong>peccato</strong></span> <span class='ocrx_word' id='word_1_390' title='bbox 2483 1180 2758 1249; x_wconf 86' lang='lat' dir='ltr'><strong>subjaces.</strong></span> <span class='ocrx_word' id='word_1_391' title='bbox 2791 1184 2943 1240; x_wconf 91' lang='lat' dir='ltr'><strong>Tunc</strong></span> <span class='ocrx_word' id='word_1_392' title='bbox 3004 1189 3194 1244; x_wconf 85' lang='lat' dir='ltr'><strong>abiens</strong></span> <span class='ocrx_word' id='word_1_393' title='bbox 3241 1193 3522 1261; x_wconf 85' lang='lat' dir='ltr'><strong>presbyter</strong></span> 
     </span>
    </p>
   </div>
   <div class='ocr_carea' id='block_1_56' title="bbox 1945 1269 3518 1352">
    <p class='ocr_par' dir='ltr' id='par_1_56' title="bbox 1945 1269 3518 1352">
     <span class='ocr_line' id='line_1_56' title="bbox 1945 1269 3518 1352; baseline 0.011 -33"><span class='ocrx_word' id='word_1_394' title='bbox 1945 1269 2160 1321; x_wconf 84' lang='lat' dir='ltr'><strong>vocavit</strong></span> <span class='ocrx_word' id='word_1_395' title='bbox 2211 1269 2432 1334; x_wconf 82' lang='lat' dir='ltr'><strong>fratres,</strong></span> <span class='ocrx_word' id='word_1_396' title='bbox 2483 1273 2552 1326; x_wconf 91' lang='lat' dir='ltr'><strong>ab</strong></span> <span class='ocrx_word' id='word_1_397' title='bbox 2585 1274 2718 1343; x_wconf 88' lang='lat' dir='ltr'><strong>ipsis</strong></span> <span class='ocrx_word' id='word_1_398' title='bbox 2761 1277 3012 1333; x_wconf 81' lang='lat' dir='ltr'><strong>undecim</strong></span> <span class='ocrx_word' id='word_1_399' title='bbox 3045 1281 3258 1335; x_wconf 84' lang='lat' dir='ltr'><strong>veniam</strong></span> <span class='ocrx_word' id='word_1_400' title='bbox 3293 1283 3518 1352; x_wconf 82' lang='lat' dir='ltr'><strong>supplex</strong></span> 
     </span>
    </p>
   </div>
   <div class='ocr_carea' id='block_1_57' title="bbox 1944 1359 3514 1438">
    <p class='ocr_par' dir='ltr' id='par_1_57' title="bbox 1944 1359 3514 1438">
     <span class='ocr_line' id='line_1_57' title="bbox 1944 1359 3514 1438; baseline 0.01 -25"><span class='ocrx_word' id='word_1_401' title='bbox 1944 1359 2117 1428; x_wconf 87' lang='lat' dir='ltr'><strong>petiit,</strong></span> <span class='ocrx_word' id='word_1_402' title='bbox 2157 1361 2336 1417; x_wconf 85' lang='lat' dir='ltr'><strong>induit</strong></span> <span class='ocrx_word' id='word_1_403' title='bbox 2364 1379 2460 1421; x_wconf 91' lang='lat' dir='ltr'><strong>eos</strong></span> <span class='ocrx_word' id='word_1_404' title='bbox 2512 1365 2702 1422; x_wconf 88' lang='lat' dir='ltr'><strong>habitu</strong></span> <span class='ocrx_word' id='word_1_405' title='bbox 2735 1371 3012 1438; x_wconf 85' lang='lat' dir='ltr'><strong>monachi,</strong></span> <span class='ocrx_word' id='word_1_406' title='bbox 3047 1388 3260 1428; x_wconf 90' lang='lat' dir='ltr'><strong>necnon</strong></span> <span class='ocrx_word' id='word_1_407' title='bbox 3287 1376 3514 1430; x_wconf 86' lang='lat' dir='ltr'><strong>dimisit.</strong></span> 
     </span>
    </p>
   </div>
   <div class='ocr_carea' id='block_1_58' title="bbox 2010 1625 3517 1705">
    <p class='ocr_par' dir='ltr' id='par_1_58' title="bbox 2010 1625 3517 1705">
     <span class='ocr_line' id='line_1_58' title="bbox 2010 1625 3517 1705; baseline 0.01 -26"><span class='ocrx_word' id='word_1_408' title='bbox 2010 1625 2100 1680; x_wconf 77' lang='lat'><strong>12.</strong></span> <span class='ocrx_word' id='word_1_409' title='bbox 2138 1627 2249 1698; x_wconf 78' lang='grc'>(83)</span> <span class='ocrx_word' id='word_1_410' title='bbox 2284 1626 2477 1685; x_wconf 81' lang='lat' dir='ltr'><strong>Frater</strong></span> <span class='ocrx_word' id='word_1_411' title='bbox 2511 1633 2592 1686; x_wconf 90' lang='lat' dir='ltr'><strong>sic</strong></span> <span class='ocrx_word' id='word_1_412' title='bbox 2632 1635 2988 1705; x_wconf 81' lang='lat' dir='ltr'><strong>interrogavit</strong></span> <span class='ocrx_word' id='word_1_413' title='bbox 3028 1635 3272 1692; x_wconf 85' lang='lat' dir='ltr'><strong>abbatem</strong></span> <span class='ocrx_word' id='word_1_414' title='bbox 3306 1637 3517 1694; x_wconf 78' lang='lat' dir='ltr'><strong>Pteme-</strong></span> 
     </span>
    </p>
   </div>
   <div class='ocr_carea' id='block_1_59' title="bbox 1939 1717 3517 1798">
    <p class='ocr_par' dir='ltr' id='par_1_59' title="bbox 1939 1717 3517 1798">
     <span class='ocr_line' id='line_1_59' title="bbox 1939 1717 3517 1798; baseline 0.01 -28"><span class='ocrx_word' id='word_1_415' title='bbox 1939 1731 2095 1772; x_wconf 89' lang='lat' dir='ltr'><strong>nem:</strong></span> <span class='ocrx_word' id='word_1_416' title='bbox 2123 1717 2381 1776; x_wconf 88' lang='lat' dir='ltr'><strong>Commisi</strong></span> <span class='ocrx_word' id='word_1_417' title='bbox 2418 1724 2621 1793; x_wconf 83' lang='lat' dir='ltr'><strong>grande</strong></span> <span class='ocrx_word' id='word_1_418' title='bbox 2649 1735 2950 1794; x_wconf 88' lang='lat' dir='ltr'><strong>peccatum,</strong></span> <span class='ocrx_word' id='word_1_419' title='bbox 2999 1735 3053 1782; x_wconf 91' lang='lat' dir='ltr'><strong>et</strong></span> <span class='ocrx_word' id='word_1_420' title='bbox 3087 1729 3210 1782; x_wconf 85' lang='lat' dir='ltr'><strong>volo</strong></span> <span class='ocrx_word' id='word_1_421' title='bbox 3237 1745 3331 1798; x_wconf 88' lang='lat' dir='ltr'><strong>per</strong></span> <span class='ocrx_word' id='word_1_422' title='bbox 3352 1731 3517 1785; x_wconf 89' lang='lat' dir='ltr'><strong>trien-</strong></span> 
     </span>
    </p>
   </div>
   <div class='ocr_carea' id='block_1_60' title="bbox 1938 1803 3514 1882">
    <p class='ocr_par' dir='ltr' id='par_1_60' title="bbox 1938 1803 3514 1882">
     <span class='ocr_line' id='line_1_60' title="bbox 1938 1803 3514 1882; baseline 0.01 -22"><span class='ocrx_word' id='word_1_423' title='bbox 1938 1803 2091 1862; x_wconf 89' lang='lat' dir='ltr'><strong>nium</strong></span> <span class='ocrx_word' id='word_1_424' title='bbox 2126 1825 2284 1880; x_wconf 87' lang='lat' dir='ltr'><strong>agere</strong></span> <span class='ocrx_word' id='word_1_425' title='bbox 2311 1814 2706 1882; x_wconf 66' lang='lat' dir='ltr'><strong>paenitentiam.</strong></span> <span class='ocrx_word' id='word_1_426' title='bbox 2753 1815 2890 1872; x_wconf 81' lang='lat' dir='ltr'><strong>Dicit</strong></span> <span class='ocrx_word' id='word_1_427' title='bbox 2923 1819 2972 1874; x_wconf 92' lang='lat' dir='ltr'><strong>ei</strong></span> <span class='ocrx_word' id='word_1_428' title='bbox 3029 1836 3194 1876; x_wconf 86' lang='lat' dir='ltr'><strong>senex</strong></span> <span class='ocrx_word' id='word_1_429' title='bbox 3224 1841 3236 1875; x_wconf 91' lang='lat'><strong>:</strong></span> <span class='ocrx_word' id='word_1_430' title='bbox 3287 1821 3514 1876; x_wconf 84' lang='lat' dir='ltr'><strong>Multum</strong></span> 
     </span>
    </p>
   </div>
   <div class='ocr_carea' id='block_1_61' title="bbox 1940 1903 3514 1984">
    <p class='ocr_par' dir='ltr' id='par_1_61' title="bbox 1940 1903 3514 1984">
     <span class='ocr_line' id='line_1_61' title="bbox 1940 1903 3514 1984; baseline 0.009 -30"><span class='ocrx_word' id='word_1_431' title='bbox 1940 1903 2199 1971; x_wconf 89' lang='lat' dir='ltr'><strong>temporis</strong></span> <span class='ocrx_word' id='word_1_432' title='bbox 2233 1912 2337 1959; x_wconf 91' lang='lat' dir='ltr'><strong>est.</strong></span> <span class='ocrx_word' id='word_1_433' title='bbox 2365 1907 2454 1959; x_wconf 83' lang='lat' dir='ltr'><strong>Ait</strong></span> <span class='ocrx_word' id='word_1_434' title='bbox 2485 1907 2685 1963; x_wconf 81' lang='lat' dir='ltr'><strong>frater:</strong></span> <span class='ocrx_word' id='word_1_435' title='bbox 2713 1909 2818 1962; x_wconf 83' lang='lat' dir='ltr'><strong>Sed</strong></span> <span class='ocrx_word' id='word_1_436' title='bbox 2850 1911 2918 1965; x_wconf 88' lang='lat' dir='ltr'><strong>ad</strong></span> <span class='ocrx_word' id='word_1_437' title='bbox 2942 1927 3144 1966; x_wconf 88' lang='lat' dir='ltr'><strong>annum</strong></span> <span class='ocrx_word' id='word_1_438' title='bbox 3177 1913 3384 1984; x_wconf 88' lang='lat' dir='ltr'><strong>usque?</strong></span> <span class='ocrx_word' id='word_1_439' title='bbox 3407 1914 3514 1968; x_wconf 89' lang='lat' dir='ltr'><strong>lte-</strong></span> 
     </span>
    </p>
   </div>
   <div class='ocr_carea' id='block_1_62' title="bbox 1937 1997 3516 2068">
    <p class='ocr_par' dir='ltr' id='par_1_62' title="bbox 1937 1997 3516 2068">
     <span class='ocr_line' id='line_1_62' title="bbox 1937 1997 3516 2068; baseline 0.009 -22"><span class='ocrx_word' id='word_1_440' title='bbox 1937 2009 2059 2048; x_wconf 88' lang='lat' dir='ltr'><strong>rntu</strong></span> <span class='ocrx_word' id='word_1_441' title='bbox 2089 2011 2292 2052; x_wconf 77' lang='lat' dir='ltr'><strong>senex:</strong></span> <span class='ocrx_word' id='word_1_442' title='bbox 2329 1997 2556 2054; x_wconf 82' lang='lat' dir='ltr'><strong>Multum</strong></span> <span class='ocrx_word' id='word_1_443' title='bbox 2591 2009 2694 2056; x_wconf 88' lang='lat' dir='ltr'><strong>est.</strong></span> <span class='ocrx_word' id='word_1_444' title='bbox 2723 2001 2825 2066; x_wconf 80' lang='lat' dir='ltr'><strong>Qui</strong></span> <span class='ocrx_word' id='word_1_445' title='bbox 2874 2013 3052 2058; x_wconf 89' lang='lat' dir='ltr'><strong>autem</strong></span> <span class='ocrx_word' id='word_1_446' title='bbox 3087 2006 3336 2068; x_wconf 87' lang='lat' dir='ltr'><strong>aderant,</strong></span> <span class='ocrx_word' id='word_1_447' title='bbox 3367 2007 3516 2060; x_wconf 77' lang='lat' dir='ltr'><strong>dixe-</strong></span> 
     </span>
    </p>
   </div>
   <div class='ocr_carea' id='block_1_63' title="bbox 1935 2089 3508 2162">
    <p class='ocr_par' dir='ltr' id='par_1_63' title="bbox 1935 2089 3508 2162">
     <span class='ocr_line' id='line_1_63' title="bbox 1935 2089 3508 2162; baseline 0.008 -22"><span class='ocrx_word' id='word_1_448' title='bbox 1935 2097 2092 2142; x_wconf 87' lang='lat' dir='ltr'><strong>runt:</strong></span> <span class='ocrx_word' id='word_1_449' title='bbox 2157 2089 2338 2160; x_wconf 89' lang='lat' dir='ltr'><strong>Usque</strong></span> <span class='ocrx_word' id='word_1_450' title='bbox 2391 2093 2456 2146; x_wconf 89' lang='lat' dir='ltr'><strong>ad</strong></span> <span class='ocrx_word' id='word_1_451' title='bbox 2517 2093 2880 2162; x_wconf 87' lang='lat' dir='ltr'><strong>quadraginta</strong></span> <span class='ocrx_word' id='word_1_452' title='bbox 2943 2095 3102 2150; x_wconf 87' lang='lat' dir='ltr'><strong>dies?</strong></span> <span class='ocrx_word' id='word_1_453' title='bbox 3153 2097 3348 2152; x_wconf 87' lang='lat' dir='ltr'><strong>lterum</strong></span> <span class='ocrx_word' id='word_1_454' title='bbox 3401 2099 3508 2153; x_wconf 88' lang='lat' dir='ltr'><strong>ait:</strong></span> 
     </span>
    </p>
   </div>
   <div class='ocr_carea' id='block_1_64' title="bbox 1935 2180 3509 2260">
    <p class='ocr_par' dir='ltr' id='par_1_64' title="bbox 1935 2180 3509 2260">
     <span class='ocr_line' id='line_1_64' title="bbox 1935 2180 3509 2260; baseline 0.007 -26"><span class='ocrx_word' id='word_1_455' title='bbox 1935 2180 2164 2237; x_wconf 86' lang='lat' dir='ltr'><strong>Multum</strong></span> <span class='ocrx_word' id='word_1_456' title='bbox 2195 2195 2301 2239; x_wconf 87' lang='lat' dir='ltr'><strong>est.</strong></span> <span class='ocrx_word' id='word_1_457' title='bbox 2348 2185 2703 2256; x_wconf 86' lang='lat' dir='ltr'><strong>Addiditque:</strong></span> <span class='ocrx_word' id='word_1_458' title='bbox 2735 2187 2962 2242; x_wconf 84' lang='lat' dir='ltr'><strong>Afﬁrmo</strong></span> <span class='ocrx_word' id='word_1_459' title='bbox 2993 2205 3113 2258; x_wconf 87' lang='lat' dir='ltr'><strong>ego,</strong></span> <span class='ocrx_word' id='word_1_460' title='bbox 3155 2191 3298 2260; x_wconf 89' lang='lat' dir='ltr'><strong>quod</strong></span> <span class='ocrx_word' id='word_1_461' title='bbox 3329 2192 3374 2245; x_wconf 90' lang='lat' dir='ltr'><strong>si</strong></span> <span class='ocrx_word' id='word_1_462' title='bbox 3407 2191 3509 2245; x_wconf 85' lang='lat' dir='ltr'><strong>ho-</strong></span> 
     </span>
    </p>
   </div>
   <div class='ocr_carea' id='block_1_65' title="bbox 1934 2273 3508 2352">
    <p class='ocr_par' dir='ltr' id='par_1_65' title="bbox 1934 2273 3508 2352">
     <span class='ocr_line' id='line_1_65' title="bbox 1934 2273 3508 2352; baseline 0.008 -27"><span class='ocrx_word' id='word_1_463' title='bbox 1934 2273 2132 2328; x_wconf 86' lang='lat' dir='ltr'><strong>minem</strong></span> <span class='ocrx_word' id='word_1_464' title='bbox 2160 2291 2228 2329; x_wconf 74' lang='lat' dir='ltr'><strong>ex</strong></span> <span class='ocrx_word' id='word_1_465' title='bbox 2255 2283 2368 2330; x_wconf 88' lang='lat' dir='ltr'><strong>toto</strong></span> <span class='ocrx_word' id='word_1_466' title='bbox 2413 2276 2578 2348; x_wconf 85' lang='lat' dir='ltr'><strong>corde</strong></span> <span class='ocrx_word' id='word_1_467' title='bbox 2635 2277 2970 2346; x_wconf 66' lang='lat' dir='ltr'><strong>pinnituerit,</strong></span> <span class='ocrx_word' id='word_1_468' title='bbox 3021 2295 3123 2334; x_wconf 88' lang='lat' dir='ltr'><strong>nec</strong></span> <span class='ocrx_word' id='word_1_469' title='bbox 3177 2282 3223 2336; x_wconf 93' lang='lat' dir='ltr'><strong>is</strong></span> <span class='ocrx_word' id='word_1_470' title='bbox 3275 2281 3508 2352; x_wconf 87' lang='lat' dir='ltr'><strong>amplius</strong></span> 
     </span>
    </p>
   </div>
   <div class='ocr_carea' id='block_1_66' title="bbox 1932 2368 3508 2439">
    <p class='ocr_par' dir='ltr' id='par_1_66' title="bbox 1932 2368 3508 2439">
     <span class='ocr_line' id='line_1_66' title="bbox 1932 2368 3508 2439; baseline 0.007 -20"><span class='ocrx_word' id='word_1_471' title='bbox 1932 2368 2259 2435; x_wconf 86' lang='lat' dir='ltr'><strong>peccaverit,</strong></span> <span class='ocrx_word' id='word_1_472' title='bbox 2288 2369 2448 2423; x_wconf 89' lang='lat' dir='ltr'><strong>etiam</strong></span> <span class='ocrx_word' id='word_1_473' title='bbox 2477 2369 2532 2422; x_wconf 90' lang='lat' dir='ltr'><strong>in</strong></span> <span class='ocrx_word' id='word_1_474' title='bbox 2555 2370 2728 2424; x_wconf 88' lang='lat' dir='ltr'><strong>tribus</strong></span> <span class='ocrx_word' id='word_1_475' title='bbox 2756 2371 3092 2439; x_wconf 69' lang='lat' dir='ltr'><strong>paenitentire</strong></span> <span class='ocrx_word' id='word_1_476' title='bbox 3125 2372 3319 2428; x_wconf 86' lang='lat' dir='ltr'><strong>diebus</strong></span> <span class='ocrx_word' id='word_1_477' title='bbox 3363 2373 3508 2430; x_wconf 89' lang='lat' dir='ltr'><strong>Deus</strong></span> 
     </span>
    </p>
   </div>
   <div class='ocr_carea' id='block_1_67' title="bbox 1932 2457 3041 2530">
    <p class='ocr_par' dir='ltr' id='par_1_67' title="bbox 1932 2457 3041 2530">
     <span class='ocr_line' id='line_1_67' title="bbox 1932 2457 3041 2530; baseline 0.013 -20"><span class='ocrx_word' id='word_1_478' title='bbox 1932 2457 2083 2512; x_wconf 90' lang='lat' dir='ltr'><strong>illum</strong></span> <span class='ocrx_word' id='word_1_479' title='bbox 2114 2461 2398 2530; x_wconf 88' lang='lat' dir='ltr'><strong>suscipiet.</strong></span> <span class='ocrx_word' id='word_1_480' title='bbox 3034 2477 3041 2484; x_wconf 87' lang='lat'>&#39;</span> 
     </span>
    </p>
   </div>
   <div class='ocr_carea' id='block_1_68' title="bbox 2002 2551 3509 2626">
    <p class='ocr_par' dir='ltr' id='par_1_68' title="bbox 2002 2551 3509 2626">
     <span class='ocr_line' id='line_1_68' title="bbox 2002 2551 3509 2626; baseline 0.007 -22"><span class='ocrx_word' id='word_1_481' title='bbox 2002 2551 2087 2604; x_wconf 80' lang='lat'><strong>15.</strong></span> <span class='ocrx_word' id='word_1_482' title='bbox 2129 2551 2240 2620; x_wconf 69' lang='grc'>(84)</span> <span class='ocrx_word' id='word_1_483' title='bbox 2275 2551 2416 2606; x_wconf 81' lang='lat' dir='ltr'><strong>Dixit</strong></span> <span class='ocrx_word' id='word_1_484' title='bbox 2461 2553 2640 2610; x_wconf 87' lang='lat' dir='ltr'><strong>adhuc</strong></span> <span class='ocrx_word' id='word_1_485' title='bbox 2679 2573 2694 2610; x_wconf 89' lang='lat'><strong>:</strong></span> <span class='ocrx_word' id='word_1_486' title='bbox 2728 2555 2954 2626; x_wconf 83' lang='lat' dir='ltr'><strong>Signum</strong></span> <span class='ocrx_word' id='word_1_487' title='bbox 3001 2557 3253 2613; x_wconf 87' lang='lat' dir='ltr'><strong>monachi</strong></span> <span class='ocrx_word' id='word_1_488' title='bbox 3301 2559 3356 2612; x_wconf 91' lang='lat' dir='ltr'><strong>in</strong></span> <span class='ocrx_word' id='word_1_489' title='bbox 3393 2565 3509 2614; x_wconf 82' lang='lat' dir='ltr'><strong>ten-</strong></span> 
     </span>
    </p>
   </div>
   <div class='ocr_carea' id='block_1_69' title="bbox 1929 2643 2509 2714">
    <p class='ocr_par' dir='ltr' id='par_1_69' title="bbox 1929 2643 2509 2714">
     <span class='ocr_line' id='line_1_69' title="bbox 1929 2643 2509 2714; baseline 0.002 -16"><span class='ocrx_word' id='word_1_490' title='bbox 1929 2643 2228 2698; x_wconf 88' lang='lat' dir='ltr'><strong>tationibus</strong></span> <span class='ocrx_word' id='word_1_491' title='bbox 2265 2652 2509 2714; x_wconf 87' lang='lat' dir='ltr'><strong>apparet.</strong></span> 
     </span>
    </p>
   </div>
   <div class='ocr_carea' id='block_1_70' title="bbox 1999 2736 3504 2813">
    <p class='ocr_par' dir='ltr' id='par_1_70' title="bbox 1999 2736 3504 2813">
     <span class='ocr_line' id='line_1_70' title="bbox 1999 2736 3504 2813; baseline 0.006 -23"><span class='ocrx_word' id='word_1_492' title='bbox 1999 2737 2086 2791; x_wconf 75' lang='grc' dir='ltr'>Η.</span> <span class='ocrx_word' id='word_1_493' title='bbox 2130 2736 2240 2807; x_wconf 85' lang='grc'>(85)</span> <span class='ocrx_word' id='word_1_494' title='bbox 2273 2738 2466 2791; x_wconf 89' lang='lat' dir='ltr'><strong>lterum</strong></span> <span class='ocrx_word' id='word_1_495' title='bbox 2505 2739 2642 2793; x_wconf 88' lang='lat' dir='ltr'><strong>dixit</strong></span> <span class='ocrx_word' id='word_1_496' title='bbox 2674 2759 2686 2792; x_wconf 94' lang='lat'>:</span> <span class='ocrx_word' id='word_1_497' title='bbox 2719 2739 2872 2794; x_wconf 90' lang='lat' dir='ltr'><strong>Sicut</strong></span> <span class='ocrx_word' id='word_1_498' title='bbox 2915 2743 3224 2811; x_wconf 82' lang='lat' dir='ltr'><strong>spathartus</strong></span> <span class='ocrx_word' id='word_1_499' title='bbox 3273 2759 3504 2813; x_wconf 83' lang='lat' dir='ltr'><strong>nupera-</strong></span> 
     </span>
    </p>
   </div>
   <div class='ocr_carea' id='block_1_71' title="bbox 1925 2828 3496 2905">
    <p class='ocr_par' dir='ltr' id='par_1_71' title="bbox 1925 2828 3496 2905">
     <span class='ocr_line' id='line_1_71' title="bbox 1925 2828 3496 2905; baseline 0.007 -25"><span class='ocrx_word' id='word_1_500' title='bbox 1925 2828 2060 2883; x_wconf 90' lang='lat' dir='ltr'><strong>toris</strong></span> <span class='ocrx_word' id='word_1_501' title='bbox 2099 2830 2304 2884; x_wconf 79' lang='lat' dir='ltr'><strong>assistit</strong></span> <span class='ocrx_word' id='word_1_502' title='bbox 2343 2831 2414 2893; x_wconf 86' lang='lat' dir='ltr'><strong>ei,</strong></span> <span class='ocrx_word' id='word_1_503' title='bbox 2453 2839 2674 2900; x_wconf 84' lang='lat' dir='ltr'><strong>paratus</strong></span> <span class='ocrx_word' id='word_1_504' title='bbox 2727 2849 2982 2903; x_wconf 79' lang='lat' dir='ltr'><strong>semper:</strong></span> <span class='ocrx_word' id='word_1_505' title='bbox 3017 2836 3088 2888; x_wconf 89' lang='lat' dir='ltr'><strong>ita</strong></span> <span class='ocrx_word' id='word_1_506' title='bbox 3121 2845 3336 2905; x_wconf 79' lang='lat' dir='ltr'><strong>oportet</strong></span> <span class='ocrx_word' id='word_1_507' title='bbox 3375 2838 3496 2890; x_wconf 89' lang='lat' dir='ltr'><strong>ani-</strong></span> 
     </span>
    </p>
   </div>
   <div class='ocr_carea' id='block_1_72' title="bbox 1925 2925 3506 2991">
    <p class='ocr_par' dir='ltr' id='par_1_72' title="bbox 1925 2925 3506 2991">
     <span class='ocr_line' id='line_1_72' title="bbox 1925 2925 3506 2991; baseline 0.008 -20"><span class='ocrx_word' id='word_1_508' title='bbox 1925 2935 2068 2972; x_wconf 89' lang='lat' dir='ltr'><strong>mam</strong></span> <span class='ocrx_word' id='word_1_509' title='bbox 2113 2930 2417 2991; x_wconf 84' lang='lat' dir='ltr'><strong>promptam</strong></span> <span class='ocrx_word' id='word_1_510' title='bbox 2457 2939 2579 2978; x_wconf 89' lang='lat' dir='ltr'><strong>esse</strong></span> <span class='ocrx_word' id='word_1_511' title='bbox 2620 2925 2884 2980; x_wconf 82' lang='lat' dir='ltr'><strong>adversus</strong></span> <span class='ocrx_word' id='word_1_512' title='bbox 2925 2925 3226 2982; x_wconf 72' lang='lat' dir='ltr'><strong>daemonem</strong></span> <span class='ocrx_word' id='word_1_513' title='bbox 3267 2929 3506 2984; x_wconf 85' lang='lat' dir='ltr'><strong>fornica-</strong></span> 
     </span>
    </p>
   </div>
   <div class='ocr_carea' id='block_1_73' title="bbox 1923 3011 2110 3066">
    <p class='ocr_par' dir='ltr' id='par_1_73' title="bbox 1923 3011 2110 3066">
     <span class='ocr_line' id='line_1_73' title="bbox 1923 3011 2110 3066; baseline 0.011 -4"><span class='ocrx_word' id='word_1_514' title='bbox 1923 3011 2110 3066; x_wconf 90' lang='lat' dir='ltr'><strong>tionis.</strong></span> 
     </span>
    </p>
   </div>
   <div class='ocr_carea' id='block_1_74' title="bbox 2001 3102 3502 3176">
    <p class='ocr_par' dir='ltr' id='par_1_74' title="bbox 2001 3102 3502 3176">
     <span class='ocr_line' id='line_1_74' title="bbox 2001 3102 3502 3176; baseline 0.009 -21"><span class='ocrx_word' id='word_1_515' title='bbox 2001 3102 2088 3156; x_wconf 80' lang='lat'><strong>15.</strong></span> <span class='ocrx_word' id='word_1_516' title='bbox 2131 3103 2242 3174; x_wconf 88' lang='lat'><strong>(86)</strong></span> <span class='ocrx_word' id='word_1_517' title='bbox 2275 3104 2630 3176; x_wconf 83' lang='lat' dir='ltr'><strong>Interrogavit</strong></span> <span class='ocrx_word' id='word_1_518' title='bbox 2675 3109 2846 3164; x_wconf 89' lang='lat' dir='ltr'><strong>abbas</strong></span> <span class='ocrx_word' id='word_1_519' title='bbox 2891 3111 3051 3166; x_wconf 86' lang='lat' dir='ltr'><strong>Anub</strong></span> <span class='ocrx_word' id='word_1_520' title='bbox 3095 3111 3346 3167; x_wconf 90' lang='lat' dir='ltr'><strong>abbatem</strong></span> <span class='ocrx_word' id='word_1_521' title='bbox 3379 3111 3502 3168; x_wconf 72' lang='lat' dir='ltr'><strong>Po:-</strong></span> 
     </span>
    </p>
   </div>
   <div class='ocr_carea' id='block_1_75' title="bbox 1927 3197 3504 3277">
    <p class='ocr_par' dir='ltr' id='par_1_75' title="bbox 1927 3197 3504 3277">
     <span class='ocr_line' id='line_1_75' title="bbox 1927 3197 3504 3277; baseline 0.008 -31"><span class='ocrx_word' id='word_1_522' title='bbox 1927 3209 2159 3256; x_wconf 87' lang='lat' dir='ltr'><strong>mcnem,</strong></span> <span class='ocrx_word' id='word_1_523' title='bbox 2188 3197 2255 3251; x_wconf 89' lang='lat' dir='ltr'><strong>de</strong></span> <span class='ocrx_word' id='word_1_524' title='bbox 2298 3197 2528 3268; x_wconf 87' lang='lat' dir='ltr'><strong>impuris</strong></span> <span class='ocrx_word' id='word_1_525' title='bbox 2555 3203 2983 3269; x_wconf 86' lang='lat' dir='ltr'><strong>cogitationibus</strong></span> <span class='ocrx_word' id='word_1_526' title='bbox 3013 3221 3152 3273; x_wconf 86' lang='lat' dir='ltr'><strong>quas</strong></span> <span class='ocrx_word' id='word_1_527' title='bbox 3185 3207 3360 3277; x_wconf 83' lang='lat' dir='ltr'><strong>gignit</strong></span> <span class='ocrx_word' id='word_1_528' title='bbox 3404 3220 3504 3258; x_wconf 89' lang='lat' dir='ltr'><strong>cor</strong></span> 
     </span>
    </p>
   </div>
   <div class='ocr_carea' id='block_1_76' title="bbox 1925 3285 3500 3361">
    <p class='ocr_par' dir='ltr' id='par_1_76' title="bbox 1925 3285 3500 3361">
     <span class='ocr_line' id='line_1_76' title="bbox 1925 3285 3500 3361; baseline 0.011 -24"><span class='ocrx_word' id='word_1_529' title='bbox 1925 3285 2182 3352; x_wconf 89' lang='lat' dir='ltr'><strong>hominis,</strong></span> <span class='ocrx_word' id='word_1_530' title='bbox 2219 3297 2274 3342; x_wconf 92' lang='lat' dir='ltr'><strong>et</strong></span> <span class='ocrx_word' id='word_1_531' title='bbox 2301 3289 2366 3342; x_wconf 88' lang='lat' dir='ltr'><strong>de</strong></span> <span class='ocrx_word' id='word_1_532' title='bbox 2411 3290 2564 3344; x_wconf 76' lang='lat' dir='ltr'><strong>vanis</strong></span> <span class='ocrx_word' id='word_1_533' title='bbox 2614 3293 3027 3361; x_wconf 84' lang='lat' dir='ltr'><strong>cupiditatibus.</strong></span> <span class='ocrx_word' id='word_1_534' title='bbox 3067 3295 3206 3350; x_wconf 89' lang='lat' dir='ltr'><strong>Dicit</strong></span> <span class='ocrx_word' id='word_1_535' title='bbox 3250 3298 3300 3352; x_wconf 91' lang='lat' dir='ltr'><strong>ei</strong></span> <span class='ocrx_word' id='word_1_536' title='bbox 3329 3297 3500 3354; x_wconf 88' lang='lat' dir='ltr'><strong>abbas</strong></span> 
     </span>
    </p>
   </div>
   <div class='ocr_carea' id='block_1_77' title="bbox 1921 3375 3500 3460">
    <p class='ocr_par' dir='ltr' id='par_1_77' title="bbox 1921 3375 3500 3460">
     <span class='ocr_line' id='line_1_77' title="bbox 1921 3375 3500 3460; baseline 0.009 -31"><span class='ocrx_word' id='word_1_537' title='bbox 1921 3375 2142 3432; x_wconf 77' lang='lat' dir='ltr'><strong>Punnen</strong></span> <span class='ocrx_word' id='word_1_538' title='bbox 2175 3398 2188 3432; x_wconf 90' lang='lat'>:</span> <span class='ocrx_word' id='word_1_539' title='bbox 2223 3378 2476 3450; x_wconf 83' lang='lat' dir='ltr'><strong>Nunquid</strong></span> <span class='ocrx_word' id='word_1_540' title='bbox 2524 3383 2844 3452; x_wconf 83' lang='lat' dir='ltr'><strong>gloriabitur</strong></span> <span class='ocrx_word' id='word_1_541' title='bbox 2899 3389 3095 3441; x_wconf 75' lang='lat' dir='ltr'><strong>securis</strong></span> <span class='ocrx_word' id='word_1_542' title='bbox 3148 3389 3260 3443; x_wconf 79' lang='lat' dir='ltr'><strong>sine</strong></span> <span class='ocrx_word' id='word_1_543' title='bbox 3313 3405 3372 3444; x_wconf 87' lang='lat' dir='ltr'><strong>eo</strong></span> <span class='ocrx_word' id='word_1_544' title='bbox 3409 3391 3500 3460; x_wconf 80' lang='lat' dir='ltr'><strong>qui</strong></span> 
     </span>
    </p>
   </div>
   <div class='ocr_carea' id='block_1_78' title="bbox 1921 3467 3496 3550">
    <p class='ocr_par' dir='ltr' id='par_1_78' title="bbox 1921 3467 3496 3550">
     <span class='ocr_line' id='line_1_78' title="bbox 1921 3467 3496 3550; baseline 0.011 -30"><span class='ocrx_word' id='word_1_545' title='bbox 1921 3467 2074 3520; x_wconf 76' lang='lat' dir='ltr'><strong>cwdit</strong></span> <span class='ocrx_word' id='word_1_546' title='bbox 2103 3470 2154 3521; x_wconf 84' lang='lat' dir='ltr'><strong>in</strong></span> <span class='ocrx_word' id='word_1_547' title='bbox 2179 3471 2292 3537; x_wconf 81' lang='lat' dir='ltr'><strong>ipsa</strong></span> <span class='ocrx_word' id='word_1_548' title='bbox 2313 3472 2359 3502; x_wconf 73' lang='grc'><strong>⁵³</strong></span> <span class='ocrx_word' id='word_1_549' title='bbox 2382 3472 2403 3526; x_wconf 85' lang='lat'><strong>?</strong></span> <span class='ocrx_word' id='word_1_550' title='bbox 2427 3471 2506 3528; x_wconf 92' lang='lat' dir='ltr'><strong>Tu</strong></span> <span class='ocrx_word' id='word_1_551' title='bbox 2537 3489 2754 3546; x_wconf 88' lang='lat' dir='ltr'><strong>quoque</strong></span> <span class='ocrx_word' id='word_1_552' title='bbox 2781 3491 2850 3532; x_wconf 86' lang='lat' dir='ltr'><strong>ue</strong></span> <span class='ocrx_word' id='word_1_553' title='bbox 2872 3479 3121 3549; x_wconf 86' lang='lat' dir='ltr'><strong>porrigas</strong></span> <span class='ocrx_word' id='word_1_554' title='bbox 3143 3480 3224 3536; x_wconf 91' lang='lat' dir='ltr'><strong>eis</strong></span> <span class='ocrx_word' id='word_1_555' title='bbox 3252 3497 3496 3550; x_wconf 89' lang='lat' dir='ltr'><strong>manum,</strong></span> 
     </span>
    </p>
   </div>
   <div class='ocr_carea' id='block_1_79' title="bbox 1921 3561 2404 3620">
    <p class='ocr_par' dir='ltr' id='par_1_79' title="bbox 1921 3561 2404 3620">
     <span class='ocr_line' id='line_1_79' title="bbox 1921 3561 2404 3620; baseline 0.01 -6"><span class='ocrx_word' id='word_1_556' title='bbox 1921 3569 1974 3614; x_wconf 86' lang='lat' dir='ltr'><strong>et</strong></span> <span class='ocrx_word' id='word_1_557' title='bbox 2000 3561 2192 3616; x_wconf 72' lang='lat' dir='ltr'><strong>otiosae</strong></span> <span class='ocrx_word' id='word_1_558' title='bbox 2214 3572 2404 3620; x_wconf 89' lang='lat' dir='ltr'><strong>erunt.</strong></span> 
     </span>
    </p>
   </div>
   <div class='ocr_carea' id='block_1_80' title="bbox 1991 3739 3492 3811">
    <p class='ocr_par' dir='ltr' id='par_1_80' title="bbox 1991 3739 3492 3811">
     <span class='ocr_line' id='line_1_80' title="bbox 1991 3739 3492 3811; baseline 0.01 -19"><span class='ocrx_word' id='word_1_559' title='bbox 1991 3739 2079 3794; x_wconf 87' lang='lat'><strong>16.</strong></span> <span class='ocrx_word' id='word_1_560' title='bbox 2123 3739 2236 3811; x_wconf 79' lang='lat'><strong>(87)</strong></span> <span class='ocrx_word' id='word_1_561' title='bbox 2273 3740 2412 3796; x_wconf 73' lang='lat' dir='ltr'><strong>Dixit</strong></span> <span class='ocrx_word' id='word_1_562' title='bbox 2437 3742 2634 3799; x_wconf 88' lang='lat' dir='ltr'><strong>iterum</strong></span> <span class='ocrx_word' id='word_1_563' title='bbox 2667 3746 2834 3801; x_wconf 88' lang='lat' dir='ltr'><strong>abbas</strong></span> <span class='ocrx_word' id='word_1_564' title='bbox 2863 3745 3114 3806; x_wconf 87' lang='lat' dir='ltr'><strong>Pocmen:</strong></span> <span class='ocrx_word' id='word_1_565' title='bbox 3155 3749 3270 3806; x_wconf 76' lang='lat' dir='ltr'><strong>Nisi</strong></span> <span class='ocrx_word' id='word_1_566' title='bbox 3303 3748 3492 3806; x_wconf 85' lang='lat' dir='ltr'><strong>Nabu—</strong></span> 
     </span>
    </p>
   </div>
   <div class='ocr_carea' id='block_1_81' title="bbox 1917 3832 3490 3909">
    <p class='ocr_par' dir='ltr' id='par_1_81' title="bbox 1917 3832 3490 3909">
     <span class='ocr_line' id='line_1_81' title="bbox 1917 3832 3490 3909; baseline 0.01 -23"><span class='ocrx_word' id='word_1_567' title='bbox 1917 3832 2118 3888; x_wconf 88' lang='lat' dir='ltr'><strong>zardan</strong></span> <span class='ocrx_word' id='word_1_568' title='bbox 2149 3847 2450 3904; x_wconf 87' lang='lat' dir='ltr'><strong>coquorum</strong></span> <span class='ocrx_word' id='word_1_569' title='bbox 2500 3838 2755 3908; x_wconf 87' lang='lat' dir='ltr'><strong>princeps</strong></span> <span class='ocrx_word' id='word_1_570' title='bbox 2799 3841 3058 3909; x_wconf 86' lang='lat' dir='ltr'><strong>venisset,</strong></span> <span class='ocrx_word' id='word_1_571' title='bbox 3102 3859 3214 3899; x_wconf 88' lang='lat' dir='ltr'><strong>non</strong></span> <span class='ocrx_word' id='word_1_572' title='bbox 3257 3859 3490 3900; x_wconf 88' lang='lat' dir='ltr'><strong>concre—</strong></span> 
     </span>
    </p>
   </div>
   <div class='ocr_carea' id='block_1_82' title="bbox 1916 3925 3492 3998">
    <p class='ocr_par' dir='ltr' id='par_1_82' title="bbox 1916 3925 3492 3998">
     <span class='ocr_line' id='line_1_82' title="bbox 1916 3925 3492 3998; baseline 0.009 -22"><span class='ocrx_word' id='word_1_573' title='bbox 1916 3933 2122 3979; x_wconf 88' lang='lat' dir='ltr'><strong>matum</strong></span> <span class='ocrx_word' id='word_1_574' title='bbox 2169 3925 2363 3982; x_wconf 81' lang='lat' dir='ltr'><strong>fuisset</strong></span> <span class='ocrx_word' id='word_1_575' title='bbox 2398 3930 2656 3998; x_wconf 89' lang='lat' dir='ltr'><strong>templum</strong></span> <span class='ocrx_word' id='word_1_576' title='bbox 2688 3929 2902 3986; x_wconf 87' lang='lat' dir='ltr'><strong>Domini</strong></span> <span class='ocrx_word' id='word_1_577' title='bbox 2929 3934 2998 3988; x_wconf 81' lang='grc'><strong>⁶⁰.</strong></span> <span class='ocrx_word' id='word_1_578' title='bbox 3043 3933 3158 3988; x_wconf 87' lang='lat' dir='ltr'><strong>Hoc</strong></span> <span class='ocrx_word' id='word_1_579' title='bbox 3197 3944 3376 3991; x_wconf 89' lang='lat' dir='ltr'><strong>autem</strong></span> <span class='ocrx_word' id='word_1_580' title='bbox 3413 3937 3492 3992; x_wconf 91' lang='lat' dir='ltr'><strong>si-</strong></span> 
     </span>
    </p>
   </div>
   <div class='ocr_carea' id='block_1_83' title="bbox 1913 4015 3490 4085">
    <p class='ocr_par' dir='ltr' id='par_1_83' title="bbox 1913 4015 3490 4085">
     <span class='ocr_line' id='line_1_83' title="bbox 1913 4015 3490 4085; baseline 0.011 -20"><span class='ocrx_word' id='word_1_581' title='bbox 1913 4015 2155 4084; x_wconf 87' lang='lat' dir='ltr'><strong>gnilicat,</strong></span> <span class='ocrx_word' id='word_1_582' title='bbox 2199 4018 2344 4085; x_wconf 89' lang='lat' dir='ltr'><strong>quod</strong></span> <span class='ocrx_word' id='word_1_583' title='bbox 2385 4019 2491 4072; x_wconf 89' lang='lat' dir='ltr'><strong>nisi</strong></span> <span class='ocrx_word' id='word_1_584' title='bbox 2543 4022 2783 4076; x_wconf 85' lang='lat' dir='ltr'><strong>venisset</strong></span> <span class='ocrx_word' id='word_1_585' title='bbox 2827 4025 2882 4078; x_wconf 91' lang='lat' dir='ltr'><strong>in</strong></span> <span class='ocrx_word' id='word_1_586' title='bbox 2939 4025 3174 4078; x_wconf 87' lang='lat' dir='ltr'><strong>animam</strong></span> <span class='ocrx_word' id='word_1_587' title='bbox 3221 4029 3490 4082; x_wconf 89' lang='lat' dir='ltr'><strong>recreatio</strong></span> 
     </span>
    </p>
   </div>
   <div class='ocr_carea' id='block_1_84' title="bbox 1913 4107 3488 4175">
    <p class='ocr_par' dir='ltr' id='par_1_84' title="bbox 1913 4107 3488 4175">
     <span class='ocr_line' id='line_1_84' title="bbox 1913 4107 3488 4175; baseline 0.01 -18"><span class='ocrx_word' id='word_1_588' title='bbox 1913 4107 2086 4175; x_wconf 62' lang='lat' dir='ltr'><strong>gulae,</strong></span> <span class='ocrx_word' id='word_1_589' title='bbox 2138 4123 2290 4163; x_wconf 86' lang='lat' dir='ltr'><strong>mens</strong></span> <span class='ocrx_word' id='word_1_590' title='bbox 2348 4125 2460 4164; x_wconf 91' lang='lat' dir='ltr'><strong>non</strong></span> <span class='ocrx_word' id='word_1_591' title='bbox 2504 4114 2805 4170; x_wconf 88' lang='lat' dir='ltr'><strong>corruisset</strong></span> <span class='ocrx_word' id='word_1_592' title='bbox 2847 4117 2904 4170; x_wconf 90' lang='lat' dir='ltr'><strong>in</strong></span> <span class='ocrx_word' id='word_1_593' title='bbox 2951 4116 3094 4172; x_wconf 88' lang='lat' dir='ltr'><strong>bello</strong></span> <span class='ocrx_word' id='word_1_594' title='bbox 3140 4127 3333 4172; x_wconf 86' lang='lat' dir='ltr'><strong>contra</strong></span> <span class='ocrx_word' id='word_1_595' title='bbox 3381 4119 3488 4173; x_wconf 87' lang='lat' dir='ltr'><strong>ini-</strong></span> 
     </span>
    </p>
   </div>
   <div class='ocr_carea' id='block_1_85' title="bbox 1913 4209 2135 4252">
    <p class='ocr_par' dir='ltr' id='par_1_85' title="bbox 1913 4209 2135 4252">
     <span class='ocr_line' id='line_1_85' title="bbox 1913 4209 2135 4252; baseline 0.023 -5"><span class='ocrx_word' id='word_1_596' title='bbox 1913 4209 1963 4247; x_wconf 87' lang='lat' dir='ltr'><strong>m</strong></span> <span class='ocrx_word' id='word_1_597' title='bbox 1973 4211 2055 4250; x_wconf 85' lang='lat' dir='ltr'><strong>lCll</strong></span> <span class='ocrx_word' id='word_1_598' title='bbox 2065 4213 2113 4250; x_wconf 87' lang='grc'><strong>111</strong></span> <span class='ocrx_word' id='word_1_599' title='bbox 2123 4239 2135 4252; x_wconf 89' lang='lat'><strong>.</strong></span> 
     </span>
    </p>
   </div>
   <div class='ocr_carea' id='block_1_86' title="bbox 1983 4309 3488 4393">
    <p class='ocr_par' dir='ltr' id='par_1_86' title="bbox 1983 4309 3488 4393">
     <span class='ocr_line' id='line_1_86' title="bbox 1983 4309 3488 4393; baseline 0.012 -31"><span class='ocrx_word' id='word_1_600' title='bbox 1983 4309 2069 4362; x_wconf 83' lang='lat'><strong>17.</strong></span> <span class='ocrx_word' id='word_1_601' title='bbox 2110 4309 2220 4382; x_wconf 83' lang='lat'><strong>(88)</strong></span> <span class='ocrx_word' id='word_1_602' title='bbox 2249 4314 2479 4368; x_wconf 87' lang='lat' dir='ltr'><strong>Aiebant</strong></span> <span class='ocrx_word' id='word_1_603' title='bbox 2504 4317 2571 4371; x_wconf 88' lang='lat' dir='ltr'><strong>de</strong></span> <span class='ocrx_word' id='word_1_604' title='bbox 2600 4317 2794 4374; x_wconf 85' lang='lat' dir='ltr'><strong>abbate</strong></span> <span class='ocrx_word' id='word_1_605' title='bbox 2818 4319 3093 4388; x_wconf 71' lang='lat' dir='ltr'><strong>Poemene,</strong></span> <span class='ocrx_word' id='word_1_606' title='bbox 3118 4325 3262 4393; x_wconf 92' lang='lat' dir='ltr'><strong>quod</strong></span> <span class='ocrx_word' id='word_1_607' title='bbox 3297 4325 3488 4380; x_wconf 83' lang='lat' dir='ltr'><strong>invita-</strong></span> 
     </span>
    </p>
   </div>
   <div class='ocr_carea' id='block_1_87' title="bbox 1911 4402 3486 4490">
    <p class='ocr_par' dir='ltr' id='par_1_87' title="bbox 1911 4402 3486 4490">
     <span class='ocr_line' id='line_1_87' title="bbox 1911 4402 3486 4490; baseline 0.013 -36"><span class='ocrx_word' id='word_1_608' title='bbox 1911 4409 2000 4456; x_wconf 87' lang='lat' dir='ltr'><strong>tus</strong></span> <span class='ocrx_word' id='word_1_609' title='bbox 2026 4402 2090 4456; x_wconf 92' lang='lat' dir='ltr'><strong>ad</strong></span> <span class='ocrx_word' id='word_1_610' title='bbox 2123 4407 2518 4462; x_wconf 86' lang='lat' dir='ltr'><strong>comedendum</strong></span> <span class='ocrx_word' id='word_1_611' title='bbox 2548 4418 2740 4464; x_wconf 87' lang='lat' dir='ltr'><strong>contra</strong></span> <span class='ocrx_word' id='word_1_612' title='bbox 2781 4414 3112 4469; x_wconf 81' lang='lat' dir='ltr'><strong>voluntatem</strong></span> <span class='ocrx_word' id='word_1_613' title='bbox 3151 4434 3325 4484; x_wconf 86' lang='lat' dir='ltr'><strong>suam,</strong></span> <span class='ocrx_word' id='word_1_614' title='bbox 3362 4437 3486 4490; x_wconf 86' lang='lat' dir='ltr'><strong>pro-</strong></span> 
     </span>
    </p>
   </div>
   <div class='ocr_carea' id='block_1_88' title="bbox 219 4487 1828 4579">
    <p class='ocr_par' dir='ltr' id='par_1_88' title="bbox 219 4487 1802 4573">
     <span class='ocr_line' id='line_1_88' title="bbox 219 4487 1802 4573; baseline 0.015 -37"><span class='ocrx_word' id='word_1_615' title='bbox 219 4503 278 4536; x_wconf 80' lang='grc' dir='ltr'><strong>το</strong></span> <span class='ocrx_word' id='word_1_616' title='bbox 310 4487 588 4558; x_wconf 75' lang='grc' dir='ltr'>δακρύων,</span> <span class='ocrx_word' id='word_1_617' title='bbox 626 4492 714 4546; x_wconf 80' lang='grc' dir='ltr'><strong>ἵνα</strong></span> <span class='ocrx_word' id='word_1_618' title='bbox 762 4494 838 4564; x_wconf 84' lang='grc' dir='ltr'>μὴ</span> <span class='ocrx_word' id='word_1_619' title='bbox 875 4497 1198 4570; x_wconf 79' lang='grc' dir='ltr'>παρακούσῃ</span> <span class='ocrx_word' id='word_1_620' title='bbox 1231 4501 1322 4554; x_wconf 84' lang='grc' dir='ltr'>τὸν</span> <span class='ocrx_word' id='word_1_621' title='bbox 1357 4502 1584 4573; x_wconf 82' lang='grc' dir='ltr'>ἀδελφὸν</span> <span class='ocrx_word' id='word_1_622' title='bbox 1616 4507 1802 4572; x_wconf 81' lang='grc' dir='ltr'>αὑτοῦ,</span> 
     </span>
    </p>
   </div>
   <div class='ocr_carea' id='block_1_89' title="bbox 1945 4487 3484 4579">
    <p class='ocr_par' dir='ltr' id='par_1_89' title="bbox 1945 4495 3484 4579">
     <span class='ocr_line' id='line_1_89' title="bbox 1945 4495 3484 4579; baseline 0.014 -34"><span class='ocrx_word' id='word_1_623' title='bbox 1945 4495 2259 4552; x_wconf 82' lang='lat' dir='ltr'><strong>ciscebatur</strong></span> <span class='ocrx_word' id='word_1_624' title='bbox 2305 4514 2427 4553; x_wconf 91' lang='lat' dir='ltr'><strong>cum</strong></span> <span class='ocrx_word' id='word_1_625' title='bbox 2467 4501 2756 4573; x_wconf 86' lang='lat' dir='ltr'><strong>lacrymis,</strong></span> <span class='ocrx_word' id='word_1_626' title='bbox 2823 4522 2892 4560; x_wconf 87' lang='lat' dir='ltr'><strong>ne</strong></span> <span class='ocrx_word' id='word_1_627' title='bbox 2937 4508 3301 4579; x_wconf 87' lang='lat' dir='ltr'><strong>inobsequens</strong></span> <span class='ocrx_word' id='word_1_628' title='bbox 3341 4521 3484 4567; x_wconf 87' lang='lat' dir='ltr'><strong>esset</strong></span> 
     </span>
    </p>
   </div>
   <div class='ocr_carea' id='block_1_90' title="bbox 219 4581 788 4652">
    <p class='ocr_par' dir='ltr' id='par_1_90' title="bbox 219 4581 788 4652">
     <span class='ocr_line' id='line_1_90' title="bbox 219 4581 788 4652; baseline 0.019 -25"><span class='ocrx_word' id='word_1_629' title='bbox 219 4581 310 4630; x_wconf 78' lang='grc' dir='ltr'>καὶ</span> <span class='ocrx_word' id='word_1_630' title='bbox 345 4581 566 4652; x_wconf 82' lang='grc' dir='ltr'>λυπήσῃ</span> <span class='ocrx_word' id='word_1_631' title='bbox 603 4585 788 4638; x_wconf 78' lang='grc' dir='ltr'>αὐτόν.</span> 
     </span>
    </p>
   </div>
   <div class='ocr_carea' id='block_1_91' title="bbox 293 4693 1805 4782">
    <p class='ocr_par' dir='ltr' id='par_1_91' title="bbox 293 4693 1805 4782">
     <span class='ocr_line' id='line_1_91' title="bbox 293 4693 1805 4782; baseline 0.021 -37"><span class='ocrx_word' id='word_1_632' title='bbox 293 4700 382 4763; x_wconf 82' lang='grc' dir='ltr'>ιη’.</span> <span class='ocrx_word' id='word_1_633' title='bbox 416 4693 552 4749; x_wconf 80' lang='grc' dir='ltr'>Εἷπε</span> <span class='ocrx_word' id='word_1_634' title='bbox 603 4700 764 4753; x_wconf 82' lang='grc' dir='ltr'>πάλιν</span> <span class='ocrx_word' id='word_1_635' title='bbox 797 4704 824 4756; x_wconf 94' lang='lat'><strong>6</strong></span> <span class='ocrx_word' id='word_1_636' title='bbox 849 4703 1024 4768; x_wconf 63' lang='lat' dir='ltr'><strong>6656i;</strong></span> <span class='ocrx_word' id='word_1_637' title='bbox 1065 4706 1307 4776; x_wconf 83' lang='grc' dir='ltr'>Ποιμήν·</span> <span class='ocrx_word' id='word_1_638' title='bbox 1343 4708 1434 4781; x_wconf 83' lang='grc' dir='ltr'><strong>Μὴ</strong></span> <span class='ocrx_word' id='word_1_639' title='bbox 1468 4710 1696 4782; x_wconf 79' lang='grc' dir='ltr'>οἰκήσῃς</span> <span class='ocrx_word' id='word_1_640' title='bbox 1725 4714 1805 4776; x_wconf 74' lang='grc' dir='ltr'>εἰς</span> 
     </span>
    </p>
   </div>
   <div class='ocr_carea' id='block_1_92' title="bbox 217 4783 1802 4871">
    <p class='ocr_par' dir='ltr' id='par_1_92' title="bbox 217 4783 1802 4871">
     <span class='ocr_line' id='line_1_92' title="bbox 217 4783 1802 4871; baseline 0.015 -38"><span class='ocrx_word' id='word_1_641' title='bbox 217 4785 404 4852; x_wconf 70' lang='grc' dir='ltr'>τόπον,</span> <span class='ocrx_word' id='word_1_642' title='bbox 433 4783 498 4841; x_wconf 70' lang='grc' dir='ltr'>οὗ</span> <span class='ocrx_word' id='word_1_643' title='bbox 535 4789 750 4858; x_wconf 79' lang='grc' dir='ltr'>βλέπεις</span> <span class='ocrx_word' id='word_1_644' title='bbox 778 4795 930 4859; x_wconf 82' lang='grc' dir='ltr'>τινὰς</span> <span class='ocrx_word' id='word_1_645' title='bbox 961 4795 1185 4868; x_wconf 78' lang='grc' dir='ltr'>ἔχοντας</span> <span class='ocrx_word' id='word_1_646' title='bbox 1215 4798 1374 4871; x_wconf 83' lang='grc' dir='ltr'>ζῆλον</span> <span class='ocrx_word' id='word_1_647' title='bbox 1406 4801 1546 4854; x_wconf 88' lang='grc' dir='ltr'>κατὰ</span> <span class='ocrx_word' id='word_1_648' title='bbox 1586 4803 1680 4856; x_wconf 81' lang='grc' dir='ltr'>σοῦ</span> <span class='ocrx_word' id='word_1_649' title='bbox 1705 4819 1718 4832; x_wconf 84' lang='lat'>&#39;</span> <span class='ocrx_word' id='word_1_650' title='bbox 1753 4805 1802 4856; x_wconf 81' lang='grc' dir='ltr'>εὶ</span> 
     </span>
    </p>
   </div>
   <div class='ocr_carea' id='block_1_93' title="bbox 215 4873 936 4954">
    <p class='ocr_par' dir='ltr' id='par_1_93' title="bbox 215 4873 936 4954">
     <span class='ocr_line' id='line_1_93' title="bbox 215 4873 936 4954; baseline 0.021 -28"><span class='ocrx_word' id='word_1_651' title='bbox 215 4873 272 4926; x_wconf 76' lang='grc' dir='ltr'>δὲ</span> <span class='ocrx_word' id='word_1_652' title='bbox 301 4879 470 4948; x_wconf 78' lang='grc' dir='ltr'>μήγε,</span> <span class='ocrx_word' id='word_1_653' title='bbox 497 4881 558 4932; x_wconf 75' lang='grc' dir='ltr'><strong>οὐ</strong></span> <span class='ocrx_word' id='word_1_654' title='bbox 585 4886 936 4954; x_wconf 86' lang='grc' dir='ltr'>προκόπτεις.</span> 
     </span>
    </p>
   </div>
   <div class='ocr_carea' id='block_1_94' title="bbox 293 4989 1800 5074">
    <p class='ocr_par' dir='ltr' id='par_1_94' title="bbox 293 4989 1800 5074">
     <span class='ocr_line' id='line_1_94' title="bbox 293 4989 1800 5074; baseline 0.009 -31"><span class='ocrx_word' id='word_1_655' title='bbox 293 4989 378 5045; x_wconf 71' lang='lat' dir='ltr'><strong>t‘i’.</strong></span> <span class='ocrx_word' id='word_1_656' title='bbox 404 4993 749 5064; x_wconf 81' lang='grc' dir='ltr'>Διηγήσαντό</span> <span class='ocrx_word' id='word_1_657' title='bbox 779 5014 924 5061; x_wconf 88' lang='grc' dir='ltr'>τινες</span> <span class='ocrx_word' id='word_1_658' title='bbox 955 4995 1034 5068; x_wconf 84' lang='grc' dir='ltr'>τῷ</span> <span class='ocrx_word' id='word_1_659' title='bbox 1067 4999 1210 5070; x_wconf 75' lang='grc' dir='ltr'><strong>ἁϐϐᾷ</strong></span> <span class='ocrx_word' id='word_1_660' title='bbox 1242 5001 1464 5072; x_wconf 85' lang='grc' dir='ltr'>Ποιμένι</span> <span class='ocrx_word' id='word_1_661' title='bbox 1499 5004 1628 5074; x_wconf 87' lang='grc' dir='ltr'>περί</span> <span class='ocrx_word' id='word_1_662' title='bbox 1657 5021 1800 5068; x_wconf 87' lang='grc' dir='ltr'>τινος</span> 
     </span>
    </p>
   </div>
   <div class='ocr_carea' id='block_1_95' title="bbox 219 5083 1800 5162">
    <p class='ocr_par' dir='ltr' id='par_1_95' title="bbox 219 5083 1800 5162">
     <span class='ocr_line' id='line_1_95' title="bbox 219 5083 1800 5162; baseline 0.011 -29"><span class='ocrx_word' id='word_1_663' title='bbox 219 5084 482 5154; x_wconf 80' lang='grc' dir='ltr'>μοναχοῦ,</span> <span class='ocrx_word' id='word_1_664' title='bbox 514 5085 596 5137; x_wconf 86' lang='grc' dir='ltr'>ὅτι</span> <span class='ocrx_word' id='word_1_665' title='bbox 617 5087 677 5138; x_wconf 80' lang='grc' dir='ltr'><strong>οὐ</strong></span> <span class='ocrx_word' id='word_1_666' title='bbox 703 5088 847 5140; x_wconf 86' lang='grc' dir='ltr'>πίνει</span> <span class='ocrx_word' id='word_1_667' title='bbox 875 5083 1036 5144; x_wconf 75' lang='grc' dir='ltr'>οἶνον.</span> <span class='ocrx_word' id='word_1_668' title='bbox 1065 5093 1176 5144; x_wconf 73' lang='grc' dir='ltr'>Καὶ</span> <span class='ocrx_word' id='word_1_669' title='bbox 1201 5089 1354 5147; x_wconf 76' lang='grc' dir='ltr'>εἶπεν</span> <span class='ocrx_word' id='word_1_670' title='bbox 1370 5110 1384 5124; x_wconf 77' lang='grc' dir='ltr'><strong>ο</strong></span> <span class='ocrx_word' id='word_1_671' title='bbox 1424 5093 1482 5148; x_wconf 84' lang='lat'><strong>&#39;0</strong></span> <span class='ocrx_word' id='word_1_672' title='bbox 1505 5090 1646 5160; x_wconf 76' lang='grc' dir='ltr'>οἶνος</span> <span class='ocrx_word' id='word_1_673' title='bbox 1665 5095 1800 5162; x_wconf 83' lang='grc' dir='ltr'>ὅλως</span> 
     </span>
    </p>
   </div>
   <div class='ocr_carea' id='block_1_96' title="bbox 217 5176 900 5251">
    <p class='ocr_par' dir='ltr' id='par_1_96' title="bbox 217 5176 900 5251">
     <span class='ocr_line' id='line_1_96' title="bbox 217 5176 900 5251; baseline 0.013 -24"><span class='ocrx_word' id='word_1_674' title='bbox 217 5177 312 5229; x_wconf 75' lang='grc' dir='ltr'>οὐκ</span> <span class='ocrx_word' id='word_1_675' title='bbox 336 5176 456 5230; x_wconf 78' lang='grc' dir='ltr'>ἐστι</span> <span class='ocrx_word' id='word_1_676' title='bbox 490 5176 600 5230; x_wconf 86' lang='grc' dir='ltr'>τῶν</span> <span class='ocrx_word' id='word_1_677' title='bbox 632 5179 900 5251; x_wconf 87' lang='grc' dir='ltr'>μοναχῶν.</span> 
     </span>
    </p>
   </div>
   <div class='ocr_carea' id='block_1_97' title="bbox 281 5381 1986 5464">
    <p class='ocr_par' dir='ltr' id='par_1_97' title="bbox 281 5381 1986 5464">
     <span class='ocr_line' id='line_1_97' title="bbox 281 5381 1986 5464; baseline 0.009 -31"><span class='ocrx_word' id='word_1_678' title='bbox 281 5381 327 5412; x_wconf 82' lang='grc'><strong>⁸⁷</strong></span> <span class='ocrx_word' id='word_1_679' title='bbox 363 5382 450 5436; x_wconf 80' lang='grc' dir='ltr'><strong>ΑΙ.</strong></span> <span class='ocrx_word' id='word_1_680' title='bbox 511 5381 743 5451; x_wconf 75' lang='grc' dir='ltr'><strong>Παμϐὧ.</strong></span> <span class='ocrx_word' id='word_1_681' title='bbox 821 5385 868 5416; x_wconf 80' lang='grc'><strong>⁵⁸</strong></span> <span class='ocrx_word' id='word_1_682' title='bbox 896 5385 978 5439; x_wconf 81' lang='lat' dir='ltr'><strong>Al.</strong></span> <span class='ocrx_word' id='word_1_683' title='bbox 1014 5385 1232 5458; x_wconf 86' lang='grc' dir='ltr'>χώραν,</span> <span class='ocrx_word' id='word_1_684' title='bbox 1278 5389 1412 5462; x_wconf 81' lang='grc' dir='ltr'>μηδὲ</span> <span class='ocrx_word' id='word_1_685' title='bbox 1455 5389 1690 5464; x_wconf 74' lang='grc' dir='ltr'>ήδυνθῇς</span> <span class='ocrx_word' id='word_1_686' title='bbox 1713 5395 1769 5446; x_wconf 87' lang='grc' dir='ltr'><strong>ὲν</strong></span> <span class='ocrx_word' id='word_1_687' title='bbox 1801 5395 1986 5458; x_wconf 80' lang='grc' dir='ltr'>αὐτοῖς</span> 
     </span>
    </p>
   </div>
   <div class='ocr_carea' id='block_1_98' title="bbox 284 5557 953 5624">
    <p class='ocr_par' dir='ltr' id='par_1_98' title="bbox 284 5557 953 5624">
     <span class='ocr_line' id='line_1_98' title="bbox 284 5557 953 5624; baseline 0.013 -15"><span class='ocrx_word' id='word_1_688' title='bbox 284 5557 402 5624; x_wconf 79' lang='lat'><strong>(85)</strong></span> <span class='ocrx_word' id='word_1_689' title='bbox 435 5558 546 5613; x_wconf 79' lang='lat' dir='ltr'><strong>Vit.</strong></span> <span class='ocrx_word' id='word_1_690' title='bbox 587 5560 736 5614; x_wconf 82' lang='lat' dir='ltr'><strong>Patr.</strong></span> <span class='ocrx_word' id='word_1_691' title='bbox 767 5579 820 5624; x_wconf 69' lang='grc' dir='ltr'>κ,</span> <span class='ocrx_word' id='word_1_692' title='bbox 865 5563 953 5618; x_wconf 64' lang='lat' dir='ltr'><strong>to.</strong></span> 
     </span>
    </p>
   </div>
   <div class='ocr_carea' id='block_1_99' title="bbox 281 5629 1610 5698">
    <p class='ocr_par' dir='ltr' id='par_1_99' title="bbox 281 5629 1610 5698">
     <span class='ocr_line' id='line_1_99' title="bbox 281 5629 1610 5698; baseline 0.008 -15"><span class='ocrx_word' id='word_1_693' title='bbox 281 5629 396 5698; x_wconf 74' lang='grc'>(84)</span> <span class='ocrx_word' id='word_1_694' title='bbox 439 5629 547 5684; x_wconf 81' lang='lat' dir='ltr'><strong>Vit.</strong></span> <span class='ocrx_word' id='word_1_695' title='bbox 583 5629 736 5686; x_wconf 84' lang='lat' dir='ltr'><strong>Patr.</strong></span> <span class='ocrx_word' id='word_1_696' title='bbox 773 5635 988 5698; x_wconf 81' lang='lat' dir='ltr'><strong>vn,15;</strong></span> <span class='ocrx_word' id='word_1_697' title='bbox 1033 5637 1258 5690; x_wconf 82' lang='lat' dir='ltr'><strong>Doroth.</strong></span> <span class='ocrx_word' id='word_1_698' title='bbox 1299 5637 1485 5693; x_wconf 88' lang='lat' dir='ltr'><strong>Doctr.</strong></span> <span class='ocrx_word' id='word_1_699' title='bbox 1525 5639 1610 5693; x_wconf 83' lang='lat'><strong>1&#39;5.</strong></span> 
     </span>
    </p>
   </div>
   <div class='ocr_carea' id='block_1_100' title="bbox 307 5699 1768 5781">
    <p class='ocr_par' dir='ltr' id='par_1_100' title="bbox 307 5699 1768 5781">
     <span class='ocr_line' id='line_1_100' title="bbox 307 5699 1768 5781; baseline 0.013 -31"><span class='ocrx_word' id='word_1_700' title='bbox 587 5699 735 5781; x_wconf 61' lang='grc' dir='ltr'>ξων.</span> <span class='ocrx_word' id='word_1_701' title='bbox 768 5719 822 5765; x_wconf 82' lang='lat' dir='ltr'><strong>v,</strong></span> <span class='ocrx_word' id='word_1_702' title='bbox 949 5702 1017 5760; x_wconf 84' lang='lat' dir='ltr'><strong>In</strong></span> <span class='ocrx_word' id='word_1_703' title='bbox 1043 5703 1312 5778; x_wconf 76' lang='lat' dir='ltr'><strong>Ephrrem,</strong></span> <span class='ocrx_word' id='word_1_704' title='bbox 1356 5725 1408 5781; x_wconf 92' lang='lat' dir='ltr'><strong>p.</strong></span> <span class='ocrx_word' id='word_1_705' title='bbox 1446 5709 1574 5778; x_wconf 52' lang='lat'><strong>387,.</strong></span> <span class='ocrx_word' id='word_1_706' title='bbox 1611 5727 1666 5766; x_wconf 84' lang='grc' dir='ltr'>η.</span> <span class='ocrx_word' id='word_1_707' title='bbox 1699 5713 1768 5769; x_wconf 66' lang='lat'><strong>12</strong></span> 
     </span>
    </p>
   </div>
   <div class='ocr_carea' id='block_1_101' title="bbox 305 5768 941 5842">
    <p class='ocr_par' dir='ltr' id='par_1_101' title="bbox 305 5768 941 5842">
     <span class='ocr_line' id='line_1_101' title="bbox 305 5768 941 5842; baseline 0.008 -16"><span class='ocrx_word' id='word_1_708' title='bbox 305 5768 398 5841; x_wconf 71' lang='lat'>36)</span> <span class='ocrx_word' id='word_1_709' title='bbox 437 5771 542 5826; x_wconf 74' lang='lat' dir='ltr'><strong>Vit.</strong></span> <span class='ocrx_word' id='word_1_710' title='bbox 579 5771 730 5829; x_wconf 86' lang='lat' dir='ltr'><strong>Patr.</strong></span> <span class='ocrx_word' id='word_1_711' title='bbox 767 5790 822 5842; x_wconf 75' lang='grc' dir='ltr'>ι,</span> <span class='ocrx_word' id='word_1_712' title='bbox 853 5776 941 5831; x_wconf 72' lang='grc'><strong>41.</strong></span> 
     </span>
    </p>
   </div>
   <div class='ocr_carea' id='block_1_102' title="bbox 1912 4586 3004 4662">
    <p class='ocr_par' dir='ltr' id='par_1_102' title="bbox 1912 4586 3004 4662">
     <span class='ocr_line' id='line_1_102' title="bbox 1912 4586 3004 4662; baseline 0.013 -22"><span class='ocrx_word' id='word_1_713' title='bbox 1912 4586 2070 4641; x_wconf 80' lang='lat' dir='ltr'><strong>fratri</strong></span> <span class='ocrx_word' id='word_1_714' title='bbox 2101 4605 2220 4656; x_wconf 89' lang='lat' dir='ltr'><strong>suo,</strong></span> <span class='ocrx_word' id='word_1_715' title='bbox 2248 4607 2481 4662; x_wconf 82' lang='lat' dir='ltr'><strong>cumque</strong></span> <span class='ocrx_word' id='word_1_716' title='bbox 2508 4596 2727 4649; x_wconf 87' lang='lat' dir='ltr'><strong>tristitia</strong></span> <span class='ocrx_word' id='word_1_717' title='bbox 2752 4597 3004 4654; x_wconf 78' lang='lat' dir='ltr'><strong>afﬁceret.</strong></span> 
     </span>
    </p>
   </div>
   <div class='ocr_carea' id='block_1_103' title="bbox 1985 4701 3482 4777">
    <p class='ocr_par' dir='ltr' id='par_1_103' title="bbox 1985 4701 3482 4777">
     <span class='ocr_line' id='line_1_103' title="bbox 1985 4701 3482 4777; baseline 0.007 -21"><span class='ocrx_word' id='word_1_718' title='bbox 1985 4701 2069 4756; x_wconf 89' lang='lat'><strong>18.</strong></span> <span class='ocrx_word' id='word_1_719' title='bbox 2115 4701 2225 4776; x_wconf 87' lang='lat'><strong>(89)</strong></span> <span class='ocrx_word' id='word_1_720' title='bbox 2259 4705 2405 4760; x_wconf 77' lang='lat' dir='ltr'><strong>Dixit</strong></span> <span class='ocrx_word' id='word_1_721' title='bbox 2433 4719 2706 4777; x_wconf 66' lang='lat' dir='ltr'><strong>praeterea,</strong></span> <span class='ocrx_word' id='word_1_722' title='bbox 2732 4711 2900 4765; x_wconf 86' lang='lat' dir='ltr'><strong>abbas</strong></span> <span class='ocrx_word' id='word_1_723' title='bbox 2931 4711 3152 4766; x_wconf 69' lang='lat' dir='ltr'><strong>Pmmen</strong></span> <span class='ocrx_word' id='word_1_724' title='bbox 3181 4732 3194 4767; x_wconf 90' lang='lat'><strong>:</strong></span> <span class='ocrx_word' id='word_1_725' title='bbox 3226 4711 3342 4768; x_wconf 84' lang='lat' dir='ltr'><strong>Noli</strong></span> <span class='ocrx_word' id='word_1_726' title='bbox 3383 4714 3482 4768; x_wconf 84' lang='lat' dir='ltr'><strong>ha—</strong></span> 
     </span>
    </p>
   </div>
   <div class='ocr_carea' id='block_1_104' title="bbox 1909 4793 3484 4870">
    <p class='ocr_par' dir='ltr' id='par_1_104' title="bbox 1909 4793 3484 4870">
     <span class='ocr_line' id='line_1_104' title="bbox 1909 4793 3484 4870; baseline 0.007 -21"><span class='ocrx_word' id='word_1_727' title='bbox 1909 4793 2088 4850; x_wconf 86' lang='lat' dir='ltr'><strong>bitare</strong></span> <span class='ocrx_word' id='word_1_728' title='bbox 2135 4797 2188 4850; x_wconf 89' lang='lat' dir='ltr'><strong>in</strong></span> <span class='ocrx_word' id='word_1_729' title='bbox 2224 4800 2363 4862; x_wconf 84' lang='lat' dir='ltr'><strong>loco,</strong></span> <span class='ocrx_word' id='word_1_730' title='bbox 2404 4801 2456 4854; x_wconf 90' lang='lat' dir='ltr'><strong>in</strong></span> <span class='ocrx_word' id='word_1_731' title='bbox 2497 4818 2607 4870; x_wconf 85' lang='lat' dir='ltr'><strong>quo</strong></span> <span class='ocrx_word' id='word_1_732' title='bbox 2656 4805 2836 4858; x_wconf 88' lang='lat' dir='ltr'><strong>cernis</strong></span> <span class='ocrx_word' id='word_1_733' title='bbox 2885 4806 3177 4860; x_wconf 84' lang='lat' dir='ltr'><strong>nonnullos</strong></span> <span class='ocrx_word' id='word_1_734' title='bbox 3207 4807 3304 4862; x_wconf 88' lang='lat' dir='ltr'><strong>tibi</strong></span> <span class='ocrx_word' id='word_1_735' title='bbox 3340 4807 3484 4862; x_wconf 90' lang='lat' dir='ltr'><strong>invi-</strong></span> 
     </span>
    </p>
   </div>
   <div class='ocr_carea' id='block_1_105' title="bbox 1908 4887 3042 4966">
    <p class='ocr_par' dir='ltr' id='par_1_105' title="bbox 1908 4887 3042 4966">
     <span class='ocr_line' id='line_1_105' title="bbox 1908 4887 3042 4966; baseline 0.011 -24"><span class='ocrx_word' id='word_1_736' title='bbox 1908 4887 2058 4943; x_wconf 87' lang='lat' dir='ltr'><strong>dere.</strong></span> <span class='ocrx_word' id='word_1_737' title='bbox 2091 4889 2306 4960; x_wconf 81' lang='lat' dir='ltr'><strong>Alioqui</strong></span> <span class='ocrx_word' id='word_1_738' title='bbox 2339 4910 2443 4947; x_wconf 89' lang='lat' dir='ltr'><strong>non</strong></span> <span class='ocrx_word' id='word_1_739' title='bbox 2475 4893 2644 4950; x_wconf 88' lang='lat' dir='ltr'><strong>facies</strong></span> <span class='ocrx_word' id='word_1_740' title='bbox 2673 4911 3042 4966; x_wconf 84' lang='lat' dir='ltr'><strong>progressum.</strong></span> 
     </span>
    </p>
   </div>
   <div class='ocr_carea' id='block_1_106' title="bbox 1979 5003 3482 5078">
    <p class='ocr_par' dir='ltr' id='par_1_106' title="bbox 1979 5003 3482 5078">
     <span class='ocr_line' id='line_1_106' title="bbox 1979 5003 3482 5078; baseline 0.009 -22"><span class='ocrx_word' id='word_1_741' title='bbox 1979 5003 2066 5058; x_wconf 86' lang='lat'><strong>19.</strong></span> <span class='ocrx_word' id='word_1_742' title='bbox 2110 5005 2222 5076; x_wconf 71' lang='lat'><strong>(90)</strong></span> <span class='ocrx_word' id='word_1_743' title='bbox 2255 5005 2626 5062; x_wconf 83' lang='lat' dir='ltr'><strong>Narraverunt</strong></span> <span class='ocrx_word' id='word_1_744' title='bbox 2656 5010 2877 5078; x_wconf 82' lang='lat' dir='ltr'><strong>quidam</strong></span> <span class='ocrx_word' id='word_1_745' title='bbox 2929 5011 3111 5068; x_wconf 87' lang='lat' dir='ltr'><strong>abbati</strong></span> <span class='ocrx_word' id='word_1_746' title='bbox 3145 5012 3387 5068; x_wconf 75' lang='lat' dir='ltr'><strong>Poemcni</strong></span> <span class='ocrx_word' id='word_1_747' title='bbox 3415 5015 3482 5070; x_wconf 88' lang='lat' dir='ltr'><strong>dc</strong></span> 
     </span>
    </p>
   </div>
   <div class='ocr_carea' id='block_1_107' title="bbox 1911 5097 3538 5186">
    <p class='ocr_par' dir='ltr' id='par_1_107' title="bbox 1911 5097 3538 5186">
     <span class='ocr_line' id='line_1_107' title="bbox 1911 5097 3538 5186; baseline 0.005 -36"><span class='ocrx_word' id='word_1_748' title='bbox 1911 5097 2095 5166; x_wconf 88' lang='lat' dir='ltr'><strong>aliquo</strong></span> <span class='ocrx_word' id='word_1_749' title='bbox 2153 5102 2456 5166; x_wconf 85' lang='lat' dir='ltr'><strong>monacho,</strong></span> <span class='ocrx_word' id='word_1_750' title='bbox 2521 5102 2666 5172; x_wconf 88' lang='lat' dir='ltr'><strong>quod</strong></span> <span class='ocrx_word' id='word_1_751' title='bbox 2719 5104 2902 5156; x_wconf 78' lang='lat' dir='ltr'><strong>vinum</strong></span> <span class='ocrx_word' id='word_1_752' title='bbox 2961 5120 3070 5158; x_wconf 85' lang='lat' dir='ltr'><strong>non</strong></span> <span class='ocrx_word' id='word_1_753' title='bbox 3125 5105 3354 5162; x_wconf 86' lang='lat' dir='ltr'><strong>biberet.</strong></span> <span class='ocrx_word' id='word_1_754' title='bbox 3417 5106 3482 5158; x_wconf 80' lang='lat' dir='ltr'><strong>Et</strong></span> <span class='ocrx_word' id='word_1_755' title='bbox 3533 5181 3538 5186; x_wconf 25' lang='grc' dir='ltr'>η</span> 
     </span>
    </p>
   </div>
   <div class='ocr_carea' id='block_1_108' title="bbox 1907 5187 3474 5269">
    <p class='ocr_par' dir='ltr' id='par_1_108' title="bbox 1907 5187 3474 5269">
     <span class='ocr_line' id='line_1_108' title="bbox 1907 5187 3474 5269; baseline 0.004 -25"><span class='ocrx_word' id='word_1_756' title='bbox 1907 5189 2044 5244; x_wconf 83' lang='lat' dir='ltr'><strong>dixit</strong></span> <span class='ocrx_word' id='word_1_757' title='bbox 2074 5210 2086 5246; x_wconf 92' lang='lat'>:</span> <span class='ocrx_word' id='word_1_758' title='bbox 2121 5187 2316 5246; x_wconf 85' lang='lat' dir='ltr'><strong>Vinum</strong></span> <span class='ocrx_word' id='word_1_759' title='bbox 2349 5195 2572 5247; x_wconf 90' lang='lat' dir='ltr'><strong>omnino</strong></span> <span class='ocrx_word' id='word_1_760' title='bbox 2605 5193 2672 5247; x_wconf 89' lang='lat' dir='ltr'><strong>ad</strong></span> <span class='ocrx_word' id='word_1_761' title='bbox 2720 5196 3021 5252; x_wconf 91' lang='lat' dir='ltr'><strong>monachos</strong></span> <span class='ocrx_word' id='word_1_762' title='bbox 3054 5213 3164 5252; x_wconf 90' lang='lat' dir='ltr'><strong>non</strong></span> <span class='ocrx_word' id='word_1_763' title='bbox 3215 5198 3474 5269; x_wconf 76' lang='lat' dir='ltr'><strong>pertinet.</strong></span> 
     </span>
    </p>
   </div>
   <div class='ocr_carea' id='block_1_109' title="bbox 2083 5395 3262 5475">
    <p class='ocr_par' dir='ltr' id='par_1_109' title="bbox 2083 5395 3262 5475">
     <span class='ocr_line' id='line_1_109' title="bbox 2083 5395 3262 5475; baseline 0.009 -26"><span class='ocrx_word' id='word_1_764' title='bbox 2083 5395 2128 5427; x_wconf 80' lang='grc'><strong>⁸⁹</strong></span> <span class='ocrx_word' id='word_1_765' title='bbox 2163 5395 2267 5451; x_wconf 86' lang='lat' dir='ltr'><strong>lsa.</strong></span> <span class='ocrx_word' id='word_1_766' title='bbox 2305 5411 2359 5460; x_wconf 69' lang='grc' dir='ltr'>χ,</span> <span class='ocrx_word' id='word_1_767' title='bbox 2391 5397 2479 5452; x_wconf 81' lang='lat'><strong>15.</strong></span> <span class='ocrx_word' id='word_1_768' title='bbox 2559 5399 2604 5430; x_wconf 80' lang='grc'><strong>⁶⁰</strong></span> <span class='ocrx_word' id='word_1_769' title='bbox 2645 5398 2712 5452; x_wconf 84' lang='lat' dir='ltr'><strong>1V</strong></span> <span class='ocrx_word' id='word_1_770' title='bbox 2754 5398 2884 5472; x_wconf 80' lang='lat' dir='ltr'><strong>Reg.</strong></span> <span class='ocrx_word' id='word_1_771' title='bbox 2928 5419 3055 5466; x_wconf 77' lang='lat' dir='ltr'><strong>xxv,</strong></span> <span class='ocrx_word' id='word_1_772' title='bbox 3081 5403 3110 5456; x_wconf 87' lang='lat'><strong>8</strong></span> <span class='ocrx_word' id='word_1_773' title='bbox 3143 5421 3262 5475; x_wconf 85' lang='lat' dir='ltr'><strong>sqq.</strong></span> 
     </span>
    </p>
   </div>
   <div class='ocr_carea' id='block_1_110' title="bbox 1980 5572 3400 5655">
    <p class='ocr_par' dir='ltr' id='par_1_110' title="bbox 1980 5572 3400 5655">
     <span class='ocr_line' id='line_1_110' title="bbox 1980 5572 3400 5655; baseline 0.009 -27"><span class='ocrx_word' id='word_1_774' title='bbox 1980 5572 2093 5655; x_wconf 55' lang='lat' dir='ltr'><strong>(fil)</strong></span> <span class='ocrx_word' id='word_1_775' title='bbox 2127 5574 2242 5655; x_wconf 49' lang='lat' dir='ltr'><strong>fit.</strong></span> <span class='ocrx_word' id='word_1_776' title='bbox 2269 5574 2424 5655; x_wconf 63' lang='grc' dir='ltr'>ξαιν.</span> <span class='ocrx_word' id='word_1_777' title='bbox 2470 5593 2544 5642; x_wconf 83' lang='grc' dir='ltr'><strong>ιν,</strong></span> <span class='ocrx_word' id='word_1_778' title='bbox 2572 5579 2694 5655; x_wconf 73' lang='lat'><strong>_2_9;</strong></span> <span class='ocrx_word' id='word_1_779' title='bbox 2723 5582 2968 5652; x_wconf 78' lang='lat' dir='ltr'><strong>Append.</strong></span> <span class='ocrx_word' id='word_1_780' title='bbox 2998 5599 3052 5655; x_wconf 90' lang='lat' dir='ltr'><strong>p.</strong></span> <span class='ocrx_word' id='word_1_781' title='bbox 3083 5585 3204 5646; x_wconf 86' lang='lat'><strong>999,</strong></span> <span class='ocrx_word' id='word_1_782' title='bbox 3229 5601 3284 5643; x_wconf 91' lang='lat' dir='ltr'><strong>n.</strong></span> <span class='ocrx_word' id='word_1_783' title='bbox 3307 5584 3400 5642; x_wconf 80' lang='lat'><strong>20.</strong></span> 
     </span>
    </p>
   </div>
   <div class='ocr_carea' id='block_1_111' title="bbox 1963 5644 2658 5712">
    <p class='ocr_par' dir='ltr' id='par_1_111' title="bbox 1963 5644 2658 5712">
     <span class='ocr_line' id='line_1_111' title="bbox 1963 5644 2658 5712; baseline 0.01 -12"><span class='ocrx_word' id='word_1_784' title='bbox 1963 5644 2082 5712; x_wconf 63' lang='lat'><strong>188)</strong></span> <span class='ocrx_word' id='word_1_785' title='bbox 2127 5644 2232 5698; x_wconf 75' lang='lat' dir='ltr'><strong>Vit.</strong></span> <span class='ocrx_word' id='word_1_786' title='bbox 2273 5645 2423 5702; x_wconf 76' lang='lat' dir='ltr'><strong>Patr.</strong></span> <span class='ocrx_word' id='word_1_787' title='bbox 2458 5665 2530 5712; x_wconf 81' lang='lat' dir='ltr'><strong>tv,</strong></span> <span class='ocrx_word' id='word_1_788' title='bbox 2570 5649 2658 5706; x_wconf 82' lang='grc'>50.</span> 
     </span>
    </p>
   </div>
   <div class='ocr_carea' id='block_1_112' title="bbox 1967 5715 2619 5780">
    <p class='ocr_par' dir='ltr' id='par_1_112' title="bbox 1967 5715 2619 5780">
     <span class='ocr_line' id='line_1_112' title="bbox 1967 5715 2619 5780; baseline 0.011 -14"><span class='ocrx_word' id='word_1_789' title='bbox 1967 5715 2080 5780; x_wconf 78' lang='grc'>(89)</span> <span class='ocrx_word' id='word_1_790' title='bbox 2122 5715 2224 5769; x_wconf 74' lang='lat' dir='ltr'><strong>vn.</strong></span> <span class='ocrx_word' id='word_1_791' title='bbox 2259 5715 2409 5771; x_wconf 83' lang='lat' dir='ltr'><strong>Patr.</strong></span> <span class='ocrx_word' id='word_1_792' title='bbox 2445 5735 2496 5780; x_wconf 64' lang='grc' dir='ltr'>κ,</span> <span class='ocrx_word' id='word_1_793' title='bbox 2529 5720 2619 5773; x_wconf 72' lang='lat'><strong>45.</strong></span> 
     </span>
    </p>
   </div>
   <div class='ocr_carea' id='block_1_113' title="bbox 1968 5785 2634 5857">
    <p class='ocr_par' dir='ltr' id='par_1_113' title="bbox 1968 5785 2634 5857">
     <span class='ocr_line' id='line_1_113' title="bbox 1968 5785 2634 5857; baseline 0.011 -18"><span class='ocrx_word' id='word_1_794' title='bbox 1968 5785 2080 5856; x_wconf 89' lang='lat'><strong>(90)</strong></span> <span class='ocrx_word' id='word_1_795' title='bbox 2123 5785 2228 5840; x_wconf 81' lang='lat' dir='ltr'><strong>Vit.</strong></span> <span class='ocrx_word' id='word_1_796' title='bbox 2269 5786 2416 5843; x_wconf 81' lang='lat' dir='ltr'><strong>Patr.</strong></span> <span class='ocrx_word' id='word_1_797' title='bbox 2447 5791 2634 5857; x_wconf 68' lang='lat'><strong>&quot;1,51.</strong></span> 
     </span>
    </p>
   </div>
  </div>
