3874 6300
395 328 492 387 5‘27

1541 317 1884 374 APPENDIX
1924 319 2017 374 AD
2058 317 2476 375 PALLADIUM.
3546 320 3646 374 39%

466 442 555 496 20.
601 438 711 509 (91)
735 437 918 494 Abbas
950 435 1123 490 Isaias
1175 433 1532 503 interrogavit
1561 434 1808 489 abbatem
1849 434 1970 488 Ρω-

2145 442 2214 489 κ’.
2261 436 2322 487 Ἢ
2329 434 2572 507 ρώτησεν
2598 434 2625 486 6
2649 432 2820 497 ἀϐϐἄς
2856 433 3084 496 Ἡσαΐας
3102 433 3192 486 τὸν
3215 433 3385 488 ἀὸϐἄν
3411 433 3652 504 Ποιμένα

398 547 611 589 :nenem
648 532 714 586 de
734 528 973 584 sordidis
1001 525 1447 597 cogitationibus.
1484 525 1547 578 Et
1571 525 1852 594 respondit
1878 525 1964 579 ei:

397 622 864 692 Quemadmodum
901 619 955 673 in
991 631 1156 687 capsa
1193 617 1352 687 plena
1381 616 1740 680 vestimentis,
1767 616 1812 670 si
1845 614 1969 684 quis

401 717 682 785 reliquerit
708 728 794 777 ea,
826 719 1074 780 tempore
1104 710 1405 780 putretiunt
1437 727 1450 763 :
1487 711 1560 762 ita
1591 708 1645 762 in
1682 707 1970 778 cogitatio-

399 803 599 866 nibus;
635 802 680 856 si
715 815 809 856 eas
839 815 1072 870 corpore
1121 815 1231 853 non
1266 799 1511 854 exsecuti
1543 799 1833 865 fuerimus,
1876 812 1972 868 per

397 901 615 960 tempus
638 889 924 944 abolentur
951 900 1046 942 aut
1070 895 1414 958 putrescunt.

467 980 558 1034 2|.
603 980 712 1050 (92)
755 979 1118 1049 lnterroganti
1163 978 1348 1032 abbati
1388 976 1626 1048 Josepho
1673 976 1739 1031 de
1784 974 1972 1030 eadem

399 1073 720 1142 quaestione,
765 1071 1052 1142 respondit
1104 1070 1275 1124 abbas
1326 1070 1548 1124 Pmmen
1576 1088 1589 1123 ε
1617 1067 1976 1135 Quemadmo-

401 1165 530 1218 dum
571 1164 616 1218 si
645 1167 769 1234 quis
793 1171 1102 1234 serpentem
1131 1179 1255 1217 cum
1288 1163 1506 1233 scorpio
1527 1162 1739 1217 miserit
1769 1162 1823 1215 in
1853 1175 1972 1224 vas,

402 1254 645 1324 illudque
697 1255 1013 1318 occluserit,
1061 1257 1287 1306 omnino
1326 1263 1449 1322 post
1495 1251 1716 1321 aliquod
1761 1259 1976 1319 tempus

402 1346 747 1400 morientur:
780 1349 861 1400 sic
892 1355 946 1400 et
985 1361 1164 1416 prava:
1213 1345 1572 1416 cogitationes
1603 1359 1724 1412 qua:
1768 1357 1834 1397 ex
1865 1342 1978 1395 da:-

403 1454 625 1493 monum
677 1438 940 1494 instinctu
990 1438 1278 1509 pullulant,
1335 1454 1431 1508 per
1484 1437 1825 1492 tolerantiam
1884 1437 1981 1491 de-

403 1531 614 1585 Ilciunt.

470 1625 562 1678 $2.
608 1624 722 1694 (95)
754 1621 947 1678 Frater
977 1624 1128 1678 venit
1161 1623 1228 1677 ad
1265 1621 1514 1677 abbatem
1558 1619 1893 1684 Pmmenem,
1925 1625 1981 1673 et

405 1716 482 1771 ait
507 1717 595 1772 ei:
629 1716 765 1771 Sero
807 1731 1000 1786 agrum
1028 1731 1232 1780 meum,
1271 1723 1436 1783 atque
1473 1729 1537 1768 ex
1575 1727 1640 1767 eo
1673 1711 1816 1766 facio
1851 1726 1979 1782 aga-

2071 528 2200 599 mp‘:
2227 528 2334 581 τῶν
2361 525 2620 598 ῥυπαρῶν
2657 525 2950 596 λογισμῶν,
2989 526 3101 579 Καὶ
3132 526 3281 594 λέγει
3326 527 3475 596 αὐτῴ
3504 529 3533 579 ὁ
3556 529 3652 580 db-

2073 619 2172 682 6ἄς
2209 621 2450 690 Ποιμήνο
2497 619 2708 690 Ὠσπερ
2749 619 3012 690 κάμπτρα
3061 619 3233 690 μεστὴ
3278 617 3529 689 ἱματίων,
3561 619 3655 670 καὶ

2072 711 2169 764 ἐὰν
2209 713 2320 781 ἀφῇ
2361 708 2503 762 αὐτά
2538 725 2643 772 τις,
2673 707 2750 778 τῷ
2787 709 2966 779 χρόνῳ
3021 709 3283 778 σήπονται
3305 725 3318 736 ·
3352 707 3528 771 οὕτως
3559 708 3654 760 καὶ

2072 804 2121 855 οἱ
2147 801 2428 872 λογισμοίο
2469 799 2564 854 ἐὰν
2600 799 2674 872 μὴ
2713 801 3027 870 ποιήσωμεν
3068 799 3267 864 αὐτοὺς
3300 799 3651 872 σωματικῶς,

2074 894 2153 967 τῷ
2178 895 2354 966 χρόνῳ
2383 892 2731 964 ἀφανίζονται
2755 894 2873 963 ήτοι
2905 894 3191 962 σήπονται.

2147 996 2249 1043 καθ.
2293 987 2606 1060 Ἦρὼτησεν
2628 989 2656 1040 6
2679 986 2854 1050 ἀδϐἄς
2890 986 3087 1058 Ἰωσὴφ
3127 986 3220 1040 τὸν
3258 986 3420 1040 αὐτὸν
3457 985 3650 1054 λόγον·

2077 1083 2172 1137 καὶ
2220 1077 2372 1134 εἶπεν
2415 1079 2565 1151 αὐτῷ
2613 1082 2642 1133 6
2680 1079 2852 1142 ἀ66ἇς
2895 1080 3143 1150 Ποιμήνο
3180 1074 3388 1150 Ὥσπερ
3431 1079 3527 1132 ὲάν
3571 1096 3656 1141 τις

2076 1173 2202 1243 ὅφιν
2229 1173 2323 1225 καὶ
2358 1171 2617 1243 σκορπίον
2637 1170 2772 1242 βάλῃ
2801 1173 2880 1233 εἰς
2906 1171 3144 1238 ἀγγεῖον,
3172 1170 3264 1223 καὶ
3293 1170 3492 1242 φράξῃ,
3523 1170 3658 1223 πάνο

2077 1282 2185 1328 τως
2210 1263 2289 1333 τῷ
2313 1263 2490 1335 χρόνῳ
2521 1262 2982 1333 ἀποθνήσκουσινο
3015 1262 3189 1326 οὕτως
3226 1263 3319 1315 καὶ
3343 1262 3393 1313 οἱ
3426 1262 3659 1331 πονηροὶ

2078 1356 2347 1427 λογισμοὶ,
2391 1355 2499 1409 ἀπὸ
2539 1354 2650 1407 τῶν
2676 1353 2945 1426 δαιμόνων
2978 1353 3386 1424 βλαστάνοντες,
3430 1352 3522 1406 διὰ
3556 1353 3658 1424 τῆς

2082 1450 2359 1521 ὑπομονῆς
2387 1448 2748 1503 ἐκλείπουσιν.

2153 1626 2257 1697 κβ’.
2300 1624 2554 1693 ’Λδελφὸς
2584 1620 2715 1696 ἦλθε
2754 1622 2888 1694 πρὸς
2929 1622 3020 1676 τὸν
3051 1621 3225 1676 ἀσὸᾶν
3257 1621 3522 1693 Ποιμένα,
3565 1623 3661 1676 καὶ

2083 1721 2230 1790 λέγει
2259 1718 2406 1789 αὐτῷ
2425 1734 2438 1750 ·
2471 1718 2688 1788 Σπείρω
2726 1716 2820 1770 τὸν
2840 1716 3004 1787 ἀγρόν
3036 1733 3162 1786 μου,
3196 1717 3290 1769 καὶ
3319 1715 3459 1768 ποιῶ
3485 1714 3543 1780 ἐξ
3565 1717 3661 1768 αὑ-

403 1826 532 1880 pen.
582 1809 885 1880 Respondit
932 1809 1012 1863 illi
1057 1824 1222 1863 senex
1260 1806 1473 1862 :Becte
1521 1806 1678 1862 facis.
1726 1805 1793 1858 Et
1843 1805 1978 1859 abiit

2097 1814 2175 1867 τοῦ
2200 1813 2441 1881 ἀγάπην.
2495 1810 2658 1878 Λέγει
2703 1807 2853 1878 αὐτῷ
2898 1811 2926 1861 ὁ
2966 1807 3176 1878 γέρων’
3217 1807 3412 1870 Καλῶς
3463 1811 3659 1870 ποιεῖς.

405 1918 531 1956 cum
573 1903 881 1967 alacritate,
924 1902 1188 1970 auxitque
1221 1901 1623 1970 eleemosynam
1668 1913 1845 1953 suam.
1877 1896 1981 1950 Ab-

405 1992 505 2046 bas
543 2000 726 2045 autem
768 1991 951 2054 Anub,
1002 1990 1192 2044 audito
1233 2004 1508 2054 sermone,
1552 1988 1670 2041 inlit
1703 1989 1769 2041 ad
1814 1988 1982 2041 abba-

405 2090 515 2135 tem
551 2080 864 2136 Ptemenem
895 2098 910 2133 :
936 2079 1053 2133 Non
1084 2080 1247 2134 times
1284 2078 1477 2141 Deum,
1520 2079 1614 2148 qui
1655 2079 1730 2132 ita
1766 2078 1983 2133 locutus

406 2174 486 2228 sis
514 2171 710 2226 fratri?
733 2172 909 2226 Senex
931 2186 1064 2226 vero
1093 2172 1281 2225 tacuit.
1304 2169 1435 2226 Post
1463 2171 1602 2224 duos
1624 2178 1808 2224 autem
1839 2169 1982 2236 dies,

405 2269 690 2324 arcessivit
729 2268 898 2323 abbas
946 2267 1170 2322 Pmmen
1223 2267 1466 2329 fratrem,
1507 2266 1668 2335 eique
1711 2265 1844 2318 dicit
1895 2280 1988 2318 au-

405 2361 590 2417 diente
631 2361 828 2416 abbate
857 2359 1054 2414 Anub:
1085 2359 1228 2426 Quid
1261 2358 1391 2412 mihi
1426 2358 1744 2428 prolocutus
1784 2371 1845 2411 es
1875 2356 1984 2410 alio

406 2455 816 2524 die?quoniam
867 2468 1022 2507 mens
1069 2467 1190 2507 mea
1244 2452 1373 2506 alibi
1410 2461 1547 2506 erat.
1590 2449 1726 2504 Tum
1770 2449 1979 2504 frater:

405 2544 549 2613 Dixi,
579 2561 609 2600 a
653 2560 740 2600 me
773 2545 1034 2602 seminari
1077 2559 1269 2616 agrum
1312 2558 1516 2606 meum,
1549 2558 1614 2597 ex
1653 2557 1830 2613 eoque
1865 2541 1984 2594 dari

405 2639 827 2710 eleemosynam.
858 2636 1085 2708 Excepit
1129 2638 1299 2691 abbas
1329 2635 1552 2689 Pmmen
1583 2654 1596 2687 :
1622 2633 1889 2687 Putabam
1932 2640 1986 2686 te

405 2731 649 2787 locutum
678 2731 746 2785 de
786 2730 958 2786 fratre
1004 2739 1122 2793 tuo,
1172 2732 1264 2801 qui
1312 2729 1366 2782 in
1405 2728 1607 2783 sacculo
1640 2727 1794 2781 vivit.
1827 2725 1986 2792 Quod

407 2824 455 2879 si
487 2831 548 2877 tu
578 2839 639 2878 es
667 2823 760 2894 qui
788 2823 894 2877 hoc
924 2838 1064 2893 opus
1105 2821 1260 2884 facis,
1293 2838 1403 2875 non
1438 2831 1523 2876 est
1556 2819 1659 2874 hoc
1706 2819 1982 2874 monachi.

407 2915 460 2972 Is
487 2930 616 2970 vero
643 2914 895 2981 audiens,
938 2914 1304 2970 contristatus
1327 2921 1432 2976 est,
1462 2921 1628 2981 atque
1657 2910 1772 2965 haec
1799 2910 1986 2980 profu-

407 3008 488 3062 dit
516 3007 680 3063 verba
713 3026 726 3062 :
762 3005 982 3061 Nullum
1023 3004 1172 3060 aliud
1223 3020 1361 3074 opus
1396 3004 1546 3069 novi,
1585 3003 1689 3056 nisi
1725 3003 1850 3066 hoc,
1888 3017 1988 3056 nec

406 3116 632 3171 possum
655 3116 765 3155 non
798 3100 1068 3156 seminare
1094 3112 1285 3169 agrum
1313 3111 1513 3151 meum.
1540 3095 1832 3164 Postquam
1857 3109 1987 3164 ergo

408 3194 782 3257 discessisset,
818 3191 1130 3247 incurvavit
1161 3205 1222 3244 se
1272 3203 1458 3244 coram
1507 3187 1766 3242 Pmmene
1799 3186 1983 3251 Annb,
2014 3171 2058 3228 (ἶ

409 3288 563 3343 aiens
609 3305 624 3341 :
668 3288 898 3356 Ignosce
943 3284 1094 3340 mihi.
1148 3282 1287 3337 Tum
1343 3281 1515 3335 abbas
1564 3280 1787 3336 Pmmen
1833 3278 1986 3350 :Ego

407 3394 647 3450 quoque,
683 3379 881 3447 inquit,
914 3392 942 3430 a
970 3377 1239 3447 principio
1269 3389 1530 3428 noveram
1568 3389 1675 3427 non
1698 3387 1822 3427 esse
1845 3387 1986 3442 opus

408 3473 702 3537 monachi;
753 3471 847 3525 sed
899 3469 1200 3526 secundum
1252 3475 1487 3522 mentem
1540 3466 1687 3520 illius
1739 3481 1984 3535 pronun-

409 3565 562 3630 tiavi,
588 3563 820 3632 dedique
844 3562 948 3632 ipsi
973 3560 1336 3623 alacritatem,
1363 3559 1429 3613 ad
1457 3557 1744 3612 charitatis
1766 3572 1992 3626 process-

410 3674 553 3712 sum.
610 3656 769 3711 Nunc
826 3671 957 3710 vero
1003 3654 1180 3708 tristis
1224 3653 1394 3720 abiit;
1448 3663 1611 3722 atque
1651 3651 1846 3705 iterum
1886 3650 1990 3705 hoc

409 3751 587 3819 ipsum
624 3747 806 3802 faciet.

479 3841 570 3895 25.
616 3840 727 3910 (94)
749 3839 892 3892 Dixit
909 3837 1080 3892 abbas
1102 3835 1324 3890 Pmmen
1349 3854 1362 3888 :
1386 3834 1442 3888 Si
1469 3833 1780 3904 peccaverit
1801 3833 1986 3899 homo,

411 3940 466 3987 ct
488 3933 768 4001 negaverit
793 3948 850 3986 se
875 3944 1157 4000 peccasse,
1189 3943 1258 3982 ne
1280 3926 1627 3996 redargueris
1652 3942 1811 3994 eum;
1850 3928 1989 3982 alias

410 4025 691 4080 exscindis
717 4025 957 4079 Studium
997 4022 1194 4092 ipsius.
1224 4020 1383 4088 Quod
1421 4021 1466 4076 si
1495 4020 1701 4075 dixeris
1735 4021 1785 4073 ei
1821 4039 1833 4074 :
1868 4019 1988 4073 Noli

413 4118 656 4171 animum
688 4115 1047 4186 despondere,
1080 4116 1266 4177 frater,
1308 4114 1403 4168 sed
1434 4129 1568 4168 cave
1596 4112 1654 4166 in
1683 4121 1987 4184 posterum,

412 4209 621 4263 cxcitas
645 4208 884 4261 animam
919 4209 1069 4264 illius
1102 4207 1169 4262 ad
1195 4207 1601 4277 paenitentiam.

481 4381 575 4434 24.
617 4380 729 4452 (95)
759 4380 957 4436 Iterum
979 4382 1120 4436 dixit
1154 4400 1168 4437 :
1198 4381 1346 4437 Bona
1373 4397 1462 4438 res
1493 4388 1578 4438 est
1610 4380 1948 4453 experientia
1974 4401 1989 4438 :

414 4476 532 4546 ipsa
565 4477 706 4530 enim
734 4475 898 4530 docet
929 4475 1205 4529 hominem
1239 4475 1489 4544 probum.

482 4567 572 4622 25.
620 4569 731 4638 (96)
753 4567 899 4620 Dixit
929 4567 1126 4621 iterum
1156 4586 1167 4620 :
1195 4567 1370 4621 Homo
1409 4567 1500 4636 qui
1533 4567 1714 4630 docet,
1743 4581 1845 4622 nec
1869 4582 1992 4636 quae

413 4662 568 4716 docet
603 4661 761 4725 facit,
813 4660 1010 4715 similis
1058 4669 1142 4714 est
1171 4658 1331 4721 fonti,
1363 4659 1492 4730 quia
1544 4659 1758 4714 cunctis
1801 4670 1988 4729 potum

414 4752 528 4812 dat,
562 4761 790 4806 cunctos
825 4751 1020 4815 abluit,
1053 4745 1295 4820 scip'sum
1323 4765 1453 4804 vero
1487 4765 1597 4803 non
1626 4759 1809 4820 potest
1833 4766 1994 4805 mun-

416 4842 543 4894 tlum
580 4854 858 4911 praestare.

483 4933 575 4989 26.
613 4934 726 5003 (97)
759 4933 1089 4986 Prazteriens
1110 4933 1404 5000 aliquando
1434 4935 1607 4989 abbas
1639 4931 1863 4987 Pcnmen
1899 4945 1994 5000 per

419 5025 735 5095 Egyptum,
769 5025 1057 5093 conspexit
1098 5026 1380 5080 mulierem
1410 5027 1693 5082 Scdentem
1727 5029 1780 5080 in
1814 5026 1994 5095 sepul-

416 5138 531 5183 cro,
563 5131 616 5172 et
648 5121 952 5188 plorantem
987 5135 1191 5173 amare.
1228 5118 1381 5174 Unde
1427 5122 1565 5174 dixit
1600 5140 1612 5176 :
1647 5121 1757 5176 Etsi
1794 5130 1995 5175 cuncta

418 5212 604 5267 nnmdi
642 5213 808 5281 hujus
844 5212 1244 5266 oblectamenta
1294 5201 1639 5278 adveneririt,
1684 5229 1792 5268 non
1825 5214 1996 5268 dedu-

501 5368 543 5399 “
570 5367 656 5420 Al.
689 5365 983 5437 κοσμικοῦ.
1064 5368 1108 5398 ⁶²
1136 5367 1221 5420 Al.
1251 5371 1416 5422 ποιεῖ.

415 5441 510 5494 καὶ
544 5441 693 5492 πᾶσα
721 5438 1034 5509 ἀκαθαρσία
1067 5439 1127 5491 ἐν
1179 5439 1316 5510 αὐτῇ
1363 5443 1562 5493 κεῖταιι

488 5553 599 5624 (9:)
637 5554 744 5608 vn.
777 5553 925 5609 Patr.
965 5572 1021 5619 ι,
1058 5557 1146 5610 te.

485 5625 596 5692 (92)
641 5625 748 5678 Vit.
782 5624 933 5678 Patr.
979 5644 1030 5691 χ,
1061 5629 1146 5681 45.

486 5699 596 5766 (95)
631 5695 736 5750 Vit.
774 5693 924 5766 I’atr.
959 5714 1008 5758 ι,
1039 5696 1128 5750 46.

487 5765 597 5840 (94)
632 5767 736 5822 γει.
765 5765 917 5824 Patr.
953 5785 1004 5834 χ,
1045 5767 1123 5824 l8.

1517 5369 1560 5400 ⁶³
1595 5369 1681 5423 AI.
1711 5367 1980 5439 δοκιμιὶιτε
1988 5385 2102 5440 ρον.

2085 1906 2193 1960 Καὶ
2235 1903 2446 1974 ἀπῆλθε
2509 1902 2642 1972 μετά
2700 1899 3029 1972 προθυμίας,
3089 1899 3184 1952 καὶ
3227 1899 3536 1970 προσέθηκε
3591 1901 3660 1969 τῇ

2083 1998 2290 2071 ἀγάπῃ.
2322 1996 2432 2050 Καὶ
2468 1995 2700 2066 ήκουσεν
2729 1995 2757 2045 6
2786 1992 2962 2056 ἀ66ἄς
3001 1992 3190 2045 Ἀνοὺϐ
3223 1992 3314 2046 τὸν
3357 1991 3537 2061 λόγον.
3566 1992 3665 2045 καὶ

2083 2088 2340 2158 λέγειτῷ
2382 2087 2526 2157 ἀὸὁᾷ
2555 2085 2813 2156 Ποιμένιο
2856 2085 2930 2137 Οὐ
2983 2083 3121 2154 φοϐῇ
3167 2083 3260 2137 τὸν
3304 2082 3456 2147 Θεὸν,
3488 2082 3663 2146 οὕτως

2084 2181 2322 2252 λαλήσας
2345 2179 2422 2250 τῷ
2453 2176 2700 2247 ames);
2738 2177 2848 2229 Καὶ
2899 2175 3206 2246 ἐσιώπησεν
3241 2178 3269 2228 ό
3306 2176 3505 2246 γέρων.
3553 2177 3664 2227 Ka‘:

2089 2273 2227 2344 μετὰ
2258 2271 2350 2324 δύο
2384 2271 2594 2342 ἡμέρας
2633 2269 2878 2339 ἔπεμψεν
2911 2270 2940 2321 6
2979 2267 3154 2332 assa;
3193 2268 3406 2337 Ποιμήν
3447 2268 3541 2320 ἐπὶ
3574 2266 3666 2318 τὸν

2086 2362 2332 2430 ἀδελφὸν,
2355 2362 2447 2415 καὶ
2477 2361 2623 2428 λέγει
2647 2359 2796 2430 αὐτῷ
2817 2358 3106 2422 ἀκούοντος
3131 2357 3227 2410 τοῦ
3256 2358 3400 2410 ἀϐὃᾶ
3433 2357 3629 2409 Ἀνούό
3650 2373 3663 2386 ·

2087 2456 2151 2507 Τί
2200 2451 2352 2518 εἶπές
2404 2471 2495 2524 μοι
2527 2457 2594 2524 τῇ
2623 2453 2789 2525 ἄλλῃ,
2826 2455 2906 2506 ὅτι
2943 2455 2972 2506 6
3012 2452 3137 2516 νοῦς
3175 2469 3274 2522 μου
3305 2451 3542 2521 ἀλλαχοῦ
3574 2447 3666 2522 ἦν.

2086 2547 2247 2615 Λέγει
2275 2546 2423 2616 αὐτῷ
2446 2547 2473 2599 6
2498 2545 2724 2614 ἀδελφός
2744 2560 2756 2574 °
2791 2541 2979 2608 Εἶπον,
3017 2545 3098 2597 ὅτι
3127 2545 3337 2614 σπείρω
3372 2543 3465 2596 τὸν
3496 2545 3669 2612 ἀγρόν

2091 2653 2215 2708 μου,
2245 2637 2336 2689 καὶ
2361 2635 2499 2690 ποιῶ
2546 2635 2604 2700 ἐξ
2645 2635 2809 2690 αὑτοῦ
2839 2636 3082 2707 ἀγάπην.
3136 2636 3247 2689 Καὶ
3279 2631 3430 2688 εἶπεν
3460 2635 3615 2706 αὑτῷ
3642 2637 3670 2688 6

2088 2729 2265 2793 ἀῦϐἇς
2298 2729 2545 2800 Ποιμήν·
2589 2727 2869 2799 Ἐνόμιζον
2896 2729 2978 2781 ὅτι
3020 2728 3152 2800 περὶ
3182 2727 3276 2781 τοῦ
3311 2726 3542 2795 ἀδελφοῦ
3571 2744 3668 2780 σου

2089 2821 2180 2875 τοῦ
2213 2823 2415 2894 κόσμου
2443 2824 2484 2854 ⁶¹
2509 2821 2803 2892 ὲλάλησας·
2841 2825 2888 2875 εί
2913 2822 2968 2875 δὲ
3003 2823 3066 2876 σὺ
3092 2818 3143 2875 εἴ
3169 2824 3198 2874 6
3224 2820 3393 2874 ποιῶν
3415 2821 3476 2874 τὲ
3507 2822 3671 2892 ἔργον

2089 2914 2266 2980 τοῦτο,
2302 2915 2401 2968 οὐκ
2434 2914 2548 2968 ἔστι
2577 2913 2735 2968 τοῦτο
2778 2913 3034 2985 μοναχοῦ.
3079 2913 3137 2966 '0
3166 2913 3223 2966 δὲ
3262 2913 3503 2976 ἀκούσας
3547 2912 3674 2965 ἔλυ-

2091 3005 2262 3076 πήθη.
2290 3005 2492 3072 λέγων·
2532 3003 2694 3057 Ἀλλο
2736 3002 2897 3074 ἔργον
2937 3003 3088 3056 οὐδὲν
3121 2998 3256 3067 οἶδα,
3293 3005 3341 3056 εί
3373 3003 3448 3074 μὴ
3486 3002 3669 3064 τοῦτο,

2091 3097 2186 3149 καὶ
2206 3096 2264 3147 οὐ
2289 3094 2519 3166 δύναμαι
2553 3093 2626 3165 μὴ
2657 3094 2902 3164 σπείρειν
2933 3093 3024 3147 τὸν
3061 3093 3230 3165 ἀγρόν
3260 3111 3383 3165 μου.
3407 3093 3540 3146 Ὅτε
3573 3088 3670 3145 οὖν

2088 3186 2454 3260 ἀνεχώρησεν,
2494 3187 2685 3240 ἔϐαλεν
2711 3185 2903 3256 αὺτῷό
2933 3185 3107 3249 ἀϐϐᾶς
3149 3185 3338 3239 Ἀνοὺϐ
3359 3184 3671 3256 μετάνοιαν,

2089 3279 2297 3348 λέγων·
2344 3279 2702 3351 Συγχώρησὸν
2751 3296 2861 3349 μοι.
2923 3279 3036 3332 Ka‘:
3081 3277 3230 3346 λέγει
3260 3279 3289 3330 6
3326 3277 3500 3340 ἀ66ἄς
3544 3275 3674 3328 Ilo:-

2093 3373 2198 3444 μήν
2220 3388 2234 3404 ο
2269 3371 2440 3440 Κάγὼ
2469 3373 2527 3438 ἐξ
2556 3372 2730 3443 ἀρχῆς
2767 3371 2914 3443 ᾔδειν
2943 3372 3024 3424 ὅτι
3063 3371 3163 3424 οὐκ
3208 3369 3354 3423 ἔστιν
3379 3369 3541 3440 ἔργον
3573 3387 3673 3438 μο-

2089 3464 2282 3535 ναχοῦ⁶
2321 3464 2459 3517 ἀλλά
2495 3465 2632 3535 πρὸς
2664 3465 2754 3517 τὸν
2793 3462 3053 3534 λογισμὸν
3085 3462 3250 3516 αὐτοῦ
3285 3461 3544 3533 ἐλάλησα,
3581 3461 3674 3512 καὶ

2090 3560 2267 3613 ἔδωκα
2298 3558 2448 3628 αὐτῷ
2488 3559 2794 3630 προθυμίαν
2833 3561 2913 3622 εἰς
2943 3559 3041 3630 τὴν
3069 3558 3354 3629 προκοπὴν
3405 3557 3501 3626 τῆς
3535 3557 3673 3621 ἀγά-

2091 3671 2217 3725 πης.
2267 3652 2380 3705 Νῦν
2413 3653 2471 3706 δὲ
2502 3653 2709 3724 ἀπῆλθε
2734 3651 3092 3722 λυπούμενος,
3126 3652 3221 3704 καὶ
3254 3649 3414 3703 πάλιν
3443 3647 3504 3699 τὸ
3539 3646 3672 3699 αὐτὸ

2091 3759 2252 3796 ποιει.

2159 3836 2266 3904 κγ’.
2308 3829 2478 3888 Εἶπεν
2511 3835 2539 3888 6
2577 3833 2752 3896 ἀὸϐἇς
2789 3833 3037 3904 Ποιμήν·
3089 3832 3214 3886 Ἐἀν
3257 3831 3554 3904 ἁμαρτήσῃ
3581 3832 3672 3884 ἀν-

2093 3927 2326 3999 θρωπος,
2385 3927 2478 3980 καὶ
2528 3928 2854 3997 ἀρνήσηται,
2897 3926 3093 3994 λέγων,
3143 3926 3254 3996 Οὐχ
3303 3926 3568 3995 ἥμαρτον,
3597 3923 3669 3992 μὴ

2091 4016 2314 4090 ἐλέγξῃς
2344 4019 2504 4072 αὐτόν
2523 4036 2536 4049 ο
2567 4021 2613 4070 εί
2639 4019 2696 4071 δὲ
2723 4020 2886 4090 μήγε,
2909 4018 3199 4080 ὲκκόπτεις
3225 4016 3386 4069 αὐτοῦ
3412 4016 3512 4085 τήν
3540 4031 3672 4086 προ-

2092 4111 2310 4181 θυμίαν.
2353 4111 2478 4164 Ἐἀν
2502 4111 2558 4164 δὲ
2583 4112 2740 4181 εἴπῃς
2763 4109 2910 4180 αὑτῷ
2929 4127 2942 4141 ⁸
2977 4111 3068 4180 Μὴ
3110 4110 3419 4180 ἀθυμήσῃς,
3448 4106 3666 4176 ἀδελφὲ,

2091 4201 2229 4254 ἀλλὰ
2249 4202 2484 4271 φύλαξαι
2505 4201 2597 4254 τοῦ
2620 4199 2828 4266 λοιποῦ,
2865 4201 3150 4270 διεγείρεις
3181 4198 3340 4252 αὑτοῦ
3371 4198 3467 4270 τὴν
3495 4197 3670 4268 ψυχὴν

2093 4294 2229 4365 πρὸς
2257 4285 2569 4364 μετάνοιαν,

2165 4387 2261 4439 κδ’.
2295 4381 2431 4438 Eine
2473 4386 2665 4439 πάλιν’
2703 4384 2858 4455 Καλὴ
2893 4386 2925 4454 ἡ
2957 4386 3123 4454 πεῖρα
3144 4399 3158 4413 ο
3191 4381 3330 4451 αὕτη
3375 4380 3485 4452 γὰρ
3523 4379 3668 4432 διδά-

2100 4494 2219 4530 σκει
2241 4478 2285 4509 ⁸³
2315 4477 2407 4529 τὸν
2431 4476 2712 4548 ἄνθρωπον
2740 4477 2962 4546 δόκιμον
2985 4477 3051 4528 ⁸³.

2169 4568 2266 4622 κε’.
2346 4565 2481 4620 Εἷπε
2557 4568 2746 4621 πάλινο
2827 4568 3147 4638 Ἀνθρωπος
3215 4564 3514 4626 διδάσκων,
3598 4561 3670 4632 μή

2097 4661 2266 4714 ποιῶν
2298 4659 2354 4713 δὲ
2380 4659 2696 4726 ἀδιδὰσκει,
2728 4658 2912 4729 ὅμοιός
2940 4661 3055 4710 ἐστι
3078 4658 3258 4730 κρήνῃ
3277 4672 3291 4685 ⁸
3337 4656 3420 4709 ὅτι
3464 4651 3669 4715 πάντας

2100 4752 2308 4816 ποτίζει
2362 4751 2458 4804 καὶ
2507 4750 2716 4817 πλύνει,
2777 4751 2974 4822 ἑαυτὴν
3022 4750 3080 4802 δὲ
3126 4750 3188 4802 οὐ
3236 4747 3458 4800 δύναται
3503 4744 3668 4798 καθαα

2101 4844 2252 4916 ρίσαι
2276 4845 2340 4896 ⁸⁸.

2173 4943 2284 5000 κς’.
2320 4935 2732 5008 Παρερχόμενός
2771 4953 2898 4988 ποτε
2941 4937 2969 4988 6
3009 4934 3182 4997 ἀϐἣᾶς
3223 4933 3432 5003 Ποιμήν
3467 4931 3546 4993 εἰς
3575 4930 3669 4998 τὴν

2101 5029 2394 5096 Αἴγυπτον,
2423 5023 2527 5081 εἶδε
2558 5031 2790 5097 γυναῖκα
2815 5029 2872 5080 ἐν
2898 5027 3147 5098 μνημείῳ
3170 5025 3557 5094 καθεζομένην,
3582 5022 3669 5075 καὶ

2102 5120 2393 5174 κλαίουσαν
2441 5119 2671 5190 πικρῶς.
2711 5120 2822 5173 Καὶ
2861 5119 3038 5186 λέγει·
3099 5117 3223 5170 Ἐὰν
3256 5115 3451 5168 ἔλθωσι
3498 5115 3668 5168 πάντα

2101 5212 2169 5265 τὰ
2200 5211 2412 5284 τερπνὰ
2439 5212 2532 5266 τοῦ
2563 5212 2767 5283 κόσμου
2794 5210 3005 5275 τούτου,
3053 5209 3112 5262 οὐ
3169 5207 3243 5278 μή
3294 5207 3668 5276 μεταστήσωσι

2215 5367 2261 5399 ⁸⁸
2290 5369 2376 5422 Al.
2409 5368 2535 5423 add.
2579 5367 2714 5422 ἀλλὰ
2748 5369 2929 5437 πάσης
2974 5364 3248 5438 ρυπαρίας
3295 5362 3665 5434 πεπλήρωται,

2172 5553 2285 5623 (95)
2324 5553 2431 5606 Vit.
2471 5554 2625 5608 Patr.
2662 5569 2716 5619 κ,
2741 5555 2826 5608 49.

2175 5625 2287 5692 (96)
2325 5625 2429 5678 Vit.
2467 5623 2618 5676 Patr.
2642 5641 2698 5686 Χ,
2726 5623 2812 5678 50.

2177 5695 2290 5766 (97)
2342 5695 2445 5749 Vit.
2476 5695 2630 5748 Patr.
2672 5711 2752 5763 ιιι,
2792 5695 2878 5749 10.
