3874 6312
434 255 534 312 331

1565 247 1907 302 APPENDIX
1948 243 2041 300 Αἰ)
2081 247 2502 304 PALIADIUM.

3579 247 3692 303 532

438 372 616 425 dixit:
650 369 853 425 Relicta
885 371 1014 426 mihi
1057 379 1142 425 est
1177 369 1506 433 ha‘reditas;
1545 368 1673 437 quid
1713 367 1908 420 faciam
1947 383 2013 421 ex

2145 368 2461 436 ἱατελεὶφθη
2495 385 2584 436 μοι
2609 365 2970 437 κληρονομίαο
3005 367 3058 419 τί
3098 367 3308 436 ποιήσω
3347 365 3548 435 αὑτήν;
3587 366 3694 419 Λέμ-

439 464 541 517 ea?
567 463 656 516 Ait
682 466 754 516 illi
793 480 956 517 senex
991 483 1002 516 :
1036 464 1159 525 Abi,
1193 473 1244 516 et
1273 472 1394 531 post
1435 472 1546 514 tres
1579 460 1696 514 dies
1738 460 1886 519 veni,
1924 474 2012 510 re-

442 570 818 622 sponsumque
869 553 1032 607 feres.
1074 551 1258 606 Rediit
1300 552 1484 619 igitur,
1538 549 1681 602 sicut
1731 547 2016 601 deﬁnierat

441 663 630 702 senex.
683 647 784 712 Qui
834 647 912 700 sic
941 647 1176 712 ,Iocutus
1210 652 1292 696 est
1323 647 1372 697 ei
1409 662 1421 696 :
1453 643 1591 707 Quid
1627 641 1727 694 tibi
1766 641 2017 694 dicturus

441 757 586 799 sum.
608 740 806 792 frater?
827 738 1121 791 Sidixero:
1152 736 1296 789 Aﬂ'er
1314 735 1379 786 ad
1397 735 1717 800 ecclesiam;
1737 734 1843 786 illic
1864 747 2019 799 pran-

441 833 530 885 dia
548 834 752 883 faciunt
781 841 834 884 et
859 831 1132 882 convivia.
1167 827 1222 881 Si
1255 828 1443 881 dixero
1476 846 1488 880 :
1523 826 1595 878 Da
1625 835 1853 896 cognato
1885 835 2013 888 tuo;

439 923 746 976 mercedem
777 937 886 974 non
919 922 1172 989 recipies.
1229 920 1289 972 Si
1333 933 1512 972 autem
1549 920 1972 987 pronuntiavero
2001 935 2014 968 :

442 1012 714 1066 Distribue
759 1014 812 1066 in
861 1027 1158 1082 pauperes;
1214 1011 1394 1064 facere
1436 1011 1696 1078 negliges.
1746 1006 2018 1076 Quidquid

439 1122 571 1174 ergo
608 1106 894 1175 placuerit,
927 1107 1092 1157 facito
1121 1143 1134 1166 ,
1172 1120 1272 1172 ego
1314 1103 1486 1172 culpa:
1521 1103 1693 1155 aIIinis
1735 1118 1841 1154 non
1874 1117 2016 1153 sum.

512 1198 600 1250 34.
644 1197 720 1266 (7)
752 1196 1108 1265 Intermgavit
1143 1181 1265 1249 eum
1317 1195 1456 1248 alius
1498 1194 1687 1256 frater,
1731 1194 1862 1263 quid
1913 1192 2017 1247 sibi

440 1292 606 1345 vellet
647 1291 777 1342 illud
812 1309 824 1343 :
863 1288 945 1342 Ne
971 1289 1160 1341 reddas
1191 1289 1392 1340 malum
1419 1303 1516 1354 pro
1549 1287 1690 1338 malo
1715 1287 1784 1338 7°.
1821 1287 1908 1339 Ait
1935 1301 2021 1339 se-

454 1396 556 1433 nex
589 1399 601 1433 :
639 1378 737 1432 llic
783 1378 1012 1432 aIIectus
1047 1388 1285 1446 quatuor
1317 1378 1475 1431 habet
1519 1375 1748 1430 modus:
1785 1375 2016 1445 primum

442 1489 472 1522 ιι
499 1471 704 1533 corde;
737 1471 1038 1525 secundum
1071 1487 1133 1522 ex
1162 1478 1422 1538 aspectu;
1459 1470 1674 1522 tertium
1705 1470 1771 1521 de
1800 1468 2016 1536 lingua;

441 1576 703 1633 quartum
734 1579 862 1617 vero
892 1572 998 1624 est,
1048 1579 1157 1616 non
1194 1563 1373 1615 facere
1402 1563 1605 1614 malum
1640 1577 1740 1628 pro
1769 1561 1929 1611 man.
1963 1558 2018 1610 Si

441 1657 691 1728 potueris
732 1655 1000 1709 mundare
1049 1673 1145 1708 cor
1185 1665 1362 1717 tnum,
1420 1671 1525 1706 non
1558 1655 1701 1706 venit
1752 1653 1817 1706 ad
1863 1668 2022 1719 aspe-

2121 480 2204 529 γει
2237 461 2384 530 αὐτῷ
2406 464 2433 513 ὁ
2463 461 2666 530 γέρων·
2706 459 2961 524 ’Λπελθε,
3006 462 3099 513 καὶ
3134 461 3271 529 μετὰ
3297 463 3446 529 τρεῖς
3477 460 3694 529 ἡμέρας

2122 555 2262 618 ἐλθὲ,
2298 555 2391 606 καὶ
2418 553 2560 620 λέγω
2601 569 2702 604 σοι.
2740 547 2911 604 Ἦλθε
3073 541 3250 615 καθὼς
3288 553 3481 623 ὥρισεν
3518 553 3692 623 αὐτῷ.

2122 647 2224 700 Καὶ
2266 641 2416 697 εἶπεν
2441 647 2470 697 ὁ
2499 644 2705 715 γέρωνο
2751 643 2814 694 Ti
2847 644 2954 712 ἔχω
2992 662 3072 696 σοι
3105 647 3297 707 εἰπεῖν,
3318 642 3535 714 scatet;
3566 645 3696 698 Ἐὰν

2120 739 2258 790 εἴπω
2287 755 2386 797 σοι,
2422 737 2520 799 Δὸς
2543 735 2682 788 αὐτὰ
2712 737 2790 799 εἰς
2816 737 3131 806 ἐκκλησίαν,
3167 741 3284 790 ἐκεῖ
3315 739 3695 811 ἀριστοποιου-

2124 849 2224 883 σιν.
2244 830 2367 883 Ἐὰν
2382 830 2520 882 εἴπω
2550 846 2652 890 σοι,
2669 829 2767 890 Δὸς
2787 829 2923 881 αὐτὰ
2948 833 3196 898 συγγενεῖ
3218 847 3331 894 σου,
3347 831 3446 882 οὐκ
3468 831 3586 882 ἔστι
3613 846 3693 882 σοι

2125 924 2333 994 μισθός.
2375 923 2498 975 Ἐὰν
2529 923 2585 975 δὲ
2615 922 2753 974 εἴπω
2780 939 2880 982 σοι,
2907 923 3003 985 Δὸς
3027 924 3167 976 αὐτὰ
3200 926 3450 991 πτωχοῖς,
3498 923 3698 991 ἀμερι-

2127 1021 2298 1088 μνεῖς.
2318 1015 2384 1071 Εἴ
2402 1035 2454 1070 τι
2478 1013 2569 1070 οὖν
2593 1015 2784 1080 θέλεις,
2799 1017 3038 1084 ποίησον·
3054 1013 3162 1083 ἐγὼ
3189 1019 3418 1088 πρᾶγμα
3435 1015 3536 1067 οὑκ
3565 1013 3694 1084 ἔχω.

2192 1198 2282 1250 λδ’.
2339 1197 2649 1267 ’Πρώτησεν
2697 1197 2854 1250 αὐτὸν
2895 1196 3052 1259 ἄλλος
3099 1196 3339 1264 ἀδελφὸς,
3381 1194 3591 1262 λέγων’
3632 1192 3699 1246 Τί

2123 1293 2257 1353 ἐστι,
2311 1291 2406 1357 Μὴ
2465 1291 2798 1356 ἀποδώσεις
2853 1289 3045 1343 καλὸν
3085 1289 3215 1342 ἀντὶ
3263 1288 3452 1342 κακοῦ
3471 1302 3496 1350 ,⁸
3534 1288 3698 1355 Λέγει

2124 1385 2269 1453 αὑτῴ
2299 1387 2327 1436 ὁ
2353 1384 2529 1453 γέρων
2551 1403 2562 1414 ο
2613 1383 2686 1436 Τὸ
2734 1382 2900 1445 πάθος
2939 1382 3096 1434 τοῦτο
3131 1382 3401 1451 τέσσαρας
3435 1379 3550 1449 ἔχει
3576 1379 3699 1448 τρόο

2125 1493 2287 1538 πους·
2318 1468 2534 1546 πρῶτον
2563 1476 2669 1528 ἀπὸ
2692 1475 2932 1546 καρδίας.
2960 1473 3210 1544 δεύτερον
3228 1472 3334 1526 ἀπὸ
3353 1472 3554 1541 ὅψεως,
3582 1471 3700 1541 τρί-

2123 1587 2213 1622 τον
2248 1568 2519 1638 γλώσσης,
2565 1569 2821 1638 τέταρτόν
2866 1569 3002 1627 ἐστι,
3043 1567 3104 1619 τὸ
3143 1566 3216 1636 μὴ
3256 1566 3483 1634 ποιῆσαι
3527 1565 3699 1616 κακὸν

2124 1661 2249 1712 ἀντὶ
2293 1658 2484 1712 κακοῦ.
2533 1659 2656 1711 Ἐάν
2709 1658 2929 1710 δύνασαι
2981 1657 3270 1728 καθαρίσαι
3321 1657 3418 1727 τὴν
3469 1657 3700 1726 καρδίαν

443 1760 592 1802 ctum
620 1767 635 1813 ;
669 1751 814 1818 quod
845 1748 892 1802 si
923 1752 975 1801 in
1013 1757 1370 1816 conspectum
1406 1747 1638 1808 venerit,
1678 1762 1807 1798 cave
1841 1761 1907 1797 ne
1946 1748 2016 1794 lu-

2145 1770 2240 1812 rou,
2285 1753 2384 1804 οὐκ
2434 1752 2648 1820 ἔρχεται
2688 1754 2766 1806 εἰς
2805 1752 2902 1821 τὴν
2929 1751 3050 1820 ὄψιν
3077 1767 3089 1780 ο
3119 1752 3214 1803 ἐὰν
3241 1750 3296 1802 δὲ
3322 1749 3450 1823 ἔλθῃ
3486 1752 3566 1811 εἰς
3604 1750 3702 1818 τὴν

443 1845 667 1910 quaris;
704 1841 750 1896 si
776 1857 902 1894 vero
933 1839 1098 1892 etiam
1130 1839 1348 1892 locutus
1378 1839 1570 1899 fueris,
1596 1839 1706 1890 cito
1735 1834 2016 1896 abscinde,

443 1943 499 1986 nt
537 1951 644 1988 non
673 1933 844 1988 facias
877 1936 1076 1986 malum
1113 1947 1212 2000 pro
1251 1932 1418 1986 malo.

513 2025 600 2077 55.
648 2026 722 2092 (8)
759 2023 905 2075 Dixit
937 2023 1110 2075 abbas
1143 2021 1366 2075 Pamien
1399 2041 1410 2074 :
1446 2019 1756 2077 Custodire.
1802 2019 1904 2072 sibi
1938 2028 2021 2070 at—

440 2116 688 2176 tendere.
736 2123 788 2168 et
830 2114 1109 2176 discretio,
1161 2113 1240 2164 ha:
1289 2121 1400 2166 tres
1456 2115 1690 2164 virtutes
1723 2109 1822 2162 via:
1852 2109 2021 2163 duces

441 2218 569 2264 sunt
603 2209 816 2262 anima}.

510 2301 599 2353 5η.
645 2300 720 2369 (9)
754 2299 899 2352 Dixit
949 2298 1146 2352 iterum
1181 2314 1193 2348 :
1229 2295 1508 2363 Projicerc
1564 2309 1622 2349 se
1665 2309 1848 2348 coram
1891 2291 2020 2354 Deo,

441 2394 683 2462 seipsum
739 2407 848 2446 non
904 2391 1108 2449 metiri.
1162 2391 1377 2444 mittere
1424 2397 1571 2441 retro
1610 2387 1884 2456 propriam
1927 2401 2023 2438 vo-

440 2483 730 2542 Iuntatetn.
764 2489 894 2537 sunt
924 2483 1289 2536 instrumenta
1319 2479 1538 2532 animai.

517 2575 605 2628 57.
657 2575 770 2644 (10)
806 2573 953 2626 Dixit
999 2588 1259 2642 quoque:
1294 2568 1486 2624 Omnis
1521 2568 1744 2624 laboris.
1782 2567 2020 2635 quicun-

442 2680 549 2734 que
579 2664 959 2734 supervenerit
993 2663 1114 2728 tibi,
1153 2662 1382 2716 victoria
1416 2669 1520 2724 est,
1549 2668 1754 2713 tacere.

514 2756 601 2809 38.
649 2757 848 2808 Iterum
891 2755 1069 2808 dixit:
1104 2753 1452 2807 Abominatio
1485 2760 1565 2803 cst
1627 2750 1862 2805 Domino
1904 2767 2024 2806 om-

442 2849 527 2903 nis
561 2850 863 2916 corporalis
898 2848 1132 2916 requies.

513 2940 603 2995 59.
647 2941 759 3010 (11)
801 2939 948 2992 Dixit
984 2940 1164 2992 adhuc
1195 2959 1205 2992 :
1236 2938 1290 2992 In
1313 2940 1460 2992 luctu
1496 2938 1606 2990 duo
1637 2946 1798 2991 sunt:
1825 2923 2010 3007 opera-

442 3039 554 3095 tur,
589 3041 642 3084 et
664 3032 923 3086 custodit.

513 3122 604 3176 40.
649 3123 761 3193 (12)
798 3122 1000 3176 Iterum
1044 3123 1224 3174 dixit:
1263 3119 1316 3174 Si
1379 3131 1430 3173 te
1483 3121 1715 3175 subierit
1761 3121 2021 3190 cogitatio

442 3215 511 3270 de
541 3218 703 3270 rebus
732 3217 952 3284 corpori
1002 3217 1354 3276 necessariis,
1391 3213 1669 3282 semelque
1711 3213 2020 3267 constitue-

441 3312 556 3375 ris;
590 3325 891 3380 rursusque
935 3310 1178 3363 secundo
1225 3309 1478 3368 subierit,
1528 3323 1591 3361 ac
1626 3318 1679 3361 tu
1727 3311 2021 3360 constitue-

441 3400 554 3466 ris;
607 3400 653 3454 si
711 3401 872 3454 tertio
917 3400 1169 3463 subierit,
1214 3401 1324 3452 noli
1371 3401 1421 3453 ei
1469 3400 1785 3463 attendere;
1841 3401 2019 3452 otiosa

440 3492 586 3546 enim
611 3503 714 3547 est.
1880 3534 1884 3536 .

516 3583 606 3636 41.
650 3583 764 3653 (I5)
806 3580 1005 3635 Iterum
1063 3599 1076 3637 :
1123 3581 1316 3635 Frater
1362 3581 1720 3652 interrogavit
1769 3581 2017 3635 abbatem

443 3679 701 3732 Arionium
735 3697 747 3731 :
783 3675 921 3742 Quid
978 3687 1062 3730 est
1116 3679 1272 3731 nihili
1339 3692 1397 3731 se
1448 3677 1670 3731 facere?
1718 3675 2020 3744 Respondit

441 3787 607 3826 senex
642 3789 654 3824 :
689 3769 823 3824 Esse
858 3778 909 3824 te
938 3766 1080 3822 infra
1127 3769 1381 3821 animalia
1424 3768 1634 3821 ratione
1665 3768 1932 3830 carentia,
1967 3775 2020 3821 et

440 3880 604 3919 nosse
627 3863 772 3932 quod
804 3863 893 3915 illa
923 3862 1364 3915 condemnationi
1389 3863 1623 3915 obnoxia
1671 3876 1780 3914 non
1815 3862 1947 3914 sint.

513 3957 602 4011 42.
643 3955 771 4009 Item
812 3955 910 4009 :Si
950 3954 1273 4009 recordatus
1319 3954 1483 4008 fuerit
1520 3955 1682 4008 homo
1715 3955 1846 4008 dicti
1872 3954 2019 4024 quod

441 4049 494 4104 in
529 4049 816 4117 Scriptura
860 4048 1059 4118 legitur
1091 4068 1103 4102 :
1138 4046 1220 4100 Ea:
1265 4049 1432 4100 verbis
1480 4049 1581 4100 tuis
1601 4047 2016 4116 justi/icaberis,

441 4153 490 4194 ct
550 4158 611 4194 ex
663 4140 832 4195 verbis
891 4145 994 4195 tuis
1047 4141 1585 4208 condemnaberis”;
1632 4143 1794 4212 eliget
1839 4142 2020 4211 potius

443 4241 642 4287 tacere.

512 4327 603 4380 «15.
647 4327 758 4397 (11)
794 4326 938 4381 Dixit
984 4339 1243 4398 praeterea
1301 4349 1315 4384 :
1361 4327 1580 4383 Initium
1630 4327 1901 4382 malorum
1937 4335 2022 4381 est

443 4414 749 4472 distractio.

513 4507 605 4561 44.
649 4509 760 4581 (15)
814 4509 880 4564 Ει
938 4511 1040 4566 hoc
1090 4514 1299 4574 retulit.
1349 4513 1494 4582 quod
1555 4513 1722 4566 abbas
1774 4510 2021 4567 Isidorus

446 4596 670 4654 Sceteos
718 4605 1002 4674 presbyter
1063 4606 1138 4658 ita
1175 4607 1467 4674 aliquando
1513 4605 1578 4659 ad
1614 4604 2016 4658 multitudinem

441 4691 606 4744 \erha
644 4692 833 4748 fecerit
863 4713 876 4748 ε
909 4696 1150 4760 Fratres,
1201 4713 1382 4752 nonne
1423 4705 1644 4766 propter
1693 4695 1933 4749 laborem
1964 4695 2018 4747 in

444 4779 592 4835 hunc
629 4783 805 4838 locum
840 4787 1128 4843 venimus?
1176 4787 1332 4843 Nunc
1359 4804 1490 4842 vero
1529 4803 1638 4840 non
1669 4785 1908 4853 amplius
1939 4784 2017 4838 Ia-

441 4870 626 4926 borem
660 4875 843 4931 habet.
879 4877 987 4948 Ego
1013 4879 1178 4948 igitur
1215 4887 1474 4949 apparata
1505 4894 1623 4932 mea
1655 4877 1853 4930 melote
1883 4875 2018 4928 abeo

439 4960 508 5014 ad
542 4963 720 5018 locum
753 4969 808 5022 in
853 4985 961 5038 quo
1009 4971 1160 5024 labor
1192 4979 1298 5035 est,
1341 4972 1558 5041 iilicque
1614 4969 1886 5024 inveniam
1930 4981 2018 5021 re-

441 5068 758 5194 “gibus;
797 5129 987 5183 Frater
1015 5129 1152 5184 dixit
1187 5131 1372 5186 abbati
1407 5132 1651 5188 Ptmneni
1673 5094 1698 5186 ἰ
1737 5129 1794 5186 Si
1831 5130 2020 5186 videro

544 5267 588 5295 το
620 5265 638 5318 l
671 5265 865 5320 Thess.
897 5269 1068 5333 v,‘|5;
1100 5269 1119 5322 ι
1147 5270 1293 5327 PN“
1337 5288 1416 5338 ¹¹¹ν
1449 5273 1500 5327 9·

511 5425 590 5488 ('7)
631 5424 735 5478 Vit.
770 5425 918 5479 l'atr.
953 5443 1105 5488 xviii.
1144 5428 1229 5480 I8.

512 5497 588 5563 (8)
631 5495 737 5548 Vit.
775 5493 924 5549 Patr.
962 5514 998 5560 I,
1036 5497 1118 5551 12.

518 5568 596 5636 (9)
632 5565 737 5618 Vit.
765 5564 919 5620 Patr.
957 5583 1044 5629 xv,
1077 5569 1161 5622 54.

513 5637 624 5706 (10›
661 5636 766 5691 Vit.
792 5636 945 5690 Patr.
978 5651 1087 5699 xw,
1112 5637 1164 5689 9.

509 5707 622 5779 (11)
662 5706 758 5762 Vit.
794 5707 1052 5770 Patr.m,
1091 5708 1174 5761 12.

1582 5274 1624 5306 ἰ
1675 5272 1865 5328 Matth.
1918 5287 2017 5336 xit,
2066 5271 2154 5324 '57.

2124 1845 2266 1913 ὅᾷιν,
2303 1845 2570 1914 φυλάττου
2613 1843 2674 1896 τὸ
2713 1844 2786 1915 μὴ
2829 1843 3000 1898 λαλεῖν
3026 1859 3039 1873 °
3078 1842 3173 1896 ἐὰν
3215 1844 3270 1895 δὲ
3311 1843 3406 1894 καὶ
3435 1841 3701 1913 λαλήσῃς,

2122 1937 2258 2005 ταχυ
2293 1935 2455 2004 κόψον
2484 1936 2574 1988 τοῦ
2607 1935 2680 2006 μὴ
2714 1937 2934 2006 ποιῆσαι
2959 1934 3127 1988 κακὸν
3167 1935 3285 1986 ἀντὶ
3324 1933 3519 1987 κακοῦ.

2194 2028 2284 2080 λε’.
2329 2026 2490 2080 Εἶπεν
2517 2030 2545 2080 ὁ
2579 2013 2752 2090 ἀϐεᾶς
2782 2027 3011 2098 Ποιμὴν,
3042 2028 3122 2078 ὅτι
3157 2027 3230 2078 Τὸ
3263 2025 3578 2095 φυλάσσειν,
3607 2024 3703 2077 καὶ

2123 2121 2300 2190 ἑαυτῷ
2337 2121 2644 2190 προσέχειν,
2690 2121 2783 2172 καὶ
2827 2122 2860 2188 ή
2906 2119 3197 2189 διάκρισις,
3242 2120 3298 2171 αἱ
3341 2121 3488 2189 τρεῖς
3540 2113 3704 2172 αὗται

2115 2213 2317 2284 ἀρεταὶ
2341 2213 2522 2284 ὁδηγοί
2570 2216 2675 2266 εἰσι
2702 2213 2799 2283 τῆς
2829 2213 3028 2283 ψυχῆς.

2147 2300 2155 2308 ’
2195 2306 2300 2371 λς’.
2336 2303 2468 2360 Eine
2513 2306 2698 2373 πάλιν,
2722 2307 2802 2358 ὅτι
2833 2307 2907 2359 Τὸ
2937 2306 3089 2376 ῥίψαι
3118 2305 3308 2360 ἑαυτὸν
3345 2303 3577 2358 ἐνώπιον
3607 2302 3705 2356 τοῦ

2124 2399 2280 2464 Θεοῦ,
2333 2399 2429 2450 καὶ
2477 2398 2539 2451 τὸ
2581 2399 2654 2469 μὴ
2705 2397 2896 2450 ἑαυτὸν
2951 2401 3188 2468 μετρεῖν.
3249 2400 3341 2450 καὶ
3380 2397 3440 2449 τὸ
3484 2396 3706 2465 βάλλειν

2125 2493 2298 2545 ὀπίσω
2335 2493 2397 2544 τὸ
2435 2492 2564 2546 ἴδιον
2593 2492 2821 2562 θέλημα,
2855 2491 3114 2562 ἐργαλεῖά
3141 2494 3246 2544 εἰσι
3267 2491 3364 2562 τῆς
3391 2491 3593 2561 ψυχῆς.

2201 2585 2300 2647 λζ’.
2344 2581 2482 2638 Εἷπε
2514 2585 2677 2638 πάλιν
2698 2602 2710 2614 '
2755 2586 2870 2648 Πᾶς
2899 2586 3065 2647 κόπος
3093 2585 3155 2648 ὃς
3193 2584 3259 2638 ἂν
3283 2584 3482 2658 ἐπέλθῃ
3526 2601 3635 2648 σοι,
3671 2585 3705 2653 ἡ

2125 2677 2248 2746 νίκη
2284 2676 2450 2730 αὐτοῦ
2476 2679 2593 2731 ἐστι
2625 2681 2857 2750 σιωπᾷν.

2195 2771 2294 2840 λη’.
2325 2766 2456 2824 Εῐπε
2489 2771 2650 2824 πάλιν
2669 2785 2684 2800 ·
2713 2772 2996 2842 Βδέλυγμά
3025 2775 3139 2826 ἐστι
3168 2773 3356 2842 Κυρίῳ
3408 2773 3558 2824 πᾶσα
3591 2786 3704 2823 σω-

2129 2861 2329 2932 ματικὴ
2360 2862 2685 2925 ἀνάπαυσις.

2196 2952 2292 3005 λθ’.
2327 2949 2463 3006 Εἶπε
2497 2953 2659 3006 πάλιν
2679 2971 2692 2984 ⁸
2729 2953 2800 3006 Τδ
2830 2955 3028 3018 ’πένθος
3058 2954 3278 3008 διπλοῦν
3303 2956 3460 3007 ἐστιν
3481 2971 3496 2984 °
3530 2951 3703 3025 ἐργά-

2049 3074 2089 3129 C
2126 3047 2295 3110 ζεται,
2327 3047 2420 3098 καὶ
2452 3045 2732 3114 φυλάσσει.

2200 3143 2271 3208 μ’.
2309 3133 2444 3190 Eius
2499 3138 2692 3192 πάλιν·
2769 3139 2898 3192 Ἐὰν
2950 3139 3077 3214 ἔλθῃ
3137 3157 3217 3193 σοι
3262 3139 3522 3209 λογισμὸς
3572 3138 3708 3209 περὶ

2123 3231 2230 3282 τῶν
2281 3231 2594 3299 ἀναγκαίων
2644 3229 2737 3283 τοῦ
2799 3231 3047 3300 σώματος
3105 3232 3326 3302 χρειῶν,
3383 3233 3470 3286 καὶ
3520 3231 3710 3285 διατὰο

2125 3321 2220 3393 ξῃς
2261 3323 2426 3388 ἅπαξ,
2471 3324 2562 3374 καὶ
2601 3323 2763 3376 πάλιν
2805 3325 3056 3395 δεύτερον
3099 3324 3226 3396 ἔλθῃ
3271 3326 3367 3379 καὶ
3414 3323 3707 3396 διατάξῃςο

2122 3414 2188 3466 τὸ
2224 3416 2404 3485 τρίτον
2440 3415 2535 3468 ἐὰν
2580 3415 2730 3486 ἔλθῃ,
2767 3416 2840 3486 μὴ
2876 3417 3118 3488 πρόσχῃς
3167 3417 3351 3487 αὐτῷ·
3393 3417 3566 3487 ἀργὸς
3596 3415 3708 3486 γάρ

2123 3509 2258 3561 ἐστι.

2197 3596 2302 3666 μα’.
2344 3593 2478 3650 Eine
2518 3599 2700 3660 πάλιν,
2732 3599 2814 3652 ὅτι
2847 3599 3094 3667 ’Λδελφδς
3117 3599 3367 3669 ἠρώτησε
3396 3599 3487 3650 τὸν
3529 3597 3709 3650 ἁὸϐἆν

2136 3688 2404 3749 ’Λλὼνιον,
2440 3689 2613 3758 λέγων
2640 3706 2652 3718 °
2689 3691 2752 3742 Τί
2803 3693 2950 3742 ἐστιν
2981 3690 3352 3755 ἐξουδένωσις;
3388 3690 3499 3743 Καὶ.
3556 3685 3709 3742 εἶπεν

2122 3784 2151 3834 ό
2174 3781 2350 3852 γέρων
2372 3799 2384 3812 ’
2418 3783 2490 3834 Τὸ
2517 3778 2654 3836 εἴ·ιαὶ
2694 3800 2753 3835 σε
2795 3785 3051 3836 ὑποκάτω
3085 3783 3193 3836 τῶν
3237 3783 3464 3850 ἀλόγων,
3501 3783 3596 3834 καὶ
3625 3784 3706 3833 εἰ·

2122 3873 2268 3926 δὲναι
2294 3875 2376 3927 ὅτι
2405 3875 2452 3905 ⁷⁸
2476 3876 2820 3945 ἀκατάκριτά
2860 3878 3019 3930 εἰσιν.

2198 3965 2305 4036 μβ’.
2338 3961 2471 4019 Εἷπε
2502 3965 2684 4028 πάλιν,
2723 3968 2807 4020 ὅτι
2857 3968 2984 4021 Ἐὰν
3027 3965 3238 4036 μνησθῇ
3282 3964 3568 4036 ἄνθρωπος
3610 3962 3710 4016 τοῦ

2123 4059 2510 4128 γεγραμμένου
2565 4058 2753 4128 ῥητοῦ,
2803 4060 2884 4112 ὅτι
2934 4059 3026 4112 Ἐκ
3075 4057 3192 4110 τῶν
3227 4060 3426 4126 λόγων
3468 4073 3588 4110 σου
3624 4054 3704 4108 διν

2117 4148 2454 4219 Πκαιωθήσῃ.
2476 4148 2570 4200 καὶ
2597 4149 2663 4200 ἐκ
2687 4147 2804 4200 τῶν
2825 4151 3024 4218 λόγων
3044 4163 3162 4200 σου
3185 4143 3700 4203 καταδικασθήσῃ.

2125 4242 2362 4311 αἱρεῖται
2405 4239 2604 4309 μᾶλλον
2624 4239 2684 4307 τὸ
2709 4241 2935 4310 σιωπᾷν.

2200 4338 2309 4401 μγὀ
2356 4327 2490 4384 Εἷπε
2543 4331 2743 4384 πάλιν’
2818 4331 2986 4403 Ἀρχὴ
3032 4331 3217 4384 κακῶν
3263 4332 3411 4376 εστιν
3463 4323 3492 4374 ὀ
3544 4336 3694 4388 nept-

2054 4424 2099 4479 D
2128 4423 2398 4494 σπασμός.

2199 4517 2300 4587 μδ’.
2332 4512 2464 4569 Εἷπε
2501 4516 2680 4578 πάλιν,
2714 4515 2795 4568 ὅτι
2827 4516 2855 4568 ό
2876 4512 3056 4574 assa;
3099 4508 3368 4577 Ἰσίδωρος
3398 4507 3426 4559 ὁ
3459 4502 3703 4573 πρεσϐύ-

2121 4628 2277 4682 τερος
2308 4610 2406 4680 τῆς
2447 4610 2699 4680 Σκήτεως
2743 4606 2972 4676 ἐλάλησέ
3015 4621 3142 4657 ποτε
3203 4600 3279 4672 τῷ
3311 4597 3443 4669 λαῷ,
3491 4597 3702 4664 λέγων·

2135 4703 2400 4772 Ἀδελφοὶ,
2441 4703 2561 4772 οὐχὶ
2591 4702 2774 4754 ἕνεκεν
2821 4700 2990 4752 κόπου
3030 4697 3264 4767 ἤλθομεν
3310 4693 3388 4753 εἰς
3416 4691 3506 4742 τὸν
3540 4690 3706 4742 τόπον

2126 4795 2345 4862 τοῦτον;
2396 4797 2504 4858 Καὶ
2553 4793 2648 4846 νῦν
2719 4795 2817 4847 οὐκ
2866 4793 2948 4846 ἔτι
2991 4791 3102 4861 ἔχει
3157 4787 3344 4840 κόπον.
3413 4781 3552 4850 Ἐγὼ
3611 4776 3707 4834 οὖν

2129 4887 2400 4963 σκευάσας
2428 4887 2527 4956 τὴν
2555 4886 2812 4956 μηλωτήν
2839 4901 2940 4954 μου
2990 4882 3299 4951 ἀπέρχομαι
3320 4877 3453 4930 ὅπου
3471 4873 3588 4927 ἐστὶ
3612 4873 3707 4924 κό-

2129 4997 2250 5042 πος,
2276 4981 2369 5032 καὶ
2395 4981 2512 5032 ἐκεῖ
2544 4979 2783 5046 εὑρίσκω
2811 4978 3136 5030 ἀνάπαυσιν.

2203 5137 2303 5201 με’.
2363 5129 2614 5197 Ἀδελφδς
2655 5124 2777 5180 εἷπε
2811 5126 2889 5196 τῷ
2931 5126 3074 5196 άϐὅᾷ
3105 5121 3330 5192 Ποιμένι
3353 5137 3367 5153 ⁸
3421 5113 3542 5168 Ἐὰν
3575 5108 3705 5164 θεά.

2232 5271 2278 5302 "
2311 5269 2395 5325 AI.
2427 5269 2596 5324 inser.
2653 5270 2857 5321 ἐκεῖνα.
3649 5241 3662 5252 ι

2204 5423 2318 5494 (12)
2365 5423 2471 5477 Vit.
2498 5422 2656 5494 Patr.
2683 5437 2738 5484 κ,
2769 5418 2859 5494 5:1:

2203 5484 2316 5562 (15)
2368 5494 2468 5548 Vit.
2498 5493 2652 5546 Patr.
2690 5508 2776 5550 xv,

2203 5557 2317 5634 (14)
2363 5563 2463 5616 Vit.
2499 5563 2655 5614 Patr.
2689 5573 2763 5620 ιι,
2795 5557 2882 5634 12.

2208 5628 2319 5705 (Ii?)
2363 5634 2466 5687 Vit.
2509 5636 2658 5705 [’atr.
2689 5628 2914 5705 \‘lILH‘I‘.

2209 5699 2320 5776 (I6)
2363 5705 2444 5756 Vit
2500 5702 2649 5754 I’atr.
2686 5716 2738 5758 ι.
2766 5699 2854 5752 53.
