3874 6334
163 331 247 388 333
1278 313 1888 370 APOPHTHEGMATA
1923 310 2233 366 PATRUM.
3259 301 3366 356 331

159 463 308 518 σωμαι
353 444 596 516 πρᾶγμα,
649 441 822 504 Θέλεις
874 439 1014 493 εἴπω
1056 439 1220 502 αὐτό;
1270 439 1432 507 Λέγει
1481 437 1686 508 αὐτῷὁ

1837 452 1925 498 θη),
1955 435 2117 504 jubes
2158 446 2216 486 ιιι
2262 448 2380 486 eam
2416 429 2682 485 efferam?
2721 429 2810 482 Ait
2851 429 2926 482 illi
2974 441 3139 481 senex
3174 423 3367 480 :Scri-

160 539 338 610 γέρων·
380 535 686 606 Γέγραπται
709 549 723 562 ⁸
776 533 874 597 Ὃς
922 529 1031 584 ἐὰν
1070 530 1462 597 ἀποκρίνηται
1504 529 1690 596 λόγον

1838 537 1946 582 ιιιιιι
1987 535 2071 582 est
2105 545 2117 580 :
2154 526 2257 591 Qui
2292 523 2621 592 responderit
2658 521 2872 576 verbum
2913 521 3224 590 priusquam
3265 531 3368 570 au-

159 608 276 700 κριν
294 627 564 690 ἀκοῦσαι,
605 624 922 695 ἀφροσύνη
955 622 1117 689 αὐτῷ
1151 623 1285 676 ἐστι
1311 623 1410 676 καὶ
1438 621 1688 691 ὄνειδος.

1842 622 1944 677 iat:
1975 619 2208 674 stultitia
2233 619 2281 672 ei
2307 627 2381 671 est
2414 626 2463 669 et
2494 615 2834 685 opprobrium
2876 613 2943 666 τ’.
2975 610 3032 666 Si
3052 625 3183 681 ergo
3207 608 3372 663 inter-

168 725 272 778 Ἐὰν
295 719 659 791 ἐπερωηθῇς,
690 717 839 771 εἰπέ·
885 716 934 766 εἰ
971 715 1028 767 δὲ
1060 714 1155 784 μὴ,
1189 713 1388 766 σιώπα.

1795 723 2014 780 rogatus
2057 711 2245 770 fueris.
2278 707 2496 778 profer;
2530 708 2615 762 sin
2637 707 2840 768 minus,
2873 715 3011 760 tace.

215 811 315 883 μςη
353 809 628 880 Ἦρώτησέ
680 825 763 870 τις
807 805 1034 872 ἁδελφὸς
1079 803 1172 856 τὸν
1218 804 1394 856 ἁὸὁᾶν
1429 803 1690 873 Ποιμένα,

1865 804 1956 858 46.
2001 803 2189 857 Frater
2216 801 2415 872 aliquis
2449 806 2802 870 percontatus
2831 807 2918 853 est
2953 799 3206 852 abbatem
3243 795 3371 851 Ρω-

157 908 334 973 λέγωνο
379 902 608 955 Δύναται
651 899 940 970 ἄνθρωπος
992 895 1307 950 πεποιθέναι
1347 897 1438 948 ἐπὶ
1483 899 1548 966 τῇ
1599 898 1687 967 μιᾷ

1805 912 2008 952 menem
2037 915 2048 950 :
2073 895 2331 950 Potestne
2386 894 2549 947 homo
2581 892 2857 947 confidere
2893 892 2946 944 in
2976 906 3086 945 una
3117 892 3335 945 actione

157 997 350 1068 πράξει;
386 996 497 1048 Καὶ
515 991 665 1046 εἶπεν
698 990 897 1060 αὐτῷὁ
926 989 1122 1058 γέρων,
1147 991 1272 1042 ὅτιὸ
1305 987 1478 1050 assa;
1517 988 1687 1040 Ἰωάν-

1850 990 2105 1058 espnndit
2145 1002 2332 1052 senex,
2373 986 2590 1040 abbatis
2610 983 2841 1039 Joannis
2871 982 3026 1037 Curti
3063 996 3371 1037 sermonem

156 1093 279 1162 νηςό
307 1084 734 1150 Κολοὸὸς-εἶπεν.
775 1086 857 1137 δτι
901 1081 1042 1149 Ἐγὼ
1088 1081 1224 1134 Θέλω
1255 1079 1574 1150 μεταλαϐεῖν
1610 1098 1686 1151 μι-

1845 1081 2078 1134 tstitisse
2116 1098 2129 1132 :
2165 1077 2276 1148 Ego
2315 1077 2477 1147 cupio
2502 1092 2570 1132 ex
2611 1075 2868 1130 omnibus
2902 1073 3201 1128 virtutibus
3232 1086 3375 1126 non-

155 1185 263 1254 κρόν
282 1199 328 1234 τι
356 1182 419 1233 ὲκ
449 1180 638 1232 πασῶν
662 1178 771 1230 τῶν
800 1175 1030 1246 ἀρετῶν.

736 1196 771 1229 ιν
800 1175 1030 1246 ἀρετῶν.
1796 1172 1930 1225 nihil
1963 1186 2266 1224 assumere.

213 1269 453 1344 μζ’.Εϊπε
485 1273 648 1325 πάλιν
671 1273 702 1324 6
733 1270 932 1339 γέρων,
958 1269 1038 1321 ὅτι
1057 1266 1281 1334 ἁδελφὸς
1318 1266 1573 1336 ἠρώτησε
1606 1267 1696 1318 τὸν

1866 1264 1953 1317 47.
1999 1263 2173 1316 Etiam
2221 1265 2464 1317 narravit
2501 1276 2689 1319 senex.
2723 1259 2868 1329 quod
2917 1259 3088 1314 frater
3128 1260 3375 1312 interro-

153 1366 298 1420 ἀδδᾶν
330 1363 558 1434 Παμϐὼ.
594 1366 641 1415 εἰ
685 1363 849 1416 καλὸν
902 1363 1143 1414 ἐπαινεῖν
1177 1360 1266 1413 τὸν
1309 1359 1535 1426 πλησίον
1555 1376 1569 1390 ·
1603 1358 1683 1412 κατ

1848 1355 2005 1409 tverit
2046 1355 2295 1408 abbatem
2326 1352 2552 1412 Pambo.
2597 1364 2778 1404 utrum
2817 1350 3018 1403 bonum
3073 1359 3218 1404 esset
3259 1349 3378 1402 lau-

155 1453 283 1510 εἶπεν
314 1455 458 1526 αὑτῴ
485 1469 498 1485 ο
531 1453 712 1508 Καλὸν
737 1453 936 1524 μᾶλλόν
972 1455 1087 1506 ἐστι
1116 1452 1179 1505 τὸ
1202 1453 1431 1522 σιωπᾷν.

1848 1462 1929 1498 ’tl‘e
1995 1445 2349 1516 proximum,
2395 1452 2450 1500 et
2505 1444 2596 1497 ille
2640 1441 3023 1512 responderit:
3061 1441 3253 1498 Melius
3291 1450 3378 1496 est

1797 1548 2003 1593 tacere.

213 1647 310 1709 μη’.
343 1634 477 1690 Eine
513 1637 675 1690 πάλιν
697 1637 732 1688 6
757 1635 934 1697 ἀὸσᾶς
961 1632 1192 1704 Ποιμὴν,
1223 1633 1305 1685 ὃτι
1350 1630 1474 1684 Ἐὰν
1501 1633 1701 1704 ποιήσῃ

1867 1631 1956 1684 48.
2001 1630 2117 1701 (l7)
2145 1628 2286 1682 Dixit
2317 1629 2513 1682 iterum
2537 1627 2709 1682 abbas
2731 1625 2955 1681 Pmmen
2988 1645 3002 1680 :
3033 1625 3183 1681 Licet
3214 1614 3388 1680 homo

152 1732 404 1803 ἄνθρωπος
428 1730 612 1782 καινὸν
624 1728 856 1799 οὐρανὸν
876 1727 969 1779 καὶ
985 1725 1173 1795 καινὴν
1188 1725 1312 1795 γῆν,
1334 1724 1393 1776 οὐ
1420 1723 1638 1777 δύναται
1654 1724 1682 1754 ’λ

1849 1721 2118 1774 reduxerit
2147 1735 2352 1774 novum
2369 1718 2566 1774 caelum
2594 1727 2649 1773 et
2669 1733 2864 1773 novam
2891 1724 3116 1782 terram,
3148 1731 3258 1771 non
3289 1733 3379 1787 po-

153 1824 517 1893 ἀμεριμνῆσαι.

1728 1804 1769 1861 Β
1800 1821 1904 1866 test
1925 1812 2075 1865 curis
2106 1826 2315 1865 carere.

210 1914 307 1984 μθ’.
347 1911 482 1966 Εῐπε
521 1911 704 1973 πάλιν,
734 1911 816 1963 ὅτι
855 1909 913 1963 Ὀ
955 1908 1240 1980 ἄνθρωπος
1277 1907 1453 1960 δέεται
1480 1909 1578 1977 τῆς
1606 1925 1706 1961 τα-

1869 1900 1958 1955 49.
1990 1900 2100 1970 (18)
2141 1901 2380 1955 Rursum
2415 1899 2590 1954 dixit:
2635 1897 2808 1954 Homo
2842 1899 3048 1970 indiget
3074 1898 3381 1952 humilitate

152 2005 553 2076 πεινοφροσὺνης
577 2005 628 2035 ⁷⁸
659 2003 751 2056 καὶ
781 2001 875 2055 τοῦ
895 2001 1062 2071 φόϐου
1081 2003 1175 2053 τοῦ
1210 2001 1368 2062 Θεοῦ,
1395 1999 1584 2071 ὥσπερ
1606 2000 1682 2070 τῆὲ

1853 2007 1870 2046 3
1913 1991 2007 2046 Dei
2051 1992 2266 2057 timore,
2315 1991 2773 2062 quemadmodum
2814 1991 2942 2045 ﬂatu
2977 1992 3069 2062 qui
3097 2006 3130 2045 e
3155 1990 3383 2046 naribus

152 2097 295 2168 πνοῆς
322 2095 764 2167 ὲκπορευομένης
794 2097 859 2147 ὲκ
879 2093 981 2162 τῆς
1010 2093 1155 2164 ῥινὸς
1180 2092 1368 2147 αὑτοῦ.
1803 2085 1924 2153 ejus
1956 2083 2152 2152 pr0dil.

206 2195 261 2243 ν.
311 2189 562 2257 ’Δδελερὸς
597 2186 848 2259 ἠρώτησε
880 2186 970 2239 τὸν
1009 2186 1182 2240 ἀϐδᾶν
1208 2187 1468 2257 Ποιμένα,
1494 2186 1666 2255 λέγων
1686 2200 1700 2215 ⁸

1876 2175 1966 2230 50.
1997 2174 2110 2244 (l9)
2146 2173 2339 2254 Frater
2370 2175 2726 2244 interrogavit
2759 2175 3010 2230 abbatem
3046 2175 3382 2237 Pwmenem.

152 2281 203 2332 Τί
223 2284 417 2353 ποιήσω
438 2299 452 2341 ;
476 2281 638 2348 Λέγει
675 2277 824 2350 αὑτῷ
841 2279 871 2330 6
891 2278 1069 2350 γέρων
1091 2298 1105 2311 ο
1143 2278 1392 2350 Ἀϐραὰμ
1412 2280 1502 2331 ὅτε
1524 2277 1682 2347 είσῆλ

1857 2267 1936 2321 uid
1972 2265 2150 2320 facere
2204 2265 2445 2320 deberet.
2481 2265 2571 2318 Ait
2603 2267 2676 2318 illi
2709 2283 2909 2321 senex:
2953 2265 3185 2332 Quando
3210 2265 3387 2321 Abra-

149 2376 225 2424 (ιεν
247 2375 318 2436 είς
345 2373 441 2444 τὴν
473 2374 580 2441 γῆν
608 2373 709 2441 τῆς
749 2371 1101 2440 ἐπαγγελίας,
1141 2375 1405 2442 μνημεῖον
1435 2372 1679 2440 ἠγόρασε

1857 2371 1932 2410 ιιι)
1966 2357 2246 2426 ingressus
2292 2365 2377 2410 est
2433 2357 2488 2411 in
2553 2364 2752 2410 terram
2812 2355 3218 2424 promissionis.
3282 2355 3387 2410 sibi

149 2464 320 2534 ἑαυτῷ,
364 2466 458 2517 καὶ
517 2464 604 2516 διὰ
638 2463 732 2516 τοῦ
778 2463 951 2530 τάφου
993 2463 1398 2533 ἐκληρονόμησε
1435 2462 1536 2532 τὴν
1578 2461 1679 2529 γῆν

1860 2447 1940 2500 nit
1967 2458 2408 2509 monumentum,
2467 2462 2532 2502 ac
2564 2464 2659 2518 per
2711 2448 3024 2518 sepulcrum
3059 2457 3262 2503 terram
3297 2462 3390 2502 ac-

148 2555 327 2618 Λέγειὸ
345 2554 580 2622 ἀδελφός
599 2569 613 2584 ’
631 2553 695 2604 Τί
719 2553 835 2605 ἐστι
857 2551 1026 2620 τάφος
1044 2568 1058 2617 ;
1081 2552 1244 2620 Λέγει
1265 2550 1415 2622 αὐτῷ
1440 2553 1468 2604 6
1495 2549 1672 2622 γέρων

1861 2542 1951 2610 ~pit
2012 2543 2065 2594 in
2128 2541 2519 2596 baareditatem.
2585 2544 2755 2610 lingat
2829 2541 3038 2596 frater:
3109 2540 3248 2608 Quid
3305 2551 3391 2596 est

147 2645 298 2711 Τόπος
313 2645 599 2718 κλαυθμοῦ
621 2646 716 2699 καὶ
741 2645 992 2709 πένθους.

1863 2634 2164 2711 pulcrum?
2225 2633 2404 2688 Senex
2472 2635 2763 2703 respondet
2813 2654 2824 2686 :
2874 2635 3054 2690 Locus
3111 2635 3271 2690 fletus
3336 2644 3393 2690 et

1810 2725 2010 2778 luctus.

203 2830 294 2875 vz'.
339 2823 596 2893 Ἀδελφὸι,
637 2819 758 2876 εἷπε
788 2822 866 2894 τῷ
903 2822 1049 2894 ἀ66ᾷ
1075 2823 1301 2894 Ποιμένι
1321 2839 1336 2853 ⁵
1367 2823 1496 2877 Ἐὰν
1521 2823 1598 2877 δῶ
1629 2823 1709 2894 τῷ

1883 2818 1970 2872 51.
2015 2817 2126 2888 (20)
2150 2817 2339 2872 Frater
2369 2817 2507 2872 dixit
2545 2819 2729 2873 abbati
2776 2818 3060 2876 Poemeni:
3095 2820 3153 2874 Si
3180 2820 3383 2875 dedero

145 2913 333 2984 ἀδελφῷ
373 2931 479 2984 μου
531 2913 728 2983 μικρὸν
761 2915 945 2984 ἄρτον,
984 2914 1017 2984 ἢ
1061 2912 1248 2983 ἕτερόν
1270 2931 1343 2975 τι,
1375 2916 1423 2966 οἱ
1457 2913 1675 2983 δαίμονε

1867 2910 1970 2963 atri
2005 2925 2126 2965 meo
2163 2926 2353 2979 parum
2385 2910 2565 2980 panis,
2603 2919 2697 2963 aut
2726 2913 2873 2966 aliud
2901 2912 3054 2984 quid,
3119 2912 3396 2970 daemones

150 3005 442 3073 μολύνουσιν
471 3005 617 3059 αὐτὰ
633 3007 699 3068 ⁷⁵,
720 3006 794 3069 ὡς
816 3006 956 3059 κατὰ
973 3005 1460 3078 ἀνθρωπαρεσκίαν
1487 3007 1678 3077 γινόμε

1867 3005 2067 3058 ›ΙΙιιιιιιι
2098 3004 2254 3066 illud,
2287 3006 2446 3074 quasi
2488 3005 2555 3060 ad
2590 3005 2914 3075 placendum
2967 3005 3282 3062 hominibus
3317 3006 3397 3060 fa-

145 3113 200 3147 να
222 3097 280 3150 ⁷⁸.
325 3097 498 3166 Λέγει
536 3096 684 3167 αὐτῷ
713 3102 750 3184 .6
799 3098 976 3168 γέρων
1002 3115 1016 3127 ·
1049 3099 1111 3150 Εἰ
1151 3099 1246 3151 καὶ
1288 3100 1428 3151 κατὰ
1461 3098 1675 3170 ἀνθρωτπ

1873 3114 1962 3152 um
1995 3097 2176 3151 fuerit.
2205 3099 2294 3150 Ait
2329 3097 2380 3152 ei
2410 3113 2575 3153 senex
2604 3117 2617 3151 :
2680 3097 2830 3153 Licet
2862 3098 3044 3153 studio
3081 3099 3398 3155 hominibus

148 3191 394 3257 αρεσκίαν
425 3189 664 3268 γίνεται,
692 3177 808 3242 ἀλλ’
836 3192 996 3261 ἡμεῖς
1024 3190 1123 3261 τὴν
1161 3190 1348 3260 χρείαν
1382 3188 1641 3259 δώσωμεν
1665 3192 1678 3222 ¹

1876 3189 2066 3243 acendi
2098 3189 2210 3251 fiat,
2239 3204 2341 3244 nos
2378 3200 2558 3244 tamen
2588 3189 2856 3247 fratribus
2899 3191 3094 3247 demus
3125 3207 3247 3262 quin
3291 3193 3399 3248 illis

143 3275 208 3346 τῷ
230 3277 460 3348 ἀδελφῷ.
494 3275 631 3332 Εἶπε
664 3279 722 3331 δὲ
759 3279 908 3349 αὐτῷ
941 3280 1036 3332 καὶ
1074 3279 1392 3350 παραϐολὴν
1425 3280 1673 3350 τοιαύτην

1865 3273 2129 3349 ecessaria
2168 3292 2315 3336 sunt.
2353 3281 2569 3351 Adjecit
2596 3299 2817 3354 quoque
2861 3284 3001 3340 hanc
3035 3285 3395 3351 parabolam:

143 3368 232 3422 Atio
257 3369 540 3441 ἄνθρωποι
561 3365 702 3441 ἦσαν
736 3371 974 3441 γεωργοὶ
997 3374 1055 3424 ὲν
1083 3371 1236 3423 πόλει
1273 3370 1547 3435 οἰκοῦντες
1583 3375 1673 3443 μιᾷ

1869 3389 1937 3429 uo
1993 3375 2245 3446 agricola:
2278 3376 2332 3429 in
2364 3377 2552 3432 eadem
2583 3379 2804 3434 civitate
2842 3378 3204 3434 habitabant:
3254 3394 3399 3434 unus

145 3462 224 3515 καὶ
248 3463 275 3515 6
302 3456 383 3526 εἷς
408 3463 516 3533 μὲν
543 3462 600 3528 ἐξ
634 3462 812 3515 αὐτῶν
861 3462 1092 3532 σπείρας
1122 3462 1343 3533 ἐποίησε
1386 3463 1556 3532 μικρὰ
1582 3464 1675 3516 duca‘

1869 3483 1882 3521 ι
1940 3467 2009 3522 iis
2070 3468 2376 3532 seminavit,
2431 3470 2728 3539 retulitque
2806 3487 2979 3540 pauca
3035 3479 3088 3526 et
3145 3472 3399 3542 impura;

146 3550 326 3622 θαρταο
358 3557 387 3607 6
409 3556 470 3608 δὲ
516 3554 693 3620 ἄλλος,
738 3553 1020 3624 ἀμελήσας
1057 3553 1151 3606 τοῦ
1188 3557 1427 3625 σπεῖραι,
1464 3554 1676 3624 ἐποίησε

1866 3565 1954 3612 ter
1981 3575 2103 3613 cum
2137 3575 2321 3615 serere
2358 3561 2706 3631 neglexisset.
2734 3563 2869 3616 nihil
2901 3563 3126 3617 omnino
3157 3563 3396 3632 collegit.

144 3637 261 3703 ΞΜ
286 3641 438 3694 οὐδέν
460 3658 476 3672 ο
508 3640 670 3710 λιμοῦ
688 3641 734 3670 ⁷⁸
767 3641 1085 3710 γενομένου,
1115 3640 1198 3704 τίς
1224 3641 1289 3692 ἐκ
1318 3639 1427 3692 τῶν
1449 3639 1542 3692 δύο
1574 3642 1670 3709 εὑρ

1872 3665 2008 3719 aque
2034 3650 2081 3705 si
2115 3652 2408 3721 contigerit
2437 3652 2630 3716 fames,
2663 3655 2788 3724 quis
2813 3671 2877 3709 ex
2913 3655 3128 3709 duobus
3161 3655 3402 3709 inveniet

146 3745 248 3783 σκει
285 3732 446 3802 ζῆσαι
479 3749 497 3796 ;
548 3729 846 3801 Ἀπεκρίθη
895 3731 924 3782 ὁ
956 3729 1183 3797 ἀδελφός
1215 3747 1228 3760 ο
1270 3730 1330 3782 ὐ
1366 3731 1596 3800 ποιήσας
1650 3747 1676 3782 τ

1872 3742 1965 3797 ade
2009 3743 2196 3797 vivat?
2251 3743 2550 3813 Respondit
2607 3747 2811 3802 frater:
2855 3747 2955 3812 Qui
3001 3762 3172 3816 pauca
3222 3747 3311 3801 illa
3347 3754 3402 3801 et

143 3819 280 3889 ὀλίγα
322 3823 417 3875 καὶ
455 3820 771 3892 ἀκάθαρτα.
805 3821 969 3889 Λέγει
1001 3821 1154 3892 αὑτῴ
1191 3824 1222 3875 6
1269 3824 1485 3893 γέρων·
1531 3822 1673 3876 Οΰτιι

1873 3850 2033 3904 mpura
2067 3835 2323 3891 confecit.
2359 3837 2496 3892 Tum
2533 3855 2696 3894 senex
2730 3859 2740 3894 :
2776 3839 2902 3894 Pari
2950 3840 3114 3910 igitur
3158 3839 3319 3894 modo
3347 3849 3403 3896 et

143 3907 223 3962 οὖν
256 3915 346 3965 καὶ
373 3915 578 3984 ἡμεῖς,
616 3914 934 3985 σπείρωμεν
983 3914 1165 3982 ὀλίγα,
1197 3917 1246 3968 εἰ
1281 3916 1375 3968 καὶ
1409 3914 1673 3987 ἀκάθαρτε

1976 3923 2310 3980 seminemus
2348 3941 2542 3996 pauca,
2574 3931 2825 4000 quamvis
2874 3930 3179 3997 immunda,
3229 3947 3298 3986 ne
3329 3930 3405 3985 fa-
3474 3975 3488 3987 .

145 4001 220 4054 ἵνα
248 4005 317 4074 μὴ
342 4005 422 4074 τῷ
443 4004 593 4075 λιμῷ
631 4005 1012 4076 ἀποθάνωμεν.

714 4005 1012 4076 οθὰνωμεν.
1212 4086 1220 4093 .
1820 4033 1908 4072 me
1937 4033 2244 4087 pereamus.

205 4097 293 4165 νβ’.
331 4091 508 4151 Εἶπεν
541 4097 703 4150 πάλιν
735 4100 763 4150 ὁ
798 4097 976 4159 ἀδδᾶς
1007 4091 1238 4170 Ποιμήν,
1276 4099 1357 4151 ὅτι
1391 4095 1542 4152 εἶπεν
1572 4101 1599 4152 6
1621 4100 1720 4151 ἀϐ-

1891 4109 1979 4163 52.
2015 4109 2127 4180 (21)
2164 4110 2338 4164 Etiam
2365 4113 2550 4165 retulit
2588 4112 2759 4166 abbas
2797 4113 3018 4168 Pmmen
3051 4115 3198 4169 hunc
3235 4115 3401 4170 abba-

149 4181 235 4246 εὶς
265 4188 590 4258 ’Δμμωνᾶς,
625 4191 711 4243 ὅτι
759 4191 913 4244 Ποιεῖ
944 4191 1231 4260 ἄνθρωπος
1264 4193 1382 4246 ὅλον
1415 4192 1505 4245 τὸν
1532 4193 1679 4263 χρὸνι

1874 4203 2201 4258 sAmmona:
2250 4220 2599 4260 sermonem:
2654 4205 2885 4274 Quidam
2933 4224 3029 4277 per
3063 4216 3238 4262 totum
3283 4210 3404 4262 vitae

146 4277 292 4329 αὑτοῦ
315 4278 606 4346 βαστάζων
639 4282 848 4354 ἀξίνην,
866 4285 960 4337 καὶ
985 4284 1083 4354 οὐχ
1109 4285 1352 4356 εὑρίσκει
1372 4290 1676 4354 κατενεγκεῑ

1881 4309 2038 4363 mpus
2071 4295 2308 4349 securim
2345 4304 2546 4366 portat,
2582 4313 2683 4352 nec
2736 4298 2946 4353 invenit
2996 4300 3218 4354 modum
3265 4299 3405 4370 deji-

146 4365 197 4414 τό
217 4366 449 4439 δένδρον.
487 4370 645 4424 Ἔστι
678 4373 735 4425 δὲ
762 4372 921 4436 ἄλλος
950 4372 1216 4444 ἔμπειρος
1237 4375 1330 4426 τοῦ
1365 4375 1608 4439 κόπτειν,
1626 4393 1676 4428 xc

1877 4386 2030 4440 euda-
2065 4389 2299 4442 arboris.
2350 4388 2446 4444 Est
2487 4405 2617 4444 vero
2664 4392 2826 4452 alius,
2884 4391 3106 4446 secandi
3165 4391 3402 4462 peritus,

145 4459 238 4512 ἀπὸ
268 4461 469 4552 δλίγων
494 4465 797 4537 καταφέρει
826 4466 889 4519 τὸ
913 4466 1148 4539 δένδρον.
1181 4469 1373 4537 Ἔλεγε
1400 4469 1456 4522 δὲ
1482 4469 1582 4540 τὴν
1604 4469 1672 4534 ὰξ

1880 4477 1913 4530 ti
1950 4481 2141 4547 paucis
2176 4481 2376 4535 ictibus
2407 4483 2706 4550 prosternit
2756 4485 3030 4539 arborem.
3080 4459 3276 4538 Aiebat
3304 4498 3404 4537 au-

146 4566 231 4620 νην
254 4547 391 4606 εἶναι
423 4557 529 4626 τὴν
547 4555 838 4626 διάκρισιν.

1825 4579 1956 4630 tem.
1999 4571 2235 4624 securim
2267 4587 2390 4626 esse
2415 4572 2828 4626 discretionem.

193 4644 297 4713 ,ντί
343 4648 603 4717 Ἀδελφὸς
630 4649 883 4722 ἠρώτησε
905 4654 997 4707 τὸν
1027 4654 1200 4708 ἀὸὁᾶν
1230 4656 1563 4726 Ποιμένα.λέ
1577 4675 1679 4726 γων
1704 4677 1718 4690 ·

1896 4663 1987 4717 55.
2020 4663 2133 4732 (‘22)
2164 4661 2358 4717 Frater
2397 4674 2748 4734 percontatus
2779 4675 2861 4720 est
2907 4665 3156 4718 abbatem
3189 4661 3407 4716 Preme-

144 4734 254 4798 Πῶς
277 4739 486 4807 ὀφείλει
535 4739 822 4812 ἄνθρωπος
865 4745 1322 4812 πολιτεύσασθαι;
1365 4750 1524 4818 Λέγει
1575 4753 1674 4803 αὐτ

1876 4771 1975 4820 em,
2011 4755 2202 4809 dicens
2234 4775 2246 4808 :
2282 4755 2454 4822 Quem
2490 4757 2544 4810 in
2578 4760 2798 4811 modum
2835 4758 2997 4811 debet
3029 4757 3192 4810 homo
3239 4756 3406 4810 vitam

141 4829 164 4880 ὁ
195 4829 363 4899 γέρων
397 4850 412 4864 ·
454 4834 706 4906 Ὀρῶμεν
731 4837 822 4890 τὸν
869 4838 1089 4908 Δανιὴλ,
1130 4841 1214 4892 ὅτι
1241 4841 1338 4910 οὑχ
1372 4842 1566 4913 εὑρέθη
1599 4860 1667 4896 κα

1875 4844 2161 4899 Istituere?
2192 4844 2258 4897 Et
2285 4845 2350 4898 ad
2385 4862 2508 4900 eum
2541 4862 2737 4901 senex:
2766 4847 3058 4901 Cernimus
3091 4845 3405 4911 Danielem;

144 4921 290 4975 αὐτοῦ
309 4927 648 4998 κατηγορία,
680 4931 730 4982 εί
761 4929 835 5002 μὴ
861 4932 920 4986 ὲν
957 4934 1074 4994 ταῖς
1117 4931 1478 5004 λειτουργίαις
1510 4935 1674 5005 Κυρίε

1877 4952 1940 4990 nn
1977 4938 2161 5006 potuit
2191 4939 2420 4991 inveniri
2451 4948 2641 4993 contra
2677 4939 2825 4992 illum
2858 4940 3160 5002 accusatio,
3213 4938 3320 4995 nisi
3349 4938 3407 4994 in

142 5009 235 5060 τοῦ·
259 5013 395 5069 Θεοῦ
426 5018 619 5074 αὑτοῦ.

1827 5029 1977 5081 cultu
2011 5045 2175 5096 quem
2217 5032 2512 5084 exhibebat
2542 5030 2772 5085 Domino
2808 5031 2917 5086 Deo
2953 5048 3072 5087 suo.

201 5103 289 5160 νδν.
327 5105 504 5164 Εἶπεν
533 5113 562 5165 6
596 5111 773 5176 ἀδϐἆς
798 5113 1028 5184 Ποιμὴν,
1054 5115 1136 5167 ὅτι
1160 5114 1235 5167 Τὸ
1253 5114 1467 5186 Θέλημα
1491 5115 1585 5170 τοῦ
1619 5119 1716 5172 ἀν-

1897 5119 1986 5173 54.
2021 5121 2134 5191 (9.3)
2170 5112 2317 5176 Dixit
2351 5125 2520 5179 abbas
2558 5123 2816 5181 Poemen:
2841 5124 3108 5183 Voluntas
3167 5126 3412 5186 hominis

143 5286 604 5383 ἵινξιΑιτόιρείΞιξι.
675 5294 873 5383 unum.
916 5295 1084 5349 inser.
1113 5295 1448 5383 6td'nav16g.
1544 5299 1589 5330 ⁷³
1621 5302 1673 5352 Α]

1884 5345 1897 5357 .
1994 5305 2042 5336 ’⁸
2074 5307 2162 5361 Al.
2191 5309 2500 5379 γινόμενον.
2645 5310 2689 5342 ⁷⁷
2723 5311 2809 5364 Al.
2848 5309 3091 5383 δώσομεν
3129 5320 3184 5367 et
3207 5310 3409 5382 δῶμεν.

211 5355 289 5407 Al.
337 5355 450 5414 ins.
500 5359 578 5413 δέ.
675 5365 722 5395 τ’
763 5363 926 5419 Prov.
968 5380 1125 5430 xvtu,
1166 5368 1256 5421 15.
1410 5355 1423 5362 ’

1410 5355 1423 5362 -
1886 5355 1895 5357 -
2074 5355 2162 5361 ----
2203 5355 2500 5379 ι’”“Γ⁷⁷⁷⁷’
2723 5355 2809 5364 ···”

205 5533 405 5614 (φιτ.
439 5534 666 5614 Doroth.
701 5538 885 5614 Doctr.
918 5541 1043 5606 7,et
1071 5540 1173 5614 Ep.
1205 5541 1258 5597 8.
1831 5542 1863 5566 κ
1909 5543 2020 5610 (et)
2063 5544 2169 5598 νει.
2202 5545 2350 5599 Patr.
2386 5565 2440 5609 x.
2472 5547 2559 5602 59.
2654 5594 2656 5596 ,

203 5603 309 5685 ea
343 5604 632 5685 [it-11w-
784 5609 873 5685 ξε-
957 5603 966 5606 '
1118 5603 1129 5614 '

1118 5603 1129 5614 '
1905 5603 2018 5685 (ea)
2061 5616 2168 5670 Vn.
2199 5615 2349 5672 Patr.
2389 5603 2545 5682 1,13.

204 5674 312 5760 i1?)
349 5675 456 5760 ῗέῖτ
488 5676 640 5760 Ρέην·
674 5695 755 5743 ¹¹¹ν
783 5682 880 5760 ¹⁵;

2072 5686 2176 5740 Vit.
2227 5687 2378 5742 Patr.
2416 5674 2486 5752 ἰ,
2545 5690 2651 5757 60;
2699 5691 2930 5748 Doroth.
2994 5691 3178 5746 Doctr.
3227 5689 3299 5760 5;
3341 5685 3406 5750 8.

208 5743 312 5819 βο)
365 5746 478 5801 Vit.
514 5747 668 5802 Patr.
703 5767 821 5814 χιιι,
849 5753 900 5806 6.

742 5767 821 5814 ut,
849 5753 900 5806 6.
1821 5743 2053 5812 Ammois
2122 5775 2177 5813 ιι.
2211 5760 2264 5813 4.
