  <div class='ocr_page' id='page_1' title='image "/cluster/home/n/w/nwhite01/storage/ocr_20150623/65/hvd.32044014812317/173.png"; bbox 0 0 3874 6304; ppageno 0'>
   <div class='ocr_carea' id='block_1_1' title="bbox 412 280 558 339">
    <p class='ocr_par' dir='ltr' id='par_1_1' title="bbox 412 280 558 339">
     <span class='ocr_line' id='line_1_1' title="bbox 412 280 558 339; baseline 0.014 -51"><span class='ocrx_word' id='word_1_1' title='bbox 412 280 558 339; x_wconf 53' lang='lat'><strong>.335</strong></span> 
     </span>
    </p>
   </div>
   <div class='ocr_carea' id='block_1_2' title="bbox 1634 273 2572 332">
    <p class='ocr_par' dir='ltr' id='par_1_2' title="bbox 1634 273 2572 332">
     <span class='ocr_line' id='line_1_2' title="bbox 1634 273 2572 332; baseline 0.002 -2"><span class='ocrx_word' id='word_1_2' title='bbox 1634 273 1979 330; x_wconf 78' lang='lat' dir='ltr'><strong>APPENDIX</strong></span> <span class='ocrx_word' id='word_1_3' title='bbox 2019 273 2111 329; x_wconf 89' lang='lat' dir='ltr'><strong>AD</strong></span> <span class='ocrx_word' id='word_1_4' title='bbox 2147 273 2230 329; x_wconf 82' lang='lat' dir='ltr'><strong>PA</strong></span> <span class='ocrx_word' id='word_1_5' title='bbox 2242 273 2572 332; x_wconf 83' lang='lat' dir='ltr'><strong>LLADIUM.</strong></span> 
     </span>
    </p>
   </div>
   <div class='ocr_carea' id='block_1_3' title="bbox 3600 279 3710 335">
    <p class='ocr_par' dir='ltr' id='par_1_3' title="bbox 3600 279 3710 335">
     <span class='ocr_line' id='line_1_3' title="bbox 3600 279 3710 335; baseline 0 0"><span class='ocrx_word' id='word_1_6' title='bbox 3600 279 3710 335; x_wconf 71' lang='lat'><strong>338</strong></span> 
     </span>
    </p>
   </div>
   <div class='ocr_carea' id='block_1_4' title="bbox 433 389 2031 464">
    <p class='ocr_par' dir='ltr' id='par_1_4' title="bbox 433 389 2029 460">
     <span class='ocr_line' id='line_1_4' title="bbox 433 389 2029 460; baseline -0.003 -11"><span class='ocrx_word' id='word_1_7' title='bbox 433 409 644 449; x_wconf 8' lang='lat' dir='ltr'><strong>(murus</strong></span> <span class='ocrx_word' id='word_1_8' title='bbox 679 401 764 448; x_wconf 86' lang='lat' dir='ltr'><strong>est</strong></span> <span class='ocrx_word' id='word_1_9' title='bbox 815 407 1001 446; x_wconf 68' lang='lat' dir='ltr'><strong>tenens</strong></span> <span class='ocrx_word' id='word_1_10' title='bbox 1059 392 1199 445; x_wconf 88' lang='lat' dir='ltr'><strong>inter</strong></span> <span class='ocrx_word' id='word_1_11' title='bbox 1235 391 1410 460; x_wconf 84' lang='lat' dir='ltr'><strong>ipsum</strong></span> <span class='ocrx_word' id='word_1_12' title='bbox 1473 405 1536 445; x_wconf 86' lang='lat' dir='ltr'><strong>ae</strong></span> <span class='ocrx_word' id='word_1_13' title='bbox 1575 389 1774 455; x_wconf 87' lang='lat' dir='ltr'><strong>Deum,</strong></span> <span class='ocrx_word' id='word_1_14' title='bbox 1816 408 2029 446; x_wconf 72' lang='lat' dir='ltr'><strong>necnon</strong></span> 
     </span>
    </p>
   </div>
   <div class='ocr_carea' id='block_1_5' title="bbox 2148 389 3711 464">
    <p class='ocr_par' dir='ltr' id='par_1_5' title="bbox 2148 393 3711 464">
     <span class='ocr_line' id='line_1_5' title="bbox 2148 393 3711 464; baseline 0.004 -22"><span class='ocrx_word' id='word_1_15' title='bbox 2148 393 2354 463; x_wconf 65' lang='lat' dir='ltr'><strong>iptbmu</strong></span> <span class='ocrx_word' id='word_1_16' title='bbox 2394 393 2572 463; x_wconf 77' lang='grc' dir='ltr'><strong>τεῖχός</strong></span> <span class='ocrx_word' id='word_1_17' title='bbox 2603 393 2715 444; x_wconf 82' lang='grc' dir='ltr'><strong>ἐστι</strong></span> <span class='ocrx_word' id='word_1_18' title='bbox 2745 395 2978 463; x_wconf 71' lang='grc' dir='ltr'><strong>χαλκοῦν</strong></span> <span class='ocrx_word' id='word_1_19' title='bbox 3007 394 3278 464; x_wconf 82' lang='grc' dir='ltr'><strong>ἁναμέσον</strong></span> <span class='ocrx_word' id='word_1_20' title='bbox 3304 394 3466 448; x_wconf 78' lang='grc' dir='ltr'><strong>αὑτοῦ</strong></span> <span class='ocrx_word' id='word_1_21' title='bbox 3501 395 3711 448; x_wconf 73' lang='grc' dir='ltr'><strong>καὶτοῦ</strong></span> 
     </span>
    </p>
   </div>
   <div class='ocr_carea' id='block_1_6' title="bbox 449 483 2022 558">
    <p class='ocr_par' dir='ltr' id='par_1_6' title="bbox 449 483 2022 558">
     <span class='ocr_line' id='line_1_6' title="bbox 449 483 2022 558; baseline -0.001 -18"><span class='ocrx_word' id='word_1_22' title='bbox 449 497 602 558; x_wconf 87' lang='lat' dir='ltr'><strong>petra</strong></span> <span class='ocrx_word' id='word_1_23' title='bbox 635 485 1025 558; x_wconf 70' lang='lat' dir='ltr'><strong>repercutiens.</strong></span> <span class='ocrx_word' id='word_1_24' title='bbox 1057 483 1191 537; x_wconf 88' lang='lat' dir='ltr'><strong>Cum</strong></span> <span class='ocrx_word' id='word_1_25' title='bbox 1225 484 1389 551; x_wconf 77' lang='lat' dir='ltr'><strong>igitur</strong></span> <span class='ocrx_word' id='word_1_26' title='bbox 1437 497 1557 538; x_wconf 88' lang='lat' dir='ltr'><strong>eam</strong></span> <span class='ocrx_word' id='word_1_27' title='bbox 1625 483 1791 538; x_wconf 92' lang='lat' dir='ltr'><strong>homo</strong></span> <span class='ocrx_word' id='word_1_28' title='bbox 1826 485 2022 539; x_wconf 85' lang='lat' dir='ltr'><strong>dereli-</strong></span> 
     </span>
    </p>
   </div>
   <div class='ocr_carea' id='block_1_7' title="bbox 451 575 2028 650">
    <p class='ocr_par' dir='ltr' id='par_1_7' title="bbox 451 575 2028 650">
     <span class='ocr_line' id='line_1_7' title="bbox 451 575 2028 650; baseline -0.003 -16"><span class='ocrx_word' id='word_1_29' title='bbox 451 581 660 650; x_wconf 88' lang='lat' dir='ltr'><strong>querit,</strong></span> <span class='ocrx_word' id='word_1_30' title='bbox 693 579 815 649; x_wconf 88' lang='lat' dir='ltr'><strong>ipse</strong></span> <span class='ocrx_word' id='word_1_31' title='bbox 879 578 1042 631; x_wconf 87' lang='lat' dir='ltr'><strong>etiam</strong></span> <span class='ocrx_word' id='word_1_32' title='bbox 1095 576 1276 630; x_wconf 89' lang='lat' dir='ltr'><strong>dicet:</strong></span> <span class='ocrx_word' id='word_1_33' title='bbox 1325 575 1390 630; x_wconf 83' lang='lat' dir='ltr'><strong>In</strong></span> <span class='ocrx_word' id='word_1_34' title='bbox 1441 577 1549 630; x_wconf 83' lang='lat' dir='ltr'><strong>Deo</strong></span> <span class='ocrx_word' id='word_1_35' title='bbox 1583 593 1696 630; x_wconf 83' lang='lat' dir='ltr'><strong>meo</strong></span> <span class='ocrx_word' id='word_1_36' title='bbox 1761 587 2028 646; x_wconf 80' lang='lat' dir='ltr'><strong>transgre-</strong></span> 
     </span>
    </p>
   </div>
   <div class='ocr_carea' id='block_1_8' title="bbox 453 668 2026 740">
    <p class='ocr_par' dir='ltr' id='par_1_8' title="bbox 453 668 2026 740">
     <span class='ocr_line' id='line_1_8' title="bbox 453 668 2026 740; baseline -0.001 -14"><span class='ocrx_word' id='word_1_37' title='bbox 453 673 585 726; x_wconf 87' lang='lat' dir='ltr'><strong>diar</strong></span> <span class='ocrx_word' id='word_1_38' title='bbox 655 669 955 724; x_wconf 76' lang='lat' dir='ltr'><strong>murum”.</strong></span> <span class='ocrx_word' id='word_1_39' title='bbox 1035 668 1224 740; x_wconf 83' lang='lat' dir='ltr'><strong>Itaque</strong></span> <span class='ocrx_word' id='word_1_40' title='bbox 1302 671 1348 725; x_wconf 89' lang='lat' dir='ltr'><strong>si</strong></span> <span class='ocrx_word' id='word_1_41' title='bbox 1423 670 1642 740; x_wconf 85' lang='lat' dir='ltr'><strong>justitia</strong></span> <span class='ocrx_word' id='word_1_42' title='bbox 1706 673 2026 725; x_wconf 74' lang='lat' dir='ltr'><strong>convenerit</strong></span> 
     </span>
    </p>
   </div>
   <div class='ocr_carea' id='block_1_9' title="bbox 453 759 1373 822">
    <p class='ocr_par' dir='ltr' id='par_1_9' title="bbox 453 759 1373 822">
     <span class='ocr_line' id='line_1_9' title="bbox 453 759 1373 822; baseline -0.004 -6"><span class='ocrx_word' id='word_1_43' title='bbox 453 779 578 816; x_wconf 83' lang='lat' dir='ltr'><strong>cum</strong></span> <span class='ocrx_word' id='word_1_44' title='bbox 613 762 916 822; x_wconf 91' lang='lat' dir='ltr'><strong>voluntate,</strong></span> <span class='ocrx_word' id='word_1_45' title='bbox 949 759 1158 813; x_wconf 85' lang='lat' dir='ltr'><strong>laborat</strong></span> <span class='ocrx_word' id='word_1_46' title='bbox 1185 759 1373 814; x_wconf 84' lang='lat' dir='ltr'><strong>homo.</strong></span> 
     </span>
    </p>
   </div>
   <div class='ocr_carea' id='block_1_10' title="bbox 522 849 2028 924">
    <p class='ocr_par' dir='ltr' id='par_1_10' title="bbox 522 849 2028 924">
     <span class='ocr_line' id='line_1_10' title="bbox 522 849 2028 924; baseline -0.003 -16"><span class='ocrx_word' id='word_1_47' title='bbox 522 855 612 909; x_wconf 79' lang='lat'><strong>55.</strong></span> <span class='ocrx_word' id='word_1_48' title='bbox 651 855 761 924; x_wconf 76' lang='lat' dir='ltr'>(2i)</span> <span class='ocrx_word' id='word_1_49' title='bbox 796 852 1010 907; x_wconf 78' lang='lat' dir='ltr'><strong>Relatio</strong></span> <span class='ocrx_word' id='word_1_50' title='bbox 1037 851 1325 920; x_wconf 85' lang='lat' dir='ltr'><strong>ejusdem:</strong></span> <span class='ocrx_word' id='word_1_51' title='bbox 1372 849 1702 906; x_wconf 86' lang='lat' dir='ltr'><strong>Sedenlibus</strong></span> <span class='ocrx_word' id='word_1_52' title='bbox 1733 849 2028 919; x_wconf 83' lang='lat' dir='ltr'><strong>aliquando</strong></span> 
     </span>
    </p>
   </div>
   <div class='ocr_carea' id='block_1_11' title="bbox 452 940 2026 1002">
    <p class='ocr_par' dir='ltr' id='par_1_11' title="bbox 452 940 2026 1002">
     <span class='ocr_line' id='line_1_11' title="bbox 452 940 2026 1002; baseline -0.003 -3"><span class='ocrx_word' id='word_1_53' title='bbox 452 946 680 1001; x_wconf 90' lang='lat' dir='ltr'><strong>senibus</strong></span> <span class='ocrx_word' id='word_1_54' title='bbox 713 954 764 998; x_wconf 86' lang='lat' dir='ltr'><strong>et</strong></span> <span class='ocrx_word' id='word_1_55' title='bbox 795 943 1276 1002; x_wconf 87' lang='lat' dir='ltr'><strong>manducantihus,</strong></span> <span class='ocrx_word' id='word_1_56' title='bbox 1309 943 1490 996; x_wconf 81' lang='lat' dir='ltr'><strong>stabat</strong></span> <span class='ocrx_word' id='word_1_57' title='bbox 1543 940 1610 994; x_wconf 88' lang='lat' dir='ltr'><strong>ad</strong></span> <span class='ocrx_word' id='word_1_58' title='bbox 1660 941 2026 996; x_wconf 87' lang='lat' dir='ltr'><strong>ministerium</strong></span> 
     </span>
    </p>
   </div>
   <div class='ocr_carea' id='block_1_12' title="bbox 451 1032 2030 1104">
    <p class='ocr_par' dir='ltr' id='par_1_12' title="bbox 451 1032 2030 1104">
     <span class='ocr_line' id='line_1_12' title="bbox 451 1032 2030 1104; baseline -0.004 -13"><span class='ocrx_word' id='word_1_59' title='bbox 451 1039 620 1092; x_wconf 86' lang='lat' dir='ltr'><strong>abbas</strong></span> <span class='ocrx_word' id='word_1_60' title='bbox 684 1036 950 1096; x_wconf 83' lang='lat' dir='ltr'><strong>Alonius,</strong></span> <span class='ocrx_word' id='word_1_61' title='bbox 1009 1050 1172 1104; x_wconf 87' lang='lat' dir='ltr'><strong>quem</strong></span> <span class='ocrx_word' id='word_1_62' title='bbox 1225 1033 1472 1088; x_wconf 92' lang='lat' dir='ltr'><strong>videntes</strong></span> <span class='ocrx_word' id='word_1_63' title='bbox 1510 1032 1891 1086; x_wconf 88' lang='lat' dir='ltr'><strong>landaverunt.</strong></span> <span class='ocrx_word' id='word_1_64' title='bbox 1937 1032 2030 1086; x_wconf 84' lang='lat' dir='ltr'><strong>l&#39;le</strong></span> 
     </span>
    </p>
   </div>
   <div class='ocr_carea' id='block_1_13' title="bbox 453 1125 2030 1198">
    <p class='ocr_par' dir='ltr' id='par_1_13' title="bbox 453 1125 2030 1198">
     <span class='ocr_line' id='line_1_13' title="bbox 453 1125 2030 1198; baseline -0.003 -16"><span class='ocrx_word' id='word_1_65' title='bbox 453 1145 578 1185; x_wconf 87' lang='lat' dir='ltr'><strong>vero</strong></span> <span class='ocrx_word' id='word_1_66' title='bbox 605 1129 739 1183; x_wconf 87' lang='lat' dir='ltr'><strong>nihil</strong></span> <span class='ocrx_word' id='word_1_67' title='bbox 773 1129 994 1198; x_wconf 90' lang='lat' dir='ltr'><strong>penitus</strong></span> <span class='ocrx_word' id='word_1_68' title='bbox 1021 1126 1320 1196; x_wconf 87' lang='lat' dir='ltr'><strong>respondit.</strong></span> <span class='ocrx_word' id='word_1_69' title='bbox 1357 1125 1525 1194; x_wconf 81' lang='lat' dir='ltr'><strong>Igitur</strong></span> <span class='ocrx_word' id='word_1_70' title='bbox 1548 1125 1854 1180; x_wconf 91' lang='lat' dir='ltr'><strong>nonnullus</strong></span> <span class='ocrx_word' id='word_1_71' title='bbox 1883 1139 2030 1179; x_wconf 84' lang='lat' dir='ltr'><strong>seor-</strong></span> 
     </span>
    </p>
   </div>
   <div class='ocr_carea' id='block_1_14' title="bbox 451 1215 2029 1288">
    <p class='ocr_par' dir='ltr' id='par_1_14' title="bbox 451 1215 2029 1288">
     <span class='ocr_line' id='line_1_14' title="bbox 451 1215 2029 1288; baseline -0.005 -11"><span class='ocrx_word' id='word_1_72' title='bbox 451 1238 572 1277; x_wconf 87' lang='lat' dir='ltr'><strong>sum</strong></span> <span class='ocrx_word' id='word_1_73' title='bbox 607 1221 746 1276; x_wconf 80' lang='lat' dir='ltr'><strong>dixit</strong></span> <span class='ocrx_word' id='word_1_74' title='bbox 772 1222 821 1276; x_wconf 86' lang='lat' dir='ltr'><strong>ei</strong></span> <span class='ocrx_word' id='word_1_75' title='bbox 854 1239 866 1273; x_wconf 90' lang='lat'><strong>:</strong></span> <span class='ocrx_word' id='word_1_76' title='bbox 901 1220 1084 1286; x_wconf 83' lang='lat' dir='ltr'><strong>Quare</strong></span> <span class='ocrx_word' id='word_1_77' title='bbox 1116 1234 1224 1272; x_wconf 93' lang='lat' dir='ltr'><strong>non</strong></span> <span class='ocrx_word' id='word_1_78' title='bbox 1278 1217 1614 1288; x_wconf 85' lang='lat' dir='ltr'><strong>respondisti</strong></span> <span class='ocrx_word' id='word_1_79' title='bbox 1661 1217 1888 1272; x_wconf 84' lang='lat' dir='ltr'><strong>senibus</strong></span> <span class='ocrx_word' id='word_1_80' title='bbox 1934 1215 2029 1285; x_wconf 77' lang='lat' dir='ltr'><strong>qui</strong></span> 
     </span>
    </p>
   </div>
   <div class='ocr_carea' id='block_1_15' title="bbox 451 1307 2028 1382">
    <p class='ocr_par' dir='ltr' id='par_1_15' title="bbox 451 1307 2028 1382">
     <span class='ocr_line' id='line_1_15' title="bbox 451 1307 2028 1382; baseline -0.003 -15"><span class='ocrx_word' id='word_1_81' title='bbox 451 1324 504 1371; x_wconf 88' lang='lat' dir='ltr'><strong>te</strong></span> <span class='ocrx_word' id='word_1_82' title='bbox 533 1313 874 1369; x_wconf 80' lang='lat' dir='ltr'><strong>laudabant?</strong></span> <span class='ocrx_word' id='word_1_83' title='bbox 908 1313 1134 1382; x_wconf 81' lang='lat' dir='ltr'><strong>Excepit</strong></span> <span class='ocrx_word' id='word_1_84' title='bbox 1163 1312 1336 1366; x_wconf 83' lang='lat' dir='ltr'><strong>abbas</strong></span> <span class='ocrx_word' id='word_1_85' title='bbox 1389 1311 1622 1364; x_wconf 89' lang='lat' dir='ltr'><strong>Alonius</strong></span> <span class='ocrx_word' id='word_1_86' title='bbox 1656 1327 1669 1362; x_wconf 92' lang='lat'><strong>:</strong></span> <span class='ocrx_word' id='word_1_87' title='bbox 1731 1307 1788 1362; x_wconf 90' lang='lat' dir='ltr'><strong>Si</strong></span> <span class='ocrx_word' id='word_1_88' title='bbox 1821 1308 1901 1362; x_wconf 90' lang='lat' dir='ltr'><strong>eis</strong></span> <span class='ocrx_word' id='word_1_89' title='bbox 1932 1307 2028 1362; x_wconf 89' lang='lat' dir='ltr'><strong>de-</strong></span> 
     </span>
    </p>
   </div>
   <div class='ocr_carea' id='block_1_16' title="bbox 449 1403 2025 1476">
    <p class='ocr_par' dir='ltr' id='par_1_16' title="bbox 449 1403 2025 1476">
     <span class='ocr_line' id='line_1_16' title="bbox 449 1403 2025 1476; baseline -0.005 -14"><span class='ocrx_word' id='word_1_90' title='bbox 449 1408 655 1462; x_wconf 87' lang='lat' dir='ltr'><strong>dissem</strong></span> <span class='ocrx_word' id='word_1_91' title='bbox 686 1421 1038 1476; x_wconf 87' lang='lat' dir='ltr'><strong>responsum,</strong></span> <span class='ocrx_word' id='word_1_92' title='bbox 1075 1405 1230 1460; x_wconf 88' lang='lat' dir='ltr'><strong>visus</strong></span> <span class='ocrx_word' id='word_1_93' title='bbox 1265 1417 1445 1458; x_wconf 89' lang='lat' dir='ltr'><strong>essem</strong></span> <span class='ocrx_word' id='word_1_94' title='bbox 1487 1403 1679 1456; x_wconf 78' lang='lat' dir='ltr'><strong>laudes</strong></span> <span class='ocrx_word' id='word_1_95' title='bbox 1715 1403 2025 1456; x_wconf 83' lang='lat' dir='ltr'><strong>admittere.</strong></span> 
     </span>
    </p>
   </div>
   <div class='ocr_carea' id='block_1_17' title="bbox 519 1494 2028 1569">
    <p class='ocr_par' dir='ltr' id='par_1_17' title="bbox 519 1494 2028 1569">
     <span class='ocr_line' id='line_1_17' title="bbox 519 1494 2028 1569; baseline -0.007 -14"><span class='ocrx_word' id='word_1_96' title='bbox 519 1499 609 1555; x_wconf 83' lang='lat'><strong>56.</strong></span> <span class='ocrx_word' id='word_1_97' title='bbox 649 1498 762 1569; x_wconf 81' lang='lat'>(25)</span> <span class='ocrx_word' id='word_1_98' title='bbox 796 1497 940 1551; x_wconf 80' lang='lat' dir='ltr'><strong>Dixit</strong></span> <span class='ocrx_word' id='word_1_99' title='bbox 968 1498 1162 1550; x_wconf 89' lang='lat' dir='ltr'><strong>iterum</strong></span> <span class='ocrx_word' id='word_1_100' title='bbox 1192 1515 1204 1550; x_wconf 92' lang='lat'><strong>:</strong></span> <span class='ocrx_word' id='word_1_101' title='bbox 1242 1494 1508 1550; x_wconf 79' lang='lat' dir='ltr'><strong>Homines</strong></span> <span class='ocrx_word' id='word_1_102' title='bbox 1538 1495 1765 1564; x_wconf 77' lang='lat' dir='ltr'><strong>perfecti</strong></span> <span class='ocrx_word' id='word_1_103' title='bbox 1813 1501 1942 1549; x_wconf 89' lang='lat' dir='ltr'><strong>sunt</strong></span> <span class='ocrx_word' id='word_1_104' title='bbox 1973 1495 2028 1546; x_wconf 89' lang='lat' dir='ltr'><strong>in</strong></span> 
     </span>
    </p>
   </div>
   <div class='ocr_carea' id='block_1_18' title="bbox 449 1587 1405 1662">
    <p class='ocr_par' dir='ltr' id='par_1_18' title="bbox 449 1587 1405 1662">
     <span class='ocr_line' id='line_1_18' title="bbox 449 1587 1405 1662; baseline -0.005 -17"><span class='ocrx_word' id='word_1_105' title='bbox 449 1591 688 1662; x_wconf 83' lang='lat' dir='ltr'><strong>loquela,</strong></span> <span class='ocrx_word' id='word_1_106' title='bbox 719 1589 930 1643; x_wconf 88' lang='lat' dir='ltr'><strong>minimi</strong></span> <span class='ocrx_word' id='word_1_107' title='bbox 974 1589 1027 1641; x_wconf 92' lang='lat' dir='ltr'><strong>in</strong></span> <span class='ocrx_word' id='word_1_108' title='bbox 1065 1587 1405 1658; x_wconf 80' lang='lat' dir='ltr'><strong>Operatione.</strong></span> 
     </span>
    </p>
   </div>
   <div class='ocr_carea' id='block_1_19' title="bbox 520 1676 2026 1748">
    <p class='ocr_par' dir='ltr' id='par_1_19' title="bbox 520 1676 2026 1748">
     <span class='ocr_line' id='line_1_19' title="bbox 520 1676 2026 1748; baseline -0.005 -12"><span class='ocrx_word' id='word_1_109' title='bbox 520 1682 609 1736; x_wconf 84' lang='grc'><strong>57.</strong></span> <span class='ocrx_word' id='word_1_110' title='bbox 648 1681 760 1748; x_wconf 73' lang='lat'>(26)</span> <span class='ocrx_word' id='word_1_111' title='bbox 793 1681 978 1734; x_wconf 87' lang='lat' dir='ltr'><strong>Abbas</strong></span> <span class='ocrx_word' id='word_1_112' title='bbox 1005 1677 1229 1732; x_wconf 78' lang='lat' dir='ltr'><strong>Pcemen</strong></span> <span class='ocrx_word' id='word_1_113' title='bbox 1271 1678 1444 1732; x_wconf 90' lang='lat' dir='ltr'><strong>dixit:</strong></span> <span class='ocrx_word' id='word_1_114' title='bbox 1483 1677 1638 1731; x_wconf 90' lang='lat' dir='ltr'><strong>Sicut</strong></span> <span class='ocrx_word' id='word_1_115' title='bbox 1691 1676 1877 1730; x_wconf 85' lang='lat' dir='ltr'><strong>fumus</strong></span> <span class='ocrx_word' id='word_1_116' title='bbox 1925 1690 2026 1729; x_wconf 84' lang='lat' dir='ltr'><strong>ex-</strong></span> 
     </span>
    </p>
   </div>
   <div class='ocr_carea' id='block_1_20' title="bbox 409 1765 2028 1840">
    <p class='ocr_par' dir='ltr' id='par_1_20' title="bbox 409 1765 2028 1840">
     <span class='ocr_line' id='line_1_20' title="bbox 409 1765 2028 1840; baseline -0.004 -14"><span class='ocrx_word' id='word_1_117' title='bbox 409 1771 418 1780; x_wconf 86' lang='grc'><em>’</em></span> <span class='ocrx_word' id='word_1_118' title='bbox 449 1771 602 1840; x_wconf 85' lang='lat' dir='ltr'><strong>pellit</strong></span> <span class='ocrx_word' id='word_1_119' title='bbox 633 1786 786 1840; x_wconf 88' lang='lat' dir='ltr'><strong>apes.</strong></span> <span class='ocrx_word' id='word_1_120' title='bbox 819 1779 1062 1838; x_wconf 91' lang='lat' dir='ltr'><strong>tuncque</strong></span> <span class='ocrx_word' id='word_1_121' title='bbox 1083 1767 1286 1838; x_wconf 84' lang='lat' dir='ltr'><strong>opiﬁcii</strong></span> <span class='ocrx_word' id='word_1_122' title='bbox 1315 1783 1504 1822; x_wconf 91' lang='lat' dir='ltr'><strong>earum</strong></span> <span class='ocrx_word' id='word_1_123' title='bbox 1529 1767 1738 1820; x_wconf 89' lang='lat' dir='ltr'><strong>tollitur</strong></span> <span class='ocrx_word' id='word_1_124' title='bbox 1760 1765 2028 1820; x_wconf 85' lang='lat' dir='ltr'><strong>dulcedo:</strong></span> 
     </span>
    </p>
   </div>
   <div class='ocr_carea' id='block_1_21' title="bbox 2133 481 3710 556">
    <p class='ocr_par' dir='ltr' id='par_1_21' title="bbox 2133 481 3710 556">
     <span class='ocr_line' id='line_1_21' title="bbox 2133 481 3710 556; baseline -0.001 -18"><span class='ocrx_word' id='word_1_125' title='bbox 2133 485 2294 550; x_wconf 78' lang='grc' dir='ltr'><strong>Θεοῦ,</strong></span> <span class='ocrx_word' id='word_1_126' title='bbox 2325 486 2417 538; x_wconf 81' lang='grc' dir='ltr'><strong>καὶ</strong></span> <span class='ocrx_word' id='word_1_127' title='bbox 2468 485 2640 554; x_wconf 79' lang='grc' dir='ltr'><strong>πέτρα</strong></span> <span class='ocrx_word' id='word_1_128' title='bbox 2687 484 3056 554; x_wconf 80' lang='grc' dir='ltr'><strong>ἁντιδέρουσα.</strong></span> <span class='ocrx_word' id='word_1_129' title='bbox 3100 485 3225 538; x_wconf 67' lang='grc' dir='ltr'><strong>Ἐὰν</strong></span> <span class='ocrx_word' id='word_1_130' title='bbox 3272 481 3363 538; x_wconf 76' lang='grc' dir='ltr'><strong>οὖν</strong></span> <span class='ocrx_word' id='word_1_131' title='bbox 3408 486 3710 556; x_wconf 69' lang='grc' dir='ltr'><strong>καταλείψει</strong></span> 
     </span>
    </p>
   </div>
   <div class='ocr_carea' id='block_1_22' title="bbox 2133 575 3713 646">
    <p class='ocr_par' dir='ltr' id='par_1_22' title="bbox 2133 575 3713 646">
     <span class='ocr_line' id='line_1_22' title="bbox 2133 575 3713 646; baseline 0.001 -18"><span class='ocrx_word' id='word_1_132' title='bbox 2133 576 2266 629; x_wconf 81' lang='grc' dir='ltr'><strong>αὐτὸ</strong></span> <span class='ocrx_word' id='word_1_133' title='bbox 2308 575 2609 646; x_wconf 78' lang='grc' dir='ltr'><strong>ἄνθρωπος,</strong></span> <span class='ocrx_word' id='word_1_134' title='bbox 2651 575 2795 643; x_wconf 87' lang='grc' dir='ltr'><strong>λέγει</strong></span> <span class='ocrx_word' id='word_1_135' title='bbox 2840 578 2931 628; x_wconf 69' lang='grc' dir='ltr'><strong>καὶ</strong></span> <span class='ocrx_word' id='word_1_136' title='bbox 2968 578 3152 641; x_wconf 75' lang='grc' dir='ltr'><strong>αὐτὸς,</strong></span> <span class='ocrx_word' id='word_1_137' title='bbox 3185 579 3286 632; x_wconf 77' lang='grc' dir='ltr'><strong>Ἐν</strong></span> <span class='ocrx_word' id='word_1_138' title='bbox 3321 577 3400 643; x_wconf 79' lang='grc' dir='ltr'><strong>τῷ</strong></span> <span class='ocrx_word' id='word_1_139' title='bbox 3439 577 3564 642; x_wconf 84' lang='grc' dir='ltr'><strong>Θεῷ</strong></span> <span class='ocrx_word' id='word_1_140' title='bbox 3587 595 3713 645; x_wconf 80' lang='grc' dir='ltr'><strong>μου</strong></span> 
     </span>
    </p>
   </div>
   <div class='ocr_carea' id='block_1_23' title="bbox 2134 665 3710 744">
    <p class='ocr_par' dir='ltr' id='par_1_23' title="bbox 2134 665 3710 744">
     <span class='ocr_line' id='line_1_23' title="bbox 2134 665 3710 744; baseline 0.002 -23"><span class='ocrx_word' id='word_1_141' title='bbox 2134 667 2545 737; x_wconf 78' lang='grc' dir='ltr'><strong>ὑπερϐήσομαι</strong></span> <span class='ocrx_word' id='word_1_142' title='bbox 2573 666 2788 736; x_wconf 83' lang='grc' dir='ltr'><strong>τεῖχος.</strong></span> <span class='ocrx_word' id='word_1_143' title='bbox 2829 669 2956 722; x_wconf 71' lang='grc' dir='ltr'><strong>Ἐὰν</strong></span> <span class='ocrx_word' id='word_1_144' title='bbox 2978 665 3071 723; x_wconf 81' lang='grc' dir='ltr'><strong>οὖν</strong></span> <span class='ocrx_word' id='word_1_145' title='bbox 3095 669 3156 722; x_wconf 83' lang='grc' dir='ltr'><strong>τὸ</strong></span> <span class='ocrx_word' id='word_1_146' title='bbox 3177 669 3446 742; x_wconf 82' lang='grc' dir='ltr'><strong>δικαίωμα</strong></span> <span class='ocrx_word' id='word_1_147' title='bbox 3483 672 3710 744; x_wconf 74' lang='grc' dir='ltr'><strong>συνέλθῃ</strong></span> 
     </span>
    </p>
   </div>
   <div class='ocr_carea' id='block_1_24' title="bbox 2135 760 3134 832">
    <p class='ocr_par' dir='ltr' id='par_1_24' title="bbox 2135 760 3134 832">
     <span class='ocr_line' id='line_1_24' title="bbox 2135 760 3134 832; baseline 0 -18"><span class='ocrx_word' id='word_1_148' title='bbox 2135 760 2212 831; x_wconf 78' lang='grc' dir='ltr'><strong>τῷ</strong></span> <span class='ocrx_word' id='word_1_149' title='bbox 2240 761 2526 831; x_wconf 74' lang='grc' dir='ltr'><strong>θελήματι,</strong></span> <span class='ocrx_word' id='word_1_150' title='bbox 2562 760 2758 831; x_wconf 79' lang='grc' dir='ltr'><strong>κάμνει</strong></span> <span class='ocrx_word' id='word_1_151' title='bbox 2779 763 2807 813; x_wconf 98' lang='lat'><strong>6</strong></span> <span class='ocrx_word' id='word_1_152' title='bbox 2828 761 3134 832; x_wconf 79' lang='grc' dir='ltr'><strong>ἄνθρωπος.</strong></span> 
     </span>
    </p>
   </div>
   <div class='ocr_carea' id='block_1_25' title="bbox 2206 846 3712 923">
    <p class='ocr_par' dir='ltr' id='par_1_25' title="bbox 2206 846 3712 923">
     <span class='ocr_line' id='line_1_25' title="bbox 2206 846 3712 923; baseline 0.002 -21"><span class='ocrx_word' id='word_1_153' title='bbox 2206 849 2299 903; x_wconf 86' lang='grc' dir='ltr'><strong>νε⁹.</strong></span> <span class='ocrx_word' id='word_1_154' title='bbox 2339 846 2478 904; x_wconf 77' lang='grc' dir='ltr'><strong>Εἷπε</strong></span> <span class='ocrx_word' id='word_1_155' title='bbox 2509 849 2693 912; x_wconf 84' lang='grc' dir='ltr'><strong>πάλιν,</strong></span> <span class='ocrx_word' id='word_1_156' title='bbox 2722 851 2804 903; x_wconf 87' lang='grc' dir='ltr'><strong>ὃτι</strong></span> <span class='ocrx_word' id='word_1_157' title='bbox 2841 851 3238 922; x_wconf 77' lang='grc' dir='ltr'><strong>Καθεζομένων</strong></span> <span class='ocrx_word' id='word_1_158' title='bbox 3265 852 3394 905; x_wconf 72' lang='grc' dir='ltr'><strong>ποτὲ</strong></span> <span class='ocrx_word' id='word_1_159' title='bbox 3440 853 3712 923; x_wconf 78' lang='grc' dir='ltr'><strong>γερόντων</strong></span> 
     </span>
    </p>
   </div>
   <div class='ocr_carea' id='block_1_26' title="bbox 2135 941 3712 1015">
    <p class='ocr_par' dir='ltr' id='par_1_26' title="bbox 2135 941 3712 1015">
     <span class='ocr_line' id='line_1_26' title="bbox 2135 941 3712 1015; baseline 0 -18"><span class='ocrx_word' id='word_1_160' title='bbox 2135 943 2231 997; x_wconf 67' lang='grc' dir='ltr'><strong>καὶ</strong></span> <span class='ocrx_word' id='word_1_161' title='bbox 2255 941 2565 1001; x_wconf 86' lang='grc' dir='ltr'><strong>ἐσθιόντων.</strong></span> <span class='ocrx_word' id='word_1_162' title='bbox 2602 942 2785 995; x_wconf 77' lang='grc' dir='ltr'><strong>ἵστατο</strong></span> <span class='ocrx_word' id='word_1_163' title='bbox 2832 943 3165 1015; x_wconf 83' lang='grc' dir='ltr'><strong>ὑπηρετῶνὸ</strong></span> <span class='ocrx_word' id='word_1_164' title='bbox 3194 944 3366 1008; x_wconf 79' lang='grc' dir='ltr'><strong>ἀΰϐἄς</strong></span> <span class='ocrx_word' id='word_1_165' title='bbox 3411 945 3664 1008; x_wconf 81' lang='grc' dir='ltr'><strong>Ἀλώνιος</strong></span> <span class='ocrx_word' id='word_1_166' title='bbox 3697 963 3712 974; x_wconf 91' lang='grc'><strong>·</strong></span> 
     </span>
    </p>
   </div>
   <div class='ocr_carea' id='block_1_27' title="bbox 2137 1032 3714 1104">
    <p class='ocr_par' dir='ltr' id='par_1_27' title="bbox 2137 1032 3714 1104">
     <span class='ocr_line' id='line_1_27' title="bbox 2137 1032 3714 1104; baseline 0.002 -18"><span class='ocrx_word' id='word_1_167' title='bbox 2137 1033 2231 1086; x_wconf 75' lang='grc' dir='ltr'><strong>καὶ</strong></span> <span class='ocrx_word' id='word_1_168' title='bbox 2287 1032 2482 1097; x_wconf 78' lang='grc' dir='ltr'><strong>ἰδόντες</strong></span> <span class='ocrx_word' id='word_1_169' title='bbox 2526 1033 2689 1087; x_wconf 79' lang='grc' dir='ltr'><strong>αὐτὸν</strong></span> <span class='ocrx_word' id='word_1_170' title='bbox 2734 1032 3026 1104; x_wconf 81' lang='grc' dir='ltr'><strong>ἐπῄνεσαν.</strong></span> <span class='ocrx_word' id='word_1_171' title='bbox 3061 1036 3119 1088; x_wconf 89' lang='lat'><strong>&#39;0</strong></span> <span class='ocrx_word' id='word_1_172' title='bbox 3150 1035 3207 1088; x_wconf 81' lang='grc' dir='ltr'><strong>δὲ</strong></span> <span class='ocrx_word' id='word_1_173' title='bbox 3258 1037 3320 1088; x_wconf 86' lang='grc' dir='ltr'><strong>τὸ</strong></span> <span class='ocrx_word' id='word_1_174' title='bbox 3367 1035 3587 1089; x_wconf 85' lang='grc' dir='ltr'><strong>σύνολον</strong></span> <span class='ocrx_word' id='word_1_175' title='bbox 3615 1037 3714 1089; x_wconf 76' lang='grc' dir='ltr'><strong>οὐκ</strong></span> 
     </span>
    </p>
   </div>
   <div class='ocr_carea' id='block_1_28' title="bbox 2135 1120 3716 1196">
    <p class='ocr_par' dir='ltr' id='par_1_28' title="bbox 2135 1120 3716 1196">
     <span class='ocr_line' id='line_1_28' title="bbox 2135 1120 3716 1196; baseline 0.003 -18"><span class='ocrx_word' id='word_1_176' title='bbox 2135 1123 2431 1196; x_wconf 85' lang='grc' dir='ltr'><strong>ἀπεκρίθη.</strong></span> <span class='ocrx_word' id='word_1_177' title='bbox 2464 1125 2628 1193; x_wconf 81' lang='grc' dir='ltr'>Λέγει</span> <span class='ocrx_word' id='word_1_178' title='bbox 2677 1120 2768 1178; x_wconf 81' lang='grc' dir='ltr'><strong>οὖν</strong></span> <span class='ocrx_word' id='word_1_179' title='bbox 2799 1125 2947 1196; x_wconf 81' lang='grc' dir='ltr'><strong>αὐτῷ</strong></span> <span class='ocrx_word' id='word_1_180' title='bbox 2976 1144 3058 1190; x_wconf 89' lang='grc' dir='ltr'><strong>τις</strong></span> <span class='ocrx_word' id='word_1_181' title='bbox 3087 1127 3208 1180; x_wconf 80' lang='grc' dir='ltr'><strong>κατ’</strong></span> <span class='ocrx_word' id='word_1_182' title='bbox 3233 1127 3368 1180; x_wconf 81' lang='grc' dir='ltr'>ἰδίαν</span> <span class='ocrx_word' id='word_1_183' title='bbox 3392 1145 3404 1156; x_wconf 75' lang='grc'><strong><em>⁸</em></strong></span> <span class='ocrx_word' id='word_1_184' title='bbox 3428 1127 3582 1183; x_wconf 76' lang='grc' dir='ltr'><strong>Διατί</strong></span> <span class='ocrx_word' id='word_1_185' title='bbox 3613 1129 3716 1182; x_wconf 70' lang='grc' dir='ltr'><strong>οὐκ</strong></span> 
     </span>
    </p>
   </div>
   <div class='ocr_carea' id='block_1_29' title="bbox 2136 1214 3714 1287">
    <p class='ocr_par' dir='ltr' id='par_1_29' title="bbox 2136 1214 3714 1287">
     <span class='ocr_line' id='line_1_29' title="bbox 2136 1214 3714 1287; baseline -0.001 -18"><span class='ocrx_word' id='word_1_186' title='bbox 2136 1214 2440 1285; x_wconf 80' lang='grc' dir='ltr'><strong>ἀπεκρίθης</strong></span> <span class='ocrx_word' id='word_1_187' title='bbox 2467 1217 2580 1278; x_wconf 86' lang='grc' dir='ltr'><strong>τοῖς</strong></span> <span class='ocrx_word' id='word_1_188' title='bbox 2604 1215 2857 1286; x_wconf 81' lang='grc' dir='ltr'><strong>γέρουσιν</strong></span> <span class='ocrx_word' id='word_1_189' title='bbox 2891 1216 3169 1269; x_wconf 83' lang='grc' dir='ltr'><strong>ἐπαινοῦσί</strong></span> <span class='ocrx_word' id='word_1_190' title='bbox 3199 1234 3256 1269; x_wconf 87' lang='grc' dir='ltr'><strong>σε</strong></span> <span class='ocrx_word' id='word_1_191' title='bbox 3280 1233 3295 1282; x_wconf 89' lang='lat'><strong>;</strong></span> <span class='ocrx_word' id='word_1_192' title='bbox 3322 1217 3484 1284; x_wconf 81' lang='grc' dir='ltr'>Λέγει</span> <span class='ocrx_word' id='word_1_193' title='bbox 3511 1218 3663 1287; x_wconf 75' lang='grc' dir='ltr'><strong>αύτῷ</strong></span> <span class='ocrx_word' id='word_1_194' title='bbox 3685 1217 3714 1268; x_wconf 86' lang='grc'>6</span> 
     </span>
    </p>
   </div>
   <div class='ocr_carea' id='block_1_30' title="bbox 2137 1305 3714 1380">
    <p class='ocr_par' dir='ltr' id='par_1_30' title="bbox 2137 1305 3714 1380">
     <span class='ocr_line' id='line_1_30' title="bbox 2137 1305 3714 1380; baseline 0.002 -20"><span class='ocrx_word' id='word_1_195' title='bbox 2137 1306 2310 1370; x_wconf 80' lang='grc' dir='ltr'><strong>ἀϐϐἅς</strong></span> <span class='ocrx_word' id='word_1_196' title='bbox 2354 1305 2638 1369; x_wconf 76' lang='grc' dir='ltr'><strong>Ἀλώνιοςο</strong></span> <span class='ocrx_word' id='word_1_197' title='bbox 2668 1308 2730 1360; x_wconf 83' lang='lat' dir='ltr'><strong>El</strong></span> <span class='ocrx_word' id='word_1_198' title='bbox 2753 1308 3056 1379; x_wconf 74' lang='grc' dir='ltr'><strong>ἀπεκρίθην</strong></span> <span class='ocrx_word' id='word_1_199' title='bbox 3088 1309 3290 1374; x_wconf 76' lang='grc' dir='ltr'><strong>αὐτοῖς,</strong></span> <span class='ocrx_word' id='word_1_200' title='bbox 3323 1309 3714 1380; x_wconf 64' lang='grc' dir='ltr'><strong>εύρίσκομαιη</strong></span> 
     </span>
    </p>
   </div>
   <div class='ocr_carea' id='block_1_31' title="bbox 2135 1397 3061 1469">
    <p class='ocr_par' dir='ltr' id='par_1_31' title="bbox 2135 1397 3061 1469">
     <span class='ocr_line' id='line_1_31' title="bbox 2135 1397 3061 1469; baseline 0.003 -19"><span class='ocrx_word' id='word_1_201' title='bbox 2135 1397 2209 1461; x_wconf 84' lang='grc' dir='ltr'><strong>ὡς</strong></span> <span class='ocrx_word' id='word_1_202' title='bbox 2243 1397 2673 1469; x_wconf 76' lang='grc' dir='ltr'><strong>καταδεξάμενος</strong></span> <span class='ocrx_word' id='word_1_203' title='bbox 2709 1399 2799 1452; x_wconf 75' lang='grc' dir='ltr'><strong>τὸν</strong></span> <span class='ocrx_word' id='word_1_204' title='bbox 2821 1399 3061 1453; x_wconf 83' lang='grc' dir='ltr'><strong>έπαινον.</strong></span> 
     </span>
    </p>
   </div>
   <div class='ocr_carea' id='block_1_32' title="bbox 2207 1484 3717 1564">
    <p class='ocr_par' dir='ltr' id='par_1_32' title="bbox 2207 1484 3717 1564">
     <span class='ocr_line' id='line_1_32' title="bbox 2207 1484 3717 1564; baseline 0.003 -23"><span class='ocrx_word' id='word_1_205' title='bbox 2207 1495 2316 1554; x_wconf 84' lang='grc' dir='ltr'><strong>νς¹.</strong></span> <span class='ocrx_word' id='word_1_206' title='bbox 2357 1484 2491 1543; x_wconf 67' lang='lat' dir='ltr'><strong>Eine</strong></span> <span class='ocrx_word' id='word_1_207' title='bbox 2512 1490 2694 1557; x_wconf 80' lang='grc' dir='ltr'><strong>πάλιν,</strong></span> <span class='ocrx_word' id='word_1_208' title='bbox 2718 1491 2797 1544; x_wconf 86' lang='grc' dir='ltr'><strong>ὃτι</strong></span> <span class='ocrx_word' id='word_1_209' title='bbox 2828 1493 2891 1544; x_wconf 81' lang='lat' dir='ltr'><strong>Oi</strong></span> <span class='ocrx_word' id='word_1_210' title='bbox 2916 1493 3189 1564; x_wconf 83' lang='grc' dir='ltr'><strong>ἄνθρωποι</strong></span> <span class='ocrx_word' id='word_1_211' title='bbox 3208 1493 3266 1545; x_wconf 79' lang='grc' dir='ltr'><strong>ἐν</strong></span> <span class='ocrx_word' id='word_1_212' title='bbox 3299 1491 3382 1564; x_wconf 81' lang='grc' dir='ltr'><strong>τῷ</strong></span> <span class='ocrx_word' id='word_1_213' title='bbox 3406 1493 3603 1564; x_wconf 77' lang='grc' dir='ltr'><strong>τελείῳ</strong></span> <span class='ocrx_word' id='word_1_214' title='bbox 3622 1493 3717 1546; x_wconf 84' lang='grc' dir='ltr'><strong>λα-</strong></span> 
     </span>
    </p>
   </div>
   <div class='ocr_carea' id='block_1_33' title="bbox 2137 1579 3269 1654">
    <p class='ocr_par' dir='ltr' id='par_1_33' title="bbox 2137 1579 3269 1654">
     <span class='ocr_line' id='line_1_33' title="bbox 2137 1579 3269 1654; baseline 0.002 -21"><span class='ocrx_word' id='word_1_215' title='bbox 2137 1579 2308 1644; x_wconf 82' lang='grc' dir='ltr'><strong>λοῦσι,</strong></span> <span class='ocrx_word' id='word_1_216' title='bbox 2342 1582 2435 1634; x_wconf 73' lang='grc' dir='ltr'><strong>καὶ</strong></span> <span class='ocrx_word' id='word_1_217' title='bbox 2458 1583 2515 1634; x_wconf 91' lang='grc' dir='ltr'><strong>ἐν</strong></span> <span class='ocrx_word' id='word_1_218' title='bbox 2540 1580 2618 1652; x_wconf 84' lang='grc' dir='ltr'><strong>τῷ</strong></span> <span class='ocrx_word' id='word_1_219' title='bbox 2641 1582 2904 1653; x_wconf 73' lang='grc' dir='ltr'><strong>ἐλαχίστῳ</strong></span> <span class='ocrx_word' id='word_1_220' title='bbox 2931 1583 3269 1654; x_wconf 81' lang='grc' dir='ltr'><strong>ἐργάζονται.</strong></span> 
     </span>
    </p>
   </div>
   <div class='ocr_carea' id='block_1_34' title="bbox 2206 1669 3718 1749">
    <p class='ocr_par' dir='ltr' id='par_1_34' title="bbox 2206 1669 3718 1749">
     <span class='ocr_line' id='line_1_34' title="bbox 2206 1669 3718 1749; baseline 0.001 -23"><span class='ocrx_word' id='word_1_221' title='bbox 2206 1673 2305 1736; x_wconf 77' lang='grc' dir='ltr'><strong>νζ’.</strong></span> <span class='ocrx_word' id='word_1_222' title='bbox 2344 1669 2510 1726; x_wconf 83' lang='grc' dir='ltr'><strong>Εἶπεν</strong></span> <span class='ocrx_word' id='word_1_223' title='bbox 2542 1675 2570 1727; x_wconf 93' lang='lat'><strong>6</strong></span> <span class='ocrx_word' id='word_1_224' title='bbox 2600 1674 2773 1738; x_wconf 78' lang='grc' dir='ltr'><strong>ἀϐϐἄς</strong></span> <span class='ocrx_word' id='word_1_225' title='bbox 2810 1675 3040 1746; x_wconf 75' lang='grc' dir='ltr'><strong>Ποιμὴυ,</strong></span> <span class='ocrx_word' id='word_1_226' title='bbox 3068 1678 3151 1730; x_wconf 84' lang='grc' dir='ltr'><strong>ὅτι</strong></span> <span class='ocrx_word' id='word_1_227' title='bbox 3187 1677 3396 1749; x_wconf 83' lang='grc' dir='ltr'>Ὥσπερ</span> <span class='ocrx_word' id='word_1_228' title='bbox 3431 1679 3461 1730; x_wconf 89' lang='lat'><strong>6</strong></span> <span class='ocrx_word' id='word_1_229' title='bbox 3513 1676 3718 1738; x_wconf 74' lang='grc' dir='ltr'><strong>καπνὸς</strong></span> 
     </span>
    </p>
   </div>
   <div class='ocr_carea' id='block_1_35' title="bbox 2131 1763 3719 1841">
    <p class='ocr_par' dir='ltr' id='par_1_35' title="bbox 2131 1763 3719 1841">
     <span class='ocr_line' id='line_1_35' title="bbox 2131 1763 3719 1841; baseline 0.004 -25"><span class='ocrx_word' id='word_1_230' title='bbox 2131 1763 2380 1819; x_wconf 80' lang='grc' dir='ltr'><strong>ἐκδιώκει</strong></span> <span class='ocrx_word' id='word_1_231' title='bbox 2418 1767 2517 1831; x_wconf 71' lang='grc' dir='ltr'><strong>τὰς</strong></span> <span class='ocrx_word' id='word_1_232' title='bbox 2542 1767 2804 1838; x_wconf 82' lang='grc' dir='ltr'><strong>μελίσσας</strong></span> <span class='ocrx_word' id='word_1_233' title='bbox 2824 1809 2838 1832; x_wconf 92' lang='grc'><strong>,</strong></span> <span class='ocrx_word' id='word_1_234' title='bbox 2870 1769 2964 1822; x_wconf 76' lang='grc' dir='ltr'><strong>καὶ</strong></span> <span class='ocrx_word' id='word_1_235' title='bbox 2996 1770 3114 1822; x_wconf 81' lang='grc' dir='ltr'><strong>τότε</strong></span> <span class='ocrx_word' id='word_1_236' title='bbox 3157 1770 3367 1840; x_wconf 70' lang='grc' dir='ltr'><strong>αἴρεται</strong></span> <span class='ocrx_word' id='word_1_237' title='bbox 3410 1770 3514 1840; x_wconf 80' lang='grc' dir='ltr'><strong>τῆς</strong></span> <span class='ocrx_word' id='word_1_238' title='bbox 3545 1773 3719 1841; x_wconf 87' lang='grc' dir='ltr'><strong>ἐργα-</strong></span> 
     </span>
    </p>
   </div>
   <div class='ocr_carea' id='block_1_36' title="bbox 450 1840 2031 1932">
    <p class='ocr_par' dir='ltr' id='par_1_36' title="bbox 450 1857 2026 1932">
     <span class='ocr_line' id='line_1_36' title="bbox 450 1857 2026 1932; baseline -0.003 -18"><span class='ocrx_word' id='word_1_239' title='bbox 450 1862 527 1915; x_wconf 88' lang='lat' dir='ltr'><strong>ita</strong></span> <span class='ocrx_word' id='word_1_240' title='bbox 553 1868 608 1916; x_wconf 89' lang='lat' dir='ltr'><strong>et</strong></span> <span class='ocrx_word' id='word_1_241' title='bbox 638 1861 946 1932; x_wconf 85' lang='lat' dir='ltr'><strong>corporalis</strong></span> <span class='ocrx_word' id='word_1_242' title='bbox 970 1861 1126 1930; x_wconf 88' lang='lat' dir='ltr'><strong>quies</strong></span> <span class='ocrx_word' id='word_1_243' title='bbox 1151 1859 1406 1913; x_wconf 88' lang='lat' dir='ltr'><strong>timorem</strong></span> <span class='ocrx_word' id='word_1_244' title='bbox 1439 1857 1528 1912; x_wconf 89' lang='lat' dir='ltr'><strong>Dei</strong></span> <span class='ocrx_word' id='word_1_245' title='bbox 1559 1859 1706 1926; x_wconf 90' lang='lat' dir='ltr'><strong>ejicit</strong></span> <span class='ocrx_word' id='word_1_246' title='bbox 1732 1874 1798 1912; x_wconf 81' lang='lat' dir='ltr'><strong>ex</strong></span> <span class='ocrx_word' id='word_1_247' title='bbox 1821 1859 2026 1922; x_wconf 87' lang='lat' dir='ltr'><strong>anima,</strong></span> 
     </span>
    </p>
   </div>
   <div class='ocr_carea' id='block_1_37' title="bbox 2148 1840 3720 1932">
    <p class='ocr_par' dir='ltr' id='par_1_37' title="bbox 2148 1854 3720 1931">
     <span class='ocr_line' id='line_1_37' title="bbox 2148 1854 3720 1931; baseline 0.003 -22"><span class='ocrx_word' id='word_1_248' title='bbox 2148 1856 2255 1920; x_wconf 75' lang='lat' dir='ltr'><strong>ria;</strong></span> <span class='ocrx_word' id='word_1_249' title='bbox 2274 1854 2453 1911; x_wconf 81' lang='grc' dir='ltr'><strong>αὐτῶν</strong></span> <span class='ocrx_word' id='word_1_250' title='bbox 2483 1860 2516 1929; x_wconf 85' lang='grc' dir='ltr'><strong>ἡ</strong></span> <span class='ocrx_word' id='word_1_251' title='bbox 2548 1857 2822 1931; x_wconf 82' lang='grc' dir='ltr'><strong>γλυκύτης</strong></span> <span class='ocrx_word' id='word_1_252' title='bbox 2848 1877 2862 1890; x_wconf 78' lang='grc' dir='ltr'><strong>ο</strong></span> <span class='ocrx_word' id='word_1_253' title='bbox 2897 1857 3068 1923; x_wconf 74' lang='grc' dir='ltr'><strong>οὕτως</strong></span> <span class='ocrx_word' id='word_1_254' title='bbox 3094 1862 3188 1914; x_wconf 76' lang='grc' dir='ltr'><strong>καὶ</strong></span> <span class='ocrx_word' id='word_1_255' title='bbox 3215 1863 3250 1931; x_wconf 77' lang='grc' dir='ltr'><strong>ἡ</strong></span> <span class='ocrx_word' id='word_1_256' title='bbox 3283 1863 3572 1931; x_wconf 76' lang='grc' dir='ltr'><strong>σωματικὴ</strong></span> <span class='ocrx_word' id='word_1_257' title='bbox 3588 1860 3720 1913; x_wconf 78' lang='grc' dir='ltr'><strong>ἀνά-</strong></span> 
     </span>
    </p>
   </div>
   <div class='ocr_carea' id='block_1_38' title="bbox 450 1951 1696 2024">
    <p class='ocr_par' dir='ltr' id='par_1_38' title="bbox 450 1951 1696 2024">
     <span class='ocr_line' id='line_1_38' title="bbox 450 1951 1696 2024; baseline -0.004 -16"><span class='ocrx_word' id='word_1_258' title='bbox 450 1964 816 2024; x_wconf 82' lang='lat' dir='ltr'><strong>cunctamque</strong></span> <span class='ocrx_word' id='word_1_259' title='bbox 857 1955 979 2024; x_wconf 87' lang='lat' dir='ltr'><strong>ejus</strong></span> <span class='ocrx_word' id='word_1_260' title='bbox 1013 1953 1389 2023; x_wconf 87' lang='lat' dir='ltr'><strong>operationem</strong></span> <span class='ocrx_word' id='word_1_261' title='bbox 1423 1951 1696 2006; x_wconf 81' lang='lat' dir='ltr'><strong>dissolvit.</strong></span> 
     </span>
    </p>
   </div>
   <div class='ocr_carea' id='block_1_39' title="bbox 523 2119 2028 2197">
    <p class='ocr_par' dir='ltr' id='par_1_39' title="bbox 523 2119 2028 2197">
     <span class='ocr_line' id='line_1_39' title="bbox 523 2119 2028 2197; baseline -0.008 -14"><span class='ocrx_word' id='word_1_262' title='bbox 523 2129 612 2184; x_wconf 75' lang='lat'><strong>58.</strong></span> <span class='ocrx_word' id='word_1_263' title='bbox 662 2127 776 2197; x_wconf 81' lang='lat'>(27)</span> <span class='ocrx_word' id='word_1_264' title='bbox 831 2126 1023 2182; x_wconf 81' lang='lat' dir='ltr'><strong>Frater</strong></span> <span class='ocrx_word' id='word_1_265' title='bbox 1084 2123 1344 2179; x_wconf 83' lang='lat' dir='ltr'><strong>convenit</strong></span> <span class='ocrx_word' id='word_1_266' title='bbox 1408 2122 1658 2178; x_wconf 82' lang='lat' dir='ltr'><strong>abbatem</strong></span> <span class='ocrx_word' id='word_1_267' title='bbox 1715 2119 2028 2174; x_wconf 72' lang='lat' dir='ltr'><strong>Pcemenem</strong></span> 
     </span>
    </p>
   </div>
   <div class='ocr_carea' id='block_1_40' title="bbox 451 2213 2032 2290">
    <p class='ocr_par' dir='ltr' id='par_1_40' title="bbox 451 2213 2032 2290">
     <span class='ocr_line' id='line_1_40' title="bbox 451 2213 2032 2290; baseline -0.008 -13"><span class='ocrx_word' id='word_1_268' title='bbox 451 2220 693 2277; x_wconf 82' lang='lat' dir='ltr'><strong>secunda</strong></span> <span class='ocrx_word' id='word_1_269' title='bbox 743 2217 1190 2290; x_wconf 78' lang='lat' dir='ltr'><strong>Quadragesimae</strong></span> <span class='ocrx_word' id='word_1_270' title='bbox 1241 2214 1625 2281; x_wconf 88' lang='lat' dir='ltr'><strong>hebdomada;</strong></span> <span class='ocrx_word' id='word_1_271' title='bbox 1663 2229 1899 2283; x_wconf 85' lang='lat' dir='ltr'><strong>cumque</strong></span> <span class='ocrx_word' id='word_1_272' title='bbox 1937 2213 2032 2265; x_wconf 84' lang='lat' dir='ltr'><strong>de-</strong></span> 
     </span>
    </p>
   </div>
   <div class='ocr_carea' id='block_1_41' title="bbox 450 2305 2026 2380">
    <p class='ocr_par' dir='ltr' id='par_1_41' title="bbox 450 2305 2026 2380">
     <span class='ocr_line' id='line_1_41' title="bbox 450 2305 2026 2380; baseline -0.004 -17"><span class='ocrx_word' id='word_1_273' title='bbox 450 2312 680 2365; x_wconf 81' lang='lat' dir='ltr'><strong>texisset</strong></span> <span class='ocrx_word' id='word_1_274' title='bbox 716 2311 951 2380; x_wconf 77' lang='lat' dir='ltr'><strong>cogitata</strong></span> <span class='ocrx_word' id='word_1_275' title='bbox 991 2323 1113 2371; x_wconf 90' lang='lat' dir='ltr'><strong>sua,</strong></span> <span class='ocrx_word' id='word_1_276' title='bbox 1151 2317 1205 2363; x_wconf 89' lang='lat' dir='ltr'><strong>et</strong></span> <span class='ocrx_word' id='word_1_277' title='bbox 1238 2307 1483 2377; x_wconf 83' lang='lat' dir='ltr'><strong>requiem</strong></span> <span class='ocrx_word' id='word_1_278' title='bbox 1535 2305 1860 2369; x_wconf 83' lang='lat' dir='ltr'><strong>invenisset,</strong></span> <span class='ocrx_word' id='word_1_279' title='bbox 1910 2305 2026 2357; x_wconf 87' lang='lat' dir='ltr'><strong>ait:</strong></span> 
     </span>
    </p>
   </div>
   <div class='ocr_carea' id='block_1_42' title="bbox 449 2395 2028 2459">
    <p class='ocr_par' dir='ltr' id='par_1_42' title="bbox 449 2395 2028 2459">
     <span class='ocr_line' id='line_1_42' title="bbox 449 2395 2028 2459; baseline -0.006 -2"><span class='ocrx_word' id='word_1_280' title='bbox 449 2401 595 2459; x_wconf 86' lang='lat' dir='ltr'><strong>Penc</strong></span> <span class='ocrx_word' id='word_1_281' title='bbox 642 2403 850 2458; x_wconf 90' lang='lat' dir='ltr'><strong>detinui</strong></span> <span class='ocrx_word' id='word_1_282' title='bbox 882 2417 968 2457; x_wconf 91' lang='lat' dir='ltr'><strong>me</strong></span> <span class='ocrx_word' id='word_1_283' title='bbox 1016 2417 1086 2456; x_wconf 89' lang='lat' dir='ltr'><strong>ne</strong></span> <span class='ocrx_word' id='word_1_284' title='bbox 1118 2401 1224 2455; x_wconf 92' lang='lat' dir='ltr'><strong>huc</strong></span> <span class='ocrx_word' id='word_1_285' title='bbox 1253 2400 1496 2455; x_wconf 86' lang='lat' dir='ltr'><strong>venirem</strong></span> <span class='ocrx_word' id='word_1_286' title='bbox 1545 2397 1728 2452; x_wconf 88' lang='lat' dir='ltr'><strong>hodie.</strong></span> <span class='ocrx_word' id='word_1_287' title='bbox 1780 2396 1926 2450; x_wconf 83' lang='lat' dir='ltr'><strong>Dixit</strong></span> <span class='ocrx_word' id='word_1_288' title='bbox 1979 2395 2028 2450; x_wconf 91' lang='lat' dir='ltr'><strong>ei</strong></span> 
     </span>
    </p>
   </div>
   <div class='ocr_carea' id='block_1_43' title="bbox 450 2491 2031 2562">
    <p class='ocr_par' dir='ltr' id='par_1_43' title="bbox 450 2491 2031 2562">
     <span class='ocr_line' id='line_1_43' title="bbox 450 2491 2031 2562; baseline -0.005 -10"><span class='ocrx_word' id='word_1_289' title='bbox 450 2513 652 2554; x_wconf 83' lang='lat' dir='ltr'><strong>senex:</strong></span> <span class='ocrx_word' id='word_1_290' title='bbox 707 2495 867 2550; x_wconf 85' lang='lat' dir='ltr'><strong>Cur?</strong></span> <span class='ocrx_word' id='word_1_291' title='bbox 916 2494 981 2550; x_wconf 87' lang='lat' dir='ltr'><strong>Et</strong></span> <span class='ocrx_word' id='word_1_292' title='bbox 1028 2493 1236 2548; x_wconf 80' lang='lat' dir='ltr'><strong>frater:</strong></span> <span class='ocrx_word' id='word_1_293' title='bbox 1285 2491 1554 2562; x_wconf 82' lang='lat' dir='ltr'><strong>Reputavi</strong></span> <span class='ocrx_word' id='word_1_294' title='bbox 1609 2506 1740 2545; x_wconf 92' lang='lat' dir='ltr'><strong>num</strong></span> <span class='ocrx_word' id='word_1_295' title='bbox 1809 2498 2031 2561; x_wconf 81' lang='lat' dir='ltr'><strong>propter</strong></span> 
     </span>
    </p>
   </div>
   <div class='ocr_carea' id='block_1_44' title="bbox 450 2580 2031 2658">
    <p class='ocr_par' dir='ltr' id='par_1_44' title="bbox 450 2580 2031 2658">
     <span class='ocr_line' id='line_1_44' title="bbox 450 2580 2031 2658; baseline -0.004 -14"><span class='ocrx_word' id='word_1_296' title='bbox 450 2588 938 2658; x_wconf 81' lang='lat' dir='ltr'><strong>Quadragesimam</strong></span> <span class='ocrx_word' id='word_1_297' title='bbox 981 2586 1116 2640; x_wconf 91' lang='lat' dir='ltr'><strong>mihi</strong></span> <span class='ocrx_word' id='word_1_298' title='bbox 1153 2601 1260 2639; x_wconf 90' lang='lat' dir='ltr'><strong>non</strong></span> <span class='ocrx_word' id='word_1_299' title='bbox 1295 2584 1624 2654; x_wconf 88' lang='lat' dir='ltr'><strong>aperiretur.</strong></span> <span class='ocrx_word' id='word_1_300' title='bbox 1662 2580 1818 2636; x_wconf 91' lang='lat' dir='ltr'><strong>Tunc</strong></span> <span class='ocrx_word' id='word_1_301' title='bbox 1860 2582 2031 2638; x_wconf 87' lang='lat' dir='ltr'><strong>abbas</strong></span> 
     </span>
    </p>
   </div>
   <div class='ocr_carea' id='block_1_45' title="bbox 452 2674 2029 2749">
    <p class='ocr_par' dir='ltr' id='par_1_45' title="bbox 452 2674 2029 2749">
     <span class='ocr_line' id='line_1_45' title="bbox 452 2674 2029 2749; baseline -0.005 -14"><span class='ocrx_word' id='word_1_302' title='bbox 452 2680 684 2736; x_wconf 79' lang='lat' dir='ltr'><strong>Poemen</strong></span> <span class='ocrx_word' id='word_1_303' title='bbox 725 2700 738 2736; x_wconf 92' lang='lat'><strong>:</strong></span> <span class='ocrx_word' id='word_1_304' title='bbox 781 2679 914 2744; x_wconf 87' lang='lat' dir='ltr'><strong>Nos,</strong></span> <span class='ocrx_word' id='word_1_305' title='bbox 976 2678 1176 2749; x_wconf 85' lang='lat' dir='ltr'><strong>inquit,</strong></span> <span class='ocrx_word' id='word_1_306' title='bbox 1231 2694 1341 2731; x_wconf 91' lang='lat' dir='ltr'><strong>non</strong></span> <span class='ocrx_word' id='word_1_307' title='bbox 1393 2674 1689 2730; x_wconf 88' lang='lat' dir='ltr'><strong>didicimus</strong></span> <span class='ocrx_word' id='word_1_308' title='bbox 1723 2676 1925 2729; x_wconf 84' lang='lat' dir='ltr'><strong>ostium</strong></span> <span class='ocrx_word' id='word_1_309' title='bbox 1959 2674 2029 2728; x_wconf 88' lang='lat' dir='ltr'><strong>li-</strong></span> 
     </span>
    </p>
   </div>
   <div class='ocr_carea' id='block_1_46' title="bbox 451 2766 1814 2844">
    <p class='ocr_par' dir='ltr' id='par_1_46' title="bbox 451 2766 1814 2844">
     <span class='ocr_line' id='line_1_46' title="bbox 451 2766 1814 2844; baseline -0.004 -15"><span class='ocrx_word' id='word_1_310' title='bbox 451 2790 649 2844; x_wconf 72' lang='lat' dir='ltr'><strong>gneum</strong></span> <span class='ocrx_word' id='word_1_311' title='bbox 689 2773 967 2836; x_wconf 89' lang='lat' dir='ltr'><strong>claudere,</strong></span> <span class='ocrx_word' id='word_1_312' title='bbox 997 2771 1094 2828; x_wconf 89' lang='lat' dir='ltr'><strong>sed</strong></span> <span class='ocrx_word' id='word_1_313' title='bbox 1118 2771 1301 2840; x_wconf 88' lang='lat' dir='ltr'><strong>potius</strong></span> <span class='ocrx_word' id='word_1_314' title='bbox 1331 2768 1530 2840; x_wconf 70' lang='lat' dir='ltr'><strong>lingua:</strong></span> <span class='ocrx_word' id='word_1_315' title='bbox 1563 2766 1814 2837; x_wconf 88' lang='lat' dir='ltr'><strong>januam.</strong></span> 
     </span>
    </p>
   </div>
   <div class='ocr_carea' id='block_1_47' title="bbox 520 2943 2031 3023">
    <p class='ocr_par' dir='ltr' id='par_1_47' title="bbox 520 2943 2031 3023">
     <span class='ocr_line' id='line_1_47' title="bbox 520 2943 2031 3023; baseline -0.008 -14"><span class='ocrx_word' id='word_1_316' title='bbox 520 2953 607 3009; x_wconf 82' lang='lat'><strong>59.</strong></span> <span class='ocrx_word' id='word_1_317' title='bbox 641 2952 754 3023; x_wconf 82' lang='lat'>(28)</span> <span class='ocrx_word' id='word_1_318' title='bbox 782 2949 992 3005; x_wconf 81' lang='lat' dir='ltr'><strong>Monuit</strong></span> <span class='ocrx_word' id='word_1_319' title='bbox 1025 2950 1190 3004; x_wconf 89' lang='lat' dir='ltr'><strong>etiam</strong></span> <span class='ocrx_word' id='word_1_320' title='bbox 1233 2947 1402 3001; x_wconf 88' lang='lat' dir='ltr'><strong>abbas</strong></span> <span class='ocrx_word' id='word_1_321' title='bbox 1454 2944 1678 3002; x_wconf 68' lang='lat' dir='ltr'><strong>Pmmen</strong></span> <span class='ocrx_word' id='word_1_322' title='bbox 1707 2963 1720 2998; x_wconf 94' lang='lat'><strong>:</strong></span> <span class='ocrx_word' id='word_1_323' title='bbox 1753 2943 2031 3015; x_wconf 82' lang='lat' dir='ltr'><strong>Fugienda</strong></span> 
     </span>
    </p>
   </div>
   <div class='ocr_carea' id='block_1_48' title="bbox 452 3040 2032 3115">
    <p class='ocr_par' dir='ltr' id='par_1_48' title="bbox 452 3040 2032 3115">
     <span class='ocr_line' id='line_1_48' title="bbox 452 3040 2032 3115; baseline -0.006 -15"><span class='ocrx_word' id='word_1_324' title='bbox 452 3056 583 3100; x_wconf 89' lang='lat' dir='ltr'><strong>sunt</strong></span> <span class='ocrx_word' id='word_1_325' title='bbox 614 3059 901 3115; x_wconf 89' lang='lat' dir='ltr'><strong>corporea.</strong></span> <span class='ocrx_word' id='word_1_326' title='bbox 936 3041 1170 3108; x_wconf 87' lang='lat' dir='ltr'><strong>Quando</strong></span> <span class='ocrx_word' id='word_1_327' title='bbox 1199 3040 1344 3094; x_wconf 87' lang='lat' dir='ltr'><strong>enim</strong></span> <span class='ocrx_word' id='word_1_328' title='bbox 1377 3040 1544 3094; x_wconf 92' lang='lat' dir='ltr'><strong>homo</strong></span> <span class='ocrx_word' id='word_1_329' title='bbox 1582 3054 1754 3109; x_wconf 90' lang='lat' dir='ltr'><strong>prope</strong></span> <span class='ocrx_word' id='word_1_330' title='bbox 1779 3047 1864 3093; x_wconf 87' lang='lat' dir='ltr'><strong>est</strong></span> <span class='ocrx_word' id='word_1_331' title='bbox 1907 3053 2032 3092; x_wconf 86' lang='lat' dir='ltr'><strong>cor-</strong></span> 
     </span>
    </p>
   </div>
   <div class='ocr_carea' id='block_1_49' title="bbox 2131 1951 3716 2022">
    <p class='ocr_par' dir='ltr' id='par_1_49' title="bbox 2131 1951 3716 2022">
     <span class='ocr_line' id='line_1_49' title="bbox 2131 1951 3716 2022; baseline 0.005 -22"><span class='ocrx_word' id='word_1_332' title='bbox 2131 1966 2333 2013; x_wconf 86' lang='grc' dir='ltr'><strong>παυσις</strong></span> <span class='ocrx_word' id='word_1_333' title='bbox 2354 1951 2606 2004; x_wconf 81' lang='grc' dir='ltr'><strong>ἐκδιώκει</strong></span> <span class='ocrx_word' id='word_1_334' title='bbox 2637 1951 2732 2004; x_wconf 81' lang='grc' dir='ltr'><strong>τὸν</strong></span> <span class='ocrx_word' id='word_1_335' title='bbox 2763 1952 2928 2020; x_wconf 78' lang='grc' dir='ltr'><strong>φόϐον</strong></span> <span class='ocrx_word' id='word_1_336' title='bbox 2958 1951 3052 2005; x_wconf 82' lang='grc' dir='ltr'><strong>τοῦ</strong></span> <span class='ocrx_word' id='word_1_337' title='bbox 3097 1951 3232 2005; x_wconf 81' lang='grc' dir='ltr'><strong>Θεοῦ</strong></span> <span class='ocrx_word' id='word_1_338' title='bbox 3261 1952 3370 2006; x_wconf 83' lang='grc' dir='ltr'><strong>ἀπὸ</strong></span> <span class='ocrx_word' id='word_1_339' title='bbox 3393 1952 3492 2022; x_wconf 84' lang='grc' dir='ltr'><strong>τῆς</strong></span> <span class='ocrx_word' id='word_1_340' title='bbox 3511 1951 3716 2021; x_wconf 79' lang='grc' dir='ltr'><strong>ψυχῆς.</strong></span> 
     </span>
    </p>
   </div>
   <div class='ocr_carea' id='block_1_50' title="bbox 2134 2038 3403 2113">
    <p class='ocr_par' dir='ltr' id='par_1_50' title="bbox 2134 2038 3403 2113">
     <span class='ocr_line' id='line_1_50' title="bbox 2134 2038 3403 2113; baseline 0.001 -19"><span class='ocrx_word' id='word_1_341' title='bbox 2134 2041 2227 2094; x_wconf 75' lang='grc' dir='ltr'><strong>καὶ</strong></span> <span class='ocrx_word' id='word_1_342' title='bbox 2251 2041 2474 2094; x_wconf 80' lang='grc' dir='ltr'><strong>ἀπολύει</strong></span> <span class='ocrx_word' id='word_1_343' title='bbox 2508 2043 2681 2112; x_wconf 83' lang='grc' dir='ltr'><strong>αὐτῆς</strong></span> <span class='ocrx_word' id='word_1_344' title='bbox 2725 2038 2907 2096; x_wconf 82' lang='grc' dir='ltr'><strong>πᾶσαν</strong></span> <span class='ocrx_word' id='word_1_345' title='bbox 2935 2042 3035 2113; x_wconf 81' lang='grc' dir='ltr'><strong>τὴν</strong></span> <span class='ocrx_word' id='word_1_346' title='bbox 3063 2043 3109 2075; x_wconf 83' lang='grc'><strong>⁸³</strong></span> <span class='ocrx_word' id='word_1_347' title='bbox 3143 2043 3403 2113; x_wconf 80' lang='grc' dir='ltr'><strong>ἐργασίαν</strong></span> 
     </span>
    </p>
   </div>
   <div class='ocr_carea' id='block_1_51' title="bbox 2204 2134 3720 2208">
    <p class='ocr_par' dir='ltr' id='par_1_51' title="bbox 2204 2134 3720 2208">
     <span class='ocr_line' id='line_1_51' title="bbox 2204 2134 3720 2208; baseline 0.001 -21"><span class='ocrx_word' id='word_1_348' title='bbox 2204 2140 2305 2204; x_wconf 84' lang='grc' dir='ltr'><strong>νη’.</strong></span> <span class='ocrx_word' id='word_1_349' title='bbox 2359 2134 2609 2204; x_wconf 83' lang='grc' dir='ltr'><strong>Ἀδελφὸς</strong></span> <span class='ocrx_word' id='word_1_350' title='bbox 2638 2135 2916 2207; x_wconf 71' lang='grc' dir='ltr'><strong>παρέϐαλε</strong></span> <span class='ocrx_word' id='word_1_351' title='bbox 2959 2137 3038 2207; x_wconf 83' lang='grc' dir='ltr'><strong>τῷ</strong></span> <span class='ocrx_word' id='word_1_352' title='bbox 3071 2136 3214 2208; x_wconf 75' lang='grc' dir='ltr'><strong>ὰϐδᾷ</strong></span> <span class='ocrx_word' id='word_1_353' title='bbox 3260 2135 3488 2204; x_wconf 87' lang='grc' dir='ltr'><strong>Ποιμένι</strong></span> <span class='ocrx_word' id='word_1_354' title='bbox 3514 2137 3598 2199; x_wconf 83' lang='grc' dir='ltr'><strong>εἰς</strong></span> <span class='ocrx_word' id='word_1_355' title='bbox 3620 2136 3720 2200; x_wconf 71' lang='grc' dir='ltr'><strong>τὰς</strong></span> 
     </span>
    </p>
   </div>
   <div class='ocr_carea' id='block_1_52' title="bbox 2130 2225 3722 2301">
    <p class='ocr_par' dir='ltr' id='par_1_52' title="bbox 2130 2225 3722 2301">
     <span class='ocr_line' id='line_1_52' title="bbox 2130 2225 3722 2301; baseline 0.003 -24"><span class='ocrx_word' id='word_1_356' title='bbox 2130 2225 2223 2278; x_wconf 84' lang='grc' dir='ltr'><strong>δύο</strong></span> <span class='ocrx_word' id='word_1_357' title='bbox 2256 2225 2557 2296; x_wconf 72' lang='grc' dir='ltr'><strong>ἑϐδομάδας</strong></span> <span class='ocrx_word' id='word_1_358' title='bbox 2583 2230 2684 2299; x_wconf 82' lang='grc' dir='ltr'><strong>τῆς</strong></span> <span class='ocrx_word' id='word_1_359' title='bbox 2703 2229 2746 2281; x_wconf 89' lang='grc' dir='ltr'>Τ</span> <span class='ocrx_word' id='word_1_360' title='bbox 2749 2230 3177 2301; x_wconf 84' lang='grc' dir='ltr'><strong>εσσαρακοστῆς,</strong></span> <span class='ocrx_word' id='word_1_361' title='bbox 3208 2229 3300 2282; x_wconf 75' lang='grc' dir='ltr'><strong>καὶ</strong></span> <span class='ocrx_word' id='word_1_362' title='bbox 3337 2228 3566 2294; x_wconf 79' lang='grc' dir='ltr'><strong>ἐξειπὼν</strong></span> <span class='ocrx_word' id='word_1_363' title='bbox 3594 2229 3722 2291; x_wconf 54' lang='lat' dir='ltr'><strong>sui):</strong></span> 
     </span>
    </p>
   </div>
   <div class='ocr_carea' id='block_1_53' title="bbox 2132 2317 3724 2391">
    <p class='ocr_par' dir='ltr' id='par_1_53' title="bbox 2132 2317 3724 2391">
     <span class='ocr_line' id='line_1_53' title="bbox 2132 2317 3724 2391; baseline 0.003 -23"><span class='ocrx_word' id='word_1_364' title='bbox 2132 2317 2424 2388; x_wconf 75' lang='grc' dir='ltr'><strong>λογισμοὺς</strong></span> <span class='ocrx_word' id='word_1_365' title='bbox 2471 2318 2659 2388; x_wconf 80' lang='grc' dir='ltr'><strong>αὐτοῦ,</strong></span> <span class='ocrx_word' id='word_1_366' title='bbox 2701 2322 2795 2375; x_wconf 78' lang='grc' dir='ltr'><strong>καὶ</strong></span> <span class='ocrx_word' id='word_1_367' title='bbox 2839 2319 3016 2391; x_wconf 83' lang='grc' dir='ltr'><strong>τυχὼν</strong></span> <span class='ocrx_word' id='word_1_368' title='bbox 3050 2320 3428 2385; x_wconf 79' lang='grc' dir='ltr'><strong>ἀναπαύσεως,</strong></span> <span class='ocrx_word' id='word_1_369' title='bbox 3450 2320 3600 2388; x_wconf 83' lang='grc' dir='ltr'><strong>λέγει</strong></span> <span class='ocrx_word' id='word_1_370' title='bbox 3625 2321 3724 2372; x_wconf 72' lang='grc' dir='ltr'><strong>αὐ-</strong></span> 
     </span>
    </p>
   </div>
   <div class='ocr_carea' id='block_1_54' title="bbox 2131 2402 3725 2484">
    <p class='ocr_par' dir='ltr' id='par_1_54' title="bbox 2131 2402 3725 2484">
     <span class='ocr_line' id='line_1_54' title="bbox 2131 2402 3725 2484; baseline 0.002 -24"><span class='ocrx_word' id='word_1_371' title='bbox 2131 2409 2237 2480; x_wconf 78' lang='grc' dir='ltr'><strong>τῷ’</strong></span> <span class='ocrx_word' id='word_1_372' title='bbox 2267 2410 2422 2482; x_wconf 80' lang='grc' dir='ltr'><strong>Παρὰ</strong></span> <span class='ocrx_word' id='word_1_373' title='bbox 2465 2410 2638 2484; x_wconf 79' lang='grc' dir='ltr'><strong>βραχὺ</strong></span> <span class='ocrx_word' id='word_1_374' title='bbox 2672 2412 3008 2482; x_wconf 84' lang='grc' dir='ltr'><strong>κατεσχέθην</strong></span> <span class='ocrx_word' id='word_1_375' title='bbox 3043 2411 3446 2483; x_wconf 79' lang='grc' dir='ltr'><strong>παραγενέσθαι</strong></span> <span class='ocrx_word' id='word_1_376' title='bbox 3489 2402 3595 2464; x_wconf 59' lang='grc' dir='ltr'><strong>ὅδε</strong></span> <span class='ocrx_word' id='word_1_377' title='bbox 3622 2412 3725 2482; x_wconf 78' lang='grc' dir='ltr'><strong>σή-</strong></span> 
     </span>
    </p>
   </div>
   <div class='ocr_carea' id='block_1_55' title="bbox 2135 2502 3724 2576">
    <p class='ocr_par' dir='ltr' id='par_1_55' title="bbox 2135 2502 3724 2576">
     <span class='ocr_line' id='line_1_55' title="bbox 2135 2502 3724 2576; baseline 0.001 -22"><span class='ocrx_word' id='word_1_378' title='bbox 2135 2519 2322 2573; x_wconf 89' lang='grc' dir='ltr'><strong>μερον.</strong></span> <span class='ocrx_word' id='word_1_379' title='bbox 2363 2502 2526 2572; x_wconf 82' lang='grc' dir='ltr'><strong>Λέγει</strong></span> <span class='ocrx_word' id='word_1_380' title='bbox 2565 2504 2713 2575; x_wconf 83' lang='grc' dir='ltr'><strong>αύτῷ</strong></span> <span class='ocrx_word' id='word_1_381' title='bbox 2743 2507 2772 2558; x_wconf 90' lang='lat'><strong>6</strong></span> <span class='ocrx_word' id='word_1_382' title='bbox 2805 2505 2985 2576; x_wconf 84' lang='grc' dir='ltr'><strong>γέρων</strong></span> <span class='ocrx_word' id='word_1_383' title='bbox 3013 2520 3028 2535; x_wconf 78' lang='grc'><strong>⁸</strong></span> <span class='ocrx_word' id='word_1_384' title='bbox 3069 2505 3262 2570; x_wconf 76' lang='grc' dir='ltr'><strong>Διατίς</strong></span> <span class='ocrx_word' id='word_1_385' title='bbox 3296 2504 3460 2572; x_wconf 85' lang='grc' dir='ltr'><strong>Λέγει</strong></span> <span class='ocrx_word' id='word_1_386' title='bbox 3490 2505 3520 2556; x_wconf 97' lang='lat'><strong>6</strong></span> <span class='ocrx_word' id='word_1_387' title='bbox 3563 2503 3724 2556; x_wconf 87' lang='grc' dir='ltr'><strong>ἁδελ-</strong></span> 
     </span>
    </p>
   </div>
   <div class='ocr_carea' id='block_1_56' title="bbox 2133 2592 3725 2668">
    <p class='ocr_par' dir='ltr' id='par_1_56' title="bbox 2133 2592 3725 2668">
     <span class='ocr_line' id='line_1_56' title="bbox 2133 2592 3725 2668; baseline 0.001 -21"><span class='ocrx_word' id='word_1_388' title='bbox 2133 2593 2231 2663; x_wconf 78' lang='grc' dir='ltr'><strong>φός</strong></span> <span class='ocrx_word' id='word_1_389' title='bbox 2253 2613 2265 2625; x_wconf 89' lang='grc'><strong>·</strong></span> <span class='ocrx_word' id='word_1_390' title='bbox 2293 2592 2459 2648; x_wconf 82' lang='grc' dir='ltr'><strong>Εἶπον</strong></span> <span class='ocrx_word' id='word_1_391' title='bbox 2507 2596 2577 2660; x_wconf 74' lang='grc'><strong>⁸⁵,</strong></span> <span class='ocrx_word' id='word_1_392' title='bbox 2625 2597 2836 2668; x_wconf 81' lang='grc' dir='ltr'><strong>μήποτε</strong></span> <span class='ocrx_word' id='word_1_393' title='bbox 2869 2595 2960 2649; x_wconf 83' lang='grc' dir='ltr'><strong>διὰ</strong></span> <span class='ocrx_word' id='word_1_394' title='bbox 3001 2595 3102 2667; x_wconf 82' lang='grc' dir='ltr'><strong>τὴν</strong></span> <span class='ocrx_word' id='word_1_395' title='bbox 3134 2595 3592 2667; x_wconf 81' lang='grc' dir='ltr'><strong>Τεσσαρακοστὴν</strong></span> <span class='ocrx_word' id='word_1_396' title='bbox 3622 2593 3725 2648; x_wconf 75' lang='grc' dir='ltr'><strong>οὐκ</strong></span> 
     </span>
    </p>
   </div>
   <div class='ocr_carea' id='block_1_57' title="bbox 2132 2686 3726 2761">
    <p class='ocr_par' dir='ltr' id='par_1_57' title="bbox 2132 2686 3726 2761">
     <span class='ocr_line' id='line_1_57' title="bbox 2132 2686 3726 2761; baseline 0.001 -21"><span class='ocrx_word' id='word_1_397' title='bbox 2132 2686 2405 2755; x_wconf 80' lang='grc' dir='ltr'><strong>ἀνοίγεταί</strong></span> <span class='ocrx_word' id='word_1_398' title='bbox 2435 2703 2546 2759; x_wconf 86' lang='grc' dir='ltr'><strong>μοι.</strong></span> <span class='ocrx_word' id='word_1_399' title='bbox 2589 2688 2752 2756; x_wconf 82' lang='grc' dir='ltr'><strong>Λέγει</strong></span> <span class='ocrx_word' id='word_1_400' title='bbox 2797 2689 2945 2759; x_wconf 81' lang='grc' dir='ltr'><strong>αὐτῷ</strong></span> <span class='ocrx_word' id='word_1_401' title='bbox 2967 2691 2995 2743; x_wconf 89' lang='lat'><strong>6</strong></span> <span class='ocrx_word' id='word_1_402' title='bbox 3019 2689 3194 2754; x_wconf 77' lang='grc' dir='ltr'><strong>ἀὸὁᾶς</strong></span> <span class='ocrx_word' id='word_1_403' title='bbox 3233 2690 3446 2761; x_wconf 84' lang='grc' dir='ltr'><strong>Ποιμήν</strong></span> <span class='ocrx_word' id='word_1_404' title='bbox 3474 2706 3489 2720; x_wconf 78' lang='grc' dir='ltr'><strong><em>ο</em></strong></span> <span class='ocrx_word' id='word_1_405' title='bbox 3529 2689 3726 2760; x_wconf 76' lang='grc' dir='ltr'><strong>Ἡμεῖς</strong></span> 
     </span>
    </p>
   </div>
   <div class='ocr_carea' id='block_1_58' title="bbox 2133 2777 3723 2853">
    <p class='ocr_par' dir='ltr' id='par_1_58' title="bbox 2133 2777 3723 2853">
     <span class='ocr_line' id='line_1_58' title="bbox 2133 2777 3723 2853; baseline 0.002 -23"><span class='ocrx_word' id='word_1_406' title='bbox 2133 2778 2232 2830; x_wconf 79' lang='grc' dir='ltr'><strong>οὐκ</strong></span> <span class='ocrx_word' id='word_1_407' title='bbox 2253 2777 2531 2850; x_wconf 87' lang='grc' dir='ltr'><strong>ἐμάθομεν</strong></span> <span class='ocrx_word' id='word_1_408' title='bbox 2565 2779 2767 2833; x_wconf 84' lang='grc' dir='ltr'><strong>κλείειν</strong></span> <span class='ocrx_word' id='word_1_409' title='bbox 2803 2781 2901 2850; x_wconf 75' lang='grc' dir='ltr'><strong>τὴν</strong></span> <span class='ocrx_word' id='word_1_410' title='bbox 2933 2780 3151 2852; x_wconf 82' lang='grc' dir='ltr'><strong>ξυλίνην</strong></span> <span class='ocrx_word' id='word_1_411' title='bbox 3190 2780 3379 2853; x_wconf 84' lang='grc' dir='ltr'><strong>θύραν,</strong></span> <span class='ocrx_word' id='word_1_412' title='bbox 3414 2778 3557 2834; x_wconf 76' lang='grc' dir='ltr'><strong>ἀλλὰ</strong></span> <span class='ocrx_word' id='word_1_413' title='bbox 3586 2783 3723 2852; x_wconf 77' lang='grc' dir='ltr'><strong>μᾶλ-</strong></span> 
     </span>
    </p>
   </div>
   <div class='ocr_carea' id='block_1_59' title="bbox 2133 2867 2976 2941">
    <p class='ocr_par' dir='ltr' id='par_1_59' title="bbox 2133 2867 2976 2941">
     <span class='ocr_line' id='line_1_59' title="bbox 2133 2867 2976 2941; baseline 0.004 -20"><span class='ocrx_word' id='word_1_414' title='bbox 2133 2867 2224 2921; x_wconf 82' lang='grc' dir='ltr'><strong>λον</strong></span> <span class='ocrx_word' id='word_1_415' title='bbox 2247 2871 2347 2941; x_wconf 73' lang='grc' dir='ltr'><strong>τὴν</strong></span> <span class='ocrx_word' id='word_1_416' title='bbox 2381 2871 2482 2941; x_wconf 81' lang='grc' dir='ltr'><strong>τῆς</strong></span> <span class='ocrx_word' id='word_1_417' title='bbox 2513 2870 2765 2941; x_wconf 84' lang='grc' dir='ltr'><strong>γλώσσης</strong></span> <span class='ocrx_word' id='word_1_418' title='bbox 2787 2871 2976 2941; x_wconf 86' lang='grc' dir='ltr'><strong>θύραν.</strong></span> 
     </span>
    </p>
   </div>
   <div class='ocr_carea' id='block_1_60' title="bbox 2204 2959 3726 3037">
    <p class='ocr_par' dir='ltr' id='par_1_60' title="bbox 2204 2959 3726 3037">
     <span class='ocr_line' id='line_1_60' title="bbox 2204 2959 3726 3037; baseline 0.002 -22"><span class='ocrx_word' id='word_1_419' title='bbox 2204 2963 2302 3017; x_wconf 80' lang='grc' dir='ltr'><strong>νϐ’.</strong></span> <span class='ocrx_word' id='word_1_420' title='bbox 2333 2959 2467 3018; x_wconf 82' lang='grc' dir='ltr'><strong>Εἷπε</strong></span> <span class='ocrx_word' id='word_1_421' title='bbox 2513 2965 2674 3018; x_wconf 76' lang='grc' dir='ltr'><strong>πάλιν</strong></span> <span class='ocrx_word' id='word_1_422' title='bbox 2715 2967 2743 3017; x_wconf 89' lang='lat'><strong>6</strong></span> <span class='ocrx_word' id='word_1_423' title='bbox 2771 2965 2946 3029; x_wconf 78' lang='grc' dir='ltr'><strong>ἀϐὁᾶς</strong></span> <span class='ocrx_word' id='word_1_424' title='bbox 2994 2967 3232 3037; x_wconf 81' lang='grc' dir='ltr'><strong>Ποιμήν·</strong></span> <span class='ocrx_word' id='word_1_425' title='bbox 3258 2965 3486 3035; x_wconf 75' lang='grc' dir='ltr'><strong>Φεύγειν</strong></span> <span class='ocrx_word' id='word_1_426' title='bbox 3525 2966 3613 3020; x_wconf 81' lang='grc' dir='ltr'><strong>δεῖ</strong></span> <span class='ocrx_word' id='word_1_427' title='bbox 3653 2965 3726 3018; x_wconf 78' lang='grc' dir='ltr'><strong>τὰ</strong></span> 
     </span>
    </p>
   </div>
   <div class='ocr_carea' id='block_1_61' title="bbox 2137 3053 3728 3131">
    <p class='ocr_par' dir='ltr' id='par_1_61' title="bbox 2137 3053 3728 3131">
     <span class='ocr_line' id='line_1_61' title="bbox 2137 3053 3728 3131; baseline 0.002 -24"><span class='ocrx_word' id='word_1_428' title='bbox 2137 3057 2443 3126; x_wconf 82' lang='grc' dir='ltr'><strong>σωματικά.</strong></span> <span class='ocrx_word' id='word_1_429' title='bbox 2465 3057 2633 3111; x_wconf 86' lang='grc' dir='ltr'><strong>Ὅταν</strong></span> <span class='ocrx_word' id='word_1_430' title='bbox 2661 3057 2768 3128; x_wconf 75' lang='grc' dir='ltr'><strong>γὰρ</strong></span> <span class='ocrx_word' id='word_1_431' title='bbox 2796 3053 2848 3111; x_wconf 84' lang='grc' dir='ltr'><strong>εἴ</strong></span> <span class='ocrx_word' id='word_1_432' title='bbox 2868 3059 3000 3129; x_wconf 72' lang='grc' dir='ltr'><strong>(δι’)</strong></span> <span class='ocrx_word' id='word_1_433' title='bbox 3024 3059 3117 3113; x_wconf 71' lang='grc' dir='ltr'><strong>ἄνθ</strong></span> <span class='ocrx_word' id='word_1_434' title='bbox 3126 3075 3306 3131; x_wconf 88' lang='grc' dir='ltr'><strong>ρωπος</strong></span> <span class='ocrx_word' id='word_1_435' title='bbox 3319 3059 3487 3126; x_wconf 81' lang='grc' dir='ltr'><strong>ἐγγὺς</strong></span> <span class='ocrx_word' id='word_1_436' title='bbox 3505 3058 3602 3110; x_wconf 80' lang='grc' dir='ltr'><strong>τοῦ</strong></span> <span class='ocrx_word' id='word_1_437' title='bbox 3623 3074 3728 3110; x_wconf 82' lang='grc' dir='ltr'><strong>σω-</strong></span> 
     </span>
    </p>
   </div>
   <div class='ocr_carea' id='block_1_62' title="bbox 451 3128 2031 3233">
    <p class='ocr_par' dir='ltr' id='par_1_62' title="bbox 451 3128 2029 3206">
     <span class='ocr_line' id='line_1_62' title="bbox 451 3128 2029 3206; baseline -0.007 -15"><span class='ocrx_word' id='word_1_438' title='bbox 451 3136 696 3206; x_wconf 84' lang='lat' dir='ltr'><strong>poraleni</strong></span> <span class='ocrx_word' id='word_1_439' title='bbox 752 3131 1244 3204; x_wconf 83' lang='lat' dir='ltr'><strong>impugnationem,</strong></span> <span class='ocrx_word' id='word_1_440' title='bbox 1309 3129 1650 3184; x_wconf 86' lang='lat' dir='ltr'><strong>assimilatur</strong></span> <span class='ocrx_word' id='word_1_441' title='bbox 1708 3128 1822 3182; x_wconf 88' lang='lat' dir='ltr'><strong>viro</strong></span> <span class='ocrx_word' id='word_1_442' title='bbox 1875 3128 2029 3196; x_wconf 80' lang='lat' dir='ltr'><strong>juxta</strong></span> 
     </span>
    </p>
   </div>
   <div class='ocr_carea' id='block_1_63' title="bbox 2148 3128 3727 3233">
    <p class='ocr_par' dir='ltr' id='par_1_63' title="bbox 2148 3128 3727 3222">
     <span class='ocr_line' id='line_1_63' title="bbox 2148 3128 3727 3222; baseline 0 -21"><span class='ocrx_word' id='word_1_443' title='bbox 2148 3147 2368 3218; x_wconf 69' lang='grc' dir='ltr'><strong>ματικοῦ</strong></span> <span class='ocrx_word' id='word_1_444' title='bbox 2401 3148 2662 3220; x_wconf 85' lang='grc' dir='ltr'><strong>πολέμου,</strong></span> <span class='ocrx_word' id='word_1_445' title='bbox 2697 3150 2871 3203; x_wconf 83' lang='grc' dir='ltr'><strong>ἔοικεν</strong></span> <span class='ocrx_word' id='word_1_446' title='bbox 2901 3151 3057 3221; x_wconf 78' lang='grc' dir='ltr'><strong>ἀνδρὶ</strong></span> <span class='ocrx_word' id='word_1_447' title='bbox 3091 3128 3341 3222; x_wconf 79' lang='grc' dir='ltr'><strong>στήκοντι</strong></span> <span class='ocrx_word' id='word_1_448' title='bbox 3373 3149 3561 3203; x_wconf 75' lang='grc' dir='ltr'><strong>ἐπάνω</strong></span> <span class='ocrx_word' id='word_1_449' title='bbox 3590 3149 3727 3204; x_wconf 78' lang='grc' dir='ltr'><strong>λάκ-</strong></span> 
     </span>
    </p>
   </div>
   <div class='ocr_carea' id='block_1_64' title="bbox 453 3221 2029 3298">
    <p class='ocr_par' dir='ltr' id='par_1_64' title="bbox 453 3221 2029 3298">
     <span class='ocr_line' id='line_1_64' title="bbox 453 3221 2029 3298; baseline -0.004 -16"><span class='ocrx_word' id='word_1_450' title='bbox 453 3230 630 3284; x_wconf 89' lang='lat' dir='ltr'><strong>lacum</strong></span> <span class='ocrx_word' id='word_1_451' title='bbox 673 3227 1164 3298; x_wconf 84' lang='lat' dir='ltr'><strong>prol&#39;undissimum</strong></span> <span class='ocrx_word' id='word_1_452' title='bbox 1189 3222 1377 3285; x_wconf 88' lang='lat' dir='ltr'><strong>stanti,</strong></span> <span class='ocrx_word' id='word_1_453' title='bbox 1404 3237 1566 3292; x_wconf 91' lang='lat' dir='ltr'><strong>quem</strong></span> <span class='ocrx_word' id='word_1_454' title='bbox 1598 3221 1855 3275; x_wconf 91' lang='lat' dir='ltr'><strong>inimicus</strong></span> <span class='ocrx_word' id='word_1_455' title='bbox 1886 3223 2029 3291; x_wconf 82' lang='lat' dir='ltr'><strong>ejus,</strong></span> 
     </span>
    </p>
   </div>
   <div class='ocr_carea' id='block_1_65' title="bbox 451 3299 2032 3393">
    <p class='ocr_par' dir='ltr' id='par_1_65' title="bbox 451 3299 2032 3393">
     <span class='ocr_line' id='line_1_65' title="bbox 451 3299 2032 3393; baseline -0.005 -17"><span class='ocrx_word' id='word_1_456' title='bbox 451 3336 782 3393; x_wconf 87' lang='lat' dir='ltr'><strong>quacunque</strong></span> <span class='ocrx_word' id='word_1_457' title='bbox 847 3320 984 3373; x_wconf 80' lang='lat' dir='ltr'><strong>hora</strong></span> <span class='ocrx_word' id='word_1_458' title='bbox 1030 3318 1210 3372; x_wconf 88' lang='lat' dir='ltr'><strong>visum</strong></span> <span class='ocrx_word' id='word_1_459' title='bbox 1248 3313 1444 3377; x_wconf 89' lang='lat' dir='ltr'><strong>fuerit,</strong></span> <span class='ocrx_word' id='word_1_460' title='bbox 1487 3314 1646 3368; x_wconf 82' lang='lat' dir='ltr'><strong>facile</strong></span> <span class='ocrx_word' id='word_1_461' title='bbox 1693 3299 1942 3382; x_wconf 68' lang='lat' dir='ltr'><strong>dejiciet&#39;</strong></span> <span class='ocrx_word' id='word_1_462' title='bbox 1969 3329 2032 3368; x_wconf 89' lang='lat' dir='ltr'><strong>ac</strong></span> 
     </span>
    </p>
   </div>
   <div class='ocr_carea' id='block_1_66' title="bbox 453 3406 2028 3488">
    <p class='ocr_par' dir='ltr' id='par_1_66' title="bbox 453 3406 2028 3488">
     <span class='ocr_line' id='line_1_66' title="bbox 453 3406 2028 3488; baseline -0.008 -18"><span class='ocrx_word' id='word_1_463' title='bbox 453 3418 762 3488; x_wconf 79' lang='lat' dir='ltr'><strong>immerget.</strong></span> <span class='ocrx_word' id='word_1_464' title='bbox 797 3415 954 3482; x_wconf 86' lang='lat' dir='ltr'><strong>Quod</strong></span> <span class='ocrx_word' id='word_1_465' title='bbox 987 3415 1031 3470; x_wconf 89' lang='lat' dir='ltr'><strong>si</strong></span> <span class='ocrx_word' id='word_1_466' title='bbox 1063 3430 1092 3468; x_wconf 90' lang='lat' dir='ltr'><strong>a</strong></span> <span class='ocrx_word' id='word_1_467' title='bbox 1116 3413 1398 3483; x_wconf 89' lang='lat' dir='ltr'><strong>corporeis</strong></span> <span class='ocrx_word' id='word_1_468' title='bbox 1422 3412 1588 3467; x_wconf 82' lang='lat' dir='ltr'><strong>rebus</strong></span> <span class='ocrx_word' id='word_1_469' title='bbox 1617 3409 1808 3479; x_wconf 88' lang='lat' dir='ltr'><strong>procul</strong></span> <span class='ocrx_word' id='word_1_470' title='bbox 1843 3406 2028 3468; x_wconf 88' lang='lat' dir='ltr'><strong>fuerit,</strong></span> 
     </span>
    </p>
   </div>
   <div class='ocr_carea' id='block_1_67' title="bbox 455 3505 2034 3578">
    <p class='ocr_par' dir='ltr' id='par_1_67' title="bbox 455 3505 2034 3578">
     <span class='ocr_line' id='line_1_67' title="bbox 455 3505 2034 3578; baseline -0.008 -14"><span class='ocrx_word' id='word_1_471' title='bbox 455 3511 650 3564; x_wconf 87' lang='lat' dir='ltr'><strong>similis</strong></span> <span class='ocrx_word' id='word_1_472' title='bbox 679 3517 764 3565; x_wconf 90' lang='lat' dir='ltr'><strong>est</strong></span> <span class='ocrx_word' id='word_1_473' title='bbox 797 3511 916 3563; x_wconf 92' lang='lat' dir='ltr'><strong>viro</strong></span> <span class='ocrx_word' id='word_1_474' title='bbox 943 3507 1038 3578; x_wconf 89' lang='lat' dir='ltr'><strong>qui</strong></span> <span class='ocrx_word' id='word_1_475' title='bbox 1071 3507 1233 3576; x_wconf 78' lang='lat' dir='ltr'><strong>longe</strong></span> <span class='ocrx_word' id='word_1_476' title='bbox 1281 3506 1442 3560; x_wconf 87' lang='lat' dir='ltr'><strong>abest</strong></span> <span class='ocrx_word' id='word_1_477' title='bbox 1475 3520 1505 3558; x_wconf 94' lang='lat' dir='ltr'><strong>a</strong></span> <span class='ocrx_word' id='word_1_478' title='bbox 1537 3505 1699 3567; x_wconf 83' lang='lat' dir='ltr'><strong>lacu;</strong></span> <span class='ocrx_word' id='word_1_479' title='bbox 1732 3511 1793 3554; x_wconf 91' lang='lat' dir='ltr'><strong>ut</strong></span> <span class='ocrx_word' id='word_1_480' title='bbox 1837 3513 2034 3570; x_wconf 86' lang='lat' dir='ltr'><strong>quam-</strong></span> 
     </span>
    </p>
   </div>
   <div class='ocr_carea' id='block_1_68' title="bbox 453 3595 2032 3666">
    <p class='ocr_par' dir='ltr' id='par_1_68' title="bbox 453 3595 2032 3666">
     <span class='ocr_line' id='line_1_68' title="bbox 453 3595 2032 3666; baseline -0.008 -10"><span class='ocrx_word' id='word_1_481' title='bbox 453 3604 538 3656; x_wconf 89' lang='lat' dir='ltr'><strong>vis</strong></span> <span class='ocrx_word' id='word_1_482' title='bbox 571 3602 800 3657; x_wconf 79' lang='lat' dir='ltr'><strong>traxerit</strong></span> <span class='ocrx_word' id='word_1_483' title='bbox 832 3617 956 3656; x_wconf 92' lang='lat' dir='ltr'><strong>eum</strong></span> <span class='ocrx_word' id='word_1_484' title='bbox 994 3601 1173 3656; x_wconf 89' lang='lat' dir='ltr'><strong>hostis</strong></span> <span class='ocrx_word' id='word_1_485' title='bbox 1208 3599 1274 3653; x_wconf 89' lang='lat' dir='ltr'><strong>ad</strong></span> <span class='ocrx_word' id='word_1_486' title='bbox 1311 3597 1701 3666; x_wconf 64' lang='lat' dir='ltr'><strong>praecipitium,</strong></span> <span class='ocrx_word' id='word_1_487' title='bbox 1733 3595 1864 3649; x_wconf 88' lang='lat' dir='ltr'><strong>dum</strong></span> <span class='ocrx_word' id='word_1_488' title='bbox 1913 3603 2032 3647; x_wconf 73' lang='lat' dir='ltr'><strong>tra~</strong></span> 
     </span>
    </p>
   </div>
   <div class='ocr_carea' id='block_1_69' title="bbox 453 3687 1795 3757">
    <p class='ocr_par' dir='ltr' id='par_1_69' title="bbox 453 3687 1795 3757">
     <span class='ocr_line' id='line_1_69' title="bbox 453 3687 1795 3757; baseline -0.006 -9"><span class='ocrx_word' id='word_1_489' title='bbox 453 3693 536 3748; x_wconf 88' lang='lat' dir='ltr'><strong>hit</strong></span> <span class='ocrx_word' id='word_1_490' title='bbox 566 3708 630 3748; x_wconf 89' lang='lat' dir='ltr'><strong>ac</strong></span> <span class='ocrx_word' id='word_1_491' title='bbox 661 3694 771 3748; x_wconf 86' lang='lat' dir='ltr'><strong>vim</strong></span> <span class='ocrx_word' id='word_1_492' title='bbox 804 3693 989 3757; x_wconf 82' lang='lat' dir='ltr'><strong>infert,</strong></span> <span class='ocrx_word' id='word_1_493' title='bbox 1019 3691 1164 3746; x_wconf 80' lang='lat' dir='ltr'><strong>Deus</strong></span> <span class='ocrx_word' id='word_1_494' title='bbox 1198 3690 1381 3744; x_wconf 87' lang='lat' dir='ltr'><strong>mittat</strong></span> <span class='ocrx_word' id='word_1_495' title='bbox 1419 3689 1470 3743; x_wconf 90' lang='lat' dir='ltr'><strong>ei</strong></span> <span class='ocrx_word' id='word_1_496' title='bbox 1506 3687 1795 3743; x_wconf 78' lang='lat' dir='ltr'><strong>auxilium.</strong></span> 
     </span>
    </p>
   </div>
   <div class='ocr_carea' id='block_1_70' title="bbox 525 3777 2030 3856">
    <p class='ocr_par' dir='ltr' id='par_1_70' title="bbox 525 3777 2030 3856">
     <span class='ocr_line' id='line_1_70' title="bbox 525 3777 2030 3856; baseline -0.011 -13"><span class='ocrx_word' id='word_1_497' title='bbox 525 3786 613 3843; x_wconf 87' lang='lat'><strong>60.</strong></span> <span class='ocrx_word' id='word_1_498' title='bbox 659 3787 769 3856; x_wconf 81' lang='lat'>(29)</span> <span class='ocrx_word' id='word_1_499' title='bbox 833 3785 977 3841; x_wconf 85' lang='lat' dir='ltr'><strong>Dixit</strong></span> <span class='ocrx_word' id='word_1_500' title='bbox 1023 3787 1264 3840; x_wconf 90' lang='lat' dir='ltr'><strong>iterum:</strong></span> <span class='ocrx_word' id='word_1_501' title='bbox 1329 3782 1666 3851; x_wconf 82' lang='lat' dir='ltr'><strong>Paupertas,</strong></span> <span class='ocrx_word' id='word_1_502' title='bbox 1715 3777 2030 3842; x_wconf 86' lang='lat' dir='ltr'><strong>tribulatio,</strong></span> 
     </span>
    </p>
   </div>
   <div class='ocr_carea' id='block_1_71' title="bbox 455 3869 2034 3948">
    <p class='ocr_par' dir='ltr' id='par_1_71' title="bbox 455 3869 2034 3948">
     <span class='ocr_line' id='line_1_71' title="bbox 455 3869 2034 3948; baseline -0.008 -16"><span class='ocrx_word' id='word_1_503' title='bbox 455 3878 729 3948; x_wconf 79' lang='lat' dir='ltr'><strong>angustia,</strong></span> <span class='ocrx_word' id='word_1_504' title='bbox 757 3877 1055 3947; x_wconf 90' lang='lat' dir='ltr'><strong>jejunium,</strong></span> <span class='ocrx_word' id='word_1_505' title='bbox 1119 3875 1236 3930; x_wconf 61' lang='lat' dir='ltr'><strong>haec</strong></span> <span class='ocrx_word' id='word_1_506' title='bbox 1291 3883 1420 3928; x_wconf 91' lang='lat' dir='ltr'><strong>sunt</strong></span> <span class='ocrx_word' id='word_1_507' title='bbox 1447 3873 1573 3927; x_wconf 72' lang='lat' dir='ltr'><strong>vita:</strong></span> <span class='ocrx_word' id='word_1_508' title='bbox 1632 3870 1893 3926; x_wconf 76' lang='lat' dir='ltr'><strong>solitaria:</strong></span> <span class='ocrx_word' id='word_1_509' title='bbox 1951 3869 2034 3920; x_wconf 90' lang='lat' dir='ltr'><strong>in-</strong></span> 
     </span>
    </p>
   </div>
   <div class='ocr_carea' id='block_1_72' title="bbox 454 3961 2034 4038">
    <p class='ocr_par' dir='ltr' id='par_1_72' title="bbox 454 3961 2034 4038">
     <span class='ocr_line' id='line_1_72' title="bbox 454 3961 2034 4038; baseline -0.008 -11"><span class='ocrx_word' id='word_1_510' title='bbox 454 3979 781 4027; x_wconf 85' lang='lat' dir='ltr'><strong>strumenta.</strong></span> <span class='ocrx_word' id='word_1_511' title='bbox 815 3969 1093 4038; x_wconf 83' lang='lat' dir='ltr'><strong>Scriptum</strong></span> <span class='ocrx_word' id='word_1_512' title='bbox 1121 3977 1205 4023; x_wconf 90' lang='lat' dir='ltr'><strong>est</strong></span> <span class='ocrx_word' id='word_1_513' title='bbox 1234 3967 1424 4020; x_wconf 84' lang='lat' dir='ltr'><strong>enim:</strong></span> <span class='ocrx_word' id='word_1_514' title='bbox 1472 3964 1533 4019; x_wconf 86' lang='lat' dir='ltr'><strong>Si</strong></span> <span class='ocrx_word' id='word_1_515' title='bbox 1592 3965 1789 4033; x_wconf 81' lang='lat' dir='ltr'><strong>fuerint</strong></span> <span class='ocrx_word' id='word_1_516' title='bbox 1839 3973 1941 4017; x_wconf 80' lang='lat' dir='ltr'><strong>tres</strong></span> <span class='ocrx_word' id='word_1_517' title='bbox 1979 3961 2034 4014; x_wconf 86' lang='lat' dir='ltr'><strong>hi</strong></span> 
     </span>
    </p>
   </div>
   <div class='ocr_carea' id='block_1_73' title="bbox 457 4054 2032 4127">
    <p class='ocr_par' dir='ltr' id='par_1_73' title="bbox 457 4054 2032 4127">
     <span class='ocr_line' id='line_1_73' title="bbox 457 4054 2032 4127; baseline -0.007 -11"><span class='ocrx_word' id='word_1_518' title='bbox 457 4063 579 4123; x_wconf 72' lang='lat' dir='ltr'><strong>viri,</strong></span> <span class='ocrx_word' id='word_1_519' title='bbox 611 4059 749 4124; x_wconf 82' lang='lat' dir='ltr'><strong>Noe,</strong></span> <span class='ocrx_word' id='word_1_520' title='bbox 785 4059 888 4115; x_wconf 81' lang='lat' dir='ltr'><strong>Job</strong></span> <span class='ocrx_word' id='word_1_521' title='bbox 928 4068 978 4114; x_wconf 80' lang='lat' dir='ltr'><strong>et</strong></span> <span class='ocrx_word' id='word_1_522' title='bbox 1006 4058 1218 4123; x_wconf 80' lang='lat' dir='ltr'><strong>Daniel,</strong></span> <span class='ocrx_word' id='word_1_523' title='bbox 1262 4056 1372 4111; x_wconf 77' lang='lat' dir='ltr'><strong>vivo</strong></span> <span class='ocrx_word' id='word_1_524' title='bbox 1399 4073 1513 4127; x_wconf 82' lang='lat' dir='ltr'><strong>ego,</strong></span> <span class='ocrx_word' id='word_1_525' title='bbox 1533 4055 1661 4108; x_wconf 83' lang='lat' dir='ltr'><strong>dicit</strong></span> <span class='ocrx_word' id='word_1_526' title='bbox 1686 4054 1946 4108; x_wconf 81' lang='lat' dir='ltr'><strong>Dominus</strong></span> <span class='ocrx_word' id='word_1_527' title='bbox 1964 4054 2032 4105; x_wconf 79' lang='grc'><strong>⁸¹.</strong></span> 
     </span>
    </p>
   </div>
   <div class='ocr_carea' id='block_1_74' title="bbox 457 4148 2038 4223">
    <p class='ocr_par' dir='ltr' id='par_1_74' title="bbox 457 4148 2038 4223">
     <span class='ocr_line' id='line_1_74' title="bbox 457 4148 2038 4223; baseline -0.007 -15"><span class='ocrx_word' id='word_1_528' title='bbox 457 4153 571 4209; x_wconf 73' lang='lat' dir='ltr'><strong>Noe</strong></span> <span class='ocrx_word' id='word_1_529' title='bbox 601 4169 893 4223; x_wconf 89' lang='lat' dir='ltr'><strong>personam</strong></span> <span class='ocrx_word' id='word_1_530' title='bbox 945 4168 1009 4208; x_wconf 88' lang='lat' dir='ltr'><strong>ac</strong></span> <span class='ocrx_word' id='word_1_531' title='bbox 1043 4151 1272 4221; x_wconf 80' lang='lat' dir='ltr'><strong>ﬁguram</strong></span> <span class='ocrx_word' id='word_1_532' title='bbox 1325 4150 1467 4221; x_wconf 77' lang='lat' dir='ltr'><strong>gerit</strong></span> <span class='ocrx_word' id='word_1_533' title='bbox 1516 4148 1850 4204; x_wconf 80' lang='lat' dir='ltr'><strong>voluntariae</strong></span> <span class='ocrx_word' id='word_1_534' title='bbox 1901 4160 2038 4215; x_wconf 90' lang='lat' dir='ltr'><strong>pau-</strong></span> 
     </span>
    </p>
   </div>
   <div class='ocr_carea' id='block_1_75' title="bbox 459 4237 2039 4317">
    <p class='ocr_par' dir='ltr' id='par_1_75' title="bbox 459 4237 2039 4317">
     <span class='ocr_line' id='line_1_75' title="bbox 459 4237 2039 4317; baseline -0.006 -19"><span class='ocrx_word' id='word_1_535' title='bbox 459 4245 734 4317; x_wconf 79' lang='lat' dir='ltr'><strong>perlatis;</strong></span> <span class='ocrx_word' id='word_1_536' title='bbox 773 4243 898 4306; x_wconf 86' lang='lat' dir='ltr'><strong>Job,</strong></span> <span class='ocrx_word' id='word_1_537' title='bbox 933 4243 1196 4308; x_wconf 83' lang='lat' dir='ltr'><strong>laboris;</strong></span> <span class='ocrx_word' id='word_1_538' title='bbox 1257 4241 1485 4306; x_wconf 87' lang='lat' dir='ltr'><strong>Daniel,</strong></span> <span class='ocrx_word' id='word_1_539' title='bbox 1547 4239 1921 4297; x_wconf 83' lang='lat' dir='ltr'><strong>discretionis.</strong></span> <span class='ocrx_word' id='word_1_540' title='bbox 1980 4237 2039 4289; x_wconf 89' lang='lat' dir='ltr'><strong>Si</strong></span> 
     </span>
    </p>
   </div>
   <div class='ocr_carea' id='block_1_76' title="bbox 459 4331 2040 4408">
    <p class='ocr_par' dir='ltr' id='par_1_76' title="bbox 459 4331 2040 4408">
     <span class='ocr_line' id='line_1_76' title="bbox 459 4331 2040 4408; baseline -0.003 -18"><span class='ocrx_word' id='word_1_541' title='bbox 459 4353 592 4408; x_wconf 79' lang='lat' dir='ltr'><strong>ergo</strong></span> <span class='ocrx_word' id='word_1_542' title='bbox 620 4339 673 4392; x_wconf 79' lang='lat' dir='ltr'><strong>hi.</strong></span> <span class='ocrx_word' id='word_1_543' title='bbox 704 4345 816 4394; x_wconf 89' lang='lat' dir='ltr'><strong>tres</strong></span> <span class='ocrx_word' id='word_1_544' title='bbox 850 4346 1007 4392; x_wconf 84' lang='lat' dir='ltr'><strong>actus</strong></span> <span class='ocrx_word' id='word_1_545' title='bbox 1037 4337 1092 4390; x_wconf 90' lang='lat' dir='ltr'><strong>in</strong></span> <span class='ocrx_word' id='word_1_546' title='bbox 1131 4336 1352 4390; x_wconf 89' lang='lat' dir='ltr'><strong>homine</strong></span> <span class='ocrx_word' id='word_1_547' title='bbox 1383 4333 1724 4397; x_wconf 85' lang='lat' dir='ltr'><strong>exstiterint,</strong></span> <span class='ocrx_word' id='word_1_548' title='bbox 1773 4331 2040 4386; x_wconf 89' lang='lat' dir='ltr'><strong>Dominus</strong></span> 
     </span>
    </p>
   </div>
   <div class='ocr_carea' id='block_1_77' title="bbox 462 4429 879 4484">
    <p class='ocr_par' dir='ltr' id='par_1_77' title="bbox 462 4429 879 4484">
     <span class='ocr_line' id='line_1_77' title="bbox 462 4429 879 4484; baseline 0 -2"><span class='ocrx_word' id='word_1_549' title='bbox 462 4429 670 4483; x_wconf 86' lang='lat' dir='ltr'><strong>habitat</strong></span> <span class='ocrx_word' id='word_1_550' title='bbox 701 4430 756 4484; x_wconf 93' lang='lat' dir='ltr'><strong>in</strong></span> <span class='ocrx_word' id='word_1_551' title='bbox 791 4444 879 4483; x_wconf 91' lang='lat' dir='ltr'><strong>eo.</strong></span> 
     </span>
    </p>
   </div>
   <div class='ocr_carea' id='block_1_78' title="bbox 2135 3240 3728 3314">
    <p class='ocr_par' dir='ltr' id='par_1_78' title="bbox 2135 3240 3728 3314">
     <span class='ocr_line' id='line_1_78' title="bbox 2135 3240 3728 3314; baseline 0.001 -21"><span class='ocrx_word' id='word_1_552' title='bbox 2135 3258 2234 3294; x_wconf 80' lang='grc' dir='ltr'><strong>κου</strong></span> <span class='ocrx_word' id='word_1_553' title='bbox 2267 3240 2564 3311; x_wconf 84' lang='grc' dir='ltr'><strong>βαθυτάτου</strong></span> <span class='ocrx_word' id='word_1_554' title='bbox 2585 3257 2600 3272; x_wconf 76' lang='grc' dir='ltr'><strong><em>ο</em></strong></span> <span class='ocrx_word' id='word_1_555' title='bbox 2633 3241 2729 3294; x_wconf 73' lang='grc' dir='ltr'><strong>καὶ</strong></span> <span class='ocrx_word' id='word_1_556' title='bbox 2752 3241 2872 3294; x_wconf 84' lang='grc' dir='ltr'><strong>οἵαν</strong></span> <span class='ocrx_word' id='word_1_557' title='bbox 2903 3241 2948 3294; x_wconf 80' lang='grc' dir='ltr'><strong>δ’</strong></span> <span class='ocrx_word' id='word_1_558' title='bbox 2987 3243 3054 3297; x_wconf 83' lang='grc' dir='ltr'><strong>ἂν</strong></span> <span class='ocrx_word' id='word_1_559' title='bbox 3094 3243 3245 3314; x_wconf 83' lang='grc' dir='ltr'><strong>ὥραν</strong></span> <span class='ocrx_word' id='word_1_560' title='bbox 3276 3241 3399 3314; x_wconf 78' lang='grc' dir='ltr'><strong>δόξῃ</strong></span> <span class='ocrx_word' id='word_1_561' title='bbox 3427 3242 3506 3314; x_wconf 76' lang='grc' dir='ltr'><strong>τῷ</strong></span> <span class='ocrx_word' id='word_1_562' title='bbox 3547 3242 3728 3314; x_wconf 77' lang='grc' dir='ltr'><strong>ἐχθρῷ</strong></span> 
     </span>
    </p>
   </div>
   <div class='ocr_carea' id='block_1_79' title="bbox 2135 3331 3728 3405">
    <p class='ocr_par' dir='ltr' id='par_1_79' title="bbox 2135 3331 3728 3405">
     <span class='ocr_line' id='line_1_79' title="bbox 2135 3331 3728 3405; baseline 0 -19"><span class='ocrx_word' id='word_1_563' title='bbox 2135 3331 2322 3396; x_wconf 81' lang='grc' dir='ltr'><strong>αὐτοῦ,</strong></span> <span class='ocrx_word' id='word_1_564' title='bbox 2353 3333 2592 3396; x_wconf 84' lang='grc' dir='ltr'><strong>εὐκόλως</strong></span> <span class='ocrx_word' id='word_1_565' title='bbox 2615 3333 2779 3386; x_wconf 77' lang='grc' dir='ltr'><strong>αὑτὸν</strong></span> <span class='ocrx_word' id='word_1_566' title='bbox 2817 3333 2999 3404; x_wconf 76' lang='grc' dir='ltr'><strong>ῥίπτει</strong></span> <span class='ocrx_word' id='word_1_567' title='bbox 3029 3334 3199 3388; x_wconf 78' lang='grc' dir='ltr'><strong>κάτω.</strong></span> <span class='ocrx_word' id='word_1_568' title='bbox 3246 3334 3369 3387; x_wconf 80' lang='grc' dir='ltr'><strong>Ἐὰν</strong></span> <span class='ocrx_word' id='word_1_569' title='bbox 3393 3334 3450 3388; x_wconf 78' lang='grc' dir='ltr'><strong>δὲ</strong></span> <span class='ocrx_word' id='word_1_570' title='bbox 3483 3350 3728 3405; x_wconf 79' lang='grc' dir='ltr'><strong>σωματιο</strong></span> 
     </span>
    </p>
   </div>
   <div class='ocr_carea' id='block_1_80' title="bbox 2135 3418 3724 3496">
    <p class='ocr_par' dir='ltr' id='par_1_80' title="bbox 2135 3418 3724 3496">
     <span class='ocr_line' id='line_1_80' title="bbox 2135 3418 3724 3496; baseline 0.001 -21"><span class='ocrx_word' id='word_1_571' title='bbox 2135 3423 2246 3476; x_wconf 84' lang='grc' dir='ltr'><strong>κῶν</strong></span> <span class='ocrx_word' id='word_1_572' title='bbox 2281 3422 2498 3493; x_wconf 72' lang='grc' dir='ltr'><strong>μακρὰν</strong></span> <span class='ocrx_word' id='word_1_573' title='bbox 2535 3418 2593 3496; x_wconf 83' lang='grc' dir='ltr'><strong>ᾖ.</strong></span> <span class='ocrx_word' id='word_1_574' title='bbox 2627 3422 2804 3477; x_wconf 76' lang='grc' dir='ltr'><strong>ἔοικεν</strong></span> <span class='ocrx_word' id='word_1_575' title='bbox 2850 3423 3006 3494; x_wconf 78' lang='grc' dir='ltr'><strong>ἀνδρὶ</strong></span> <span class='ocrx_word' id='word_1_576' title='bbox 3056 3425 3274 3495; x_wconf 85' lang='grc' dir='ltr'><strong>μακρὰν</strong></span> <span class='ocrx_word' id='word_1_577' title='bbox 3317 3423 3582 3496; x_wconf 80' lang='grc' dir='ltr'><strong>ἀπέχοντι</strong></span> <span class='ocrx_word' id='word_1_578' title='bbox 3632 3422 3724 3476; x_wconf 77' lang='grc' dir='ltr'><strong>τοῦ</strong></span> 
     </span>
    </p>
   </div>
   <div class='ocr_carea' id='block_1_81' title="bbox 2133 3514 3728 3586">
    <p class='ocr_par' dir='ltr' id='par_1_81' title="bbox 2133 3514 3728 3586">
     <span class='ocr_line' id='line_1_81' title="bbox 2133 3514 3728 3586; baseline -0.001 -18"><span class='ocrx_word' id='word_1_579' title='bbox 2133 3515 2358 3580; x_wconf 82' lang='grc' dir='ltr'><strong>λάκκου,</strong></span> <span class='ocrx_word' id='word_1_580' title='bbox 2396 3516 2484 3569; x_wconf 80' lang='grc' dir='ltr'><strong>ἵνα</strong></span> <span class='ocrx_word' id='word_1_581' title='bbox 2517 3515 2621 3571; x_wconf 73' lang='grc' dir='ltr'><strong>κᾶν</strong></span> <span class='ocrx_word' id='word_1_582' title='bbox 2646 3515 2778 3586; x_wconf 72' lang='grc' dir='ltr'><strong>ἕλκη</strong></span> <span class='ocrx_word' id='word_1_583' title='bbox 2810 3514 2972 3569; x_wconf 81' lang='grc' dir='ltr'><strong>αὑτὸν</strong></span> <span class='ocrx_word' id='word_1_584' title='bbox 2994 3518 3022 3568; x_wconf 92' lang='lat'><strong>6</strong></span> <span class='ocrx_word' id='word_1_585' title='bbox 3049 3517 3140 3586; x_wconf 84' lang='grc' dir='ltr'><strong>ἐχο</strong></span> <span class='ocrx_word' id='word_1_586' title='bbox 3151 3517 3241 3586; x_wconf 66' lang='lat' dir='ltr'><strong>pb;</strong></span> <span class='ocrx_word' id='word_1_587' title='bbox 3269 3516 3447 3586; x_wconf 86' lang='grc' dir='ltr'><strong>βαλεῖν</strong></span> <span class='ocrx_word' id='word_1_588' title='bbox 3476 3515 3650 3580; x_wconf 80' lang='grc' dir='ltr'><strong>κάτω,</strong></span> <span class='ocrx_word' id='word_1_589' title='bbox 3672 3518 3728 3569; x_wconf 86' lang='grc' dir='ltr'><strong>ἐν</strong></span> 
     </span>
    </p>
   </div>
   <div class='ocr_carea' id='block_1_82' title="bbox 2135 3607 3728 3679">
    <p class='ocr_par' dir='ltr' id='par_1_82' title="bbox 2135 3607 3728 3679">
     <span class='ocr_line' id='line_1_82' title="bbox 2135 3607 3728 3679; baseline 0 -19"><span class='ocrx_word' id='word_1_590' title='bbox 2135 3609 2246 3678; x_wconf 82' lang='grc' dir='ltr'><strong>ὅσῳ</strong></span> <span class='ocrx_word' id='word_1_591' title='bbox 2282 3607 2446 3662; x_wconf 79' lang='grc' dir='ltr'><strong>αὐτὸν</strong></span> <span class='ocrx_word' id='word_1_592' title='bbox 2467 3607 2617 3661; x_wconf 75' lang='grc' dir='ltr'><strong>ἕλκει</strong></span> <span class='ocrx_word' id='word_1_593' title='bbox 2637 3609 2732 3663; x_wconf 72' lang='grc' dir='ltr'><strong>καὶ</strong></span> <span class='ocrx_word' id='word_1_594' title='bbox 2765 3608 3032 3679; x_wconf 78' lang='grc' dir='ltr'><strong>βιάζεται,</strong></span> <span class='ocrx_word' id='word_1_595' title='bbox 3061 3613 3089 3662; x_wconf 90' lang='lat'><strong>6</strong></span> <span class='ocrx_word' id='word_1_596' title='bbox 3113 3610 3245 3674; x_wconf 86' lang='grc' dir='ltr'><strong>Θεὸς</strong></span> <span class='ocrx_word' id='word_1_597' title='bbox 3278 3609 3599 3663; x_wconf 73' lang='grc' dir='ltr'><strong>ἀποστέλλει</strong></span> <span class='ocrx_word' id='word_1_598' title='bbox 3629 3610 3728 3663; x_wconf 58' lang='grc' dir='ltr'><strong>αὐ-</strong></span> 
     </span>
    </p>
   </div>
   <div class='ocr_carea' id='block_1_83' title="bbox 2136 3699 2530 3772">
    <p class='ocr_par' dir='ltr' id='par_1_83' title="bbox 2136 3699 2530 3772">
     <span class='ocr_line' id='line_1_83' title="bbox 2136 3699 2530 3772; baseline 0.005 -19"><span class='ocrx_word' id='word_1_599' title='bbox 2136 3699 2218 3772; x_wconf 82' lang='grc' dir='ltr'><strong>τῷ</strong></span> <span class='ocrx_word' id='word_1_600' title='bbox 2253 3699 2530 3772; x_wconf 83' lang='grc' dir='ltr'><strong>βοήθειαν.</strong></span> 
     </span>
    </p>
   </div>
   <div class='ocr_carea' id='block_1_84' title="bbox 2206 3787 3727 3864">
    <p class='ocr_par' dir='ltr' id='par_1_84' title="bbox 2206 3787 3727 3864">
     <span class='ocr_line' id='line_1_84' title="bbox 2206 3787 3727 3864; baseline -0.001 -20"><span class='ocrx_word' id='word_1_601' title='bbox 2206 3791 2269 3858; x_wconf 82' lang='grc' dir='ltr'><strong>ξ’.</strong></span> <span class='ocrx_word' id='word_1_602' title='bbox 2303 3787 2449 3844; x_wconf 79' lang='grc' dir='ltr'><strong>Ἐῐπε</strong></span> <span class='ocrx_word' id='word_1_603' title='bbox 2494 3791 2685 3845; x_wconf 84' lang='grc' dir='ltr'><strong>πάλιν·</strong></span> <span class='ocrx_word' id='word_1_604' title='bbox 2716 3793 2780 3846; x_wconf 86' lang='grc' dir='ltr'><strong><em>Ἦ</em></strong></span> <span class='ocrx_word' id='word_1_605' title='bbox 2811 3791 2972 3846; x_wconf 86' lang='grc' dir='ltr'><strong>πενία</strong></span> <span class='ocrx_word' id='word_1_606' title='bbox 3019 3793 3114 3846; x_wconf 73' lang='grc' dir='ltr'><strong>καὶ</strong></span> <span class='ocrx_word' id='word_1_607' title='bbox 3152 3794 3186 3864; x_wconf 79' lang='grc' dir='ltr'>ἡ</span> <span class='ocrx_word' id='word_1_608' title='bbox 3219 3791 3397 3862; x_wconf 72' lang='grc' dir='ltr'><strong>θλίψις</strong></span> <span class='ocrx_word' id='word_1_609' title='bbox 3426 3791 3523 3846; x_wconf 70' lang='grc' dir='ltr'><strong>καὶ</strong></span> <span class='ocrx_word' id='word_1_610' title='bbox 3551 3793 3588 3853; x_wconf 75' lang='grc' dir='ltr'>ἠ</span> <span class='ocrx_word' id='word_1_611' title='bbox 3617 3808 3727 3844; x_wconf 77' lang='grc' dir='ltr'><strong>στε-</strong></span> 
     </span>
    </p>
   </div>
   <div class='ocr_carea' id='block_1_85' title="bbox 2137 3882 3727 3956">
    <p class='ocr_par' dir='ltr' id='par_1_85' title="bbox 2137 3882 3727 3956">
     <span class='ocr_line' id='line_1_85' title="bbox 2137 3882 3727 3956; baseline -0.001 -20"><span class='ocrx_word' id='word_1_612' title='bbox 2137 3883 2376 3954; x_wconf 85' lang='grc' dir='ltr'><strong>νοχωρία</strong></span> <span class='ocrx_word' id='word_1_613' title='bbox 2401 3883 2497 3938; x_wconf 76' lang='grc' dir='ltr'><strong>καὶ</strong></span> <span class='ocrx_word' id='word_1_614' title='bbox 2531 3886 2565 3954; x_wconf 83' lang='grc' dir='ltr'><strong>ἡ</strong></span> <span class='ocrx_word' id='word_1_615' title='bbox 2607 3884 2852 3955; x_wconf 83' lang='grc' dir='ltr'><strong>νηστεία,</strong></span> <span class='ocrx_word' id='word_1_616' title='bbox 2877 3885 3054 3939; x_wconf 80' lang='grc' dir='ltr'><strong>ταῦτα</strong></span> <span class='ocrx_word' id='word_1_617' title='bbox 3091 3886 3197 3938; x_wconf 85' lang='grc' dir='ltr'><strong>εἰσι</strong></span> <span class='ocrx_word' id='word_1_618' title='bbox 3227 3884 3297 3939; x_wconf 80' lang='grc' dir='ltr'><strong>τὰ</strong></span> <span class='ocrx_word' id='word_1_619' title='bbox 3343 3882 3604 3956; x_wconf 84' lang='grc' dir='ltr'><strong>ἐργαλεῖα</strong></span> <span class='ocrx_word' id='word_1_620' title='bbox 3634 3883 3727 3936; x_wconf 75' lang='grc' dir='ltr'><strong>τοῦ</strong></span> 
     </span>
    </p>
   </div>
   <div class='ocr_carea' id='block_1_86' title="bbox 2141 3969 3728 4046">
    <p class='ocr_par' dir='ltr' id='par_1_86' title="bbox 2141 3969 3728 4046">
     <span class='ocr_line' id='line_1_86' title="bbox 2141 3969 3728 4046; baseline 0.001 -22"><span class='ocrx_word' id='word_1_621' title='bbox 2141 3973 2409 4044; x_wconf 85' lang='grc' dir='ltr'><strong>μονήρους</strong></span> <span class='ocrx_word' id='word_1_622' title='bbox 2460 3972 2601 4043; x_wconf 87' lang='grc' dir='ltr'><strong>βίου.</strong></span> <span class='ocrx_word' id='word_1_623' title='bbox 2642 3974 2954 4046; x_wconf 88' lang='grc' dir='ltr'><strong>Γέγραπται</strong></span> <span class='ocrx_word' id='word_1_624' title='bbox 3005 3974 3138 4046; x_wconf 87' lang='grc' dir='ltr'><strong>γὰρ,</strong></span> <span class='ocrx_word' id='word_1_625' title='bbox 3185 3975 3268 4028; x_wconf 84' lang='grc' dir='ltr'><strong>ὃτι</strong></span> <span class='ocrx_word' id='word_1_626' title='bbox 3311 3973 3450 4028; x_wconf 75' lang='grc' dir='ltr'><strong>Ἐὰν</strong></span> <span class='ocrx_word' id='word_1_627' title='bbox 3479 3969 3636 4028; x_wconf 76' lang='grc' dir='ltr'><strong>ὦσιν</strong></span> <span class='ocrx_word' id='word_1_628' title='bbox 3671 3976 3728 4027; x_wconf 75' lang='grc' dir='ltr'><strong>οἱ</strong></span> 
     </span>
    </p>
   </div>
   <div class='ocr_carea' id='block_1_87' title="bbox 2138 4061 3726 4135">
    <p class='ocr_par' dir='ltr' id='par_1_87' title="bbox 2138 4061 3726 4135">
     <span class='ocr_line' id='line_1_87' title="bbox 2138 4061 3726 4135; baseline 0.004 -17"><span class='ocrx_word' id='word_1_629' title='bbox 2138 4065 2298 4134; x_wconf 80' lang='grc' dir='ltr'><strong>τρεῖς</strong></span> <span class='ocrx_word' id='word_1_630' title='bbox 2331 4061 2498 4122; x_wconf 84' lang='grc' dir='ltr'><strong>οὗτοι</strong></span> <span class='ocrx_word' id='word_1_631' title='bbox 2546 4065 2781 4132; x_wconf 76' lang='grc' dir='ltr'><strong>ἄνδρες,</strong></span> <span class='ocrx_word' id='word_1_632' title='bbox 2828 4065 2992 4128; x_wconf 80' lang='grc' dir='ltr'><strong>Νῶε,</strong></span> <span class='ocrx_word' id='word_1_633' title='bbox 3043 4065 3180 4120; x_wconf 78' lang='grc' dir='ltr'><strong>Ἰὼϐ</strong></span> <span class='ocrx_word' id='word_1_634' title='bbox 3218 4067 3320 4120; x_wconf 76' lang='grc' dir='ltr'><strong>καὶ</strong></span> <span class='ocrx_word' id='word_1_635' title='bbox 3365 4065 3624 4135; x_wconf 73' lang='grc' dir='ltr'><strong>-Δανιὴλ,</strong></span> <span class='ocrx_word' id='word_1_636' title='bbox 3655 4063 3726 4125; x_wconf 63' lang='grc' dir='ltr'><strong>εῖτ</strong></span> 
     </span>
    </p>
   </div>
   <div class='ocr_carea' id='block_1_88' title="bbox 2137 4155 3722 4228">
    <p class='ocr_par' dir='ltr' id='par_1_88' title="bbox 2137 4155 3722 4228">
     <span class='ocr_line' id='line_1_88' title="bbox 2137 4155 3722 4228; baseline -0.005 -15"><span class='ocrx_word' id='word_1_637' title='bbox 2137 4158 2271 4228; x_wconf 72' lang='grc' dir='ltr'><strong>ἐγὼ,</strong></span> <span class='ocrx_word' id='word_1_638' title='bbox 2299 4156 2463 4228; x_wconf 69' lang='grc' dir='ltr'><strong>λέγει</strong></span> <span class='ocrx_word' id='word_1_639' title='bbox 2502 4158 2740 4225; x_wconf 81' lang='grc' dir='ltr'><strong>Κύριος.</strong></span> <span class='ocrx_word' id='word_1_640' title='bbox 2761 4156 2884 4210; x_wconf 88' lang='grc' dir='ltr'><strong>Νῶε</strong></span> <span class='ocrx_word' id='word_1_641' title='bbox 2921 4156 3213 4228; x_wconf 77' lang='grc' dir='ltr'><strong>πρόσωπόν</strong></span> <span class='ocrx_word' id='word_1_642' title='bbox 3264 4159 3382 4210; x_wconf 84' lang='grc' dir='ltr'><strong>ἐστι</strong></span> <span class='ocrx_word' id='word_1_643' title='bbox 3414 4155 3515 4227; x_wconf 82' lang='grc' dir='ltr'><strong>τῆς</strong></span> <span class='ocrx_word' id='word_1_644' title='bbox 3552 4157 3722 4223; x_wconf 65' lang='grc' dir='ltr'><strong>ἀλιτη-</strong></span> 
     </span>
    </p>
   </div>
   <div class='ocr_carea' id='block_1_89' title="bbox 2142 4244 3722 4323">
    <p class='ocr_par' dir='ltr' id='par_1_89' title="bbox 2142 4244 3722 4323">
     <span class='ocr_line' id='line_1_89' title="bbox 2142 4244 3722 4323; baseline -0.006 -17"><span class='ocrx_word' id='word_1_645' title='bbox 2142 4250 2402 4323; x_wconf 84' lang='grc' dir='ltr'><strong>μοσύνης,</strong></span> <span class='ocrx_word' id='word_1_646' title='bbox 2447 4248 2568 4303; x_wconf 77' lang='grc' dir='ltr'><strong>Ἰὼϐ</strong></span> <span class='ocrx_word' id='word_1_647' title='bbox 2591 4249 2648 4303; x_wconf 87' lang='grc' dir='ltr'><strong>δέ</strong></span> <span class='ocrx_word' id='word_1_648' title='bbox 2665 4249 2759 4303; x_wconf 81' lang='grc' dir='ltr'><strong>τοῦ</strong></span> <span class='ocrx_word' id='word_1_649' title='bbox 2801 4250 2990 4313; x_wconf 82' lang='grc' dir='ltr'><strong>πόνου,</strong></span> <span class='ocrx_word' id='word_1_650' title='bbox 3023 4249 3120 4303; x_wconf 78' lang='grc' dir='ltr'><strong>καὶ</strong></span> <span class='ocrx_word' id='word_1_651' title='bbox 3151 4249 3349 4319; x_wconf 83' lang='grc' dir='ltr'><strong>Δανιὴλ</strong></span> <span class='ocrx_word' id='word_1_652' title='bbox 3379 4249 3477 4314; x_wconf 79' lang='grc' dir='ltr'><strong>τῆς</strong></span> <span class='ocrx_word' id='word_1_653' title='bbox 3507 4244 3722 4314; x_wconf 71' lang='grc' dir='ltr'><strong>διακρίο</strong></span> 
     </span>
    </p>
   </div>
   <div class='ocr_carea' id='block_1_90' title="bbox 2140 4333 3724 4413">
    <p class='ocr_par' dir='ltr' id='par_1_90' title="bbox 2140 4333 3724 4413">
     <span class='ocr_line' id='line_1_90' title="bbox 2140 4333 3724 4413; baseline -0.004 -17"><span class='ocrx_word' id='word_1_654' title='bbox 2140 4359 2297 4406; x_wconf 87' lang='grc' dir='ltr'><strong>σεως.</strong></span> <span class='ocrx_word' id='word_1_655' title='bbox 2337 4341 2464 4396; x_wconf 83' lang='grc' dir='ltr'><strong>Ἐὰν</strong></span> <span class='ocrx_word' id='word_1_656' title='bbox 2495 4337 2590 4394; x_wconf 82' lang='grc' dir='ltr'><strong>οὖν</strong></span> <span class='ocrx_word' id='word_1_657' title='bbox 2636 4334 2770 4395; x_wconf 77' lang='grc' dir='ltr'><strong>ὦσιν</strong></span> <span class='ocrx_word' id='word_1_658' title='bbox 2807 4343 2863 4394; x_wconf 86' lang='grc' dir='ltr'><strong>αἱ</strong></span> <span class='ocrx_word' id='word_1_659' title='bbox 2901 4343 3052 4413; x_wconf 81' lang='grc' dir='ltr'><strong>τρεῖς</strong></span> <span class='ocrx_word' id='word_1_660' title='bbox 3092 4333 3249 4395; x_wconf 72' lang='grc' dir='ltr'><strong>αὗται</strong></span> <span class='ocrx_word' id='word_1_661' title='bbox 3293 4335 3522 4409; x_wconf 72' lang='grc' dir='ltr'><strong>πράξεις</strong></span> <span class='ocrx_word' id='word_1_662' title='bbox 3563 4335 3724 4407; x_wconf 73' lang='grc' dir='ltr'><strong>ἐντῷ</strong></span> 
     </span>
    </p>
   </div>
   <div class='ocr_carea' id='block_1_91' title="bbox 2138 4429 3172 4503">
    <p class='ocr_par' dir='ltr' id='par_1_91' title="bbox 2138 4429 3172 4503">
     <span class='ocr_line' id='line_1_91' title="bbox 2138 4429 3172 4503; baseline -0.001 -19"><span class='ocrx_word' id='word_1_663' title='bbox 2138 4429 2433 4503; x_wconf 81' lang='grc' dir='ltr'><strong>ἀνθρώπῳ,</strong></span> <span class='ocrx_word' id='word_1_664' title='bbox 2462 4431 2491 4484; x_wconf 88' lang='lat'><strong>6</strong></span> <span class='ocrx_word' id='word_1_665' title='bbox 2519 4429 2723 4502; x_wconf 79' lang='grc' dir='ltr'><strong>Κύριος</strong></span> <span class='ocrx_word' id='word_1_666' title='bbox 2741 4432 2884 4484; x_wconf 74' lang='grc' dir='ltr'><strong>οἰκεῖ</strong></span> <span class='ocrx_word' id='word_1_667' title='bbox 2907 4432 2966 4483; x_wconf 82' lang='grc' dir='ltr'><strong>ἐν</strong></span> <span class='ocrx_word' id='word_1_668' title='bbox 3003 4429 3172 4501; x_wconf 79' lang='grc' dir='ltr'><strong>αὐτῷ.</strong></span> 
     </span>
    </p>
   </div>
   <div class='ocr_carea' id='block_1_92' title="bbox 529 4514 2031 4593">
    <p class='ocr_par' dir='ltr' id='par_1_92' title="bbox 529 4514 2031 4593">
     <span class='ocr_line' id='line_1_92' title="bbox 529 4514 2031 4593; baseline -0.004 -17"><span class='ocrx_word' id='word_1_669' title='bbox 529 4522 620 4578; x_wconf 71' lang='lat'><strong>6!.</strong></span> <span class='ocrx_word' id='word_1_670' title='bbox 652 4521 766 4593; x_wconf 78' lang='lat'>(30)</span> <span class='ocrx_word' id='word_1_671' title='bbox 789 4519 999 4576; x_wconf 79' lang='lat' dir='ltr'><strong>Retulit</strong></span> <span class='ocrx_word' id='word_1_672' title='bbox 1037 4519 1210 4573; x_wconf 87' lang='lat' dir='ltr'><strong>abbas</strong></span> <span class='ocrx_word' id='word_1_673' title='bbox 1241 4514 1444 4587; x_wconf 81' lang='lat' dir='ltr'><strong>Joseph</strong></span> <span class='ocrx_word' id='word_1_674' title='bbox 1470 4535 1484 4571; x_wconf 90' lang='lat'><strong>:</strong></span> <span class='ocrx_word' id='word_1_675' title='bbox 1511 4514 1842 4570; x_wconf 68' lang='lat' dir='ltr'><strong>Sei&#39;lenlihus</strong></span> <span class='ocrx_word' id='word_1_676' title='bbox 1878 4515 2031 4583; x_wconf 87' lang='lat' dir='ltr'><strong>nobis</strong></span> 
     </span>
    </p>
   </div>
   <div class='ocr_carea' id='block_1_93' title="bbox 2148 4514 3724 4593">
    <p class='ocr_par' dir='ltr' id='par_1_93' title="bbox 2214 4515 3724 4592">
     <span class='ocr_line' id='line_1_93' title="bbox 2214 4515 3724 4592; baseline -0.006 -16"><span class='ocrx_word' id='word_1_677' title='bbox 2214 4520 2314 4589; x_wconf 81' lang='grc' dir='ltr'><strong>ξα’.</strong></span> <span class='ocrx_word' id='word_1_678' title='bbox 2340 4523 2566 4591; x_wconf 83' lang='grc' dir='ltr'><strong>Ἔλεγεν</strong></span> <span class='ocrx_word' id='word_1_679' title='bbox 2591 4525 2620 4576; x_wconf 88' lang='lat'><strong>6</strong></span> <span class='ocrx_word' id='word_1_680' title='bbox 2639 4522 2813 4587; x_wconf 77' lang='grc' dir='ltr'><strong>ἁὸὄᾶς</strong></span> <span class='ocrx_word' id='word_1_681' title='bbox 2851 4522 3073 4592; x_wconf 75' lang='grc' dir='ltr'><strong>Ἰωσὴφ,</strong></span> <span class='ocrx_word' id='word_1_682' title='bbox 3095 4523 3176 4574; x_wconf 83' lang='grc' dir='ltr'><strong>ὅτι</strong></span> <span class='ocrx_word' id='word_1_683' title='bbox 3202 4518 3358 4590; x_wconf 83' lang='grc' dir='ltr'><strong>Καθη</strong></span> <span class='ocrx_word' id='word_1_684' title='bbox 3368 4517 3542 4585; x_wconf 81' lang='grc' dir='ltr'><strong>μένων</strong></span> <span class='ocrx_word' id='word_1_685' title='bbox 3568 4515 3724 4588; x_wconf 74' lang='grc' dir='ltr'><strong>ἡμῶν</strong></span> 
     </span>
    </p>
   </div>
   <div class='ocr_carea' id='block_1_94' title="bbox 457 4609 2037 4679">
    <p class='ocr_par' dir='ltr' id='par_1_94' title="bbox 457 4609 2037 4679">
     <span class='ocr_line' id='line_1_94' title="bbox 457 4609 2037 4679; baseline -0.003 -10"><span class='ocrx_word' id='word_1_686' title='bbox 457 4632 581 4670; x_wconf 75' lang='lat' dir='ltr'><strong>cum</strong></span> <span class='ocrx_word' id='word_1_687' title='bbox 597 4615 795 4670; x_wconf 87' lang='lat' dir='ltr'><strong>abbate</strong></span> <span class='ocrx_word' id='word_1_688' title='bbox 817 4613 1093 4678; x_wconf 78' lang='lat' dir='ltr'><strong>Pcemene,</strong></span> <span class='ocrx_word' id='word_1_689' title='bbox 1113 4625 1309 4665; x_wconf 91' lang='lat' dir='ltr'><strong>nomen</strong></span> <span class='ocrx_word' id='word_1_690' title='bbox 1331 4609 1545 4664; x_wconf 85' lang='lat' dir='ltr'><strong>abbatis</strong></span> <span class='ocrx_word' id='word_1_691' title='bbox 1568 4609 1840 4679; x_wconf 76' lang='lat' dir='ltr'><strong>Agathoni</strong></span> <span class='ocrx_word' id='word_1_692' title='bbox 1866 4610 2037 4664; x_wconf 88' lang='lat' dir='ltr'><strong>dedit.</strong></span> 
     </span>
    </p>
   </div>
   <div class='ocr_carea' id='block_1_95' title="bbox 459 4703 2044 4773">
    <p class='ocr_par' dir='ltr' id='par_1_95' title="bbox 459 4703 2044 4773">
     <span class='ocr_line' id='line_1_95' title="bbox 459 4703 2044 4773; baseline -0.003 -11"><span class='ocrx_word' id='word_1_693' title='bbox 459 4707 705 4763; x_wconf 89' lang='lat' dir='ltr'><strong>Dicimus</strong></span> <span class='ocrx_word' id='word_1_694' title='bbox 743 4706 836 4762; x_wconf 90' lang='lat' dir='ltr'><strong>ei:</strong></span> <span class='ocrx_word' id='word_1_695' title='bbox 876 4703 1078 4760; x_wconf 85' lang='lat' dir='ltr'><strong>Junior</strong></span> <span class='ocrx_word' id='word_1_696' title='bbox 1122 4711 1230 4767; x_wconf 87' lang='lat' dir='ltr'><strong>est,</strong></span> <span class='ocrx_word' id='word_1_697' title='bbox 1285 4716 1458 4773; x_wconf 88' lang='lat' dir='ltr'><strong>quare</strong></span> <span class='ocrx_word' id='word_1_698' title='bbox 1495 4716 1619 4756; x_wconf 90' lang='lat' dir='ltr'><strong>eum</strong></span> <span class='ocrx_word' id='word_1_699' title='bbox 1660 4717 1825 4756; x_wconf 85' lang='lat' dir='ltr'><strong>vocas</strong></span> <span class='ocrx_word' id='word_1_700' title='bbox 1875 4703 2044 4757; x_wconf 81' lang='lat' dir='ltr'><strong>abba-</strong></span> 
     </span>
    </p>
   </div>
   <div class='ocr_carea' id='block_1_96' title="bbox 2147 4612 3724 4686">
    <p class='ocr_par' dir='ltr' id='par_1_96' title="bbox 2147 4612 3724 4686">
     <span class='ocr_line' id='line_1_96' title="bbox 2147 4612 3724 4686; baseline -0.003 -18"><span class='ocrx_word' id='word_1_701' title='bbox 2147 4616 2287 4685; x_wconf 83' lang='grc' dir='ltr'><strong>μετὰ</strong></span> <span class='ocrx_word' id='word_1_702' title='bbox 2314 4613 2408 4668; x_wconf 81' lang='grc' dir='ltr'><strong>τοῦ</strong></span> <span class='ocrx_word' id='word_1_703' title='bbox 2439 4614 2586 4668; x_wconf 73' lang='grc' dir='ltr'><strong>ἁὸὁᾶ</strong></span> <span class='ocrx_word' id='word_1_704' title='bbox 2617 4616 2899 4686; x_wconf 86' lang='grc' dir='ltr'><strong>Ποιμένος,</strong></span> <span class='ocrx_word' id='word_1_705' title='bbox 2939 4615 3188 4684; x_wconf 80' lang='grc' dir='ltr'><strong>ὠνόμασε</strong></span> <span class='ocrx_word' id='word_1_706' title='bbox 3228 4614 3318 4666; x_wconf 82' lang='grc' dir='ltr'><strong>τὸν</strong></span> <span class='ocrx_word' id='word_1_707' title='bbox 3349 4612 3524 4666; x_wconf 75' lang='grc' dir='ltr'><strong>ἀϐὄᾶν</strong></span> <span class='ocrx_word' id='word_1_708' title='bbox 3568 4612 3724 4678; x_wconf 76' lang='grc' dir='ltr'><strong>Ἀγά-</strong></span> 
     </span>
    </p>
   </div>
   <div class='ocr_carea' id='block_1_97' title="bbox 2146 4702 3724 4777">
    <p class='ocr_par' dir='ltr' id='par_1_97' title="bbox 2146 4702 3724 4777">
     <span class='ocr_line' id='line_1_97' title="bbox 2146 4702 3724 4777; baseline -0.004 -18"><span class='ocrx_word' id='word_1_709' title='bbox 2146 4706 2309 4760; x_wconf 87' lang='grc' dir='ltr'><strong>θωνα.</strong></span> <span class='ocrx_word' id='word_1_710' title='bbox 2357 4707 2470 4760; x_wconf 80' lang='grc' dir='ltr'><strong>Καὶ</strong></span> <span class='ocrx_word' id='word_1_711' title='bbox 2511 4705 2748 4776; x_wconf 79' lang='grc' dir='ltr'><strong>λέγομεν</strong></span> <span class='ocrx_word' id='word_1_712' title='bbox 2780 4706 2928 4777; x_wconf 83' lang='grc' dir='ltr'><strong>αὑτῷ</strong></span> <span class='ocrx_word' id='word_1_713' title='bbox 2951 4722 2964 4736; x_wconf 87' lang='grc'><strong>·</strong></span> <span class='ocrx_word' id='word_1_714' title='bbox 2989 4705 3271 4775; x_wconf 87' lang='grc' dir='ltr'><strong>Νεώτερός</strong></span> <span class='ocrx_word' id='word_1_715' title='bbox 3295 4704 3433 4767; x_wconf 81' lang='grc' dir='ltr'><strong>ἐστι,</strong></span> <span class='ocrx_word' id='word_1_716' title='bbox 3456 4703 3551 4755; x_wconf 75' lang='grc' dir='ltr'><strong>καὶ</strong></span> <span class='ocrx_word' id='word_1_717' title='bbox 3586 4702 3724 4754; x_wconf 79' lang='grc' dir='ltr'><strong>διατί</strong></span> 
     </span>
    </p>
   </div>
   <div class='ocr_carea' id='block_1_98' title="bbox 461 4790 2031 4866">
    <p class='ocr_par' dir='ltr' id='par_1_98' title="bbox 461 4790 2031 4866">
     <span class='ocr_line' id='line_1_98' title="bbox 461 4790 2031 4866; baseline 0 -16"><span class='ocrx_word' id='word_1_718' title='bbox 461 4809 566 4852; x_wconf 87' lang='lat' dir='ltr'><strong>tem</strong></span> <span class='ocrx_word' id='word_1_719' title='bbox 592 4800 614 4852; x_wconf 86' lang='lat'><strong>?</strong></span> <span class='ocrx_word' id='word_1_720' title='bbox 644 4797 952 4866; x_wconf 81' lang='lat' dir='ltr'><strong>Respondit</strong></span> <span class='ocrx_word' id='word_1_721' title='bbox 988 4797 1158 4850; x_wconf 85' lang='lat' dir='ltr'><strong>abbas</strong></span> <span class='ocrx_word' id='word_1_722' title='bbox 1192 4796 1414 4850; x_wconf 70' lang='lat' dir='ltr'><strong>i’mmen</strong></span> <span class='ocrx_word' id='word_1_723' title='bbox 1445 4811 1459 4848; x_wconf 90' lang='lat'><strong>:</strong></span> <span class='ocrx_word' id='word_1_724' title='bbox 1495 4790 1632 4858; x_wconf 87' lang='lat' dir='ltr'><strong>Quia</strong></span> <span class='ocrx_word' id='word_1_725' title='bbox 1669 4809 1732 4848; x_wconf 88' lang='lat' dir='ltr'><strong>os</strong></span> <span class='ocrx_word' id='word_1_726' title='bbox 1766 4796 1888 4864; x_wconf 89' lang='lat' dir='ltr'><strong>ejus</strong></span> <span class='ocrx_word' id='word_1_727' title='bbox 1914 4794 2031 4851; x_wconf 74' lang='lat' dir='ltr'><strong>fecit</strong></span> 
     </span>
    </p>
   </div>
   <div class='ocr_carea' id='block_1_99' title="bbox 2148 4790 3722 4866">
    <p class='ocr_par' dir='ltr' id='par_1_99' title="bbox 2148 4791 3722 4862">
     <span class='ocr_line' id='line_1_99' title="bbox 2148 4791 3722 4862; baseline -0.005 -13"><span class='ocrx_word' id='word_1_728' title='bbox 2148 4797 2334 4859; x_wconf 83' lang='grc' dir='ltr'><strong>καλεῖς</strong></span> <span class='ocrx_word' id='word_1_729' title='bbox 2377 4796 2540 4848; x_wconf 80' lang='grc' dir='ltr'><strong>αὑτὸν</strong></span> <span class='ocrx_word' id='word_1_730' title='bbox 2596 4796 2810 4859; x_wconf 81' lang='grc' dir='ltr'><strong>ἁ66ἄν;</strong></span> <span class='ocrx_word' id='word_1_731' title='bbox 2854 4797 2962 4850; x_wconf 77' lang='grc' dir='ltr'><strong>Καὶ</strong></span> <span class='ocrx_word' id='word_1_732' title='bbox 3003 4791 3155 4848; x_wconf 81' lang='grc' dir='ltr'><strong>εἶπεν</strong></span> <span class='ocrx_word' id='word_1_733' title='bbox 3195 4796 3224 4846; x_wconf 88' lang='lat'><strong>6</strong></span> <span class='ocrx_word' id='word_1_734' title='bbox 3265 4793 3436 4854; x_wconf 61' lang='lat'><em>6665.;</em></span> <span class='ocrx_word' id='word_1_735' title='bbox 3477 4793 3722 4862; x_wconf 72' lang='grc' dir='ltr'><strong>Ποιμὴνο</strong></span> 
     </span>
    </p>
   </div>
   <div class='ocr_carea' id='block_1_100' title="bbox 459 4890 1185 4960">
    <p class='ocr_par' dir='ltr' id='par_1_100' title="bbox 459 4890 1185 4960">
     <span class='ocr_line' id='line_1_100' title="bbox 459 4890 1185 4960; baseline -0.001 -17"><span class='ocrx_word' id='word_1_736' title='bbox 459 4905 584 4944; x_wconf 89' lang='lat' dir='ltr'><strong>eum</strong></span> <span class='ocrx_word' id='word_1_737' title='bbox 611 4891 865 4944; x_wconf 88' lang='lat' dir='ltr'><strong>abbatem</strong></span> <span class='ocrx_word' id='word_1_738' title='bbox 900 4890 1185 4960; x_wconf 87' lang='lat' dir='ltr'><strong>appellari.</strong></span> 
     </span>
    </p>
   </div>
   <div class='ocr_carea' id='block_1_101' title="bbox 528 5066 2036 5139">
    <p class='ocr_par' dir='ltr' id='par_1_101' title="bbox 528 5066 2036 5139">
     <span class='ocr_line' id='line_1_101' title="bbox 528 5066 2036 5139; baseline -0.002 -14"><span class='ocrx_word' id='word_1_739' title='bbox 528 5069 619 5125; x_wconf 86' lang='lat'><strong>62.</strong></span> <span class='ocrx_word' id='word_1_740' title='bbox 652 5067 766 5139; x_wconf 80' lang='lat' dir='ltr'>(3i)</span> <span class='ocrx_word' id='word_1_741' title='bbox 804 5066 963 5121; x_wconf 75' lang='lat' dir='ltr'><strong>Venit</strong></span> <span class='ocrx_word' id='word_1_742' title='bbox 996 5068 1292 5136; x_wconf 79' lang='lat' dir='ltr'><strong>aliquando</strong></span> <span class='ocrx_word' id='word_1_743' title='bbox 1325 5083 1392 5124; x_wconf 87' lang='lat' dir='ltr'><strong>an</strong></span> <span class='ocrx_word' id='word_1_744' title='bbox 1425 5069 1682 5125; x_wconf 89' lang='lat' dir='ltr'><strong>abbatem</strong></span> <span class='ocrx_word' id='word_1_745' title='bbox 1726 5068 2036 5125; x_wconf 68' lang='lat' dir='ltr'><strong>Pmmencm</strong></span> 
     </span>
    </p>
   </div>
   <div class='ocr_carea' id='block_1_102' title="bbox 465 5159 2038 5232">
    <p class='ocr_par' dir='ltr' id='par_1_102' title="bbox 465 5159 2038 5232">
     <span class='ocr_line' id='line_1_102' title="bbox 465 5159 2038 5232; baseline 0 -15"><span class='ocrx_word' id='word_1_746' title='bbox 465 5160 656 5226; x_wconf 87' lang='lat' dir='ltr'><strong>frater,</strong></span> <span class='ocrx_word' id='word_1_747' title='bbox 689 5171 742 5216; x_wconf 93' lang='lat' dir='ltr'><strong>et</strong></span> <span class='ocrx_word' id='word_1_748' title='bbox 780 5162 855 5214; x_wconf 83' lang='lat' dir='ltr'><strong>ait</strong></span> <span class='ocrx_word' id='word_1_749' title='bbox 896 5161 971 5212; x_wconf 90' lang='lat' dir='ltr'><strong>illi</strong></span> <span class='ocrx_word' id='word_1_750' title='bbox 1004 5176 1018 5212; x_wconf 93' lang='lat'><strong>:</strong></span> <span class='ocrx_word' id='word_1_751' title='bbox 1063 5159 1201 5224; x_wconf 87' lang='lat' dir='ltr'><strong>Quid</strong></span> <span class='ocrx_word' id='word_1_752' title='bbox 1237 5175 1417 5231; x_wconf 82' lang='lat' dir='ltr'><strong>agam,</strong></span> <span class='ocrx_word' id='word_1_753' title='bbox 1448 5161 1631 5226; x_wconf 85' lang='lat' dir='ltr'><strong>Pater,</strong></span> <span class='ocrx_word' id='word_1_754' title='bbox 1671 5163 1804 5232; x_wconf 87' lang='lat' dir='ltr'><strong>quia</strong></span> <span class='ocrx_word' id='word_1_755' title='bbox 1845 5176 1875 5216; x_wconf 88' lang='lat' dir='ltr'><strong>a</strong></span> <span class='ocrx_word' id='word_1_756' title='bbox 1928 5162 2038 5217; x_wconf 86' lang='lat' dir='ltr'><strong>for-</strong></span> 
     </span>
    </p>
   </div>
   <div class='ocr_carea' id='block_1_103' title="bbox 532 5314 2031 5393">
    <p class='ocr_par' dir='ltr' id='par_1_103' title="bbox 532 5314 2012 5383">
     <span class='ocr_line' id='line_1_103' title="bbox 532 5314 2012 5383; baseline 0.001 -15"><span class='ocrx_word' id='word_1_757' title='bbox 532 5318 580 5350; x_wconf 82' lang='grc'>⁸⁶</span> <span class='ocrx_word' id='word_1_758' title='bbox 621 5316 766 5370; x_wconf 85' lang='lat' dir='ltr'><strong>Psal.</strong></span> <span class='ocrx_word' id='word_1_759' title='bbox 791 5331 924 5370; x_wconf 80' lang='lat' dir='ltr'><strong>xvn.</strong></span> <span class='ocrx_word' id='word_1_760' title='bbox 953 5317 1041 5370; x_wconf 81' lang='lat'><strong>50.</strong></span> <span class='ocrx_word' id='word_1_761' title='bbox 1119 5317 1161 5347; x_wconf 84' lang='grc'><strong>⁶¹</strong></span> <span class='ocrx_word' id='word_1_762' title='bbox 1196 5314 1392 5372; x_wconf 82' lang='lat' dir='ltr'><strong>Ezech.</strong></span> <span class='ocrx_word' id='word_1_763' title='bbox 1422 5334 1534 5381; x_wconf 73' lang='grc' dir='ltr'><strong>χεν,</strong></span> <span class='ocrx_word' id='word_1_764' title='bbox 1562 5317 1655 5383; x_wconf 73' lang='lat' dir='ltr'><strong>M,</strong></span> <span class='ocrx_word' id='word_1_765' title='bbox 1681 5318 1770 5373; x_wconf 82' lang='lat'><strong>20.</strong></span> <span class='ocrx_word' id='word_1_766' title='bbox 1849 5318 1895 5350; x_wconf 80' lang='grc'><strong><em>⁸⁸</em></strong></span> <span class='ocrx_word' id='word_1_767' title='bbox 1927 5318 2012 5371; x_wconf 87' lang='lat' dir='ltr'><strong>Al.</strong></span> 
     </span>
    </p>
   </div>
   <div class='ocr_carea' id='block_1_104' title="bbox 2148 5314 2914 5393">
    <p class='ocr_par' dir='ltr' id='par_1_104' title="bbox 2148 5318 2914 5393">
     <span class='ocr_line' id='line_1_104' title="bbox 2148 5318 2914 5393; baseline 0.007 -22"><span class='ocrx_word' id='word_1_768' title='bbox 2148 5318 2419 5390; x_wconf 68' lang='lat' dir='ltr'><strong>nomian.</strong></span> <span class='ocrx_word' id='word_1_769' title='bbox 2495 5319 2542 5350; x_wconf 84' lang='grc'><strong>⁸³</strong></span> <span class='ocrx_word' id='word_1_770' title='bbox 2564 5321 2650 5376; x_wconf 91' lang='lat' dir='ltr'><strong>Al.</strong></span> <span class='ocrx_word' id='word_1_771' title='bbox 2679 5321 2914 5393; x_wconf 80' lang='grc' dir='ltr'><strong>ἀγαθήν.</strong></span> 
     </span>
    </p>
   </div>
   <div class='ocr_carea' id='block_1_105' title="bbox 535 5447 1802 5522">
    <p class='ocr_par' dir='ltr' id='par_1_105' title="bbox 535 5447 1802 5522">
     <span class='ocr_line' id='line_1_105' title="bbox 535 5447 1802 5522; baseline 0.001 -16"><span class='ocrx_word' id='word_1_772' title='bbox 535 5452 648 5522; x_wconf 66' lang='lat' dir='ltr'>(2i)</span> <span class='ocrx_word' id='word_1_773' title='bbox 685 5451 791 5522; x_wconf 68' lang='lat' dir='ltr'><strong>Yit.</strong></span> <span class='ocrx_word' id='word_1_774' title='bbox 824 5447 979 5522; x_wconf 69' lang='lat' dir='ltr'><strong>Patr.</strong></span> <span class='ocrx_word' id='word_1_775' title='bbox 1009 5467 1101 5517; x_wconf 91' lang='lat' dir='ltr'><strong>xv,</strong></span> <span class='ocrx_word' id='word_1_776' title='bbox 1137 5451 1241 5516; x_wconf 79' lang='lat'><strong>39;</strong></span> <span class='ocrx_word' id='word_1_777' title='bbox 1272 5453 1498 5507; x_wconf 87' lang='lat' dir='ltr'><strong>Doroth.</strong></span> <span class='ocrx_word' id='word_1_778' title='bbox 1539 5454 1721 5506; x_wconf 78' lang='lat' dir='ltr'><strong>Doctr.</strong></span> <span class='ocrx_word' id='word_1_779' title='bbox 1748 5454 1802 5507; x_wconf 83' lang='lat'><strong>5.</strong></span> 
     </span>
    </p>
   </div>
   <div class='ocr_carea' id='block_1_106' title="bbox 535 5520 1238 5594">
    <p class='ocr_par' dir='ltr' id='par_1_106' title="bbox 535 5520 1238 5594">
     <span class='ocr_line' id='line_1_106' title="bbox 535 5520 1238 5594; baseline 0.004 -20"><span class='ocrx_word' id='word_1_780' title='bbox 535 5520 650 5594; x_wconf 75' lang='lat'>(2,5)</span> <span class='ocrx_word' id='word_1_781' title='bbox 684 5521 789 5594; x_wconf 46' lang='lat' dir='ltr'><strong>git.</strong></span> <span class='ocrx_word' id='word_1_782' title='bbox 822 5520 974 5594; x_wconf 71' lang='lat' dir='ltr'><strong>l_’atr.</strong></span> <span class='ocrx_word' id='word_1_783' title='bbox 1003 5539 1119 5584; x_wconf 85' lang='lat' dir='ltr'><strong>vni,</strong></span> <span class='ocrx_word' id='word_1_784' title='bbox 1144 5524 1238 5594; x_wconf 9' lang='lat' dir='ltr'><strong>7M.</strong></span> 
     </span>
    </p>
   </div>
   <div class='ocr_carea' id='block_1_107' title="bbox 540 5591 1190 5660">
    <p class='ocr_par' dir='ltr' id='par_1_107' title="bbox 540 5591 1190 5660">
     <span class='ocr_line' id='line_1_107' title="bbox 540 5591 1190 5660; baseline 0 -14"><span class='ocrx_word' id='word_1_785' title='bbox 540 5591 653 5660; x_wconf 79' lang='lat'>(26)</span> <span class='ocrx_word' id='word_1_786' title='bbox 688 5591 794 5644; x_wconf 84' lang='lat' dir='ltr'><strong>Vit.</strong></span> <span class='ocrx_word' id='word_1_787' title='bbox 828 5591 979 5646; x_wconf 86' lang='lat' dir='ltr'><strong>Patr.</strong></span> <span class='ocrx_word' id='word_1_788' title='bbox 1006 5611 1078 5650; x_wconf 77' lang='lat' dir='ltr'><strong>iV.</strong></span> <span class='ocrx_word' id='word_1_789' title='bbox 1103 5593 1190 5647; x_wconf 79' lang='lat'><strong>52.</strong></span> 
     </span>
    </p>
   </div>
   <div class='ocr_carea' id='block_1_108' title="bbox 537 5661 1208 5728">
    <p class='ocr_par' dir='ltr' id='par_1_108' title="bbox 537 5661 1208 5728">
     <span class='ocr_line' id='line_1_108' title="bbox 537 5661 1208 5728; baseline 0.003 -12"><span class='ocrx_word' id='word_1_790' title='bbox 537 5663 650 5728; x_wconf 78' lang='lat'>(27)</span> <span class='ocrx_word' id='word_1_791' title='bbox 686 5661 791 5715; x_wconf 83' lang='lat' dir='ltr'><strong>Vit.</strong></span> <span class='ocrx_word' id='word_1_792' title='bbox 817 5661 972 5717; x_wconf 85' lang='lat' dir='ltr'><strong>Patr.</strong></span> <span class='ocrx_word' id='word_1_793' title='bbox 1005 5680 1123 5727; x_wconf 74' lang='lat' dir='ltr'><strong>xm,</strong></span> <span class='ocrx_word' id='word_1_794' title='bbox 1155 5666 1208 5720; x_wconf 73' lang='grc' dir='ltr'><strong>ὅ.</strong></span> 
     </span>
    </p>
   </div>
   <div class='ocr_carea' id='block_1_109' title="bbox 542 5731 1972 5804">
    <p class='ocr_par' dir='ltr' id='par_1_109' title="bbox 542 5731 1972 5804">
     <span class='ocr_line' id='line_1_109' title="bbox 542 5731 1972 5804; baseline -0.001 -16"><span class='ocrx_word' id='word_1_795' title='bbox 542 5735 652 5804; x_wconf 75' lang='lat'>(28)</span> <span class='ocrx_word' id='word_1_796' title='bbox 684 5732 789 5787; x_wconf 81' lang='lat' dir='ltr'><strong>Vit.</strong></span> <span class='ocrx_word' id='word_1_797' title='bbox 816 5731 974 5790; x_wconf 83' lang='lat' dir='ltr'><strong>Patr.</strong></span> <span class='ocrx_word' id='word_1_798' title='bbox 1003 5751 1052 5801; x_wconf 80' lang='lat' dir='ltr'><strong>x,</strong></span> <span class='ocrx_word' id='word_1_799' title='bbox 1091 5739 1142 5800; x_wconf 78' lang='lat' dir='ltr'><strong>i,</strong></span> <span class='ocrx_word' id='word_1_800' title='bbox 1181 5737 1262 5799; x_wconf 76' lang='lat' dir='ltr'><strong>l2,</strong></span> <span class='ocrx_word' id='word_1_801' title='bbox 1299 5735 1536 5792; x_wconf 73' lang='lat' dir='ltr'><strong>Mincii.</strong></span> <span class='ocrx_word' id='word_1_802' title='bbox 1570 5735 1733 5791; x_wconf 77' lang='lat' dir='ltr'><strong>Voss.</strong></span> <span class='ocrx_word' id='word_1_803' title='bbox 1759 5750 1812 5804; x_wconf 88' lang='lat' dir='ltr'><strong>p.</strong></span> <span class='ocrx_word' id='word_1_804' title='bbox 1852 5731 1972 5790; x_wconf 70' lang='lat'><strong>152.</strong></span> 
     </span>
    </p>
   </div>
   <div class='ocr_carea' id='block_1_110' title="bbox 2153 4882 3727 4959">
    <p class='ocr_par' dir='ltr' id='par_1_110' title="bbox 2153 4882 3727 4959">
     <span class='ocr_line' id='line_1_110' title="bbox 2153 4882 3727 4959; baseline -0.004 -19"><span class='ocrx_word' id='word_1_805' title='bbox 2153 4886 2278 4940; x_wconf 86' lang='grc' dir='ltr'><strong>Ὅτι</strong></span> <span class='ocrx_word' id='word_1_806' title='bbox 2314 4887 2377 4940; x_wconf 84' lang='grc' dir='ltr'><strong>τδ</strong></span> <span class='ocrx_word' id='word_1_807' title='bbox 2420 4887 2596 4959; x_wconf 85' lang='grc' dir='ltr'><strong>στόμα</strong></span> <span class='ocrx_word' id='word_1_808' title='bbox 2637 4887 2808 4941; x_wconf 71' lang='grc' dir='ltr'><strong>αὑτοῦ</strong></span> <span class='ocrx_word' id='word_1_809' title='bbox 2836 4889 3092 4959; x_wconf 78' lang='grc' dir='ltr'><strong>ἐποίησεν</strong></span> <span class='ocrx_word' id='word_1_810' title='bbox 3134 4886 3295 4941; x_wconf 84' lang='grc' dir='ltr'><strong>αὐτὸν</strong></span> <span class='ocrx_word' id='word_1_811' title='bbox 3325 4883 3604 4939; x_wconf 83' lang='grc' dir='ltr'><strong>καλεῖσθαι</strong></span> <span class='ocrx_word' id='word_1_812' title='bbox 3630 4882 3727 4935; x_wconf 75' lang='grc' dir='ltr'><strong>ἀϐ-</strong></span> 
     </span>
    </p>
   </div>
   <div class='ocr_carea' id='block_1_111' title="bbox 2147 4978 2274 5035">
    <p class='ocr_par' dir='ltr' id='par_1_111' title="bbox 2147 4978 2274 5035">
     <span class='ocr_line' id='line_1_111' title="bbox 2147 4978 2274 5035; baseline 0.031 -4"><span class='ocrx_word' id='word_1_813' title='bbox 2147 4978 2274 5035; x_wconf 75' lang='grc' dir='ltr'><strong>δᾶν.</strong></span> 
     </span>
    </p>
   </div>
   <div class='ocr_carea' id='block_1_112' title="bbox 2219 5066 3724 5145">
    <p class='ocr_par' dir='ltr' id='par_1_112' title="bbox 2219 5066 3724 5145">
     <span class='ocr_line' id='line_1_112' title="bbox 2219 5066 3724 5145; baseline -0.007 -16"><span class='ocrx_word' id='word_1_814' title='bbox 2219 5071 2320 5143; x_wconf 58' lang='grc' dir='ltr'><strong>ἒβη</strong></span> <span class='ocrx_word' id='word_1_815' title='bbox 2354 5066 2528 5127; x_wconf 86' lang='grc' dir='ltr'><strong>Ἧλθέ</strong></span> <span class='ocrx_word' id='word_1_816' title='bbox 2557 5089 2686 5126; x_wconf 88' lang='grc' dir='ltr'><strong>ποτε</strong></span> <span class='ocrx_word' id='word_1_817' title='bbox 2725 5072 2952 5143; x_wconf 78' lang='grc' dir='ltr'><strong>ἁδελφὸς</strong></span> <span class='ocrx_word' id='word_1_818' title='bbox 2990 5073 3128 5145; x_wconf 78' lang='grc' dir='ltr'><strong>πρὸς</strong></span> <span class='ocrx_word' id='word_1_819' title='bbox 3147 5071 3238 5126; x_wconf 78' lang='grc' dir='ltr'><strong>τὸν</strong></span> <span class='ocrx_word' id='word_1_820' title='bbox 3269 5070 3444 5126; x_wconf 72' lang='grc' dir='ltr'><strong>ἀεὸᾶν</strong></span> <span class='ocrx_word' id='word_1_821' title='bbox 3467 5067 3724 5139; x_wconf 79' lang='grc' dir='ltr'><strong>Ποιμένα.</strong></span> 
     </span>
    </p>
   </div>
   <div class='ocr_carea' id='block_1_113' title="bbox 2147 5157 3734 5238">
    <p class='ocr_par' dir='ltr' id='par_1_113' title="bbox 2147 5157 3734 5238">
     <span class='ocr_line' id='line_1_113' title="bbox 2147 5157 3734 5238; baseline -0.004 -21"><span class='ocrx_word' id='word_1_822' title='bbox 2147 5164 2243 5217; x_wconf 72' lang='grc' dir='ltr'><strong>καὶ</strong></span> <span class='ocrx_word' id='word_1_823' title='bbox 2265 5164 2411 5233; x_wconf 87' lang='grc' dir='ltr'><strong>λέγει</strong></span> <span class='ocrx_word' id='word_1_824' title='bbox 2440 5164 2589 5236; x_wconf 80' lang='grc' dir='ltr'><strong>αὐτῷ</strong></span> <span class='ocrx_word' id='word_1_825' title='bbox 2609 5177 2624 5192; x_wconf 81' lang='grc'><strong>⁸</strong></span> <span class='ocrx_word' id='word_1_826' title='bbox 2656 5163 2723 5218; x_wconf 91' lang='grc' dir='ltr'><strong>Τί</strong></span> <span class='ocrx_word' id='word_1_827' title='bbox 2746 5166 2981 5236; x_wconf 83' lang='grc' dir='ltr'><strong>ποιήσω,</strong></span> <span class='ocrx_word' id='word_1_828' title='bbox 3008 5165 3209 5238; x_wconf 77' lang='grc' dir='ltr'><strong>Πάτερ,</strong></span> <span class='ocrx_word' id='word_1_829' title='bbox 3230 5166 3312 5218; x_wconf 86' lang='grc' dir='ltr'><strong>ὅτι</strong></span> <span class='ocrx_word' id='word_1_830' title='bbox 3341 5161 3593 5232; x_wconf 78' lang='grc' dir='ltr'><strong>θλίϐομαι</strong></span> <span class='ocrx_word' id='word_1_831' title='bbox 3617 5157 3734 5212; x_wconf 69' lang='grc' dir='ltr'><strong>ἀπὸ</strong></span> 
     </span>
    </p>
   </div>
   <div class='ocr_carea' id='block_1_114' title="bbox 3021 5316 3520 5374">
    <p class='ocr_par' dir='ltr' id='par_1_114' title="bbox 3021 5316 3520 5374">
     <span class='ocr_line' id='line_1_114' title="bbox 3021 5316 3520 5374; baseline -0.012 0"><span class='ocrx_word' id='word_1_832' title='bbox 3021 5323 3068 5354; x_wconf 76' lang='grc'><strong><em>⁸⁵</em></strong></span> <span class='ocrx_word' id='word_1_833' title='bbox 3099 5322 3184 5374; x_wconf 88' lang='lat' dir='ltr'><strong>Al.</strong></span> <span class='ocrx_word' id='word_1_834' title='bbox 3237 5316 3520 5372; x_wconf 73' lang='grc' dir='ltr'><strong>ὑπέλαϐον.</strong></span> 
     </span>
    </p>
   </div>
   <div class='ocr_carea' id='block_1_115' title="bbox 2225 5455 2852 5527">
    <p class='ocr_par' dir='ltr' id='par_1_115' title="bbox 2225 5455 2852 5527">
     <span class='ocr_line' id='line_1_115' title="bbox 2225 5455 2852 5527; baseline 0.008 -17"><span class='ocrx_word' id='word_1_835' title='bbox 2225 5457 2341 5527; x_wconf 72' lang='lat'>(29)</span> <span class='ocrx_word' id='word_1_836' title='bbox 2370 5455 2490 5527; x_wconf 61' lang='grc' dir='ltr'><strong>Ῐὶι.</strong></span> <span class='ocrx_word' id='word_1_837' title='bbox 2515 5456 2666 5527; x_wconf 73' lang='lat' dir='ltr'><strong>Patr.</strong></span> <span class='ocrx_word' id='word_1_838' title='bbox 2697 5473 2738 5519; x_wconf 81' lang='grc' dir='ltr'><strong>ι,</strong></span> <span class='ocrx_word' id='word_1_839' title='bbox 2765 5457 2852 5516; x_wconf 78' lang='grc'><strong>14.</strong></span> 
     </span>
    </p>
   </div>
   <div class='ocr_carea' id='block_1_116' title="bbox 2224 5525 2902 5596">
    <p class='ocr_par' dir='ltr' id='par_1_116' title="bbox 2224 5525 2902 5596">
     <span class='ocr_line' id='line_1_116' title="bbox 2224 5525 2902 5596; baseline 0.003 -16"><span class='ocrx_word' id='word_1_840' title='bbox 2224 5525 2337 5596; x_wconf 80' lang='grc'><strong>(50)</strong></span> <span class='ocrx_word' id='word_1_841' title='bbox 2369 5525 2475 5580; x_wconf 82' lang='lat' dir='ltr'><strong>Vit.</strong></span> <span class='ocrx_word' id='word_1_842' title='bbox 2497 5526 2650 5582; x_wconf 87' lang='lat' dir='ltr'><strong>Patr.</strong></span> <span class='ocrx_word' id='word_1_843' title='bbox 2683 5545 2776 5588; x_wconf 77' lang='lat' dir='ltr'><strong>xv.</strong></span> <span class='ocrx_word' id='word_1_844' title='bbox 2814 5529 2902 5584; x_wconf 73' lang='grc'><strong>40.</strong></span> 
     </span>
    </p>
   </div>
   <div class='ocr_carea' id='block_1_117' title="bbox 2225 5597 2806 5668">
    <p class='ocr_par' dir='ltr' id='par_1_117' title="bbox 2225 5597 2806 5668">
     <span class='ocr_line' id='line_1_117' title="bbox 2225 5597 2806 5668; baseline 0.002 -16"><span class='ocrx_word' id='word_1_845' title='bbox 2225 5597 2339 5668; x_wconf 81' lang='lat' dir='ltr'>(5i)</span> <span class='ocrx_word' id='word_1_846' title='bbox 2376 5597 2482 5668; x_wconf 63' lang='lat' dir='ltr'><strong>va.</strong></span> <span class='ocrx_word' id='word_1_847' title='bbox 2513 5597 2662 5656; x_wconf 88' lang='lat' dir='ltr'><strong>Patr.</strong></span> <span class='ocrx_word' id='word_1_848' title='bbox 2691 5615 2722 5653; x_wconf 91' lang='lat' dir='ltr'><strong>v</strong></span> <span class='ocrx_word' id='word_1_849' title='bbox 2773 5599 2806 5653; x_wconf 88' lang='lat'><strong>9</strong></span> 
     </span>
    </p>
   </div>
   <div class='ocr_carea' id='block_1_118' title="bbox 2226 5667 2630 5740">
    <p class='ocr_par' dir='ltr' id='par_1_118' title="bbox 2226 5667 2630 5740">
     <span class='ocr_line' id='line_1_118' title="bbox 2226 5667 2630 5740; baseline 0 -17"><span class='ocrx_word' id='word_1_850' title='bbox 2226 5667 2367 5740; x_wconf 73' lang='lat' dir='ltr'>(5r)</span> <span class='ocrx_word' id='word_1_851' title='bbox 2399 5667 2540 5738; x_wconf 80' lang='lat' dir='ltr'><strong>Lege</strong></span> <span class='ocrx_word' id='word_1_852' title='bbox 2574 5673 2630 5740; x_wconf 74' lang='grc' dir='ltr'><strong>ᾖ.</strong></span> 
     </span>
    </p>
   </div>
  </div>
