3874 6332
471 371 582 428 359

1626 372 1992 450 arpi:me
2022 370 2114 425 AD
2151 370 2569 428 PALLADIUM.

3629 373 3734 429 310

433 485 441 492 ”
473 489 724 554 audiero,
755 491 885 546 nolo
918 489 1270 546 introducere
1316 505 1440 546 eum
1474 489 1530 544 in
1586 491 1781 545 cellam
1824 506 1999 545 meam
2035 509 2049 555 ;

2163 488 2296 542 θέλω
2344 488 2677 555 εἰσενεγκεῖν
2710 487 2871 541 αὐτὸν
2904 491 2984 552 εἰς
3027 489 3089 542 τὸ
3129 490 3342 543 κελλίον
3376 507 3479 561 μου
3508 508 3524 521 ο
3551 489 3647 544 ἐὰν
3675 493 3729 544 δὲ

472 582 570 636 sed
612 582 658 638 si
695 583 881 638 videro
906 583 1109 638 bonum
1145 582 1392 646 fratrem,
1449 597 1574 637 cum
1627 598 1692 636 eo
1729 581 1884 638 laetus
1927 599 2046 651 ago.

472 671 618 727 Dicit
646 675 693 727 ei
728 689 889 728 senex
920 693 937 728 :
963 674 1019 728 Si
1056 675 1199 727 bono
1236 673 1388 727 fratri
1422 674 1548 728 boni
1596 689 1786 744 parum
1819 674 2046 735 feceris.

471 765 696 833 duplum
732 764 897 819 facito
945 766 1144 830 alteri;
1176 774 1261 820 est
1304 767 1448 820 enim
1502 765 1777 820 inﬁrmus.
1831 765 2050 819 Scilicet

470 867 590 910 erat
621 857 843 926 quidam
877 858 934 910 in
971 857 1224 912 comobio
1270 859 1491 913 nomine
1536 857 1859 913 Timotheus
1917 873 2050 912 ana-

472 952 736 1012 choreta;
793 959 847 1004 et
902 951 1111 1004 audivit
1166 951 1403 1005 emnobii
1461 953 1790 1021 prapositus
1849 949 2046 1002 famam

469 1040 705 1108 alicujus
737 1041 921 1096 fratris
949 1040 1016 1094 de
1051 1043 1373 1100 tentatione.
1398 1057 1463 1094 ac
1498 1041 1566 1095 de
1603 1057 1668 1094 eo
1701 1047 2048 1109 percontatus

466 1142 552 1186 est
590 1133 930 1187 Timotheum
954 1173 969 1196 ,
1026 1136 1119 1204 qui
1155 1135 1445 1188 consilium
1470 1135 1619 1188 dedit
1661 1144 1718 1187 ut
1752 1134 2049 1202 expelleret

467 1223 716 1280 fratrem.
744 1224 880 1279 Cum
919 1241 1051 1296 ergo
1071 1227 1346 1294 eiecisset,
1385 1227 1612 1280 tentatio
1657 1225 1842 1279 fratris
1881 1241 2045 1293 supra

468 1311 818 1369 Timotheum
855 1315 1031 1384 posita
1051 1326 1155 1376 est.
1182 1315 1318 1368 adeo
1344 1324 1400 1367 ut
1435 1316 1855 1384 periclitaretur.
1876 1312 2048 1372 Flevit

466 1421 600 1476 ergo
638 1404 962 1462 Timotheus
989 1423 1176 1460 coram
1204 1406 1334 1470 Deo,
1363 1407 1585 1461 dicens:
1617 1406 1865 1470 Peccavi,
1896 1407 2047 1475 igno-

466 1513 560 1552 sce
591 1497 749 1552 mihi.
811 1497 876 1553 Et
924 1498 1105 1553 delata
1164 1501 1229 1553 ad
1263 1516 1385 1554 eum
1451 1509 1536 1554 est
1572 1498 1839 1568 ejusmodi
1895 1514 2046 1550 vox:

467 1587 778 1655 Timothee,
811 1608 880 1647 ne
906 1593 1193 1648 existimes
1221 1610 1308 1648 me
1361 1594 1435 1648 ob
1474 1594 1634 1647 aliam
1680 1608 1898 1648 causam
1944 1594 2045 1647 ista

465 1683 565 1736 tibi
593 1681 812 1744 fecisse,
850 1701 1012 1755 quam
1047 1687 1173 1756 quia
1211 1686 1511 1755 despexisti
1541 1686 1766 1740 fratrem
1801 1694 1954 1739 tuum
1991 1687 2050 1739 in

466 1785 714 1844 tempore
741 1780 1064 1832 tentationis
1103 1793 1238 1833 suae.

2157 585 2251 636 ῐδω
2278 582 2463 644 καλὸν,
2492 583 2669 653 χαίρω
2709 584 2824 652 μετ’
2850 583 3038 636 αὐτοῦ.
3061 585 3226 652 Λέγει
3256 584 3408 653 αὐτῷ
3462 587 3492 638 6
3519 585 3694 654 γέρων
3715 602 3728 614 ⁸

2153 677 2218 728 Εἰ
2255 679 2424 738 ποιεῖς
2459 676 2536 744 τῷ
2578 675 2727 744 καλῷ
2772 676 2983 747 ἀδελφῷ
3019 679 3213 747 μικρὸν
3253 677 3488 745 ἀγαθὸν,
3514 677 3738 731 διπλοῦν

2154 768 2379 837 ποίησον
2415 769 2532 837 μετ’
2570 767 2801 820 ἐκείνου.
2838 763 3004 830 Οὗτος
3043 768 3150 839 γάρ
3202 769 3349 820 ἐστιν
3395 770 3424 821 6
3468 768 3730 821 ἀσθενῶν.

2151 855 2259 912 Ἦν
2282 860 2390 930 γάρ
2417 876 2499 921 τις
2525 860 2583 910 ἐν
2613 857 2857 928 κοινοὸίῳ
2892 858 3112 928 ὀνόματι
3145 859 3408 928 Τιμόθεος
3442 862 3732 928 ἀναχωρη-

2151 953 2286 1018 τήςο
2329 951 2421 1003 καὶ
2467 951 2701 1020 ἤκουσεν
2748 951 2775 1000 6
2824 951 3122 1020 ἡγούμενος
3176 952 3364 1020 φήμην
3586 967 3731 1008 τινος

2150 1042 2382 1110 ἀδελφοῦ
2413 1044 2542 1111 περὶ
2575 1041 2904 1111 πειρασμοῦ,
2947 1042 3042 1095 καὶ
3070 1041 3392 1112 ἐπηρώτησε
3439 1041 3527 1094 τὸν
3562 1041 3729 1110 Τιμὸ-

2151 1133 2271 1185 θεον
2307 1131 2437 1202 περὶ
2468 1131 2630 1184 αὑτοῦ
2653 1148 2666 1160 ”
2699 1134 2789 1185 καὶ
2830 1131 3244 1184 συνεϐούλευσεν
3282 1131 3451 1202 αὐτῷ,
3481 1130 3732 1182 ἐκϐαλεῖν

2150 1225 2240 1278 τὸν
2262 1226 2506 1293 ἀδελφόν.
2536 1226 2663 1278 Ὅτε
2687 1221 2777 1276 οὖν
2811 1223 3063 1289 ἐξέϐαλεν
3091 1224 3273 1285 αὑτὸν,
3304 1224 3460 1291 ἐτέθη
3484 1223 3514 1273 6
3540 1239 3730 1293 πειρα-

2151 1317 2288 1386 σμὸς
2319 1316 2414 1369 τοῦ
2445 1316 2675 1385 ἀδελφοῦ
2707 1317 2889 1368 ἐπάνω
2920 1315 3013 1368 τοῦ
3059 1314 3344 1384 Τιμοθέου,
3373 1315 3477 1377 ἓως
3502 1309 3561 1367 οὗ
3596 1316 3733 1365 ἐκιν-

2148 1408 2420 1462 δύνευσεν.
2454 1408 2709 1460 Ἐκλαιεν
2743 1403 2835 1461 οὖν
2859 1410 2887 1460 ὁ
2917 1407 3178 1477 Τιμόθεος
3202 1407 3428 1459 ἐνώπιον
3447 1406 3539 1458 τοῦ
3567 1405 3724 1469 Θεοῦ,

2149 1499 2322 1567 λέγων
2343 1517 2356 1529 ο
2389 1500 2738 1570 Ἢμάρτηκα,
2775 1497 3124 1569 συγχώρησόν
3159 1517 3268 1570 μοι.
3296 1498 3404 1550 Καὶ
3433 1494 3596 1566 ἦλθεν
3630 1497 3725 1548 αὺ-

2147 1589 2226 1659 τῷ
2276 1590 2426 1659 φωνὴ
2471 1590 2734 1657 λέγουσα·
2766 1590 3015 1656 Τιμόθεε,
3064 1590 3138 1659 μὴ
3187 1589 3412 1659 νομίσῃς
3437 1590 3518 1640 ὅτι
3553 1587 3732 1640 ταῦτα

2149 1681 2384 1752 ἐποίησά
2440 1700 2522 1736 σοι
2559 1683 2625 1735 δι’
2654 1682 2780 1736 ἄλλο
2810 1700 2898 1744 τι,
2926 1682 2958 1751 ἢ
2988 1683 3067 1734 ὅτι
3100 1682 3348 1751 παρεῖδες
3377 1680 3468 1732 τὸν
3505 1679 3730 1748 ἀδελφόν

2151 1791 2245 1827 σου
2276 1777 2333 1827 ἐν
2355 1774 2529 1848 καιρῴ
2561 1773 2654 1826 τοῦ
2677 1773 2984 1842 πειρασμοῦ
3011 1772 3197 1824 αὐτοῦ.
3279 1827 3283 1829 _

539 1867 626 1919 7i.
659 1867 772 1937 (59)
801 1866 948 1921 Dixit
987 1869 1157 1923 abbas
1187 1867 1444 1923 Pmmen:
1483 1867 1775 1938 Propterea
1809 1875 1890 1921 tot
1921 1875 2042 1920 tan-

2218 1867 2314 1913 oa'.
2350 1857 2513 1913 Εἶπεν
2540 1862 2567 1912 6
2599 1861 2770 1924 6.665.;
2799 1864 3029 1932 Ποιμήν,
3058 1863 3138 1914 ὅτι
3157 1861 3256 1912 Διά
3286 1861 3444 1914 τοῦτο
3465 1863 3521 1912 ἐν
3543 1859 3732 1913 τοσοῦ-

463 1957 649 2028 tisque
680 1958 1038 2027 suhjacemus
1068 1960 1488 2023 tentationibus,
1525 1961 1654 2030 quia
1693 1962 1914 2013 nomina
1946 1973 2044 2012 no-

463 2058 580 2106 stra
607 2057 660 2105 et
694 2051 942 2106 ordinem
977 2066 1084 2107 non
1131 2068 1451 2108 servamus:
1489 2051 1946 2121 quemadmodum
1992 2059 2046 2104 et

465 2142 756 2214 Scriptura
785 2143 972 2202 docet.
1007 2145 1202 2200 Nonne
1251 2147 1534 2201 cernimus
1580 2146 1862 2199 mulierem
1896 2145 2043 2198 illam

462 2235 856 2304 Chananaaam,
885 2254 1007 2309 qua:
1041 2239 1264 2293 admisit
1291 2253 1489 2292 nomen
1519 2254 1678 2292 suum
1706 2255 1722 2303 ;
1753 2249 1809 2292 et
1853 2237 2044 2291 Salva.

463 2337 554 2383 tor
595 2331 785 2400 requie
836 2330 985 2385 illam
1041 2330 1377 2386 donavit“?
1415 2329 1630 2386 Rursus
1677 2331 1744 2385 de
1793 2331 2046 2399 Abigaea;

464 2423 594 2492 quia
620 2423 760 2477 dixit
794 2422 983 2478 Davidi
1012 2443 1026 2478 :
1054 2423 1122 2478 In
1155 2441 1238 2478 me
1260 2432 1338 2478 est
1357 2432 1628 2492 peccatum
1648 2424 1732 2489 ’νς
1765 2424 2048 2478 exaudivit

464 2529 610 2575 eam,
637 2514 837 2570 dilexit.
862 2530 1004 2570 eam.
1043 2516 1265 2586 Abigaaa
1291 2532 1582 2585 personam
1615 2515 1783 2571 sumit
1815 2516 2045 2578 animae,

464 2603 638 2660 David
678 2606 1016 2662 Divinitatis.
1070 2605 1127 2660 Si
1183 2623 1316 2677 ergo
1373 2607 1556 2660 anin'ia
1609 2621 1668 2660 se
1703 2615 2048 2661 accusarent

465 2714 653 2752 coram
685 2697 935 2762 Domino,
968 2699 1145 2768 diligit
1174 2714 1293 2754 eam
1329 2686 1612 2751 Dominus.

543 2789 630 2845 72.
661 2789 776 2860 (ιο)
810 2788 1107 2845 Transibat
1147 2791 1446 2860 aliquando
1477 2790 1649 2858 abbas
1675 2788 1896 2844 Pmmen
1921 2803 2046 2843 cum

467 2880 666 2934 abbate
693 2880 854 2934 Anub
880 2879 931 2932 in
962 2881 1214 2949 partibus
1256 2879 1425 2933 Diolci
1454 2896 1469 2943 ;
1495 2888 1550 2934 et
1583 2879 1864 2933 venientes
1896 2881 2043 2932 circa

467 2973 748 3042 sepulcra,
799 2974 1152 3042 conspiciunt
1186 2973 1469 3027 mulierem
1506 2973 1747 3041 graviter
1785 2973 2044 3042 plangen-

466 3074 606 3132 tent,
644 3075 701 3122 et
731 3066 950 3122 flentem
979 3081 1209 3132 amare;
1244 3075 1408 3136 atque
1463 3073 1673 3120 stantes
1731 3065 2047 3120 considera-

466 3157 602 3212 bant
631 3173 776 3214 eam.
808 3159 1040 3212 Paulum
1081 3172 1212 3213 vero
1249 3158 1553 3229 progressi,
1585 3155 1802 3210 cuidam
1855 3171 2049 3210 occur-

467 3259 702 3315 terunt;
753 3266 918 3320 quem
978 3251 1334 3320 interrogavit
1392 3249 1562 3303 abbas
1621 3247 1867 3311 Piemen,
1919 3247 2048 3317 quid

467 3341 702 3397 haberet
735 3358 795 3397 ea
833 3343 1050 3406 mulier,
1074 3340 1219 3411 quod
1240 3357 1426 3396 amare
1455 3341 1714 3411 ploraret.
1747 3338 2051 3409 Respondit

469 3432 602 3488 ille:
645 3434 783 3500 Quia
812 3443 1067 3490 mortuus
1089 3445 1173 3488 est
1203 3437 1435 3488 maritus
1474 3435 1595 3502 ejus
1619 3475 1635 3499 ,
1667 3444 1719 3488 et
1778 3435 1942 3496 filius,
1997 3441 2052 3485 et

467 3526 666 3581 frater.
701 3527 856 3582 Tunc
886 3528 1170 3596 excipiens
1201 3525 1373 3581 abbas
1415 3524 1638 3580 Paemen
1690 3526 1827 3579 dixit
1868 3526 2050 3579 abbati

468 3615 671 3674 Anub:
697 3617 802 3669 Aio
840 3617 962 3681 tibi,
1010 3617 1116 3672 nisi
1167 3617 1330 3670 homo
1361 3625 1589 3670 cunctas
1619 3617 1804 3670 carnis
1858 3616 2053 3667 volun-

468 3718 616 3768 tates
655 3721 907 3768 mortuas
955 3712 1284 3776 reddiderit,
1329 3713 1582 3780 huncque
1629 3711 1932 3764 obtinuerit
1969 3711 2052 3763 ln-

468 3811 642 3866 ttum,
670 3817 779 3857 non
813 3810 995 3874 potest
1028 3801 1146 3857 fieri
1180 3803 1506 3858 monachus.
1536 3801 1674 3856 Tota
1704 3803 1854 3858 extim
1886 3803 2052 3872 hujus

469 3893 724 3949 mulieris
753 3895 866 3948 vita
899 3904 955 3950 et
983 3910 1138 3950 mens
1173 3895 1227 3950 in
1253 3896 1402 3950 luctu
1430 3903 1535 3950 est.

543 3985 632 4040 73.
664 3986 776 4056 (41)
808 3986 953 4040 Dixit
981 3989 1152 4044 abbas
1184 3987 1407 4043 Poemen
1433 4005 1448 4042 :
1481 3985 1558 4043 Ne
1588 3987 1833 4043 metiaris
1859 3993 2055 4042 temet-

473 4079 680 4147 ipsum,
712 4080 808 4135 sed
849 4080 1070 4137 adhaerc
1101 4083 1305 4135 homini
1340 4082 1500 4151 cujus
1529 4083 1882 4137 conversatio
1908 4082 2052 4135 bona

470 4176 580 4222 est.

547 4259 635 4314 74.
683 4259 816 4316 ltem
881 4263 1092 4326 retulit,
1148 4263 1291 4332 quod
1345 4263 1391 4318 si
1443 4265 1569 4335 quis
1608 4264 1778 4320 frater
1829 4263 2056 4318 adiisset

474 4350 731 4408 abbatem
759 4351 1036 4408 Joannem
1055 4364 1296 4418 curtum,
1328 4356 1576 4411 tradebat
1608 4358 1656 4411 ei
1693 4357 1781 4412 ille
1818 4357 2056 4410 Charita-

475 4453 611 4509 tem,
653 4444 722 4501 de
781 4463 888 4516 qua
937 4446 1081 4517 apud
1140 4448 1462 4516 Apostolum
1512 4449 1746 4518 legitur:
1804 4446 2053 4502 Charitas

470 4536 680 4606 patiens
706 4546 804 4602 est,
841 4537 1064 4607 benigna
1087 4549 1167 4593 est
1196 4539 1264 4591 ’°.

547 4630 636 4686 75.
663 4629 873 4685 Retulit
904 4636 1102 4688 iterum
1137 4634 1288 4689 circa
1319 4633 1567 4688 abbatem
1594 4631 1820 4694 Pambo.
1851 4633 2056 4689 dixisse

471 4723 544 4778 de
575 4741 642 4779 eo
680 4725 932 4780 abbatem
969 4726 1268 4780 Antonium
1298 4745 1310 4780 :
1346 4726 1448 4782 Per
1482 4729 1736 4783 timorem
1779 4727 1877 4782 Dei
1926 4726 2054 4784 επε-

475 4818 554 4872 cit
583 4825 638 4871 ut
671 4817 915 4888 Spiritus
936 4817 1028 4873 Dei
1057 4820 1113 4872 in
1140 4833 1205 4872 eo
1235 4817 1528 4874 habitaret.

551 4910 638 4964 7d.
667 4911 780 4981 (42)
830 4911 1088 4967 Narravit
1115 4933 1145 4969 e
1193 4915 1448 4969 Patribus
1481 4913 1704 4983 quidam
1755 4912 1824 4968 de
1858 4911 2054 4966 abbate

473 4999 735 5059 Ptentcne
758 5013 812 5060 et
842 5007 1106 5061 fratribus
1144 5009 1286 5078 ejus,
1326 5008 1473 5077 quod
1498 5007 1554 5061 in
1587 5005 1826 5077 Egypto
1853 5005 2060 5059 habita-

477 5095 636 5158 bant,
681 5106 738 5151 et
791 5107 966 5152 mater
1029 5114 1222 5154 eorum
1287 5099 1614 5155 desiderans
1674 5099 1860 5154 videre
1910 5099 2054 5159 illos,

422 5183 426 5220 ί
476 5199 828 5257 nequaquam
865 5198 1098 5259 poterat.
1135 5191 1462 5245 Observavit
1501 5200 1681 5246 autem
1713 5207 1838 5246 cum
1891 5189 2057 5260 profi-

477 5278 824 5334 ciscerentur
857 5281 925 5334 ad
964 5283 1279 5347 ecclesiam,
1313 5293 1368 5338 et
1398 5284 1644 5339 occurrit
1681 5284 1783 5338 eis.
1827 5282 1909 5335 llli
1974 5281 2054 5334 vi-

545 5439 594 5473 “
633 5438 825 5494 Matth.
866 5456 957 5503 xv,
1008 5441 1099 5495 27.
1183 5441 1278 5495 "l
1329 5441 1460 5515 Reg.
1501 5461 1630 5510 xxv,
1660 5444 1750 5498 24.

548 5599 664 5665 (39)
697 5597 999 5655 Miscellan.
1037 5600 1199 5657 Voss.

581 5670 668 5734 ιο)
705 5670 809 5728 Vit.
845 5671 998 5725 Patr.
1026 5688 1108 5739 ιιι,
1141 5675 1224 5727 Η.

578 5742 666 5809 41)
705 5741 810 5798 Vit.
845 5740 994 5796 Patr.
1029 5761 1116 5805 xv,
1140 5745 1230 5799 35.

553 5811 664 5881 (42)
705 5812 809 5868 Vit.
838 5811 991 5867 Patr.
1022 5830 1096 5878 Iv,
1125 5816 1214 5870 55.

1233 5603 1435 5674 p.165.

2146 1967 2258 2014 τοις
2289 1953 2611 2020 πειρασμοῖς
2632 1950 2879 2020 κείμεθα,
2894 1951 2974 2002 ὅτι
2992 1950 3057 2002 τὰ
3073 1949 3308 2020 ὀνόματα
3333 1947 3489 2019 ἡμῶν
3518 1951 3615 2001 καὶ
3633 1949 3730 2019 τὴν

2145 2041 2298 2106 τάξιν
2320 2043 2378 2094 οὐ
2406 2043 2746 2111 φυλάσσομεν
2771 2084 2786 2104 ,
2817 2040 2994 2105 καθὼς
3027 2042 3119 2094 καὶ
3147 2044 3180 2111 ἡ
3214 2040 3402 2111 Γραφὴ
3420 2039 3588 2108 λέγει.
3617 2039 3732 2108 Οὐχ

2144 2136 2360 2205 ὁρῶμεν
2386 2135 2481 2205 τὴν
2504 2138 2734 2202 γυναῖκα
2753 2134 2849 2204 τὴν
2867 2134 3193 2197 Χαναναίαν,
3211 2134 3308 2201 τὴν
3326 2132 3730 2200 ὑποδεξαμένην

2146 2229 2208 2281 τὸ
2232 2229 2403 2298 ὄνομα
2425 2228 2616 2298 αὐτῆς,
2640 2227 2722 2278 ὅτι
2745 2227 3048 2280 ἀνέπαυσεν
3071 2227 3236 2296 αὐτὴν
3259 2228 3287 2278 6
3310 2225 3498 2295 Σωτήρ
3520 2241 3534 2288 ;
3559 2225 3730 2276 Πάλιν

2160 2321 2476 2390 Ἀϐιγαίαν,
2519 2322 2600 2374 ὅτι
2645 2316 2763 2372 εἷπε
2807 2319 2883 2389 τῷ
2921 2320 3105 2383 Δαϐὶδ,
3149 2321 3230 2372 ὅτι
3280 2319 3377 2370 Ἐν
3399 2319 3530 2386 ἐμοί
3560 2318 3733 2369 ἐστιν

2147 2418 2187 2484 ἠ
2222 2416 2506 2485 ἁμαρτία,
2554 2413 2652 2466 καὶ
2692 2413 2919 2483 ἤκουσεν
2953 2413 3140 2483 αὐτῆς,
3171 2413 3265 2464 καὶ
3305 2410 3593 2480 ἠγάπησεν
3635 2409 3730 2460 a6-

2146 2515 2264 2580 τήν.
2308 2508 2554 2575 Ἀϐιγαῖα
2596 2510 2885 2581 πρόσωπον
2931 2505 3193 2575 λαμὸἀνει
3247 2502 3346 2574 τῆς
3389 2502 3603 2572 ψυχῆς,
3636 2502 3731 2552 καὶ

2146 2601 2310 2653 Δαϐιδ
2338 2601 2436 2670 τῆς
2477 2601 2760 2671 Θεὸτητος.
2801 2599 2925 2652 Ἐὰν
2954 2595 3105 2668 οὖνὴ
3151 2598 3297 2668 ψυχὴ
3341 2597 3538 2666 ἑαυτὴν
3591 2596 3731 2664 μέμ-

2147 2693 2315 2762 ψηται
2345 2692 2572 2746 ἐνώπιον
2609 2693 2835 2763 Κυρίου,
2873 2692 3060 2760 ἀγαπᾷ
3089 2691 3260 2760 αὐτὴν
3286 2692 3315 2742 6
3339 2688 3566 2759 Κύριος.

2218 2786 2314 2857 οβ’.
2341 2787 2661 2859 Παρήρχετό
2680 2804 2808 2840 ποτε
2843 2790 2870 2839 6
2899 2785 3072 2847 6665.;
3097 2786 3307 2855 Ποιμὴν
3338 2785 3475 2854 μετά
3498 2781 3594 2834 τοῦ
3621 2780 3721 2834 ἀϐ-

2149 2885 2221 2938 65.
2277 2885 2466 2938 Ἀνοὺὸ
2520 2886 2600 2947 είς
2628 2883 2698 2938 τὰ
2745 2883 2884 2955 μέρη
2913 2882 3012 2952 τῆς
3048 2881 3266 2934 Διόλκου
3301 2898 3317 2912 ο
3353 2880 3448 2932 καὶ
3485 2877 3732 2940 ἐλθόντες

2150 2979 2276 3049 περὶ
2323 2978 2390 3030 τὰ
2432 2979 2672 3047 μνημεῖα
2702 2955 2998 3047 ’θεωροῦσι
3037 2977 3270 3043 γυναῖκα
3301 2972 3490 3035 δεινῶς
3530 2987 3732 3023 κοπτο-

2155 3069 2325 3138 μένην
2363 3069 2456 3121 καὶ
2483 3067 2772 3120 κλαίουσαν
2794 3066 3005 3136 πικρῶς
3022 3082 3036 3096 ο
3059 3064 3156 3117 καὶ
3191 3064 3414 3125 στάντες
3442 3061 3732 3114 κατενόουν

2152 3161 2342 3231 αὐτήν.
2389 3161 2601 3230 Μικρὸν
2649 3159 2706 3211 δέ
2742 3158 3043 3228 προδάντες
3083 3155 3422 3225 συνήντησαν
3456 3170 3565 3205 τινι
3589 3169 3601 3181 ·
3639 3153 3734 3204 καὶ

2150 3253 2434 3323 ἠρώτησεν
2466 3251 2630 3305 αὑτὸν
2668 3254 2697 3305 6
2725 3250 2898 3312 ἀὸὅᾶς
2933 3249 3142 3319 Ποιμὴν
3163 3290 3177 3312 ,
3208 3248 3382 3316 λέγων
3411 3263 3424 3275 ·
3456 3245 3522 3297 Τί
3558 3245 3673 3314 ἔχει
3698 3246 3733 3314 ἠ

2152 3347 2288 3416 γυνὴ
2313 3346 2472 3416 αὕτη,
2502 3347 2582 3399 ὅτι
2611 3343 2819 3414 πικρῶς
2845 3343 3020 3397 κλαίει
3043 3360 3058 3407 ;
3087 3343 3197 3396 Καὶ
3233 3341 3382 3406 λέγει
3410 3338 3583 3407 αὐτῷ·
3608 3338 3734 3390 Ὀτι

2153 3438 2418 3492 ἀπέθανεν
2449 3439 2618 3506 αὐτῆς
2655 3439 2682 3489 6
2721 3437 2858 3506 ἀνὴρ
2880 3438 2972 3488 καί
2993 3438 3021 3488 6
3043 3435 3155 3497 υίὸς
3177 3435 3270 3486 καὶ
3296 3437 3324 3486 6
3352 3432 3603 3500 ἀδελφός.
3627 3429 3735 3483 Καὶ

2153 3529 2471 3600 ἀποκριθεὶς
2508 3531 2537 3581 6
2565 3529 2737 3592 ἀϐϐᾶς
2775 3527 3003 3598 Ποιμὴν,
3033 3527 3180 3595 λέγει
3210 3526 3288 3596 τῷ
3328 3523 3471 3592 ἁὸὅᾷ
3509 3520 3700 3575 ’Δνοῦϐ
3723 3538 3734 3548 ο

2153 3624 2312 3691 Λέγω
2345 3639 2449 3682 σοι,
2471 3623 2552 3674 ὅτι
2570 3621 2853 3690 ἅνθρωπος
2880 3621 2973 3674 ἐὰν
3003 3620 3076 3690 μὴ
3099 3617 3348 3689 νεκρώσῃ
3370 3616 3436 3668 τὰ
3457 3615 3737 3683 θελήματα

2153 3718 2253 3788 τῆς
2279 3715 2484 3787 σαρκὸς
2507 3715 2708 3775 πάντα,
2743 3716 2837 3766 καί
2873 3715 3144 3782 κτήσηται
3168 3711 3227 3762 τὸ
3250 3709 3441 3771 πένθος
3467 3707 3648 3767 τοῦτο,
3674 3705 3735 3756 οὐ

2153 3810 2374 3864 δύναται
2403 3808 2658 3878 γενέσθαι
2684 3806 2934 3877 μοναχός.
2955 3805 3117 3867 Ὅλος
3141 3803 3249 3874 γὰρ
3269 3805 3298 3855 ὁ
3321 3802 3432 3871 βίος
3452 3801 3626 3870 αὐτῆς
3648 3797 3740 3852 καὶ

2154 3905 2184 3956 6
2213 3902 2340 3966 νοῦς
2384 3904 2464 3964 εἰς
2492 3901 2554 3953 τὸ
2585 3899 2777 3962 πένθος
2814 3899 2977 3951 ἐστίν.

2225 3995 2327 4063 ογ’.
2359 3991 2525 4047 Εἶπεν
2560 3995 2588 4046 6
2637 3991 2812 4054 ἀῦὁᾶς
2846 3991 3058 4059 Ποιμήν
3083 4008 3096 4020 ·
3125 3988 3216 4059 Μὴ
3263 3988 3448 4058 μέτρει
3491 3981 3736 4044 σεαυτὸν,

2156 4087 2294 4141 ἀλλά
2328 4087 2620 4156 κολλήθητι
2639 4085 2717 4156 τῷ
2746 4085 2926 4148 καλῶς
2955 4079 3433 4150 ἀναστρεφομένῳ.

2229 4267 2318 4319 οδ’.
2351 4263 2480 4319 Εἷπε
2511 4264 2691 4327 πάλιν,
2723 4265 2805 4317 ὅτι
2828 4262 2921 4315 ἐὰν
2948 4259 3255 4331 παρέϐαλεν
3286 4255 3513 4324 ἀδελφὸς
3541 4253 3620 4323 τῷ
3645 4250 3743 4305 ἀϐ-

2161 4359 2232 4431 ϐᾷ
2268 4359 2488 4428 Ἰωάννῃ
2521 4357 2600 4427 τῷ
2640 4354 2866 4424 κολοϐᾠ,
2899 4352 3174 4424 παρεδίδει
3216 4348 3364 4418 αὐτῷ
3391 4347 3490 4416 τὴν
3524 4344 3743 4410 ἀγάπην

2157 4455 2259 4523 τὴν
2285 4455 2340 4504 ἐν
2361 4451 2438 4520 τῷ
2469 4448 2793 4517 Ἀποστόλῳ·
2831 4447 2904 4498 Ἦ
2959 4443 3162 4514 ἀγάπη
3184 4436 3575 4511 μακροθυμεῖ,
3602 4450 3743 4506 m-

2087 4551 2132 4605 D
2161 4549 2461 4602 στεύεται.

2235 4641 2328 4694 σε’.
2359 4634 2496 4691 Εἷπε
2545 4635 2704 4688 πάλιν
2749 4631 2835 4684 διὰ
2872 4631 2964 4682 τὸν
3009 4628 3182 4681 ἁϐϐἆν
3229 4621 3458 4693 Παμϐὼ,
3491 4621 3576 4673 ὅτι
3627 4616 3746 4670 εἷπε

2166 4735 2296 4804 περὶ
2325 4728 2488 4784 αὐτοῦ
2522 4728 2551 4779 6
2579 4726 2752 4786 51665.;
2794 4720 3097 4782 Ἀντώνιος,
3126 4719 3207 4771 ὅτι
3249 4719 3313 4804 ἐκ
3339 4713 3432 4766 τοῦ
3465 4708 3748 4804 φοϐεῖσθαι

2163 4796 2254 4872 τδεὲ
2283 4818 2415 4870 Θεὸν
2443 4813 2666 4882 ἐποίησε
2690 4812 2751 4864 τὸ
2781 4810 3002 4879 Πνεῦμα
3029 4807 3138 4860 τοῐῖ
3137 4803 3271 4858 Θεοῦ
3300 4805 3465 4856 οἰκεῖν
3497 4803 3555 4852 ἐν
3577 4796 3746 4866 αὐτῷ.

2235 4917 2346 4974 ος’.
2379 4904 2690 4982 Διηγήσατό
2737 4921 2820 4963 τις
2847 4901 2954 4955 τῶν
3002 4898 3262 4968 Πατέρων
3307 4892 3432 4963 περὶ
3475 4889 3568 4944 τοῦ
3604 4886 3754 4982 ἀΰὸΔᾶ

2161 5002 2427 5072 Ποιμένος
2459 4999 2551 5051 καὶ
2578 4997 2685 5050 τῶν
2728 4994 2972 5056 ἀδελφῶν
3005 4989 3174 5045 αὑτοῦ
3193 5031 3206 5051 ,
3233 4988 3316 5040 ὅτι
3342 4985 3516 5056 ᾤκουν
3556 4985 3612 5034 ἐν
3649 4981 3686 5031 Α
3707 4979 3753 5026 ἱ-

2160 5096 2354 5166 γύπτῳ
2379 5093 2488 5161 (45)
2506 5109 2518 5122 ·
2549 5093 2640 5144 καὶ
2666 5086 3055 5157 ἐπιθυμοῦσαή
3077 5087 3260 5154 μήτηρ
3288 5078 3465 5133 αὐτῶν
3490 5077 3616 5129 ἰδεῖν
3644 5071 3717 5123 αὖ
3735 5100 3754 5109 ο

2158 5190 2285 5249 τοὺς
2349 5187 2449 5238 οὐκ
2490 5182 2742 5253 ἠδύνατο.
2811 5177 3243 5247 Παρετηρήσατο
3275 5171 3330 5223 δέ
3356 5163 3755 5237 ἀπερχομένων

2161 5280 2342 5332 αὐτῶν
2377 5279 2456 5338 είς
2497 5272 2831 5342 ἐκκλησίαν,
2859 5268 2952 5322 καὶ
2991 5268 3303 5336 ἀπήντησεν
3344 5263 3546 5322 αὐτοῖς.
3591 5257 3647 5310 Οἱ
3688 5253 3756 5306 δὲ

1832 5444 1876 5475 ὀ
1909 5442 2076 5498 lCor.
2113 5457 2236 5506 xm,
2272 5441 2326 5494 4.

2247 5599 2362 5669 (45)
2391 5601 2511 5654 Ὅτι
2541 5598 2742 5664 ᾤκουν
2765 5597 2836 5649 ἐν
2855 5588 3316 5669 Αζτύπτῳ.]ἰιςσ
3350 5576 3758 5669 [immutat-11in

2175 5648 2730 5752 nuit—71215iiabiiarent
2762 5648 2816 5721 in
2854 5648 3109 5736 ξλΕῇῃριοξ
3160 5659 3223 5714 Et
3265 5659 3338 5712 ita
3379 5655 3514 5710 liber
3544 5648 3761 5704 Fossa-

2177 5751 2365 5796 tensis.
