3874 6306
209 393 315 455 διε

1353 389 1976 452 ΑΡΟΡΗΤΗΕΕΙΙΛΤΔ
2005 392 2318 450 PATRUM.

3353 387 3460 445 346

209 507 394 579 τισμὸς
418 498 592 569 οὗτος.
617 505 774 573 λέγεο
809 503 954 572 Ἐγὼ
989 505 1223 576 πρᾶγμα
1250 508 1350 560 οὐκ
1383 507 1522 579 ἔχω·
1555 511 1588 580 ἡ
1625 510 1788 581 βλασ-

1915 530 2056 570 :encx
2090 531 2106 568 :
2138 509 2262 574 Fili,
2302 525 2370 565 ne
2399 518 2455 566 te
2487 510 2722 580 amigas;
2757 508 2854 564 sed
2891 507 3110 578 quoties
3138 505 3366 561 subierit
3397 523 3461 562 ea

207 601 379 668 φημια
405 613 500 650 σου
527 597 716 650 ἐπάνω
756 612 872 656 σου.
901 595 1133 650 Σατανᾶ.
1155 597 1326 652 Τοῦτο
1344 601 1452 672 γὰρ
1470 601 1531 664 τὸ
1551 605 1784 674 πρᾶγμα

207 693 262 745 οὐ
288 690 430 744 θέλει
459 691 492 761 ἡ
528 689 674 760 ψυχή
725 703 858 759 μου.
892 688 1009 741 Πᾶν
1039 687 1098 742 δὲ
1141 691 1374 762 πρᾶγμα
1417 692 1446 745 6
1477 695 1538 746 οὐ
1575 693 1720 748 θέλει
1748 697 1783 768 ἡ

206 782 362 853 ψυχὴ,
397 780 763 852 ὀλιγοχρόνιόν
819 782 957 834 ὲστι.
986 780 1096 834 Καὶ
1125 779 1484 852 θεραπευθεὶς
1503 787 1532 838 6
1561 785 1786 857 ἁδελφὸς

206 875 467 946 ἀπῆλθεν.

269 1056 367 1124 ιδ’.
393 1056 713 1128 Ἦρώτησεν
735 1057 962 1126 ἀδελφὸς
988 1057 1082 1110 τὸν
1105 1057 1277 1112 ἀὸὁᾶν
1297 1058 1559 1128 Ποιμένα,
1583 1059 1782 1129 λέγων’

215 1147 350 1220 Ὀρῶ
384 1149 644 1218 ἐμαυτὸν,
671 1149 753 1202 ὅτι
777 1150 912 1202 ὅπου
938 1150 983 1202 δ’
1017 1147 1084 1202 ἂν
1103 1149 1344 1215 ἀπέλθω,
1368 1151 1607 1222 εὑρίσκω
1635 1151 1787 1204 ἀντί-

204 1243 376 1318 ληψιν.
412 1242 580 1313 Λέγει
625 1241 776 1313 αὐτῷ
805 1245 834 1296 6
863 1242 1063 1314 γέρων,
1107 1243 1188 1295 ὅτι
1217 1243 1327 1296 Καὶ
1352 1244 1402 1296 οἱ
1441 1243 1578 1314 μετὰ
1599 1245 1787 1315 χεῖρας

205 1335 412 1411 ἔχοντες
426 1333 489 1386 τδ
507 1333 660 1402 ξίφος
679 1333 860 1404 έχουσι
878 1333 970 1386 τὸν
983 1331 1116 1386 Θεὸν
1135 1331 1388 1386 ἐλεοῦντα
1411 1333 1607 1396 αὐτοὺς
1629 1333 1688 1385 ὲν
1709 1333 1788 1402 τῷ

204 1427 429 1499 παρόντι
478 1425 680 1499 καιρῷ.
715 1425 845 1480 Ἐὰν
876 1421 970 1479 οὖν
1006 1417 1156 1496 ὦμεν
1187 1424 1442 1496 ἀνδρεῖοι,
1491 1428 1634 1478 ποιεῖ
1669 1423 1790 1496 μεθ’

204 1517 354 1590 ἡμῶν
381 1517 448 1572 τὸ
477 1519 628 1589 ἕλεος
652 1516 841 1573 αὐτοῦ.

268 1613 369 1676 ιιεν.
415 1603 588 1672 Εἶπεν
632 1610 662 1661 6
710 1608 888 1682 ᾀσὸἄς
929 1606 1164 1678 Ποιμὴν,
1201 1607 1453 1682 ὃτιΑἙὰν
1501 1607 1788 1680 ἄνθρωπος

201 1701 384 1754 ἑαυτὸν
417 1678 732 1772 μέμψηταιζ
764 1702 1024 1772 καρτερεῖ
1054 1678 1352 1770 πανταχοῖἓ.

266 1799 377 1860 ιιςι.
414 1789 558 1870 Εἷπε
602 1793 788 1856 πάλιν,
834 1793 916 1858 ὅτι
961 1792 1149 1860 ἔλεγεν
1184 1794 1212 1845 6
1254 1790 1428 1854 ἀὸὁᾶς
1472 1790 1785 1861 ’Δμμωνᾶς,

1890 603 2172 676 cogitatio,
2204 603 2294 658 dic
2324 620 2337 655 :
2371 599 2485 673 Ego
2522 603 2576 655 in
2601 615 2771 657 causa
2817 601 2932 656 sive
2959 600 3120 669 culpa
3160 613 3270 653 non
3307 613 3464 666 sum;

1890 695 2229 765 blasphemia
2280 705 2370 749 tua
2412 709 2576 764 super
2624 701 2678 748 te
2719 693 2812 758 sit,
2846 692 3067 748 Satana.
3121 689 3273 746 Hanc
3319 692 3466 746 enim

1891 803 2006 841 rem
2036 801 2146 841 non
2181 786 2294 841 vult
2323 785 2504 839 anima
2539 800 2678 839 mea.
2718 782 2994 852 Quidquid
3025 797 3190 852 porro
3219 798 3324 836 nou
3352 782 3469 836 vult

1893 880 2100 943 anima,
2133 878 2304 932 breve
2329 885 2547 947 tempus
2594 877 2779 930 durat.
2815 877 2996 948 Atque
3041 874 3252 931 medela
3299 873 3466 928 animi

1893 976 2148 1039 suscepta
2175 967 2344 1023 frater
2369 967 2648 1022 discessit.

1966 1058 2057 1114 94.
2098 1057 2462 1127 Interrogavit
2490 1055 2659 1111 frater
2684 1056 2935 1110 abbatem
2970 1054 3307 1118 Pmmenem,
3343 1069 3472 1108 ora-

1893 1152 2046 1207 tione
2079 1152 2180 1205 hac
2209 1170 2224 1206 :
2258 1151 2432 1206 Video
2474 1149 2622 1220 quod
2662 1165 2994 1221 quocunque
3039 1162 3351 1218 perrexero,
3381 1148 3470 1201 in—

1893 1245 2111 1300 veniam
2157 1243 2492 1301 subsidium.
2525 1243 2616 1296 Ait
2645 1243 2721 1297 illi
2758 1258 2926 1297 senex
2959 1260 2975 1298 :
3007 1243 3110 1309 Qui
3140 1257 3250 1313 prae
3293 1242 3470 1296 mani-

1893 1335 1998 1390 bus
2028 1333 2268 1405 gladium
2297 1342 2503 1399 tenent,
2533 1332 2700 1389 Deum
2753 1335 2995 1390 sentiunt
3040 1334 3472 1390 misericorditer

1895 1427 2240 1497 adjuvantem
2272 1443 2368 1484 eos
2400 1427 2455 1481 in
2482 1431 2737 1498 praesenti
2774 1435 3037 1498 tempore.
3069 1427 3129 1482 Si
3149 1443 3281 1499 ergo
3303 1426 3472 1482 fortes

1893 1520 2292 1584 exstiterimus,
2315 1520 2478 1575 nobis
2513 1519 2950 1575 misericordiam
2982 1533 3138 1574 suam
3172 1519 3468 1575 exhibebit.

1965 1611 2055 1668 95.
2099 1613 2213 1682 (50)
2246 1611 2393 1666 Dixit
2432 1612 2603 1666 abbas
2625 1609 2870 1676 Pmmen,
2907 1610 3055 1681 quod
3094 1612 3141 1666 si
3177 1612 3339 1666 homo
3385 1629 3474 1666 se-

1896 1703 2074 1774 ipsum
2107 1705 2434 1774 culpaverit,
2476 1705 2678 1773 ubique
2708 1705 3103 1773 perduraturus
3133 1713 3238 1758 est.

1967 1792 2055 1845 96.
2101 1790 2304 1844 Retulit
2328 1795 2522 1846 iterum
2546 1792 2751 1846 dictum
2783 1792 2886 1846 hoc
2915 1793 3127 1848 abbatis
3153 1794 3471 1849 Ammouae:

201 1888 273 1939 ὅτι
305 1884 500 1938 Ἔστιν
529 1885 818 1956 ἄνθρωπος
845 1883 904 1946 ὃς
937 1885 1083 1936 ποιεῖ
1112 1883 1304 1940 ἑκατὸν
1328 1882 1422 1952 ἔτη
1457 1883 1516 1933 ὲν
1541 1879 1618 1950 τῷ
1669 1878 1792 1932 κελ-

1915 1879 1996 1934 Est
2048 1885 2209 1933 hoino
2248 1883 2342 1950 qui
2387 1891 2606 1935 centum
2654 1895 2828 1936 annos
2871 1883 2925 1935 in
2965 1883 3102 1936 cella
3138 1893 3475 1952 perseverat,

203 1977 316 2048 λξῳ,
350 1977 449 2030 καὶ
473 1977 538 2030 οὐ
573 1976 835 2048 μανθάνει
857 1975 973 2039 πῶς
995 1975 1077 2028 δεῖ
1104 1977 1161 2027 ὲν
1199 1974 1392 2044 κελλέῳ
1420 1973 1663 2027 καθίσαι.

267 2069 368 2136 ιζ’.
398 2065 570 2122 Εἶπεν
591 2071 620 2122 6
645 2068 818 2132 6.665.;
846 2068 1079 2138 Ποιμήν,
1110 2069 1190 2120 ὅτι
1229 2067 1354 2120 Ἐὰν
1379 2065 1560 2137 φθάσῃ
1585 2064 1798 2134 ἄνθρω-

203 2175 296 2224 πος
329 2161 409 2222 εἰς
447 2159 514 2213 τὸ
547 2159 711 2230 ῥητὸν
737 2160 833 2212 τοῦ
864 2158 1305 2224 ’ᾼποστόλου,τὸ,
1332 2157 1537 2211 Πάντα
1568 2155 1798 2221 καθαρὰ

203 2250 320 2317 τοῖς
353 2251 646 2319 καθαροῖς
666 2269 679 2281 ·
709 2252 812 2327 ὁρᾷ
838 2251 1030 2320 ἑαυτὸν
1060 2251 1320 2324 exeam
1350 2249 1532 2318 πᾴσης
1551 2246 1653 2316 τῆς
1687 2244 1799 2298 κτί-

208 2361 354 2407 σεως.
386 2343 559 2412 Λέγει
583 2346 612 2396 6
643 2344 875 2413 ἀδελφός
894 2360 908 2376 ο
941 2343 1066 2408 Πῶς
1096 2343 1336 2421 δύναμαι
1375 2340 1614 2411 ἐμαυτὸν
1638 2339 1797 2392 ἐλάτ-

203 2452 325 2489 τονα
350 2435 448 2489 τοῦ
481 2436 691 2505 φονέως
735 2435 1017 2508 insideat;
1048 2435 1215 2504 Λέγει
1254 2437 1284 2487 6
1311 2433 1516 2505 γέρων,
1551 2434 1634 2486 ὅτι
1667 2432 1797 2484 Ἐὰν

207 2527 383 2600 φθάσῃ
415 2527 713 2601 ἄνθρωπος
746 2530 828 2590 εἰς
849 2529 911 2581 τὸ
941 2528 1093 2600 ῥῆμα
1127 2527 1306 2599 τοῦτο,
1338 2526 1433 2580 καὶ
1466 2525 1552 2597 ἴδῃ
1581 2523 1796 2596 ἂνθρω-

207 2638 300 2674 πον
356 2622 682 2689 φονεύοντα,
743 2620 914 2689 λέγει,
979 2623 1061 2674 ὅτι
1105 2621 1322 2690 Ταύτην
1372 2619 1472 2689 τὴν
1522 2617 1798 2690 ἁμαρτίαν

207 2711 426 2784 ἐποίησε
478 2713 650 2784 μόνην
679 2705 858 2776 οὗτος,
893 2711 1006 2782 ἐγὼ
1051 2712 1110 2765 δὲ
1140 2713 1352 2782 φονεύω
1399 2709 1519 2782 καθ’
1560 2710 1799 2782 εκάστην

208 2806 436 2874 ἡμέραν·

273 2896 379 2969 κη’.
433 2896 755 2966 Ἦρώτησεν
787 2899 815 2950 6
854 2894 1082 2964 ἁδελφὸς
1111 2895 1172 2948 τὸ
1211 2895 1343 2949 αὐτὸ
1388 2896 1539 2966 ῥῆμα
1573 2894 1666 2946 τὸν
1695 2891 1798 2962 ᾀσ-

209 2988 306 3041 εᾶν
344 2988 566 3064 Ἀνοὺό⁹
595 2987 783 3051 ὠςὸτι
805 2984 958 3040 εἶπεν
985 2987 1014 3038 6
1046 2985 1222 3048 assa;
1248 2987 1483 3055 Ποιμήν.
1516 2985 1626 3037 Καὶ
1649 2983 1800 3051 λέγει

210 3081 352 3153 αὐτῷ
377 3083 407 3134 6
429 3081 611 3143 6665.;
652 3079 862 3143 ‘Avobﬁ,
904 3079 985 3133 ὅτι
1026 3077 1154 3132 Ἐὰν
1181 3077 1363 3152 φθάσῃ
1405 3077 1692 3148 ᾷνθρωπος
1721 3077 1802 3140 εἰς

209 3174 265 3226 τὸ
293 3174 448 3244 ῥῆμα.
474 3171 657 3234 τοῦτο,
695 3174 788 3225 καὶ
823 3171 907 3242 ἴδῃ
939 3171 1006 3224 τὰ
1037 3161 1396 3242 ὑστερήματα
1422 3169 1518 3223 τοῦ
1565 3166 1798 3237 ἀδελφοῦ

1894 1989 1996 2028 nec
2023 1971 2185 2028 discit
2207 1990 2317 2043 quo
2349 1983 2510 2043 pacto
2543 1974 2596 2028 in
2629 1975 2764 2029 cella
2801 1973 3153 2028 residenduin
3189 1974 3280 2029 sit.

1967 2063 2058 2117 97.
2100 2065 2212 2136 (51)
2241 2065 2387 2119 Dixit
2415 2065 2585 2120 abbas
2610 2064 2833 2120 Pmmen
2869 2084 2882 2120 :
2920 2064 2978 2120 Si
3002 2062 3478 2136 homo'pertigerit

1896 2154 1964 2207 ad
1985 2155 2226 2223 Apostoli
2261 2155 2482 2210 effatum
2506 2156 2608 2210 hoc
2637 2173 2651 2209 :
2680 2155 2875 2210 Omnia
2916 2157 3115 2209 munda
3160 2157 3371 2210 mundis
3391 2157 3474 2218 ";

1897 2246 2271 2316 deprehendet
2316 2262 2377 2303 se
2417 2247 2569 2302 omni
2617 2256 2870 2301 creatura
2907 2249 3174 2302 minorem
3209 2263 3349 2302 esse.
3390 2248 3479 2302 Ait

1896 2337 2064 2393 frater
2104 2355 2120 2394 :
2165 2340 2452 2404 Quomodo
2509 2354 2732 2410 possum
2775 2356 2858 2394 me
2907 2340 3147 2411 pejorem
3202 2339 3366 2393 Ιιοιιιίι
3389 2339 3479 2394 ida

1896 2430 2262 2487 existimare?
2295 2430 2360 2484 Et
2385 2447 2554 2487 senex
2583 2451 2598 2488 :
2632 2430 2712 2496 Si,
2745 2432 2945 2502 inquit,
2980 2433 3288 2502 pervenerit
3313 2432 3480 2487 homo

1903 2522 1969 2577 ad
2000 2523 2284 2593 pra-fatum
2319 2525 2570 2588 verbum,
2603 2533 2657 2579 et
2685 2526 3035 2595 conspexerit
3068 2524 3342 2580 hominem
3378 2541 3478 2580 cae-

1897 2615 2020 2670 dem
2056 2615 2257 2680 facere,
2287 2617 2476 2673 dicet:
2512 2616 2629 2673 Hoc
2660 2619 2835 2673 solum
2873 2627 3159 2688 peccatum
3189 2618 3294 2673 iste
3331 2632 3484 2673 com-

1899 2711 2082 2778 misit;
2106 2727 2207 2782 ego
2240 2727 2370 2768 vero
2394 2713 2644 2784 quotidie
2673 2724 2904 2770 mortem
2936 2715 3134 2771 infero.

1969 2886 2061 2943 98.
2112 2885 2477 2960 Interrogavit
2502 2891 2672 2944 frater
2710 2889 2960 2944 abbatem
2998 2891 3162 2946 Anub
3189 2892 3258 2946 de
3289 2892 3480 2946 eodem

1899 2981 2050 3040 dicto
2082 2981 2352 3051 Apostoli,
2386 2983 2633 3039 referens
2673 2984 2806 3054 quid
2858 2985 3031 3039 abbas
3076 2983 3301 3040 Pmmen
3354 3002 3500 3058 pro-_

1899 3072 2232 3132 nuntiasset.
2271 3071 2322 3128 ls
2367 3089 2539 3130 vero:
2570 3076 2629 3130 Si
2670 3077 2934 3148 attigerit,
2973 3077 3170 3148 inquit,
3219 3078 3381 3132 homo
3414 3079 3483 3132 ad

1901 3180 2210 3225 sermonem
2237 3165 2413 3231 illum,
2441 3176 2495 3221 et
2528 3167 2725 3223 viderit
2747 3169 2937 3239 culpas
2971 3170 3155 3226 fratris
3182 3173 3290 3237 sui,
3321 3171 3486 3227 eflicit

211 3265 390 3324 αὐτοῦ.
426 3267 580 3318 ποιεῖ
607 3263 705 3334 τὴν
739 3262 1086 3332 δικαιοσύνην
1115 3261 1280 3314 αὑτοῦ
1309 3265 1596 3314 καταπιεῖν
1637 3261 1795 3314 αὐτὰ.

1915 3264 1966 3310 ut
1997 3256 2211 3323 justitia
2235 3273 2334 3313 sua
2364 3274 2460 3313 eas
2492 3258 2740 3314 devoret.
2776 3259 3008 3333 Rogavit
3043 3262 3211 3317 frater
3245 3282 3258 3316 :
3293 3262 3485 3329 Qualis

210 3360 364 3428 Λέγει
395 3357 554 3428 αὐτῷ
585 3359 611 3408 6
650 3357 878 3425 ἁδελφός
899 3370 912 3384 ·
942 3355 1077 3407 Ποία
1113 3355 1262 3406 ἐστὶν
1302 3356 1333 3425 ή
1360 3353 1671 3423 δικαιοσύνη
1702 3352 1800 3405 αὑ-

208 3450 332 3514 τοῦς
371 3449 682 3520 Ἀπεκρίθη
709 3449 738 3499 ὁ
772 3449 977 3516 γέρωνο
1012 3446 1129 3498 ἰνα
1169 3445 1401 3498 πάντοτε
1433 3444 1800 3514 καταμέμφη-

209 3559 295 3610 ται
323 3542 539 3596 ἑαυτόν.

275 3634 378 3701 1.,οα
425 3632 687 3701 ’Δδελφὺς
717 3627 839 3684 εἷπε
867 3630 947 3701 τῷ
974 3630 1120 3702 ἀὸὄᾷ
1153 3629 1402 3700 Ποιμένι,
1427 3629 1508 3682 ὅτι
1545 3629 1670 3682 Ἐὰν
1699 3647 1804 3682 πα-

215 3727 432 3794 ραπέσω
456 3727 520 3778 ὲν
552 3722 756 3793 οἰκτρῷ
789 3722 1221 3793 παραπτώματι.
1252 3720 1527 3776 κατεσθίει
1558 3738 1623 3791 με
1651 3721 1680 3772 6
1717 3720 1804 3773 λο-

211 3819 402 3888 γισμός
431 3835 564 3888 μου,
606 3816 700 3869 καὶ
727 3817 1046 3886 κατηγορεῖ,
1077 3815 1231 3870 Διατί
1265 3815 1609 3886 παρέπεσες;
1641 3815 1804 3882 Λέγει

213 3910 352 3980 αὑτῷ
371 3913 400 3964 6
429 3910 644 3982 γέρων·
687 3909 776 3961 Ἐν
866 3908 986 3979 ὥρᾳ
1010 3908 1305 3973 ὑποπίπτει
1329 3907 1615 3978 ἄνθρωπος
1641 3907 1806 3976 σφάλ-

217 4019 362 4076 μᾳτι,
399 4001 502 4055 καὶ
537 4000 688 4072 εἴπῃ,
721 4001 1028 4068 Ἰιμαρτοιθ.
1059 3999 1312 4068 παραυτὰ
1339 3998 1637 4051 πέπαυται.

282 4101 346 4164 ρ’.
392 4093 658 4160 Ἀδελφὸς
692 4091 945 4162 ἠρώτησε
966 4090 1056 4143 τὸν
1083 4089 1258 4144 ἀόὀᾶν
1300 4089 1564 4160 Ποιμένα,
1589 4088 1764 4157 λέγων
1785 4105 1800 4117 ·

214 4185 358 4244 Arati
389 4185 644 4237 πείθουσι
673 4184 772 4253 τὴν
793 4184 972 4253 ψυχήν
1004 4200 1103 4252 μου
1129 4184 1177 4234 οἱ
1202 4182 1472 4252 δαίμονες,
1502 4177 1640 4234 εἶναι
1669 4181 1806 4251 μετὰ.

211 4277 299 4331 τοῦ
335 4275 764 4348 ὑπερϐαίνοντος
809 4292 898 4345 με,
948 4277 1038 4327 καὶ
1080 4273 1295 4326 ποιοῦσι
1344 4290 1410 4344 με
1450 4272 1804 4340 ὲξουδενῶσαι

213 4368 298 4420 τὸν
330 4368 602 4421 ἐλάττονά
639 4383 776 4437 pou;
821 4366 985 4434 Λέγει
1019 4365 1171 4436 αὐτῴ
1200 4369 1228 4418 6
1271 4365 1482 4437 γέρωψ
1519 4365 1618 4418 Διὰ
1649 4365 1807 4418 τοῦτο

217 4455 362 4512 εἶπεν
384 4461 414 4512 6
453 4459 801 4521 Ἀπόστολος,
830 4459 911 4511 ὅτι
951 4456 1298 4527 Ἐνμεγάλῃ
1325 4457 1483 4523 οἰκίᾳ
1502 4459 1612 4510 οὐκ
1635 4457 1808 4510 ἐστιν

212 4553 403 4620 μόνον
427 4551 623 4618 σκεύη
652 4549 850 4617 χρυσᾶ
875 4549 973 4602 καὶ
993 4547 1242 4618 ἀργυρᾶ.
1267 4547 1428 4602 ἀλλὰ
1459 4550 1556 4602 καὶ
1592 4549 1807 4613 ξύλινα

1901 3357 1986 3405 est
2035 3347 2247 3432 justitia
2299 3350 2483 3406 illius?
2531 3350 2837 3424 Respondit
2885 3370 3053 3410 senex
3093 3372 3109 3412 :
3155 3353 3225 3410 Ut
3270 3371 3487 3426 semper

1902 3441 2268 3511 reprehendat
2296 3458 2378 3498 se.

1974 3639 2066 3696 99.
2107 3640 2219 3712 (52)
2251 3639 2443 3697 Frater
2478 3643 2619 3697 dixit
2666 3643 2848 3698 abbati
2885 3642 3129 3698 Ptemeni
3177 3663 3192 3700 :
3228 3642 3286 3697 Si
3341 3643 3488 3698 ceci-

1902 3732 2037 3787 dero
2069 3733 2123 3788 in
2169 3734 2486 3791 miserabile
2527 3749 2840 3806 peccatum,
2874 3753 2958 3790 me
2990 3752 3146 3790 mens
3189 3737 3485 3798 remordet,

1903 3832 1958 3876 et
1992 3832 2240 3891 accusat,
2269 3841 2440 3894 quare
2465 3827 2755 3896 prolapsus
2784 3826 3003 3880 fuerim.
3037 3829 3124 3880 Ait
3167 3826 3242 3880 illi
3283 3843 3483 3897 senex:

1904 3915 2022 3982 Qua
2042 3917 2174 3970 hora
2202 3919 2365 3972 homo
2388 3920 2482 3988 qui
2507 3919 2706 3974 delicto
2734 3922 3049 3982 succubuit,
3082 3919 3486 3989 pronuntiarit:

1904 4007 2157 4074 Peccavi,
2187 4009 2475 4065 confestim
2515 4011 2674 4066 finem
2704 4012 2865 4066 habet
2896 4022 3203 4082 peccatum.

1981 4101 2104 4155 100.
2145 4099 2334 4156 Frater
2363 4117 2429 4158 ex
2452 4103 2651 4159 abbate
2680 4103 2940 4160 Pmniene
2975 4112 3332 4174 percontatus
3364 4113 3485 4159 est:

1906 4192 2089 4259 Quare
2129 4193 2408 4253 daemones
2444 4199 2780 4268 persuadent
2827 4200 3024 4254 anima:
3071 4215 3225 4264 ineas,
3267 4207 3328 4252 ut
3365 4213 3492 4252 cum

1907 4300 1974 4339 eo
2001 4285 2097 4356 qui
2140 4303 2226 4342 me
2250 4288 2669 4359 supergreditur
2697 4305 3017 4352 converser,
3049 4289 3405 4358 eﬂiciuntqne
3437 4295 3494 4341 ut

1907 4377 2239 4448 vilipendam
2299 4397 2424 4436 eum
2469 4383 2562 4451 qui
2609 4398 2694 4437 me
2737 4391 2824 4438 est
2877 4382 3143 4437 inferior?
3192 4381 3496 4451 Respondit

1908 4485 2114 4526 senex:
2147 4469 2270 4527 Ideo
2304 4472 2444 4527 dixit
2478 4473 2774 4543 Apostolus
2803 4493 2815 4528 ι
2848 4473 2915 4528 In
2974 4492 3167 4544 magna
3205 4473 3362 4527 domo
3391 4491 3497 4527 non

1909 4561 2084 4616 solum
2123 4573 2245 4616 sunt
2273 4581 2399 4618 rasa
2429 4582 2594 4619 aurea
2624 4575 2674 4619 et
2722 4577 2992 4636 argentea,
3028 4567 3118 4620 sed
3151 4577 3200 4618 et
3243 4566 3414 4636 lignea
3445 4575 3494 4618 ct

215 4651 312 4698 καὶ
351 4645 708 4712 ὀστράκινα.
774 4643 916 4700 Ἐὰν
953 4639 1067 4697 οὖν
1099 4640 1399 4711 ἐκκαθάρῃ
1449 4659 1540 4708 τις
1593 4642 1796 4696 ἑαυτὸν

1915 4655 2120 4725 ﬁctilia.
2162 4655 2220 4712 Si
2261 4659 2379 4728 quis
2427 4674 2552 4726 ergo
2608 4658 2971 4712 emundaverit
3029 4675 3084 4712 se
3123 4657 3189 4710 ab
3239 4659 3497 4710 omnilns

216 4739 327 4792 ἀπὸ
372 4739 598 4793 πάντων
640 4737 890 4799 τούτων,
921 4735 1091 4790 ἔσται
1119 4735 1342 4800 σκεῦος
1371 4737 1458 4802 εις
1481 4734 1680 4805 τιμὴν,
1713 4735 1813 4793 εῦέ

217 4846 488 4899 χρηστον
524 4828 604 4894 τῷ
629 4829 925 4897 Δεσπότῃ,
967 4826 1413 4896 ἡτοιμασμένον
1443 4829 1532 4893 εις
1561 4827 1684 4883 πᾶν
1714 4827 1811 4895 ἕρ-

218 4938 323 4988 γον
346 4921 599 4990 ἀγαθόν.

295 5020 399 5084 ρα¹.
439 5012 695 5080 ’Δδελςρὸς
721 5010 973 5083 ἠρώτησε
996 5010 1089 5062 τὸν
1116 5008 1292 5062 ἀϐϐᾶν
1317 5009 1580 5080 Ποιμένα,
1605 5009 1808 5078 λέγων’

218 5105 340 5167 Πῶς
385 5105 489 5156 οὐκ
520 5104 755 5173 ἀφιεμαι
785 5102 1070 5174 ἐλεύθερος
1102 5102 1357 5170 γενέσθαι
1407 5102 1546 5173 μετὰ
1582 5104 1691 5160 τῶν
1720 5121 1813 5172 γε-

222 5195 424 5265 ρόντων
456 5197 514 5248 ὲν
559 5197 673 5255 τοῖς
705 5195 986 5265 λογισμοῖς
1013 5211 1149 5264 μου;
1177 5194 1341 5262 Λέγει
1372 5194 1521 5264 αὐτῷ
1543 5197 1571 5250 ὀ
1611 5197 1811 5268 γέρων,

219 5285 298 5340 ὅτι
329 5283 488 5340 εἶπεν
525 5289 554 5340 6
579 5285 754 5350 6665.;
797 5287 1051 5356 Ἰωάννης
1081 5288 1109 5339 6
1139 5286 1397 5350 Κολοδὸς,
1419 5287 1502 5349 ὅτι
1533 5287 1606 5340 Οὐ
1633 5287 1815 5358 χαίρει

220 5381 305 5433 ἐπ’
323 5380 504 5433 οὐδενὶ
521 5380 695 5444 οὕτως
719 5382 748 5434 6
774 5379 990 5450 ἐχθρὸς,
1025 5382 1100 5442 ὼς
1130 5377 1223 5431 ἐπὶ
1253 5381 1366 5442 τοῖς
1391 5378 1466 5450 μὴ
1495 5379 1814 5447 ἐκφαίνουσι

218 5472 341 5533 τοὺς
381 5470 681 5542 λογισμοὺς
718 5469 922 5524 αὐτῶν.
1356 5518 1362 5524 .

291 5583 336 5614 ⁸⁸
363 5581 476 5636 Tit.
511 5597 550 5646 ι,
583 5582 672 5642 15.
749 5584 796 5616 ⁹⁶
822 5583 864 5640 ll
895 5583 1038 5639 Titii.
1073 5602 1134 5654 ll,
1169 5585 1260 5652 20,
1297 5586 1386 5639 2|.

285 5702 400 5762 (50)
450 5699 555 5752 Vit.
586 5699 739 5754 Patr.
769 5718 850 5762 Ill.
891 5703 1026 5766 ll8;
1056 5702 1282 5759 Doroth.
1321 5702 1473 5760 Doct.
1517 5705 1567 5762 7.

287 5773 403 5839 (51)
450 5770 553 5824 γει.
589 5769 742 5824 Patr.
771 5789 854 5831 ιιι.
895 5774 1012 5826 151.

287 5842 405 5914 (52)
435 5842 566 5912 App.
601 5857 654 5914 p.
695 5843 852 5911 1000,
878 5861 933 5899 u.

1912 4747 2056 4808 istis,
2084 4748 2188 4801 erit
2229 4765 2320 4802 vas
2357 4747 2410 4802 in
2436 4751 2686 4805 honorent
2709 4751 2838 4804 utile
2865 4750 3118 4818 Domino,
3147 4759 3398 4819 paratum
3427 4749 3495 4800 ad

1912 4854 2064 4897 omne
2091 4854 2221 4908 opus
2255 4843 2450 4894 bonum
2473 4843 2540 4896 ".

1990 5015 2113 5071 101.
2155 5018 2268 5089 (55)
2298 5019 2493 5076 Frater
2541 5029 2896 5091 percontatus
2935 5031 3019 5078 est
3070 5022 3320 5076 abbatem
3375 5020 3502 5076 Ραξ-

1919 5121 2130 5162 menem
2162 5112 2264 5165 hoc
2295 5113 2461 5167 modo
2495 5132 2508 5170 :
2538 5114 2721 5180 Quare
2757 5131 2866 5169 non
2902 5116 3189 5185 permittor
3222 5115 3389 5170 libere
3422 5116 3498 5168 lo-

1919 5202 2011 5271 qui
2039 5217 2163 5256 cum
2205 5205 2434 5261 senibus
2458 5208 2526 5262 de
2569 5207 2999 5278 cogitationibus
3034 5207 3211 5263 meis?
3243 5208 3306 5261 Et
3333 5223 3499 5263 senex

1921 5294 2110 5348 retulit
2158 5297 2208 5350 ei
2276 5300 2604 5354 sententiam
2668 5299 2886 5355 abbatis
2934 5297 3165 5354 Joannis
3194 5297 3347 5353 Curti
3390 5314 3402 5349 :
3440 5295 3498 5350 In

1922 5386 2075 5440 nullo
2117 5387 2190 5441 ita
2223 5389 2464 5458 gaudere
2506 5391 2816 5457 inimicum,
2849 5407 2916 5447 ac
2959 5391 3014 5446 in
3069 5391 3140 5446 iis
3173 5390 3267 5462 qui
3308 5389 3501 5444 uolunt

1923 5478 2278 5537 manifestare
2309 5483 2546 5553 cogitata
2575 5501 2686 5540 sua.

1911 5709 2090 5836 Γἓὸὃ)
2127 5706 2433 5765 Miscelfau.
2474 5708 2625 5767 Voss.
2657 5730 2702 5784 p.
2734 5712 2860 5780 ιδ-ι,
2906 5715 3036 5781 155;
3087 5711 3190 5768 Vit.
3225 5710 3378 5765 Patr.
3411 5721 3499 5775 Ill,
