3874 6310
207 304 314 363 833

1361 303 1827 366 APOPHTHEGM
1845 311 1969 366 \TA
2006 309 2316 369 PATRUM.

3359 319 3468 375 354

206 422 390 486 δεξιάι
444 437 536 473 σου
601 424 780 493 χεῖρα,
833 423 928 475 καὶ
984 421 1242 494 ὀργισθῇς
1294 425 1464 494 αὐτῷ,
1524 427 1644 497 εἰκῆ
1699 428 1785 498 ὀρ-

1907 427 2140 481 dextratn
2194 441 2414 480 manum
2467 427 2872 497 amputaverit;
2921 437 3101 484 tamen
3168 431 3213 486 si
3270 432 3354 486 ira
3410 435 3468 490 itt

205 513 354 584 γίςη
410 513 502 566 ἐὰν
557 515 613 566 δὲ
665 514 872 585 χωρίζῃ
923 531 982 567 σε
1029 515 1136 568 ἀπὸ
1165 515 1261 567 τοῦ
1298 515 1454 580 Θεοῦ,
1483 520 1604 572 τότε
1648 519 1794 593 ὀργί-

205 605 364 673 σθητι
391 606 456 656 ⁸⁵.

273 696 406 766 ριθ’.
452 695 706 764 ’Δδελφὸς
734 695 986 768 ἠρώτησε
1009 697 1100 751 τὸν
1120 698 1294 752 ἀεὸἄν
1316 700 1574 771 Ποιμένα,
1597 700 1789 770 λέγων’

201 789 265 840 Τί
300 791 515 860 ποιήσω
550 793 672 853 ταῖς
701 791 1000 862 ἁμαρτίαις
1023 809 1156 862 μου;
1188 794 1350 862 Λέγει
1373 794 1521 864 αὐτῷ
1541 796 1568 846 6
1593 797 1790 866 γέρων,

201 884 282 935 ὅτι
321 882 380 936 '0
425 882 593 935 θέλων
633 881 1011 953 λυτρώσασθαι
1053 884 1348 956 ἁμαρτίας,
1392 885 1656 957 κλαυθμῷ
1699 888 1793 940 λυ-

200 975 430 1048 τροῦται
460 977 650 1039 αὐτάς·
679 977 774 1028 καὶ
801 977 830 1028 6
854 974 1024 1029 θέλων
1051 977 1354 1048 κτήσασθαι
1381 977 1602 1049 ἀρετὰς,
1630 979 1795 1032 κλαυ-

201 1067 326 1138 θμῷ
367 1070 568 1121 κτᾶται
604 1070 792 1132 αὑτάς.
843 1069 916 1121 Τὸ
958 1068 1067 1141 γάρ
1097 1069 1304 1123 κλαίειν
1343 1071 1488 1124 ἐστὶν
1518 1072 1550 1142 ἢ
1581 1070 1697 1134 ὁδὸς
1727 1071 1794 1141 ἢν

200 1159 527 1231 παρέδωκεν
563 1162 693 1230 ἡμῖν
723 1162 754 1231 ἡ
784 1162 820 1212 Γ
828 1161 992 1232 ραερὴ.
1023 1161 1116 1214 καὶ
1143 1164 1190 1214 οἱ
1228 1163 1469 1232 Πατέρες
1496 1163 1673 1234 ἡμῶν,
1705 1163 1792 1216 λέο

198 1267 414 1320 γοντες·
459 1250 770 1304 κλαύσατε.
805 1251 973 1322 Ἀλλη
1023 1252 1130 1322 γάρ
1171 1252 1289 1315 ὁδὸς
1316 1254 1415 1307 οὐκ
1439 1254 1607 1316 ἔστιν,
1637 1256 1686 1306 εί
1719 1254 1792 1323 μὴ

198 1361 367 1414 αυτη.

271 1443 381 1508 ρκ’.
427 1435 744 1508 Ἦρώτησεν
801 1432 1030 1504 ἁδελφὸς
1073 1435 1164 1488 τὸν
1205 1435 1377 1489 άϐϐἄν
1432 1437 1692 1506 Ποιμένα·
1729 1432 1794 1490 Τί

198 1530 320 1584 ἐστι
362 1531 622 1601 μετάνοια
650 1529 749 1598 τῆς
786 1527 1090 1600 ἁμαρτίαςς
1117 1529 1225 1580 Καὶ
1251 1523 1405 1580 εἶπεν
1437 1529 1465 1580 6
1489 1528 1689 1597 γέρωψ
1720 1528 1793 1580 Τὸ

202 1622 278 1692 μὴ
319 1623 417 1676 τοῦ
450 1621 641 1676 λοιποῦ
673 1623 844 1674 ποιεῖν
875 1620 1069 1689 αὐτήν.
1099 1619 1196 1672 Διά
1226 1619 1383 1673 τοῦτο
1414 1620 1522 1691 γάρ
1562 1619 1792 1692 ἐκλήθη-

201 1733 304 1768 σαν
332 1716 559 1785 ἄμωμοι
588 1714 637 1767 οἱ
666 1713 884 1778 δίκαιοι,
911 1712 992 1764 ὅτι
1028 1713 1315 1765 κατέλιπον
1355 1712 1455 1775 τὰς
1495 1714 1788 1783 ἁμαρτίας,

197 1808 295 1864 καὶ
326 1808 535 1860 δίκαιοι
559 1806 831 1875 ἐγένοντο.

268 1910 417 1977 ρκα’.
459 1899 601 1957 Εἷπε
645 1901 828 1963 πάλιν,
871 1901 953 1954 ὅτι
989 1900 1021 1972 ή
1069 1895 1300 1971 πονηρία
1335 1899 1442 1953 τῶν
1486 1897 1785 1970 ἀνθρώπων

197 1994 431 2048 ὄπισθέν
461 1996 609 2048 ἐστιν
637 1995 816 2046 αὐτῶν
845 1993 1221 2064 κεκρυμμένη.

270 2088 414 2159 φιβ’.
462 2085 715 2155 Ἀδελςρδς
758 2085 1011 2156 ἠρώτησε
1065 2085 1156 2137 τὸν
1199 2083 1371 2136 άὸὁᾶν
1416 2085 1676 2153 Ποιμένα·
1722 2084 1786 2136 Τί

195 2181 417 2250 ποιήσω
437 2183 560 2240 ταῖς
585 2180 848 2249 ταραχαῖς
872 2175 1095 2238 ταύταις
1123 2178 1242 2238 ταῖς
1267 2175 1658 2247 ταραττούσαις
1684 2193 1748 2245 με
1770 2192 1784 2239 ;

193 2269 360 2337 Λέγει
388 2267 540 2337 αὑτῷ
561 2268 588 2319 6
617 2269 816 2337 γέρωνο
849 2264 1187 2334 κλαύσωμεν
1213 2264 1442 2318 ὲνὼπιον
1467 2265 1565 2335 τῆς
1588 2266 1789 2333 ἀγαθό-

192 2377 360 2430 τητος
388 2359 484 2414 τοῦ
514 2358 646 2412 Θεοῦ
675 2360 732 2411 ἐν
754 2359 918 2412 παντὶ
941 2357 1093 2429 κόπῳ
1116 2358 1292 2430 ἡμῶν,
1311 2359 1416 2422 ἓως
1432 2361 1644 2430 ποιήσει
1670 2356 1786 2429 μεθ’

193 2452 357 2524 ⁴ἡμῶν
383 2452 447 2505 τὸ
475 2453 621 2516 ἕλεος
647 2451 833 2505 αὐτοῦ.
1206 2486 1209 2488 -

267 2544 417 2615 ρκγ’.
450 2543 620 2597 Πάλιν
648 2545 683 2612 ἡ
691 2540 934 2614 ρώτησεν
955 2539 1117 2595 αὑτὸν
1147 2543 1174 2595 6
1196 2542 1421 2612 ἁδελφός
1446 2559 1461 2575 ⁸
1487 2543 1552 2595 Τί
1575 2544 1786 2614 ποιήσω

191 2638 316 2697 ταῖς
375 2634 632 2704 ἀκερδὲσι
689 2651 789 2703 μου
846 2633 1050 2702 φιλίαις
1107 2632 1172 2698 ἃς
1227 2634 1362 2704 Exn);
1402 2634 1460 2687 Ὀ
1497 2635 1554 2687 δὲ
1602 2631 1778 2687 εἶπεν·

198 2727 391 2780 Ἔστιν
422 2727 714 2798 ἅνθρωπος
740 2727 949 2798 ῥέγχων
978 2729 1060 2790 είς
1085 2726 1144 2779 τὸ
1175 2727 1481 2789 ἀποθανεῖν,
1505 2724 1600 2778 καὶ
1621 2743 1790 2798 προσ-

193 2820 334 2888 έχων
379 2817 590 2886 φιλίαις
627 2817 721 2870 τοῦ
759 2817 967 2888 κόσμου
1001 2816 1212 2870 τούτου.
1244 2816 1334 2888 Μὴ
1381 2816 1630 2888 ὲγγίσῃς,
1653 2815 1786 2886 μηδὲ

194 2909 307 2978 ᾶψῃ
343 2907 548 2960 αὐτῶν·
575 2909 667 2960 καὶ
692 2908 784 2974 ἀφ’
817 2906 1026 2958 ἑαυτῶν
1056 2905 1483 2977 ἀλλοτριοῦνται.

265 2999 405 3070 ρκᾶ.
452 2998 706 3068 ’Ᾱδελφὸς
751 2997 1000 3069 ἠρώτησε
1053 2998 1145 3051 τὸν
1191 2998 1367 3051 ἀϐἣᾶν
1405 2996 1667 3068 Ποιμένα,
1698 2997 1787 3050 λέ-

192 3107 306 3159 γων
328 3109 342 3121 '
383 3091 622 3144 Δύναται
669 3090 956 3160 ἄνθρωπος
983 3086 1122 3145 εἶναι
1163 3091 1386 3162 νεκρός;
1420 3089 1582 3159 Λέγει
1615 3088 1784 3159 αὐτῷ,

192 3185 272 3238 ὅτι
300 3185 436 3238 Ἐάν
469 3185 650 3255 φθάσῃ
681 3186 761 3248 είς
781 3184 879 3256 τὴν
911 3184 1206 3256 ἁμαρτίαν,
1240 3183 1447 3253 γίνεται
1477 3183 1782 3238 άποθανώνο

191 3276 289 3330 ἐὰν
337 3277 398 3330 δὲ
447 3275 634 3349 φθάσῃ
689 3277 769 3338 είς
817 3274 879 3328 τὸ
912 3274 1136 3343 ἀγαθὸν,
1170 3273 1393 3346 ζήσεται
1438 3276 1532 3329 καὶ
1570 3275 1784 3345 ποιήσει

191 3368 348 3423 αὑτό.

266 3459 406 3533 ρκέ.
450 3455 620 3514 Εἶπεν
646 3462 676 3514 6
709 3459 883 3522 666i;
904 3459 1134 3529 Ποιμὴν,
1167 3460 1248 3512 ὅτι
1275 3455 1426 3513 εἷπεν
1461 3462 1487 3514 6
1522 3460 1786 3532 μακάριος

191 3551 366 3614 ἀδὸἄς
393 3550 699 3612 Ἀντώνιος,
723 3551 805 3603 ὅτι
832 3547 897 3601 ’11
927 3549 1136 3619 μεγάλη
1163 3549 1453 3603 δυναστεία
1470 3550 1564 3604 τοῦ
1583 3550 1789 3622 άνθριίμ

189 3661 294 3696 που
343 3645 520 3705 ἐστὶν,
553 3643 640 3697 ἶνα
687 3643 873 3696 ὲπάνω
919 3641 1085 3694 αὐτοῦ
1127 3641 1264 3716 βάλῃ
1293 3643 1355 3695 τὸ
1390 3643 1520 3696 ἴδιον
1561 3644 1785 3715 σφάλμα

191 3734 429 3788 ἐνώπιον
481 3733 711 3805 Κυρίου,
771 3733 867 3787 καὶ
929 3733 1276 3808 προσδοκήσῃ
1329 3733 1634 3807 πειρασμὸν
1681 3736 1785 3800 ἕως

192 3829 436 3897 ἐσχάτης
458 3826 762 3894 ἀναπνοῆς.

263 3921 424 3987 ρκς’.
462 3913 750 3985 Ἦρωτὴθη
790 3915 819 3966 6
859 3913 1033 3978 sese;
1061 3913 1295 3984 Ποιμὴν,
1322 3913 1403 3967 ὅτι
1441 3915 1523 3978 είς
1544 3912 1664 3968 τίνα
1694 3911 1786 3986 ἔρ-

191 4025 346 4079 χεται
396 4007 428 4058 6
473 4004 630 4073 λόγος
666 4005 696 4057 6
721 4002 1126 4075 γεγραμμένος,
1167 4004 1250 4056 ὅτι
1293 4003 1391 4070 Μὴ
1420 4006 1784 4073 φροντίσητε

192 4099 323 4166 περὶ
355 4096 472 4165 τῆς
503 4096 732 4164 αὔριον.
770 4095 932 4164 Λέγει
955 4095 1103 4165 αὑτῷ
1131 4097 1159 4148 ὁ
1185 4095 1384 4167 γέρωνο
1417 4096 1560 4167 Πρὸς
1582 4097 1784 4170 ἅνθρωο

193 4204 291 4241 πον
316 4189 451 4241 ὄντα
489 4189 549 4239 ἐν
575 4184 869 4256 πειρασμῷ
904 4185 998 4238 καὶ
1030 4185 1396 4257 ὀλιγωροῦντα
1437 4183 1663 4258 ἐρρήθη,
1699 4189 1782 4242 ἵνα

197 4279 270 4350 μὴ
293 4278 586 4350 φροντίσῃ.
627 4275 821 4345 λέγων,
856 4275 1027 4330 Πόσον
1048 4275 1239 4348 χρόνον
1268 4276 1377 4348 ἔχω
1409 4279 1466 4331 ἐν
1487 4277 1566 4349 τῷ
1589 4296 1784 4351 πειρα-

196 4373 313 4443 σμῷ
335 4370 552 4441 τούτῳς
581 4367 720 4423 ἀλλὰ
745 4368 946 4440 μᾶλλον
973 4368 1276 4440 λογίσηται,
1307 4369 1480 4438 λέγων
1500 4369 1620 4424 καθ’
1653 4372 1782 4425 ἑκά·-

196 4475 344 4531 στην,
377 4459 442 4512 τὸ
471 4460 734 4530 σήμερον.

264 4558 400 4629 put.
455 4551 596 4609 Εἷπε
647 4556 831 4624 πάλιν,
880 4557 963 4610 ὅτι
1017 4551 1094 4608 Τὸ
1145 4553 1352 4620 διδάξαι
1402 4555 1494 4609 τὸν
1552 4557 1778 4628 πλησίον

192 4647 529 4718 ὑγιαίνοντός
552 4647 670 4700 ἐστι
720 4648 813 4701 καὶ
840 4646 1102 4710 ἀπαθοῦς
1136 4648 1257 4699 ἐπεὶ
1277 4647 1358 4711 τίς
1385 4645 1542 4720 χρεία
1571 4651 1775 4704 οίκοδοέ

197 4741 362 4812 μῆσαί
414 4757 538 4793 τινα
573 4739 736 4793 ἄλλου
792 4736 995 4805 οἰκίαν,
1033 4739 1126 4792 καὶ
1168 4741 1268 4809 τὴν
1307 4741 1442 4792 ίδίαν
1485 4744 1780 4815 καταστρὲο

189 4833 283 4901 tim
308 4834 384 4898 “'.

260 4933 402 4998 ρκην.
435 4924 610 4978 Πάλιν
642 4919 816 4987 εἶπεν,
842 4924 926 4977 ὅτι
953 4924 1046 4988 Τίς
1074 4924 1232 4996 χρεία
1262 4925 1518 4979 ἀπελθεῖν
1549 4943 1671 4979 τινα
1695 4928 1776 4991 είς

191 5017 403 5089 τέχνην,
445 5017 544 5070 καὶ
577 5016 652 5088 μὴ
677 5018 868 5088 μαθεῖν
893 5017 1060 5087 αὐτήν
1083 5034 1097 5081 ;

259 5109 396 5178 pacet.
438 5104 575 5162 Εἷπε
623 5108 806 5172 πάλιν,
839 5109 924 5162 ὅτι
961 5108 1042 5163 Τὰ
1081 5109 1401 5182 ὑπέρμετρα
1435 5110 1612 5164 πάντα
1663 5111 1770 5164 τῶν

190 5198 456 5270 δαιμόνων
485 5200 645 5255 εἰσίν.
695 5206 712 5214 “

259 5292 355 5365 ρλ’.
379 5287 518 5345 Εἶπε
542 5293 725 5358 πάλιν,
749 5293 874 5348 Ὅτι
904 5293 1033 5347 ὅταν
1063 5292 1230 5366 μέλλῃ
1259 5294 1544 5366 ἄνθρωπος
1571 5293 1766 5347 οἰκοδο-

1895 533 2018 573 eum
2057 525 2364 574 concitatus
2403 519 2604 582 fueris,
2649 530 2851 576 temere
2910 523 3184 579 irasceris.
3236 524 3346 582 Sed
3377 529 3471 584 ubi

1896 620 1948 666 te
1977 627 2006 664 a
2039 611 2147 666 Deo
2180 627 2434 682 separare
2475 615 2725 677 voluerit,
2756 623 2883 668 tunc
2915 618 3174 672 irascere.

1901 715 1911 727 ‘
1971 704 2091 760 119.
2146 705 2255 774 (b5)
2314 703 2506 758 Frater
2551 708 2904 776 quastionem
2955 713 3241 781 proposuit.
3286 712 3470 769 abbati

1896 796 2179 861 Pmnieni,
2233 800 2363 868 quid
2425 801 2625 855 faceret
2679 803 2917 870 peccatis
2968 805 3106 858 suis.
3167 803 3340 860 Senex
3396 808 3470 860 ita

1897 891 2110 945 locutus
2159 899 2245 945 est
2301 891 2349 944 ei
2383 908 2396 943 :
2427 889 2528 956 Qui
2581 891 2697 944 vult
2747 892 3014 947 redimere
3047 905 3300 963 peccata,
3342 893 3469 948 ﬂetu

1895 980 2161 1045 redimet;
2195 988 2248 1034 et
2267 983 2360 1050 qui
2397 983 2512 1033 vult
2536 983 2820 1050 acquirere
2851 982 3099 1044 virtutes,
3130 983 3255 1039 ﬂetu
3283 987 3472 1056 acqui-

1897 1080 1998 1125 ret.
2035 1070 2170 1124 Nam
2215 1070 2344 1126 ﬂere
2368 1073 2450 1126 via
2484 1083 2754 1143 estquam
2783 1076 3006 1129 tradidit
3035 1078 3192 1132 nobis
3223 1078 3470 1148 Scriptu-

1895 1179 1991 1225 ra,
2034 1178 2247 1218 necnon
2301 1163 2490 1219 Patres
2547 1165 2757 1229 nostri,
2805 1167 3085 1221 dicendo:
3123 1169 3292 1224 Flete.
3353 1171 3471 1226 Alia

1893 1259 2095 1328 quippe
2117 1260 2201 1312 via
2231 1274 2340 1312 non
2367 1266 2470 1324 est,
2506 1269 2703 1327 prteter
2733 1258 2917 1312 istam.

1971 1431 2092 1485 120.
2137 1431 2248 1503 (66)
2284 1432 2641 1487 Percontatus
2675 1441 2758 1487 est
2797 1433 2965 1486 frater
3006 1449 3072 1488 ex
3117 1434 3314 1488 abbate
3349 1433 3472 1489 Pot-

1896 1538 2087 1576 mcue:
2113 1521 2250 1588 Quid
2289 1534 2373 1578 est
2403 1526 2720 1594 paenitentia
2755 1526 2823 1580 de
2858 1527 3119 1596 peccato?
3149 1526 3323 1583 Senex
3351 1531 3426 1581 ait
3451 1548 3466 1584 :

1895 1611 2011 1664 Non
2038 1614 2272 1682 amplius
2311 1614 2443 1669 illud
2487 1627 2821 1686 perpetrare.
2869 1619 3162 1690 Propterea
3201 1624 3344 1676 enim
3373 1624 3469 1694 qui

1890 1707 2023 1776 justi
2058 1707 2277 1762 fuerunt
2313 1711 2485 1764 vocati
2513 1721 2642 1767 sunt
2685 1713 3038 1780 immaculati,
3074 1717 3202 1786 quia
3236 1719 3470 1788 relique-

1825 1799 1861 1848 11
1893 1808 2020 1852 runt
2057 1810 2299 1868 peccata,
2321 1802 2567 1872 justique
2593 1803 2768 1858 eﬂ‘ecti
2801 1815 2950 1862 sunt.

1961 1893 2084 1945 121.
2127 1893 2269 1947 Dixit
2319 1895 2550 1959 iterum,
2601 1897 2881 1951 hominum
2932 1899 3195 1952 malitiam
3245 1914 3273 1952 a
3317 1909 3468 1968 tergo

1887 1998 2075 2036 eorum
2106 2000 2228 2038 esse
2265 1986 2662 2042 absconditam.

1959 2073 2083 2126 122.
2111 2074 2222 2142 (67)
2248 2074 2440 2130 Frater
2463 2079 2812 2148 interrogavit
2839 2079 3092 2136 abbatem
3117 2081 3423 2139 Pmmenetu
3446 2102 3464 2140 :

1889 2167 2028 2232 Quid
2064 2170 2255 2222 faciant
2294 2172 2804 2240 perturbationibus
2835 2174 2920 2228 his
2952 2189 3074 2244 quae
3105 2190 3192 2231 me
3231 2174 3470 2232 vexant?

1889 2259 1977 2311 Ait
2021 2260 2098 2312 illi
2150 2251 2314 2314 senex
2354 2280 2367 2316 :
2406 2261 2692 2319 Ploremus
2740 2280 2927 2318 coram
2983 2267 3230 2322 bonitate
3282 2268 3375 2322 Dei
3412 2271 3465 2324 in

1887 2351 2037 2404 omni
2070 2353 2258 2407 labore
2276 2362 2486 2420 nostro,
2518 2355 2696 2412 donec
2730 2373 2858 2428 erga
2895 2371 2998 2413 nos
3030 2359 3331 2414 ostenderit
3361 2362 3465 2414 tui-

1889 2444 2245 2498 sericordiam
2279 2461 2456 2502 suam.

1962 2535 2086 2590 125.
2129 2536 2326 2590 lterum
2371 2539 2442 2593 ab
2473 2554 2544 2594 eo
2579 2549 2932 2608 percontatus
2976 2552 3059 2598 est
3086 2542 3254 2598 frater
3282 2564 3296 2598 :
3323 2542 3467 2610 Quid

1891 2625 2134 2682 facturus
2182 2646 2302 2684 sum
2340 2631 2625 2686 inutilibus
2671 2633 2959 2689 desideriis
3000 2637 3199 2705 quibus
3241 2635 3468 2690 teneor?

1891 2718 2080 2774 Dixit:
2119 2720 2213 2776 Est
2269 2723 2452 2788 homo,
2509 2727 2604 2794 qui
2660 2727 3010 2782 rboncbissat
3070 2729 3138 2782 ad
3197 2739 3465 2795 mortem,

1890 2812 2230 2883 attenditque
2265 2815 2430 2884 hujus
2472 2818 2658 2871 s:eculi
2690 2817 3003 2874 desideriis.
3044 2819 3120 2875 Ne
3169 2822 3465 2891 appropino

1893 2907 2151 2974 quaveris
2174 2908 2239 2961 ad
2269 2922 2353 2971 ea,
2388 2923 2454 2963 ne
2485 2909 2764 2980 tetigeris;
2797 2918 2851 2966 et
2882 2911 3136 2966 secedent
3162 2922 3375 2983 sponte.

1968 2997 2084 3057 ιει.
2146 2996 2335 3054 Frater
2395 3001 2752 3072 interrogavit
2811 3003 3060 3058 abbatem
3117 3003 3465 3070 Pwmeuem,

1890 3086 1991 3141 hoc
2048 3103 2343 3145 sermone:
2376 3088 2630 3145 Potestne
2681 3089 2846 3145 homo
2889 3106 3011 3146 esse
3059 3092 3344 3147 mortuus?
3375 3092 3468 3144 Ait

1890 3179 1965 3232 illi
1992 3192 2008 3232 :
2037 3177 2094 3233 Si
2125 3179 2406 3235 devenerit
2439 3182 2506 3236 ad
2555 3193 2838 3252 peccaturo
2859 3223 2875 3250 ,
2924 3184 3192 3248 moritur;
3235 3184 3282 3239 si
3331 3199 3470 3240 vero

1888 3271 2195 3339 pervenerit
2216 3271 2281 3325 ad
2317 3270 2538 3338 bonum,
2573 3275 2735 3336 vivet,
2768 3275 3010 3345 illudque
3036 3275 3379 3346 Operabitur.

1959 3449 2082 3504 125.
2125 3449 2238 3520 (68)
2279 3449 2487 3505 Retulit
2517 3452 2689 3508 abbas
2719 3452 2963 3517 Pmmen,
2995 3453 3200 3509 dictum
3231 3454 3400 3511 fuisse
3432 3471 3469 3509 a-

1888 3541 2044 3596 beato
2066 3541 2262 3596 abbate
2282 3542 2546 3610 Antonio,
2573 3546 2716 3614 quod
2746 3562 2939 3617 magna
2963 3546 3199 3603 hominis
3221 3557 3467 3618 potestas

1885 3635 1977 3699 sit,
2009 3642 2069 3688 ut
2099 3650 2265 3705 super
2304 3651 2364 3691 se
2401 3637 2582 3691 mittat
2624 3651 2909 3707 peccatum
2943 3652 3102 3694 suum
3132 3655 3316 3694 coram
3353 3639 3464 3695 Do-

1885 3725 2056 3790 mino,
2087 3736 2475 3796 exspectetqne
2509 3730 2865 3786 tentationem
2901 3746 3078 3786 usuue
3111 3730 3177 3784 ad
3209 3731 3460 3787 ultimum

1885 3818 2134 3876 halitum.

1955 3910 2078 3964 126.
2137 3910 2252 3982 (69)
2307 3910 2683 3982 Interrogatus
2729 3922 2817 3968 est
2870 3915 3037 3969 abbas
3073 3911 3346 3985 .Pmmen,
3403 3916 3460 3970 in

1881 4014 2041 4069 quem
2080 4001 2400 4057 conveniret
2445 4003 2671 4057 verbum
2725 4001 3021 4074 Scripturze
3056 4021 3078 4059 τ
3119 4003 3300 4059 Nolite
3347 4022 3462 4060 esse

1882 4092 2103 4147 solliciti
2137 4093 2200 4148 de
2234 4096 2470 4148 crastino
2501 4097 2566 4150 η.
2613 4095 2914 4165 Respondit
2951 4113 3115 4152 senex
3147 4117 3160 4153 :
3189 4100 3460 4170 Competit

1883 4185 2094 4240 homini
2123 4186 2178 4240 in
2209 4188 2508 4242 tentatione
2541 4189 2742 4258 posito.
2775 4203 2840 4244 ac
2872 4189 3166 4254 deﬁcienti,
3206 4207 3275 4246 ne
3311 4192 3460 4247 solli-

1881 4279 2024 4333 citus
2067 4278 2172 4345 sit,
2217 4278 2410 4334 dicens
2439 4297 2453 4331 :
2483 4278 2701 4346 Quanto
2736 4291 2980 4351 tempore
3025 4281 3126 4336 hac
3159 4277 3460 4338 tentatione

1878 4371 2163 4426 vexandus
2206 4370 2363 4426 sum?
2406 4372 2503 4426 sed
2553 4373 2737 4443 potius
2780 4374 3080 4441 existimet,
3122 4375 3460 4446 singulisque

1881 4462 2077 4518 diebus
2102 4463 2270 4526 dicat.
2302 4464 2481 4519 hodie.

1953 4555 2076 4608 127.
2119 4555 2231 4625 (70)
2296 4555 2441 4609 Dixit.
2473 4559 2668 4612 iterum
2700 4575 2713 4610 :
2747 4555 2953 4612 Docere
2982 4557 3323 4626 proximum,
3367 4571 3457 4612 res

1881 4657 1966 4702 est
1996 4647 2236 4704 hominis
2278 4650 2400 4704 sani
2443 4664 2506 4702 ac
2554 4650 2965 4719 perturbatione
2992 4651 3252 4706 carentis.
3303 4650 3455 4702 Alio-

1881 4741 2014 4811 quin
2047 4757 2169 4810 quae
2197 4741 2426 4806 utilitas,
2461 4743 2507 4797 si
2538 4743 2663 4812 quis
2695 4742 2926 4797 aediﬁcet
2955 4742 3183 4796 alterius
3211 4743 3453 4806 domum,

1883 4849 2038 4888 suam
2061 4847 2192 4888 vero
2226 4833 2476 4889 evertat?

1955 4925 2078 4982 128.
2119 4925 2335 4982 Rursus
2371 4926 2510 4981 dixit
2548 4943 2564 4982 :
2610 4926 2743 4993 Quae
2793 4925 3004 4981 utilitas
3043 4926 3126 4982 ire
3163 4927 3454 4998 quemdam

1879 5016 1944 5073 ad
1978 5024 2172 5080 artem,
2205 5031 2306 5071 nec
2341 5031 2462 5071 eam
2492 5015 2753 5072 discere?

1950 5107 2074 5162 129.
2118 5107 2263 5162 Dixit
2307 5115 2573 5179 praterea
2599 5126 2614 5162 :
2645 5108 2860 5164 Cuncta
2883 5123 3004 5178 quae
3032 5106 3254 5164 modum
3287 5122 3453 5163 cxce-

1875 5201 2032 5265 dunt,
2057 5201 2367 5257 daemonum
2397 5210 2542 5258 sunt.

1944 5295 2069 5350 150.
2110 5292 2223 5348 Hoc
2265 5293 2429 5350 etiam
2476 5293 2798 5365 prolocutus
2839 5301 2970 5351 est:
3014 5291 3189 5349 Homo
3229 5291 3457 5350 domum

257 5453 302 5487 "
331 5454 416 5510 ΑΙ.
441 5454 568 5510 add.
609 5455 874 5526 σφοδρῶς.
947 5455 988 5486 ¹¹
1021 5457 1105 5509 ΑΙ.
1144 5457 1466 5510 καταλῦσαι.
1548 5457 1589 5487 ¹¹
1621 5455 1785 5512 Matth

1907 5495 1915 5523 .
1949 5457 2057 5523 ὄις
2093 5456 2318 5514 Doroth.
2360 5458 2520 5529 epist.
2554 5473 2593 5525 t,
2625 5455 2677 5513 7.

258 5610 367 5678 (65)
397 5609 628 5681 iliaca“.
667 5609 828 5665 Voss.
863 5626 917 5681 ιι.
949 5611 1075 5667 152.

259 5682 364 5737 (otii
411 5680 521 5750 Vit.
547 5680 705 5750 Patr.
737 5680 877 5740 xxtt.
901 5682 925 5734 1
953 5701 968 5750 ς
1003 5681 1232 5738 Misce".
1259 5681 1422 5738 Voss.
1457 5680 1537 5739 ib.

261 5751 367 5819 (6T)
395 5749 599 5806 licell.
630 5749 791 5807 Voss.
830 5751 904 5806 Ib.

2185 5616 2240 5670 in
2252 5617 2466 5698 Anton.
2493 5617 2636 5698 nui.

1946 5685 2061 5758 (69)
2100 5685 2210 5742 Vit.
2245 5685 2397 5740 Patr.
2439 5703 2513 5743 tv.
2547 5687 2601 5741 9.

1946 5755 2062 5828 (70)
2095 5755 2154 5809 L.
2183 5756 2437 5812 Dorothei
2470 5755 2710 5810 Iustitttt.
2751 5755 2836 5811 1-7.
