3874 6298
393 297 502 356 355
1543 286 1885 344 A’PPENDIX
1925 285 2016 340 AD
2056 280 2468 339 PALLADIUM.
3525 266 3637 323 556

393 420 794 478 aedificaturus,
831 413 1009 469 multa
1053 411 1365 468 necessaria
1413 410 1647 480 colligit,
1682 423 1792 477 quo
1833 421 1964 475 pos-
1995 423 2009 467 Α

2128 405 2238 471 ἧσαι
2268 396 2436 458 οἷκον,
2476 394 2674 456 πολλὰς
2701 393 2744 422 ¹⁶
2773 392 2961 462 χρείας
2986 393 3230 459 συνάγει.
3255 389 3406 449 ὅπως
3441 384 3639 453 δυνηθῇ

395 517 469 570 sit
521 526 640 566 eam
687 512 928 578 erigere;
982 521 1046 559 ac
1094 507 1274 560 varias
1332 519 1517 558 rerum
1565 503 1778 572 species
1831 515 1966 553 con-

2128 494 2264 563 ’ἧσαι
2294 491 2386 544 τὸν
2418 486 2586 552 οἷκον,
2620 487 2714 540 καὶ
2755 485 2986 555 διάφορα
3027 483 3084 536 δὲ
3122 481 3237 550 εἴδη
3263 479 3506 545 συνάγει.
3535 473 3645 528 Οὖ-

397 612 607 675 gregat.
644 602 719 656 Ita
741 609 795 656 et
822 616 943 663 nos,
968 613 1162 668 parum
1196 611 1482 652 sumamus
1501 610 1531 650 e
1561 594 1775 648 cunctis
1803 594 1972 646 virtu-

2128 603 2176 648 i;
2221 585 2316 638 καὶ
2365 583 2544 653 ἡμεῖς,
2582 578 2836 648 λὰὂωμεν
2875 575 3012 646 πρὸς
3060 573 3252 645 μικρὸν
3296 571 3402 623 ἀπὸ
3457 566 3649 622 πασῶν

396 698 566 750 tibus.
839 736 846 744 .

2128 678 2179 730 ὸν
2213 673 2447 746 ἀρετῶν.

647 783 997 853 Rogaverunt
1055 779 1275 849 quidam
1324 795 1354 833 e
1409 779 1664 833 Patribus
1721 779 1971 832 abbatem

2145 765 2279 836 ρλα’.
2324 759 2640 833 Ἰίρώτησὰν
2690 775 2834 820 τινες
2877 755 2986 809 τῶν
3037 753 3296 824 Πατέρων
3337 751 3426 804 τὸν
3475 747 3649 802 ἁὸϐἇν

398 878 730 937 Ρωιηεηοιη,
760 873 1006 927 dicentes
1043 894 1053 926 :
1090 870 1207 937 Qua
1246 871 1459 924 ratione
1497 871 1666 924 abbas
1695 868 1976 926 Nisterous

2128 859 2333 929 οιμένα,
2386 855 2653 922 λέγοντες·
2712 850 2836 912 Πῶς
2885 848 3059 911 οὕτως
3096 847 3353 914 ἠνέσχετο
3399 845 3429 896 6
3479 840 3654 902 ἁὸϐἄς

399 969 536 1022 adeo
590 965 843 1020 toleravit
896 964 1224 1034 discipulum
1283 963 1492 1016 suum?
1549 961 1848 1031 Respondit
1898 961 1977 1014 eis

2128 948 2382 1019 ισθερῶος
2410 944 2504 998 τοῦ
2536 941 2777 1014 μαθητοῦ
2801 940 2963 994 αὑτοῦ
2989 957 3002 1002 ;
3033 938 3198 1005 Λέγει
3222 937 3405 997 αὐτοῖς
3434 936 3463 984 6
3482 931 3657 993 ἀὸὁᾶς
3716 945 3726 1006 ζ

396 1062 570 1116 abbas
617 1057 841 1112 Ptnmen
887 1074 899 1107 :
951 1054 1008 1109 Si
1064 1071 1166 1125 ego
1214 1054 1475 1115 fuissem,
1530 1055 1693 1109 etiam
1745 1053 1975 1106 cervical

2130 1018 2315 1112 οιμήνζ
2346 1039 2410 1089 Εἰ
2463 1035 2573 1104 ἐγὼ
2611 1035 2780 1104 ἥμην,
2816 1032 2910 1084 καὶ
2948 1030 3009 1082 τὸ
3050 1026 3402 1098 κερδικάριον
3445 1021 3658 1076 ἐτίθουν
3719 1018 3727 1028 ’

401 1110 708 1222 posuissem
753 1110 857 1202 sub
905 1146 1024 1214 ejus
1069 1110 1252 1213 caput.
1304 1145 1394 1198 Ait
1439 1110 1512 1198 illi
1563 1145 1732 1198 abbas
1775 1143 1975 1196 Anub:

2129 1133 2216 1202 ρὸς
2252 1110 2490 1197 κεφαλὴν
2533 1124 2718 1178 αὐτοῦ.
2749 1121 2910 1188 Λέγει
2952 1118 3102 1189 αὐτῷ
3143 1118 3171 1168 6
3220 1116 3392 1179 assa;
3442 1110 3654 1166 Ἀνού6·

405 1242 467 1294 Et.
495 1242 622 1310 quid
655 1237 890 1293 dixisses
932 1235 1077 1290 Deo?
1106 1233 1330 1304 Excepit
1371 1235 1537 1288 abbas
1569 1233 1789 1288 Pmmen
1822 1250 1835 1284 :
1870 1232 1983 1285 Uti-

402 1345 510 1400 que
542 1328 779 1382 dicerem
818 1343 832 1379 :
873 1325 987 1380 Tua
1021 1340 1124 1378 vox
1157 1333 1240 1378 est
1275 1341 1288 1375 :
1325 1323 1473 1391 Ejice
1505 1325 1734 1390 primunt
1783 1319 1981 1374 trabem

404 1421 468 1474 de
518 1419 670 1473 oculo
725 1427 851 1479 tuo,
903 1425 952 1470 et
998 1425 1118 1467 tunc
1163 1415 1359 1468 videbis
1390 1415 1581 1483 ejicere
1622 1412 1882 1481 festucam
1920 1409 1984 1463 de

407 1512 558 1566 oculo
592 1511 780 1579 fratris
817 1511 892 1562 tui
927 1509 991 1560 ¹³.

479 1602 604 1656 152.
647 1600 863 1654 Dictum
917 1600 1017 1654 fuit
1065 1602 1134 1655 ab
1178 1600 1376 1652 abbate
1427 1598 1680 1651 Ptemene
1713 1613 1728 1650 :
1763 1595 1987 1649 Esuries

409 1706 466 1751 et
486 1694 804 1751 dormitatio
837 1708 948 1750 non
982 1695 1225 1748 siverunt
1255 1706 1353 1745 nos
1392 1691 1574 1744 videre
1604 1691 1816 1742 minuta
1851 1689 1984 1739 haec.

488 1871 609 1926 155.
653 1869 802 1924 Dixit
836 1869 1032 1924 iterum
1057 1886 1074 1922 :
1098 1867 1252 1922 Multi
1286 1876 1534 1937 potentes
1560 1864 1799 1925 fuerunt,
1833 1863 1990 1932 pauci

412 1978 545 2018 vero
573 1971 933 2032 provocantes
961 1961 1026 2014 ιδ.

490 2057 616 2111 154.
659 2056 772 2125 (71)
817 2054 1028 2110 Rursus
1075 2053 1241 2114 dixit.
1290 2051 1450 2106 editis
1499 2050 1830 2120 gemitibus:
1860 2045 1995 2101 Uni-

413 2165 591 2204 versae
617 2153 853 2202 virtutes
885 2149 940 2200 in
962 2147 1186 2201 domum
1218 2145 1359 2197 hanc
1391 2143 1651 2212 ingressa:
1676 2149 1826 2202 sunt,
1861 2154 1995 2210 pm-

417 2249 504 2295 ter
553 2255 714 2293 unam
741 2277 757 2304 ,
795 2239 913 2294 sine
938 2253 1048 2308 qua
1095 2245 1274 2290 tamen
1303 2249 1443 2302 πετο
1474 2234 1638 2288 stabit
1679 2233 1853 2289 homo.
1892 2230 1997 2286 Pe-

417 2335 626 2388 tierunt
654 2333 819 2401 igitur
844 2331 912 2385 ab
935 2346 1022 2394 eo,
1058 2342 1308 2399 quamam
1342 2327 1431 2379 illa
1455 2332 1622 2380 esset.
1648 2322 1714 2376 Et
1742 2324 1859 2376 iniit
1884 2342 1897 2374 :
1930 2321 1998 2378 Ut

421 2425 586 2480 homo
619 2424 858 2493 seipsum
891 2419 1271 2492 reprehendat.

496 2515 617 2569 155.
661 2515 809 2568 Dixit
835 2529 978 2583 saepe
1011 2515 1176 2567 abbas
1209 2511 1451 2574 Poemen,
1483 2510 1631 2579 quod
1668 2510 1772 2562 alia
1803 2523 1860 2562 re
1892 2522 2000 2560 non

424 2606 752 2675 indigemus,
785 2607 888 2660 nisi
927 2613 1107 2659 mente
1147 2605 1419 2672 vigilanti.

499 2696 624 2750 156.
679 2696 892 2764 Aliquis
944 2712 975 2749 e
1026 2694 1281 2748 Pati-ibus
1335 2694 1690 2762 interrogavit
1750 2693 2001 2745 abbatem

425 2783 741 2841 Pammenem
777 2803 790 2838 :
825 2784 1088 2850 Quisnam
1137 2791 1221 2837 est
1268 2785 1360 2851 qui
1401 2785 1536 2836 dicit
1566 2802 1578 2836 :
1616 2783 1884 2850 Particrps
1912 2798 2004 2850 ego

433 2893 554 2930 sum
601 2877 836 2930 omnium
881 2877 1176 2928 timentium
1216 2884 1264 2928 te
1295 2875 1376 2928 u‘?
1413 2874 1478 2928 Et
1503 2877 1779 2945 respondit
1804 2891 1963 2929 senex
1989 2914 2004 2938 ,

429 2984 554 3025 esse
583 2967 852 3038 Spiritum
889 2977 1158 3024 sanctum.

2080 1221 2191 1275 Καὶ
2214 1220 2266 1271 τί
2295 1219 2478 1285 ἔλεγες
2506 1215 2584 1284 τῷ
2615 1211 2766 1281 Θεῷ;
2803 1211 2964 1277 Λέγει
2998 1211 3026 1262 6
3048 1207 3221 1271 ἀϐϐᾶς
3255 1205 3488 1276 Ποιμήν
3519 1201 3662 1274 Ἐρῶ
3726 1247 3730 1252 .

2081 1309 2196 1376 οὖν,
2231 1313 2312 1364 ὅτι
2347 1311 2419 1362 Σὺ
2460 1303 2640 1369 εἶπας·
2677 1304 2929 1356 Ἔκϐαλε
2965 1299 3199 1369 πρῶτον
3242 1299 3353 1364 τὴν
3381 1295 3569 1350 δοκὸν
3595 1294 3663 1346 ἐκ

2083 1405 2189 1457 τοῦ
2213 1400 2523 1472 ὀφθαλμοῦ
2556 1416 2694 1461 σου,
2725 1395 2824 1448 καὶ
2853 1393 2986 1446 τότε
3007 1388 3349 1456 διαϐλέψεις
3381 1385 3666 1440 ἐκϐαλεῖν
3730 1395 3734 1397 “

2086 1493 2154 1546 τὸ
2183 1492 2410 1560 κάρφος
2429 1491 2497 1542 ἐκ
2523 1489 2628 1542 τοῦ
2661 1482 2968 1556 ὀφθαλμοῦ
2997 1480 3104 1534 τοῦ
3135 1477 3402 1547 ἀδελφοῦ
3435 1491 3576 1530 σου.

2164 1586 2295 1657 ρλβ’.
2344 1579 2511 1635 Εἶπεν
2556 1582 2584 1633 6
2631 1579 2803 1639 ἀϐὅᾶς
2861 1574 3090 1642 Ποιμήνο
3157 1572 3223 1624 Ἡ
3282 1573 3440 1623 πεῖνα
3487 1568 3588 1620 καὶ
3639 1569 3669 1620 6

2089 1675 2400 1754 νυσταγμὸς
2443 1674 2543 1725 οὐκ
2594 1672 2804 1741 ἀφῆκεν
2858 1667 3002 1738 ἡμᾶς
3062 1663 3188 1716 ἰδεῖν
3238 1661 3408 1716 ταῦτα
3462 1661 3530 1714 τὰ
3583 1661 3672 1712 εὑ-

2025 1754 2067 1808 B
2093 1769 2245 1838 τελῆ.

2133 1889 2137 1893 ’
2166 1867 2296 1938 ρλγ’.
2340 1858 2473 1916 Εἷπε
2516 1859 2673 1913 πάλιν
2695 1876 2707 1888 ⁸
2745 1857 2934 1910 Πολλοὶ
2962 1855 3211 1923 ἐγένοντο
3239 1848 3480 1922 δυνατοὶ.
3499 1847 3670 1913 ὀλίγοι

2091 1959 2149 2012 δὲ
2176 1960 2216 1989 ¹⁷
2251 1975 2325 2010 πα
2335 1955 2668 2026 ροξύναντες.

2169 2049 2292 2120 ρλδ’.
2330 2043 2460 2099 Eine
2484 2043 2662 2106 πάλιν,
2699 2040 2834 2113 μετὰ
2869 2037 3184 2107 στεναγμῶν
3207 2034 3319 2106 (72)
3341 2049 3355 2062 ·
3397 2033 3576 2086 Πᾶσαι
3616 2031 3672 2082 αἱ

2095 2141 2286 2211 ἀρεταὶ
2313 2140 2393 2201 εἰς
2420 2137 2510 2188 τὸν
2539 2131 2685 2187 οἷκον
2707 2132 2893 2184 τοῦτον
2921 2127 3186 2199 εἰσῆλθον,
3219 2126 3369 2198 παρὰ
3395 2124 3522 2194 μίαν
3553 2125 3677 2192 ἁρε-

2097 2234 2196 2302 τήν
2216 2249 2228 2261 ·
2261 2231 2354 2284 καὶ
2382 2227 2536 2289 ἐκτὸς
2563 2225 2731 2294 αὐτῆς
2754 2223 2905 2292 κόπῳ
2928 2222 3138 2273 ἵσταται
3169 2219 3471 2288 ἄνθρωπος.
3508 2211 3676 2284 Ἠρώ-

2098 2340 2268 2394 τησαν
2293 2319 2384 2375 οὖν
2417 2321 2577 2372 αὐτὸν
2601 2319 2683 2381 τίς
2701 2316 2952 2370 ὲστι.Καὶ
2979 2309 3132 2366 εἶπεν
3152 2328 3165 2340 ·
3194 2312 3310 2363 Ἵνα
3335 2311 3364 2362 6
3391 2307 3677 2378 ἄνθρωπος

2104 2417 2169 2487 μέ
2178 2416 2382 2486 μψηται
2409 2411 2622 2465 ἑαυτόν.

2175 2504 2300 2577 ρλε’.
2340 2503 2530 2570 Ἔλεγε
2561 2500 2820 2562 πολλάκις
2848 2501 2876 2552 6
2901 2498 3072 2560 ἀϐϐᾶς
3101 2494 3333 2566 Ποιμὴν,
3357 2494 3438 2546 ὅτι
3466 2491 3539 2546 Οὐ
3568 2487 3681 2542 δεό-

2106 2596 2247 2667 μεθά
2270 2612 2434 2656 τινος.
2473 2595 2521 2645 εἰ
2555 2593 2628 2662 μὴ
2661 2591 2934 2662 νηξρούσης
2953 2587 3211 2650 διανοίας.

2177 2684 2318 2757 ρλς’.
2366 2682 2644 2755 Ἢρώτησέ
2677 2698 2758 2743 τις
2790 2679 2898 2732 τῶν
2936 2678 3192 2747 Πατὲρων
3225 2674 3316 2726 τὸν
3339 2672 3511 2725 ἁὸϐᾶν
3550 2669 3683 2723 Ποι-

2119 2783 2276 2851 μενα,
2319 2778 2490 2844 λέγων
2512 2793 2527 2808 ο
2561 2775 2653 2837 Τίς
2683 2776 2829 2826 ἐστιν
2864 2774 2891 2824 6
2923 2770 3117 2838 λέγων,
3143 2766 3406 2835 Μέτοχος
3427 2761 3541 2832 ἐγὼ
3567 2764 3685 2830 ειμι

2107 2872 2347 2925 πάντων
2363 2868 2481 2923 τῶν
2495 2864 2878 2936 φοϐουμένων
2893 2878 3001 2925 σε;
3024 2862 3133 2914 Καὶ
3158 2856 3311 2913 εἶπεν
3337 2861 3365 2911 6
3388 2856 3586 2930 γέρωνο
3610 2853 3685 2906 Τδ

2107 2959 2333 3028 Πνεῦμα
2363 2957 2423 3009 τὸ
2447 2956 2601 3024 ἅγιόν
2625 2957 2770 3007 ἐστιν
2795 2955 2822 3006 6
2854 2953 3049 3020 λέγων.

504 3082 628 3137 157.
671 3080 852 3135 Abbas
884 3080 1104 3136 Ptemen
1149 3082 1503 3143 memoravit,
1534 3080 1679 3149 quod
1728 3079 1896 3132 frater
1925 3079 2006 3133 sic

2183 3073 2310 3144 ρλζν.
2347 3067 2510 3124 Εἶπεν
2542 3072 2570 3122 6
2599 3067 3031 3136 ἀϐϐᾶςΠοιμὴν,
3049 3065 3129 3117 ὅτι
3155 3061 3436 3134 ἠρώτησεν
3459 3057 3689 3127 ἁδελφὸς

434 3175 850 3244 mterrogaverit
880 3175 1128 3229 abbatem
1166 3173 1443 3227 Simonem
1475 3192 1487 3225 :
1521 3174 1574 3225 Si
1628 3189 1658 3227 e
1710 3173 1841 3226 cella
1888 3187 2007 3225 mea

435 3283 690 3339 egressus
723 3267 913 3332 fuero,
945 3283 1008 3322 ac
1039 3268 1297 3322 invenero
1335 3268 1556 3320 fratrem
1595 3281 1769 3318 meum
1805 3266 2007 3319 distra-
2039 3276 2041 3279 '

437 3369 610 3422 ctum,
641 3373 742 3426 ego
779 3373 996 3428 quoque
1034 3373 1156 3412 cum
1199 3372 1264 3412 eo
1295 3357 1612 3421 distrahor;
1661 3365 1713 3409 et
1746 3357 2008 3408 ridentem

439 3449 488 3503 si
517 3449 802 3510 invenero,
835 3447 998 3502 etiam
1029 3461 1154 3501 cum
1205 3448 1296 3500 illo
1345 3447 1528 3504 rideo;
1569 3459 1802 3511 rumque
1844 3444 2013 3496 intra-

437 3553 573 3593 vero
613 3539 666 3592 in
711 3538 902 3592 cellam
951 3553 1124 3592 meam
1149 3577 1162 3599 ,
1199 3553 1306 3590 non
1339 3537 1492 3590 sinor
1525 3536 1580 3589 in
1617 3535 1800 3604 quiete
1832 3547 2010 3601 agere.

440 3627 512 3684 Et
541 3630 742 3684 dixerit
765 3630 814 3683 ei
844 3643 1006 3683 senex
1045 3645 1059 3682 :
1095 3627 1212 3690 Vis,
1243 3644 1367 3681 cum
1403 3641 1657 3696 egressus
1689 3641 1719 3679 e
1751 3625 1886 3678 cella
1924 3631 2014 3676 tua

442 3723 716 3792 repereris
748 3720 1026 3781 ridentes,
1067 3729 1122 3772 tu
1155 3720 1316 3774 etiam
1372 3719 1582 3780 ridere;
1613 3725 1668 3771 et
1711 3717 2014 3784 loquentes,

446 3822 503 3868 tu
536 3815 740 3884 pariter
771 3812 1209 3882 loqui;cumque
1229 3810 1520 3863 intraveris
1554 3809 1604 3861 in
1625 3808 1816 3861 cellam
1847 3815 2014 3868 tuam,

443 3916 500 3960 te
549 3906 710 3959 talem
753 3905 998 3959 invenire
1050 3902 1228 3971 qualis
1282 3903 1449 3956 eras?
1482 3903 1572 3954 Ait
1633 3899 1802 3955 frater
1846 3917 1859 3952 :
1911 3897 2016 3952 Sed

447 3997 616 4066 quid?
657 3995 954 4065 Respondit
1005 4011 1170 4048 senex
1207 4013 1219 4047 :
1261 3995 1411 4048 Intus
1469 4009 1625 4049 serva
1677 3991 2018 4056 custodiam;

449 4096 605 4143 extra
639 4102 796 4141 serva
830 4086 1154 4140 custodiam.

528 4257 648 4312 158.
693 4255 771 4311 Ex
790 4272 886 4312 ore
912 4258 1127 4313 abbatis
1154 4257 1394 4313 Danielis
1415 4277 1428 4313 :
1453 4257 1708 4313 Venimus
1731 4257 2024 4326 aliquando

455 4349 521 4402 ad
545 4350 793 4404 abbatem
819 4347 1149 4411 Pmmenem,
1173 4351 1445 4419 simulque
1467 4352 1646 4405 cibum
1667 4350 2022 4419 sumpsimus.

2109 3166 2201 3217 τὸν
2240 3162 2414 3216 ἀὸὅᾶν
2456 3160 2695 3230 Σίμωνα,
2733 3157 2926 3225 λέγων,
2969 3156 3051 3208 ὅτι
3103 3152 3228 3205 Ἰἰὰν
3269 3149 3466 3214 ἐξέλθω
3505 3150 3571 3202 ὲκ
3595 3146 3689 3200 τοῦ

2110 3254 2323 3307 κελλίου
2367 3267 2488 3320 μου,
2525 3249 2618 3302 καὶ
2649 3246 2795 3318 εὕρω
2825 3247 2914 3298 τὸν
2949 3243 3174 3311 ἀδελφόν
3205 3259 3306 3312 μου
3336 3237 3694 3309 περισπώμε-

2112 3361 2221 3404 νον,
2272 3338 2426 3407 κάγὼ
2474 3335 2829 3410 περισπῶμαι
2891 3333 3009 3404 μετ’
3038 3329 3223 3386 αὐτοῦ’
3271 3329 3365 3381 καὶ
3411 3327 3507 3380 ἐὰν
3541 3325 3690 3396 εὕρω

2113 3435 2274 3488 αὐτὸν
2309 3433 2588 3501 γελῶντα,
2657 3427 2811 3497 κάγὼ
2861 3426 3001 3494 γελῶ
3067 3423 3180 3495 μετ’
3225 3421 3407 3475 αὐτοῦ’
3452 3419 3544 3472 ἐὰν
3600 3414 3695 3472 οὖν

2113 3528 2338 3581 εἰσέλθω
2368 3528 2447 3588 εἰς
2490 3525 2550 3576 τὸ
2583 3523 2792 3576 κελλίον
2830 3538 2951 3590 μου,
2987 3519 3085 3571 οὐκ
3119 3517 3349 3585 ἁφίεμαι
3387 3513 3696 3566 ἀνάπαυσιν

2115 3622 2276 3691 ἔχειν.
2300 3619 2462 3685 Λέγει
2486 3615 2635 3686 αὐτῷ
2658 3617 2686 3666 6
2711 3614 2886 3684 γέρων
2902 3628 2914 3640 ·
2932 3609 3136 3672 Θέλεις,
3163 3609 3254 3660 ἐὰν
3275 3603 3492 3675 ἐξέλθῃς
3513 3605 3580 3656 ὲκ
3602 3600 3697 3654 τοῦ

2116 3712 2326 3765 κελλίου
2365 3727 2479 3771 σου,
2522 3709 2617 3761 καὶ
2646 3707 2810 3778 εὕρῃς
2834 3706 2958 3764 τοὺς
2986 3699 3282 3768 γελῶντας,
3309 3698 3401 3751 καὶ
3430 3698 3494 3750 σὺ
3535 3693 3698 3762 γελά-

2121 3821 2228 3858 σαν
2262 3803 2356 3855 καὶ
2385 3802 2511 3864 τοὺς
2543 3798 2857 3858 λαλοῦντας,
2885 3795 2978 3848 καὶ
3008 3795 3072 3846 σὺ
3112 3791 3358 3860 λαλῆσαιο
3393 3788 3486 3841 καὶ
3523 3785 3698 3839 εἰσελε-

2121 3891 2219 3960 θῃς
2266 3891 2345 3952 εἰς
2377 3888 2438 3940 τὸ
2480 3886 2687 3940 κελλὶον
2733 3901 2848 3946 σου,
2883 3883 2978 3936 καὶ
3025 3880 3188 3952 εὕρῃς
3246 3879 3430 3932 ἑαυτὸν
3475 3877 3551 3936 ὡς
3592 3871 3698 3948 ἧςς

2120 3983 2282 4050 Λέγει
2315 3983 2343 4033 6
2377 3979 2623 4047 ἁδελφός·
2667 3974 2828 4028 Ἀλλὰ
2869 3975 2954 4038 τί;
3006 3976 3115 4027 Καὶ
3173 3968 3490 4041 ἀποκριθεὶς
3536 3969 3567 4019 6
3612 3968 3701 4035 γέ-

2127 4093 2232 4146 ρων
2279 4070 2452 4126 εἶπεν·
2491 4073 2638 4125 Ἔσω
2686 4072 2840 4141 τήρει
2889 4068 3158 4138 φυλακὴν,
3197 4066 3302 4132 ἔξω
3344 4065 3500 4134 τήρει
3533 4063 3702 4132 φυλα-

2123 4166 2247 4236 κήν.
3363 4207 3386 4231 Ι

2196 4255 2331 4327 ρλη⁹.
2369 4254 2590 4320 Ἔλεγεν
2639 4255 2667 4305 6
2710 4252 2884 4315 esse;
2927 4249 3142 4319 Δανιὴλ,
3189 4250 3269 4302 ὅτι
3318 4243 3701 4316 Παρεσάλομέν

2128 4366 2256 4402 ποτε
2302 4347 2381 4417 τῷ
2427 4347 2572 4416 ἀὸὁᾷ
2610 4344 2857 4414 Ποιμένι,
2904 4343 2999 4396 καί
3040 4338 3382 4410 ὲγευσάμεθα
3403 4337 3559 4408 ὁμοῦ.
3595 4336 3703 4390 Καὶ

455 4441 651 4496 Postea
669 4442 744 4495 ait
775 4442 934 4496 nobis
963 4460 974 4494 :
1006 4440 1101 4506 Ite,
1130 4441 1352 4506 fratres,
1386 4458 1576 4512 parum
1604 4443 1805 4510 quietis
1825 4442 2009 4511 capite.

2132 4440 2267 4509 μετὰ
2294 4438 2355 4490 τὸ
2375 4435 2674 4506 γεύσασθαι
2697 4435 2852 4505 ὁμοῦ,
2877 4433 3024 4501 λέγει
3049 4434 3180 4502 ἡμῖν
3202 4449 3215 4462 ο
3260 4430 3550 4496 Ὑπάγετε,
3577 4428 3704 4480 ἁνα-

455 4533 628 4604 lgitur
657 4533 855 4588 fratres
894 4534 1143 4589 abierunt
1178 4534 1421 4589 cubitum
1457 4534 1523 4588 ad
1570 4535 1842 4588 modicum
1890 4543 2029 4586 tem-

456 4641 595 4695 pus;
634 4640 736 4696 ego
789 4635 968 4681 autem
1025 4627 1322 4696 permansi,
1376 4637 1436 4682 ut
1481 4630 1712 4683 seorsim
1751 4626 2028 4696 colloque-

457 4729 566 4770 rer.
607 4716 738 4770 Dein
783 4731 1085 4786 exsurgens
1117 4717 1240 4771 veni
1278 4718 1331 4770 in
1364 4718 1554 4771 cellam
1604 4717 1746 4786 ejus.
1795 4713 1865 4770 Ut
1900 4731 2028 4785 ergo

460 4807 840 4862 animadvertit
881 4824 966 4862 me
995 4807 1061 4860 ad
1108 4807 1285 4877 ipsum
1319 4810 1611 4870 accedere,
1649 4808 1937 4862 collocavit
1969 4821 2028 4860 se

460 4895 619 4964 quasi
676 4894 960 4952 dormiret.
1013 4897 1137 4952 Haec
1185 4900 1329 4953 enim
1381 4906 1500 4953 erat
1549 4899 1697 4953 senis
1748 4899 2028 4968 operatio,

463 4993 657 5040 cuncta
689 4986 743 5041 in
768 4989 983 5043 occulto
1012 4987 1211 5044 facere.

534 5077 658 5132 159.
698 5077 960 5134 Honitum
1005 5079 1220 5136 abbatis
1251 5081 1561 5138 Poemenis:
1594 5083 1654 5138 Si
1693 5083 1892 5138 videris
1917 5098 2033 5153 spe-

2131 4531 2371 4585 παύεσθε
2406 4530 2624 4601 μικρὸν,
2657 4527 2894 4596 ἀδελφοί.
2943 4525 3211 4595 Ἀπῆλθον
3253 4519 3346 4576 οὖν
3388 4523 3437 4574 οἱ
3489 4519 3705 4588 ἀδελφοὶ

2135 4624 2326 4695 μικρὸν
2369 4623 2699 4691 ἀναπαῆναι,
2747 4619 2902 4688 κάγὼ
2943 4617 3252 4690 παρέμεινα
3296 4613 3528 4684 λαλῆσαι,
3559 4609 3707 4680 αὐτῷ

2135 4714 2274 4768 κατὰ
2304 4714 2490 4784 μόνας,
2519 4713 2616 4766 καὶ
2643 4711 2880 4773 ἀναστὰς
2906 4706 3067 4781 ἦλθον
3087 4710 3166 4771 εἰς
3187 4708 3284 4777 τὴν
3307 4705 3499 4759 κέλλαν
3520 4701 3704 4757 αὐτοῦ.

2147 4811 2234 4874 Ὠς
2257 4806 2348 4863 οὖν
2371 4805 2478 4861 εἶδέ
2513 4825 2578 4878 με
2606 4806 2896 4879 ἐρχόμενον
2925 4805 3060 4875 πρὸς
3091 4802 3272 4866 αὐτὸν,
3302 4800 3494 4871 ἔθηκεν
3518 4796 3708 4849 ἑαυτὸν

2135 4901 2210 4962 ὡς
2244 4898 2605 4970 κοιμώμενον.
2642 4897 2788 4968 Αὐτὴ
2821 4895 2930 4966 γὰρ
2961 4891 3030 4966 ἦν
3070 4895 3103 4964 ἡ
3137 4890 3368 4964 ἐργασία
3404 4888 3499 4943 τοῦ
3523 4887 3712 4960 γέρονο
3760 4951 3769 4976 Ι

2135 5009 2247 5056 τος,
2279 4991 2458 5045 πάντα
2487 4991 2544 5043 ἐν
2568 4989 2798 5060 κρυπτῷ
2831 4991 3026 5044 ποιεῖν.

2212 5083 2339 5155 ρλθ¹.
2376 5079 2542 5137 Εἶπεν
2583 5085 2613 5136 6
2647 5082 2821 5145 ἁϐὃᾶς
2850 5081 3080 5152 Ποιμήνο
3134 5076 3260 5131 Ἐὰν
3300 5076 3416 5149 ῐδῃς
3440 5073 3707 5143 θεάματα,

537 5261 584 5292 ¹³
613 5261 802 5315 Matth.
837 5278 934 5327 vti,
966 5262 1019 5316 5.
1096 5263 1140 5296 ”
1165 5264 1326 5322 llebr.
1353 5284 1405 5332 χ,
1438 5268 1528 5322 24.
1605 5269 1650 5300 ⁸⁵
1686 5267 1829 5323 Psal.
1857 5283 1999 5323 cxvn

2128 5269 2157 5320 ἱ.
2240 5267 2282 5297 ¹⁶
2316 5267 2398 5320 Al.
2451 5265 2647 5327 ὃλσς.¹⁷
2688 5264 2768 5319 AI.
2809 5263 2974 5317 inser.
3019 5261 3114 5332 μή.

542 5461 653 5532 (71)
695 5457 801 5532 Vit.
837 5458 991 5532 Patr.
1020 5477 1155 5526 mi,
1190 5463 1260 5528 2;
1293 5463 1516 5519 Doroth.
1552 5465 1738 5518 Doctr.
1771 5465 1823 5517 ‘7.

541 5527 653 5604 (7‘2)
690 5527 839 5604 Εἶπεξ
875 5529 1095 5604 πάλιν,

471 5673 735 5744 ἀδελφῶν,
769 5673 1021 5739 ἐστέναξε
1049 5673 1222 5743 μέγαέ
1253 5676 1346 5728 καὶ
1377 5676 1554 5729 αὐτῶν
1594 5673 1916 5746 πύθομένων
1939 5677 2040 5743 τὴν

831 5547 838 5579 r
889 5531 1095 5594 πάλιν,
1141 5538 1291 5602 μετὰ
1322 5535 1697 5605 στεναγμῶν.
1743 5533 1861 5588 Duo
1910 5535 2009 5587 libr

831 5602 992 5638 ἱιῖἧνῖρ
1047 5605 1258 5638 Πευηὲκυ
1340 5607 1469 5638 nona-1-
1529 5604 1836 5638 νκιὶάηευιν·
1904 5621 2001 5638 ηερ

2146 5532 2309 5638 if?”
2335 5531 2508 5638 ταὲξη
2529 5532 2646 5638 καὶεί

469 5600 710 5676 Colbcrt.
818 5602 992 5676 ἁᾷόἄς
1047 5600 1280 5674 Ποιμὴν,
1340 5607 1470 5658 ποτὲ
1520 5600 1836 5676 ’διαθήμενος
1904 5608 2042 5676 μετὰ
2146 5600 2372 5676 ΚΑύριον·
2409 5600 2563 5668 ἔλεγε
2593 5600 2620 5652 δ

2145 5461 2342 5524 αἰτίαν,
2375 5461 2574 5522 Πᾶσαι,
2612 5459 2798 5526 φησιν,
2832 5460 2888 5512 αἱ
2929 5455 3120 5520 ἀρεταὶ
3161 5451 3504 5574 συνήᾶθησαν
3547 5449 3606 5501 ἐν
3649 5449 3714 5517 τῇ

2146 5532 2307 5574 min-ri
2335 5531 2505 5574 ταύτῃ
2529 5532 2696 5574 vomit
2727 5530 2875 5574 μιᾶς-
2907 5524 2975 5574 ἧς
3007 5526 3174 5574 vomit
3199 5523 3317 5574 οὐδε
3347 5539 3374 5574 ς
3406 5520 3596 5574 ἧψεται
3626 5516 3714 5568 τὸν

2644 5516 2696 5592 ie
2726 5516 2876 5601 μιᾶς,
3007 5516 3374 5601 vigit-66651;
3393 5516 3596 5601 ﬂueret
3626 5516 3714 5568 τὸν

2150 5589 2372 5725 Κόὺρίον·
2409 5589 2563 5668 ἐλεγέ
2593 5589 2647 5652 δὲ
2677 5589 2893 5670 ’τὰύτῆν
2931 5589 3106 5659 εἶναι,
3152 5594 3214 5647 τὸ
3258 5592 3449 5646 ἑαυτὸν
3505 5589 3714 5662 μέμφε-

2150 5689 2180 5724 σ
2218 5690 2293 5725 αι.
