3874 6314
129 323 212 382 557
1103 333 1112 342 ·
1218 315 1834 376 APOPH'I‘HEGMATA
1875 319 2190 378 PATItUSI.
3235 312 3344 368 358

125 439 200 493 καὶ
226 435 376 500 ἀκοὰς
403 434 662 508 ἀκούσῃς,
701 437 776 507 μὴ
797 434 988 507 διηγοῦ
1013 437 1152 491 αὐτὰ
1177 437 1256 510 τῷ
1285 439 1510 510 πλησίον
1546 457 1655 492 σου·

1811 439 2008 502 tacula,
2039 447 2093 492 ct
2120 437 2361 494 audieris
2389 452 2694 500 sermones,
2727 435 2840 492 noli
2872 447 3132 492 enarrare
3158 431 3341 503 proxiv

123 530 362 600 ἀνατροπὴ
387 529 492 600 γάρ
515 533 629 582 ἐστι
660 529 912 600 πολέμουι

1768 547 1858 586 tuo
1897 539 2009 586 tuo.
2049 529 2145 586 Est
2171 531 2315 586 enim
2347 531 2542 587 bellica
2575 531 2877 588 subversio.

181 629 276 694 ρμ¹.
299 615 430 674 Εἷπε
461 621 644 672 πάλιν·
673 619 748 672 T6
773 619 986 688 πρῶτον
1026 617 1165 688 φύγε
1195 621 1362 688 ἅπαξ,
1398 621 1460 675 τὸ
1481 623 1664 676 δεύτε-

1839 623 1960 676 MO.
2006 623 2120 694 (Ἱό)
2165 621 2308 676 Dixit
2356 624 2563 677 etiam:
2597 623 2783 677 Primo
2833 621 2959 692 fuge
3005 619 3204 688 semel,
3254 634 3345 677 se-

125 731 200 786 pav
227 713 371 781 φύγε,
399 712 460 764 τὸ
480 712 684 781 τρίτον.
719 710 880 779 γενοῦ
905 713 1166 782 ῥομφαῑα.

1767 715 1946 767 cumlo
1975 715 2116 782 fuge,
2153 703 2315 768 tertio
2341 715 2553 768 elliccre
2577 715 2726 768 velut
2755 713 3091 783 rhompbaaa.

185 803 312 876 ρμα’.
339 801 470 858 Eine
497 804 660 857 πάλιν
681 807 710 858 6
734 803 908 866 ἀὸϐἄς
932 805 1146 874 Ποιμήν
1171 803 1252 874 τῷ
1279 805 1422 876 ἁϐὄᾷ
1453 807 1660 860 Ἰσαάκ·

1839 807 1962 861 Nl.
2031 806 2174 860 Dixit
2227 807 2422 860 iterum
2479 807 2646 861 abbas
2698 805 2920 858 Pmmen
2973 805 3040 858 ad
3091 804 3345 859 abbatem

123 897 358 966 Κούφισον
389 895 552 968 μέρος
583 901 684 967 τῆς
711 897 1060 968 δικαιοσύνης
1091 913 1206 961 σου,
1244 899 1337 950 καὶ
1365 898 1506 962 ἔξεις
1530 901 1653 953 ἁνάε

1821 911 2012 950 aacum
2043 915 2055 950 :
2089 895 2284 950 Levem
2317 895 2481 951 redde
2505 897 2733 965 justitia:
2771 905 2875 949 tua
2909 904 3140 966 partem,
3172 905 3227 952 et
3250 897 3346 952 ha-

123 1007 290 1044 mua’tv
315 989 408 1052 τὰς
435 989 622 1056 ὀλίγας
653 989 866 1058 ἡμέρας
891 1005 1008 1040 σου.

1767 991 1918 1043 bebis
1951 991 2193 1058 requiem
2227 991 2278 1042 in
2316 989 2506 1058 paucis
2529 989 2726 1042 diebus
2751 991 2883 1043 tuis.

179 1082 304 1154 ρμβ⁸.
348 1081 594 1148 Ἀδελφὸς
645 1080 920 1153 παρέϐαλε
969 1080 1046 1150 τῷ
1085 1080 1228 1152 ὰϐὁᾷ
1275 1082 1514 1152 Ποιμένι·
1569 1085 1662 1135 καὶ

1841 1079 1958 1131 142.
2011 1079 2128 1148 (⁵14)
2176 1077 2369 1132 Frater
2417 1079 2656 1134 visitavit
2702 1079 2952 1132 abbatem
2995 1063 3371 1154 Ptemenemx

123 1175 570 1242 συγκαθεζομένων
597 1175 780 1236 τινῶν,
815 1173 1046 1243 ἐπῄνεσέ
1069 1191 1188 1226 τινα
1217 1173 1461 1242 ἀδελφὸν,
1489 1175 1532 1226 ὠ
1545 1193 1562 1236 _:
1581 1177 1653 1228 ὅτι

1841 1187 1930 1240 {ne
1957 1187 2064 1224 una
2101 1171 2418 1227 sedentibus
2453 1172 2754 1237 nonnullis,
2789 1171 3030 1226 laudavit
3053 1149 3371 1243 quemdam.

123 1265 446 1336 μισοπονηρός
475 1265 615 1318 ἐστι.
657 1265 819 1330 Λέγει
861 1267 890 1315 6
931 1263 1102 1326 ἁϐὕτῖς
1142 1266 1352 1336 Ποιμὴν
1383 1265 1460 1335 τῷ
1499 1266 1653 1336 λαλή-

1819 1271 2013 1326 atrem,
2043 1263 2202 1331 quasi
2233 1263 2324 1332 qui
2354 1273 2500 1318 esset
2531 1265 2796 1318 malorum
2827 1279 2976 1319 osor.
3009 1264 3148 1318 Dicit
3175 1263 3349 1318 abbas

122 1373 264 1410 σαντι·
289 1357 392 1408 Καὶ
433 1356 487 1407 τί
527 1359 644 1408 ἐστι
673 1355 1072 1426 μισοπονηρία;
1113 1356 1334 1426 Ἐξέστη
1365 1356 1421 1409 δὲ
1455 1357 1483 1408 6
1517 1357 1652 1410 ἀδελ·

1819 1365 1986 1405 aemen
2015 1351 2064 1406 ei
2097 1353 2192 1421 qui
2223 1351 2276 1404 id
2305 1355 2520 1407 locutus
2553 1351 2772 1407 fuerat:
2803 1353 2866 1407 Et
2899 1353 3030 1424 quid
3061 1363 3146 1410 est
3175 1355 3349 1408 malo-

121 1449 214 1517 φὺς,
237 1449 321 1502 καὶ
341 1449 436 1518 οὐχ
465 1443 622 1518 εὗρεν
653 1448 1036 1520 ἀποκριθῆναυ
1067 1449 1303 1512 ἀναστὰς
1323 1449 1380 1501 δὲ
1410 1450 1651 1519 μετενόη-

1817 1459 1884 1496 ιιιι
1916 1443 2144 1496 odium?
2177 1443 2244 1496 At
2279 1442 2449 1498 frater
2483 1447 2802 1516 obstupuit,
2836 1461 2936 1501 nec
2973 1447 3179 1500 invenit
3215 1445 3347 1516 quid

123 1558 166 1593 σε
191 1541 256 1610 τῷ
271 1540 500 1612 γέροντι,
531 1540 726 1608 λέγων’
754 1539 890 1594 Εἰπέ
920 1557 1008 1610 μοι
1042 1541 1095 1592 τί
1119 1543 1232 1593 ἐστι
1264 1543 1653 1612 μισοπονηρίας

1819 1535 2121 1602 τεροηάετθι
2150 1553 2162 1588 :
2196 1535 2340 1590 unde
2367 1551 2597 1606 surgens
2632 1537 2750 1592 seni
2786 1553 2846 1592 se
2907 1537 3214 1603 inclinavit,
3255 1553 3349 1608 pe-

123 1631 238 1701 Ἐφη
263 1633 290 1682 6
317 1631 512 1700 γέρων·
537 1629 918 1700 Μισοπονηρία
953 1629 1090 1701 αὕτη
1129 1631 1298 1692 ἐστὶν.
1342 1633 1395 1684 εἴ
1437 1651 1520 1695 τις
1565 1633 1653 1695 τὰς

1819 1643 1884 1682 ns
1940 1627 2165 1680 doceret
2214 1643 2340 1682 eum
2391 1628 2523 1698 quid
2592 1641 2740 1684 esset
2802 1629 2989 1684 odium
3053 1631 3345 1685 malorum.

121 1722 350 1794 ἁμαρτίας
371 1721 538 1774 αὑτοῦ
569 1721 824 1792 ἐμίσησε,
852 1723 944 1774 καὶ
973 1723 1063 1774 τὸν
1095 1722 1321 1792 πλησίον
1354 1722 1517 1776 αὑτοῦ
1553 1723 1651 1775 ἐδι·

1819 1716 1991 1784 teepit
2037 1731 2246 1770 senex:
2273 1715 2386 1770 Hoc
2424 1727 2508 1772 est
2539 1719 2812 1772 malorum
2862 1717 3083 1782 odium,
3119 1722 3167 1776 si
3223 1721 3349 1790 quis

123 1813 342 1865 γσίωσεν.
1695 1810 1734 1864 Β
1766 1815 1986 1876 peccata
2018 1823 2119 1864 sua
2147 1809 2348 1873 oderit,
2377 1811 2800 1883 proximumque
2824 1825 2986 1866 suum
3010 1812 3220 1881 justum
3248 1827 3351 1884 pun

1764 1899 1980 1952 laverit.
2629 1923 2634 1928 -

117 1989 122 1994 ’
177 2001 304 2063 ρμγκ
346 1993 596 2062 Ἀδελφδς
627 1993 966 2065 παραϐαλὼν
999 1993 1076 2065 τῷ
1114 1995 1259 2067 assa
1293 1995 1536 2068 Ποιμένι,
1575 1995 1647 2048 λέ.

1835 1991 1960 2044 145.
1994 1990 2188 2045 Frater
2231 1992 2324 2061 qui
2371 2001 2680 2049 accesserat
2705 1993 2774 2048 ad
2822 1993 3077 2050 abbatem
3126 1991 3347 2049 Parme-

121 2099 187 2152 γει
205 2085 354 2156 αὐτῷ·
389 2087 455 2140 Τί
487 2089 731 2156 ﬁatﬁat»;
763 2087 924 2154 Λέγει
953 2085 1100 2155 αὐτῷ
1144 2087 1172 2138 6
1201 2087 1399 2155 γέρωψ
1421 2087 1651 2154 Ὕπαγε,

1815 2097 1910 2144 3m,
1942 2083 2017 2136 ait
2045 2083 2126 2137 illi
2155 2103 2170 2138 :
2199 2083 2340 2150 Quid
2373 2085 2610 2139 faciam?
2641 2085 2818 2141 Senex
2851 2087 2918 2141 ad
2953 2103 3076 2142 eum
3121 2103 3135 2140 :
3175 2084 3345 2150 Vade,

123 2179 378 2248 πλησίασον
401 2178 544 2248 μετὰ
563 2177 659 2231 τοῦ
685 2177 953 2246 λέγοντος,
982 2177 1046 2230 Τί
1078 2177 1216 2232 Θέλω
1235 2178 1378 2246 ἐγώ;
1409 2178 1502 2232 καὶ
1522 2178 1653 2244 ἔξεις

1817 2173 2008 2244 ijuuge
2035 2185 2088 2228 te
2139 2175 2346 2229 homini
2383 2176 2582 2231 dicenti
2615 2195 2628 2231 :
2667 2177 2805 2244 Quid
2855 2193 2952 2249 ego
2989 2178 3150 2232 volo?
3181 2187 3236 2233 et
3265 2195 3347 2234 re-

121 2269 404 2322 ἀνάπαυσιν.

1764 2265 1944 2334 quiem
1975 2265 2350 2334 consequeris.

176 2361 294 2432 pub".
318 2363 626 2432 Διηγήσατο
657 2364 685 2416 ὁ
737 2363 910 2427 ἀσῦἆς
957 2363 1173 2434 Ἰωσὴφ,
1219 2364 1300 2417 ὅτι
1325 2359 1476 2417 εἶπεν
1507 2364 1536 2415 6
1569 2362 1665 2416 ἀϐ-

1837 2355 1962 2409 144.
2013 2356 2269 2412 Narravit
2315 2358 2483 2412 abbas
2540 2357 2766 2428 Joseph,
2815 2359 3026 2416 dixisse
3080 2359 3335 2415 abbatem

122 2451 198 2514 iii;
234 2453 422 2518 Ἰσαὰκ,
485 2455 574 2506 ὅτι
634 2455 949 2526 Ἐκαοὴμην
1009 2455 1140 2508 ποτέ
1193 2454 1329 2526 πρὸς
1373 2455 1462 2506 τὸν
1491 2454 1652 2508 ἀὸὅᾶι

1815 2464 1920 2504 aac
1953 2468 1965 2503 :
1999 2447 2267 2504 Sedebam
2307 2451 2608 2520 aliquando
2641 2453 2787 2521 apud
2823 2453 3078 2508 abbatem
3128 2452 3345 2508 Penne-

127 2543 344 2614 Ποιμένα·
371 2545 464 2599 καὶ
495 2539 640 2598 εἶδον
665 2546 828 2598 αὑτὸν
865 2549 924 2598 ἐν
951 2545 1206 2599 ἐκστάσει
1235 2545 1544 2615 γενόμενον·
1571 2545 1657 2598 καὶ

1820 2556 1930 2606 aut,
1985 2550 2040 2595 et
2091 2543 2354 2612 conspexi
2397 2545 2450 2598 in
2487 2551 2748 2598 exstasim
2789 2553 3037 2614 raptum;
3088 2546 3350 2616 quodque

125 2637 273 2708 ἐπειδὴ
313 2633 454 2708 εἶχον
487 2640 630 2711 πρὸς
665 2639 827 2693 αὐτὸν
863 2638 1063 2709 πολλὴν
1098 2637 1444 2710 παρρησίαν,
1478 2636 1655 2689 ἕϐαλω

1828 2633 1942 2686 ulla
1973 2642 2159 2688 uterer
2201 2649 2332 2704 erga
2369 2635 2522 2689 illum
2563 2637 2820 2706 loquendi
2857 2638 3130 2700 libertate,
3159 2641 3351 2692 incur-

125 2727 240 2798 ιῦτῷ
266 2731 570 2799 μετάνοιαν,
604 2732 700 2786 καὶ
720 2731 1070 2802 παρεκάλεσα
1096 2731 1280 2794 αὑτὸν,
1311 2729 1506 2797 λέγων*
1531 2729 1655 2782 Εἰπέ

1817 2725 1889 2777 ivi
1913 2740 2000 2779 me
2019 2739 2206 2779 coram
2236 2726 2379 2795 ipso,
2401 2741 2468 2779 ac
2494 2725 2824 2795 deprecatus
2853 2743 2980 2784 sum
3009 2729 3096 2784 his
3125 2729 3306 2783 verbis
3331 2745 3347 2782 :

126 2823 322 2886 μ’)ιςποῧ
348 2819 448 2893 ἧςς
504 2825 566 2877 ὀ
603 2823 660 2876 δέ
698 2823 1064 2891 ἀναγκασθεὶς
1112 2820 1282 2876 εἶπεν·
1325 2823 1384 2875 '0
1422 2822 1552 2892 ἐμὸς
1581 2822 1656 2875 λο¹

1817 2815 1949 2870 fi'are
1979 2817 2135 2880 mihi,
2165 2817 2258 2870 ubi
2287 2818 2451 2873 eras?
2482 2817 2574 2873 Ille
2602 2834 2732 2874 vero
2764 2828 2991 2874 coactus
3021 2820 3306 2890 respondit
3331 2837 3345 2874 :

125 2915 282 2984 γισμὸς
313 2957 326 2978 ,
345 2917 476 2970 ὅπου
505 2919 542 2987 ἢ
595 2915 722 2984 ἁγία
755 2917 947 2985 Μαρία
969 2918 1002 2986 ὴ
1031 2915 1290 2979 Θεοτόκος
1321 2917 1539 2987 ἕστηκε.
1574 2916 1655 2968 mi

1823 2923 1924 2960 ens
1959 2921 2080 2960 mea
2133 2907 2188 2960 in
2245 2922 2311 2961 eo
2362 2908 2484 2962 loco
2531 2911 2876 2975 versabatur,
2928 2910 2984 2964 in
3019 2925 3130 2980 quo
3159 2921 3351 2965 sancta

125 3006 298 3060 ἔκλαιεν
317 3010 406 3062 ἐπὶ
433 3010 531 3062 τοῦ
565 3009 800 3078 σταυροῦ
833 3009 926 3063 τοῦ
969 3008 1244 3081 Σωτῆροςο
1281 3009 1376 3062 καὶ¹
1399 3009 1509 3079 ἐγὼ
1535 3009 1655 3080 ἤθε-

1817 2998 1942 3052 Laria
1976 2997 2074 3052 Dei
2124 2997 2362 3068 genitrix
2413 3001 2593 3065 stetit,
2647 3001 2870 3071 plorans
2919 3001 3076 3072 juxta
3123 3017 3347 3057 crucem

125 3097 196 3152 λον
219 3101 430 3156 πάντοτε
457 3101 638 3166 οὕτως
663 3103 891 3156 κλαίειν.

1825 3091 2114 3156 alvatoris;
2160 3099 2324 3162 atque
2373 3107 2475 3164 ego
2530 3107 2788 3162 cuperem
2834 3108 3055 3164 semper
3091 3109 3158 3150 eo
3188 3093 3355 3150 modo

1774 3183 1924 3238 ﬂere.

179 3280 296 3350 ρξε’.
332 3282 586 3351 Ἀδελφδς
608 3279 860 3352 ἠρώτησε
887 3280 980 3333 τὸν
1007 3279 1179 3332 ἁϐϐἄν
1197 3278 1663 3350 Ποιμένα,λέγων·

1847 3276 1972 3330 M5.
2011 3274 2207 3332 Frater
2253 3278 2467 3350 rogavit
2513 3279 2764 3334 abbatem
2799 3281 3118 3336 Paemenem
3153 3297 3166 3334 :
3203 3277 3349 3347 Quid

127 3369 380 3444 Τιποιήσω
419 3373 498 3444 τῷ
531 3373 690 3445 βάρει
725 3372 900 3442 τούτῳ
951 3371 1028 3441 τῷ
1059 3371 1336 3442 συνέχον-εί
1371 3388 1470 3442 iis;
1507 3371 1657 3438 Λέγει

1833 3371 1972 3423 ciam
2014 3373 2170 3426 oneri
2205 3372 2334 3426 huic
2365 3374 2507 3442 quod
2543 3389 2630 3426 me
2672 3374 3020 3443 comprimit?
3053 3372 3355 3444 Respondit

127 3461 240 3532 αὐτῷ
265 3466 290 3516 6
324 3466 518 3532 γέρων,
552 3466 636 3518 ὅτι
667 3464 748 3516 Τὰ
785 3463 958 3533 μικρὰ
997 3464 1156 3516 πλοῖα
1194 3465 1287 3516 xat
1337 3465 1405 3516 τὰ
1460 3463 1657 3534 μεγάλα

1857 3477 2058 3516 senex:
2095 3463 2282 3517 Parva:
2317 3479 2480 3518 naves
2517 3471 2572 3518 et
2605 3477 2814 3533 magnae
2847 3465 3004 3520 zonis
3069 3465 3354 3521 instructa:

129 3551 272 3622 ἔχουσι
317 3555 512 3621 ζώνας,
549 3557 640 3609 ἵνα
661 3553 728 3608 ἂν
763 3555 836 3626 μὴ
943 3555 1171 3627 εὔφορος
1213 3556 1433 3625 ἄνεμος,
1467 3555 1659 3630 βάλῳσι

1819 3565 1924 3618 int,
1955 3563 2014 3608 ut
2048 3555 2094 3610 si
2135 3565 2333 3611 ventus
2373 3555 2653 3611 secundus
2689 3559 2946 3624 defuerit,
2987 3565 3174 3612 nautae
3219 3559 3349 3612 mit-

127 3649 174 3700 τι
191 3652 452 3722 παρόλκιον
479 3652 576 3706 καὶ
607 3650 708 3714 τὰς
751 3625 928 3713 ζώνας
954 3651 1034 3713 εἰς
1059 3625 1126 3702 ’έὰ
1155 3649 1322 3718 στήθη
1347 3647 1545 3711 αὐτῶν,
1569 3625 1657 3702 .zat'

1825 3655 1894 3698 ιιιι
1929 3645 2114 3701 funem
2164 3663 2288 3702 cum
2321 3648 2558 3718 cingulis
2607 3651 2664 3702 in
2691 3658 2912 3718 pectora
2951 3665 3073 3716 sua,
3113 3659 3169 3705 et
3217 3667 3355 3720 pau-

129 3741 222 3790 κατ’
265 3741 430 3810 ὀλίγον
455 3741 664 3795 ἕλκωσι
696 3739 758 3794 τδ
791 3739 974 3792 πλοῖον
1003 3741 1106 3802 ἓως
1153 3733 1214 3791 οὗ
1244 3743 1272 3792 6
1301 3739 1434 3802 Θεὸς
1480 3739 1659 3812 πέμψῖ

1817 3739 1930 3791 itim
1957 3753 2152 3794 navem
2186 3740 2426 3808 trahant,
2461 3740 2636 3796 donec
2667 3739 2813 3796 Deus
2847 3751 3068 3796 ventum
3093 3743 3307 3798 miserit
3333 3759 3347 3797 :

129 3828 200 3880 τον
229 3830 430 3902 ἄνεμον·
467 3833 570 3886 ἐὰν
597 3832 656 3886 δὲ
706 3831 954 3910 μάθωσιν
973 3832 1054 3884 ὅτι
1083 3817 1276 3902 ἀνέστη
1303 3831 1520 3900 γνόφος,
1551 3830 1659 3883 τότε

1823 3831 1928 3884 uod
1963 3833 2007 3887 si
2039 3833 2412 3902 compererint
2446 3834 2826 3889 exsurrexisse
2867 3835 3180 3905 caliginem.
3221 3842 3353 3889 tunc

130 3918 176 3988 δὴ
199 3921 386 3992 ὁρμῶσι
433 3925 532 3978 καὶ
591 3923 845 3994 βάλλουσι
877 3923 1186 3990 πάσσαλον,
1218 3925 1304 3976 ἵνα
1349 3924 1422 3994 μὴ
1461 3922 1660 3995 ῥέμδτΓ

1775 3926 2079 3995 appellunt,
2115 3934 2168 3980 et
2199 3927 2460 3996 paxillum
2489 3929 2682 3996 ligunt,
2717 3943 2786 3982 ne
2813 3929 2969 3982 navis
3000 3935 3243 3999 vagetur.

131 4027 198 4062 ut
224 4013 280 4070 ‘3.

187 4101 312 4172 ρμςζ
354 4107 613 4176 ’Δδελφδς
647 4107 900 4179 ἠρώτησε
949 4107 1041 4162 τὸν
1067 4107 1240 4162 ἁεϐᾶν
1293 4109 1532 4178 Ποιμένα
1585 4107 1674 4162 διὰ

1851 4100 1974 4156 MS.
2003 4101 2116 4173 (75)
2150 4101 2345 4159 Frater
2375 4113 2730 4174 percontatus
2764 4115 2849 4161 est
2875 4107 3126 4162 abbatem
3151 4107 3359 4164 Paema-

135 4195 206 4255 τὰς
225 4197 318 4248 τῶν
333 4199 610 4268 λογισμῶν
637 4201 919 4272 ἐπηρείας.
952 4201 1062 4254 Καὶ
1079 4201 1229 4269 λέγει
1253 4201 1401 4271 αὐτῷ
1422 4203 1449 4254 6
1469 4201 1665 4272 γέρων·

1821 4209 1900 4246 cm
1927 4193 1994 4246 de
2007 4193 2408 4263 cogitationum
2432 4195 2897 4252 infestationibus.
2923 4195 3014 4250 Ait
3045 4197 3124 4250 illi
3149 4213 3351 4254 senex:

135 4284 268 4342 Τοῦτο
291 4291 348 4344 τὸ
383 4295 621 4364 πρᾶγμα
667 4293 843 4346 ἔοικεν
901 4293 1057 4366 ἀνδρὶ
1100 4293 1274 4364 ἔχοντι
1309 4293 1422 4364 πῦρ
1451 4293 1507 4358 ἐξ
1541 4294 1665 4344 εὐω-

1827 4299 1904 4338 aee
1961 4299 2049 4340 res
2080 4285 2278 4340 similis
2309 4295 2392 4342 est
2429 4287 2636 4342 homini
2670 4289 2766 4358 qtti
2801 4289 2965 4344 habet
2999 4289 3178 4356 ignem
3218 4305 3246 4344 a
3281 4293 3357 4346 si-

135 4377 298 4448 νῦμων,
347 4386 438 4438 καὶ
489 4385 748 4455 κρατῆρα
790 4383 983 4447 ὓδατος
1036 4387 1098 4438 ἐκ
1153 4384 1364 4450 δεξιῶν.
1407 4383 1536 4438 Ἐὰν
1580 4379 1665 4438 οὖν

1825 4378 1988 4442 istris,
2034 4385 2086 4433 et
2135 4388 2404 4435 craterem
2454 4396 2611 4452 aqua:
2653 4398 2684 4437 a
2723 4383 2952 4438 dextris.
2996 4381 3054 4438 Si
3103 4399 3234 4453 ergo
3263 4399 3355 4440 ac-

139 4470 248 4542 ἁφθῇ
271 4473 325 4528 τὸ
369 4477 500 4547 πῦρ,
533 4477 678 4549 λάϐῃ
731 4479 796 4530 ἐκ
844 4476 936 4530 τοῦ
981 4477 1256 4548 κρατῆρος
1300 4477 1360 4530 τὸ
1389 4476 1552 4548 ὕδωρ,
1579 4476 1669 4530 καὶ

1827 4487 1982 4526 ausus
2023 4473 2190 4528 fuerit
2241 4475 2406 4543 ignis,
2440 4476 2673 4545 accipiet
2711 4491 2740 4530 e
2785 4487 2997 4530 cratere
3039 4491 3261 4546 aquam,
3294 4491 3357 4532 ac

140 4562 268 4638 σῦἐσῃ
317 4570 460 4622 αὐτό.
509 4569 586 4622 T6
611 4569 724 4640 πῦρ
760 4573 906 4623 ἐστιν
935 4572 964 4622 6
994 4571 1194 4642 σπόρος
1241 4569 1336 4623 τοῦ
1369 4569 1584 4640 ἐχθροῶ
1615 4569 1670 4622 τὸ

1824 4565 2092 4636 tstinguet
2125 4566 2301 4620 illum.
2339 4567 2481 4636 Ignis
2508 4575 2594 4622 est
2647 4567 2912 4622 sementis
2940 4567 3146 4621 inimici
3171 4583 3185 4632 ;
3214 4581 3354 4637 aqua

139 4650 330 4729 ὗέὖδωρ,
359 4661 418 4714 τὸ
451 4661 610 4733 ῥίψαι
639 4663 830 4715 ἑαυτὸν
857 4661 1086 4716 ἐνώπιον
1115 4661 1208 4716 τοῦ
1235 4661 1390 4716 Θεοῦ.

1367 4688 1390 4716 ι.
1777 4672 1932 4720 vero,
1963 4667 2244 4727 prostrare
2272 4675 2330 4714 se
2365 4661 2420 4714 in
2445 4667 2748 4729 censpectu
2780 4658 2897 4713 Dei.

193 4748 309 4814 ρμζν.
352 4751 604 4822 ’Δδελιρὸς
637 4751 887 4824 ἠρώτησε
917 4753 1005 4806 τὸν
1063 4753 1238 4806 ἁϐὃᾶν
1279 4753 1540 4824 Ποιμένα,
1589 4753 1676 4806 λέ-

1855 4749 1978 4802 M7.
2016 4749 2128 4820 (76)
2163 4749 2358 4804 Frater
2387 4751 2700 4805 sciscitatus
2727 4759 2811 4804 est
2851 4749 3105 4804 abbatem
3141 4749 3355 4804 Parme-

141 4844 252 4898 γων·
289 4837 494 4893 Βέλτιὸν
549 4843 668 4894 ἐστι
713 4841 774 4893 τὸ
815 4841 1046 4912 λαλῆσαι
1080 4841 1112 4914 ἢ
1151 4843 1462 4912 σιωπῆσαι;
1513 4843 1671 4912 Λέγει

1827 4856 1930 4906 em,
1961 4849 2318 4912 praestaretne
2345 4842 2493 4911 loqui
2527 4857 2692 4911 quam
2727 4849 2930 4896 tacere.
2969 4838 3036 4893 Et
3066 4855 3234 4894 senex
3269 4853 3357 4894 re-

139 4919 289 4990 αὑτῷὸ
311 4927 606 4996 γέρων,ὅτι
635 4928 692 4980 '0
721 4927 895 4980 λαλῶν
923 4929 1012 4982 διὰ
1039 4929 1128 4980 τὸν
1145 4927 1276 4982 Θεὸν
1305 4929 1483 4992 καλῶς
1511 4932 1669 4996 ποιεῖ,

1893 4933 2004 4988 ndit
2037 4955 2049 4989 :
2082 4933 2186 5000 Qui
2227 4945 2450 5005 propter
2483 4933 2652 4989 Deum
2703 4933 2965 5004 loquitur,
2998 4941 3150 4988 recte
3193 4930 3354 4997 facit;
3421 4923 3423 4925 ’

139 5013 248 5066 κε.ὶό
271 5021 473 5074 σιωπῶν
511 5021 604 5074 διὰ
633 5021 724 5074 τὸν
757 5019 910 5084 Θεὸν,
945 5021 1165 5092 ὁμοίως.

1777 5026 1898 5095 pari
1923 5025 2086 5081 modo
2109 5027 2275 5082 etiam
2303 5028 2395 5097 qui
2430 5035 2574 5082 tacet
2603 5033 2828 5096 propter
2859 5025 3051 5080 Deum.

195 5115 318 5176 ρμη’.
364 5113 620 5182 Ἀδελφὸς
639 5113 892 5187 ἠρώτησε
939 5113 1026 5166 τὸν
1059 5113 1233 5167 ἀὸϐᾶν
1265 5114 1540 5184 Ποιμένα,
1590 5113 1679 5167 λέ-

1853 5115 1976 5170 148.
2017 5116 2130 5186 (77)
2171 5115 2364 5174 Frater
2415 5117 2670 5188 quaesivit
2721 5118 2790 5172 ab
2820 5116 3016 5172 abbate
3058 5113 3355 5170 Ptemene:

143 5206 242 5258 ἴων
283 5199 396 5263 Πῶς
421 5201 648 5258 δύναται
697 5203 984 5275 ἄνθρωπος
1015 5206 1274 5272 ἐκφυγεῖν
1317 5202 1395 5274 τῷ
1425 5205 1470 5236 ¹⁹
1495 5203 1673 5270 κακῶς

1832 5209 2069 5264 umnodo
2109 5219 2288 5280 potest
2327 5211 2489 5266 homo
2531 5209 2772 5282 eﬂugere
2801 5225 2872 5266 ne
2919 5211 3064 5266 male
3099 5210 3358 5280 loquatur

143 5283 278 5339 εἰπεῖν
304 5291 376 5360 τῷ
403 5293 665 5364 πλησίονς
699 5295 860 5364 Λέγει
891 5295 1042 5366 αὐτῷ
1071 5295 1098 5347 6
1137 5293 1333 5366 γέρων·
1365 5295 1554 5366 Ἡμεῖς
1587 5297 1673 5350 καὶ

1827 5315 1851 5356 e
1891 5301 2184 5372 proximo?
2215 5301 2359 5358 Dicit
2397 5305 2448 5358 ci
2478 5319 2644 5358 senex
2678 5322 2690 5358 :
2724 5301 2835 5359 Nos
2870 5312 2926 5358 et
2959 5303 3156 5356 fratres
3181 5298 3357 5355 nostri

143 5375 180 5424 οἱ
197 5375 380 5451 ἀδελφοὶ
409 5386 594 5456 ἡμῶν,
617 5385 710 5440 δύο
739 5387 948 5452 εἰκόνες
986 5386 1174 5458 ἐσμέν⁶
1211 5387 1279 5459 ἢν
1307 5385 1351 5440 δ’
1386 5386 1452 5441 ἂν
1481 5387 1628 5459 ὤραν
1652 5391 1673 5442 6

1830 5409 1906 5448 uae
1941 5395 2210 5466 imagines
2243 5411 2466 5460 sumus;
2499 5411 2828 5468 quacunque
2859 5411 2986 5451 vero
3030 5395 3162 5449 hora
3197 5393 3360 5449 homo

193 5491 226 5522 “
251 5495 322 5550 Al.
355 5499 478 5556 add.
503 5501 785 5566 πάσσαλος
819 5503 878 5556 δέ
899 5504 1016 5558 ἐστι
1053 5503 1112 5558 τὸ
1147 5503 1338 5558 ἐαυτδν
1381 5501 1714 5574 μέμφεσθαι.

555 5501 785 5566 ἀσσαλος
819 5503 878 5556 δέ
899 5504 1016 5558 ἐστι
1053 5503 1112 5558 τὸ
1147 5503 1338 5558 ἐαυτδν
1381 5501 1714 5574 μέμφεσθαι.
1793 5504 1836 5536 ¹⁹
1871 5505 1956 5560 Al.
2006 5507 2085 5562 τό.

196 5604 290 5696 lli!
319 5614 444 5696 IMP-
465 5631 522 5696 ιι-
561 5615 702 5672 4004
729 5617 900 5696 ιιι.ἐὲ-

1859 5619 1972 5696 Cl'fj)
2005 5619 2232 5696 isceil.
2266 5625 2426 5681 Voss.
2455 5641 2507 5696 p.
2537 5625 2656 5696 I36.

455 5677 618 5766 ξξαιν.
655 5687 900 5766 πικρή.

1854 5677 1972 5764 (77;
2017 5677 2126 5749 va;
2150 5677 2432 5760 Ράιέξῐιῖ,
2457 5677 2594 5752 ἳεεῖ
2615 5677 2855 5750 11mm.
2899 5691 3059 5750 Voss.
3099 5689 3183 5752 Ib.

198 5747 290 5819 (75)
329 5753 424 5810 Vit.
455 5757 615 5812 Patr.
642 5747 863 5824 ιι1,’209.
