3828 6304
434 271 544 328 $339

1583 267 1806 326 APPEN
1817 268 1929 326 DIX
1968 269 2063 324 AD
2100 267 2519 325 PALLADIUM.

3595 269 3703 324 1’61

437 388 541 444 sibi
585 385 900 444 attenderit,
932 400 994 438 ac
1034 384 1376 454 redarguerit
1409 399 1488 445 se.
1527 385 1835 440 invenietur
1869 385 2010 455 apud

2171 385 2398 455 νθρωπος
2424 381 2602 452 ἑαυτῷ
2644 381 2879 452 προσέχῃ
2911 381 3006 435 καὶ
3036 381 3336 452 μέμψηται,
3385 382 3705 452 εὑρίσκεται

437 495 563 535 cum
594 480 763 532 frater
785 479 906 547 ejus
935 479 1304 542 honorabilis;
1335 487 1389 530 at
1417 478 1639 547 quando
1667 478 1768 532 sibi
1799 478 2015 532 videtur

443 575 760 642 praeclarus,
801 571 1010 625 invenit
1059 570 1281 624 fratrem
1321 586 1480 624 suum
1525 586 1751 640 pravum
1787 571 1842 624 in
1877 587 2013 624 con-

440 673 630 734 spectu
667 680 788 718 suo.

512 777 636 832 149.
677 774 872 830 Frater
905 783 1262 844 percontatus
1295 782 1379 827 est
1422 791 1486 829 ex
1531 773 1726 829 abbate
1761 773 2017 851 Premene

440 867 508 922 de
536 868 791 937 segnitie.
831 864 896 918 Et
931 867 1070 920 dixit
1100 867 1178 920 illi
1218 881 1382 920 senex
1415 883 1428 922 :
1465 864 1736 934 Segnities
1773 875 1885 920 stat
1917 881 2015 920 su-

445 976 539 1031 per
567 960 716 1014 omni
756 959 1053 1028 principio,
1084 974 1186 1013 nec
1227 958 1385 1028 pejus
1416 957 1507 1010 illa
1538 966 1624 1011 est
1662 957 1889 1020 vitium;
1920 956 2017 1011 sed

440 1053 486 1107 si
515 1051 799 1121 agnoverit
827 1065 947 1105 eam
972 1051 1158 1118 homo,
1189 1051 1333 1120 quod
1361 1049 1478 1118 ipsa
1509 1049 1602 1113 sit,
1631 1049 1904 1104 obtinebit
1932 1063 2019 1103 re-

437 1159 642 1205 quiem.

516 1257 641 1309 150.
684 1254 829 1310 Dixit
849 1256 1019 1310 abbas
1037 1253 1257 1308 Pmmen
1276 1273 1288 1306 :
1314 1251 1450 1306 Tres
1464 1266 1758 1321 corporeas
1772 1231 2018 1305 actidnes

442 1346 904 1416 deprehendimus
949 1347 1002 1400 iu
1046 1346 1242 1399 abbate
1274 1345 1481 1398 Panibo
1517 1362 1530 1400 :
1566 1344 1837 1414 jejunium
1875 1360 2019 1413 quo-

441 1440 709 1494 tidianum
739 1454 912 1508 usque
933 1439 1002 1492 ad
1026 1453 1329 1508 vesperam,
1379 1437 1655 1492 silentium
1680 1442 1734 1490 et
1765 1449 2018 1506 magnam

440 1542 703 1583 manuum
737 1529 1134 1598 operationem.

514 1641 638 1696 151.
674 1639 849 1694 Etiam
884 1641 1072 1693 retulit
1105 1640 1438 1695 sententiam
1485 1639 1700 1694 abbatis
1729 1633 1967 1693 Theonaa
1999 1656 2017 1695 :

444 1732 602 1788 Licet
656 1735 783 1802 quis
827 1734 1086 1787 virtutem
1139 1733 1478 1802 acquisierit,
1546 1732 1686 1786 Deus
1737 1747 1846 1785 non
1913 1731 2018 1796 ipsi

445 1826 547 1879 soli
594 1829 798 1894 praebet
845 1826 1098 1892 gratiam.
1152 1823 1313 1878 Novit
1359 1823 1503 1877 enim
1539 1822 1683 1892 quod
1726 1837 1839 1876 non
1882 1821 2021 1876 foret

445 1918 621 1970 lldelis
652 1920 706 1970 in
753 1932 856 1970 suo
887 1917 1096 1970 labore.
1130 1914 1237 1970 Sed
1266 1916 1312 1969 si
1346 1916 1649 1983 perrexerit
1675 1915 1739 1969 ad
1778 1913 2021 1969 sodalem

444 2022 605 2062 suum
624 2046 638 2065 .
677 2014 810 2058 tunc
841 2014 1126 2074 permanet
1149 2002 1290 2073 apud
1319 2019 1466 2058 eum.

389 2093 391 2096 ’
517 2097 642 2152 152.
683 2097 870 2151 Frater
898 2098 1254 2166 interrogavit
1277 2096 1530 2149 abbatem
1558 2092 1872 2150 Pmmenem
1905 2094 2020 2149 sic:

444 2189 584 2245 Volo
615 2192 824 2244 intrare
856 2189 909 2243 in
941 2189 1277 2248 coenobium,
1304 2187 1522 2255 illicqne
1545 2201 1850 2241 remanere.
1887 2185 2026 2239 Dicit

442 2283 493 2336 ei
548 2296 760 2352 senex:
801 2279 859 2334 Si
917 2281 1198 2336 desideras
1244 2283 1434 2334 vivere
1487 2280 1543 2332 in
1592 2279 1879 2344 cmnobio,
1917 2279 2024 2332 nisi

444 2374 716 2443 abieceris
761 2388 953 2427 curam
998 2372 1180 2426 omnis
1229 2372 1513 2441 colloquii,
1574 2371 1866 2441 omnisque
1895 2356 2024 2436 'rei,

447 2481 556 2518 non
583 2463 788 2534 poteris
818 2471 876 2517 ut
910 2461 1238 2516 cmunbitam
1277 2461 1435 2515 decet
1455 2462 1694 2531 Operari.
1720 2460 1842 2514 Non
1877 2462 2022 2514 enim

447 2558 528 2610 vel
559 2559 721 2610 unius
748 2565 958 2608 tantum
998 2553 1246 2608 baucalis
1275 2554 1534 2608 dominus
1564 2568 1647 2608 es.

520 2648 646 2702 155.
671 2647 784 2717 (78)
800 2645 991 2701 Frater
1008 2645 1325 2700 sciscitatus
1344 2654 1428 2698 est
1445 2660 1510 2698 ex
1528 2645 1724 2699 abbate
1745 2643 2024 2710 Ptemene,

447 2739 577 2808 quid
606 2737 786 2792 facere
805 2739 1046 2792 deberet.
1074 2737 1378 2806 Respondit
1401 2757 1413 2792 :
1441 2739 1719 2806 Scriptum
1745 2749 1828 2792 est
1853 2758 1866 2790 :
1890 2739 2028 2804 Quo-

448 2829 595 2882 niam
627 2827 960 2896 iniquitatem
990 2843 1161 2880 meam
1192 2843 1285 2896 ego
1322 2827 1672 2890 annuntiabo,
1707 2838 1754 2880 et
1783 2826 2025 2896 cogitabo

448 2936 545 2990 pro
576 2929 787 2980 peccato
808 2937 920 2975 meo
938 2923 1006 2974 ὀ.

527 3013 650 3066 154.
695 3013 808 3083 (79)
839 3013 1023 3067 Abhas
1047 3011 1270 3066 Paemen
1307 3012 1445 3067 dixit
1473 3029 1489 3067 :
1520 3011 1678 3078 Quod
1711 3020 1926 3082 spectat
1958 3011 2027 3067 ad

2117 479 2332 548 ἔντιμος
2382 477 2512 548 παρ’
2542 476 2690 546 αύτῴ
2742 479 2771 529 6
2802 477 3027 545 ἀδελφὸς
3073 475 3256 529 αὑτοῦ⁸
3311 475 3402 528 ὅτε
3429 476 3486 528 δὲ
3523 475 3704 545 ἑαυτῷ

2118 571 2365 638 φαίνεται
2395 569 2578 632 καλὸς,
2629 568 2870 638 εὑρίσκει
2926 568 3016 620 τὸν
3066 568 3290 636 αδελφὸν
3313 567 3477 621 αὑτοῦ
3531 567 3706 623 nati.»

2119 661 2350 714 ἐνώπιον
2385 661 2571 714 αὑτοῦ.

2189 775 2333 846 ρμθθ.
2379 775 2626 842 Ἀδελφὸς
2653 772 2906 845 ἠρώτησε
2957 773 3048 826 τὸν
3093 773 3268 826 ἀϐὁᾶν
3316 771 3556 841 ῐῙοιμὲνα
3615 770 3708 822 διὰ

2117 865 2214 936 τὴν
2242 866 2490 936 ἀκηδίαν.
2529 865 2636 918 Καὶ
2661 865 2806 932 λέγει
2830 865 2977 934 αύτῷ
3005 867 3032 918 6
3060 865 3257 936 γέρων,
3291 864 3371 916 ὅτι
3407 865 3466 915 Ἡ
3499 863 3708 931 ἀκηδξα

2122 958 2311 1028 στήκει
2341 959 2432 1010 ἐπὶ
2483 957 2629 1028 πάσῃ
2670 958 2834 1028 ἀρχῇ,
2893 957 2988 1010 καὶ
3018 957 3116 1009 οὐκ
3165 956 3278 1007 ἔστι
3306 957 3483 1024 χεῖρον
3533 955 3710 1023 αὐτῆς

2119 1049 2311 1112 πάθος-⁸
2348 1049 2462 1101 ἀλλ’
2492 1049 2588 1102 ἐὰν
2619 1049 2862 1121 γνωρίσῃ
2889 1048 3057 1120 αὐτὴν
3083 1051 3112 1102 6
3139 1047 3539 1118 ἄνθρωπος,ὄτι
3561 1046 3707 1114 αὕτη

2023 1142 2029 1151 ’
2117 1140 2288 1203 ἐστὶν,
2324 1141 2678 1196 ἀναπαύεται.

2193 1257 2288 1323 ρνν.
2318 1252 2484 1305 Εἶπεν
2515 1252 2543 1304 6
2580 1252 2753 1315 6666i;
2774 1253 2983 1323 Ποιμὴν
3003 1293 3018 1315 ,
3063 1253 3146 1306 ὅτι
3173 1254 3334 1326 Τρεῖς
3385 1255 3712 1324 σωματικὰς

2119 1343 2346 1414 πράξεις
2395 1345 2575 1415 ἴδομεν
2619 1343 2713 1397 τοῦ
2760 1345 2903 1397 ἀὸὄᾶ
2941 1346 3169 1416 Παμϐώ·
3205 1347 3419 1399 ἀσιτίαν
3459 1347 3565 1408 ἕως
3610 1346 3712 1414 ὀψὲ

2122 1435 2242 1487 καθ’
2269 1435 2507 1504 ἑκάστην
2540 1436 2770 1507 ἡμέραν,
2809 1438 2903 1490 καὶ
2953 1438 3181 1508 σιωπὴν,
3215 1439 3309 1491 καὶ
3351 1438 3494 1508 μέγα
3542 1439 3712 1508 ἐργόο

2119 1541 2322 1598 χειρον.

2190 1643 2326 1710 ρνα’.
2359 1634 2490 1690 Εἶπε
2513 1637 2695 1704 πάλιν,
2737 1639 2819 1692 ὃτι
2857 1637 3038 1706 ἔλεγεν
3072 1639 3100 1691 6
3130 1639 3304 1702 6665i;
3329 1641 3568 1703 Θεωνᾶς.
3629 1641 3713 1693 ὅτι

2120 1730 2241 1783 Κᾶν
2272 1730 2511 1800 κερδήσῃ
2543 1746 2626 1792 τις
2675 1729 2896 1800 ἀρετὴν,
2936 1731 2964 1781 6
3005 1730 3137 1791 Θεὸς
3194 1730 3254 1781 ού
3293 1731 3519 1800 παρέχει
3562 1737 3715 1800 μόνῳ

2123 1823 2274 1894 αὐτῷ
2305 1823 2404 1894 τὴν
2427 1823 2606 1893 χάριν·
2637 1819 2745 1875 οἶδε
2774 1825 2884 1893 γὰρ
2907 1825 2987 1875 ὅτι
3020 1824 3118 1876 οὐκ
3144 1819 3210 1892 ἦν
3242 1823 3430 1885 πιστὸς
3453 1822 3552 1876 τοῦ
3577 1823 3714 1875 ἰδίου

2123 1913 2394 1984 καμάτου·
2444 1912 2558 1965 ἀλλ’
2590 1913 2684 1965 ἐὰν
2723 1914 2932 1984 ἀπέλθῃ
2964 1914 3098 1984 πρὸς
3140 1915 3230 1966 τὸν
3256 1917 3467 1986 ἑταῖρον
3514 1914 3714 1976 αὐτοῦ,

2121 2006 2244 2058 τότε
2276 2009 2424 2075 παρα
2435 2005 2581 2074 μένει
2615 2005 2782 2074 αύτῷ.

2198 2096 2327 2167 ρνβ’.
2350 2097 2584 2165 Αδελιρὸς
2615 2097 2868 2168 ἠρώτησε
2902 2097 2992 2150 τὸν
3021 2098 3191 2151 ἅϐὂᾶν
3221 2099 3479 2167 Ποιμένα,
3506 2098 3710 2166 λέγων·

2124 2187 2273 2242 Θέλω
2301 2190 2380 2252 εἰς
2433 2188 2697 2242 κοινόϐιον
2758 2189 3052 2253 εἰσελθεῖν,
3100 2191 3193 2243 καὶ
3239 2191 3478 2260 οἰκῆσαι.
3543 2191 3718 2259 Λέγει

2124 2281 2273 2352 αύτῷ
2307 2285 2334 2336 6
2370 2282 2566 2353 γέρων·
2623 2283 2683 2336 Εἰ
2714 2282 2886 2347 θέλεις
2920 2284 2999 2348 εἰς
3052 2283 3314 2336 κοινόϐιον
3345 2283 3634 2346 εἰσελθεῖν,
3665 2284 3715 2336 εἰ

2129 2375 2204 2447 μὴ
2236 2377 2620 2449 ἀμεριμνήσῃς
2656 2375 2763 2428 ἀπὸ
2811 2377 2990 2446 πάσης
3036 2377 3322 2446 συντυχίας
3363 2377 3458 2429 καὶ
3511 2377 3722 2438 παντὸς

2129 2466 2472 2537 πράγματος,
2498 2469 2557 2519 ού
2585 2466 2806 2520 δύνασαι
2845 2467 3106 2520 κοινοὸιον
3128 2467 3194 2498 ¹⁰⁴
3219 2467 3574 2537 εργάςασθαν
3618 2465 3718 2521 τοῦ

2126 2560 2234 2630 γὰρ
2261 2559 2552 2629 βαυκαλίου
2588 2559 2747 2628 μόνου
2774 2560 2932 2630 μόνον
2957 2560 3055 2612 ούκ
3080 2559 3222 2629 ἔχεις
3250 2559 3518 2624 ἐξουσίαν.

2202 2657 2334 2721 ρνγ’.
2364 2649 2616 2718 Ἀδελφὸς
2650 2651 2898 2722 ἠρώτησε
2924 2651 3016 2702 τὸν
3039 2652 3210 2704 ἀόεᾶν
3224 2651 3481 2720 Ποιμένα,
3511 2649 3716 2717 λέγων’

2126 2743 2190 2794 Τί
2225 2745 2466 2814 ποιήσω;
2509 2742 2616 2796 Καὶ
2668 2739 2820 2796 εἶπεν
2846 2759 2861 2774 ’
2898 2742 3246 2812 Γέγραπται,
3297 2744 3377 2795 ὃτι
3420 2741 3540 2807 Τὴν
3567 2742 3722 2796 ἀνο-

2123 2835 2272 2904 μίαν
2281 2853 2400 2903 μου
2421 2834 2534 2904 ἐγὼ
2553 2832 2883 2904 aram—edi),
2910 2833 3009 2887 καὶ
3025 2833 3366 2904 μεριμνήσω
3395 2831 3548 2900 ὑπὲρ
3603 2830 3721 2900 τῆς

2129 2927 2418 2996 ἁμαρτίας
2438 2945 2580 2995 μου.

2207 3019 2330 3090 ρνδ¹.
2376 3018 2540 3073 Εἶπεν
2563 3021 2591 3073 6
2613 3019 2789 3082 6665.;
2808 3015 3042 3090 Ποιμήν·
3067 3017 3177 3089 Τῆς
3205 3017 3453 3088 πορνείας
3493 3016 3591 3069 καὶ
3619 3015 3723 3087 τῆς

451 3105 869 3160 fornicationem
883 3107 1340 3162 etdetractionem
1363 3146 1378 3170 ,
1399 3121 1506 3160 non
1525 3117 1741 3176 oportet
1772 3117 1832 3160 ut
1862 3107 2025 3161 homo

2171 3110 2466 3174 αταλαλιᾶς
2488 3110 2550 3162 ού
2583 3109 2701 3162 δέον
2732 3110 2878 3163 ἐστὶν
2921 3109 3202 3180 ἄνθρωπον
3236 3109 3296 3162 τὸ
3343 3103 3560 3160 σύνολον
3593 3109 3724 3160 οὐδὲ

450 3198 730 3252 ullatenus
765 3197 848 3252 vel
896 3198 1152 3267 loquatur
1189 3197 1256 3251 de
1293 3199 1508 3253 duabus
1546 3199 1672 3254 istis
1706 3199 2028 3252 tentationi-

453 3287 723 3351 bus,‘nec
748 3293 974 3344 omnino
1013 3290 1154 3343 intra
1191 3305 1250 3344 se
1289 3292 1512 3360 cogitet.
1545 3288 1682 3345 Nam
1718 3291 1763 3346 si
1801 3307 1896 3346 eas
1933 3308 2026 3345 vo-

451 3381 620 3436 luerit
647 3382 997 3452 aliquatenus
1025 3381 1344 3437 discernere
1372 3384 1428 3437 in
1462 3383 1629 3439 corde
1663 3399 1785 3450 suo,
1810 3384 2017 3439 emolu-

453 3482 696 3529 mentum
738 3490 846 3529 non
876 3474 1077 3545 capiet,
1109 3474 1205 3530 sed
1241 3475 1332 3530 ubi
1361 3490 1491 3547 erga
1522 3477 1646 3532 illas
1679 3476 1937 3532 ferociter
1969 3493 2031 3532 se

452 3568 706 3636 gesserit,
739 3567 964 3623 habebit
993 3567 1258 3639 requiem.

526 3656 651 3711 155.
676 3657 908 3712 Abbatis
928 3657 1202 3714 Pmmenis
1228 3660 1426 3714 fratres
1451 3659 1711 3717 dixerunt
1739 3661 1789 3717 ei
1816 3678 1830 3715 :
1861 3661 2032 3719 Abea-

451 3761 577 3802 mus
600 3765 632 3801 e
656 3750 777 3802 loco
812 3749 950 3814 isto;
987 3765 1088 3806 nos
1109 3751 1255 3805 enim
1290 3751 1668 3808 interturbant
1698 3758 2028 3809 monasteria

451 3856 574 3909 qua:
603 3840 692 3894 hic
720 3849 870 3907 sunt,
900 3851 956 3894 et
975 3842 1258 3911 perdimus
1281 3844 1495 3901 animas
1519 3857 1756 3900 nostras.
1786 3847 1865 3901 Ad
1893 3848 2028 3912 haec,

451 3948 582 3988 ecce
627 3933 865 3988 infantes
916 3934 1218 4004 vagientes,
1280 3951 1389 3990 non
1448 3938 1638 3992 sinunt
1687 3955 1789 3994 nos
1849 3932 2033 4009 quiete

455 4038 632 4092 agere.
676 4021 942 4092 Reposuit
968 4026 1049 4078 eis
1082 4025 1254 4080 abbas
1304 4025 1528 4083 Paemen
1566 4047 1580 4083 ε
1615 4024 1844 4102 Propter
1868 4049 2032 4087 voces

455 4113 774 4182 angelorum
798 4113 966 4168 vultis
990 4115 1117 4169 hinc
1153 4116 1433 4172 recedere.

529 4286 655 4342 156.
695 4286 1058 4359 Interrogavit
1100 4290 1274 4346 abbas
1309 4290 1564 4349 Bitimius
1609 4295 1863 4352 abbatem
1911 4297 2036 4354 Pce-

2131 3200 2360 3271 λαλῆσαι
2409 3202 2534 3269 τοὺς
2563 3201 2654 3254 δύο
2689 3201 2984 3272 λογισμοὺς
3032 3198 3272 3263 τούτους,
3303 3199 3422 3251 ούδὲ
3465 3199 3607 3260 ὅλως
3640 3203 3726 3251 εν-

2129 3294 2319 3362 νοῆσαι
2356 3295 2422 3364 τῇ
2453 3293 2672 3364 καρδίᾳ.
2732 3294 2856 3346 Ἐάν
2893 3309 2954 3344 τε
2992 3291 3100 3360 γὰρ
3126 3289 3255 3364 Θέλῃ
3281 3291 3413 3352 ὅλως
3439 3289 3727 3361 διακρῖναι

2129 3387 2267 3440 αὐτὰ
2324 3388 2383 3438 ἐν
2432 3389 2498 3458 τῇ
2560 3386 2757 3458 καρδία
2816 3385 2980 3439 αὐτοῦ
3011 3425 3026 3448 ,
3075 3385 3175 3437 ούκ
3229 3385 3537 3452 ὠφελεῖται·
3604 3385 3725 3436 ἀλλ’

2131 3481 2445 3552 ἀγριανθεὶς
2469 3481 2562 3532 ἀπ’
2585 3479 2764 3533 αὐτῶν
2795 3480 2906 3545 ’ἐξει
2934 3479 3263 3532 ἀνάπαυσιν.

2208 3661 2333 3728 ρνε’.
2365 3655 2589 3724 Ἔλεγον
2626 3656 2676 3709 οἱ
2707 3656 2925 3725 αδελφοὶ
2962 3654 3054 3708 τοῦ
3082 3653 3226 3708 ἀϐὁᾶ
3251 3653 3512 3725 Ποιμένσς
3542 3653 3724 3723 αὐτῷ’

2146 3749 2490 3820 Ἀπέλθωμεν
2524 3751 2588 3802 ἐκ
2613 3749 2706 3802 τοῦ
2758 3750 2926 3803 τόπου
2974 3749 3184 3803 τούτουέ
3241 3747 3453 3820 ὀχλοῦσι
3499 3749 3616 3817 γὰρ
3652 3748 3724 3800 τὰ

2137 3841 2470 3912 μοναστήρια
2516 3839 2610 3893 τοῦ
2648 3843 2813 3894 τόπου
2853 3840 3044 3894 τούτου
3092 3843 3244 3913 ἡμῖν,
3279 3842 3369 3896 καὶ
3403 3839 3723 3914 ἀπόλλυμεν
3822 3873 3823 3876 η

2133 3931 2234 3994 τὰς
2269 3931 2446 4001 ψυχὰς
2491 3931 2666 4001 ἡμῶν·
2707 3932 2813 3985 ἰδοὺ
2849 3934 2943 3986 καὶ
2983 3933 3052 3986 τὰ
3102 3934 3288 3987 παιδία
3330 3933 3589 3988 κλαίοντα
3623 3940 3728 3989 οὐκ

2134 4021 2386 4090 ἀφίουσιν
2418 4022 2564 4091 ἡμᾶς
2590 4023 2878 4092 ἡσυχάσαι.
2913 4023 3074 4092 Λέγει
3106 4026 3286 4088 αὐτοῖς
3317 4027 3345 4078 6
3369 4024 3546 4089 6666;
3599 4028 3729 4080 Ποι-

2139 4114 2268 4182 μήν·
2304 4113 2400 4166 Διὰ
2453 4112 2552 4177 τὰς
2583 4115 2766 4183 φωνὰς
2800 4115 2910 4169 τῶν
2939 4117 3185 4185 ἀγγέλων
3215 4117 3397 4170 θέλετε
3425 4117 3728 4190 ἀναχωρῆ-

2139 4219 2229 4256 σαι
2268 4203 2442 4259 ἐνθεν.

2212 4303 2352 4367 ρνς’.
2396 4295 2707 4368 Ἦρὼτησεν
2735 4301 2764 4352 6
2791 4298 2964 4363 6666;
2988 4297 3230 4371 Βιτίμιος
3266 4302 3357 4354 τὸν
3387 4299 3562 4355 ἀσὸᾶν
3591 4303 3729 4356 Ποι-

460 4391 696 4437 monent,
727 4380 828 4432 hoc
854 4379 1000 4434 dicto
1036 4397 1050 4433 :
1087 4379 1146 4434 Si
1188 4381 1314 4452 quis
1363 4383 1618 4440 habuerit
1649 4387 1915 4444 adversus
1950 4407 2025 4447 me

2171 4388 2298 4452 ιένα,
2340 4388 2532 4459 λέγων’
2566 4390 2695 4444 Ἐάν
2723 4409 2806 4453 τις
2831 4391 2928 4464 ἔχῃ
2962 4393 3096 4464 πρὸς
3125 4395 3224 4464 ἐμὲ
3255 4393 3449 4465 λύπην,
3484 4396 3582 4448 καὶ
3633 4413 3731 4466 μευ

461 4469 818 4534 simultatem,
861 4482 914 4525 et
939 4472 1009 4526 ab
1046 4487 1114 4527 eo
1148 4475 1358 4528 veniam
1409 4479 1636 4547 supplex
1677 4475 1906 4550 petiero,
1944 4484 2025 4540 ille

2171 4484 2386 4550 ανοήσω
2443 4481 2613 4553 αύτῷ,
2670 4472 2762 4536 καὶ
2793 4485 2868 4557 μὴ
2905 4485 3120 4556 πεισθῇ,
3155 4486 3208 4538 τί
3259 4487 3501 4556 ποιήσιος
3556 4487 3731 4556 Λέγει

459 4573 590 4613 vero
634 4559 775 4614 ﬂecti
825 4561 1086 4627 noluerit,
1130 4565 1260 4634 quid
1303 4574 1528 4623 acturus
1554 4571 2025 4643 sum?RespondiI

2171 4574 2284 4642 ύτῷ
2313 4577 2340 4627 6
2373 4575 2573 4646 γέρων’
2619 4576 2763 4633 Λάϐε
2795 4578 2932 4647 μετὰ
2967 4578 3062 4630 σοῦ
3091 4578 3284 4642 ἄλλους
3309 4577 3402 4630 δύο
3433 4578 3727 4648 ἀδελφοὺς.

461 4664 628 4704 senex
663 4668 676 4704 :
707 4648 872 4706 Sume
919 4660 1098 4710 tecum
1140 4655 1280 4711 alios
1325 4656 1467 4713 duos
1522 4657 1743 4730 fratres,
1793 4678 1858 4718 ac
1901 4665 1949 4720 ei
1989 4675 2025 4720 ιε

2171 4667 2232 4718 Lai.
2268 4665 2598 4736 peravéqoov
2656 4668 2820 4739 αύτῷ.
2849 4671 2956 4722 Καὶ
2986 4670 3080 4723 ἐὰν
3112 4670 3188 4740 μὴ
3217 4671 3434 4742 πεισθῇ.
3465 4670 3601 4725 λάϐε
3630 4671 3728 4726 ἅλ-

462 4741 742 4798 humiliter
783 4743 1064 4800 submitte.
1113 4745 1269 4812 Quod
1319 4750 1500 4807 sinon
1527 4750 1694 4808 fuerit
1717 4768 2035 4825 persuasus,

462 4843 686 4886 assume
719 4832 856 4888 alios
875 4834 1138 4905 quinque.
1175 4837 1232 4890 Si
1265 4854 1397 4894 vero
1419 4842 1500 4897 sic
1529 4857 1746 4913 quoque
1770 4847 2037 4911 renuerit,

463 4921 572 4976 duc
608 4923 1008 4995 presbyterum.
1053 4928 1232 4998 Atque
1271 4931 1318 4986 si
1355 4939 1488 4988 tunc
1537 4935 1702 4990 etiam
1750 4938 2035 5004 restiterit,

463 5021 524 5065 tu
557 5012 818 5085 deinceps
847 5033 1041 5073 secure
1083 5036 1179 5074 ora
1229 5021 1420 5088 Deum,
1460 5033 1518 5078 ut
1557 5027 1662 5097 ipsi
1704 5027 1759 5083 in
1794 5031 2035 5086 animum

466 5105 712 5167 inducat,
739 5116 906 5177 tuque
937 5121 1122 5167 careto
1153 5115 1541 5173 sollicitudine.

541 5194 662 5248 157.
705 5196 848 5251 Dixit
878 5201 1048 5257 abbas
1089 5203 1312 5262 Pmmen
1342 5228 1354 5263 :
1383 5207 1589 5266 Docere
1621 5213 1951 5283 proximum,
1983 5227 2037 5272 et

463 5299 717 5350 ai-auere,
744 5287 946 5342 similia
976 5300 1126 5345 sunt.

539 5375 663 5430 158.
701 5375 842 5432 Dixit
889 5380 1084 5437 iterum
1125 5403 1138 5437 :
1174 5383 1251 5440 Ne
1297 5387 1363 5441 ad
1406 5388 1659 5447 eﬂectum
1709 5395 2031 5464 perduxeris

532 5531 577 5562 ²⁶
605 5529 747 5588 Psal.
786 5550 995 5600 xxxv",
1053 5538 1139 5593 19.
1215 5541 1284 5572 ⁸⁰⁶
1310 5542 1397 5597 AI.
1423 5543 1492 5598 τὰ
1512 5547 1607 5601 τοῦ
1635 5549 1930 5607 κοινοὸίου.

532 5684 646 5756 (78)
676 5687 907 5756 Append.
945 5708 996 5762 p.
1046 5693 1198 5759 1004,
1226 5712 1279 5751 n.
1312 5697 1404 5753 15.

2097 4769 2112 4788 ⁸
2139 4757 2264 4821 λους
2293 4757 2476 4811 πέντε.
2543 4757 2669 4812 Ἐὰν
2701 4760 2759 4814 δὲ
2801 4761 2894 4815 καὶ
2925 4761 3133 4826 τούτοις
3188 4763 3264 4834 μὴ
3321 4762 3519 4834 πεισθῇ
3545 4803 3560 4824 ,
3591 4764 3729 4817 λάϐε

2149 4850 2531 4940 πρεσϐύτερον.
2581 4851 2706 4906 Ἐὰν
2738 4853 2794 4906 δὲ
2825 4856 2917 4908 καὶ
2956 4856 3128 4920 οὕτως
3162 4857 3237 4928 μὴ
3263 4858 3479 4927 πεισθῇ,
3517 4859 3733 4926 61-696.-

2143 4958 2253 5010 χως
2284 4942 2469 4997 λοιπὸν
2497 4940 2648 5010 εὖξαι
2697 4946 2774 5017 τῷ
2818 4947 2969 5018 Θεῷ,
3003 4950 3088 5002 ἵνα
3121 4949 3281 5013 αὐτὸς
3331 4950 3734 5021 πληροφορήσῃ

2145 5031 2326 5098 αὐτὸν,
2359 5035 2453 5086 καὶ
2477 5035 2754 5108 ἀμεριμνή
2763 5052 2880 5109 σῃς.

2155 5280 2178 5298 ο
2215 5212 2344 5284 ρνζ’.
2365 5211 2574 5272 Εἶπενὸ
2596 5217 2770 5283 ἀὸὅᾶς
2792 5219 3022 5292 Ποιμήν,
3043 5222 3126 5275 ὅτι
3146 5211 3218 5275 T6
3242 5223 3445 5290 διδάξαι
3470 5225 3562 5277 τὸν
3590 5224 3730 5295 πλη-

2144 5306 2278 5369 σίον,
2308 5307 2493 5378 ὅμοιόν
2518 5309 2635 5364 ἐστι
2659 5311 2749 5364 τοῦ
2785 5312 3021 5381 ἐλέγξαι.

2213 5405 2347 5469 ρνηθ.
2383 5396 2518 5453 Εἷπε
2571 5403 2753 5457 πάλινο
2811 5405 2904 5476 Μὴ
2940 5406 3235 5480 πληρώσῃς
3273 5409 3331 5460 τὸ
3375 5408 3584 5480 ϐέλημά
3607 5425 3734 5468 σου.

2223 5703 2336 5778 (79)
2364 5708 2497 5776 App.
2535 5723 2586 5777 p.
2616 5707 2776 5771 100%,
2807 5723 2862 5762 ιι.
2890 5709 2950 5773 3;
2984 5701 3048 5758 In
3083 5703 3344 5773 Ephra'm,
3382 5724 3435 5777 p.
3477 5713 3604 5768 587;
