3828 6338
145 327 222 384 ῗιΰί
1206 322 1657 378 APOPHTHEGB

1783 322 1820 376 Α
1857 322 2163 381 PATRUM.

3209 339 3316 394 56!

149 441 418 508 Ἀναγκαῖον
455 435 510 490 δέ
547 439 662 492 ἐστι
713 437 910 508 μᾶλλον
962 435 1296 490 ταπεινῶσαι
1339 436 1532 490 ἑαυτὸν
1579 433 1657 504 τῷ

1783 435 2092 489 mlunt-atem
2125 445 2272 490 tuam
2311 457 2324 491 :
2354 441 2722 496 necessarium
2768 444 2948 514 potius
2990 453 3094 512 est,
3125 457 3184 504 ut
3211 452 3318 504 bu-

142 532 315 601 ἁδελφῷ
340 547 444 582 σου.

197 625 302 696 ρνθ’.
341 619 574 689 Ἀδελφὺς
596 620 844 692 ἠρώτησε
863 620 951 672 τὸν
967 618 1142 672 ἀϐϐἄν
1169 619 1428 690 Ποιμένα,
1459 619 1650 686 λέγων·

142 713 274 787 Εὗρον
299 714 446 768 τόπον
496 711 688 782 ἔχοντα
717 713 894 764 πᾶσαν
919 709 1221 763 ἀνάπαυσιν
1249 710 1358 763 τῶν
1389 707 1651 778 ἀδελφῶν·

139 807 288 868 θέλεις
319 803 510 873 οξκήσω
551 803 701 865 ἐκεί;
750 801 844 854 καὶ
889 795 1043 854 εἶπεν
1087 803 1116 852 6
1151 800 1348 870 γέρων*
1385 800 1556 851 Ὅπου
1592 796 1653 850 οὐ

142 899 349 969 βλάπτεις
365 895 450 948 τὸν
473 893 696 962 ἀδελφόν
727 909 843 958 σου,
871 895 989 946 ἐκεῖ
1031 894 1230 962 μεῖνον.

191 987 270 1060 ρξ’.
298 982 448 1039 Εἶπεν
473 987 502 1037 6
526 983 704 1048 ἀὸὅᾶς
735 984 966 1054 Ποιμήν·
996 981 1078 1035 Τὰ
1119 982 1244 1053 τρία
1282 979 1454 1035 ταῦτα
1483 981 1655 1050 κεφά-

139 1081 237 1133 λαιά
259 1079 360 1131 ἐστι
395 1077 657 1147 χρήσιμσε
687 1075 749 1129 τὸ
777 1074 1060 1144 φοϐεῖσθαι
1091 1075 1178 1127 τὸν
1210 1073 1434 1146 Κύριον.
1465 1074 1559 1126 καὶ
1596 1074 1656 1125 τὺ

138 1169 346 1234 εὔξασθαι
374 1171 438 1230 ιι,
467 1169 562 1220 καὶ
591 1169 652 1220 τὸ
678 1169 896 1237 ποιῆσαι
936 1165 1137 1233 ἀγαθὸν
1162 1163 1239 1234 τῷ
1273 1165 1516 1236 πλησίον.

193 1259 566 1332 ρξα¹.Ἀδελφὸς
601 1255 722 1312 εἷπε
769 1257 848 1329 τῷ
901 1257 1044 1327 ἀόϐᾷ
1083 1257 1332 1327 Ποιμένισ
1379 1257 1454 1309 Τὸ
1501 1255 1658 1326 σῶμά

137 1371 216 1422 μου
244 1350 568 1420 ἐξησθένησε,
616 1353 712 1402 καὶ
739 1352 808 1402 τὰ
841 1347 986 1420 πάθη
1019 1366 1120 1418 μου
1157 1349 1258 1402 οὐκ
1289 1347 1653 1412 ἐξαώενοῦσι.

135 1445 264 1512 Λέγει
295 1441 432 1512 αὐτῷ
461 1443 490 1494 6
541 1441 738 1512 γέρων·
789 1437 1145 1502 Ἀκανθὼδεις
1193 1438 1433 1510 ρουσίδες
1459 1438 1564 1490 εἰσὶ
1589 1437 1656 1490 τὰ

135 1536 270 1606 τάθη.

189 1629 304 1700 ρξῦν.
335 1625 581 1694 ’.ἁδελφὸς
627 1623 881 1695 ἠρώτησε
913 1623 1005 1676 τὸν
1047 1623 1220 1676 ἁεϐᾶν
1259 1622 1518 1694 Ποιμένα,
1569 1620 1657 1674 λέ-

1757 526 1938 578 miletn
1966 535 2018 582 te
2053 527 2310 584 exhibeas
2344 545 2470 600 erga
2502 531 2720 586 fratrem
2751 544 2925 592 tuum.

1827 617 1948 674 159.
1985 617 2176 674 Frater
2220 622 2507 691 requisivit
2551 641 2617 680 ex
2669 626 2862 683 abbate
2912 627 3188 696 Pmmene,
3235 632 3320 685 di—

1755 724 1886 763 cens
1917 728 1929 762 :
1952 709 2134 766 Inveni
2165 713 2344 766 locum
2365 717 2512 770 omni
2539 717 2766 772 fratrum
2788 721 2972 792 quiete
2999 724 3316 792 praeditum;

1753 801 1912 856 visne
1961 811 2018 856 ut
2053 804 2168 860 illic
2215 805 2490 862 habitem?
2521 809 2588 864 Et
2639 811 2775 865 dixit
2821 828 2986 868 senex
3018 833 3030 868 :
3058 814 3160 871 Ubi
3205 831 3318 871 non

1755 896 2014 950 nocueris
2039 897 2191 951 fratri
2221 909 2336 964 tuo,
2371 900 2443 955 ibi
2473 917 2650 956 mane.

1829 985 1950 1040 160.
1983 987 2096 1056 (85)
2137 987 2282 1043 Dixit
2311 990 2478 1046 abbas
2519 991 2738 1047 Poetnen
2770 1013 2784 1049 :
2819 993 2945 1050 Tria
2975 996 3087 1052 haec
3115 999 3316 1069 capita,

1757 1079 1912 1132 utilia
1951 1087 2108 1147 sunt;
2154 1081 2343 1136 timere
2387 1082 2699 1148 Dominum,
2733 1090 2966 1156 precari,
2997 1091 3319 1147 benefacere

1756 1184 2026 1238 proxrmo.

1827 1261 1948 1316 161.
1991 1261 2182 1318 Frater
2205 1263 2344 1318 dixit
2373 1265 2554 1319 abbati
2575 1264 2816 1323 Pmmeni
2842 1289 2856 1324 :
2905 1270 3118 1342 Corpus
3140 1289 3319 1329 meum

1757 1353 1930 1408 evasit
1951 1353 2149 1421 debile,
2177 1369 2232 1411 et
2271 1357 2498 1412 aﬂ'ectus
2541 1360 2645 1413 mei
2687 1376 2794 1414 non
2825 1361 3202 1421 debilitantur.
3231 1366 3323 1420 Ait

1759 1441 1836 1494 illi
1861 1457 2026 1496 senex
2051 1463 2064 1498 :
2095 1444 2334 1500 Allectus
2360 1455 2488 1499 sunt
2515 1448 2716 1517 spineae
2742 1465 2910 1519 rugat.

1834 1619 1960 1674 162.
2001 1618 2196 1676 Frater
2234 1625 2488 1694 quatswit
2515 1624 2583 1680 de
2623 1626 2818 1682 abbate
2849 1624 3103 1684 Ptentene
3137 1647 3150 1682 :
3182 1627 3322 1694 Quid

134 1738 238 1790 των·
259 1719 314 1772 Τί
329 1717 565 1788 aetnam;
594 1716 754 1784 Λέγει
781 1713 930 1784 αὐτῷ
975 1715 1004 1766 ὁ
1040 1715 1240 1783 γέρων⁸
1279 1713 1444 1766 Ὅταν
1473 1714 1501 1765 ὁ
1529 1711 1657 1776 Θεὸς

1783 1709 1995 1764 'aeiam?
2033 1711 2124 1764 Ait
2150 1713 2228 1766 illi
2276 1729 2442 1770 senex
2473 1715 2646 1769 :Cum
2695 1716 2839 1772 Deus
2871 1717 3170 1772 visitaverit
3199 1733 3324 1784 nos,

134 1779 476 1882 έπισκέπτηται
521 1779 692 1880 ἡμᾶς.
721 1808 866 1870 τίνος
899 1779 1093 1877 ῖχομεν
1115 1779 1126 1783 -
1149 1805 1462 1876 φροντίσαιξ
1497 1805 1657 1874 Λέγει

1783 1803 1828 1860 le
1869 1819 2107 1874 quonam
2143 1819 2292 1860 curae
2329 1807 2490 1861 nobis
2518 1823 2640 1862 esse
2661 1808 2856 1864 debet?
2884 1807 3185 1880 Respondit
3210 1809 3322 1864 fra-

133 1905 249 1976 αὑτῷ
273 1908 298 1960 6
325 1903 562 1972 ἀδελφός·
599 1901 720 1956 Τῶν
777 1900 1059 1972 ἁμαρτιῶν
1104 1899 1282 1968 ἡμῶν.
1313 1899 1473 1966 Λέγει
1517 1894 1610 1952 οὖν
1631 1900 1660 1950 6

131 1997 290 2067 γέρων·
315 1994 654 2064 Είσὲιλθωμεν
685 1995 768 2056 είς
815 1991 878 2045 τὸ
938 1991 1146 2044 κελλίον
1176 1992 1352 2063 ἡμῶν,
1399 1992 1493 2046 καὶ
1531 1991 1660 2044 καθ-

135 2089 304 2150 ίσαντες
339 2085 796 2158 μνημονεύσωμεν
821 2083 928 2136 τῶν
965 2083 1248 2154 ἁμαρτιῶν
1295 2081 1474 2153 ἡμῶν,
1508 2083 1601 2135 καὶ
1630 2084 1658 2132 6

131 2179 296 2248 Κύριος
323 2179 637 2248 συνέρχεται
669 2178 800 2246 ἡμῖν
829 2179 886 2228 ὲν
921 2177 1075 2230 πᾶσι.

181 2269 298 2340 ρξγλ-
337 2269 588 2338 Ἀδελφδς
635 2268 856 2334 ὑπάγων
903 2267 984 2328 είς
1027 2264 1126 2336 τὴν
1153 2264 1361 2334 ἀγορὰν
1407 2261 1658 2334 ἠρώτησε

127 2360 196 2414 τὶν
213 2361 364 2415 ἁϐὁᾶν
389 2361 649 2430 Ποιμένα·
682 2358 745 2410 Τί
776 2358 948 2419 θέλεις
975 2358 1217 2428 aetnam;
1268 2357 1427 2424 Λέγει
1464 2354 1613 2424 αὐτῷ
1633 2357 1661 2406 6

127 2453 284 2523 γέρων·
307 2452 458 2506 Γενοῧ
492 2451 646 2522 φίλος
669 2450 760 2503 τοῦ
799 2450 994 2502 ἑαυτὸν
1033 2447 1376 2518 βιαζομένου,
1401 2447 1498 2499 καὶ
1522 2445 1661 2516 μετὰ

125 2549 436 2612 ἀναπαύσεως
461 2547 661 2609 πωλεῖς
695 2544 764 2596 τὰ
795 2542 964 2612 σκεύη
994 2559 1112 2594 σου..

181 2641 286 2710 ρξδκ
322 2637 487 2696 Εἶπεν
541 2639 572 2690 ὁ
607 2637 780 2699 ἁὸϐἄς
813 2635 1045 2705 Ποιμήνο
1103 2629 1321 2695 Δίδαξον
1367 2631 1426 2684 τὸ
1483 2631 1658 2700 στόμα

127 2747 196 2785 σου
221 2732 380 2785 λαλεῖν
411 2731 448 2786 ἃ
472 2732 588 2802 ἔχει
614 2733 648 2801 ή
675 2728 870 2801 καρδία
903 2743 1018 2780 σου.

180 2825 288 2895 ρξε’.
329 2822 616 2897 Ἥρω-τήθη
645 2825 674 2875 6
713 2821 886 2882 ἀϐὀᾶς
925 2817 1136 2888 Ποιμήν
1164 2818 1293 2886 περὶ
1343 2814 1655 2886 μολυσμῶν·

126 2917 489 2990 καὶάπεκρίθη,
539 2919 623 2970 ὅτι
663 2915 786 2968 Ἐὰν
837 2907 1120 2986 στήσωμεν
1161 2914 1222 2966 τὸ
1259 2912 1558 2984 πρακτικὸν
1592 2913 1657 2972 ¹’,

125 3007 198 3058 καὶ
219 3008 458 3078 νήφωμεν
497 3005 794 3077 ἐπιμελῶς,
856 3005 954 3075 οὐχ
981 3004 1288 3076 εὑρήσομεν
1341 3004 1398 3056 ὲν
1451 3003 1660 3064 ἑαυτοῖς

127 3099 380 3172 μολυσμὸν.

180 3192 298 3261 ρξς’.
313 3189 474 3246 Εἶπεν
493 3194 524 3246 6
551 3191 726 3254 ἁὸϐἅς
751 3190 985 3260 Ποιμὴν,
1017 3189 1096 3242 ὅτι
1127 3187 1234 3241 ἀπὸ
1247 3187 1438 3258 τρίτης
1466 3185 1658 3254 γενεᾶς

125 3282 202 3352 τῆς
253 3285 514 3354 Σκήτεως,
581 3285 676 3337 καὶ
705 3283 800 3335 τοῦ
832 3281 976 3334 ὰϐὅᾶ
1009 3279 1312 3341 Μωῦσέως,
1345 3279 1448 3331 οὐκ
1495 3273 1657 3347 ἦλθον

125 3375 185 3428 ἔτι
209 3380 250 3430 oi
285 3377 501 3448 ἀδελφοὶ
535 3379 616 3439 εἰς
650 3376 955 3446 προκοπήν.

181 3467 290 3538 ρξζῆ
317 3467 446 3522 Εἷς-ιε
479 3469 668 3528 πάλινι
702 3466 1018 3538 Ἀνθρωπος
1048 3464 1142 3518 ἐὰν
1167 3465 1265 3534 τὴν
1317 3462 1468 3526 τάξιν
1494 3459 1656 3514 αὐτοῦ

125 3560 342 3633 φυλάττῃ.
369 3565 427 3615 οὐ
457 3563 814 3634 ταράσσεται.

181 3653 294 3722 ρξηθ.
321 3655 576 3724 Ἀδελφὺς
627 3653 878 3724 ἠρώτησε
916 3652 1006 3704 τὸν
1035 3651 1207 3704 ἁ66ἄν
1257 3649 1522 3718 Ποιμένα,
1575 3646 1660 3698 λέ-

123 3753 226 3801 τιυν·
253 3743 364 3804 Πῶς
389 3743 470 3795 δεῖ
504 3759 576 3813 με
605 3741 826 3795 καθίσαι
849 3744 908 3793 ὲν
931 3739 1008 3810 τῷ
1037 3739 1267 3810 uentu);
1301 3738 1466 3805 Λέγει
1488 3735 1656 3806 αὐτῷ·

123 3827 180 3880 Τὸ
205 3833 254 3884 ἐν
281 3833 354 3903 τῷ
385 3833 586 3903 κελλίῳ
611 3833 854 3891 καθίσαι,
877 3833 938 3886 τὸ
976 3831 1226 3901 φανερὸν,
1271 3829 1427 3882 τοῦτό
1456 3830 1570 3881 ἐστι
1600 3827 1660 3880 τὸ

121 3919 408 3995 ἐργῦχειρον,
436 3926 535 3978 καὶ
569 3925 631 3977 τὸ
683 3924 1011 3995 μονοσιτῖσαι
1045 3922 1178 3993 (80),
1212 3921 1307 3974 καὶ
1333 3919 1394 3973 τὸ
1423 3920 1656 3990 σιωπᾷν,

123 3924 408 3995 ὲρτάχειρον,
436 3926 535 3978 καὶ
569 3925 631 3977 τὸ
683 3942 895 3994 μονοσι..
925 3941 1011 3976 σαι
1045 3924 1178 3993 (80),
1212 3924 1307 3974 καὶ
1333 3924 1394 3973 τὸ
1423 3924 1656 3990 σιωπᾷν,

123 4013 198 4063 καὶ
241 4015 512 4087 ἠμελὲτη·
561 4015 622 4068 τὸ
675 4016 732 4068 δὲ
760 4016 818 4066 ἐν
861 3924 1088 4086 ilus-rat?)
1127 4012 1456 4083 προκόπτειν
1485 4013 1564 4073 εἰς
1599 4010 1662 4063 τὸ

123 4103 292 4158 κελλίον
321 4109 454 4170 ἐστὶ,
509 4108 573 4161 τὸ
611 4101 936 4177 βασανίζειν
962 4105 1074 4175 (81)
1103 4105 1196 4175 τὴν
1223 4103 1416 4157 ἑαυτοῦ
1453 4102 1658 4173 μέμψιν

123 4195 166 4245 ἰν
189 4199 330 4252 παντί
355 4201 506 4271 τόπῳ
531 4201 670 4254 ὃπου
702 4199 796 4253 ἐὰν
839 4200 1077 4271 ἀπέρχῃ,
1114 4197 1207 4249 καὶ
1249 4195 1357 4248 τῶν
1388 4195 1660 4259 συνάξεων

119 4285 198 4348 τὰς
217 4286 348 4360 ὧρας
382 4291 478 4344 καὶ
507 4291 618 4344 τῶν
647 4292 902 4362 κρυπτῶν
931 4291 1004 4361 μὴ
1035 4291 1274 4360 ἀμελεῖν.
1327 4289 1451 4342 Ἐὰν
1479 4290 1535 4342 δὲ
1566 4289 1659 4342 καὶ

123 4377 268 4449 σῳ.Εῇ
295 4382 480 4452 καιρὸν
509 4383 750 4453 ἀργῆσαι
776 4383 868 4436 τοῦ
917 4381 1231 4453 ἐργοχείρου
1262 4399 1376 4444 σου,
1405 4379 1658 4434 εἰσελθὼν

121 4468 182 4528 εὶς
197 4469 278 4540 τὴν
303 4472 520 4538 σύναξιν
550 4475 838 4545 ἀταράχως
862 4475 1187 4527 ὲπιτέλεσον.
1209 4475 1280 4526 Τὸ
1301 4473 1356 4526 δὲ
1377 4474 1528 4537 τέλος
1547 4475 1660 4526 τού·

119 4571 222 4621 των,
245 4563 480 4618 συνοδίαν
516 4565 692 4633 καλὴν
721 4566 938 4636 κτῆσαι,
988 4566 1227 4637 ἀπόσχου
1257 4566 1313 4619 δὲ
1351 4567 1457 4620 ἀπὸ
1483 4567 1658 4637 κακῆς

122 4651 322 4718 συνοδίας
349 4656 460 4727 (8'2)
471 4697 485 4710 .

175 4827 309 4886 "Al.
363 4833 492 4888 add.
538 4833 921 4910 ἀδιαλείπτως.
995 4837 1040 4866 ³³
1067 4835 1151 4888 Al.
1215 4835 1340 4890 add.
1411 4835 1580 4904 ἡμῶν.

173 4981 268 5050 (80)
305 4987 728 5042 Μονοσνιτίσαι.
773 4986 936 5042 Malui
985 5003 1110 5040 eum
1149 4986 1374 5058 Pelagio
1412 4988 1665 5058 accipere

117 5065 271 5128 natura
290 5073 382 5126 per
402 5058 658 5128 singulos
683 5059 800 5113 dies
823 5057 1502 5128 comestione,qnamAcum
1527 5057 1666 5110 Mar-

117 5124 608 5202 tiuo‘Dtiniiensi'de‘
641 5129 884 5202 solitarie
908 5135 1135 5202 sumpto
1165 5124 1312 5182 cibo.
1352 5125 1662 5202 Germanus

117 5191 201 5244 ΕΡ.
217 5195 264 5247 in
285 5201 512 5266 primam
535 5196 872 5265 jejuniorum
895 5191 1242 5267 Dominicam
1279 5199 1539 5267 appellat,
1567 5215 1662 5266 μο-

119 5267 344 5332 ννφαγίαν
373 5267 744 5331 ἀσπάζεσθαι.
772 5269 832 5322 ln
872 5266 1126 5338 illistoria
1173 5266 1530 5338 Paelt’ymeris
1561 5269 1656 5322 lib.

118 5341 196 5408 Ill,
224 5351 335 5404 cap.
357 5338 422 5408 2i
451 5338 843 5408 εμοναφαγίαν
863 5335 930 5389 δι’
965 5336 1118 5408 ἔτους
1157 5335 1616 5408 ἐξακριὸούμενος
1640 5376 1658 5398 ,

117 5407 162 5478 εί
197 5419 306 5475 cap.
343 5407 436 5468 23.
479 5406 569 5478 ll)1
599 5406 696 5462 xm
729 5424 744 5460 :
779 5407 1114 5478 μονοφαγίαν
1158 5408 1282 5460 κατ’
1329 5408 1555 5468 ὲννάτας
1589 5406 1658 5458 δι’

117 5469 484 5536 ἔτευξ’ἁσκεῖν.
505 5545 517 5548 Α
535 5469 887 5548 Quanquaur
913 5469 1211 5548 μονοσιτεῖν
1240 5479 1655 5548 «ξι-μονοφαγεῖν

119 5549 366 5615 utramque
427 5545 669 5602 habeant
711 5545 1228 5614 'signilicationem.
1302 5545 1406 5615 Sed
1499 5561 1655 5615 μονο-

119 5615 237 5694 σιτέα
259 5614 526 5688 praecepta
562 5617 616 5668 in
647 5617 808 5680 cella,
840 5616 1016 5687 magis
1062 5617 1292 5685 respicit
1319 5614 1388 5669 ad
1417 5614 1653 5685 primam

117 5693 352 5741 notionem
361 5727 374 5739 .

176 5753 270 5827 (8|)
305 5756 678 5817 Βασανίζειν.
715 5757 794 5810 Ita
833 5753 1104 5813 Martinus
1145 5755 1477 5812 Dumiensis.
1521 5755 1656 5808 Nam

355 5853 634 5913 Ριτιιοι..
665 5851 781 5914 Gn.
819 5851 1005 5913 LXV.

1758 1904 1843 1950 ter
1876 1914 1891 1950 :
1921 1895 1998 1950 De
2031 1899 2272 1967 peccatis
2320 1901 2543 1955 nostris.
2588 1899 2774 1971 itaque
2819 1917 2985 1958 senex
3011 1902 3322 1974 :lngredia-

1759 2004 1903 2047 mur.
1939 1989 2138 2058 inquit,
2165 1991 2220 2044 in
2253 1990 2448 2045 cellam
2479 2000 2745 2056 nostram,
2771 2000 2825 2047 et
2851 1993 3109 2048 sedentes
3132 1993 3325 2063 metui-

1760 2085 2004 2139 nerimus
2031 2095 2378 2154 peccatorum
2417 2098 2751 2150 noetrorum,
2789 2093 3032 2156 tuncque
3061 2085 3323 2142 Dominus

1760 2177 1816 2230 in
1839 2178 2058 2232 cunctis
2081 2187 2374 2233 concurret
2400 2177 2703 2234 uobiscum.

1829 2269 1952 2322 165.
1995 2268 2108 2340 (84)
2165 2267 2352 2324 Frater
2392 2284 2626 2340 pergens
2664 2270 2731 2322 ad
2777 2277 3100 2330 mereat-um,
3153 2269 3324 2324 inter-

1761 2361 1971 2431 rogavit
1992 2361 2242 2416 abbatem
2265 2358 2598 2425 Ptemenem,
2625 2362 2756 2431 quid
2781 2361 2882 2431 ipsi
2907 2360 3125 2414 consilii
3149 2359 3322 2416 daret.

1761 2449 1940 2505 Senex
1977 2459 2158 2505 autem
2205 2451 2486 2520 respondit
2514 2451 2564 2506 ei
2597 2469 2612 2505 :
2639 2449 2768 2504 Esto
2811 2451 3020 2506 amicus
3051 2451 3199 2506 illius
3229 2452 3324 2522 qui

1759 2543 1854 2597 tibi
1887 2543 1993 2596 vim
2017 2542 2290 2609 intulerit;
2325 2551 2523 2598 etcum
2547 2544 2730 2612 quiete
2757 2542 2960 2598 vendes
2983 2558 3112 2598 vasa
3140 2553 3252 2598 tua.

1835 2633 1956 2690 l64.
1995 2633 2142 2688 Dixit
2180 2634 2348 2689 abbas
2389 2635 2608 2688 Pmmen
2645 2653 2658 2688 :
2697 2633 2835 2689 Doce
2875 2651 2939 2691 os
2971 2645 3122 2690 tuum
3178 2637 3324 2706 loqui

1759 2741 1880 2797 qua:
1911 2726 2084 2781 sentis
2112 2725 2166 2780 in
2195 2726 2358 2780 corde
2385 2733 2503 2781 tuo.

1831 2815 1953 2871 165.
1999 2815 2112 2887 (85)
2158 2815 2526 2884 Interrogatus
2562 2815 2632 2870 de
2678 2816 3103 2885 inquinamentis
3157 2817 3326 2874 abbas

1759 2909 2004 2974 Ptnmen,
2035 2907 2317 2980 respondit
2347 2928 2361 2964 :
2395 2907 2450 2963 Si
2487 2925 2588 2965 nos
2617 2913 2829 2966 activos
2856 2913 3326 2978 constituerimus,

1759 3013 1815 3059 ct
1847 3004 2132 3075 diligenter
2174 3003 2606 3072 vigilaverimus,
2647 3019 2753 3058 non
2786 3005 3118 3074 reperiemus
3146 3005 3328 3076 inqui-

1688 3119 1731 3176 ο
1763 3107 2080 3153 namentum
2103 3098 2162 3152 in
2182 3098 2362 3152 nobis.

1834 3189 1956 3245 166.
2001 3189 2148 3244 Dixit
2165 3190 2334 3244 abbas
2355 3187 2576 3244 Poen-en
2603 3207 2617 3243 :
2645 3189 2688 3242 Α
2715 3191 2870 3243 tertia
2897 3197 3054 3246 aetate
3077 3189 3326 3256 Sceteos,

1759 3293 1816 3340 et
1847 3291 1970 3354 post
1995 3283 2246 3338 abbatem
2277 3279 2537 3350 Moysem,
2575 3297 2682 3335 non
2715 3283 2950 3351 amplius
2982 3282 3180 3338 fratres
3203 3299 3329 3349 pro-

1761 3391 2004 3448 gressum
2037 3375 2236 3430 fecere.

1832 3467 1956 3521 167.
1995 3467 2109 3537 (86)
2140 3465 2355 3522 Rursus
2403 3464 2542 3518 dixit
2574 3485 2586 3518 :
2618 3464 2674 3519 Si
2701 3465 2862 3520 homo
2892 3465 3140 3520 ordinem
3170 3481 3330 3522 suum

1761 3559 2112 3624 custodierit,
2140 3573 2480 3629 nequaquam
2513 3557 2949 3612 conturbabitur.

1834 3655 1958 3710 168.
1998 3654 2110 3724 (87)
2141 3653 2332 3707 Frater
2358 3653 2437 3706 sic
2461 3653 2816 3721 interrogavit
2845 3654 3094 3706 abbatem
3117 3649 3330 3705 Poeme-

1761 3762 1883 3802 nem
1917 3764 1929 3798 :
1961 3743 2082 3811 Quo
2112 3742 2274 3798 modo
2307 3749 2520 3812 Oportet
2549 3757 2632 3795 me
2667 3743 2856 3796 Sedere
2894 3743 2946 3794 in
2987 3741 3158 3794 cella?
3189 3739 3328 3793 Dicit

1761 3841 1810 3895 ei
1847 3857 1862 3894 :
1890 3838 2092 3894 Sedere
2118 3837 2172 3890 in
2209 3835 2366 3899 cella,
2398 3833 2543 3904 quod
2569 3841 2782 3899 spectat
2815 3831 2880 3885 ad
2909 3846 3201 3902 apparens,
3225 3831 3330 3884 bue

1761 3938 1868 3992 est,
1905 3927 2122 3998 operari
2163 3925 2438 3992 manibus,
2478 3924 2644 3978 semel
2687 3924 2742 3977 in
2779 3923 2867 3977 die
2911 3921 3214 3985 comedere,
3244 3929 3330 3974 ta-

1761 4039 1906 4084 cere,
1933 4020 2218 4084 meditari;
2254 4026 2310 4072 at
2341 4019 2592 4072 occultus
2622 4031 2912 4087 processus
2947 4015 3002 4069 in
3039 4013 3197 4074 cella.
3225 4019 3326 4073 est,

1761 4124 2090 4184 extorquere
2111 4111 2387 4183 querelam
2415 4111 2492 4164 tui
2515 4111 2568 4163 in
2594 4123 2918 4179 quocunque
2939 4107 3061 4162 loco
3080 4107 3146 4161 ad
3168 4119 3328 4176 quem

1759 4209 2101 4281 perrexeris;
2147 4223 2257 4262 non
2309 4205 2581 4275 negligere
2629 4203 2794 4258 horas
2841 4199 3024 4266 ofﬁcii,
3069 4213 3171 4254 nec
3209 4213 3332 4268 qua:

1762 4302 2082 4357 abscondita
2114 4307 2260 4356 sunt.
2293 4297 2448 4364 Quod
2475 4298 2522 4353 si
2552 4296 2844 4366 contigerit
2867 4301 2928 4348 ut
2951 4303 3165 4364 tempus
3188 4293 3330 4346 otio-

1764 4407 1886 4448 sum
1932 4391 2136 4447 habeas
2179 4391 2248 4444 ab
2291 4405 2454 4460 opere
2501 4403 2784 4451 manuum,
2815 4387 3096 4456 ingressus
3134 4387 3186 4438 in
3215 4384 3334 4438 col-

1765 4483 1987 4545 lectam,
2025 4481 2144 4536 sine
2186 4479 2594 4544 perturbatione
2637 4493 2852 4546 perage.
2903 4473 3108 4529 Horum
3151 4487 3330 4528 autem

1765 4585 2010 4626 summa:
2047 4569 2368 4625 comitatum
2418 4566 2779 4621 fraternitatis
2815 4565 3019 4620 bonum
3065 4561 3332 4626 obtineto,

1765 4663 1980 4716 abstine
2007 4677 2138 4716 vero
2169 4679 2198 4714 a
2235 4660 2380 4714 malo
2409 4673 2732 4730 congressu.

1767 4985 1934 5042 vertit
1965 4996 2198 5040 arctare.
2225 4984 2294 5037 At
2346 4983 2601 5053 Pelagius
2637 4981 3056 5051 interpretando
3090 4991 3334 5051 portare,

1765 5055 2006 5111 ostendit
2023 5071 2082 5110 se
2099 5056 2298 5124 legisse
2319 5053 2627 5124 βαστάζειν.
2652 5053 2762 5106 Nec
2780 5068 2842 5106 ea
2869 5054 3037 5124 lectio,
3056 5053 3331 5124 contemni

1761 5128 1946 5186 debet,
1980 5123 2116 5179 fulta
2149 5122 2668 5179 etiam—auctoritate
2710 5124 2900 5191 optimi
2941 5122 3330 5191 cod.rColbert.

1833 5197 1944 5266 (82)
1979 5195 2284 5266 Ἃπόσχου
2299 5193 2500 5266 aeaut
2527 5191 2718 5266 κακῆς
2737 5190 3049 5266 συνοδίας.
3063 5190 3333 5266 Quocujca

1762 5266 1816 5320 in
1841 5261 2058 5340 Martini
2088 5261 2344 5340 versione
2375 5262 2660 5333 legendum
2673 5305 2697 5340 _,
2750 5263 3196 5340 conversationem
3242 5261 3334 5316 bo-

1759 5352 1881 5389 nam
1899 5337 2142 5398 retinere,
2167 5352 2200 5388 a
2221 5335 2366 5388 mala
2393 5349 2510 5388 vero
2535 5335 2790 5389 recedere.

1826 5405 1942 5480 (§."_i)
1983 5404 2286 5480 Miscell‘an.
2319 5403 2480 5480 \lgss.
2519 5421 2576 5474 p.
2741 5419 2755 5468 ;
2781 5403 3004 5458 Doroth.
3029 5404 3212 5458 Doctr.
3246 5405 3330 5462 18.

1829 5473 1944 5544 (84)
1983 5473 2222 5544 ᾼρρεηά.
2253 5491 2306 5544 p.
2336 5473 2584 5537 100231.
2625 5474 2681 5532 5.

1827 5541 1941 5614 (85)
1991 5541 2098 5614 ra.
2135 5541 2286 5614 Patr.
2330 5559 2409 5606 χι.
2445 5545 2538 5598 οι.

1826 5611 1939 5684 (86)
1988 5611 2096 5684 fit.
2129 5613 2282 5684 Patr.
2313 5631 2406 5680 xv,
2434 5615 2523 5669 58.

1826 5682 1941 5760 (87)
1987 5682 2094 5760 Vit.
2121 5683 2283 5760 Ρᾳιζ.
2323 5701 2378 5754 x,
2417 5685 2522 5753 64;
2557 5687 2788 5755 Append.
2835 5703 2888 5760 p.
2926 5687 3086 5754 1005,
3142 5707 3194 5742 n.
3223 5688 3282 5742 2i
3317 5707 3330 5756 ;

1758 5753 1982 5809 Dorotb.
2017 5753 2205 5812 Docui.
2242 5757 2296 5810 7.

3024 5851 3096 5908 te
