3828 6368
442 361 552 417 567

1575 355 1930 414 APPENDIX
1967 353 2058 408 AD
2089 353 2518 411 PALLADIUM.

3581 356 3676 411 368

431 437 822 548 'Aquaenatura
844 474 1024 530 mollis
1049 479 1155 534 est.
1180 469 1376 543 lapidis
1406 479 1586 526 autem
1617 472 1753 528 dura
1780 491 1792 526 :
1822 484 2011 528 verum

2127 467 2314 539 ἡρξατο
2353 469 2532 522 λαλεῖν
2577 471 2644 539 τῇ
2690 465 2950 538 Ἑλληνίδι
2997 471 3168 538 φωνῇ,
3196 467 3387 535 λέγωνο
3427 468 3495 520 Ἦ
3528 467 3677 536 φύσις

444 567 670 623 haucale
703 566 847 635 quod
891 579 1220 635 suspensum
1260 573 1344 619 est
1389 577 1553 634 supra
1587 561 1842 632 lapidem,
1896 560 2014 616 stil-

443 659 610 715 lando
657 658 918 729 paulatim
966 671 1091 711 eum
1149 654 1312 710 forat.
1356 653 1433 708 lta
1466 654 1632 708 etiam
1699 651 1794 706 Dei
1834 664 2014 706 sermo

445 751 629 806 mollis
659 759 765 813 est,
818 764 915 803 cor
947 763 1078 804 vero
1118 757 1391 812 nostrum,
1417 747 1646 809 durum;
1679 753 1860 798 tamen
1889 757 2012 796 cum

445 839 612 896 homo
646 841 966 909 frequenter
999 837 1238 893 audierit
1287 850 1595 892 sermonem
1625 833 1740 900 Dei,
1773 831 2016 902 aperitur

443 949 540 988 cor
572 934 693 1002 ejus
717 941 775 986 ut
802 930 971 986 Deum
995 931 1207 984 timeat.

508 1105 750 1177 184496)
771 1105 949 1160 Abbas
970 1104 1121 1158 lsaac
1143 1102 1396 1157 convenit
1413 1102 1657 1156 abbatem
1671 1099 2016 1166 Ptemenem;

445 1215 606 1269 quem
633 1213 866 1253 cernens
895 1212 1085 1266 parum
1114 1209 1274 1265 aqua)
1315 1195 1529 1248 mittere
1559 1196 1613 1247 in
1660 1193 1823 1262 pedes
1848 1206 2013 1254 suos,

427 1291 593 1362 .qnod
632 1291 857 1344 haberet
893 1303 1018 1358 erga
1053 1303 1175 1342 eum
1209 1287 1462 1356 loquendi
1499 1287 1820 1348 libertatem,
1847 1284 2012 1339 dixit:

445 1384 566 1452 Quo
626 1383 789 1438 modo
821 1379 1046 1450 quidam
1099 1378 1184 1434 usi
1225 1387 1354 1433 sunt
1399 1379 1703 1439 severitate,
1734 1378 1870 1430 dure
1901 1383 2016 1428 tra-

370 1451 377 1465 ’
445 1481 661 1530 ctantes
714 1487 916 1541 corpus
951 1469 1146 1525 suum?
1193 1467 1259 1523 Et
1295 1469 1371 1522 ait
1409 1468 1492 1521 illi
1537 1465 2012 1521 ahhastmen:

377 1634 379 1637 η
445 1564 557 1619 Nos
587 1579 697 1620 non
724 1563 903 1619 edocti
937 1577 1128 1616 sumus
1172 1561 1424 1629 corporis
1467 1559 1845 1613 interfectores
1871 1573 2014 1622 esse,

446 1657 540 1714 sed
567 1657 881 1712 all‘ectuum.

518 1751 640 1806 185.
697 1749 808 1818 (97)
844 1747 989 1800 Dixit
1031 1745 1261 1799 iterum:
1303 1741 1430 1796 Tria
1470 1741 1585 1796 hmc
1630 1755 1758 1794 non.
1792 1754 2015 1810 possum

399 1851 406 1858 '
447 1857 720 1905 amovere,
769 1855 976 1902 escam,
1029 1845 1276 1901 vestem,
1327 1850 1612 1890 somnum:
1655 1841 1900 1888 attamen
1949 1849 2014 1887 ex

446 1941 602 2006 parte
625 1945 874 1986 amovere
908 1944 1223 1999 possumus.

519 2024 643 2078 186.
687 2021 882 2077 Frater
917 2018 1282 2088 interrogavit
1311 2017 1562 2071 abbatem
1592 2014 1901 2070 Pmmenem
1929 2014 2017 2069 his

445 2115 658 2170 verbis:
689 2112 854 2166 Multa
885 2112 1032 2166 olera
1061 2110 1349 2164 manduco.
1392 2109 1482 2162 Ait
1511 2123 1707 2162 senex:
1742 2105 1862 2160 Non
1886 2121 2015 2176 pro-

445 2207 570 2261 dest
605 2205 740 2270 tibi;
777 2203 872 2258 sed
925 2201 1164 2257 comede.
1187 2217 1380 2271 panem
1427 2209 1604 2261 tuum,
1650 2214 1773 2252 cum
1826 2198 2016 2267 paucis

447 2297 724 2361 oleribus;
748 2303 801 2348 et
827 2308 896 2348 ne
925 2300 1148 2363 propter
1198 2291 1555 2347 necessitates
1584 2290 1788 2345 abieris
1825 2289 1892 2344 ad
1924 2305 2019 2360 pa-

441 2393 655 2438 ternam
683 2381 928 2435 domum.

516 2473 638 2527 187.
679 2470 1002 2526 Iiel'erebant
1033 2468 1101 2524 de
1143 2469 1340 2524 abbate
1366 2466 1642 2530 Pcemene,
1667 2467 1891 2537 quod-si
1932 2483 2018 2521 Se-

443 2563 636 2620 derent
671 2579 831 2618 senes
853 2577 1039 2617 coram
1065 2577 1150 2626 eo,
1177 2569 1232 2617 et
1259 2563 1620 2632 loquerentur
1653 2561 1721 2614 de
1754 2561 2013 2622 senibus;

445 2656 492 2711 si
543 2657 890 2710 nominarent
950 2653 1199 2708 abbatem
1253 2651 1497 2716 Sisoem.
1547 2651 1727 2706 dicere
1780 2653 2014 2707 soleret:

445 2747 612 2803 Missa
637 2745 796 2800 facite
819 2761 940 2816 quae
970 2746 1038 2800 ad
1059 2745 1307 2800 abbatem
1358 2743 1570 2800 Sisoem
1604 2753 1880 2816 spectant;
1907 2762 2015 2800 non

444 2842 590 2897 enim
609 2839 693 2894 .ad
725 2854 1039 2894 mensuram
1074 2837 1409 2893 narrationis
1453 2839 1640 2893 venire
1664 2846 1900 2909 possunt
1929 2855 2017 2895 res

443 2932 585 3003 ejus.
857 2943 860 2946 η

2033 1897 2090 1975 οΒ
2123 1897 2621 2006 μέρουςιδύνιάμεθα
2653 1934 2834 2003 κόψαι.

964 3020 1041 3074 De
1071 3018 1258 3074 abbate
1282 3019 1507 3074 Pambo.

516 3131 569 3187 1.
603 3130 836 3198 Quidam
885 3138 1004 3185 erat
1061 3132 1280 3186 nomine
1331 3132 1501 3188 abbas
1544 3132 1776 3199 P:mbo;
1813 3133 1880 3189 de
1907 3149 2016 3204 quo

2118 560 2212 613 τοῦ
2253 561 2444 623 ὓδατος
2473 559 2653 630 ἁπαλή
2697 562 2865 624 ἐστιν,
2898 561 2932 630 ή
2966 559 3023 612 δὲ
3053 558 3150 612 τοῦ
3193 559 3338 612 λίθου
3371 559 3596 631 σκληρά·
3625 559 3682 612 τὸ·

2115 652 2170 706 δὲ
2205 653 2493 723 βαυκάλιον
2535 653 2719 707 ἐπάνω
2756 651 3102 724 κρεμάμενον
3145 651 3237 705 τοῦ
3282 651 3452 716 λίθου,
3500 649 3678 714 στάζον

2117 743 2330 814 στάζον.
2347 744 2506 814 τιτρᾷ
2543 741 2633 795 τὸν
2667 741 2833 795 λίθον.
2869 741 3056 804 Οὕτως
3083 742 3176 794 καὶ
3202 743 3230 794 6
3254 740 3411 809 λόγος
3435 740 3530 793 τοῦ
3554 738 3677 792 Θεοῦ

2115 835 2319 897 ἁπαλός
2347 836 2514 900 ἐστιν,
2555 835 2587 904 ἡ
2621 834 2676 886 δὲ
2707 834 2904 905 καρδία
2937 833 3094 904 ἡμῶν
3123 833 3360 905 σκληρόν
3387 833 3598 886 ἀκούων
3627 832 3677 886 δέ

2113 926 2142 977 6
2163 924 2446 996 ἄνθρωπος
2469 923 2727 985 πολλάκις
2751 923 3021 992 τὸνλόγον
3047 923 3142 976 τοῦ
3168 923 3322 986 Θεοῦ,
3352 923 3619 991 ἀνοέγεται
3647 927 3675 993 ἡ

2115 1017 2310 1088 καρδία
2335 1015 2500 1069 αὐτοῦ
2531 1016 2625 1068 τοῦ
2651 1014 2932 1084 φοϐεῖσθαι
2961 1015 3050 1068 τὸν
3073 1015 3226 1068 Θεόν.

2189 1109 2326 1179 pri-6'.
2361 1107 2672 1179 Παρέϐαλεν
2699 1110 2725 1160 6
2753 1107 2924 1170 ἁϐϐἄς
2961 1107 3147 1160 Ἰσαὰκ
3171 1108 3252 1178 τῷ
3276 1106 3416 1177 ἀϐὄᾷ
3447 1108 3676 1178 [Imm-Evr

2116 1201 2211 1254 καὶ
2235 1199 2356 1253 ἰδὼν
2386 1200 2546 1252 αὐτὸν
2575 1198 2835 1268 βάλλοντα
2871 1199 3063 1269 μικρὸν
3096 1197 3238 1270 ὕδωρ
3266 1199 3345 1261 εἰς
3373 1201 3500 1260 τοὺς
3528 1196 3683 1258 πόδας

2117 1291 2282 1345 αὑτοῦ
2305 1291 2381 1355 ὡς
2405 1293 2448 1323 ¹⁹
2477 1290 2615 1360 ἔχων
2646 1290 2782 1361 πρὸς
2809 1290 2970 1342 αὑτὸν
2997 1289 3326 1361 παῤῥησίαν,
3350 1285 3500 1340 εἶπεν
3523 1288 3678 1356 αὐτῷ*

2117 1384 2243 1449 Πῶς
2267 1402 2411 1447 τινες
2439 1385 2740 1454 ἐχρήσαντο
2755 1386 2819 1452 τῇ
2842 1383 3111 1452 ἀποτομία
3135 1382 3266 1448 (99),
3304 1380 3437 1451 σκλη
3449 1381 3685 1449 ραγωγή-

2119 1493 2310 1531 σαντες
2349 1476 2408 1529 τὸ
2448 1476 2607 1545 σῶμα
2653 1475 2861 1539 aia-:6»);
2912 1475 3020 1526 Καὶ
3060 1473 3207 1541 λέγει
3263 1471 3409 1541 αὐτῷ
3455 1473 3484 1522 ὁ
3522 1467 3691 1532 τίιὸὁτΐις¹

2118 1569 2350 1640 Ποιμῇνο
2391 1568 2585 1637 Ἡμεῖς
2617 1567 2716 1619 οὐκ
2779 1564 3133 1636 ἐδιδάχθημεν
3161 1565 3236 1633 (1)
3275 1561 3684 1634 σωματοκτόνοι,

2119 1660 2252 1714 ἀλλά
2282 1659 2626 1714 παθοκτόνοι.

2193 1759 2330 1824 ρπε’.
2362 1748 2524 1804 Εἶπεν
2553 1751 2734 1804 πάλιν·
2764 1749 2846 1802 Τὰ
2873 1749 3220 1820 τραύματα³⁰
3246 1749 3306 1802 οὐ
3333 1748 3568 1818 δύναμαι
3598 1745 3685 1797 κό-

2116 1840 2236 1911 ψαι,
2267 1841 2365 1911 τὴν
2398 1841 2620 1912 βρῶσιν,
2649 1842 2711 1893 τὸ
2736 1842 2960 1912 ἔνδυμα,
3001 1842 3094 1894 καὶ
3136 1844 3226 1892 τὸν
3259 1839 3443 1892 ὕπνον·
3485 1837 3597 1892 ἀλλ’
3630 1841 3688 1890 ἐκ

2192 2034 2345 2098 ρπς’.
2401 2026 2713 2099 Ἦρώτησεν
2749 2025 2975 2095 ἀδελφδς
3003 2025 3093 2078 τὸν
3122 2023 3296 2078 ἀόὁᾶν
3319 2022 3581 2091 Ποιμένα,
3604 2019 3690 2073 λέ-

2117 2136 2250 2187 γων,
2273 2119 2354 2171 ὅτι
2380 2118 2560 2172 Πολλά
2584 2118 2792 2188 λάχανα
2812 2117 2998 2170 ἐσθίω.
3017 2116 3158 2186 Ἔφη
3187 2118 3214 2169 6
3237 2115 3434 2186 γέρων·
3466 2115 3540 2166 οὐ
3566 2129 3691 2182 συμ-

2119 2213 2274 2285 φέρει
2308 2229 2412 2265 σοιο
2449 2211 2585 2265 ἀλλά
2622 2212 2759 2280 φάγε
2804 2211 2896 2263 τὸν
2931 2211 3092 2280 ἄρτον
3131 2227 3246 2270 σου,
3279 2208 3373 2261 καὶ
3407 2207 3578 2277 μικρὰ
3601 2206 3689 2259 λά-

2117 2322 2277 2375 χανα.
2318 2305 2413 2358 καὶ
2457 2306 2532 2377 μὴ
2573 2304 2812 2375 ἀπέλθῃς
2855 2305 2935 2365 εἰς
2981 2304 3050 2355 τὰ
3093 2303 3334 2373 πατρικά
3379 2318 3470 2352 σου
3513 2301 3687 2353 ἕνεκεν

2117 2394 2336 2465 χρειῶν.

2194 2486 2336 2558 ρπζ’.
2357 2486 2585 2554 Ἔλεγον
2611 2485 2740 2557 περὶ
2764 2485 2858 2538 τοῦ
2881 2483 3025 2538 ἀὸὅᾶ
3043 2483 3327 2553 Ποιμένος,
3357 2483 3509 2536 ὅτιεί
3531 2479 3688 2534 ἐκάθ-

2119 2581 2247 2651 ηντό
2280 2597 2425 2640 τινες
2457 2579 2712 2651 γέροντες
2757 2577 3068 2650 ἔμπροσθεν
3107 2575 3273 2629 αὐτοῦ
3295 2617 3308 2637 ,
3345 2576 3439 2629 καὶ
3472 2575 3688 2630 ἐλάλουν

2123 2673 2248 2744 περὶ
2274 2672 2568 2744 γερόντων,
2603 2672 2696 2725 καὶ
2739 2675 2788 2724 εἰ
2821 2671 3105 2741 ὠνόμαζον
3148 2669 3237 2723 τὸν
3271 2668 3443 2722 ἀϐὁᾶν
3478 2668 3684 2737 Σισόην,

2119 2764 2324 2832 ἔλεγεν·
2361 2766 2562 2833 Ἀφετε
2599 2763 2669 2816 τὰ
2696 2764 2825 2834 περὶ
2852 2763 2946 2816 τοῦ
2982 2762 3125 2817 ἀ66ἄ
3156 2760 3340 2829 Σισόη·
3368 2761 3430 2813 οὐ
3460 2760 3571 2829 γὰρ
3604 2761 3687 2832 ἔρ-

2119 2875 2269 2929 χεται
2299 2860 2379 2921 εἰς
2413 2859 2608 2928 μέτρον
2642 2859 2982 2928 διηγήματος
3017 2857 3084 2910 τὰ
3114 2856 3243 2927 περὶ
3267 2853 3452 2910 αὑτοῦ.

2540 3012 2680 3078 Περὶ
2713 3011 2823 3064 τοῦ
2856 3009 3008 3066 ἀϐϐᾶ
3035 3008 3270 3080 Παμὸώ.

2188 3133 2255 3180 α’.
2285 3092 2499 3188 Ἦνντις
2529 3125 2820 3195 λεγόμενος
2849 3125 3024 3188 ἀῦὅᾶς
3052 3125 3283 3197 Παμϐὼ,
3305 3127 3552 3199 καὶπερὶ
3575 3126 3687 3179 τού-

447 3223 645 3287 fertur,
682 3239 780 3293 per
803 3231 1114 3278 tres-annos
1147 3224 1391 3293 integros
1418 3222 1568 3277 illum
1596 3225 1898 3280 orationem
1932 3228 2012 3278 l'u-

2127 3235 2211 3270 του
2255 3218 2493 3286 λέγεται,
2535 3219 2618 3271 ὃτι
2663 3218 2791 3286 τρία
2841 3218 2934 3288 ἔτη
2979 3218 3192 3288 ἔμεινεν
3237 3219 3558 3291 αἰτούμενος
3604 3221 3687 3271 τον

445 3315 598 3371 disse
640 3314 708 3369 ad
761 3313 951 3378 Deum,
979 3329 1050 3368 ac
1096 3314 1338 3370 dixisse:
1377 3312 1454 3370 Ne
1481 3315 1613 3368 mihi
1653 3319 1880 3384 gloriam
1916 3317 2014 3372 de-

445 3405 594 3462 deris
624 3406 676 3460 in
715 3413 880 3460 terra.
919 3405 988 3458 At
1023 3403 1169 3460 Deus
1213 3405 1294 3460 sic
1323 3421 1449 3460 eum
1491 3407 1661 3479 gloria
1707 3407 1909 3474 all‘ecit,
1956 3415 2016 3462 ut

446 3512 606 3553 nemo
628 3507 814 3566 posset
843 3497 897 3550 in
923 3496 1116 3552 faciem
1132 3497 1251 3567 ejus
1268 3499 1490 3565 intueri,
1519 3514 1627 3568 pne
1653 3501 1824 3565 gloria
1849 3515 2014 3570 quam

443 3605 541 3680 ore
576 3589 922 3660 praeferebat.

514 3682 569 3736 2.
602 3682 712 3754 (98)
749 3681 1034 3738 Venerunt
1063 3683 1360 3754 aliquando
1386 3685 1496 3738 duo
1522 3683 1719 3739 fratres
1748 3685 1814 3738 ad
1847 3685 2016 3738 abba-

432 3783 554 3830 .tem
586 3774 825 3843 Pamho;
856 3787 909 3829 et
955 3775 1307 3846 interrogavit
1341 3790 1466 3830 eum
1498 3791 1643 3829 unus
1676 3776 1757 3830 sic
1789 3793 1805 3829 :
1836 3775 2012 3836 Abba,
2048 3808 2050 3810 τ

435 3881 544 3936 ego
572 3881 681 3937 .per
716 3865 880 3920 bidua
909 3865 1118 3936 jejuno.
1153 3873 1206 3920 et
1232 3864 1369 3920 duos
1401 3881 1568 3936 panes
1604 3865 1865 3931 comedo;
1898 3881 2015 3920 ser-

443 3971 583 4011 vone
631 3957 869 4010 animam
929 3972 1125 4019 meam,
1180 3971 1249 4010 an
1297 3956 1566 4011 seducor?
1615 3957 1767 4012 Alter
1796 3973 2015 4028 quoque

439 4047 612 4103 dixit:
644 4049 818 4111 Abba,
853 4063 954 4118 ego
981 4047 1048 4102 de
1069 4063 1233 4116 opere
1263 4063 1522 4102 manuum
1571 4063 1816 4102 mearum
1865 4051 2015 4102 exci-

443 4141 534 4209 pio
563 4139 700 4192 duas
731 4140 960 4210 siliquas
994 4140 1256 4210 quotidie,
1279 4155 1352 4194 ac
1382 4141 1592 4194 retineo
1622 4156 1794 4209 pauca
1824 4140 1889 4194 ad
1919 4141 2015 4193 ali-

445 4238 708 4290 mentum,
732 4230 940 4298 reliqua
967 4230 1020 4281 in
1041 4229 1443 4300 eleemosynam
1465 4229 1565 4294 do;
1614 4229 1869 4284 salvusne
1895 4246 2010 4293 ero,

441 4322 526 4394 vel
546 4321 733 4390 peribo
748 4321 1025 4389 ?Cumque
1048 4321 1340 4390 plurimum
1358 4330 1610 4378 orassent
1625 4337 1770 4388 eum,
1789 4339 2012 4393 respon-

439 4427 566 4467 sum
595 4428 704 4466 non
731 4411 899 4466 dedit.
930 4410 1060 4466 Post
1090 4422 1327 4482 quatuor
1357 4422 1541 4467 autem
1568 4413 1686 4468 dies
1716 4415 2011 4470 discessuri

440 4519 568 4558 cum
605 4511 812 4566 essent,
841 4504 1204 4558 hortabantur
1234 4519 1328 4558 eos
1358 4505 1565 4568 clerici,
1594 4505 1698 4559 hoc
1724 4520 2010 4561 sermone:

440 4593 624 4650 Nolite
672 4597 1014 4657 contristari,
1053 4595 1286 4659 fratres;
1344 4595 1488 4652 Deus
1544 4597 1703 4652 vobis
1751 4598 2014 4668 praebebit

442 4689 781 4743 mercedem:
812 4688 930 4743 hanc
969 4696 1056 4741 est
1103 4690 1252 4743 senis
1298 4689 1668 4756 consuetudo;
1703 4705 1813 4745 non
1850 4691 2012 4754 facile

439 4781 704 4852 loquitur,
736 4781 841 4837 nisi
877 4780 1098 4835 Deus-ei
1142 4780 1512 4851 inspiraverit.
1560 4780 2013 4838 lntraverunter-

440 4887 510 4942 go
539 4872 606 4926 ad
628 4889 835 4937 senem,
862 4873 1231 4942 dixeruntque
1256 4874 1344 4927 ei:
1378 4874 1550 4937 Abba,
1580 4890 1674 4927 ora
1705 4890 1804 4944 pro
1830 4875 2008 4931 nobis.

436 4966 558 5018 Ait:
599 4966 763 5020 Abire
810 4965 1008 5018 vultis?
1053 4963 1457 5034 Respondent:
1518 4963 1715 5020 Etiam.
1751 4965 1816 5020 Et
1851 4983 2009 5022 assu-

439 5069 594 5108 mens
617 5069 780 5122 opera
802 5070 992 5110 eorum
1024 5055 1078 5109 in
1111 5056 1316 5127 seipso,
1351 5057 1713 5127 scribensque
1741 5059 1796 5113 in
1839 5069 2004 5122 terra,

438 5145 604 5199 dixit:
637 5143 844 5199 Pambo
901 5162 995 5216 per
1020 5146 1182 5200 hidua
1213 5148 1447 5215 jejunat.
1479 5159 1532 5200 et
1553 5151 1691 5202 duos
1718 5164 1887 5218 panes
1922 5166 2011 5202 co-

438 5234 642 5298 medit;
688 5246 843 5290 estne
866 5236 918 5289 in
952 5237 1055 5290 hoc
1085 5237 1421 5291 monachus?
1451 5237 1589 5294 Non.
1639 5241 1768 5294 Item
1801 5239 2006 5297 Pambo

507 5388 552 5420 "
581 5387 665 5442 ΔΙ.
691 5390 786 5443 καὶ
809 5388 904 5452 ὡς.
984 5389 1028 5420 ⁸⁸
1059 5387 1117 5444 ια’.
1159 5390 1284 5462 τρία
1330 5391 1522 5447 ταῦτα.

510 5505 621 5578 (96)
667 5503 780 5578 νει,
802 5503 956 5564 Patr.
983 5525 1037 5578 p.
1082 5511 1240 5571 1000.
1283 5526 1337 5564 η.
1371 5511 1424 5565 t.

510 5577 622 5638 (97)
663 5577 723 5632 L.
758 5577 915 5633 Joan.
942 5577 1132 5634 Geom.
1165 5579 1371 5634 Parad.
1402 5582 1495 5636 20.

508 5648 625 5775 88)
668 5647 778 5740 ’Vit.
803 5647 955 5703 Patr.
982 5665 1036 5707 ι,
1069 5648 1158 5729 ϐξ.

564 5718 618 5775 9)
683 5719 1036 5775 Εχοήσαντο
1064 5736 1137 5775 tn

529 5718 618 5788 99)
668 5718 1036 5790 Ἐχρήσαηο
1064 5717 1478 5790 τῇνάποτομιᾳ,
1517 5719 1574 5774 In
1621 5722 1841 5790 antiqua
1871 5739 1997 5777 ver-

438 5788 612 5857 sione,
662 5791 745 5842 usi
773 5795 894 5843 sunt
938 5789 1267 5845 discretione.
1326 5791 1432 5846 Sed
1463 5788 1765 5862 legendum
1785 5793 1999 5848 videtur

2049 4567 2090 4620 D

2116 3312 2267 3372 Θεὸν,
2301 3311 2396 3364 καὶ
2424 3310 2615 3379 λέγων·
2655 3310 2745 3380 Μὴ
2789 3309 3016 3381 δοξάσῃς
3055 3326 3121 3380 με
3169 3311 3263 3363 ἐπὶ
3303 3314 3403 3382 τῆς
3432 3313 3556 3382 γῆς..
3587 3312 3690 3364 Καὶ

2115 3403 2288 3465 οὕτως
2316 3402 2565 3467 ἐδόξασεν
2591 3403 2753 3454 αὐτὸν
2781 3404 2809 3455 6
2835 3401 2989 3464 Θεὸς,
3013 3400 3157 3454 ὣστε
3188 3402 3263 3474 μὴ
3290 3403 3555 3457 δύνασθαι
3577 3420 3690 3457 τινα

2116 3497 2360 3548 ἀτενίσαι
2394 3497 2474 3558 εἰς
2497 3495 2559 3547 τὸ
2593 3496 2884 3566 πρόσωπον
2912 3492 3099 3557 αὑτοῦ,
3125 3495 3190 3547 ἐκ
3218 3495 3319 3565 τῆς
3344 3495 3504 3568 δόξης
3528 3491 3596 3566 ἧς
3619 3491 3691 3546 εἶ-

2117 3605 2209 3656 χεν
2237 3587 2298 3640 τὸ
2331 3587 2625 3657 πρόσωπον
2662 3584 2849 3639 αὐτοῦ.

2189 3681 2252 3752 β’.
2289 3677 2492 3734 τΗλθόν
2527 3696 2657 3732 ποτε
2697 3679 2916 3748 ἀδελφοὶ
2944 3679 2985 3710 ³¹
3023 3679 3159 3750 πρὸς
3195 3680 3287 3732 τὸν
3327 3679 3500 3733 ἀϐὁᾶν
3543 3680 3694 3746 Παμ-

2116 3772 2218 3837 ϐὼ,
2259 3773 2354 3826 καὶ
2393 3770 2677 3842 ἠρώτησεν
2711 3771 2872 3824 αὑτὸν
2909 3774 2937 3824 ὀ
2967 3767 3068 3835 εἷς,
3109 3771 3305 3840 λέγων·
3357 3769 3560 3839 Ἀ66ἄ,
3588 3768 3694 3836 ἐγὼ

2115 3861 2206 3914 δύο
2247 3859 2342 3914 δύο
2386 3860 2652 3928 νηστεύω,
2709 3861 2802 3914 καὶ
2845 3860 3037 3930 ζεῦγος
3082 3861 3313 3930 ψωμὶων
3367 3859 3552 3914 ἐσθίω’
3589 3856 3695 3930 ἄρα

2118 3951 2274 4015 σώζω
2299 3952 2398 4020 τὴν
2427 3951 2604 4021 ψυχήν
2639 3968 2764 4020 μου,
2797 3952 2828 4021 ἢ
2859 3951 3186 4021 πλανῶμαι;
3217 3947 3384 4005 Εἶπεν
3406 3951 3463 4004 δὲ
3489 3952 3585 4004 καὶ
3609 3953 3697 4004 ἆλ-

2117 4044 2224 4105 λος’
2269 4043 2453 4102 Ἀϐδᾶ,
2483 4042 2595 4110 ἐγὼ
2620 4043 2872 4096 καταλύω
2898 4047 2959 4096 ἐκ
2989 4044 3084 4097 τοῦ
3123 4043 3437 4116 ἐργοχείρου
3477 4061 3582 4112 μου
3607 4045 3698 4096 δύο

2116 4138 2349 4205 κεράτια
2369 4136 2490 4189 καθ’
2524 4137 2756 4206 ἡμέραν,
2788 4139 2880 4189 καὶ
2908 4137 3093 4208 κρατῶ
3121 4138 3290 4210 μικρὰ
3321 4137 3411 4189 διὰ
3443 4137 3543 4207 τὴν
3575 4153 3697 4207 τρο-

2117 4228 2243 4299 ῳὴν,
2271 4227 2341 4280 τὰ
2379 4228 2435 4281 δὲ
2465 4227 2600 4282 ἄλλα
2636 4231 2714 4290 εἰς
2749 4229 2968 4299 ἀγάπην
2999 4229 3210 4299 δίδωμι’
3241 4224 3352 4298 ἆρα
3383 4227 3630 4297 σῴζομαι
3663 4228 3694 4296 ἢ

2115 4322 2404 4392 ἀπόλωμαι
2426 4339 2439 4386 ;
2466 4322 2641 4375 Πολλὰ
2666 4323 2722 4376 δέ
2752 4323 3213 4394 παρακαλούντων
3235 4320 3435 4386 αὐτῶν,
3457 4323 3558 4374 οὐκ
3579 4322 3700 4374 ἑδω-

2116 4431 2210 4469 κεν
2250 4414 2566 4485 ἀπόκρισιν.
2611 4415 2765 4469 Μετά
2807 4415 2873 4468 δὲ
2919 4417 3186 4486 τέσσαρας
3224 4415 3440 4485 ἡμέρας
3482 4414 3697 4484 ἔχουσιν

2117 4507 2492 4578 ἀναχωρῆσαι,
2521 4509 2620 4561 καὶ
2647 4507 2991 4579 παρεκάλουν
3019 4507 3216 4568 αὐτοὺς
3243 4507 3292 4557 οἱ
3319 4506 3594 4577 κληρικοὶ,
3620 4504 3700 4556 λέ-

2119 4615 2328 4666 γοντες·
2361 4599 2453 4669 Μὴ
2489 4598 2728 4670 θλιϐἧτε»,
2777 4597 3013 4666 ἀδελφοί·
3048 4599 3077 4650 ὁ
3115 4598 3248 4661 Θεὸς
3289 4599 3522 4670 παρέχει
3570 4601 3696 4669 ὑμῖν

2117 4692 2208 4743 τὸν
2236 4691 2446 4760 μισθόν·
2471 4689 2644 4753 οὕτως
2679 4691 2825 4743 ἐστὶν
2862 4693 2893 4761 ἡ
2928 4689 3184 4760 συνήθεια
3209 4689 3304 4743 τοῦ
3328 4691 3605 4760 γέροντος⁴
3637 4693 3693 4743 οὐ

2116 4784 2324 4852 ταχέως
2357 4783 2531 4849 λαλεῖ,
2582 4783 2678 4835 ἐὰν
2716 4783 2788 4853 μὴ
2819 4782 3208 4854 πληροφορήσῃ
3255 4783 3419 4836 αὐτὸν
3465 4785 3495 4836 ὁ
3528 4783 3692 4844 θεός.

2118 4874 2380 4944 Εἰσῆλθον
2430 4872 2524 4927 οὖν
2575 4873 2710 4944 πρὸς
2748 4873 2838 4925 τὸν
2877 4873 3136 4942 γέροντα,
3182 4873 3277 4925 καὶ
3324 4869 3478 4925 εἶπον
3523 4871 3691 4939 αὐτῷ·

2128 4966 2317 5031 ’A66i,
2354 4962 2508 5031 εὖξαι
2551 4967 2692 5037 ὑπὲρ
2733 4965 2914 5035 ἡμῶν.
2955 4965 3115 5032 Λέγει
3161 4965 3363 5025 αὐτοῖς’
3410 4962 3695 5017 ’Λπελθεῖν

2115 5059 2330 5126 θέλετες
2376 5059 2638 5126 Λέγουσι’
2686 5058 2816 5110 Ναί.
2860 5056 2970 5108 Καὶ
3002 5055 3286 5110 ἀναλαϐὼν
3331 5055 3430 5118 τὰς
3465 5055 3695 5126 πράξεις

2113 5151 2374 5204 αὐτῶν-ἐν
2401 5151 2600 5220 ἐαυτῷ,
2626 5150 2853 5222 γράφων
2884 5148 2976 5200 ἐπὶ
3013 5148 3111 5218 τὴν
3137 5149 3266 5219 γῆν,
3294 5148 3501 5216 ἔλεγεν·
3540 5149 3695 5216 [Ian-

2114 5241 2194 5295 ϐὼ
2249 5243 2343 5295 δύο
2373 5242 2466 5295 δύο
2505 5241 2801 5314 νηστεύων,
2842 5239 2940 5293 καὶ
2977 5239 3169 5310 ζεῦγος
3203 5240 3400 5295 ἐσθίων
3434 5241 3688 5311 ψωμεωνο

1621 5393 1661 5424 ¹¹
1695 5395 1780 5447 ΑΙ.
1809 5395 1974 5450 inser.
2023 5396 2137 5449 δύο.

2109 5515 2507 5576 iri-discretione.
2541 5523 2636 5571 aut
2657 5516 3010 5573 districtione.

2189 5587 2290 5657 (1)7
2317 5586 2764 5655 Ἐδιδάχθημεν.
2799 5587 3046 5656 Magnam
3096 5588 3352 5641 lacunam
3399 5587 3554 5657 Regii
3599 5603 3690 5639 co-

2107 5655 2248 5710 dicis
2283 5656 2558 5727 hiclaceri
2583 5659 2850 5727 complevi
2883 5655 2978 5726 per
2999 5659 3402 5722 Colbertinum,
3429 5655 3686 5727 nimirum

2103 5739 2281 5806 usque
2320 5726 2386 5780 ad
2416 5728 2630 5781 initium
2667 5725 2792 5798 cap.
2827 5725 2914 5788 Η,
2944 5727 3020 5782 De
3067 5729 3300 5794 l—‘ambo,
3337 5730 3505 5783 verbo
3541 5725 3687 5794 ὀφεί·

2111 5807 2312 5851 Λουσιν.
