3828 6326
1253 340 1858 400 APOPHTHEGMAT‘A
1901 339 2224 396 PATRL‘M.‘

3254 319 3364 378 370

171 459 266 534 ἆρα
309 463 361 514 ἐν
404 458 576 532 τούτῳ
599 461 830 530 ιγ’νεται
873 461 1131 532 μοναχός;
1167 463 1322 532 Οὐχί.
1363 465 1470 519 Καὶ
1497 463 1710 536 Παμϐὼ

1828 471 2070 534 )peratur
2097 462 2152 516 in
2177 459 2265 515 die
2294 459 2358 514 ad
2379 457 2516 512 duas
2542 457 2792 527 siliquas,
2813 471 3016 526 easque
3039 453 3131 508 dat
3155 454 3208 509 in
3232 459 3375 510 elea-

174 551 433 625 ἐργάζεται
461 551 553 605 δύο
573 551 844 624 κερατίων
864 552 927 618 ³³,
951 551 1046 608 καὶ
1070 551 1282 608 δίδωσιν
1303 555 1439 610 αὐτὰ
1463 557 1704 628 ἀγάπην*

173 643 264 716 ἄρα
297 647 350 698 ὲν
379 643 549 714 τούτῳ
590 643 797 712 γίνεται
834 646 1094 716 μοναχόςς
1128 646 1300 702 οὔπω.
1331 644 1496 702 Εἶπεν
1525 649 1582 702 δὲ
1615 649 1710 702 καὶ

173 737 348 797 αύτοῑς·
385 733 558 788 Καλαὶ
596 733 694 806 μὲν
729 737 784 788 αἱ
823 733 1070 806 πράξεις·
1115 737 1204 790 ἐὰν
1247 737 1302 790 δὲ
1336 738 1578 810 φυλάξῃς
1611 739 1709 810 τὴν

174 827 446 898 συνείδησιν
484 827 592 881 ἀπὸ
625 828 722 882 τοῦ
757 829 986 898 πλησίον
1029 846 1145 894 σου,
1189 830 1364 894 οὕτως
1395 830 1563 902 σώζῃ,
1601 833 1709 886 Καὶ

172 918 646 990 πληροφορηθέντες
670 920 910 990 ἀπῆλθον
939 921 1075 992 μετὰ
1097 925 1288 994 χαρᾶς.

228 1011 288 1078 γ’.
319 1009 627 1079 Παρέσαλόν
659 1029 789 1064 ποτε
822 1012 1082 1083 τέσσαρες
1115 1013 1418 1084 Σκητιῶται
1439 1014 1517 1084 τῷ
1543 1014 1710 1085 μεγά-

171 1103 234 1172 λῳ
258 1100 474 1172 Παμὸὼ,
501 1102 795 1173 φοροῦντες
820 1103 1085 1174 δέρματα,
1119 1106 1213 1158 καὶ
1238 1106 1554 1176 ἀνήγγειλεν
1581 1107 1710 1161 ἕκα-

171 1209 274 1254 στος
291 1191 382 1262 τήν
405 1180 620 1263 ἀρετήν’
639 1193 727 1246 τοῦ
746 1195 963 1266 ἑταίρου
985 1196 1149 1248 αὐτοῦ
1175 1197 1240 1241 ³³-
1263 1198 1321 1250 '0
1348 1200 1445 1268 μὲν
1476 1194 1555 1262 εἷς
1586 1201 1710 1270 ὲνή-

170 1297 332 1333 στενεν
366 1279 557 1334 πολλὰ·
591 1283 620 1334 6
655 1283 910 1353 δεύτερος
936 1285 1198 1354 ἀκτήμων
1227 1279 1316 1356 ἦν·
1349 1288 1442 1340 καὶ
1471 1290 1499 1340 6
1531 1289 1710 1358 τρίτος

169 1373 408 1443 ἐκτήσατο
457 1372 662 1443 πολλὴν
703 1375 942 1445 ἀγάπην·
989 1375 1206 1444 λέγουσι
1248 1379 1343 1430 καὶ
1367 1377 1414 1409 ³⁵
1446 1379 1574 1448 περὶ
1613 1377 1707 1432 τοῦ

166 1465 419 1535 τετάρτου,
439 1463 523 1518 ὅτι
545 1464 718 1518 εἴκοσι
742 1465 835 1518 δύο
860 1465 955 1534 ἔτη
982 1465 1093 1536 ἔχει
1119 1469 1176 1519 ὲν
1201 1468 1412 1539 ὑπακοῇ
1435 1471 1708 1540 γέροντος.

178 1554 443 1624 Ἀπεκρίθη
492 1555 674 1618 αὐτοῖς
716 1559 744 1608 6
788 1555 962 1620 ἁϐϐἄς
1006 1556 1238 1627 Παμὸώο
1275 1558 1434 1626 Λέγω
1481 1560 1630 1627 ὑμῖν,
1675 1565 1708 1632 ή

165 1647 312 1714 ἀρετὴ
347 1648 536 1700 τούτου
573 1647 774 1719 μείζων
807 1649 972 1702 ἐστίν.
1015 1649 1290 1713 Ἕκαστος
1325 1650 1436 1721 γὰρ
1464 1651 1616 1721 ὑμῶν
1644 1653 1711 1722 ἢν

165 1738 338 1809 ἀρετὴν
369 1741 658 1810 ἐκτήσατο,
699 1741 964 1811 θελήματι
997 1739 1162 1793 αὐτοῦ
1199 1741 1521 1812 ἐκράτησεν·
1557 1738 1711 1808 οὗτος

1809 567 2128 625 tnosynam;
2191 565 2264 606 an
2317 549 2372 604 in
2429 549 2532 604 hoc
2589 547 2893 603 monachus
2955 545 3046 601 ﬁt?
3100 544 3372 600 Nondum.

1808 646 2052 716 Adjecit:
2081 643 2226 698 Bona
2259 641 2475 712 quidem
2501 649 2638 696 sunt.
2657 655 2718 694 ea
2753 655 2950 711 opera;
2982 639 3075 696 sed
3103 638 3164 693 si.
3185 645 3377 693 custo-

1809 737 1978 793 dieris
2006 736 2397 792 conscientiam
2427 749 2554 804 erga
2583 733 2915 804 proximum,
2942 731 3015 785 ita
3047 729 3373 786 servaberis.

1809 828 1912 890 illi,
1951 837 2141 897 utpote
2167 825 2369 896 quibus
2399 823 2603 879 factum
2633 830 2780 878 esset
2815 824 2972 888 satis,
3004 821 3378 876 discesserunt

1809 931 1933 971 cum
1967 916 2185 986 gaudio.
2247 933 2254 942 '

1881 1009 1934 1063 5.
1967 1009 2042 1077 (5)
2080 1008 2450 1064 Accesserunt
2478 1013 2715 1076 quatuor
2749 1003 3002 1059 Scetiotte
3026 1005 3092 1060 ad
3121 1020 3376 1073 magnum

1809 1098 2034 1164 Pambo,
2065 1099 2244 1154 induti
2289 1099 2552 1169 pellibus;
2589 1105 2644 1150 et
2692 1097 2956 1164 indicavit
2996 1098 3380 1168 unusquisque

1811 1193 2066 1245 virtutem
2103 1190 2237 1246 socii
2288 1189 2394 1244 sui.
2429 1188 2579 1244 Unus
2615 1189 2833 1259 quidem
2882 1189 3166 1258 jejunabat
3211 1189 3380 1259 pluri-

1811 1297 1992 1344 mum;
2049 1283 2327 1336 secundus
2377 1281 2512 1333 nihil
2567 1280 2905 1349 possidebat;
2955 1282 3152 1334 tertius
3209 1283 3377 1334 multa

1811 1375 2078 1428 charitate
2107 1385 2222 1428 erat
2249 1375 2532 1444 praeditus.
2566 1375 2734 1426 Aiunt
2766 1381 2946 1426 autem
2977 1373 3042 1428 de
3069 1383 3287 1442 quarto,
3311 1375 3380 1426 ab

1811 1465 1971 1518 annis
1995 1464 2184 1530 viginti
2215 1465 2432 1518 duobus
2466 1465 2517 1516 in
2552 1463 2860 1516 obedientia
2889 1462 3036 1516 senis
3067 1463 3375 1532 persistere.

1813 1554 2112 1626 Respondit
2141 1557 2226 1609 eis
2249 1555 2418 1610 abbas
2453 1553 2691 1608 Pambo:
2725 1553 2857 1607 Dico
2901 1554 3080 1618 vobis,
3117 1553 3380 1622 postremi

1811 1645 1974 1717 hujus
2018 1648 2194 1701 virtus
2241 1646 2414 1715 major
2457 1653 2562 1700 est.
2621 1643 2877 1700 Vestrum
2925 1643 3068 1698 enim
3123 1643 3375 1713 quisque,

1813 1755 1974 1808 quam
2007 1739 2264 1792 virtutem
2300 1737 2530 1800 obtinet,
2583 1737 2859 1790 voluntate
2894 1751 2991 1790 sua
3042 1743 3380 1788 consecutus

163 1829 210 1882 δὲ
233 1829 286 1881 τὸ
308 1829 520 1902 θέλημα
544 1831 708 1885 αὐτοῦ
737 1831 929 1900 κόψας,
971 1832 1129 1886 ἄλλου
1162 1835 1304 1885 ποιεῖ
1327 1833 1558 1903 θέλημα.
1591 1836 1711 1887 Τοι-

1828 1839 1930 1896 :st;
1975 1830 2063 1884 hic
2098 1847 2227 1884 vero
2273 1827 2776 1897 abscissa..propria
2821 1826 3124 1890 voluntate,
3149 1825 3381 1878 alterius

163 1919 408 1992 οὗτοιγὸιρ
435 1923 649 1994 ἄνδρες,
689 1924 1016 1995 ὀμολογηταε
1055 1927 1212 1990 εἰσιν,
1250 1925 1342 1977 ἐὰν
1370 1929 1448 1989 εις
1475 1927 1532 1979 τὺ
1559 1927 1710 1992 τέλος

165 2015 464 2082 φυλάξωσιν.

217 2209 272 2264 δ’.
313 2211 494 2274 Ὀσίας
547 2215 770 2284 μνήμης
833 2215 1147 2278 Ἀθανὰσιος
1197 2217 1226 2267 ὁ
1285 2217 1712 2286 ἁρχιεπὶσκοπος

173 2299 553 2372 ⁹Δλε.ιξα.νδρείο;ς
607 2303 976 2374 παρεκάλεσεν
1033 2305 1124 2357 τὸν
1178 2305 1350 2358 ἁΰϐᾶν
1405 2305 1711 2378 Rupilium)

161 2393 416 2446 κατελθεῖν
460 2396 528 2448 ὲκ
573 2395 672 2466 τῆς
709 2397 920 2466 ἐρήμου
974 2396 1066 2450 ἐπὶ
1113 2395 1214 2468 τὴν
1285 2397 1710 2468 Ἀλεξάνδρειαν.

161 2485 430 2540 Κατελθὼν
457 2486 537 2552 δὲ,
576 2489 670 2541 καὶ
708 2487 832 2540 ἰδὼν
858 2489 976 2542 ἐκεῖ
1000 2491 1232 2557 γυναῖκα
1243 2487 1566 2562 θεατρικὴν,
1597 2491 1714 2543 σύν-

157 2574 338 2646 δακρυς
367 2579 610 2647 ἐγένετο.
646 2579 764 2632 Τῶν
801 2580 858 2632 δὲ
894 2581 1160 2634 συνόντων
1195 2580 1533 2650 πυθομένων,
1571 2582 1713 2634 διατί

159 2670 451 2741 ἐδάκρυσεν·
479 2671 588 2724 Δύο
615 2689 700 2742 με,
731 2671 858 2743 ἔφη,
883 2674 1193 2744 κεκίνηκεν·
1216 2673 1272 2725 ἓν
1295 2675 1416 2744 μὲν,
1447 2675 1715 2745 ήὲκείνης

159 2762 399 2816 ἀπώλεια·
441 2765 635 2836 ἕτερον
674 2766 748 2826 δὲ,
799 2767 880 2818 ὅτι
925 2765 986 2818 ού
1031 2765 1285 2835 τοιαύτην
1330 2767 1564 2836 σπουδὴν
1607 2767 1713 2838 ἔχω

161 2855 276 2922 πρὸς
297 2855 354 2908 τὸ
373 2857 576 2926 ἀρέσαι
607 2857 686 2928 τῷ
713 2857 852 2928 Θεῷ,
883 2858 1006 2912 ὅσον
1034 2857 1172 2928 αὕτη
1195 2859 1282 2911 ἵνα
1310 2859 1482 2932 ἀρέσῃ
1504 2858 1706 2931 ἀνθρώ-

159 2963 263 3006 ποις
289 2947 557 3018 αἰσχροῖς.

215 3043 269 3090 ε’.
307 3033 474 3090 Εἶπεν
499 3041 530 3092 ό
557 3037 730 3102 ἀϐϐᾶς
767 3039 997 3109 Παμὸὼ,
1045 3040 1127 3093 ὅτι
1161 3041 1260 3094 Διά
1296 3041 1386 3094 τὸν
1419 3041 1713 3112 Θεὸνμάφῗ

1811 1923 2077 1975 voluntati
2113 1921 2468 1988 obtemperat.
2505 1919 2666 1974 Tales
2705 1921 2909 1988 quippe
2943 1917 3066 1981 viri,
3104 1916 3384 1971 confesso-

1813 2029 1902 2066 rcs
1946 2023 2108 2073 sunt,
2133 2013 2178 2066 si
2215 2029 2389 2081 usque
2435 2013 2500 2066 ad
2549 2013 2708 2066 linem
2743 2009 3055 2080 hujusmodi
3085 2008 3384 2062 observan-

1812 2107 1948 2158 tiam
1975 2106 2278 2160 tenuerint.

1880 2219 1936 2274 4.
1977 2221 2052 2290 (4)
2078 2219 2292 2274 Sancta:
2321 2218 2596 2274 memoria:
2611 2217 2948 2271 Athanasius
2980 2215 3383 2268 Alexandrinus

1814 2312 2259 2380 archiepiscopus
2298 2309 2510 2380 rogavit
2536 2309 2784 2364 abbatem
2816 2306 3044 2370 Pambo,
3074 2315 3132 2359 ut
3163 2307 3230 2360 de
3260 2313 3382 2360 ere-

1813 2417 1902 2455 mo
1931 2401 2288 2456 descenderet
2315 2401 2721 2454 Alexandriam.
2759 2397 2807 2452 ls
2829 2415 2952 2454 cum
2979 2397 3378 2462 descendisset,

1815 2493 2046 2548 intuitus
2079 2494 2192 2547 illic
2241 2493 2526 2549 mulierem
2562 2491 2910 2552 theatricam,
2953 2491 3379 2560 collaerytnavit.

1813 2585 2061 2654 Cumque
2113 2585 2543 2652 interrogassent
2579 2584 2670 2652 qui
2698 2583 2949 2640 aderant.
2985 2598 3082 2634 cur
3113 2583 3383 2651 liltfl'yllla-

1813 2679 1902 2725 tus
1959 2672 2199 2728 fuisset:
2259 2673 2393 2738 Duo,
2437 2673 2636 2742 inquit,
2685 2687 2770 2728 me
2817 2675 3150 2742 adegerunt;
3189 2687 3379 2729 unum.

1814 2763 2044 2833 perditio
2069 2764 2344 2828 mulieris;
2381 2765 2636 2826 alterum,
2667 2765 2793 2833 quia
2821 2773 3035 2818 tantum
3061 2780 3170 2816 non
3209 2763 3382 2819 habeo

1815 2855 2056 2910 studium
2083 2857 2328 2927 placendi
2357 2855 2487 2920 Deo,
2523 2865 2792 2927 quantum
2825 2857 2948 2911 hazc.
2973 2863 3033 2910 ut
3068 2855 3383 2910 hominibus

1813 2948 2066 3018 turpibus
2092 2950 2336 3017 placeat...

1887 3039 1940 3093 5.
1981 3038 2273 3094 Protessu-s
2302 3049 2387 3092 est
2416 3041 2588 3096 abbas
2633 3039 2872 3095 Pantho:
2923 3040 3111 3095 Gratia
3159 3039 3274 3108 Dei,
3319 3055 3388 3097 ex

157 3121 208 3180 ὦ
227 3129 606 3200 ἀπεταεάμην,
623 3132 684 3182 οὐ
706 3131 1080 3202 μετεμελήθην
1100 3133 1192 3185 ἐπὶ
1219 3132 1360 3204 λόγῳ
1383 3126 1426 3200 ᾧ
1454 3133 1709 3205 ἐλάλησα.

1828 3145 1927 3200 quo
1957 3133 2262 3186 rcmtntiavi
2305 3133 2526 3200 steculo,
2563 3148 2672 3188 non
2708 3133 2962 3206 pmnituit
2994 3148 3077 3188 me
3111 3135 3408 3190 sermonis

218 3331 284 3388 ς’.
335 3321 506 3379 Εἶπεν
553 3323 733 3388 πάλιν,
774 3323 856 3375 ὃτι
899 3323 1142 3377 τοιοῦτον
1181 3325 1210 3376 6
1257 3325 1485 3394 μοναχὺς
1515 3323 1716 3392 ὀφείλει

159 3419 322 3487 φορεῖν
364 3419 606 3488 ἱμάτιον,
648 3419 786 3471 ὥστε
825 3417 1040 3488 βάλλειν
1080 3417 1212 3470 αύτὸ
1243 3417 1347 3482 ἕξω
1377 3417 1472 3470 τοῦ
1501 3419 1712 3471 κελλξου

155 3509 301 3563 αὐτού
329 3511 418 3563 ἐπὶ
448 3513 602 3582 τρεῖς
628 3512 860 3582 ἡμέρας,
887 3510 978 3562 καὶ
1006 3509 1193 3580 μηδεὶς
1221 3509 1360 3582 λάϐῃ
1388 3510 1568 3567 αὐτόν

216 3623 276 3686 ζ’.
315 3623 566 3692 Ἐγένετὸ
597 3641 726 3676 ποτε
758 3625 846 3676 τὸν
884 3623 1057 3677 ὰϐϐᾶν
1097 3621 1304 3694 Παμϐὼ
1345 3623 1546 3677 ὁδεύειν
1579 3603 1717 3693 μετᾶ

157 3711 381 3780 ἀδελφῶν
405 3715 488 3776 εἰς
515 3713 588 3766 τὰ
615 3713 756 3785 μέρη
785 3715 883 3784 τῆς
908 3711 1204 3780 Αἰγύπτου·
1239 3713 1330 3765 καὶ
1369 3712 1490 3765 ἰδὼν
1518 3730 1715 3784 κοσμι-

160 3806 271 3867 κοὺς
305 3805 672 3876 καθημένους,
711 3805 858 3872 λέγει
893 3806 1097 3866 αὐτοῖς·
1149 3805 1504 3868 Ἀναστὰντες
1536 3807 1716 3860 ἀσπά-

160 3895 306 3949 σασθε
335 3897 463 3960 τοὺς
499 3899 770 3968 μοναχοὺς
791 3937 806 3962 ,
843 3897 930 3950 ἵνα
963 3895 1307 3966 εύλογηθῆτε·
1347 3895 1582 3967 συνεχῶς
1608 3897 1716 3968 γὰρ

155 3985 222 4054 τῷ
251 3985 362 4058 Θεῷ
387 3985 636 4050 λαλοῦσι,
673 3987 768 4039 καὶ
803 3987 870 4039 τὰ
904 3986 1145 4057 στόματα
1176 3987 1354 4040 αὐτῶν
1385 3988 1514 4055 ἆγιὰ
1548 3989 1716 4042 ἐστιν.

214 4195 278 4256 η’.
316 4191 665 4260 Διηγήσαντο
693 4189 820 4258 περὶ
852 4188 944 4242 τοῦ
971 4189 1115 4243 ἀδεᾶ
1143 4189 1372 4262 Παμόὼ,
1413 4191 1494 4244 ὅτι
1531 4191 1718 4244 τελευιι-

155 4277 266 4342 τῶν,
313 4284 434 4334 κατ’
483 4281 654 4351 αὐτὴν
687 4281 786 4352 τὴν
819 4280 965 4352 ὥραν
1003 4281 1096 4334 τοῦ
1129 4281 1382 4348 θανάτου,
1427 4279 1577 4335 εἶπεν
1606 4285 1717 4345 τοῖς

157 4373 482 4442 παρεστῶσιν
513 4372 665 4442 αύτῷ
697 4372 872 4439 ἁγίοις
903 4371 1179 4442 ἀνδράσιν,
1214 4374 1294 4428 ὅτι
1329 4361 1446 4444 "Ago"
1475 4369 1535 4428 οὗ
1555 4371 1717 4446 ἦλθον

154 4463 224 4527 εις
251 4465 338 4518 τὸν
353 4466 528 4518 τόπον
549 4464 738 4518 τοῦτον
761 4465 862 4535 τῆς
880 4467 976 4537 ὲρή
986 4483 1107 4537 μου,
1138 4467 1229 4519 καὶ
1259 4467 1583 4538 ᾠκοδόμησά
1615 4486 1715 4538 μου

152 4557 239 4628 τήν
262 4559 479 4621 κὲλλαν,
515 4557 612 4634 καῖ.
656 4559 851 4628 οἴκησα
897 4559 954 4610 ἐν
995 4559 1154 4628 αὐτῇ,
1191 4559 1347 4621 ἐκτὸς
1379 4558 1486 4610 τῶν
1517 4560 1715 4632 χειρῶν

156 4667 242 4716 μου
277 4653 336 4704 ού
381 4651 676 4721 μέμνημαι
717 4651 880 4720 ἄρτον
921 4650 1130 4719 φαγὼν,
1171 4651 1306 4704 οὐδὲ·
1332 4653 1713 4722 μεταμεμὲλη-

157 4757 239 4808 μαι
273 4745 362 4796 ἐπὶ
403 4743 556 4814 λόγῳ
591 4737 636 4810 ᾧ
667 4743 924 4813 ἐλάλησα,
965 4743 1069 4806 ἓως
1106 4745 1206 4814 τῆς
1243 4743 1366 4817 ἄρτι
1404 4745 1572 4816 ὥρας.
1607 4747 1718 4800 Καὶ

152 4830 304 4899 οὕτως
333 4837 656 4906 ἀπέρχομαι
687 4836 825 4905 πρὸς
855 4835 948 4888 τὸν
973 4837 1126 4900 Θεὸν,
1153 4837 1229 4900 ὡς
1251 4839 1386 4908 μηδὲ
1411 4839 1717 4910 ἀρξάμενος

151 4923 254 4994 θεῷ
277 4927 494 4981 δουλεύε
503 4945 572 4980 ιν.

212 5015 269 5070 θ’.
303 5019 478 5073 Τοῦτο
513 5019 572 5072 δὲ
611 5015 754 5088 εἶχεν
795 5020 932 5089 ὑπὲρ
976 5020 1224 5084 πολλοὺς,
1264 5021 1346 5074 ὅτι
1377 5024 1426 5074 εἰ
1457 5023 1715 5093 ἠρωτήθη

1815 3237 1979 3291 quem
2017 3222 2360 3290 protulerint.

1886 3332 1941 3386 6.
1971 3333 2049 3404 (5)
2098 3331 2246 3386 Dixit
2303 3335 2538 3388 iterum:
2591 3331 2871 3402 Ejusmodi
2921 3348 3125 3393 vestem
3175 3347 3436 3407 gestara-

1817 3424 1975 3480 d'ebet
2006 3426 2328 3486 mtmachus,
2353 3433 2412 3478 ut
2441 3442 2484 3479 SI
2525 3425 2812 3496 projecerit
2842 3441 2962 3481 eam
2987 3441 3138 3482 extra
3171 3429 3396 3494 cellam,

1817 3533 1915 3588 per
1939 3527 2049 3572 tros
2079 3517 2216 3580 dies,
2255 3532 2411 3572 nemo
2440 3518 2616 3572 tollat.

1890 3631 1941 3684 ἶ.
1979 3630 2052 3696 (6)
2089 3631 2329 3700 Contigit
2372 3631 2689 3699 aliquando,
2744 3640 2804 3684 ut
2831 3631 3000 3686 abbas
3035 3630 3240 3685 Patnbo
3261 3647 3386 3686 cunt

1817 3720 2081 3775 fratribus
2112 3722 2215 3798 iter
2255 3723 2458 3776 faceret
2485 3723 2537 3774 in
2575 3724 2824 3792 partibus
2857 3721 3107 3793 Egypti;
3151 3737 3434 3792 cumque.-

1815 3813 2045 3868 vidisset
2082 3814 2375 3869 sznculares
2415 3815 2561 3868 viros
2603 3816 2876 3879 sedentes,
2917 3815 3054 3870 dixit
3105 3815 3222 3873 eis:
3253 3811 3389 3868 Sur-

1816 3905 1948 3975 gite,
1975 3907 2274 3962 monachos
2311 3907 2564 3968 salutate,
2599 3917 2658 3960 ut
2696 3907 3090 3964 benedicamini
3124 3925 3138 3961 :
3169 3906 3390 3964 assiduo

1817 3995 1963 4050 enim
1989 4010 2113 4048 cum
2147 3994 2258 4050 Deo
2285 3995 2602 4066 loquuntur,
2634 4005 2796 4067 atque
2831 4011 2950 4052 ora.
2979 4011 3168 4052 eorum
3194 4005 3390 4052 sancta

1817 4095 1968 4143 sunt.

1887 4203 1940 4256 8.
1986 4202 2062 4272 (7)
2117 4201 2486 4258 Narraverunt
2511 4202 2578 4256 de
2605 4203 2800 4257 abbate
2833 4201 3058 4258 Pantho.
3091 4204 3391 4272 quod'mo-

1817 4295 1986 4356 riens,
2023 4295 2356 4363 ipsa-mortis
2389 4296 2524 4349 hora
2563 4296 2780 4350 dixerit-
2803 4297 3148 4350 adstantibus
3182 4297 3391 4352 sanctis

1817 4385 1984 4440 viris:
2019 4385 2228 4454 Exequo
2257 4393 2503 4454 tempore
2543 4385 2666 4440 veni
2695 4386 2750 4439 in
2781 4375 2926 4438 hunc
2966 4385 3280 4440 solitudinis
3313 4385 3391 4439 lo-

1749 4497 1795 4556 D
1822 4493 1972 4540 etun,
2003 4493 2289 4547 meamque
2315 4477 2508 4532 cellam
2549 4477 2820 4540 exstruxi,
2851 4491 2918 4530 ac
2947 4475 3184 4530 habitavi
3217 4475 3270 4530 in
3301 4491 3386 4540 ea,

1821 4585 1930 4624 non
1953 4568 2176 4624 memini
2199 4584 2286 4623 me
2335 4568 2622 4623 comedere
2666 4582 2858 4637 panem
2901 4567 3008 4621 nisi
3045 4565 3230 4620 labore
3277 4579 3392 4618 ma-

1819 4677 1990 4716 nuum
2019 4675 2262 4715 mearum
2289 4667 2542 4728 partum;
2576 4673 2676 4712 nec
2714 4673 2800 4711 me
2831 4657 3084 4726 pamitnit
3119 4655 3390 4711 sermonis

1818 4768 1978 4822 quem
2006 4753 2224 4807 locutus
2252 4751 2469 4813 fuerim,
2515 4765 2690 4819 usq-ue
2732 4749 2788 4802 in
2839 4749 2977 4800 hanc
3031 4748 3239 4800 horam.
3297 4745 3390 4800 Sic

1820 4852 2000 4899 tamen
2036 4842 2354 4912 proﬁciscor
2388 4840 2457 4894 ad
2484 4839 2649 4894 Deum
2675 4878 2690 4902 ,
2741 4839 3015 4908 quomodo
3043 4838 3138 4906 qui
3164 4852 3263 4892 nec
3287 4837 3389 4891 ini-

1817 4935 1954 4987 tium
1987 4933 2207 4988 fecerim
2229 4931 2338 4986 Deo
2358 4932 2650 4986 serviendi.

1893 5024 1947 5079 9.
1996 5023 2074 5094 (8)
2109 5022 2234 5078 Hoc
2251 5030 2432 5077 autem
2474 5023 2662 5076 habuit
2697 5035 2860 5091 supra
2909 5018 3136 5082 multos,
3167 5017 3312 5088 quod
3343 5016 3388 5072 si

149 5105 288 5174 λόγον
302 5111 577 5179 γραφικὺν
600 5111 632 5181 ἢ
655 5113 1042 5182 πνευματικὸν,
1063 5115 1164 5166 οὐκ
1183 5113 1516 5185 ἀπεκρίνατο
1533 5115 1712 5180 εὐθὺς,

1828 5117 2194 5184 interrogatus
2223 5114 2443 5170 «fuisset
2494 5129 2802 5170 sermonem
2857 5128 2923 5166 ex
2971 5111 3254 5181 Scriptura
3305 5109 3392 5166 vel

209 5265 251 5298 ³⁹
275 5269 354 5322 ΔΙ.
385 5271 639 5340 κεράτια.
711 5271 756 5302 ³³
788 5273 872 5324 Al.
904 5271 1004 5324 τοῦ
1026 5270 1209 5343 ἑτέρου
1261 5272 1554 5336 πολιτείαν,
1589 5274 1664 5345 μὴ
1703 5274 1963 5346 παρόντος
2017 5273 2202 5328 αὐτοῦ.
2280 5277 2325 5306 ³⁵
2357 5275 2442 5328 Al.
2473 5273 2548 5328 δέ.

207 5420 278 5490 (2)
321 5425 434 5478 Τὸν
455 5422 652 5494 ἀεΰᾶν
675 5424 917 5494 Παμὸώ..
929 5425 1118 5480 Simile
1137 5427 1300 5482 habet
1320 5425 1560 5484 Joannes
1577 5429 1716 5486 Geo-

147 5495 408 5566 meti-ade
453 5493 773 5566 carinone;
811 5505 905 5548 aut
947 5504 1006 5550 ut
1062 5500 1288 5566 corrigit
1327 5499 1596 5553 Meursius
1645 5500 1714 5554 ad

149 5559 806 5638 PalladiumLCron'tone;
852 5581 950 5621 seu
981 5567 1127 5638 quod
1172 5559 1385 5626 notiore
1413 5570 1715 5624 mutatione

145 5643 432 5698 constaret,
459 5633 718 5690 Carione.

207 5704 276 5770 t5)
324 5702 434 5758 Vit.
463 5701 622 5758 Patr.
657 5721 768 5770 xw,
797 5707 853 5760 7.

207 5773 278 5834 ιι,
326 5771 434 5830 νει.
467 5773 623 5830 Patr.
667 5793 744 5842 ut,
795 5777 890 5846 ι-ι;
935 5777 1090 5835 Joan.
1127 5780 1314 5838 Gcom.
1363 5779 1564 5836 Parad.
1606 5781 1709 5850 5!;

1817 5429 2076 5484 Socrates
2101 5443 2175 5492 tv,
2209 5429 2301 5483 9.3.

1887 5501 1964 5570 (5)
2006 5501 2189 5570 Supra
2215 5498 2787 5570 lsaaciCell.‘Ap_oph.
2829 5497 2930 5570 ult.

1886 5561 1962 5640 (ti)
2014 5561 2118 5640 Υιέ.
2157 5567 2310 5640 Patr.
2347 5585 2482 5640 xvii,
2522 5561 2802 5640 ii;'Jo'an.
2834 5567 3027 5626 Geom.
3053 5564 3258 5622 Parad.
3287 5561 3388 5622 .83.

1884 5638 1960 5709 (7)
2011 5638 2116 5694 Vit.
2147 5639 2302 5709 Patr.
2333 5656 2370 5700 t,
2399 5639 2496 5706 16;
2535 5656 2652 5704 vtu,
2689 5639 2772 5694 10.

1883 5707 1960 5780 (8)
2013 5709 2115 5765 γει.
2156 5707 2308 5764 Patr.
2343 5725 2463 5776 vui,
2495 5709 2577 5764 10.
