3828 6308
427 259 530 318 571

1559 275 1902 336 APPENDIX
1941 282 2031 338 AD
2068 283 2151 340 ΡΑ
2161 285 2481 363 ιιΑοιυΜ.

3565 303 3675 359 579

426 381 755 449 spiritalem,
787 400 896 440 non
929 388 1288 457 responderet
1321 393 1491 461 illico,
1521 397 1614 459 sed
1652 399 1998 468 proﬁteretur

2113 404 2208 457 ὶλλ’
2238 405 2350 474 ελεγ
2366 424 2423 460 εν
2454 408 2526 477 μὴ
2560 407 2752 461 εἰδέναι
2781 410 2872 462 τὸν
2901 410 3078 480 λόγον·
3121 416 3216 469 καὶ
3249 381 3669 494 ἐπ[ερωτηθελς]

426 488 455 526 a
497 489 557 528 se
593 474 644 528 id
683 475 944 546 ignorari.
984 479 1138 546 Quod
1182 482 1226 536 si
1262 484 1520 543 ulteriore
1572 490 1998 560 interrogatione

427 574 732 634 urgeretur,
767 584 875 630 non
907 569 1069 624 dabat
1096 588 1444 644 responsum.

499 655 586 710 10.
627 655 772 711 Dixit
797 660 968 716 abbas
990 660 1227 721 Pambo:
1262 666 1318 720 Si
1353 683 1447 726 cor
1481 670 1678 738 babes,
1710 682 1863 742 potes
1892 674 2001 734 sal—

422 760 526 802 vus
557 747 695 802 fieri.

495 837 584 893 Η.
613 837 979 913 Interrogavit
1006 847 1292 921 presbyter
1325 850 1542 915 Nitriae:
1571 853 1859 918 Quomodo
1906 855 1998 911 de-

423 928 552 983 bent
573 928 772 987 fratres
803 933 1032 1006 degere?
1060 937 1143 993 llli
1198 956 1326 996 vero
1377 942 1635 1001 dixerunt
1668 945 1766 1000 :ln
1802 962 1998 1018 magna

420 1022 834 1094 exercitatione,
888 1036 944 1082 et
993 1040 1276 1096 servantes
1332 1036 1724 1092 conscientiam
1780 1053 1934 1100 suam
1965 1055 1998 1094 a

419 1113 696 1180 proximo.

487 1202 575 1257 12.
604 1205 866 1264 Dicebant
895 1212 963 1266 de
992 1212 1187 1268 abbate
1213 1212 1446 1270 Pambo:
1484 1215 1638 1272 Sicut
1673 1217 1886 1290 Moyses
1905 1235 1998 1274 ac-

419 1294 562 1364 cepit
586 1299 876 1370 imaginem
899 1303 1086 1372 gloria:
1112 1304 1164 1357 in
1193 1304 1404 1372 Adamo
1444 1307 1789 1378 refulgentis.
1823 1325 1997 1379 quan-

419 1382 491 1439 do
518 1384 685 1445 facies
704 1391 823 1459 ejus
852 1394 1085 1463 gloriosa
1118 1387 1328 1455 reddita
1376 1406 1460 1454 est
1486 1399 1563 1455 υς
1593 1401 1667 1456 ita
1694 1409 1748 1455 et
1779 1402 1996 1458 abbatis

419 1475 624 1534 Pambo
659 1480 829 1540 facies
857 1489 1005 1540 velut
1053 1486 1235 1559 fulgur
1274 1491 1574 1556 relucebat,
1614 1503 1841 1562 eratque
1872 1503 1994 1548 tau-

419 1584 583 1638 quam
613 1586 707 1627 rex
758 1574 955 1630 sedens
1003 1593 1167 1647 super
1211 1577 1464 1633 thronum
1516 1595 1697 1636 suum.
1740 1580 1994 1650 Ejusdem

419 1664 756 1730 operationis
807 1668 1016 1722 exstitit
1055 1669 1226 1728 abbas
1269 1670 1544 1736 Silvanus,
1589 1688 1799 1733 necnon
1827 1673 1995 1728 abbas

424 1750 632 1810 Sisoes.

492 1847 580 1900 1'5.
621 1847 853 1902 Aiebant
889 1849 956 1904 de
1002 1850 1200 1910 abbate
1243 1850 1467 1914 Pambo.
1517 1854 1662 1924 quod
1718 1867 1993 1924 nunquam

420 1936 603 1993 vultus
623 1937 743 2006 ejus
777 1939 1052 1995 subrisum
1087 1941 1416 1998 ostenderet.
1446 1941 1689 2009 Quadam
1725 1959 1856 2014 ergo
1884 1943 1994 2007 die,

421 2044 546 2081 eum
575 2031 775 2088 vellent
810 2030 1087 2087 daemones
1113 2033 1330 2089 efﬁcere
1360 2045 1416 2089 ut
1445 2034 1664 2098 rideret,
1691 2035 1995 2107 ligaverunt

421 2121 561 2174 alam
594 2122 660 2176 ad
686 2122 912 2193 lignum,
938 2127 1357 2196 portabantque,
1391 2127 1653 2183 facientes
1679 2130 1991 2190 tumultum.

421 2228 487 2267 ac
520 2213 797 2287 dicentes;
822 2216 961 2281 Alle,
992 2218 1118 2271 alie.
1149 2217 1298 2283 Quos
1323 2236 1553 2274 cernens
1584 2221 1751 2275 abbas
1767 2218 1991 2283 Pambo,

419 2302 564 2358 risit.
621 2302 902 2360 Dzemones
952 2321 1082 2360 vero
1137 2316 1423 2376 cmperunt
1485 2309 1820 2380 tripudiare:
1855 2307 1992 2373 Vah,

421 2394 548 2458 vah,
582 2396 913 2466 inquientes,
938 2395 1144 2465 Pambo
1182 2400 1325 2455 risit.
1356 2401 1424 2452 At
1454 2401 1543 2456 ille
1575 2402 1856 2473 reSpondit
1877 2404 1990 2458 eis:

417 2476 540 2536 Non
586 2482 707 2544 risi,
753 2483 847 2538 sed
887 2483 1054 2540 derisi
1117 2485 1541 2550 imbecillitatem
1590 2499 1851 2558 vestram,
1900 2492 1994 2561 qui

419 2587 584 2626 unam
615 2574 755 2628 alam
786 2581 864 2628 tot
895 2592 1120 2631 numero
1151 2580 1399 2648 portetis.

489 2664 578 2718 14.
626 2663 858 2736 Rogavit
889 2668 1058 2723 abbas
1089 2668 1408 2725 Theodorus
1439 2670 1785 2733 Phermensis
1831 2673 1996 2734 abba-

419 2762 530 2808 tem
581 2755 821 2811 Pambo:
863 2757 1058 2834 Profer
1094 2763 1224 2814 mihi
1278 2765 1524 2816 verbum.
1571 2765 1646 2817 Ac
1681 2779 1822 2832 aegre
1859 2766 1994 2819 dixit

420 2845 537 2899 illi:
604 2844 909 2912 Theodore,
968 2850 1093 2914 abi;
1147 2851 1580 2914 misericordiam
1624 2868 1819 2908 exerce
1868 2868 1993 2923 erga

421 2951 636 3002 omnes.
669 2937 1045 3012 Misericordia
1081 2942 1229 3010 enim,
1266 2942 1472 3006 invenit
1521 2943 1769 3007 fiduciam
1810 2959 1991 3000 coram

421 3025 554 3082 Deo.

967 3145 1044 3200 De
1075 3145 1262 3204 abbate
1291 3145 1460 3204 Pisto.

495 3258 571 3328 (9)
611 3258 865 3327 Narratio
916 3259 1074 3323 Pisti,
1121 3261 1174 3314 in
1230 3262 1343 3316 haec
1381 3263 1578 3317 verba:
1621 3264 1871 3322 Adiimus
1911 3282 1998 3322 se-

421 3361 570 3422 ptem
619 3352 963 3422 anaehoretze
1008 3353 1259 3408 abbatem
1307 3354 1520 3412 Sisoem
1548 3357 1880 3412 habitantem
1940 3360 1995 3414 in

422 3439 729 3518 Clysmate,
748 3450 801 3496 et
825 3443 1138 3514 rogavimus
1173 3461 1297 3500 eum
1341 3453 1397 3500 ut
1433 3447 1595 3502 nobis
1630 3449 1848 3519 aliquod
1882 3466 1999 3505 ver-

424 3530 554 3586 bum
619 3533 905 3602 proferret.
962 3535 1250 3606 Dixitque:
1297 3538 1566 3610 Ignoscite
1611 3542 1779 3608 mihi;
1837 3543 2000 3597 homo

423 3638 546 3678 sum
578 3624 746 3693 idiota
767 3667 781 3691 ,
810 3625 905 3692 sed
939 3627 1061 3682 veni
1104 3629 1398 3698 aliquando
1449 3631 1514 3684 ad
1547 3631 1798 3692 abbatem
1835 3631 1911 3687 0r
1946 3642 2000 3687 et

425 3718 686 3776 abbatem
706 3720 875 3778 Athre
902 3737 916 3784 ;
957 3721 1208 3777 infirmus
1262 3732 1450 3789 autem,
1477 3732 1594 3788 erat
1624 3725 1791 3788 abbas
1818 3725 1893 3780 Or
1932 3728 2000 3780 ab

427 3810 741 3876 octodecim,
785 3814 978 3879 annis;
1007 3815 1342 3884 supplexque
1385 3816 1452 3869 ab
1494 3817 1561 3871 iis
1603 3818 1730 3885 petii
1769 3827 1829 3871 ut
1867 3818 2000 3873 mihi

425 3901 628 3970 aliquid
659 3901 918 3963 dicerent.
955 3903 1092 3958 Tum
1127 3906 1203 3958 ait
1227 3905 1396 3965 abbas
1424 3909 1526 3959 0r:
1573 3907 1712 3973 Quid
1750 3909 1844 3962 tibi
1874 3925 2002 3977 pro-

430 3992 578 4061 loqui
620 3991 972 4056 habeo‘l-Abi,
1006 3993 1151 4066 qulod
1177 4053 1179 4055 ,
1205 3996 1385 4051 cernis
1433 3995 1618 4050 facito.
1677 3997 1820 4052 Deus
1856 3998 2001 4055 illius

427 4091 535 4145 est,
570 4083 661 4151 qui
689 4083 910 4146 sibimet
938 4084 1195 4152 injuriam
1231 4092 1323 4137 aut
1356 4086 1462 4141 vim
1490 4085 1543 4139 in
1573 4087 1826 4144 omnibus
1847 4088 2001 4145 facit.

428 4171 603 4226 Porro
629 4173 799 4235 abbas
834 4172 909 4228 0r
931 4182 985 4229 et
1008 4175 1177 4229 abbas
1193 4173 1359 4249 Athre
1389 4193 1497 4231 non
1526 4187 1684 4237 erant
1715 4197 1780 4234 ex
1811 4182 2001 4237 eadem

430 4265 691 4335 regione;
726 4265 823 4320 sed
853 4280 1048 4336 magna
1095 4267 1236 4321 inter
1281 4278 1570 4340 utrumque
1626 4275 1839 4327 exstitit
1865 4291 2002 4329 con-

2100 495 2302 560 πλεῖον,
2328 499 2428 550 οὐκ
2454 497 2622 550 ἐδίδου
2652 500 2960 571 ἀπόκρισιν.

2172 678 2223 725 ι’.
2266 667 2432 726 Εἶπεν
2465 675 2494 728 6
2529 675 2703 739 ἀϐὅᾶς
2750 677 2980 748 Παμϐὠ·
3015 681 3078 734 El
3113 681 3256 753 ἔχεις
3293 685 3521 756 καρδίαν
3577 688 3671 740 δύ-

2097 779 2256 821 νασαι
2282 764 2536 835 σωθῆναι.

2172 861 2258 908 ια’.
2313 854 2620 926 Ἥρώτησεν
2641 860 2669 912 ὁ
2691 861 3060 933 πρεσϐύτερος
3079 865 3178 934 τῆς
3211 866 3490 938 Νιτρείας,
3523 871 3675 932 6m};

2097 946 2398 1015 ὀφείλουσιν
2427 950 2476 1001 οἱ
2524 949 2742 1019 ἀδελφοὶ
2778 953 3004 1024 διάγειν.
3040 959 3102 1010 Ol
3135 957 3190 1013 δὲ
3225 955 3403 1013 εἷπαν-
3451 961 3540 1013 Ἐν
3573 979 3674 1030 με-

2097 1037 2237 1110 γάλῃ
2265 1039 2514 1110 ἀσκήσει,
2547 1041 2641 1094 καὶ
2669 1044 2962 1114 τηροῦντες
2989 1046 3088 1118 τὴν
3116 1050 3416 1121 συνείδησιν
3440 1052 3549 1105 ἀπὸ
3576 1053 3670 1105 τοῦ

2097 1127 2341 1198 πλησίον.

2176 1221 2260 1273 ιϐ’.
2303 1223 2527 1292 Ἔλεγον
2558 1225 2685 1296 περὶ
2713 1227 2808 1278 τοῦ
2839 1227 2984 1282 ἀ66δὶ
3013 1231 3242 1300 Παμϐὼ,
3288 1234 3370 1286 δτι
3402 1232 3481 1296 ὡς
3508 1235 3673 1289 ἐλαὸε

2096 1311 2335 1383 Μωῡσῆς
2355 1315 2454 1386 τὴν
2475 1316 2655 1370 είκδνα
2676 1318 2775 1388 τῆς
2796 1318 2954 1389 δόξης
2993 1321 3181 1384 Ἀδὰμ.
3211 1324 3299 1376 ὅτε
3320 1322 3583 1394 ἐδοξάσθη
3610 1328 3672 1378 τὸ

2097 1400 2387 1474 πρόσωπον
2431 1407 2618 1462 αὐτοῦ·
2664 1408 2835 1473 οὕτως
2878 1412 2974 1465 καὶ
3013 1413 3108 1466 τοῦ
3151 1414 3295 1468 ἁὸὅᾶ
3337 1415 3554 1486 Παμὸὼ
3596 1419 3669 1482 ὡς

2096 1496 2348 1566 ἀστραπὴ
2382 1484 2592 1568 ἔλαμπε
2631 1500 2693 1553 τὸ
2737 1502 3046 1572 πρόσωπον,
3091 1507 3184 1557 καὶ
3214 1501 3283 1576 ἦν
3310 1506 3386 1570 ὡς
3417 1484 3668 1577 βασιλεὺς

2097 1588 2406 1660 καθήμενος
2428 1593 2518 1643 ἐπὶ
2539 1591 2632 1644 τοῦ
2659 1592 2849 1663 θρόνου
2872 1594 3058 1650 αὑτοῦ.
3081 1597 3192 1663 Τῆς
3213 1599 3384 1669 αὐτῆς
3406 1600 3672 1672 ἐργασίας

2095 1673 2164 1749 ἦν
2196 1681 2291 1732 καὶ
2321 1683 2348 1734 6
2384 1681 2557 1745 ἁὸὁᾶς
2585 1683 2888 1748 Σιλουανὸς,
2920 1687 3012 1741 καὶ
3040 1689 3069 1740 ὁ
3092 1689 3264 1753 ἁϐὃᾶς
3295 1691 3511 1761 Σισόης.

2164 1856 2252 1919 ιγ’.
2292 1847 2515 1917 Ἔλεγον
2542 1846 2790 1920 περὶτοῦ
2832 1846 2977 1900 ἀϐϐἆ
3014 1844 3244 1916 Παμϐὼ,
3278 1845 3360 1898 ὅτι
3406 1845 3665 1898 οὐδέποτε

2095 1941 2303 2011 ἐμειδία
2335 1940 2395 2004 τὸ
2436 1938 2725 2007 πρόσωπον
2754 1937 2937 1995 αὑτοῦ.
2988 1939 3132 2000 Μιᾶς
3171 1932 3264 1989 οὖν
3291 1934 3399 1987 τῶν
3441 1935 3666 2005 ἡμερῶν

2099 2033 2340 2094 θέλοντες
2355 2032 2404 2083 οἱ
2420 2030 2665 2099 δαίμονες
2683 2029 2902 2098 ποιῆσαι
2924 2029 3083 2081 αὑτὸν
3112 2027 3358 2095 γελάσαι.
3376 2026 3573 2097 ἔδησαν
3590 2030 3669 2088 είς

2097 2125 2251 2191 ξύλον
2278 2123 2493 2192 πτερὸν,
2522 2121 2614 2174 καὶ
2645 2120 2961 2185 ἐϐάσταζον,
2995 2119 3220 2190 θόρυϐον
3251 2117 3553 2178 ποιοῦντες,
3578 2117 3670 2168 καὶ

2095 2216 2344 2284 λέγοντες
2365 2231 2378 2244 ·
2416 2213 2596 2283 Ἀλλὴ,
2614 2213 2746 2283 ἁλλή
2774 2212 2906 2280 (10).
2950 2210 3092 2264 Ἰδὼν
3132 2210 3187 2264 δὲ
3212 2210 3406 2271 αὐτοὺς
3436 2210 3466 2258 6
3496 2208 3668 2270 6.665.;

2097 2308 2306 2381 Παμὸὼ
2333 2307 2609 2376 ἐγέλασεν.
2649 2307 2709 2358 υἱ
2747 2306 2802 2358 δὲ
2843 2305 3095 2374 δαίμονες
3132 2303 3366 2373 ἤρξαντο
3396 2303 3663 2374 χορεύειν.

2097 2404 2371 2472 λέγοντες·
2403 2399 2536 2462 Οὐὰ,
2570 2399 2690 2462 ούὰ,
2729 2397 2939 2467 Παμὸὼ
2966 2399 3278 2468 γεγὲλακεν·
3311 2399 3339 2450 6
3362 2399 3418 2450 δέ
3451 2400 3674 2465 ἀποκριέ

2102 2493 2214 2557 θεὶς
2229 2488 2380 2545 εἶπεν
2397 2491 2580 2552 αὐτοῖς
2598 2504 2612 2518 ⁶
2640 2490 2750 2543 Οὐκ
2767 2490 3020 2558 ἐγέλασα,
3044 2490 3180 2544 ἀλλὰ
3210 2489 3558 2558 κατεγέλασα
3579 2487 3671 2558 τὴν

2103 2583 2411 2652 ἀδυναμίαν
2441 2580 2614 2651 ὑμῶν,
2649 2581 2733 2633 ὃτι
2763 2581 3004 2634 τοσοῦτοι
3030 2582 3090 2635 τὸ
3114 2582 3310 2652 πτερὸν
3347 2578 3668 2651 βαστάζετε.

2170 2671 2249 2724 ιδ’.
2304 2670 2615 2741 Ἦρώτησεν
2646 2672 2674 2723 6
2708 2670 2883 2734 esse;
2910 2669 3182 2741 Θεόδωρος
3205 2670 3317 2736 (Η)
3350 2671 3380 2722 6
3409 2669 3508 2739 τῆς
3536 2669 3666 2737 φερ-

2100 2781 2206 2847 μης
2241 2765 2332 2817 τὸν
2366 2763 2540 2816 ἀϐὄᾶν
2579 2763 2808 2834 Παμϐὡ·
2852 2763 2988 2817 Εἰπέ
3043 2779 3132 2833 μοι
3178 2763 3347 2833 ῥῆμα.
3384 2761 3499 2812 Καὶ
3534 2760 3669 2828 μετὰ

2098 2855 2293 2908 πολλοῦ
2327 2857 2498 2926 κόπου
2522 2852 2673 2910 εἶπεν
2701 2855 2868 2926 αὐτῷ·
2898 2855 3163 2926 Θεόδωρε,
3195 2855 3391 2922 ὕπαγε,
3426 2852 3491 2904 τὸ
3524 2850 3665 2912 ἔλεός

2099 2963 2191 2999 σου
2223 2947 2312 3017 ἐχε
2341 2949 2432 3000 ἐπί
2457 2947 2688 3011 πάντας*
2733 2949 2794 3000 τὸ
2831 2947 2940 3019 γὰρ
2983 2947 3130 3010 ἕλεος
3169 2942 3325 3017 εὗρεν
3358 2943 3666 3016 παρρησίαν

2097 3039 2326 3107 ἐνώπιον
2357 3040 2451 3099 τοῦ
2476 3039 2630 3094 Θεοῦ.

2509 3153 2649 3221 Περὶ
2682 3154 2786 3207 τοῦ
2816 3151 2964 3208 ἁϐϐᾶ
2997 3150 3242 3206 Πιστοῦ.

2163 3264 2471 3334 Διηγήσατο
2498 3265 2528 3316 6
2552 3263 2726 3327 ἀόὅᾶς
2743 3265 2786 3294 ³⁸
2805 3264 3025 3326 Πιστὸς,
3055 3262 3252 3331 λέγων,
3280 3258 3364 3314 ὄιέι
3405 3257 3666 3329 Ἀπήλθο-

2101 3372 2198 3425 μεν
2219 3353 2359 3407 ἑπτὰ
2387 3354 2737 3423 ἁναχωρηταὶ
2759 3353 2894 3424 πρὸς
2920 3353 3010 3406 τὸν
3034 3351 3208 3406 ἀὸϐἄν
3236 3349 3431 3420 Σισόην
3459 3348 3665 3402 οἰκοῦν·-

2095 3465 2165 3500 τα
2200 3448 2256 3498 ἐν
2287 3445 2364 3516 τῷ
2399 3446 2686 3516 Κλύσματι
2708 3446 2776 3514 ³⁷,
2817 3445 3262 3518 παρακαλοῦντες
3304 3443 3466 3495 αὑτὸν
3497 3442 3667 3493 εἰπεῖν

2099 3542 2130 3609 ἡ
2141 3543 2229 3610 μίν
2257 3539 2436 3609 λόγον.
2469 3541 2580 3599 Καὶ
2606 3535 2749 3592 εἷπε·
2775 3537 3173 3609 Συγχωρήσατὲ
3201 3553 3309 3607 μοι,
3344 3533 3562 3603 ίδιὼτης
3588 3531 3670 3585 ἇν-

2100 3629 2317 3698 Ορωπός
2360 3631 2492 3699 εἰμι·
2539 3628 2676 3682 ἀλλὰ
2709 3627 3012 3698 παρέϐαλον
3057 3627 3193 3696 πρὸς
3227 3625 3318 3678 τὸν
3346 3623 3522 3677 ἁ66ᾶν
3551 3622 3668 3690 Ὦρ,

2101 3723 2195 3774 καὶ
2227 3722 2317 3774 τὸν
2345 3721 2518 3775 ἁὸὄᾶν
2557 3721 2734 3792 Ἀθρέ·
2769 3717 2836 3792 ἦν
2864 3721 2921 3773 δὲ
2954 3722 3010 3772 ἐν
3036 3718 3285 3788 ἀσθενείᾳ
3314 3717 3342 3769 ὁ
3373 3715 3548 3778 ἀ66ἄς
3576 3714 3671 3782 Ὢρ

2099 3816 2230 3868 δέκα
2257 3817 2350 3868 καὶ
2380 3814 2524 3867 ὀκτὼ
2559 3813 2674 3884 ἐτη·
2701 3815 2794 3867 καὶ
2829 3813 3020 3882 ἔϐαλον
3053 3815 3236 3874 αὐτοῖς
3263 3810 3575 3881 μετάνοιαν,
3603 3807 3673 3857 εἰ·

2101 3912 2224 3962 πεῖν
2255 3926 2345 3978 μοι
2367 3907 2542 3975 λόγον.
2580 3907 2685 3966 Καὶ
2711 3903 2860 3959 εἶπεν
2882 3908 2910 3959 6
2932 3905 3105 3964 6666i;
3131 3905 3250 3975 ’Ὧρ-
3282 3903 3346 3955 Τί
3371 3901 3480 3971 ἔχω
3502 3900 3672 3952 εἰπεῖν

2104 4016 2215 4064 σοις
2249 3997 2470 4062 ἄπελθε,
2498 3999 2592 4051 καὶ
2623 3999 2651 4050 ὃ
2670 3999 2713 4028 ³⁸
2743 3997 2961 4067 βλέπεις
2991 3996 3234 4064 ποίησον.
3278 3994 3336 4046 'U
3371 3991 3505 4054 Θεὸς
3530 3989 3671 4042 ὲκεί-

2101 4109 2192 4144 νου
2224 4092 2361 4154 ἐστὶ,
2395 4090 2489 4144 τοῦ
2525 4089 2999 4152 πλεονεκτοῦντος,
3032 4089 3150 4160 ἦτοι
3183 4085 3524 4158 βιαζομένου-
3549 4085 3674 4134 ἐαυ·

2103 4183 2193 4236 τὸν
2228 4185 2307 4246 είς
2336 4182 2533 4236 πάντα.
2556 4183 2670 4235 Οὐκ
2687 4178 2824 4251 ἦσαν
2846 4181 2903 4237 δὲ
2929 4179 3038 4234 ἀπὸ
3067 4181 3193 4251 μιᾶς
3223 4177 3431 4249 ἐνορίας
3453 4177 3482 4228 ὀ
3503 4174 3670 4235 ἁὸὁᾶι,

2109 4274 2229 4342 Ὢρν
2266 4273 2358 4325 καὶ
2403 4274 2432 4324 ὁ
2464 4271 2636 4334 ἀδδᾶς
2681 4271 2858 4340 Ἀθρέ·
2897 4270 3112 4337 ἐγένετο
3137 4270 3193 4321 δέ
3235 4266 3443 4338 μεγάλη
3485 4265 3670 4333 εἰρήνη

429 4356 642 4422 cordia,
674 4356 848 4421 donec
868 4373 900 4412 e
929 4373 1160 4427 corpore
1185 4360 1521 4423 recederent.
1559 4363 1686 4418 Erat
1713 4366 1857 4420 enim
1883 4377 1998 4422 tum

2113 4362 2311 4432 μεταξὺ
2353 4361 2552 4424 αὐτῶν,
2605 4363 2708 4424 ἕως
2741 4361 2961 4431 ἐξῆλθον
2995 4361 3102 4413 ἀπὸ
3133 4359 3224 4413 τοῦ
3263 4358 3530 4428 σώματος.
3569 4353 3672 4406 Ἦν

430 4463 626 4520 magna
656 4448 966 4504 obedientia
1003 4451 1217 4509 abbatis
1250 4454 1437 4518 Athre,
1472 4463 1585 4510 tum
1620 4460 1788 4512 multa
1815 4461 1998 4515 humi-

2113 4428 2216 4526 ma
2249 4454 2457 4524 μεγάλη
2489 4455 2522 4524 ή
2559 4453 2772 4524 ὑπακοὴ
2801 4428 2895 4505 eos
2924 4451 3065 4508 assa
3107 4451 3287 4521 ’Λθρέ,
3317 4450 3412 4501 καὶ
3442 4445 3611 4514 πολλὴ
3641 4447 3669 4514 ἡ

431 4541 558 4596 litas
590 4542 806 4596 abbatis
833 4541 927 4597 0r.
964 4541 1178 4598 Paucos
1211 4545 1343 4599 vero
1389 4545 1508 4601 dies
1536 4549 1710 4603 mansi
1743 4551 1875 4613 illic,
1913 4553 2000 4606 in-

429 4633 709 4703 vestigans
738 4647 852 4688 eos.
882 4633 944 4687 Et
977 4635 1084 4688 vidi
1116 4636 1322 4705 grande
1354 4639 1674 4693 miraculum
1707 4643 1850 4711 quod
1877 4643 2004 4699 fecit

433 4724 604 4780 abbas
636 4724 826 4781 Athre.
855 4726 1049 4780 Attulit
1072 4728 1153 4782 eis
1180 4729 1476 4794 nonnullus
1513 4745 1740 4799 parvum
1772 4737 1999 4804 piscem,

430 4815 713 4884 voluitque
767 4815 918 4868 illum
963 4829 1062 4884 pro
1108 4829 1238 4875 sene
1273 4830 1537 4886 apparare
1570 4818 1740 4873 abbas
1772 4801 2008 4882 —Athre;‘

430 4904 650 4958 tenebat
701 4914 878 4959 autem
922 4907 1180 4968 cultrum,
1216 4913 1271 4960 et
1314 4906 1585 4973 incidebat
1615 4908 1842 4975 piscem,
1873 4925 2000 4963 cum

429 4994 649 5049 vocavit
675 5011 798 5050 eum
824 4996 992 5058 abbas
1021 4994 1094 5056 Or
1115 5014 1129 5050 :
1149 4997 1198 5054 is
1223 4996 1446 5067 reliquit
1466 4999 1703 5052 cultrum
1739 5000 1793 5053 in
1822 5002 2010 5068 medio

431 5085 625 5154 piscis,
650 5101 752 5140 nec
782 5088 1049 5154 reliquum
1085 5088 1333 5150 abscidit.
1376 5088 1604 5143 Miratus
1627 5105 1726 5161 ego
1753 5107 2003 5162 magnam

433 5173 674 5228 hominis
711 5175 1096 5236 obedientiam,
1136 5177 1280 5245 quod
1314 5192 1420 5230 nou
1471 5177 1702 5232 dixerit:
1739 5179 2004 5249 Exspecta

435 5264 611 5318 donec
655 5266 938 5319 inciderim
985 5269 1210 5334 piscem,
1260 5269 1634 5340 interrogavi:
1671 5269 1773 5336 Ubi
1812 5279 2006 5324 nactus

506 5403 552 5477 ξι
585 5404 760 5477 Exod.
805 5422 990 5477 xxxw,
1032 5406 1122 5460 ‘29.
1199 5409 1348 5462 "Al.
1382 5409 1624 5477 ἁδελφός.

449 5473 632 5547 Ἀθρὲ,
701 5476 879 5546 Ἀθρέ.

511 5565 587 5632 (9)
635 5561 740 5619 Vit.
776 5565 926 5619 Patr.
954 5581 1044 5623 xv.
1075 5567 1165 5624 43.

512 5635 634 5759 (1οζ
665 5636 869 5700 Ἀμή-
898 5637 1080 5702 ἀλλή.
1112 5637 1168 5691 Si
1202 5641 1499 5697 mutaveris
1522 5649 1826 5702 accentum,
1845 5657 1907 5695 ac
1933 5643 2005 5694 lo-

513 5723 538 5759 s
572 5707 604 5759 ἃ
638 5707 728 5759 λη’
769 5706 921 5759 ἄλλη.
958 5723 1052 5759 m‘o
1079 5709 1353 5759 incondita
1374 5727 1522 5759 voce.
1551 5712 1654 5759 erit
1685 5712 1802 5759 Alio
1825 5729 1840 5759 :
1872 5713 1999 5759 alio

440 5723 538 5779 gas
572 5706 728 5777 ἄλλη
769 5706 921 5780 ἄλλῃ,
957 5723 1052 5778 pro
1079 5709 1353 5764 incondita
1374 5727 1523 5775 voce,
1551 5712 1654 5766 erit
1685 5712 1840 5776 Alio;
1872 5713 1999 5770 alio.

1703 5410 1746 5440 ³⁷
1777 5411 1959 5482 Atti]
2001 5415 2148 5485 νήσῳ
2177 5413 2269 5466 τοῦ
2301 5412 2641 5484 Κλύσματος.

2106 4544 2571 4615 ταπεινοφροσύνη
2609 4543 2704 4595 τοῦ
2737 4542 2881 4596 ἁεϐἄ
2923 4545 3046 4613 Ὥρ.
3094 4542 3352 4610 Ἑποίησα
3381 4539 3436 4591 δὲ
3475 4536 3672 4607 μικρὰς

2109 4637 2321 4707 ἡμέρας
2363 4637 2500 4706 πρὸς
2545 4636 2762 4697 αὐτοὺς,
2798 4635 3091 4704 ἀνιχνεύων
3126 4633 3339 4694 αὐτούς·
3397 4632 3491 4683 καὶ
3538 4624 3672 4681 εἶδον

2113 4729 2254 4799 μέγα
2295 4727 2478 4799 θαῦμα
2520 4727 2550 4780 ὃ
2593 4727 2846 4798 ἐποίησεν
2892 4730 2920 4779 6
2966 4727 3138 4788 assa;
3195 4723 3372 4794 Ἀθρέ.
3408 4723 3670 4787 Ἤνεγκεν

2107 4820 2288 4882 αὐτοῖς
2317 4837 2398 4882 τις
2437 4819 2631 4890 μικρὸν
2657 4817 2900 4888 ὀψάριον,
2931 4819 3025 4871 καὶ
3054 4815 3330 4886 ἠϐουλήθη
3360 4815 3491 4866 αὐτὸ
3521 4812 3692 4878 ποιῆσ,

2112 4927 2200 4962 σαι
2233 4912 2260 4962 ὁ
2287 4909 2458 4973 ἁ66ἄς
2499 4909 2659 4981 Ἀθρέ
2692 4909 2770 4980 τῷ
2794 4909 3030 4978 γέροντι·
3061 4905 3173 4978 εἶχε
3198 4909 3253 4960 δὲ
3275 4906 3371 4976 τὴν
3405 4905 3673 4973 μάχαιραν

2111 5003 2325 5056 κόπτων
2349 5001 2410 5054 τὸ
2434 5001 2677 5070 ὀψάριον·
2695 5001 2786 5054 καὶ
2801 5002 3057 5054 ἐκάλεσεν
3073 4999 3233 5052 αὑτὸν
3257 4999 3286 5050 6
3300 4996 3473 5057 esse;
3491 4995 3594 5062 Ὠρ
3611 4992 3668 5022 ³³·

2113 5092 2205 5146 καὶ
2228 5093 2408 5163 ἀφῆκε
2438 5093 2537 5163 τὴν
2569 5093 2845 5163 μάχαιραν
2879 5092 3040 5163 μέσον
3066 5089 3160 5143 τοῦ
3187 5088 3433 5159 δῴαρίου,
3462 5086 3555 5137 καὶ
3581 5084 3671 5134 οὐκ

2076 5192 2078 5194 ’
2113 5184 2275 5254 ἔκοψε
2303 5185 2362 5236 τὸ
2389 5185 2688 5238 ἐπίλοιπον.
2721 5185 2831 5237 Καὶ
2873 5184 3158 5254 ἐθαύμασα
3190 5181 3286 5251 τὴν
3316 5179 3555 5249 μεγάλην
3581 5175 3670 5226 67:-

2114 5273 2281 5344 ακοὴν
2301 5275 2488 5338 αὑτοῦ,
2511 5275 2757 5328 διότιούκ
2779 5271 2918 5326 εἷπε·
2947 5274 3386 5344 Μακροθύμησον
3407 5271 3509 5331 Ero;
3533 5266 3670 5334 κιῧᾲω

2722 5413 2765 5450 ³⁸
2901 5412 2952 5464 εἰ
2977 5429 3048 5464 τι.
3129 5410 3172 5442 ³³
3199 5411 3282 5462 Al.
3325 5407 3450 5461 add.
3482 5407 3661 5474 λέγων,

2187 5575 2297 5640 (Η)
2338 5573 2677 5641 ’Πρώτησεν
2701 5578 2731 5628 ό
2757 5573 2941 5640 ἀϐὄᾶς
2972 5572 3284 5642 Θεόδωρος.
3324 5569 3436 5624 lloc
3467 5576 3670 5638 quoque

2113 5647 2288 5714 Capite
2310 5647 2518 5707 auctior
2549 5655 2626 5700 est
2659 5650 2805 5713 intn
2833 5645 3180 5703 (jolbcrtinus
3211 5642 3398 5696 codex.
