3828 6302
438 255 550 313 ⁸⁸15

1595 256 1941 314 ΔΡΡΕΝΗΙΧ
1977 257 2073 314 ΑΙ)
2104 259 2326 315 PALLA
2336 259 2522 315 DIUM.

3577 256 3680 313 376

437 375 515 431 ita
545 373 722 428 facere
741 415 755 440 ,
787 371 884 428 sed
919 371 1102 442 potius
1137 387 1258 427 mea
1295 379 1420 428 ante
1447 387 1534 428 me
1561 384 1776 444 gestare
1801 414 1816 436 ,
1847 391 1907 429 ac
1937 375 2003 430 de

2125 376 2275 440 ιῦτως
2320 379 2526 435 ποιεῖν.
2571 371 2706 428 ἀλλὰ
2752 372 2949 444 μᾶλλον
2989 373 3058 426 τὰ
3092 373 3202 442 ἐμὰ
3229 371 3537 444 ἔμπροσθέν
3578 389 3677 442 μου

437 465 571 537 ipsis
607 481 825 530 curare,
856 479 1068 521 necnon
1111 462 1278 518 Deum
1324 465 1536 532 precari
1580 475 1640 520 ut
1680 465 1813 520 mibi
1857 469 2012 537 igno~

439 569 574 615 seat.
601 557 756 613 Tunc
799 565 1087 626 surgentes
1136 555 1324 612 Patres
1344 595 1366 620 ι
1390 557 1648 612 dixerunt
1680 577 1694 612 :
1731 557 1868 613 Vere
1896 558 2008 614 haec

435 661 518 705 est
555 653 638 704 via
671 651 890 705 salutis.
1575 663 1581 668 ·

917 760 990 815 De
1021 760 1531 832 abb-ate-Pitgrionc.

511 873 622 941 (I5)
663 872 806 926 Dixit
852 873 1021 928 abbas
1064 873 1274 944 Pityrio
1319 873 1623 946 discipulus
1653 879 1864 932 abbatis
1896 877 2008 931 An-

437 967 592 1030 tonii,
647 967 790 1034 quod
847 967 939 1035 qui
1004 967 1120 1019 vult
1170 968 1440 1036 expellere
1499 968 1796 1035 daemones,
1857 971 2010 1039 prius

435 1057 599 1109 animi
630 1058 850 1112 morbos
897 1057 1170 1125 subjiciet.
1211 1057 1590 1128 Quodcunque
1635 1061 1779 1114 enim
1819 1062 2009 1115 vitium

437 1149 778 1216 superaverit
804 1149 961 1218 quis,
991 1149 1154 1219 hujus
1184 1161 1238 1206 et
1274 1151 1576 1207 dzemonem
1607 1153 1846 1223 expellit.
1892 1153 2009 1218 Irae,

437 1239 634 1308 inquit,
673 1239 968 1306 adjunctus
997 1252 1082 1295 est
1114 1242 1363 1296 daemon:
1408 1244 1452 1296 si
1499 1244 1634 1296 iram
1676 1246 2010 1308 coercueris,

434 1331 642 1394 eiectus
673 1339 757 1386 est
785 1331 929 1387 illius
963 1332 1194 1387 daemon.
1248 1333 1510 1388 Similiter
1537 1334 1604 1389 d‘e
1625 1336 1855 1405 singulis
1890 1337 2012 1391 aliis

438 1422 963 1486 perturbationibus.

888 1533 965 1586 De
1003 1533 1192 1587 abbate
1239 1534 1564 1589 Pistantane.

511 1643 622 1714 (16)
663 1644 1022 1715 Interrogavit
1049 1649 1284 1718 ,quidam
1325 1648 1492 1703 frater
1536 1649 1783 1704 abbatem
1832 1649 2012 1704 Pista-

2109 468 2371 534 ἐνεγκεῖν,
2401 469 2495 519 καὶ
2539 464 2718 517 αὐτῶν
2759 467 3062 535 φροντίσαι,
3097 466 3189 518 καὶ
3215 466 3558 536 παρακαλεῖν
3587 465 3678 518 τὸν

2109 559 2240 611 Θεὸν
2282 556 2630 628 συγχωρῆσαί
2663 575 2770 627 μοι.
2807 559 2915 610 Kal
2949 557 3335 620 avaa'rtheq“
3361 558 3410 610 οἱ
3441 557 3680 629 Πατέρες

2111 642 2292 700 εἷπονο
2326 649 2531 710 Ὄντως
2560 644 2697 717 αὕτη
2724 648 2868 699 ἐστὶν
2896 649 2930 716 ἡ
2964 647 3079 709 ὁδὸς
3111 647 3211 716 τῆς
3243 650 3538 718 σωτηρίας.

2461 759 2597 827 Περὶ
2633 757 2738 810 τοῦ
2774 757 2922 812 ἀϐϐᾶ
2951 760 3328 826 Πιτυρίωνος.

2186 871 2406 938 Ἔλεγεν
2448 871 2476 922 6
2527 871 2699 934 ἀϐὀᾶς
2745 871 3013 942 Πιτυρίων
3045 874 3072 924 6
3107 871 3350 942 μαθητὴς
3396 869 3491 923 ’τοῦ¹
3538 868 3682 923 ἀδεᾶ

2124 962 2444 1024 Ἀντωνίου,
2489 964 2571 1016 ὅτι
2613 965 2640 1016 ὁ
2693 961 3011 1032 βουλόμενος
3055 963 3376 1016 ἀπελαύνειν
3422 962 3681 1031 δαίμονας

2114 1059 2374 1128 πρότερον
2406 1056 2475 1108 τὰ
2520 1055 2666 1125 πάθη
2704 1054 3027 1107 δουλώςεται
3049 1070 3062 1084 ο
3094 1055 3205 1106 οἴου
3245 1054 3353 1123 γὰρ
3383 1052 3446 1106 ἂν
3478 1052 3681 1113 πάθους

2113 1149 2464 1220 περιγένηταί
2493 1165 2594 1211 τις,
2625 1147 2812 1199 τούτου
2844 1149 2937 1199 καὶ
2973 1149 3062 1199 τὸν
3101 1147 3325 1214 δαίμονα
3366 1145 3678 1198 ἀπελαύνει.

2114 1237 2348 1289 "Enecat
2370 1278 2384 1299 ,
2406 1237 2559 1307 φησι,
2585 1236 2792 1304 δαίμων
2813 1237 2878 1304 τῇ
2900 1237 3036 1304 ὀργῇ
3061 1253 3074 1265 ο
3108 1235 3201 1286 ἐὰν
3234 1234 3333 1304 τῆς
3362 1235 3531 1303 ὀργῆς
3555 1251 3683 1304 κρα-

2111 1331 2302 1402 τήσῃς,
2333 1323 2665 1396 ἀπελήλαται
2713 1330 2916 1396 ταύτης
2970 1330 2996 1379 6
3053 1326 3281 1396 δαίμων.
3316 1327 3551 1394 Ὁμοίως
3592 1327 3683 1380 καὶ

2113 1437 2179 1471 πε
2187 1421 2240 1490 ρ).
2261 1419 2487 1472 ἑκάστου
2520 1416 2743 1479 πάὒους.

2464 1531 2599 1598 Περὶ
2630 1529 2735 1582 τοῦ
2755 1529 2903 1584 ἀϐΰιί
2927 1528 3327 1598 Πιστάμωνος.

2196 1640 2474 1711 ’Πρώτησέ
2509 1657 2593 1704 τις
2638 1639 2860 1707 ἀδελφὸς
2894 1639 2984 1693 τὸν
3019 1639 3190 1692 ἁϐὄᾶν
3216 1639 3572 1708 Πιστάμωνα,
3599 1638 3684 1691 λέ-

441 1751 656 1790 munem
686 1757 698 1791 :
728 1738 866 1804 Quid
900 1755 1076 1809 agam,
1107 1742 1234 1812 quia
1262 1743 1528 1812 angustiis
1558 1758 1756 1813 urgeor
1788 1743 1842 1798 in
1877 1759 2009 1797 ven-

2125 1755 2220 1806 γων
2244 1755 2258 1769 ο
2288 1737 2352 1788 Τί
2389 1737 2616 1807 ποιήσω,
2639 1736 2721 1787 ὅτι
2751 1734 3002 1804 θλίϐομαι
3031 1735 3109 1796 είς
3141 1735 3200 1785 τὸ
3235 1734 3488 1802 πωλῆσαι
3514 1733 3579 1785 τὸ
3601 1734 3687 1804 ἐρ

440 1827 618 1882 dendo
655 1846 818 1897 opere
862 1847 1120 1886 manuum
1157 1835 1439 1888 mearum?
1467 1833 1769 1904 Respondit
1799 1850 1963 1890 senex
1993 1853 2005 1888 :

443 1919 618 1974 Etiam
650 1922 816 1977 abbas
851 1925 1036 1978 Sisoes
1079 1934 1134 1978 et
1172 1926 1365 1996 reliqui
1410 1926 1721 1980 vendebant
1745 1941 1865 1997 quae
1904 1927 2006 1994 ipsi

439 2012 808 2072 confecerant.
862 2011 919 2068 ln
958 2016 1060 2070 hoc
1096 2017 1255 2070 noxia
1293 2034 1402 2072 non
1429 2027 1531 2073 est.
1572 2017 1678 2072 Sed
1712 2033 1835 2072 eum
1881 2034 2010 2072 ven-

438 2103 546 2165 dis,
587 2105 755 2160 semel
785 2104 968 2174 profer
995 2106 1142 2160 vasis
1175 2109 1405 2176 pretium
1431 2125 1446 2173 ;
1475 2107 1668 2162 deinde
1698 2109 1743 2163 si
1775 2108 2010 2162 volueris

439 2193 644 2262 aliquid
700 2195 855 2263 pretii
913 2195 1179 2259 minuere,
1237 2198 1291 2250 in
1333 2207 1422 2253 tua
1463 2207 1731 2267 potestate
1783 2206 1887 2254 est.
1933 2201 2009 2254 lta

439 2298 571 2337 sane
618 2283 865 2339 invenies
911 2288 1176 2354 requiem.
1224 2285 1424 2342 lterum
1468 2290 1680 2360 rogavit
1714 2290 1918 2345 frater:
1955 2289 2012 2344 Si

439 2372 684 2426 habuero
729 2373 1132 2445 undecunque,
1197 2379 1342 2448 quod
1402 2381 1533 2435 mibi
1587 2383 1847 2449 suiliciat,
1884 2401 2014 2440 sua-

437 2461 606 2515 desne
631 2473 686 2515 ut
719 2464 785 2516 de
817 2463 1010 2518 labore
1033 2482 1291 2520 manuum
1321 2470 1454 2522 mibi
1497 2485 1642 2525 curze
1663 2473 1764 2526 sit?
1789 2472 2013 2543 Excepit

437 2566 643 2606 senex:
677 2553 1041 2619 Quantumvis
1082 2557 1321 2622 habeas,
1367 2577 1436 2614 ne
1473 2562 1832 2632 dereliqueris
1875 2580 2012 2631 opus

440 2651 594 2696 tuum
626 2661 639 2696 :
683 2661 780 2713 pro
811 2646 1018 2703 viribus
1065 2649 1150 2703 fac
1175 2667 1197 2716 ;-
1235 2651 1502 2706 duntaxat
1540 2655 1748 2724 absque
1789 2665 2013 2710 contur-

440 2735 676 2790 natione.

865 2848 940 2902 De
965 2849 1152 2904 abbate
1177 2851 1333 2906 Petro
1363 2852 1595 2911 Piom’ta.

513 2959 574 3012 L
610 2958 718 3030 (ΙἹ)
761 2957 1022 3015 Dicebant
1044 2962 1111 3017 de
1142 2965 1336 3018 abbate
1379 2965 1538 3022 Petro
1567 2967 1788 3023 l’ionita.
1815 2972 1872 3024 in
1895 2971 2014 3026 Cel-

2111 1826 2357 1896 γόχειρόν
2387 1841 2521 1895 μου;
2559 1827 2668 1878 Kal.
2715 1824 3034 1895 ἀποκριθεὶς
3073 1826 3102 1875 ὁ
3155 1824 3349 1894 γέρων,
3389 1821 3566 1888 εἶπεν,
3609 1825 3687 1877 ὅτι

2110 1917 2217 1969 Kal
2241 1919 2268 1969 6
2297 1917 2467 1980 61665.;
2497 1917 2687 1985 Σιαὸης
2728 1917 2822 1969 καὶ
2862 1917 2908 1968 οἱ
2952 1915 3128 1968 λοιποὶ
3169 1914 3409 1968 ἐπώλουν
3435 1916 3498 1968 τὸ
3529 1915 3687 1985 ὲργόρ

2109 2024 2287 2078 χειρον
2319 2007 2497 2059 αὐτῶν
2522 2023 2534 2036 ο
2570 2005 2729 2058 τοῦτο
2755 2007 2854 2059 οὐκ
2882 2005 2998 2058 ἔστι
3025 2006 3244 2075 βλάεος’
3270 2005 3384 2059 ἀλλ’
3410 2006 3542 2058 ὅταν
3574 2022 3686 2058 πω-

2111 2099 2226 2169 λῇς,
2267 2099 2383 2152 εξπέ
2420 2098 2565 2162 ἅπαξ
2598 2098 2696 2168 τὴν
2722 2097 2885 2168 τιμὴν
2918 2096 3012 2150 τοῦ
3063 2097 3318 2161 σκεύουςο
3355 2098 3542 2151 λοιπὸν
3593 2097 3688 2151 ἐὰν

2113 2185 2270 2257 θέλῃς
2302 2185 2495 2256 μικρὸν
2525 2186 2734 2254 ὰφῆσαι
2768 2186 2866 2255 τῆς
2893 2186 3078 2257 τιμῆς,
3121 2188 3176 2238 ἐν
3219 2187 3298 2238 σοί
3330 2190 3498 2239 ἐστιν.
3538 2184 3690 2240 Οὕτω

2115 2276 2178 2328 ἂν
2203 2278 2454 2349 εὑρήσεις
2492 2277 2819 2330 ἀνάπαυσιν.
2847 2277 3014 2330 Πάλιν
3041 2273 3195 2330 εἶπεν
3215 2277 3362 2347 αὑτῷ
3386 2279 3414 2328 6
3441 2276 3686 2345 ἀδελφός·

2125 2368 2248 2420 Ἐὰν
2283 2370 2389 2438 ἔχω
2423 2370 2522 2439 τὴν
2567 2369 2752 2438 χρείαν
2802 2385 2902 2439 μου
2947 2368 3070 2421 ὅθεν
3116 2369 3334 2439 δήποτε,
3384 2367 3566 2429 Θέλεις
3608 2367 3692 2422 ἵνα

2114 2462 2385 2530 φροντίσω
2409 2461 2720 2532 ἐργόχειρον
2741 2478 2755 2522 ;
2781 2462 2889 2514 Kal.
2918 2461 3236 2532 ἀποκριθεὶς
3265 2463 3292 2514 6
3313 2461 3492 2532 γέρων
3516 2455 3687 2512 εἶπεν·

2126 2552 2251 2604 Ἐὰν
2292 2551 2424 2622 ἔχῃς
2455 2553 2576 2603 ὅσον
2619 2551 2838 2620 δήποτε.
2872 2551 2947 2622 μὴ
2991 2551 3326 2622 καταλείψῃς
3360 2551 3420 2602 τὸ
3451 2550 3692 2620 ἐργόχει-

2118 2642 2207 2712 ρόν
2238 2659 2356 2694 σου·
2388 2643 2512 2695 ὅσον
2537 2641 2762 2694 δύνασαι
2787 2643 3030 2713 ποίησον,
3059 2642 3216 2712 μόνον
3247 2641 3322 2712 μὴ
3354 2641 3494 2711 μετὰ
3523 2657 3692 2710 ταρα-

2114 2733 2235 2805 χῆςο

2322 2847 2462 2916 Περὶ
2486 2846 2592 2901 τοῦ
2619 2845 2768 2902 ἀόὅᾶ
2793 2846 3017 2914 Πέτρου
3050 2847 3152 2902 τοῦ
3180 2849 3481 2900 Πιονίτου.

2182 2967 2252 3015 α’.
2297 2961 2524 3026 Ἔλεγον
2573 2963 2700 3034 περὶ
2745 2960 2838 3014 τοῦ
2891 2962 3036 3015 acea
3085 2962 3290 3032 Πέτρου
3317 2961 3411 3013 τοῦ
3447 2960 3693 3014 Πιονίτου

443 3051 532 3114 iis,
563 3053 708 3122 quod
736 3055 923 3114 vinum
949 3070 1056 3110 non
1091 3056 1327 3113 biberet.
1341 3057 1632 3129 Postquam
1657 3077 1787 3133 ergo
1811 3065 2011 3125 senuit,

2125 3056 2195 3117 εἰς
2219 3053 2288 3106 τὰ
2316 3053 2544 3118 Κελλία,
2573 3054 2654 3106 ὅτι
2691 3050 2832 3106 οἶνον
2873 3053 2972 3106 οὐκ
3002 3054 3340 3106 ἔπινεν.Ὂτε
3369 3049 3462 3106 οὖν
3494 3053 3694 3123 ἐγήραο

443 3142 639 3200 fratres
656 3146 959 3201 miscebant
982 3163 1171 3215 parum
1190 3150 1298 3204 vini
1321 3165 1444 3205 cum
1461 3168 1623 3222 aqua,
1646 3155 2017 3224 rogabantque

444 3243 505 3291 ut
542 3252 673 3291 eum.
701 3249 962 3294 sumeret.
1005 3237 1098 3294 llle
1133 3240 1349 3296 dicebat
1385 3261 1399 3296 :
1438 3241 1655 3299 Credite
1688 3247 1842 3309 mihi,
1875 3249 2018 3302 velut

441 3328 722 3384 conditum
753 3331 913 3386 duco.
960 3333 1134 3403 Atque
1171 3334 1436 3404 judicavit
1476 3351 1535 3390 se
1567 3335 1621 3388 in
1663 3337 2012 3394 vinodiluto.

512 3506 568 3560 2.
620 3507 731 3577 (18)
776 3505 969 3562 Frater
1025 3509 1165 3562 dixit
1212 3510 1392 3564 abbati
1443 3509 1618 3575 Petro,
1678 3513 1754 3566 illi
1806 3513 2017 3569 abbatis

441 3599 547 3656 Lot
589 3601 898 3671 discipulo:
945 3600 1176 3667 Quando
1209 3619 1328 3658 sum
1365 3605 1424 3659 in
1465 3606 1636 3670 cella,
1680 3622 1797 3660 mea
1835 3609 2014 3660 anima

441 3705 566 3743 cum
600 3705 733 3758 pace
782 3693 925 3762 agit;
958 3692 1006 3745 si
1049 3700 1230 3746 autem
1261 3692 1324 3746 ad
1358 3709 1453 3760 me
1497 3695 1792 3749 accesserit
1829 3695 2014 3758 frater,

439 3791 498 3836 et
533 3783 823 3852 protulerit
855 3797 1136 3838 sermones
1169 3783 1236 3838 de
1266 3785 1510 3839 externis
1545 3785 1732 3847 rebus,
1765 3787 2018 3840 turbatur

441 3873 626 3927 anima
658 3889 796 3928 mea.
830 3873 896 3926 Et
945 3875 1112 3929 abbas
1159 3875 1351 3931 Petrus
1385 3877 1566 3930 rclulit
1592 3877 1640 3931 ei
1669 3877 1875 3931 dictum
1911 3877 2016 3932 hoc

441 3963 652 4019 abbatis
684 3965 821 4019 Lot:
854 3964 1035 4021 Clavis
1083 3977 1172 4021 tua
1223 3969 1397 4037 aperit
1435 3969 1658 4038 januam
1701 3984 1897 4023 meam.
1929 3969 2017 4022 Ait

442 4056 562 4110 seni
590 4055 797 4110 frater:
834 4057 975 4122 Quid
1006 4060 1108 4112 sibi
1137 4061 1250 4114 vult
1283 4060 1395 4115 haec
1430 4061 1567 4112 vox?
1599 4059 1902 4130 Respondit
1931 4076 2011 4114 se-

443 4161 596 4200 nex:
629 4146 686 4199 Si
745 4148 870 4216 quis
902 4149 1112 4203 venerit
1165 4149 1231 4202 ad
1287 4161 1357 4212 Ic,
1407 4151 1544 4204 dicis
1601 4152 1689 4205 ei:
1731 4151 2016 4218 Quomodo

443 4237 543 4292 tibi
587 4239 718 4293 est?‘
747 4239 899 4293 Unde
941 4241 1134 4295 venis?
1189 4243 1471 4308 Quomodo
1522 4244 1721 4298 habent
1779 4245 2018 4299 fratres?

445 4328 823 4398 Susceperunt
879 4343 951 4395 te,
987 4332 1068 4385 vel
1117 4334 1264 4387 non?
1311 4333 1373 4388 lit.
1404 4346 1531 4388 tune
1581 4337 1762 4406 aperis
1815 4338 2015 4390 ostium

2120 3162 2232 3206 σεν,
2279 3147 2496 3198 ἐποίουν
2525 3146 2575 3198 οἱ
2601 3145 2821 3214 ἀδελφοὶ
2863 3145 3058 3215 μικρὸν
3097 3143 3574 3214 συγκεραστὺνδν,
3605 3143 3696 3196 καὶ

2119 3237 2460 3306 παρεκάλουν
2494 3235 2657 3290 αὑτὸν
2689 3238 2738 3288 οἱ
2772 3235 2994 3304 ἀδελφοὶ
3041 3236 3318 3300 δέξασθαι.
3356 3235 3469 3288 Kal.
3512 3235 3694 3303 ἔλεγε·

2117 3329 2380 3399 Θαραεῖτέ
2412 3347 2524 3399 μοι,
2554 3330 2635 3382 ὅτι
2665 3329 2740 3392 ὼς
2765 3328 3005 3382 κονδίτον
3034 3328 3166 3381 αὐτὸ
3191 3328 3316 3398 ἔχω.
3346 3327 3698 3397 Καὶοὲκρινεν

2119 3424 2310 3481 ἑαυτὸν
2340 3427 2418 3488 εἰς
2452 3424 2514 3477 τὸ
2545 3423 2990 3494 συγκεραστόνη.

2189 3517 2255 3586 β’.
2311 3517 2565 3584 ’Λδελφδς
2609 3495 2738 3568 ἐἶπε
2789 3514 2866 3585 τῷ
2911 3514 3054 3585 ὰ66ᾷ
3092 3515 3282 3586 Πέτρῳ
3312 3514 3392 3584 τῷ
3426 3512 3524 3568 τοῦ
3556 3512 3699 3565 ἀεσει

2118 3610 2260 3669 Λὼτ,
2308 3609 2390 3660 ὅτι
2430 3589 2742 3676 Ὅτανέἰμὶ
2777 3607 2834 3658 ἐν
2876 3606 2954 3675 τῷ
2990 3606 3184 3674 κελλίῳ
3231 3623 3356 3675 μου,
3405 3609 3462 3658 ἐν
3508 3607 3699 3675 εἰρήνῃ

2117 3703 2265 3756 ἐστὶν
2285 3703 2318 3771 ἡ
2345 3700 2488 3770 ψυχή
2517 3716 2617 3770 μου
2636 3714 2649 3726 ·
2681 3699 2774 3750 ἐὰν
2797 3698 2852 3751 δὲ
2877 3697 3102 3765 ἀδελφὸς
3134 3697 3425 3768 παραϐάλῃ
3462 3713 3576 3767 μοι.
3608 3697 3698 3748 καὶ

2116 3795 2242 3855 τοὺς
2286 3791 2477 3858 λόγους
2525 3789 2633 3842 τῶν
2679 3789 2782 3853 ἔξω
2812 3791 2940 3862 εἴπῃ
2976 3807 3088 3858 μοι,
3122 3790 3453 3861 ταράσσεται
3482 3790 3515 3858 ἡ
3549 3787 3697 3856 ψυχή

2121 3901 2244 3954 μου.
2273 3882 2435 3950 Λέγει
2469 3881 2498 3934 6
2523 3881 2697 3943 esse;
2729 3882 2957 3951 Πέτρος,
2981 3883 3064 3933 ὅτι
3093 3881 3278 3948 ἔλεγεν
3300 3883 3328 3933 6
3356 3879 3530 3942 ἀὸϐᾶς
3553 3878 3695 3932 Λώτ·

2117 3973 2192 4024 T6
2221 3971 2451 4024 κλειδίον
2483 3987 2573 4023 σου
2603 3971 2809 4039 ἀνοίγει
2831 3971 2927 4039 τὴν
2958 3969 3130 4041 θύραν
3167 3989 3288 4041 μου.
3311 3971 3471 4037 Λέγει
3494 3971 3522 4021 6
3549 3969 3703 4022 ἀδελ-

2117 4065 2216 4130 φὸς
2246 4061 2323 4132 τῷ
2360 4062 2575 4132 γέροντι
2598 4077 2611 4090 '
2649 4061 2712 4112 Τί
2743 4062 2859 4112 ἐςτι
2886 4061 2945 4112 τὸ
2978 4061 3129 4131 ῥῆμα
3153 4060 3307 4112 τοῦτο
3328 4075 3341 4122 ;
3366 4059 3527 4126 Λέγει
3552 4061 3584 4112 6
3614 4057 3702 4124 γέ-

2121 4172 2262 4225 ρωνο
2314 4154 2440 4207 Ἐάν
2479 4154 2563 4214 τίς
2609 4169 2693 4205 σοι
2743 4152 3056 4222 παραϐάλῃ,
3106 4151 3284 4219 λέγεις
3339 4149 3520 4216 αὐτῷ·
3580 4150 3702 4211 Πῶς

2117 4245 2295 4315 ἔχεις;
2332 4244 2502 4296 Πόθεν
2538 4239 2731 4313 ἦλθες;
2762 4242 2884 4305 Πῶς
2912 4242 3125 4311 ἔχουσιν
3151 4243 3199 4294 οἱ
3233 4239 3482 4308 ἁδελφοί;
3523 4239 3700 4309 Προσ-

2119 4336 2377 4389 ελάϐοντό
2411 4351 2491 4396 σε,
2528 4335 2558 4404 ἢ
2591 4333 2649 4386 οὔ
2675 4352 2688 4398 ;
2731 4334 2840 4386 Kal.
2869 4334 2990 4386 τότε
3021 4335 3258 4400 ἀνοίγεις
3281 4334 3380 4403 τὴν
3408 4331 3580 4401 θύραν
3609 4329 3700 4382 τοῦ

443 4417 652 4481 fratris,
686 4429 849 4490 atque
881 4422 1186 4492 audis-qure
1224 4439 1331 4478 non
1367 4401 1774 4492 placent.vDicit
1807 4429 1855 4483 ei
1887 4450 1898 4482 :
1937 4429 2011 4482 Ita

2125 4429 2378 4498 ἀδελφοῦ,
2414 4429 2509 4481 καὶ
2541 4428 2759 4491 ἀκούεις
2793 4427 2828 4480 ἃ
2852 4428 2913 4480 οὐ
2943 4426 3134 4489 θέλεις.
3172 4426 3332 4493 Λέγει
3375 4423 3526 4494 αὐτῷ
3547 4442 3562 4454 ο
3596 4425 3701 4477 0'3-

439 4516 546 4563 est.
577 4509 720 4573 Quid
752 4527 882 4582 ergo
920 4513 1078 4568 faciet
1111 4515 1293 4578 homo,
1329 4534 1451 4569 cum
1500 4519 1667 4573 frater
1700 4522 2016 4574 convenerit

441 4601 603 4654 cum?
629 4599 808 4657 Senex
839 4604 1052 4674 excepit
1081 4623 1093 4659 :
1130 4605 1332 4660 Luctus
1368 4607 1591 4660 nitinino
1611 4608 1864 4662 doctrina.
1891 4621 1973 4663 est
1998 4629 2010 4664 :

442 4691 533 4746 ubi
568 4708 699 4746 vero
726 4709 835 4749 non
867 4706 950 4750 est
982 4697 1180 4760 luctus,
1215 4697 1329 4750 fieri
1367 4713 1472 4751 non
1512 4711 1687 4768 potest
1715 4702 1788 4754 uti
1824 4717 2016 4756 cavea-

438 4799 584 4840 mus.
619 4783 756 4838 Tum
804 4785 1002 4840 frater:
1029 4787 1188 4854 Cum,
1219 4790 1418 4859 inquit,
1447 4791 1500 4845 in
1521 4793 1655 4846 cella
1694 4809 1812 4847 mea
1837 4791 2012 4854 fuero,

438 4890 652 4930 mecum
680 4885 766 4933 est
806 4879 1018 4944 luctus;
1049 4881 1143 4934 sed
1177 4881 1218 4934 si
1255 4881 1454 4951 aliquis
1485 4899 1572 4938 me
1597 4884 1808 4947 adierit,
1845 4892 1939 4936 aut
1967 4885 2014 4938 si

438 4968 626 5021 exiero
654 4984 685 5022 e
726 4970 896 5035 cella,
930 4971 1135 5024 luctum
1189 4989 1296 5028 non
1347 4975 1582 5029 invenio.
1623 4974 1759 5029 Tum
1796 4992 1959 5030 senex
1998 4996 2010 5030 :

440 5058 692 5114 Nondum
725 5063 821 5116 tibi
865 5065 1138 5134 mancipio
1187 5076 1302 5130 est,
1347 5067 1442 5122 sed
1482 5068 1646 5122 veluti
1693 5083 1814 5121 usu.
1863 5069 2014 5122 Scri-

442 5156 594 5219 ptum
627 5150 773 5204 enim
818 5162 899 5206 est
931 5153 984 5205 in
1019 5153 1174 5224 lege:
1208 5155 1431 5222 Quando
1471 5158 1780 5227 acquisieris
1807 5175 2014 5212 servum

2119 4539 2224 4583 τως
2266 4520 2408 4588 ἔχει.
2433 4519 2497 4571 Τί
2538 4515 2631 4573 οὖν
2666 4520 2877 4589 ποιήσει
2909 4517 3212 4588 ἄνθρωπος,
3247 4519 3340 4568 ἐὰν
3390 4515 3518 4587 ἔλθῃ
3569 4515 3699 4583 πρὸς

2120 4611 2280 4664 αὑτὸν
2311 4609 2568 4677 ἁδελφὸς;
2613 4611 2775 4678 Λέγει
2815 4611 2842 4662 6
2880 4609 3091 4679 γέρων)
3132 4608 3204 4660 Τὸ
3232 4607 3426 4669 πένθος
3458 4606 3581 4658 ὅλον
3622 4605 3700 4657 δι-

2117 4703 2252 4772 δαχὴ
2281 4705 2426 4754 ἐστιν
2458 4701 2566 4771 (19)
2590 4717 2603 4730 ·
2633 4701 2765 4753 ὅπου
2793 4699 2849 4752 δὲ
2881 4701 2981 4752 οὐκ
3008 4699 3120 4752 ἔστι
3151 4699 3366 4761 πένθος,
3394 4698 3455 4750 οὐ
3479 4696 3702 4750 δυνατὸν

2120 4793 2478 4863 φυλάξασθαι.
2506 4793 2667 4861 Λέγει
2693 4794 2720 4844 ὁ
2742 4791 2970 4860 ἁδελφός
2990 4806 3004 4820 °
3034 4793 3202 4845 Ὀταν
3229 4795 3286 4844 ἐν
3310 4791 3387 4860 τῷ
3416 4789 3614 4858 κελλίῳ
3635 4783 3699 4846 ὧ,

2126 4887 2243 4954 μετ’
2273 4883 2406 4954 ἐμοῦ
2440 4886 2556 4936 ἐστι
2600 4883 2660 4937 τὸ
2702 4884 2896 4946 πένθος
2916 4901 2931 4914 ο
2962 4883 3056 4937 ἐὰν
3081 4883 3136 4934 δὲ
3164 4882 3290 4952 έλθῃ
3321 4899 3406 4943 τις
3439 4882 3578 4952 πρὸς
3610 4881 3698 4950 μὲ,

2121 4975 2154 5045 ἢ
2195 4974 2394 5040 ἐξέλθω
2425 4977 2488 5027 ἐκ
2525 4973 2619 5026 τοῦ
2646 4974 2879 5040 κελλίου,
2907 4977 3004 5045 οὐχ
3035 4975 3275 5047 εὑρίσκω
3303 4975 3454 5028 αὐτό.
3487 4973 3649 5039 Λέγει
3673 4975 3701 5025 6

2121 5067 2324 5137 γέρωνο
2355 5067 2577 5120 Οὐδέπω
2623 5084 2704 5119 σοι
2727 5068 2996 5135 ὑπετάγη,
3021 5067 3132 5122 ἀλλ’
3153 5067 3227 5130 ὠς
3251 5068 3309 5118 ἐν
3343 5066 3536 5136 χρήσει
3564 5066 3696 5117 ἐστί-

2121 5159 2434 5229 Γέγραπται
2467 5159 2575 5230 γὰρ
2611 5162 2666 5212 ἐν
2701 5159 2776 5232 τῷ
2801 5159 2971 5228 νόμῳ,
3000 5160 3081 5212 ὃτι
3113 5159 3300 5211 Ὅταν
3332 5158 3530 5225 κτήσῃ
3567 5155 3699 5209 παῖ-

511 5304 557 5335 δδ
583 5303 668 5358 Ab.
708 5304 1056 5369 ἀκούσαντες.
1131 5309 1198 5341 δι’
1239 5311 1320 5366 Al.
1375 5313 1776 5383 συγκερασμὸν.
1853 5313 1899 5344 ’⁸⁵
1923 5316 2007 5370 Al.
2044 5314 2136 5369 τὸν
2188 5315 2589 5386 συγκερασμόν.

510 5461 626 5532 (15)
671 5461 779 5532 Vit.
821 5461 972 5516 Patr.
1002 5479 1060 5522 tt.
1096 5465 1197 5530 i3;
1238 5465 1394 5522 Joan.
1436 5468 1622 5524 Geom.
1651 5468 1854 5525 Parad.
1895 5472 1978 5526 17.

509 5530 626 5598 (16)
672 5530 782 5588 Vit.
821 5533 977 5588 Patr.
1012 5551 1086 5598 vI,
1118 5536 1204 5590 11.
1506 5560 1511 5566 ·

509 5600 622 5668 (17)
673 5601 776 5656 νει.
810 5605 963 5659 Patr.
990 5624 1062 5668 ιγ,
1095 5606 1182 5661 55.

515 5671 629 5743 (18)
675 5672 782 5727 Vit.
818 5674 974 5730 Patr.
1012 5694 1086 5742 χι,
1125 5678 1213 5732 ‘26.

2198 5470 2311 5538 (19)
2359 5469 2428 5525 Τὸ
2449 5469 2670 5536 πένθος
2700 5471 2844 5524 ὅλον
2883 5469 3098 5539 διδαχή
3143 5469 3331 5522 ἐστιν.
3363 5466 3693 5539 interpreta-

2127 5537 2215 5594 tio
2237 5541 2460 5609 Pelagii,
2498 5540 2561 5593 1η
2587 5541 2731 5593 luctu
2759 5542 2970 5594 omnino
3010 5537 3253 5593 dectrt'na
3280 5548 3378 5591 est.
3414 5540 3483 5592 At
3516 5537 3696 5592 Marti-

2129 5629 2234 5664 nus
2273 5611 2602 5671 Dumiensis.
2637 5611 2761 5680 quia
2789 5611 2923 5664 ὅλων
2947 5613 3213 5678 scriptum
3245 5611 3548 5672 invenerat,
3573 5610 3698 5664 red-

2131 5682 2289 5745 didit,
2325 5681 2572 5735 Omnium
2604 5681 2848 5735 doctrt‘ua
2886 5683 3056 5734 luctus
3084 5691 3195 5734 est.
