3828 6302
159 293 246 350 377
1235 303 1646 367 APOPHTHEG
1655 313 1843 372 MATA
1879 319 2190 378 PATRUM.
2433 317 2438 326 '
3243 335 3350 392 578

155 415 218 466 δα
247 413 507 517 Ife-pain.
531 413 600 478 ἐξ
625 415 730 484 ἐτη
757 417 1077 474 δουλεύσει
1102 437 1202 478 σοι
1217 441 1235 458 ο
1259 427 1341 492 τῷ
1363 428 1431 482 δὲ
1458 431 1675 502 ἑϐδόμῳ

1789 438 2090 506 Hebramm,
2141 459 2232 497 sea:
2280 461 2444 499 annos
2497 449 2684 502 urriet
2738 447 2862 509 tibi;
2911 450 3133 517 septimo
3179 461 3355 508 autem

153 507 250 560 ἔτει
274 503 682 573 ὲξαποστελεῒς
721 510 911 563 αὐτὸν
941 512 1277 584 ἐλεύθερον.
1295 519 1436 573 Ἐὰν
1465 522 1533 575 δὲ
1565 524 1675 591 δῷς

1787 548 1922 585 ιιιιιιο
1954 533 2186 590 dimittes
2218 553 2334 590 eum
2373 536 2614 594 liberum.
2665 537 2727 594 Si
2756 557 2872 595 vero
2915 541 3122 596 dederis
3151 543 3199 596 ei
3229 559 3356 596 uxo-

153 598 284 660 ιιῠτῷ
309 598 570 664 γυναῖκα,
603 600 700 654 καὶ
751 601 1016 672 γεννήσῃ
1054 607 1261 662 παιδία
1308 612 1380 664 ἐν
1405 613 1482 681 τῇ
1525 617 1675 683 olida

1787 638 1912 686 rem,
1943 634 1992 678 et
2041 627 2274 695 genuerit
2314 628 2506 683 liberos
2554 631 2609 683 in
2651 629 2806 685 domo
2840 643 2962 696 tua,
3003 651 3095 687 nec
3137 635 3368 690 voluerit

153 702 264 750 σου,
294 689 382 741 καὶ
419 689 502 757 μή
541 691 778 762 θελήσῃ.
807 695 1273 763 ἀποδιδράσκειν
1309 703 1406 758 διὰ
1429 705 1544 774 τὴν
1580 727 1675 778 τυ-

1787 715 1927 767 abire
1945 727 2154 784 propter
2185 735 2402 772 uxorem
2433 732 2482 774 et
2518 721 2732 786 liberos,
2767 723 2994 778 adduces
3024 741 3140 778 eum
3168 725 3236 778 ad
3266 743 3355 780 os-

151 777 298 832 νιιῖκιι
329 780 418 832 καὶ
451 781 520 834 τὰ
555 783 782 846 παιδία,
813 787 1138 856 προσάξεις
1167 793 1354 846 αὐτὸν
1388 796 1537 864 πρὸς
1567 777 1675 866 τὴν

1787 807 1914 858 tium
1938 809 2145 870 domus,
2180 821 2228 863 et
2256 813 2549 879 perforubis
2574 813 2686 882 ejus
2717 817 3016 868 auriculam
3051 818 3240 870 subula
3259 858 3275 883 ,
3305 827 3357 872 et

152 867 309 932 θύραν
337 867 440 918 τοῦ
466 867 658 930 οἴκου,
693 871 791 924 καὶ
820 875 1146 944 τρυπήσεις
1177 882 1362 934 αὐτοῦ
1399 883 1458 938 τὸ
1506 886 1675 939 ὠτίον

1787 897 1880 948 erit
1911 897 2004 949 tibi
2031 915 2208 952 servus
2241 901 2292 951 in
2343 903 2597 955 swrulum
2636 904 2703 957 ".
2746 902 2920 975 Rogat
2963 904 3173 959 frater:
3215 905 3354 970 Quid

151 955 213 1022 τῷ
229 959 451 1024 dant-(qi,
485 961 582 1013 καὶ
621 961 792 1016 ἔσται
837 979 934 1018 σοι
965 966 1185 1035 δοῦλος
1219 976 1305 1038 εἰς
1342 974 1448 1027 τὸν
1474 976 1675 1033 αἰῶνα.

1787 995 1866 1038 est
1901 987 2001 1040 hoc
2031 990 2216 1042 verbi?
2241 989 2584 1060 Responsum
2620 993 2769 1047 dedit
2793 955 2958 1048 seire!
2994 1015 3006 1048 :
3048 993 3104 1047 Si
3139 996 3355 1051 labora-

151 1047 284 1115 Λέγει
311 1049 338 1098 6
366 1049 616 1117 ἁδελφὸςο
650 1052 712 1140 Τί
741 1055 858 1106 ἐστι
879 1054 938 1106 τὸ
964 1058 1114 1127 ρῆμα
1139 1061 1293 1114 τοῦτο
1315 1079 1328 1128 ;
1355 1065 1514 1133 Λέγει
1536 1069 1564 1120 6
1591 1069 1675 1136 γέ-

1787 1081 1917 1132 verit
1948 1079 2112 1134 homo
2147 1098 2245 1152 pro
2271 1085 2479 1137 viribus
2517 1086 2570 1138 in
2606 1101 2662 1140 re
2701 1087 2903 1155 aliqua,
2934 1089 3147 1156 quoties
3177 1089 3358 1156 requi-

151 1139 404 1242 ρων·.Ἑὰν
431 1145 584 1246 ἕάμῃ
603 1139 890 1216 ἄνθρωπος
915 1150 994 1212 εἰς
1017 1153 1248 1221 πρᾶγμα,
1269 1155 1409 1208 κατὰ
1427 1157 1675 1228 δύναμιν,

1787 1159 1938 1224 sierit
1965 1185 2082 1224 eam
2110 1139 2174 1225 ad
2213 1189 2394 1236 usum,
2438 1176 2694 1230 inveniet.
2730 1139 2968 1246 Stibjecil
2997 1177 3165 1231 frater
3202 1196 3216 1232 :
3248 1175 3356 1232 Fac

147 1229 242 1280 οἷον
263 1229 400 1300 ὤραν
427 1229 654 1302 ζητήσει
687 1235 820 1287 αὐτὸ
850 1238 931 1300 εἰς
959 1240 1148 1309 χρείαν
1165 1245 1234 1305 ⁸⁸,
1265 1245 1484 1316 εὑρήσει
1525 1247 1675 1302 αὐτό.

1787 1249 2341 1326 charitatem,enarra
2375 1268 2503 1320 mihi
2531 1284 2835 1323 sermonem
2870 1272 3032 1323 hunc.
3063 1269 3130 1322 Et
3154 1285 3350 1325 senex:

147 1321 278 1388 Λέγει
299 1321 440 1392 αὐτῷ
458 1339 474 1354 ·
503 1324 736 1397 Ποίησον
757 1328 978 1400 ἀγάπην
996 1346 1014 1360 ·
1043 1334 1162 1386 εἰπέ
1194 1351 1284 1404 μοι
1311 1337 1371 1388 τὸ
1397 1339 1547 1408 ῥῆμα
1565 1339 1675 1392 τοῦ·

1787 1354 1965 1424 Ncqnc
1996 1361 2218 1426 spurius
2252 1361 2393 1414 filius
2427 1373 2708 1430 permanet
2739 1364 2794 1416 iu
2831 1365 3128 1431 servitute;
3165 1365 3258 1418 sed
3291 1365 3352 1417 li-

147 1428 208 1464 το.
231 1413 376 1480 Λέγει
405 1417 434 1467 ὁ
462 1417 644 1486 γέρων
663 1435 678 1448 ο
709 1417 844 1472 Οὐδὲ
875 1422 1026 1484 νόθος
1071 1426 1185 1488 υίὸς
1229 1429 1530 1497 παραμένει
1573 1433 1680 1485 τινὶ

145 1503 392 1570 δουλεύων,
417 1509 532 1562 ἀλλ’
567 1511 596 1562 6
625 1511 962 1582 γεννώμενος
985 1517 1098 1580 υἱὸς
1127 1519 1226 1571 οὐκ
1259 1521 1322 1592 ἐᾷ
1353 1521 1446 1573 τὸν
1472 1501 1681 1594 πατέρα

147 1595 300 1650 αὐτοό.

199 1693 257 1754 γ’.
297 1688 514 1757 Ἔλεγον
541 1691 670 1762 περὶ
707 1691 804 1746 τοῦ
835 1695 980 1749 esse
1028 1697 1236 1770 Πέτρου
1277 1703 1370 1755 καὶ
1407 1703 1502 1756 τοῦ
1536 1705 1681 1759 ἀϐϐᾶ

1783 1448 1889 1503 lius
1920 1464 2079 1504 verus
2109 1466 2218 1504 non
2247 1452 2507 1522 relinquit
2535 1463 2738 1522 patrem
2763 1471 2940 1510 suum.

1853 1707 1906 1762 5.
1947 1707 2280 1765 Referebant
2320 1712 2388 1768 de
2446 1713 2642 1769 abbate
2671 1713 2832 1769 Petro
2882 1725 2934 1771 et
2983 1717 3177 1772 abbate
3227 1716 3352 1788 Epi-

153 1779 456 1849 Ἐπιμάχου,
513 1783 597 1835 ὃτι
671 1790 1034 1858 συμφωνηταὶ
1107 1786 1248 1862 ἦσαν
1315 1797 1396 1858 είς
1435 1797 1675 1850 Ῥαῖθοῦ.

1787 1799 2000 1862 macho,
2031 1802 2174 1869 quod
2211 1812 2396 1858 essent
2425 1805 2641 1860 sodales
2668 1807 2719 1859 in
2751 1805 3016 1861 Rhaitbu.
3052 1779 3356 1862 Comeden-

153 1869 431 1926 Ἐσθιόντων
457 1874 514 1926 δὲ
541 1875 720 1928 αὐτῶν
749 1879 810 1928 ὲν
831 1882 896 1948 τῇ
927 1881 1216 1954 ἐκκλησίᾳ,
1263 1885 1554 1942 ἐϐιάσαντο
1585 1891 1683 1942 αὺ-

143 1961 242 2022 τοὺς
267 1961 428 2015 ἐλθεῖν
447 1965 528 2026 sl;
556 1965 654 2034 τὴν
677 1967 954 2035 τράπεζαν
978 1971 1088 2024 τῶν
1112 1989 1174 2040 γε
1185 1976 1408 2045 ρόντων.
1442 1979 1552 2032 Καὶ
1581 1999 1681 2050 με-

145 2053 196 2105 τὰ
215 2054 390 2108 πολλοῦ
415 2057 586 2110 κόπου
615 2059 854 2130 ἀπῆλθεν
879 2064 906 2114 6
929 2063 1101 2128 ἁεϐᾶς
1129 2067 1336 2138 Πέτρος
1369 2073 1546 2140 μόνος.
1569 2077 1680 2130 Καὶ

141 2143 200 2207 ὡς
221 2147 524 2218 ἀνέστησαν,
566 2149 712 2218 λέγει
745 2153 893 2224 αὐτῷ
919 2157 946 2208 6
977 2155 1150 2221 ἀδθᾶς
1187 2159 1486 2233 Ἐπίμαχος
1509 2181 1524 2197 ο
1557 2167 1682 2232 Πῶς

141 2234 402 2306 ἐτόλμησας
433 2239 690 2293 ἀπελθεῖν
715 2243 792 2306 είς
819 2242 915 2313 τὴν
945 2247 1222 2315 τράπεζαν
1241 2249 1349 2302 τῶν
1375 2253 1678 2324 γερόντωνς

150 2327 196 2378 Ὀ
225 2327 274 2379 δὲ
295 2329 564 2402 ἀπεκρίθη
584 2351 596 2361 ·
629 2335 689 2386 Εἰ
720 2334 952 2390 ἐκάθισα
983 2339 1104 2408 μεθ’
1134 2341 1309 2410 ὑμῶν,
1345 2343 1420 2408 ὡς
1447 2347 1679 2420 γέροντα

141 2419 178 2469 οι
205 2418 400 2490 ἀδελφοὶ
426 2423 664 2494 ἤμελλον
711 2429 1116 2499 προτρέπεσθαί
1153 2450 1218 2503 με
1249 2436 1493 2505 εὐλογεῖν
1519 2418 1681 2512 -πρῶ-

139 2527 227 2572 τον,
251 2515 336 2565 καὶ
363 2513 436 2577 ὡς
467 2516 672 2586 μείζων
700 2518 852 2588 ὑμῶν
884 2516 1027 2592 εἶχον
1060 2519 1196 2578 εἶναι
1215 2544 1229 2559 ·
1269 2527 1364 2581 νῦν
1391 2507 1681 2586 οὖν’ἀπελ-

141 2599 226 2654 θὼν
251 2604 402 2672 ὲγγὺς
446 2606 560 2660 τῶν
593 2609 874 2682 Πατέρων,
909 2616 1232 2688 μικρότερος
1259 2619 1475 2676 πάντων
1509 2596 1676 2697 ῆμῗγν,

139 2695 212 2746 καὶ
233 2699 599 2770 ταπεινότερος
625 2701 700 2772 τῷ
733 2702 996 2776 λογισμῷ.

191 2787 244 2842 δ’.
281 2785 440 2844 Εἶπεν
469 2793 497 2844 ὁ
533 2792 708 2858 ἀϐὀᾶς
741 2795 965 2867 Πέτρος,
1006 2800 1087 2852 ὅτι
1121 2802 1196 2855 Οὐ
1237 2803 1320 2858 δεῖ
1357 2790 1681 2879 ἐπαίρεσθαι

137 2881 285 2934 ὅτανό
311 2883 512 2954 Κύριος
552 2887 750 2960 ποιήσῃ
789 2906 844 2942 τι
885 2891 1152 2962 δι’ήμῶν,
1189 2896 1324 2951 ἀλλὰ
1362 2900 1560 2969 μᾶλλον
1588 2904 1680 2955 εὑ-

139 2977 372 3039 χτιριστείν
413 2977 494 3028 ὅτι
541 2976 963 3050 κατηξιώθημεν
1002 2985 1411 3056 εροσκληοῆναι
1461 2990 1552 3042 ὑπ’
1581 2993 1680 3045 αὺ-

137 3061 228 3153 τοιῖ.
253 3065 408 3120 Τοῦτο
437 3067 484 3120 δ’
512 3069 609 3122 ἐπὶ
639 3069 820 3142 πάσης
843 3071 1044 3144 ἀρετῆς
1067 3074 1218 3144 ἔλεγε
1255 3081 1554 3153 συμφέρειν
1588 3083 1678 3138 λο-
1707 3125 1712 3130 .

137 3151 364 3218 γίζεσθαι.

427 3251 571 3318 Περὶ
601 3251 710 3306 τοῦ
746 3251 898 3308 ἀϐϐᾶ
925 3258 1326 3324 Παφνουτίου.

191 3367 248 3413 α’.
285 3357 442 3416 Εἶπεν
465 3364 496 3415 ὁ
529 3363 706 3428 ὰόϐᾶς
739 3367 1094 3434 Παφνούτιος,
1121 3372 1201 3425 ὅτι
1235 3373 1497 3429 Διοδεῦων
1527 3381 1584 3430 ἐν
1609 3381 1674 3450 τῇ

134 3447 236 3518 ὁδῷ,
270 3453 448 3520 γέγονέ
477 3471 548 3526 με
575 3457 1027 3530 ἀποπλανηθῆναι
1065 3466 1176 3517 ἀπὸ
1213 3465 1429 3538 δρόσου,
1463 3470 1557 3521 καὶ
1583 3447 1675 3523 εὐ1

137 3541 320 3610 κλιθῆναι
364 3545 590 3617 πλησίον
641 3549 851 3622 κώμης.
893 3557 1002 3608 Καὶ
1048 3553 1184 3610 εἶδόν
1238 3578 1390 3624 τινας
1423 3563 1674 3632 ὁμιλοῦν-

133 3635 262 3698 ταςιῖ
279 3637 518 3711 ἀλλήλοις
537 3657 554 3674 ο
579 3643 672 3695 καὶ
695 3645 928 3717 ἐστάθην
953 3648 1204 3718 δεόμενος
1227 3653 1352 3724 περὶ
1373 3653 1480 3707 τῶν
1502 3656 1677 3730 ἁμαρ-

135 3727 238 3780 τιῶν
273 3747 384 3798 μου.
416 3733 528 3786 Καὶ
579 3733 687 3786 ἰδοὺ
731 3737 961 3805 ἄγγελος
993 3735 1153 3810 ἦλθεν
1187 3744 1324 3812 ἔχων
1372 3747 1670 3816 ῥομφαίαν,

134 3817 210 3869 καὶ
245 3819 378 3890 λέγει
425 3840 517 3892 μοι
539 3841 552 3853 ·
591 3825 916 3896 Παφνούτιε,
945 3831 1147 3896 πάντες
1176 3837 1222 3886 οἱ
1249 3836 1524 3908 κρίνοντες
1551 3843 1676 3906 τοὺς

132 3905 354 3974 ἀδελφοὺς
380 3913 583 3978 αὐτῶν,
611 3917 667 3968 έν
709 3917 880 3989 ταύτῃ
929 3923 991 3990 τῇ
1042 3905 1671 3996 ῥομφαίᾳ-ἀπολοῦνταῇ

1787 1890 1934 1943 tibus
1987 1903 2164 1945 autem
2203 1893 2310 1945 illis
2361 1894 2412 1947 in
2462 1896 2716 1961 ecclesia,
2745 1897 3122 1966 compulerunt
3172 1912 3267 1952 cos
3296 1905 3357 1952 ut

1783 1982 2031 2058 venirent
2051 1983 2118 2036 ad
2155 1999 2396 2038 mensam
2421 2002 2636 2040 senum.
2664 1985 2939 2058 JEgreque
2969 1989 3237 2044 adductus
3261 1989 3357 2044 ab-

1782 2045 1894 2128 bas.
1919 2073 2108 2130 Petrus
2150 2077 2245 2128 ivit
2279 2078 2451 2132 solus.
2487 2075 2554 2130 Ut
2585 2088 2762 2132 autem
2807 2079 3183 2140 surrexerunt.
3221 2080 3356 2135 dicit

1733 2188 1742 2197 -
1781 2166 1832 2218 ei
1865 2165 2037 2220 abbas
2070 2166 2430 2236 Epilnaeltns:
2467 2167 2581 2234 Qua
2609 2169 2820 2224 ratione
2847 2185 3014 2225 ausus
3031 2187 3090 2226 es
3115 2172 3265 2228 abire
3286 2173 3356 2227 ad

1783 2272 2028 2311 mensam
2067 2259 2300 2312 senum?
2335 2258 2639 2330 Respondit
2670 2261 2798 2315 ille:
2833 2259 2890 2316 Si
2928 2265 3208 2318 vobiscum
3267 2279 3354 2319 se-

1782 2346 2004 2409 dissem,
2047 2347 2191 2400 velut
2225 2364 2406 2402 senem
2459 2349 2654 2404 fratres
2692 2349 2893 2404 hortati
2939 2367 3023 2406 me
3063 2359 3247 2407 essent
3293 2359 3354 2408 ut

1781 2435 1990 2506 primus
2022 2437 2435 2502 benedicercm,
2471 2449 2525 2494 et
2561 2447 2819 2510 tanquam
2857 2440 3032 2510 major
3068 2442 3220 2497 vobis
3257 2442 3356 2497 hac

1783 2529 1932 2584 bitus
1983 2529 2250 2584 fuissem:
2291 2530 2403 2599 jam
2447 2547 2576 2584 vero
2623 2531 2901 2600 profectus
2943 2533 3098 2602 juxta
3143 2532 3351 2600 Patres,

1781 2622 2024 2674 Otllllllltll
2071 2621 2148 2676 fui
2188 2623 2468 2678 minimus.
2521 2639 2584 2678 ac
2639 2633 2822 2681 mente
2879 2624 3136 2680 humilior
3174 2625 3356 2682 factus

1783 2726 1928 2766 sum.

1852 2806 1905 2860 4,
1946 2804 2092 2860 Dixit
2117 2807 2286 2862 abbas
2314 2806 2506 2863 Petrus
2532 2825 2545 2861 :
2575 2808 2696 2862 Non
2733 2814 2948 2878 oportet
2979 2809 3186 2873 extolli,
3228 2823 3352 2863 cum

1783 2897 1927 2956 Deus
1982 2901 2186 2970 aliquid
2230 2917 2324 2970 per
2375 2917 2476 2956 nos
2535 2901 2756 2967 fecerit,
2803 2901 2896 2956 sed
2941 2902 3123 2971 potius
3151 2903 3354 2972 gratias

1783 3005 1943 3061 agere
1979 2994 2122 3061 quod
2165 2993 2312 3062 digni
2363 2993 2490 3047 facti
2537 2993 2799 3049 fuerimus
2823 2995 2914 3064 qui
2941 3009 3260 3049 vocaremur
3284 2997 3354 3050 ab

1782 3101 1868 3141 eo.
1909 3085 2179 3150 Addebat,
2216 3087 2474 3156 expedire
2520 3095 2578 3140 ut
2611 3089 2664 3140 in
2695 3086 2842 3141 omni
2873 3089 3074 3142 virtute
3101 3086 3232 3140 illud
3269 3101 3354 3142 re-

1702 3163 1745 3220 c
1777 3191 2050 3250 putemus.

2239 3267 2312 3322 De
2349 3267 2540 3322 abbate
2577 3267 2896 3336 Pop/mulio.

1847 3385 1896 3437 1.
1937 3384 2192 3436 Νιιιτιινιι
2227 3383 2394 3436 abbas
2429 3381 2803 3452 Paphnutius:
2848 3379 2954 3435 Per
2981 3381 3124 3434 viam
3161 3389 3347 3436 trans-

1777 3476 1918 3539 iens,
1960 3477 2186 3547 contigit
2229 3483 2285 3528 ut
2325 3476 2634 3530 aberrarem
2704 3475 2774 3528 ob
2815 3489 3016 3536 rorem,
3073 3487 3136 3528 ac
3174 3487 3344 3542 prope

1777 3567 1955 3618 vicum
1978 3581 2176 3620 essem.
2199 3565 2312 3619 illic
2337 3565 2443 3618 vidi
2467 3565 2728 3634 quosdam
2765 3565 2996 3634 turpiter
3012 3573 3235 3634 agentes
3258 3579 3274 3628 ;
3298 3569 3354 3618 et

1777 3657 1900 3712 steti
1935 3657 2194 3725 oravique
2221 3672 2318 3725 pro
2346 3656 2586 3725 peccatis
2619 3657 2778 3714 meis.
2817 3653 2958 3708 Ecce
3009 3654 3230 3722 angelus
3254 3651 3353 3706 de-

1777 3749 1990 3806 scendit
2024 3761 2214 3804 tenens
2269 3749 2549 3812 frameam,
2587 3750 2772 3817 aitque
2829 3747 3002 3801 mihi:
3053 3745 3352 3814 Paplmuti,

1777 3857 1968 3896 otnnes
1997 3840 2090 3911 qui
2117 3841 2363 3909 judicant
2407 3839 2606 3894 fratres
2639 3854 2805 3900 suos,
2851 3837 2955 3891 hac
2992 3835 3194 3890 framea
3227 3851 3353 3914 pcr-

1779 3933 1962 3998 ibunt;
2005 3933 2129 4003 quia
2161 3947 2289 3986 vero
2321 3931 2728 3999 nonjudicasti,
2759 3930 2853 3984 sed
2885 3929 3144 3982 humilem
3183 3937 3236 3982 te
3262 3943 3353 3982 ex-

136 3999 186 4050 σῦ
208 3999 254 4053 δὲ
275 4003 348 4054 ὅτι
375 4005 472 4057 οὐκ
507 4004 750 4076 ἔκρινας,
787 4011 900 4063 ἀλλ’
925 4014 1294 4079 ἐταπείνωσας
1349 4019 1542 4072 ἑαυτὸν
1589 4022 1675 4072 ὲν-

135 4087 270 4143 ὡπιον
311 4095 399 4147 τοῦ
443 4096 604 4158 Θεοῦ,
635 4099 711 4162 ὡς
751 4103 816 4154 σὺ
868 4103 968 4174 τὴν
1001 4106 1272 4176 ἁμαρτίαν
1317 4113 1564 4180 ποιήσας,
1587 4112 1673 4166 διὰ

135 4180 260 4236 τοῦτο
281 4185 338 4238 τὸ
367 4187 542 4258 ὄνομά
569 4207 661 4242 σου
696 4194 1068 4264 ἐγγέγραπται
1100 4199 1156 4249 ὲν
1187 4197 1349 4270 βίϐλῳ
1378 4197 1614 4264 ζώντων.

191 4271 244 4340 β’.
283 4277 500 4346 Ἔλεγον
541 4283 671 4352 περὶ
703 4283 797 4336 τοῦ
827 4286 971 4340 ἀδεᾶ
1000 4289 1352 4357 Παφνουτίου,
1381 4293 1462 4346 ὄτι
1491 4296 1550 4348 οὐ
1579 4314 1675 4350 τα-

133 4361 246 4428 χέως
271 4364 442 4420 ἔπινεν
470 4366 636 4424 οἶνον.
655 4371 882 4426 Ὀδεύων
910 4375 966 4428 δέ
1001 4393 1130 4430 ποτε
1161 4381 1355 4454 εὑρέθη
1379 4385 1562 4438 ἐπάνω
1583 4403 1674 4440 κο-

1775 4022 2001 4076 hibuisti
2031 4036 2216 4074 coram
2265 4019 2374 4074 Deo
2401 4059 2416 4082 ,
2457 4019 2616 4089 quasi
2661 4019 2777 4089 ipse
2815 4018 3072 4073 delictum
3123 4018 3353 4072 commi-

1776 4118 1967 4180 sisses,
2013 4115 2137 4169 ideo
2187 4127 2388 4168 nomen
2433 4121 2585 4166 tuum
2637 4111 2966 4182 inscriptum
3000 4118 3084 4165 est
3125 4111 3181 4164 in
3213 4109 3353 4164 libro

1774 4206 2100 4259 viventium.

1843 4297 1899 4350 2.
1935 4296 2046 4368 (20)
2078 4295 2311 4351 Aiebam
2343 4296 2410 4351 de
2449 4296 2646 4351 abbate
2692 4295 3021 4366 Paphnutio,
3070 4291 3215 4365 quod
3243 4307 3354 4347 non

1779 4387 1934 4444 facile
1961 4387 2170 4443 biberet
2209 4387 2416 4443 vinum.
2444 4388 2752 4456 Aliquando
2785 4397 2964 4441 autem
2999 4385 3054 4439 in
3088 4386 3172 4438 via
3204 4383 3355 4436 ince‘

131 4448 285 4518 ληγίου
299 4455 340 4486 ⁸³
365 4457 597 4528 λῃστῶν,
626 4463 718 4514 καὶ
745 4459 902 4534 εὗρεν
935 4468 1128 4532 αὐτοὺς
1160 4473 1414 4538 πίνοντας
1446 4472 1586 4530 οἶνον
1601 4478 1668 4533 η.

1787 4481 1930 4542 dens.
1965 4480 2159 4534 incidit
2204 4479 2258 4533 in
2307 4481 2581 4534 latronum
2631 4479 2991 4548 manipulum.
3041 4475 3355 4544 invenitque

142 4541 394 4638 ’ξγνώριζε
434 4552 490 4604 δὲ
545 4555 706 4608 αὐτὸν
738 4559 766 4610 6
796 4559 1148 4632 ἀρχιλῃστὴς,
1199 4566 1293 4618 καὶ
1331 4567 1444 4638 ᾔδει
1487 4571 1568 4623 ὅτι
1610 4573 1669 4624 οὐ

131 4633 246 4688 πίνει
267 4635 420 4694 οἶνον.
453 4644 565 4716 Kc).
588 4643 808 4716 θεωρῶν
829 4649 990 4701 αὑτὸν
1013 4651 1120 4704 ἀπὸ
1146 4633 1380 4724 μεγάλου
1400 4657 1446 4687 ⁵ο
1476 4659 1667 4720 κόπου.

131 4725 317 4798 ὲγέμισε
365 4739 623 4808 ποτήριον
673 4740 838 4805 οἴνου,
876 4743 970 4795 καὶ
987 4743 1028 4774 ⁵⁸
1065 4745 1124 4798 τὸ
1159 4744 1310 4814 ξίφος
1348 4751 1406 4802 ἐν
1435 4755 1498 4823 τῇ
1528 4757 1672 4824 χειρὶ

130 4817 283 4884 αὑτοῦ.
307 4827 396 4878 καὶ
439 4827 590 4896 λέγει
617 4830 694 4901 τῷ
724 4832 972 4902 γέροντι·
1018 4835 1143 4890 Ἐὰν
1176 4839 1248 4910 μὴ
1278 4841 1427 4912 πίῃς,
1463 4845 1672 4911 φονεύω

131 4923 194 4961 σε.
220 4911 368 4979 Γνοὺς
396 4917 452 4969 δὲ
478 4921 507 4971 6
535 4920 714 4990 γέρων
738 4922 821 4975 ὅτι
847 4925 1064 4998 ἐντολὴν
1085 4927 1220 4980 Θεοῦ
1252 4929 1394 4983 θέλει
1425 4933 1668 5003 ποιῆσαι,

131 4997 410 5072 βουλόμενος
459 5009 622 5062 αὐτὸν
673 5012 954 5084 κερδῆσαι,
983 5016 1142 5070 ἔλαϐε
1197 5021 1290 5073 καὶ
1339 4997 1586 5076 ἕπιενλὈ
1617 5023 1672 5076 δὲ

130 5091 418 5165 ἀρχιλῃστὴς
475 5101 802 5172 μετενόησεν
851 5106 1019 5176 αὐτῷ,
1049 5107 1260 5176 λέγων·
1310 5113 1671 5184 Συγχώρησόν

131 5199 220 5248 μοι,
247 5187 398 5252 ἀὸὁᾱ,
429 5191 512 5244 ὅτι
558 5193 752 5264 ἒθλιψὰ
782 5215 863 5252 σε.
900 5199 1011 5252 Καὶ
1041 5200 1188 5270 λέγει
1237 5207 1265 5257 6
1315 5207 1491 5275 γέρων
1511 5225 1523 5238 ·
1577 5209 1673 5260 Πι-

131 5279 273 5333 στεύω
295 5283 368 5352 τῷ
393 5283 532 5354 Θεῷ,
558 5287 640 5340 ὅτι
665 5289 754 5344 διὰ
786 5291 846 5344 τδ
884 5295 1142 5364 ποτήριον
1173 5297 1331 5352 τοῦτο
1361 5303 1504 5352 ποιεῖ
1533 5301 1672 5370 μετὰ

132 5367 208 5422 σοῦ
235 5372 371 5439 ἔλεος
397 5379 493 5429 καὶ
537 5379 596 5432 ὲν
637 5382 714 5453 τῷ
743 5384 834 5438 νῦν
866 5387 959 5439 καί
995 5389 1054 5438 ἐν
1093 5389 1170 5460 τῷ
1205 5390 1449 5459 μέλλοντι
1491 5393 1670 5448 αἰῶνι.

127 5592 164 5630 η
519 5542 734 5630 ἑαυτοῦ.
763 5549 876 5630 “‘1
893 5549 985 5630 Al.‘
1031 5545 1496 5630 ἰηεθτ.⁸αἱ,σχ-ρῶξ.

185 5603 260 5656 Al.
293 5608 454 5665 inser.
485 5613 683 5670 λαϐὼν.
761 5617 805 5649 ³²
835 5617 1009 5673 Exod.
1046 5633 1155 5676 ιιιι.
1199 5617 1250 5680 2,
1277 5603 1414 5682 ΜἘ,
1443 5603 1498 5672 θ.

79 5799 96 5828 ὁ
191 5721 286 5796 (20)
333 5726 438 5784 γει.
468 5731 619 5790 Patr.
651 5750 786 5800 xvn,
819 5735 905 5792 l2.

1573 5549 1616 5580 "
1646 5549 1733 5607 Al.
1786 5551 2094 5622 κολληγίου.

1778 4587 1875 4626 eos
1907 4571 2090 4626 vinum
2129 4573 2400 4627 bibentes.
2432 4570 2605 4626 Porro
2638 4571 3001 4640 cognoscebat
3033 4584 3155 4622 eum
3185 4567 3354 4618 latro-

1779 4679 1906 4716 num
1933 4663 2065 4726 dnx,
2107 4663 2424 4732 sciebalque
2451 4661 2596 4732 quod
2627 4677 2734 4714 non
2775 4660 2988 4714 biberet
3013 4659 3217 4711 vinum.
3261 4651 3354 4708 Vi-

1778 4755 1913 4810 dens
1962 4770 2094 4826 ergo
2129 4741 2292 4808 valde
2351 4757 2582 4816 fessum,
2632 4753 2856 4807 calicem
2909 4751 3038 4802 vino
3087 4745 3351 4816 implevit,

1779 4856 2108 4918 sumptoque
2149 4849 2202 4900 in
2233 4863 2456 4900 manum
2497 4861 2660 4908 ense,
2686 4844 2762 4896 ait
2788 4841 2904 4897 seni
2937 4861 2949 4896 :
2983 4839 3096 4894 Nisi
3123 4838 3351 4898 biberis.

1779 4939 1972 4993 occido
2007 4947 2080 4994 te.
2115 4941 2184 4992 At
2211 4954 2376 4992 senex
2401 4977 2416 5002 ,
2455 4937 2548 5006 qui
2595 4943 2801 4996 nosset,
2834 4949 2900 4989 ex
2947 4931 3204 4986 mandato
3257 4929 3352 4984 Dei

1781 5031 1916 5086 velle
1961 5047 2084 5085 eum
2141 5030 2341 5090 facere.
2407 5029 2634 5100 cupiens
2667 5027 2870 5081 lucrari
2915 5025 3229 5086 hominem,
3262 5037 3354 5076 ac-

1777 5127 1920 5193 cepit
1949 5131 2002 5178 et
2028 5123 2183 5178 bibit.
2214 5123 2369 5177 Tunc
2401 5124 2675 5176 latronum
2710 5120 2967 5190 princeps
2991 5116 3354 5172 inclinavitse

1779 5216 2076 5278 humiliter,
2106 5217 2330 5270 dicens:
2369 5215 2593 5285 Ignosce
2635 5213 2788 5276 mihi,
2825 5211 2988 5274 abba,
3033 5211 3080 5266 si
3103 5219 3158 5265 te
3183 5208 3355 5262 mole-

1779 5306 1883 5361 stia
1911 5305 2206 5361 aﬂ‘ecerim.
2247 5306 2336 5359 Ait
2368 5321 2529 5359 senex
2561 5323 2574 5358 :
2608 5303 2836 5358 Confido
2877 5303 2934 5358 in
2973 5302 3141 5357 Deum
3163 5339 3178 5363 ,
3207 5297 3352 5368 quod

1778 5405 2002 5468 propter
2031 5397 2255 5452 calicem
2298 5397 2442 5451 hunc
2493 5395 2743 5451 facturus
2784 5394 2856 5450 sit
2894 5393 2994 5448 tibi
3043 5391 3352 5446 misericor-

2171 5552 2217 5586 δ’
2247 5554 2414 5612 Abest
2467 5553 2608 5611 οἶνον
2661 5553 2726 5610 ab
2776 5555 2846 5612 al.
2925 5556 2969 5590 "
2987 5552 3073 5612 Al.
3134 5547 3349 5606 τωλλοῦο
