3828 6306
445 279 553 338 379

1577 285 1919 342 APPENDIX
1959 287 2048 339 AD
2091 287 2506 344 l'ALLADlUM.

3592 293 3690 348 380

438 398 589 452 diam
629 403 682 450 et
715 396 767 448 in
801 395 903 449 hoc
932 405 984 450 et
1008 397 1061 448 in
1092 396 1274 450 futuro
1313 400 1532 453 saeculo.
1569 399 1709 455 Dicit
1738 403 2011 457 latronum

2132 407 2277 474 λέγει
2307 408 2334 459 6
2363 403 2692 477 ἀρχιλῃστὴς
2712 419 2723 430 ο
2755 401 3000 455 Πιστεύω
3054 402 3130 474 τῷ
3156 401 3294 473 Θεῷ,
3323 405 3404 457 δτι
3452 404 3560 457 ἀπὸ
3600 407 3686 459 τοῦ

444 491 655 558 primus
682 506 696 541 :
724 487 947 541 Confido
980 488 1031 540 in
1072 487 1200 549 Deo,
1229 489 1371 559 quod
1407 492 1474 542 ab
1518 493 1624 545 isto
1658 501 1902 560 tempore
1927 512 2024 548 ne—

452 580 582 632 mini
629 581 826 642 malum
875 582 1121 636 facturus
1181 582 1305 637 sim.
1357 582 1420 636 Et
1465 584 1704 638 lucratus
1735 597 1818 640 est
1857 603 2022 642 senex

447 680 626 723 totum
673 672 944 722 latronum
976 672 1285 742 collegium,
1327 674 1652 729 dimittendo
1689 686 1911 747 propter
1928 677 2025 734 Do-

445 763 656 818 minum
689 763 1020 816 voluntatem
1063 780 1238 818 suam.

519 857 569 910 5.
616 856 817 909 Retulit
870 856 1040 910 abbas
1085 853 1328 919 Pcemen,
1376 856 1581 913 dixisse
1628 859 1876 914 abbatem
1928 860 2025 914 Pa-

440 946 732 1015 phnutium
764 963 775 998 :
811 943 1043 999 Cunctis
1073 945 1264 1014 diebus
1297 949 1420 1002 vita:
1450 964 1663 1012 senum,
1709 950 1794 1004 bis
1833 951 2022 1020 singu-

443 1039 512 1090 lis
569 1037 849 1092 mensibus
901 1036 1012 1091 adii
1064 1052 1182 1101 eos,
1241 1037 1470 1092 dissitas
1515 1040 1694 1110 spatio
1733 1040 2018 1096 duodecim

443 1130 785 1193 milliarium,
823 1138 876 1184 et
897 1129 1162 1199 quidquid
1197 1131 1563 1201 cogitaveram
1591 1133 1900 1200 aperiebant
1919 1133 2018 1200 eis,

444 1239 545 1280 nec
608 1223 904 1292 quidquam
941 1220 1089 1276 aliud
1137 1223 1560 1291 respondebant,
1612 1232 1811 1294 praeter
1863 1225 2016 1282 hoc:

446 1315 529 1370 Ad
559 1328 941 1386 quemcunque
975 1315 1150 1369 locum
1182 1317 1512 1386 perrexeris,
1552 1332 1618 1371 ne
1648 1317 1890 1373 metiaris
1931 1327 2018 1386 te;

444 1424 508 1460 ac
544 1409 596 1460 in
631 1408 814 1476 quiete
853 1405 1034 1475 degcs.

511 1501 565 1554 4.
608 1501 666 1554 ln
699 1499 844 1554 Sceti
883 1497 1113 1567 degebat
1144 1514 1269 1551 cum
1317 1499 1512 1553 abbate
1555 1499 1865 1569 Paphnutio
1897 1502 2021 1571 qui-

442 1591 572 1643 dam
611 1590 799 1653 frater,
837 1589 929 1658 qui
958 1589 1380 1658 impugnabatur
1409 1589 1474 1642 ad
1499 1590 1934 1655 fornicationem,
1965 1605 2018 1645 et

443 1683 665 1738 dicebat
693 1700 706 1734 :
739 1680 1001 1746 Quamvis
1029 1680 1216 1735 decem
1250 1697 1446 1736 uxores
1473 1697 1754 1752 accepero,
1790 1698 1899 1738 non
1925 1700 2017 1738 ex-

2125 498 2218 550 νῦν
2240 499 2300 551 οὐ
2332 498 2405 568 μὴ
2437 496 2785 565 κακοποιήσω
2825 495 2965 548 τινά.
2999 496 3108 547 Καὶ
3145 496 3434 566 ἐκέρδησεν
3463 500 3491 549 6
3517 497 3688 567 γέρων

2123 590 2240 643 ὅλον
2266 590 2358 642 τὸν
2382 589 2632 658 κολήγιον
2648 588 2716 652 ⁸³,
2747 587 2904 656 ἀφεὶς
2955 585 3015 638 τὸ
3061 585 3267 657 θέλημα
3293 588 3456 641 αὑτοῦ
3486 589 3573 640 δια
3603 589 3687 640 τὸν

2123 682 2326 753 Κύριον
2343 680 2409 734 ⁵⁸.

2191 863 2260 924 γ’.
2301 852 2467 909 Εἶπεν
2494 856 2522 907 6
2553 853 2724 915 ἀϐϐἆς
2754 851 2986 921 Ποιμὴν,
3015 852 3098 903 ὅτι
3126 851 3307 918 ἔλεγεν
3333 853 3361 903 6
3388 849 3562 911 ἀϐϐᾶς
3585 852 3690 902 Πα-

2121 949 2396 1020 φνούτιος·
2429 949 2520 1012 Εἰς
2553 946 2732 1010 πάσας
2776 944 2877 1006 τὰς
2921 944 3132 1014 ἡμέρας
3159 944 3259 1012 τῆς
3297 941 3444 1012 ζωῆς
3467 943 3576 994 τῶν
3606 959 3691 1008 γε·

2121 1041 2345 1112 ρόντων,
2377 1038 2459 1101 δίς
2507 1037 2598 1091 τὸν
2635 1037 2777 1107 μῆνα
2829 1033 3133 1105 παρέϐαλον
3180 1034 3381 1095 αὐτοῖς,
3415 1031 3558 1101 ἔχων
3601 1033 3688 1083 ἀπ’

2120 1131 2295 1188 αὐτῶν
2317 1131 2380 1184 τὸ
2396 1131 2668 1200 διάστημα
2697 1129 2850 1200 μίλια
2871 1128 3101 1193 δώδεκα,
3118 1128 3211 1180 καὶ
3235 1126 3412 1178 πάντα
3433 1124 3691 1192 λογισμὸν

2120 1224 2303 1292 ἔλεγον
2330 1225 2533 1285 αὐτοῖς.
2562 1224 2656 1276 καὶ
2680 1221 2831 1275 οὐδέν
2871 1238 2962 1290 μοι
2986 1221 3170 1290 ἓτερον
3205 1218 3408 1285 ἔλεγον,
3451 1217 3486 1286 ἢ
3512 1215 3688 1274 τοῦτο,

2119 1317 2200 1368 ὅτι
2235 1317 2327 1379 Εἰς
2357 1317 2415 1369 ὃν
2451 1316 2515 1368 ἂν
2537 1315 2701 1368 τόπον
2723 1313 2984 1386 ἀπέλθῃς,
3020 1313 3094 1383 μὴ
3133 1312 3347 1382 μετρεῖς
3372 1307 3588 1369 ἑαυτὸν,
3606 1308 3692 1359 καὶ

2119 1407 2216 1479 ἔσῃ
2241 1407 2675 1475 ἀναπαυόμενος.

2188 1499 2251 1552 δ’.
2292 1495 2401 1550 Ἦν
2430 1515 2514 1559 τις
2542 1494 2770 1564 ἀδελφὸς
2798 1495 2876 1557 εἰς
2907 1493 3101 1563 Σκῆτιν
3139 1489 3273 1560 μετὰ
3293 1487 3386 1541 τοῦ
3411 1487 3558 1541 ἀϐϐἄ
3583 1488 3692 1540 Πα·

2121 1590 2392 1659 φνουτίου,
2422 1589 2517 1641 καὶ
2553 1585 2873 1656 ἐπολεμεῖτο
2912 1587 2989 1646 εἰς
3030 1583 3305 1652 πορνείαν,
3339 1580 3433 1634 καὶ
3475 1579 3690 1647 ἔλεγεν·

2134 1680 2259 1734 Ἐὰν
2293 1679 2440 1732 λάϐω
2477 1678 2610 1731 δέκα
2639 1679 2919 1744 γυναῖκας,
2953 1674 3014 1726 οὐ
3055 1670 3247 1743 πληρῶ
3271 1671 3367 1741 τὴν
3398 1667 3696 1737 ἐπιθυμίαν

443 1775 604 1845 plebo
661 1773 1016 1842 cupiditatem
1071 1789 1267 1826 meam.
1302 1774 1475 1828 Senex
1519 1791 1648 1830 vero
1695 1776 2016 1829 hortabatur

2132 1791 2244 1842 μου.
2263 1771 2318 1825 '0
2351 1771 2405 1824 δὲ
2437 1771 2614 1841 γέρων
2648 1767 2943 1838 παρεκάλει
2972 1765 3146 1832 λέγων
3165 1780 3179 1793 ·
3209 1762 3318 1832 Μὴ,
3345 1762 3536 1814 τέκνον
3554 1778 3568 1790 ·
3600 1759 3696 1810 πό-

441 1866 527 1922 his
558 1866 784 1920 verbis:
824 1863 1216 1934 Nequaquam,
1255 1865 1368 1931 fili;
1420 1865 1755 1936 impugnatio
1795 1874 1879 1921 est
1907 1867 2017 1920 dre-

439 1973 688 2013 monum.
728 1957 797 2011 At
826 1958 916 2012 ille
952 1957 1128 2012 noluit
1163 1957 1573 2026 obtemperare,
1606 1959 1698 2014 sed
1740 1958 2018 2028 profectus

440 2055 528 2104 est
560 2048 615 2102 in
643 2046 938 2118 ngyptum
963 2089 980 2113 ,
1027 2047 1121 2101 ubi
1162 2046 1315 2101 duxit
1346 2062 1590 2102 uxorem.
1632 2047 1760 2104 Post
1799 2048 2018 2118 aliquod

443 2147 659 2209 tempus
693 2137 923 2209 contigit
947 2146 1004 2192 ut
1030 2154 1194 2193 senex
1233 2138 1286 2192 in
1317 2138 1614 2211 Egyptum
1648 2141 1971 2217 ascenderet
2001 2159 2014 2196 :

442 2232 554 2287 illic
591 2231 814 2286 offendit
854 2248 979 2286 eum
1036 2243 1342 2301 portantem
1399 2234 1674 2301 sportulas
1711 2241 2016 2297 testarum,

442 2335 542 2376 nec
571 2321 812 2391 agnovit,
851 2321 947 2375 sed
1006 2323 1122 2390 ipse
1153 2323 1230 2374 ait
1270 2322 1428 2376 seni:
1493 2321 1602 2392 Ego
1660 2338 1780 2377 sum
1819 2324 1908 2378 ille
1939 2325 2050 2377 di-.

443 2412 688 2482 scipulus
730 2420 873 2467 tuus.
930 2413 1105 2468 Senex
1157 2423 1338 2467 autem
1386 2415 1620 2468 intuitus
1664 2431 1787 2469 eum
1823 2417 1876 2469 in
1930 2416 2018 2470 illa

443 2503 776 2572 dejectione.
827 2504 972 2558 flevit
1027 2505 1273 2573 dixitque
1325 2523 1340 2560 :
1405 2505 1692 2571 Quomodo
1762 2507 2017 2561 dimisisti

442 2595 704 2652 honorem
767 2596 940 2658 illum,
1007 2607 1060 2650 et
1107 2598 1300 2651 venisti
1351 2597 1419 2651 ad
1474 2598 2019 2652 dehonestamentum

443 2687 580 2741 hoc?
605 2685 806 2740 Verum
842 2689 1178 2757 accepistine
1207 2688 1394 2742 decem
1421 2690 1655 2744 uxores?
1680 2688 1772 2744 llle
1794 2690 2022 2760 ingemi-

444 2793 629 2842 scens,
681 2779 1008 2848 respondit:
1062 2778 1203 2834 Sane
1244 2780 1460 2834 unicam
1491 2780 1642 2842 duxi,
1681 2791 1734 2835 et
1763 2780 2021 2835 aerumnis

445 2865 730 2931 conficior,
785 2883 897 2937 quo
946 2884 1085 2937 pane
1123 2869 1270 2921 illam
1323 2884 1566 2938 pascam.
1603 2869 1757 2924 Tunc
1790 2869 1858 2924 ad
1895 2885 2021 2925 eum

443 2972 650 3014 senex:
685 2958 976 3013 Revertere
999 2957 1307 3012 nobiscum.
1351 2957 1570 3026 Excepit
1601 2977 1614 3011 :
1650 2958 1814 3013 Estne
1844 2959 2020 3028 pumi-

449 3054 634 3108 tentiae
666 3053 841 3119 locus,
870 3054 1049 3107 abba?
1076 3052 1192 3116 Est,
1226 3053 1420 3122 inquit.
1457 3053 1678 3109 Relictis
1700 3069 1828 3124 ergo
1851 3053 2027 3108 omni-

448 3146 550 3198 bus
588 3153 811 3198 secutus
870 3151 955 3197 est
991 3152 1230 3208 enm;et
1264 3141 1464 3196 Scetim
1501 3143 1801 3213 ingressus,
1834 3144 1902 3198 ab
1930 3159 2027 3198 ex-

450 3239 752 3306 perimento
794 3237 970 3291 evasit
999 3237 1208 3306 probus
1245 3237 1567 3291 monachus.

521 3328 574 3382 5.
627 3326 874 3382 Fratrem
925 3328 981 3382 in
1032 3327 1326 3382 solitudine
1354 3327 1649 3383 Thebaidis
1683 3344 2030 3382 commoran-

450 3425 559 3470 tem
592 3418 758 3471 subiit
785 3417 890 3470 ista
920 3418 1214 3488 cogitatio:
1253 3418 1392 3484 Quid
1427 3419 1585 3475 sedes
1616 3419 2028 3474 infructuosus?

454 3508 650 3580 Surge,
715 3509 802 3563 abi
868 3509 936 3564 ad
990 3513 1419 3577 monasterium,
1453 3513 1526 3566 ibi
1578 3511 1814 3567 fructum
1863 3513 2024 3569 feres.

450 3598 641 3668 Itaque
673 3615 927 3670 surgens,
959 3602 1109 3655 venit
1161 3604 1228 3656 ad
1269 3603 1519 3657 abbatem
1551 3603 1940 3674 Paphnutium,
1975 3613 2028 3659 et

449 3690 750 3744 declaravit
795 3692 844 3745 ei
894 3693 1302 3763 cogitationem.
1345 3694 1554 3749 Monuit
1588 3711 1750 3752 senex
1788 3715 1800 3749 :
1850 3695 2025 3762 Redi,

449 3782 577 3836 sede
607 3781 658 3835 in
693 3782 828 3836 cella
858 3790 987 3846 tua;
1022 3783 1105 3838 fac
1129 3800 1291 3837 unam
1318 3786 1622 3840 orationem
1653 3802 1831 3850 mane,
1863 3804 2026 3841 unam

449 3871 687 3940 vesperi,
742 3886 907 3926 unam
954 3883 1157 3937 noctu;
1199 3889 1324 3926 cum
1372 3875 1660 3939 esurieris,
1720 3877 2026 3943 manduca;

451 3977 575 4014 cum
628 3962 868 4022 sitieris,
914 3962 1070 4028 bibe;
1128 3979 1252 4017 cum
1299 3980 1492 4019 somno
1543 3974 1783 4022 tentatus
1837 3967 2025 4033 fueris,

451 4053 661 4117 dormi;
711 4066 775 4106 ac
807 4069 1032 4107 remane
1079 4055 1132 4106 in
1181 4070 1399 4125 eremo;
1445 4073 1547 4111 nec
1590 4059 1906 4128 cogitationi
1951 4061 2027 4113 illi

453 4142 798 4210 obsequaris.
842 4141 1090 4198 Accessit
1131 4145 1295 4199 etiam
1350 4146 1417 4199 ad
1457 4148 1709 4204 abbatem
1743 4149 2026 4215 Joannem,

455 4232 901 4302 renuntiavitque
955 4235 1004 4288 ei
1050 4235 1216 4289 verba
1273 4237 1483 4292 abbatis
1528 4237 1838 4310 Paplmutii.
1888 4240 2030 4294 Dicit

456 4322 628 4378 abbas
682 4321 964 4383 Joannes:
1022 4324 1102 4380 Ne
1161 4329 1385 4382 omnino
1434 4331 1740 4386 orationem
1793 4334 2025 4400 feceris;

2119 1865 2282 1935 λεμός
2323 1866 2443 1917 ἐστι
2476 1861 2583 1915 τῶν
2627 1860 2916 1930 δαιμόνων.
2964 1857 3073 1911 Καὶ
3120 1856 3220 1908 οὐκ
3263 1853 3488 1922 ἐπείσθη
3512 1869 3526 1882 ·
3563 1852 3697 1905 ἀλλὰ

2119 1953 2362 2023 ἀπῆλθεν
2393 1953 2473 2015 εἰς
2504 1952 2798 2020 Αἴγυπτον,
2830 1947 2923 2002 καὶ
2962 1946 3121 2000 ἔλαϐε
3151 1947 3400 2013 γυναῖκα.
3452 1943 3610 1996 Μετὰ
3643 1942 3697 1992 δὲ

2117 2042 2309 2112 χρόνον
2355 2041 2570 2108 ἐγένετο
2613 2038 2877 2108 ἀναϐῆναι
2910 2037 2999 2088 τὸν
3023 2035 3256 2106 γέροντα
3290 2034 3370 2095 εἰς
3399 2031 3698 2100 Αἴγυπτον,

2120 2136 2215 2188 καὶ
2244 2132 2557 2202 ἀπαντῆσαι
2583 2131 2745 2184 αὑτὸν
2787 2129 3124 2199 βαστάζοντα
3153 2127 3409 2196 σπυρίδια
3424 2127 3471 2156 ⁵⁸
3503 2125 3699 2192 δστραφ

2120 2242 2265 2280 κων·
2312 2227 2341 2278 6
2383 2224 2440 2276 δὲ
2485 2223 2664 2292 γέρων
2691 2221 2791 2274 οὐκ
2819 2219 3111 2288 ἐγνώρισεν
3160 2217 3352 2271 αὐτόν·
3382 2215 3500 2270 ἀλλ’
3534 2216 3701 2277 αὐτὸς

2120 2318 2266 2384 λέγει
2293 2313 2468 2384 αὐτῷ·
2510 2312 2652 2382 Ἐγὼ
2681 2313 2796 2382 εἰμι
2846 2313 2875 2364 6
2923 2311 3071 2364 δεῖνα
3099 2311 3127 2362 6
3156 2308 3402 2379 μαθητής
3432 2323 3550 2360 σου.
3592 2305 3700 2358 Καὶ

2123 2410 2246 2464 ἰδὼν
2287 2409 2448 2462 αὐτὸν
2498 2408 2527 2460 6
2572 2405 2751 2475 γέρων
2789 2407 2846 2458 ἐν
2889 2402 3181 2475 τῇάτιμία
3213 2401 3414 2472 ἐκείνῃ,
3445 2399 3698 2461 Ξκλαυσε,

2122 2501 2218 2555 καὶ
2250 2495 2370 2552 εἷπε
2389 2516 2402 2530 ·
2433 2497 2556 2560 Πῶς
2592 2496 2810 2565 ἀφῆκας
2838 2494 2935 2564 τὴν
2968 2493 3131 2564 τιμὴν
3154 2492 3390 2562 ἐκείνην,
3415 2491 3509 2543 καὶ
3540 2486 3700 2560 ἦλθες

2122 2598 2202 2657 εἰς
2235 2593 2332 2663 τὴν
2352 2591 2575 2660 ἀτιμίαν
2599 2589 2802 2659 ταύτην
2823 2605 2838 2651 ;
2868 2587 3005 2657 πλὴν
3029 2585 3217 2648 ἔλαϐες
3241 2585 3338 2646 τὰς
3362 2583 3492 2636 δέκα
3517 2586 3701 2650 γυναῖ-

2122 2703 2250 2750 κας;
2288 2685 2397 2738 Kal.
2432 2681 2693 2746 στενάξας
2725 2677 2875 2733 εἷπε·
2902 2679 3064 2732 Φύσει
3097 2677 3224 2749 μίαν
3256 2675 3465 2738 ἔλαϐον,
3490 2676 3585 2726 καὶ
3606 2691 3700 2725 ταο

2121 2777 2382 2849 λαιπωρῶ
2409 2776 2525 2839 πῶς
2554 2775 2724 2844 αὐτὴν
2743 2772 2992 2845 χορτάσω
3025 2771 3207 2842 ἄρτον.
3238 2766 3521 2833 Καλλέγει
3556 2765 3700 2832 αὐτῷ

2121 2872 2151 2924 6
2185 2872 2359 2942 γέρων
2380 2886 2392 2899 ·
2442 2867 2611 2938 Δεῦρο
2656 2866 2818 2919 πάλιν
2850 2864 2965 2935 μεθ’
2995 2861 3169 2932 ἡμῶν.
3195 2859 3304 2912 Καὶ
3352 2854 3534 2911 εἶπεν·
3585 2856 3704 2909 Ἕνι

2125 2965 2404 3035 μετάνοια,
2439 2961 2615 3026 ἀϐϐἄ;
2662 2961 2721 3014 '0
2749 2959 2805 3012 δὲ
2838 2953 2989 3010 εἶπεν
3010 2974 3023 2986 ·
3058 2957 3194 3008 Ἔνι.
3237 2953 3347 3006 Καὶ
3376 2949 3704 3017 καταλείψας

2127 3058 2326 3118 πάντα,
2355 3053 2721 3125 ἠκολούθησεν
2751 3049 2914 3103 αὐτόν
2933 3065 2948 3080 ο
2973 3047 3068 3102 καὶ
3099 3044 3353 3099 εἰσελθὼν
3380 3045 3460 3104 εἰς
3483 3040 3701 3109 Σκῆτιν,

2128 3149 2235 3202 ἀπὸ
2262 3149 2361 3218 τῆς
2392 3145 2586 3217 πείρας
2619 3144 2810 3213 γέγονε
2837 3141 3057 3211 δόκιμος
3095 3136 3345 3210 μοναχὸς.

2199 3325 2261 3381 ε’.
2313 3321 2552 3392 Ἀδελφῷ
2582 3323 2640 3373 ὲν
2662 3323 2726 3391 τῇ
2761 3318 2954 3389 ἐρήμῳ
2985 3315 3276 3386 καθημένῳ
3300 3312 3398 3381 τῆς
3418 3308 3704 3378 Θηϐαΐδος,

2126 3413 2288 3489 ἦλθεν
2347 3414 2495 3484 αὐτῷ
2541 3411 2818 3482 λογισμὸς,
2867 3410 3073 3477 λέγων·
3127 3408 3191 3460 Τί
3233 3405 3375 3477 κάθῃ
3418 3404 3705 3473 ἄκαρπος

2129 3512 2356 3571 ἀνάστα,
2390 3508 2565 3574 ὕπαγε
2616 3509 2695 3569 εἰς
2731 3503 3016 3563 κοινόϐιον,
3067 3501 3161 3553 καὶ
3202 3502 3315 3552 ἐκεῖ
3348 3499 3522 3558 ποιεῖς
3573 3511 3708 3559 καρ-

2129 3603 2251 3656 πόν.
2287 3603 2393 3656 Καὶ
2436 3601 2672 3662 ἀναστὰς
2700 3597 2828 3670 ἦλθε
2865 3597 2998 3668 πρὸς
3036 3596 3126 3647 τὸν
3153 3593 3324 3645 αϐϐἄν
3351 3589 3704 3657 Παφνούτιον,

2129 3695 2224 3748 καὶ
2255 3693 2575 3764 ἀνήγγειλεν
2604 3690 2750 3761 αὐτῷ
2795 3691 2885 3742 τὸν
2925 3685 3204 3755 λογισμὸν.
3237 3685 3344 3735 Καὶ
3381 3681 3528 3746 λέγει
3564 3679 3707 3744 αὐτῷ

2127 3789 2156 3840 6
2184 3787 2390 3858 γέρων·
2429 3785 2672 3851 ’Ύπαγε,
2722 3782 2888 3835 κάθου
2943 3782 3021 3841 εἰς
3070 3778 3130 3830 τὸ
3183 3774 3389 3828 κελλίον
3448 3787 3579 3825 σου·
3621 3771 3708 3821 καὶ

2129 3879 2272 3931 ποίει
2309 3877 2435 3941 μίαν
2464 3876 2628 3946 εὐχὴν
2659 3873 2823 3945 πρωῒ,
2855 3872 2947 3925 κοιλ⁵
2975 3869 3102 3941 μίαν
3129 3867 3386 3936 ἑσπέρας,
3433 3863 3530 3915 καὶ
3584 3861 3709 3930 μίαν

2127 3968 2450 4038 τὴννύκταο
2498 3967 2592 4020 καὶ
2620 3966 2746 4017 ὅταν
2778 3963 2988 4032 πεινᾷς,
3021 3957 3184 4026 φάγε,
3221 3954 3316 4008 καὶ
3355 3953 3482 4004 ὅταν
3527 3949 3705 4019 διψᾷς.

2130 4062 2241 4124 πίε,
2269 4059 2361 4113 καὶ
2407 4059 2535 4111 ὅταν
2580 4051 2867 4125 νυστάζῃς,
2903 4049 3114 4121 κοιμῶ·
3147 4049 3241 4102 καὶ
3283 4045 3408 4114 μένε
3439 4045 3519 4104 εἰς
3549 4040 3710 4110 γῆνεε

2130 4153 2365 4223 ἔρημον*
2399 4149 2492 4201 καὶ
2535 4145 2607 4216 μὴ
2639 4145 2864 4214 πεισθῇς
2893 4135 3235 4210 αὑτῷῘΗλθε
3265 4137 3317 4190 δὲ
3344 4133 3436 4187 καὶ
3463 4132 3601 4202 πρὸς
3623 4131 3708 4182 τὸν

2129 4217 2302 4294 ἁϐϐιῖν
2349 4239 2622 4306 Ἰωάννην,
2651 4235 2745 4288 καὶ
2773 4231 3061 4303 ἀνήγγειλε
3091 4230 3159 4282 τὰ
3189 4227 3411 4297 ῥήματα
3448 4217 3542 4275 τοῦ
3570 4221 3710 4273 αεϐἱ

2130 4330 2489 4402 Παφνουτίον.
2525 4328 2634 4380 Καὶ
2662 4326 2810 4394 λέγει
2834 4327 2862 4377 6
2887 4324 3059 4402 ὰϐϐᾷς
3108 4320 3360 4387 Ἰωάννης
3381 4333 3394 4347 ο
3427 4315 3519 4384 Μὴ
3560 4313 3710 4379 ποιή-

453 4415 724 4468 duntaxat
765 4417 896 4471 sede
930 4416 986 4470 in
1021 4417 1157 4470 cella
1190 4425 1305 4472 tua.
1335 4417 1472 4473 Tum
1514 4437 1745 4492 surgens
1774 4424 1907 4480 adiit
1933 4395 2023 4480 ab;

2133 4442 2230 4496 σῃς
2258 4424 2393 4486 ὅλως
2427 4420 2610 4491 εὐχὴν,
2643 4420 2799 4490 μόνον
2825 4395 3101 4476 κάθουέἱς
3124 4413 3182 4465 τὸ
3211 4409 3419 4463 κελλῐον
3456 4424 3572 4459 σου.
3605 4402 3709 4496 iis".

456 4508 636 4560 hatem
677 4507 1008 4575 Arsenium;
1045 4509 1131 4563 cui
1187 4521 1386 4566 cuncta
1430 4511 1789 4569 denuntiavit.
1823 4516 1912 4569 Ait
1952 4517 2030 4572 illi

458 4614 620 4652 senex
654 4617 669 4653 :
705 4598 872 4663 Tene,
911 4598 1264 4656 sicutPatres
1282 4603 1588 4657 docuerunt
1613 4612 1686 4659 lc.
1722 4604 1862 4660 Nihil
1885 4610 2028 4662 enim

458 4692 695 4759 amplius
746 4692 842 4746 tibi
883 4709 1108 4762 possum
1157 4695 1361 4750 dicere.
1393 4695 1486 4749 lllc
1531 4697 1687 4765 plene
1735 4715 2032 4768 persuasus

456 4783 739 4844 abscessit.
1091 4796 1094 4797 '

963 4895 1038 4950 De
1072 4897 1259 4953 abbate
1298 4897 1489 4953 Paula.

530 5006 673 5076 (il)
707 5005 958 5063 Narravit
989 5012 1186 5079 aliquis
1215 5028 1244 5065 e
1287 5011 1544 5067 Patribos
1575 5013 1642 5067 de
1675 5014 1910 5082 quodam
1939 5015 2032 5068 ab.

461 5098 585 5150 hate
638 5096 838 5162 Paulo,
911 5103 1055 5169 quod
1103 5112 1248 5157 esset
1296 5120 1362 5158 ex
1419 5105 1766 5159 inferioribus
1815 5105 2032 5176 IEgypti

463 5189 748 5256 partibus,
805 5192 1078 5247 habitaret
1125 5211 1256 5248 vero
1302 5196 1354 5248 in
1404 5196 1715 5262 Thebaide;
1777 5198 2036 5268 quodque

463 5282 718 5338 manibus
749 5285 1181 5352 apprehenderet
1213 5297 1482 5350 cerastas.
1516 5290 1785 5358 scorpios.
1811 5306 2035 5360 serpen-

460 5378 564 5435 tes,
616 5371 932 5442 mediosque
985 5373 1309 5432 dillindcrel.
1372 5377 1540 5445 Igitur
1597 5378 1794 5433 fratres
1842 5379 2031 5434 humili

2130 4495 2366 4576 ἀναστὰς
2395 4509 2525 4583 ἦλθε
2556 4511 2692 4581 πρὸς
2731 4509 2820 4562 τὸν
2863 4506 3036 4560 ἀϐϐᾶν
3081 4501 3374 4573 Ἀρσένιον,
3415 4499 3512 4550 καὶ
3541 4495 3707 4563 ἀνήγ-

2129 4607 2310 4676 γειλεν
2341 4603 2490 4673 αὐτῷ
2523 4604 2722 4656 πάντα.
2756 4602 2865 4654 Καὶ
2899 4600 3046 4665 λέγει
3089 4594 3236 4663 αὐτῷ
3265 4595 3292 4644 ὀ
3319 4591 3530 4660 γέρωνο
3570 4585 3710 4685 Βρα-

2130 4716 2212 4750 τει
2241 4697 2315 4759 ὡς
2339 4697 2387 4748 οἱ
2419 4695 2659 4765 Πατέρες
2692 4710 2774 4746 σοι
2800 4687 2988 4743 εἶπαν·
3027 4685 3208 4738 πλεῖον
3234 4680 3342 4750 γὰρ
3374 4679 3711 4736 τούτων,οὑκ

2135 4793 2243 4864 ἔχω
2277 4790 2359 4844 σοί
2397 4807 2449 4843 τι
2485 4791 2677 4842 εἰπεῖν.
2717 4787 2826 4859 [Qui
2853 4779 3290 4855 πληροφορηθεὶς
3324 4773 3589 4843 ἀπῆλθεν.

2545 4902 2684 4968 Περὶ
2711 4899 2817 4954 τοῦ
2851 4896 3001 4952 ἀϐϐἇ
3034 4895 3294 4950 Παύλου.

2212 5015 2513 5085 Διηγήσατὸ
2538 5031 2622 5076 τις
2655 5013 2762 5065 τῶν
2793 5011 3050 5082 Πατέρων
3079 5007 3205 5078 περ(
3235 5020 3378 5065 τινος
3405 5000 3551 5053 ἀϐϐᾶ
3572 4995 3710 5049 Παύ-

2139 5111 2254 5169 λου,
2297 5111 2378 5162 ὅτι
2420 5105 2488 5179 ἦν
2527 5111 2589 5160 ἐκ
2632 5107 2740 5159 τῶν
2783 5106 2932 5159 κάτω
2979 5101 3160 5174 μερῶν
3189 5101 3231 5131 ⁸⁸⁵
3267 5098 3366 5165 τῆς
3417 5093 3710 5179 Αἰγύπτῳ,

2140 5198 2304 5250 οἰκῶν
2326 5197 2382 5250 δὲ
2419 5199 2474 5249 ἐν
2510 5196 2762 5264 Θηϐαΐδι’
2810 5197 2891 5248 ὅτι
2930 5189 3082 5253 οὗτος
3115 5187 3335 5256 ἐκράτει
3380 5186 3502 5243 ταῖς
3532 5176 3712 5248 χερσὶν

2139 5289 2304 5342 αὑτοῦ
2322 5291 2444 5353 τοὺς
2462 5289 2732 5359 κεράστας
2749 5287 2795 5318 ⁸³
2817 5285 3051 5344 καὶτοὺς
3071 5282 3242 5348 ὄφεις,
3269 5276 3360 5329 καὶ
3384 5269 3592 5342 ἔσχιζεν
3613 5285 3711 5318 αυ-

2138 5381 2264 5443 τοὺς
2299 5382 2514 5451 μέσους.
2545 5380 2653 5433 Καὶ
2684 5377 2874 5432 ἔϐαλον
2897 5373 3046 5445 αὐτῷ
3076 5375 3123 5425 οἱ
3150 5368 3371 5438 ἀδελφοὶ
3407 5361 3714 5435 μετάνοιαν,

538 5526 586 5558 ⁵³
612 5527 696 5580 Al.
731 5527 1034 5606 κολλήγιον.
1090 5531 1136 5562 ⁵⁸
1163 5531 1246 5585 Al.
1280 5531 1430 5586 Θεὸν.
1510 5533 1553 5563 ⁵⁵
1596 5533 1682 5590 Al.
1714 5533 1963 5606 σπυρῖδα.

2132 5534 2192 5586 ll.
2223 5536 2338 5606 τήν.
2418 5537 2462 5568 ⁸⁷
2497 5535 2579 5588 ΑΙ.
2621 5536 2676 5587 ἐν
2722 5535 2832 5596 τοῖς
2885 5541 2930 5585 cl
2973 5528 3184 5599 μέρεσι.
3261 5523 3307 5555 ⁸³
3341 5520 3424 5574 ΔΙ.
3469 5519 3570 5571 ius.
3614 5519 3714 5564 καὶ

465 5598 588 5661 τοὺς
637 5600 946 5668 σκορπίους.

540 5709 648 5777 κει)
709 5706 808 5763 ru.
848 5711 996 5766 tum.
1035 5727 1091 5776 ιι,
1124 5711 1206 5765 ll.
