3828 6300
128 307 213 365 335
1196 301 1804 360 APOPHTHEGMATA
1843 303 2148 360 PATRUM.

3211 307 3318 364 536

129 423 404 502 ἀμαρτωλδν
447 423 541 476 καὶ
597 420 834 486 ἀνάξιον.
877 421 1006 474 Ἰδοὺ
1031 419 1148 494 ’γὰρ
1173 423 1282 475 ἀπὸ
1311 421 1406 474 τοῦ
1445 420 1540 474 νῦν
1566 421 1644 473 δί-

1754 427 1803 475 et
1831 421 2090 490 promitto
2119 421 2237 484 tibi,
2273 422 2415 491 quod
2447 421 2675 492 posthac
2714 423 2848 476 nihil
2887 424 3012 477 mali
3041 431 3319 496 perpetra-

123 519 239 588 θωμί
290 532 365 569 σοι
402 512 576 582 λόγον,
644 513 1011 583 συντάσσομαι
1048 513 1135 575 δὲ,
1183 513 1276 565 καὶ
1313 514 1388 584 ἐκ,
1419 511 1648 583 καρδίας

129 607 504 682 ἐξομολογοῦμαί
531 623 634 668 σοι,
673 609 754 659 ὃτι
778 607 838 658 ού
883 605 956 677 μὴ
987 605 1180 674 πράξω
1217 604 1296 657 ἔτι
1327 623 1377 658 τι
1407 604 1516 658 τῶν
1552 621 1650 657 κα-

127 703 216 758 κῶν
243 701 312 734 ⁸⁸⁸
351 699 484 753 ἀλλὰ
541 699 919 768 ἁποτὰσσομαι
972 699 1150 750 πᾶσαν
1205 697 1548 768 παρανομίαν
1581 697 1654 758 ⁸⁸,ι

129 793 202 846 καὶ
225 789 477 844 δουλεύσω
507 804 587 840 σοι
617 789 724 841 ἀπὸ
750 787 844 840 τοῦ
875 787 970 840 νῦν
999 790 1056 840 ἐν
1085 788 1297 858 καθαρᾷ
1330 787 1647 857 συνειδήσει.

127 885 348 954 Σήμερον,
380 873 424 931 ὦ
455 878 721 943 Δέσποτα,
755 879 848 931 καί¹
874 880 938 929 ἐκ
955 878 1054 948 τῆς
1068 877 1218 949 ὥρας
1255 877 1476 947 ταύτης,
1502 877 1649 942 δέξαι

129 991 180 1044 με
210 977 566 1042 μετανοοῦντα,
623 971 719 1023 καὶ
748 970 1160 1041 προσπίπτοντα
1190 987 1291 1032 σοι,
1323 971 1417 1022 καὶ
1453 969 1646 1040 ἀπεχό-

129 1082 254 1134 μενον
277 1063 362 1116 τοῦ
415 1062 599 1116 λοιποῦ
654 1061 830 1132 πάσης
880 1063 1174 1132 ἁμαρτίας.
1227 1063 1350 1115 Ἐπὶ
1389 1063 1648 1124 ταύταις,

127 1159 248 1228 φησί,
277 1159 386 1217 ταῖς
435 1155 728 1225 συνθήκαις
771 1153 996 1222 ἐξῆλθον
1045 1154 1152 1206 ἀπὸ
1201 1154 1301 1224 τῆς
1335 1155 1646 1223 ἐκκλησίας.

125 1247 279 1317 κρίνας
315 1247 370 1298 ἐν
408 1249 474 1316 τῇ
529 1246 769 1316 ἐμαυτοῦ
819 1245 987 1316 ψυχῇ,
1026 1247 1221 1317 μηκέτι
1256 1247 1419 1318 μηδὲν
1447 1246 1650 1316 φαῦλον

125 1339 290 1410 πρᾶξαι
315 1335 628 1389 ἀπέναντιη
655 1335 748 1388 τοῦ
771 1336 930 1389 Θεοῦ.
972 1336 1326 1400 Ἀκούσαντες
1359 1337 1416 1390 δὲ
1447 1336 1649 1398 πάντες

125 1427 318 1482 ἀνεϐόων
341 1429 435 1498 μιᾷ
462 1431 617 1498 φωνῇ
677 1428 813 1499 πρὸς
839 1427 928 1480 τὸν
954 1427 1086 1480 Θεὸν
1102 1445 1116 1456 ·
1152 1428 1248 1492 Ὡς
1279 1429 1647 1497 ἐμεγαλύνθη

123 1523 178 1574 τὰ
202 1521 324 1589 ἔργα
353 1535 486 1582 σου.
522 1523 701 1588 Κύριε
723 1520 742 1572 !
776 1521 970 1574 πάντα
1015 1521 1084 1574 ἐν
1103 1522 1290 1590 σοφίᾳ
1336 1522 1646 1587 ἐποίησας.

123 1611 154 1662 Γ
155 1611 434 1673 ινὼσκοντες
485 1611 687 1674 τοίνυν,
741 1602 787 1662 ὧ
846 1611 1186 1681 Χριστιανοὶ,
1245 1615 1309 1664 ἐκ
1349 1612 1455 1663 τῶν
1488 1611 1649 1664 θείων

122 1699 152 1752 Γ
155 1699 328 1771 ραφῶν,
355 1701 452 1752 καὶ
475 1703 543 1753 ἐκ
580 1700 688 1752 τῶν
715 1701 884 1768 ἁγίων
929 1700 1344 1770 ἀποκαλύψεων,
1375 1703 1506 1772 ὅσην
1537 1703 1648 1774 ἔχει

122 1791 278 1853 biiab;
318 1790 631 1861 ἀγαθότητα
674 1793 802 1863 περί
837 1793 885 1824 ⁸³
913 1792 1041 1856 τοὺς
1087 1795 1167 1856 εἰς
1195 1793 1356 1846 αὑτὸν
1411 1794 1650 1864 γνησίως

123 1883 532 1952 καταφεύγοντας,
557 1885 652 1936 καὶ
678 1884 766 1938 διὰ
788 1884 1074 1952 μετανοίας
1089 1883 1158 1936 τὰ
1178 1884 1442 1955 πρότερον
1468 1886 1650 1947 αὐτοῖς

121 1977 407 2046 ἐπταισμένα
449 1975 874 2048 διορθουμένους
909 1976 1044 2045 (26),
1088 1976 1184 2028 καὶ
1230 1977 1313 2028 ὅτι
1359 1976 1648 2030 ἀποδίδωσι

121 2069 246 2122 πάλιν
269 2071 331 2123 τὰ
360 2069 748 2141 ἐπηγγελμένα
807 2067 1008 2138 ἀγαθὰ,
1056 2069 1155 2121 οὐκ
1193 2070 1649 2139 εἰσπραττόμενος

119 2163 238 2225 δίκας
267 2161 400 2234 ὑπὲρ
429 2162 542 2215 τῶν
582 2163 862 2234 προτέρων
889 2161 1192 2231 ἁμαρτιῶν,
1232 2161 1306 2231 μὴ
1335 2160 1650 2213 ἁπελπίσω-

121 2271 196 2324 μεν
219 2253 306 2324 τῆς
327 2253 534 2308 ἑαυτῶν
579 2253 876 2324 σωτηρίας.
918 2254 1128 2322 ’Ὠσπερ
1160 2251 1269 2324 γὰρ
1297 2253 1384 2306 διὰ
1427 2253 1646 2306 Ἡσαΐου

118 2342 188 2395 τοῦ
213 2345 468 2415 προφήτου
491 2343 880 2414 ἐπηγγείλατο,
905 2344 1030 2406 τοὺς
1055 2345 1113 2395 ἐν
1141 2343 1435 2414 ἁμαρτίαις
1462 2343 1649 2414 βεόορ-

119 2435 412 2508 ὁορωμένους
439 2435 683 2500 πλύνειν,
717 2437 809 2489 καὶ
827 2437 903 2498 ὡς
938 2435 1082 2506 ἔριον
1105 2437 1200 2488 καὶ
1229 2435 1304 2498 ὡς
1343 2435 1496 2504 χιόνα
1523 2435 1647 2488 λευ-

117 2529 302 2590 ιιίνειν,
335 2529 427 2582 καὶ
449 2528 561 2580 τῶν
600 2526 822 2596 ἀγαθῶν
866 2529 964 2597 τῆς
996 2527 1324 2598 ἐπουρανίου
1371 2528 1644 2599 Ἰερουσα-

117 2617 204 2690 λὴμ
238 2620 404 2686 ἀξιοῦν
428 2637 442 2651 ο
481 2619 657 2684 οὓτως
709 2615 866 2682 αὖθις
907 2619 996 2672 διὰ
1049 2619 1142 2672 τοῦ
1179 2621 1334 2688 ἁγίου
1367 2621 1644 2690 προφήτου

127 2710 358 2784 Ἰεζεκιὴλ,
379 2712 498 2783 μεθ’
514 2713 678 2783 ὅρκου
695 2712 841 2783 ἡμᾶς
867 2710 1199 2784 πληροφορεί
1227 2711 1299 2782 μὴ
1321 2711 1607 2764 ἀπολλύειν
1627 2728 1642 2742 ·

117 2797 188 2854 Ζῶ
217 2801 330 2872 γὰρ,
361 2803 514 2871 φησὶ,
541 2799 704 2870 λέγει
734 2802 973 2868 Κύριος,
1007 2800 1097 2854 ὅτι
1119 2799 1193 2854 οὑ
1219 2801 1519 2870 ,βούλομαι
1540 2801 1646 2854 τὸν

119 2887 331 2943 θάνατον
365 2891 472 2945 τοῦ
520 2887 909 2960 σάμαρτωλοῦ,
939 2889 1022 2956 ὡς
1053 2889 1121 2944 τὸ
1156 2891 1514 2959 ἐπιστρέψαι
1547 2891 1646 2944 καί

118 2976 201 3046 ζῇν
221 2981 412 3036 αὐτόν.

255 3098 383 3164 Περί
415 3097 526 3151 τοῦ
573 3094 723 3152 ἀεσᾱ
760 3096 986 3166 Πέτρου
1021 3099 1125 3154 τοῦ
1158 3095 1278 3149 τῶν
1305 3095 1464 3150 Δίου.

171 3205 349 3279 Πέτρος
389 3211 417 3262 ὁ
457 3208 570 3262 τῶν
611 3209 734 3261 Δίου
779 3208 1168 3280 πρεσϐύτερος.
1228 3209 1413 3262 εἴποτε
1450 3208 1648 3281 ηὔχετο

117 3299 229 3366 μετά
269 3317 440 3364 τινων,
491 3299 684 3372 ἐπειδὴ
721 3300 808 3354 διὰ
851 3302 948 3372 τὴν
1001 3300 1302 3372 ἱερωσύνην
1340 3301 1648 3372 ἔμπροσθεν

121 3389 325 3443 ἰστασθαι
372 3391 753 3461 ἠναγκάζετο,
820 3395 886 3462 τῇ
938 3391 1404 3463 ταπεινοφροσύνῃ
1457 3392 1647 3444 ἑαυτὸν

115 3481 256 3534 ὀπίσω
273 3484 385 3536 ἵστα
411 3482 924 3552 ἐξομολογούμενος·
948 3485 1023 3547 ὡς
1041 3486 1119 3546 εἰς
1135 3485 1228 3536 τὸν
1247 3484 1358 3554 βίον
1389 3483 1481 3537 τοῦ
1504 3483 1650 3536 ἀεϐἄ

125 3573 366 3628 Ἆντωνίου
389 3576 722 3647 γέγραπται.
753 3575 923 3628 Τοῦτο
959 3575 1152 3639 ἐποίει,
1190 3575 1392 3646 μηδένα
1440 3575 1643 3628 λυπῶν.

521 3686 690 3758 Ἀρχὴ
717 3685 811 3738 τοῦ
837 3683 879 3738 Ρ
915 3685 1204 3754 στοιχείου.

383 3795 526 3864 Περί
555 3795 658 3848 τοῦ
687 3795 834 3848 ἀϐὅιὶ
873 3792 982 3847 τοῦ
1027 3795 1331 3862 Ῥωμαίου.

169 3911 224 3959 α’.
245 3901 401 3960 Ἷιλθέ
429 3925 560 3960 ποτε
612 3907 842 3978 μοναχός
871 3924 955 3970 τις
1001 3907 1264 3975 Ῥωμαίος
1291 3907 1357 3966 ⁸⁸,
1382 3905 1474 3956 καί
1507 3904 1650 3974 ᾠκη-

117 4009 192 4048 σεν
221 3997 270 4048 ἐν
303 3998 492 4069 Σκήτει
531 3999 826 4068 ἐγγύτερον
839 3989 947 4068 ’τῆς
967 3995 1266 4065 ἐκκλησίας
1284 4011 1296 4024 '
1327 3991 1439 4065 εἶχε
1473 3995 1528 4048 δὲ
1557 3995 1649 4046 καὶ

117 4085 190 4139 ἱνα
213 4089 378 4142 δοῦλον
403 4091 784 4161 ὑπηρετοῦντα
813 4090 981 4160 αύτῷ.
1032 4087 1177 4142 Ἰδὼν
1207 4088 1264 4140 δὲ
1291 4089 1318 4140 ὁ
1351 4084 1650 4156 πρεσϐύτε-

121 4193 192 4246 ρος
211 4179 294 4250 τὴν
335 4181 614 4234 ἀσθένειαν
657 4181 843 4242 αὐτοῦ,
881 4181 974 4234 καὶ
1013 4179 1195 4250 μαθὼν
1229 4181 1292 4231 ἐκ
1325 4178 1483 4240 ποίας
1517 4178 1647 4229 ἁνα-

117 4269 326 4334 παύσεώς
352 4274 518 4336 ἐστιν,
544 4273 596 4323 εἴ
633 4289 684 4323 τι
720 4271 768 4302 ¹¹⁶
799 4270 1066 4340 ᾠκονόμει
1099 4270 1192 4321 καὶ
1220 4269 1418 4338 ἤρχετο
1447 4269 1528 4329 εἰς
1549 4266 1649 4336 τὴν

121 4361 382 4433 ἐκκλησίαν,
416 4365 664 4436 ἔπεμπεν
695 4364 863 4433 αὐτῷ.
901 4363 1008 4416 Καὶ
1051 4363 1284 4432 ποιήσας
1313 4359 1648 4412 εἰκοσιπέντε

1749 521 1907 566 turus
1949 529 2103 581 sum;
2137 515 2229 569 sed
2265 516 2515 570 renuntio
2549 516 2698 570 omni
2740 517 3048 586 iniquitati;
3081 518 3319 572 serviam

1749 605 1846 658 tibi
1871 606 1982 674 jam
2006 605 2128 660 inde
2153 620 2276 658 cum
2302 621 2436 675 pura
2459 607 2812 661 conscientia.
2849 606 3040 669 Hodie,
3066 605 3320 670 Domine,

1750 703 1912 764 atque
1946 711 2013 750 ex
2057 697 2158 750 hac
2197 698 2353 766 hora,
2400 699 2616 768 suscipe
2653 714 2740 752 me
2779 699 3152 766 pcenitentem,
3197 712 3324 766 pro-

1750 797 1976 843 stratum
2011 805 2195 843 coram
2227 800 2298 852 te,
2329 791 2422 860 qui
2455 791 2712 859 deinceps
2743 793 3093 844 abstenturus
3123 789 3226 842 sim
3252 789 3322 842 ab

1749 882 1898 934 omni
1939 881 2158 935 delicto.
2192 881 2328 935 Cum
2369 883 2475 944 his,
2507 882 2706 951 inquit,
2737 882 3024 951 promissis
3061 897 3324 950 egressus

1750 991 1870 1029 sum
1905 975 1974 1028 ab
2003 975 2256 1036 ecclesia,
2296 976 2596 1030 decernens
2630 975 2813 1029 animo
2845 991 3004 1038 meo,
3049 991 3157 1029 non
3199 991 3320 1030 am-

1751 1066 1894 1135 plius
1919 1066 2212 1136 quidpiam
2253 1068 2380 1120 mali
2421 1067 2764 1121 committere
2787 1067 2841 1120 in
2869 1075 3172 1136 conspectu
3199 1066 3320 1122 Dei.

1751 1158 1881 1223 Quae
1913 1174 2036 1212 cum
2073 1159 2378 1214 audiissent
2413 1157 2620 1220 cuncti,
2663 1172 2766 1210 una
2809 1172 2946 1211 voce
2978 1156 3322 1211 exclamave—

1751 1260 1881 1304 runt
1917 1251 1984 1304 ad
2015 1250 2181 1304 Deum
2207 1269 2218 1303 :
2249 1251 2418 1317 Quam
2449 1252 2792 1320 magniﬁcam
2834 1259 2956 1304 sunt
2988 1265 3144 1318 opera
3189 1261 3318 1311 tua,

1750 1341 2010 1396 Domine!
2057 1342 2249 1398 Omnia
2297 1343 2353 1395 in
2400 1343 2661 1412 sapientia
2711 1343 2880 1411 fecisti
2926 1343 2992 1394 ⁸⁷.
3037 1342 3226 1410 Igitur,
3285 1356 3323 1393 ο

1750 1435 2066 1500 Christiani,
2096 1445 2488 1504 cognoscentes
2511 1451 2540 1490 e
2561 1436 2761 1488 divinis
2785 1433 3086 1504 Scripturis
3117 1434 3322 1488 sacris-

1751 1541 1856 1594 que
1892 1527 2344 1586 revelationibus.
2390 1535 2648 1596 quantam
2685 1527 2827 1580 Deus
2871 1525 3065 1579 habeat
3099 1525 3320 1579 bonita-

1753 1628 1856 1672 tem
1893 1633 2020 1684 erga
2057 1634 2153 1673 eos
2185 1619 2277 1687 qui
2313 1619 2383 1673 ad
2427 1619 2606 1688 ipsum
2645 1619 2861 1672 sincere
2893 1616 3236 1686 confugiunt,
3266 1623 3323 1670 et

1753 1725 1782 1762 a
1822 1709 2095 1778 prioribus
2139 1709 2381 1778 peccatis
2425 1710 2539 1763 suis
2579 1707 2871 1762 emendant
2905 1721 2963 1761 se
3007 1721 3104 1776 per
3143 1706 3321 1774 pumi-

1754 1802 2012 1864 tentiam;
2046 1802 2302 1872 quodque
2335 1801 2526 1856 reddat
2561 1802 2754 1854 iterum
2791 1801 2931 1854 bona
2965 1799 3321 1868 repromissa,

1751 1911 1853 1951 nec
1879 1896 2060 1964 exigat
2091 1909 2413 1965 pinnas-pro
2446 1893 2826 1963 superioribus
2853 1891 3098 1957 delictis;
3133 1906 3201 1945 ne
3227 1891 3324 1944 de-

1751 2001 2036 2056 speremus
2077 1986 2144 2039 de
2185 1992 2378 2040 nostra
2409 1985 2602 2037 salute.
2651 1983 2803 2036 Sicut
2834 1983 2978 2036 enim
3004 1997 3101 2052 per
3127 1980 3346 2036 Isaiam'

1751 2076 2066 2146 prophetam
2091 2077 2378 2146 pollicitus
2413 2083 2520 2134 est.
2547 2075 2852 2128 lavaturum
2883 2089 2945 2129 se
2963 2082 3324 2144 peccatorum

1751 2166 1865 2219 luto
1895 2167 2206 2229 innnersos,
2237 2173 2290 2220 ct
2318 2165 2464 2220 velut
2497 2167 2674 2219 lanam
2717 2181 2782 2218 ac
2814 2165 2992 2219 nivem
3041 2164 3324 2220 dealbatu-

1747 2273 1893 2324 rum,
1941 2259 2180 2328 itemque
2215 2257 2374 2313 bonis
2417 2257 2660 2312 caelestis
2693 2256 3043 2312 Hierusalem
3090 2257 3323 2312 donatu-

1749 2364 1870 2402 rum
1914 2349 2003 2404 ⁸⁸ίε
2038 2349 2109 2402 ita
2143 2363 2336 2408 rursus
2379 2363 2477 2418 per
2523 2357 2774 2403 sanetum
2815 2348 3144 2418 prophetam
3185 2347 3322 2402 Eze-

1747 2437 2002 2500 chielem,
2025 2453 2148 2491 cum
2169 2437 2527 2508 jurejurando
2549 2439 2710 2494 nobis
2737 2439 2952 2508 plenam
2985 2438 3140 2493 tidem
3167 2438 3320 2499 iacit,

1747 2545 1808 2585 se
1840 2545 1949 2584 non
1975 2530 2316 2600 perditurum
2343 2546 2458 2585 eos.
2493 2531 2582 2583 Ait
2617 2531 2818 2600 quippe
2848 2549 2860 2584 :
2899 2531 3025 2584 Vivo
3054 2545 3167 2600 ego,
3188 2528 3320 2582 dicit

1746 2621 2026 2682 Dominus,
2050 2623 2174 2690 quia
2199 2621 2317 2675 nolo
2336 2631 2553 2674 mortem
2573 2623 2884 2690 peccatoris,
2903 2636 3061 2689 quam
3089 2619 3321 2674 converti

1746 2715 1939 2781 ipsum,
1965 2723 2016 2768 et
2042 2715 2206 2767 vivere
2237 2713 2306 2766 ”.

2219 2997 2293 3052 De
2321 2998 2510 3054 abbate
2543 2997 2702 3053 Petro
2737 2997 2850 3052 Dii.

1669 3105 1710 3162 ο
1815 3096 2011 3151 Petrus
2041 3095 2122 3149 Dii
2161 3095 2467 3166 presbyter,
2497 3094 2544 3150 si
2583 3092 2805 3164 quando
2845 3093 2990 3147 inter
3021 3093 3157 3149 alios
3187 3109 3318 3164 pre-

1750 3189 1997 3250 cabatur,
2029 3201 2151 3240 cum
2181 3187 2251 3240 ob
2279 3185 2644 3240 sacerdotium
2680 3193 2806 3238 ante
2848 3200 2943 3240 eos
2986 3193 3132 3240 stare
3171 3201 3322 3241 com-

1749 3281 2060 3350 pelleretur,
2105 3293 2202 3350 per
2247 3279 2605 3332 humilitatem
2651 3279 2891 3348 seipsum
2925 3288 3072 3332 retro
3107 3280 3319 3334 consti-

1750 3375 1974 3436 tuebat,
2025 3372 2428 3426 confessionem
2477 3370 2714 3430 faciens;
2755 3373 3214 3441 quemadmodum
3261 3374 3317 3428 iu

1749 3467 1856 3520 vita
1891 3465 2104 3519 abbatis
2145 3465 2368 3518 Antonii
2413 3464 2682 3533 scriptum
2727 3471 2829 3518 est.
2878 3462 2993 3518 Hoc
3041 3463 3316 3528 faciebat,

1748 3559 2086 3612 centristans
2117 3560 2420 3614 neminem.

2195 3668 2532 3736 Principium
2568 3667 2758 3722 littera:
2790 3667 2849 3719 Ρ.

2135 3781 2212 3834 De
2246 3779 2432 3834 abbate
2459 3780 2638 3847 patria
2673 3778 2930 3833 Romano.

1829 3895 1871 3944 Ι.
1908 3891 2046 3958 (9.7)
2081 3889 2242 3944 Venit
2281 3891 2578 3959 aliquando
2613 3889 2916 3944 monachus
2945 3887 3164 3957 quidam
3211 3883 3320 3939 Ro-

1751 3999 1966 4046 manus,
1999 3992 2050 4036 et
2084 3983 2348 4034 habitavit
2387 3981 2440 4034 in
2483 3981 2625 4034 Sceti
2659 3981 2816 4046 jUxta
2855 3977 3184 4042 ecclesiam;
3221 3976 3319 4028 ha-

1749 4075 1866 4127 buit
1915 4088 2134 4143 quoque
2179 4089 2396 4126 servum
2441 4073 2532 4142 qni
2585 4071 2634 4126 ei
2689 4071 3056 4124 ministrabat.
3115 4066 3320 4122 Viden:

1750 4176 1950 4220 autem
1975 4169 2260 4236 presbyter
2294 4165 2661 4218 inlirn‘iitatem
2695 4163 2834 4232 ejus,
2873 4177 2996 4216 cum
3037 4161 3320 4216 didicisset

1749 4276 1911 4331 quam
1947 4259 2230 4329 splendide
2259 4259 2484 4312 vixisset
2528 4257 2678 4322 olim,
2719 4255 2981 4326 quidquid
3013 4253 3322 4324 conquisie-

1747 4364 1854 4417 rat,
1895 4361 1988 4408 aut
2015 4353 2080 4406 ad
2117 4352 2407 4407 ecclesiam
2453 4351 2692 4405 delatum
2731 4349 2932 4411 fuerat,
2969 4350 3217 4402 mittebat
3249 4350 3320 4404 ei.

115 4451 193 4522 ῐττι
239 4457 290 4508 ἐν
339 4457 574 4528 Σκὴτει,
625 4456 812 4524 γέγονε
855 4454 1160 4525 διορατικὺς
1205 4453 1298 4505 καὶ
1333 4451 1646 4520 ὀνομαστός.

1754 4449 1804 4502 Is
1827 4463 1921 4519 per
1939 4461 2114 4500 annos
2138 4445 2328 4515 viginti
2348 4446 2588 4514 quinque
2613 4445 2812 4498 mansit
2831 4442 2885 4496 in
2905 4441 3074 4507 Seeti,
3095 4439 3328 4494 exstitit-

129 4543 348 4610 Ἀκούσας
371 4549 427 4602 δέ
457 4567 545 4611 τις
565 4547 672 4600 τῶν
700 4547 950 4616 μεγάλων
976 4547 1286 4614 Αἰγυπτίων
1312 4544 1440 4615 περὶ
1461 4542 1648 4608 αὐτοῦ,

117 4631 248 4705 ἦλθεν
277 4641 396 4692 ἰδεῖν
427 4641 612 4702 αὐτὸν,
647 4637 958 4709 προσδοκῶν
999 4637 1318 4706 σωματικήν
1347 4651 1468 4686 τινα
1503 4633 1651 4687 πολι-

119 4727 238 4781 τείαν
285 4732 671 4802 περισσοτέραν
726 4731 906 4799 εύρεῖν
945 4731 1004 4781 ἐν
1056 4726 1223 4797 αὐτῷ.
1285 4723 1552 4778 Εἰσελθὼν
1592 4725 1650 4778 δὲ

119 4821 360 4887 ἠσπάσατο
397 4824 590 4877 αὐτόν’
647 4823 742 4875 καὶ
785 4823 1111 4893 ποιήσαντες
1161 4818 1326 4888 εὐχὴν
1364 4817 1646 4870 ἐκάθισαν.

119 4901 280 4960 Βλέπει
312 4910 364 4962 δέ
415 4912 578 4964 αὑτὸν
609 4911 636 4961 ὁ
667 4908 958 4977 Αἰγύπτιος
1002 4907 1266 4979 φοροῦντα
1305 4908 1492 4977 ἱμάτια
1517 4923 1649 4974 τρυ-

119 4999 253 5068 φερὰ,
279 5003 364 5055 καὶ
389 5003 682 5074 χαρὰδριον
701 5001 812 5072 (28)
843 5001 937 5054 καὶ
964 5001 1140 5072 δέρμα
1172 5000 1428 5052 ὑποκάτω
1457 4998 1646 5062 αὐτοῦ,

177 5153 212 5184 ³³
237 5152 352 5216 Pro,
393 5173 446 5208 τι
505 5155 614 5206 τῶν
672 5155 874 5218 κακῶν,
926 5155 996 5206 al.
1045 5153 1281 5207 τοιοῦτον
1329 5153 1518 5206 κακόν.

121 5217 245 5276 “Al.
272 5227 418 5296 πρός.
490 5225 670 5296 “:AI,
697 5227 868 5279 inser.
903 5226 1095 5296 μέγας
1110 5223 1414 5296 γενόμενος
1445 5222 1518 5296 τοί

231 5265 245 5276 ι
272 5242 418 5278 ποθί.

123 5303 247 5356 mn,
283 5293 364 5348 f9.
441 5296 491 5330 ⁸³
517 5295 715 5350 Ezech.
752 5293 915 5359 ινιιι,
938 5293 1028 5361 5‘2,
1069 5294 1179 5357 2'5;
1211 5309 1402 5358 κχιιιι,
1447 5294 1531 5345 Η.

179 5449 273 5518 (Ξθ)
313 5451 456 5517 Τοὺς
481 5451 580 5520 διὰ
627 5451 948 5520 μετανοίας
974 5449 1066 5520 *τὰ
1115 5447 1413 5520 πρότερονΔ
1444 5444 1649 5520 αὐτοῖς

121 5516 448 5589 ἐπταισμένα
475 5516 956 5590 διορθουμένους.
974 5517 1091 5572 Hoc
1109 5528 1212 5581 est,
1237 5517 1454 5588 Pelagio
1484 5517 1650 5590 inter-

126 5587 354 5659 pretante,
383 5606 472 5644 eos
501 5587 589 5659 qui
624 5587 726 5658 per
755 5591 1116 5656 penitentiam
1162 5587 1440 5642 emendant
1467 5587 1651 5659 priora

125 5661 304 5715 edicta.
325 5655 570 5714 Proclive
597 5655 700 5714 fuit
723 5655 1007 5716 emendant
1029 5667 1240 5714 vertere
1262 5659 1317 5714 in
1341 5655 1647 5713 entundant.

185 5729 276 5800 pm
322 5727 424 5786 vn.
459 5729 614 5784 Patr.
646 5747 704 5788 ι.
738 5731 827 5784 76.

1596 5151 1642 5183 “
1662 5150 1758 5222 7A].
1774 5221 1779 5222 ί
1793 5149 1962 5222 πάσῃᾼ
1976 5145 2318 5222 παρανομίᾳ..

490 5226 536 5257 ³⁵
559 5225 646 5278 AI.
697 5212 872 5279 inser;
903 5226 1076 5294 μέγας
1121 5223 1414 5293 γενόμενος
1445 5221 1539 5274 τοῦ
1581 5239 1648 5274 πα

1754 5221 1864 5273 ίου.
1914 5212 1991 5250 ”⁵⁶
2028 5212 2114 5271 Al.
2142 5212 2246 5271 ins.
2273 5212 2316 5268 ’ὁ
2358 5216 2509 5278 Θεύς.
2582 5215 2627 5247 ³⁷
2660 5213 2804 5268 Psal.
2829 5227 2926 5267 cut
2977 5212 3066 5270 24.
3140 5212 3198 5245 ⁸⁸⁷
3221 5213 3327 5268 isa.

1754 4557 1861 4612 que
1903 4541 2254 4611 dignoscendi
2287 4539 2462 4609 gratia
2513 4537 2804 4608 praeditus,
2844 4549 3054 4589 necnon
3104 4532 3324 4585 nomine

1747 4633 2010 4688 celebris.
2047 4631 2218 4684 Porro
2243 4631 2540 4684 nonnullus
2571 4642 2886 4698 magnorum
2916 4625 3321 4695 183yptiornm,

1757 4726 1986 4780 audiens
2021 4725 2088 4779 de
2129 4724 2244 4786 illo,
2292 4723 2525 4776 accessit
2557 4729 2615 4774 ut
2646 4719 2884 4779 videret,
2918 4717 3210 4770 arbitratus
3240 4714 3324 4768 in-

1753 4823 2046 4868 venturum
2078 4828 2136 4867 se
2169 4814 2222 4867 in
2245 4811 2466 4865 homine
2495 4823 2811 4878 corpoream
2841 4808 3082 4876 aliquam
3105 4806 3324 4862 vivendi

1753 4905 2016 4958 rationem
2053 4902 2568 4958 extraordinariam.
2607 4899 2792 4969 Itaque
2827 4899 3127 4969 ingressus,
3179 4897 3328 4952 salu-

1751 4997 1890 5050 tavit
1937 5010 2095 5056 eum,
2151 4995 2402 5063 factaque
2453 5007 2647 5064 prece,
2697 4989 3088 5045 consederunt.
3135 4987 3327 5045 Cernit

2395 5146 2442 5178 ⁸³
2473 5147 2558 5199 ΑΙ.
2619 5145 2785 5197 inser.
2846 5142 2956 5196 τῶν
2991 5141 3325 5213 ὀφθαλμῶν.

1829 5441 1942 5513 (28)
1981 5441 2329 5512 Χαράδριον.
2363 5440 2536 5513 Vertit
2559 5438 2808 5513 Pelagius
2835 5441 2890 5492 in
2915 5437 3074 5513 libris
3098 5436 3327 5513 impres-

1757 5508 1974 5578 sis’hi'c,
2007 5508 2228 5567 mimum
2262 5513 2342 5566 vel
2381 5511 2572 5565 budam
2600 5511 2664 5562 de
2688 5508 2922 5580 papyro.
2949 5508 3054 5562 Sed
3072 5509 3330 5580 antiquus

1758 5586 1928 5639 codex
1961 5575 2285 5638 monasterii
2315 5581 2663 5637 Corbeiensis
2683 5575 2870 5643 habet,
2905 5579 3116 5648 byrsam
3149 5575 3215 5630 de
3231 5591 3316 5646 pa-

1757 5669 1906 5724 pyro.
1952 5653 2369 5711 Suessionensis
2402 5660 2605 5718 autem,
2635 5651 2830 5705 budam
2864 5653 2928 5704 de
2951 5662 3172 5718 papyro.
