3828 6304
448 303 548 362 337

1560 292 1892 350 APPENDIX
1938 293 2027 348 AD
2061 287 2479 346 PALLADIUM.

3597 279 3716 334 5‘89-

451 415 740 485 A‘Zgyptius
787 413 936 466 illum
974 409 1222 464 delicatis
1250 409 1494 464 vestibus
1536 408 1806 468 indutum,
1857 419 2019 477 atque

2142 408 2216 461 ιαὶ
2247 401 2681 476 προσκεφάλαιον
2709 399 2929 470 μικρὸν
2964 399 3156 469 ἔχοντα
3183 400 3235 453 δὲ
3265 401 3360 453 καὶ
3387 401 3516 462 τοὺς
3535 400 3701 462 πόδας

451 519 672 562 inattam
705 522 767 558 ac
799 506 987 575 pellem
1028 503 1133 554 sub
1175 517 1258 563 eo,
1307 501 1432 554 item
1473 515 1699 569 parvum
1738 502 2018 569 pulvinar;

454 599 520 652 ad
570 599 681 650 haec
728 598 929 648 nitidos
972 595 1173 645 lialn-re
1208 591 1373 660 pedes
1419 607 1542 645 eum
1599 590 1881 645 sandaliis.
1927 589 2021 644 llis

450 681 612 749 visis,
643 685 960 738 scandalum
999 698 1195 750 passus
1224 689 1328 742 est,
1363 680 1506 749 quod
1537 695 1602 733 eo
1637 680 1742 734 loci
1771 696 1875 734 non
1901 681 2023 734 talis

454 787 607 834 esset
644 777 837 846 agendi
872 775 1031 840 ratio,
1067 773 1161 828 sed
1189 775 1374 843 potius
1407 775 1528 827 vita:
1557 773 1811 828 durities.
1847 773 2020 828 Senex

451 877 653 928 autem,
689 875 876 936 utpote
908 865 1244 935 perspicacia
1269 864 1528 926 donatus,
1557 865 1822 918 intellexit
1849 865 2021 933 ipsum

450 959 716 1014 offensum
745 1000 760 1022 ,
800 959 983 1027 aitque
1032 957 1287 1010 ministro
1336 973 1474 1010 suo:
1520 954 1626 1010 Fac
1675 958 1833 1010 nobis
1884 957 2027 1010 hunc.

450 1054 592 1106 diem
634 1051 851 1109 festum,
892 1056 1114 1118 propter
1156 1048 1433 1102 abbatem.
1468 1047 1595 1100 Erat.
1628 1063 1792 1116 porro
1822 1049 1895 1102 illi
1934 1065 2029 1118 pa-

449 1161 570 1198 rum
620 1143 815 1204 oleris;
866 1149 920 1194 et
963 1141 1152 1202 coxit,
1208 1155 1444 1208 cumque
1491 1150 1702 1208 tempus
1751 1139 2026 1201 venisset.

449 1241 756 1301 surgentes.
778 1218 1164 1282 ‘comederunt.
1205 1227 1405 1279 Ilabiiit
1432 1227 1594 1278 etiam
1630 1241 1796 1280 senex
1832 1241 2026 1295 parum

448 1325 559 1376 viiii
604 1332 824 1391 propter
859 1319 1230 1372 inﬁrmitatem
1287 1333 1486 1383 suam;
1543 1318 1690 1387 quod
1751 1318 2025 1372 biberunt.

453 1413 629 1484 thue
660 1429 886 1482 vespera
935 1411 1175 1472 advenit,
1219 1412 1523 1465 recitarunt
1553 1410 1841 1464 duodecim
1883 1409 2029 1478 psal-

449 1521 590 1567 mos.
616 1518 803 1574 postea
829 1506 1012 1559 ierunt
1031 1504 1298 1557 cubitum.
1331 1502 1453 1556 Pari
1481 1504 1640 1556 modo
1665 1514 1847 1555 nocui.
1876 1501 2030 1556 Mane

452 1610 582 1651 vero
614 1612 845 1666 surgens
875 1595 1189 1665 ngyptius,
1233 1595 1364 1647 dicit
1389 1595 1438 1648 ei
1467 1612 1480 1647 :
1509 1591 1616 1648 Ora
1649 1609 1746 1662 pro
1781 1608 1886 1646 me.
1928 1595 2028 1645 At-

451 1707 557 1757 que
588 1691 742 1746 exiit.
788 1689 931 1743 iiii‘.la
967 1698 1219 1757 percepta
1254 1689 1506 1740 utilitate.
1544 1686 1813 1740 Caeterum
1857 1701 2031 1754 pauco

2124 496 2396 564 καθαροὺς
2439 494 2577 564 μετὰ
2612 493 2941 544 σανδαλίων·
2973 493 3068 545 καὶ
3084 491 3256 546 ταῦτα
3288 492 3410 545 ἰδὼν
3443 492 3702 544 ἐσκανδα-

2124 589 2301 659 λίσθη,
2333 589 2411 640 ὅτι
2448 589 2507 638 ὲν
2527 585 2603 655 τῷ
2622 585 2771 654 τόπῳ
2805 587 2900 654 οὐχ
2932 586 3144 655 ὑπῆρχε
3183 585 3408 656 τοιαύτη
3432 584 3700 654 διαγωγὴ,

2124 678 2258 732 ἀλλὰ
2287 677 2485 746 μᾶλλον
2526 675 2932 744 σκληραγωγία.
2966 675 3068 728 Καὶ
3105 675 3408 746 διορατικὸς
3437 675 3514 728 ὣν
3552 678 3581 728 6
3613 676 3703 743 Ta"

2128 786 2237 842 ρων
2273 769 2492 836 ἐνόησεν
2519 769 2600 820 ὅτι
2643 767 3057 838 ἐσκανδαλίσθη,
3099 768 3192 819 καὶ
3217 767 3362 835 λέγει
3393 767 3472 836 τῷ
3501 768 3704 837 ὑπηρε-

2124 860 2306 912 τοῦντι
2331 859 2640 912 αὑτόνθο·⁹¹·
2666 857 2895 928 Ποίησον
2921 860 3049 928 ἡμῖν
3081 859 3270 929 ἑορτὴν
3299 859 3388 911 διὰ
3412 859 3502 910 τὸν
3534 859 3705 912 ἀϐϐᾶν

2129 952 2194 1020 σή
2205 967 2386 1021 μερον.
2420 950 2726 1020 Εὐκαίρησε
2748 950 2804 1002 δὲ
2845 951 3039 1020 μικρὸν
3076 949 3329 1021 λάχανον,
3363 951 3457 1003 καὶ
3484 949 3668 1020 ἥψησε
3688 971 3700 982 -

2129 1043 2223 1095 καὶ
2250 1045 2314 1112 τῇ
2346 1041 2464 1114 ὥρᾳ
2514 1042 2842 1105 ἀναστάντες
2883 1042 3103 1110 ἔφαγον.
3138 1039 3263 1114 Εἶχε
3302 1044 3357 1096 δὲ
3390 1044 3484 1096 καὶ
3513 1042 3704 1113 μικρὸν

2127 1130 2267 1187 οἶνον
2294 1134 2382 1187 διὰ
2414 1134 2513 1205 τὴν
2550 1133 2833 1186 ἀσθένειαν
2865 1134 3028 1187 αὑτοῦ
3073 1135 3103 1186 6
3146 1135 3358 1204 γέρων·
3394 1134 3488 1188 καὶ
3530 1135 3701 1187 ἔπιον.

2131 1223 2236 1278 Καὶ
2290 1225 2366 1287 ὡς
2421 1225 2636 1292 ἐγένετο
2679 1224 2797 1293 ὀψὲ,
2833 1223 3021 1277 ἔϐαλον
3048 1227 3173 1289 τοὺς
3198 1225 3402 1278 δώδεκα
3433 1225 3704 1295 ψαλμοὺς,

2131 1319 2224 1371 καὶ
2252 1317 2624 1389 ἐκοιμήθησαν
2641 1333 2654 1348 ·
2685 1317 2884 1388 ὁμοίως
2908 1318 2964 1370 δὲ
2992 1319 3087 1371 καὶ
3112 1319 3211 1390 τὴν
3239 1319 3429 1372 νύκτα.
3447 1320 3708 1382 Ἀναστὰς

2129 1406 2188 1460 δὲ
2225 1408 2284 1460 τὸ
2318 1410 2362 1440 ⁸³
2393 1407 2537 1478 πρωῒ
2562 1410 2589 1461 6
2615 1408 2928 1477 Αἰγύπτιος,
2974 1407 3122 1474 λέγει
3157 1408 3338 1479 αὐτῷ·
3372 1405 3540 1473 Εὗξαι
3574 1410 3708 1478 ὑπὲρ

2133 1500 2289 1571 ἐμοῦ.
2347 1503 2457 1554 Καὶ
2523 1499 2716 1570 ἐξῆλθε
2769 1501 2842 1571 μὴ
2877 1499 3197 1570 ὼφεληθείς.
3234 1501 3344 1553 Καὶ
3381 1501 3458 1565 ὠς
3500 1501 3708 1571 arri,le

2137 1594 2352 1664 μικρὸν,
2381 1593 2549 1646 θέλων
2567 1596 2594 1646 6
2613 1594 2791 1666 γέρων
2815 1593 3092 1662 ὠφελῆσαι
3114 1593 3293 1654 αὐτὸν,
3333 1593 3558 1664 πέμψας
3584 1611 3710 1663 μετ-

2133 1685 2428 1737 εκαλέσατο
2475 1685 2671 1738 αὐτόν·
2729 1684 2822 1736 καὶ
2873 1685 2946 1747 ὡς
2992 1679 3143 1754 ἦλθε,
3183 1684 3320 1754 μετά
3348 1685 3521 1756 χαρᾶς
3553 1684 3710 1738 πάλιν

453 1788 578 1849 post
609 1781 757 1833 illius
786 1778 1090 1833 discessum
1127 1787 1392 1846 tempore.
1437 1793 1605 1831 senex
1651 1777 1748 1846 qui
1792 1777 1951 1830 vellet
1981 1777 2029 1830 ei

2142 1777 2349 1844 ἐδέξατο
2403 1776 2601 1840 αὐτὸν,
2675 1777 2771 1829 καὶ
2831 1773 3186 1845 ἐπηρώτησεν
3246 1776 3444 1832 αὑτὸν.
3496 1776 3708 1843 λέγων·

455 1887 579 1925 esse
619 1872 790 1933 utilis,
832 1872 1054 1924 mittens
1107 1871 1384 1922 revocavit
1427 1885 1572 1923 eum.
1631 1867 1696 1922 Et
1746 1879 2031 1938 postquam

454 1964 730 2025 rediisset,
760 1965 955 2014 iterum
992 1970 1234 2030 suscepit
1258 1962 1408 2013 illum
1442 1961 1628 2024 laetus;
1664 1969 1774 2013 tum
1809 1960 2036 2012 interro-

453 2055 631 2120 gavit,
673 2055 775 2106 hoc
821 2063 976 2122 pacto
1009 2073 1020 2106 :
1050 2053 1220 2120 Cujus
1263 2053 1501 2122 regionis
1544 2053 1646 2107 es?
1686 2050 2030 2121 Respondit:

455 2145 745 2216 ASgyptius
776 2162 919 2199 sum.
961 2145 1129 2213 Cujus
1161 2161 1286 2198 vero
1330 2144 1518 2198 urbis?
1557 2145 1687 2198 Ille:
1723 2143 1834 2214 Ego
1879 2144 2036 2212 plane

454 2256 517 2291 ex
556 2240 692 2292 urbe
737 2254 844 2291 non
891 2254 1033 2291 suni.
1081 2235 1311 2303 Rogavit
1351 2236 1683 2298 :Oiiodnam
1732 2245 1850 2289 erat
1897 2250 2036 2302 opus

455 2336 608 2380 tuum
661 2329 715 2382 in
765 2339 858 2382 tuo
909 2327 1071 2382 vico?
1107 2327 1370 2397 Excepit:
1416 2327 1575 2382 Eram
1630 2335 1841 2382 custos.
1899 2329 2033 2379 Ait:

455 2417 686 2472 Ubinam
718 2418 1063 2473 dormiebas?
1096 2417 1222 2469 Ille:
1252 2415 1306 2470 lii
1340 2434 1492 2487 agro.
1528 2417 1803 2480 Habuisti,
1834 2416 2034 2485 inquit,

455 2512 689 2564 stratum
731 2511 835 2564 sub
877 2510 965 2564 te?
1013 2509 1356 2580 Responsum
1402 2509 1595 2562 dedit:
1637 2508 1878 2568 Scilicet,
1924 2510 2036 2560 ruri

457 2601 759 2669 stragulum
829 2600 1132 2668 posuissem
1205 2599 1308 2653 sub
1383 2599 1504 2652 me?
1561 2596 1665 2652 Sed
1731 2597 2038 2664 quomodo?

459 2690 639 2745 Humi.
695 2692 891 2744 lterum
925 2690 1204 2743 Romanus
1246 2688 1638 2758 interrogavit:
1669 2687 1734 2740 Et
1761 2703 1871 2755 quo
1918 2698 2038 2739 ute-

457 2783 609 2836 liaris
640 2782 764 2834 cibo
791 2781 844 2833 iii
881 2796 1030 2850 agro,
1067 2788 1160 2832 aut
1190 2779 1335 2849 quod
1369 2783 1551 2832 vinum
1586 2779 1847 2833 bibebas?
1875 2778 2040 2847 A‘ng-

459 2871 605 2941 ptius
655 2884 849 2922 rursus
899 2869 1213 2936 respondit:
1247 2867 1413 2923 Estne
1455 2867 1613 2921 cibus
1656 2867 1739 2920 vel
1789 2875 1949 2935 potus
1985 2868 2036 2923 in

461 2957 625 3026 agro?
650 2955 960 3011 Romanus:
990 2955 1091 3011 Sed
1119 2958 1392 3026 quomodo
1443 2956 1702 3010 vivebas?
1730 2954 2035 3025 Egyptius:

463 3050 854 3104 Manducabam
889 3065 1079 3119 panem
1110 3033 1341 3113 siccum,
1381 3064 1618 3118 eumque
1659 3057 1902 3117 poteram
1931 3049 2040 3102 sal-

461 3142 696 3197 samenti
758 3157 990 3211 parum,
1054 3142 1302 3197 bibebam
1357 3151 1537 3196 autem
1593 3157 1812 3209 aquam.
1862 3143 2036 3195 Senex
2068 3128 2109 3184 ο

462 3231 745 3285 Romanus
774 3250 785 3284 :
812 3230 1038 3301 Magnus
1071 3232 1241 3285 labor.
1277 3231 1444 3286 Estne
1485 3248 1612 3286 vero
1648 3233 1701 3286 in
1739 3247 1877 3303 pago
1922 3232 2042 3286 bal-

462 3340 647 3388 neum,
677 3333 735 3378 ut
769 3325 1058 3378 lavemiiii?
1089 3323 1375 3396 [Egyptius
1402 3344 1414 3378 :
1442 3324 1823 3395 Nequaquam,
1865 3325 1962 3380 sed
1989 3325 2041 3378 in

465 3418 652 3481 ﬂuvio,
684 3419 906 3486 quando
942 3419 1095 3474 libet.
1131 3418 1423 3488 Postquam
1455 3435 1584 3490 ergo
1623 3421 1836 3488 excepit
1880 3437 1945 3474 ex
1979 3435 2046 3474 eo

467 3528 630 3566 senex
680 3513 793 3565 haec
840 3513 1044 3576 omnia,
1101 3511 1400 3581 didicitque
1450 3513 1652 3581 prioris
1695 3515 1820 3566 vita:
1871 3514 2046 3582 ipsius

465 3619 759 3665 aerumnas,
790 3604 1017 3670 cupiens
1038 3604 1087 3656 ei
1113 3604 1392 3672 prodesse,
1425 3603 1668 3656 narravit
1695 3603 1893 3668 prioris
1918 3604 2044 3657 vita:

467 3710 579 3749 sua:
613 3695 666 3748 in
699 3695 900 3748 saaculo
944 3703 1175 3753 statum;
1223 3693 1466 3748 referens
1498 3711 1509 3746 :
1548 3693 1629 3747 Me
1682 3693 1854 3757 vides,
1893 3694 2046 3748 nihili

468 3786 777 3851 hominem;
817 3799 1066 3854 magnam
1103 3786 1292 3840 urbem
1325 3784 1549 3838 Romam
1582 3785 1815 3855 patriam
1849 3785 2044 3850 habeo,

467 3887 581 3931 tum
615 3893 847 3948 magnus
881 3878 1066 3933 exstiti
1105 3878 1160 3930 in
1204 3878 1402 3946 palatio
1451 3877 1814 3946 imperatoris.
1850 3875 1921 3931 Ut
1951 3893 2048 3932 au-

468 3979 578 4021 tem
612 3968 821 4022 audivit
859 3967 1149 4038 Egyptius
1195 3969 1466 4022 sermonis
1514 3968 1751 4033 initium,
1793 3983 2050 4039 compun-

469 4058 650 4111 etione
670 4067 842 4112 tactus
860 4069 963 4120 est.
984 4058 1440 4126 auscultabatque
1463 4059 1653 4114 sedulo
1677 4075 1797 4128 qua:
1818 4059 2044 4115 diceret.

471 4147 672 4202 lterum
701 4150 775 4200 ait
806 4149 854 4202 ei
884 4168 896 4201 :
924 4148 1131 4203 ltelicta
1163 4165 1293 4218 ergo
1342 4149 1502 4211 Urbe.
1539 4150 1661 4204 veni
1708 4151 1762 4204 in
1799 4151 2048 4205 solitudi-

471 4257 595 4294 nem
630 4241 791 4293 hanc.
826 4239 908 4294 Me
951 4256 1146 4296 rursus
1179 4257 1338 4310 quem
1374 4241 1558 4305 vides,
1591 4257 1819 4313 magnas
1856 4244 2049 4300 domos

471 4333 714 4401 possedi,
765 4348 896 4400 opes
945 4332 1184 4386 inultas:
1229 4334 1667 4403 contemptisque
1715 4335 1846 4397 illis,
1904 4335 2048 4388 subii

474 4440 695 4495 parvam
735 4425 926 4478 cellam
985 4424 1143 4478 lianc.
1198 4423 1310 4494 Ego
1363 4425 1570 4490 adhuc,
1619 4441 1779 4496 quem
1831 4427 2046 4492 cernis,

475 4517 647 4569 lectos
684 4515 847 4568 lialnii
878 4531 943 4569 ex
977 4530 1110 4568 auro
1155 4515 1350 4576 solido,
1383 4517 1641 4585 pretiosis
1672 4518 1934 4588 stragulis
1961 4533 2050 4573 or-

474 4615 669 4672 natos;
707 4622 804 4675 pro
842 4606 1044 4674 quibus
1082 4604 1223 4660 Deus
1257 4606 1404 4660 dedit
1449 4607 1608 4661 istam
1651 4616 1872 4661 mattam
1923 4624 2048 4662 cum

476 4697 578 4750 ista
615 4697 768 4766 pelle.
817 4696 895 4750 Ad
933 4699 1078 4760 haec,
1125 4697 1448 4752 vestimenta
1496 4714 1616 4753 mea
1661 4700 1842 4768 magni
1891 4699 2052 4768 pretii

476 4797 668 4851 erant;
707 4797 761 4844 et
791 4805 892 4858 pro
927 4790 1054 4851 illis,
1089 4798 1241 4860 gesto
1271 4790 1385 4844 lizec
1420 4790 1565 4842 vilia.
1600 4790 1752 4853 lieni,
1787 4793 1851 4845 ad
1889 4807 2052 4860 pran-

478 4881 627 4932 dium
681 4896 895 4943 iueum,
947 4882 1063 4934 aiiri
1113 4883 1342 4934 multum
1405 4881 2050 4950 iiiipeiidebatiir;cujiis

480 4972 597 5024 vice
632 4971 820 5023 tribuit
853 4971 983 5024 milii
1019 4970 1160 5026 Deus
1207 4972 1308 5025 lioc
1350 4971 1656 5025 olusculum
1707 4980 1871 5041 atque
1904 4974 2049 5026 hunc

483 5075 710 5128 parvum
745 5061 854 5114 vini
893 5062 1136 5115 calicem.
1173 5061 1340 5114 Erant
1373 5069 1631 5130 praterea
1677 5065 2049 5119 ministrantes

485 5152 637 5220 pueri
677 5153 866 5216 multi;
901 5161 955 5206 et
991 5169 1117 5207 ecce
1149 5154 1363 5206 illorum
1395 5155 1535 5217 loco,
1578 5156 1862 5224 inspiravit
1906 5156 2048 5212 Deus

484 5241 614 5293 liiiic
659 5242 776 5294 seni
810 5253 868 5294 ut
898 5243 1170 5296 ministret
1215 5245 1363 5297 milii.
1398 5243 1624 5316 Insuper
1670 5247 1787 5301 vice
1832 5247 2047 5312 balnei,

489 5346 678 5400 parum
721 5347 872 5401 aqua:
906 5334 1062 5385 mitto
1099 5335 1150 5386 in
1190 5335 1357 5404 pedes
1385 5352 1564 5400 meos;
1608 5339 1849 5393 sandalia
1886 5339 2048 5393 etiam

485 5441 616 5495 gero
656 5427 726 5478 ob
762 5425 1110 5479 debilitatem.
1167 5425 1374 5489 Itidem.
1421 5431 1473 5482 in
1519 5430 1695 5483 locum
1729 5431 1965 5484 musices
1997 5440 2051 5484 et

487 5533 836 5587 organorum,
874 5516 1089 5587 profero
1139 5518 1422 5572 duodecim
1471 5521 1728 5589 psalmos.
1786 5519 2050 5573 Similiter

558 5671 673 5702 ’M‘
717 5670 799 5724 Al.
855 5669 1019 5739 αὐτῷ.
1100 5671 1143 5703 ’³
1174 5671 1258 5724 Al.
1306 5671 1402 5741 τῷ.

2134 1872 2300 1932 Ποίας
2351 1873 2534 1942 χώρας
2585 1865 2669 1934 εἷς
2729 1868 2839 1922 Καὶ
2913 1867 3089 1937 λέγει·
3175 1865 3488 1937 Αἰγύπτιος.
3547 1868 3713 1932 Ποίας

2133 1963 2190 2015 δὲ
2220 1962 2427 2025 πόλεως
2454 1979 2468 2025 ;
2509 1963 2567 2015 '0
2596 1961 2650 2014 δὲ
2684 1960 2786 2030 ἔφη
2810 1976 2822 1988 ·
2855 1958 2995 2028 Ἐγὼ
3015 1961 3151 2024 ὅλως
3186 1961 3286 2013 οὐκ
3317 1959 3435 2030 εἰμὶ
3465 1958 3710 2028 πολίτης.

2137 2051 2249 2102 Kal.
2281 2051 2457 2118 λέγει·
2497 2049 2560 2102 Τί
2593 2044 2662 2119 ἦν
2696 2047 2756 2101 τὸ
2782 2047 2942 2118 ἔργον
2973 2064 3066 2100 σου
3094 2050 3174 2110 είς
3217 2049 3314 2118 τὴν
3346 2047 3540 2118 κώμην
3579 2063 3711 2109 cca;

2136 2131 2246 2197 Κάὶ
2278 2142 2425 2210 λέγει
2451 2159 2463 2170 ο
2493 2142 2770 2212 Τηρητής.
2793 2140 2900 2192 Καὶ
2937 2139 3085 2208 λέγει
3106 2157 3118 2169 ·
3159 2139 3270 2191 Ποῦ
3295 2139 3535 2209 ἑκοιμῶ;
3577 2139 3637 2192 '0
3662 2139 3717 2190 δὲ

2137 2233 2286 2287 εἶπεν
2311 2250 2322 2263 ·
2352 2235 2445 2296 Εἰς
2486 2233 2577 2286 τὸν
2604 2232 2792 2304 ἀγρόν.
2831 2227 3009 2302 Εἷχες,
3059 2235 3214 2302 φησι,
3263 2232 3556 2303 στρωμνὴν
3581 2232 3716 2283 ὑπο-

2138 2328 2286 2380 κάτω
2326 2343 2417 2378 σου
2447 2345 2460 2387 ;
2493 2326 2604 2378 Καὶ
2660 2325 2805 2392 λέγει
2830 2342 2842 2354 '
2895 2327 3022 2391 Ναὶ,
3058 2327 3139 2388 εἰς
3165 2325 3332 2396 ἀγρὸν
3357 2321 3500 2395 εἶχον
3547 2325 3718 2378 θεῖναι

2140 2417 2366 2489 στρῶμα
2400 2417 2656 2469 ὑποκάτω
2681 2434 2818 2486 μους
2851 2417 3010 2472 Ἀλλὰ
3037 2417 3188 2482 πῶςζ
3221 2413 3357 2470 Εῐπε
3378 2418 3435 2470 δέ
3458 2434 3471 2446 ·
3503 2419 3712 2487 Χαμαί.

2138 2511 2299 2578 Λέγει
2327 2509 2474 2578 αὐτῷ
2495 2509 2654 2562 πάλιν
2672 2527 2685 2540 ο
2702 2503 2811 2562 Ka‘i.
2830 2509 2882 2562 τι
2903 2505 3046 2578 εἶχες
3073 2509 3265 2580 βρῶμα
3290 2511 3371 2572 εἰς
3392 2510 3484 2562 τὸν
3514 2511 3714 2581 ἀγρίης

2137 2600 2170 2669 ἢ
2197 2601 2347 2651 ποῖον
2369 2595 2509 2651 οἶνον
2533 2599 2715 2662 ἔπινες
2742 2616 2755 2663 ;
2798 2598 3095 2670 Ἀπεκρίθη
3141 2601 3329 2654 πάλινο
3367 2602 3484 2653 Ἔνι
3521 2600 3717 2672 βρῶμα

2138 2691 2171 2759 ἢ
2215 2689 2365 2760 πόμα
2394 2692 2478 2752 εἰς
2525 2691 2725 2761 ἀγρόνς
2773 2691 2931 2744 Ἀλλὰ
2974 2694 3090 2754 πῶς
3130 2691 3286 2762 ἔζηςς
3318 2693 3471 2763 φησί.
3510 2694 3676 2763 Λέγει
3701 2711 3715 2723 ·

2143 2783 2368 2835 Ἠσθιον
2403 2781 2562 2854 ξηρὸν
2611 2783 2793 2850 ἄρτον,
2847 2784 2941 2843 καὶ
2970 2786 3018 2838 εἰ
3049 2783 3303 2856 εῢρισκον
3334 2786 3532 2856 μικρὸν
3561 2789 3708 2858 rapi-

2139 2893 2244 2944 χιν,
2277 2878 2369 2928 καὶ
2421 2875 2586 2944 ὕδωρ.
2631 2876 2976 2946 Ἀποκριθεὶς
3003 2877 3059 2930 δὲ
3081 2877 3110 2928 ὁ
3137 2877 3315 2948 γέρων
3344 2874 3464 2931 εἷπε
3490 2894 3503 2908 ·
3528 2879 3718 2949 Μέγας

2141 2967 2326 3030 κόπος.
2357 2968 2474 3020 Ἕνι
2532 2968 2588 3020 δὲ
2635 2970 2728 3020 καὶ
2773 2969 3052 3038 βαλανεῖον
3109 2971 3190 3033 εἰς
3240 2970 3338 3040 τὴν
3372 2970 3596 3041 κώμην,
3635 2973 3719 3023 ἵνα

2140 3059 2401 3129 λούησθε;
2448 3062 2504 3113 '0
2536 3060 2591 3113 δὲ
2636 3056 2787 3114 εἶπεν
2814 3077 2828 3091 ⁸
2859 3061 2992 3131 Οὐχί
3012 3076 3025 3088 '
3061 3061 3196 3114 ἀλλὰ
3221 3064 3301 3125 εἰς
3333 3061 3424 3114 τὸν
3470 3063 3720 3132 ποταμὸν

2145 3150 2231 3201 ὅτε
2268 3149 2514 3220 θέλομεν.
2549 3150 2633 3212 Ὠς
2678 3147 2772 3203 οὖν
2801 3149 3052 3216 ἐξέλαϐεν
3094 3150 3140 3181 ’³
3167 3151 3328 3203 αὑτὸν
3369 3154 3397 3204 6
3426 3150 3605 3222 γέρων
3643 3154 3721 3212 εἰς

2145 3238 2318 3292 ταῦτα
2364 3240 2564 3302 πάντα,
2621 3241 2714 3292 καὶ
2751 3240 2920 3310 ἔμαθε
2969 3237 3062 3292 τοῦ
3111 3240 3375 3312 προτέρου
3406 3240 3521 3309 βίου
3556 3240 3721 3293 αὑτοῦ

2146 3330 2243 3401 τὴν
2274 3330 2474 3400 euq/iv.
2513 3331 2684 3384 θέλων
2714 3332 2873 3384 αὑτὸν
2903 3331 3216 3401 ὠφελῆσαι,
3241 3331 3541 3402 διηγήσατο
3573 3331 3722 3401 αὑτῷ

2145 3421 2243 3492 τὴν
2291 3422 2561 3493 προτέραν
2613 3422 2778 3476 αὑτοῦ
2833 3422 3111 3493 διαγωγὴν
3154 3423 3253 3492 τὴν
3302 3424 3360 3473 ἐν
3388 3421 3466 3490 τῷ
3503 3422 3719 3490 κόσμῳ,

2146 3512 2319 3581 λέγων
2341 3531 2354 3544 ν
2411 3514 2541 3584 Ἐμὲ
2563 3514 2654 3566 τὸν
2688 3513 2943 3566 ταπεινὸν
2974 3513 3032 3565 ὃν
3061 3513 3298 3583 βλέπεις,
3332 3514 3394 3565 ὲκ
3416 3514 3514 3581 τῆς
3553 3515 3723 3582 μεγάο

2148 3603 2244 3673 λης
2275 3604 2483 3667 πόλεως
2526 3603 2745 3675 Ῥώμης
2778 3604 2914 3674 εἰμὶ,
2972 3604 3068 3656 καὶ
3119 3604 3288 3673 μέγας
3325 3605 3521 3672 γέγονα
3556 3607 3636 3667 εἰς
3667 3606 3724 3656 τὸ

2149 3697 2410 3750 παλάτιον
2441 3697 2536 3749 τοῦ
2573 3695 2858 3766 βασιλέως.
2896 3697 3008 3748 Kal.
3038 3697 3113 3759 ὡς
3133 3696 3332 3766 ἤκουσε
3365 3699 3393 3748 6
3421 3695 3723 3758 Αἰγύπτιος

2149 3790 2246 3860 τὴν
2274 3789 2448 3860 ἀρχὴν
2479 3787 2571 3841 τοῦ
2600 3787 2780 3856 λόγου,
2805 3787 3105 3858 κατενύγη,
3137 3788 3231 3841 καὶ
3262 3788 3455 3855 ἤκουεν
3477 3788 3724 3857 ἀκριϐῶς

2149 3878 2217 3932 τὰ
2278 3878 2543 3947 λεγόμενα
2606 3877 2736 3947 παρ’
2800 3877 2988 3930 αὐτοῦ.
3038 3876 3207 3930 Πάλιν
3251 3875 3306 3928 δὲ
3348 3875 3495 3942 λέγει
3533 3876 3721 3944 αύτῷ⁴

2149 3969 2454 4024 Κατέλιπον
2488 3965 2581 4022 οὖν
2611 3969 2710 4038 τὴν
2748 3968 2923 4033 πόλιν,
2962 3967 3056 4020 καὶ
3082 3962 3245 4037 ἦλθον
3279 3967 3360 4030 εἰς
3387 3967 3486 4036 τὴν
3513 3967 3722 4038 ἔρημον

2150 4061 2378 4133 ταύτην·
2414 4062 2509 4113 καὶ
2537 4059 2698 4112 πάλιν
2736 4060 2836 4129 ἐμὲ
2873 4059 2929 4110 ὃν
2960 4057 3198 4128 βλέπεις,
3240 4057 3421 4119 οἴκους
3454 4054 3722 4127 μεγάλους

2151 4149 2293 4223 εἶχον
2317 4154 2410 4205 καὶ
2442 4155 2699 4223 χρήματα
2725 4153 2770 4183 ⁸⁸
2792 4152 2960 4206 πολλά
2980 4167 2993 4181 ⁸
3040 4153 3135 4205 καὶ
3167 4153 3594 4222 καταφρονήσας
3624 4153 3721 4204 αύ-

2151 4245 2278 4308 τῶν,
2308 4239 2470 4314 ἦλθον
2493 4247 2572 4306 εἰς
2602 4244 2661 4296 τὸ
2686 4244 2881 4314 μικρὸν
2906 4243 3114 4296 κελλίον
3133 4243 3306 4296 τοῦτο·
3328 4244 3421 4296 καὶ
3437 4243 3603 4296 πάλιν
3624 4244 3722 4311 ἐμὲ

2151 4337 2210 4389 ὃν
2243 4336 2478 4406 βλέπεις,
2513 4335 2857 4406 κραϐϐάτους
2917 4332 3062 4405 εἶχον
3109 4335 3451 4405 ὁλοχρύσους,
3497 4335 3722 4405 ἔχοντας

2154 4425 2480 4495 πολυτίμους
2509 4425 2816 4496 στρωμνάς·
2849 4426 2944 4478 καὶ
2977 4425 3090 4478 ἀντ’
3116 4426 3316 4487 αὐτῶν,
3346 4425 3547 4478 δέδωκέ
3585 4443 3675 4494 μοι
3696 4427 3722 4475 6

2152 4519 2284 4581 Θεὸς
2319 4517 2381 4570 τὸ
2405 4518 2694 4588 χαράδριον
2725 4516 2879 4570 τοῦτο
2903 4519 3074 4569 καὶτὸ
3097 4516 3271 4586 δέρμα
3294 4532 3306 4544 °
3341 4515 3498 4568 πάλιν
3535 4517 3605 4568 τὰ
3636 4517 3721 4568 ὲν-

2150 4610 2210 4663 δύ
2220 4611 2365 4680 ματά
2391 4626 2492 4680 μου
2529 4609 2726 4678 πολλῆς
2747 4610 2913 4679 τιμῆς
2936 4607 3059 4673 ἄξια
3080 4604 3148 4678 ἦν
3164 4625 3177 4638 ’
3208 4607 3301 4660 καὶ
3332 4607 3452 4660 ἀντὶ
3476 4607 3720 4668 ἐκείνων,

2151 4703 2302 4772 φορῶ
2335 4701 2404 4754 τὰ
2430 4701 2619 4770 εὐτελῆ
2649 4700 2822 4754 ταῦτα
2860 4702 3046 4770 ἱμάτια
3065 4717 3078 4729 ·
3107 4697 3268 4754 πάλιν
3295 4700 3375 4760 εἰς
3403 4697 3466 4750 τὸ
3500 4697 3723 4768 ἄριστόν

2155 4811 2258 4864 μου
2320 4793 2452 4847 πολὺ
2495 4793 2716 4863 χρυσίον
2771 4791 3125 4863 ἀνηλίσκετο·
3180 4790 3275 4842 καὶ
3321 4789 3442 4842 ἀντὶ
3485 4787 3720 4849 ἐκείνου,

2151 4885 2319 4938 ἔδωκέ
2339 4902 2427 4956 μοι
2457 4887 2484 4937 6
2519 4884 2650 4946 Θεὸς
2700 4883 2762 4936 τὸ
2794 4884 2986 4955 μικρὸν
3030 4883 3259 4952 λάχανον
3301 4880 3478 4942 τοῦτο,
3532 4881 3631 4932 καὶ
3667 4879 3725 4930 τὸ

2160 4976 2356 5046 μικρὸν
2389 4978 2644 5047 ποτήριον
2671 4975 2763 5028 τοῦ
2781 4977 2944 5032 οἴνου.
2961 4972 3138 5028 Ἦσαν
3166 4974 3222 5027 δὲ
3247 4975 3296 5026 oi.
3327 4972 3721 5043 ὑπηρετοῦντές

2159 5085 2248 5138 μοι
2280 5069 2466 5131 παῖδες
2492 5067 2707 5127 πολλοί·
2739 5068 2832 5119 καὶ
2870 5068 2976 5120 ἰδοὺ
3007 5066 3121 5120 ἀντ’
3146 5066 3390 5125 ἐκείνων,
3431 5063 3721 5125 κατένυξεν

2155 5161 2182 5210 6
2213 5159 2344 5223 Θεὸς
2375 5159 2463 5212 τὸν
2480 5159 2712 5229 γέροντα
2735 5158 2923 5210 τοῦτον
2961 5157 3299 5228 ὑπηρετῆσαί
3341 5172 3426 5225 μοι
3457 5172 3468 5182 ·
3501 5155 3629 5206 ἀντὶ
3666 5153 3720 5203 δὲ

2159 5250 2463 5320 βαλανείου,
2521 5250 2696 5320 βάλλω
2737 5251 2798 5302 τὸ
2857 5249 3048 5320 μικρὸν
3094 5248 3239 5317 ὕδωρ
3270 5249 3348 5309 εἰς
3379 5246 3502 5307 τοὺς
3556 5245 3720 5304 πόδας

2161 5356 2282 5408 μου,
2324 5341 2416 5392 καὶ
2447 5340 2512 5392 τὰ
2541 5339 2795 5392 σανδάλια
2823 5339 2909 5392 διὰ
2938 5338 3036 5408 τὴν
3068 5337 3349 5390 ἀσθένειάν
3385 5352 3486 5402 μου
3507 5352 3520 5363 °
3561 5333 3720 5385 πάλιν

2157 5431 2276 5482 ἀντὶ
2314 5431 2587 5500 μουσικῶν
2611 5433 2703 5484 καὶ
2729 5430 2987 5501 κιθαρῶν,
3023 5429 3165 5496 λέγω
3189 5429 3312 5490 τοὺς
3345 5425 3554 5479 δώδεκα
3584 5424 3719 5494 ψαλδ

2161 5521 2322 5588 μούς·
2387 5523 2585 5592 ὁμοίως
2624 5523 2716 5575 καὶ
2775 5521 2873 5592 τὴν
2905 5521 3090 5580 νύκτα,
3136 5520 3255 5572 ἀντὶ
3289 5519 3397 5572 τῶν
3436 5516 3719 5588 ἁμαρτιῶν

1481 5673 1526 5705 ⁵³
1556 5672 1641 5728 Al.
1679 5673 1949 5740 ἐξέϐαλεν.
2029 5676 2075 5708 9"
2101 5675 2182 5729 Al.
2212 5677 2530 5746 πράγματα.
