  <div class='ocr_page' id='page_1' title='image "/cluster/home/n/w/nwhite01/storage/ocr_20150623/65/hvd.32044014812317/200.png"; bbox 0 0 3828 6322; ppageno 0'>
   <div class='ocr_carea' id='block_1_1' title="bbox 149 303 234 360">
    <p class='ocr_par' dir='ltr' id='par_1_1' title="bbox 149 303 234 360">
     <span class='ocr_line' id='line_1_1' title="bbox 149 303 234 360; baseline -0.035 0"><span class='ocrx_word' id='word_1_1' title='bbox 149 303 234 360; x_wconf 69' lang='lat'><strong>539</strong></span> 
     </span>
    </p>
   </div>
   <div class='ocr_carea' id='block_1_2' title="bbox 1193 295 2143 358">
    <p class='ocr_par' dir='ltr' id='par_1_2' title="bbox 1193 295 2143 358">
     <span class='ocr_line' id='line_1_2' title="bbox 1193 295 2143 358; baseline 0.009 -8"><span class='ocrx_word' id='word_1_2' title='bbox 1193 295 1798 352; x_wconf 63' lang='lat' dir='ltr'><strong>Al’OPiiTl-IEGMATA</strong></span> <span class='ocrx_word' id='word_1_3' title='bbox 1840 299 2143 358; x_wconf 73' lang='lat' dir='ltr'><strong>PA&#39;I&#39;liL-M.</strong></span> 
     </span>
    </p>
   </div>
   <div class='ocr_carea' id='block_1_3' title="bbox 3237 301 3346 360">
    <p class='ocr_par' dir='ltr' id='par_1_3' title="bbox 3237 301 3346 360">
     <span class='ocr_line' id='line_1_3' title="bbox 3237 301 3346 360; baseline -0.018 0"><span class='ocrx_word' id='word_1_4' title='bbox 3237 301 3346 360; x_wconf 74' lang='lat'><strong>390</strong></span> 
     </span>
    </p>
   </div>
   <div class='ocr_carea' id='block_1_4' title="bbox 147 409 1657 486">
    <p class='ocr_par' dir='ltr' id='par_1_4' title="bbox 147 409 1657 482">
     <span class='ocr_line' id='line_1_4' title="bbox 147 409 1657 482; baseline -0.007 -10"><span class='ocrx_word' id='word_1_5' title='bbox 147 413 206 473; x_wconf 71' lang='grc' dir='ltr'>ὧν</span> <span class='ocrx_word' id='word_1_6' title='bbox 237 413 444 474; x_wconf 73' lang='grc' dir='ltr'>ἐποίουν,</span> <span class='ocrx_word' id='word_1_7' title='bbox 469 413 590 481; x_wconf 80' lang='grc' dir='ltr'>ἄρτι</span> <span class='ocrx_word' id='word_1_8' title='bbox 621 409 759 480; x_wconf 74' lang='grc' dir='ltr'>μετὰ</span> <span class='ocrx_word' id='word_1_9' title='bbox 782 411 1138 472; x_wconf 79' lang='grc' dir='ltr'>ἀναπαύσεως</span> <span class='ocrx_word' id='word_1_10' title='bbox 1161 409 1297 462; x_wconf 82' lang='grc' dir='ltr'>ποιῶ</span> <span class='ocrx_word' id='word_1_11' title='bbox 1327 411 1528 482; x_wconf 78' lang='grc' dir='ltr'>μικράν</span> <span class='ocrx_word' id='word_1_12' title='bbox 1559 427 1657 480; x_wconf 86' lang='grc' dir='ltr'><strong>μου</strong></span> 
     </span>
    </p>
   </div>
   <div class='ocr_carea' id='block_1_5' title="bbox 1765 409 3340 486">
    <p class='ocr_par' dir='ltr' id='par_1_5' title="bbox 1765 417 3340 486">
     <span class='ocr_line' id='line_1_5' title="bbox 1765 417 3340 486; baseline 0.008 -24"><span class='ocrx_word' id='word_1_13' title='bbox 1765 421 1949 476; x_wconf 84' lang='lat' dir='ltr'><strong>noctu,</strong></span> <span class='ocrx_word' id='word_1_14' title='bbox 1989 431 2084 484; x_wconf 84' lang='lat' dir='ltr'><strong>pro</strong></span> <span class='ocrx_word' id='word_1_15' title='bbox 2119 419 2356 484; x_wconf 85' lang='lat' dir='ltr'><strong>peccatis</strong></span> <span class='ocrx_word' id='word_1_16' title='bbox 2391 433 2512 486; x_wconf 72' lang='lat' dir='ltr'><strong>quae</strong></span> <span class='ocrx_word' id='word_1_17' title='bbox 2554 417 2986 484; x_wconf 76' lang='lat' dir='ltr'><strong>committebam,</strong></span> <span class='ocrx_word' id='word_1_18' title='bbox 3020 419 3180 474; x_wconf 86' lang='lat' dir='ltr'><strong>modo</strong></span> <span class='ocrx_word' id='word_1_19' title='bbox 3211 433 3340 474; x_wconf 91' lang='lat' dir='ltr'><strong>cum</strong></span> 
     </span>
    </p>
   </div>
   <div class='ocr_carea' id='block_1_6' title="bbox 147 498 1664 576">
    <p class='ocr_par' dir='ltr' id='par_1_6' title="bbox 147 498 1664 576">
     <span class='ocr_line' id='line_1_6' title="bbox 147 498 1664 576; baseline -0.005 -16"><span class='ocrx_word' id='word_1_20' title='bbox 147 504 458 576; x_wconf 84' lang='grc' dir='ltr'>λειτουργίαν.</span> <span class='ocrx_word' id='word_1_21' title='bbox 485 501 796 571; x_wconf 82' lang='grc' dir='ltr'>Παρακαλῶ</span> <span class='ocrx_word' id='word_1_22' title='bbox 817 498 912 556; x_wconf 77' lang='grc' dir='ltr'>οὖν</span> <span class='ocrx_word' id='word_1_23' title='bbox 947 519 1028 566; x_wconf 86' lang='grc' dir='ltr'><strong>σε,</strong></span> <span class='ocrx_word' id='word_1_24' title='bbox 1061 501 1228 564; x_wconf 69' lang='grc' dir='ltr'><strong>ἁῆὅᾶ,</strong></span> <span class='ocrx_word' id='word_1_25' title='bbox 1265 502 1340 573; x_wconf 84' lang='grc' dir='ltr'>μὴ</span> <span class='ocrx_word' id='word_1_26' title='bbox 1375 501 1664 555; x_wconf 74' lang='grc' dir='ltr'>σκανδαλιο</span> 
     </span>
    </p>
   </div>
   <div class='ocr_carea' id='block_1_7' title="bbox 147 593 1661 666">
    <p class='ocr_par' dir='ltr' id='par_1_7' title="bbox 147 593 1661 666">
     <span class='ocr_line' id='line_1_7' title="bbox 147 593 1661 666; baseline -0.005 -15"><span class='ocrx_word' id='word_1_27' title='bbox 147 597 250 666; x_wconf 80' lang='grc' dir='ltr'>σθῇς</span> <span class='ocrx_word' id='word_1_28' title='bbox 277 597 349 658; x_wconf 80' lang='grc' dir='ltr'>εἰς</span> <span class='ocrx_word' id='word_1_29' title='bbox 373 595 467 663; x_wconf 82' lang='grc' dir='ltr'><strong>τὴν</strong></span> <span class='ocrx_word' id='word_1_30' title='bbox 522 593 806 647; x_wconf 77' lang='grc' dir='ltr'>ἀσθένειάν</span> <span class='ocrx_word' id='word_1_31' title='bbox 847 610 967 662; x_wconf 86' lang='grc' dir='ltr'>μου.</span> <span class='ocrx_word' id='word_1_32' title='bbox 1025 593 1210 646; x_wconf 78' lang='grc' dir='ltr'>Ταῦτα</span> <span class='ocrx_word' id='word_1_33' title='bbox 1247 594 1486 656; x_wconf 84' lang='grc' dir='ltr'>ἀκούσας</span> <span class='ocrx_word' id='word_1_34' title='bbox 1512 596 1540 646; x_wconf 86' lang='lat'><strong>6</strong></span> <span class='ocrx_word' id='word_1_35' title='bbox 1567 595 1661 644; x_wconf 81' lang='lat' dir='ltr'><strong>Ai-</strong></span> 
     </span>
    </p>
   </div>
   <div class='ocr_carea' id='block_1_8' title="bbox 149 681 1663 757">
    <p class='ocr_par' dir='ltr' id='par_1_8' title="bbox 149 681 1663 757">
     <span class='ocr_line' id='line_1_8' title="bbox 149 681 1663 757; baseline -0.002 -16"><span class='ocrx_word' id='word_1_36' title='bbox 149 687 347 757; x_wconf 78' lang='grc' dir='ltr'>γύπτιος,</span> <span class='ocrx_word' id='word_1_37' title='bbox 373 689 450 742; x_wconf 77' lang='lat' dir='ltr'><strong>si:</strong></span> <span class='ocrx_word' id='word_1_38' title='bbox 479 686 670 737; x_wconf 75' lang='grc' dir='ltr'>ἑαυτὸν</span> <span class='ocrx_word' id='word_1_39' title='bbox 703 685 892 748; x_wconf 76' lang='grc' dir='ltr'>ἐλθὼν,</span> <span class='ocrx_word' id='word_1_40' title='bbox 928 681 1081 750; x_wconf 71' lang='grc' dir='ltr'>εἶπεν</span> <span class='ocrx_word' id='word_1_41' title='bbox 1099 702 1112 716; x_wconf 88' lang='grc'><strong>·</strong></span> <span class='ocrx_word' id='word_1_42' title='bbox 1145 686 1282 738; x_wconf 83' lang='grc' dir='ltr'>Οὐαί</span> <span class='ocrx_word' id='word_1_43' title='bbox 1309 703 1420 756; x_wconf 85' lang='grc' dir='ltr'>μοι,</span> <span class='ocrx_word' id='word_1_44' title='bbox 1453 687 1534 738; x_wconf 83' lang='grc' dir='ltr'>ὅτι</span> <span class='ocrx_word' id='word_1_45' title='bbox 1557 686 1663 738; x_wconf 85' lang='grc' dir='ltr'>ἀπὸ</span> 
     </span>
    </p>
   </div>
   <div class='ocr_carea' id='block_1_9' title="bbox 147 772 1659 847">
    <p class='ocr_par' dir='ltr' id='par_1_9' title="bbox 147 772 1659 847">
     <span class='ocr_line' id='line_1_9' title="bbox 147 772 1659 847; baseline -0.004 -15"><span class='ocrx_word' id='word_1_46' title='bbox 147 777 310 847; x_wconf 79' lang='grc' dir='ltr'>πολλῆς</span> <span class='ocrx_word' id='word_1_47' title='bbox 354 775 576 844; x_wconf 74' lang='grc' dir='ltr'>θλίψεως</span> <span class='ocrx_word' id='word_1_48' title='bbox 631 775 726 828; x_wconf 78' lang='grc' dir='ltr'>τοῦ</span> <span class='ocrx_word' id='word_1_49' title='bbox 778 775 982 844; x_wconf 82' lang='grc' dir='ltr'>κόσμου</span> <span class='ocrx_word' id='word_1_50' title='bbox 1031 777 1112 839; x_wconf 79' lang='grc' dir='ltr'><strong>εἰς</strong></span> <span class='ocrx_word' id='word_1_51' title='bbox 1142 776 1448 830; x_wconf 82' lang='grc' dir='ltr'><strong>ἀνάπαυσιν</strong></span> <span class='ocrx_word' id='word_1_52' title='bbox 1477 772 1659 846; x_wconf 83' lang='grc' dir='ltr'>ἦλθον,</span> 
     </span>
    </p>
   </div>
   <div class='ocr_carea' id='block_1_10' title="bbox 145 863 1663 937">
    <p class='ocr_par' dir='ltr' id='par_1_10' title="bbox 145 863 1663 937">
     <span class='ocr_line' id='line_1_10' title="bbox 145 863 1663 937; baseline -0.003 -15"><span class='ocrx_word' id='word_1_53' title='bbox 145 869 218 922; x_wconf 76' lang='grc' dir='ltr'>καὶ</span> <span class='ocrx_word' id='word_1_54' title='bbox 259 868 294 922; x_wconf 75' lang='grc' dir='ltr'><strong>ἃ</strong></span> <span class='ocrx_word' id='word_1_55' title='bbox 325 868 416 920; x_wconf 80' lang='grc' dir='ltr'><strong>οὐκ</strong></span> <span class='ocrx_word' id='word_1_56' title='bbox 457 863 604 936; x_wconf 78' lang='grc' dir='ltr'>εἶχον</span> <span class='ocrx_word' id='word_1_57' title='bbox 627 867 770 930; x_wconf 83' lang='grc' dir='ltr'>τότε,</span> <span class='ocrx_word' id='word_1_58' title='bbox 823 866 918 921; x_wconf 79' lang='grc' dir='ltr'>νῦν</span> <span class='ocrx_word' id='word_1_59' title='bbox 955 866 1063 937; x_wconf 75' lang='grc' dir='ltr'>ἔχω</span> <span class='ocrx_word' id='word_1_60' title='bbox 1087 885 1101 897; x_wconf 89' lang='grc'>·</span> <span class='ocrx_word' id='word_1_61' title='bbox 1137 869 1201 920; x_wconf 84' lang='grc' dir='ltr'><strong>σὺ</strong></span> <span class='ocrx_word' id='word_1_62' title='bbox 1231 867 1287 920; x_wconf 82' lang='grc' dir='ltr'><strong>δὲ</strong></span> <span class='ocrx_word' id='word_1_63' title='bbox 1321 869 1430 922; x_wconf 82' lang='grc' dir='ltr'><strong>ἀπὸ</strong></span> <span class='ocrx_word' id='word_1_64' title='bbox 1463 867 1663 937; x_wconf 80' lang='grc' dir='ltr'>πολλῆς</span> 
     </span>
    </p>
   </div>
   <div class='ocr_carea' id='block_1_11' title="bbox 143 955 1663 1031">
    <p class='ocr_par' dir='ltr' id='par_1_11' title="bbox 143 955 1663 1031">
     <span class='ocr_line' id='line_1_11' title="bbox 143 955 1663 1031; baseline -0.001 -17"><span class='ocrx_word' id='word_1_65' title='bbox 143 961 452 1023; x_wconf 80' lang='grc' dir='ltr'>ἀναπαύσεως</span> <span class='ocrx_word' id='word_1_66' title='bbox 477 963 556 1022; x_wconf 79' lang='grc' dir='ltr'><strong>είς</strong></span> <span class='ocrx_word' id='word_1_67' title='bbox 582 959 762 1028; x_wconf 70' lang='grc' dir='ltr'>θλίᾠιν</span> <span class='ocrx_word' id='word_1_68' title='bbox 785 955 971 1031; x_wconf 78' lang='grc' dir='ltr'>ἦλθες.</span> <span class='ocrx_word' id='word_1_69' title='bbox 1013 961 1106 1012; x_wconf 74' lang='grc' dir='ltr'>καὶ</span> <span class='ocrx_word' id='word_1_70' title='bbox 1129 961 1236 1013; x_wconf 82' lang='grc' dir='ltr'>ἀπὸ</span> <span class='ocrx_word' id='word_1_71' title='bbox 1263 961 1464 1029; x_wconf 80' lang='grc' dir='ltr'>πολλῆς</span> <span class='ocrx_word' id='word_1_72' title='bbox 1506 960 1663 1030; x_wconf 78' lang='grc' dir='ltr'>δόξης</span> 
     </span>
    </p>
   </div>
   <div class='ocr_carea' id='block_1_12' title="bbox 143 1047 1659 1120">
    <p class='ocr_par' dir='ltr' id='par_1_12' title="bbox 143 1047 1659 1120">
     <span class='ocr_line' id='line_1_12' title="bbox 143 1047 1659 1120; baseline -0.001 -16"><span class='ocrx_word' id='word_1_73' title='bbox 143 1054 216 1106; x_wconf 80' lang='grc' dir='ltr'><strong>καὶ</strong></span> <span class='ocrx_word' id='word_1_74' title='bbox 265 1052 476 1104; x_wconf 85' lang='grc' dir='ltr'>πλούτου</span> <span class='ocrx_word' id='word_1_75' title='bbox 527 1047 694 1120; x_wconf 75' lang='grc' dir='ltr'>ἦλθες</span> <span class='ocrx_word' id='word_1_76' title='bbox 744 1053 824 1113; x_wconf 86' lang='grc' dir='ltr'>εἰς</span> <span class='ocrx_word' id='word_1_77' title='bbox 870 1052 1198 1104; x_wconf 76' lang='grc' dir='ltr'><strong>ταπείνωσιν</strong></span> <span class='ocrx_word' id='word_1_78' title='bbox 1249 1051 1340 1104; x_wconf 77' lang='grc' dir='ltr'><strong>καὶ</strong></span> <span class='ocrx_word' id='word_1_79' title='bbox 1368 1051 1659 1119; x_wconf 77' lang='grc' dir='ltr'>πτωχείαν.</span> 
     </span>
    </p>
   </div>
   <div class='ocr_carea' id='block_1_13' title="bbox 143 1140 1662 1211">
    <p class='ocr_par' dir='ltr' id='par_1_13' title="bbox 143 1140 1662 1211">
     <span class='ocr_line' id='line_1_13' title="bbox 143 1140 1662 1211; baseline -0.001 -16"><span class='ocrx_word' id='word_1_80' title='bbox 143 1143 284 1196; x_wconf 71' lang='grc' dir='ltr'>Πολλὰ</span> <span class='ocrx_word' id='word_1_81' title='bbox 333 1142 384 1194; x_wconf 78' lang='grc' dir='ltr'>δὲ</span> <span class='ocrx_word' id='word_1_82' title='bbox 431 1142 736 1211; x_wconf 72' lang='grc' dir='ltr'><strong>ὠφεληθεὶς</strong></span> <span class='ocrx_word' id='word_1_83' title='bbox 789 1140 1021 1210; x_wconf 83' lang='grc' dir='ltr'>ἀπῆλθε,</span> <span class='ocrx_word' id='word_1_84' title='bbox 1075 1141 1170 1194; x_wconf 78' lang='grc' dir='ltr'><strong>καὶ</strong></span> <span class='ocrx_word' id='word_1_85' title='bbox 1231 1141 1448 1208; x_wconf 76' lang='grc' dir='ltr'>ἐγένετο</span> <span class='ocrx_word' id='word_1_86' title='bbox 1496 1141 1662 1194; x_wconf 79' lang='grc' dir='ltr'>αὐτοῦ</span> 
     </span>
    </p>
   </div>
   <div class='ocr_carea' id='block_1_14' title="bbox 141 1231 1657 1301">
    <p class='ocr_par' dir='ltr' id='par_1_14' title="bbox 141 1231 1657 1301">
     <span class='ocr_line' id='line_1_14' title="bbox 141 1231 1657 1301; baseline 0 -17"><span class='ocrx_word' id='word_1_87' title='bbox 141 1234 276 1300; x_wconf 68' lang='grc' dir='ltr'>φίλος,</span> <span class='ocrx_word' id='word_1_88' title='bbox 301 1234 386 1285; x_wconf 79' lang='grc' dir='ltr'><strong>καὶ</strong></span> <span class='ocrx_word' id='word_1_89' title='bbox 427 1231 767 1301; x_wconf 72' lang='grc' dir='ltr'>παρέϐαλλεν</span> <span class='ocrx_word' id='word_1_90' title='bbox 804 1231 956 1300; x_wconf 79' lang='grc' dir='ltr'>αὐτῷ</span> <span class='ocrx_word' id='word_1_91' title='bbox 1002 1232 1212 1301; x_wconf 81' lang='grc' dir='ltr'>συχνῶς</span> <span class='ocrx_word' id='word_1_92' title='bbox 1247 1233 1315 1284; x_wconf 81' lang='grc' dir='ltr'>δι’</span> <span class='ocrx_word' id='word_1_93' title='bbox 1358 1233 1657 1300; x_wconf 78' lang='grc' dir='ltr'>ὠφέλειαν·</span> 
     </span>
    </p>
   </div>
   <div class='ocr_carea' id='block_1_15' title="bbox 141 1319 1660 1394">
    <p class='ocr_par' dir='ltr' id='par_1_15' title="bbox 141 1319 1660 1394">
     <span class='ocr_line' id='line_1_15' title="bbox 141 1319 1660 1394; baseline 0.001 -20"><span class='ocrx_word' id='word_1_94' title='bbox 141 1319 192 1392; x_wconf 71' lang='grc' dir='ltr'><strong>ἦν</strong></span> <span class='ocrx_word' id='word_1_95' title='bbox 215 1323 306 1392; x_wconf 76' lang='grc' dir='ltr'><strong>γὰρ</strong></span> <span class='ocrx_word' id='word_1_96' title='bbox 357 1322 492 1393; x_wconf 76' lang='grc' dir='ltr'>ἀνὴρ</span> <span class='ocrx_word' id='word_1_97' title='bbox 549 1323 905 1393; x_wconf 81' lang='grc' dir='ltr'>διακριτικὸς,</span> <span class='ocrx_word' id='word_1_98' title='bbox 930 1323 1022 1375; x_wconf 70' lang='grc' dir='ltr'>καὶ</span> <span class='ocrx_word' id='word_1_99' title='bbox 1069 1324 1279 1394; x_wconf 69' lang='grc' dir='ltr'>πλήρης</span> <span class='ocrx_word' id='word_1_100' title='bbox 1315 1324 1540 1387; x_wconf 76' lang='grc' dir='ltr'><strong>εὐωδίας</strong></span> <span class='ocrx_word' id='word_1_101' title='bbox 1567 1323 1660 1376; x_wconf 79' lang='grc' dir='ltr'>τοῦ</span> 
     </span>
    </p>
   </div>
   <div class='ocr_carea' id='block_1_16' title="bbox 141 1417 605 1485">
    <p class='ocr_par' dir='ltr' id='par_1_16' title="bbox 141 1417 605 1485">
     <span class='ocr_line' id='line_1_16' title="bbox 141 1417 605 1485; baseline -0.004 -16"><span class='ocrx_word' id='word_1_102' title='bbox 141 1417 260 1484; x_wconf 83' lang='grc' dir='ltr'>ἁγίου</span> <span class='ocrx_word' id='word_1_103' title='bbox 285 1417 412 1468; x_wconf 87' lang='grc' dir='ltr'>Πνεύ</span> <span class='ocrx_word' id='word_1_104' title='bbox 421 1433 605 1485; x_wconf 80' lang='grc' dir='ltr'><strong>ματος.</strong></span> 
     </span>
    </p>
   </div>
   <div class='ocr_carea' id='block_1_17' title="bbox 189 1588 1660 1664">
    <p class='ocr_par' dir='ltr' id='par_1_17' title="bbox 189 1588 1660 1664">
     <span class='ocr_line' id='line_1_17' title="bbox 189 1588 1660 1664; baseline -0.003 -16"><span class='ocrx_word' id='word_1_105' title='bbox 189 1597 239 1664; x_wconf 78' lang='grc' dir='ltr'><strong>β’.</strong></span> <span class='ocrx_word' id='word_1_106' title='bbox 281 1597 332 1647; x_wconf 86' lang='grc'><strong>’0</strong></span> <span class='ocrx_word' id='word_1_107' title='bbox 349 1595 504 1654; x_wconf 72' lang='grc' dir='ltr'>αὐτὸς</span> <span class='ocrx_word' id='word_1_108' title='bbox 539 1589 712 1656; x_wconf 75' lang='grc' dir='ltr'>εἶπεν,</span> <span class='ocrx_word' id='word_1_109' title='bbox 771 1593 852 1646; x_wconf 78' lang='grc' dir='ltr'><strong>ὅτι</strong></span> <span class='ocrx_word' id='word_1_110' title='bbox 897 1588 966 1664; x_wconf 76' lang='grc' dir='ltr'><strong>ἢν</strong></span> <span class='ocrx_word' id='word_1_111' title='bbox 1001 1609 1084 1656; x_wconf 83' lang='grc' dir='ltr'><strong>τις</strong></span> <span class='ocrx_word' id='word_1_112' title='bbox 1111 1592 1291 1662; x_wconf 81' lang='grc' dir='ltr'>γέρων</span> <span class='ocrx_word' id='word_1_113' title='bbox 1330 1591 1467 1662; x_wconf 81' lang='grc' dir='ltr'>ἔχων</span> <span class='ocrx_word' id='word_1_114' title='bbox 1497 1593 1660 1645; x_wconf 73' lang='grc' dir='ltr'>καλὸν</span> 
     </span>
    </p>
   </div>
   <div class='ocr_carea' id='block_1_18' title="bbox 139 1685 1657 1758">
    <p class='ocr_par' dir='ltr' id='par_1_18' title="bbox 139 1685 1657 1758">
     <span class='ocr_line' id='line_1_18' title="bbox 139 1685 1657 1758; baseline -0.003 -18"><span class='ocrx_word' id='word_1_115' title='bbox 139 1690 365 1758; x_wconf 57' lang='grc' dir='ltr'><strong>μαθητήν⁸</strong></span> <span class='ocrx_word' id='word_1_116' title='bbox 423 1687 518 1741; x_wconf 70' lang='grc' dir='ltr'>καὶ</span> <span class='ocrx_word' id='word_1_117' title='bbox 580 1687 687 1738; x_wconf 74' lang='grc' dir='ltr'>ἀπὸ</span> <span class='ocrx_word' id='word_1_118' title='bbox 741 1685 1035 1756; x_wconf 80' lang='grc' dir='ltr'>ὀλιγωρίας</span> <span class='ocrx_word' id='word_1_119' title='bbox 1079 1685 1267 1737; x_wconf 75' lang='grc' dir='ltr'>ἔϐαλεν</span> <span class='ocrx_word' id='word_1_120' title='bbox 1298 1685 1458 1737; x_wconf 79' lang='grc' dir='ltr'>αὑτὸν</span> <span class='ocrx_word' id='word_1_121' title='bbox 1481 1685 1584 1750; x_wconf 75' lang='grc' dir='ltr'>ἔξω</span> <span class='ocrx_word' id='word_1_122' title='bbox 1611 1685 1657 1714; x_wconf 80' lang='grc'><strong>⁹⁵</strong></span> 
     </span>
    </p>
   </div>
   <div class='ocr_carea' id='block_1_19' title="bbox 137 1776 1654 1850">
    <p class='ocr_par' dir='ltr' id='par_1_19' title="bbox 137 1776 1654 1850">
     <span class='ocr_line' id='line_1_19' title="bbox 137 1776 1654 1850; baseline -0.003 -18"><span class='ocrx_word' id='word_1_123' title='bbox 137 1779 246 1850; x_wconf 76' lang='grc' dir='ltr'>μετὰ</span> <span class='ocrx_word' id='word_1_124' title='bbox 263 1781 350 1849; x_wconf 78' lang='grc' dir='ltr'>τῆς</span> <span class='ocrx_word' id='word_1_125' title='bbox 405 1779 658 1850; x_wconf 75' lang='grc' dir='ltr'>μηλωτῆς</span> <span class='ocrx_word' id='word_1_126' title='bbox 688 1777 872 1830; x_wconf 74' lang='grc' dir='ltr'>αὐτοῦ.</span> <span class='ocrx_word' id='word_1_127' title='bbox 925 1778 980 1829; x_wconf 93' lang='grc' dir='ltr'><strong>Ὀ</strong></span> <span class='ocrx_word' id='word_1_128' title='bbox 1015 1776 1069 1828; x_wconf 82' lang='grc' dir='ltr'>δὲ</span> <span class='ocrx_word' id='word_1_129' title='bbox 1101 1777 1326 1846; x_wconf 78' lang='grc' dir='ltr'>ἀδελφὸς</span> <span class='ocrx_word' id='word_1_130' title='bbox 1367 1776 1654 1846; x_wconf 80' lang='grc' dir='ltr'>ὑπέμεινεν</span> 
     </span>
    </p>
   </div>
   <div class='ocr_carea' id='block_1_20' title="bbox 135 1859 1658 1938">
    <p class='ocr_par' dir='ltr' id='par_1_20' title="bbox 135 1859 1658 1938">
     <span class='ocr_line' id='line_1_20' title="bbox 135 1859 1658 1938; baseline -0.001 -18"><span class='ocrx_word' id='word_1_131' title='bbox 135 1870 214 1931; x_wconf 80' lang='grc' dir='ltr'><strong>ἔξω</strong></span> <span class='ocrx_word' id='word_1_132' title='bbox 252 1863 714 1938; x_wconf 73' lang='grc' dir='ltr'>καθήμενος.’Καὶ</span> <span class='ocrx_word' id='word_1_133' title='bbox 763 1867 981 1930; x_wconf 78' lang='grc' dir='ltr'>ἀνοίξας</span> <span class='ocrx_word' id='word_1_134' title='bbox 1009 1869 1036 1919; x_wconf 90' lang='grc' dir='ltr'><strong>ό</strong></span> <span class='ocrx_word' id='word_1_135' title='bbox 1063 1866 1262 1935; x_wconf 80' lang='grc' dir='ltr'>γέρων,</span> <span class='ocrx_word' id='word_1_136' title='bbox 1305 1859 1462 1935; x_wconf 78' lang='grc' dir='ltr'>εὗρεν</span> <span class='ocrx_word' id='word_1_137' title='bbox 1496 1866 1658 1920; x_wconf 85' lang='grc' dir='ltr'>αὐτὸν</span> 
     </span>
    </p>
   </div>
   <div class='ocr_carea' id='block_1_21' title="bbox 133 1951 1660 2030">
    <p class='ocr_par' dir='ltr' id='par_1_21' title="bbox 133 1951 1660 2030">
     <span class='ocr_line' id='line_1_21' title="bbox 133 1951 1660 2030; baseline -0.001 -18"><span class='ocrx_word' id='word_1_138' title='bbox 133 1961 410 2030; x_wconf 66' lang='grc' dir='ltr'>καθήμενον,</span> <span class='ocrx_word' id='word_1_139' title='bbox 455 1961 552 2013; x_wconf 76' lang='grc' dir='ltr'><strong>καὶ</strong></span> <span class='ocrx_word' id='word_1_140' title='bbox 595 1957 784 2010; x_wconf 78' lang='grc' dir='ltr'>ἔϐαλεν</span> <span class='ocrx_word' id='word_1_141' title='bbox 831 1957 979 2028; x_wconf 84' lang='grc' dir='ltr'>αὐτῷ</span> <span class='ocrx_word' id='word_1_142' title='bbox 1021 1958 1329 2028; x_wconf 85' lang='grc' dir='ltr'>μετάνοιαν,</span> <span class='ocrx_word' id='word_1_143' title='bbox 1357 1958 1560 2026; x_wconf 80' lang='grc' dir='ltr'>λέγων’</span> <span class='ocrx_word' id='word_1_144' title='bbox 1590 1951 1660 2010; x_wconf 82' lang='grc' dir='ltr'><strong><em>Ὦ</em></strong></span> 
     </span>
    </p>
   </div>
   <div class='ocr_carea' id='block_1_22' title="bbox 133 2044 1658 2122">
    <p class='ocr_par' dir='ltr' id='par_1_22' title="bbox 133 2044 1658 2122">
     <span class='ocr_line' id='line_1_22' title="bbox 133 2044 1658 2122; baseline 0 -20"><span class='ocrx_word' id='word_1_145' title='bbox 133 2051 294 2121; x_wconf 67' lang='grc' dir='ltr'>Πάτερ,</span> <span class='ocrx_word' id='word_1_146' title='bbox 343 2051 730 2120; x_wconf 81' lang='grc' dir='ltr'>ἠταπείνωσις</span> <span class='ocrx_word' id='word_1_147' title='bbox 755 2044 856 2122; x_wconf 74' lang='grc' dir='ltr'>τῆς</span> <span class='ocrx_word' id='word_1_148' title='bbox 895 2049 1277 2120; x_wconf 81' lang='grc' dir='ltr'>μακροθυμίας</span> <span class='ocrx_word' id='word_1_149' title='bbox 1318 2066 1409 2102; x_wconf 87' lang='grc' dir='ltr'><strong>σου</strong></span> <span class='ocrx_word' id='word_1_150' title='bbox 1439 2050 1658 2118; x_wconf 73' lang='grc' dir='ltr'>ἐνίκησε</span> 
     </span>
    </p>
   </div>
   <div class='ocr_carea' id='block_1_23' title="bbox 132 2137 1658 2214">
    <p class='ocr_par' dir='ltr' id='par_1_23' title="bbox 132 2137 1658 2214">
     <span class='ocr_line' id='line_1_23' title="bbox 132 2137 1658 2214; baseline 0 -20"><span class='ocrx_word' id='word_1_151' title='bbox 132 2143 204 2212; x_wconf 66' lang='grc' dir='ltr'><strong>τὴν</strong></span> <span class='ocrx_word' id='word_1_152' title='bbox 243 2143 366 2212; x_wconf 77' lang='grc' dir='ltr'>ἐμὴν</span> <span class='ocrx_word' id='word_1_153' title='bbox 413 2143 726 2214; x_wconf 76' lang='grc' dir='ltr'>ὀλιγωρίαν.</span> <span class='ocrx_word' id='word_1_154' title='bbox 777 2139 944 2212; x_wconf 74' lang='grc' dir='ltr'>Δεῦρο</span> <span class='ocrx_word' id='word_1_155' title='bbox 994 2141 1129 2194; x_wconf 79' lang='grc' dir='ltr'>ἔσω·</span> <span class='ocrx_word' id='word_1_156' title='bbox 1179 2141 1286 2195; x_wconf 82' lang='grc' dir='ltr'>ἀπὸ</span> <span class='ocrx_word' id='word_1_157' title='bbox 1334 2140 1426 2193; x_wconf 70' lang='grc' dir='ltr'>τοῦ</span> <span class='ocrx_word' id='word_1_158' title='bbox 1459 2137 1552 2194; x_wconf 76' lang='grc' dir='ltr'>νῦν</span> <span class='ocrx_word' id='word_1_159' title='bbox 1593 2143 1658 2194; x_wconf 84' lang='grc' dir='ltr'><strong>σὺ</strong></span> 
     </span>
    </p>
   </div>
   <div class='ocr_carea' id='block_1_24' title="bbox 132 2231 1660 2305">
    <p class='ocr_par' dir='ltr' id='par_1_24' title="bbox 132 2231 1660 2305">
     <span class='ocr_line' id='line_1_24' title="bbox 132 2231 1660 2305; baseline 0.004 -23"><span class='ocrx_word' id='word_1_160' title='bbox 132 2236 270 2304; x_wconf 56' lang='grc' dir='ltr'>γέρων</span> <span class='ocrx_word' id='word_1_161' title='bbox 332 2231 378 2286; x_wconf 83' lang='grc' dir='ltr'>εἷ</span> <span class='ocrx_word' id='word_1_162' title='bbox 425 2237 522 2288; x_wconf 74' lang='grc' dir='ltr'>καὶ</span> <span class='ocrx_word' id='word_1_163' title='bbox 581 2237 790 2305; x_wconf 77' lang='grc' dir='ltr'>Πατὴρ,</span> <span class='ocrx_word' id='word_1_164' title='bbox 855 2231 965 2302; x_wconf 75' lang='grc' dir='ltr'><strong>ἐγὼ</strong></span> <span class='ocrx_word' id='word_1_165' title='bbox 1011 2233 1068 2286; x_wconf 82' lang='grc' dir='ltr'><strong>δὲ</strong></span> <span class='ocrx_word' id='word_1_166' title='bbox 1112 2234 1374 2304; x_wconf 82' lang='grc' dir='ltr'>νεώτερος</span> <span class='ocrx_word' id='word_1_167' title='bbox 1421 2235 1514 2286; x_wconf 79' lang='grc' dir='ltr'>καὶ</span> <span class='ocrx_word' id='word_1_168' title='bbox 1556 2253 1660 2304; x_wconf 84' lang='grc' dir='ltr'>μα-</span> 
     </span>
    </p>
   </div>
   <div class='ocr_carea' id='block_1_25' title="bbox 133 2323 282 2395">
    <p class='ocr_par' dir='ltr' id='par_1_25' title="bbox 133 2323 282 2395">
     <span class='ocr_line' id='line_1_25' title="bbox 133 2323 282 2395; baseline 0.013 -21"><span class='ocrx_word' id='word_1_169' title='bbox 133 2323 282 2395; x_wconf 71' lang='grc' dir='ltr'>ῡητής.</span> 
     </span>
    </p>
   </div>
   <div class='ocr_carea' id='block_1_26' title="bbox 469 2435 1272 2506">
    <p class='ocr_par' dir='ltr' id='par_1_26' title="bbox 469 2435 1272 2506">
     <span class='ocr_line' id='line_1_26' title="bbox 469 2435 1272 2506; baseline 0 -18"><span class='ocrx_word' id='word_1_170' title='bbox 469 2437 612 2504; x_wconf 82' lang='grc' dir='ltr'>Περὶ</span> <span class='ocrx_word' id='word_1_171' title='bbox 651 2435 756 2488; x_wconf 79' lang='grc' dir='ltr'>τοῦ</span> <span class='ocrx_word' id='word_1_172' title='bbox 800 2435 948 2490; x_wconf 71' lang='grc' dir='ltr'><strong>ἀὲὄιῖ</strong></span> <span class='ocrx_word' id='word_1_173' title='bbox 999 2437 1272 2506; x_wconf 62' lang='grc' dir='ltr'>Ῥούφου.</span> 
     </span>
    </p>
   </div>
   <div class='ocr_carea' id='block_1_27' title="bbox 184 2548 1658 2620">
    <p class='ocr_par' dir='ltr' id='par_1_27' title="bbox 184 2548 1658 2620">
     <span class='ocr_line' id='line_1_27' title="bbox 184 2548 1658 2620; baseline 0.004 -21"><span class='ocrx_word' id='word_1_174' title='bbox 184 2553 241 2600; x_wconf 84' lang='grc' dir='ltr'><strong>α’.</strong></span> <span class='ocrx_word' id='word_1_175' title='bbox 278 2548 520 2617; x_wconf 77' lang='grc' dir='ltr'>Ἀδελφδς</span> <span class='ocrx_word' id='word_1_176' title='bbox 543 2549 794 2620; x_wconf 76' lang='grc' dir='ltr'>ἠρώτησε</span> <span class='ocrx_word' id='word_1_177' title='bbox 819 2551 910 2602; x_wconf 76' lang='grc' dir='ltr'><strong>τὸν</strong></span> <span class='ocrx_word' id='word_1_178' title='bbox 936 2550 1110 2604; x_wconf 73' lang='grc' dir='ltr'>ἁϐὒᾶν</span> <span class='ocrx_word' id='word_1_179' title='bbox 1135 2549 1360 2618; x_wconf 78' lang='grc' dir='ltr'>Ῥοῦφον</span> <span class='ocrx_word' id='word_1_180' title='bbox 1378 2567 1392 2580; x_wconf 90' lang='grc'><strong>·</strong></span> <span class='ocrx_word' id='word_1_181' title='bbox 1422 2549 1485 2602; x_wconf 85' lang='grc' dir='ltr'>Τί</span> <span class='ocrx_word' id='word_1_182' title='bbox 1513 2553 1658 2605; x_wconf 82' lang='grc' dir='ltr'>ἐστιν</span> 
     </span>
    </p>
   </div>
   <div class='ocr_carea' id='block_1_28' title="bbox 131 2639 1658 2714">
    <p class='ocr_par' dir='ltr' id='par_1_28' title="bbox 131 2639 1658 2714">
     <span class='ocr_line' id='line_1_28' title="bbox 131 2639 1658 2714; baseline 0.006 -26"><span class='ocrx_word' id='word_1_183' title='bbox 131 2639 308 2706; x_wconf 66' lang='grc' dir='ltr'>ἡσυχία,</span> <span class='ocrx_word' id='word_1_184' title='bbox 335 2642 426 2694; x_wconf 81' lang='grc' dir='ltr'>καὶ</span> <span class='ocrx_word' id='word_1_185' title='bbox 453 2641 540 2704; x_wconf 90' lang='grc' dir='ltr'><strong>τίς</strong></span> <span class='ocrx_word' id='word_1_186' title='bbox 572 2643 604 2711; x_wconf 78' lang='grc' dir='ltr'>ἡ</span> <span class='ocrx_word' id='word_1_187' title='bbox 627 2641 866 2710; x_wconf 66' lang='grc' dir='ltr'>ὠφέλεια</span> <span class='ocrx_word' id='word_1_188' title='bbox 899 2643 1102 2714; x_wconf 79' lang='grc' dir='ltr'>αύτῆς;</span> <span class='ocrx_word' id='word_1_189' title='bbox 1149 2643 1206 2695; x_wconf 79' lang='grc' dir='ltr'>Ὀ</span> <span class='ocrx_word' id='word_1_190' title='bbox 1231 2644 1285 2695; x_wconf 83' lang='grc' dir='ltr'><strong>δὲ</strong></span> <span class='ocrx_word' id='word_1_191' title='bbox 1309 2644 1485 2713; x_wconf 80' lang='grc' dir='ltr'>γέρων</span> <span class='ocrx_word' id='word_1_192' title='bbox 1511 2644 1658 2712; x_wconf 80' lang='grc' dir='ltr'>λέγει</span> 
     </span>
    </p>
   </div>
   <div class='ocr_carea' id='block_1_29' title="bbox 131 2729 1660 2806">
    <p class='ocr_par' dir='ltr' id='par_1_29' title="bbox 131 2729 1660 2806">
     <span class='ocr_line' id='line_1_29' title="bbox 131 2729 1660 2806; baseline 0.004 -26"><span class='ocrx_word' id='word_1_193' title='bbox 131 2729 276 2800; x_wconf 79' lang='grc' dir='ltr'>αὐτῷ·</span> <span class='ocrx_word' id='word_1_194' title='bbox 316 2730 542 2802; x_wconf 79' lang='grc' dir='ltr'>Ἡσυχία</span> <span class='ocrx_word' id='word_1_195' title='bbox 595 2733 744 2798; x_wconf 73' lang='grc' dir='ltr'>ἐστὶ,</span> <span class='ocrx_word' id='word_1_196' title='bbox 789 2734 848 2786; x_wconf 84' lang='grc' dir='ltr'>τὸ</span> <span class='ocrx_word' id='word_1_197' title='bbox 897 2733 1226 2803; x_wconf 72' lang='grc' dir='ltr'>καθεσθῆναι</span> <span class='ocrx_word' id='word_1_198' title='bbox 1263 2735 1318 2786; x_wconf 80' lang='grc' dir='ltr'>ὲν</span> <span class='ocrx_word' id='word_1_199' title='bbox 1347 2733 1422 2804; x_wconf 82' lang='grc' dir='ltr'>τῷ</span> <span class='ocrx_word' id='word_1_200' title='bbox 1465 2735 1660 2806; x_wconf 82' lang='grc' dir='ltr'>κελλίῳ</span> 
     </span>
    </p>
   </div>
   <div class='ocr_carea' id='block_1_30' title="bbox 133 2822 1658 2896">
    <p class='ocr_par' dir='ltr' id='par_1_30' title="bbox 133 2822 1658 2896">
     <span class='ocr_line' id='line_1_30' title="bbox 133 2822 1658 2896; baseline 0.005 -24"><span class='ocrx_word' id='word_1_201' title='bbox 133 2825 242 2887; x_wconf 71' lang='grc' dir='ltr'>μετὰ</span> <span class='ocrx_word' id='word_1_202' title='bbox 263 2822 416 2888; x_wconf 74' lang='grc' dir='ltr'>φόεου</span> <span class='ocrx_word' id='word_1_203' title='bbox 443 2824 816 2891; x_wconf 61' lang='grc' dir='ltr'>καὶχνώσεως</span> <span class='ocrx_word' id='word_1_204' title='bbox 839 2824 992 2884; x_wconf 84' lang='grc' dir='ltr'>Θεοῦ,</span> <span class='ocrx_word' id='word_1_205' title='bbox 1027 2825 1360 2895; x_wconf 74' lang='grc' dir='ltr'>ἀπεχόμενος</span> <span class='ocrx_word' id='word_1_206' title='bbox 1390 2843 1658 2896; x_wconf 84' lang='grc' dir='ltr'>μνησικα-</span> 
     </span>
    </p>
   </div>
   <div class='ocr_carea' id='block_1_31' title="bbox 129 2911 1661 2988">
    <p class='ocr_par' dir='ltr' id='par_1_31' title="bbox 129 2911 1661 2988">
     <span class='ocr_line' id='line_1_31' title="bbox 129 2911 1661 2988; baseline 0.005 -26"><span class='ocrx_word' id='word_1_207' title='bbox 129 2911 225 2974; x_wconf 78' lang='grc' dir='ltr'>κίας</span> <span class='ocrx_word' id='word_1_208' title='bbox 249 2915 332 2966; x_wconf 83' lang='grc' dir='ltr'>καὶ</span> <span class='ocrx_word' id='word_1_209' title='bbox 375 2914 844 2986; x_wconf 79' lang='grc' dir='ltr'>ύψηλοφροσύνης.</span> <span class='ocrx_word' id='word_1_210' title='bbox 889 2917 952 2968; x_wconf 80' lang='grc' dir='ltr'><strong>Ἦ</strong></span> <span class='ocrx_word' id='word_1_211' title='bbox 985 2916 1207 2986; x_wconf 80' lang='grc' dir='ltr'>τοιαύτη</span> <span class='ocrx_word' id='word_1_212' title='bbox 1233 2919 1432 2988; x_wconf 77' lang='grc' dir='ltr'>ἡσυχία</span> <span class='ocrx_word' id='word_1_213' title='bbox 1471 2919 1661 2988; x_wconf 84' lang='grc' dir='ltr'>γεννή-</span> 
     </span>
    </p>
   </div>
   <div class='ocr_carea' id='block_1_32' title="bbox 128 3003 1660 3082">
    <p class='ocr_par' dir='ltr' id='par_1_32' title="bbox 128 3003 1660 3082">
     <span class='ocr_line' id='line_1_32' title="bbox 128 3003 1660 3082; baseline 0.007 -27"><span class='ocrx_word' id='word_1_214' title='bbox 128 3021 230 3070; x_wconf 81' lang='grc' dir='ltr'>τρια</span> <span class='ocrx_word' id='word_1_215' title='bbox 241 3003 362 3060; x_wconf 79' lang='grc' dir='ltr'>οὖσα</span> <span class='ocrx_word' id='word_1_216' title='bbox 389 3008 582 3062; x_wconf 79' lang='grc' dir='ltr'>πασῶν</span> <span class='ocrx_word' id='word_1_217' title='bbox 607 3009 714 3061; x_wconf 84' lang='grc' dir='ltr'><strong>τῶν</strong></span> <span class='ocrx_word' id='word_1_218' title='bbox 741 3011 948 3079; x_wconf 76' lang='grc' dir='ltr'>ἀρετῶν</span> <span class='ocrx_word' id='word_1_219' title='bbox 970 3051 982 3073; x_wconf 93' lang='grc'><strong>,</strong></span> <span class='ocrx_word' id='word_1_220' title='bbox 1017 3011 1278 3078; x_wconf 73' lang='grc' dir='ltr'>φυλάσσει</span> <span class='ocrx_word' id='word_1_221' title='bbox 1307 3012 1397 3064; x_wconf 83' lang='grc' dir='ltr'><strong>τὸν</strong></span> <span class='ocrx_word' id='word_1_222' title='bbox 1429 3013 1660 3082; x_wconf 78' lang='grc' dir='ltr'>μοναχὸν</span> 
     </span>
    </p>
   </div>
   <div class='ocr_carea' id='block_1_33' title="bbox 127 3083 1726 3175">
    <p class='ocr_par' dir='ltr' id='par_1_33' title="bbox 127 3083 1726 3175">
     <span class='ocr_line' id='line_1_33' title="bbox 127 3083 1726 3175; baseline 0.006 -27"><span class='ocrx_word' id='word_1_223' title='bbox 127 3096 328 3150; x_wconf 61' lang='lat' dir='ltr'><strong>imam</strong></span> <span class='ocrx_word' id='word_1_224' title='bbox 355 3102 769 3172; x_wconf 74' lang='grc' dir='ltr'>πεπυρωμένων</span> <span class='ocrx_word' id='word_1_225' title='bbox 809 3101 978 3170; x_wconf 81' lang='grc' dir='ltr'>βελῶν</span> <span class='ocrx_word' id='word_1_226' title='bbox 1009 3101 1102 3155; x_wconf 82' lang='grc' dir='ltr'>τοῦ</span> <span class='ocrx_word' id='word_1_227' title='bbox 1143 3103 1361 3174; x_wconf 77' lang='grc' dir='ltr'>ἐχθροῦ,</span> <span class='ocrx_word' id='word_1_228' title='bbox 1400 3105 1473 3175; x_wconf 85' lang='grc' dir='ltr'>μὴ</span> <span class='ocrx_word' id='word_1_229' title='bbox 1514 3105 1659 3157; x_wconf 84' lang='grc' dir='ltr'>ἐῶσα</span> <span class='ocrx_word' id='word_1_230' title='bbox 1685 3083 1726 3142; x_wconf 82' lang='lat' dir='ltr'><strong><em>C</em></strong></span> 
     </span>
    </p>
   </div>
   <div class='ocr_carea' id='block_1_34' title="bbox 127 3189 1660 3268">
    <p class='ocr_par' dir='ltr' id='par_1_34' title="bbox 127 3189 1660 3268">
     <span class='ocr_line' id='line_1_34' title="bbox 127 3189 1660 3268; baseline 0.008 -30"><span class='ocrx_word' id='word_1_231' title='bbox 127 3189 268 3242; x_wconf 72' lang='grc' dir='ltr'>αὑτὸν·</span> <span class='ocrx_word' id='word_1_232' title='bbox 281 3191 672 3260; x_wconf 84' lang='grc' dir='ltr'>τιτρώσκεσθαι</span> <span class='ocrx_word' id='word_1_233' title='bbox 701 3193 792 3245; x_wconf 84' lang='grc' dir='ltr'><strong>ὑπ’</strong></span> <span class='ocrx_word' id='word_1_234' title='bbox 825 3195 1022 3247; x_wconf 77' lang='grc' dir='ltr'>αὐτῶν.</span> <span class='ocrx_word' id='word_1_235' title='bbox 1051 3195 1179 3260; x_wconf 72' lang='grc' dir='ltr'>Ναὶ,</span> <span class='ocrx_word' id='word_1_236' title='bbox 1213 3195 1431 3264; x_wconf 82' lang='grc' dir='ltr'>ἀδελφὲ,</span> <span class='ocrx_word' id='word_1_237' title='bbox 1457 3197 1660 3268; x_wconf 79' lang='grc' dir='ltr'>ταύτην</span> 
     </span>
    </p>
   </div>
   <div class='ocr_carea' id='block_1_35' title="bbox 131 3279 1654 3354">
    <p class='ocr_par' dir='ltr' id='par_1_35' title="bbox 131 3279 1654 3354">
     <span class='ocr_line' id='line_1_35' title="bbox 131 3279 1654 3354; baseline 0.006 -23"><span class='ocrx_word' id='word_1_238' title='bbox 131 3279 316 3348; x_wconf 71' lang='grc' dir='ltr'>κτῆται,</span> <span class='ocrx_word' id='word_1_239' title='bbox 365 3283 724 3352; x_wconf 75' lang='grc' dir='ltr'>μνημονεύων</span> <span class='ocrx_word' id='word_1_240' title='bbox 778 3286 878 3354; x_wconf 80' lang='grc' dir='ltr'>τῆς</span> <span class='ocrx_word' id='word_1_241' title='bbox 920 3285 1102 3348; x_wconf 80' lang='grc' dir='ltr'>ἐξόδου</span> <span class='ocrx_word' id='word_1_242' title='bbox 1144 3285 1239 3337; x_wconf 81' lang='grc' dir='ltr'>τοῦ</span> <span class='ocrx_word' id='word_1_243' title='bbox 1273 3285 1503 3339; x_wconf 81' lang='grc' dir='ltr'>θανάτου</span> <span class='ocrx_word' id='word_1_244' title='bbox 1543 3305 1654 3351; x_wconf 86' lang='grc' dir='ltr'>σου,</span> 
     </span>
    </p>
   </div>
   <div class='ocr_carea' id='block_1_36' title="bbox 125 3367 1658 3447">
    <p class='ocr_par' dir='ltr' id='par_1_36' title="bbox 125 3367 1658 3447">
     <span class='ocr_line' id='line_1_36' title="bbox 125 3367 1658 3447; baseline 0.008 -28"><span class='ocrx_word' id='word_1_245' title='bbox 125 3367 186 3420; x_wconf 79' lang='grc' dir='ltr'>ὅτι</span> <span class='ocrx_word' id='word_1_246' title='bbox 227 3372 314 3422; x_wconf 82' lang='grc' dir='ltr'>ούκ</span> <span class='ocrx_word' id='word_1_247' title='bbox 359 3369 506 3438; x_wconf 76' lang='grc' dir='ltr'>οἶδας</span> <span class='ocrx_word' id='word_1_248' title='bbox 553 3374 682 3445; x_wconf 79' lang='grc' dir='ltr'>ποίᾳ</span> <span class='ocrx_word' id='word_1_249' title='bbox 718 3375 834 3446; x_wconf 76' lang='grc' dir='ltr'>ὥρα</span> <span class='ocrx_word' id='word_1_250' title='bbox 859 3377 886 3426; x_wconf 89' lang='grc' dir='ltr'>ὁ</span> <span class='ocrx_word' id='word_1_251' title='bbox 919 3374 1160 3447; x_wconf 77' lang='grc' dir='ltr'>κλέπτης</span> <span class='ocrx_word' id='word_1_252' title='bbox 1193 3375 1429 3447; x_wconf 73' lang='grc' dir='ltr'>ἔρχεται.</span> <span class='ocrx_word' id='word_1_253' title='bbox 1465 3378 1658 3431; x_wconf 84' lang='grc' dir='ltr'>Λοιπὸν</span> 
     </span>
    </p>
   </div>
   <div class='ocr_carea' id='block_1_37' title="bbox 125 3453 1016 3536">
    <p class='ocr_par' dir='ltr' id='par_1_37' title="bbox 125 3453 1016 3536">
     <span class='ocr_line' id='line_1_37' title="bbox 125 3453 1016 3536; baseline 0.015 -29"><span class='ocrx_word' id='word_1_254' title='bbox 125 3453 212 3522; x_wconf 75' lang='grc' dir='ltr'>οὖν,</span> <span class='ocrx_word' id='word_1_255' title='bbox 234 3459 354 3530; x_wconf 70' lang='grc' dir='ltr'>νῆφε</span> <span class='ocrx_word' id='word_1_256' title='bbox 375 3465 500 3534; x_wconf 72' lang='grc' dir='ltr'>περὶ</span> <span class='ocrx_word' id='word_1_257' title='bbox 522 3463 624 3534; x_wconf 83' lang='grc' dir='ltr'>τῆς</span> <span class='ocrx_word' id='word_1_258' title='bbox 655 3465 790 3528; x_wconf 87' lang='grc' dir='ltr'>ἰδίας</span> <span class='ocrx_word' id='word_1_259' title='bbox 815 3465 1016 3536; x_wconf 73' lang='grc' dir='ltr'>ψυχῆς.</span> 
     </span>
    </p>
   </div>
   <div class='ocr_carea' id='block_1_38' title="bbox 178 3549 1660 3630">
    <p class='ocr_par' dir='ltr' id='par_1_38' title="bbox 178 3549 1660 3630">
     <span class='ocr_line' id='line_1_38' title="bbox 178 3549 1660 3630; baseline 0.007 -26"><span class='ocrx_word' id='word_1_260' title='bbox 178 3553 232 3619; x_wconf 78' lang='grc' dir='ltr'><strong>β’.</strong></span> <span class='ocrx_word' id='word_1_261' title='bbox 263 3549 416 3608; x_wconf 77' lang='grc' dir='ltr'>Εἶπεν</span> <span class='ocrx_word' id='word_1_262' title='bbox 467 3559 496 3609; x_wconf 97' lang='lat'><strong>6</strong></span> <span class='ocrx_word' id='word_1_263' title='bbox 551 3555 724 3620; x_wconf 70' lang='lat' dir='ltr'><strong>assa;</strong></span> <span class='ocrx_word' id='word_1_264' title='bbox 763 3557 1010 3628; x_wconf 80' lang='grc' dir='ltr'>Ῥοῦφος,</span> <span class='ocrx_word' id='word_1_265' title='bbox 1070 3559 1152 3612; x_wconf 88' lang='grc' dir='ltr'>ὄτι</span> <span class='ocrx_word' id='word_1_266' title='bbox 1197 3559 1226 3611; x_wconf 84' lang='lat'><strong>6</strong></span> <span class='ocrx_word' id='word_1_267' title='bbox 1271 3559 1576 3630; x_wconf 74' lang='grc' dir='ltr'>καθήμενος</span> <span class='ocrx_word' id='word_1_268' title='bbox 1601 3561 1660 3614; x_wconf 83' lang='grc' dir='ltr'>ἐν</span> 
     </span>
    </p>
   </div>
   <div class='ocr_carea' id='block_1_39' title="bbox 125 3641 1658 3722">
    <p class='ocr_par' dir='ltr' id='par_1_39' title="bbox 125 3641 1658 3722">
     <span class='ocr_line' id='line_1_39' title="bbox 125 3641 1658 3722; baseline 0.008 -31"><span class='ocrx_word' id='word_1_269' title='bbox 125 3641 324 3715; x_wconf 76' lang='grc' dir='ltr'>ὑποταγῇ</span> <span class='ocrx_word' id='word_1_270' title='bbox 371 3647 579 3716; x_wconf 76' lang='grc' dir='ltr'>πατρὸς</span> <span class='ocrx_word' id='word_1_271' title='bbox 623 3648 1018 3719; x_wconf 79' lang='grc' dir='ltr'>πνευματικοῦ,</span> <span class='ocrx_word' id='word_1_272' title='bbox 1067 3649 1287 3703; x_wconf 81' lang='grc' dir='ltr'>πλείονα</span> <span class='ocrx_word' id='word_1_273' title='bbox 1333 3650 1524 3719; x_wconf 75' lang='grc' dir='ltr'>μισθὸν</span> <span class='ocrx_word' id='word_1_274' title='bbox 1545 3651 1658 3722; x_wconf 73' lang='grc' dir='ltr'>ἔχει</span> 
     </span>
    </p>
   </div>
   <div class='ocr_carea' id='block_1_40' title="bbox 121 3733 1658 3811">
    <p class='ocr_par' dir='ltr' id='par_1_40' title="bbox 121 3733 1658 3811">
     <span class='ocr_line' id='line_1_40' title="bbox 121 3733 1658 3811; baseline 0.008 -28"><span class='ocrx_word' id='word_1_275' title='bbox 121 3733 196 3784; x_wconf 78' lang='grc' dir='ltr'>τοῦ</span> <span class='ocrx_word' id='word_1_276' title='bbox 227 3737 278 3789; x_wconf 80' lang='grc' dir='ltr'>ὲν</span> <span class='ocrx_word' id='word_1_277' title='bbox 307 3742 368 3808; x_wconf 78' lang='grc' dir='ltr'>τῇ</span> <span class='ocrx_word' id='word_1_278' title='bbox 401 3741 597 3810; x_wconf 75' lang='grc' dir='ltr'>ἐρήμῳ</span> <span class='ocrx_word' id='word_1_279' title='bbox 641 3740 760 3793; x_wconf 77' lang='grc' dir='ltr'>καθ’</span> <span class='ocrx_word' id='word_1_280' title='bbox 785 3739 976 3793; x_wconf 78' lang='grc' dir='ltr'>ἑαυτὸν</span> <span class='ocrx_word' id='word_1_281' title='bbox 999 3740 1422 3811; x_wconf 78' lang='grc' dir='ltr'>ἀναχωροῦντος.</span> <span class='ocrx_word' id='word_1_282' title='bbox 1465 3742 1658 3811; x_wconf 86' lang='grc' dir='ltr'>Ἔλεγε</span> 
     </span>
    </p>
   </div>
   <div class='ocr_carea' id='block_1_41' title="bbox 122 3821 1658 3904">
    <p class='ocr_par' dir='ltr' id='par_1_41' title="bbox 122 3821 1658 3904">
     <span class='ocr_line' id='line_1_41' title="bbox 122 3821 1658 3904; baseline 0.008 -28"><span class='ocrx_word' id='word_1_283' title='bbox 179 3823 327 3891; x_wconf 72' lang='grc' dir='ltr'>οὗτος,</span> <span class='ocrx_word' id='word_1_284' title='bbox 350 3831 427 3882; x_wconf 80' lang='grc' dir='ltr'>ὅτι</span> <span class='ocrx_word' id='word_1_285' title='bbox 455 3832 757 3902; x_wconf 75' lang='grc' dir='ltr'>διηγήσατό</span> <span class='ocrx_word' id='word_1_286' title='bbox 783 3850 866 3895; x_wconf 86' lang='grc' dir='ltr'><strong>τις</strong></span> <span class='ocrx_word' id='word_1_287' title='bbox 904 3833 1010 3884; x_wconf 81' lang='grc' dir='ltr'><strong>τῶν</strong></span> <span class='ocrx_word' id='word_1_288' title='bbox 1046 3833 1326 3904; x_wconf 85' lang='grc' dir='ltr'>Πατέρων,</span> <span class='ocrx_word' id='word_1_289' title='bbox 1356 3833 1550 3902; x_wconf 78' lang='grc' dir='ltr'>λέγων,</span> <span class='ocrx_word' id='word_1_290' title='bbox 1577 3838 1658 3890; x_wconf 82' lang='grc' dir='ltr'><strong>ὅτι</strong></span> 
     </span>
    </p>
   </div>
   <div class='ocr_carea' id='block_1_42' title="bbox 122 3909 1658 3996">
    <p class='ocr_par' dir='ltr' id='par_1_42' title="bbox 122 3909 1658 3996">
     <span class='ocr_line' id='line_1_42' title="bbox 122 3909 1658 3996; baseline 0.011 -33"><span class='ocrx_word' id='word_1_291' title='bbox 122 3909 244 3967; x_wconf 75' lang='grc' dir='ltr'>Εἶδον</span> <span class='ocrx_word' id='word_1_292' title='bbox 281 3919 520 3992; x_wconf 81' lang='grc' dir='ltr'>τέσσαρα</span> <span class='ocrx_word' id='word_1_293' title='bbox 571 3923 827 3992; x_wconf 77' lang='grc' dir='ltr'>τάγματα</span> <span class='ocrx_word' id='word_1_294' title='bbox 869 3923 926 3973; x_wconf 84' lang='grc' dir='ltr'>ἐν</span> <span class='ocrx_word' id='word_1_295' title='bbox 969 3921 1046 3992; x_wconf 81' lang='grc' dir='ltr'><strong>τῷ</strong></span> <span class='ocrx_word' id='word_1_296' title='bbox 1080 3922 1294 3994; x_wconf 80' lang='grc' dir='ltr'>οὐρανῷ</span> <span class='ocrx_word' id='word_1_297' title='bbox 1319 3940 1330 3954; x_wconf 92' lang='grc'><strong>·</strong></span> <span class='ocrx_word' id='word_1_298' title='bbox 1365 3924 1658 3996; x_wconf 81' lang='grc' dir='ltr'>τὸπρῶτον</span> 
     </span>
    </p>
   </div>
   <div class='ocr_carea' id='block_1_43' title="bbox 120 4005 1653 4086">
    <p class='ocr_par' dir='ltr' id='par_1_43' title="bbox 120 4005 1653 4086">
     <span class='ocr_line' id='line_1_43' title="bbox 120 4005 1653 4086; baseline 0.005 -27"><span class='ocrx_word' id='word_1_299' title='bbox 120 4005 288 4076; x_wconf 64' lang='grc' dir='ltr'>τάγμα,</span> <span class='ocrx_word' id='word_1_300' title='bbox 319 4011 604 4083; x_wconf 82' lang='grc' dir='ltr'>ἄνθρωπος</span> <span class='ocrx_word' id='word_1_301' title='bbox 641 4013 882 4066; x_wconf 83' lang='grc' dir='ltr'>ἀσθενῶν</span> <span class='ocrx_word' id='word_1_302' title='bbox 911 4015 1004 4065; x_wconf 77' lang='grc' dir='ltr'>καὶ</span> <span class='ocrx_word' id='word_1_303' title='bbox 1033 4013 1370 4086; x_wconf 81' lang='grc' dir='ltr'>εὐχαριστῶν</span> <span class='ocrx_word' id='word_1_304' title='bbox 1392 4014 1468 4085; x_wconf 83' lang='grc' dir='ltr'>τῷ</span> <span class='ocrx_word' id='word_1_305' title='bbox 1497 4013 1616 4084; x_wconf 82' lang='grc' dir='ltr'><strong>Θεῷ</strong></span> <span class='ocrx_word' id='word_1_306' title='bbox 1641 4031 1653 4044; x_wconf 93' lang='grc'><strong>·</strong></span> 
     </span>
    </p>
   </div>
   <div class='ocr_carea' id='block_1_44' title="bbox 121 4099 1658 4175">
    <p class='ocr_par' dir='ltr' id='par_1_44' title="bbox 121 4099 1658 4175">
     <span class='ocr_line' id='line_1_44' title="bbox 121 4099 1658 4175; baseline 0.005 -24"><span class='ocrx_word' id='word_1_307' title='bbox 121 4099 166 4151; x_wconf 69' lang='grc' dir='ltr'>τὸ</span> <span class='ocrx_word' id='word_1_308' title='bbox 191 4101 418 4174; x_wconf 84' lang='grc' dir='ltr'>δεύτερον</span> <span class='ocrx_word' id='word_1_309' title='bbox 445 4108 658 4175; x_wconf 76' lang='grc' dir='ltr'>τάγμα,</span> <span class='ocrx_word' id='word_1_310' title='bbox 695 4108 724 4158; x_wconf 89' lang='lat'><strong>6</strong></span> <span class='ocrx_word' id='word_1_311' title='bbox 752 4108 850 4174; x_wconf 75' lang='grc' dir='ltr'><strong>τὴν</strong></span> <span class='ocrx_word' id='word_1_312' title='bbox 881 4105 1184 4173; x_wconf 78' lang='grc' dir='ltr'>φιλοξενίαν</span> <span class='ocrx_word' id='word_1_313' title='bbox 1212 4103 1422 4158; x_wconf 83' lang='grc' dir='ltr'>διώκων</span> <span class='ocrx_word' id='word_1_314' title='bbox 1452 4108 1546 4158; x_wconf 74' lang='grc' dir='ltr'>καὶ</span> <span class='ocrx_word' id='word_1_315' title='bbox 1579 4109 1658 4169; x_wconf 84' lang='grc' dir='ltr'>εἰς</span> 
     </span>
    </p>
   </div>
   <div class='ocr_carea' id='block_1_45' title="bbox 120 4191 1656 4268">
    <p class='ocr_par' dir='ltr' id='par_1_45' title="bbox 120 4191 1656 4268">
     <span class='ocr_line' id='line_1_45' title="bbox 120 4191 1656 4268; baseline 0.007 -27"><span class='ocrx_word' id='word_1_316' title='bbox 120 4191 250 4246; x_wconf 74' lang='grc' dir='ltr'>τοῦτο</span> <span class='ocrx_word' id='word_1_317' title='bbox 289 4197 574 4266; x_wconf 75' lang='grc' dir='ltr'>ἱστάμενος</span> <span class='ocrx_word' id='word_1_318' title='bbox 617 4200 712 4250; x_wconf 51' lang='grc' dir='ltr'><strong>καὶ⁸</strong></span> <span class='ocrx_word' id='word_1_319' title='bbox 754 4198 1016 4251; x_wconf 81' lang='grc' dir='ltr'>διακονῶν</span> <span class='ocrx_word' id='word_1_320' title='bbox 1038 4215 1052 4227; x_wconf 88' lang='grc'><strong>·</strong></span> <span class='ocrx_word' id='word_1_321' title='bbox 1099 4193 1160 4250; x_wconf 74' lang='grc' dir='ltr'>τὸ</span> <span class='ocrx_word' id='word_1_322' title='bbox 1186 4199 1366 4268; x_wconf 87' lang='grc' dir='ltr'>τρίτον</span> <span class='ocrx_word' id='word_1_323' title='bbox 1399 4199 1605 4268; x_wconf 76' lang='grc' dir='ltr'>τάγμα,</span> <span class='ocrx_word' id='word_1_324' title='bbox 1628 4201 1656 4250; x_wconf 85' lang='lat'><strong>6</strong></span> 
     </span>
    </p>
   </div>
   <div class='ocr_carea' id='block_1_46' title="bbox 119 4282 1658 4358">
    <p class='ocr_par' dir='ltr' id='par_1_46' title="bbox 119 4282 1658 4358">
     <span class='ocr_line' id='line_1_46' title="bbox 119 4282 1658 4358; baseline 0.004 -22"><span class='ocrx_word' id='word_1_325' title='bbox 119 4282 196 4350; x_wconf 70' lang='grc' dir='ltr'>τὴν</span> <span class='ocrx_word' id='word_1_326' title='bbox 245 4285 438 4356; x_wconf 78' lang='grc' dir='ltr'>ἔρημον</span> <span class='ocrx_word' id='word_1_327' title='bbox 498 4287 714 4340; x_wconf 82' lang='grc' dir='ltr'>διώκων</span> <span class='ocrx_word' id='word_1_328' title='bbox 745 4289 840 4342; x_wconf 74' lang='grc' dir='ltr'>καὶ</span> <span class='ocrx_word' id='word_1_329' title='bbox 886 4289 960 4357; x_wconf 86' lang='grc' dir='ltr'>μὴ</span> <span class='ocrx_word' id='word_1_330' title='bbox 996 4287 1208 4357; x_wconf 79' lang='grc' dir='ltr'>βλέπων</span> <span class='ocrx_word' id='word_1_331' title='bbox 1249 4287 1532 4358; x_wconf 80' lang='grc' dir='ltr'>ἄνθρωπον</span> <span class='ocrx_word' id='word_1_332' title='bbox 1554 4307 1566 4320; x_wconf 91' lang='grc'><strong>·</strong></span> <span class='ocrx_word' id='word_1_333' title='bbox 1596 4291 1658 4342; x_wconf 78' lang='grc' dir='ltr'>τὸ</span> 
     </span>
    </p>
   </div>
   <div class='ocr_carea' id='block_1_47' title="bbox 119 4373 1656 4452">
    <p class='ocr_par' dir='ltr' id='par_1_47' title="bbox 119 4373 1656 4452">
     <span class='ocr_line' id='line_1_47' title="bbox 119 4373 1656 4452; baseline 0.006 -29"><span class='ocrx_word' id='word_1_334' title='bbox 119 4373 336 4445; x_wconf 81' lang='grc' dir='ltr'>τέταρτον</span> <span class='ocrx_word' id='word_1_335' title='bbox 389 4381 605 4448; x_wconf 82' lang='grc' dir='ltr'>τάγμα,</span> <span class='ocrx_word' id='word_1_336' title='bbox 660 4381 687 4432; x_wconf 89' lang='lat'><strong>6</strong></span> <span class='ocrx_word' id='word_1_337' title='bbox 727 4381 782 4431; x_wconf 81' lang='grc' dir='ltr'>ἐν</span> <span class='ocrx_word' id='word_1_338' title='bbox 821 4381 1066 4450; x_wconf 76' lang='grc' dir='ltr'>ὑποταγῇ</span> <span class='ocrx_word' id='word_1_339' title='bbox 1103 4379 1413 4452; x_wconf 85' lang='grc' dir='ltr'>καθήμενος</span> <span class='ocrx_word' id='word_1_340' title='bbox 1449 4379 1656 4450; x_wconf 84' lang='grc' dir='ltr'>πατρὸς</span> 
     </span>
    </p>
   </div>
   <div class='ocr_carea' id='block_1_48' title="bbox 121 4465 1656 4541">
    <p class='ocr_par' dir='ltr' id='par_1_48' title="bbox 121 4465 1656 4541">
     <span class='ocr_line' id='line_1_48' title="bbox 121 4465 1656 4541; baseline 0.005 -27"><span class='ocrx_word' id='word_1_341' title='bbox 121 4465 194 4516; x_wconf 81' lang='grc' dir='ltr'><strong>καὶ</strong></span> <span class='ocrx_word' id='word_1_342' title='bbox 235 4467 672 4539; x_wconf 77' lang='grc' dir='ltr'>ὑποτασσόμενος</span> <span class='ocrx_word' id='word_1_343' title='bbox 727 4469 876 4538; x_wconf 80' lang='grc' dir='ltr'>αὐτῷ</span> <span class='ocrx_word' id='word_1_344' title='bbox 913 4469 1000 4523; x_wconf 81' lang='grc' dir='ltr'><strong>διὰ</strong></span> <span class='ocrx_word' id='word_1_345' title='bbox 1041 4471 1134 4524; x_wconf 79' lang='grc' dir='ltr'><strong>τὸν</strong></span> <span class='ocrx_word' id='word_1_346' title='bbox 1167 4469 1390 4541; x_wconf 80' lang='grc' dir='ltr'>Κύριον.</span> <span class='ocrx_word' id='word_1_347' title='bbox 1439 4470 1656 4539; x_wconf 77' lang='grc' dir='ltr'>Ἐφόρει</span> 
     </span>
    </p>
   </div>
   <div class='ocr_carea' id='block_1_49' title="bbox 120 4555 1656 4636">
    <p class='ocr_par' dir='ltr' id='par_1_49' title="bbox 120 4555 1656 4636">
     <span class='ocr_line' id='line_1_49' title="bbox 120 4555 1656 4636; baseline 0.007 -29"><span class='ocrx_word' id='word_1_348' title='bbox 120 4555 162 4604; x_wconf 73' lang='grc' dir='ltr'><strong>δὲ</strong></span> <span class='ocrx_word' id='word_1_349' title='bbox 185 4558 302 4613; x_wconf 67' lang='grc' dir='ltr'><strong>όόιὰ</strong></span> <span class='ocrx_word' id='word_1_350' title='bbox 337 4563 434 4633; x_wconf 74' lang='grc' dir='ltr'>τὴν</span> <span class='ocrx_word' id='word_1_351' title='bbox 451 4564 704 4633; x_wconf 74' lang='grc' dir='ltr'>ὑπακοὴν</span> <span class='ocrx_word' id='word_1_352' title='bbox 733 4562 1006 4633; x_wconf 74' lang='grc' dir='ltr'>μανιάκην</span> <span class='ocrx_word' id='word_1_353' title='bbox 1021 4564 1256 4634; x_wconf 75' lang='grc' dir='ltr'>χρυσοῦν</span> <span class='ocrx_word' id='word_1_354' title='bbox 1287 4565 1381 4618; x_wconf 74' lang='grc' dir='ltr'>καὶ</span> <span class='ocrx_word' id='word_1_355' title='bbox 1401 4565 1656 4636; x_wconf 80' lang='grc' dir='ltr'>γοργόνα,</span> 
     </span>
    </p>
   </div>
   <div class='ocr_carea' id='block_1_50' title="bbox 119 4646 1654 4725">
    <p class='ocr_par' dir='ltr' id='par_1_50' title="bbox 119 4646 1654 4725">
     <span class='ocr_line' id='line_1_50' title="bbox 119 4646 1654 4725; baseline 0.008 -29"><span class='ocrx_word' id='word_1_356' title='bbox 119 4646 188 4700; x_wconf 77' lang='grc' dir='ltr'>καὶ</span> <span class='ocrx_word' id='word_1_357' title='bbox 237 4651 448 4707; x_wconf 77' lang='grc' dir='ltr'>πλείονα</span> <span class='ocrx_word' id='word_1_358' title='bbox 496 4655 608 4706; x_wconf 81' lang='grc' dir='ltr'><strong>τῶν</strong></span> <span class='ocrx_word' id='word_1_359' title='bbox 653 4653 826 4708; x_wconf 80' lang='grc' dir='ltr'>ἄλλων</span> <span class='ocrx_word' id='word_1_360' title='bbox 863 4653 1022 4717; x_wconf 74' lang='grc' dir='ltr'>δόξαν</span> <span class='ocrx_word' id='word_1_361' title='bbox 1060 4650 1205 4724; x_wconf 77' lang='grc' dir='ltr'>εἶχεν</span> <span class='ocrx_word' id='word_1_362' title='bbox 1229 4656 1362 4725; x_wconf 72' lang='grc'>(29).</span> <span class='ocrx_word' id='word_1_363' title='bbox 1407 4656 1544 4724; x_wconf 84' lang='grc' dir='ltr'><strong>Ἐγὼ</strong></span> <span class='ocrx_word' id='word_1_364' title='bbox 1576 4657 1654 4718; x_wconf 84' lang='grc' dir='ltr'><strong>δὲ,</strong></span> 
     </span>
    </p>
   </div>
   <div class='ocr_carea' id='block_1_51' title="bbox 119 4740 1658 4820">
    <p class='ocr_par' dir='ltr' id='par_1_51' title="bbox 119 4740 1658 4820">
     <span class='ocr_line' id='line_1_51' title="bbox 119 4740 1658 4820; baseline 0.001 -20"><span class='ocrx_word' id='word_1_365' title='bbox 119 4740 242 4808; x_wconf 63' lang='grc' dir='ltr'><strong>φησὶ,</strong></span> <span class='ocrx_word' id='word_1_366' title='bbox 267 4740 414 4798; x_wconf 81' lang='grc' dir='ltr'>εἷπον</span> <span class='ocrx_word' id='word_1_367' title='bbox 437 4745 520 4816; x_wconf 83' lang='grc' dir='ltr'>τῷ</span> <span class='ocrx_word' id='word_1_368' title='bbox 543 4745 828 4816; x_wconf 82' lang='grc' dir='ltr'>όδηγοῦντί</span> <span class='ocrx_word' id='word_1_369' title='bbox 863 4763 952 4815; x_wconf 88' lang='grc' dir='ltr'><strong>με,</strong></span> <span class='ocrx_word' id='word_1_370' title='bbox 981 4745 1064 4799; x_wconf 84' lang='grc' dir='ltr'>ὅτι</span> <span class='ocrx_word' id='word_1_371' title='bbox 1091 4747 1216 4809; x_wconf 82' lang='grc' dir='ltr'>Πῶς</span> <span class='ocrx_word' id='word_1_372' title='bbox 1239 4741 1392 4811; x_wconf 75' lang='grc' dir='ltr'>οὗτος</span> <span class='ocrx_word' id='word_1_373' title='bbox 1411 4751 1440 4802; x_wconf 91' lang='lat'><strong>6</strong></span> <span class='ocrx_word' id='word_1_374' title='bbox 1467 4749 1658 4820; x_wconf 88' lang='grc' dir='ltr'>μικρό-</span> 
     </span>
    </p>
   </div>
   <div class='ocr_carea' id='block_1_52' title="bbox 117 4837 1654 4909">
    <p class='ocr_par' dir='ltr' id='par_1_52' title="bbox 117 4837 1654 4909">
     <span class='ocr_line' id='line_1_52' title="bbox 117 4837 1654 4909; baseline 0.02 -29"><span class='ocrx_word' id='word_1_375' title='bbox 117 4841 244 4898; x_wconf 79' lang='grc' dir='ltr'>τερος</span> <span class='ocrx_word' id='word_1_376' title='bbox 291 4837 434 4906; x_wconf 80' lang='grc' dir='ltr'>παρὰ</span> <span class='ocrx_word' id='word_1_377' title='bbox 474 4839 608 4901; x_wconf 71' lang='grc' dir='ltr'>τοὺς</span> <span class='ocrx_word' id='word_1_378' title='bbox 645 4838 838 4901; x_wconf 77' lang='grc' dir='ltr'>ἄλλους</span> <span class='ocrx_word' id='word_1_379' title='bbox 889 4839 1108 4892; x_wconf 86' lang='grc' dir='ltr'>πλείονα</span> <span class='ocrx_word' id='word_1_380' title='bbox 1137 4839 1294 4904; x_wconf 82' lang='grc' dir='ltr'>δόξαν</span> <span class='ocrx_word' id='word_1_381' title='bbox 1328 4839 1470 4909; x_wconf 78' lang='grc' dir='ltr'>ἐχει;</span> <span class='ocrx_word' id='word_1_382' title='bbox 1519 4842 1576 4892; x_wconf 82' lang='grc' dir='ltr'>Ὁ</span> <span class='ocrx_word' id='word_1_383' title='bbox 1597 4840 1654 4893; x_wconf 67' lang='grc' dir='ltr'><strong>δὲ</strong></span> 
     </span>
    </p>
   </div>
   <div class='ocr_carea' id='block_1_53' title="bbox 117 4920 1652 5001">
    <p class='ocr_par' dir='ltr' id='par_1_53' title="bbox 117 4920 1652 5001">
     <span class='ocr_line' id='line_1_53' title="bbox 117 4920 1652 5001; baseline 0.007 -27"><span class='ocrx_word' id='word_1_384' title='bbox 117 4920 395 4996; x_wconf 76' lang='grc' dir='ltr'>ἀποκριθεὶς</span> <span class='ocrx_word' id='word_1_385' title='bbox 421 4927 548 4983; x_wconf 78' lang='grc' dir='ltr'><strong>εἶπέ</strong></span> <span class='ocrx_word' id='word_1_386' title='bbox 565 4949 656 5001; x_wconf 87' lang='grc' dir='ltr'><strong>μοι</strong></span> <span class='ocrx_word' id='word_1_387' title='bbox 678 4949 690 4962; x_wconf 75' lang='grc'><strong><em>⁸</em></strong></span> <span class='ocrx_word' id='word_1_388' title='bbox 728 4931 944 5001; x_wconf 79' lang='grc' dir='ltr'>Ἐπειδὴ</span> <span class='ocrx_word' id='word_1_389' title='bbox 966 4934 992 4983; x_wconf 87' lang='lat'><strong>6</strong></span> <span class='ocrx_word' id='word_1_390' title='bbox 1007 4932 1104 5000; x_wconf 76' lang='grc' dir='ltr'>τὴν</span> <span class='ocrx_word' id='word_1_391' title='bbox 1119 4931 1420 5000; x_wconf 77' lang='grc' dir='ltr'>φιλοξενίαν</span> <span class='ocrx_word' id='word_1_392' title='bbox 1443 4930 1652 4984; x_wconf 82' lang='grc' dir='ltr'>διώκων</span> 
     </span>
    </p>
   </div>
   <div class='ocr_carea' id='block_1_54' title="bbox 117 5011 1652 5093">
    <p class='ocr_par' dir='ltr' id='par_1_54' title="bbox 117 5011 1652 5093">
     <span class='ocr_line' id='line_1_54' title="bbox 117 5011 1652 5093; baseline 0.003 -23"><span class='ocrx_word' id='word_1_393' title='bbox 117 5011 208 5083; x_wconf 74' lang='grc' dir='ltr'>ἰδίῳ</span> <span class='ocrx_word' id='word_1_394' title='bbox 248 5017 510 5090; x_wconf 77' lang='grc' dir='ltr'>θελήματι</span> <span class='ocrx_word' id='word_1_395' title='bbox 541 5025 717 5074; x_wconf 83' lang='grc' dir='ltr'>ποιεῖ·</span> <span class='ocrx_word' id='word_1_396' title='bbox 749 5022 842 5074; x_wconf 74' lang='grc' dir='ltr'>καὶ</span> <span class='ocrx_word' id='word_1_397' title='bbox 877 5025 904 5074; x_wconf 84' lang='grc' dir='ltr'>ὁ</span> <span class='ocrx_word' id='word_1_398' title='bbox 949 5024 1028 5085; x_wconf 84' lang='grc' dir='ltr'><strong>εἰς</strong></span> <span class='ocrx_word' id='word_1_399' title='bbox 1065 5023 1164 5092; x_wconf 86' lang='grc' dir='ltr'>τὴν</span> <span class='ocrx_word' id='word_1_400' title='bbox 1197 5021 1401 5092; x_wconf 77' lang='grc' dir='ltr'>ἔρημον</span> <span class='ocrx_word' id='word_1_401' title='bbox 1433 5023 1506 5074; x_wconf 80' lang='grc' dir='ltr'><strong>ὢν</strong></span> <span class='ocrx_word' id='word_1_402' title='bbox 1539 5023 1652 5093; x_wconf 78' lang='grc' dir='ltr'>ἰδίῳ</span> 
     </span>
    </p>
   </div>
   <div class='ocr_carea' id='block_1_55' title="bbox 113 5102 1650 5185">
    <p class='ocr_par' dir='ltr' id='par_1_55' title="bbox 113 5102 1650 5185">
     <span class='ocr_line' id='line_1_55' title="bbox 113 5102 1650 5185; baseline 0.012 -33"><span class='ocrx_word' id='word_1_403' title='bbox 113 5102 336 5177; x_wconf 70' lang='grc' dir='ltr'>θελήματι</span> <span class='ocrx_word' id='word_1_404' title='bbox 361 5113 712 5184; x_wconf 81' lang='grc' dir='ltr'>ἀνεχώρησεν</span> <span class='ocrx_word' id='word_1_405' title='bbox 735 5129 748 5142; x_wconf 78' lang='grc'><strong>⁸</strong></span> <span class='ocrx_word' id='word_1_406' title='bbox 771 5109 923 5176; x_wconf 70' lang='grc' dir='ltr'>οὗτος</span> <span class='ocrx_word' id='word_1_407' title='bbox 951 5112 1006 5167; x_wconf 80' lang='grc' dir='ltr'>δὲ</span> <span class='ocrx_word' id='word_1_408' title='bbox 1027 5113 1056 5166; x_wconf 86' lang='lat'><strong>6</strong></span> <span class='ocrx_word' id='word_1_409' title='bbox 1081 5115 1180 5185; x_wconf 74' lang='grc' dir='ltr'>τὴν</span> <span class='ocrx_word' id='word_1_410' title='bbox 1212 5115 1458 5185; x_wconf 82' lang='grc' dir='ltr'>ὑπακοὴν</span> <span class='ocrx_word' id='word_1_411' title='bbox 1489 5115 1650 5185; x_wconf 77' lang='grc' dir='ltr'>ἔχων.</span> 
     </span>
    </p>
   </div>
   <div class='ocr_carea' id='block_1_56' title="bbox 1764 505 3338 578">
    <p class='ocr_par' dir='ltr' id='par_1_56' title="bbox 1764 505 3338 578">
     <span class='ocr_line' id='line_1_56' title="bbox 1764 505 3338 578; baseline 0.007 -24"><span class='ocrx_word' id='word_1_412' title='bbox 1764 505 1942 572; x_wconf 85' lang='lat' dir='ltr'><strong>quiete</strong></span> <span class='ocrx_word' id='word_1_413' title='bbox 1981 523 2206 574; x_wconf 83' lang='lat' dir='ltr'><strong>parvum</strong></span> <span class='ocrx_word' id='word_1_414' title='bbox 2241 523 2418 562; x_wconf 88' lang='lat' dir='ltr'><strong>meum</strong></span> <span class='ocrx_word' id='word_1_415' title='bbox 2447 509 2680 562; x_wconf 79' lang='lat' dir='ltr'><strong>cilicium</strong></span> <span class='ocrx_word' id='word_1_416' title='bbox 2729 511 2915 564; x_wconf 83' lang='lat' dir='ltr'><strong>recito.</strong></span> <span class='ocrx_word' id='word_1_417' title='bbox 2951 509 3136 578; x_wconf 88' lang='lat' dir='ltr'><strong>Itaque</strong></span> <span class='ocrx_word' id='word_1_418' title='bbox 3177 511 3338 566; x_wconf 78' lang='lat' dir='ltr'><strong>obse-</strong></span> 
     </span>
    </p>
   </div>
   <div class='ocr_carea' id='block_1_57' title="bbox 1763 598 3344 658">
    <p class='ocr_par' dir='ltr' id='par_1_57' title="bbox 1763 598 3344 658">
     <span class='ocr_line' id='line_1_57' title="bbox 1763 598 3344 658; baseline 0.006 -12"><span class='ocrx_word' id='word_1_419' title='bbox 1763 609 1858 646; x_wconf 88' lang='lat' dir='ltr'><strong>cro</strong></span> <span class='ocrx_word' id='word_1_420' title='bbox 1907 605 1978 656; x_wconf 89' lang='lat' dir='ltr'><strong>te,</strong></span> <span class='ocrx_word' id='word_1_421' title='bbox 2012 598 2170 658; x_wconf 83' lang='lat' dir='ltr'><strong>abba,</strong></span> <span class='ocrx_word' id='word_1_422' title='bbox 2213 615 2280 652; x_wconf 87' lang='lat' dir='ltr'><strong>ne</strong></span> <span class='ocrx_word' id='word_1_423' title='bbox 2319 599 2610 654; x_wconf 84' lang='lat' dir='ltr'><strong>oileudaris</strong></span> <span class='ocrx_word' id='word_1_424' title='bbox 2655 615 2772 654; x_wconf 88' lang='lat' dir='ltr'><strong>mea</strong></span> <span class='ocrx_word' id='word_1_425' title='bbox 2811 600 3203 654; x_wconf 76' lang='lat' dir='ltr'><strong>imbecillitate.</strong></span> <span class='ocrx_word' id='word_1_426' title='bbox 3241 599 3344 656; x_wconf 79' lang='lat' dir='ltr'><strong>His</strong></span> 
     </span>
    </p>
   </div>
   <div class='ocr_carea' id='block_1_58' title="bbox 1763 689 3340 761">
    <p class='ocr_par' dir='ltr' id='par_1_58' title="bbox 1763 689 3340 761">
     <span class='ocr_line' id='line_1_58' title="bbox 1763 689 3340 761; baseline 0.005 -23"><span class='ocrx_word' id='word_1_427' title='bbox 1763 689 1985 751; x_wconf 84' lang='lat' dir='ltr'><strong>auditis,</strong></span> <span class='ocrx_word' id='word_1_428' title='bbox 2033 689 2358 761; x_wconf 58' lang='lat' dir='ltr'><strong>Egyptius,</strong></span> <span class='ocrx_word' id='word_1_429' title='bbox 2397 693 2462 746; x_wconf 90' lang='lat' dir='ltr'><strong>ad</strong></span> <span class='ocrx_word' id='word_1_430' title='bbox 2496 708 2554 748; x_wconf 87' lang='lat' dir='ltr'><strong>se</strong></span> <span class='ocrx_word' id='word_1_431' title='bbox 2599 693 2837 756; x_wconf 87' lang='lat' dir='ltr'><strong>rediens,</strong></span> <span class='ocrx_word' id='word_1_432' title='bbox 2877 692 3013 746; x_wconf 83' lang='lat' dir='ltr'><strong>dixit</strong></span> <span class='ocrx_word' id='word_1_433' title='bbox 3037 713 3051 747; x_wconf 87' lang='lat'><strong>:</strong></span> <span class='ocrx_word' id='word_1_434' title='bbox 3078 691 3170 746; x_wconf 72' lang='lat' dir='ltr'><strong>Vae</strong></span> <span class='ocrx_word' id='word_1_435' title='bbox 3201 694 3340 747; x_wconf 87' lang='lat' dir='ltr'><strong>mihi</strong></span> 
     </span>
    </p>
   </div>
   <div class='ocr_carea' id='block_1_59' title="bbox 1763 783 3340 850">
    <p class='ocr_par' dir='ltr' id='par_1_59' title="bbox 1763 783 3340 850">
     <span class='ocr_line' id='line_1_59' title="bbox 1763 783 3340 850; baseline 0.003 -16"><span class='ocrx_word' id='word_1_436' title='bbox 1763 784 1904 850; x_wconf 87' lang='lat' dir='ltr'><strong>quod</strong></span> <span class='ocrx_word' id='word_1_437' title='bbox 1937 797 1968 836; x_wconf 87' lang='lat' dir='ltr'><strong>a</strong></span> <span class='ocrx_word' id='word_1_438' title='bbox 2001 783 2168 837; x_wconf 82' lang='lat' dir='ltr'><strong>multa</strong></span> <span class='ocrx_word' id='word_1_439' title='bbox 2199 785 2380 838; x_wconf 66' lang='lat' dir='ltr'><strong>saeculi</strong></span> <span class='ocrx_word' id='word_1_440' title='bbox 2405 786 2735 846; x_wconf 88' lang='lat' dir='ltr'><strong>calamitate,</strong></span> <span class='ocrx_word' id='word_1_441' title='bbox 2761 786 2814 838; x_wconf 87' lang='lat' dir='ltr'><strong>in</strong></span> <span class='ocrx_word' id='word_1_442' title='bbox 2847 793 3050 840; x_wconf 86' lang='lat' dir='ltr'><strong>statum</strong></span> <span class='ocrx_word' id='word_1_443' title='bbox 3091 801 3340 838; x_wconf 57' lang='lat' dir='ltr'><strong>comnio-</strong></span> 
     </span>
    </p>
   </div>
   <div class='ocr_carea' id='block_1_60' title="bbox 1763 875 3332 946">
    <p class='ocr_par' dir='ltr' id='par_1_60' title="bbox 1763 875 3332 946">
     <span class='ocr_line' id='line_1_60' title="bbox 1763 875 3332 946; baseline 0.001 -20"><span class='ocrx_word' id='word_1_444' title='bbox 1763 875 1890 926; x_wconf 87' lang='lat' dir='ltr'><strong>dum</strong></span> <span class='ocrx_word' id='word_1_445' title='bbox 1921 876 2079 938; x_wconf 86' lang='lat' dir='ltr'><strong>veni;</strong></span> <span class='ocrx_word' id='word_1_446' title='bbox 2117 891 2344 946; x_wconf 63' lang='lat' dir='ltr'><strong>quaeque</strong></span> <span class='ocrx_word' id='word_1_447' title='bbox 2373 885 2504 930; x_wconf 89' lang='lat' dir='ltr'><strong>tunc</strong></span> <span class='ocrx_word' id='word_1_448' title='bbox 2527 893 2632 930; x_wconf 87' lang='lat' dir='ltr'><strong>non</strong></span> <span class='ocrx_word' id='word_1_449' title='bbox 2659 877 2944 941; x_wconf 85' lang='lat' dir='ltr'><strong>habebam,</strong></span> <span class='ocrx_word' id='word_1_450' title='bbox 2969 893 3112 931; x_wconf 89' lang='lat' dir='ltr'><strong>nunc</strong></span> <span class='ocrx_word' id='word_1_451' title='bbox 3139 878 3332 930; x_wconf 79' lang='lat' dir='ltr'><strong>habeo:</strong></span> 
     </span>
    </p>
   </div>
   <div class='ocr_carea' id='block_1_61' title="bbox 1765 969 3341 1030">
    <p class='ocr_par' dir='ltr' id='par_1_61' title="bbox 1765 969 3341 1030">
     <span class='ocr_line' id='line_1_61' title="bbox 1765 969 3341 1030; baseline 0.003 -14"><span class='ocrx_word' id='word_1_452' title='bbox 1765 975 1822 1016; x_wconf 88' lang='grc' dir='ltr'><strong>ιιι</strong></span> <span class='ocrx_word' id='word_1_453' title='bbox 1863 980 1988 1020; x_wconf 87' lang='lat' dir='ltr'><strong>vero</strong></span> <span class='ocrx_word' id='word_1_454' title='bbox 2023 983 2052 1020; x_wconf 88' lang='lat' dir='ltr'><strong>a</strong></span> <span class='ocrx_word' id='word_1_455' title='bbox 2089 969 2257 1021; x_wconf 91' lang='lat' dir='ltr'><strong>multa</strong></span> <span class='ocrx_word' id='word_1_456' title='bbox 2291 969 2704 1030; x_wconf 86' lang='lat' dir='ltr'><strong>commoditate,</strong></span> <span class='ocrx_word' id='word_1_457' title='bbox 2749 969 2946 1024; x_wconf 87' lang='lat' dir='ltr'><strong>venisti</strong></span> <span class='ocrx_word' id='word_1_458' title='bbox 2979 970 3046 1023; x_wconf 86' lang='lat' dir='ltr'><strong>ad</strong></span> <span class='ocrx_word' id='word_1_459' title='bbox 3091 971 3341 1022; x_wconf 79' lang='lat' dir='ltr'><strong>vexatio-</strong></span> 
     </span>
    </p>
   </div>
   <div class='ocr_carea' id='block_1_62' title="bbox 1764 1059 3338 1128">
    <p class='ocr_par' dir='ltr' id='par_1_62' title="bbox 1764 1059 3338 1128">
     <span class='ocr_line' id='line_1_62' title="bbox 1764 1059 3338 1128; baseline 0.001 -18"><span class='ocrx_word' id='word_1_460' title='bbox 1764 1071 1922 1122; x_wconf 86' lang='lat' dir='ltr'><strong>nem;</strong></span> <span class='ocrx_word' id='word_1_461' title='bbox 1963 1071 1994 1110; x_wconf 87' lang='lat' dir='ltr'><strong>a</strong></span> <span class='ocrx_word' id='word_1_462' title='bbox 2035 1059 2205 1111; x_wconf 88' lang='lat' dir='ltr'><strong>multa</strong></span> <span class='ocrx_word' id='word_1_463' title='bbox 2249 1059 2419 1128; x_wconf 74' lang='lat' dir='ltr'><strong>gloria</strong></span> <span class='ocrx_word' id='word_1_464' title='bbox 2453 1067 2508 1112; x_wconf 90' lang='lat' dir='ltr'><strong>et</strong></span> <span class='ocrx_word' id='word_1_465' title='bbox 2538 1059 2746 1114; x_wconf 84' lang='lat' dir='ltr'><strong>divitiis</strong></span> <span class='ocrx_word' id='word_1_466' title='bbox 2787 1061 2854 1113; x_wconf 88' lang='lat' dir='ltr'><strong>ad</strong></span> <span class='ocrx_word' id='word_1_467' title='bbox 2888 1060 3244 1127; x_wconf 83' lang='lat' dir='ltr'><strong>dejectionem</strong></span> <span class='ocrx_word' id='word_1_468' title='bbox 3279 1070 3338 1114; x_wconf 88' lang='lat' dir='ltr'><strong>et</strong></span> 
     </span>
    </p>
   </div>
   <div class='ocr_carea' id='block_1_63' title="bbox 1763 1152 3339 1222">
    <p class='ocr_par' dir='ltr' id='par_1_63' title="bbox 1763 1152 3339 1222">
     <span class='ocr_line' id='line_1_63' title="bbox 1763 1152 3339 1222; baseline 0.001 -20"><span class='ocrx_word' id='word_1_469' title='bbox 1763 1159 2158 1220; x_wconf 83' lang='lat' dir='ltr'><strong>paupertatem.</strong></span> <span class='ocrx_word' id='word_1_470' title='bbox 2225 1152 2410 1221; x_wconf 88' lang='lat' dir='ltr'><strong>Itaque</strong></span> <span class='ocrx_word' id='word_1_471' title='bbox 2455 1152 2656 1222; x_wconf 81' lang='lat' dir='ltr'><strong>ingenti</strong></span> <span class='ocrx_word' id='word_1_472' title='bbox 2706 1167 2830 1206; x_wconf 92' lang='lat' dir='ltr'><strong>cum</strong></span> <span class='ocrx_word' id='word_1_473' title='bbox 2881 1153 3079 1206; x_wconf 63' lang='lat' dir='ltr'><strong>animae</strong></span> <span class='ocrx_word' id='word_1_474' title='bbox 3125 1153 3339 1206; x_wconf 76' lang='lat' dir='ltr'><strong>emolu-</strong></span> 
     </span>
    </p>
   </div>
   <div class='ocr_carea' id='block_1_64' title="bbox 1763 1241 3343 1312">
    <p class='ocr_par' dir='ltr' id='par_1_64' title="bbox 1763 1241 3343 1312">
     <span class='ocr_line' id='line_1_64' title="bbox 1763 1241 3343 1312; baseline 0.003 -19"><span class='ocrx_word' id='word_1_475' title='bbox 1763 1251 1946 1296; x_wconf 86' lang='lat' dir='ltr'><strong>mento</strong></span> <span class='ocrx_word' id='word_1_476' title='bbox 1979 1241 2251 1304; x_wconf 86' lang='lat' dir='ltr'><strong>discessit,</strong></span> <span class='ocrx_word' id='word_1_477' title='bbox 2289 1243 2574 1312; x_wconf 78' lang='lat' dir='ltr'><strong>factusque</strong></span> <span class='ocrx_word' id='word_1_478' title='bbox 2601 1253 2684 1298; x_wconf 87' lang='lat' dir='ltr'><strong>est</strong></span> <span class='ocrx_word' id='word_1_479' title='bbox 2711 1243 2859 1298; x_wconf 90' lang='lat' dir='ltr'><strong>illius</strong></span> <span class='ocrx_word' id='word_1_480' title='bbox 2897 1243 3128 1306; x_wconf 87' lang='lat' dir='ltr'><strong>amicus,</strong></span> <span class='ocrx_word' id='word_1_481' title='bbox 3151 1250 3204 1298; x_wconf 89' lang='lat' dir='ltr'><strong>et</strong></span> <span class='ocrx_word' id='word_1_482' title='bbox 3227 1243 3343 1298; x_wconf 79' lang='lat' dir='ltr'><strong>fre-</strong></span> 
     </span>
    </p>
   </div>
   <div class='ocr_carea' id='block_1_65' title="bbox 1761 1333 3330 1403">
    <p class='ocr_par' dir='ltr' id='par_1_65' title="bbox 1761 1333 3330 1403">
     <span class='ocr_line' id='line_1_65' title="bbox 1761 1333 3330 1403; baseline 0.004 -21"><span class='ocrx_word' id='word_1_483' title='bbox 1761 1341 1992 1401; x_wconf 82' lang='lat' dir='ltr'><strong>quenter</strong></span> <span class='ocrx_word' id='word_1_484' title='bbox 2024 1333 2088 1386; x_wconf 90' lang='lat' dir='ltr'><strong>ad</strong></span> <span class='ocrx_word' id='word_1_485' title='bbox 2131 1349 2256 1389; x_wconf 88' lang='lat' dir='ltr'><strong>eum</strong></span> <span class='ocrx_word' id='word_1_486' title='bbox 2307 1335 2790 1403; x_wconf 79' lang='lat' dir='ltr'><strong>proﬁciscebatur,</strong></span> <span class='ocrx_word' id='word_1_487' title='bbox 2845 1334 3094 1389; x_wconf 83' lang='lat' dir='ltr'><strong>utilitatis</strong></span> <span class='ocrx_word' id='word_1_488' title='bbox 3141 1349 3330 1388; x_wconf 85' lang='lat' dir='ltr'><strong>causa.</strong></span> 
     </span>
    </p>
   </div>
   <div class='ocr_carea' id='block_1_66' title="bbox 1764 1423 3332 1496">
    <p class='ocr_par' dir='ltr' id='par_1_66' title="bbox 1764 1423 3332 1496">
     <span class='ocr_line' id='line_1_66' title="bbox 1764 1423 3332 1496; baseline 0.002 -20"><span class='ocrx_word' id='word_1_489' title='bbox 1764 1423 1894 1478; x_wconf 83' lang='lat' dir='ltr'><strong>Erat</strong></span> <span class='ocrx_word' id='word_1_490' title='bbox 1922 1427 2065 1480; x_wconf 90' lang='lat' dir='ltr'><strong>enim</strong></span> <span class='ocrx_word' id='word_1_491' title='bbox 2096 1428 2178 1480; x_wconf 84' lang='lat' dir='ltr'><strong>vir</strong></span> <span class='ocrx_word' id='word_1_492' title='bbox 2206 1428 2260 1480; x_wconf 91' lang='lat' dir='ltr'><strong>in</strong></span> <span class='ocrx_word' id='word_1_493' title='bbox 2289 1427 2652 1482; x_wconf 79' lang='lat' dir='ltr'><strong>discernendo</strong></span> <span class='ocrx_word' id='word_1_494' title='bbox 2691 1428 2948 1488; x_wconf 79' lang='lat' dir='ltr'><strong>eximius,</strong></span> <span class='ocrx_word' id='word_1_495' title='bbox 2983 1429 3176 1496; x_wconf 85' lang='lat' dir='ltr'><strong>plenus</strong></span> <span class='ocrx_word' id='word_1_496' title='bbox 3223 1427 3332 1480; x_wconf 74' lang='lat' dir='ltr'><strong>l‘ia-&#39;</strong></span> 
     </span>
    </p>
   </div>
   <div class='ocr_carea' id='block_1_67' title="bbox 1763 1517 2471 1586">
    <p class='ocr_par' dir='ltr' id='par_1_67' title="bbox 1763 1517 2471 1586">
     <span class='ocr_line' id='line_1_67' title="bbox 1763 1517 2471 1586; baseline 0.006 -18"><span class='ocrx_word' id='word_1_497' title='bbox 1763 1519 1974 1586; x_wconf 72' lang='lat' dir='ltr'><strong>grantia</strong></span> <span class='ocrx_word' id='word_1_498' title='bbox 2004 1517 2240 1586; x_wconf 81' lang='lat' dir='ltr'><strong>Spiritus</strong></span> <span class='ocrx_word' id='word_1_499' title='bbox 2272 1520 2471 1572; x_wconf 89' lang='lat' dir='ltr'><strong>sancti.</strong></span> 
     </span>
    </p>
   </div>
   <div class='ocr_carea' id='block_1_68' title="bbox 1829 1607 3336 1678">
    <p class='ocr_par' dir='ltr' id='par_1_68' title="bbox 1829 1607 3336 1678">
     <span class='ocr_line' id='line_1_68' title="bbox 1829 1607 3336 1678; baseline 0.001 -17"><span class='ocrx_word' id='word_1_500' title='bbox 1829 1609 1882 1661; x_wconf 75' lang='lat'><strong>‘2.</strong></span> <span class='ocrx_word' id='word_1_501' title='bbox 1919 1610 1964 1663; x_wconf 92' lang='lat' dir='ltr'><strong>Is</strong></span> <span class='ocrx_word' id='word_1_502' title='bbox 2007 1610 2124 1677; x_wconf 85' lang='lat' dir='ltr'><strong>ipse</strong></span> <span class='ocrx_word' id='word_1_503' title='bbox 2165 1611 2389 1664; x_wconf 85' lang='lat' dir='ltr'><strong>retulit:</strong></span> <span class='ocrx_word' id='word_1_504' title='bbox 2419 1608 2547 1660; x_wconf 82' lang='lat' dir='ltr'><strong>Erat</strong></span> <span class='ocrx_word' id='word_1_505' title='bbox 2587 1607 2808 1678; x_wconf 78' lang='lat' dir='ltr'><strong>quidam</strong></span> <span class='ocrx_word' id='word_1_506' title='bbox 2843 1625 3028 1670; x_wconf 75' lang='lat' dir='ltr'><strong>senex,</strong></span> <span class='ocrx_word' id='word_1_507' title='bbox 3073 1608 3162 1676; x_wconf 89' lang='lat' dir='ltr'><strong>qui</strong></span> <span class='ocrx_word' id='word_1_508' title='bbox 3198 1624 3336 1678; x_wconf 63' lang='lat' dir='ltr'><strong>pric-</strong></span> 
     </span>
    </p>
   </div>
   <div class='ocr_carea' id='block_1_69' title="bbox 1763 1699 3334 1770">
    <p class='ocr_par' dir='ltr' id='par_1_69' title="bbox 1763 1699 3334 1770">
     <span class='ocr_line' id='line_1_69' title="bbox 1763 1699 3334 1770; baseline 0.001 -18"><span class='ocrx_word' id='word_1_509' title='bbox 1763 1700 1971 1754; x_wconf 88' lang='lat' dir='ltr'><strong>clarum</strong></span> <span class='ocrx_word' id='word_1_510' title='bbox 2005 1701 2333 1770; x_wconf 88' lang='lat' dir='ltr'><strong>discipulum</strong></span> <span class='ocrx_word' id='word_1_511' title='bbox 2364 1701 2628 1766; x_wconf 86' lang='lat' dir='ltr'><strong>habebat;</strong></span> <span class='ocrx_word' id='word_1_512' title='bbox 2659 1715 2819 1769; x_wconf 87' lang='lat' dir='ltr'><strong>quem</strong></span> <span class='ocrx_word' id='word_1_513' title='bbox 2853 1715 2916 1754; x_wconf 80' lang='lat' dir='ltr'><strong>ex</strong></span> <span class='ocrx_word' id='word_1_514' title='bbox 2953 1700 3134 1769; x_wconf 86' lang='lat' dir='ltr'><strong>pusilli</strong></span> <span class='ocrx_word' id='word_1_515' title='bbox 3163 1699 3334 1754; x_wconf 86' lang='lat' dir='ltr'><strong>animi</strong></span> 
     </span>
    </p>
   </div>
   <div class='ocr_carea' id='block_1_70' title="bbox 1763 1789 3336 1860">
    <p class='ocr_par' dir='ltr' id='par_1_70' title="bbox 1763 1789 3336 1860">
     <span class='ocr_line' id='line_1_70' title="bbox 1763 1789 3336 1860; baseline 0.001 -19"><span class='ocrx_word' id='word_1_516' title='bbox 1763 1792 1892 1843; x_wconf 78' lang='lat' dir='ltr'><strong>\‘ilin</strong></span> <span class='ocrx_word' id='word_1_517' title='bbox 1934 1792 2094 1860; x_wconf 82' lang='lat' dir='ltr'><strong>ejecit</strong></span> <span class='ocrx_word' id='word_1_518' title='bbox 2128 1791 2486 1847; x_wconf 60' lang='lat' dir='ltr'><strong>cum-melote</strong></span> <span class='ocrx_word' id='word_1_519' title='bbox 2526 1807 2646 1845; x_wconf 90' lang='lat' dir='ltr'><strong>sua.</strong></span> <span class='ocrx_word' id='word_1_520' title='bbox 2699 1791 2764 1844; x_wconf 87' lang='lat' dir='ltr'><strong>At</strong></span> <span class='ocrx_word' id='word_1_521' title='bbox 2813 1789 2984 1845; x_wconf 79' lang='lat' dir='ltr'><strong>frater</strong></span> <span class='ocrx_word' id='word_1_522' title='bbox 3036 1792 3336 1860; x_wconf 86' lang='lat' dir='ltr'><strong>permansit</strong></span> 
     </span>
    </p>
   </div>
   <div class='ocr_carea' id='block_1_71' title="bbox 1761 1882 3330 1954">
    <p class='ocr_par' dir='ltr' id='par_1_71' title="bbox 1761 1882 3330 1954">
     <span class='ocr_line' id='line_1_71' title="bbox 1761 1882 3330 1954; baseline -0.001 -20"><span class='ocrx_word' id='word_1_523' title='bbox 1761 1882 1904 1936; x_wconf 83' lang='lat' dir='ltr'><strong>foras</strong></span> <span class='ocrx_word' id='word_1_524' title='bbox 1932 1885 2150 1938; x_wconf 85' lang='lat' dir='ltr'><strong>sedens.</strong></span> <span class='ocrx_word' id='word_1_525' title='bbox 2181 1883 2370 1940; x_wconf 84' lang='lat' dir='ltr'><strong>Postea</strong></span> <span class='ocrx_word' id='word_1_526' title='bbox 2413 1899 2580 1938; x_wconf 78' lang='lat' dir='ltr'><strong>senex</strong></span> <span class='ocrx_word' id='word_1_527' title='bbox 2609 1883 2885 1954; x_wconf 89' lang='lat' dir='ltr'><strong>aperiens,</strong></span> <span class='ocrx_word' id='word_1_528' title='bbox 2929 1882 3140 1936; x_wconf 82' lang='lat' dir='ltr'><strong>invenit</strong></span> <span class='ocrx_word' id='word_1_529' title='bbox 3179 1882 3330 1934; x_wconf 88' lang='lat' dir='ltr'><strong>illum</strong></span> 
     </span>
    </p>
   </div>
   <div class='ocr_carea' id='block_1_72' title="bbox 1759 1973 3332 2046">
    <p class='ocr_par' dir='ltr' id='par_1_72' title="bbox 1759 1973 3332 2046">
     <span class='ocr_line' id='line_1_72' title="bbox 1759 1973 3332 2046; baseline -0.006 -13"><span class='ocrx_word' id='word_1_530' title='bbox 1759 1978 2058 2033; x_wconf 81' lang='lat' dir='ltr'><strong>sedentem.</strong></span> <span class='ocrx_word' id='word_1_531' title='bbox 2111 1975 2298 2046; x_wconf 86' lang='lat' dir='ltr'><strong>Itaque</strong></span> <span class='ocrx_word' id='word_1_532' title='bbox 2343 1977 2604 2031; x_wconf 83' lang='lat' dir='ltr'><strong>inclinato</strong></span> <span class='ocrx_word' id='word_1_533' title='bbox 2645 1977 2698 2028; x_wconf 91' lang='lat' dir='ltr'><strong>in</strong></span> <span class='ocrx_word' id='word_1_534' title='bbox 2745 1974 3062 2043; x_wconf 55' lang='lat' dir='ltr'><strong>pirnitentis</strong></span> <span class='ocrx_word' id='word_1_535' title='bbox 3109 1973 3332 2026; x_wconf 90' lang='lat' dir='ltr'><strong>modum</strong></span> 
     </span>
    </p>
   </div>
   <div class='ocr_carea' id='block_1_73' title="bbox 1759 2053 3334 2137">
    <p class='ocr_par' dir='ltr' id='par_1_73' title="bbox 1759 2053 3334 2137">
     <span class='ocr_line' id='line_1_73' title="bbox 1759 2053 3334 2137; baseline -0.002 -16"><span class='ocrx_word' id='word_1_536' title='bbox 1759 2053 2199 2137; x_wconf 59' lang='lat' dir='ltr'><strong>corpore,&#39;dixit</strong></span> <span class='ocrx_word' id='word_1_537' title='bbox 2233 2069 2320 2121; x_wconf 89' lang='lat' dir='ltr'><strong>ei:</strong></span> <span class='ocrx_word' id='word_1_538' title='bbox 2348 2067 2540 2128; x_wconf 82' lang='lat' dir='ltr'><strong>Pater,</strong></span> <span class='ocrx_word' id='word_1_539' title='bbox 2583 2067 2866 2120; x_wconf 87' lang='lat' dir='ltr'><strong>humilitas</strong></span> <span class='ocrx_word' id='word_1_540' title='bbox 2905 2065 3176 2134; x_wconf 73' lang='lat' dir='ltr'><strong>patientiae</strong></span> <span class='ocrx_word' id='word_1_541' title='bbox 3227 2074 3334 2118; x_wconf 73' lang='lat' dir='ltr'><strong>tua:</strong></span> 
     </span>
    </p>
   </div>
   <div class='ocr_carea' id='block_1_74' title="bbox 1759 2159 3328 2228">
    <p class='ocr_par' dir='ltr' id='par_1_74' title="bbox 1759 2159 3328 2228">
     <span class='ocr_line' id='line_1_74' title="bbox 1759 2159 3328 2228; baseline 0.001 -20"><span class='ocrx_word' id='word_1_542' title='bbox 1759 2161 1880 2212; x_wconf 74' lang='lat' dir='ltr'><strong>vicit</strong></span> <span class='ocrx_word' id='word_1_543' title='bbox 1914 2160 2420 2228; x_wconf 86' lang='lat' dir='ltr'><strong>pusillanimitatem</strong></span> <span class='ocrx_word' id='word_1_544' title='bbox 2463 2175 2638 2213; x_wconf 88' lang='lat' dir='ltr'><strong>meam</strong></span> <span class='ocrx_word' id='word_1_545' title='bbox 2675 2167 2840 2228; x_wconf 82' lang='lat' dir='ltr'><strong>atque</strong></span> <span class='ocrx_word' id='word_1_546' title='bbox 2870 2159 3328 2227; x_wconf 87' lang='lat' dir='ltr'><strong>despicationem.</strong></span> 
     </span>
    </p>
   </div>
   <div class='ocr_carea' id='block_1_75' title="bbox 1761 2246 3330 2319">
    <p class='ocr_par' dir='ltr' id='par_1_75' title="bbox 1761 2246 3330 2319">
     <span class='ocr_line' id='line_1_75' title="bbox 1761 2246 3330 2319; baseline -0.004 -16"><span class='ocrx_word' id='word_1_547' title='bbox 1761 2251 1894 2306; x_wconf 76' lang='lat' dir='ltr'><strong>V&#39;cni</strong></span> <span class='ocrx_word' id='word_1_548' title='bbox 1922 2254 2066 2304; x_wconf 88' lang='lat' dir='ltr'><strong>intro</strong></span> <span class='ocrx_word' id='word_1_549' title='bbox 2091 2271 2103 2304; x_wconf 88' lang='lat'><strong>:</strong></span> <span class='ocrx_word' id='word_1_550' title='bbox 2134 2267 2200 2305; x_wconf 80' lang='lat' dir='ltr'><strong>ex</strong></span> <span class='ocrx_word' id='word_1_551' title='bbox 2227 2253 2329 2304; x_wconf 88' lang='lat' dir='ltr'><strong>hoc</strong></span> <span class='ocrx_word' id='word_1_552' title='bbox 2363 2260 2627 2319; x_wconf 86' lang='lat' dir='ltr'><strong>tempore,</strong></span> <span class='ocrx_word' id='word_1_553' title='bbox 2662 2261 2714 2300; x_wconf 88' lang='lat' dir='ltr'><strong>tu</strong></span> <span class='ocrx_word' id='word_1_554' title='bbox 2753 2265 2913 2302; x_wconf 74' lang='lat' dir='ltr'><strong>senex</strong></span> <span class='ocrx_word' id='word_1_555' title='bbox 2941 2250 3050 2303; x_wconf 87' lang='lat' dir='ltr'><strong>eris</strong></span> <span class='ocrx_word' id='word_1_556' title='bbox 3073 2255 3126 2302; x_wconf 83' lang='lat' dir='ltr'><strong>et</strong></span> <span class='ocrx_word' id='word_1_557' title='bbox 3150 2246 3330 2306; x_wconf 80' lang='lat' dir='ltr'><strong>Pater,</strong></span> 
     </span>
    </p>
   </div>
   <div class='ocr_carea' id='block_1_76' title="bbox 1757 2341 2688 2414">
    <p class='ocr_par' dir='ltr' id='par_1_76' title="bbox 1757 2341 2688 2414">
     <span class='ocr_line' id='line_1_76' title="bbox 1757 2341 2688 2414; baseline -0.004 -16"><span class='ocrx_word' id='word_1_558' title='bbox 1757 2359 1857 2414; x_wconf 74' lang='lat' dir='ltr'><strong>ego</strong></span> <span class='ocrx_word' id='word_1_559' title='bbox 1893 2359 2023 2398; x_wconf 75' lang='lat' dir='ltr'><strong>vero</strong></span> <span class='ocrx_word' id='word_1_560' title='bbox 2053 2343 2240 2412; x_wconf 84' lang='lat' dir='ltr'><strong>junior</strong></span> <span class='ocrx_word' id='word_1_561' title='bbox 2271 2357 2335 2396; x_wconf 85' lang='lat' dir='ltr'><strong>ac</strong></span> <span class='ocrx_word' id='word_1_562' title='bbox 2363 2341 2688 2411; x_wconf 76' lang='lat' dir='ltr'><strong>discipulus.</strong></span> 
     </span>
    </p>
   </div>
   <div class='ocr_carea' id='block_1_77' title="bbox 2324 2451 2798 2519">
    <p class='ocr_par' dir='ltr' id='par_1_77' title="bbox 2324 2451 2798 2519">
     <span class='ocr_line' id='line_1_77' title="bbox 2324 2451 2798 2519; baseline 0 -15"><span class='ocrx_word' id='word_1_563' title='bbox 2324 2453 2395 2506; x_wconf 83' lang='lat' dir='ltr'><strong>De</strong></span> <span class='ocrx_word' id='word_1_564' title='bbox 2421 2452 2608 2504; x_wconf 84' lang='lat' dir='ltr'><strong>abbate</strong></span> <span class='ocrx_word' id='word_1_565' title='bbox 2639 2451 2798 2519; x_wconf 80' lang='lat' dir='ltr'><strong>Rufo.</strong></span> 
     </span>
    </p>
   </div>
   <div class='ocr_carea' id='block_1_78' title="bbox 1833 2559 3332 2632">
    <p class='ocr_par' dir='ltr' id='par_1_78' title="bbox 1833 2559 3332 2632">
     <span class='ocr_line' id='line_1_78' title="bbox 1833 2559 3332 2632; baseline -0.002 -17"><span class='ocrx_word' id='word_1_566' title='bbox 1833 2563 1882 2615; x_wconf 86' lang='lat' dir='ltr'><strong>l.</strong></span> <span class='ocrx_word' id='word_1_567' title='bbox 1920 2559 2111 2616; x_wconf 80' lang='lat' dir='ltr'><strong>Frater</strong></span> <span class='ocrx_word' id='word_1_568' title='bbox 2147 2563 2510 2632; x_wconf 82' lang='lat' dir='ltr'><strong>interrogavit</strong></span> <span class='ocrx_word' id='word_1_569' title='bbox 2548 2561 2798 2616; x_wconf 85' lang='lat' dir='ltr'><strong>abbatem</strong></span> <span class='ocrx_word' id='word_1_570' title='bbox 2829 2559 3051 2624; x_wconf 75' lang='lat' dir='ltr'><strong>Rufum,</strong></span> <span class='ocrx_word' id='word_1_571' title='bbox 3081 2559 3209 2630; x_wconf 86' lang='lat' dir='ltr'><strong>quid</strong></span> <span class='ocrx_word' id='word_1_572' title='bbox 3251 2573 3332 2612; x_wconf 71' lang='lat' dir='ltr'><strong>es-</strong></span> 
     </span>
    </p>
   </div>
   <div class='ocr_carea' id='block_1_79' title="bbox 1759 2649 3338 2723">
    <p class='ocr_par' dir='ltr' id='par_1_79' title="bbox 1759 2649 3338 2723">
     <span class='ocr_line' id='line_1_79' title="bbox 1759 2649 3338 2723; baseline -0.004 -16"><span class='ocrx_word' id='word_1_573' title='bbox 1759 2662 1843 2707; x_wconf 87' lang='lat' dir='ltr'><strong>sct</strong></span> <span class='ocrx_word' id='word_1_574' title='bbox 1885 2654 2060 2722; x_wconf 85' lang='lat' dir='ltr'><strong>quies.</strong></span> <span class='ocrx_word' id='word_1_575' title='bbox 2090 2663 2415 2723; x_wconf 75' lang='lat' dir='ltr'><strong>ctquamam</strong></span> <span class='ocrx_word' id='word_1_576' title='bbox 2457 2653 2605 2708; x_wconf 88' lang='lat' dir='ltr'><strong>illius</strong></span> <span class='ocrx_word' id='word_1_577' title='bbox 2647 2651 2879 2707; x_wconf 82' lang='lat' dir='ltr'><strong>utilitas.</strong></span> <span class='ocrx_word' id='word_1_578' title='bbox 2925 2649 3104 2705; x_wconf 76' lang='lat' dir='ltr'><strong>Senex</strong></span> <span class='ocrx_word' id='word_1_579' title='bbox 3145 2659 3338 2702; x_wconf 83' lang='lat' dir='ltr'><strong>autem</strong></span> 
     </span>
    </p>
   </div>
   <div class='ocr_carea' id='block_1_80' title="bbox 1759 2742 3332 2812">
    <p class='ocr_par' dir='ltr' id='par_1_80' title="bbox 1759 2742 3332 2812">
     <span class='ocr_line' id='line_1_80' title="bbox 1759 2742 3332 2812; baseline -0.004 -12"><span class='ocrx_word' id='word_1_580' title='bbox 1759 2747 1895 2800; x_wconf 77' lang='lat' dir='ltr'><strong>dixit</strong></span> <span class='ocrx_word' id='word_1_581' title='bbox 1924 2747 1974 2800; x_wconf 90' lang='lat' dir='ltr'><strong>ei</strong></span> <span class='ocrx_word' id='word_1_582' title='bbox 1999 2765 2010 2798; x_wconf 92' lang='lat'>:</span> <span class='ocrx_word' id='word_1_583' title='bbox 2039 2745 2208 2812; x_wconf 87' lang='lat' dir='ltr'><strong>Quies</strong></span> <span class='ocrx_word' id='word_1_584' title='bbox 2240 2755 2356 2810; x_wconf 85' lang='lat' dir='ltr'><strong>est,</strong></span> <span class='ocrx_word' id='word_1_585' title='bbox 2389 2745 2578 2799; x_wconf 87' lang='lat' dir='ltr'><strong>sedere</strong></span> <span class='ocrx_word' id='word_1_586' title='bbox 2609 2744 2662 2798; x_wconf 89' lang='lat' dir='ltr'><strong>in</strong></span> <span class='ocrx_word' id='word_1_587' title='bbox 2697 2744 2834 2797; x_wconf 86' lang='lat' dir='ltr'><strong>cella</strong></span> <span class='ocrx_word' id='word_1_588' title='bbox 2865 2759 2986 2796; x_wconf 86' lang='lat' dir='ltr'><strong>cuni</strong></span> <span class='ocrx_word' id='word_1_589' title='bbox 3037 2742 3228 2795; x_wconf 85' lang='lat' dir='ltr'><strong>timore</strong></span> <span class='ocrx_word' id='word_1_590' title='bbox 3268 2755 3332 2793; x_wconf 81' lang='lat' dir='ltr'><strong>ac</strong></span> 
     </span>
    </p>
   </div>
   <div class='ocr_carea' id='block_1_81' title="bbox 1761 2833 3332 2902">
    <p class='ocr_par' dir='ltr' id='par_1_81' title="bbox 1761 2833 3332 2902">
     <span class='ocr_line' id='line_1_81' title="bbox 1761 2833 3332 2902; baseline -0.004 -14"><span class='ocrx_word' id='word_1_591' title='bbox 1761 2837 1954 2890; x_wconf 85' lang='lat' dir='ltr'><strong>notitia</strong></span> <span class='ocrx_word' id='word_1_592' title='bbox 1997 2835 2110 2896; x_wconf 90' lang='lat' dir='ltr'><strong>Dei,</strong></span> <span class='ocrx_word' id='word_1_593' title='bbox 2143 2835 2468 2890; x_wconf 86' lang='lat' dir='ltr'><strong>abstinendo</strong></span> <span class='ocrx_word' id='word_1_594' title='bbox 2512 2836 2582 2887; x_wconf 88' lang='lat' dir='ltr'><strong>ab</strong></span> <span class='ocrx_word' id='word_1_595' title='bbox 2627 2833 2954 2902; x_wconf 77' lang='lat' dir='ltr'><strong>iniuriarum</strong></span> <span class='ocrx_word' id='word_1_596' title='bbox 2987 2833 3248 2884; x_wconf 83' lang='lat' dir='ltr'><strong>memoria</strong></span> <span class='ocrx_word' id='word_1_597' title='bbox 3279 2841 3332 2882; x_wconf 75' lang='grc' dir='ltr'><strong>ιιι</strong></span> 
     </span>
    </p>
   </div>
   <div class='ocr_carea' id='block_1_82' title="bbox 1759 2923 3329 2996">
    <p class='ocr_par' dir='ltr' id='par_1_82' title="bbox 1759 2923 3329 2996">
     <span class='ocr_line' id='line_1_82' title="bbox 1759 2923 3329 2996; baseline -0.006 -14"><span class='ocrx_word' id='word_1_598' title='bbox 1759 2931 1994 2983; x_wconf 88' lang='lat' dir='ltr'><strong>elatione</strong></span> <span class='ocrx_word' id='word_1_599' title='bbox 2032 2929 2222 2982; x_wconf 88' lang='lat' dir='ltr'><strong>animi.</strong></span> <span class='ocrx_word' id='word_1_600' title='bbox 2262 2925 2386 2982; x_wconf 59' lang='lat' dir='ltr'><strong>Haec</strong></span> <span class='ocrx_word' id='word_1_601' title='bbox 2416 2927 2595 2996; x_wconf 85' lang='lat' dir='ltr'><strong>quies,</strong></span> <span class='ocrx_word' id='word_1_602' title='bbox 2631 2939 2756 2979; x_wconf 90' lang='lat' dir='ltr'><strong>cum</strong></span> <span class='ocrx_word' id='word_1_603' title='bbox 2784 2924 3030 2977; x_wconf 86' lang='lat' dir='ltr'><strong>omnium</strong></span> <span class='ocrx_word' id='word_1_604' title='bbox 3065 2923 3329 2976; x_wconf 85' lang='lat' dir='ltr'><strong>virtutum</strong></span> 
     </span>
    </p>
   </div>
   <div class='ocr_carea' id='block_1_83' title="bbox 1761 3013 3332 3092">
    <p class='ocr_par' dir='ltr' id='par_1_83' title="bbox 1761 3013 3332 3092">
     <span class='ocr_line' id='line_1_83' title="bbox 1761 3013 3332 3092; baseline -0.007 -17"><span class='ocrx_word' id='word_1_605' title='bbox 1761 3025 1830 3076; x_wconf 85' lang='lat' dir='ltr'><strong>sit</strong></span> <span class='ocrx_word' id='word_1_606' title='bbox 1874 3021 2133 3092; x_wconf 65' lang='lat' dir='ltr'><strong>genitrix,</strong></span> <span class='ocrx_word' id='word_1_607' title='bbox 2171 3027 2460 3074; x_wconf 87' lang='lat' dir='ltr'><strong>conservat</strong></span> <span class='ocrx_word' id='word_1_608' title='bbox 2495 3017 2824 3072; x_wconf 88' lang='lat' dir='ltr'><strong>monachum</strong></span> <span class='ocrx_word' id='word_1_609' title='bbox 2874 3015 2942 3068; x_wconf 86' lang='lat' dir='ltr'><strong>ab</strong></span> <span class='ocrx_word' id='word_1_610' title='bbox 2990 3013 3166 3082; x_wconf 83' lang='lat' dir='ltr'><strong>igneis</strong></span> <span class='ocrx_word' id='word_1_611' title='bbox 3211 3013 3332 3064; x_wconf 76' lang='lat' dir='ltr'><strong>lrlis</strong></span> 
     </span>
    </p>
   </div>
   <div class='ocr_carea' id='block_1_84' title="bbox 1762 3101 3340 3178">
    <p class='ocr_par' dir='ltr' id='par_1_84' title="bbox 1762 3101 3340 3178">
     <span class='ocr_line' id='line_1_84' title="bbox 1762 3101 3340 3178; baseline -0.009 -12"><span class='ocrx_word' id='word_1_612' title='bbox 1762 3111 1968 3166; x_wconf 89' lang='lat' dir='ltr'><strong>inimici</strong></span> <span class='ocrx_word' id='word_1_613' title='bbox 2003 3111 2069 3176; x_wconf 75' lang='lat'><strong>“,</strong></span> <span class='ocrx_word' id='word_1_614' title='bbox 2101 3125 2203 3165; x_wconf 88' lang='lat' dir='ltr'><strong>nec</strong></span> <span class='ocrx_word' id='word_1_615' title='bbox 2236 3109 2366 3163; x_wconf 89' lang='lat' dir='ltr'><strong>sinit</strong></span> <span class='ocrx_word' id='word_1_616' title='bbox 2399 3125 2494 3178; x_wconf 88' lang='lat' dir='ltr'><strong>per</strong></span> <span class='ocrx_word' id='word_1_617' title='bbox 2527 3123 2592 3162; x_wconf 86' lang='lat' dir='ltr'><strong>ea</strong></span> <span class='ocrx_word' id='word_1_618' title='bbox 2621 3105 2921 3160; x_wconf 83' lang='lat' dir='ltr'><strong>vulnerari.</strong></span> <span class='ocrx_word' id='word_1_619' title='bbox 2956 3101 3176 3172; x_wconf 85' lang='lat' dir='ltr'><strong>Utique,</strong></span> <span class='ocrx_word' id='word_1_620' title='bbox 3221 3101 3340 3155; x_wconf 66' lang='grc' dir='ltr'><strong>Γιτι-Δ</strong></span> 
     </span>
    </p>
   </div>
   <div class='ocr_carea' id='block_1_85' title="bbox 1762 3200 3330 3274">
    <p class='ocr_par' dir='ltr' id='par_1_85' title="bbox 1762 3200 3330 3274">
     <span class='ocr_line' id='line_1_85' title="bbox 1762 3200 3330 3274; baseline -0.007 -13"><span class='ocrx_word' id='word_1_621' title='bbox 1762 3219 1862 3272; x_wconf 83' lang='lat' dir='ltr'><strong>ter,</strong></span> <span class='ocrx_word' id='word_1_622' title='bbox 1901 3205 2046 3258; x_wconf 90' lang='lat' dir='ltr'><strong>illam</strong></span> <span class='ocrx_word' id='word_1_623' title='bbox 2079 3205 2317 3274; x_wconf 79' lang='lat' dir='ltr'><strong>posside,</strong></span> <span class='ocrx_word' id='word_1_624' title='bbox 2351 3217 2562 3256; x_wconf 87' lang='lat' dir='ltr'><strong>memor</strong></span> <span class='ocrx_word' id='word_1_625' title='bbox 2589 3202 2767 3256; x_wconf 82' lang='lat' dir='ltr'><strong>exitus</strong></span> <span class='ocrx_word' id='word_1_626' title='bbox 2803 3200 2998 3254; x_wconf 88' lang='lat' dir='ltr'><strong>mortis</strong></span> <span class='ocrx_word' id='word_1_627' title='bbox 3032 3208 3168 3265; x_wconf 70' lang='lat' dir='ltr'><strong>tuae;</strong></span> <span class='ocrx_word' id='word_1_628' title='bbox 3203 3200 3330 3267; x_wconf 76' lang='lat' dir='ltr'><strong>quia</strong></span> 
     </span>
    </p>
   </div>
   <div class='ocr_carea' id='block_1_86' title="bbox 1761 3290 3332 3366">
    <p class='ocr_par' dir='ltr' id='par_1_86' title="bbox 1761 3290 3332 3366">
     <span class='ocr_line' id='line_1_86' title="bbox 1761 3290 3332 3366; baseline -0.004 -14"><span class='ocrx_word' id='word_1_629' title='bbox 1761 3297 1938 3352; x_wconf 80' lang='lat' dir='ltr'><strong>nescis</strong></span> <span class='ocrx_word' id='word_1_630' title='bbox 1961 3311 2069 3366; x_wconf 87' lang='lat' dir='ltr'><strong>qua</strong></span> <span class='ocrx_word' id='word_1_631' title='bbox 2096 3296 2226 3350; x_wconf 89' lang='lat' dir='ltr'><strong>hora</strong></span> <span class='ocrx_word' id='word_1_632' title='bbox 2251 3295 2339 3350; x_wconf 80' lang='lat' dir='ltr'><strong>fur</strong></span> <span class='ocrx_word' id='word_1_633' title='bbox 2363 3295 2543 3349; x_wconf 87' lang='lat' dir='ltr'><strong>veniet</strong></span> <span class='ocrx_word' id='word_1_634' title='bbox 2564 3290 2633 3348; x_wconf 77' lang='grc'><strong>’⁷.</strong></span> <span class='ocrx_word' id='word_1_635' title='bbox 2670 3293 2931 3362; x_wconf 87' lang='lat' dir='ltr'><strong>Deinceps</strong></span> <span class='ocrx_word' id='word_1_636' title='bbox 2961 3291 3146 3362; x_wconf 76' lang='lat' dir='ltr'><strong>igitur,</strong></span> <span class='ocrx_word' id='word_1_637' title='bbox 3169 3290 3332 3360; x_wconf 70' lang='lat' dir='ltr'><strong>vigila</strong></span> 
     </span>
    </p>
   </div>
   <div class='ocr_carea' id='block_1_87' title="bbox 1760 3391 2222 3459">
    <p class='ocr_par' dir='ltr' id='par_1_87' title="bbox 1760 3391 2222 3459">
     <span class='ocr_line' id='line_1_87' title="bbox 1760 3391 2222 3459; baseline -0.002 -17"><span class='ocrx_word' id='word_1_638' title='bbox 1760 3405 1858 3459; x_wconf 87' lang='lat' dir='ltr'><strong>pro</strong></span> <span class='ocrx_word' id='word_1_639' title='bbox 1891 3391 2071 3443; x_wconf 88' lang='lat' dir='ltr'><strong>anima</strong></span> <span class='ocrx_word' id='word_1_640' title='bbox 2107 3397 2222 3442; x_wconf 87' lang='lat' dir='ltr'><strong>tua.</strong></span> 
     </span>
    </p>
   </div>
   <div class='ocr_carea' id='block_1_88' title="bbox 1829 3553 3328 3620">
    <p class='ocr_par' dir='ltr' id='par_1_88' title="bbox 1829 3553 3328 3620">
     <span class='ocr_line' id='line_1_88' title="bbox 1829 3553 3328 3620; baseline -0.003 -10"><span class='ocrx_word' id='word_1_641' title='bbox 1829 3559 1881 3610; x_wconf 68' lang='lat'><strong>‘2.</strong></span> <span class='ocrx_word' id='word_1_642' title='bbox 1927 3557 2070 3610; x_wconf 78' lang='lat' dir='ltr'><strong>Dixit</strong></span> <span class='ocrx_word' id='word_1_643' title='bbox 2112 3557 2280 3612; x_wconf 87' lang='lat' dir='ltr'><strong>abbas</strong></span> <span class='ocrx_word' id='word_1_644' title='bbox 2311 3555 2486 3610; x_wconf 78' lang='lat' dir='ltr'><strong>Rufus</strong></span> <span class='ocrx_word' id='word_1_645' title='bbox 2517 3571 2529 3604; x_wconf 93' lang='lat'>:</span> <span class='ocrx_word' id='word_1_646' title='bbox 2561 3555 2664 3620; x_wconf 81' lang='lat' dir='ltr'><strong>Qui</strong></span> <span class='ocrx_word' id='word_1_647' title='bbox 2713 3562 2896 3608; x_wconf 89' lang='lat' dir='ltr'><strong>manet</strong></span> <span class='ocrx_word' id='word_1_648' title='bbox 2937 3554 2990 3608; x_wconf 92' lang='lat' dir='ltr'><strong>in</strong></span> <span class='ocrx_word' id='word_1_649' title='bbox 3016 3553 3328 3608; x_wconf 80' lang='lat' dir='ltr'><strong>obedientia</strong></span> 
     </span>
    </p>
   </div>
   <div class='ocr_carea' id='block_1_89' title="bbox 1760 3644 3330 3717">
    <p class='ocr_par' dir='ltr' id='par_1_89' title="bbox 1760 3644 3330 3717">
     <span class='ocr_line' id='line_1_89' title="bbox 1760 3644 3330 3717; baseline -0.003 -17"><span class='ocrx_word' id='word_1_650' title='bbox 1760 3647 1934 3717; x_wconf 87' lang='lat' dir='ltr'><strong>patris</strong></span> <span class='ocrx_word' id='word_1_651' title='bbox 1987 3647 2314 3716; x_wconf 86' lang='lat' dir='ltr'><strong>spiritualis,</strong></span> <span class='ocrx_word' id='word_1_652' title='bbox 2367 3645 2628 3714; x_wconf 85' lang='lat' dir='ltr'><strong>majorem</strong></span> <span class='ocrx_word' id='word_1_653' title='bbox 2684 3644 2988 3698; x_wconf 82' lang='lat' dir='ltr'><strong>mercedem</strong></span> <span class='ocrx_word' id='word_1_654' title='bbox 3033 3645 3330 3712; x_wconf 85' lang='lat' dir='ltr'><strong>repositam</strong></span> 
     </span>
    </p>
   </div>
   <div class='ocr_carea' id='block_1_90' title="bbox 1759 3737 3328 3808">
    <p class='ocr_par' dir='ltr' id='par_1_90' title="bbox 1759 3737 3328 3808">
     <span class='ocr_line' id='line_1_90' title="bbox 1759 3737 3328 3808; baseline -0.002 -15"><span class='ocrx_word' id='word_1_655' title='bbox 1759 3740 1920 3794; x_wconf 86' lang='lat' dir='ltr'><strong>habet</strong></span> <span class='ocrx_word' id='word_1_656' title='bbox 1950 3755 2110 3808; x_wconf 89' lang='lat' dir='ltr'><strong>quam</strong></span> <span class='ocrx_word' id='word_1_657' title='bbox 2145 3739 2320 3808; x_wconf 89' lang='lat' dir='ltr'><strong>quiin</strong></span> <span class='ocrx_word' id='word_1_658' title='bbox 2354 3753 2594 3792; x_wconf 87' lang='lat' dir='ltr'><strong>ercmum</strong></span> <span class='ocrx_word' id='word_1_659' title='bbox 2637 3737 2866 3792; x_wconf 86' lang='lat' dir='ltr'><strong>secessit</strong></span> <span class='ocrx_word' id='word_1_660' title='bbox 2909 3737 3130 3806; x_wconf 87' lang='lat' dir='ltr'><strong>proprio</strong></span> <span class='ocrx_word' id='word_1_661' title='bbox 3169 3743 3328 3790; x_wconf 88' lang='lat' dir='ltr'><strong>nutu.</strong></span> 
     </span>
    </p>
   </div>
   <div class='ocr_carea' id='block_1_91' title="bbox 1759 3825 3338 3898">
    <p class='ocr_par' dir='ltr' id='par_1_91' title="bbox 1759 3825 3338 3898">
     <span class='ocr_line' id='line_1_91' title="bbox 1759 3825 3338 3898; baseline -0.006 -12"><span class='ocrx_word' id='word_1_662' title='bbox 1759 3833 1984 3888; x_wconf 79' lang='lat' dir='ltr'><strong>Addidit</strong></span> <span class='ocrx_word' id='word_1_663' title='bbox 2038 3833 2182 3886; x_wconf 89' lang='lat' dir='ltr'><strong>idem</strong></span> <span class='ocrx_word' id='word_1_664' title='bbox 2233 3831 2600 3885; x_wconf 85' lang='lat' dir='ltr'><strong>narrationem</strong></span> <span class='ocrx_word' id='word_1_665' title='bbox 2657 3829 2942 3898; x_wconf 84' lang='lat' dir='ltr'><strong>cujusdam</strong></span> <span class='ocrx_word' id='word_1_666' title='bbox 2981 3845 3012 3882; x_wconf 90' lang='lat' dir='ltr'><strong>e</strong></span> <span class='ocrx_word' id='word_1_667' title='bbox 3053 3825 3338 3889; x_wconf 82' lang='lat' dir='ltr'><strong>Patrihus,</strong></span> 
     </span>
    </p>
   </div>
   <div class='ocr_carea' id='block_1_92' title="bbox 1759 3920 3332 3996">
    <p class='ocr_par' dir='ltr' id='par_1_92' title="bbox 1759 3920 3332 3996">
     <span class='ocr_line' id='line_1_92' title="bbox 1759 3920 3332 3996; baseline -0.004 -15"><span class='ocrx_word' id='word_1_668' title='bbox 1759 3928 1966 3982; x_wconf 84' lang='lat' dir='ltr'><strong>hancce</strong></span> <span class='ocrx_word' id='word_1_669' title='bbox 2007 3945 2020 3981; x_wconf 92' lang='lat'>:</span> <span class='ocrx_word' id='word_1_670' title='bbox 2065 3925 2188 3980; x_wconf 82' lang='lat' dir='ltr'><strong>Vidi</strong></span> <span class='ocrx_word' id='word_1_671' title='bbox 2234 3935 2472 3996; x_wconf 86' lang='lat' dir='ltr'><strong>quatuor</strong></span> <span class='ocrx_word' id='word_1_672' title='bbox 2514 3923 2735 3978; x_wconf 84' lang='lat' dir='ltr'><strong>ordines</strong></span> <span class='ocrx_word' id='word_1_673' title='bbox 2785 3924 2840 3976; x_wconf 90' lang='lat' dir='ltr'><strong>in</strong></span> <span class='ocrx_word' id='word_1_674' title='bbox 2891 3922 3051 3976; x_wconf 71' lang='lat' dir='ltr'><strong>cmlo.</strong></span> <span class='ocrx_word' id='word_1_675' title='bbox 3113 3920 3332 3975; x_wconf 78' lang='lat' dir='ltr'><strong>Primus</strong></span> 
     </span>
    </p>
   </div>
   <div class='ocr_carea' id='block_1_93' title="bbox 1759 4013 3332 4088">
    <p class='ocr_par' dir='ltr' id='par_1_93' title="bbox 1759 4013 3332 4088">
     <span class='ocr_line' id='line_1_93' title="bbox 1759 4013 3332 4088; baseline -0.003 -16"><span class='ocrx_word' id='word_1_676' title='bbox 1759 4019 1918 4082; x_wconf 87' lang='lat' dir='ltr'><strong>ordo,</strong></span> <span class='ocrx_word' id='word_1_677' title='bbox 1951 4020 2114 4073; x_wconf 91' lang='lat' dir='ltr'><strong>homo</strong></span> <span class='ocrx_word' id='word_1_678' title='bbox 2143 4019 2236 4088; x_wconf 93' lang='lat' dir='ltr'><strong>qui</strong></span> <span class='ocrx_word' id='word_1_679' title='bbox 2281 4025 2511 4088; x_wconf 65' lang='lat' dir='ltr'><strong>aegrotat</strong></span> <span class='ocrx_word' id='word_1_680' title='bbox 2540 4017 2854 4087; x_wconf 84' lang='lat' dir='ltr'><strong>gratiasque</strong></span> <span class='ocrx_word' id='word_1_681' title='bbox 2901 4015 3014 4086; x_wconf 84' lang='lat' dir='ltr'><strong>agit</strong></span> <span class='ocrx_word' id='word_1_682' title='bbox 3047 4013 3190 4078; x_wconf 88' lang='lat' dir='ltr'><strong>Deo;</strong></span> <span class='ocrx_word' id='word_1_683' title='bbox 3244 4029 3332 4068; x_wconf 85' lang='lat' dir='ltr'><strong>se-</strong></span> 
     </span>
    </p>
   </div>
   <div class='ocr_carea' id='block_1_94' title="bbox 1760 4107 3332 4179">
    <p class='ocr_par' dir='ltr' id='par_1_94' title="bbox 1760 4107 3332 4179">
     <span class='ocr_line' id='line_1_94' title="bbox 1760 4107 3332 4179; baseline -0.004 -15"><span class='ocrx_word' id='word_1_684' title='bbox 1760 4111 1973 4165; x_wconf 88' lang='lat' dir='ltr'><strong>cundus</strong></span> <span class='ocrx_word' id='word_1_685' title='bbox 1999 4111 2156 4172; x_wconf 89' lang='lat' dir='ltr'><strong>ordo,</strong></span> <span class='ocrx_word' id='word_1_686' title='bbox 2189 4110 2282 4179; x_wconf 87' lang='lat' dir='ltr'><strong>qui</strong></span> <span class='ocrx_word' id='word_1_687' title='bbox 2318 4107 2744 4177; x_wconf 86' lang='lat' dir='ltr'><strong>hospitalitatem</strong></span> <span class='ocrx_word' id='word_1_688' title='bbox 2781 4113 3046 4167; x_wconf 87' lang='lat' dir='ltr'><strong>sectatur,</strong></span> <span class='ocrx_word' id='word_1_689' title='bbox 3073 4113 3237 4174; x_wconf 87' lang='lat' dir='ltr'><strong>atque</strong></span> <span class='ocrx_word' id='word_1_690' title='bbox 3264 4121 3332 4158; x_wconf 81' lang='lat' dir='ltr'><strong>co</strong></span> 
     </span>
    </p>
   </div>
   <div class='ocr_carea' id='block_1_95' title="bbox 1761 4197 3331 4271">
    <p class='ocr_par' dir='ltr' id='par_1_95' title="bbox 1761 4197 3331 4271">
     <span class='ocr_line' id='line_1_95' title="bbox 1761 4197 3331 4271; baseline -0.004 -17"><span class='ocrx_word' id='word_1_691' title='bbox 1761 4203 1814 4254; x_wconf 90' lang='lat' dir='ltr'><strong>in</strong></span> <span class='ocrx_word' id='word_1_692' title='bbox 1851 4201 2069 4271; x_wconf 77' lang='lat' dir='ltr'><strong>negotio</strong></span> <span class='ocrx_word' id='word_1_693' title='bbox 2102 4207 2210 4253; x_wconf 85' lang='lat' dir='ltr'><strong>stat</strong></span> <span class='ocrx_word' id='word_1_694' title='bbox 2240 4209 2293 4254; x_wconf 90' lang='lat' dir='ltr'><strong>et</strong></span> <span class='ocrx_word' id='word_1_695' title='bbox 2319 4197 2629 4262; x_wconf 83' lang='lat' dir='ltr'><strong>ministrat;</strong></span> <span class='ocrx_word' id='word_1_696' title='bbox 2663 4198 2853 4252; x_wconf 83' lang='lat' dir='ltr'><strong>tertius</strong></span> <span class='ocrx_word' id='word_1_697' title='bbox 2885 4197 3040 4262; x_wconf 82' lang='lat' dir='ltr'><strong>ordo,</strong></span> <span class='ocrx_word' id='word_1_698' title='bbox 3069 4198 3160 4266; x_wconf 85' lang='lat' dir='ltr'><strong>qui</strong></span> <span class='ocrx_word' id='word_1_699' title='bbox 3201 4197 3331 4251; x_wconf 88' lang='lat' dir='ltr'><strong>soli-</strong></span> 
     </span>
    </p>
   </div>
   <div class='ocr_carea' id='block_1_96' title="bbox 1759 4289 3334 4361">
    <p class='ocr_par' dir='ltr' id='par_1_96' title="bbox 1759 4289 3334 4361">
     <span class='ocr_line' id='line_1_96' title="bbox 1759 4289 3334 4361; baseline -0.003 -15"><span class='ocrx_word' id='word_1_700' title='bbox 1759 4293 2000 4347; x_wconf 90' lang='lat' dir='ltr'><strong>tudinem</strong></span> <span class='ocrx_word' id='word_1_701' title='bbox 2036 4291 2304 4361; x_wconf 82' lang='lat' dir='ltr'><strong>sequitur,</strong></span> <span class='ocrx_word' id='word_1_702' title='bbox 2351 4305 2451 4345; x_wconf 93' lang='lat' dir='ltr'><strong>nec</strong></span> <span class='ocrx_word' id='word_1_703' title='bbox 2496 4303 2822 4360; x_wconf 87' lang='lat' dir='ltr'><strong>quemquam</strong></span> <span class='ocrx_word' id='word_1_704' title='bbox 2879 4289 3052 4354; x_wconf 86' lang='lat' dir='ltr'><strong>videt;</strong></span> <span class='ocrx_word' id='word_1_705' title='bbox 3100 4297 3334 4358; x_wconf 85' lang='lat' dir='ltr'><strong>quartus</strong></span> 
     </span>
    </p>
   </div>
   <div class='ocr_carea' id='block_1_97' title="bbox 1689 4379 3334 4474">
    <p class='ocr_par' dir='ltr' id='par_1_97' title="bbox 1689 4379 3334 4474">
     <span class='ocr_line' id='line_1_97' title="bbox 1689 4379 3334 4474; baseline -0.005 -36"><span class='ocrx_word' id='word_1_706' title='bbox 1689 4419 1734 4474; x_wconf 68' lang='grc' dir='ltr'><strong>ο</strong></span> <span class='ocrx_word' id='word_1_707' title='bbox 1758 4385 2015 4453; x_wconf 84' lang='lat' dir='ltr'><strong>denique.</strong></span> <span class='ocrx_word' id='word_1_708' title='bbox 2049 4383 2210 4437; x_wconf 90' lang='lat' dir='ltr'><strong>homo</strong></span> <span class='ocrx_word' id='word_1_709' title='bbox 2246 4383 2298 4435; x_wconf 90' lang='lat' dir='ltr'><strong>in</strong></span> <span class='ocrx_word' id='word_1_710' title='bbox 2340 4379 2522 4435; x_wconf 86' lang='lat' dir='ltr'><strong>Patris</strong></span> <span class='ocrx_word' id='word_1_711' title='bbox 2564 4379 2874 4435; x_wconf 86' lang='lat' dir='ltr'><strong>ohedientia</strong></span> <span class='ocrx_word' id='word_1_712' title='bbox 2919 4379 3140 4440; x_wconf 85' lang='lat' dir='ltr'><strong>sedens,</strong></span> <span class='ocrx_word' id='word_1_713' title='bbox 3171 4381 3334 4448; x_wconf 77' lang='lat' dir='ltr'><strong>eique</strong></span> 
     </span>
    </p>
   </div>
   <div class='ocr_carea' id='block_1_98' title="bbox 1762 4471 3334 4545">
    <p class='ocr_par' dir='ltr' id='par_1_98' title="bbox 1762 4471 3334 4545">
     <span class='ocr_line' id='line_1_98' title="bbox 1762 4471 3334 4545; baseline -0.004 -14"><span class='ocrx_word' id='word_1_714' title='bbox 1762 4477 2046 4545; x_wconf 75' lang='lat' dir='ltr'><strong>SUbJeCltls</strong></span> <span class='ocrx_word' id='word_1_715' title='bbox 2077 4485 2296 4545; x_wconf 87' lang='lat' dir='ltr'><strong>propter</strong></span> <span class='ocrx_word' id='word_1_716' title='bbox 2319 4473 2626 4528; x_wconf 86' lang='lat' dir='ltr'><strong>Dominum.</strong></span> <span class='ocrx_word' id='word_1_717' title='bbox 2653 4471 2823 4528; x_wconf 86' lang='lat' dir='ltr'><strong>Porro</strong></span> <span class='ocrx_word' id='word_1_718' title='bbox 2852 4471 3156 4528; x_wconf 88' lang='lat' dir='ltr'><strong>ohedientia</strong></span> <span class='ocrx_word' id='word_1_719' title='bbox 3185 4475 3334 4540; x_wconf 76' lang='lat' dir='ltr'><strong>ejus-</strong></span> 
     </span>
    </p>
   </div>
   <div class='ocr_carea' id='block_1_99' title="bbox 1759 4553 3328 4637">
    <p class='ocr_par' dir='ltr' id='par_1_99' title="bbox 1759 4553 3328 4637">
     <span class='ocr_line' id='line_1_99' title="bbox 1759 4553 3328 4637; baseline -0.006 -16"><span class='ocrx_word' id='word_1_720' title='bbox 1759 4568 1904 4622; x_wconf 88' lang='lat' dir='ltr'><strong>modi</strong></span> <span class='ocrx_word' id='word_1_721' title='bbox 1963 4567 2245 4637; x_wconf 69' lang='lat' dir='ltr'><strong>praeditus,</strong></span> <span class='ocrx_word' id='word_1_722' title='bbox 2291 4563 2538 4634; x_wconf 80' lang='lat' dir='ltr'><strong>gestabat</strong></span> <span class='ocrx_word' id='word_1_723' title='bbox 2591 4553 2836 4632; x_wconf 87' lang='lat' dir='ltr'><strong>torquem</strong></span> <span class='ocrx_word' id='word_1_724' title='bbox 2896 4577 3145 4621; x_wconf 87' lang='lat' dir='ltr'><strong>aureum,</strong></span> <span class='ocrx_word' id='word_1_725' title='bbox 3200 4576 3328 4612; x_wconf 86' lang='lat' dir='ltr'><strong>cum</strong></span> 
     </span>
    </p>
   </div>
   <div class='ocr_carea' id='block_1_100' title="bbox 1760 4649 3330 4730">
    <p class='ocr_par' dir='ltr' id='par_1_100' title="bbox 1760 4649 3330 4730">
     <span class='ocr_line' id='line_1_100' title="bbox 1760 4649 3330 4730; baseline -0.008 -18"><span class='ocrx_word' id='word_1_726' title='bbox 1760 4660 1973 4730; x_wconf 85' lang='lat' dir='ltr'><strong>clypeo,</strong></span> <span class='ocrx_word' id='word_1_727' title='bbox 2013 4658 2316 4725; x_wconf 86' lang='lat' dir='ltr'><strong>majoriquc</strong></span> <span class='ocrx_word' id='word_1_728' title='bbox 2349 4671 2458 4723; x_wconf 72' lang='lat' dir='ltr'><strong>pra:</strong></span> <span class='ocrx_word' id='word_1_729' title='bbox 2484 4659 2697 4708; x_wconf 64' lang='lat' dir='ltr'><strong>ueteris</strong></span> <span class='ocrx_word' id='word_1_730' title='bbox 2724 4653 2893 4722; x_wconf 85' lang='lat' dir='ltr'><strong>gloria</strong></span> <span class='ocrx_word' id='word_1_731' title='bbox 2937 4652 3192 4722; x_wconf 80' lang='lat' dir='ltr'><strong>fulgebat.</strong></span> <span class='ocrx_word' id='word_1_732' title='bbox 3218 4649 3330 4720; x_wconf 78' lang='lat' dir='ltr'><strong>Ego</strong></span> 
     </span>
    </p>
   </div>
   <div class='ocr_carea' id='block_1_101' title="bbox 1761 4741 3332 4817">
    <p class='ocr_par' dir='ltr' id='par_1_101' title="bbox 1761 4741 3332 4817">
     <span class='ocr_line' id='line_1_101' title="bbox 1761 4741 3332 4817; baseline -0.005 -13"><span class='ocrx_word' id='word_1_733' title='bbox 1761 4767 1912 4815; x_wconf 88' lang='lat' dir='ltr'><strong>vero,</strong></span> <span class='ocrx_word' id='word_1_734' title='bbox 1966 4750 2164 4817; x_wconf 83' lang='lat' dir='ltr'><strong>inquit,</strong></span> <span class='ocrx_word' id='word_1_735' title='bbox 2200 4747 2311 4800; x_wconf 82' lang='lat' dir='ltr'><strong>dixi</strong></span> <span class='ocrx_word' id='word_1_736' title='bbox 2347 4747 2394 4800; x_wconf 88' lang='lat' dir='ltr'><strong>ei</strong></span> <span class='ocrx_word' id='word_1_737' title='bbox 2433 4745 2526 4815; x_wconf 88' lang='lat' dir='ltr'><strong>qui</strong></span> <span class='ocrx_word' id='word_1_738' title='bbox 2577 4761 2661 4798; x_wconf 89' lang='lat' dir='ltr'><strong>me</strong></span> <span class='ocrx_word' id='word_1_739' title='bbox 2705 4743 2978 4796; x_wconf 84' lang='lat' dir='ltr'><strong>ducebat:</strong></span> <span class='ocrx_word' id='word_1_740' title='bbox 3015 4741 3193 4804; x_wconf 80' lang='lat' dir='ltr'><strong>Quare</strong></span> <span class='ocrx_word' id='word_1_741' title='bbox 3229 4742 3332 4796; x_wconf 84' lang='lat' dir='ltr'><strong>istc</strong></span> 
     </span>
    </p>
   </div>
   <div class='ocr_carea' id='block_1_102' title="bbox 1763 4831 3328 4908">
    <p class='ocr_par' dir='ltr' id='par_1_102' title="bbox 1763 4831 3328 4908">
     <span class='ocr_line' id='line_1_102' title="bbox 1763 4831 3328 4908; baseline -0.008 -13"><span class='ocrx_word' id='word_1_742' title='bbox 1763 4843 1942 4896; x_wconf 89' lang='lat' dir='ltr'><strong>minor</strong></span> <span class='ocrx_word' id='word_1_743' title='bbox 1965 4854 2130 4908; x_wconf 83' lang='lat' dir='ltr'><strong>super</strong></span> <span class='ocrx_word' id='word_1_744' title='bbox 2181 4839 2318 4890; x_wconf 89' lang='lat' dir='ltr'><strong>alios</strong></span> <span class='ocrx_word' id='word_1_745' title='bbox 2348 4837 2574 4906; x_wconf 76' lang='lat' dir='ltr'><strong>gloriam</strong></span> <span class='ocrx_word' id='word_1_746' title='bbox 2609 4845 2940 4887; x_wconf 87' lang='lat' dir='ltr'><strong>consecutus</strong></span> <span class='ocrx_word' id='word_1_747' title='bbox 2975 4832 3092 4886; x_wconf 84' lang='lat' dir='ltr'><strong>est?</strong></span> <span class='ocrx_word' id='word_1_748' title='bbox 3117 4831 3210 4886; x_wconf 91' lang='lat' dir='ltr'><strong>Ille</strong></span> <span class='ocrx_word' id='word_1_749' title='bbox 3243 4845 3328 4884; x_wconf 87' lang='lat' dir='ltr'><strong>rc-</strong></span> 
     </span>
    </p>
   </div>
   <div class='ocr_carea' id='block_1_103' title="bbox 1761 4926 3324 5004">
    <p class='ocr_par' dir='ltr' id='par_1_103' title="bbox 1761 4926 3324 5004">
     <span class='ocr_line' id='line_1_103' title="bbox 1761 4926 3324 5004; baseline -0.008 -16"><span class='ocrx_word' id='word_1_750' title='bbox 1761 4933 1982 5004; x_wconf 83' lang='lat' dir='ltr'><strong>spendit</strong></span> <span class='ocrx_word' id='word_1_751' title='bbox 2023 4949 2037 4984; x_wconf 90' lang='lat'><strong>:</strong></span> <span class='ocrx_word' id='word_1_752' title='bbox 2079 4929 2348 4994; x_wconf 87' lang='lat' dir='ltr'><strong>Quoniam</strong></span> <span class='ocrx_word' id='word_1_753' title='bbox 2411 4927 2504 4996; x_wconf 88' lang='lat' dir='ltr'><strong>qui</strong></span> <span class='ocrx_word' id='word_1_754' title='bbox 2567 4926 2987 4995; x_wconf 78' lang='lat' dir='ltr'><strong>hOSpitalitatem</strong></span> <span class='ocrx_word' id='word_1_755' title='bbox 3051 4932 3324 4982; x_wconf 83' lang='lat' dir='ltr'><strong>sectatur,</strong></span> 
     </span>
    </p>
   </div>
   <div class='ocr_carea' id='block_1_104' title="bbox 1761 5016 3332 5096">
    <p class='ocr_par' dir='ltr' id='par_1_104' title="bbox 1761 5016 3332 5096">
     <span class='ocr_line' id='line_1_104' title="bbox 1761 5016 3332 5096; baseline -0.007 -15"><span class='ocrx_word' id='word_1_756' title='bbox 1761 5036 1954 5096; x_wconf 85' lang='lat' dir='ltr'><strong>sponte</strong></span> <span class='ocrx_word' id='word_1_757' title='bbox 2003 5038 2100 5078; x_wconf 86' lang='lat' dir='ltr'><strong>sua</strong></span> <span class='ocrx_word' id='word_1_758' title='bbox 2161 5022 2210 5074; x_wconf 81' lang='lat' dir='ltr'><strong>id</strong></span> <span class='ocrx_word' id='word_1_759' title='bbox 2266 5022 2414 5090; x_wconf 85' lang='lat' dir='ltr'><strong>agit;</strong></span> <span class='ocrx_word' id='word_1_760' title='bbox 2468 5019 2561 5088; x_wconf 87' lang='lat' dir='ltr'><strong>qui</strong></span> <span class='ocrx_word' id='word_1_761' title='bbox 2605 5018 2809 5088; x_wconf 87' lang='lat' dir='ltr'><strong>pariter</strong></span> <span class='ocrx_word' id='word_1_762' title='bbox 2856 5023 3228 5070; x_wconf 90' lang='lat' dir='ltr'><strong>commoratur</strong></span> <span class='ocrx_word' id='word_1_763' title='bbox 3271 5016 3332 5070; x_wconf 86' lang='lat' dir='ltr'><strong>in</strong></span> 
     </span>
    </p>
   </div>
   <div class='ocr_carea' id='block_1_105' title="bbox 1759 5106 3332 5178">
    <p class='ocr_par' dir='ltr' id='par_1_105' title="bbox 1759 5106 3332 5178">
     <span class='ocr_line' id='line_1_105' title="bbox 1759 5106 3332 5178; baseline -0.008 -7"><span class='ocrx_word' id='word_1_764' title='bbox 1759 5127 1965 5178; x_wconf 87' lang='lat' dir='ltr'><strong>eremo,</strong></span> <span class='ocrx_word' id='word_1_765' title='bbox 2014 5111 2244 5168; x_wconf 87' lang='lat' dir='ltr'><strong>recessit</strong></span> <span class='ocrx_word' id='word_1_766' title='bbox 2275 5125 2340 5164; x_wconf 74' lang='lat' dir='ltr'><strong>ex</strong></span> <span class='ocrx_word' id='word_1_767' title='bbox 2387 5110 2670 5164; x_wconf 88' lang='lat' dir='ltr'><strong>voluntate</strong></span> <span class='ocrx_word' id='word_1_768' title='bbox 2719 5122 2852 5172; x_wconf 86' lang='lat' dir='ltr'><strong>sua;</strong></span> <span class='ocrx_word' id='word_1_769' title='bbox 2890 5107 2982 5162; x_wconf 83' lang='lat' dir='ltr'><strong>hic</strong></span> <span class='ocrx_word' id='word_1_770' title='bbox 3020 5116 3200 5162; x_wconf 88' lang='lat' dir='ltr'><strong>autem</strong></span> <span class='ocrx_word' id='word_1_771' title='bbox 3235 5106 3332 5177; x_wconf 84' lang='lat' dir='ltr'><strong>qui</strong></span> 
     </span>
    </p>
   </div>
   <div class='ocr_carea' id='block_1_106' title="bbox 167 5263 1657 5342">
    <p class='ocr_par' dir='ltr' id='par_1_106' title="bbox 167 5263 1650 5342">
     <span class='ocr_line' id='line_1_106' title="bbox 167 5263 1650 5342; baseline 0.007 -24"><span class='ocrx_word' id='word_1_772' title='bbox 167 5263 208 5294; x_wconf 84' lang='lat'><strong>&quot;</strong></span> <span class='ocrx_word' id='word_1_773' title='bbox 233 5267 310 5320; x_wconf 83' lang='lat' dir='ltr'><strong>Al.</strong></span> <span class='ocrx_word' id='word_1_774' title='bbox 341 5270 448 5325; x_wconf 87' lang='lat' dir='ltr'><strong>ins.</strong></span> <span class='ocrx_word' id='word_1_775' title='bbox 475 5271 578 5341; x_wconf 84' lang='grc' dir='ltr'>τῆς</span> <span class='ocrx_word' id='word_1_776' title='bbox 609 5271 800 5342; x_wconf 82' lang='grc' dir='ltr'>θύρας.</span> <span class='ocrx_word' id='word_1_777' title='bbox 877 5273 924 5305; x_wconf 78' lang='grc'><strong>’⁸</strong></span> <span class='ocrx_word' id='word_1_778' title='bbox 955 5271 1150 5341; x_wconf 85' lang='lat' dir='ltr'><strong>Ephes.</strong></span> <span class='ocrx_word' id='word_1_779' title='bbox 1187 5286 1259 5336; x_wconf 81' lang='lat' dir='ltr'><strong>vt,</strong></span> <span class='ocrx_word' id='word_1_780' title='bbox 1300 5271 1388 5326; x_wconf 76' lang='grc'><strong>16.</strong></span> <span class='ocrx_word' id='word_1_781' title='bbox 1467 5273 1511 5306; x_wconf 80' lang='grc'><strong><em>⁸⁷</em></strong></span> <span class='ocrx_word' id='word_1_782' title='bbox 1537 5271 1650 5328; x_wconf 89' lang='lat' dir='ltr'><strong>Luc</strong></span> 
     </span>
    </p>
   </div>
   <div class='ocr_carea' id='block_1_107' title="bbox 1765 5263 1968 5342">
    <p class='ocr_par' dir='ltr' id='par_1_107' title="bbox 1765 5271 1968 5338">
     <span class='ocr_line' id='line_1_107' title="bbox 1765 5271 1968 5338; baseline 0 -12"><span class='ocrx_word' id='word_1_783' title='bbox 1765 5289 1804 5338; x_wconf 84' lang='grc' dir='ltr'><strong>ι,</strong></span> <span class='ocrx_word' id='word_1_784' title='bbox 1829 5271 1916 5328; x_wconf 76' lang='lat'><strong>59.</strong></span> <span class='ocrx_word' id='word_1_785' title='bbox 1965 5309 1968 5311; x_wconf 50' lang='grc' dir='ltr'><strong>λ</strong></span> 
     </span>
    </p>
   </div>
   <div class='ocr_carea' id='block_1_108' title="bbox 162 5416 1650 5514">
    <p class='ocr_par' dir='ltr' id='par_1_108' title="bbox 162 5416 1650 5514">
     <span class='ocr_line' id='line_1_108' title="bbox 162 5416 1650 5514; baseline 0.001 -36"><span class='ocrx_word' id='word_1_786' title='bbox 162 5416 538 5514; x_wconf 48' lang='grc' dir='ltr'>,Ἐφόρει</span> <span class='ocrx_word' id='word_1_787' title='bbox 579 5425 708 5514; x_wconf 63' lang='lat' dir='ltr'><strong>seq</strong></span> <span class='ocrx_word' id='word_1_788' title='bbox 750 5425 846 5480; x_wconf 80' lang='grc' dir='ltr'>διὰ</span> <span class='ocrx_word' id='word_1_789' title='bbox 894 5421 1010 5514; x_wconf 62' lang='grc' dir='ltr'><strong>τῂν</strong></span> <span class='ocrx_word' id='word_1_790' title='bbox 1039 5425 1650 5514; x_wconf 43' lang='grc' dir='ltr'>ιέιπακοὴνμαζιᾴιξην</span> 
     </span>
    </p>
   </div>
   <div class='ocr_carea' id='block_1_109' title="bbox 107 5495 1651 5638">
    <p class='ocr_par' dir='ltr' id='par_1_109' title="bbox 107 5495 1651 5638">
     <span class='ocr_line' id='line_1_109' title="bbox 107 5495 1651 5604; baseline 0.003 -59"><span class='ocrx_word' id='word_1_791' title='bbox 107 5495 343 5604; x_wconf 49' lang='grc' dir='ltr'>ἐκπεσοῦν-</span> <span class='ocrx_word' id='word_1_792' title='bbox 379 5495 480 5547; x_wconf 71' lang='lat' dir='ltr'><strong>xui</strong></span> <span class='ocrx_word' id='word_1_793' title='bbox 526 5497 802 5564; x_wconf 69' lang='grc' dir='ltr'>γοργόνα,</span> <span class='ocrx_word' id='word_1_794' title='bbox 841 5497 938 5549; x_wconf 77' lang='grc' dir='ltr'><strong>καὶ</strong></span> <span class='ocrx_word' id='word_1_795' title='bbox 962 5497 1242 5578; x_wconf 46' lang='grc' dir='ltr'>,πλείονα</span> <span class='ocrx_word' id='word_1_796' title='bbox 1278 5498 1396 5550; x_wconf 78' lang='grc' dir='ltr'>τῶν</span> <span class='ocrx_word' id='word_1_797' title='bbox 1445 5495 1651 5552; x_wconf 71' lang='grc' dir='ltr'>ἄλλων</span> 
     </span>
     <span class='ocr_line' id='line_1_110' title="bbox 127 5557 1651 5638; baseline 0.005 -24"><span class='ocrx_word' id='word_1_798' title='bbox 127 5557 262 5638; x_wconf 67' lang='grc' dir='ltr'>ὀξαν</span> <span class='ocrx_word' id='word_1_799' title='bbox 284 5559 465 5638; x_wconf 56' lang='lat' dir='ltr'><strong>siler.</strong></span> <span class='ocrx_word' id='word_1_800' title='bbox 499 5564 746 5638; x_wconf 21' lang='lat' dir='ltr'><strong>AJoanncs</strong></span> <span class='ocrx_word' id='word_1_801' title='bbox 781 5565 1046 5638; x_wconf 72' lang='lat' dir='ltr'><strong>Meursnis</strong></span> <span class='ocrx_word' id='word_1_802' title='bbox 1084 5582 1218 5621; x_wconf 86' lang='lat' dir='ltr'><strong>voce</strong></span> <span class='ocrx_word' id='word_1_803' title='bbox 1261 5567 1486 5638; x_wconf 83' lang='grc' dir='ltr'>Γοργώρ</span> <span class='ocrx_word' id='word_1_804' title='bbox 1517 5569 1651 5622; x_wconf 88' lang='lat' dir='ltr'><strong>citat</strong></span> 
     </span>
    </p>
   </div>
   <div class='ocr_carea' id='block_1_110' title="bbox 108 5630 1647 5708">
    <p class='ocr_par' dir='ltr' id='par_1_110' title="bbox 108 5630 1647 5708">
     <span class='ocr_line' id='line_1_111' title="bbox 108 5630 1647 5708; baseline 0.01 -33"><span class='ocrx_word' id='word_1_805' title='bbox 108 5630 306 5708; x_wconf 62' lang='lat' dir='ltr'><strong>erlibro</strong></span> <span class='ocrx_word' id='word_1_806' title='bbox 335 5630 844 5708; x_wconf 53' lang='lat' dir='ltr'><strong>i&#39;Collectaneorum</strong></span> <span class='ocrx_word' id='word_1_807' title='bbox 874 5635 1026 5708; x_wconf 82' lang='lat' dir='ltr'><strong>Pauli</strong></span> <span class='ocrx_word' id='word_1_808' title='bbox 1055 5630 1647 5708; x_wconf 71' lang='grc' dir='ltr'>ιιιοιιιιειιί,’γοργῷρᾳ.</span> 
     </span>
    </p>
   </div>
   <div class='ocr_carea' id='block_1_111' title="bbox 109 5703 1651 5779">
    <p class='ocr_par' dir='ltr' id='par_1_111' title="bbox 109 5703 1651 5779">
     <span class='ocr_line' id='line_1_112' title="bbox 109 5703 1651 5779; baseline 0.012 -36"><span class='ocrx_word' id='word_1_809' title='bbox 109 5705 384 5773; x_wconf 71' lang='lat' dir='ltr'><strong>.alcturqttc</strong></span> <span class='ocrx_word' id='word_1_810' title='bbox 423 5707 494 5761; x_wconf 89' lang='lat' dir='ltr'><strong>de</strong></span> <span class='ocrx_word' id='word_1_811' title='bbox 539 5707 942 5776; x_wconf 71' lang='lat' dir='ltr'><strong>signiﬁcatione</strong></span> <span class='ocrx_word' id='word_1_812' title='bbox 980 5707 1085 5760; x_wconf 87' lang='lat' dir='ltr'><strong>sibi</strong></span> <span class='ocrx_word' id='word_1_813' title='bbox 1137 5724 1244 5762; x_wconf 85' lang='lat' dir='ltr'><strong>non</strong></span> <span class='ocrx_word' id='word_1_814' title='bbox 1277 5703 1504 5777; x_wconf 74' lang='lat' dir='ltr'><strong>liquere.</strong></span> <span class='ocrx_word' id='word_1_815' title='bbox 1539 5703 1651 5779; x_wconf 56' lang='lat' dir='ltr'><strong>Ego</strong></span> 
     </span>
    </p>
   </div>
   <div class='ocr_carea' id='block_1_112' title="bbox 1756 5423 3334 5497">
    <p class='ocr_par' dir='ltr' id='par_1_112' title="bbox 1756 5423 3334 5497">
     <span class='ocr_line' id='line_1_113' title="bbox 1756 5423 3334 5497; baseline -0.004 -19"><span class='ocrx_word' id='word_1_816' title='bbox 1756 5443 1888 5481; x_wconf 81' lang='lat' dir='ltr'><strong>vero</strong></span> <span class='ocrx_word' id='word_1_817' title='bbox 1937 5427 2170 5497; x_wconf 85' lang='grc' dir='ltr'>γοργόνα</span> <span class='ocrx_word' id='word_1_818' title='bbox 2234 5423 2380 5495; x_wconf 82' lang='lat' dir='ltr'><strong>quod</strong></span> <span class='ocrx_word' id='word_1_819' title='bbox 2411 5426 2590 5480; x_wconf 86' lang='lat' dir='ltr'><strong>inveni</strong></span> <span class='ocrx_word' id='word_1_820' title='bbox 2634 5425 2864 5497; x_wconf 69' lang='lat' dir='ltr'><strong>retium,</strong></span> <span class='ocrx_word' id='word_1_821' title='bbox 2897 5439 2960 5478; x_wconf 91' lang='lat' dir='ltr'><strong>ac</strong></span> <span class='ocrx_word' id='word_1_822' title='bbox 2995 5423 3334 5497; x_wconf 76' lang='lat' dir='ltr'><strong>interprrtor</strong></span> 
     </span>
    </p>
   </div>
   <div class='ocr_carea' id='block_1_113' title="bbox 1757 5493 3332 5568">
    <p class='ocr_par' dir='ltr' id='par_1_113' title="bbox 1757 5493 3332 5568">
     <span class='ocr_line' id='line_1_114' title="bbox 1757 5493 3332 5568; baseline -0.004 -16"><span class='ocrx_word' id='word_1_823' title='bbox 1757 5493 2030 5568; x_wconf 67' lang='lat' dir='ltr'><strong>clypeum,</strong></span> <span class='ocrx_word' id='word_1_824' title='bbox 2054 5493 2132 5550; x_wconf 77' lang='grc' dir='ltr'><strong>οι)</strong></span> <span class='ocrx_word' id='word_1_825' title='bbox 2151 5493 2658 5568; x_wconf 72' lang='lat' dir='ltr'><strong>decantatissimam</strong></span> <span class='ocrx_word' id='word_1_826' title='bbox 2682 5493 3251 5568; x_wconf 63' lang='lat' dir='ltr'><strong>Gorgonisiahularn,</strong></span> <span class='ocrx_word' id='word_1_827' title='bbox 3277 5499 3332 5568; x_wconf 75' lang='lat' dir='ltr'><strong>et</strong></span> 
     </span>
    </p>
   </div>
   <div class='ocr_carea' id='block_1_114' title="bbox 1759 5563 3338 5638">
    <p class='ocr_par' dir='ltr' id='par_1_114' title="bbox 1759 5563 3338 5638">
     <span class='ocr_line' id='line_1_115' title="bbox 1759 5563 3338 5638; baseline -0.005 -17"><span class='ocrx_word' id='word_1_828' title='bbox 1759 5563 1978 5638; x_wconf 71' lang='lat' dir='ltr'><strong>propter</strong></span> <span class='ocrx_word' id='word_1_829' title='bbox 2009 5568 2170 5638; x_wconf 82' lang='lat' dir='ltr'><strong>verba</strong></span> <span class='ocrx_word' id='word_1_830' title='bbox 2195 5565 2450 5638; x_wconf 77' lang='lat' dir='ltr'><strong>llesycliii</strong></span> <span class='ocrx_word' id='word_1_831' title='bbox 2488 5585 2499 5620; x_wconf 96' lang='lat'>:</span> <span class='ocrx_word' id='word_1_832' title='bbox 2525 5563 3066 5638; x_wconf 67' lang='grc' dir='ltr'>Γοργόνες-ἀἰγίδεςο</span> <span class='ocrx_word' id='word_1_833' title='bbox 3098 5565 3146 5616; x_wconf 90' lang='grc' dir='ltr'>οἰ</span> <span class='ocrx_word' id='word_1_834' title='bbox 3175 5563 3230 5615; x_wconf 85' lang='grc' dir='ltr'><strong>δὲ</strong></span> <span class='ocrx_word' id='word_1_835' title='bbox 3266 5563 3338 5614; x_wconf 66' lang='grc' dir='ltr'>τὰ</span> 
     </span>
    </p>
   </div>
   <div class='ocr_carea' id='block_1_115' title="bbox 1760 5636 3332 5708">
    <p class='ocr_par' dir='ltr' id='par_1_115' title="bbox 1760 5636 3332 5708">
     <span class='ocr_line' id='line_1_116' title="bbox 1760 5636 3332 5708; baseline -0.001 -18"><span class='ocrx_word' id='word_1_836' title='bbox 1760 5636 1981 5691; x_wconf 71' lang='grc' dir='ltr'>ἐπὶτῶν</span> <span class='ocrx_word' id='word_1_837' title='bbox 2012 5637 2232 5706; x_wconf 86' lang='grc' dir='ltr'>αἰγίδων</span> <span class='ocrx_word' id='word_1_838' title='bbox 2267 5636 2554 5708; x_wconf 73' lang='grc' dir='ltr'>πρόσωπα.</span> <span class='ocrx_word' id='word_1_839' title='bbox 2601 5636 2610 5638; x_wconf 54' lang='grc'><strong><em>“</em></strong></span> <span class='ocrx_word' id='word_1_840' title='bbox 3281 5679 3284 5684; x_wconf 91' lang='grc'>.</span> <span class='ocrx_word' id='word_1_841' title='bbox 3325 5647 3332 5656; x_wconf 83' lang='grc'><em>’</em></span> 
     </span>
    </p>
   </div>
  </div>
