3828 6310
450 275 549 334 391

1539 267 1760 323 ΛΡΡΕΝ
1769 267 1880 322 DlX
1918 264 2010 321 AD
2048 264 2267 319 PALLA
2277 265 2466 324 DIUM.

3589 259 3701 313 1'95

450 392 819 450 obedientiam
857 392 1088 456 obtinet,
1121 388 1336 446 eunetis
1373 389 1491 445 suis
1522 388 1899 444 voluntatibus
1930 400 2018 440 re-

2149 384 2294 438 πάντα
2339 385 2408 438 τά
2436 383 2713 455 θελήματα
2746 379 2914 435 αὐτοῦ
2944 377 3299 447 καταλείψας,
3324 378 3602 448 κρέμαται
3626 379 3704 449 τῷ

453 489 620 549 lictis,
649 487 846 557 pendet
877 500 907 538 a
946 485 1078 547 Deo,
1109 491 1274 554 atque
1317 498 1348 537 a
1378 497 1479 538 suo
1510 480 1689 537 Patre.
1727 480 1899 550 llujus
1941 477 2023 533 rei

453 582 626 652 gratia
651 581 772 650 plus
800 577 984 650 gloria
1027 592 1190 646 quam
1232 577 1414 632 caateri
1447 575 1676 643 accepit.
1706 575 2021 643 Propterea,

456 673 752 739 ﬁlii,'bona
804 680 888 726 est
920 669 1252 733 obcdientia,
1301 684 1426 722 eum
1469 676 1694 736 propter
1734 663 2025 720 Dominum

454 765 776 835 suscipitur.
849 761 928 815 Ex
993 769 1147 830 parte
1207 760 1558 830 percepistis,
1625 757 1750 820 filii',
1806 756 2026 811 virtutis

455 857 617 912 istius
641 871 868 926 parvum
903 854 1210 923 vestigium.
1251 850 1295 907 Ο
1335 850 1666 914 obedientia,
1699 857 2024 903 cunctorum

455 949 698 1003 lidelium
736 946 918 1001 salus!
955 963 988 1000 ο
1018 944 1346 1003 obedientia.
1376 951 1549 996 mater
1577 941 1821 996 omnium
1854 939 2027 993 virtu-

459 1037 604 1090 tum!
641 1049 674 1089 o
723 1035 1054 1097 ohedientia,
1101 1035 1251 1102 regni
1284 1033 1590 1086 inventrix!
1625 1047 1658 1085 ο
1697 1029 2026 1094 obedientia,

455 1143 576 1198 quae
599 1128 768 1182 caelos
790 1129 990 1196 aperis,
1016 1142 1079 1180 ac
1101 1127 1349 1180 homines
1369 1141 1402 1180 e
1423 1134 1572 1179 terra
1599 1123 1805 1178 elevas!
1839 1137 1873 1175 ο
1894 1123 2027 1176 obe-

454 1220 702 1280 dientia,
767 1220 1012 1271 omnium
1073 1224 1387 1271 sanctorum
1458 1214 1675 1277 nutrix,
1727 1212 1887 1280 cujus
1945 1211 2030 1265 lac

457 1319 746 1374 auxerunt,
782 1317 836 1363 et
869 1325 963 1378 per
1001 1324 1164 1378 quam
1194 1316 1488 1362 evaserunt
1528 1305 1789 1374 perfecti!
1826 1318 1861 1358 0
1893 1303 2027 1359 obe-

456 1401 689 1465 dientia,
722 1399 1138 1455 contubernalis
1173 1398 1528 1468 angelorum!

953 1511 1024 1566 De
1055 1511 1239 1564 abbate
1274 1509 1531 1563 Romano.

525 1627 666 1682 Cum
709 1627 879 1682 abbas
917 1623 1197 1678 Romanus
1241 1623 1544 1676 moriturus
1599 1627 1767 1682 esset,
1805 1633 2032 1690 congre-

2125 476 2243 547 Θεῷ
2267 477 2361 530 καὶ
2386 476 2463 545 τῷ
2491 476 2603 545 ἰδίῳ
2627 474 2800 546 Πατρί
2819 492 2831 503 ·
2870 473 3031 526 ἕνεκα
3065 471 3254 524 τούτου
3286 470 3508 523 πλείονα
3544 471 3705 533 δόξαν

2126 570 2283 623 ἔλαϐε
2314 570 2465 641 παρὰ
2492 570 2616 632 τοὺς
2637 567 2847 630 ἄλλους.
2873 565 2972 619 Διὰ
2999 564 3179 632 τοῦτο,
3207 558 3252 618 ὦ
3282 567 3473 629 τέκνα,
3504 563 3647 635 καλὴ
3669 573 3703 635 q

2128 662 2340 733 ὑπακοὴ
2363 664 2394 732 ἡ
2415 662 2506 715 διὰ
2525 661 2614 713 τὸν
2634 659 2837 731 Κύριον
2860 657 3140 728 γινομένη.
3177 655 3493 716 Ἠκούσατε,
3509 657 3701 719 τὲγ-ια,

2128 754 2192 806 ὲκ
2216 753 2432 822 μέρους,
2461 750 2556 805 τοῦ
2587 749 3009 822 κατορθώματος
3031 747 3223 800 τούτου
3245 747 3423 814 ὀλίγον
3453 763 3506 799 τι
3535 747 3700 816 ἴχνος.

2127 839 2198 896 Ὦ
2230 843 2442 914 ὑπακοὴ
2473 841 2713 912 σωτηρία
2745 839 2959 892 πάντων
2984 837 3368 906 τῶνοπιπῶνί
3401 831 3448 890 ὦ
3485 839 3704 904 ὑπακοὴ

2129 935 2419 1004 γεννήτρια
2463 933 2650 986 πασῶν
2687 931 2798 984 τῶν
2835 922 3150 1001 ἀρετῶνίῶ
3183 929 3395 998 ὑπακοὴ
3427 926 3704 997 βασιλείας

2131 1027 2343 1100 εὑρέτις
2359 1029 2375 1080 1
2395 1021 2439 1080 ὧ
2453 1025 2662 1095 ὑπακοὴ
2675 1024 2936 1095 οὐρανοὺς
2948 1022 3256 1089 ἀνοίγουσα,
3276 1022 3370 1075 καὶ
3385 1021 3706 1092 ἀνθρώπους

2129 1120 2239 1174 ἀπὸ
2289 1123 2392 1190 γῆς
2445 1117 2753 1187 ἀνάγουσαί
2803 1109 2848 1168 ὦ
2891 1114 3105 1184 ὑπακοὴ
3147 1113 3366 1166 πάντων
3394 1111 3502 1164 τῶν
3533 1110 3705 1178 ἁγίων

2130 1213 2317 1285 τροφὲ,
2363 1212 2422 1275 ἐξ
2451 1207 2519 1282 ἦς
2563 1209 2854 1280 ὲθήλασαν,
2890 1207 2984 1258 καὶ
3017 1205 3106 1258 διὰ
3137 1203 3232 1258 σοῦ
3269 1202 3699 1272 ὲτελειὼθησανί

2130 1300 2177 1360 ὦ
2203 1305 2414 1375 ὑπακοὴ
2445 1305 2656 1357 σύνοικε
2687 1301 2932 1370 ἀγγέλων
2957 1302 2969 1352 l

2511 1497 2646 1565 Περὶ
2683 1495 2788 1549 τοῦ
2811 1492 2959 1550 ἀσϐᾶ
3002 1492 3326 1562 Ῥωμανοῦ.

2204 1609 2505 1670 Μέλλοντος
2550 1606 2644 1659 τοῦ
2709 1605 2849 1658 ἀϐΕᾶ
2915 1603 3197 1674 Ῥωμανοῦ
3251 1605 3527 1675 τελευτᾷν,
3583 1622 3706 1659 συν-

457 1719 566 1788 gati
596 1719 742 1772 circa
776 1718 924 1770 illum
950 1715 1201 1782 discipuli
1233 1714 1374 1783 ejus.
1404 1713 1820 1782 postulaverunt
1843 1730 1856 1764 :
1883 1709 2030 1776 Quo-

2149 1701 2382 1772 ῆχθησαν
2435 1699 2572 1768 πρὸς
2627 1695 2789 1751 αὑτὸν
2852 1699 2902 1750 οἱ
2959 1697 3195 1767 μαθηταὶ
3229 1697 3416 1758 αὐτοῦ,
3457 1697 3706 1765 λέγοντες

2176 1793 2187 1802 ι
2247 1791 2270 1802 ~
2345 1790 2426 1802 ιιι-ι-
2493 1791 2504 1802 ·
2590 1789 2620 1802 Α
2793 1787 2815 1802 θ
2968 1787 3026 1802 Α-
3143 1799 3148 1802 .
3182 1787 3237 1802 οιι
3265 1787 3304 1802 με
3385 1787 3396 1802 ο
3561 1783 3587 1802 ν

457 1809 622 1864 modo
673 1819 892 1880 oportet
941 1808 1057 1877 regi
1104 1807 1240 1860 nos?
1289 1806 1467 1859 Senex
1524 1819 1652 1858 vero
1701 1801 2027 1872 respondit:

455 1901 577 1958 Non
611 1903 831 1957 memini
864 1917 948 1955 me
994 1914 1234 1969 unquam
1267 1897 1451 1952 dicere
1490 1895 1652 1948 alicui
1697 1906 1939 1948 vestrum
1974 1903 2034 1945 ut

458 1992 739 2062 quidpiam
790 1989 1016 2056 faceret,
1069 1989 1203 2057 quin
1256 1987 1412 2057 prius
1456 1986 1641 2038 animo
1690 1984 2031 2046 statuissem,

459 2099 571 2138 non
603 2083 788 2143 irasci.
830 2083 874 2138 si
907 2098 1016 2137 non
1049 2081 1271 2136 fecisset
1297 2077 1442 2148 quod
1484 2077 1600 2130 fieri
1650 2076 1858 2129 aiebam
1894 2092 1906 2127 :
1940 2081 2036 2127 at-

459 2191 566 2246 que
606 2175 688 2230 sic
723 2192 817 2245 per
844 2182 1020 2230 totum
1050 2182 1298 2229 nostrum
1335 2181 1572 2240 tempus,
1609 2184 1732 2223 cum
1765 2183 1901 2238 pace
1939 2167 2036 2220 ha—

457 2265 772 2321 bitavimus.

915 2355 1252 2428 Principium
1282 2355 1482 2409 litterae
1509 2353 1568 2406 Σ.

988 2449 1062 2502 De
1099 2447 1289 2501 abbate
1323 2446 1493 2501 Sisoe.

534 2542 588 2597 1.
633 2540 745 2612 (50)
762 2538 955 2594 Frater
975 2539 1178 2608 injuria
1199 2537 1430 2592 affectus
1451 2539 1519 2592 ab
1543 2537 1652 2590 alio
1677 2535 1868 2599 fratre,
1891 2533 2039 2589 venit

463 2633 531 2688 ad
579 2635 829 2688 abbatem
874 2630 1111 2694 Sisoem,
1152 2637 1208 2684 et
1245 2629 1386 2684 dixit
1414 2631 1462 2683 ei
1499 2648 1512 2684 :
1549 2629 1805 2698 lujuriam
1842 2641 2039 2696 passus

466 2743 590 2782 sum
621 2726 690 2780 ab
722 2726 907 2794 aliquo
937 2723 1126 2782 fratre.
1161 2738 1226 2775 ac
1246 2722 1370 2777 volo
1397 2722 1661 2790 meipsum
1693 2719 1904 2772 ulcisci.
1944 2715 2041 2770 Se-

466 2831 573 2870 nex
611 2827 739 2868 vero
769 2813 1110 2874 heitabatur,
1147 2810 1233 2865 his
1265 2810 1448 2864 verbis
1473 2828 1487 2864 :
1512 2808 1885 2878 Nequaquam,
1934 2806 2039 2870 fili;

2132 1791 2282 1860 αὐτῷ
2301 1805 2314 1819 '
2345 1790 2467 1853 Πῶς
2483 1789 2769 1858 ὀφείλομεν
2787 1787 3122 1857 διοικηθῆναι
3143 1799 3157 1850 ;
3182 1787 3240 1844 ὐ
3259 1787 3316 1839 δὲ
3335 1787 3514 1858 γέρων
3535 1783 3704 1841 εἶπεν·

2132 1885 2402 1939 Οὐδέποτε
2445 1878 2560 1936 οἶδα
2608 1881 2777 1934 εἰπών
2803 1899 2907 1934 τινι
2944 1881 3098 1950 ὑμῶν
3135 1879 3356 1949 ποιῆσαί
3386 1881 3438 1932 τί
3479 1897 3631 1945 ποτε,
3661 1883 3706 1933 εί

2136 1979 2208 2048 μὴ
2248 1977 2509 2047 πρότερον
2558 1973 2786 2044 ἐποίησα
2841 1973 2931 2025 τὸν
2968 1971 3248 2042 λογισμὸν,
3285 1970 3359 2040 μὴ
3390 1971 3709 2042 ὀργισθῆναι

2133 2067 2228 2118 ὲάν
2255 2068 2329 2137 μὴ
2358 2067 2560 2136 ποιήσῃ
2586 2065 2614 2116 ὃ
2641 2060 2792 2117 εἶπον
2815 2062 3067 2132 γενέσθαι
3093 2080 3107 2094 ο
3142 2064 3235 2116 καὶ
3266 2061 3440 2126 οὕτως
3469 2063 3595 2116 ὅλον
3616 2064 3709 2116 τὸν

2134 2159 2324 2231 χρόνον
2352 2159 2506 2228 ἡμῶν
2535 2156 2830 2228 ῲκὴσαμεν
2871 2156 2987 2226 μετ’
3017 2156 3258 2227 εἰρήνης.

2583 2333 2749 2404 Ἀρχὴ
2791 2331 2884 2385 τοῦ
2921 2333 2958 2384 Σ
2991 2333 3278 2402 στοιχείου.

2525 2427 2661 2494 Περὶ
2691 2425 2795 2478 τοῦ
2837 2423 2988 2478 ἀϐὄᾶ
3017 2425 3062 2457 ³⁸
3102 2427 3312 2492 Σισόη.

2219 2528 2287 2576 α’.
2328 2519 2578 2587 Ἀδελφὸς
2614 2517 2894 2587 ἀδικηθεὶς
2932 2518 3037 2570 ὑπὸ
3071 2519 3256 2588 ἑτέρου
3293 2517 3544 2586 ἀδελφοῦ,
3580 2513 3708 2589 ἦλθε

2138 2619 2274 2690 πρὸς
2301 2617 2391 2670 τὸν
2409 2613 2583 2668 ἀϐϐἄν
2617 2612 2809 2680 Σισόην
2825 2611 2894 2675 ’³,
2925 2610 3019 2664 καὶ
3035 2610 3181 2678 λέγει
3200 2611 3378 2681 αὐτῷ·
3419 2610 3710 2681 Ἦδικήθην

2139 2710 2291 2780 παρά
2313 2725 2455 2769 τινος
2487 2708 2503 2737 ¹
2529 2704 2780 2772 ἀδελφοῦ.
2797 2703 2952 2771 κάγὼ
2981 2704 3119 2757 θέλω
3142 2703 3375 2774 ἐμαυτὸν
3404 2703 3708 2772 ἐκδικῆσαι.

2150 2801 2209 2852 Ὁ
2226 2800 2284 2852 δὲ
2307 2797 2488 2868 γέρων
2510 2795 2808 2866 παρεκάλει
2832 2792 3014 2857 αὑτὸν,
3039 2793 3239 2860 λέγων·
3260 2794 3370 2862 Μὴ,
3391 2791 3599 2853 τέκνον,
3624 2807 3719 2843 κα.

467 2907 563 2962 sed
610 2906 793 2976 potius
829 2902 940 2958 Deo
991 2904 1240 2972 relinque
1293 2902 1520 2958 ultionis
1557 2911 1760 2970 partes.
1815 2900 2036 2967 Excepit

2149 2890 2389 2960 τάλειψον
2413 2890 2468 2943 δὲ
2497 2887 2698 2958 μᾶλλον
2728 2886 2806 2956 τῷ
2835 2886 2954 2956 Θεῷ
2981 2885 3047 2939 τὰ
3076 2878 3171 2954 τῆς
3189 2884 3543 2954 ἐκδικήσεως.
3577 2885 3636 2937 ’0
3656 2883 3713 2938 δὲ

467 2997 750 3056 illezNon
807 2997 1057 3060 cessabo,
1109 2996 1284 3050 donec
1332 2995 1684 3048 vindicavere
1742 3006 1850 3045 me.
1902 2990 2036 3044 Tum

2149 2985 2350 3052 ἔλεγεν·
2411 2983 2483 3034 Οὐ
2527 2979 2808 3048 παύσομαι
2869 2978 2974 3041 ’έως
3019 2971 3080 3031 οὗ
3133 2976 3404 3046 ἐκδικήσω
3453 2977 3712 3047 ἐμαυτόν.

468 3106 658 3155 senex,
718 3089 974 3150 Oremus,
1023 3089 1221 3156 inquit,
1275 3086 1466 3140 frater.
1523 3085 1874 3154 Surgensque
1915 3083 2036 3136 ait:

2149 3071 2283 3129 Εἷπε
2308 3073 2363 3126 δὲ
2400 3074 2428 3124 6
2455 3071 2667 3143 γέρων’
2713 3069 3032 3138 Εὐξωμεθα,
3079 3068 3296 3137 ἀδελφέ.
3341 3068 3447 3120 Καὶ
3477 3069 3717 3130 ἀναστὰς

465 3179 634 3243 Deus,
667 3196 776 3235 non
805 3181 1038 3249 amplius
1062 3193 1282 3248 egemus
1323 3185 1380 3230 ut
1409 3179 1583 3230 nostri
1631 3193 1821 3231 curam
1864 3176 2041 3230 susci-

468 3275 620 3346 pias;
654 3289 754 3328 nos
797 3274 941 3328 enim
991 3281 1227 3342 acceptae
1270 3271 1484 3341 injuriae
1515 3286 1704 3340 pmnas
1749 3269 2040 3339 exigimus.

469 3363 586 3418 Hoc
619 3365 783 3436 igitur
820 3365 1027 3426 audito,
1073 3363 1240 3417 frater
1274 3362 1510 3432 procidit
1553 3361 1621 3416 ad
1658 3363 1820 3432 pedes
1869 3361 2039 3424 senis,

469 3455 660 3510 dicens
692 3475 705 3510 :
739 3457 861 3510 Non
884 3457 1119 3526 amplius
1150 3455 1423 3510 contendo
1446 3471 1570 3510 eum
1601 3455 1790 3508 fratre.
1817 3451 2044 3521 Ignosce

475 3551 630 3613 mihi,
663 3551 826 3605 abba.

541 3643 597 3698 2.
637 3643 752 3714 (5!)
783 3642 976 3698 Frater
1003 3643 1076 3696 ita
1113 3641 1471 3712 interrogavit
1502 3640 1750 3694 abbatem
1782 3637 1991 3691 Sisoem
2025 3653 2040 3690 :

470 3735 610 3804 Quid
645 3737 880 3790 faciam?
905 3737 1029 3808 quia
1062 3737 1128 3789 ad
1161 3738 1448 3789 ecclesiam
1489 3747 1742 3794 occurro,
1773 3731 1862 3783 ubi
1900 3743 2044 3798 smpe

471 3834 644 3897 agape
677 3827 1009 3897 celebratur,
1061 3836 1115 3881 et
1155 3827 1390 3881 retinent
1437 3841 1542 3880 me.
1595 3825 1683 3876 Ait
1718 3823 1792 3875 illi
1839 3836 2039 3874 senex:

470 3915 580 3972 Res
603 3927 688 3974 cst
727 3919 1020 3974 laboriosa.
1057 3919 1222 3988 Igitur
1269 3918 1543 3971 Abraham
1574 3914 1877 3983 discipulus
1924 3912 2043 3980 ejus

471 4017 823 4080 percontatus
868 4019 993 4065 est:
1030 4011 1088 4065 Si
1125 4011 1214 4063 fiat
1269 4025 1536 4064 occursus
1581 4009 1633 4060 in
1685 4006 1922 4062 Sabbato
1963 4005 2045 4057 vel

472 4099 780 4164 Dominica,
816 4109 872 4154 et
901 4101 1070 4155 frater
1109 4100 1306 4154 biberit
1337 4108 1447 4152 tres
1476 4097 1699 4161 calices,
1733 4112 1862 4149 num
1891 4097 2048 4149 mul—

474 4197 590 4244 tum
627 4191 748 4244 est?
803 4190 1109 4259 Respondit
1155 4204 1365 4243 senex:
1399 4187 1456 4241 Si
1502 4203 1614 4242 non
1673 4188 1746 4240 sit
1790 4185 2043 4252 Satanas,

474 4283 706 4336 multum
737 4298 844 4336 non
875 4291 980 4336 est.

545 4375 602 4428 5.
653 4373 764 4444 (52)
810 4371 1118 4442 Discipulus
1184 4371 1397 4425 abbatis
1448 4368 1624 4424 Sisois
1671 4369 1883 4424 dicebat
1941 4369 2038 4424 ci:

474 4461 660 4529 Pater,
713 4465 980 4530 senuisti,
1023 4465 1283 4518 abeamus
1334 4462 1447 4531 jam
1502 4476 1670 4532 prope
1727 4471 1902 4517 terras
1945 4462 2042 4515 ha-

479 4559 697 4614 bitatas.
751 4557 843 4611 Ait
897 4573 1063 4613 senex
1125 4575 1138 4610 :
1196 4553 1300 4609 Ubi
1353 4571 1460 4608 non
1524 4565 1607 4608 est
1654 4553 1872 4619 mulier,
1932 4554 2042 4608 illic

431 4701 433 4703 .
475 4668 786 4726 pergamus.
817 4651 955 4706 Tum
996 4650 1300 4720 discipulus
1333 4667 1346 4702 :
1381 4647 1446 4700 Et
1470 4647 1592 4717 quis
1625 4647 1778 4701 locus
1807 4653 1893 4701 est
1930 4661 2040 4700 non

475 4746 685 4800 habens
708 4745 1016 4803 mulierem,
1046 4742 1152 4796 nisi
1184 4738 1440 4795 eremus?
1459 4736 1638 4792 Senex
1666 4757 1678 4791 :
1707 4736 1767 4791 ln
1797 4751 2040 4792 eremum

475 4840 662 4895 ducito
690 4853 796 4896 me.

546 4935 601 4988 4.
646 4932 757 5002 ('55)
782 4929 1121 5000 Frequenter
1149 4926 1456 4997 discipulus
1486 4924 1700 4980 abbatis
1729 4923 1905 4979 Sisois
1940 4924 2048 4977 aie-

475 5024 615 5080 bat:
648 5022 820 5086 Abba,
884 5035 1066 5090 surge,
1134 5019 1545 5072 manducemus.
1596 5015 1691 5072 Ille
1747 5015 1815 5070 ad
1873 5030 2041 5070 eum:

475 5115 596 5169 Non
647 5111 1006 5176 comedimus,
1056 5110 1171 5165 fili?
1213 5107 1812 5179 RespondebatzNon,
1862 5108 2042 5163 Pater.

476 5204 615 5260 Tum
671 5218 882 5258 senex:
915 5201 974 5258 Si
1022 5216 1130 5256 non
1179 5198 1553 5261 comedimus,
1580 5198 1734 5264 all'er,
1761 5207 1816 5257 et
1859 5199 2042 5253 cibum

472 5299 776 5372 capiemus.

543 5481 590 5516 "
617 5479 702 5534 Al.
732 5475 918 5536 Σισώι.
978 5477 1024 5508 ⁹⁹
1050 5475 1135 5530 Al.
1168 5475 1363 5530 Σισόιν.
1439 5476 1506 5511 ⁶⁹⁶
1530 5473 1618 5530 Al.
1647 5467 1855 5543 Σισώην
1879 5471 1967 5526 τὸν
1985 5470 2236 5544 Θηϐαῖον.

543 5661 656 5732 (50)
701 5660 808 5732 Vit.
840 5658 994 5732 Patr.
1031 5656 1263 5732 xv1,_10.

545 5728 657 5803 ὗε)
705 5731 810 5788 Vit.
844 5731 991 5785 Patr.
1029 5745 1101 5794 tv,
1127 5728 1215 5782 37.

2141 3161 2295 3219 εἶπεν
2326 3166 2354 3216 6
2377 3163 2583 3234 γέρωνο
2630 3161 2688 3214 Ὀ
2728 3161 2878 3222 Θεὸς,
2927 3160 3028 3212 οὐκ
3063 3159 3142 3211 ἔτι
3176 3175 3268 3211 σου
3308 3159 3501 3228 ἔχομεν
3525 3161 3718 3229 χρείαν

2142 3257 2449 3330 φροντίζειν
2476 3254 2603 3326 περὶ
2619 3255 2638 3284 ⁸
2657 3252 2811 3322 ἡμῶν
2837 3267 2853 3284 ο
2879 3253 3036 3321 ἡμεῖς
3053 3250 3266 3320 γάρτὴν
3291 3250 3569 3319 ἐκδίκησιν
3593 3253 3720 3304 ἑαυ-

2141 3352 2249 3404 τῶν
2296 3347 2578 3418 ποιοῦμεν.
2626 3344 2796 3398 Τοῦτο
2823 3338 2916 3395 οὖν
2949 3343 3184 3403 ἀκούσας
3220 3343 3248 3393 6
3273 3342 3517 3409 ἀδελφὸς,
3555 3343 3718 3395 ἔπεσε

2143 3442 2292 3512 παρὰ
2323 3442 2449 3502 τοὺς
2511 3437 2679 3499 πόδας
2720 3434 2815 3487 τοῦ
2842 3434 3117 3504 γέροντος,
3147 3432 3344 3485 εἰπών·
3379 3433 3492 3484 Οὐκ
3519 3432 3601 3485 ἔτι
3635 3434 3715 3485 δι-

2142 3535 2381 3603 κάζομαι
2423 3529 2560 3600 μετά
2587 3528 2682 3581 τοῦ
2723 3524 2976 3595 ἀδελφοῦ,
3011 3523 3364 3593 συγχώρησόν
3397 3540 3509 3593 μοι,
3549 3523 3715 3577 ἀϐϐἱ.

2218 3625 2281 3696 β’.
2321 3621 2574 3688 ’Λδελφὸς
2631 3617 2886 3688 ἠρώτησε
2917 3615 3007 3666 τὸν
3044 3614 3216 3666 ἁὸϐἆν
3257 3614 3470 3684 Σισόην,
3500 3613 3679 3681 λέγων
3705 3628 3718 3639 “

2141 3718 2207 3772 Τί
2238 3718 2485 3785 ποιήσω;
2516 3714 2596 3764 ὅτι
2623 3707 2846 3763 ἁπαντῶ
2879 3707 2959 3769 εἰς
2995 3705 3093 3774 τὴν
3119 3705 3436 3774 ἐκκλησίαν,
3469 3708 3566 3757 καὶ
3597 3706 3699 3757 πολ

2143 3811 2296 3874 λάκις
2322 3809 2530 3877 γίνεται
2553 3804 2740 3872 ἀγάπη
2766 3841 2780 3863 ,
2822 3799 2916 3853 καὶ
2951 3795 3212 3869 κρατοῦσὶ
3268 3814 3354 3866 με.
3386 3797 3548 3864 Λέγει
3574 3798 3720 3866 αετφ

2144 3905 2173 3956 6
2199 3901 2406 3973 γέρων·
2431 3899 2613 3952 Κόπον
2644 3895 2756 3965 ἔχει
2786 3891 2846 3946 τὸ
2872 3892 3123 3962 πρᾶγμα.
3154 3890 3316 3957 Λέγει
3341 3883 3434 3941 οὖν
3466 3888 3718 3959 Ἀϐραὰμ

2145 3996 2174 4046 6
2203 3991 2448 4063 μαθητὴς
2486 3987 2650 4042 αὑτοῦ
2676 4005 2687 4017 ·
2732 3984 2857 4036 Ἐάν
2895 3983 3115 4051 γένηται
3164 3981 3462 4049 ἀπάντησις
3498 3981 3559 4031 ὲν
3587 3982 3718 4034 σαϐ-

2147 4084 2353 4156 ϐάτῳῆ
2385 4085 2440 4134 ἐν
2477 4081 2750 4151 Κυριακῇ,
2788 4077 2883 4129 καὶ
2918 4075 3016 4146 πίῃ
3046 4073 3270 4140 ἀδελφὸς
3305 4073 3432 4143 τρία
3460 4075 3717 4142 ποτήρια,

2151 4180 2226 4249 μὴ
2249 4175 2421 4229 πολλά
2446 4175 2560 4225 ἐστι
2581 4187 2596 4236 ;
2620 4171 2784 4237 Λέγει
2817 4169 2845 4220 6
2869 4169 3046 4240 γέρων
3067 4180 3080 4193 °
3129 4165 3251 4216 Ἐὰν
3284 4165 3383 4216 οὐκ
3407 4164 3524 4216 ἔστι
3549 4164 3719 4215 Σατα-

2148 4271 2269 4333 νᾶς,
2289 4265 2460 4320 πολλὰ
2483 4265 2583 4317 οὐκ
2606 4264 2768 4317 ἔστιν.

2219 4361 2288 4431 γ’.
2324 4359 2550 4425 ’Ἔλεγεν
2575 4357 2603 4409 6
2627 4352 2869 4426 μαθητὴς
2897 4351 2991 4403 τοῦ
3019 4348 3162 4402 άϐϐἄ
3193 4347 3350 4414 Σισόη
3377 4345 3512 4417 πρὸς
3531 4346 3715 4399 αὐτόν·

2149 4454 2348 4524 Πάτερ,
2381 4451 2680 4519 ὲγήρασας,
2707 4443 3031 4511 ἀπέλθωμεν
3055 4441 3217 4508 ἐγγὺς
3249 4438 3350 4506 τῆς
3370 4438 3716 4508 οἰκουμένης,

2146 4546 2353 4602 λοιπόν.
2398 4543 2560 4610 Λέγει
2615 4536 2764 4607 αὐτῷ
2793 4537 2822 4588 6
2859 4535 3036 4606 γέρων
3061 4548 3074 4561 ·
3103 4532 3276 4584 Ὅπου
3305 4529 3404 4581 οὐκ
3444 4527 3528 4579 ἔνι
3563 4526 3714 4596 γυνὴ,

2147 4640 2264 4692 ἐκεῖ
2293 4632 2635 4702 ἀπέλθωμεν.
2685 4629 2847 4696 Λέγει
2878 4623 3026 4694 αὑτῷ
3051 4625 3078 4676 6
3110 4619 3354 4691 μαθητὴς
3384 4616 3550 4672 αὑτοῦ
3570 4636 3585 4651 ·
3615 4619 3719 4672 Καὶ

2119 4728 2252 4804 ,ποῦ
2284 4727 2400 4779 ἔστι
2435 4723 2600 4784 τόπος
2631 4723 2659 4775 6
2693 4720 2766 4790 μὴ
2797 4717 2934 4787 ἔχων
2969 4717 3222 4782 γυναῖκα,
3252 4713 3302 4804 εί
3334 4709 3455 4781 μὴή
3480 4709 3716 4779 ἔρημοςς

2148 4821 2312 4888 Λέγει
2338 4813 2429 4870 οὖν
2447 4818 2476 4869 6
2503 4819 2682 4884 γέρων
2708 4831 2723 4846 ο
2758 4813 2853 4874 Εἰς
2884 4808 2982 4878 τὴν
3015 4807 3219 4880 ἔρημον
3246 4799 3379 4875 ἆρόν
3402 4819 3492 4872 με.

2218 4913 2280 4966 δ’.
2316 4909 2582 4971 Πολλάκις
2639 4905 2824 4972 ἔλεγεν
2877 4906 2907 4956 6
2947 4899 3192 4972 μαθητὴς
3226 4895 3318 4950 τοῦ
3349 4893 3496 4948 ἀϐϐᾶ.
3520 4894 3716 4962 Σισόηο

2163 5005 2351 5069 Ἀϐϐά,
2383 5001 2611 5061 ἀνάστα,
2643 4997 2922 5066 φάγωμεν.
2957 4994 3016 5046 '0
3051 4990 3110 5045 δὲ
3147 4989 3286 5060 πρὸς
3311 4986 3472 5040 αὑτὸν
3499 4984 3713 5053 ἔλεγεν·

2152 5100 2265 5153 Οὐκ
2307 5095 2605 5164 ἐφάγομεν,
2660 5088 2882 5151 τέκνον;
2922 5085 2980 5138 '0
3027 5083 3113 5136 δέ’
3144 5081 3302 5150 Οὐχὶ,
3356 5077 3561 5146 Πάτερ.
3615 5076 3718 5130 Καὶ

2150 5193 2334 5259 ἔλεγεν
2363 5189 2391 5240 6
2416 5185 2594 5256 γέρων
2619 5199 2635 5213 ο
2665 5181 2729 5233 Ei
2791 5179 2889 5232 οὐκ
2919 5175 3216 5247 ἐφάγομεν,
3249 5171 3401 5242 φέρε,
3440 5169 3537 5223 καὶ
3581 5166 3716 5220 ἐσθίω

2150 5303 2284 5358 ομεν
2316 5285 2359 5338 ³.

2314 5467 2330 5495 ¹
2349 5460 2432 5518 Al.
2462 5461 2556 5515 τοῦ
2586 5461 2614 5512 6
2642 5457 2807 5511 δεῖνα.
2883 5453 3004 5507 ’Al.
3039 5451 3198 5522 ὑπέρ,
3277 5446 3396 5502 ³Λ1.
3428 5443 3712 5515 ἐσθίωμεν.

2225 5647 2336 5719 (59.)
2384 5643 2493 5719 fit.
2519 5641 2670 5719 ξων.
2704 5656 2764 5705 ιι,
2796 5639 2886 5719 13$:

2219 5709 2331 5790 (55)
2384 5714 2487 5770 Vit.
2529 5712 2682 5768 Patr.
2711 5725 2787 5778 Ir,
2827 5709 2916 5765 38.
