  <div class='ocr_page' id='page_1' title='image "/cluster/home/n/w/nwhite01/storage/ocr_20150623/65/hvd.32044014812317/202.png"; bbox 0 0 3828 6350; ppageno 0'>
   <div class='ocr_carea' id='block_1_1' title="bbox 191 305 275 362">
    <p class='ocr_par' dir='ltr' id='par_1_1' title="bbox 191 305 275 362">
     <span class='ocr_line' id='line_1_1' title="bbox 191 305 275 362; baseline -0.024 0"><span class='ocrx_word' id='word_1_1' title='bbox 191 305 275 362; x_wconf 81' lang='lat'><strong>395</strong></span> 
     </span>
    </p>
   </div>
   <div class='ocr_carea' id='block_1_2' title="bbox 1241 293 2208 382">
    <p class='ocr_par' dir='ltr' id='par_1_2' title="bbox 1241 293 2208 382">
     <span class='ocr_line' id='line_1_2' title="bbox 1241 293 2208 382; baseline -0.002 -28"><span class='ocrx_word' id='word_1_2' title='bbox 1241 293 1862 356; x_wconf 77' lang='lat' dir='ltr'><strong>APOPll’l‘HEGMATA</strong></span> <span class='ocrx_word' id='word_1_3' title='bbox 1899 296 2208 382; x_wconf 63' lang='lat' dir='ltr'><strong>PATRpM.</strong></span> 
     </span>
    </p>
   </div>
   <div class='ocr_carea' id='block_1_3' title="bbox 3283 302 3388 358">
    <p class='ocr_par' dir='ltr' id='par_1_3' title="bbox 3283 302 3388 358">
     <span class='ocr_line' id='line_1_3' title="bbox 3283 302 3388 358; baseline -0.019 0"><span class='ocrx_word' id='word_1_4' title='bbox 3283 302 3388 358; x_wconf 62' lang='lat'><strong>596</strong></span> 
     </span>
    </p>
   </div>
   <div class='ocr_carea' id='block_1_4' title="bbox 241 409 1724 490">
    <p class='ocr_par' dir='ltr' id='par_1_4' title="bbox 241 409 1714 490">
     <span class='ocr_line' id='line_1_4' title="bbox 241 409 1714 490; baseline -0.001 -17"><span class='ocrx_word' id='word_1_5' title='bbox 241 427 292 474; x_wconf 84' lang='grc' dir='ltr'><strong>ε’.</strong></span> <span class='ocrx_word' id='word_1_6' title='bbox 323 412 446 470; x_wconf 78' lang='grc' dir='ltr'><strong>Εἰπέ</strong></span> <span class='ocrx_word' id='word_1_7' title='bbox 489 431 622 470; x_wconf 86' lang='grc' dir='ltr'><strong>ποτε</strong></span> <span class='ocrx_word' id='word_1_8' title='bbox 673 415 704 468; x_wconf 90' lang='lat'><strong>6</strong></span> <span class='ocrx_word' id='word_1_9' title='bbox 755 409 928 478; x_wconf 73' lang='grc' dir='ltr'><strong>ἀΰὸᾶς</strong></span> <span class='ocrx_word' id='word_1_10' title='bbox 960 414 1153 485; x_wconf 81' lang='grc' dir='ltr'><strong>Σισόης</strong></span> <span class='ocrx_word' id='word_1_11' title='bbox 1187 419 1329 488; x_wconf 84' lang='grc' dir='ltr'><strong>μετὰ</strong></span> <span class='ocrx_word' id='word_1_12' title='bbox 1373 419 1714 490; x_wconf 76' lang='grc' dir='ltr'><strong>παρρησίας·</strong></span> 
     </span>
    </p>
   </div>
   <div class='ocr_carea' id='block_1_5' title="bbox 1837 409 3385 490">
    <p class='ocr_par' dir='ltr' id='par_1_5' title="bbox 1893 414 3385 486">
     <span class='ocr_line' id='line_1_5' title="bbox 1893 414 3385 486; baseline 0 -14"><span class='ocrx_word' id='word_1_13' title='bbox 1893 415 1949 472; x_wconf 82' lang='lat'><strong>5.</strong></span> <span class='ocrx_word' id='word_1_14' title='bbox 1989 416 2102 486; x_wconf 80' lang='lat'><strong>(&#39;55)</strong></span> <span class='ocrx_word' id='word_1_15' title='bbox 2133 414 2512 470; x_wconf 88' lang='lat' dir='ltr'><strong>Pronuntiavit</strong></span> <span class='ocrx_word' id='word_1_16' title='bbox 2559 415 2852 486; x_wconf 82' lang='lat' dir='ltr'><strong>aliquando</strong></span> <span class='ocrx_word' id='word_1_17' title='bbox 2891 429 3015 470; x_wconf 85' lang='lat' dir='ltr'><strong>eum</strong></span> <span class='ocrx_word' id='word_1_18' title='bbox 3057 414 3256 471; x_wconf 71' lang='lat' dir='ltr'><strong>fiducia</strong></span> <span class='ocrx_word' id='word_1_19' title='bbox 3293 419 3385 472; x_wconf 89' lang='lat' dir='ltr'><strong>ab-</strong></span> 
     </span>
    </p>
   </div>
   <div class='ocr_carea' id='block_1_6' title="bbox 184 504 1724 580">
    <p class='ocr_par' dir='ltr' id='par_1_6' title="bbox 184 504 1718 580">
     <span class='ocr_line' id='line_1_6' title="bbox 184 504 1718 580; baseline -0.001 -17"><span class='ocrx_word' id='word_1_20' title='bbox 184 509 381 580; x_wconf 80' lang='grc' dir='ltr'><strong>Θάρσει’</strong></span> <span class='ocrx_word' id='word_1_21' title='bbox 417 505 528 560; x_wconf 71' lang='grc' dir='ltr'><strong>ἰδοὺ</strong></span> <span class='ocrx_word' id='word_1_22' title='bbox 584 504 882 578; x_wconf 71' lang='grc' dir='ltr'><strong>τριάκοντα.</strong></span> <span class='ocrx_word' id='word_1_23' title='bbox 930 505 1024 573; x_wconf 78' lang='grc' dir='ltr'><strong>ἔτη</strong></span> <span class='ocrx_word' id='word_1_24' title='bbox 1080 506 1208 578; x_wconf 78' lang='grc' dir='ltr'><strong>ἔχω,</strong></span> <span class='ocrx_word' id='word_1_25' title='bbox 1243 509 1444 578; x_wconf 81' lang='grc' dir='ltr'><strong>μηκέτι</strong></span> <span class='ocrx_word' id='word_1_26' title='bbox 1465 509 1718 578; x_wconf 84' lang='grc' dir='ltr'><strong>δεόμενος</strong></span> 
     </span>
    </p>
   </div>
   <div class='ocr_carea' id='block_1_7' title="bbox 1837 504 3386 580">
    <p class='ocr_par' dir='ltr' id='par_1_7' title="bbox 1837 505 3386 574">
     <span class='ocr_line' id='line_1_7' title="bbox 1837 505 3386 574; baseline -0.001 -11"><span class='ocrx_word' id='word_1_27' title='bbox 1837 507 2160 564; x_wconf 59' lang='grc' dir='ltr'><strong>ιιιετδίεοεε</strong></span> <span class='ocrx_word' id='word_1_28' title='bbox 2193 505 2490 574; x_wconf 84' lang='lat' dir='ltr'><strong>:Conﬁde;</strong></span> <span class='ocrx_word' id='word_1_29' title='bbox 2533 521 2664 562; x_wconf 85' lang='lat' dir='ltr'><strong>ecce</strong></span> <span class='ocrx_word' id='word_1_30' title='bbox 2711 521 2742 560; x_wconf 90' lang='lat' dir='ltr'><strong>a</strong></span> <span class='ocrx_word' id='word_1_31' title='bbox 2797 507 3018 574; x_wconf 75' lang='lat' dir='ltr'><strong>triginta</strong></span> <span class='ocrx_word' id='word_1_32' title='bbox 3071 506 3231 564; x_wconf 89' lang='lat' dir='ltr'><strong>annis</strong></span> <span class='ocrx_word' id='word_1_33' title='bbox 3279 523 3386 564; x_wconf 87' lang='lat' dir='ltr'><strong>non</strong></span> 
     </span>
    </p>
   </div>
   <div class='ocr_carea' id='block_1_8' title="bbox 185 595 1715 672">
    <p class='ocr_par' dir='ltr' id='par_1_8' title="bbox 185 595 1715 672">
     <span class='ocr_line' id='line_1_8' title="bbox 185 595 1715 672; baseline 0 -18"><span class='ocrx_word' id='word_1_34' title='bbox 185 599 260 654; x_wconf 83' lang='grc' dir='ltr'><strong>τοῦ</strong></span> <span class='ocrx_word' id='word_1_35' title='bbox 279 597 397 652; x_wconf 82' lang='grc' dir='ltr'><strong>Θεοῦ</strong></span> <span class='ocrx_word' id='word_1_36' title='bbox 419 597 548 667; x_wconf 76' lang='grc' dir='ltr'>περὶ</span> <span class='ocrx_word' id='word_1_37' title='bbox 567 595 842 668; x_wconf 77' lang='grc' dir='ltr'><strong>ἁμαρτίας</strong></span> <span class='ocrx_word' id='word_1_38' title='bbox 861 612 876 626; x_wconf 87' lang='grc'><strong>·</strong></span> <span class='ocrx_word' id='word_1_39' title='bbox 909 595 1045 650; x_wconf 80' lang='grc' dir='ltr'><strong>ἀλλὰ</strong></span> <span class='ocrx_word' id='word_1_40' title='bbox 1063 597 1224 651; x_wconf 85' lang='grc' dir='ltr'><strong>τοῦτο</strong></span> <span class='ocrx_word' id='word_1_41' title='bbox 1249 598 1504 672; x_wconf 76' lang='grc' dir='ltr'><strong>εὖχομαι,</strong></span> <span class='ocrx_word' id='word_1_42' title='bbox 1521 600 1715 666; x_wconf 86' lang='grc' dir='ltr'><strong>λέγων’</strong></span> 
     </span>
    </p>
   </div>
   <div class='ocr_carea' id='block_1_9' title="bbox 183 685 1713 762">
    <p class='ocr_par' dir='ltr' id='par_1_9' title="bbox 183 685 1713 762">
     <span class='ocr_line' id='line_1_9' title="bbox 183 685 1713 762; baseline 0.001 -21"><span class='ocrx_word' id='word_1_43' title='bbox 183 689 320 759; x_wconf 79' lang='grc' dir='ltr'><strong>Κύριε</strong></span> <span class='ocrx_word' id='word_1_44' title='bbox 355 685 546 757; x_wconf 81' lang='grc' dir='ltr'><strong>Ἰησοῦ,</strong></span> <span class='ocrx_word' id='word_1_45' title='bbox 583 686 854 740; x_wconf 85' lang='grc' dir='ltr'><strong>σκέπασόν</strong></span> <span class='ocrx_word' id='word_1_46' title='bbox 913 704 980 758; x_wconf 91' lang='grc' dir='ltr'><strong>με</strong></span> <span class='ocrx_word' id='word_1_47' title='bbox 1020 686 1130 740; x_wconf 84' lang='grc' dir='ltr'><strong>ἀπὸ</strong></span> <span class='ocrx_word' id='word_1_48' title='bbox 1155 687 1254 758; x_wconf 83' lang='grc' dir='ltr'><strong>τῆς</strong></span> <span class='ocrx_word' id='word_1_49' title='bbox 1287 689 1540 762; x_wconf 84' lang='grc' dir='ltr'><strong>γλώσσης</strong></span> <span class='ocrx_word' id='word_1_50' title='bbox 1573 706 1673 762; x_wconf 92' lang='grc' dir='ltr'><strong>μου</strong></span> <span class='ocrx_word' id='word_1_51' title='bbox 1698 706 1713 721; x_wconf 92' lang='grc'><strong>·</strong></span> 
     </span>
    </p>
   </div>
   <div class='ocr_carea' id='block_1_10' title="bbox 183 775 1719 854">
    <p class='ocr_par' dir='ltr' id='par_1_10' title="bbox 183 775 1719 854">
     <span class='ocr_line' id='line_1_10' title="bbox 183 775 1719 854; baseline 0.001 -22"><span class='ocrx_word' id='word_1_52' title='bbox 183 782 258 833; x_wconf 80' lang='grc' dir='ltr'><strong>καὶ</strong></span> <span class='ocrx_word' id='word_1_53' title='bbox 276 777 399 842; x_wconf 70' lang='grc' dir='ltr'><strong>ἕωςδ</strong></span> <span class='ocrx_word' id='word_1_54' title='bbox 426 775 520 832; x_wconf 81' lang='grc' dir='ltr'><strong>νῦν</strong></span> <span class='ocrx_word' id='word_1_55' title='bbox 544 775 666 830; x_wconf 82' lang='grc' dir='ltr'><strong>καθ’</strong></span> <span class='ocrx_word' id='word_1_56' title='bbox 691 777 903 849; x_wconf 79' lang='grc' dir='ltr'><strong>ἡμέραν</strong></span> <span class='ocrx_word' id='word_1_57' title='bbox 926 777 1109 830; x_wconf 82' lang='grc' dir='ltr'>πίπτω</span> <span class='ocrx_word' id='word_1_58' title='bbox 1127 777 1193 832; x_wconf 73' lang='grc' dir='ltr'><strong>δι’</strong></span> <span class='ocrx_word' id='word_1_59' title='bbox 1221 779 1392 850; x_wconf 79' lang='grc' dir='ltr'><strong>αὐτῆς</strong></span> <span class='ocrx_word' id='word_1_60' title='bbox 1416 780 1512 834; x_wconf 80' lang='grc' dir='ltr'><strong>καὶ</strong></span> <span class='ocrx_word' id='word_1_61' title='bbox 1539 782 1719 854; x_wconf 79' lang='grc' dir='ltr'><strong>ἁμαρ-</strong></span> 
     </span>
    </p>
   </div>
   <div class='ocr_carea' id='block_1_11' title="bbox 181 891 317 928">
    <p class='ocr_par' dir='ltr' id='par_1_11' title="bbox 181 891 317 928">
     <span class='ocr_line' id='line_1_11' title="bbox 181 891 317 928; baseline -0.015 -2"><span class='ocrx_word' id='word_1_62' title='bbox 181 891 317 928; x_wconf 78' lang='grc' dir='ltr'><strong>τανω.</strong></span> 
     </span>
    </p>
   </div>
   <div class='ocr_carea' id='block_1_12' title="bbox 239 958 1720 1038">
    <p class='ocr_par' dir='ltr' id='par_1_12' title="bbox 239 958 1720 1038">
     <span class='ocr_line' id='line_1_12' title="bbox 239 958 1720 1038; baseline 0.003 -22"><span class='ocrx_word' id='word_1_63' title='bbox 239 970 302 1029; x_wconf 79' lang='grc' dir='ltr'><strong>ς’.</strong></span> <span class='ocrx_word' id='word_1_64' title='bbox 349 963 595 1032; x_wconf 73' lang='grc' dir='ltr'><strong>’Λδελφὸς</strong></span> <span class='ocrx_word' id='word_1_65' title='bbox 633 958 754 1016; x_wconf 85' lang='grc' dir='ltr'><strong>εἷπε</strong></span> <span class='ocrx_word' id='word_1_66' title='bbox 786 963 863 1036; x_wconf 80' lang='grc' dir='ltr'><strong>τῷ</strong></span> <span class='ocrx_word' id='word_1_67' title='bbox 902 963 1044 1036; x_wconf 73' lang='grc' dir='ltr'><strong>ἁόϐᾷ</strong></span> <span class='ocrx_word' id='word_1_68' title='bbox 1079 964 1271 1038; x_wconf 82' lang='grc' dir='ltr'><strong>Σισόῃ·</strong></span> <span class='ocrx_word' id='word_1_69' title='bbox 1315 965 1440 1030; x_wconf 83' lang='grc' dir='ltr'><strong>Πῶς</strong></span> <span class='ocrx_word' id='word_1_70' title='bbox 1467 967 1567 1020; x_wconf 74' lang='grc' dir='ltr'><strong>οὐκ</strong></span> <span class='ocrx_word' id='word_1_71' title='bbox 1586 967 1720 1022; x_wconf 81' lang='grc' dir='ltr'><strong>ἀνα-</strong></span> 
     </span>
    </p>
   </div>
   <div class='ocr_carea' id='block_1_13' title="bbox 180 1055 1722 1130">
    <p class='ocr_par' dir='ltr' id='par_1_13' title="bbox 180 1055 1722 1130">
     <span class='ocr_line' id='line_1_13' title="bbox 180 1055 1722 1130; baseline 0 -18"><span class='ocrx_word' id='word_1_72' title='bbox 180 1057 381 1130; x_wconf 76' lang='grc' dir='ltr'><strong>χωροῦσι.</strong></span> <span class='ocrx_word' id='word_1_73' title='bbox 406 1058 474 1110; x_wconf 79' lang='grc' dir='ltr'><strong>τὰ</strong></span> <span class='ocrx_word' id='word_1_74' title='bbox 497 1056 646 1128; x_wconf 77' lang='grc' dir='ltr'><strong>πάθη</strong></span> <span class='ocrx_word' id='word_1_75' title='bbox 671 1057 766 1109; x_wconf 79' lang='grc' dir='ltr'><strong>ἀπ’</strong></span> <span class='ocrx_word' id='word_1_76' title='bbox 785 1055 920 1126; x_wconf 78' lang='grc' dir='ltr'><strong>ἐμοῦ</strong></span> <span class='ocrx_word' id='word_1_77' title='bbox 942 1073 957 1122; x_wconf 92' lang='lat'><strong>;</strong></span> <span class='ocrx_word' id='word_1_78' title='bbox 985 1055 1152 1126; x_wconf 81' lang='grc' dir='ltr'><strong>Λέγει</strong></span> <span class='ocrx_word' id='word_1_79' title='bbox 1181 1056 1331 1128; x_wconf 83' lang='grc' dir='ltr'><strong>αὐτῷ</strong></span> <span class='ocrx_word' id='word_1_80' title='bbox 1357 1060 1386 1111; x_wconf 98' lang='lat'><strong>6</strong></span> <span class='ocrx_word' id='word_1_81' title='bbox 1408 1057 1584 1130; x_wconf 82' lang='grc' dir='ltr'><strong>γέρων</strong></span> <span class='ocrx_word' id='word_1_82' title='bbox 1610 1075 1623 1089; x_wconf 87' lang='grc'><strong>·</strong></span> <span class='ocrx_word' id='word_1_83' title='bbox 1641 1059 1722 1112; x_wconf 78' lang='grc' dir='ltr'><strong>Τὰ</strong></span> 
     </span>
    </p>
   </div>
   <div class='ocr_carea' id='block_1_14' title="bbox 183 1149 1721 1226">
    <p class='ocr_par' dir='ltr' id='par_1_14' title="bbox 183 1149 1721 1226">
     <span class='ocr_line' id='line_1_14' title="bbox 183 1149 1721 1226; baseline 0.001 -21"><span class='ocrx_word' id='word_1_84' title='bbox 183 1150 322 1222; x_wconf 81' lang='grc' dir='ltr'><strong>σκεύη</strong></span> <span class='ocrx_word' id='word_1_85' title='bbox 347 1150 522 1205; x_wconf 76' lang='grc' dir='ltr'><strong>αὐτῶν</strong></span> <span class='ocrx_word' id='word_1_86' title='bbox 551 1149 763 1204; x_wconf 74' lang='grc' dir='ltr'><strong>ἔνδοθέν</strong></span> <span class='ocrx_word' id='word_1_87' title='bbox 790 1149 882 1202; x_wconf 82' lang='grc' dir='ltr'><strong>σού</strong></span> <span class='ocrx_word' id='word_1_88' title='bbox 905 1151 1040 1202; x_wconf 82' lang='grc' dir='ltr'><strong>εἰσιν</strong></span> <span class='ocrx_word' id='word_1_89' title='bbox 1060 1165 1075 1180; x_wconf 86' lang='grc'><strong>·</strong></span> <span class='ocrx_word' id='word_1_90' title='bbox 1104 1149 1193 1214; x_wconf 83' lang='grc' dir='ltr'><strong>δὸς</strong></span> <span class='ocrx_word' id='word_1_91' title='bbox 1213 1151 1395 1216; x_wconf 76' lang='grc' dir='ltr'><strong>αὐτοῖς</strong></span> <span class='ocrx_word' id='word_1_92' title='bbox 1425 1152 1516 1205; x_wconf 82' lang='grc' dir='ltr'><strong>τὸν</strong></span> <span class='ocrx_word' id='word_1_93' title='bbox 1545 1153 1721 1226; x_wconf 75' lang='grc' dir='ltr'><strong>ὰῤῥα-</strong></span> 
     </span>
    </p>
   </div>
   <div class='ocr_carea' id='block_1_15' title="bbox 179 1241 1001 1311">
    <p class='ocr_par' dir='ltr' id='par_1_15' title="bbox 179 1241 1001 1311">
     <span class='ocr_line' id='line_1_15' title="bbox 179 1241 1001 1311; baseline -0.006 -14"><span class='ocrx_word' id='word_1_94' title='bbox 179 1245 302 1297; x_wconf 71' lang='grc' dir='ltr'><strong>ὕὼνα</strong></span> <span class='ocrx_word' id='word_1_95' title='bbox 329 1241 520 1306; x_wconf 79' lang='grc' dir='ltr'><strong>αὐτῶν,</strong></span> <span class='ocrx_word' id='word_1_96' title='bbox 557 1243 652 1295; x_wconf 73' lang='grc' dir='ltr'><strong>καὶ</strong></span> <span class='ocrx_word' id='word_1_97' title='bbox 673 1241 1001 1311; x_wconf 80' lang='grc' dir='ltr'><strong>ὑπάγουσιν.</strong></span> 
     </span>
    </p>
   </div>
   <div class='ocr_carea' id='block_1_16' title="bbox 233 1331 1721 1405">
    <p class='ocr_par' dir='ltr' id='par_1_16' title="bbox 233 1331 1721 1405">
     <span class='ocr_line' id='line_1_16' title="bbox 233 1331 1721 1405; baseline 0 -17"><span class='ocrx_word' id='word_1_98' title='bbox 233 1333 288 1398; x_wconf 79' lang='grc' dir='ltr'><strong>ζ’.</strong></span> <span class='ocrx_word' id='word_1_99' title='bbox 328 1331 586 1403; x_wconf 80' lang='grc' dir='ltr'><strong>Ἐκάθητό</strong></span> <span class='ocrx_word' id='word_1_100' title='bbox 615 1349 744 1386; x_wconf 82' lang='grc' dir='ltr'><strong>ποτε</strong></span> <span class='ocrx_word' id='word_1_101' title='bbox 774 1335 802 1386; x_wconf 91' lang='lat'><strong>6</strong></span> <span class='ocrx_word' id='word_1_102' title='bbox 835 1331 1009 1395; x_wconf 72' lang='lat'><em>6.665.;</em></span> <span class='ocrx_word' id='word_1_103' title='bbox 1039 1333 1234 1404; x_wconf 78' lang='grc' dir='ltr'><strong>Σισὸης</strong></span> <span class='ocrx_word' id='word_1_104' title='bbox 1263 1334 1344 1398; x_wconf 78' lang='grc' dir='ltr'><strong>εἰς</strong></span> <span class='ocrx_word' id='word_1_105' title='bbox 1382 1334 1442 1387; x_wconf 83' lang='grc' dir='ltr'><strong>τὸ</strong></span> <span class='ocrx_word' id='word_1_106' title='bbox 1471 1333 1600 1405; x_wconf 83' lang='grc' dir='ltr'><strong>ὄρος</strong></span> <span class='ocrx_word' id='word_1_107' title='bbox 1625 1333 1721 1388; x_wconf 79' lang='grc' dir='ltr'><strong>τοῦ</strong></span> 
     </span>
    </p>
   </div>
   <div class='ocr_carea' id='block_1_17' title="bbox 177 1423 1722 1498">
    <p class='ocr_par' dir='ltr' id='par_1_17' title="bbox 177 1423 1722 1498">
     <span class='ocr_line' id='line_1_17' title="bbox 177 1423 1722 1498; baseline 0.001 -20"><span class='ocrx_word' id='word_1_108' title='bbox 177 1424 298 1478; x_wconf 73' lang='grc' dir='ltr'><strong>ἀδεᾶ.</strong></span> <span class='ocrx_word' id='word_1_109' title='bbox 333 1425 614 1478; x_wconf 72' lang='grc' dir='ltr'><strong>Ἀντωνίου</strong></span> <span class='ocrx_word' id='word_1_110' title='bbox 643 1426 662 1456; x_wconf 85' lang='grc'><em>³</em></span> <span class='ocrx_word' id='word_1_111' title='bbox 685 1441 698 1452; x_wconf 91' lang='grc'><strong>·</strong></span> <span class='ocrx_word' id='word_1_112' title='bbox 733 1423 824 1478; x_wconf 77' lang='grc' dir='ltr'><strong>καὶ</strong></span> <span class='ocrx_word' id='word_1_113' title='bbox 877 1424 1222 1496; x_wconf 66' lang='grc' dir='ltr'><strong>χρονίσαντος</strong></span> <span class='ocrx_word' id='word_1_114' title='bbox 1273 1425 1369 1479; x_wconf 79' lang='grc' dir='ltr'><strong>τοῦ</strong></span> <span class='ocrx_word' id='word_1_115' title='bbox 1399 1426 1722 1498; x_wconf 83' lang='grc' dir='ltr'><strong>διακονητοῢ</strong></span> 
     </span>
    </p>
   </div>
   <div class='ocr_carea' id='block_1_18' title="bbox 179 1513 1723 1586">
    <p class='ocr_par' dir='ltr' id='par_1_18' title="bbox 179 1513 1723 1586">
     <span class='ocr_line' id='line_1_18' title="bbox 179 1513 1723 1586; baseline 0.002 -18"><span class='ocrx_word' id='word_1_116' title='bbox 179 1515 313 1568; x_wconf 76' lang='grc' dir='ltr'><strong>αὑτοῦ</strong></span> <span class='ocrx_word' id='word_1_117' title='bbox 337 1514 506 1568; x_wconf 78' lang='grc' dir='ltr'><strong>ἐλθεῖν</strong></span> <span class='ocrx_word' id='word_1_118' title='bbox 537 1515 672 1586; x_wconf 82' lang='grc' dir='ltr'><strong>πρὸς</strong></span> <span class='ocrx_word' id='word_1_119' title='bbox 702 1514 896 1580; x_wconf 80' lang='grc' dir='ltr'><strong>αὐτὸν,</strong></span> <span class='ocrx_word' id='word_1_120' title='bbox 935 1514 1040 1578; x_wconf 81' lang='grc' dir='ltr'><strong>ἓως</strong></span> <span class='ocrx_word' id='word_1_121' title='bbox 1078 1515 1266 1586; x_wconf 83' lang='grc' dir='ltr'>μηνῶν</span> <span class='ocrx_word' id='word_1_122' title='bbox 1295 1515 1428 1568; x_wconf 75' lang='grc' dir='ltr'><strong>δέκα</strong></span> <span class='ocrx_word' id='word_1_123' title='bbox 1453 1518 1555 1570; x_wconf 85' lang='grc' dir='ltr'><strong>οὐκ</strong></span> <span class='ocrx_word' id='word_1_124' title='bbox 1581 1513 1723 1572; x_wconf 80' lang='grc' dir='ltr'><strong>εἶδεν</strong></span> 
     </span>
    </p>
   </div>
   <div class='ocr_carea' id='block_1_19' title="bbox 173 1603 1722 1682">
    <p class='ocr_par' dir='ltr' id='par_1_19' title="bbox 173 1603 1722 1682">
     <span class='ocr_line' id='line_1_19' title="bbox 173 1603 1722 1682; baseline 0.003 -24"><span class='ocrx_word' id='word_1_125' title='bbox 173 1603 442 1676; x_wconf 80' lang='grc' dir='ltr'><strong>ἄνθρωπον.</strong></span> <span class='ocrx_word' id='word_1_126' title='bbox 482 1605 806 1674; x_wconf 78' lang='grc' dir='ltr'><strong>Περιπατῶν</strong></span> <span class='ocrx_word' id='word_1_127' title='bbox 826 1603 882 1658; x_wconf 84' lang='grc' dir='ltr'><strong>δὲ</strong></span> <span class='ocrx_word' id='word_1_128' title='bbox 917 1606 976 1658; x_wconf 82' lang='grc' dir='ltr'><strong>ἐν</strong></span> <span class='ocrx_word' id='word_1_129' title='bbox 998 1605 1077 1676; x_wconf 87' lang='grc' dir='ltr'><strong>τῷ</strong></span> <span class='ocrx_word' id='word_1_130' title='bbox 1101 1605 1238 1677; x_wconf 74' lang='grc' dir='ltr'><strong>ὄρει,</strong></span> <span class='ocrx_word' id='word_1_131' title='bbox 1261 1608 1508 1678; x_wconf 79' lang='grc' dir='ltr'><strong>εὑρίσκει</strong></span> <span class='ocrx_word' id='word_1_132' title='bbox 1539 1611 1722 1682; x_wconf 83' lang='grc' dir='ltr'><strong>Φαρα-</strong></span> 
     </span>
    </p>
   </div>
   <div class='ocr_carea' id='block_1_20' title="bbox 175 1693 1726 1772">
    <p class='ocr_par' dir='ltr' id='par_1_20' title="bbox 175 1693 1726 1772">
     <span class='ocr_line' id='line_1_20' title="bbox 175 1693 1726 1772; baseline 0.006 -26"><span class='ocrx_word' id='word_1_133' title='bbox 175 1696 302 1766; x_wconf 70' lang='lat' dir='ltr'><strong>vit-qv</strong></span> <span class='ocrx_word' id='word_1_134' title='bbox 347 1695 648 1766; x_wconf 80' lang='grc' dir='ltr'><strong>ἀγρεύοντα</strong></span> <span class='ocrx_word' id='word_1_135' title='bbox 675 1695 698 1727; x_wconf 76' lang='grc'>⁸</span> <span class='ocrx_word' id='word_1_136' title='bbox 745 1696 914 1768; x_wconf 77' lang='grc' dir='ltr'><strong>ἄγρια</strong></span> <span class='ocrx_word' id='word_1_137' title='bbox 973 1693 1127 1760; x_wconf 83' lang='grc' dir='ltr'><strong>ζῶα·</strong></span> <span class='ocrx_word' id='word_1_138' title='bbox 1173 1698 1266 1752; x_wconf 77' lang='grc' dir='ltr'><strong>καὶ</strong></span> <span class='ocrx_word' id='word_1_139' title='bbox 1321 1699 1470 1768; x_wconf 82' lang='grc' dir='ltr'><strong>λέγει</strong></span> <span class='ocrx_word' id='word_1_140' title='bbox 1503 1699 1652 1772; x_wconf 80' lang='grc' dir='ltr'><strong>αὐτῷ</strong></span> <span class='ocrx_word' id='word_1_141' title='bbox 1698 1704 1726 1756; x_wconf 92' lang='lat'><strong>6</strong></span> 
     </span>
    </p>
   </div>
   <div class='ocr_carea' id='block_1_21' title="bbox 1819 597 3388 671">
    <p class='ocr_par' dir='ltr' id='par_1_21' title="bbox 1819 597 3388 671">
     <span class='ocr_line' id='line_1_21' title="bbox 1819 597 3388 671; baseline -0.001 -15"><span class='ocrx_word' id='word_1_142' title='bbox 1819 601 2058 671; x_wconf 88' lang='lat' dir='ltr'><strong>ampli-us</strong></span> <span class='ocrx_word' id='word_1_143' title='bbox 2099 600 2364 670; x_wconf 84' lang='lat' dir='ltr'><strong>deprecor</strong></span> <span class='ocrx_word' id='word_1_144' title='bbox 2405 599 2572 654; x_wconf 91' lang='lat' dir='ltr'><strong>Deum</strong></span> <span class='ocrx_word' id='word_1_145' title='bbox 2611 605 2836 670; x_wconf 77' lang='lat' dir='ltr'><strong>propter</strong></span> <span class='ocrx_word' id='word_1_146' title='bbox 2856 597 3155 664; x_wconf 73' lang='lat' dir='ltr'><strong>delictum,</strong></span> <span class='ocrx_word' id='word_1_147' title='bbox 3189 598 3285 656; x_wconf 88' lang='lat' dir='ltr'><strong>sed</strong></span> <span class='ocrx_word' id='word_1_148' title='bbox 3320 599 3388 654; x_wconf 85' lang='lat' dir='ltr'><strong>ad</strong></span> 
     </span>
    </p>
   </div>
   <div class='ocr_carea' id='block_1_22' title="bbox 1823 685 3391 759">
    <p class='ocr_par' dir='ltr' id='par_1_22' title="bbox 1823 685 3391 759">
     <span class='ocr_line' id='line_1_22' title="bbox 1823 685 3391 759; baseline -0.003 -13"><span class='ocrx_word' id='word_1_149' title='bbox 1823 691 1972 746; x_wconf 89' lang='lat' dir='ltr'><strong>hunc</strong></span> <span class='ocrx_word' id='word_1_150' title='bbox 2013 689 2236 744; x_wconf 87' lang='lat' dir='ltr'><strong>modum</strong></span> <span class='ocrx_word' id='word_1_151' title='bbox 2263 704 2496 759; x_wconf 87' lang='lat' dir='ltr'><strong>precor:</strong></span> <span class='ocrx_word' id='word_1_152' title='bbox 2535 688 2760 743; x_wconf 87' lang='lat' dir='ltr'><strong>Domine</strong></span> <span class='ocrx_word' id='word_1_153' title='bbox 2788 685 2941 752; x_wconf 79' lang='lat' dir='ltr'><strong>Jesu,</strong></span> <span class='ocrx_word' id='word_1_154' title='bbox 2983 697 3206 758; x_wconf 79' lang='lat' dir='ltr'><strong>protege</strong></span> <span class='ocrx_word' id='word_1_155' title='bbox 3242 704 3331 744; x_wconf 87' lang='lat' dir='ltr'><strong>me</strong></span> <span class='ocrx_word' id='word_1_156' title='bbox 3360 703 3391 742; x_wconf 89' lang='lat' dir='ltr'><strong>a</strong></span> 
     </span>
    </p>
   </div>
   <div class='ocr_carea' id='block_1_23' title="bbox 1823 779 3392 854">
    <p class='ocr_par' dir='ltr' id='par_1_23' title="bbox 1823 779 3392 854">
     <span class='ocr_line' id='line_1_23' title="bbox 1823 779 3392 854; baseline -0.003 -16"><span class='ocrx_word' id='word_1_157' title='bbox 1823 783 2008 854; x_wconf 78' lang='lat' dir='ltr'><strong>lingua</strong></span> <span class='ocrx_word' id='word_1_158' title='bbox 2038 796 2160 836; x_wconf 91' lang='lat' dir='ltr'><strong>mea</strong></span> <span class='ocrx_word' id='word_1_159' title='bbox 2187 800 2202 837; x_wconf 91' lang='lat'>:</span> <span class='ocrx_word' id='word_1_160' title='bbox 2235 789 2402 852; x_wconf 90' lang='lat' dir='ltr'><strong>atque</strong></span> <span class='ocrx_word' id='word_1_161' title='bbox 2427 781 2710 852; x_wconf 87' lang='lat' dir='ltr'><strong>hucusque</strong></span> <span class='ocrx_word' id='word_1_162' title='bbox 2733 781 2992 850; x_wconf 82' lang='lat' dir='ltr'><strong>prolabor</strong></span> <span class='ocrx_word' id='word_1_163' title='bbox 3023 779 3265 850; x_wconf 89' lang='lat' dir='ltr'><strong>quotidie</strong></span> <span class='ocrx_word' id='word_1_164' title='bbox 3295 795 3392 851; x_wconf 90' lang='lat' dir='ltr'><strong>per</strong></span> 
     </span>
    </p>
   </div>
   <div class='ocr_carea' id='block_1_24' title="bbox 1821 882 2272 944">
    <p class='ocr_par' dir='ltr' id='par_1_24' title="bbox 1821 882 2272 944">
     <span class='ocr_line' id='line_1_24' title="bbox 1821 882 2272 944; baseline -0.002 -15"><span class='ocrx_word' id='word_1_165' title='bbox 1821 889 1967 938; x_wconf 89' lang='lat' dir='ltr'><strong>eam,</strong></span> <span class='ocrx_word' id='word_1_166' title='bbox 2003 882 2056 929; x_wconf 90' lang='lat' dir='ltr'><strong>et</strong></span> <span class='ocrx_word' id='word_1_167' title='bbox 2085 889 2272 944; x_wconf 94' lang='lat' dir='ltr'><strong>pecco.</strong></span> 
     </span>
    </p>
   </div>
   <div class='ocr_carea' id='block_1_25' title="bbox 1897 965 3436 1036">
    <p class='ocr_par' dir='ltr' id='par_1_25' title="bbox 1897 965 3436 1036">
     <span class='ocr_line' id='line_1_25' title="bbox 1897 965 3436 1036; baseline 0.001 -16"><span class='ocrx_word' id='word_1_168' title='bbox 1897 967 1950 1020; x_wconf 83' lang='lat'><em>6.</em></span> <span class='ocrx_word' id='word_1_169' title='bbox 1993 966 2106 1036; x_wconf 75' lang='lat'><strong>(36)</strong></span> <span class='ocrx_word' id='word_1_170' title='bbox 2137 965 2331 1022; x_wconf 82' lang='lat' dir='ltr'><strong>Frater</strong></span> <span class='ocrx_word' id='word_1_171' title='bbox 2361 965 2499 1022; x_wconf 82' lang='lat' dir='ltr'><strong>dixit</strong></span> <span class='ocrx_word' id='word_1_172' title='bbox 2523 966 2706 1022; x_wconf 78' lang='lat' dir='ltr'><strong>abbati</strong></span> <span class='ocrx_word' id='word_1_173' title='bbox 2738 965 2881 1020; x_wconf 89' lang='lat' dir='ltr'><strong>Sisoi</strong></span> <span class='ocrx_word' id='word_1_174' title='bbox 2915 983 2928 1019; x_wconf 91' lang='lat'><strong>:</strong></span> <span class='ocrx_word' id='word_1_175' title='bbox 2959 965 3141 1032; x_wconf 71' lang='lat' dir='ltr'><strong>Quare</strong></span> <span class='ocrx_word' id='word_1_176' title='bbox 3167 981 3276 1022; x_wconf 90' lang='lat' dir='ltr'><strong>non</strong></span> <span class='ocrx_word' id='word_1_177' title='bbox 3305 981 3384 1022; x_wconf 88' lang='lat' dir='ltr'><strong>re-</strong></span> <span class='ocrx_word' id='word_1_178' title='bbox 3433 987 3436 990; x_wconf 93' lang='grc'><strong>·</strong></span> 
     </span>
    </p>
   </div>
   <div class='ocr_carea' id='block_1_26' title="bbox 1822 1058 3392 1114">
    <p class='ocr_par' dir='ltr' id='par_1_26' title="bbox 1822 1058 3392 1114">
     <span class='ocr_line' id='line_1_26' title="bbox 1822 1058 3392 1114; baseline -0.001 0"><span class='ocrx_word' id='word_1_179' title='bbox 1822 1059 2026 1114; x_wconf 89' lang='lat' dir='ltr'><strong>cedunt</strong></span> <span class='ocrx_word' id='word_1_180' title='bbox 2064 1075 2096 1112; x_wconf 91' lang='lat' dir='ltr'><strong>a</strong></span> <span class='ocrx_word' id='word_1_181' title='bbox 2132 1075 2216 1113; x_wconf 89' lang='lat' dir='ltr'><strong>me</strong></span> <span class='ocrx_word' id='word_1_182' title='bbox 2261 1058 2531 1114; x_wconf 76' lang='lat' dir='ltr'><strong>affectus?</strong></span> <span class='ocrx_word' id='word_1_183' title='bbox 2553 1059 2642 1113; x_wconf 86' lang='lat' dir='ltr'><strong>Ait</strong></span> <span class='ocrx_word' id='word_1_184' title='bbox 2671 1059 2748 1112; x_wconf 87' lang='lat' dir='ltr'><strong>illi</strong></span> <span class='ocrx_word' id='word_1_185' title='bbox 2780 1075 2945 1114; x_wconf 81' lang='lat' dir='ltr'><strong>senex</strong></span> <span class='ocrx_word' id='word_1_186' title='bbox 2979 1078 2992 1114; x_wconf 92' lang='lat'>:</span> <span class='ocrx_word' id='word_1_187' title='bbox 3025 1058 3168 1114; x_wconf 85' lang='lat' dir='ltr'><strong>Vasa</strong></span> <span class='ocrx_word' id='word_1_188' title='bbox 3200 1073 3392 1114; x_wconf 88' lang='lat' dir='ltr'><strong>eorum</strong></span> 
     </span>
    </p>
   </div>
   <div class='ocr_carea' id='block_1_27' title="bbox 1823 1150 3323 1224">
    <p class='ocr_par' dir='ltr' id='par_1_27' title="bbox 1823 1150 3323 1224">
     <span class='ocr_line' id='line_1_27' title="bbox 1823 1150 3323 1224; baseline -0.002 -17"><span class='ocrx_word' id='word_1_189' title='bbox 1823 1150 1968 1207; x_wconf 88' lang='lat' dir='ltr'><strong>intra</strong></span> <span class='ocrx_word' id='word_1_190' title='bbox 1995 1161 2048 1206; x_wconf 85' lang='lat' dir='ltr'><strong>te</strong></span> <span class='ocrx_word' id='word_1_191' title='bbox 2081 1158 2230 1206; x_wconf 85' lang='lat' dir='ltr'><strong>sunt.</strong></span> <span class='ocrx_word' id='word_1_192' title='bbox 2265 1150 2344 1205; x_wconf 90' lang='lat' dir='ltr'><strong>Da</strong></span> <span class='ocrx_word' id='word_1_193' title='bbox 2379 1151 2462 1208; x_wconf 91' lang='lat' dir='ltr'><strong>eis</strong></span> <span class='ocrx_word' id='word_1_194' title='bbox 2495 1151 2694 1224; x_wconf 79' lang='lat' dir='ltr'><strong>pignus</strong></span> <span class='ocrx_word' id='word_1_195' title='bbox 2727 1167 2912 1216; x_wconf 90' lang='lat' dir='ltr'><strong>suum,</strong></span> <span class='ocrx_word' id='word_1_196' title='bbox 2943 1159 2999 1207; x_wconf 91' lang='lat' dir='ltr'><strong>et</strong></span> <span class='ocrx_word' id='word_1_197' title='bbox 3022 1150 3323 1206; x_wconf 87' lang='lat' dir='ltr'><strong>discedent.</strong></span> 
     </span>
    </p>
   </div>
   <div class='ocr_carea' id='block_1_28' title="bbox 1897 1327 3392 1398">
    <p class='ocr_par' dir='ltr' id='par_1_28' title="bbox 1897 1327 3392 1398">
     <span class='ocr_line' id='line_1_28' title="bbox 1897 1327 3392 1398; baseline 0.001 -18"><span class='ocrx_word' id='word_1_198' title='bbox 1897 1327 1951 1382; x_wconf 91' lang='lat'><strong>7.</strong></span> <span class='ocrx_word' id='word_1_199' title='bbox 2005 1327 2118 1398; x_wconf 75' lang='lat'><strong>(37)</strong></span> <span class='ocrx_word' id='word_1_200' title='bbox 2174 1327 2464 1384; x_wconf 78' lang='lat' dir='ltr'><strong>Residebat</strong></span> <span class='ocrx_word' id='word_1_201' title='bbox 2513 1328 2808 1398; x_wconf 83' lang='lat' dir='ltr'><strong>aliquando</strong></span> <span class='ocrx_word' id='word_1_202' title='bbox 2863 1329 3034 1384; x_wconf 84' lang='lat' dir='ltr'><strong>abbas</strong></span> <span class='ocrx_word' id='word_1_203' title='bbox 3090 1327 3278 1384; x_wconf 87' lang='lat' dir='ltr'><strong>Sisoes</strong></span> <span class='ocrx_word' id='word_1_204' title='bbox 3335 1332 3392 1382; x_wconf 89' lang='lat' dir='ltr'><strong>in</strong></span> 
     </span>
    </p>
   </div>
   <div class='ocr_carea' id='block_1_29' title="bbox 1825 1419 3398 1484">
    <p class='ocr_par' dir='ltr' id='par_1_29' title="bbox 1825 1419 3398 1484">
     <span class='ocr_line' id='line_1_29' title="bbox 1825 1419 3398 1484; baseline 0.001 -11"><span class='ocrx_word' id='word_1_205' title='bbox 1825 1425 2011 1474; x_wconf 90' lang='lat' dir='ltr'><strong>monte</strong></span> <span class='ocrx_word' id='word_1_206' title='bbox 2033 1419 2251 1475; x_wconf 80' lang='lat' dir='ltr'><strong>abbatis</strong></span> <span class='ocrx_word' id='word_1_207' title='bbox 2280 1420 2502 1474; x_wconf 84' lang='lat' dir='ltr'><strong>Antonii</strong></span> <span class='ocrx_word' id='word_1_208' title='bbox 2525 1438 2540 1484; x_wconf 93' lang='lat'><strong>;</strong></span> <span class='ocrx_word' id='word_1_209' title='bbox 2563 1429 2617 1475; x_wconf 89' lang='lat' dir='ltr'><strong>et</strong></span> <span class='ocrx_word' id='word_1_210' title='bbox 2649 1436 2858 1476; x_wconf 89' lang='lat' dir='ltr'><strong>moram</strong></span> <span class='ocrx_word' id='word_1_211' title='bbox 2889 1420 3124 1476; x_wconf 82' lang='lat' dir='ltr'><strong>faciente</strong></span> <span class='ocrx_word' id='word_1_212' title='bbox 3145 1421 3398 1476; x_wconf 90' lang='lat' dir='ltr'><strong>ministro</strong></span> 
     </span>
    </p>
   </div>
   <div class='ocr_carea' id='block_1_30' title="bbox 1825 1503 3396 1578">
    <p class='ocr_par' dir='ltr' id='par_1_30' title="bbox 1825 1503 3396 1578">
     <span class='ocr_line' id='line_1_30' title="bbox 1825 1503 3396 1578; baseline 0.001 -14"><span class='ocrx_word' id='word_1_213' title='bbox 1825 1509 1967 1578; x_wconf 86' lang='lat' dir='ltr'><strong>ejus,</strong></span> <span class='ocrx_word' id='word_1_214' title='bbox 1997 1525 2099 1564; x_wconf 90' lang='lat' dir='ltr'><strong>nec</strong></span> <span class='ocrx_word' id='word_1_215' title='bbox 2129 1511 2382 1565; x_wconf 75' lang='lat' dir='ltr'><strong>veniente</strong></span> <span class='ocrx_word' id='word_1_216' title='bbox 2417 1509 2486 1564; x_wconf 89' lang='lat' dir='ltr'><strong>ad</strong></span> <span class='ocrx_word' id='word_1_217' title='bbox 2519 1526 2664 1576; x_wconf 87' lang='lat' dir='ltr'><strong>eum,</strong></span> <span class='ocrx_word' id='word_1_218' title='bbox 2699 1526 2808 1566; x_wconf 91' lang='lat' dir='ltr'><strong>non</strong></span> <span class='ocrx_word' id='word_1_219' title='bbox 2850 1510 2990 1566; x_wconf 87' lang='lat' dir='ltr'><strong>vidit</strong></span> <span class='ocrx_word' id='word_1_220' title='bbox 3019 1503 3396 1566; x_wconf 75' lang='lat' dir='ltr'><strong>hominem‘ad</strong></span> 
     </span>
    </p>
   </div>
   <div class='ocr_carea' id='block_1_31' title="bbox 1827 1603 3398 1674">
    <p class='ocr_par' dir='ltr' id='par_1_31' title="bbox 1827 1603 3398 1674">
     <span class='ocr_line' id='line_1_31' title="bbox 1827 1603 3398 1674; baseline 0.001 -18"><span class='ocrx_word' id='word_1_221' title='bbox 1827 1617 2045 1657; x_wconf 83' lang='lat' dir='ltr'><strong>menses</strong></span> <span class='ocrx_word' id='word_1_222' title='bbox 2073 1603 2280 1657; x_wconf 85' lang='lat' dir='ltr'><strong>decem.</strong></span> <span class='ocrx_word' id='word_1_223' title='bbox 2319 1603 2623 1658; x_wconf 79' lang='lat' dir='ltr'><strong>Ambulans</strong></span> <span class='ocrx_word' id='word_1_224' title='bbox 2653 1611 2835 1658; x_wconf 88' lang='lat' dir='ltr'><strong>autem</strong></span> <span class='ocrx_word' id='word_1_225' title='bbox 2863 1605 2920 1658; x_wconf 89' lang='lat' dir='ltr'><strong>in</strong></span> <span class='ocrx_word' id='word_1_226' title='bbox 2957 1614 3160 1666; x_wconf 85' lang='lat' dir='ltr'><strong>monte,</strong></span> <span class='ocrx_word' id='word_1_227' title='bbox 3193 1605 3398 1674; x_wconf 90' lang='lat' dir='ltr'><strong>reperit</strong></span> 
     </span>
    </p>
   </div>
   <div class='ocr_carea' id='block_1_32' title="bbox 1827 1693 3394 1764">
    <p class='ocr_par' dir='ltr' id='par_1_32' title="bbox 1827 1693 3394 1764">
     <span class='ocr_line' id='line_1_32' title="bbox 1827 1693 3394 1764; baseline 0.002 -16"><span class='ocrx_word' id='word_1_228' title='bbox 1827 1693 2179 1750; x_wconf 84' lang='lat' dir='ltr'><strong>Pharanitem</strong></span> <span class='ocrx_word' id='word_1_229' title='bbox 2204 1703 2491 1750; x_wconf 82' lang='lat' dir='ltr'><strong>venantem</strong></span> <span class='ocrx_word' id='word_1_230' title='bbox 2528 1693 2690 1750; x_wconf 91' lang='lat' dir='ltr'><strong>feras.</strong></span> <span class='ocrx_word' id='word_1_231' title='bbox 2723 1694 2824 1750; x_wconf 68' lang='lat' dir='ltr'><strong>(iui</strong></span> <span class='ocrx_word' id='word_1_232' title='bbox 2857 1711 3020 1751; x_wconf 83' lang='lat' dir='ltr'><strong>senex</strong></span> <span class='ocrx_word' id='word_1_233' title='bbox 3052 1713 3067 1752; x_wconf 92' lang='lat'><strong>:</strong></span> <span class='ocrx_word' id='word_1_234' title='bbox 3103 1694 3278 1764; x_wconf 88' lang='lat' dir='ltr'><strong>Unde,</strong></span> <span class='ocrx_word' id='word_1_235' title='bbox 3309 1697 3394 1751; x_wconf 86' lang='lat' dir='ltr'><strong>in-</strong></span> 
     </span>
    </p>
   </div>
   <div class='ocr_carea' id='block_1_33' title="bbox 175 1784 1724 1878">
    <p class='ocr_par' dir='ltr' id='par_1_33' title="bbox 175 1784 1720 1861">
     <span class='ocr_line' id='line_1_33' title="bbox 175 1784 1720 1861; baseline 0.019 -30"><span class='ocrx_word' id='word_1_236' title='bbox 175 1784 324 1858; x_wconf 77' lang='grc' dir='ltr'><strong>γέρων</strong></span> <span class='ocrx_word' id='word_1_237' title='bbox 347 1799 359 1811; x_wconf 81' lang='grc'><strong>’</strong></span> <span class='ocrx_word' id='word_1_238' title='bbox 399 1785 571 1840; x_wconf 80' lang='grc' dir='ltr'><strong>Πόθεν</strong></span> <span class='ocrx_word' id='word_1_239' title='bbox 627 1785 795 1856; x_wconf 76' lang='grc' dir='ltr'><strong>ἓρχῃς</strong></span> <span class='ocrx_word' id='word_1_240' title='bbox 837 1787 931 1838; x_wconf 78' lang='grc' dir='ltr'><strong>καὶ</strong></span> <span class='ocrx_word' id='word_1_241' title='bbox 983 1788 1147 1842; x_wconf 85' lang='grc' dir='ltr'><strong>πόσον</strong></span> <span class='ocrx_word' id='word_1_242' title='bbox 1179 1788 1370 1860; x_wconf 86' lang='grc' dir='ltr'><strong>χρόνον</strong></span> <span class='ocrx_word' id='word_1_243' title='bbox 1409 1790 1551 1861; x_wconf 74' lang='grc' dir='ltr'><strong>ἔχεις</strong></span> <span class='ocrx_word' id='word_1_244' title='bbox 1581 1785 1720 1858; x_wconf 72' lang='grc' dir='ltr'><strong>ὧδες</strong></span> 
     </span>
    </p>
   </div>
   <div class='ocr_carea' id='block_1_34' title="bbox 1837 1784 3400 1878">
    <p class='ocr_par' dir='ltr' id='par_1_34' title="bbox 1837 1786 3400 1858">
     <span class='ocr_line' id='line_1_34' title="bbox 1837 1786 3400 1858; baseline 0.001 -17"><span class='ocrx_word' id='word_1_245' title='bbox 1837 1787 1963 1858; x_wconf 83' lang='lat' dir='ltr'><strong>quit,</strong></span> <span class='ocrx_word' id='word_1_246' title='bbox 2007 1787 2203 1842; x_wconf 82' lang='lat' dir='ltr'><strong>venis?</strong></span> <span class='ocrx_word' id='word_1_247' title='bbox 2230 1793 2284 1840; x_wconf 88' lang='lat' dir='ltr'><strong>et</strong></span> <span class='ocrx_word' id='word_1_248' title='bbox 2313 1801 2343 1840; x_wconf 91' lang='lat' dir='ltr'><strong>a</strong></span> <span class='ocrx_word' id='word_1_249' title='bbox 2372 1795 2576 1855; x_wconf 89' lang='lat' dir='ltr'><strong>quanto</strong></span> <span class='ocrx_word' id='word_1_250' title='bbox 2613 1795 2860 1856; x_wconf 89' lang='lat' dir='ltr'><strong>tempore</strong></span> <span class='ocrx_word' id='word_1_251' title='bbox 2888 1788 3127 1842; x_wconf 78' lang='lat' dir='ltr'><strong>versaris</strong></span> <span class='ocrx_word' id='word_1_252' title='bbox 3157 1787 3279 1842; x_wconf 81' lang='lat' dir='ltr'><strong>hic?</strong></span> <span class='ocrx_word' id='word_1_253' title='bbox 3305 1786 3400 1843; x_wconf 91' lang='lat' dir='ltr'><strong>llle</strong></span> 
     </span>
    </p>
   </div>
   <div class='ocr_carea' id='block_1_35' title="bbox 183 1875 1724 1954">
    <p class='ocr_par' dir='ltr' id='par_1_35' title="bbox 183 1875 1722 1954">
     <span class='ocr_line' id='line_1_35' title="bbox 183 1875 1722 1954; baseline 0.003 -22"><span class='ocrx_word' id='word_1_254' title='bbox 183 1875 233 1932; x_wconf 78' lang='grc'><strong>’0</strong></span> <span class='ocrx_word' id='word_1_255' title='bbox 273 1879 324 1931; x_wconf 83' lang='grc' dir='ltr'><strong>δὲ</strong></span> <span class='ocrx_word' id='word_1_256' title='bbox 373 1877 474 1950; x_wconf 81' lang='grc' dir='ltr'><strong>ἔφη</strong></span> <span class='ocrx_word' id='word_1_257' title='bbox 499 1895 513 1908; x_wconf 89' lang='grc'><strong>·</strong></span> <span class='ocrx_word' id='word_1_258' title='bbox 564 1877 748 1942; x_wconf 79' lang='grc' dir='ltr'><strong>Φύσει,</strong></span> <span class='ocrx_word' id='word_1_259' title='bbox 779 1878 946 1942; x_wconf 79' lang='grc' dir='ltr'><strong>ἁὸσᾶ,</strong></span> <span class='ocrx_word' id='word_1_260' title='bbox 971 1879 1082 1950; x_wconf 77' lang='grc' dir='ltr'><strong>ἔχω</strong></span> <span class='ocrx_word' id='word_1_261' title='bbox 1108 1880 1300 1935; x_wconf 75' lang='grc' dir='ltr'><strong>ἕνδεκα</strong></span> <span class='ocrx_word' id='word_1_262' title='bbox 1347 1882 1527 1954; x_wconf 85' lang='grc' dir='ltr'><strong>μῆνας</strong></span> <span class='ocrx_word' id='word_1_263' title='bbox 1557 1885 1616 1938; x_wconf 82' lang='grc' dir='ltr'><strong>ὲν</strong></span> <span class='ocrx_word' id='word_1_264' title='bbox 1643 1883 1722 1954; x_wconf 87' lang='grc' dir='ltr'><strong>τῷ</strong></span> 
     </span>
    </p>
   </div>
   <div class='ocr_carea' id='block_1_36' title="bbox 1837 1875 3401 1954">
    <p class='ocr_par' dir='ltr' id='par_1_36' title="bbox 1837 1877 3401 1954">
     <span class='ocr_line' id='line_1_36' title="bbox 1837 1877 3401 1954; baseline 0.003 -21"><span class='ocrx_word' id='word_1_265' title='bbox 1837 1879 2112 1954; x_wconf 87' lang='lat' dir='ltr'><strong>respondit</strong></span> <span class='ocrx_word' id='word_1_266' title='bbox 2139 1897 2154 1934; x_wconf 91' lang='lat'><strong>:</strong></span> <span class='ocrx_word' id='word_1_267' title='bbox 2185 1877 2343 1944; x_wconf 86' lang='lat' dir='ltr'><strong>Vere,</strong></span> <span class='ocrx_word' id='word_1_268' title='bbox 2377 1879 2540 1940; x_wconf 82' lang='lat' dir='ltr'><strong>abba,</strong></span> <span class='ocrx_word' id='word_1_269' title='bbox 2573 1894 2603 1934; x_wconf 90' lang='lat' dir='ltr'><strong>a</strong></span> <span class='ocrx_word' id='word_1_270' title='bbox 2631 1880 2912 1935; x_wconf 86' lang='lat' dir='ltr'><strong>mensibus</strong></span> <span class='ocrx_word' id='word_1_271' title='bbox 2939 1879 3191 1936; x_wconf 87' lang='lat' dir='ltr'><strong>undecim</strong></span> <span class='ocrx_word' id='word_1_272' title='bbox 3216 1883 3270 1936; x_wconf 91' lang='lat' dir='ltr'><strong>in</strong></span> <span class='ocrx_word' id='word_1_273' title='bbox 3295 1883 3401 1938; x_wconf 92' lang='lat' dir='ltr'><strong>hoc</strong></span> 
     </span>
    </p>
   </div>
   <div class='ocr_carea' id='block_1_37' title="bbox 172 1966 1726 2045">
    <p class='ocr_par' dir='ltr' id='par_1_37' title="bbox 172 1966 1726 2045">
     <span class='ocr_line' id='line_1_37' title="bbox 172 1966 1726 2045; baseline 0.002 -21"><span class='ocrx_word' id='word_1_274' title='bbox 172 1969 269 2041; x_wconf 72' lang='grc' dir='ltr'><strong>ὄρει</strong></span> <span class='ocrx_word' id='word_1_275' title='bbox 302 1969 486 2040; x_wconf 75' lang='grc' dir='ltr'><strong>τούτῳ,</strong></span> <span class='ocrx_word' id='word_1_276' title='bbox 505 1971 602 2024; x_wconf 76' lang='grc' dir='ltr'><strong>καὶ</strong></span> <span class='ocrx_word' id='word_1_277' title='bbox 633 1971 732 2024; x_wconf 78' lang='grc' dir='ltr'><strong>οὐκ</strong></span> <span class='ocrx_word' id='word_1_278' title='bbox 753 1966 890 2024; x_wconf 82' lang='grc' dir='ltr'><strong>εἶδον</strong></span> <span class='ocrx_word' id='word_1_279' title='bbox 917 1971 1206 2042; x_wconf 78' lang='grc' dir='ltr'><strong>ἄνθρωπον</strong></span> <span class='ocrx_word' id='word_1_280' title='bbox 1229 1975 1277 2026; x_wconf 75' lang='grc' dir='ltr'><strong>εἰ</strong></span> <span class='ocrx_word' id='word_1_281' title='bbox 1311 1973 1386 2045; x_wconf 78' lang='grc' dir='ltr'><strong>μὴ</strong></span> <span class='ocrx_word' id='word_1_282' title='bbox 1417 1973 1498 2028; x_wconf 79' lang='grc' dir='ltr'><strong>σέ.</strong></span> <span class='ocrx_word' id='word_1_283' title='bbox 1532 1973 1726 2029; x_wconf 84' lang='grc' dir='ltr'><strong>Ἀκού-</strong></span> 
     </span>
    </p>
   </div>
   <div class='ocr_carea' id='block_1_38' title="bbox 176 2061 1724 2134">
    <p class='ocr_par' dir='ltr' id='par_1_38' title="bbox 176 2061 1724 2134">
     <span class='ocr_line' id='line_1_38' title="bbox 176 2061 1724 2134; baseline 0.004 -21"><span class='ocrx_word' id='word_1_284' title='bbox 176 2079 256 2124; x_wconf 77' lang='grc' dir='ltr'><strong>σας</strong></span> <span class='ocrx_word' id='word_1_285' title='bbox 280 2062 332 2114; x_wconf 74' lang='grc' dir='ltr'><strong>δὲ</strong></span> <span class='ocrx_word' id='word_1_286' title='bbox 353 2065 381 2116; x_wconf 91' lang='lat'><strong>6</strong></span> <span class='ocrx_word' id='word_1_287' title='bbox 399 2061 578 2134; x_wconf 85' lang='grc' dir='ltr'><strong>γέρων</strong></span> <span class='ocrx_word' id='word_1_288' title='bbox 619 2061 813 2124; x_wconf 77' lang='grc' dir='ltr'><strong>ταῦτα,</strong></span> <span class='ocrx_word' id='word_1_289' title='bbox 851 2063 1105 2117; x_wconf 81' lang='grc' dir='ltr'><strong>εἰσελθὼν</strong></span> <span class='ocrx_word' id='word_1_290' title='bbox 1143 2066 1224 2128; x_wconf 83' lang='grc' dir='ltr'><strong>εἰς</strong></span> <span class='ocrx_word' id='word_1_291' title='bbox 1257 2065 1317 2118; x_wconf 84' lang='grc' dir='ltr'><strong>τὸ</strong></span> <span class='ocrx_word' id='word_1_292' title='bbox 1343 2064 1578 2130; x_wconf 82' lang='grc' dir='ltr'><strong>κελλίον,</strong></span> <span class='ocrx_word' id='word_1_293' title='bbox 1602 2065 1724 2120; x_wconf 77' lang='grc' dir='ltr'><strong>ἔτυ-</strong></span> 
     </span>
    </p>
   </div>
   <div class='ocr_carea' id='block_1_39' title="bbox 176 2153 1724 2228">
    <p class='ocr_par' dir='ltr' id='par_1_39' title="bbox 176 2153 1724 2228">
     <span class='ocr_line' id='line_1_39' title="bbox 176 2153 1724 2228; baseline 0.003 -22"><span class='ocrx_word' id='word_1_294' title='bbox 176 2171 286 2208; x_wconf 77' lang='grc' dir='ltr'><strong>πτεν</strong></span> <span class='ocrx_word' id='word_1_295' title='bbox 328 2155 538 2220; x_wconf 77' lang='grc' dir='ltr'><strong>ἑαυτὸν,</strong></span> <span class='ocrx_word' id='word_1_296' title='bbox 573 2153 780 2222; x_wconf 78' lang='grc' dir='ltr'><strong>λέγων·</strong></span> <span class='ocrx_word' id='word_1_297' title='bbox 825 2155 978 2221; x_wconf 79' lang='grc' dir='ltr'><strong>Ἰδοὺ,</strong></span> <span class='ocrx_word' id='word_1_298' title='bbox 1009 2155 1198 2228; x_wconf 84' lang='grc' dir='ltr'><strong>Σισόη,</strong></span> <span class='ocrx_word' id='word_1_299' title='bbox 1249 2156 1507 2226; x_wconf 76' lang='grc' dir='ltr'><strong>ἐνόμισας</strong></span> <span class='ocrx_word' id='word_1_300' title='bbox 1535 2158 1724 2211; x_wconf 82' lang='grc' dir='ltr'><strong>τίποτε</strong></span> 
     </span>
    </p>
   </div>
   <div class='ocr_carea' id='block_1_40' title="bbox 172 2244 1723 2321">
    <p class='ocr_par' dir='ltr' id='par_1_40' title="bbox 172 2244 1723 2321">
     <span class='ocr_line' id='line_1_40' title="bbox 172 2244 1723 2321; baseline 0.003 -24"><span class='ocrx_word' id='word_1_301' title='bbox 172 2245 532 2314; x_wconf 76' lang='grc' dir='ltr'><strong>πεποιηκέναι·</strong></span> <span class='ocrx_word' id='word_1_302' title='bbox 573 2247 668 2300; x_wconf 75' lang='grc' dir='ltr'><strong>καὶ</strong></span> <span class='ocrx_word' id='word_1_303' title='bbox 711 2244 832 2299; x_wconf 77' lang='grc' dir='ltr'><strong>οὐδὲ</strong></span> <span class='ocrx_word' id='word_1_304' title='bbox 887 2246 964 2311; x_wconf 84' lang='grc' dir='ltr'><strong>ὡς</strong></span> <span class='ocrx_word' id='word_1_305' title='bbox 995 2249 1026 2300; x_wconf 90' lang='lat'><strong>6</strong></span> <span class='ocrx_word' id='word_1_306' title='bbox 1055 2248 1316 2319; x_wconf 77' lang='grc' dir='ltr'><strong>κοσμικδς</strong></span> <span class='ocrx_word' id='word_1_307' title='bbox 1341 2244 1495 2314; x_wconf 74' lang='grc' dir='ltr'><strong>οὗτος</strong></span> <span class='ocrx_word' id='word_1_308' title='bbox 1539 2249 1723 2321; x_wconf 83' lang='grc' dir='ltr'><strong>ἀκμὴν</strong></span> 
     </span>
    </p>
   </div>
   <div class='ocr_carea' id='block_1_41' title="bbox 172 2337 476 2406">
    <p class='ocr_par' dir='ltr' id='par_1_41' title="bbox 172 2337 476 2406">
     <span class='ocr_line' id='line_1_41' title="bbox 172 2337 476 2406; baseline -0.007 -18"><span class='ocrx_word' id='word_1_309' title='bbox 172 2337 454 2406; x_wconf 77' lang='grc' dir='ltr'><strong>πεποίηκας</strong></span> <span class='ocrx_word' id='word_1_310' title='bbox 465 2377 476 2386; x_wconf 94' lang='grc'><strong>.</strong></span> 
     </span>
    </p>
   </div>
   <div class='ocr_carea' id='block_1_42' title="bbox 227 2428 1725 2502">
    <p class='ocr_par' dir='ltr' id='par_1_42' title="bbox 227 2428 1725 2502">
     <span class='ocr_line' id='line_1_42' title="bbox 227 2428 1725 2502; baseline 0.004 -22"><span class='ocrx_word' id='word_1_311' title='bbox 227 2435 288 2500; x_wconf 87' lang='grc' dir='ltr'><strong>η’.</strong></span> <span class='ocrx_word' id='word_1_312' title='bbox 323 2429 564 2498; x_wconf 80' lang='grc' dir='ltr'><strong>Ἐγένετο</strong></span> <span class='ocrx_word' id='word_1_313' title='bbox 607 2429 893 2500; x_wconf 71' lang='grc' dir='ltr'><strong>προσφορὰ</strong></span> <span class='ocrx_word' id='word_1_314' title='bbox 941 2430 1022 2492; x_wconf 83' lang='grc' dir='ltr'><strong>εἰς</strong></span> <span class='ocrx_word' id='word_1_315' title='bbox 1049 2429 1110 2481; x_wconf 75' lang='grc' dir='ltr'><strong>τὸ</strong></span> <span class='ocrx_word' id='word_1_316' title='bbox 1137 2429 1262 2502; x_wconf 71' lang='grc' dir='ltr'><strong>ὅρος</strong></span> <span class='ocrx_word' id='word_1_317' title='bbox 1294 2428 1389 2484; x_wconf 81' lang='grc' dir='ltr'><strong>τοῦ</strong></span> <span class='ocrx_word' id='word_1_318' title='bbox 1423 2430 1568 2486; x_wconf 77' lang='grc' dir='ltr'><strong>ἁϐὅᾶ</strong></span> <span class='ocrx_word' id='word_1_319' title='bbox 1602 2433 1725 2486; x_wconf 71' lang='grc' dir='ltr'><strong>Ἀν-</strong></span> 
     </span>
    </p>
   </div>
   <div class='ocr_carea' id='block_1_43' title="bbox 169 2507 1725 2591">
    <p class='ocr_par' dir='ltr' id='par_1_43' title="bbox 169 2507 1725 2591">
     <span class='ocr_line' id='line_1_43' title="bbox 169 2507 1725 2591; baseline 0.002 -20"><span class='ocrx_word' id='word_1_320' title='bbox 169 2520 370 2583; x_wconf 80' lang='grc' dir='ltr'><strong>τωνίου,</strong></span> <span class='ocrx_word' id='word_1_321' title='bbox 421 2521 516 2572; x_wconf 79' lang='grc' dir='ltr'><strong>καὶ</strong></span> <span class='ocrx_word' id='word_1_322' title='bbox 561 2519 758 2591; x_wconf 77' lang='grc' dir='ltr'><strong>εὑρέθη</strong></span> <span class='ocrx_word' id='word_1_323' title='bbox 807 2521 927 2584; x_wconf 74' lang='grc' dir='ltr'><strong>ἐκεῖ</strong></span> <span class='ocrx_word' id='word_1_324' title='bbox 991 2518 1188 2572; x_wconf 76' lang='grc' dir='ltr'><strong>κνίδιον</strong></span> <span class='ocrx_word' id='word_1_325' title='bbox 1233 2518 1377 2574; x_wconf 79' lang='grc' dir='ltr'><strong>οἴνου</strong></span> <span class='ocrx_word' id='word_1_326' title='bbox 1420 2507 1530 2591; x_wconf 67' lang='grc'>(54)</span> <span class='ocrx_word' id='word_1_327' title='bbox 1561 2538 1576 2552; x_wconf 72' lang='grc' dir='ltr'><strong>ο</strong></span> <span class='ocrx_word' id='word_1_328' title='bbox 1633 2522 1725 2574; x_wconf 75' lang='grc' dir='ltr'><strong>κα).</strong></span> 
     </span>
    </p>
   </div>
   <div class='ocr_carea' id='block_1_44' title="bbox 169 2605 1726 2684">
    <p class='ocr_par' dir='ltr' id='par_1_44' title="bbox 169 2605 1726 2684">
     <span class='ocr_line' id='line_1_44' title="bbox 169 2605 1726 2684; baseline 0.001 -21"><span class='ocrx_word' id='word_1_329' title='bbox 169 2605 326 2664; x_wconf 74' lang='grc' dir='ltr'><strong>λαϐὼν</strong></span> <span class='ocrx_word' id='word_1_330' title='bbox 354 2606 434 2674; x_wconf 80' lang='grc' dir='ltr'><strong>εἷς</strong></span> <span class='ocrx_word' id='word_1_331' title='bbox 467 2611 578 2664; x_wconf 82' lang='grc' dir='ltr'><strong>τῶν</strong></span> <span class='ocrx_word' id='word_1_332' title='bbox 625 2611 896 2684; x_wconf 79' lang='grc' dir='ltr'><strong>γερόντιον</strong></span> <span class='ocrx_word' id='word_1_333' title='bbox 937 2611 1133 2682; x_wconf 77' lang='grc' dir='ltr'><strong>μικρὸν</strong></span> <span class='ocrx_word' id='word_1_334' title='bbox 1171 2612 1392 2680; x_wconf 86' lang='grc' dir='ltr'><strong>ἀγγεῖον</strong></span> <span class='ocrx_word' id='word_1_335' title='bbox 1426 2612 1521 2664; x_wconf 80' lang='grc' dir='ltr'><strong>καὶ</strong></span> <span class='ocrx_word' id='word_1_336' title='bbox 1559 2614 1726 2682; x_wconf 86' lang='grc' dir='ltr'><strong>ποτή-</strong></span> 
     </span>
    </p>
   </div>
   <div class='ocr_carea' id='block_1_45' title="bbox 171 2699 1726 2775">
    <p class='ocr_par' dir='ltr' id='par_1_45' title="bbox 171 2699 1726 2775">
     <span class='ocr_line' id='line_1_45' title="bbox 171 2699 1726 2775; baseline 0.004 -23"><span class='ocrx_word' id='word_1_337' title='bbox 171 2717 286 2772; x_wconf 84' lang='grc' dir='ltr'><strong>ριον,</strong></span> <span class='ocrx_word' id='word_1_338' title='bbox 312 2703 588 2773; x_wconf 79' lang='grc' dir='ltr'><strong>ἀπήνεγκε</strong></span> <span class='ocrx_word' id='word_1_339' title='bbox 651 2703 784 2775; x_wconf 76' lang='grc' dir='ltr'><strong>πρὸς</strong></span> <span class='ocrx_word' id='word_1_340' title='bbox 811 2699 907 2756; x_wconf 70' lang='grc' dir='ltr'><strong>τὸν</strong></span> <span class='ocrx_word' id='word_1_341' title='bbox 952 2703 1126 2756; x_wconf 55' lang='lat' dir='ltr'><strong>assa»</strong></span> <span class='ocrx_word' id='word_1_342' title='bbox 1153 2703 1370 2775; x_wconf 84' lang='grc' dir='ltr'><strong>Σισόην,</strong></span> <span class='ocrx_word' id='word_1_343' title='bbox 1400 2703 1495 2758; x_wconf 71' lang='grc' dir='ltr'><strong>ιιια)¹</strong></span> <span class='ocrx_word' id='word_1_344' title='bbox 1528 2703 1726 2758; x_wconf 75' lang='grc' dir='ltr'><strong>ἔδωκεν</strong></span> 
     </span>
    </p>
   </div>
   <div class='ocr_carea' id='block_1_46' title="bbox 167 2794 1721 2866">
    <p class='ocr_par' dir='ltr' id='par_1_46' title="bbox 167 2794 1721 2866">
     <span class='ocr_line' id='line_1_46' title="bbox 167 2794 1721 2866; baseline 0.003 -20"><span class='ocrx_word' id='word_1_345' title='bbox 167 2794 314 2863; x_wconf 77' lang='grc' dir='ltr'><strong>αὐτῷ.</strong></span> <span class='ocrx_word' id='word_1_346' title='bbox 347 2799 438 2849; x_wconf 79' lang='grc' dir='ltr'><strong>καὶ</strong></span> <span class='ocrx_word' id='word_1_347' title='bbox 469 2795 643 2849; x_wconf 76' lang='grc' dir='ltr'><strong>ἔπιεν.</strong></span> <span class='ocrx_word' id='word_1_348' title='bbox 687 2796 918 2866; x_wconf 80' lang='grc' dir='ltr'><strong>Ὁμοίως</strong></span> <span class='ocrx_word' id='word_1_349' title='bbox 936 2795 1030 2848; x_wconf 73' lang='grc' dir='ltr'><strong>καὶ</strong></span> <span class='ocrx_word' id='word_1_350' title='bbox 1053 2795 1327 2866; x_wconf 84' lang='grc' dir='ltr'><strong>δεύτερον,</strong></span> <span class='ocrx_word' id='word_1_351' title='bbox 1359 2795 1454 2848; x_wconf 78' lang='grc' dir='ltr'><strong>καὶ</strong></span> <span class='ocrx_word' id='word_1_352' title='bbox 1483 2795 1721 2861; x_wconf 72' lang='grc' dir='ltr'><strong>ἐδέξατο.</strong></span> 
     </span>
    </p>
   </div>
   <div class='ocr_carea' id='block_1_47' title="bbox 170 2873 1722 2968">
    <p class='ocr_par' dir='ltr' id='par_1_47' title="bbox 170 2873 1722 2968">
     <span class='ocr_line' id='line_1_47' title="bbox 170 2873 1722 2968; baseline 0.001 -30"><span class='ocrx_word' id='word_1_353' title='bbox 170 2886 424 2958; x_wconf 78' lang='grc' dir='ltr'><strong>Παρέσχεν</strong></span> <span class='ocrx_word' id='word_1_354' title='bbox 465 2888 620 2968; x_wconf 59' lang='grc' dir='ltr'><strong>αὐτῷ</strong></span> <span class='ocrx_word' id='word_1_355' title='bbox 646 2889 740 2942; x_wconf 74' lang='grc' dir='ltr'><strong>καὶ</strong></span> <span class='ocrx_word' id='word_1_356' title='bbox 781 2873 982 2960; x_wconf 77' lang='grc' dir='ltr'><strong>τρίτον,</strong></span> <span class='ocrx_word' id='word_1_357' title='bbox 1014 2889 1108 2941; x_wconf 74' lang='grc' dir='ltr'><strong>καὶ</strong></span> <span class='ocrx_word' id='word_1_358' title='bbox 1139 2888 1237 2941; x_wconf 79' lang='grc' dir='ltr'><strong>οὐκ</strong></span> <span class='ocrx_word' id='word_1_359' title='bbox 1277 2887 1487 2944; x_wconf 76' lang='grc' dir='ltr'><strong>ἐλαϐεν,</strong></span> <span class='ocrx_word' id='word_1_360' title='bbox 1516 2886 1683 2940; x_wconf 80' lang='grc' dir='ltr'><strong>εἰπών</strong></span> <span class='ocrx_word' id='word_1_361' title='bbox 1709 2904 1722 2918; x_wconf 75' lang='grc'><strong>⁸</strong></span> 
     </span>
    </p>
   </div>
   <div class='ocr_carea' id='block_1_48' title="bbox 167 2977 1554 3051">
    <p class='ocr_par' dir='ltr' id='par_1_48' title="bbox 167 2977 1554 3051">
     <span class='ocr_line' id='line_1_48' title="bbox 167 2977 1554 3051; baseline 0.003 -21"><span class='ocrx_word' id='word_1_362' title='bbox 167 2977 374 3038; x_wconf 73' lang='grc' dir='ltr'><strong>Παῦσαι.</strong></span> <span class='ocrx_word' id='word_1_363' title='bbox 409 2981 632 3049; x_wconf 69' lang='grc' dir='ltr'><strong>ἁδελφὲ,</strong></span> <span class='ocrx_word' id='word_1_364' title='bbox 672 2981 704 3051; x_wconf 87' lang='grc' dir='ltr'><strong>ἦ</strong></span> <span class='ocrx_word' id='word_1_365' title='bbox 729 2981 828 3033; x_wconf 72' lang='grc' dir='ltr'><strong>οὐκ</strong></span> <span class='ocrx_word' id='word_1_366' title='bbox 850 2977 996 3044; x_wconf 81' lang='grc' dir='ltr'><strong>οἶδας</strong></span> <span class='ocrx_word' id='word_1_367' title='bbox 1023 2982 1104 3034; x_wconf 84' lang='grc' dir='ltr'><strong>ὅτι</strong></span> <span class='ocrx_word' id='word_1_368' title='bbox 1135 2979 1250 3032; x_wconf 75' lang='grc' dir='ltr'><strong>ἔστι</strong></span> <span class='ocrx_word' id='word_1_369' title='bbox 1281 2981 1554 3045; x_wconf 82' lang='grc' dir='ltr'><strong>Σατανᾶς;</strong></span> 
     </span>
    </p>
   </div>
   <div class='ocr_carea' id='block_1_49' title="bbox 223 3070 1727 3143">
    <p class='ocr_par' dir='ltr' id='par_1_49' title="bbox 223 3070 1727 3143">
     <span class='ocr_line' id='line_1_49' title="bbox 223 3070 1727 3143; baseline 0.002 -20"><span class='ocrx_word' id='word_1_370' title='bbox 223 3070 281 3124; x_wconf 77' lang='grc' dir='ltr'><strong>θ’.</strong></span> <span class='ocrx_word' id='word_1_371' title='bbox 323 3071 612 3142; x_wconf 71' lang='grc' dir='ltr'><strong>Παρέϐαλέ</strong></span> <span class='ocrx_word' id='word_1_372' title='bbox 656 3090 741 3136; x_wconf 86' lang='grc' dir='ltr'><strong>τις</strong></span> <span class='ocrx_word' id='word_1_373' title='bbox 784 3071 893 3124; x_wconf 84' lang='grc' dir='ltr'><strong>τῶν</strong></span> <span class='ocrx_word' id='word_1_374' title='bbox 935 3071 1178 3140; x_wconf 71' lang='grc' dir='ltr'><strong>ἀδελφῶν</strong></span> <span class='ocrx_word' id='word_1_375' title='bbox 1228 3072 1363 3143; x_wconf 78' lang='grc' dir='ltr'>πρὸς</span> <span class='ocrx_word' id='word_1_376' title='bbox 1404 3071 1497 3124; x_wconf 80' lang='grc' dir='ltr'><strong>τὸν</strong></span> <span class='ocrx_word' id='word_1_377' title='bbox 1550 3071 1727 3126; x_wconf 74' lang='grc' dir='ltr'><strong>ἁϐϐᾶν</strong></span> 
     </span>
    </p>
   </div>
   <div class='ocr_carea' id='block_1_50' title="bbox 1827 1971 3402 2042">
    <p class='ocr_par' dir='ltr' id='par_1_50' title="bbox 1827 1971 3402 2042">
     <span class='ocr_line' id='line_1_50' title="bbox 1827 1971 3402 2042; baseline 0.001 -16"><span class='ocrx_word' id='word_1_378' title='bbox 1827 1979 2014 2026; x_wconf 84' lang='lat' dir='ltr'><strong>monte</strong></span> <span class='ocrx_word' id='word_1_379' title='bbox 2055 1971 2218 2042; x_wconf 84' lang='lat' dir='ltr'><strong>dego,</strong></span> <span class='ocrx_word' id='word_1_380' title='bbox 2259 1986 2362 2026; x_wconf 87' lang='lat' dir='ltr'><strong>nec</strong></span> <span class='ocrx_word' id='word_1_381' title='bbox 2389 1971 2504 2026; x_wconf 80' lang='lat' dir='ltr'><strong>vidi</strong></span> <span class='ocrx_word' id='word_1_382' title='bbox 2533 1971 2811 2026; x_wconf 86' lang='lat' dir='ltr'><strong>hominem</strong></span> <span class='ocrx_word' id='word_1_383' title='bbox 2853 1979 3050 2042; x_wconf 63' lang='lat' dir='ltr'><strong>printer</strong></span> <span class='ocrx_word' id='word_1_384' title='bbox 3083 1980 3158 2028; x_wconf 88' lang='lat' dir='ltr'><strong>te.</strong></span> <span class='ocrx_word' id='word_1_385' title='bbox 3191 1973 3402 2040; x_wconf 83' lang='lat' dir='ltr'><strong>Quibus</strong></span> 
     </span>
    </p>
   </div>
   <div class='ocr_carea' id='block_1_51' title="bbox 1826 2063 3398 2138">
    <p class='ocr_par' dir='ltr' id='par_1_51' title="bbox 1826 2063 3398 2138">
     <span class='ocr_line' id='line_1_51' title="bbox 1826 2063 3398 2138; baseline 0.006 -22"><span class='ocrx_word' id='word_1_386' title='bbox 1826 2063 2052 2128; x_wconf 90' lang='lat' dir='ltr'><strong>auditis,</strong></span> <span class='ocrx_word' id='word_1_387' title='bbox 2081 2078 2250 2119; x_wconf 86' lang='lat' dir='ltr'><strong>senex</strong></span> <span class='ocrx_word' id='word_1_388' title='bbox 2280 2064 2570 2134; x_wconf 84' lang='lat' dir='ltr'><strong>ingressus</strong></span> <span class='ocrx_word' id='word_1_389' title='bbox 2601 2066 2656 2120; x_wconf 92' lang='lat' dir='ltr'><strong>in</strong></span> <span class='ocrx_word' id='word_1_390' title='bbox 2692 2067 2912 2134; x_wconf 86' lang='lat' dir='ltr'><strong>cellam,</strong></span> <span class='ocrx_word' id='word_1_391' title='bbox 2941 2068 3287 2138; x_wconf 88' lang='lat' dir='ltr'><strong>percutiebat</strong></span> <span class='ocrx_word' id='word_1_392' title='bbox 3317 2084 3398 2133; x_wconf 91' lang='lat' dir='ltr'><strong>se,</strong></span> 
     </span>
    </p>
   </div>
   <div class='ocr_carea' id='block_1_52' title="bbox 1827 2154 3398 2230">
    <p class='ocr_par' dir='ltr' id='par_1_52' title="bbox 1827 2154 3398 2230">
     <span class='ocr_line' id='line_1_52' title="bbox 1827 2154 3398 2230; baseline 0.007 -22"><span class='ocrx_word' id='word_1_393' title='bbox 1827 2154 1909 2208; x_wconf 92' lang='lat' dir='ltr'><strong>En</strong></span> <span class='ocrx_word' id='word_1_394' title='bbox 1941 2154 2152 2222; x_wconf 90' lang='lat' dir='ltr'><strong>Sisoes,</strong></span> <span class='ocrx_word' id='word_1_395' title='bbox 2185 2156 2465 2228; x_wconf 88' lang='lat' dir='ltr'><strong>inquiens,</strong></span> <span class='ocrx_word' id='word_1_396' title='bbox 2494 2158 2820 2216; x_wconf 81' lang='lat' dir='ltr'><strong>existimasti</strong></span> <span class='ocrx_word' id='word_1_397' title='bbox 2848 2169 2899 2215; x_wconf 92' lang='lat' dir='ltr'><strong>te</strong></span> <span class='ocrx_word' id='word_1_398' title='bbox 2927 2161 3131 2230; x_wconf 89' lang='lat' dir='ltr'><strong>aliquid</strong></span> <span class='ocrx_word' id='word_1_399' title='bbox 3165 2160 3398 2228; x_wconf 82' lang='lat' dir='ltr'><strong>fecisse;</strong></span> 
     </span>
    </p>
   </div>
   <div class='ocr_carea' id='block_1_53' title="bbox 1828 2247 3172 2318">
    <p class='ocr_par' dir='ltr' id='par_1_53' title="bbox 1828 2247 3172 2318">
     <span class='ocr_line' id='line_1_53' title="bbox 1828 2247 3172 2318; baseline 0.004 -18"><span class='ocrx_word' id='word_1_400' title='bbox 1828 2247 1980 2318; x_wconf 89' lang='lat' dir='ltr'><strong>atqui</strong></span> <span class='ocrx_word' id='word_1_401' title='bbox 2014 2263 2116 2304; x_wconf 90' lang='lat' dir='ltr'><strong>nec</strong></span> <span class='ocrx_word' id='word_1_402' title='bbox 2147 2248 2291 2304; x_wconf 91' lang='lat' dir='ltr'><strong>sicut</strong></span> <span class='ocrx_word' id='word_1_403' title='bbox 2325 2247 2430 2304; x_wconf 89' lang='lat' dir='ltr'><strong>iste</strong></span> <span class='ocrx_word' id='word_1_404' title='bbox 2455 2249 2738 2306; x_wconf 70' lang='lat' dir='ltr'><strong>saecularis</strong></span> <span class='ocrx_word' id='word_1_405' title='bbox 2765 2251 2945 2307; x_wconf 90' lang='lat' dir='ltr'><strong>adhuc</strong></span> <span class='ocrx_word' id='word_1_406' title='bbox 2971 2251 3172 2308; x_wconf 79' lang='lat' dir='ltr'><strong>fecisti.</strong></span> 
     </span>
    </p>
   </div>
   <div class='ocr_carea' id='block_1_54' title="bbox 1898 2425 3404 2492">
    <p class='ocr_par' dir='ltr' id='par_1_54' title="bbox 1898 2425 3404 2492">
     <span class='ocr_line' id='line_1_54' title="bbox 1898 2425 3404 2492; baseline 0.004 -12"><span class='ocrx_word' id='word_1_407' title='bbox 1898 2425 1952 2480; x_wconf 92' lang='lat'><strong>8.</strong></span> <span class='ocrx_word' id='word_1_408' title='bbox 1995 2425 2106 2492; x_wconf 81' lang='grc'>(58)</span> <span class='ocrx_word' id='word_1_409' title='bbox 2139 2425 2428 2482; x_wconf 88' lang='lat' dir='ltr'><strong>Celebrata</strong></span> <span class='ocrx_word' id='word_1_410' title='bbox 2469 2435 2555 2482; x_wconf 91' lang='lat' dir='ltr'><strong>est</strong></span> <span class='ocrx_word' id='word_1_411' title='bbox 2598 2427 2803 2482; x_wconf 89' lang='lat' dir='ltr'><strong>oblatio</strong></span> <span class='ocrx_word' id='word_1_412' title='bbox 2853 2430 2909 2484; x_wconf 91' lang='lat' dir='ltr'><strong>in</strong></span> <span class='ocrx_word' id='word_1_413' title='bbox 2959 2437 3146 2486; x_wconf 89' lang='lat' dir='ltr'><strong>monte</strong></span> <span class='ocrx_word' id='word_1_414' title='bbox 3188 2430 3404 2486; x_wconf 85' lang='lat' dir='ltr'><strong>abbatis</strong></span> 
     </span>
    </p>
   </div>
   <div class='ocr_carea' id='block_1_55' title="bbox 1827 2517 3406 2588">
    <p class='ocr_par' dir='ltr' id='par_1_55' title="bbox 1827 2517 3406 2588">
     <span class='ocr_line' id='line_1_55' title="bbox 1827 2517 3406 2588; baseline 0.005 -18"><span class='ocrx_word' id='word_1_415' title='bbox 1827 2517 2073 2581; x_wconf 78' lang='lat' dir='ltr'><strong>Antonii,</strong></span> <span class='ocrx_word' id='word_1_416' title='bbox 2105 2517 2326 2588; x_wconf 91' lang='lat' dir='ltr'><strong>illicque</strong></span> <span class='ocrx_word' id='word_1_417' title='bbox 2357 2519 2640 2574; x_wconf 85' lang='lat' dir='ltr'><strong>inventum</strong></span> <span class='ocrx_word' id='word_1_418' title='bbox 2673 2528 2759 2575; x_wconf 91' lang='lat' dir='ltr'><strong>est</strong></span> <span class='ocrx_word' id='word_1_419' title='bbox 2784 2521 3046 2576; x_wconf 91' lang='lat' dir='ltr'><strong>doliolum</strong></span> <span class='ocrx_word' id='word_1_420' title='bbox 3073 2522 3220 2587; x_wconf 85' lang='lat' dir='ltr'><strong>vini;</strong></span> <span class='ocrx_word' id='word_1_421' title='bbox 3260 2538 3406 2578; x_wconf 90' lang='lat' dir='ltr'><strong>unus</strong></span> 
     </span>
    </p>
   </div>
   <div class='ocr_carea' id='block_1_56' title="bbox 1827 2609 3404 2682">
    <p class='ocr_par' dir='ltr' id='par_1_56' title="bbox 1827 2609 3404 2682">
     <span class='ocr_line' id='line_1_56' title="bbox 1827 2609 3404 2682; baseline 0.004 -20"><span class='ocrx_word' id='word_1_422' title='bbox 1827 2625 1958 2664; x_wconf 89' lang='lat' dir='ltr'><strong>vero</strong></span> <span class='ocrx_word' id='word_1_423' title='bbox 1995 2625 2027 2664; x_wconf 93' lang='lat' dir='ltr'><strong>e</strong></span> <span class='ocrx_word' id='word_1_424' title='bbox 2062 2610 2287 2664; x_wconf 87' lang='lat' dir='ltr'><strong>senibus</strong></span> <span class='ocrx_word' id='word_1_425' title='bbox 2338 2609 2618 2680; x_wconf 87' lang='lat' dir='ltr'><strong>accipiens</strong></span> <span class='ocrx_word' id='word_1_426' title='bbox 2659 2627 2885 2682; x_wconf 86' lang='lat' dir='ltr'><strong>parvum</strong></span> <span class='ocrx_word' id='word_1_427' title='bbox 2920 2629 3016 2669; x_wconf 88' lang='lat' dir='ltr'><strong>vas</strong></span> <span class='ocrx_word' id='word_1_428' title='bbox 3047 2629 3170 2668; x_wconf 88' lang='lat' dir='ltr'><strong>cum</strong></span> <span class='ocrx_word' id='word_1_429' title='bbox 3211 2613 3404 2679; x_wconf 85' lang='lat' dir='ltr'><strong>calice,</strong></span> 
     </span>
    </p>
   </div>
   <div class='ocr_carea' id='block_1_57' title="bbox 1829 2701 3404 2776">
    <p class='ocr_par' dir='ltr' id='par_1_57' title="bbox 1829 2701 3404 2776">
     <span class='ocr_line' id='line_1_57' title="bbox 1829 2701 3404 2776; baseline 0.002 -20"><span class='ocrx_word' id='word_1_430' title='bbox 1829 2701 2022 2758; x_wconf 89' lang='lat' dir='ltr'><strong>detulit</strong></span> <span class='ocrx_word' id='word_1_431' title='bbox 2052 2701 2120 2756; x_wconf 86' lang='lat' dir='ltr'><strong>ad</strong></span> <span class='ocrx_word' id='word_1_432' title='bbox 2151 2703 2404 2758; x_wconf 88' lang='lat' dir='ltr'><strong>abbatem</strong></span> <span class='ocrx_word' id='word_1_433' title='bbox 2449 2703 2684 2770; x_wconf 90' lang='lat' dir='ltr'><strong>Sisoem,</strong></span> <span class='ocrx_word' id='word_1_434' title='bbox 2719 2705 2976 2775; x_wconf 88' lang='lat' dir='ltr'><strong>deditque</strong></span> <span class='ocrx_word' id='word_1_435' title='bbox 3011 2705 3099 2768; x_wconf 92' lang='lat' dir='ltr'><strong>ei,</strong></span> <span class='ocrx_word' id='word_1_436' title='bbox 3126 2705 3218 2776; x_wconf 93' lang='lat' dir='ltr'><strong>qui</strong></span> <span class='ocrx_word' id='word_1_437' title='bbox 3249 2707 3404 2762; x_wconf 89' lang='lat' dir='ltr'><strong>bibit.</strong></span> 
     </span>
    </p>
   </div>
   <div class='ocr_carea' id='block_1_58' title="bbox 1831 2793 3406 2866">
    <p class='ocr_par' dir='ltr' id='par_1_58' title="bbox 1831 2793 3406 2866">
     <span class='ocr_line' id='line_1_58' title="bbox 1831 2793 3406 2866; baseline 0.001 -18"><span class='ocrx_word' id='word_1_438' title='bbox 1831 2793 2097 2849; x_wconf 88' lang='lat' dir='ltr'><strong>Similiter</strong></span> <span class='ocrx_word' id='word_1_439' title='bbox 2120 2793 2247 2849; x_wconf 92' lang='lat' dir='ltr'><strong>fecit</strong></span> <span class='ocrx_word' id='word_1_440' title='bbox 2273 2794 2518 2850; x_wconf 90' lang='lat' dir='ltr'><strong>secundo</strong></span> <span class='ocrx_word' id='word_1_441' title='bbox 2541 2834 2554 2857; x_wconf 92' lang='lat'><strong>,</strong></span> <span class='ocrx_word' id='word_1_442' title='bbox 2580 2805 2634 2850; x_wconf 91' lang='lat' dir='ltr'><strong>et</strong></span> <span class='ocrx_word' id='word_1_443' title='bbox 2668 2799 2930 2866; x_wconf 83' lang='lat' dir='ltr'><strong>suscepit.</strong></span> <span class='ocrx_word' id='word_1_444' title='bbox 2965 2796 3200 2852; x_wconf 81' lang='lat' dir='ltr'><strong>Praebuit</strong></span> <span class='ocrx_word' id='word_1_445' title='bbox 3231 2797 3406 2854; x_wconf 87' lang='lat' dir='ltr'><strong>eidem</strong></span> 
     </span>
    </p>
   </div>
   <div class='ocr_carea' id='block_1_59' title="bbox 1828 2887 3405 2960">
    <p class='ocr_par' dir='ltr' id='par_1_59' title="bbox 1828 2887 3405 2960">
     <span class='ocr_line' id='line_1_59' title="bbox 1828 2887 3405 2960; baseline 0.003 -20"><span class='ocrx_word' id='word_1_446' title='bbox 1828 2888 1992 2942; x_wconf 90' lang='lat' dir='ltr'><strong>tertia</strong></span> <span class='ocrx_word' id='word_1_447' title='bbox 2033 2887 2188 2954; x_wconf 89' lang='lat' dir='ltr'><strong>vice,</strong></span> <span class='ocrx_word' id='word_1_448' title='bbox 2228 2904 2330 2942; x_wconf 90' lang='lat' dir='ltr'><strong>nec</strong></span> <span class='ocrx_word' id='word_1_449' title='bbox 2385 2889 2635 2960; x_wconf 90' lang='lat' dir='ltr'><strong>accipere</strong></span> <span class='ocrx_word' id='word_1_450' title='bbox 2676 2891 2870 2950; x_wconf 87' lang='lat' dir='ltr'><strong>voluit,</strong></span> <span class='ocrx_word' id='word_1_451' title='bbox 2922 2892 3156 2946; x_wconf 84' lang='lat' dir='ltr'><strong>dicens:</strong></span> <span class='ocrx_word' id='word_1_452' title='bbox 3187 2891 3405 2956; x_wconf 87' lang='lat' dir='ltr'><strong>Desine,</strong></span> 
     </span>
    </p>
   </div>
   <div class='ocr_carea' id='block_1_60' title="bbox 1831 2978 2920 3050">
    <p class='ocr_par' dir='ltr' id='par_1_60' title="bbox 1831 2978 2920 3050">
     <span class='ocr_line' id='line_1_60' title="bbox 1831 2978 2920 3050; baseline 0.001 -18"><span class='ocrx_word' id='word_1_453' title='bbox 1831 2978 2032 3042; x_wconf 89' lang='lat' dir='ltr'><strong>frater;</strong></span> <span class='ocrx_word' id='word_1_454' title='bbox 2063 2993 2131 3033; x_wconf 87' lang='lat' dir='ltr'><strong>an</strong></span> <span class='ocrx_word' id='word_1_455' title='bbox 2166 2981 2349 3036; x_wconf 90' lang='lat' dir='ltr'><strong>nescis</strong></span> <span class='ocrx_word' id='word_1_456' title='bbox 2372 2979 2516 3050; x_wconf 91' lang='lat' dir='ltr'><strong>quod</strong></span> <span class='ocrx_word' id='word_1_457' title='bbox 2549 2979 2781 3036; x_wconf 89' lang='lat' dir='ltr'><strong>Satanas</strong></span> <span class='ocrx_word' id='word_1_458' title='bbox 2811 2981 2920 3035; x_wconf 85' lang='lat' dir='ltr'><strong>sit?</strong></span> 
     </span>
    </p>
   </div>
   <div class='ocr_carea' id='block_1_61' title="bbox 1900 3069 3410 3144">
    <p class='ocr_par' dir='ltr' id='par_1_61' title="bbox 1900 3069 3410 3144">
     <span class='ocr_line' id='line_1_61' title="bbox 1900 3069 3410 3144; baseline 0.001 -20"><span class='ocrx_word' id='word_1_459' title='bbox 1900 3069 1956 3125; x_wconf 89' lang='lat'><strong>9.</strong></span> <span class='ocrx_word' id='word_1_460' title='bbox 2013 3071 2129 3142; x_wconf 76' lang='lat'><strong>(39)</strong></span> <span class='ocrx_word' id='word_1_461' title='bbox 2161 3071 2431 3128; x_wconf 78' lang='lat' dir='ltr'><strong>Convenit</strong></span> <span class='ocrx_word' id='word_1_462' title='bbox 2475 3073 2675 3144; x_wconf 88' lang='lat' dir='ltr'><strong>aliquis</strong></span> <span class='ocrx_word' id='word_1_463' title='bbox 2727 3071 2956 3127; x_wconf 87' lang='lat' dir='ltr'><strong>fratrum</strong></span> <span class='ocrx_word' id='word_1_464' title='bbox 3007 3073 3258 3128; x_wconf 87' lang='lat' dir='ltr'><strong>abbatem</strong></span> <span class='ocrx_word' id='word_1_465' title='bbox 3320 3073 3410 3128; x_wconf 91' lang='lat' dir='ltr'><strong>Si-</strong></span> 
     </span>
    </p>
   </div>
   <div class='ocr_carea' id='block_1_62' title="bbox 165 3158 1724 3236">
    <p class='ocr_par' dir='ltr' id='par_1_62' title="bbox 165 3158 1724 3234">
     <span class='ocr_line' id='line_1_62' title="bbox 165 3158 1724 3234; baseline 0 -19"><span class='ocrx_word' id='word_1_466' title='bbox 165 3158 356 3234; x_wconf 75' lang='grc' dir='ltr'><strong>Σισὸην,</strong></span> <span class='ocrx_word' id='word_1_467' title='bbox 381 3167 466 3227; x_wconf 83' lang='grc' dir='ltr'><strong>εἰς</strong></span> <span class='ocrx_word' id='word_1_468' title='bbox 489 3164 555 3216; x_wconf 87' lang='grc' dir='ltr'><strong>τὸ</strong></span> <span class='ocrx_word' id='word_1_469' title='bbox 578 3164 700 3234; x_wconf 72' lang='grc' dir='ltr'><strong>ὅρος</strong></span> <span class='ocrx_word' id='word_1_470' title='bbox 732 3163 824 3216; x_wconf 80' lang='grc' dir='ltr'><strong>τοῦ</strong></span> <span class='ocrx_word' id='word_1_471' title='bbox 856 3163 1001 3217; x_wconf 74' lang='grc' dir='ltr'><strong>ἁϐϐἄ</strong></span> <span class='ocrx_word' id='word_1_472' title='bbox 1032 3164 1315 3218; x_wconf 75' lang='grc' dir='ltr'><strong>Ἀντωνίου</strong></span> <span class='ocrx_word' id='word_1_473' title='bbox 1337 3182 1351 3194; x_wconf 88' lang='grc'><strong>·</strong></span> <span class='ocrx_word' id='word_1_474' title='bbox 1385 3164 1479 3216; x_wconf 76' lang='grc' dir='ltr'><strong>καὶ</strong></span> <span class='ocrx_word' id='word_1_475' title='bbox 1515 3161 1724 3217; x_wconf 78' lang='grc' dir='ltr'><strong>λαλούν-</strong></span> 
     </span>
    </p>
   </div>
   <div class='ocr_carea' id='block_1_63' title="bbox 1837 3158 3408 3236">
    <p class='ocr_par' dir='ltr' id='par_1_63' title="bbox 1837 3163 3408 3236">
     <span class='ocr_line' id='line_1_63' title="bbox 1837 3163 3408 3236; baseline 0.002 -20"><span class='ocrx_word' id='word_1_476' title='bbox 1837 3178 1982 3218; x_wconf 90' lang='lat' dir='ltr'><strong>soem</strong></span> <span class='ocrx_word' id='word_1_477' title='bbox 2012 3164 2066 3218; x_wconf 94' lang='lat' dir='ltr'><strong>in</strong></span> <span class='ocrx_word' id='word_1_478' title='bbox 2095 3173 2335 3218; x_wconf 90' lang='lat' dir='ltr'><strong>montem</strong></span> <span class='ocrx_word' id='word_1_479' title='bbox 2369 3163 2584 3219; x_wconf 89' lang='lat' dir='ltr'><strong>abbatis</strong></span> <span class='ocrx_word' id='word_1_480' title='bbox 2615 3163 2838 3218; x_wconf 83' lang='lat' dir='ltr'><strong>Antonii</strong></span> <span class='ocrx_word' id='word_1_481' title='bbox 2867 3203 2882 3224; x_wconf 86' lang='lat'><strong>,</strong></span> <span class='ocrx_word' id='word_1_482' title='bbox 2913 3173 2967 3220; x_wconf 90' lang='lat' dir='ltr'><strong>et</strong></span> <span class='ocrx_word' id='word_1_483' title='bbox 2995 3165 3141 3219; x_wconf 91' lang='lat' dir='ltr'><strong>inter</strong></span> <span class='ocrx_word' id='word_1_484' title='bbox 3175 3166 3408 3236; x_wconf 88' lang='lat' dir='ltr'><strong>loquen-</strong></span> 
     </span>
    </p>
   </div>
   <div class='ocr_carea' id='block_1_64' title="bbox 159 3251 1727 3326">
    <p class='ocr_par' dir='ltr' id='par_1_64' title="bbox 159 3251 1727 3326">
     <span class='ocr_line' id='line_1_64' title="bbox 159 3251 1727 3326; baseline 0.016 -27"><span class='ocrx_word' id='word_1_485' title='bbox 159 3265 256 3326; x_wconf 58' lang='lat' dir='ltr'><strong>_*.tov</strong></span> <span class='ocrx_word' id='word_1_486' title='bbox 284 3251 480 3316; x_wconf 79' lang='grc' dir='ltr'><strong>αὐτῶν,</strong></span> <span class='ocrx_word' id='word_1_487' title='bbox 521 3251 676 3321; x_wconf 80' lang='grc' dir='ltr'><strong>ἔλεγε</strong></span> <span class='ocrx_word' id='word_1_488' title='bbox 709 3253 787 3323; x_wconf 84' lang='grc' dir='ltr'><strong>τῷ</strong></span> <span class='ocrx_word' id='word_1_489' title='bbox 836 3253 980 3326; x_wconf 77' lang='grc' dir='ltr'><strong>ἀὸὃᾷ</strong></span> <span class='ocrx_word' id='word_1_490' title='bbox 1017 3255 1210 3326; x_wconf 56' lang='lat' dir='ltr'><strong>Sit-5611’</strong></span> <span class='ocrx_word' id='word_1_491' title='bbox 1247 3255 1404 3324; x_wconf 79' lang='grc' dir='ltr'><strong>Ἀρτι</strong></span> <span class='ocrx_word' id='word_1_492' title='bbox 1435 3254 1533 3307; x_wconf 68' lang='grc' dir='ltr'>οὐκ</span> <span class='ocrx_word' id='word_1_493' title='bbox 1561 3253 1727 3322; x_wconf 60' lang='grc' dir='ltr'><strong>ἔφθα-</strong></span> 
     </span>
    </p>
   </div>
   <div class='ocr_carea' id='block_1_65' title="bbox 165 3343 1729 3414">
    <p class='ocr_par' dir='ltr' id='par_1_65' title="bbox 165 3343 1729 3414">
     <span class='ocr_line' id='line_1_65' title="bbox 165 3343 1729 3414; baseline 0.002 -21"><span class='ocrx_word' id='word_1_494' title='bbox 165 3354 248 3404; x_wconf 78' lang='grc' dir='ltr'><strong>σας</strong></span> <span class='ocrx_word' id='word_1_495' title='bbox 271 3343 347 3405; x_wconf 71' lang='grc' dir='ltr'><strong>εἰς</strong></span> <span class='ocrx_word' id='word_1_496' title='bbox 373 3343 442 3395; x_wconf 74' lang='grc' dir='ltr'><strong>τὰ</strong></span> <span class='ocrx_word' id='word_1_497' title='bbox 475 3343 652 3414; x_wconf 80' lang='grc' dir='ltr'><strong>μέτρα</strong></span> <span class='ocrx_word' id='word_1_498' title='bbox 683 3343 776 3396; x_wconf 82' lang='grc' dir='ltr'><strong>τοῦ</strong></span> <span class='ocrx_word' id='word_1_499' title='bbox 807 3344 950 3398; x_wconf 76' lang='grc' dir='ltr'><strong>ἀϐὅᾶ</strong></span> <span class='ocrx_word' id='word_1_500' title='bbox 997 3344 1300 3407; x_wconf 71' lang='grc' dir='ltr'><strong>Ἀντωνίου,</strong></span> <span class='ocrx_word' id='word_1_501' title='bbox 1339 3345 1558 3414; x_wconf 77' lang='grc' dir='ltr'><strong>Πάτερ;</strong></span> <span class='ocrx_word' id='word_1_502' title='bbox 1621 3345 1729 3396; x_wconf 76' lang='grc' dir='ltr'><strong>Καὶ</strong></span> 
     </span>
    </p>
   </div>
   <div class='ocr_carea' id='block_1_66' title="bbox 163 3427 1728 3504">
    <p class='ocr_par' dir='ltr' id='par_1_66' title="bbox 163 3427 1728 3504">
     <span class='ocr_line' id='line_1_66' title="bbox 163 3427 1728 3504; baseline 0.003 -22"><span class='ocrx_word' id='word_1_503' title='bbox 163 3427 289 3496; x_wconf 79' lang='grc' dir='ltr'><strong>λέγει</strong></span> <span class='ocrx_word' id='word_1_504' title='bbox 315 3433 462 3504; x_wconf 77' lang='grc' dir='ltr'><strong>αὐτῷ</strong></span> <span class='ocrx_word' id='word_1_505' title='bbox 485 3436 516 3488; x_wconf 88' lang='lat'><strong>6</strong></span> <span class='ocrx_word' id='word_1_506' title='bbox 547 3435 726 3504; x_wconf 79' lang='grc' dir='ltr'><strong>γέρων</strong></span> <span class='ocrx_word' id='word_1_507' title='bbox 748 3449 762 3462; x_wconf 91' lang='grc'><strong>·</strong></span> <span class='ocrx_word' id='word_1_508' title='bbox 805 3435 867 3487; x_wconf 83' lang='lat' dir='ltr'><strong>Ei</strong></span> <span class='ocrx_word' id='word_1_509' title='bbox 895 3431 1038 3504; x_wconf 77' lang='grc' dir='ltr'><strong>εἶχον</strong></span> <span class='ocrx_word' id='word_1_510' title='bbox 1076 3435 1173 3488; x_wconf 73' lang='grc' dir='ltr'><strong>ἕνα</strong></span> <span class='ocrx_word' id='word_1_511' title='bbox 1197 3433 1306 3486; x_wconf 83' lang='grc' dir='ltr'><strong>τῶν</strong></span> <span class='ocrx_word' id='word_1_512' title='bbox 1336 3432 1612 3502; x_wconf 72' lang='grc' dir='ltr'><strong>λογισμῶν</strong></span> <span class='ocrx_word' id='word_1_513' title='bbox 1635 3433 1728 3486; x_wconf 74' lang='grc' dir='ltr'><strong>τοῦ</strong></span> 
     </span>
    </p>
   </div>
   <div class='ocr_carea' id='block_1_67' title="bbox 162 3519 1730 3599">
    <p class='ocr_par' dir='ltr' id='par_1_67' title="bbox 162 3519 1730 3599">
     <span class='ocr_line' id='line_1_67' title="bbox 162 3519 1730 3599; baseline 0.003 -26"><span class='ocrx_word' id='word_1_514' title='bbox 162 3521 287 3576; x_wconf 70' lang='grc' dir='ltr'><strong>ἀδεᾶ</strong></span> <span class='ocrx_word' id='word_1_515' title='bbox 337 3525 656 3586; x_wconf 79' lang='grc' dir='ltr'><strong>Ἀντωνίου,</strong></span> <span class='ocrx_word' id='word_1_516' title='bbox 689 3527 950 3599; x_wconf 80' lang='grc' dir='ltr'><strong>ἐγινόμην</strong></span> <span class='ocrx_word' id='word_1_517' title='bbox 993 3527 1113 3589; x_wconf 77' lang='grc' dir='ltr'><strong>ὅλος</strong></span> <span class='ocrx_word' id='word_1_518' title='bbox 1144 3528 1220 3589; x_wconf 87' lang='grc' dir='ltr'><strong>ὼς</strong></span> <span class='ocrx_word' id='word_1_519' title='bbox 1261 3526 1400 3598; x_wconf 76' lang='grc' dir='ltr'><strong>πῢρ’</strong></span> <span class='ocrx_word' id='word_1_520' title='bbox 1446 3525 1584 3595; x_wconf 76' lang='grc' dir='ltr'><strong>πλὴν</strong></span> <span class='ocrx_word' id='word_1_521' title='bbox 1613 3519 1730 3578; x_wconf 77' lang='grc' dir='ltr'><strong>οἶδα.</strong></span> 
     </span>
    </p>
   </div>
   <div class='ocr_carea' id='block_1_68' title="bbox 162 3612 1728 3690">
    <p class='ocr_par' dir='ltr' id='par_1_68' title="bbox 162 3612 1728 3690">
     <span class='ocr_line' id='line_1_68' title="bbox 162 3612 1728 3690; baseline 0.003 -25"><span class='ocrx_word' id='word_1_522' title='bbox 162 3612 445 3685; x_wconf 77' lang='grc' dir='ltr'><strong>ἄνθρωπον,</strong></span> <span class='ocrx_word' id='word_1_523' title='bbox 471 3619 558 3670; x_wconf 83' lang='grc' dir='ltr'><strong>ὅτι</strong></span> <span class='ocrx_word' id='word_1_524' title='bbox 609 3617 747 3687; x_wconf 86' lang='grc' dir='ltr'><strong>μετὰ</strong></span> <span class='ocrx_word' id='word_1_525' title='bbox 791 3619 1038 3690; x_wconf 76' lang='grc' dir='ltr'><strong>καμάτου</strong></span> <span class='ocrx_word' id='word_1_526' title='bbox 1081 3617 1304 3672; x_wconf 81' lang='grc' dir='ltr'><strong>δύναται</strong></span> <span class='ocrx_word' id='word_1_527' title='bbox 1341 3617 1607 3688; x_wconf 76' lang='grc' dir='ltr'><strong>βαστάσαι</strong></span> <span class='ocrx_word' id='word_1_528' title='bbox 1638 3615 1728 3670; x_wconf 73' lang='grc' dir='ltr'><strong>τὸν</strong></span> 
     </span>
    </p>
   </div>
   <div class='ocr_carea' id='block_1_69' title="bbox 161 3698 613 3774">
    <p class='ocr_par' dir='ltr' id='par_1_69' title="bbox 161 3698 613 3774">
     <span class='ocr_line' id='line_1_69' title="bbox 161 3698 613 3774; baseline 0.015 -22"><span class='ocrx_word' id='word_1_529' title='bbox 161 3698 398 3774; x_wconf 68' lang='grc' dir='ltr'><strong>λογισμὸν</strong></span> <span class='ocrx_word' id='word_1_530' title='bbox 423 3705 613 3759; x_wconf 72' lang='grc' dir='ltr'><strong>αὐτοῦ.</strong></span> 
     </span>
    </p>
   </div>
   <div class='ocr_carea' id='block_1_70' title="bbox 221 3796 1728 3872">
    <p class='ocr_par' dir='ltr' id='par_1_70' title="bbox 221 3796 1728 3872">
     <span class='ocr_line' id='line_1_70' title="bbox 221 3796 1728 3872; baseline 0.004 -24"><span class='ocrx_word' id='word_1_531' title='bbox 221 3797 266 3849; x_wconf 87' lang='grc' dir='ltr'><strong>ι’.</strong></span> <span class='ocrx_word' id='word_1_532' title='bbox 289 3796 460 3852; x_wconf 77' lang='grc' dir='ltr'><strong>Ἧὶθὲ</strong></span> <span class='ocrx_word' id='word_1_533' title='bbox 490 3801 624 3854; x_wconf 80' lang='grc' dir='ltr'><strong>ποτέ</strong></span> <span class='ocrx_word' id='word_1_534' title='bbox 649 3818 734 3864; x_wconf 86' lang='grc' dir='ltr'><strong>τις</strong></span> <span class='ocrx_word' id='word_1_535' title='bbox 753 3801 861 3855; x_wconf 81' lang='grc' dir='ltr'><strong>τῶν</strong></span> <span class='ocrx_word' id='word_1_536' title='bbox 883 3801 1135 3871; x_wconf 81' lang='grc' dir='ltr'><strong>Θηϐαίων</strong></span> <span class='ocrx_word' id='word_1_537' title='bbox 1164 3802 1297 3872; x_wconf 81' lang='grc' dir='ltr'><strong>πρὸς</strong></span> <span class='ocrx_word' id='word_1_538' title='bbox 1327 3801 1420 3854; x_wconf 74' lang='grc' dir='ltr'><strong>τὸν</strong></span> <span class='ocrx_word' id='word_1_539' title='bbox 1445 3801 1618 3855; x_wconf 78' lang='grc' dir='ltr'><strong>ἁϐϐἇν</strong></span> <span class='ocrx_word' id='word_1_540' title='bbox 1637 3801 1728 3854; x_wconf 90' lang='grc' dir='ltr'><strong>Σι-</strong></span> 
     </span>
    </p>
   </div>
   <div class='ocr_carea' id='block_1_71' title="bbox 163 3881 1729 3964">
    <p class='ocr_par' dir='ltr' id='par_1_71' title="bbox 163 3881 1729 3964">
     <span class='ocr_line' id='line_1_71' title="bbox 163 3881 1729 3964; baseline 0.005 -28"><span class='ocrx_word' id='word_1_541' title='bbox 163 3881 274 3956; x_wconf 69' lang='grc' dir='ltr'><strong>σύην</strong></span> <span class='ocrx_word' id='word_1_542' title='bbox 293 3887 334 3948; x_wconf 77' lang='grc'><strong>⁷,</strong></span> <span class='ocrx_word' id='word_1_543' title='bbox 366 3888 542 3942; x_wconf 79' lang='grc' dir='ltr'><strong>θέλων</strong></span> <span class='ocrx_word' id='word_1_544' title='bbox 589 3889 839 3958; x_wconf 77' lang='grc' dir='ltr'><strong>γενέσθαι</strong></span> <span class='ocrx_word' id='word_1_545' title='bbox 876 3891 1120 3960; x_wconf 79' lang='grc' dir='ltr'><strong>μοναχός.</strong></span> <span class='ocrx_word' id='word_1_546' title='bbox 1180 3893 1288 3946; x_wconf 78' lang='grc' dir='ltr'><strong>Καὶ</strong></span> <span class='ocrx_word' id='word_1_547' title='bbox 1317 3892 1598 3964; x_wconf 76' lang='grc' dir='ltr'><strong>ἠρώτησεν</strong></span> <span class='ocrx_word' id='word_1_548' title='bbox 1628 3893 1729 3946; x_wconf 86' lang='grc' dir='ltr'><strong>αὑ-</strong></span> 
     </span>
    </p>
   </div>
   <div class='ocr_carea' id='block_1_72' title="bbox 157 3975 1725 4055">
    <p class='ocr_par' dir='ltr' id='par_1_72' title="bbox 157 3975 1725 4055">
     <span class='ocr_line' id='line_1_72' title="bbox 157 3975 1725 4055; baseline 0.007 -29"><span class='ocrx_word' id='word_1_549' title='bbox 157 3975 236 4028; x_wconf 69' lang='grc' dir='ltr'><strong>τὸν</strong></span> <span class='ocrx_word' id='word_1_550' title='bbox 265 3979 292 4030; x_wconf 88' lang='lat'><strong>6</strong></span> <span class='ocrx_word' id='word_1_551' title='bbox 325 3982 530 4051; x_wconf 81' lang='grc' dir='ltr'><strong>γέρων.</strong></span> <span class='ocrx_word' id='word_1_552' title='bbox 565 3984 614 4034; x_wconf 81' lang='grc' dir='ltr'><strong>ει</strong></span> <span class='ocrx_word' id='word_1_553' title='bbox 644 3983 755 4051; x_wconf 79' lang='grc' dir='ltr'><strong>ἔχει</strong></span> <span class='ocrx_word' id='word_1_554' title='bbox 787 3983 949 4035; x_wconf 72' lang='grc' dir='ltr'><strong>τινὰ·</strong></span> <span class='ocrx_word' id='word_1_555' title='bbox 979 3985 1036 4036; x_wconf 74' lang='grc' dir='ltr'><strong>ἐν</strong></span> <span class='ocrx_word' id='word_1_556' title='bbox 1069 3983 1148 4054; x_wconf 81' lang='grc' dir='ltr'><strong>τῷ</strong></span> <span class='ocrx_word' id='word_1_557' title='bbox 1179 3985 1389 4054; x_wconf 82' lang='grc' dir='ltr'><strong>κόσμῳ.</strong></span> <span class='ocrx_word' id='word_1_558' title='bbox 1423 3985 1481 4038; x_wconf 87' lang='grc' dir='ltr'><strong>Ὀ</strong></span> <span class='ocrx_word' id='word_1_559' title='bbox 1508 3985 1562 4038; x_wconf 82' lang='grc' dir='ltr'><strong>δὲ</strong></span> <span class='ocrx_word' id='word_1_560' title='bbox 1590 3984 1725 4055; x_wconf 74' lang='grc' dir='ltr'><strong>ἔφη·</strong></span> 
     </span>
    </p>
   </div>
   <div class='ocr_carea' id='block_1_73' title="bbox 161 4069 1726 4148">
    <p class='ocr_par' dir='ltr' id='par_1_73' title="bbox 161 4069 1726 4148">
     <span class='ocr_line' id='line_1_73' title="bbox 161 4069 1726 4148; baseline 0.006 -29"><span class='ocrx_word' id='word_1_561' title='bbox 161 4069 293 4138; x_wconf 77' lang='grc' dir='ltr'><strong>Ἔχω</strong></span> <span class='ocrx_word' id='word_1_562' title='bbox 317 4072 412 4126; x_wconf 77' lang='grc' dir='ltr'><strong>ἕνα</strong></span> <span class='ocrx_word' id='word_1_563' title='bbox 442 4073 583 4126; x_wconf 69' lang='grc' dir='ltr'><strong>υἱόν.</strong></span> <span class='ocrx_word' id='word_1_564' title='bbox 639 4075 749 4126; x_wconf 76' lang='grc' dir='ltr'><strong>Καὶ</strong></span> <span class='ocrx_word' id='word_1_565' title='bbox 794 4073 944 4142; x_wconf 73' lang='grc' dir='ltr'><strong>λέγει</strong></span> <span class='ocrx_word' id='word_1_566' title='bbox 981 4073 1132 4146; x_wconf 80' lang='grc' dir='ltr'><strong>αὐτῷ</strong></span> <span class='ocrx_word' id='word_1_567' title='bbox 1183 4077 1211 4128; x_wconf 88' lang='grc' dir='ltr'><strong>ὀ</strong></span> <span class='ocrx_word' id='word_1_568' title='bbox 1234 4078 1412 4148; x_wconf 86' lang='grc' dir='ltr'><strong>γέρων</strong></span> <span class='ocrx_word' id='word_1_569' title='bbox 1434 4094 1448 4106; x_wconf 86' lang='grc'>·</span> <span class='ocrx_word' id='word_1_570' title='bbox 1486 4077 1726 4142; x_wconf 84' lang='grc' dir='ltr'><strong>”’Υπαγε,</strong></span> 
     </span>
    </p>
   </div>
   <div class='ocr_carea' id='block_1_74' title="bbox 157 4161 1726 4239">
    <p class='ocr_par' dir='ltr' id='par_1_74' title="bbox 157 4161 1726 4239">
     <span class='ocr_line' id='line_1_74' title="bbox 157 4161 1726 4239; baseline 0.012 -27"><span class='ocrx_word' id='word_1_571' title='bbox 157 4161 292 4229; x_wconf 53' lang='lat' dir='ltr'><strong>{ialm</strong></span> <span class='ocrx_word' id='word_1_572' title='bbox 319 4165 485 4218; x_wconf 77' lang='grc' dir='ltr'><strong>αὐτὸν</strong></span> <span class='ocrx_word' id='word_1_573' title='bbox 525 4166 606 4228; x_wconf 76' lang='grc' dir='ltr'><strong>εἰς</strong></span> <span class='ocrx_word' id='word_1_574' title='bbox 629 4165 720 4218; x_wconf 72' lang='grc' dir='ltr'><strong>τὸν</strong></span> <span class='ocrx_word' id='word_1_575' title='bbox 751 4165 1014 4235; x_wconf 84' lang='grc' dir='ltr'><strong>ποταμὸν,</strong></span> <span class='ocrx_word' id='word_1_576' title='bbox 1044 4169 1139 4221; x_wconf 72' lang='grc' dir='ltr'><strong>καὶ</strong></span> <span class='ocrx_word' id='word_1_577' title='bbox 1167 4168 1286 4220; x_wconf 75' lang='grc' dir='ltr'><strong>τότε</strong></span> <span class='ocrx_word' id='word_1_578' title='bbox 1316 4167 1442 4239; x_wconf 77' lang='grc' dir='ltr'><strong>γίνῃ</strong></span> <span class='ocrx_word' id='word_1_579' title='bbox 1474 4168 1726 4238; x_wconf 78' lang='grc' dir='ltr'><strong>μοναχός-</strong></span> 
     </span>
    </p>
   </div>
   <div class='ocr_carea' id='block_1_75' title="bbox 166 4249 1731 4330">
    <p class='ocr_par' dir='ltr' id='par_1_75' title="bbox 166 4249 1731 4330">
     <span class='ocr_line' id='line_1_75' title="bbox 166 4249 1731 4330; baseline 0.004 -25"><span class='ocrx_word' id='word_1_580' title='bbox 166 4249 242 4314; x_wconf 80' lang='grc' dir='ltr'><strong>Ὠς</strong></span> <span class='ocrx_word' id='word_1_581' title='bbox 271 4250 358 4307; x_wconf 75' lang='grc' dir='ltr'><strong>οὖν</strong></span> <span class='ocrx_word' id='word_1_582' title='bbox 379 4256 600 4330; x_wconf 78' lang='grc' dir='ltr'><strong>ἀπῆλθε</strong></span> <span class='ocrx_word' id='word_1_583' title='bbox 627 4257 647 4288; x_wconf 84' lang='grc'><strong><em>⁹</em></strong></span> <span class='ocrx_word' id='word_1_584' title='bbox 685 4256 836 4328; x_wconf 69' lang='grc' dir='ltr'><strong>ῥίψαι</strong></span> <span class='ocrx_word' id='word_1_585' title='bbox 859 4258 1043 4322; x_wconf 78' lang='grc' dir='ltr'><strong>αὑτὸν,</strong></span> <span class='ocrx_word' id='word_1_586' title='bbox 1068 4259 1308 4328; x_wconf 71' lang='grc' dir='ltr'><strong>ἔπεμψεν</strong></span> <span class='ocrx_word' id='word_1_587' title='bbox 1328 4261 1356 4312; x_wconf 90' lang='lat'><strong>6</strong></span> <span class='ocrx_word' id='word_1_588' title='bbox 1374 4260 1551 4328; x_wconf 78' lang='grc' dir='ltr'><strong>γέρων</strong></span> <span class='ocrx_word' id='word_1_589' title='bbox 1580 4259 1731 4312; x_wconf 80' lang='grc' dir='ltr'><strong>ἁδελ-</strong></span> 
     </span>
    </p>
   </div>
   <div class='ocr_carea' id='block_1_76' title="bbox 155 4342 1729 4418">
    <p class='ocr_par' dir='ltr' id='par_1_76' title="bbox 155 4342 1729 4418">
     <span class='ocr_line' id='line_1_76' title="bbox 155 4342 1729 4418; baseline 0.004 -24"><span class='ocrx_word' id='word_1_590' title='bbox 155 4342 240 4408; x_wconf 73' lang='grc' dir='ltr'><strong>φὺν</strong></span> <span class='ocrx_word' id='word_1_591' title='bbox 259 4347 347 4398; x_wconf 77' lang='grc' dir='ltr'><strong>τοῦ</strong></span> <span class='ocrx_word' id='word_1_592' title='bbox 373 4346 624 4400; x_wconf 78' lang='grc' dir='ltr'><strong>κωλῦσαι</strong></span> <span class='ocrx_word' id='word_1_593' title='bbox 650 4349 810 4400; x_wconf 74' lang='grc' dir='ltr'><strong>αὐτόν</strong></span> <span class='ocrx_word' id='word_1_594' title='bbox 830 4349 892 4402; x_wconf 79' lang='grc'><strong>⁸⁸.</strong></span> <span class='ocrx_word' id='word_1_595' title='bbox 916 4348 1080 4417; x_wconf 83' lang='grc' dir='ltr'><strong>Λέγει</strong></span> <span class='ocrx_word' id='word_1_596' title='bbox 1101 4351 1128 4402; x_wconf 92' lang='lat'><strong>6</strong></span> <span class='ocrx_word' id='word_1_597' title='bbox 1151 4349 1402 4418; x_wconf 75' lang='grc' dir='ltr'><strong>ἁδελφός·</strong></span> <span class='ocrx_word' id='word_1_598' title='bbox 1427 4351 1659 4410; x_wconf 83' lang='grc' dir='ltr'><strong>Παῦσαι,</strong></span> <span class='ocrx_word' id='word_1_599' title='bbox 1677 4349 1729 4401; x_wconf 82' lang='grc' dir='ltr'><strong>τι</strong></span> 
     </span>
    </p>
   </div>
   <div class='ocr_carea' id='block_1_77' title="bbox 155 4434 1727 4512">
    <p class='ocr_par' dir='ltr' id='par_1_77' title="bbox 155 4434 1727 4512">
     <span class='ocr_line' id='line_1_77' title="bbox 155 4434 1727 4512; baseline 0.004 -26"><span class='ocrx_word' id='word_1_600' title='bbox 155 4439 334 4501; x_wconf 71' lang='grc' dir='ltr'><strong>ποιεῖς-ς</strong></span> <span class='ocrx_word' id='word_1_601' title='bbox 375 4439 433 4492; x_wconf 87' lang='grc' dir='ltr'><strong>Ὀ</strong></span> <span class='ocrx_word' id='word_1_602' title='bbox 462 4439 524 4490; x_wconf 78' lang='grc' dir='ltr'><strong>δὲ</strong></span> <span class='ocrx_word' id='word_1_603' title='bbox 556 4434 742 4491; x_wconf 80' lang='grc' dir='ltr'><strong>εἶπεν·</strong></span> <span class='ocrx_word' id='word_1_604' title='bbox 783 4440 840 4491; x_wconf 90' lang='lat'><strong>&#39;0</strong></span> <span class='ocrx_word' id='word_1_605' title='bbox 875 4439 1050 4502; x_wconf 73' lang='grc' dir='ltr'><strong>ὰϐϐἄς</strong></span> <span class='ocrx_word' id='word_1_606' title='bbox 1087 4457 1177 4510; x_wconf 89' lang='grc' dir='ltr'><strong>μοι</strong></span> <span class='ocrx_word' id='word_1_607' title='bbox 1205 4435 1324 4493; x_wconf 73' lang='grc' dir='ltr'><strong>εἷπε</strong></span> <span class='ocrx_word' id='word_1_608' title='bbox 1357 4439 1510 4512; x_wconf 69' lang='grc' dir='ltr'><strong>ῥίψαι</strong></span> <span class='ocrx_word' id='word_1_609' title='bbox 1543 4439 1727 4493; x_wconf 76' lang='grc' dir='ltr'><strong>αὐτόν.</strong></span> 
     </span>
    </p>
   </div>
   <div class='ocr_carea' id='block_1_78' title="bbox 211 4613 1259 4686">
    <p class='ocr_par' dir='ltr' id='par_1_78' title="bbox 211 4613 1259 4686">
     <span class='ocr_line' id='line_1_78' title="bbox 211 4613 1259 4686; baseline -0.008 0"><span class='ocrx_word' id='word_1_610' title='bbox 211 4615 474 4686; x_wconf 23' lang='grc' dir='ltr'><strong>ῨΑΑΙηίιις.</strong></span> <span class='ocrx_word' id='word_1_611' title='bbox 539 4613 658 4668; x_wconf 69' lang='grc' dir='ltr'><strong>τοῦ.</strong></span> <span class='ocrx_word' id='word_1_612' title='bbox 735 4616 756 4646; x_wconf 80' lang='grc'>⁵</span> <span class='ocrx_word' id='word_1_613' title='bbox 786 4616 868 4670; x_wconf 80' lang='lat' dir='ltr'><strong>Al.</strong></span> <span class='ocrx_word' id='word_1_614' title='bbox 908 4615 1034 4669; x_wconf 79' lang='lat' dir='ltr'><strong>add.</strong></span> <span class='ocrx_word' id='word_1_615' title='bbox 1081 4615 1259 4686; x_wconf 65' lang='grc' dir='ltr'><strong>μόνος.</strong></span> 
     </span>
    </p>
   </div>
   <div class='ocr_carea' id='block_1_79' title="bbox 1832 3251 3401 3325">
    <p class='ocr_par' dir='ltr' id='par_1_79' title="bbox 1832 3251 3401 3325">
     <span class='ocr_line' id='line_1_79' title="bbox 1832 3251 3401 3325; baseline 0.001 -19"><span class='ocrx_word' id='word_1_616' title='bbox 1832 3253 1961 3307; x_wconf 89' lang='lat' dir='ltr'><strong>dum</strong></span> <span class='ocrx_word' id='word_1_617' title='bbox 1999 3253 2138 3308; x_wconf 76' lang='lat' dir='ltr'><strong>dixit</strong></span> <span class='ocrx_word' id='word_1_618' title='bbox 2171 3273 2184 3309; x_wconf 91' lang='lat'>:</span> <span class='ocrx_word' id='word_1_619' title='bbox 2215 3251 2542 3308; x_wconf 89' lang='lat' dir='ltr'><strong>Nondumne</strong></span> <span class='ocrx_word' id='word_1_620' title='bbox 2575 3255 2895 3325; x_wconf 75' lang='lat' dir='ltr'><strong>pervenisti,</strong></span> <span class='ocrx_word' id='word_1_621' title='bbox 2928 3253 3110 3319; x_wconf 88' lang='lat' dir='ltr'><strong>Pater,</strong></span> <span class='ocrx_word' id='word_1_622' title='bbox 3148 3256 3216 3310; x_wconf 87' lang='lat' dir='ltr'><strong>ad</strong></span> <span class='ocrx_word' id='word_1_623' title='bbox 3244 3272 3401 3310; x_wconf 89' lang='lat' dir='ltr'><strong>men-</strong></span> 
     </span>
    </p>
   </div>
   <div class='ocr_carea' id='block_1_80' title="bbox 1833 3347 3408 3404">
    <p class='ocr_par' dir='ltr' id='par_1_80' title="bbox 1833 3347 3408 3404">
     <span class='ocr_line' id='line_1_80' title="bbox 1833 3347 3408 3404; baseline 0.001 -4"><span class='ocrx_word' id='word_1_624' title='bbox 1833 3359 2018 3400; x_wconf 87' lang='lat' dir='ltr'><strong>suram</strong></span> <span class='ocrx_word' id='word_1_625' title='bbox 2049 3347 2262 3401; x_wconf 86' lang='lat' dir='ltr'><strong>abbatis</strong></span> <span class='ocrx_word' id='word_1_626' title='bbox 2285 3347 2549 3402; x_wconf 84' lang='lat' dir='ltr'><strong>Antonii?</strong></span> <span class='ocrx_word' id='word_1_627' title='bbox 2574 3348 2664 3400; x_wconf 90' lang='lat' dir='ltr'><strong>Ait</strong></span> <span class='ocrx_word' id='word_1_628' title='bbox 2693 3348 2768 3402; x_wconf 87' lang='lat' dir='ltr'><strong>illi</strong></span> <span class='ocrx_word' id='word_1_629' title='bbox 2803 3365 2966 3404; x_wconf 81' lang='lat' dir='ltr'><strong>senex</strong></span> <span class='ocrx_word' id='word_1_630' title='bbox 3001 3368 3014 3404; x_wconf 92' lang='lat'><strong>:</strong></span> <span class='ocrx_word' id='word_1_631' title='bbox 3049 3348 3106 3402; x_wconf 91' lang='lat' dir='ltr'><strong>Si</strong></span> <span class='ocrx_word' id='word_1_632' title='bbox 3129 3349 3211 3402; x_wconf 84' lang='lat' dir='ltr'><strong>vel</strong></span> <span class='ocrx_word' id='word_1_633' title='bbox 3244 3365 3408 3403; x_wconf 90' lang='lat' dir='ltr'><strong>unam</strong></span> 
     </span>
    </p>
   </div>
   <div class='ocr_carea' id='block_1_81' title="bbox 1832 3435 3406 3504">
    <p class='ocr_par' dir='ltr' id='par_1_81' title="bbox 1832 3435 3406 3504">
     <span class='ocr_line' id='line_1_81' title="bbox 1832 3435 3406 3504; baseline 0.004 -16"><span class='ocrx_word' id='word_1_634' title='bbox 1832 3435 2216 3504; x_wconf 77' lang='lat' dir='ltr'><strong>cogitationem</strong></span> <span class='ocrx_word' id='word_1_635' title='bbox 2263 3437 2479 3494; x_wconf 86' lang='lat' dir='ltr'><strong>abbatis</strong></span> <span class='ocrx_word' id='word_1_636' title='bbox 2513 3439 2736 3493; x_wconf 87' lang='lat' dir='ltr'><strong>Antonii</strong></span> <span class='ocrx_word' id='word_1_637' title='bbox 2777 3439 3056 3504; x_wconf 86' lang='lat' dir='ltr'><strong>haberem,</strong></span> <span class='ocrx_word' id='word_1_638' title='bbox 3092 3447 3240 3496; x_wconf 90' lang='lat' dir='ltr'><strong>totus</strong></span> <span class='ocrx_word' id='word_1_639' title='bbox 3276 3455 3406 3494; x_wconf 82' lang='lat' dir='ltr'><strong>eva-</strong></span> 
     </span>
    </p>
   </div>
   <div class='ocr_carea' id='block_1_82' title="bbox 1829 3527 3403 3600">
    <p class='ocr_par' dir='ltr' id='par_1_82' title="bbox 1829 3527 3403 3600">
     <span class='ocr_line' id='line_1_82' title="bbox 1829 3527 3403 3600; baseline 0.002 -19"><span class='ocrx_word' id='word_1_640' title='bbox 1829 3527 2016 3583; x_wconf 87' lang='lat' dir='ltr'><strong>derem</strong></span> <span class='ocrx_word' id='word_1_641' title='bbox 2068 3528 2242 3584; x_wconf 87' lang='lat' dir='ltr'><strong>instar</strong></span> <span class='ocrx_word' id='word_1_642' title='bbox 2291 3529 2472 3600; x_wconf 80' lang='lat' dir='ltr'><strong>ignis:</strong></span> <span class='ocrx_word' id='word_1_643' title='bbox 2507 3539 2880 3586; x_wconf 82' lang='lat' dir='ltr'><strong>verumtamen</strong></span> <span class='ocrx_word' id='word_1_644' title='bbox 2929 3532 3058 3584; x_wconf 90' lang='lat' dir='ltr'><strong>novi</strong></span> <span class='ocrx_word' id='word_1_645' title='bbox 3109 3531 3403 3596; x_wconf 80' lang='lat' dir='ltr'><strong>hominem,</strong></span> 
     </span>
    </p>
   </div>
   <div class='ocr_carea' id='block_1_83' title="bbox 1832 3603 3402 3695">
    <p class='ocr_par' dir='ltr' id='par_1_83' title="bbox 1832 3603 3402 3695">
     <span class='ocr_line' id='line_1_83' title="bbox 1832 3603 3402 3695; baseline 0.001 -21"><span class='ocrx_word' id='word_1_646' title='bbox 1832 3603 1932 3690; x_wconf 88' lang='lat' dir='ltr'><strong>qui</strong></span> <span class='ocrx_word' id='word_1_647' title='bbox 1945 3621 2071 3676; x_wconf 93' lang='lat' dir='ltr'><strong>licet</strong></span> <span class='ocrx_word' id='word_1_648' title='bbox 2091 3605 2218 3676; x_wconf 22' lang='lat' dir='ltr'><strong>cum”</strong></span> <span class='ocrx_word' id='word_1_649' title='bbox 2233 3622 2440 3690; x_wconf 83' lang='lat' dir='ltr'><strong>labore,</strong></span> <span class='ocrx_word' id='word_1_650' title='bbox 2457 3631 2635 3693; x_wconf 88' lang='lat' dir='ltr'><strong>potest</strong></span> <span class='ocrx_word' id='word_1_651' title='bbox 2653 3622 2794 3678; x_wconf 86' lang='lat' dir='ltr'><strong>ferre</strong></span> <span class='ocrx_word' id='word_1_652' title='bbox 2810 3623 3196 3695; x_wconf 79' lang='lat' dir='ltr'><strong>cogitationem</strong></span> <span class='ocrx_word' id='word_1_653' title='bbox 3221 3639 3402 3680; x_wconf 87' lang='lat' dir='ltr'><strong>suam.</strong></span> 
     </span>
    </p>
   </div>
   <div class='ocr_carea' id='block_1_84' title="bbox 1901 3795 3408 3869">
    <p class='ocr_par' dir='ltr' id='par_1_84' title="bbox 1901 3795 3408 3869">
     <span class='ocr_line' id='line_1_84' title="bbox 1901 3795 3408 3869; baseline 0.003 -21"><span class='ocrx_word' id='word_1_654' title='bbox 1901 3795 1990 3852; x_wconf 76' lang='grc'><strong>10.</strong></span> <span class='ocrx_word' id='word_1_655' title='bbox 2033 3795 2144 3868; x_wconf 68' lang='grc'>(40)</span> <span class='ocrx_word' id='word_1_656' title='bbox 2177 3797 2336 3852; x_wconf 79' lang='lat' dir='ltr'><strong>Venit</strong></span> <span class='ocrx_word' id='word_1_657' title='bbox 2374 3799 2669 3869; x_wconf 82' lang='lat' dir='ltr'><strong>aliquando</strong></span> <span class='ocrx_word' id='word_1_658' title='bbox 2703 3797 3304 3868; x_wconf 65' lang='lat' dir='ltr'><strong>Thebaaorumquidam</strong></span> <span class='ocrx_word' id='word_1_659' title='bbox 3337 3798 3408 3852; x_wconf 88' lang='lat' dir='ltr'><strong>ad</strong></span> 
     </span>
    </p>
   </div>
   <div class='ocr_carea' id='block_1_85' title="bbox 1832 3887 3404 3958">
    <p class='ocr_par' dir='ltr' id='par_1_85' title="bbox 1832 3887 3404 3958">
     <span class='ocr_line' id='line_1_85' title="bbox 1832 3887 3404 3958; baseline 0.001 -17"><span class='ocrx_word' id='word_1_660' title='bbox 1832 3888 2084 3944; x_wconf 89' lang='lat' dir='ltr'><strong>abbatem</strong></span> <span class='ocrx_word' id='word_1_661' title='bbox 2131 3888 2363 3956; x_wconf 82' lang='lat' dir='ltr'><strong>Sisoem,</strong></span> <span class='ocrx_word' id='word_1_662' title='bbox 2408 3891 2732 3945; x_wconf 87' lang='lat' dir='ltr'><strong>desiderans</strong></span> <span class='ocrx_word' id='word_1_663' title='bbox 2771 3889 3102 3944; x_wconf 89' lang='lat' dir='ltr'><strong>monachum</strong></span> <span class='ocrx_word' id='word_1_664' title='bbox 3134 3887 3404 3958; x_wconf 83' lang='lat' dir='ltr'><strong>profiteri.</strong></span> 
     </span>
    </p>
   </div>
   <div class='ocr_carea' id='block_1_86' title="bbox 1831 3978 3408 4054">
    <p class='ocr_par' dir='ltr' id='par_1_86' title="bbox 1831 3978 3408 4054">
     <span class='ocr_line' id='line_1_86' title="bbox 1831 3978 3408 4054; baseline -0.001 -22"><span class='ocrx_word' id='word_1_665' title='bbox 1831 3978 2196 4054; x_wconf 83' lang='lat' dir='ltr'><strong>luterrOgavit</strong></span> <span class='ocrx_word' id='word_1_666' title='bbox 2223 3997 2346 4036; x_wconf 89' lang='lat' dir='ltr'><strong>eum</strong></span> <span class='ocrx_word' id='word_1_667' title='bbox 2379 3997 2566 4044; x_wconf 82' lang='lat' dir='ltr'><strong>senex,</strong></span> <span class='ocrx_word' id='word_1_668' title='bbox 2602 3989 2782 4034; x_wconf 90' lang='lat' dir='ltr'><strong>utrum</strong></span> <span class='ocrx_word' id='word_1_669' title='bbox 2814 3981 3046 4049; x_wconf 88' lang='lat' dir='ltr'><strong>aliquem</strong></span> <span class='ocrx_word' id='word_1_670' title='bbox 3084 3979 3150 4033; x_wconf 92' lang='lat' dir='ltr'><strong>ad</strong></span> <span class='ocrx_word' id='word_1_671' title='bbox 3193 3995 3252 4034; x_wconf 90' lang='lat' dir='ltr'><strong>se</strong></span> <span class='ocrx_word' id='word_1_672' title='bbox 3283 3993 3408 4048; x_wconf 91' lang='lat' dir='ltr'><strong>per-</strong></span> 
     </span>
    </p>
   </div>
   <div class='ocr_carea' id='block_1_87' title="bbox 1833 4069 3408 4140">
    <p class='ocr_par' dir='ltr' id='par_1_87' title="bbox 1833 4069 3408 4140">
     <span class='ocr_line' id='line_1_87' title="bbox 1833 4069 3408 4140; baseline -0.003 -14"><span class='ocrx_word' id='word_1_673' title='bbox 1833 4073 2096 4128; x_wconf 86' lang='lat' dir='ltr'><strong>tinentem</strong></span> <span class='ocrx_word' id='word_1_674' title='bbox 2124 4073 2349 4126; x_wconf 84' lang='lat' dir='ltr'><strong>haberet</strong></span> <span class='ocrx_word' id='word_1_675' title='bbox 2382 4075 2434 4125; x_wconf 89' lang='lat' dir='ltr'><strong>in</strong></span> <span class='ocrx_word' id='word_1_676' title='bbox 2465 4072 2683 4126; x_wconf 73' lang='lat' dir='ltr'><strong>steculo.</strong></span> <span class='ocrx_word' id='word_1_677' title='bbox 2716 4069 3020 4140; x_wconf 82' lang='lat' dir='ltr'><strong>Respondit</strong></span> <span class='ocrx_word' id='word_1_678' title='bbox 3049 4069 3140 4126; x_wconf 93' lang='lat' dir='ltr'><strong>ille</strong></span> <span class='ocrx_word' id='word_1_679' title='bbox 3172 4090 3186 4126; x_wconf 94' lang='lat'>:</span> <span class='ocrx_word' id='word_1_680' title='bbox 3223 4069 3408 4126; x_wconf 86' lang='lat' dir='ltr'><strong>Habeo</strong></span> 
     </span>
    </p>
   </div>
   <div class='ocr_carea' id='block_1_88' title="bbox 1831 4161 3404 4233">
    <p class='ocr_par' dir='ltr' id='par_1_88' title="bbox 1831 4161 3404 4233">
     <span class='ocr_line' id='line_1_88' title="bbox 1831 4161 3404 4233; baseline -0.003 -15"><span class='ocrx_word' id='word_1_681' title='bbox 1831 4163 2024 4219; x_wconf 84' lang='lat' dir='ltr'><strong>filium.</strong></span> <span class='ocrx_word' id='word_1_682' title='bbox 2063 4163 2202 4218; x_wconf 91' lang='lat' dir='ltr'><strong>Tum</strong></span> <span class='ocrx_word' id='word_1_683' title='bbox 2243 4179 2412 4218; x_wconf 90' lang='lat' dir='ltr'><strong>senex</strong></span> <span class='ocrx_word' id='word_1_684' title='bbox 2445 4180 2458 4216; x_wconf 89' lang='lat'><strong>:</strong></span> <span class='ocrx_word' id='word_1_685' title='bbox 2489 4161 2658 4226; x_wconf 86' lang='lat' dir='ltr'><strong>Vade,</strong></span> <span class='ocrx_word' id='word_1_686' title='bbox 2687 4162 2892 4233; x_wconf 86' lang='lat' dir='ltr'><strong>projice</strong></span> <span class='ocrx_word' id='word_1_687' title='bbox 2937 4177 3061 4216; x_wconf 89' lang='lat' dir='ltr'><strong>eum</strong></span> <span class='ocrx_word' id='word_1_688' title='bbox 3093 4163 3146 4216; x_wconf 92' lang='lat' dir='ltr'><strong>in</strong></span> <span class='ocrx_word' id='word_1_689' title='bbox 3182 4161 3404 4222; x_wconf 88' lang='lat' dir='ltr'><strong>flumen,</strong></span> 
     </span>
    </p>
   </div>
   <div class='ocr_carea' id='block_1_89' title="bbox 1832 4253 3410 4324">
    <p class='ocr_par' dir='ltr' id='par_1_89' title="bbox 1832 4253 3410 4324">
     <span class='ocr_line' id='line_1_89' title="bbox 1832 4253 3410 4324; baseline 0 -18"><span class='ocrx_word' id='word_1_690' title='bbox 1832 4263 2074 4324; x_wconf 89' lang='lat' dir='ltr'><strong>tuncque</strong></span> <span class='ocrx_word' id='word_1_691' title='bbox 2107 4255 2202 4310; x_wconf 85' lang='lat' dir='ltr'><strong>ﬁes</strong></span> <span class='ocrx_word' id='word_1_692' title='bbox 2229 4255 2554 4310; x_wconf 88' lang='lat' dir='ltr'><strong>monachus.</strong></span> <span class='ocrx_word' id='word_1_693' title='bbox 2580 4253 2717 4308; x_wconf 90' lang='lat' dir='ltr'><strong>Cum</strong></span> <span class='ocrx_word' id='word_1_694' title='bbox 2752 4254 2916 4324; x_wconf 75' lang='lat' dir='ltr'><strong>igitur</strong></span> <span class='ocrx_word' id='word_1_695' title='bbox 2944 4254 3311 4318; x_wconf 88' lang='lat' dir='ltr'><strong>discessisset,</strong></span> <span class='ocrx_word' id='word_1_696' title='bbox 3349 4260 3410 4306; x_wconf 86' lang='lat' dir='ltr'><strong>ut</strong></span> 
     </span>
    </p>
   </div>
   <div class='ocr_carea' id='block_1_90' title="bbox 1831 4345 3406 4416">
    <p class='ocr_par' dir='ltr' id='par_1_90' title="bbox 1831 4345 3406 4416">
     <span class='ocr_line' id='line_1_90' title="bbox 1831 4345 3406 4416; baseline 0.001 -18"><span class='ocrx_word' id='word_1_697' title='bbox 1831 4346 2144 4415; x_wconf 87' lang='lat' dir='ltr'><strong>projiceret,</strong></span> <span class='ocrx_word' id='word_1_698' title='bbox 2181 4345 2330 4400; x_wconf 88' lang='lat' dir='ltr'><strong>misit</strong></span> <span class='ocrx_word' id='word_1_699' title='bbox 2368 4362 2532 4402; x_wconf 89' lang='lat' dir='ltr'><strong>senex</strong></span> <span class='ocrx_word' id='word_1_700' title='bbox 2563 4346 2811 4408; x_wconf 88' lang='lat' dir='ltr'><strong>fratrem,</strong></span> <span class='ocrx_word' id='word_1_701' title='bbox 2851 4347 2944 4415; x_wconf 91' lang='lat' dir='ltr'><strong>qui</strong></span> <span class='ocrx_word' id='word_1_702' title='bbox 2989 4347 3306 4416; x_wconf 88' lang='lat' dir='ltr'><strong>prohiberet</strong></span> <span class='ocrx_word' id='word_1_703' title='bbox 3338 4347 3406 4399; x_wconf 86' lang='lat' dir='ltr'><strong>il-</strong></span> 
     </span>
    </p>
   </div>
   <div class='ocr_carea' id='block_1_91' title="bbox 1831 4435 3410 4509">
    <p class='ocr_par' dir='ltr' id='par_1_91' title="bbox 1831 4435 3410 4509">
     <span class='ocr_line' id='line_1_91' title="bbox 1831 4435 3410 4509; baseline -0.003 -15"><span class='ocrx_word' id='word_1_704' title='bbox 1831 4441 1965 4494; x_wconf 92' lang='lat' dir='ltr'><strong>lum.</strong></span> <span class='ocrx_word' id='word_1_705' title='bbox 2023 4439 2163 4494; x_wconf 87' lang='lat' dir='ltr'><strong>Dicit</strong></span> <span class='ocrx_word' id='word_1_706' title='bbox 2195 4438 2364 4494; x_wconf 86' lang='lat' dir='ltr'><strong>frater</strong></span> <span class='ocrx_word' id='word_1_707' title='bbox 2407 4458 2421 4494; x_wconf 91' lang='lat'>:</span> <span class='ocrx_word' id='word_1_708' title='bbox 2455 4438 2689 4503; x_wconf 84' lang='lat' dir='ltr'><strong>Desine;</strong></span> <span class='ocrx_word' id='word_1_709' title='bbox 2745 4437 2879 4509; x_wconf 91' lang='lat' dir='ltr'><strong>quid</strong></span> <span class='ocrx_word' id='word_1_710' title='bbox 2920 4435 3073 4508; x_wconf 73' lang='lat' dir='ltr'><strong>agis!</strong></span> <span class='ocrx_word' id='word_1_711' title='bbox 3120 4436 3215 4492; x_wconf 85' lang='lat' dir='ltr'><strong>ille</strong></span> <span class='ocrx_word' id='word_1_712' title='bbox 3254 4451 3410 4490; x_wconf 84' lang='lat' dir='ltr'><strong>exce-</strong></span> 
     </span>
    </p>
   </div>
   <div class='ocr_carea' id='block_1_92' title="bbox 1375 4609 3404 4702">
    <p class='ocr_par' dir='ltr' id='par_1_92' title="bbox 1375 4609 3404 4702">
     <span class='ocr_line' id='line_1_92' title="bbox 1375 4609 3404 4702; baseline -0.002 -34"><span class='ocrx_word' id='word_1_713' title='bbox 1375 4617 1396 4648; x_wconf 79' lang='grc'>⁸</span> <span class='ocrx_word' id='word_1_714' title='bbox 1422 4617 1533 4702; x_wconf 0' lang='grc' dir='ltr'><strong>ΑΙ.)</strong></span> <span class='ocrx_word' id='word_1_715' title='bbox 1563 4615 1887 4702; x_wconf 50' lang='grc' dir='ltr'><strong>θηρειξιινςιταἐ</strong></span> <span class='ocrx_word' id='word_1_716' title='bbox 1948 4615 1976 4702; x_wconf 14' lang='lat'><strong>7&quot;</strong></span> <span class='ocrx_word' id='word_1_717' title='bbox 2000 4613 2100 4702; x_wconf 41' lang='grc' dir='ltr'><strong>ει...</strong></span> <span class='ocrx_word' id='word_1_718' title='bbox 2125 4613 2386 4702; x_wconf 34' lang='grc' dir='ltr'><strong>τιςᾼτξρος</strong></span> <span class='ocrx_word' id='word_1_719' title='bbox 2417 4613 2508 4668; x_wconf 82' lang='grc' dir='ltr'><strong>τὸν</strong></span> <span class='ocrx_word' id='word_1_720' title='bbox 2541 4613 2716 4668; x_wconf 74' lang='grc' dir='ltr'><strong>ἀϐὃᾶν</strong></span> <span class='ocrx_word' id='word_1_721' title='bbox 2757 4613 2970 4683; x_wconf 86' lang='grc' dir='ltr'><strong>Σισώην</strong></span> <span class='ocrx_word' id='word_1_722' title='bbox 3013 4611 3104 4666; x_wconf 81' lang='grc' dir='ltr'><strong>τὸν</strong></span> <span class='ocrx_word' id='word_1_723' title='bbox 3145 4609 3404 4679; x_wconf 79' lang='grc' dir='ltr'><strong>Θηϐαῖον.</strong></span> 
     </span>
    </p>
   </div>
   <div class='ocr_carea' id='block_1_93' title="bbox 151 4681 1724 4757">
    <p class='ocr_par' dir='ltr' id='par_1_93' title="bbox 151 4681 1724 4757">
     <span class='ocr_line' id='line_1_93' title="bbox 151 4681 1724 4757; baseline 0.004 -22"><span class='ocrx_word' id='word_1_724' title='bbox 151 4681 266 4737; x_wconf 78' lang='grc' dir='ltr'><strong>ἈΙ.</strong></span> <span class='ocrx_word' id='word_1_725' title='bbox 300 4683 352 4736; x_wconf 82' lang='grc' dir='ltr'><strong>τί</strong></span> <span class='ocrx_word' id='word_1_726' title='bbox 395 4701 564 4738; x_wconf 83' lang='grc' dir='ltr'><strong>ποτε.</strong></span> <span class='ocrx_word' id='word_1_727' title='bbox 643 4686 664 4716; x_wconf 83' lang='grc'><strong>⁸</strong></span> <span class='ocrx_word' id='word_1_728' title='bbox 696 4686 781 4738; x_wconf 89' lang='lat' dir='ltr'><strong>Al.</strong></span> <span class='ocrx_word' id='word_1_729' title='bbox 818 4687 988 4741; x_wconf 82' lang='lat' dir='ltr'><strong>inser.</strong></span> <span class='ocrx_word' id='word_1_730' title='bbox 1021 4681 1136 4740; x_wconf 68' lang='grc' dir='ltr'><strong>τοῦ.</strong></span> <span class='ocrx_word' id='word_1_731' title='bbox 1219 4687 1264 4718; x_wconf 70' lang='grc'><strong>⁸⁸</strong></span> <span class='ocrx_word' id='word_1_732' title='bbox 1285 4686 1370 4740; x_wconf 88' lang='lat' dir='ltr'><strong>Al.</strong></span> <span class='ocrx_word' id='word_1_733' title='bbox 1399 4701 1566 4757; x_wconf 66' lang='lat' dir='ltr'><strong>praep.</strong></span> <span class='ocrx_word' id='word_1_734' title='bbox 1603 4681 1724 4750; x_wconf 74' lang='grc' dir='ltr'><strong>ὧςδ</strong></span> 
     </span>
    </p>
   </div>
   <div class='ocr_carea' id='block_1_94' title="bbox 1837 4681 2377 4757">
    <p class='ocr_par' dir='ltr' id='par_1_94' title="bbox 1837 4683 2377 4756">
     <span class='ocr_line' id='line_1_94' title="bbox 1837 4683 2377 4756; baseline -0.004 -16"><span class='ocrx_word' id='word_1_735' title='bbox 1837 4685 1996 4756; x_wconf 74' lang='grc' dir='ltr'><strong>τῆρεν</strong></span> <span class='ocrx_word' id='word_1_736' title='bbox 2018 4683 2174 4756; x_wconf 77' lang='grc' dir='ltr'><strong>ῥίψαι</strong></span> <span class='ocrx_word' id='word_1_737' title='bbox 2193 4684 2377 4738; x_wconf 79' lang='grc' dir='ltr'><strong>αὐτόν.</strong></span> 
     </span>
    </p>
   </div>
   <div class='ocr_carea' id='block_1_95' title="bbox 173 4861 1724 4944">
    <p class='ocr_par' dir='ltr' id='par_1_95' title="bbox 173 4865 1724 4944">
     <span class='ocr_line' id='line_1_95' title="bbox 173 4865 1724 4944; baseline -0.002 -24"><span class='ocrx_word' id='word_1_738' title='bbox 173 4865 313 4944; x_wconf 61' lang='grc' dir='ltr'>(Ἠ)</span> <span class='ocrx_word' id='word_1_739' title='bbox 355 4865 838 4944; x_wconf 33' lang='grc' dir='ltr'><strong>Κνίδιοιςλοινου.</strong></span> <span class='ocrx_word' id='word_1_740' title='bbox 890 4865 1152 4944; x_wconf 50' lang='lat' dir='ltr'><strong>Quamvis</strong></span> <span class='ocrx_word' id='word_1_741' title='bbox 1196 4881 1298 4944; x_wconf 79' lang='lat' dir='ltr'><strong>nec</strong></span> <span class='ocrx_word' id='word_1_742' title='bbox 1339 4865 1724 4944; x_wconf 83' lang='lat' dir='ltr'><strong>alibi_repe_re_-</strong></span> 
     </span>
    </p>
   </div>
   <div class='ocr_carea' id='block_1_96' title="bbox 1837 4861 3410 4944">
    <p class='ocr_par' dir='ltr' id='par_1_96' title="bbox 1837 4861 3410 4944">
     <span class='ocr_line' id='line_1_96' title="bbox 1837 4861 3410 4944; baseline -0.001 -25"><span class='ocrx_word' id='word_1_743' title='bbox 1837 4880 1885 4944; x_wconf 82' lang='lat' dir='ltr'><strong>p_.</strong></span> <span class='ocrx_word' id='word_1_744' title='bbox 1914 4865 2074 4944; x_wconf 72' lang='lat' dir='ltr'><strong>l000,</strong></span> <span class='ocrx_word' id='word_1_745' title='bbox 2095 4881 2164 4944; x_wconf 83' lang='lat' dir='ltr'><strong>_n.</strong></span> <span class='ocrx_word' id='word_1_746' title='bbox 2258 4880 2272 4944; x_wconf 68' lang='grc' dir='ltr'>ξ</span> <span class='ocrx_word' id='word_1_747' title='bbox 2306 4861 2694 4944; x_wconf 54' lang='grc' dir='ltr'><strong>Αεοὶρρηεεσιιιπ</strong></span> <span class='ocrx_word' id='word_1_748' title='bbox 2715 4862 3173 4944; x_wconf 39' lang='lat' dir='ltr'><strong>unum-vasculum</strong></span> <span class='ocrx_word' id='word_1_749' title='bbox 3205 4861 3410 4918; x_wconf 82' lang='lat' dir='ltr'><strong>cltindii</strong></span> 
     </span>
    </p>
   </div>
   <div class='ocr_carea' id='block_1_97' title="bbox 147 4935 1728 4994">
    <p class='ocr_par' dir='ltr' id='par_1_97' title="bbox 147 4935 1728 4994">
     <span class='ocr_line' id='line_1_97' title="bbox 147 4935 1728 4994; baseline 0.002 -11"><span class='ocrx_word' id='word_1_750' title='bbox 147 4935 236 4988; x_wconf 75' lang='lat' dir='ltr'><strong>riui</strong></span> <span class='ocrx_word' id='word_1_751' title='bbox 275 4953 466 4992; x_wconf 82' lang='lat' dir='ltr'><strong>vocem</strong></span> <span class='ocrx_word' id='word_1_752' title='bbox 517 4936 744 4994; x_wconf 84' lang='grc' dir='ltr'><strong>κνίδιον,</strong></span> <span class='ocrx_word' id='word_1_753' title='bbox 791 4950 893 4990; x_wconf 87' lang='lat' dir='ltr'><strong>nec</strong></span> <span class='ocrx_word' id='word_1_754' title='bbox 931 4935 1148 4990; x_wconf 86' lang='lat' dir='ltr'><strong>diliicile</strong></span> <span class='ocrx_word' id='word_1_755' title='bbox 1187 4937 1261 4990; x_wconf 89' lang='lat' dir='ltr'><strong>sit</strong></span> <span class='ocrx_word' id='word_1_756' title='bbox 1295 4937 1587 4990; x_wconf 86' lang='lat' dir='ltr'><strong>emendare</strong></span> <span class='ocrx_word' id='word_1_757' title='bbox 1617 4936 1728 4988; x_wconf 82' lang='grc' dir='ltr'><strong>ὀνί-</strong></span> 
     </span>
    </p>
   </div>
   <div class='ocr_carea' id='block_1_98' title="bbox 145 5005 1727 5076">
    <p class='ocr_par' dir='ltr' id='par_1_98' title="bbox 145 5005 1727 5076">
     <span class='ocr_line' id='line_1_98' title="bbox 145 5005 1727 5076; baseline 0.002 -21"><span class='ocrx_word' id='word_1_758' title='bbox 145 5005 275 5076; x_wconf 64' lang='grc' dir='ltr'><strong>ᾷιον.</strong></span> <span class='ocrx_word' id='word_1_759' title='bbox 323 5006 476 5076; x_wconf 86' lang='lat' dir='ltr'><strong>quod</strong></span> <span class='ocrx_word' id='word_1_760' title='bbox 515 5016 604 5059; x_wconf 88' lang='lat' dir='ltr'><strong>est</strong></span> <span class='ocrx_word' id='word_1_761' title='bbox 638 5005 1028 5059; x_wconf 89' lang='lat' dir='ltr'><strong>diminutivum</strong></span> <span class='ocrx_word' id='word_1_762' title='bbox 1067 5022 1132 5060; x_wconf 83' lang='lat' dir='ltr'><strong>ex</strong></span> <span class='ocrx_word' id='word_1_763' title='bbox 1168 5005 1318 5076; x_wconf 64' lang='grc' dir='ltr'><strong>ὄνος,</strong></span> <span class='ocrx_word' id='word_1_764' title='bbox 1355 5005 1408 5076; x_wconf 86' lang='lat' dir='ltr'><strong>id</strong></span> <span class='ocrx_word' id='word_1_765' title='bbox 1451 5015 1536 5060; x_wconf 92' lang='lat' dir='ltr'><strong>est</strong></span> <span class='ocrx_word' id='word_1_766' title='bbox 1585 5006 1727 5076; x_wconf 74' lang='lat' dir='ltr'><strong>asel-</strong></span> 
     </span>
    </p>
   </div>
   <div class='ocr_carea' id='block_1_99' title="bbox 145 5073 1722 5140">
    <p class='ocr_par' dir='ltr' id='par_1_99' title="bbox 145 5073 1722 5140">
     <span class='ocr_line' id='line_1_99' title="bbox 145 5073 1722 5140; baseline 0.001 -14"><span class='ocrx_word' id='word_1_767' title='bbox 145 5073 238 5138; x_wconf 74' lang='lat' dir='ltr'><strong>lus,</strong></span> <span class='ocrx_word' id='word_1_768' title='bbox 262 5073 357 5131; x_wconf 61' lang='lat' dir='ltr'><strong>cui</strong></span> <span class='ocrx_word' id='word_1_769' title='bbox 383 5077 682 5136; x_wconf 72' lang='lat' dir='ltr'><strong>vinarium,</strong></span> <span class='ocrx_word' id='word_1_770' title='bbox 705 5083 766 5126; x_wconf 90' lang='lat' dir='ltr'><strong>ut</strong></span> <span class='ocrx_word' id='word_1_771' title='bbox 791 5076 1140 5128; x_wconf 78' lang='lat' dir='ltr'><strong>observatum</strong></span> <span class='ocrx_word' id='word_1_772' title='bbox 1161 5075 1264 5128; x_wconf 87' lang='lat' dir='ltr'><strong>fuit</strong></span> <span class='ocrx_word' id='word_1_773' title='bbox 1289 5091 1320 5128; x_wconf 87' lang='lat' dir='ltr'><strong>a</strong></span> <span class='ocrx_word' id='word_1_774' title='bbox 1352 5075 1486 5131; x_wconf 85' lang='lat' dir='ltr'><strong>viris</strong></span> <span class='ocrx_word' id='word_1_775' title='bbox 1509 5075 1722 5140; x_wconf 86' lang='lat' dir='ltr'><strong>doctis;</strong></span> 
     </span>
    </p>
   </div>
   <div class='ocr_carea' id='block_1_100' title="bbox 146 5144 1722 5214">
    <p class='ocr_par' dir='ltr' id='par_1_100' title="bbox 146 5144 1722 5214">
     <span class='ocr_line' id='line_1_100' title="bbox 146 5144 1722 5214; baseline 0.002 -19"><span class='ocrx_word' id='word_1_776' title='bbox 146 5159 242 5214; x_wconf 84' lang='lat' dir='ltr'><strong>non</strong></span> <span class='ocrx_word' id='word_1_777' title='bbox 270 5163 444 5201; x_wconf 84' lang='lat' dir='ltr'><strong>ausus</strong></span> <span class='ocrx_word' id='word_1_778' title='bbox 479 5157 667 5200; x_wconf 87' lang='lat' dir='ltr'><strong>tamen</strong></span> <span class='ocrx_word' id='word_1_779' title='bbox 701 5159 822 5200; x_wconf 88' lang='lat' dir='ltr'><strong>sum</strong></span> <span class='ocrx_word' id='word_1_780' title='bbox 855 5144 1154 5213; x_wconf 86' lang='lat' dir='ltr'><strong>quidquam</strong></span> <span class='ocrx_word' id='word_1_781' title='bbox 1193 5145 1312 5199; x_wconf 90' lang='lat' dir='ltr'><strong>sine</strong></span> <span class='ocrx_word' id='word_1_782' title='bbox 1335 5145 1520 5214; x_wconf 86' lang='lat' dir='ltr'><strong>scripti</strong></span> <span class='ocrx_word' id='word_1_783' title='bbox 1552 5147 1722 5198; x_wconf 90' lang='lat' dir='ltr'><strong>alicu-</strong></span> 
     </span>
    </p>
   </div>
   <div class='ocr_carea' id='block_1_101' title="bbox 143 5213 1722 5282">
    <p class='ocr_par' dir='ltr' id='par_1_101' title="bbox 143 5213 1722 5282">
     <span class='ocr_line' id='line_1_101' title="bbox 143 5213 1722 5282; baseline 0.004 -19"><span class='ocrx_word' id='word_1_784' title='bbox 143 5213 220 5278; x_wconf 85' lang='lat' dir='ltr'><strong>jus</strong></span> <span class='ocrx_word' id='word_1_785' title='bbox 249 5219 588 5270; x_wconf 80' lang='lat' dir='ltr'><strong>auctoritate</strong></span> <span class='ocrx_word' id='word_1_786' title='bbox 614 5223 846 5275; x_wconf 82' lang='lat' dir='ltr'><strong>rnutare.</strong></span> <span class='ocrx_word' id='word_1_787' title='bbox 872 5216 998 5282; x_wconf 86' lang='lat' dir='ltr'><strong>quia</strong></span> <span class='ocrx_word' id='word_1_788' title='bbox 1037 5217 1324 5268; x_wconf 87' lang='lat' dir='ltr'><strong>inmunera</strong></span> <span class='ocrx_word' id='word_1_789' title='bbox 1345 5213 1603 5269; x_wconf 82' lang='lat' dir='ltr'><strong>exstitere</strong></span> <span class='ocrx_word' id='word_1_790' title='bbox 1625 5231 1722 5269; x_wconf 92' lang='lat' dir='ltr'><strong>no-</strong></span> 
     </span>
    </p>
   </div>
   <div class='ocr_carea' id='block_1_102' title="bbox 145 5284 1722 5354">
    <p class='ocr_par' dir='ltr' id='par_1_102' title="bbox 145 5284 1722 5354">
     <span class='ocr_line' id='line_1_102' title="bbox 145 5284 1722 5354; baseline 0.001 -20"><span class='ocrx_word' id='word_1_791' title='bbox 145 5287 276 5338; x_wconf 86' lang='lat' dir='ltr'><strong>mina</strong></span> <span class='ocrx_word' id='word_1_792' title='bbox 311 5301 580 5339; x_wconf 80' lang='lat' dir='ltr'><strong>vasorum</strong></span> <span class='ocrx_word' id='word_1_793' title='bbox 613 5293 668 5338; x_wconf 87' lang='lat' dir='ltr'><strong>et</strong></span> <span class='ocrx_word' id='word_1_794' title='bbox 695 5299 1102 5347; x_wconf 87' lang='lat' dir='ltr'><strong>mensurarum,</strong></span> <span class='ocrx_word' id='word_1_795' title='bbox 1122 5297 1284 5354; x_wconf 87' lang='lat' dir='ltr'><strong>atque</strong></span> <span class='ocrx_word' id='word_1_796' title='bbox 1313 5286 1368 5338; x_wconf 89' lang='lat' dir='ltr'><strong>in</strong></span> <span class='ocrx_word' id='word_1_797' title='bbox 1397 5285 1466 5339; x_wconf 92' lang='lat' dir='ltr'><strong>iis</strong></span> <span class='ocrx_word' id='word_1_798' title='bbox 1487 5284 1722 5354; x_wconf 88' lang='lat' dir='ltr'><strong>plurima</strong></span> 
     </span>
    </p>
   </div>
   <div class='ocr_carea' id='block_1_103' title="bbox 145 5355 1723 5422">
    <p class='ocr_par' dir='ltr' id='par_1_103' title="bbox 145 5355 1723 5422">
     <span class='ocr_line' id='line_1_103' title="bbox 145 5355 1723 5422; baseline 0.001 -18"><span class='ocrx_word' id='word_1_799' title='bbox 145 5357 325 5420; x_wconf 85' lang='lat' dir='ltr'><strong>partim</strong></span> <span class='ocrx_word' id='word_1_800' title='bbox 357 5355 696 5411; x_wconf 81' lang='lat' dir='ltr'><strong>auctoribus</strong></span> <span class='ocrx_word' id='word_1_801' title='bbox 725 5369 834 5408; x_wconf 90' lang='lat' dir='ltr'><strong>non</strong></span> <span class='ocrx_word' id='word_1_802' title='bbox 872 5363 1192 5417; x_wconf 85' lang='lat' dir='ltr'><strong>memorata,</strong></span> <span class='ocrx_word' id='word_1_803' title='bbox 1228 5356 1422 5422; x_wconf 87' lang='lat' dir='ltr'><strong>partim</strong></span> <span class='ocrx_word' id='word_1_804' title='bbox 1453 5369 1484 5407; x_wconf 90' lang='lat' dir='ltr'><strong>a</strong></span> <span class='ocrx_word' id='word_1_805' title='bbox 1515 5371 1600 5408; x_wconf 90' lang='lat' dir='ltr'><strong>me</strong></span> <span class='ocrx_word' id='word_1_806' title='bbox 1629 5364 1723 5408; x_wconf 87' lang='lat' dir='ltr'><strong>aut</strong></span> 
     </span>
    </p>
   </div>
   <div class='ocr_carea' id='block_1_104' title="bbox 147 5423 1719 5494">
    <p class='ocr_par' dir='ltr' id='par_1_104' title="bbox 147 5423 1719 5494">
     <span class='ocr_line' id='line_1_104' title="bbox 147 5423 1719 5494; baseline 0.002 -21"><span class='ocrx_word' id='word_1_807' title='bbox 147 5437 240 5478; x_wconf 89' lang='lat' dir='ltr'><strong>non</strong></span> <span class='ocrx_word' id='word_1_808' title='bbox 273 5427 440 5490; x_wconf 87' lang='lat' dir='ltr'><strong>lecta,</strong></span> <span class='ocrx_word' id='word_1_809' title='bbox 499 5432 599 5494; x_wconf 86' lang='lat' dir='ltr'><strong>aut</strong></span> <span class='ocrx_word' id='word_1_810' title='bbox 631 5440 741 5478; x_wconf 91' lang='lat' dir='ltr'><strong>non</strong></span> <span class='ocrx_word' id='word_1_811' title='bbox 794 5424 1073 5494; x_wconf 77' lang='lat' dir='ltr'><strong>adnotata.</strong></span> <span class='ocrx_word' id='word_1_812' title='bbox 1133 5423 1388 5494; x_wconf 78' lang='lat' dir='ltr'><strong>Pelagius</strong></span> <span class='ocrx_word' id='word_1_813' title='bbox 1441 5439 1506 5478; x_wconf 90' lang='lat' dir='ltr'><strong>ex</strong></span> <span class='ocrx_word' id='word_1_814' title='bbox 1554 5440 1719 5479; x_wconf 90' lang='lat' dir='ltr'><strong>sensu</strong></span> 
     </span>
    </p>
   </div>
   <div class='ocr_carea' id='block_1_105' title="bbox 143 5493 1723 5556">
    <p class='ocr_par' dir='ltr' id='par_1_105' title="bbox 143 5493 1723 5556">
     <span class='ocr_line' id='line_1_105' title="bbox 143 5493 1723 5556; baseline 0.001 -10"><span class='ocrx_word' id='word_1_815' title='bbox 143 5498 432 5556; x_wconf 80' lang='lat' dir='ltr'><strong>transtulit;</strong></span> <span class='ocrx_word' id='word_1_816' title='bbox 475 5493 745 5556; x_wconf 67' lang='lat' dir='ltr'><strong>Modicum</strong></span> <span class='ocrx_word' id='word_1_817' title='bbox 779 5494 906 5548; x_wconf 78' lang='lat' dir='ltr'><strong>vini.</strong></span> <span class='ocrx_word' id='word_1_818' title='bbox 944 5493 1050 5547; x_wconf 84' lang='lat' dir='ltr'><strong>Sed</strong></span> <span class='ocrx_word' id='word_1_819' title='bbox 1087 5493 1437 5548; x_wconf 86' lang='lat' dir='ltr'><strong>scribendum</strong></span> <span class='ocrx_word' id='word_1_820' title='bbox 1466 5495 1723 5550; x_wconf 69' lang='lat' dir='ltr'><strong>icnidinm</strong></span> 
     </span>
    </p>
   </div>
   <div class='ocr_carea' id='block_1_106' title="bbox 143 5561 1724 5633">
    <p class='ocr_par' dir='ltr' id='par_1_106' title="bbox 143 5561 1724 5633">
     <span class='ocr_line' id='line_1_106' title="bbox 143 5561 1724 5633; baseline 0.002 -20"><span class='ocrx_word' id='word_1_821' title='bbox 143 5563 266 5628; x_wconf 83' lang='lat' dir='ltr'><strong>vini,</strong></span> <span class='ocrx_word' id='word_1_822' title='bbox 291 5582 356 5621; x_wconf 84' lang='lat' dir='ltr'><strong>ex</strong></span> <span class='ocrx_word' id='word_1_823' title='bbox 384 5582 500 5620; x_wconf 89' lang='lat' dir='ltr'><strong>ms.</strong></span> <span class='ocrx_word' id='word_1_824' title='bbox 535 5561 876 5626; x_wconf 82' lang='lat' dir='ltr'><strong>Fossatcnsi,</strong></span> <span class='ocrx_word' id='word_1_825' title='bbox 911 5563 966 5618; x_wconf 91' lang='lat' dir='ltr'><strong>in</strong></span> <span class='ocrx_word' id='word_1_826' title='bbox 991 5579 1100 5632; x_wconf 88' lang='lat' dir='ltr'><strong>quo</strong></span> <span class='ocrx_word' id='word_1_827' title='bbox 1123 5565 1320 5633; x_wconf 83' lang='lat' dir='ltr'><strong>legitur</strong></span> <span class='ocrx_word' id='word_1_828' title='bbox 1343 5605 1358 5627; x_wconf 91' lang='lat'><strong>,</strong></span> <span class='ocrx_word' id='word_1_829' title='bbox 1387 5565 1624 5618; x_wconf 85' lang='lat' dir='ltr'><strong>cuidium</strong></span> <span class='ocrx_word' id='word_1_830' title='bbox 1649 5565 1724 5618; x_wconf 77' lang='lat' dir='ltr'><strong>vi-</strong></span> 
     </span>
    </p>
   </div>
   <div class='ocr_carea' id='block_1_107' title="bbox 143 5633 1721 5702">
    <p class='ocr_par' dir='ltr' id='par_1_107' title="bbox 143 5633 1721 5702">
     <span class='ocr_line' id='line_1_107' title="bbox 143 5633 1721 5702; baseline 0 -18"><span class='ocrx_word' id='word_1_831' title='bbox 143 5649 272 5690; x_wconf 83' lang='lat' dir='ltr'><strong>mmt.</strong></span> <span class='ocrx_word' id='word_1_832' title='bbox 305 5637 469 5692; x_wconf 84' lang='lat' dir='ltr'><strong>Addo</strong></span> <span class='ocrx_word' id='word_1_833' title='bbox 501 5649 654 5689; x_wconf 88' lang='lat' dir='ltr'><strong>nunc</strong></span> <span class='ocrx_word' id='word_1_834' title='bbox 691 5634 794 5688; x_wconf 85' lang='lat' dir='ltr'><strong>ista</strong></span> <span class='ocrx_word' id='word_1_835' title='bbox 833 5633 1104 5700; x_wconf 75' lang='lat' dir='ltr'><strong>relegens,</strong></span> <span class='ocrx_word' id='word_1_836' title='bbox 1137 5635 1506 5702; x_wconf 87' lang='lat' dir='ltr'><strong>suspicionem</strong></span> <span class='ocrx_word' id='word_1_837' title='bbox 1547 5649 1721 5688; x_wconf 88' lang='lat' dir='ltr'><strong>meam</strong></span> 
     </span>
    </p>
   </div>
   <div class='ocr_carea' id='block_1_108' title="bbox 143 5703 1725 5776">
    <p class='ocr_par' dir='ltr' id='par_1_108' title="bbox 143 5703 1725 5776">
     <span class='ocr_line' id='line_1_108' title="bbox 143 5703 1725 5776; baseline -0.001 -18"><span class='ocrx_word' id='word_1_838' title='bbox 143 5709 198 5758; x_wconf 85' lang='lat' dir='ltr'><strong>ad</strong></span> <span class='ocrx_word' id='word_1_839' title='bbox 229 5707 406 5762; x_wconf 88' lang='lat' dir='ltr'><strong>locum</strong></span> <span class='ocrx_word' id='word_1_840' title='bbox 430 5706 535 5776; x_wconf 89' lang='lat' dir='ltr'><strong>qui</strong></span> <span class='ocrx_word' id='word_1_841' title='bbox 569 5703 620 5756; x_wconf 88' lang='lat' dir='ltr'><strong>in</strong></span> <span class='ocrx_word' id='word_1_842' title='bbox 656 5704 972 5773; x_wconf 83' lang='lat' dir='ltr'><strong>Appendice</strong></span> <span class='ocrx_word' id='word_1_843' title='bbox 1001 5705 1066 5757; x_wconf 86' lang='lat' dir='ltr'><strong>ad</strong></span> <span class='ocrx_word' id='word_1_844' title='bbox 1101 5703 1248 5760; x_wconf 83' lang='lat' dir='ltr'><strong>Vitas</strong></span> <span class='ocrx_word' id='word_1_845' title='bbox 1276 5703 1502 5758; x_wconf 86' lang='lat' dir='ltr'><strong>Patrum</strong></span> <span class='ocrx_word' id='word_1_846' title='bbox 1530 5705 1725 5774; x_wconf 78' lang='lat' dir='ltr'><strong>legitur</strong></span> 
     </span>
    </p>
   </div>
   <div class='ocr_carea' id='block_1_109' title="bbox 427 5797 1112 5859">
    <p class='ocr_par' dir='ltr' id='par_1_109' title="bbox 427 5797 1112 5859">
     <span class='ocr_line' id='line_1_109' title="bbox 427 5797 1112 5859; baseline 0.01 -7"><span class='ocrx_word' id='word_1_847' title='bbox 427 5799 728 5858; x_wconf 73' lang='lat' dir='ltr'><strong>.PATBOL.</strong></span> <span class='ocrx_word' id='word_1_848' title='bbox 769 5797 884 5856; x_wconf 87' lang='lat' dir='ltr'><strong>Gn.</strong></span> <span class='ocrx_word' id='word_1_849' title='bbox 923 5797 1112 5859; x_wconf 78' lang='lat' dir='ltr'><strong>LXV.</strong></span> 
     </span>
    </p>
   </div>
   <div class='ocr_carea' id='block_1_110' title="bbox 1831 4931 3409 5002">
    <p class='ocr_par' dir='ltr' id='par_1_110' title="bbox 1831 4931 3409 5002">
     <span class='ocr_line' id='line_1_110' title="bbox 1831 4931 3409 5002; baseline 0 -14"><span class='ocrx_word' id='word_1_850' title='bbox 1831 4931 1958 4996; x_wconf 65' lang='lat' dir='ltr'><strong>uini.</strong></span> <span class='ocrx_word' id='word_1_851' title='bbox 1998 4946 2048 4989; x_wconf 85' lang='lat' dir='ltr'><strong>et</strong></span> <span class='ocrx_word' id='word_1_852' title='bbox 2072 4933 2144 4986; x_wconf 83' lang='lat' dir='ltr'><strong>da</strong></span> <span class='ocrx_word' id='word_1_853' title='bbox 2172 4934 2363 5002; x_wconf 75' lang='lat' dir='ltr'><strong>vicino,</strong></span> <span class='ocrx_word' id='word_1_854' title='bbox 2406 4931 2616 4986; x_wconf 79' lang='lat' dir='ltr'><strong>Scilicet</strong></span> <span class='ocrx_word' id='word_1_855' title='bbox 2639 4932 2694 4984; x_wconf 91' lang='lat' dir='ltr'><strong>iu</strong></span> <span class='ocrx_word' id='word_1_856' title='bbox 2727 4931 3068 5002; x_wconf 22' lang='lat' dir='ltr'><strong>marginekad</strong></span> <span class='ocrx_word' id='word_1_857' title='bbox 3103 4948 3292 4987; x_wconf 88' lang='lat' dir='ltr'><strong>vocem</strong></span> <span class='ocrx_word' id='word_1_858' title='bbox 3319 4950 3409 4988; x_wconf 82' lang='lat' dir='ltr'><strong>va-</strong></span> 
     </span>
    </p>
   </div>
   <div class='ocr_carea' id='block_1_111' title="bbox 1830 4999 3408 5074">
    <p class='ocr_par' dir='ltr' id='par_1_111' title="bbox 1830 4999 3408 5074">
     <span class='ocr_line' id='line_1_111' title="bbox 1830 4999 3408 5074; baseline 0.001 -17"><span class='ocrx_word' id='word_1_859' title='bbox 1830 5005 2034 5058; x_wconf 81' lang='lat' dir='ltr'><strong>sculum</strong></span> <span class='ocrx_word' id='word_1_860' title='bbox 2063 5004 2302 5074; x_wconf 91' lang='lat' dir='ltr'><strong>positum</strong></span> <span class='ocrx_word' id='word_1_861' title='bbox 2339 5001 2509 5056; x_wconf 71' lang='lat' dir='ltr'><strong>fuisse</strong></span> <span class='ocrx_word' id='word_1_862' title='bbox 2538 4999 2922 5074; x_wconf 28' lang='lat' dir='ltr'><strong>aliquandoiex</strong></span> <span class='ocrx_word' id='word_1_863' title='bbox 2958 4999 3164 5074; x_wconf 59' lang='lat' dir='ltr'><strong>Graecis</strong></span> <span class='ocrx_word' id='word_1_864' title='bbox 3209 5019 3408 5059; x_wconf 81' lang='lat' dir='ltr'><strong>nomen</strong></span> 
     </span>
    </p>
   </div>
   <div class='ocr_carea' id='block_1_112' title="bbox 1831 5071 3408 5140">
    <p class='ocr_par' dir='ltr' id='par_1_112' title="bbox 1831 5071 3408 5140">
     <span class='ocr_line' id='line_1_112' title="bbox 1831 5071 3408 5140; baseline 0 -12"><span class='ocrx_word' id='word_1_865' title='bbox 1831 5071 2236 5140; x_wconf 52' lang='lat' dir='ltr'><strong>xvi6tov,_illud</strong></span> <span class='ocrx_word' id='word_1_866' title='bbox 2293 5079 2484 5138; x_wconf 87' lang='lat' dir='ltr'><strong>postea</strong></span> <span class='ocrx_word' id='word_1_867' title='bbox 2517 5079 2790 5140; x_wconf 77' lang='lat' dir='ltr'><strong>mutatum</strong></span> <span class='ocrx_word' id='word_1_868' title='bbox 2829 5071 2882 5124; x_wconf 92' lang='lat' dir='ltr'><strong>in</strong></span> <span class='ocrx_word' id='word_1_869' title='bbox 2914 5073 3138 5132; x_wconf 81' lang='grc' dir='ltr'><strong>κνιδίου,</strong></span> <span class='ocrx_word' id='word_1_870' title='bbox 3170 5074 3408 5136; x_wconf 84' lang='lat' dir='ltr'><strong>hincque</strong></span> 
     </span>
    </p>
   </div>
   <div class='ocr_carea' id='block_1_113' title="bbox 1827 5139 3410 5214">
    <p class='ocr_par' dir='ltr' id='par_1_113' title="bbox 1827 5139 3410 5214">
     <span class='ocr_line' id='line_1_113' title="bbox 1827 5139 3410 5214; baseline -0.001 -14"><span class='ocrx_word' id='word_1_871' title='bbox 1827 5139 2165 5214; x_wconf 85' lang='lat' dir='ltr'><strong>processisse</strong></span> <span class='ocrx_word' id='word_1_872' title='bbox 2196 5143 2381 5214; x_wconf 80' lang='lat' dir='ltr'><strong>cnidii,</strong></span> <span class='ocrx_word' id='word_1_873' title='bbox 2407 5155 2470 5214; x_wconf 78' lang='lat' dir='ltr'><strong>ac</strong></span> <span class='ocrx_word' id='word_1_874' title='bbox 2497 5139 2692 5214; x_wconf 73' lang='lat' dir='ltr'><strong>deinde</strong></span> <span class='ocrx_word' id='word_1_875' title='bbox 2709 5139 2922 5214; x_wconf 70' lang='lat' dir='ltr'><strong>Clmidii</strong></span> <span class='ocrx_word' id='word_1_876' title='bbox 2953 5149 3007 5214; x_wconf 86' lang='lat' dir='ltr'><strong>et</strong></span> <span class='ocrx_word' id='word_1_877' title='bbox 3033 5141 3410 5214; x_wconf 10' lang='lat' dir='ltr'><strong>ChiuﬁdiLHm:</strong></span> 
     </span>
    </p>
   </div>
   <div class='ocr_carea' id='block_1_114' title="bbox 1826 5211 3409 5284">
    <p class='ocr_par' dir='ltr' id='par_1_114' title="bbox 1826 5211 3409 5284">
     <span class='ocr_line' id='line_1_114' title="bbox 1826 5211 3409 5284; baseline 0 -16"><span class='ocrx_word' id='word_1_878' title='bbox 1826 5211 1913 5268; x_wconf 81' lang='lat' dir='ltr'><strong>cui</strong></span> <span class='ocrx_word' id='word_1_879' title='bbox 1947 5231 2052 5268; x_wconf 89' lang='lat' dir='ltr'><strong>non</strong></span> <span class='ocrx_word' id='word_1_880' title='bbox 2109 5213 2397 5284; x_wconf 76' lang='lat' dir='ltr'><strong>placuerit,</strong></span> <span class='ocrx_word' id='word_1_881' title='bbox 2433 5212 2596 5284; x_wconf 75' lang='lat' dir='ltr'><strong>habet</strong></span> <span class='ocrx_word' id='word_1_882' title='bbox 2621 5211 2912 5284; x_wconf 82' lang='lat' dir='ltr'><strong>Rosweydi</strong></span> <span class='ocrx_word' id='word_1_883' title='bbox 2969 5213 3211 5267; x_wconf 88' lang='lat' dir='ltr'><strong>hominis</strong></span> <span class='ocrx_word' id='word_1_884' title='bbox 3259 5213 3409 5268; x_wconf 90' lang='lat' dir='ltr'><strong>docti</strong></span> 
     </span>
    </p>
   </div>
   <div class='ocr_carea' id='block_1_115' title="bbox 1825 5281 2556 5352">
    <p class='ocr_par' dir='ltr' id='par_1_115' title="bbox 1825 5281 2556 5352">
     <span class='ocr_line' id='line_1_115' title="bbox 1825 5281 2556 5352; baseline -0.01 -12"><span class='ocrx_word' id='word_1_885' title='bbox 1825 5281 2287 5346; x_wconf 80' lang='lat' dir='ltr'><strong>emendationem,</strong></span> <span class='ocrx_word' id='word_1_886' title='bbox 2318 5281 2556 5352; x_wconf 69' lang='lat' dir='ltr'><strong>Chydari.</strong></span> 
     </span>
    </p>
   </div>
   <div class='ocr_carea' id='block_1_116' title="bbox 1897 5351 2580 5424">
    <p class='ocr_par' dir='ltr' id='par_1_116' title="bbox 1897 5351 2580 5424">
     <span class='ocr_line' id='line_1_116' title="bbox 1897 5351 2580 5424; baseline -0.007 -15"><span class='ocrx_word' id='word_1_887' title='bbox 1897 5355 2010 5424; x_wconf 79' lang='grc'>(55)</span> <span class='ocrx_word' id='word_1_888' title='bbox 2057 5352 2168 5424; x_wconf 73' lang='lat' dir='ltr'><strong>Vit.</strong></span> <span class='ocrx_word' id='word_1_889' title='bbox 2205 5352 2358 5424; x_wconf 72' lang='lat' dir='ltr'><strong>Patr.</strong></span> <span class='ocrx_word' id='word_1_890' title='bbox 2393 5351 2580 5424; x_wconf 56' lang='grc' dir='ltr'><strong>ωδε).</strong></span> 
     </span>
    </p>
   </div>
   <div class='ocr_carea' id='block_1_117' title="bbox 1899 5421 3188 5490">
    <p class='ocr_par' dir='ltr' id='par_1_117' title="bbox 1899 5421 3188 5490">
     <span class='ocr_line' id='line_1_117' title="bbox 1899 5421 3188 5490; baseline -0.002 -14"><span class='ocrx_word' id='word_1_891' title='bbox 1899 5421 2010 5490; x_wconf 81' lang='grc'>(56)</span> <span class='ocrx_word' id='word_1_892' title='bbox 2057 5421 2166 5476; x_wconf 83' lang='lat' dir='ltr'><strong>Vit.</strong></span> <span class='ocrx_word' id='word_1_893' title='bbox 2199 5422 2352 5475; x_wconf 83' lang='lat' dir='ltr'><strong>Patr.</strong></span> <span class='ocrx_word' id='word_1_894' title='bbox 2388 5439 2440 5478; x_wconf 80' lang='grc' dir='ltr'><strong>ιι.</strong></span> <span class='ocrx_word' id='word_1_895' title='bbox 2472 5421 2579 5485; x_wconf 76' lang='lat'><strong>68;</strong></span> <span class='ocrx_word' id='word_1_896' title='bbox 2623 5421 2852 5477; x_wconf 86' lang='lat' dir='ltr'><strong>Doroth.</strong></span> <span class='ocrx_word' id='word_1_897' title='bbox 2883 5422 3068 5477; x_wconf 79' lang='lat' dir='ltr'><strong>Doctr.</strong></span> <span class='ocrx_word' id='word_1_898' title='bbox 3105 5423 3188 5475; x_wconf 77' lang='grc'><strong>15.</strong></span> 
     </span>
    </p>
   </div>
   <div class='ocr_carea' id='block_1_118' title="bbox 1899 5491 2554 5563">
    <p class='ocr_par' dir='ltr' id='par_1_118' title="bbox 1899 5491 2554 5563">
     <span class='ocr_line' id='line_1_118' title="bbox 1899 5491 2554 5563; baseline -0.006 -15"><span class='ocrx_word' id='word_1_899' title='bbox 1899 5495 2012 5563; x_wconf 76' lang='grc'>(57)</span> <span class='ocrx_word' id='word_1_900' title='bbox 2063 5493 2168 5547; x_wconf 83' lang='lat' dir='ltr'><strong>Vit.</strong></span> <span class='ocrx_word' id='word_1_901' title='bbox 2205 5491 2361 5546; x_wconf 82' lang='lat' dir='ltr'><strong>Patr.</strong></span> <span class='ocrx_word' id='word_1_902' title='bbox 2395 5509 2474 5550; x_wconf 90' lang='lat' dir='ltr'><strong>Ill,</strong></span> <span class='ocrx_word' id='word_1_903' title='bbox 2501 5493 2554 5563; x_wconf 75' lang='lat'><strong>5.</strong></span> 
     </span>
    </p>
   </div>
   <div class='ocr_carea' id='block_1_119' title="bbox 1899 5561 2587 5631">
    <p class='ocr_par' dir='ltr' id='par_1_119' title="bbox 1899 5561 2587 5631">
     <span class='ocr_line' id='line_1_119' title="bbox 1899 5561 2587 5631; baseline 0.001 -14"><span class='ocrx_word' id='word_1_904' title='bbox 1899 5561 2014 5631; x_wconf 77' lang='lat'><strong>(&#39;68)</strong></span> <span class='ocrx_word' id='word_1_905' title='bbox 2065 5563 2171 5616; x_wconf 88' lang='lat' dir='ltr'><strong>Vit.</strong></span> <span class='ocrx_word' id='word_1_906' title='bbox 2211 5563 2362 5616; x_wconf 80' lang='lat' dir='ltr'><strong>Patr.</strong></span> <span class='ocrx_word' id='word_1_907' title='bbox 2397 5579 2471 5622; x_wconf 85' lang='lat' dir='ltr'><strong>Iv,</strong></span> <span class='ocrx_word' id='word_1_908' title='bbox 2496 5561 2587 5618; x_wconf 78' lang='grc'><strong>56.</strong></span> 
     </span>
    </p>
   </div>
   <div class='ocr_carea' id='block_1_120' title="bbox 1900 5633 2592 5706">
    <p class='ocr_par' dir='ltr' id='par_1_120' title="bbox 1900 5633 2592 5706">
     <span class='ocr_line' id='line_1_120' title="bbox 1900 5633 2592 5706; baseline 0.003 -22"><span class='ocrx_word' id='word_1_909' title='bbox 2205 5633 2358 5706; x_wconf 77' lang='lat' dir='ltr'><strong>Patr.</strong></span> <span class='ocrx_word' id='word_1_910' title='bbox 2391 5648 2479 5692; x_wconf 86' lang='lat' dir='ltr'><strong>xv,</strong></span> <span class='ocrx_word' id='word_1_911' title='bbox 2503 5633 2592 5686; x_wconf 69' lang='lat'><strong>64.</strong></span> 
     </span>
    </p>
   </div>
   <div class='ocr_carea' id='block_1_121' title="bbox 1901 5635 3256 5777">
    <p class='ocr_par' dir='ltr' id='par_1_121' title="bbox 1901 5635 3256 5777">
     <span class='ocr_line' id='line_1_121' title="bbox 1901 5635 2592 5706; baseline 0 -20"><span class='ocrx_word' id='word_1_912' title='bbox 1901 5635 1991 5706; x_wconf 77' lang='lat'><strong>(&#39;59</strong></span> <span class='ocrx_word' id='word_1_913' title='bbox 2069 5635 2174 5686; x_wconf 86' lang='lat' dir='ltr'><strong>Vit.</strong></span> <span class='ocrx_word' id='word_1_914' title='bbox 2205 5635 2358 5686; x_wconf 89' lang='lat' dir='ltr'><strong>Patr.</strong></span> <span class='ocrx_word' id='word_1_915' title='bbox 2391 5648 2479 5692; x_wconf 86' lang='lat' dir='ltr'><strong>xv,</strong></span> <span class='ocrx_word' id='word_1_916' title='bbox 2503 5635 2592 5686; x_wconf 70' lang='lat'><strong>64.</strong></span> 
     </span>
     <span class='ocr_line' id='line_1_122' title="bbox 1901 5635 3256 5777; baseline -0.001 -19"><span class='ocrx_word' id='word_1_917' title='bbox 1901 5635 2014 5777; x_wconf 69' lang='grc' dir='ltr'><strong>(4οζ</strong></span> <span class='ocrx_word' id='word_1_918' title='bbox 2063 5703 2168 5758; x_wconf 88' lang='lat' dir='ltr'><strong>Vit.</strong></span> <span class='ocrx_word' id='word_1_919' title='bbox 2193 5703 2348 5760; x_wconf 79' lang='lat' dir='ltr'><strong>Patr.</strong></span> <span class='ocrx_word' id='word_1_920' title='bbox 2379 5719 2492 5771; x_wconf 79' lang='lat' dir='ltr'><strong>xw,</strong></span> <span class='ocrx_word' id='word_1_921' title='bbox 2517 5709 2582 5770; x_wconf 71' lang='grc' dir='ltr'><strong>ὃς</strong></span> <span class='ocrx_word' id='word_1_922' title='bbox 2617 5703 2777 5762; x_wconf 86' lang='lat' dir='ltr'><strong>Cass.</strong></span> <span class='ocrx_word' id='word_1_923' title='bbox 2811 5702 2949 5760; x_wconf 84' lang='lat' dir='ltr'><strong>Coll.</strong></span> <span class='ocrx_word' id='word_1_924' title='bbox 2991 5699 3047 5765; x_wconf 72' lang='grc' dir='ltr'><strong>Δ,</strong></span> <span class='ocrx_word' id='word_1_925' title='bbox 3081 5719 3132 5755; x_wconf 92' lang='lat' dir='ltr'><strong>c.</strong></span> <span class='ocrx_word' id='word_1_926' title='bbox 3165 5701 3256 5756; x_wconf 74' lang='lat'><strong>9.7.</strong></span> 
     </span>
    </p>
   </div>
   <div class='ocr_carea' id='block_1_122' title="bbox 3043 5792 3116 5852">
    <p class='ocr_par' dir='ltr' id='par_1_122' title="bbox 3043 5792 3116 5852">
     <span class='ocr_line' id='line_1_123' title="bbox 3043 5792 3116 5852; baseline -0.027 0"><span class='ocrx_word' id='word_1_927' title='bbox 3043 5792 3116 5852; x_wconf 90' lang='grc'><strong>13</strong></span> 
     </span>
    </p>
   </div>
  </div>
