3828 6364
412 300 527 364 ’595

1521 304 1866 377 ΑΡΡΕΝΒΙΧ
1902 313 1995 366 AD
2033 312 2463 373 PALLADIUM.

3592 323 3688 379 35:6

424 421 502 489 pit
533 438 546 474 :
578 419 764 476 Abbas
806 419 976 491 jussit
1005 428 1068 475 ut
1100 421 1453 491 projicerem.
1490 421 1679 494 itaque
1716 426 1765 480 ei
1797 425 1966 482 frater
1997 447 1998 476 :

2138 432 2281 501 λέγει
2313 427 2407 486 οὖν
2453 433 2483 485 6
2514 430 2770 500 ἀδελφός
2829 430 2989 486 Ἀλλὰ
3025 432 3187 488 πάλιν
3226 429 3368 504 εἷπε,
3425 437 3502 508 μὴ
3542 438 3692 510 ῥίψῃς

423 512 532 568 Sed
569 515 734 568 modo
767 517 937 571 vetuit
973 516 1295 587 projiceres.
1327 515 1393 570 Et
1423 518 1618 572 relicto
1651 534 1738 584 eo,
1771 520 2012 576 accessit

422 606 490 660 ad
526 623 716 664 senem
744 609 1090 683 ,‘factusque
1118 619 1203 667 est
1226 613 1435 684 probus
1462 614 1766 670 monachus
1791 624 2016 686 propter

419 698 797 757 obedientiam
835 716 1015 758 suam.

494 795 583 850 ll.
625 795 735 865 (41)
766 793 958 850 Frater
987 795 1344 868 interrogavit
1371 797 1624 853 abbatem
1663 795 1900 860 Sisoem,
1937 813 2008 851 an

424 889 544 960 pari
581 887 746 942 modo
793 897 1008 944 veteres
1059 897 1387 960 persecutus
1438 889 1603 944 fuerit
1652 889 1907 944 Satanas.
1949 890 2013 942 Et

424 983 502 1035 ait
538 981 614 1036 illi
649 996 857 1036 senex:
887 980 1043 1035 Nunc
1100 965 1297 1052 magis,
1344 983 1474 1052 quia
1511 991 1726 1052 tempus
1755 981 1876 1050 ejus
1914 997 2010 1050 ap-

411 1073 786 1144 propinquat,
825 1083 989 1144 atque
1015 1074 1399 1130 conturbatur.

498 1165 587 1218 12.
631 1163 742 1234 (62)
776 1163 1050 1220 Tentatus
1081 1174 1166 1220 est
1195 1165 1496 1235 aliquando
1520 1181 1549 1218 ο
1573 1164 1818 1220 daemone
1847 1164 2014 1218 Abra-

422 1254 550 1307 ham
583 1252 891 1324 discipulus
923 1254 1136 1310 abbatis
1175 1254 1389 1319 Sisois;
1427 1264 1481 1308 et
1511 1255 1646 1308 vidit
1677 1271 1844 1310 senex
1863 1255 2010 1325 quod

423 1346 734 1401 cecidisset.
766 1345 972 1416 ‘ltaque
1013 1360 1246 1417 surgens
1274 1346 1534 1416 expandit
1568 1362 1763 1401 manus
1804 1346 1858 1400 in
1891 1360 2008 1399 cce-

411 1437 565 1504 lnm,
597 1437 847 1508 dixitque
883 1456 896 1492 :
934 1436 1102 1500 Deus,
1147 1439 1285 1494 velis
1332 1439 1498 1505 nolis,
1543 1454 1650 1493 non
1680 1437 1900 1492 dimitto
1932 1448 2006 1500 te,

404 1533 531 1588 .nisi
561 1532 844 1588 curaveris
888 1545 1035 1587 eum.
1077 1530 1388 1604 Statimque
1432 1531 1697 1587 medelam
1743 1545 2010 1586 consecu-

419 1635 512 1679 ῑυε
544 1632 646 1679 88L

497 1719 581 1772 15.
623 1718 734 1786 (45)
760 1715 1121 1771 Percontatus
1149 1722 1235 1772 εει
1275 1715 1445 1769 frater
1490 1715 1556 1770 de
1593 1715 1793 1770 abbate
1822 1715 2001 1782 Sisoc,

2117 524 2306 578 αὐτόν.
2353 525 2464 582 Kal
2517 523 2831 578 καταλιπὼν
2879 526 3058 591 αὐτὸν,
3114 523 3245 598 ἦλθε
3304 529 3442 599 πρὸς
3473 530 3567 582 τὸν
3605 532 3692 600 γέ.

2118 632 2281 687 ροντα
2301 632 2316 646 ·
2347 617 2442 669 καὶ
2464 615 2653 686 γέγονε
2676 617 2897 690 δόκιμος
2910 619 2951 649 ¹¹
2975 620 3206 690 μοναχὸς
3222 620 3310 673 διὰ
3329 622 3426 693 τὴν
3439 622 3692 692 ’ὑπακοὴν

2115 705 2303 761 αὑτοῦ.

2188 807 2278 854 ια’.
2333 801 2582 872 Ἀδελφὸς
2623 802 2875 875 ἠρώτησε
2907 804 2998 857 τὸν
3033 805 3209 860 ἀὸὁᾶν
3241 807 3459 879 Σισόην,
3493 807 3692 876 λέγων’

2113 884 2259 960 ’Λρα
2285 889 2458 955 οὕτως
2486 891 2706 946 ἐδίωκεν
2732 896 2760 946 6
2781 894 3022 959 Σατανᾶς
3049 898 3177 960 τοὺς
3207 898 3503 968 ἀρχαίους;
3540 900 3695 968 Λέγει

2113 982 2262 1054 αὐτῷ
2293 986 2322 1036 6
2345 985 2522 1056 γέρων
2549 1000 2562 1016 ·
2608 986 2769 1057 "Ap-rt
2804 986 2985 1051 πλέον,
3016 989 3098 1041 ὅτι
3137 992 3165 1042 6
3195 991 3388 1061 καιρὸς
3414 991 3581 1044 αὐτοῦ
3605 993 3695 1062 ἧγ-
3777 1017 3780 1024 ·

2112 1091 2256 1143 γισε,
2293 1077 2386 1130 καὶ
2410 1077 2762 1148 ταράσσεται.

2188 1165 2280 1236 ιβ’.
2312 1166 2643 1240 Ἐπειρὰσθη
2671 1169 2800 1222 ποτὲ
2834 1169 3084 1243 Ἀϐραὰμ
3114 1174 3142 1225 6
3166 1172 3416 1244 μαθητὴς
3439 1173 3536 1226 τοῦ
3559 1173 3696 1226 ἀόἦᾶ

2113 1259 2273 1329 Σισόη
2299 1259 2406 1312 ἀπὸ
2435 1260 2684 1331 δαίμονος
2701 1278 2714 1291 ·
2741 1263 2835 1314 καὶ
2865 1257 3004 1316 εἶδεν
3025 1264 3130 1332 ὁγέ
3139 1282 3249 1335 ρων
3277 1265 3358 1317 ὅτι
3386 1265 3692 1331 πέπτωκεν,

2112 1352 2204 1404 καὶ
2236 1352 2473 1416 ἀναστὰς
2500 1353 2729 1416 ἐξέτεινε
2759 1354 2858 1417 τὰς
2881 1359 3069 1427 χεῖρας
3096 1359 3176 1420 είς
3203 1357 3297 1409 τὸν
3328 1359 3581 1428 οὐρανὸν,
3611 1358 3695 1410 λέ-

2111 1462 2223 1513 γων
2247 1463 2260 1477 ·
2308 1433 2706 1514 Θεὸς,’θέλεις,
2743 1448 2803 1501 οὐ
2834 1448 3030 1512 θέλεις,
3073 1450 3172 1504 οὐκ
3222 1450 3344 1519 ἀφῶ
3375 1468 3458 1516 σε,
3489 1453 3588 1505 ἐὰν
3624 1453 3694 1522 μὴ

2111 1537 2273 1592 αὐτὸν
2303 1537 2666 1612 θεραπεύσῃς.
2708 1541 2817 1592 Kal
2849 1540 3051 1605 εὐθέως
3081 1541 3446 1614 ἐθεραπεύθη.

2184 1720 2270 1782 ιγ’.
2319 1714 2570 1782 Ἀδελφὺς
2604 1715 2856 1788 ἠρώτησε
2896 1717 2988 1770 τὸν
3019 1718 3196 1773 ὰῆὁᾶν
3228 1721 3443 1792 Σισόην,
3475 1723 3685 1790 λέγων’

419 1813 569 1866 hunc
610 1813 665 1867 in
708 1811 969 1866 modum:
998 1811 1252 1879 Agnosco
1292 1809 1612 1862 rnen‘ioriam
1659 1807 1751 1862 Dei
1787 1823 1998 1878 perma-

2138 1803 2260 1876 υρῶ
2310 1805 2568 1874 ἐμαυτὸν,
2610 1783 2692 1859 ὅτι
2741 1783 2790 1876 ἡ-
2825 1810 3012 1880 μνήμη
3065 1810 3158 1862 τοῦ
3207 1809 3343 1865 Θεοῦ
3377 1783 3695 1884 παραμένει

423 1921 554 1960 nere
585 1906 728 1975 apud
762 1919 871 1959 me.
905 1904 995 1956 Ait
1037 1901 1116 1956 illi
1151 1914 1319 1956 senex
1348 1918 1361 1953 :
1395 1897 1517 1954 Non
1549 1914 1745 1968 magna
1775 1913 1865 1954 res
1896 1907 2003 1962 est,

419 1997 805 2067 cogitationem
833 2006 980 2050 tuam
1004 2008 1129 2048 cum
1160 1991 1271 2047 Deo
1293 2006 1446 2057 esse;
1481 1991 1572 2045 sed
1604 1977 1863 2061 magnum
1895 1999 2004 2054 est,

420 2089 738 2157 conspicere
781 2103 840 2142 se
875 2096 1134 2154 tanquam
1181 2083 1329 2138 omni
1377 2091 1630 2138 creatura
1665 2082 2002 2136 inferiorem.

420 2178 472 2231 lil
506 2180 651 2234 enim
682 2193 950 2248 corporeo
983 2176 1152 2231 labori
1181 2175 1454 2244 junctum,
1492 2173 1715 2228 deducit
1749 2174 1814 2228 ad
1849 2173 2008 2229 habi-

417 2283 532 2325 tum
558 2272 907 2326 humilitatis.

488 2362 576 2416 14.
620 2363 735 2433 (44)
754 2362 1084 2418 ιὶείενεοαιιι
1106 2361 1174 2416 de
1196 2360 1390 2416 abbate
1415 2358 1592 2426 Sisoe,
1615 2358 1761 2429 quod
1784 2357 2005 2428 quando

416 2457 578 2512 morti
605 2456 888 2525 proximus
922 2455 1045 2519 fuit,
1095 2452 1413 2510 sedentibus
1455 2453 1604 2508 circa
1654 2467 1781 2507 eum
1831 2450 2006 2504 Patri-

416 2552 544 2616 lms,
588 2551 774 2605 vultus
806 2550 926 2619 ejus
964 2549 1308 2619 resplenduit
1359 2556 1625 2617 tanquam
1679 2546 1799 2610 sol;
1837 2545 2003 2598 dixit-

413 2660 523 2714 que
561 2643 670 2700 illis
702 2662 714 2696 :
743 2642 885 2698 Ecce
927 2643 1098 2697 abbas
1130 2643 1403 2696 Antonius
1436 2640 1606 2695 venit.
1633 2638 1806 2693 Paulo
1833 2646 1956 2708 post
1986 2655 2000 2691 :

415 2737 520 2805 En,
557 2738 758 2808 inquit,
805 2737 956 2790 venit
990 2735 1382 2805 prophetarum
1430 2734 1653 2787 chorus.
1691 2731 2006 2799 lterumque

415 2831 585 2886 l[acies
609 2830 728 2900 ejus
761 2828 1023 2898 majorem
1052 2831 1106 2883 in
1141 2827 1364 2903 modum
1394 2825 1630 2881 refulsit.
1669 2824 1735 2878 Et
1764 2825 1841 2878 ait
1867 2843 1877 2877 :
1901 2820 2001 2888 Evt,

415 2926 620 2978 chorus
677 2922 1053 2992 apostolorum
1109 2921 1366 2975 accessit.
1413 2919 1716 2988 Adliueque
1766 2933 1828 2972 os
1884 2917 2004 2987 ejus

415 3017 584 3087 duplo
608 3015 928 3086 fulgentius
963 3015 1157 3070 evasit.
1199 3013 1342 3068 Ecce
1387 3020 1570 3067 autem
1607 3014 1811 3082 ipsum,
1841 3011 2000 3080 quasi

2111 1914 2200 1964 μοι
2222 1899 2282 1950 ⁸⁸.
2304 1898 2467 1966 Λέγει
2500 1899 2650 1970 αὐτῷ
2669 1903 2696 1953 6
2726 1900 2904 1971 γέρων
2927 1920 2939 1931 ·
2982 1903 3095 1955 υύκ
3127 1903 3244 1957 ἐστι
3277 1905 3442 1974 μέγα,
3469 1907 3532 1958 τὸ
3555 1902 3695 1961 εἶναι

2105 1989 2196 2041 τὸν
2230 1990 2487 2060 λογισμόν
2538 2009 2632 2045 σου
2679 1994 2815 2064 μετὰ
2847 1993 2941 2047 τοῦ
2971 1995 3105 2048 Θεοῦ
3133 2013 3145 2024 ·
3199 1997 3342 2068 μέγα
3379 1999 3435 2051 δέ
3463 1999 3604 2063 ἐστι,
3638 2001 3697 2054 τὸ

2107 2082 2300 2136 ἑαυτὸν
2328 2084 2460 2154 ὁρᾷν
2487 2085 2742 2138 ὑποκάτω
2766 2087 2947 2158 πάσης
2971 2089 3070 2158 τῆς
3109 2090 3358 2152 κτίσεως.
3385 2090 3560 2144 Τοῦτο
3587 2092 3696 2164 γὰρ

2105 2176 2200 2230 καὶ
2231 2177 2260 2227 6
2295 2177 2605 2248 σωματικὸς
2639 2179 2806 2243 κόπος
2843 2180 3028 2251 ὁδηγεῖ
3057 2182 3137 2244 είς
3171 2182 3262 2234 τὸν
3302 2183 3401 2253 τῆς
3431 2201 3695 2238 ταπεινοο

2107 2269 2381 2341 φροσύνης
2401 2271 2602 2342 τρόπον
2629 2270 2762 2341 (46).

2178 2364 2257 2417 ιδ’.
2297 2364 2522 2433 Ἔλεγον
2557 2365 2802 2437 περὶτοῦ
2832 2365 2977 2418 ἀϐὅί
3005 2366 3188 2438 Σισόη,
3229 2367 3312 2420 ὅτι
3350 2368 3439 2420 ὅτε
3488 2368 3688 2440 ἔμελλε

2105 2457 2380 2530 τελευτᾷν,
2411 2458 2735 2529 καθημένων
2759 2459 2866 2512 τῶν
2888 2461 3149 2532 Πατέρων
3178 2461 3317 2533 πρὸς
3343 2462 3507 2514 αὑτὸν
3529 2463 3696 2532 ἔλαμ-

2105 2549 2174 2619 ψε
2208 2550 2269 2602 τὸ
2296 2550 2586 2620 πρόσωπον
2612 2549 2778 2604 αὑτοῦ
2808 2551 2884 2614 ὼς
2911 2554 2940 2604 6
2965 2552 3142 2622 ἥλιος⁸
3169 2555 3264 2606 καὶ
3291 2553 3440 2623 λέγει
3472 2554 3695 2619 αὐτοῖς’

2121 2642 2250 2696 Ἰδοὺ
2289 2645 2318 2697 6
2350 2642 2524 2707 6:661;
2569 2642 2850 2707 Ἀντώνιος
2888 2640 3041 2716 ἦλθε.
3074 2643 3178 2697 Kal
3207 2647 3344 2714 μετὰ
3378 2646 3576 2718 μικρὸν
3607 2647 3694 2700 λέ-

2109 2751 2222 2802 γει·
2282 2735 2412 2788 Ἰδοὺ
2437 2735 2465 2788 6
2492 2735 2649 2804 χορὸς·
2671 2735 2779 2788 τῶν
2811 2737 3106 2807 προφητῶν
3139 2733 3290 2808 ἦλθε.
3313 2738 3424 2790 Kal
3448 2739 3617 2791 πάλιν
3642 2739 3698 2791 =6

2107 2828 2397 2898 πρόσωπον
2415 2827 2578 2880 αὑτοῦ
2602 2827 2935 2898 περισσῶς¹³
2953 2827 3160 2900 ἔλαμψε
3177 2847 3188 2858 ·
3219 2831 3313 2882 καὶ
3343 2826 3496 2884 εἶπεν
3513 2846 3528 2860 ·
3561 2829 3695 2882 Ἰδοὺ

2106 2923 2135 2974 6
2180 2922 2340 2991 χορὸς
2385 2920 2492 2974 τῶν
2535 2921 2848 2974 ἀποστόλων
2882 2916 3034 2992 ἦλθε.
3084 2923 3195 2975 Kal
3235 2923 3585 2976 ἐδιπλασίασε
3639 2924 3698 2975 τὺ

2107 3015 2398 3084 πρόσωπον
2433 3013 2597 3066 αὑτοῦ
2633 3013 2826 3066 πάλιν·
2882 3014 2976 3068 καὶ
3006 3013 3114 3068 ἰδοὺ
3144 3015 3305 3078 αὐτὸς
3341 3015 3417 3078 ὡς
3445 3017 3592 3086 μετὰ
3620 3033 3698 3067 τι-

415 3123 542 3164 (δυῐη
572 3108 902 3180 quibusdam
932 3107 1269 3177 loquentem.
1300 3107 1490 3176 Itaque
1516 3111 1850 3176 rogaverunt
1874 3119 1998 3158 eum

2138 3124 2213 3160 ων
2242 3105 2440 3158 λαλῶν.
2468 3106 2577 3159 Kal
2607 3105 2904 3177 ἐδεήθησαν
2933 3104 3097 3158 αὑτοῦ
3132 3108 3180 3159 οί
3203 3107 3474 3178 γέροντες,
3506 3108 3697 3176 λέγον-ι

413 3215 604 3266 senes,
651 3199 936 3256 dicentes:
967 3199 1102 3255 Cum
1169 3214 1278 3269 quo
1326 3198 1591 3264 disseris,
1643 3195 1850 3251 Pater?
1899 3194 2005 3248 Re-

413 3292 681 3362 spondit-2
716 3292 911 3363 Angeli
942 3298 1234 3353 venerunt,
1271 3299 1330 3344 ut
1361 3306 1447 3345 me
1480 3298 1794 3353 assumant;
1820 3297 1874 3343 et
1904 3287 2004 3342 ob-

414 3401 590 3448 secro,
633 3394 691 3440 ut
740 3385 1022 3456 permittar
1070 3383 1352 3454 paululum
1399 3399 1559 3452 agere
1599 3383 1998 3452 pmnitentiam.

412 3471 708 3546 Excipiunt
734 3491 940 3532 senes:
965 3473 1084 3530 Non
1115 3491 1241 3547 eges
1266 3475 1614 3545 poenitentia,
1647 3474 1828 3528 Pater.
1859 3471 1999 3525 Tum

412 3585 584 3624 senex
611 3570 679 3624 ad
718 3571 910 3640 ipsos:
940 3568 1176 3632 Revera,
1217 3584 1326 3623 non
1378 3567 1510 3622 mihi
1553 3567 1812 3621 conscius
1856 3580 1997 3627 sum,

417 3663 564 3733 quod
607 3663 948 3735 pmnitentiaa
995 3663 1213 3718 initium
1261 3662 1566 3734 posuerim.
1611 3661 1997 3714 lntellexerunt

410 3770 542 3810 vero
585 3770 800 3819 omnes,
843 3770 966 3810 eum
1023 3769 1146 3811 esse
1185 3753 1526 3826 'perfectum.
1582 3752 1782 3806 lterum
1832 3750 2000 3804 facies

405 3849 559 3903 illius
595 3849 780 3903 subito
811 3847 951 3902 facta
988 3856 1074 3903 est
1098 3849 1248 3903 velut
1275 3848 1356 3904 sol
1384 3867 1397 3902 :
1431 3863 1496 3902 ex
1529 3863 1639 3918 quo
1666 3845 1843 3901 territi
1871 3853 2000 3899 sunt

409 3940 616 3995 cuncti.
665 3940 756 3993 Ait
807 3939 913 3994 illis
944 3958 958 3994 :
994 3939 1205 4004 Videte,
1244 3939 1510 3993 Dominus
1552 3939 1725 4000 venit,
1761 3936 1994 3993 dicens:

411 4032 616 4088 Aﬂ‘erte
645 4032 776 4086 mihi
809 4033 1098 4088 electionis
1139 4049 1237 4088 vas
1265 4033 1458 4088 eremi.
1488 4030 1796 4100 Statimque
1828 4030 1999 4084 tradi-

407 4125 489 4178 dit
513 4123 786 4192 spiritum.
808 4124 886 4178 Ac
916 4124 1093 4179 evasit
1120 4131 1382 4193 tanquam
1415 4123 1599 4192 fulgur
1623 4164 1637 4186 ,
1666 4137 1767 4176 nec
1788 4136 1895 4176 non
1919 4137 2000 4176 re-

404 4217 592 4284 pletus
625 4223 708 4270 est
736 4223 885 4270 totus
919 4216 1072 4270 locus
1101 4215 1246 4269 bono
1273 4216 1462 4269 odore.

481 4309 568 4362 l5.
612 4307 723 4378 (45)
757 4307 1045 4364 Profectus
1091 4317 1176 4364 est
1224 4309 1394 4364 abbas
1442 4307 1743 4376 Adelplnus
1785 4308 1998 4376 cpisco-

405 4416 513 4470 pus
534 4399 850 4469 Nilopoleos
891 4400 958 4454 ad
989 4401 1243 4456 abbatem
1275 4398 1486 4455 Sisoem
1527 4401 1580 4454 in
1620 4409 1858 4452 montem
1901 4398 1996 4452 ab-

2105 3216 2226 3264 τες·
2255 3198 2412 3254 Μετὰ
2461 3197 2607 3262 τίνος
2656 3199 2886 3270 ὁμιλεῖς,
2919 3198 3132 3270 Πάτερ;
3193 3200 3250 3252 'U
3291 3201 3344 3252 δέ
3379 3200 3519 3270 ἔφη’
3565 3201 3697 3254 Ἰδοὺ

2105 3295 2324 3364 ἄγγελοι
2356 3290 2517 3365 ἦλθον
2565 3294 2752 3347 λαϐεῖν
2784 3311 2872 3364 με,
2907 3293 3001 3346 καὶ
3044 3292 3346 3364 παρακαλῶ
3389 3293 3476 3345 ἵνα
3507 3291 3702 3360 ἀφεθὺ

2108 3389 2440 3459 μετανοῆσαι
2477 3387 2690 3458 μικρόν.
2726 3387 2838 3439 Καὶ
2865 3385 3115 3454 λέγουσιν
3151 3385 3299 3457 αὐτῷ
3328 3387 3375 3437 οἱ
3402 3384 3697 3455 γέροντες·

2105 3481 2180 3533 Οὐ
2207 3480 2394 3551 χρείαν
2424 3479 2568 3550 ἔχεις
2613 3478 2968 3550 μετανοῆσαι,
2995 3479 3199 3550 Πάτερ.
3257 3461 3392 3531 Elite
3419 3476 3475 3529 δέ
3501 3478 3701 3540 ἀὐτοῖς

2103 3575 2131 3625 6
2165 3573 2346 3644 γέρων
2367 3589 2382 3604 ⁸
2413 3571 2575 3624 Φύσει
2603 3573 2704 3624 οὐκ
2732 3566 2850 3625 οῖδα
2890 3570 3126 3642 ἐμαυτὸν
3146 3573 3230 3625 ὅτι
3268 3569 3458 3622 ἔϐαλον
3491 3570 3697 3639 ἀρχήν.

2103 3667 2212 3718 Καὶ
2239 3665 2439 3736 ἔμαθον
2466 3665 2666 3728 πάντες
2694 3666 2776 3718 ὃτι
2803 3663 3006 3728 τέλειός
3037 3667 3176 3717 ἐστι.
3208 3662 3319 3716 Καὶ
3351 3661 3519 3714 πάλιν
3541 3662 3703 3730 ἄφνω

2103 3758 2318 3826 ἐγένετο
2357 3758 2419 3810 τὸ
2453 3757 2744 3828 πρόσωπον
2782 3756 2946 3810 αὐτοῦ
2978 3756 3054 3819 ὠς
3084 3758 3113 3808 6
3143 3754 3326 3825 ἥλιος
3363 3755 3456 3807 καὶ
3491 3753 3703 3823 ἐφοεήο

2102 3849 2274 3920 θησαν
2309 3851 2528 3912 πάντες.
2561 3849 2847 3920 Καὶλέγει
2885 3849 3068 3912 αὐτοῖς
3088 3866 3100 3880 ·
3148 3847 3404 3908 Βλέπετε,
3436 3849 3464 3899 6
3486 3845 3702 3918 Κύριος

2099 3940 2252 4015 ἦλθε,
2284 3944 2379 3998 καὶ
2404 3943 2582 4013 λέγει’
2615 3943 2812 4016 Φέρετέ
2847 3960 2936 4014 μοι
2959 3942 3019 3995 τὸ
3041 3941 3294 4003 σκεῦος¹⁸
3323 3939 3423 4009 τῆς
3455 3942 3702 4010 ἐρήμου.

2101 4037 2213 4089 Kal
2238 4036 2439 4097 εὐθέως
2472 4035 2755 4106 παρέδωκε
2777 4034 2845 4066 ¹⁴⁵⁶
2874 4033 2934 4088 τὸ
2969 4033 3207 4104 πνεῦμα.
3233 4031 3341 4084 Καὶ
3369 4030 3596 4096 ἐγένετο
3628 4031 3705 4091 ὡς

2101 4127 2355 4198 ἀστραπή
2374 4144 2389 4155 ³
2427 4127 2518 4179 καὶ
2547 4125 2790 4196 ἐπλήσθη
2814 4125 2932 4189 ὅλος
2965 4126 2994 4177 6
3023 4121 3171 4188 οἶκος
3189 4125 3230 4156 *⁵
3259 4122 3511 4184 εὐωδίας.

2175 4310 2253 4356 ιε’.
2284 4300 2596 4373 Παρέϐαλεν
2629 4302 2658 4352 6
2703 4299 2878 4363 61665.;
2930 4297 3199 4366 Ἀδέλφιος
3236 4295 3539 4354 ἐπίσκοπος
3567 4290 3708 4344 Nat-

2098 4398 2404 4459 λουπόλεως
2445 4397 2581 4468 πρὸς
2625 4395 2716 4448 τὸν
2751 4395 2925 4448 ἀὸϐἆν
2956 4393 3171 4462 Σισὸην,
3221 4391 3302 4453 είς
3347 4389 3406 4440 τὸ
3435 4389 3572 4458 ὅρος
3610 4387 3709 4439 τοῦ

407 4491 550 4546 batis
573 4492 813 4548 Antonii.
843 4491 1093 4563 Cumque
1115 4494 1414 4559 discessuri
1449 4501 1663 4557 essent,
1702 4503 1994 4560 antequam

2138 4493 2250 4546 666'.
2293 4491 2600 4544 Ἀντωνίου.
2633 4489 2743 4542 Kal
2770 4486 2844 4551 ὡς
2875 4485 3108 4558 ἦμελλον
3145 4482 3399 4547 ἐξελθεῖν,
3432 4481 3573 4550 πρὶν
3609 4482 3712 4532 αὐ-

408 4585 515 4639 iter
543 4583 991 4654 aggrederentur,
1024 4585 1241 4640 curavit
1271 4593 1330 4639 ut
1359 4600 1388 4638 a
1417 4599 1575 4639 mane
1601 4583 1952 4639 comederent
1977 4601 1989 4636 :

405 4686 526 4731 erat
558 4686 740 4732 autem
775 4676 974 4746 jejunii
1004 4676 1139 4732 dies.
1176 4675 1472 4746 Postquam
1524 4691 1656 4746 ergo
1692 4684 1995 4745 posuerunt

408 4783 676 4834 mensam,
711 4783 841 4823 ecce
864 4767 1066 4823 fratres
1099 4769 1341 4838 pulsant.
1370 4767 1516 4821 Dixit
1544 4769 1820 4837 discipulo
1844 4784 1946 4822 suo
1975 4787 1987 4822 :

406 4859 586 4913 Trade
629 4859 738 4914 illis
772 4874 997 4929 parvam
1035 4861 1260 4930 pultem,
1312 4862 1441 4930 quia
1499 4860 1782 4931 defatigati
1837 4870 1989 4914 sunt.

405 4950 495 5002 Ait
534 4949 590 5004 ei
635 4951 807 5007 abbas
849 4951 1152 5022 Adelphius
1184 4972 1196 5007 :
1232 4951 1362 5007 Sine
1414 4953 1626 5023 utique,
1668 4967 1738 5006 ne
1782 4951 1989 5016 dicant,

2104 4585 2230 4646 τοὺς
2252 4581 2487 4642 ὁδεῦσαι,
2526 4579 2781 4647 ἐποίησεν
2821 4576 3017 4638 αὐτοὺς
3058 4572 3354 4644 γεύσασθαι
3383 4571 3494 4624 ἀπὸ
3515 4573 3708 4642 πρωῒ·

2102 4671 2170 4746 ἦν
2201 4674 2258 4727 δὲ
2273 4672 2516 4741 νηστεία.
2536 4673 2644 4725 Kal
2669 4669 2744 4734 ὡς
2773 4670 2974 4739 ἔθηκαν
3003 4665 3302 4739 τράπεζαν,
3329 4663 3436 4716 ἰδοὺ
3467 4663 3715 4732 ἀδελφοὶ

2101 4765 2408 4836 κρούονσιν.
2459 4761 2593 4817 Eia-:5
2639 4763 2694 4816 δὲ
2731 4761 2808 4833 τῷ
2845 4761 3058 4833 μαθητῇ
3110 4757 3308 4812 αὑτοῦ·
3369 4756 3469 4820 Δὸς
3505 4757 3716 4815 αὐτοῖς

2106 4857 2306 4929 μικρὰν
2336 4858 2568 4927 ἁθήραν,
2621 4858 2700 4909 ὅτι
2735 4857 2844 4910 ἀπὸ
2872 4855 3041 4908 κόπου
3084 4852 3211 4905 εἰσί.
3270 4849 3432 4918 Λέγει
3477 4847 3653 4918 αὐτῷ
3686 4850 3716 4899 6

2102 4951 2276 5015 ἀ66ἄς
2314 4951 2619 5020 Ἀδέλφιος’
2673 4950 2844 5019 (Αφες
2880 4947 3038 5011 τέως,
3074 4946 3163 4999 ἵνα
3196 4943 3273 5016 μὴ
3296 4943 3533 4997 εἴπωσιν
3558 4944 3654 4996 ὅτι
3690 4944 3720 4993 6

475 5105 626 5180 {AL
657 5104 1052 5180 δοκιμῷτατος.
1130 5109 1172 5139 ¹¹
1205 5108 1288 5162 Al.
1328 5125 1430 5178 μου
1461 5107 1539 5178 τῷ
1564 5107 1684 5178 Θεῷ
1709 5109 2034 5180 παραμένει.
2082 5107 2124 5138 ⁸³
2152 5108 2237 5162 Al.
2273 5107 2680 5180 περισσότερον.
2758 5105 2801 5137 ¹¹⁵
2829 5106 2910 5159 Al.
2942 5105 3046 5160 ins.
3071 5106 3168 5176 τῆς
3207 5101 3462 5172 ἐκλογῆς.
3515 5104 3596 5133 ’δ’
3625 5104 3717 5158 Al.

404 5176 676 5231 ἀπέδωκε.
751 5178 793 5210 ⁸⁵
827 5178 912 5233 Al.
946 5179 1129 5241 τόπος.

479 5362 592 5433 (M)
643 5361 752 5433 fit.
785 5360 944 5433 Patr.
974 5377 1062 5420 xv.
1081 5358 1231 5433 7654;
1265 5357 1424 5414 Joan.
1449 5357 1639 5414 Geom.
1668 5356 1869 5411 Parad.
1896 5358 1986 5414 55.

502 5433 588 5504 62)
636 5431 936 5504 Yit.1_’atr.
974 5447 1034 5494 ιι,
1069 5430 1165 5504 υ.
1234 5501 1260 5504 _
1381 5473 1385 5477 .

499 5499 590 5571 45)
643 5503 749 5558 Vit.
779 5502 937 5557 Patr.
978 5518 1068 5567 xv,
1100 5502 1198 5568 47;
1234 5501 1459 5558 Dorotli.
1509 5499 1690 5557 Doctr.
1717 5502 1770 5555 Ξ.

501 5576 588 5643 Η)
643 5574 744 5628 Vit.
780 5573 938 5643 I_’atr.
974 5588 1056 5636 In,
1090 5573 1141 5626 6.

501 5585 588 5643 ιη)
644 5585 744 5628 Vit.
780 5585 938 5631 Patr.
974 5588 1056 5636 Ill,
1090 5585 1141 5626 ο.

475 5585 590 5718 iw)
640 5645 746 5718 l’it.
777 5641 939 5718 Patr.
966 5659 1086 5718 vni,
1123 5643 1205 5718 15:

478 5713 588 5784 (46)
641 5713 881 5784 Ὀδητεῐ
891 5717 978 5780 είς
1005 5714 1112 5784 τὸν
1133 5713 1241 5779 τῆς
1261 5713 1827 5784 ταπεινοφροσύνης
1853 5713 1983 5779 τρό-

407 5800 543 5845 «cr.
574 5781 776 5844 Eadem
793 5781 1016 5843 Versio:
1049 5781 1276 5853 Corriyit
1305 5797 1353 5838 et
1387 5785 1532 5837 ducit
1564 5781 1632 5836 ad
1666 5783 1980 5838 humilitatis

2097 5359 2260 5420 uiam,
2296 5359 2401 5412 nisi
2428 5359 2473 5412 si
2524 5356 2723 5410 melius
2771 5370 2986 5409 meeum
3027 5362 3225 5423 putas,
3287 5353 3500 5421 dirigit.
3543 5353 3723 5420 Quod

2097 5437 2310 5497 spei-tat
2329 5429 2394 5480 ad
2420 5425 2839 5497 _Apophlhegma.
2865 5427 2938 5478 ita
2964 5425 3151 5497 reperi
3171 5425 3224 5476 in
3248 5425 3373 5497 cod.
3406 5423 3721 5497 Colbert.:

2108 5493 2359 5566 ’Ᾱδελφὸς
2392 5493 2545 5550 εἶπεν
2568 5496 2646 5566 τῷ
2677 5493 2821 5567 ἆϐὅᾷ
2853 5493 3076 5567 Ποιμένι
3097 5511 3110 5524 ·
3142 5494 3284 5564 ’0ρῶ
3309 5495 3577 5567 ἐμαυτὸν
3599 5496 3727 5549 διας

2093 5565 2296 5638 παντὸς
2343 5567 2480 5638 μετὰ
2509 5565 2627 5620 τοῦί
2651 5565 2810 5631 Θεοῦζ
2848 5568 2940 5619 καὶ
2982 5565 3057 5638 μὴ
3084 5566 3463 5638 ἀφιστάμενον
3502 5565 3723 5638 Δεἰλινιξςξ

2096 5635 2241 5707 μέγα
2277 5634 2416 5709 ἐστὶ,
2459 5639 2642 5709 Πάτερ
2663 5655 2676 5703 ;
2701 5638 2866 5705 Λέγει
2891 5634 3099 5706 ato-cpe
3123 5637 3301 5709 γέρων
3323 5653 3338 5666 ·
3547 5650 3562 5663 ’
3598 5634 3726 5688 ἀλλ’

2090 5705 2218 5832 ἓτσὲν
2250 5708 2364 5778 ἴδῃς
2400 5710 2589 5764 ἑαυτὸν
2613 5705 2876 5764 ἐλάττονα
2907 5705 3143 5773 πάντων,
3175 5705 3298 5758 τότε
3339 5707 3418 5767 εἰς
3450 5705 3528 5758 τὸ
3568 5709 3727 5775 μέγα

2122 5797 2155 5832 ις
2195 5796 2352 5832 ασας.

2122 5796 2352 5847 φυασας.
