3828 6312
113 297 206 356 397
1183 285 1684 344 APOPHTHEGSI‘.
1700 287 1790 340 TA
1841 285 2151 342 PATRUM.

3245 291 3352 350 303

113 415 267 470 ἀδεεῖς
295 409 484 482 Σισὸης
515 407 624 462 ἀπὸ
655 406 798 478 πρωϊ
825 405 1015 458 ἐσθίει.
1063 405 1172 458 Καὶ
1201 405 1502 476 προσέσχεν
1525 404 1672 476 αὐτῷ

1786 405 2024 460 abbatem
2050 405 2260 460 Sisoem
2285 405 2352 458 d’e
2380 419 2538 458 inane
2565 403 2914 460 manducare.
2945 403 3010 458 Et
3035 405 3265 460 intendit
3297 409 3352 462 in

111 505 332 574 σγέρων,
369 501 462 554 καὶ
496 499 646 568 λέγει
667 498 746 569 τῷ
779 495 992 566 ἀδελφῷ
1013 512 1025 524 ·
1079 495 1317 564 Ὕπαγε,
1348 497 1436 558 δὸς
1465 497 1662 558 αὐτοῖς.

121 597 194 656 Ὦς
223 587 308 646 οὗν
345 585 482 642 εἶδον
525 589 624 659 τὴν
659 589 894 660 ἀθήραν,
923 582 1104 638 εἷπον·
1141 585 1233 656 Μὴ
1265 585 1448 651 ξένους
1478 586 1626 655 ἔχετε
1652 603 1668 652 ;

111 689 178 758 μὴ
199 685 296 756 ἄρα
317 684 410 736 καὶ
435 683 464 734 6
489 682 669 752 γέρων
703 679 822 752 μεθ’
845 681 874 733 ὑ
884 678 998 750 μῶν
1025 677 1194 732 ἐσθίει
1215 695 1230 744 ;
1258 679 1368 730 Καὶ
1395 675 1546 730 εἶπεν
1577 679 1672 730 αὑ-

112 783 205 842 τοῖς
229 779 256 830 6
307 775 560 843 ἀδελφός·
623 772 750 827 Ναί.
813 769 1087 844 Ἤρξαντο
1117 765 1209 822 οὖν
1241 767 1542 830 θλίϐεσθαι,
1577 769 1671 822 καὶ

111 871 294 938 λέγειν·
335 867 670 938 Συγχωρήσῃ
717 865 844 935 ὑμῖν
895 863 924 916 6
961 861 1114 924 Θεὸς,
1166 861 1247 914 ὅτι
1297 861 1388 914 τὸν
1439 861 1670 931 γέροντα

112 965 332 1032 ἀφήκατε
367 962 560 1028 φαγεῖν
615 959 759 1030 ἄρτι.
795 955 863 1008 Ἦ
901 955 1002 1006 οὐκ
1031 953 1209 1006 οἴδατε
1233 953 1315 1006 ὅτι
1346 953 1436 1004 ἐπὶ
1469 951 1670 1015 πολλὰς

111 1055 293 1122 ἡμέρας
317 1052 424 1120 ἔχει
443 1051 484 1082 ⁸⁸
503 1050 763 1103 κοπιάσαι
781 1063 795 1112 ;
813 1047 923 1100 Καὶ
941 1045 1174 1116 ἦκουσεν
1197 1044 1374 1096 αὐτῶν
1396 1046 1424 1098 6
1443 1043 1668 1096 ἐπίσκο-

113 1163 212 1208 πος,
241 1145 328 1197 καὶ
349 1142 508 1196 ἔϐαλε
551 1141 838 1212 μετάνοιαν
859 1138 938 1208 τῷ
959 1138 1198 1209 γέροντι,
1220 1137 1392 1206 λέγων
1409 1154 1423 1167 ·
1456 1133 1670 1206 Συγχώ-

111 1236 253 1306 ρητόν
279 1253 384 1306 μοι,
417 1233 582 1296 6665i,
613 1234 696 1286 δτι
735 1229 1075 1306 ἀνθρώπινόν
1112 1246 1165 1282 τι
1193 1228 1554 1299 ἐλογισάμην·
1601 1229 1666 1281 σὺ

109 1327 154 1377 vi";
175 1325 226 1376 τὸ
250 1323 338 1376 τοῦ
369 1322 506 1376 Θεοῦ
534 1317 813 1392 ἐποίησας.
846 1319 954 1374 Καὶ
981 1318 1126 1388 λέγει
1155 1319 1304 1391 αὐτῷ
1333 1321 1362 1372 6
1385 1318 1558 1382 6666;
1581 1318 1670 1370 Σι-

115 1419 244 1488 σὸηςο
282 1417 403 1468 Ἐὰν
435 1415 512 1486 μὴ
543 1417 571 1468 6
599 1414 730 1478 Θεὸς
763 1412 960 1486 δοξάσῃ
996 1412 1302 1480 ἄνθρωπον,
1340 1413 1374 1484 ἡ
1407 1410 1534 1477 δόξα
1557 1409 1668 1464 τῶν

111 1505 380 1578 ανθρώπων
413 1506 566 1560 οὐδέν
595 1508 762 1558 ἐστιν.

171 1606 252 1664 ις’.
270 1597 580 1668 Παρέϐαλόν
595 1613 739 1659 τινες
757 1597 796 1627 ¹⁷
817 1595 953 1668 πρὸς
971 1595 1060 1648 τὸν
1086 1593 1260 1648 ἀὸϐᾶν
1283 1593 1478 1664 Σισόην
1498 1593 1666 1648 ἀκοῦ-

113 1707 186 1742 σαι
207 1689 322 1760 παρ’
345 1688 512 1742 αὑτοῦ
535 1688 710 1756 λόγον,
739 1688 830 1741 καὶ
855 1686 1006 1740 οὐδὲν
1039 1687 1222 1748 αὐτοῖς
1241 1685 1472 1756 ὲλὰλησε
1489 1699 1501 1712 ·
1524 1685 1664 1738 πάν-

113 1784 220 1834 τα¹⁸
248 1782 298 1834 δὲ
329 1781 510 1849 ἔλεγε·
557 1778 960 1850 Συγχωρήσατέ
1002 1795 1115 1850 μοι.
1156 1778 1377 1840 ’ἰδόντες
1416 1777 1474 1830 δὲ
1501 1775 1668 1830 αὑτοῦ

111 1875 168 1926 τὰ
189 1873 448 1945 σπυρίδια,
483 1869 638 1926 εἷπον
669 1871 747 1942 τῷ
797 1870 1012 1942 μαθητῇ
1051 1869 1217 1922 αὐτοῦ
1265 1869 1516 1940 Ἀϐραάμ
1541 1886 1554 1898 ·
1603 1869 1666 1921 Τί

117 1971 290 2020 ποιεῖτε
323 1966 392 2020 τὰ
425 1965 684 2036 σπυρίδια
713 1963 919 2030 ταύτας
961 1964 1020 2016 '0
1047 1962 1105 2016 δὲ
1133 1959 1288 2016 εἶπεν
1309 1979 1322 1994 ·
1345 1957 1476 2014 *Ωδε
1509 1963 1670 2016 κάκεῖ

115 2060 440 2130 ἀναλίσκομεν
467 2059 628 2111 αὐτὰ.
689 2055 951 2120 Ἀκούσας
985 2055 1044 2108 δὲ
1085 2057 1113 2108 6
1144 2055 1346 2125 γέρων,
1375 2049 1528 2108 εἶπε·
1559 2057 1671 2108 Καὶ

115 2155 278 2224 Σισόης
305 2153 452 2206 ἔνθεν
483 2149 740 2204 κάκεῖθεν
767 2149 958 2202 ἐσθίει.
983 2148 1046 2200 Οἱ
1075 2147 1134 2200 δὲ
1157 2147 1510 2214 ἀκούσαντες,
1530 2149 1670 2199 πάνυ

114 2243 441 2314 εῐιρελήθησαν
459 2257 474 2270 ο
503 2242 598 2294 καὶ
627 2239 869 2310 ἀπῆλθον
903 2239 1040 2308 μετά
1063 2240 1260 2310 χαρᾶς,
1291 2237 1672 2310 οἰκοδομηθέν-

115 2353 188 2398 τες
207 2337 278 2398 εἰς
307 2335 404 2406 τὴν
437 2331 772 2388 ταπείνωσιν
801 2328 987 2384 αὑτοῦ.

176 2515 246 2576 ιζ’.
286 2511 599 2584 Ἦρὼτησεν
629 2511 658 2562 6
692 2509 866 2573 6666;
897 2506 1122 2580 Ἀμμὼν
1147 2509 1175 2560 6
1205 2507 1304 2578 τῆς
1336 2504 1554 2558 Ῥαῖθοῦ
1581 2503 1672 2558 τὸν

119 2605 264 2658 αὖεᾶιι
299 2607 526 2676 Σισόηνο
595 2605 764 2657 Ὅταν
809 2599 1172 2671 ἀναγινώσκω
1211 2597 1453 2672 Γραφὴν,
1480 2596 1676 2650 θέλειὸ

123 2697 342 2770 λογισμός
377 2715 477 2769 μου
507 2695 866 2767 φιλοκαλῆσαι
899 2694 1078 2762 λόγον,
1111 2693 1196 2746 ἵνα
1226 2692 1334 2762 ἔχω
1361 2692 1440 2754 εἰς
1463 2685 1675 2758 ἐπερώ-

123 2808 260 2860 τημα.
300 2791 458 2860 Λέγει
501 2791 656 2862 αύτῷ
690 2793 719 2843 6
763 2789 943 2860 γέρων
966 2803 979 2816 ·
1031 2787 1146 2840 Οὐκ
1172 2785 1288 2838 ἔστι
1313 2784 1473 2855 χρεία
1499 2800 1512 2814 ’
1540 2781 1675 2836 ἀλλά

125 2882 295 2948 μῦλον
325 2884 388 2934 ὲκ
413 2881 518 2951 τῆς
549 2880 927 2952 καθαρρτητος
959 2876 1052 2930 τοῦ
1079 2877 1198 2940 νοὸς
1231 2875 1430 2946 κτῆσαι
1461 2872 1674 2944 σεαυτῷ

125 2979 198 3028 καὶ
221 2977 274 3030 τὸ
301 2978 630 3047 ἀμεριμνεῖν
665 2975 838 3028 καὶτὸ
869 2973 1072 3042 λέγειν.

184 3077 260 3140 ιη’.
309 3069 594 3140 Παρέόαλέ
623 3083 756 3120 ποτε
785 3065 1046 3135 κοσμικὸς
1087 3063 1224 3132 ἔχων
1255 3063 1346 3116 τὸν
1373 3061 1486 3114 υίδν
1511 3060 1674 3113 αὑτοῦ

127 3161 236 3224 τινὸς
279 3162 364 3214 τδν
409 3161 590 3215 ἀδϐᾶν
633 3160 847 3230 Σισὸην,
887 3160 966 3221 είς
995 3157 1055 3209 τὸ
1088 3157 1211 3226 ὅρος
1245 3155 1340 3208 τοῦ
1375 3154 1518 3208 6665i.
1555 3155 1674 3206 Ἀν-

125 3255 286 3306 τωνίου
303 3271 314 3283 ·
347 3257 440 3308 καὶ
469 3253 616 3307 κατὰ
641 3254 742 3324 τὴν
768 3253 887 3306 ὁδὸν
915 3250 1110 3321 συνέϐη
1130 3248 1420 3302 ἀποθανεῖν
1449 3250 1540 3301 τὸν
1563 3247 1676 3300 υἱὸν

129 3347 266 3399 αὖτοῦ
285 3363 296 3374 ’
331 3349 424 3401 καὶ
448 3348 553 3400 ούκ
581 3343 875 3417 ἐταράχθη,
902 3343 1014 3398 ἀλλ’
1039 3342 1227 3394 ἔλαϐεν
1251 3341 1412 3393 αὑτὸν
1433 3339 1569 3411 πρὸς
1587 3341 1677 3391 τὸν

129 3439 323 3507 γέροντα
349 3439 556 3502 πίστει,
589 3438 680 3489 καὶ
711 3435 1016 3500 προσέπεσε
1047 3433 1182 3504 μετὰ
1209 3429 1303 3482 τοῦ
1331 3429 1448 3482 υἱοῦ
1478 3430 1552 3492 ὡς
1585 3446 1679 3500 με-

131 3531 309 3586 τάνοιαν
336 3530 527 3595 ποιῶν,
551 3529 694 3582 ὥστε
717 3527 1076 3596 εὐλογηθῆναι
1102 3523 1256 3594 παρὰ
1279 3521 1372 3574 τοῦ
1405 3519 1674 3593 γέροντος.

131 3623 218 3675 Καὶ
241 3624 464 3688 ἀναστὰς
499 3625 530 3676 6
560 3623 742 3693 πατὴρ
773 3620 1028 3674 κατέλιπε
1053 3619 1114 3672 τὸ
1146 3615 1353 3670 παιδίον
1391 3615 1526 3684 πρὸς
1555 3613 1680 3676 τοὺς

132 3715 267 3778 παῖδας
288 3716 376 3768 τοῦ
401 3716 680 3787 γέροντος,
717 3715 810 3766 καὶ
831 3709 1051 3782 ἐξῆλθεν
1079 3709 1184 3774 ἔξω
1207 3709 1270 3761 ³³.
1305 3708 1364 3760 Ὀ
1392 3705 1448 3758 δὲ
1479 3705 1676 3775 γέρων,

131 3803 328 3872 νομίζων
367 3806 446 3858 ὅτι
506 3805 796 3874 μετάνοιαν
849 3799 1000 3870 αὐτῷ
1053 3797 1256 3868 βάλλει,
1313 3795 1460 3862 λέγει
1495 3791 1674 3862 αὐτῷ’

143 3899 360 3964 Ἀνάστα,
397 3897 582 3963 ἔξελθε
609 3896 714 3962 ἔξω
737 3913 748 3925 ·
793 3895 854 3947 ού
882 3891 992 3964 γὰρ
1021 3891 1137 3962 ᾔδει
1172 3889 1254 3942 ὅτι
1284 3885 1538 3940 ἀπέθανε.
1571 3885 1682 3938 Καὶ

133 3991 431 4060 πιραχρῆμα
479 3989 684 4058 ἀνέστη
713 3987 806 4040 καὶ
855 3983 1068 4054 ἐξῆλθε.
1127 3981 1239 4035 Καὶ
1291 3977 1411 4032 ἰδὼν
1455 3978 1616 4031 αὑτὸν
1651 3978 1680 4029 6

135 4083 282 4153 πατὴρ
309 4082 492 4146 αὐτοῦ,
513 4081 706 4150 ἐξέστη
724 4097 738 4109 ⁸
783 4079 876 4131 καὶ
903 4073 1159 4130 εἰσελθὼν
1199 4070 1573 4144 προσεκύνησε
1601 4069 1681 4138 τῷ

135 4175 314 4244 γέροντι
335 4217 351 4240 ,
385 4177 478 4228 καὶ
513 4169 834 4242 ἀνήγγειλεν
859 4167 1008 4238 αὐτῷ
1026 4166 1086 4219 τὸ
1125 4165 1376 4236 πρῶγμα.
1418 4161 1682 4223 Ἀκούσας

133 4266 176 4318 ξε
199 4267 428 4338 ὁγέρων,
463 4263 748 4334 ὲλυπήθη’
784 4261 844 4314 οὐ
880 4259 990 4331 γὰρ
1023 4257 1180 4328 ἡθελε
1213 4255 1372 4310 τοῦτο
1405 4252 1678 4324 γενέσθαι.

137 4357 438 4428 Παρήγγειλε
463 4359 522 4410 δὲ
553 4353 700 4424 αύτῴ
727 4355 754 4407 6
785 4351 1031 4424 μαθητὴς
1057 4347 1242 4412 αὑτοῦ,
1277 4346 1464 4418 μηδενὶ
1488 4346 1680 4406 εἰπεῖν,

137 4449 218 4512 ἕως
239 4451 326 4522 τῆς
354 4449 616 4518 τελευτῆς
639 4447 736 4500 τοῦ
770 4445 1042 4516 γέροντος.

193 4537 262 4589 ιϐ’.
295 4540 448 4610 Τρεῖς
493 4537 750 4608 γέροντες
803 4532 1112 4604 παρέϐαλον
1164 4529 1242 4602 τῷ
1297 4527 1442 4600 ἁεϐᾷ
1494 4527 1678 4598 Σισόῃ,

137 4628 422 4694 ἀκούσαντες
449 4629 520 4684 τὰ
544 4629 670 4700 περὶ
692 4626 874 4680 αὐτοῦ.
901 4623 1012 4678 Καὶ
1039 4621 1190 4690 λέγει
1223 4620 1370 4690 αὑτῷ
1391 4621 1418 4672 6
1441 4618 1676 4690 πρῶτος

137 4719 302 4794 Πάτερ,
330 4724 444 4786 πῶς
469 4721 708 4791 δύναμαι
742 4717 982 4787 σωθῆναι
1004 4715 1113 4768 ἀπὸ
1133 4713 1226 4767 τοῦ
1255 4712 1480 4784 πυρίνου
1515 4726 1680 4763 ποτα-

139 4809 250 4878 μοῦ;
295 4813 348 4867 Ὀ
373 4813 430 4866 δὲ
459 4815 564 4866 οὐκ
595 4809 867 4880 ἀπεκρίθη
908 4807 1078 4876 αὐτῷ.
1135 4805 1297 4872 Λέγει
1331 4801 1478 4872 αύτῷ
1501 4802 1529 4852 6
1558 4801 1679 4853 δεύ-

135 4915 292 4970 τερος·
331 4903 534 4972 Πάτερ,
571 4899 690 4962 πῶς
715 4898 950 4967 δύναμαι
987 4894 1222 4964 σωθῆναι
1258 4892 1365 4945 ἀπὸ
1405 4891 1499 4943 τοῦ
1546 4890 1680 4962 βρυ-

137 4992 250 5059 γμοῦ
275 4993 374 5048 τῶν
400 4995 652 5056 ὀδόντων,
677 4991 774 5044 καὶ
801 4992 866 5042 ὲκ
896 4985 988 5040 τοῦ
1013 4985 1296 5056 σκώληκος
1321 4983 1416 5035 τοῦ
1448 4983 1684 5053 ἀκοιμή-

135 5101 236 5150 tau;
262 5089 414 5156 Λέγει
441 5089 592 5160 αὐτῷ
624 5089 652 5142 6
683 5087 866 5159 τρίτος
886 5101 900 5114 ⁸
937 5083 1140 5154 Πάτερ,
1180 5081 1232 5135 τί
1265 5083 1500 5152 ποιήσω,
1534 5080 1616 5133 ὃτι
1645 5083 1678 5150 ἡ

141 5179 294 5250 μνήμη
321 5181 408 5235 τοῦ
441 5181 710 5252 ὲξωτέρου
761 5177 986 5240 σκότους
1019 5175 1232 5242 φονεύει
1267 5191 1365 5244 με;
1430 5175 1682 5244 Ἀποκρι-

141 5269 228 5332 Lai;
261 5275 312 5327 δὲ
337 5278 364 5328 ὁ
387 5277 568 5345 γέρων
612 5269 762 5326 εἶπεν
793 5273 1004 5333 αὐτοῖς·
1051 5267 1194 5336 Ἐγὼ
1236 5267 1450 5330 οὐδενὸς
1478 5266 1683 5319 τούτων

145 5359 416 5436 μέμνημαι·
467 5364 936 5436 φιλεύσπλαγχνος
973 5359 1082 5432 γὰρ
1131 5358 1206 5412 ὢν
1240 5359 1268 5410 6
1295 5358 1446 5421 Θεὸς,
1478 5357 1683 5420 ἐλπίζω

195 5517 234 5549 ¹⁸
257 5519 330 5572 AI.
355 5520 530 5588 ἔχετε.
607 5517 652 5549 ίτ
687 5517 772 5571 Al.
803 5517 911 5570 ins.
953 5514 1126 5569 ἄλλοι.
1207 5515 1249 5546 ⁸⁸
1275 5515 1360 5568 Al.
1397 5513 1653 5567 πάντοτε.

197 5671 291 5742 {57)
339 5671 438 5728 Vir.
485 5675 639 5728 Patr.
677 5689 765 5732 xv.
797 5671 890 5742 Mi.

197 5741 294 5812 (48)
336 5743 442 5798 Vit-
477 5743 633 5800 Ριιιτ.
667 5758 788 5804 vm,
821 5741 899 5794 16.

1783 513 1908 552 eum
1935 513 2122 564 senex,
2152 496 2538 566 mandavitque
2569 497 2724 550 fratri
2757 517 2770 551 :
2805 495 2976 560 Vade,
3012 497 3080 550 da
3113 497 3244 554 illis.
3283 497 3354 554 Ut

1777 605 1908 660 ergo
1946 599 2352 660 conspexerunt
2403 590 2631 659 pultem,
2679 591 2754 643 ita
2789 590 2954 644 locuti
3005 599 3134 646 sunt
3171 591 3352 646 :Num

1785 680 2026 750 hospites
2065 681 2315 736 habetis?
2347 680 2484 736 Num
2520 690 2574 736 et
2622 697 2785 736 senex
2828 682 3112 738 vobiscum
3161 699 3347 738 come-

1777 771 1893 826 dit?
1925 770 2224 842 Respondit
2261 771 2431 828 frater
2461 791 2473 826 :
2517 771 2711 826 Etiam.
2765 771 3034 838 Quocirca
3069 781 3354 842 cmperunt

1773 865 1955 936 afﬂigi,
1992 881 2056 920 ac
2095 865 2278 920 dicere
2311 865 2604 936 :Ignoscat
2635 865 2790 922 vobis
2849 864 3015 930 Deus,
3067 867 3216 936 quod
3264 883 3354 921 se-

1771 973 1896 1011 nem
1944 958 2182 1013 siveritis
2233 957 2395 1012 modo
2437 959 2618 1012 cibum
2669 974 2907 1014 sumere.
2947 958 3140 1014 Nonne
3171 960 3348 1022 scitis,

1773 1064 1868 1119 per
1893 1051 2092 1106 multos
2133 1051 2250 1106 dies
2295 1061 2694 1106 maceraturum
2731 1067 2854 1108 esse
2901 1053 2999 1108 se?
3027 1053 3178 1118 Quos
3224 1067 3346 1106 cum

1771 1142 2036 1198 audiisset
2066 1144 2380 1214 episcopus,
2419 1144 2703 1198 inclinavit
2731 1161 2792 1199 se
2843 1159 3028 1198 coram
3062 1160 3212 1206 sene,
3257 1145 3344 1198 in-

1770 1235 1966 1306 quiens
1997 1255 2009 1288 :
2045 1234 2270 1305 Ignosce
2315 1235 2468 1300 mihi,
2503 1235 2664 1296 abba,
2711 1237 2840 1306 quia
2875 1236 3174 1289 humanum
3215 1233 3348 1304 quid

1769 1329 2047 1394 reputavi;
2099 1334 2156 1379 tu
2210 1341 2336 1378 vero
2387 1325 2532 1394 quod
2576 1325 2668 1377 Βιιί
2713 1335 2796 1381 est
2845 1325 3042 1382 fecisti.
3101 1325 3240 1380 Tum
3295 1325 3346 1378 ei

1775 1415 1946 1472 abbas
1989 1417 2172 1472 Sisoes
2213 1435 2226 1470 :
2261 1415 2376 1472 Nisi
2429 1416 2570 1472 Deus
2615 1417 2999 1485 glorificaverit
3043 1417 3340 1476 hominem,

1768 1505 2048 1561 hominum
2079 1507 2250 1578 gloria
2280 1507 2416 1560 nihil
2451 1515 2554 1562 est.

1841 1597 1926 1652 16.
1971 1597 2078 1668 (47)
2101 1595 2378 1653 Venerunt
2403 1597 2623 1668 quidam
2649 1595 2714 1650 ad
2747 1597 2998 1652 abbatem
3021 1596 3258 1659 Sisoem,
3287 1605 3350 1652 ut

1770 1691 2014 1746 audirent
2035 1692 2105 1745 ab
2127 1707 2190 1745 eo
2211 1707 2552 1756 sermonem;
2575 1707 2676 1746 nec
2695 1690 2992 1760 quidquam
3019 1691 3238 1745 locutus
3261 1697 3350 1744 est

1705 1779 1744 1832 Β
1777 1783 1858 1838 eis
1882 1827 1896 1850 ,
1931 1783 2026 1838 sed
2061 1801 2274 1855 semper
2303 1785 2484 1838 aiebat
2515 1803 2528 1838 :
2555 1783 2826 1853 Ignoscite
2853 1783 3007 1837 mihi.
3041 1781 3348 1838 Cernentes

1772 1883 1950 1930 autem
2015 1879 2288 1946 sportulas
2351 1875 2502 1944 ejus,
2559 1875 2818 1929 dixerunt
2873 1875 3018 1930 illius
3079 1875 3350 1946 discipulo

1769 1967 2081 2021 Abrahamo
2111 1987 2122 2022 :
2153 1966 2294 2033 Quid
2327 1967 2508 2022 facitis
2538 1967 2604 2022 de
2653 1967 2922 2036 sportulis
2953 1968 3078 2022 his?
3103 1965 3352 2037 Respon—

1770 2059 1850 2112 dit
1880 2079 1894 2114 :
1923 2058 2042 2114 Iluc
2065 2067 2120 2116 et
2154 2061 2284 2114 illuc
2327 2061 2696 2132 impendimus
2729 2076 2843 2115 eas.
2884 2059 3002 2126 Quo
3040 2061 3228 2114 audito
3259 2075 3352 2113 se-

1771 2165 1874 2205 nex
1916 2150 2029 2204 ait:
2063 2149 2236 2204 Etiam
2265 2149 2452 2206 Sisoes
2483 2153 2612 2206 hinc
2661 2162 2716 2206 et
2755 2151 2878 2206 inde
2920 2151 3236 2206 manducat.
3269 2151 3350 2204 Illi

1773 2258 1900 2298 vero
1928 2243 2234 2310 audientes,
2275 2245 2506 2298 multum
2531 2245 2728 2298 animae
2763 2244 2978 2298 lucrum
3012 2245 3226 2308 fecere;
3265 2252 3352 2296 at-

1773 2351 1880 2406 que
1921 2335 2166 2390 abierunt
2199 2351 2326 2391 cum
2369 2335 2592 2408 gaudio,
2627 2335 2878 2390 aedificati
2937 2336 2992 2388 in
3039 2335 3351 2388 humilitate

1775 2427 1966 2497 ipsius.

1849 2518 1934 2572 I7.
1977 2515 2438 2588 (48)Sciscitatus
2467 2525 2554 2573 est
2579 2517 2752 2574 abbas
2782 2519 3018 2572 Ammon
3051 2517 3356 2570 Iihaithen-

1776 2611 1854 2666 sis
1893 2609 2142 2665 abbatem
2175 2609 2384 2666 Sisoem
2417 2629 2430 2665 :
2461 2610 2692 2678 Quando
2719 2611 2842 2680 lego
2887 2609 3229 2680 Scripturam
3267 2625 3357 2664 sa-

1775 2713 1950 2764 cram,
1973 2699 2088 2754 vult
2115 2701 2330 2758 animus
2359 2716 2632 2772 apparare
2657 2717 2988 2767 sermonem,
3015 2709 3076 2756 ut
3097 2701 3352 2764 habeam,

1777 2791 1844 2846 ad
1877 2792 2389 2864 interrogationem.
2415 2794 2506 2848 Ait
2545 2793 2622 2848 illi
2656 2809 2822 2848 senex
2857 2811 2872 2848 :
2907 2791 3024 2848 Non
3054 2801 3140 2850 est
3175 2807 3358 2863 operae

1779 2881 2012 2951 preaium
2041 2901 2055 2936 :
2090 2882 2186 2938 sed
2219 2884 2404 2952 potius
2429 2899 2460 2938 e
2489 2885 2728 2954 puritate
2767 2884 2970 2938 mentis
2995 2884 3220 2954 acquire
3250 2883 3352 2936 tibi

1780 2981 1894 3025 tum
1924 2971 2293 3029 sollicitudine
2320 2989 2531 3040 carere,
2563 2984 2678 3030 tum
2709 2976 2882 3045 loqui.

1849 3065 1937 3121 I8.
1983 3065 2094 3136 (49)
2127 3067 2376 3122 Accessit
2421 3067 2716 3138 aliquando
2747 3069 2934 3123 saeculi
2974 3069 3058 3122 vir
3089 3083 3214 3122 cum
3250 3067 3361 3122 filio

1783 3173 1884 3212 suo
1909 3157 1976 3212 ad
2008 3159 2260 3215 abbatem
2292 3159 2528 3222 Sisoem,
2567 3161 2622 3214 iu
2665 3168 2908 3215 montem
2951 3159 3168 3214 abbatis
3195 3160 3362 3214 Autoc

1784 3249 1858 3301 nii
1881 3265 1896 3314 ;
1924 3257 2088 3318 atque
2119 3250 2174 3303 in
2201 3250 2286 3302 via
2312 3251 2543 3321 contigit
2569 3253 2708 3306 mori
2739 3251 2911 3305 ﬁlium
2934 3267 2950 3315 ;
2979 3265 3080 3304 nec
3108 3251 3362 3306 turbatus

1785 3347 1869 3394 est
1899 3351 2082 3410 pater,
2115 3340 2210 3396 sed
2245 3340 2368 3396 fidei
2396 3343 2590 3411 plenus
2617 3343 2860 3413 portavit
2887 3357 3011 3398 eum
3045 3341 3115 3396 ad
3145 3357 3359 3397 senem.

1787 3430 2001 3486 Etcum
2054 3433 2166 3488 filio
2205 3436 2504 3504 prostravit
2551 3453 2631 3500 se,
2679 3436 2840 3504 quasi
2878 3435 3162 3490 humiliter
3209 3435 3362 3490 salu-

1787 3533 1935 3589 tans,
1963 3524 2028 3579 ad
2058 3526 2434 3595 accipiendam
2458 3542 2487 3578 a
2517 3543 2648 3582 sene
2669 3527 3127 3582 benedictionem.
3155 3524 3363 3580 Deinde

1785 3633 2038 3688 surgens,
2067 3618 2288 3686 reliquit
2316 3635 2544 3688 puerum
2573 3617 2640 3672 ad
2679 3619 2844 3688 pedes
2883 3619 3056 3680 senis,
3085 3631 3150 3670 ac
3179 3631 3364 3687 egres-

1787 3727 1882 3766 sus
1910 3719 2012 3766 est.
2039 3712 2108 3764 At
2134 3727 2322 3774 senex,
2353 3711 2448 3781 qui
2483 3711 2834 3766 existimabat
2866 3710 3013 3780 quod
3045 3709 3112 3763 ad
3152 3712 3360 3764 saluta-

1787 3801 1990 3854 tionem
2027 3809 2400 3870 prosterneret
2432 3817 2512 3864 se,
2544 3801 2618 3854 ait
2649 3801 2724 3854 illi
2761 3799 2996 3868 :Surge,
3040 3801 3124 3853 exi
3153 3815 3217 3852 ex
3257 3799 3364 3852 hoc

1787 3891 1949 3955 loco;
1981 3893 2262 3946 nesciebat
2287 3894 2430 3948 enim
2463 3903 2740 3946 mortuum
2785 3909 2930 3948 esse.
2973 3891 3038 3944 Et
3066 3893 3362 3945 conlestim

1789 3983 2048 4044 surrexit,
2102 3992 2266 4052 atque
2291 3984 2447 4038 abiit.
2485 3983 2656 4049 Quem
2691 3997 2926 4038 cernens
2957 3991 3132 4052 pater,
3171 3983 3364 4038 obstu-

1787 4073 1904 4142 puit
1937 4093 1948 4128 :
1981 4075 2211 4144 proinde
2252 4075 2488 4135 intrans,
2535 4089 2660 4128 cum
2709 4076 3060 4130 veneratione
3103 4075 3365 4130 salutavit

1789 4181 1996 4228 senem,
2029 4181 2252 4234 rerutque
2295 4165 2346 4220 ei
2393 4165 2684 4220 nuntiavit.
2723 4163 2898 4221 Senex
2947 4181 3078 4221 vero
3111 4165 3362 4226 audiens,

1791 4258 2014 4312 tristitia
2053 4259 2282 4312 affectus
2323 4266 2442 4324 est;
2477 4273 2586 4312 non
2633 4257 2780 4312 enim
2826 4257 3092 4312 voluisset
3115 4255 3166 4309 id
3213 4256 3364 4310 acci-

1789 4347 1954 4402 disse.
1991 4347 2341 4402 Denuntiavit
2380 4357 2563 4402 autem
2595 4347 2802 4402 homini
2835 4347 3142 4416 discipulus
3167 4343 3362 4407 Sisois,

1791 4457 1858 4494 ne
1881 4443 2136 4510 cuiquam
2165 4441 2390 4505 diceret,
2418 4457 2592 4510 usque
2617 4440 2685 4494 ad
2709 4448 2940 4495 mortem
2975 4439 3146 4494 senis.

1859 4531 1946 4586 I9.
1987 4531 2122 4588 Tres
2150 4549 2312 4588 senes
2342 4533 2594 4588 adierunt
2613 4533 2864 4587 abbatem
2894 4531 3128 4592 Sisoem,
3159 4531 3362 4584 auditis

1787 4637 1907 4690 qua:
1945 4621 2014 4674 ad
2047 4637 2170 4675 eum
2203 4623 2566 4692 pertinebant.
2605 4621 2670 4674 Et
2698 4623 2774 4674 ait
2802 4622 2878 4674 illi
2909 4623 3152 4691 primus:
3181 4619 3359 4682 Pater,

1787 4729 1894 4780 quo
1941 4713 2102 4766 modo
2157 4729 2380 4783 possum
2429 4713 2659 4770 evadere
2709 4715 2926 4784 igneum
2979 4713 3223 4766 flumen?
3271 4713 3365 4766 Ille

1785 4818 1914 4856 vero
1963 4820 2072 4858 nou
2139 4805 2440 4872 respondit.
2503 4803 2643 4859 Dicit
2691 4807 2741 4858 ei
2787 4805 3064 4860 secundus
3118 4823 3130 4858 :
3181 4803 3362 4864 Pater,

1784 4911 1892 4962 qua
1933 4895 2144 4950 ratione
2177 4891 2416 4967 effugere
2458 4905 2652 4966 potero
2699 4897 2986 4952 stridorem
3029 4895 3272 4950 dentium
3313 4907 3368 4950 et

1783 5003 2024 5041 vermem
2059 4988 2152 5057 qui
2199 5003 2476 5058 nunquam
2521 4987 2756 5042 dormit?
2785 4985 3001 5042 Tertius
3043 4987 3247 5057 pariter
3279 4987 3364 5037 iu-

1789 5085 2030 5149 terrogat
2057 5097 2070 5132 :
2095 5077 2276 5144 Pater,
2299 5079 2432 5150 quid
2466 5079 2704 5134 faciam?
2737 5080 2998 5134 memoria
3033 5078 3366 5134 exteriorum

1789 5173 2136 5227 tenebrarum
2185 5185 2378 5228 enecat
2424 5189 2530 5228 me.
2571 5171 2932 5242 Respondeas
2979 5184 3158 5230 autem
3200 5187 3366 5226 senex

1789 5266 1925 5318 dixit
1952 5267 2034 5320 eis
2066 5285 2078 5319 :
2115 5264 2224 5335 Ego
2253 5265 2450 5320 horum
2481 5266 2688 5320 nullius
2720 5265 3003 5320 recordor.
3039 5263 3176 5316 Cum
3211 5263 3359 5314 enim

1789 5357 1935 5411 Deus
1975 5358 2292 5412 misericors
2343 5359 2434 5421 sit,
2468 5373 2628 5426 spero
2657 5358 2800 5426 quod
2848 5371 3062 5412 mecum
3119 5355 3370 5406 facturus

1735 5515 1776 5546 "
1811 5513 1896 5566 ΑΙ.
1933 5513 2027 5566 τοῦ
2063 5513 2298 5568 κελλίου.

1860 5666 1971 5722 ’69l
2016 5664 2118 5719 Vit.
2153 5663 2307 5721 Patr.
2347 5683 2405 5730 ιι,
2451 5666 2534 5720 I5.
