3828 6354
485 314 592 373 599

1587 317 1810 373 ΛΡΡΕΝ
1821 315 1930 372 ΒΙΧ
1974 317 2047 372 AI

2173 313 2534 372 lLLADlUM.
3641 331 3726 384 ιοο

487 435 560 489 sit
589 431 1042 487 misericordiam.
1075 429 1151 484 Eo
1175 431 1362 486 audito
1387 446 1661 500 sermone,
1691 447 1855 488 senes
1875 431 2047 487 triste:

2173 433 2246 486 ὅτι
2289 434 2434 486 ποιεῖ
2467 433 2584 504 μετ’
2612 431 2748 503 ἐμοῦ
2774 431 2941 498 ἔλεος.
2987 433 3347 501 Ἀκούσαντες
3387 437 3445 491 δὲ
3478 440 3572 494 τὸν
3592 441 3726 511 λόγον

487 524 763 581 abierunt.
812 523 1012 578 Nolens
1061 531 1240 578 autem
1291 539 1456 578 senex
1502 525 1682 580 sinere
1734 523 1884 594 ipsos
1931 537 2057 577 cum

487 618 714 670 tristitia
735 617 1032 678 discedere,
1062 615 1259 670 reverti
1286 614 1433 678 fecit.
1459 623 1513 671 et
1536 615 1675 670 dixit
1695 634 1709 672 :
1731 615 1882 671 Beati
1902 614 2056 679 estis,

493 706 716 771 fratres;
773 716 933 776 atque
985 705 1142 759 vobis
1196 706 1364 761 invidi
1423 705 1741 762 felicitatem
1799 714 2055 761 vestram.

491 798 708 853 Primus
739 803 881 853 enim
910 807 1155 854 vestrum
1182 799 1398 853 locutus
1428 807 1513 854 est
1544 791 1611 855 de
1633 799 1789 870 igneo
1811 797 2055 861 ﬂumine,

490 894 762 948 secundus
795 893 862 946 de
909 891 1158 956 Tartaro,
1193 894 1386 948 tertius
1423 894 1490 948 de
1531 893 1792 948 tenebris.
1831 891 1890 946 Si
1927 905 2058 960 ergo

492 999 645 1040 mens
681 992 861 1038 vestra
910 985 1309 1039 recordationis
1337 983 1653 1054 hujusmodi
1695 989 1840 1038 tenet
1882 981 2060 1036 domi-

490 1075 670 1140 nium,
718 1074 830 1130 lieri
881 1075 1067 1145 nequit
1099 1083 1156 1128 ut
1195 1075 1449 1144 peccetis.
1487 1073 1629 1142 Quid
1658 1089 1790 1130 vero
1832 1081 2057 1128 acturus

489 1183 610 1224 sum
640 1182 761 1238 ego,
789 1169 910 1222 duri
941 1168 1127 1222 cordis
1152 1168 1336 1230 homo,
1364 1169 1450 1223 cui
1477 1183 1587 1222 non
1615 1175 1700 1223 est
1728 1180 2055 1223 concessum

490 1262 633 1318 scire
664 1262 809 1333 quod
842 1263 925 1317 vel
959 1271 1173 1316 maneat
1218 1261 1462 1316 homines
1499 1261 1828 1332 supplicium
1865 1277 1879 1314 :
1912 1257 2058 1313 unde

490 1355 718 1426 singulis
745 1355 897 1412 horis
923 1355 1124 1427 pecco?
1155 1353 1311 1408 Tunc
1338 1354 1435 1416 illi,
1463 1355 1621 1409 venia
1655 1354 1725 1408 ab
1748 1370 1815 1409 eo
1848 1350 2058 1422 suppli-

488 1449 625 1502 citer
670 1447 858 1518 petita,
912 1446 1142 1517 professi
1181 1453 1354 1502 sunt:
1396 1447 1548 1501 Sicut
1590 1445 1939 1508 audivimus,
1980 1444 2056 1497 ita

488 1541 648 1594 etiam
683 1540 939 1595 vidimus.

557 1632 650 1686 ΞΟ.
691 1630 996 1686 Percontati
1033 1637 1160 1686 sunt
1197 1629 1447 1685 nonnulli
1490 1645 1555 1683 ex
1605 1629 1803 1684 abbate
1843 1627 2001 1684 Sisoe
2039 1646 2052 1682 :

475 1721 550 1778 TSi
585 1725 771 1792 lapsus
801 1722 959 1778 fuerit
985 1723 1169 1789 frater,
1200 1739 1381 1777 nonne
1409 1722 1568 1778 debet
1599 1723 1666 1777 ad
1697 1737 1900 1776 annum
1933 1736 2055 1792 pm-

2169 522 2360 577 τοῦτον
2384 525 2433 578 οί
2454 524 2707 597 γέροντες
2721 526 2958 598 ἀπῆλθον
2981 527 3328 600 λυπούμενοι.
3346 531 3438 603 Μὴ
3453 531 3622 586 θέλων
3641 535 3689 587 δὲ
3705 539 3726 590 6

2166 615 2343 687 γέρων
2357 617 2516 670 ἐᾶσαι
2553 617 2750 682 αὐτοὺς
2786 618 3157 692 λυπουμένους
3189 623 3462 689 ἀπελθεῖν,
3492 627 3729 698 ὑποστρέ-

2164 707 2274 777 ψας
2303 709 2489 772 αὐτοῖς
2521 703 2672 762 εἴπεο
2724 711 3000 784 Μακάριοί
3029 714 3171 779 ὲστε,
3200 715 3418 785 ἀδελφοί
3437 735 3450 747 ο
3501 717 3727 790 ἐζήλωσα

2163 799 2274 870 γάρ
2301 799 2463 868 ὑμᾶς.
2517 800 2574 854 '0
2602 802 2821 874 πρῶτος
2850 803 2954 875 γὰρ
2984 805 3136 876 ὑμῶν
3169 802 3292 861 εἷπε
3318 809 3562 880 περὶτοῦ
3589 814 3724 881 erupi-

2166 905 2258 942 νου
2281 891 2546 961 ποταμοῦ.
2574 892 2666 946 καὶ
2702 894 2730 946 6
2754 892 3005 967 δεύτερος
3033 897 3162 969 περὶ
3185 897 3279 951 τοῦ
3305 900 3611 972 Ταρτάρου,
3654 905 3730 955 καὶ

2165 981 2195 1033 6
2222 981 2401 1052 τρίτος
2430 984 2558 1056 περὶ
2594 983 2686 1038 τοῦ
2716 985 2960 1050 σκότους.
3019 989 3080 1042 Et
3113 985 3206 1044 οὖν
3237 993 3491 1063 τοιαύτης
3529 995 3728 1065 μνήμης

2166 1072 2408 1143 κυριεύει
2431 1075 2460 1126 6
2487 1071 2611 1138 νοῦς
2637 1075 2810 1145 ὑμῶν,
2839 1077 3100 1132 ἀδύνατον
3135 1081 3278 1152 ὑμᾶς
3313 1083 3653 1153 άμαρτῆσαι.
3681 1087 3730 1138 ΤΞ

2164 1160 2222 1214 δὲ
2260 1163 2470 1236 ποιήσω
2509 1163 2621 1232 ἐγὼ
2655 1166 2684 1217 6
2713 1165 3156 1238 σκληροκάρδιος,
3192 1174 3265 1242 μὴ
3296 1173 3730 1246 συγχωρούμενος

2166 1253 2365 1307 εἰδέναι
2396 1255 2476 1308 ὅτι
2503 1256 2604 1310 κάν
2636 1257 2751 1311 ἐστι
2778 1259 2999 1324 κόλασις
3030 1265 3144 1326 τοῖς
3186 1264 3494 1334 ἀνθρώποις
3518 1284 3534 1298 ο
3564 1267 3658 1320 καὶ
3683 1270 3731 1320 ὲκ

2163 1345 2377 1408 τούτου,
2401 1349 2459 1400 ὲν
2492 1349 2640 1421 πάσῃ
2661 1348 2778 1422 ὥρᾳ
2809 1352 3136 1424 ἁμαρτάνω;
3168 1355 3278 1408 Kal
3317 1359 3730 1430 μετανοήσαντες

2169 1436 2318 1507 αὐτῷ
2337 1433 2488 1491 εἶπον
2507 1456 2520 1470 ·
2561 1439 2825 1512 Καθάπερ
2847 1444 3052 1512 ἠκούσα
3061 1463 3182 1515 μεν,
3207 1447 3379 1512 οὕτως
3395 1449 3489 1503 καὶ
3511 1450 3730 1521 εἴδομεν.

2236 1611 2306 1665 κ’.
2353 1612 2673 1684 Ἠρὼτησάν
2700 1632 2846 1679 τινες
2872 1616 2964 1672 τὸν
2989 1618 3166 1675 άϐϐᾶν
3205 1623 3420 1697 Σισόην,
3461 1625 3732 1696 λέγοντεςο

2178 1700 2303 1758 Ἐὰν
2336 1704 2477 1776 πέσῃ
2501 1705 2750 1776 ἀδελφὸς,
2776 1709 2836 1761 οὐ
2859 1710 3047 1780 χρείαν
3069 1711 3182 1783 ἔχει
3211 1717 3542 1789 μετανοῆσαι
3571 1723 3734 1776 ὲνιαυυ

490 1815 770 1871 nitentiam
817 1816 1008 1886 agere?
1036 1813 1334 1884 Respondit
1367 1832 1379 1867 :
1413 1812 1619 1868 Durum
1667 1821 1751 1869 est
1780 1813 1886 1868 hoc
1927 1828 2047 1869 ver-

2310 1792 2368 1848 'O
2401 1795 2458 1848 δὲ
2481 1792 2631 1850 εἴπεο
2664 1799 2908 1871 Σκληρόν
2935 1803 3052 1855 ἐστι
3082 1804 3142 1857 τὸ
3165 1808 3335 1877 ῥῆμα.
3372 1807 3438 1864 Ol
3463 1810 3522 1863 δέ
3553 1829 3731 1881 φασιν·

491 1907 638 1960 Ιιιιιιι.
671 1905 840 1959 Aiunt
879 1923 892 1960 :
926 1903 1126 1960 Verum
1161 1919 1257 1960 sex
1303 1903 1556 1959 menses?
1588 1901 1787 1958 lterum
1831 1916 2062 1972 respon-

488 1996 567 2050 dit
597 2015 609 2050 :
646 1995 870 2050 Multum
897 2002 1000 2051 est.
1033 1992 1359 2064 Excipiunt:
1393 1993 1577 2064 Usque
1600 1994 1666 2048 ad
1697 1993 2056 2064 quadraginta

489 2089 644 2144 dies?
674 2087 764 2141 Ait
797 2087 974 2142 adhuc
1007 2105 1020 2139 :
1052 2085 1276 2140 Multum
1321 2094 1424 2141 eSt.
1466 2086 1543 2140 Illi
1579 2107 1590 2141 :
1622 2085 1763 2152 Quid
1793 2087 1964 2156 ergo?
1999 2085 2057 2139 Si

487 2174 774 2243 prolapsus
800 2172 962 2228 fuerit
998 2172 1189 2235 frater,
1221 2179 1278 2227 et
1311 2172 1495 2227 statim
1529 2186 1698 2242 agape
1730 2172 2055 2235 celebretur,

486 2270 673 2335 ipsene
703 2265 883 2320 veniet
915 2264 981 2318 ad
1013 2264 1258 2334 agapen?
1290 2263 1428 2318 Dicit
1461 2265 1567 2319 illis
1599 2278 1764 2319 senex
1792 2282 1805 2318 :
1837 2261 2056 2331 Nequa-

484 2372 683 2428 quam;
713 2357 808 2412 sed
837 2356 1147 2411 necessaria
1178 2361 1263 2411 est
1292 2369 1592 2426 paucorum
1634 2355 1845 2409 dierum
1876 2353 2055 2424 poeni-

484 2450 667 2503 tentia.
697 2449 922 2503 Confido
951 2449 1096 2502 enim
1136 2447 1191 2501 in
1224 2449 1414 2510 Deum,
1459 2445 1605 2517 quod
1639 2447 1687 2502 si
1720 2446 1767 2501 is
1793 2447 1956 2500 homo
1986 2459 2053 2500 ex

481 2551 595 2597 tota
618 2541 800 2595 anima
830 2540 1003 2611 egerit
1041 2539 1422 2610 pmnitentiam
1445 2577 1461 2602 ,
1495 2537 1579 2592 vel
1615 2537 1758 2590 intra
1794 2544 1906 2590 tres
1935 2535 2055 2590 dies

482 2635 634 2689 illum
655 2632 1001 2688 admissurus
1027 2633 1099 2686 sit
1126 2630 1286 2685 Deus.

549 2725 642 2780 21.
699 2723 835 2780 Cum
890 2722 1181 2794 aliquando
1230 2723 1400 2778 abbas
1454 2722 1639 2778 Sisoes
1685 2719 1932 2775 venisset
1987 2718 2056 2773 ad

477 2817 694 2887 Clysma
715 2856 730 2882 ,
757 2821 1112 2871 accesserunt
1152 2813 1220 2868 ad
1263 2831 1388 2870 eum
1418 2814 1711 2869 videndum
1760 2813 2053 2869 saecularcs

481 2908 603 2961 viri.
631 2905 672 2960 li
699 2907 867 2961 multa
897 2907 1287 2976 loquebantur;
1320 2921 1421 2960 nec
1443 2905 1740 2975 quidquam
1785 2903 1922 2973 ipsis
1965 2918 2055 2958 res

479 2997 718 3068 spondit.
767 2996 964 3053 Postea
1010 2997 1226 3050 illorum
1264 3013 1408 3052 unus
1449 2993 1792 3060 dixitzQuid
1837 2993 2051 3048 molesti

477 3091 612 3146 estis
640 3091 794 3146 seni?
825 3105 931 3144 non
966 3090 1293 3152 manducat;
1329 3089 1451 3144 ideo
1474 3103 1650 3159 neque
1674 3097 1850 3158 potest
1874 3086 2048 3157 loqui.

480 3182 704 3253 Excepit
731 3197 897 3238 senex
943 3200 956 3236 :
998 3180 1130 3252 Ego,
1168 3182 1260 3238 ubi
1297 3181 1599 3238 necessitas
1634 3179 1910 3250 postulat,
1949 3193 2048 3233 co-

475 3273 654 3328 tnedo.

545 3362 635 3417 22.
701 3362 810 3435 (50)
865 3363 1049 3419 Abbas
1101 3362 1302 3434 Josepb
1369 3363 1658 3434 requisivit
1729 3361 1798 3416 ab
1854 3360 2052 3416 abbate

476 3451 660 3518 Sisoe,
707 3463 917 3524 quanto
964 3456 1017 3508 in
1067 3461 1313 3523 tempore
1361 3452 1556 3508 debeat
1607 3455 1770 3507 homo
1817 3451 2048 3506 affectus

475 3546 808 3602 rescindere.
842 3547 928 3601 Ait
977 3546 1053 3600 illi
1105 3560 1271 3602 senex
1310 3564 1323 3600 :
1369 3544 1637 3618 Tempora
1686 3547 1770 3601 vis
1807 3544 2052 3600 discere?

473 3636 541 3690 Et
565 3639 734 3693 abbas
757 3637 958 3710 .loseph
988 3655 1000 3692 :
1031 3637 1227 3704 Etiam,
1263 3639 1459 3709 inquit.
1497 3639 1641 3692 Dicit
1667 3652 1799 3709 ergo
1837 3652 2043 3692 senex:

470 3730 591 3798 Qua
618 3731 751 3786 hora
784 3730 1011 3786 allectus
1042 3732 1274 3797 venerit,
1309 3732 1456 3787 illico
1487 3731 1748 3787 abscinde
1770 3745 1919 3786 eum.

541 3905 636 3964 25.
677 3907 790 3978 (51)
839 3907 1103 3963 Abbatem
1156 3907 1366 3964 Sisoem
1419 3909 1571 3963 illum
1621 3907 1826 3973 Petrae,
1879 3906 2049 3963 frater

472 3998 832 4070 interrogavit
863 4000 933 4056 de
966 4002 1231 4057 moribus.
1265 4000 1332 4055 Et
1355 4001 1637 4071 respondit
1666 4016 1834 4057 senex
1860 4020 1874 4056 :
1901 4000 2048 4054 Dixit

474 4090 661 4145 Daniel
691 4111 704 4144 :
733 4091 934 4146 Panem
967 4094 1353 4148 desideriorum
1386 4111 1489 4148 non
1523 4093 1723 4147 comedi
1750 4094 1818 4147 ¹⁰.

539 4182 631 4236 24.
667 4184 780 4253 (ὄὶ)
820 4186 1048 4240 Aiebant
1086 4187 1154 4241 de
1201 4187 1396 4241 abbate
1437 4185 1624 4253 Sisoe,
1659 4185 1805 4256 quod
1850 4186 2048 4242 sedens

473 4273 528 4327 in
552 4273 713 4336 cella,
746 4290 960 4342 semper
989 4277 1188 4331 ostium
1223 4277 1520 4332 clauderet.

539 4364 630 4418 25.
699 4365 976 4421 Venerunt
1038 4369 1331 4438 aliquando
1397 4370 1587 4426 Ariani
1654 4385 1719 4425 ao
1791 4372 2044 4426 abbatem

2176 1883 2316 1938 Ἀλλ’
2351 1886 2411 1954 ἓξ
2441 1888 2653 1958 μῆναςς
2688 1891 2800 1945 Kal
2822 1892 2983 1948 πάλιν
3022 1891 3143 1949 εἶπε
3164 1913 3178 1926 '
3215 1898 3354 1952 Πολύ
3397 1903 3570 1959 ἐστιν.
3605 1907 3665 1958 Ol
3687 1906 3733 1959 δὲ

2160 1975 2422 2046 ἔφασκον·
2455 1981 2601 2046 Ἕως
2635 1984 3045 2056 τεσσαράκοντα
3080 1990 3347 2060 ἠμερῶν;
3395 1993 3572 2048 Πάλιν
3608 1996 3728 2067 ἔφη·

2160 2067 2302 2120 Πολύ
2337 2071 2474 2125 ἐστι.
2533 2071 2796 2141 Λέγουσιν
2835 2075 3016 2146 αὐτῷ’
3049 2077 3115 2129 Τί
3143 2074 3267 2144 οὖνς
3300 2080 3396 2133 ἐὰν
3425 2081 3574 2154 πέσῃ
3606 2084 3732 2136 ἀδελ-

2159 2158 2278 2226 φὸς,
2328 2161 2420 2213 καὶ
2451 2160 2646 2234 εὑρεθῇ
2698 2162 2860 2227 εὐθὺς
2884 2165 3070 2237 ἀγάπη
3112 2169 3400 2238 γινομένη,
3437 2172 3536 2224 καὶ
3587 2174 3730 2236 αὐτὸς

2159 2249 2376 2323 εἰσέλθῃ
2421 2253 2500 2315 είς
2544 2253 2645 2324 τὴν
2693 2254 2951 2327 ἀγάπην;
3009 2259 3171 2327 Λέγει
3215 2261 3399 2324 αὐτοῖς
3454 2264 3483 2315 6
3523 2264 3728 2335 γέρων·

2160 2341 2312 2412 Οὐχί.
2367 2343 2527 2398 Ἀλλὰ
2555 2346 2743 2417 χρείαν
2772 2347 2886 2418 ἔχει
2919 2351 3248 2421 μετανοῆσαι
3285 2351 3471 2423 ὀλίγας
3508 2356 3730 2427 ἡμέρας.

2159 2433 2406 2488 Πιστεύω
2434 2435 2543 2508 γὰρ
2577 2437 2654 2509 τῷ
2685 2438 2824 2508 Θεῷ,
2865 2441 2946 2494 ὅτι
2979 2442 3257 2513 ὁλοψύχως
3293 2445 3388 2498 ἐὰν
3433 2450 3733 2520 μετανοήσῃ

2156 2525 2186 2576 ὁ
2216 2526 2475 2592 τοιοῦτος,
2502 2530 2594 2583 καὶ
2622 2531 2702 2594 είς
2722 2534 2870 2604 τρεῖς
2903 2535 3116 2604 ἡμέρας
3147 2535 3361 2607 δέχεται
3389 2539 3560 2593 αὑτὸν
3590 2540 3728 2603 Θεὸς.

2229 2703 2335 2758 κα⁹.
2391 2706 2664 2773 Ἐλθόντος
2698 2711 2829 2764 ποτὲ
2860 2712 2956 2766 τοῦ
2996 2715 3142 2769 ἀϐϐᾶ
3169 2717 3331 2790 Σισόη
3380 2720 3461 2782 είς
3509 2722 3576 2774 τὸ
3603 2721 3730 2774 Κλύ-

2157 2812 2289 2865 σμα,
2306 2798 2612 2869 παρέϐαλον
2637 2802 2785 2874 αὐτῷ
2807 2809 3054 2874 κοσμικολ
3085 2809 3212 2862 ίδεῖν
3235 2812 3419 2866 αὐτόν.
3439 2811 3552 2866 Kal
3576 2814 3734 2867 πολλὰ

2154 2888 2495 2960 λαλησάντων
2548 2893 2761 2962 αὐτῶν,
2821 2897 2922 2950 οὐκ
2985 2900 3258 2974 ἀπεκρίθη
3319 2905 3506 2970 αὐτοῖς
3557 2906 3726 2975 λόγον.

2157 2980 2420 3054 ’Υστερον
2465 2984 2522 3037 δὲ
2569 2980 2650 3049 εἷς
2697 2988 2874 3043 αὐτῶν
2925 2984 3080 3043 εἷπε·
3130 2993 3196 3045 Τί
3255 2994 3464 3050 θλίϐετε
3513 2999 3610 3051 τὸν
3651 3001 3737 3067 γέ·

2157 3087 2351 3142 ροντα;
2381 3074 2480 3127 οὐκ
2530 3075 2732 3130 ἐσθίεν
2786 3079 2875 3134 διὰ
2910 3081 3068 3135 τοῦτο
3113 3083 3234 3137 οὐδὲ
3284 3085 3462 3139 λαλεῖν
3489 3088 3731 3144 δύναται.

2077 3145 2121 3202 C
2167 3161 2463 3237 Ἀπεκρίθη
2496 3167 2525 3219 6
2562 3168 2774 3240 γέρων·
2802 3172 2965 3240 .Ἑγὼ
3005 3174 3094 3227 ὅτε
3133 3175 3358 3247 γένηταί
3415 3197 3510 3249 μοι
3556 3182 3734 3252 χρεία,

2153 3257 2338 3313 ἐσθίω.

2223 3350 2325 3420 κβκ
2366 3349 2677 3422 Ἦρώτησεν
2699 3355 2728 3406 6
2753 3354 2926 3420 6666.;
2961 3358 3158 3430 Ἰωσὴφ
3183 3360 3275 3413 τὸν
3304 3361 3480 3416 άϐεᾶν
3514 3365 3734 3434 Σισὸην,

2151 3438 2360 3510 λέγων·
2412 3443 2511 3497 Διά
2555 3445 2725 3500 πόσου
2776 3448 3027 3520 χρόνου¹¹
3068 3452 3269 3521 ὀφείλει
3321 3455 3619 3527 ἄνθρωπος
3651 3459 3738 3510 tx-

2151 3535 2373 3590 κόπτειν
2396 3537 2463 3590 τὰ
2487 3538 2633 3610 πάθη
2655 3556 2668 3604 ;
2699 3540 2861 3609 Λέγει
2881 3543 3028 3615 αὐτῷ
3050 3545 3077 3596 6
3097 3545 3274 3617 γέρων
3298 3563 3312 3577 ·
3340 3548 3481 3609 Τοὺς
3511 3549 3736 3620 χρόνους

2153 3624 2327 3691 θέλεις
2365 3628 2590 3700 μαθεῖν;
2630 3633 2794 3700 Λέγει
2826 3636 2854 3687 6
2890 3633 3066 3699 ἀϐϐᾶς
3107 3638 3327 3710 Ἰωσήφ·
3382 3640 3514 3693 Ναί.
3579 3643 3740 3708 Λέγει

2148 3715 2244 3774 οὖν
2270 3723 2298 3775 6
2337 3722 2545 3795 γέρων·
2592 3725 2727 3780 Οἵαν
2757 3724 2907 3797 ὥραν
2942 3727 3162 3800 ἔρχεται
3195 3730 3256 3784 τὸ
3304 3732 3499 3797 πάθος,
3533 3733 3739 3798 εὐθέως

2151 3812 2315 3882 κόψον
2341 3816 2491 3871 αὐτό.

2221 3913 2328 3976 κγ’.
2373 3908 2622 3979 Ἀδελφὸς
2647 3911 2899 3985 ἠρώτησε
2935 3913 3027 3968 τὸν
3059 3914 3234 3970 ἀϐϐᾶν
3266 3917 3461 3988 Σισόην
3496 3919 3600 3973 τὸν
3643 3915 3742 3988 τῆς

2149 4000 2364 4071 Πέτρας
2388 4003 2517 4074 περὶ
2563 4004 2856 4071 πολιτείας.
2920 4009 3029 4062 Καὶ
3059 4008 3204 4078 λέγει
3256 4010 3404 4081 αύτῷ
3443 4015 3474 4065 6
3523 4013 3736 4084 γέρων·

2149 4089 2285 4146 Εἷπε
2307 4095 2504 4166 Δανιήλ
2529 4112 2542 4125 ·
2574 4098 2792 4167 Ἀρτον
2813 4100 3141 4170 ἐπιθυμιῶν
3167 4105 3281 4156 οὐκ
3312 4102 3574 4174 ἔφαγον.

2219 4187 2320 4243 κδ’.
2368 4189 2593 4258 Ἔλεγον
2623 4193 2750 4261 περὶ
2779 4191 2872 4245 τοῦ
2907 4193 3052 4246 άϐϐᾶ
3092 4195 3274 4265 Σισόη,
3305 4195 3387 4248 ὅτι
3417 4196 3742 4269 καθήμενος

2149 4279 2228 4342 εἰς
2252 4278 2311 4333 τὺ
2338 4280 2549 4335 κελλίον
2572 4283 2801 4336 πάντοτε
2831 4283 2928 4355 τὴν
2953 4284 3123 4356 θύραν
3151 4285 3377 4340 ἔκλειεν.

2218 4378 2316 4429 κε’.
2347 4369 2550 4426 τΗλθὸν
2580 4389 2708 4428 ποτε
2747 4376 3014 4448 Ἀρειανοὶ
3043 4378 3179 4448 πρὸς
3209 4379 3300 4430 τὸν
3329 4378 3508 4431 ἀϐϐοἷν
3543 4381 3744 4450 Σισύην

473 4453 683 4510 Sisoem
740 4459 794 4510 in
843 4466 1078 4513 montem
1131 4459 1344 4515 abbatis
1383 4461 1626 4525 Antonii,
1658 4470 1712 4517 et
1758 4469 2046 4532 coeperunt

2173 4466 2227 4528 ηίς
2264 4465 2326 4518 τὸ
2357 4466 2482 4536 ὅρος
2513 4466 2606 4521 τοῦ
2651 4467 2795 4521 άϐϐᾶ
2834 4469 3138 4533 Ἀντωνίου,
3171 4469 3262 4524 καὶ
3298 4469 3542 4541 ἧρξαντο
3569 4491 3738 4525 κατα·

468 4558 662 4603 contra
691 4551 1028 4608 orthodoxos
1061 4551 1302 4622 garrire.
1335 4553 1512 4610 Senex
1545 4570 1674 4610 vero
1722 4555 1858 4610 nihil
1887 4555 2047 4624 quid-

467 4653 630 4710 quam
681 4641 967 4710 respondit
1013 4642 1113 4697 eis.
1175 4642 1281 4698 Sed
1339 4651 1532 4699 vocato
1587 4645 1856 4714 discipulo
1908 4658 2044 4710 suo,

466 4731 638 4787 dixit:
658 4733 956 4798 Abraham,
989 4734 1120 4790 affer
1143 4735 1273 4790 mihi
1305 4736 1481 4792 sancti
1507 4737 1792 4793 Athanasii
1818 4739 2041 4803 librum,

469 4838 534 4878 ac
568 4825 752 4894 legito.
790 4824 928 4879 Tum
963 4828 1274 4882 tacentibus
1314 4828 1453 4891 illis,
1493 4831 1676 4900 agnita
1719 4838 1803 4884 est
1849 4846 2040 4886 eorum

467 4914 714 4972 haeresis.
741 4915 1064 4987 Dimisitque
1086 4918 1234 4988 ipsos
1272 4935 1395 4974 cum
1424 4935 1577 4990 pace.

531 5092 624 5148 26.
680 5092 843 5148 Venit
895 5095 1188 5165 aliquando
1240 5097 1410 5154 abbas
1447 5099 1626 5154 Amun
1663 5101 1922 5156 eRhaitu
1982 5105 2037 5158 in

460 5187 712 5258 Clysma,
749 5197 808 5240 ut
842 5189 1100 5245 inviseret
1127 5190 1376 5246 abbatem
1411 5191 1644 5248 Sisoem.
1695 5193 1760 5246 Et
1807 5210 2038 5252 cernens

461 5278 642 5346 ipsum
683 5277 970 5342 aﬂlictum,
1022 5282 1164 5349 quod
1215 5283 1529 5354 reliquisset
1573 5301 1854 5351 eremum,
1909 5289 2033 5342 ait:

459 5368 570 5420 tlur
591 5366 765 5432 doles,
803 5369 978 5424 ab'ba?
1012 5370 1152 5435 Quid
1199 5375 1344 5428 enim
1388 5375 1500 5443 jam
1548 5376 1675 5432 inde
1722 5387 1941 5447 poteras
1979 5379 2034 5433 in

2146 4555 2324 4611 λαλεῖν
2356 4558 2462 4612 τῶν
2502 4557 2817 4628 ὀρθοδόξων.
2886 4560 2944 4614 'O
2972 4560 3028 4613 δὲ
3075 4562 3252 4632 γέρων
3303 4564 3403 4615 οὐκ
3447 4565 3745 4636 ἀπεκρίθη

2144 4648 2322 4711 αὐτοῖς
2344 4648 2527 4701 οὐδέν·
2561 4649 2654 4702 καὶ
2699 4650 2954 4721 φωνήσας
2995 4650 3086 4703 τὸν
3119 4651 3312 4704 ἑαυτοῦ
3349 4651 3640 4724 μαθητὴν,
3672 4650 3746 4705 εἷ·

2144 4754 2275 4791 πεν·
2319 4740 2602 4811 Ἀϐραὰμ,
2645 4740 2777 4813 φέρε
2833 4758 2923 4812 μοι
2956 4742 3018 4794 τὸ
3067 4741 3271 4811 βιϐλίον
3330 4742 3423 4796 τοῦ
3492 4746 3672 4814 ἁγίου
3702 4749 3745 4778 ’³

2157 4830 2498 4898 Ἀθανασίου,
2541 4834 2638 4886 καὶ
2688 4833 2963 4902 ἀνάγνωθι
3015 4834 3166 4888 αὑτό.
3227 4835 3333 4889 Καὶ
3390 4838 3746 4891 σιωπώντων

2144 4923 2343 4988 αὐτῶν,
2375 4924 2620 4996 ἐγνώσθη
2654 4927 2686 4997 ἡ
2715 4927 2926 4998 αἵρεσις
2951 4927 3150 4981 αὐτῶν.
3192 4928 3301 4981 Καὶ
3324 4928 3621 4985 ἀπέλυσεν
3646 4933 3746 4986 αὖ·-

2142 5015 2266 5078 οτοὺς
2325 5015 2442 5085 μετ’
2473 5019 2714 5088 εἰρήνης.

2213 5113 2326 5170 κςκ
2367 5102 2539 5160 'mos
2568 5105 2698 5162 ποτε
2727 5113 2755 5163 6
2779 5110 2953 5176 ἀϐϐἄς
2975 5111 3176 5182 Ἀμοῦν
3198 5113 3241 5144 ³³
3261 5112 3368 5164 ἀπὸ
3397 5113 3644 5170 Ῥαῖθοῦ
3672 5119 3746 5178 εἰς

2141 5195 2201 5248 τὸ
2231 5196 2486 5268 Κλύσμα,
2519 5199 2855 5270 παραϐαλεῖν
2885 5201 2962 5272 τῷ
2995 5201 3140 5273 ἁϐὅᾷ
3166 5203 3349 5275 Σισόῃ·
3378 5204 3476 5256 καὶ
3520 5205 3750 5275 βλέπων

2141 5287 2304 5342 αὑτὸν
2334 5289 2669 5359 θλιϐόμενον,
2717 5293 2798 5345 ὅτι
2838 5294 3020 5364 ἀφῆκε
3053 5295 3151 5367 τὴν
3187 5296 3414 5368 ἔρημον,
3445 5295 3618 5367 λέγει
3652 5301 3750 5353 αὖ·

2139 5379 2243 5451 np-
2275 5383 2339 5434 Τί
2371 5382 2549 5455 θλίϐῃ,
2586 5384 2758 5448 ἀϐϐᾶ;
2804 5387 2858 5438 τί
2895 5387 3002 5459 γὰρ
3050 5387 3226 5458 ⁴ι’γδύνω
3251 5390 3457 5460 ἀπάρτι
3509 5393 3752 5464 ποιῆσαι

531 5528 576 5559 ’³
614 5527 751 5582 Dan.
797 5545 823 5582 x
851 5569 866 5594 ,
916 5530 966 5583 ’5.
1045 5530 1088 5560 ’⁸
1129 5531 1214 5586 Al.
1242 5533 1422 5589 πόσων
1459 5534 1685 5606 χρόνων.
1762 5535 1806 5566 ⁸¹
1836 5534 1923 5590 Al.
1958 5534 2047 5589 66¢

2199 5536 2245 5568 ’³
2269 5537 2356 5591 Al.
2392 5538 2657 5610 Ἀμμοῦν.

531 5682 643 5747 (50)
695 5679 797 5734 γει.
827 5681 978 5737 Patr.
1017 5701 1203 5749 xxxix,
1248 5687 1297 5740 l.

528 5753 643 5820 (δι.)
695 5751 799 5806 γει.
837 5752 991 5809 Patr.
1024 5771 1119 5820 vn,
1146 5755 1200 5807 2.

2212 5691 2324 5763 (52)
2370 5691 2477 5748 γει.
2516 5693 2666 5752 Patr.
2703 5713 2784 5763 ιιι,
2816 5698 2870 5754 6.
