3828 6300
357 315 462 373 40⁸1

1460 328 1804 386 APPENDIX
1840 333 1934 386 AD
1971 333 2394 395 PALLADIUM.

3527 343 3638 402 4θὸ

355 438 484 492 bum
524 437 827 505 inciderit;
868 440 1186 496 sedentibus
1233 447 1416 499 autem
1451 443 1602 501 circa
1628 461 1754 502 eum
1787 447 1938 504 seni-

2072 453 2138 507 :al
2159 453 2486 526 καθημένων
2513 455 2782 528 γερόντων
2813 459 2858 492 ⁸*
2885 458 3020 529 πρὸς
3043 459 3204 512 αὐτὸν
3233 457 3461 530 ἐλάλησέ
3495 461 3634 514 τισῖ.

357 533 482 594 bus.
523 531 853 600 loquebatur
893 550 1017 588 cum
1059 535 1414 605 quibusdam.
1455 538 1625 593 Aiunt
1666 540 1716 594 ei
1747 557 1761 593 :
1798 539 1941 607 Quid

354 622 533 686 vides,
570 625 747 679 abba?
784 625 926 678 Dicit
962 627 1072 682 illis
1106 646 1118 681 :
1154 626 1335 683 Cerno
1368 630 1634 699 quosdam
1662 633 1943 688 venientes

354 729 526 783 super
551 731 658 781 me,
697 731 836 786 quos
870 733 1019 787 rogo,
1049 727 1108 772 ut
1137 720 1321 774 sinant
1347 736 1436 776 me
1465 722 1745 791 paululum
1766 724 1943 793 paeni-

354 807 586 860 tentiam
622 823 802 878 agere.
840 807 997 864 Tunc
1037 810 1104 864 ad
1146 826 1271 866 eum
1320 813 1546 881 quidam
1585 829 1616 868 e
1664 815 1890 870 senibus
1924 834 1938 870 ι

358 900 415 954 Si
452 902 826 970 permiserint.
871 905 1032 958 modo
1063 913 1290 974 potesne
1323 908 1538 962 utiliter
1580 923 1781 964 vacare
1822 924 1940 978 pte-

355 996 648 1050 nitentiaa?
694 995 998 1066 Respondit
1060 1015 1226 1054 senex
1274 1016 1289 1054 :
1338 999 1602 1066 Quamvis
1649 1015 1939 1070 nequeam,

355 1094 540 1141 tamen
585 1102 886 1157 parumper
930 1088 1234 1160 iugemisco
1265 1107 1433 1160 super
1457 1091 1638 1146 anima
1680 1107 1822 1157 mea,
1855 1093 1939 1147 id-

354 1198 463 1251 que
489 1182 690 1237 sullicit
719 1184 871 1237 mibi.

426 1271 517 1327 50.
575 1271 653 1327 De
709 1274 908 1329 abbate
974 1274 1132 1330 Sisoe
1191 1277 1732 1342 commemorabam,
1791 1278 1939 1349 quod

357 1368 579 1434 quando
616 1367 766 1420 venit
797 1368 850 1420 in
883 1367 1134 1438 Clysma,
1183 1369 1497 1438 agrotavit;
1528 1379 1582 1423 et
1617 1369 1837 1424 sedente
1874 1385 1940 1422 eo

357 1458 413 1512 in
460 1457 597 1511 cella
641 1473 766 1512 cum
805 1459 1078 1530 discipulo
1117 1476 1238 1526 suo,
1282 1477 1411 1517 ecce
1438 1463 1622 1516 audita
1653 1462 1941 1529 estjanuze

356 1547 644 1618 pulsatio:
680 1564 845 1618 quam
878 1551 1189 1620 percipiens
1211 1566 1400 1615 senex,
1430 1552 1505 1604 ait
1534 1551 1807 1619 discipulo
1836 1566 1939 1606 suo

357 1643 706 1697 Abrahamo:
736 1641 834 1696 Dic
857 1644 906 1697 ei
932 1643 1024 1714 qui
1057 1644 1238 1714 pulsat
1264 1662 1277 1698 :
1306 1643 1419 1714 Ego
1439 1644 1626 1699 Sisocs
1650 1644 1702 1698 in
1730 1653 1938 1707 monte,

355 1749 458 1805 ego
490 1733 678 1790 Sisoes
707 1741 760 1788 in
792 1743 983 1790 matta.
1015 1734 1106 1792 Ille
1127 1752 1257 1792 vero
1287 1739 1542 1801 audiens.
1567 1738 1811 1792 evanuit.

431 1918 519 1973 51.
562 1917 710 1973 Dixit
739 1919 914 1973 abbas
949 1918 1138 1974 Sisoes
1171 1919 1440 1974 Thebaeus
1471 1918 1746 1989 discipulo
1779 1931 1882 1971 suo
1917 1933 1932 1967 :

359 2009 632 2082 Eloquere
667 2012 799 2066 mihi
837 2012 969 2082 quid
1006 2013 1062 2066 in
1103 2029 1189 2066 me
1225 2028 1516 2082 agnoscas,
1547 2021 1600 2065 et
1629 2027 1731 2081 ego
1776 2010 1939 2064 vicis-

360 2102 464 2156 sim
502 2103 600 2156 tibi
631 2101 904 2172 proferam
940 2103 1082 2172 quod
1111 2103 1164 2156 in
1197 2113 1248 2157 te
1275 2118 1534 2173 agnosco.
1559 2103 1647 2153 Ait
1677 2103 1751 2154 illi
1771 2101 1939 2153 disci-

358 2192 524 2262 pulus
560 2211 574 2247 :
615 2191 694 2246 Tu
726 2194 903 2248 bonus
930 2194 1136 2258 animo,
1180 2194 1272 2249 sed
1319 2195 1484 2264 paulo
1510 2193 1721 2247 durior.
1750 2193 1815 2246 Et
1855 2208 1940 2248 se-

360 2297 464 2337 nex
490 2301 503 2337 ;
528 2282 608 2336 Tu
629 2298 777 2346 vero.
801 2285 1000 2354 inquit,
1021 2285 1200 2339 bonus
1236 2301 1316 2346 es.
1346 2286 1443 2341 sed
1474 2286 1656 2338 animo
1679 2284 1936 2338 molliori.

432 2375 523 2431 52.
563 2375 813 2430 Relatum
846 2387 931 2432 est
971 2377 1039 2432 de
1074 2378 1269 2433 abbate
1310 2377 1468 2433 Sisoe
1497 2377 1754 2438 Thebzeo.
1790 2375 1939 2446 quod

360 2486 556 2543 panem
594 2486 701 2524 non
736 2472 1065 2526 comederet.
1111 2469 1176 2523 Et
1207 2473 1260 2524 in
1295 2470 1436 2526 festo
1467 2470 1715 2532 Pascha),
1743 2469 1941 2523 fratres

359 2570 689 2633 rogaverunt
731 2579 856 2618 eum
901 2565 1196 2633 supplices.
1250 2571 1310 2617 ut
1345 2580 1468 2616 cum
1519 2563 1651 2632 ipsis
1700 2568 1942 2617 sumeret

360 2655 564 2708 cibum.
588 2653 889 2724 Respondit
913 2656 1276 2709 :Alterutrum
1299 2654 1547 2708 facturus
1577 2670 1718 2717 sum,
1743 2655 1824 2706 vel
1845 2669 1942 2722 pa-

363 2759 485 2796 nem
527 2759 765 2810 sumam,
791 2745 871 2798 vel
915 2761 1036 2814 qua:
1068 2743 1390 2798 confecistis
1425 2744 1629 2798 edulia.
1668 2743 1748 2796 llli
1791 2743 1944 2796 dixe-

360 2845 532 2889 runt:
567 2833 755 2889 Solum
790 2851 981 2906 panem
1010 2837 1300 2890 manduca.
1335 2837 1513 2906 Atque
1547 2837 1619 2890 ita
1646 2835 1795 2890 fecit.

871 2972 948 3026 De
975 2972 1164 3026 abbate
1199 2971 1439 3026 Silvano.

435 3083 486 3138 1.
532 3082 642 3154 (58)
677 3086 1043 3139 Accesserunt
1065 3082 1363 3154 aliquando
1394 3083 1567 3137 abbas
1595 3081 1852 3136 Silvanus
1892 3091 1946 3136 et

2044 543 2307 612 Λέγουσιν
2335 545 2484 616 αὑτῷ
2502 564 2513 576 ·
2539 547 2604 599 Τί
2628 546 2864 616 βλέπεις,
2899 549 3075 613 ἀϐδᾶς
3107 549 3216 602 Kal
3246 547 3392 617 λέγει
3422 549 3633 613 αὐτοῖς·

2054 636 2198 708 ὐρῶ
2223 655 2375 701 τινας
2397 639 2648 703 ἐλθόντας
2686 641 2772 692 ἐπ’
2810 642 2930 712 ἐμὲ,
2967 643 3059 694 καὶ
3102 641 3404 714 παρακαλῶ
3434 641 3637 705 αὐτοὺς

2045 729 2134 782 ἵνα
2166 729 2371 784 ὲάσωσί
2411 748 2478 801 με
2513 731 2708 803 μικρὸν
2753 735 3100 806 μετανοῆσαι.
3146 734 3308 802 Λέγει
3355 733 3504 804 αὐτῷ
3549 727 3633 796 εἷς

2041 821 2154 876 τῶν
2196 823 2498 895 γερόντων·
2535 824 2646 878 Καὶ
2679 824 2773 877 ἐὰν
2809 825 3010 879 ἐάσωσι
3053 842 3132 889 σε,
3159 826 3362 895 ἀπάρτι
3403 824 3635 878 δύνασαι

2042 915 2408 988 χρησιμεῦσαι
2445 918 2524 980 εἰς
2565 918 2895 988 μετάνοιανς
2941 919 3104 988 Λέγει
3152 918 3298 989 αὐτῷ
3337 919 3366 970 6
3410 917 3631 990 γέρων·

2041 1009 2106 1060 Εἰ
2137 1009 2192 1061 δὲ
2217 1009 2278 1062 οὐ
2312 1009 2547 1080 δύναμαι
2575 1011 2816 1080 ποιῆσαι,
2841 1010 2978 1064 ἀλλὰ
3027 1009 3268 1074 στενάζω
3312 1011 3495 1064 ἐπάνω
3531 1010 3635 1080 τῆς

2026 1099 2220 1180 ,ψυχῆς
2254 1119 2354 1172 μου
2381 1103 2596 1174 μικρὸν,
2631 1104 2724 1156 καὶ
2749 1104 2909 1174 ἀρκεί
2937 1120 3049 1175 μοι.

2111 1285 2175 1332 ν’.
2205 1277 2431 1347 Ἔλεγον
2465 1279 2711 1350 περὶτοῦ
2742 1279 2886 1334 ἀδεᾶ
2915 1279 3098 1351 Σισόη,
3127 1280 3206 1333 ὅτι
3235 1280 3324 1333 ὅτε
3363 1275 3527 1350 ἦλθεν
3554 1281 3637 1343 εἰς

2040 1371 2101 1424 τὸ
2143 1371 2398 1442 Κλύσμα,
2448 1372 2744 1444 ἠσθένησε·
2785 1374 2879 1426 καὶ
2920 1372 3227 1443 καθημένου
3278 1373 3445 1426 αὑτοῦ
3494 1373 3640 1443 μετὰ

2039 1461 2134 1515 τοῦ
2179 1462 2422 1535 μαθητοῦ
2471 1465 2634 1517 αὑτοῦ
2686 1466 2766 1528 είς
2817 1465 2918 1534 τὴν
2969 1464 3180 1527 κέλλαν,
3226 1465 3336 1518 ἰδοὺ
3379 1463 3640 1536 κροῦσμα

2041 1553 2264 1623 γέγονεν
2308 1556 2387 1617 εἰς
2422 1555 2522 1626 τὴν
2562 1554 2750 1627 θύραν.
2799 1553 2909 1608 Kal
2937 1557 3132 1626 νοήσας
3175 1558 3203 1608 6
3239 1555 3440 1626 γέρων,
3484 1555 3638 1623 λέγει

2039 1645 2118 1716 τῷ
2173 1646 2386 1717 μαθητῇ
2436 1647 2601 1700 αὑτοῦ
2658 1647 2925 1719 Ἀδραάμο
2980 1648 3115 1700 Εἰπὲ
3169 1646 3248 1718 τῷ
3301 1649 3634 1718 κρούσαντι·

2055 1737 2197 1806 Ἐγὼ
2223 1739 2415 1809 Σισὸης
2452 1741 2531 1802 εἰς
2581 1739 2641 1792 τὸ
2688 1739 2830 1810 ὅρος,
2859 1737 2969 1808 ἐγὼ
3006 1739 3198 1810 Σισόης
3239 1740 3317 1803 είς
3358 1737 3418 1791 τὸ
3461 1739 3642 1809 χαρά-

2041 1831 2208 1903 δριον.
2246 1832 2305 1885 Ὀ
2340 1831 2396 1884 δὲ
2434 1833 2677 1897 ἀκούσας
2707 1831 2916 1903 ἀφανὴς
2944 1832 3182 1900 ἐγένετο.

2112 1931 2209 1976 να’.
2252 1919 2417 1976 Εἶπεν
2447 1927 2475 1977 6
2503 1925 2677 1988 esse;
2715 1925 2909 1996 Σισόης
2957 1925 2985 1976 6
3029 1923 3261 1996 Θηϐαῖος
3300 1922 3378 1994 τῷ
3419 1922 3638 1994 μαθητῇ

2043 2013 2207 2068 αὐτοῦ
2229 2032 2241 2045 ·
2278 2015 2412 2068 Εἰπέ
2444 2033 2533 2086 μοι
2567 2017 2618 2070 τί
2651 2017 2868 2086 βλέπεις
2899 2017 2976 2080 είς
3016 2017 3134 2087 ἐμὲ,
3175 2014 3329 2083 κὰγὼ
3364 2031 3445 2068 σοι
3493 2015 3643 2082 λέγω

2041 2107 2093 2160 τί
2124 2106 2306 2176 βλέπω
2337 2110 2414 2172 είς
2443 2109 2520 2163 σέ.
2557 2109 2720 2178 Λέγει
2760 2108 2911 2179 αὐτῷ
2954 2111 2982 2161 6
3036 2105 3280 2179 μαθητὴς
3322 2105 3522 2159 αὑτοῦ·
3564 2106 3640 2158 Σὺ

2042 2199 2207 2263 καλὸς
2236 2199 2315 2271 τῷ
2341 2199 2438 2270 νῷ,
2474 2201 2568 2252 καὶ
2595 2201 2827 2270 σκληρὸς
2859 2198 3072 2272 μικρόν.
3099 2200 3261 2268 Λέγει
3304 2197 3452 2269 αὐτῷ
3481 2197 3510 2250 6
3539 2197 3640 2266 γέ-

2045 2307 2181 2365 ρων*
2211 2293 2283 2345 Σὺ
2319 2291 2481 2356 καλὸς
2505 2288 2576 2355 εἴ,
2604 2293 2740 2345 ἀλλὰ
2765 2291 2960 2363 χαῦνος
2991 2290 3069 2364 τῷ
3101 2289 3197 2362 νῷ.

2114 2384 2212 2454 νβ’.
2245 2384 2470 2453 Ἔλεγον
2494 2385 2621 2456 περὶ
2648 2384 2741 2437 τοῦ
2771 2384 2916 2438 assa
2948 2383 3107 2454 Σισόη
3136 2383 3228 2436 τοῦ
3263 2381 3518 2453 Θηϐαίου,
3557 2382 3642 2436 ὅτι

2046 2479 2144 2532 οὐκ
2163 2478 2348 2550 ἤσθιεν
2368 2478 2549 2548 ἄρτον.
2577 2479 2685 2531 Kal
2704 2480 2782 2542 είς
2801 2478 2898 2548 τὴν
2919 2477 3111 2550 ἑορτὴν
3131 2477 3220 2531 τοῦ
3240 2477 3431 2548 Πάσχα
3448 2476 3644 2529 ἔϐαλον

2044 2571 2193 2641 αὐτῴ
2247 2571 2534 2642 μετάνοιαν
2578 2573 2627 2624 οι
2675 2571 2915 2640 ἀδελφοὶ,
2957 2571 3044 2623 ἵνα
3079 2571 3224 2640 φάγῃ
3277 2573 3393 2640 μετ’
3434 2569 3636 2622 αὐτῶν.

2044 2665 2155 2717 Kal
2195 2663 2515 2734 ἀποκριθεὶς
2558 2659 2710 2717 εἶπεν
2755 2665 2971 2727 αὐτοῖς·
3010 2662 3106 2717 Ἐν
3141 2664 3249 2734 ἔχω
3295 2663 3553 2732 ποιῆσαι·
3602 2661 3642 2731 ἦ

2045 2756 2207 2826 ἄρτον
2234 2754 2339 2824 ἔχω
2366 2754 2770 2825 μεταλαϐεῖν.ἣ
2805 2756 2903 2808 ὅσα
2937 2756 3225 2825 ἐποιήσατε
3265 2756 3457 2824 φαγία.
3490 2756 3554 2806 Οἱ
3582 2754 3641 2807 δὲ

2046 2843 2196 2899 εἷπον
2219 2846 2387 2918 αὐτῷ·
2411 2848 2610 2918 ’Ἄρτον
2635 2848 2793 2918 μόνον
2818 2849 2980 2917 φάγε.
3012 2849 3068 2900 '0
3090 2847 3147 2900 δε
3172 2849 3425 2918 ἐποίησεν
3445 2847 3636 2910 οὕτως.

2421 2982 2562 3050 Περὶ
2593 2982 2703 3035 τοῦ
2737 2981 2885 3036 ἀὸϐᾶ
2912 2981 3249 3037 Σιλουανοῦ
3271 3013 3288 3030 ο

2116 3103 2184 3151 α’.
2211 3093 2494 3166 Παρέϐαλέ
2526 3109 2657 3146 ποτε
2685 3096 2713 3146 6
2750 3093 2924 3156 ὰΰὸἄς
2949 3093 3234 3156 Σιλουανὸς
3265 3093 3358 3146 καὶ
3403 3093 3433 3145 6
3466 3090 3645 3160 p.an-

362 3173 662 3231 Zacbarias
695 3176 1002 3246 discipulus
1056 3177 1178 3245 ejus
1225 3177 1294 3230 ad
1337 3177 1611 3246 quoddam
1666 3182 1938 3228 monaste—

2072 3189 2144 3258 ’ὴς
2173 3163 2336 3240 αὐτοῦ
2363 3184 2639 3256 Ζαχαρίας
2679 3183 2759 3248 είς
2810 3185 3206 3256 μοναστήριον·
3251 3183 3345 3236 καὶ
3378 3183 3642 3250 ἐποίησαν

362 3271 544 3332 rium.
588 3270 680 3324 ubi
731 3270 908 3324 adacti
953 3278 1083 3325 sunt
1126 3269 1193 3324 ad
1242 3285 1434 3340 parum
1466 3269 1573 3322 cibi
1615 3268 1942 3322 sumendum

362 3371 656 3433 antequam
716 3363 1226 3433 proficiscerentur.
1291 3362 1430 3416 Cum
1491 3370 1674 3415 autem
1731 3360 1940 3431 egressi

362 3455 621 3521 fuissent,
647 3456 956 3526 discipulus
984 3455 1104 3525 ejus
1136 3456 1190 3509 in
1220 3455 1303 3508 via
1323 3470 1520 3524 aquam
1554 3453 1777 3524 reperit,
1805 3453 1945 3508 vole-

361 3550 562 3619 batque
605 3549 812 3614 bibere.
846 3550 936 3603 Ait
981 3549 1058 3603 illi
1101 3565 1269 3604 senex
1298 3563 1311 3578 ο
1347 3547 1633 3610 Zacharia,
1670 3547 1832 3602 hodie
1861 3546 1946 3616 je-

357 3640 570 3706 junium
615 3647 719 3694 est.
763 3638 856 3694 llle
899 3639 1114 3708 excepit
1149 3657 1160 3692 :
1195 3637 1386 3692 Nonne
1419 3637 1783 3698 comedimus,
1839 3637 1944 3690 Pa-

361 3731 489 3785 ter?
554 3729 857 3801 Respondit
915 3746 1084 3786 senex
1137 3747 1149 3781 :
1197 3731 1291 3785 Illa
1331 3731 1601 3785 comestio
1654 3730 1944 3786 cbaritatis

361 3825 493 3890 fuit;
538 3839 638 3879 nos
669 3834 850 3880 autem
888 3824 1160 3894 jejunium
1203 3833 1454 3879 nostrum
1502 3831 1810 3885 teneamus,
1844 3822 1940 3877 fili.

431 3917 486 3970 2.
527 3918 641 3987 toil)
686 3917 854 3981 Idem,
901 3917 1102 3972 sedens
1149 3917 1452 3985 aliquando
1489 3932 1616 3970 cum
1654 3915 1942 3977 fratribus.

361 4010 417 4063 in
462 4012 724 4065 exstasim
759 4011 1040 4080 abreptus,
1079 4009 1282 4065 cecidit
1328 4011 1381 4064 in
1429 4010 1661 4076 faciem;
1689 4019 1743 4064 et
1774 4011 1947 4086 multo

361 4109 487 4172 post
538 4117 771 4172 surgens
812 4103 1083 4172 plorabat.
1135 4102 1486 4172 Rogaverunt
1540 4117 1667 4157 eum
1719 4101 1942 4165 fratres,

360 4195 612 4249 dicentes
645 4213 657 4248 :
699 4193 842 4260 Quid
878 4196 1070 4260 babes,
1105 4196 1305 4250 Pater?
1347 4195 1440 4250 llle
1476 4213 1605 4250 vero
1648 4195 1864 4249 tacebat
1891 4203 1947 4248 et.

361 4287 634 4358 plorabat.
661 4285 909 4356 Cumque
930 4297 1188 4356 cogerent
1210 4304 1334 4341 eum
1360 4289 1506 4356 loqui
1532 4306 1547 4342 :
1574 4287 1708 4357 Ego.
1743 4288 1942 4356 inquit,

359 4379 430 4432 ad
477 4379 746 4446 judicium
797 4388 990 4449 raptus
1031 4396 1191 4438 sum:
1232 4381 1608 4449 conspexique
1652 4379 1855 4434 multos
1873 4378 1946 4434 de

2047 3279 2242 3344 αὐτοὺς
2271 3278 2570 3348 γεύσασθαι
2607 3279 2800 3349 μικρὸν
2824 3277 2929 3348 πρὸ
2958 3276 3054 3330 τοῦ
3087 3275 3323 3330 ὁδεῦσαι.
3355 3274 3463 3329 Kal
3490 3271 3642 3343 ἐξελ-

2048 3373 2248 3427 θόντων
2279 3372 2477 3436 αὐτῶν,
2519 3364 2678 3442 εὗρεν
2714 3374 2742 3424 6
2792 3369 3039 3442 μαθητὴς
3088 3367 3253 3422 αὑτοῦ
3299 3367 3444 3438 ὕδωρ
3475 3368 3534 3420 ὲν
3574 3369 3640 3437 τῇ

2046 3465 2170 3536 ὁδῷ,
2199 3466 2292 3518 καὶ
2320 3464 2478 3536 ἤθελε
2506 3467 2668 3517 πιεῖν.
2715 3463 2825 3517 Kal
2868 3462 3016 3530 λέγει
3057 3459 3204 3529 αὐτῷ
3234 3461 3263 3512 6
3293 3457 3501 3530 γέρων’
3533 3459 3640 3510 Ζα-

2047 3560 2233 3630 χαρία,
2257 3555 2480 3630 νηστεία
2515 3558 2753 3628 σήμερον
2786 3554 2921 3626 (60).
2970 3554 3028 3606 Ὀ
3059 3552 3116 3605 δὲ
3147 3551 3326 3619 λέγει’
3360 3550 3473 3604 Οὐκ
3502 3548 3643 3618 ὲφά..

2047 3667 2239 3721 γομεν,
2273 3650 2496 3720 Πάτερ;
2540 3649 2703 3716 Λέγει
2755 3649 2783 3700 6
2832 3645 3045 3716 γέρων·
3095 3644 3300 3696 Ἐκεῖνο
3326 3641 3405 3706 τὸ,
3438 3639 3640 3708 ἐφάγο-

2052 3760 2151 3812 μεν
2166 3741 2232 3806 ³⁰,
2263 3741 2362 3811 τῆς
2383 3741 2607 3811 ἀγάπης
2636 3736 2704 3811 ἦν
2722 3757 2736 3769 ο
2761 3740 2925 3809 ἡμεῖς
2953 3737 3010 3790 δὲ
3033 3736 3133 3807 τὴν
3157 3733 3361 3789 ἑαυτῶν
3389 3732 3644 3803 νηστείαν

2049 3835 2431 3906 κρατήσωμεν.
2462 3832 2672 3886 τέκνον.

2120 3923 2186 3994 β’.
2228 3925 2286 3975 ὐ
2313 3922 2477 3984 αὑτὸς
2506 3919 2869 3990 καθεζόμενός
2899 3935 3031 3971 ποτε
3062 3917 3198 3988 μετὰ
3227 3915 3492 3984 ἀδελφῶν,
3527 3913 3646 3983 ἐγέ-

2047 4031 2169 4086 νεοτο
2189 4015 2246 4067 ἐν
2274 4013 2550 4075 ἐκστάσει,
2573 4010 2667 4064 καὶ
2699 4010 2887 4063 πίπτει
2916 4010 3008 4062 ἐπὶ
3037 4008 3352 4079 πρόσωπον·
3384 4005 3479 4058 καὶ
3504 4004 3643 4074 μετὰ

2050 4104 2186 4158 πολὺ
2236 4101 2476 4164 ἀναστὰς
2529 4099 2731 4153 ἔκλαιε.
2786 4099 2898 4152 Kal.
2951 4097 3330 4168 παρεκάλεσαν
3378 4093 3541 4148 αὑτὸν
3593 4095 3642 4146 οἱ

2049 4195 2287 4264 ἀδελφοὶ,
2333 4194 2614 4262 λέγοντες·
2657 4190 2722 4244 Τί
2761 4190 2924 4260 ἔχεις,
2973 4190 3190 4259 Πάτερ;
3241 4187 3298 4240 ὐ
3328 4185 3385 4238 δὲ
3429 4184 3649 4238 ἐσιώπα

2049 4284 2144 4337 καὶ
2173 4284 2409 4337 ἔκλαιεν.
2452 4280 2893 4351 ’Λναγκαζὸντων
2928 4280 2984 4332 δὲ
3023 4277 3202 4332 αὐτῶν
3236 4280 3429 4340 εἰπεῖν,
3454 4273 3640 4329 εἶπεν·

2062 4376 2203 4444 Ἐγὼ
2231 4378 2308 4439 είς
2337 4375 2434 4446 τὴν
2465 4374 2644 4445 κρίσιν
2672 4374 2961 4445 ἡρπάγηνο
2994 4373 3088 4425 καὶ
3121 4367 3260 4424 εἶδον
3292 4370 3517 4432 πολλοὺς
3547 4369 3642 4422 τοῦ

359 4485 562 4541 genere
585 4479 779 4525 nostro
814 4480 1008 4524 euntes
1043 4471 1110 4524 ad
1135 4471 1488 4541 supplicium,
1528 4471 1730 4524 multos
1762 4479 1938 4524 autem

2072 4471 2238 4533 ’ένους
2266 4469 2423 4541 ἡμῶν
2457 4469 2863 4538 ἀπερχομένους
2901 4468 2981 4528 εἰς
3013 4465 3254 4525 κόλασιν,
3287 4464 3383 4516 καὶ
3414 4462 3644 4527 πολλοὺς

359 4581 390 4619 e
414 4565 778 4619 sacularibus
805 4572 1000 4620 euntes
1025 4563 1093 4618 ad
1123 4580 1376 4635 regnum.
1411 4562 1476 4616 Et
1500 4564 1723 4633 lugebat
1751 4577 1940 4625 senex,

359 4672 425 4712 ac
455 4658 675 4713 nolebat
698 4659 850 4713 exire
879 4673 910 4712 e
945 4657 1081 4712 cella
1112 4673 1233 4713 sua.
1261 4656 1419 4723 Quod
1455 4658 1499 4712 si
1534 4657 1688 4711 exire
1719 4670 1946 4723 cogere-

359 4761 473 4812 tur.
513 4755 798 4823 operiebat
841 4755 1057 4808 cuculla
1101 4753 1292 4808 faciem
1341 4769 1521 4813 suam,
1569 4750 1940 4819 dicebatque:

360 4845 498 4910 Quid
553 4847 772 4916 cupiam
825 4848 1009 4901 videre
1045 4845 1224 4900 lumen
1284 4846 1388 4899 hoc
1443 4843 1762 4913 temporale,
1798 4841 1944 4910 quod

361 4935 426 4988 ad
453 4937 588 4989 nillil
621 4938 753 4992 utile
784 4938 916 4992 est?

2051 4563 2159 4616 τῶν
2186 4561 2464 4623 κοσμικῶν
2490 4559 2896 4632 ἀπερχομένους
2925 4561 3004 4620 εἰς
3026 4556 3318 4626 βασιλείαν.
3351 4556 3461 4609 Καὶ
3487 4556 3643 4608 ἐπέν-

2057 4654 2139 4706 θει
2171 4655 2199 4706 ὁ
2227 4653 2429 4723 γέρων,
2467 4653 2562 4706 καὶ
2591 4653 2692 4705 οὐκ
2720 4651 2906 4721 ἢθελεν
2934 4646 3168 4712 ἐξελθεῖν
3202 4649 3265 4700 ὲκ
3295 4647 3390 4700 τοῦ
3429 4645 3644 4704 κελλίου

2055 4745 2242 4799 αὑτοῦ.
2284 4746 2347 4798 Εἰ
2387 4745 2446 4800 δὲ
2476 4745 2572 4797 καὶ
2599 4741 2939 4814 ἠναγκάζετο
2967 4740 3199 4808 ἐξελθεῖν
3221 4741 3288 4801 ⁸⁸,
3319 4739 3519 4792 ἐσκεπε
3567 4740 3644 4808 τῷ

2054 4837 2353 4908 κουκουλίῳ
2382 4838 2493 4908 (6i)
2525 4836 2588 4888 τὸ
2617 4835 2904 4908 πρόσωπον
2943 4833 3141 4896 αὐτοῦ,
3173 4832 3376 4900 λέγων·
3411 4832 3478 4883 Τί
3506 4831 3644 4884 θέλω

2059 4930 2184 4982 ἰδεῖν
2231 4929 2291 4982 τὸ
2332 4929 2447 4998 φῶς
2491 4928 2652 4982 τοῦτο
2698 4928 2757 4980 τὸ
2803 4927 3157 4997 πρόσκαιρον,
3202 4925 3296 4978 καὶ
3327 4923 3479 4978 οὐδὲν
3521 4925 3643 4995 ἕχον

2053 5021 2245 5090 ὄφελος
2263 5038 2278 5086 ;

431 5142 476 5172 ’⁹
517 5141 605 5194 Al.
629 5138 912 5211 Πατέρων.
991 5139 1036 5168 ³ο
1059 5139 1145 5190 ΑΙ.
1173 5141 1386 5205 φαγεῖν.
1464 5137 1504 5166 ³⁸
1534 5138 1620 5188 Αι.
1657 5136 1784 5191 add.
1815 5137 1880 5188 ἐκ
1908 5135 2002 5188 τοῦ
2038 5135 2251 5188 κελλίου
2282 5133 2468 5187 αὐτοῦ.

432 5279 546 5351 (58)
599 5276 705 5351 re.
734 5276 889 5351 fatr.
926 5289 1012 5338 ιιι,
1037 5275 1130 5351 έβ.

599 5346 701 5401 Vit.
731 5346 883 5399 Patr.
919 5365 1000 5421 ιιι,
1032 5345 1118 5399 15.

428 5415 543 5490 (60)
589 5421 806 5474 ἰιθελε
833 5416 1059 5496 «fair...
1099 5417 1366 5496 morata
1401 5415 1690 5496 ᾳήιιερον.
1738 5415 1800 5496 Si
1833 5427 1949 5496 post

353 5486 599 5547 somnum
631 5498 788 5543 noctu
811 5486 1153 5556 evigilaverit,
1193 5497 1340 5550 oret;
1371 5487 1418 5540 si
1442 5487 1588 5539 sitire
1617 5489 1844 5551 coeperit,
1868 5488 1952 5554 je-

2049 5273 2210 5342 capiti
2240 5271 2559 5339 imponebat,
2585 5287 2648 5324 ue
2669 5272 2834 5323 aciem
2855 5271 2923 5342 in
2953 5269 3084 5342 solis
3104 5269 3272 5342 jubar
3294 5268 3589 5323 intenderet
3620 5287 3640 5323 :

2048 5339 2367 5412 causamque
2391 5351 2606 5411 rogatus
2641 5341 2905 5407 respondit
2933 5356 2949 5392 :
2986 5339 3187 5409 Ecquid
3213 5349 3290 5394 est
3315 5355 3408 5392 cur
3440 5352 3640 5410 tempo-

2054 5414 2260 5468 rarium
2302 5415 2475 5466 lumen
2513 5414 2682 5466 videre
2715 5412 2906 5466 relim?
2937 5412 3121 5464 Grch
3156 5427 3221 5464 ex
3256 5425 3426 5466 mss.:
3461 5412 3637 5480 Καίγε

2053 5502 2138 5548 τις
2166 5485 2276 5537 τῶν
2305 5483 2475 5551 ἁγίων
2530 5483 2808 5552 Πατέρων,
2842 5483 3006 5552 ἡνίκα
3061 5480 3161 5548 τῆς
3183 5480 3386 5552 κέλλης
3421 5481 3634 5552 προῄει.

355 5565 491 5626 iunii
520 5572 696 5616 autem
725 5551 1041 5624 instat'dies,
1076 5557 1247 5612 bibere
1281 5575 1384 5612 nou
1407 5557 1642 5612 audebit.
1673 5551 1938 5612 Pachomii

361 5634 556 5673 Ιξμηηίη
593 5631 838 5673 punilllln
870 5630 960 5673 87-

2072 5555 2322 5625 ιάλυμμα
2354 5553 2446 5606 ἐπὶ
2469 5552 2566 5673 τὴν
2603 5551 2844 5623 κεφαλὴν
2867 5551 3068 5611 ἐτίθει,
3100 5551 3234 5621 πρὸς
3256 5551 3315 5603 τὸ
3349 5552 3425 5673 μ.ιέ
3459 5553 3636 5604 ἀτενί-

2072 5643 2142 5673 rav.
2170 5627 2278 5673 (Al.
2321 5627 2508 5673 ὲνατεν
2537 5632 2648 5673 σαι)
2691 5623 2792 5673 τὴν
2838 5623 3014 5673 αὐγὴν
3045 5620 3140 5673 τοῦ
3173 5620 3343 5673 ἡλίου.
3433 5622 3491 5673 al
3538 5624 3626 5673 ἐπ·

359 5634 556 5702 Iicgula
593 5631 838 5698 capitulo
870 5630 968 5702 87.
1311 5700 1317 5702 Α
1433 5698 1458 5702 ,η

427 5698 539 5772 ((51)
586 5704 853 5772 Ἐσκεπε
897 5700 979 5765 τῷ
1026 5700 1387 5772 κουκουλίφ.
1425 5698 1703 5772 Enimvero
1732 5699 1949 5768 quidam

359 5770 658 5830 sanctarum
711 5771 958 5840 Patrum,
1000 5771 1088 5825 ubi
1137 5772 1269 5826 cella
1303 5770 1559 5840 prodiret,
1598 5779 1947 5839 tegumentum

2053 5643 2142 5681 σαι
2170 5620 2278 5697 (Al.
2321 5620 2648 5697 ὲνατενίσαι)
2673 5620 3014 5697 Δἰτίνινλαῦγὴν
3045 5620 3491 5697 τοῦήλίουί-Καὶ

2051 5690 2402 5766 ερωτώμενος
2428 5692 2526 5766 τὴν
2571 5690 2765 5766 αἰτίανξ
2806 5690 3444 5766 ἁπεκρίνατοχτίθέλω
3475 5691 3634 5766 τοῦτο

2049 5761 2109 5821 τὸ
2129 5761 2330 5836 φῶξτὸ
2360 5761 2692 5835 πρόσκαιρον
2727 5764 2887 5830 ίδεῑν;
2919 5761 3114 5818 Tlteod.
3165 5761 3378 5816 Studita
3402 5772 3517 5817 cat.
3552 5763 3636 5818 ιδ.
