3828 6314
111 374 193 430 4119

1163 366 1778 423 APOPH'I‘HEGMATA
1819 367 2131 427 PATRUM.

3210 370 3318 427 ιιο

163 494 218 555 γ..
247 482 452 536 “non
485 479 729 552 εισῆλθεν
770 481 800 534 ὁ
843 479 1088 552 μαθητὴς
1133 481 1295 534 αὑτοῦ
1341 483 1637 555 Ζαχαρίας.

1815 485 1870 540 3.
1915 483 2058 555 (62)
2090 483 2212 539 Alio
2263 491 2506 554 tempore
2553 481 2834 554 ingressus
2885 489 2968 538 est
3016 481 3321 552 discipulus

111 581 181 631 καὶ
207 569 345 648 εὗρεν
373 573 532 627 αὑτὸν
553 573 610 625 ἐν
642 573 918 637 ἐκστάσει,
951 573 1046 626 καὶ
1071 573 1128 624 αἱ
1161 575 1340 644 χεῖρες
1367 575 1530 630 αὐτοῦ
1559 578 1638 639 είς

109 671 178 722 τὸν
202 667 403 736 οὐρανὸν
433 665 770 735 ήπλωμέναι.
817 665 926 718 Καὶ
971 663 1190 727 κλείσας
1229 666 1327 738 τὴν
1360 663 1528 738 θύραν
1547 666 1636 732 ἐξ-

110 761 226 830 ἦλθε.
247 757 342 810 Καὶ
370 757 536 810 ἐλθὼν
565 758 690 827 περὶ
713 755 860 828 ὥραν
891 756 1056 826 ἕκτην
1087 755 1181 809 καὶ
1211 755 1457 826 ἐννάτην,
1480 751 1638 827 εὗρεν

112 851 236 903 αὗτδν
258 849 434 911 οὕτως.
487 849 594 900 Καὶ
628 848 754 919 περὶ
801 845 948 919 ὥραν
977 847 1209 918 δεκάτην
1245 845 1502 917 ἔκρουσε·
1542 846 1637 900 καὶ

111 939 332 1003 εἰσελθὼν,
359 935 510 1010 εὗρεν
545 939 704 991 αὐτὸν
740 936 1101 1009 ἡσυχάζοντα,
1135 937 1228 990 καὶ
1269 937 1415 1006 λέγει
1455 937 1635 1008 αὐτῷ·

110 1031 156 1082 Τί
189 1029 310 1100 ἔχεις
351 1030 606 1100 σήμερον,
643 1027 864 1099 Πάτερς
912 1027 972 1084 Ὀ
1015 1027 1072 1080 δὲ
1115 1024 1302 1082 εἶπενσ
1332 1028 1636 1098 Ἠσθένησα

111 1121 316 1190 σήμερον,
335 1117 540 1172 τέκνον.
575 1119 632 1171 Ὀ
665 1117 723 1170 δέ
761 1119 1040 1191 κρατήσας
1084 1119 1209 1181 τοὺς
1245 1117 1413 1180 πόδας
1445 1117 1634 1182 αὐτοῦ,

109 1211 279 1276 ἔλεγεν·
303 1209 370 1262 Οὐ
404 1211 476 1280 μή
505 1226 563 1260 σε
596 1207 766 1272 ἐάσω,
801 1207 896 1262 ἐὰν
934 1208 1009 1279 μὴ
1049 1210 1206 1280 εἴπῃς
1235 1227 1323 1280 μοι
1375 1209 1428 1262 τί
1472 1205 1632 1274 εἶδες.

109 1301 233 1369 Λέγει
261 1300 392 1370 αὐτῷ
417 1301 443 1352 6
467 1301 642 1371 γέρων
661 1317 676 1332 ο
717 1299 858 1369 Ἐγὼ
880 1303 961 1364 εἰς
986 1300 1077 1353 τὸν
1101 1301 1328 1373 οὐρανὸν
1358 1303 1633 1372 ἡρπάγην,

109 1395 178 1444 καὶ
201 1389 318 1444 εἶδον
344 1393 434 1464 τὴν
457 1393 616 1458 δόξαν
645 1392 738 1446 τοῦ
783 1391 941 1458 Θεοῦ,
981 1394 1076 1446 καὶ
1116 1395 1234 1447 ἐκεῖ
1277 1394 1507 1465 ἱστάμην
1532 1393 1636 1458 ἕως

107 1489 220 1556 ἄρτι,
240 1487 322 1541 καὶ
347 1486 436 1540 νῦν
468 1487 764 1559 ἀπελύθην.

155 1683 204 1736 δ’.
242 1683 604 1755 Καθεζομένου
645 1685 775 1740 ποτὲ
822 1687 917 1740 τοῦ
955 1687 1100 1741 ἀ66ἄ
1139 1685 1424 1742 Σιλουανοῦ
1467 1687 1547 1751 είς
1576 1685 1638 1742 τὸ

105 1774 198 1844 ὅρος
222 1775 273 1826 τὸ
310 1776 452 1840 Σινὰ,
499 1776 744 1846 ἀπῆλθεν
788 1779 817 1830 6
865 1778 1112 1850 μαθητὴς
1155 1779 1317 1832 αὐτοῦ
1361 1779 1636 1851 Ζαχαρίας

103 1867 164 1928 είς
197 1865 462 1928 διακονίαν,
512 1870 607 1922 καὶ
658 1869 808 1938 λέγει
845 1869 924 1940 τῷ
967 1871 1216 1940 γέροντι·
1252 1871 1542 1923 Ἀπόλυσον
1576 1870 1636 1923 τὸ
1667 1857 1708 1911 Β

105 1957 226 2024 ὕδωρ.
251 1959 334 2010 καὶ
361 1959 577 2012 πότισον
617 1960 708 2014 τὸν
740 1962 937 2032 κῆπον.
972 1961 1030 2016 '0
1074 1961 1132 2014 δὲ
1172 1959 1401 2026 ἐξελθὼν
1434 1960 1636 2014 ἐσκεπε

103 2047 176 2118 τὴν
206 2047 310 2118 θέμιν
357 2051 521 2104 αὐτοῦ
571 2051 651 2122 τῷ
699 2052 1020 2123 κουκουλίῳ,
1071 2054 1165 2107 καὶ
1201 2053 1360 2124 μόνον
1400 2053 1469 2106 τὰ
1517 2053 1635 2124 ἴχνη

103 2140 230 2192 αὑτοῦ
259 2141 456 2197 ἔϐλεπε.
483 2143 772 2213 Παρέϐαλε
807 2145 863 2198 δὲ
889 2145 1112 2214 ἀδελφὸς
1147 2145 1191 2176 ³⁸
1224 2145 1360 2216 αὐτῇ
1389 2148 1456 2216 τῇ
1486 2144 1636 2217 ὥρα·

103 2233 174 2286 καὶ
202 2231 306 2286 ἰδὼν
329 2235 484 2288 αὐτὸν
513 2237 626 2290 ἀπὸ
657 2239 952 2309 μακρόθεν,
991 2238 1238 2291 κατενόει
1271 2238 1323 2291 τί
1358 2239 1633 2309 ἐποίησεν.

103 2326 320 2378 Εἰσελθὼν
345 2331 398 2381 δὲ
421 2331 450 2382 6
477 2329 707 2398 ἀδελφὸς
741 2331 880 2402 πρὸς
908 2329 1090 2393 αὑτὸν,
1131 2323 1286 2382 εἶπεν
1305 2343 1320 2359 ’
1351 2327 1486 2380 Εἰπέ
1523 2345 1635 2398 μοι,

106 2417 228 2482 ἁὸὁᾶ,
250 2417 296 2470 τί
327 2420 382 2472 τὸ
409 2421 700 2492 πρόσωπόν
729 2439 822 2474 σου
844 2420 1261 2482 κατεσκέπασας
1296 2418 1375 2490 τῷ
1407 2435 1638 2473 κουκου-

105 2509 194 2580 lup,
231 2513 313 2564 καὶ
344 2512 511 2576 οὕτως
549 2513 642 2567 τὸν
693 2513 868 2583 κῆπον
907 2510 1179 2577 ἐπότιζες;
1229 2509 1390 2579 Λέγει
1427 2510 1575 2581 αὐτῷ
1607 2511 1638 2564 6

103 2599 261 2670 γέρων·
293 2601 502 2666 Τέκνον,
541 2603 631 2656 ἵνα
679 2603 754 2673 μὴ
799 2603 980 2656 ῖδωσιν
1025 2603 1075 2656 oi
1111 2599 1379 2671 ὀφθαλμοί
1426 2617 1528 2670 μου
1567 2599 1639 2654 τὰ

103 2689 266 2762 δένδρα.
289 2694 376 2746 καὶ
403 2694 755 2766 ἀπασχοληθῇ
780 2695 808 2747 6
837 2695 962 2758 νοῦς
989 2712 1090 2766 μου
1121 2693 1229 2748 ἀπὸ
1250 2693 1350 2765 τῆς
1374 2693 1637 2766 ἐργασίας

103 2783 230 2835 αὐτοῦ
255 2786 326 2847 εἰς
351 2787 507 2842 αὑτὰ

153 2907 202 2953 ε’.
241 2903 504 2973 Παρέσαλέ
543 2919 632 2966 τις
669 2901 896 2971 ἀδελφὸς
934 2900 1012 2972 τῷ
1053 2901 1196 2973 ἀὸὄᾷ
1238 2901 1511 2973 Σιλουανῷ
1554 2903 1634 2966 είς

103 2993 148 3045 τὸ
173 2995 277 3066 690.;
309 2998 364 3050 τὸ
389 2999 546 3052 Σινά*
589 3000 684 3051 καὶ
719 2996 842 3050 ῑδὼν
868 2997 995 3060 τοὺς
1031 2996 1290 3068 ἀδελφοὺς
1320 2996 1638 3068 ἐργαζομέ-

103 3103 214 3150 νους,
245 3085 354 3144 εἷπε
391 3089 468 3160 τῷ
509 3091 748 3162 γέρον-εγ
809 3089 896 3162 Μὴ
941 3090 1241 3161 ἐργάζεσθε
1285 3091 1386 3161 τὴν
1433 3090 1636 3162 βρῶσιν
1663 3109 1708 3166 c

102 3177 176 3244 τὴν
211 3179 588 3252 ἀπολλυμένην.
645 3181 832 3252 Μαρία
883 3181 994 3252 γὰρ
1042 3180 1140 3252 τὴν
1189 3180 1397 3252 ἀγαθὴν
1443 3181 1638 3254 μερίδα

103 3270 345 3335 ἐξελέξατο.
393 3273 554 3342 Λέγει
593 3275 624 3326 6
653 3273 834 3344 γέρων
869 3272 948 3342 τῷ
991 3273 1204 3344 μαθητῇ
1235 3273 1399 3328 αὐτοῦ
1419 3288 1433 3302 ⁶
1466 3275 1642 3344 Ζαχα-

106 3359 189 3428 ρία,
208 3362 284 3425 δὸς
300 3361 373 3434 τῷ
389 3363 607 3434 ἀδελφῷ
633 3363 854 3434 βιϐλίον,
873 3363 968 3418 καὶ
991 3362 1117 3433 βάλε
1141 3363 1302 3417 αὐτὸν
1327 3366 1406 3428 είς
1427 3364 1640 3418 κελλίον

107 3453 236 3524 μηδὲν
268 3455 401 3526 ἔχον.
434 3458 566 3510 Ὅτε
615 3453 708 3510 οὖν
750 3456 966 3526 ἐγένετο
1007 3458 1041 3527 ἡ
1087 3455 1205 3527 ὥρα
1247 3456 1352 3527 τῆς
1390 3457 1638 3529 ἐννάτης,

107 3548 310 3615 προσεῖχε
333 3550 393 3618 τῇ
419 3546 580 3619 θύρᾳ,
609 3549 658 3600 εί
687 3547 793 3618 ἄρα
824 3546 1099 3618 πέμπουσι
1125 3546 1350 3600 καλέσαι
1377 3549 1537 3600 αὐτὸν
1560 3550 1640 3612 είς

107 3633 152 3686 τὸ
185 3641 370 3706 φαγεῖν.
409 3639 496 3701 Ὦς
542 3637 602 3690 δὲ
653 3637 825 3700 οὐδεὶς
871 3636 1130 3691 ἐκάλεσεν
1173 3636 1356 3701 αὑτὸν,
1405 3637 1642 3702 ἀναστάς

105 3719 204 3792 ἦλθε
225 3727 344 3799 πρὸς
375 3727 464 3781 τὸν
489 3727 743 3800 γέροντα,
773 3727 868 3781 καὶ
905 3726 1054 3796 λέγει
1090 3725 1268 3798 αὐτῷ·
1295 3727 1409 3782 Οὐκ
1441 3727 1642 3798 ἔφαγον

107 3815 142 3865 oi
165 3815 353 3884 ἀδελφοὶ
379 3821 640 3891 σήμερον,
669 3819 842 3885 ἀϐὃᾶς
867 3821 1030 3890 Λέγει
1051 3821 1201 3893 αὐτῷ
1225 3822 1256 3875 6
1275 3823 1454 3894 γέρων
1472 3840 1486 3854 ·
1511 3823 1639 3881 Ναί.

111 3901 214 3958 Eii-.3
253 3908 336 3961 δέ’
365 3911 516 3964 Διατί
576 3911 676 3964 οὐκ
729 3910 1024 3964 ὲκαλέσατέ
1079 3929 1176 3984 με;
1233 3913 1394 3981 Λέγει
1422 3913 1586 3985 αὐτῷ
1615 3917 1644 3967 6

105 3997 274 4068 γέρων·
313 4001 523 4073 Ἐπειδὴ
571 4002 855 4074 ἄνθρωπος
907 4005 1272 4075 πνευματικὸς
1317 3999 1388 4068 εἴ,
1435 4006 1529 4059 καὶ
1581 4007 1641 4058 οὐ

105 4089 256 4158 χρείαν
276 4091 408 4162 ἔχεις
443 4093 548 4164 τῆς
579 4092 835 4166 βρώσεως
866 4095 1099 4168 ταύτης⁸
1137 4097 1296 4168 ἡμεῖς
1347 4095 1405 4149 δὲ
1455 4114 1646 4167 σαρκι-

107 4182 172 4233 ao".
193 4183 325 4248 ὄντες
351 4187 580 4258 θέλομεν
609 4191 824 4256 φαγεῖν,
853 4189 948 4243 καὶ
969 4190 1059 4243 διὰ
1082 4188 1239 4244 τοῦτο
1263 4187 1610 4261 ἐργαζόμεθα
1627 4208 1640 4222 ·

109 4273 156 4323 σὺ
182 4275 228 4328 δὲ
251 4278 336 4350 τὴν
363 4281 533 4352 καλὴν
579 4281 772 4353 μερίδα
815 4281 1063 4348 ἐξελέξω,
1091 4281 1478 4352 ἀναγινώσκων
1517 4282 1645 4354 ὅλην

108 4364 181 4436 τὴν
201 4370 410 4442 ἡμέραν,
434 4374 526 4428 καὶ
564 4375 625 4426 οὐ
669 4373 842 4438 θέλεις
887 4377 1082 4444 φαγεῖν
1115 4374 1382 4450 σαρκικὴν
1417 4373 1642 4446 βρῶσιν.

109 4457 192 4510 Καὶ
212 4461 274 4526 ὡς
297 4465 488 4534 ἢκουσε
511 4463 708 4528 ταῦτα,
734 4463 890 4519 ἔϐαλε
935 4467 1244 4537 μετάνοιαν,
1269 4467 1444 4535 λέγων
1468 4485 1481 4498 ·
1509 4467 1646 4535 Συγ⁴

109 4549 308 4622 χώρησόν
349 4575 456 4626 μοι,
498 4555 662 4610 ἀϐϐἄ.
697 4557 861 4626 Λέγει
903 4558 1054 4628 αὐτῷ
1097 4560 1126 4611 6
1165 4558 1367 4627 γέρων
1423 4559 1647 4622 Πάντως

108 4644 256 4708 χρείαν
285 4647 388 4718 ἔχει
421 4651 516 4703 καὶ
561 4652 595 4720 ἡ
631 4648 814 4720 Μαρία
860 4649 958 4720 τῆς
1005 4650 1266 4722 Μάρθας·
1296 4649 1382 4703 διὰ
1405 4650 1513 4722 γάρ
1549 4651 1648 4722 τῆς

108 4731 291 4806 Μάρθας
317 4741 406 4792 καὶ
431 4744 466 4812 ἡ
497 4743 685 4814 Μαρία
719 4741 1146 4813 ἐγκωμιάζεται.

159 4855 220 4912 ς’.
253 4852 562 4926 Ἠρὼτησάν
597 4873 727 4910 ποτε
758 4856 850 4910 τὸν
897 4855 1072 4910 ἀϐϐἄν
1113 4853 1423 4919 Σιλουανδν,
1458 4854 1644 4924 λέγον-

107 4950 192 5000 τες
213 4942 361 4996 Ποίαν
383 4946 665 5002 πολιτείαν
679 4945 944 5019 εἰργάσω,
960 4947 1144 5018 Πάτερ
1159 4947 1226 5010 ³³,
1250 4947 1338 5002 ἶνα
1363 4945 1535 5019 λάϐῃς
1551 4945 1652 5016 τὴν

111 5031 328 5103 φρόνησιν
349 5039 552 5109 ταύτην
571 5057 586 5104 ;
618 5041 729 5094 Καὶ
751 5039 1046 5112 ἀπεκρίθη·
1071 5039 1340 5094 Οὐδέποτε
1363 5039 1553 5110 ἀφῆκα
1569 5040 1650 5101 είς

108 5119 182 5190 τὴν
201 5127 404 5196 καρδίαν
435 5149 535 5202 μου
567 5131 828 5202 λογισμὸν
863 5131 1270 5203 παροργίςοντα
1295 5131 1387 5187 τὸν
1419 5130 1573 5187 Θεόν.

1741 575 1860 644 ejus
1891 575 2188 630 Zacharias
2211 617 2225 640 ,
2255 583 2310 629 et
2347 575 2552 630 invenit
2590 589 2712 629 eum
2745 574 2799 628 in
2829 573 3066 640 exstasi,
3095 588 3321 630 manus-

1738 682 1845 734 que
1879 666 2000 736 ejus
2043 667 2094 720 in
2137 667 2336 720 coelum
2377 675 2616 720 extensa:
2652 673 2828 720 erant.
2873 664 3148 719 (llaudens
3190 679 3322 733 ergo

1737 757 1990 826 januam,
2023 757 2177 812 exiit.
2203 754 2404 810 Postea
2433 756 2666 810 veniens
2701 754 2848 807 circa
2889 753 3074 804 horam
3109 761 3318 805 sextam

1741 857 1796 902 et
1821 863 2048 913 nonam,
2075 849 2277 916 reperit
2299 847 2452 899 illum
2482 846 2532 898 in
2557 844 2745 900 eodem
2779 851 2948 898 statu.
2983 843 3140 896 Circa
3165 843 3318 896 deci-

1738 953 1882 993 mam
1919 953 2050 992 vero
2104 937 2293 991 horam
2343 934 2620 1006 pulsavit,
2671 948 2734 986 ac
2773 937 2982 986 intrans
3013 940 3206 984 nactus
3235 936 3320 984 est
3379 995 3387 1003 Ι

1737 1033 2111 1100 quiescentem
2149 1069 2163 1092 ,
2207 1029 2390 1098 aitque
2427 1027 2502 1080 illi
2541 1045 2554 1078 :
2585 1025 2723 1092 Quid
2757 1025 2916 1078 hodie
2963 1023 3057 1078 tibi
3083 1030 3188 1080 est.
3219 1020 3320 1076 Pa-

1737 1125 1854 1178 ter?
1890 1122 2192 1193 Respondit
2219 1141 2232 1177 :
2263 1121 2436 1176 Hodie
2471 1117 2724 1172 inﬁrmus
2751 1115 2848 1182 fui,
2876 1115 2970 1168 fili.
3004 1115 3185 1168 Atille
3219 1129 3320 1182 ap-

1738 1215 2029 1286 prehensis
2073 1213 2306 1284 pedibus
2363 1211 2506 1280 ejus,
2549 1209 2686 1263 dixit
2719 1227 2730 1262 :
2763 1206 2882 1260 Non
2920 1193 2973 1286 te
3017 1207 3314 1267 dimittam,

1738 1307 1849 1362 nisi
1905 1305 2036 1360 mihi
2087 1303 2422 1359 iudicaveris
2461 1301 2721 1371 quidnam
2763 1285 3115 1368 conspexisti.
3163 1295 3320 1350 Tune

1737 1415 1909 1454 senex
1939 1400 2005 1452 ad
2029 1413 2154 1454 eum
2201 1413 2214 1449 :
2248 1395 2361 1467 Ego
2390 1397 2444 1450 in
2479 1395 2677 1448 calum
2715 1401 2928 1462 raptus,
2949 1389 3059 1444 vidi
3091 1389 3318 1458 gloriam

1737 1491 1856 1555 Dei,
1895 1491 2117 1560 illicque
2153 1487 2280 1543 steti
2314 1487 2601 1549 hactenus,
2651 1491 2817 1552 atque
2864 1479 3027 1535 modo
3057 1479 3320 1533 dimissus

1737 1599 1860 1640 sum
1871 1621 1884 1634 .

1806 1695 1862 1751 4.
1906 1693 2019 1765 (65)
2060 1690 2354 1748 Residente
2401 1687 2696 1758 aliquando
2751 1685 2946 1740 abbate
2992 1684 3216 1739 Silvano
3263 1682 3318 1736 in

1741 1797 1924 1842 monte
1955 1785 2110 1852 Sina,
2134 1783 2269 1837 abiit
2296 1780 2604 1851 discipulus
2635 1779 2754 1848 ejus
2788 1775 3084 1830 Zacharias
3113 1773 3180 1828 ad
3215 1774 3320 1826 mi—

1737 1879 2043 1940 nisteriurn,
2076 1885 2129 1931 et
2155 1877 2231 1928 ait
2263 1875 2379 1929 seni
2414 1890 2426 1926 :
2461 1871 2680 1925 Dimitte
2733 1884 2956 1940 aquam,
2991 1877 3156 1936 atque
3204 1867 3320 1934 riga

1739 1972 1981 2025 hortum.
2027 1969 2126 2022 Ille
2163 1979 2344 2022 autem
2392 1967 2606 2026 exiens,
2659 1964 2874 2032 tegebat
2920 1962 3110 2014 faciem
3165 1974 3319 2012 suam

1739 2063 1981 2126 cuculla,
2011 2069 2336 2130 tantumque
2362 2057 2580 2111 videbat
2609 2056 2673 2110 ad
2705 2053 2871 2124 pedes
2899 2069 3048 2107 suos.
3080 2051 3279 2103 Access
3303 2057 3323 2098 ι

1737 2151 1928 2208 eadem
1975 2151 2112 2204 liora
2157 2150 2384 2219 quidam
2421 2145 2628 2211 frater;
2671 2145 2764 2215 qui
2799 2143 3032 2198 intuitus
3071 2157 3100 2194 a
3141 2141 3319 2206 longe.

1740 2243 2054 2298 attendebat
2078 2243 2209 2312 quid
2235 2239 2458 2294 faceret.
2479 2238 2529 2294 Is
2551 2239 2720 2292 frater
2749 2235 2816 2290 ad
2845 2233 3319 2302 illum‘ingressus.

1739 2339 1878 2393 dixit
1914 2354 1929 2390 :
1965 2337 2144 2400 Abba,
2173 2335 2335 2390 eliare
2365 2333 2519 2396 mihi,
2555 2348 2658 2386 cur
2701 2329 2893 2383 faciem
2925 2337 3074 2380 tuam
3107 2323 3322 2376 cuculla

1739 2430 2022 2492 obtexisti,
2073 2437 2236 2498 atque
2279 2427 2352 2480 ita
2402 2425 2670 2494 irrigabas
2721 2418 2986 2474 hortum?
3022 2413 3324 2485 Respondit

1740 2539 1908 2580 senex
1936 2542 1949 2578 :
1981 2521 2106 2583 Fili.
2139 2535 2208 2576 ne
2235 2519 2379 2574 oculi
2417 2518 2522 2572 mei
2565 2517 2815 2571 viderent
2854 2515 3103 2573 arbores,
3137 2523 3321 2564 mens‘

1737 2632 1846 2686 que
1893 2623 2223 2670 avocaretur
2270 2613 2339 2666 ab
2381 2608 2702 2681 Operatione
2750 2621 2882 2670 sua,
2941 2609 3206 2674 occupata
3263 2599 3322 2654 in

1740 2709 1874 2764 illis.

1813 2907 1868 2962 5.
1913 2903 2026 2978 (64)
2069 2904 2304 2971 Quidam
2364 2902 2534 2956 frater
2596 2899 2664 2954 ad
2729 2897 2982 2952 abbatem
3043 2893 3321 2948 Silvanum

1739 2996 1889 3050 venit
1915 2995 1968 3048 in
2001 3001 2240 3047 montem
2262 2991 2430 3056 Sina;
2467 2997 2520 3044 et
2555 2987 2750 3042 videns
2777 2985 2977 3040 fratres
3009 2989 3322 3052 cperantes,

1739 3088 1877 3142 dixit
1900 3085 2018 3141 seni
2057 3105 2070 3140 :
2105 3083 2184 3138 Ne
2224 3082 2524 3154 operemini
2569 3080 2754 3134 cibum
2786 3078 2880 3147 qui
2911 3077 3050 3146 perit
3085 3074 3150 3128 ³⁵.
3203 3073 3325 3126 Ma-

1742 3179 1826 3233 ria
1854 3179 2000 3233 enim
2029 3177 2289 3246 Optimam
2321 3183 2528 3245 partem
2569 3173 2732 3242 elegit
2765 3172 2831 3225 ".
2899 3170 2988 3222 Ait
3038 3181 3204 3222 senex
3241 3162 3327 3218 di-

1741 3271 1954 3340 scipulo
1998 3285 2131 3325 suo:
2171 3266 2555 3330 Zacharia,_da
2585 3266 2783 3320 librum
2831 3263 3008 3326 fratri,
3045 3267 3100 3314 et
3140 3258 3328 3314 ducito

1741 3378 1870 3418 eum
1902 3363 1956 3418 in
1983 3362 2179 3417 cellam
2220 3361 2274 3414 in
2317 3373 2422 3428 qua
2462 3358 2600 3412 nihil
2639 3358 2740 3412 sit.
2771 3357 2908 3410 Cum
2941 3369 3072 3424 ergo
3110 3351 3327 3404 advenit

1744 3455 1880 3510 liora
1924 3467 2094 3516 nona,
2140 3450 2476 3522 respiciebat
2519 3464 2618 3518 per
2661 3448 2887 3510 ostium,
2934 3461 3002 3498 an
3047 3443 3328 3496 mitterent

1742 3547 1836 3619 qui
1885 3553 2110 3601 vocaret
2144 3560 2269 3600 eum
2316 3544 2384 3598 ad
2435 3540 2898 3597 manducandum.
2946 3535 3127 3607 thue
3166 3550 3329 3590 nemo

1743 3640 1980 3703 vocavit,
2043 3652 2279 3708 surgens
2334 3636 2614 3706 profectus
2653 3641 2736 3688 est
2788 3631 2854 3686 ad
2903 3621 3106 3684 senem.
3151 3627 3324 3694 Quem

1746 3733 2044 3800 interrogat
2085 3729 2165 3784 sic
2209 3727 2422 3792 :Abba,
2467 3742 2574 3781 non
2629 3725 2986 3780 comederunt
3021 3719 3186 3774 hodie
3218 3717 3329 3772 frao

1747 3819 1901 3874 tres?
1945 3816 2252 3886 Respondit
2303 3831 2472 3870 senex
2521 3831 2534 3867 :
2591 3813 2788 3874 Etiam,
2831 3808 3204 3864 comederunt.
3258 3805 3328 3858 Et

1745 3925 1935 3980 quare.
1971 3909 2172 3978 inquit,
2211 3923 2320 3961 non
2352 3905 2725 3962 arcessivistis
2755 3902 2885 3957 me?
2930 3899 3069 3954 Tum
3115 3911 3323 3952 senex:

1746 4004 1884 4068 Quia
1923 4003 2088 4055 homo
2129 3999 2396 4066 Spiritalis
2440 4013 2523 4064 es,
2557 4013 2656 4052 nec
2688 4011 2819 4066 eges
2871 3994 2994 4050 cibo
3025 3993 3179 4059 hoc;
3223 4003 3327 4042 nos

1747 4103 1929 4148 autem
1969 4101 2158 4163 utpote
2187 4091 2463 4154 carnales,
2491 4089 2824 4144 manducare
2851 4087 3125 4147 volumus,
3167 4090 3328 4150 atque

1749 4184 1875 4240 ideo
1915 4199 2246 4255 operemur;
2283 4192 2342 4238 tu
2369 4197 2502 4236 vero
2547 4182 2808 4252 optimam
2851 4185 3058 4249 partem
3090 4171 3325 4244 elegisti,

1748 4279 1840 4350 qui
1875 4279 2010 4345 legis
2069 4293 2169 4348 per
2211 4285 2383 4332 totum
2424 4275 2590 4340 diem,
2638 4287 2738 4326 nec
2771 4271 2853 4325 vis
2895 4282 3113 4325 sumere
3143 4265 3328 4320 cibum

1751 4370 2049 4425 carnalem.
2091 4367 2191 4422 His
2221 4368 2446 4430 auditis,
2495 4365 2688 4430 frater,
2725 4361 3061 4434 pmnitentia:
3095 4356 3329 4412 inclina-

1681 4447 1904 4516 Dtione
1957 4461 2123 4525 facta,
2173 4459 2312 4514 dixit
2356 4477 2371 4512 :
2421 4457 2650 4527 Ignosce
2689 4456 2845 4520 mihi,
2896 4453 3056 4507 abba.
3105 4445 3328 4516 Excepit

1747 4570 1954 4608 senex:
1989 4553 2156 4608 Plane
2185 4561 2239 4607 et
2273 4551 2462 4606 Mariae
2511 4549 2826 4605 necessaria
2867 4557 2949 4602 est
2987 4543 3222 4600 Martha.
3248 4537 3328 4592 Ex

1747 4643 1962 4698 Martha
1993 4643 2139 4698 enim
2161 4643 2326 4697 etiam
2364 4641 2532 4694 Maria
2559 4638 2906 4710 praedicatur.

1821 4845 1880 4900 6.
1923 4843 2038 4914 (65)
2081 4843 2567 4912 lnterrogaverunt
2604 4834 2898 4905 aliquando
2929 4833 3180 4886 abbatem
3221 4827 3330 4883 Sil-

1747 4954 1948 4992 vanum
1997 4938 2078 4992 sic
2116 4955 2129 4990 z
2169 4935 2225 4989 In
2255 4933 2562 5004 eujusmodi
2599 4931 2740 4986 bona
2774 4929 2991 4982 actione
3034 4923 3330 4980 exercuisti

1745 5035 1822 5092 te,
1857 5027 2037 5090 Pater,
2069 5035 2125 5080 ul
2171 5025 2314 5081 hanc
2346 5040 2452 5094 qua
2489 5023 2756 5093 praaditus
2792 5037 2873 5083 es.
2909 5019 3332 5086 consequerer-i3

1745 5118 2135 5190 prudentiam?
2169 5119 2232 5172 Et
2267 5117 2552 5188 respondit
2586 5135 2600 5172 :
2643 5113 2936 5184 Nunquam
2961 5110 3183 5182 permisi
3215 5123 3332 5161 rna-

1745 5227 1876 5267 nere
1909 5214 1964 5266 in
1996 5211 2162 5267 corde
2189 5227 2310 5268 meo
2339 5209 2727 5283 cogitationem
2757 5223 2879 5280 quae
2907 5207 3075 5262 Deum
3095 5203 3162 5258 ad
3193 5203 3332 5257 iram

1743 5315 2094 5374 provocaret.

169 5515 205 5547 ³³
233 5521 309 5574 Al.
337 5523 502 5581 inst-r.
533 5524 703 5595 αὐτῷ.
783 5526 830 5558 ³³
853 5526 1024 5582 Abest
1047 5527 1232 5598 Πάτερ
1258 5525 1328 5581 ab
1360 5525 1430 5580 al.
1512 5527 1559 5566 ³⁸
1587 5521 1637 5580 Jt

1746 5569 1748 5577 .
1788 5539 1864 5588 vl,
1902 5521 1993 5576 97.
2075 5521 2120 5552 ³⁸
2143 5519 2276 5575 Luc.
2309 5536 2364 5586 x,
2393 5518 2484 5573 4‘2.

165 5728 256 5799 (5‘3)
303 5733 398 5788 Vit.
428 5735 580 5792 Patr.
617 5754 654 5800 1,
693 5739 744 5792 1.

166 5801 258 5862 ίϋδ)
305 5803 400 5860 γει.
440 5807 585 5864 I'atr.
618 5824 698 5874 xi,
735 5808 826 5861 218.

1822 5733 1934 5802 (δι)
1986 5732 2090 5802 ru.
2123 5733 2272 5802 rm.
2317 5745 2372 5796 κ,
2401 5729 2490 5802 es.

1822 5795 1932 5874 (65)
1989 5801 2090 5857 Vit.
2123 5801 2276 5856 Patr.
2315 5795 2395 5866 In,
2433 5799 2534 5854 ΠΒ
2561 5817 2575 5866 ;
2605 5815 2684 5866 ιι,
2719 5795 2812 5855 ὅθ.
