3828 6310
431 331 529 386 6H

513 449 557 500 7.
598 442 1114 501 Commemorabant
1139 439 1203 493 de
1233 439 1426 516 abbate
1459 438 1702 500 Silvano,
1736 437 1881 506 quod
1912 451 2002 490 se-
2033 439 2088 495 Α.

428 537 571 592 derit
606 536 662 590 in
682 534 818 588 cella
849 533 1009 594 clam,
1041 530 1247 583 habens
1273 528 1544 583 cicercula
1568 542 1761 596 pauca,
1789 534 1845 580 et
1874 526 2002 578 dum

429 628 500 682 iis
551 625 617 680 ad
672 625 853 678 cibum
919 622 1112 684 utitur,
1172 619 1472 674 confecerit
1525 626 1744 672 centum
1802 615 2001 670 cribra.

433 720 570 771 Ecce
600 717 748 772 venit
791 717 950 768 homo
994 729 1060 768 ex
1091 711 1355 782 Egypto,
1393 711 1601 765 ducens
1633 710 1848 763 asinum
1876 722 2008 760 onu-

429 818 576 864 stum
631 809 901 878 panibus:
931 821 1073 876 quos
1127 807 1309 875 posuit
1341 805 1407 860 ad
1455 805 1645 858 cellam
1692 801 1833 870 ejus,
1882 815 2004 852 cum

432 902 727 969 pulsasset.
758 899 994 952 Sumens
1023 913 1156 968 ergo
1188 912 1356 952 senex
1387 896 1596 959 cribra,
1629 892 1876 949 oneravit
1900 890 2008 946 asi-

432 1009 586 1056 num,
629 1001 790 1061 atque
824 992 1098 1046 hominem
1131 991 1360 1045 dimisit.

501 1086 556 1140 8.
601 1085 712 1154 (66)
754 1084 990 1137 Aiehant
1023 1084 1089 1137 de
1116 1083 1313 1136 abbate
1351 1081 1595 1146 Silvano,
1639 1077 1782 1149 quod
1815 1075 2010 1131 exierit

329 1177 335 1186 ‘
431 1175 638 1243 absque
670 1174 788 1242 ipso
817 1173 1124 1242 discipulus
1162 1173 1281 1240 ejus
1309 1170 1603 1226 Zacharias
1624 1209 1638 1229 ,
1683 1165 2008 1234 assumptis-

429 1282 538 1337 que
575 1265 859 1330 fratribus,
898 1280 1081 1334 sepem
1117 1264 1259 1318 horti
1293 1262 1597 1325 inverterit,
1637 1257 2010 1327 maioremque

431 1374 556 1412 eum
595 1357 915 1412 reddiderit.
957 1357 1110 1422 Quod
1141 1365 1429 1426 postquam
1449 1371 1616 1410 senex
1650 1353 1888 1423 agnovit,
1918 1367 2011 1406 ac-

430 1450 577 1519 cepit
611 1450 847 1503 meloteu
879 1463 1056 1510 suam,
1084 1457 1137 1502 et
1161 1462 1417 1517 egressus
1455 1455 1574 1511 est;
1613 1447 1796 1517 aitque
1827 1443 2010 1498 fratri—

433 1543 538 1596 bus
563 1560 576 1596 :
606 1540 770 1596 Orate
801 1556 900 1609 pro
931 1555 1036 1594 me.
1063 1539 1143 1592 llli
1170 1547 1460 1594 cernentes
1481 1537 1610 1607 quid
1643 1545 1844 1607 ageret,
1887 1551 2012 1605 pro-

432 1632 687 1687 ciderunt
712 1631 776 1684 ad
804 1632 967 1699 pedes
997 1632 1138 1699 ejus,
1165 1645 1230 1684 ac
1268 1630 1524 1684 dixerunt
1556 1649 1570 1684 :
1598 1628 1766 1682 Nobis
1787 1628 2010 1697 eloque-

433 1738 516 1788 re,
559 1721 738 1787 Pater,
773 1723 903 1791 quid
941 1723 1167 1776 habeas.
1197 1720 1496 1792 Respondit
1530 1738 1542 1773 :
1577 1719 1693 1774 Non
1732 1721 2010 1788 regredior

1561 318 1906 376 APPENDIX
1949 317 2038 372 AD
2078 315 2496 372 ΡΑιωῡιῐτΜ.

3576 309 3686 364 419.

2178 431 2241 494 ζ’.
2278 431 2505 498 Ἔλεγον
2534 428 2661 498 περὶ
2694 425 2787 479 τοῦ
2814 425 2956 479 ἀεϐἄ
2986 424 3297 486 Σιλουανοῦ,
3319 426 3400 478 ὅτι
3430 427 3684 481 ἐκάθισεν

2108 525 2186 586 εἰς
2220 522 2429 576 κελλίον
2460 520 2665 590 κρυφῇ,
2687 518 2826 588 ἔχων
2864 516 3035 588 μικρὰ
3063 514 3472 586 ἐρεϐίνθια,καὶ
3503 517 3685 586 ἐποίη-

2110 633 2200 668 σεν
2242 617 2322 678 εἰς
2362 614 2500 667 αὐτὰ
2544 613 2702 684 ἔργον
2737 611 2930 664 ἑκατὸν
2979 608 3225 662 κόσκινα.
3275 607 3386 662 Καὶ
3438 609 3550 661 ἰδοὺ
3590 608 3680 661 άν-

2109 706 2326 779 θρωπος
2367 703 2528 776 ἦλθεν
2558 705 2664 758 ἀπὸ
2697 703 2992 772 Αἰγύπτου,
3025 703 3161 774 ἔχων
3196 700 3314 754 ὄνον
3342 702 3541 770 μεστὸν
3585 702 3682 770 ἆρ-

2107 817 2243 852 των·
2279 799 2372 851 καὶ
2417 796 2650 867 κρούσας
2687 796 2767 856 εἰς
2798 796 2860 847 τὸ
2898 793 3108 848 κελλίον
3150 792 3313 846 αὑτοῦ
3352 791 3540 861 ἔθηκε.
3572 792 3680 844 Λα-

2099 889 2219 942 ϐὼν
2252 887 2344 943 οὖν
2373 892 2401 943 6
2438 890 2616 958 γέρων
2643 886 2712 939 τὰ
2741 887 2985 950 κόσκινα,
3033 886 3255 955 ἐγέμισε
3289 883 3379 936 τὸν
3409 883 3555 946 ὄνον,
3592 884 3683 934 καὶ

2108 983 2375 1036 ἀπέλυσεν
2401 981 2581 1034 αὐτόν.

2187 1078 2249 1141 q'.
2296 1070 2517 1138 Ἔλεγον
2558 1068 2684 1139 περὶ
2715 1065 2808 1120 τοῦ
2836 1065 2980 1118 ὰϐϐἄ
3012 1063 3318 1126 Σιλουανοῦ,
3343 1065 3424 1117 ὅτι
3459 1062 3683 1131 ἐξῆλθεν

2109 1165 2137 1216 6
2173 1163 2417 1235 μαθητὴς
2444 1162 2607 1215 αὑτοῦ
2637 1159 2913 1232 Ζαχαρίας
2952 1159 3120 1231 χωρὶς
3154 1157 3349 1210 αὐτοῦ’
3382 1159 3476 1210 καὶ
3504 1155 3685 1208 λαὸὼν

2110 1256 2236 1318 τοὺς
2259 1255 2544 1323 ἀδελφοὺς,
2568 1253 2794 1325 έστρεψε
2829 1252 2918 1305 τὸν
2951 1251 3202 1322 φραγμὸν
3230 1249 3324 1302 τοῦ
3353 1249 3557 1319 κήπου,
3591 1248 3686 1298 καὶ

2115 1347 2335 1417 μείζονα
2378 1345 2538 1398 αὐτὸν
2571 1345 2815 1409 ἐποίησε.
2849 1343 3052 1397 Μαθὼν
3090 1337 3180 1395 οὖν
3208 1343 3236 1394 6
3283 1341 3480 1410 γέρων,
3527 1337 3685 1389 ἔλαϐε

2110 1438 2170 1490 τὸ
2212 1438 2555 1508 μηλωτάριον
2602 1437 2788 1500 αὐτοῦ,
2833 1436 2926 1488 καὶ
2975 1433 3184 1505 ἐξῆλθε,
3237 1433 3332 1485 καὶ
3378 1431 3527 1498 λέγει
3577 1432 3687 1491 τοῖς

2111 1530 2389 1599 ἀδελφοῖςο
2427 1527 2667 1593 Εὕξασθε
2703 1527 2829 1599 περὶ
2855 1526 2900 1557 ³⁸
2933 1525 3089 1596 ἐμοῦ.
3125 1526 3186 1578 Οἱ
3233 1524 3286 1576 δέ
3337 1523 3540 1585 ἰδόντες
3589 1522 3689 1573 αὖε

2111 1623 2223 1682 τὸν,
2264 1621 2457 1673 ἔπεσον
2491 1621 2570 1683 εἰς
2621 1620 2748 1682 τοὺς
2796 1617 2962 1680 πόδας
3013 1615 3199 1678 αὐτοῦ,
3236 1614 3516 1682 λέγοντες⁹
3555 1612 3687 1664 Εἰπέ

2114 1716 2244 1784 ἡμῖν
2280 1712 2332 1764 τί
2372 1714 2516 1765 ἐστιν
2569 1711 2597 1762 ὃ
2643 1709 2807 1780 ἔχεις,
2861 1709 3065 1777 Πάτερ.
3105 1707 3162 1758 ’0
3203 1705 3258 1758 δέ
3313 1705 3446 1774 πρὸς
3491 1703 3691 1763 αὐτοὺς

435 1811 489 1863 in
527 1811 740 1875 cellam,
776 1827 884 1866 non
921 1827 1065 1866 exuo
1091 1813 1348 1874 melolen,
1373 1812 1548 1866 donec
1578 1827 1760 1880 sepem
1789 1811 2015 1865 reduxe-

2145 1822 2217 1873 φη
2237 1820 2250 1832 ·
2288 1804 2402 1854 Οὐκ
2449 1801 2765 1872 εἰσέρχομαι
2814 1799 2941 1862 ἐσω,
2971 1798 3032 1851 οὐ
3063 1796 3377 1850 καταϐαίνει
3408 1794 3469 1845 τὸ
3501 1791 3688 1862 μηλω-

432 1903 556 1956 ritis
586 1903 651 1956 ad
684 1904 920 1972 priorem
957 1904 1158 1959 locum.
1195 1903 1273 1956 llli
1315 1919 1506 1957 rursus
1543 1919 1724 1972 sepem
1767 1913 2014 1956 mutave-

434 2005 581 2058 runt,
620 2003 674 2048 et
701 1995 1107 2050 constituerunt
1141 1997 1218 2050 uti
1259 2004 1396 2052 erat.
1426 1996 1544 2062 Quo
1569 2007 1813 2066 peracto,
1844 2011 2012 2051 senex

434 2103 690 2144 reversus
707 2098 791 2143 est
816 2089 870 2143 in
901 2090 1094 2143 cellam
1131 2104 1310 2144 suam.

502 2268 557 2323 9.
603 2268 818 2323 Dictum
865 2277 950 2323 est
1007 2269 1074 2322 ab
1125 2269 1321 2324 abbate
1369 2267 1592 2322 Silvano
1633 2286 1646 2323 :
1682 2265 1795 2334 Ego
1823 2281 2016 2321 servus

433 2377 585 2424 sum,
622 2369 676 2415 et
699 2361 958 2415 dominus
989 2377 1142 2415 meus
1164 2361 1301 2414 dixit
1324 2361 1458 2412 mihi
1485 2358 1626 2412 :Fac
1649 2374 1789 2427 opus
1810 2374 2013 2419 meum,

433 2459 594 2523 atque
610 2469 710 2521 ego
745 2463 797 2506 te
831 2453 1106 2518 muniam;
1154 2452 1299 2506 unde
1341 2461 1550 2516 autem,
1589 2451 1697 2504 noli
1741 2465 2016 2520 quaerere;

433 2544 551 2599 sive
577 2543 833 2610 habeam,
860 2547 976 2600 sive
1013 2543 1187 2608 furer,
1229 2547 1346 2598 sive
1386 2544 1642 2604 fceiierer,
1673 2553 1726 2595 tu
1768 2558 1836 2597 ne
1869 2557 2020 2611 quae-

432 2636 599 2690 sieris
634 2654 646 2687 :
685 2652 912 2706 operare
943 2635 1233 2700 dontaxat,
1266 2645 1320 2690 et
1354 2637 1537 2690 nutrio
1569 2644 1642 2691 te.
1675 2635 1795 2706 Ipse
1828 2637 2016 2706 igitur,

433 2728 482 2782 si
524 2735 783 2797 operatus
811 2727 987 2790 fuero,
1027 2743 1091 2782 ex
1128 2727 1379 2782 mercede
1407 2742 1526 2780 mea
1557 2726 1886 2794 comedo;si
1922 2741 2022 2780 au-

435 2827 544 2874 tem
575 2835 683 2873 non
715 2821 868 2875 fuero
901 2827 1180 2890 cperatus,
1208 2835 1414 2889 agapen
1442 2819 1736 2874 manduco.

509 2912 596 2966 10.
639 2911 806 2966 Dixit'
836 2913 1033 2966 iterum
1089 2928 1102 2964 :
1141 2909 1230 2965 Vae
1277 2911 1490 2966 homini
1527 2911 1630 2979 illi,
1675 2909 1773 2982 qui
1820 2925 2022 2967 nomen

435 3006 755 3077 operatione
788 3007 967 3075 majus
997 3015 1336 3061 consecutus
1370 3015 1474 3061 est.

511 3099 598 3152 11.
643 3099 757 3169 (67)
797 3100 1156 3170 Interrogavit
1188 3100 1359 3154 abbas
1390 3098 1603 3170 Moyses
1627 3098 1876 3154 abbatem
1911 3097 2020 3152 Sil-
2050 3128 2095 3188 ε

437 3204 663 3253 vanum,
704 3188 893 3245 dicens
933 3210 945 3244 :
986 3189 1245 3245 Potestne
1294 3190 1460 3246 homo
1509 3191 1754 3262 quotidie
1807 3190 2021 3245 initium
2065 3201 2070 3206 '

441 3281 724 3338 statuere?
752 3281 1065 3351 Respondit
1103 3297 1272 3338 senex
1317 3301 1330 3337 :
1369 3283 1428 3338 Si
1476 3290 1560 3338 est
1591 3282 1899 3354 operarius,
1929 3296 2030 3353 po-

442 3381 549 3429 test
578 3381 632 3428 et
665 3374 900 3444 singulis
936 3374 1109 3430 horis.

513 3466 600 3520 12.
646 3466 970 3524 Memoravit
1001 3483 1031 3523 e
1061 3467 1317 3523 Patribus
1353 3467 1578 3536 aliquis,
1615 3467 1760 3536 quod
1801 3465 2026 3537 quidam

442 3571 777 3627 congressus
826 3559 1126 3629 aliquando
1164 3574 1290 3613 cum
1323 3559 1520 3613 abbate
1571 3555 1818 3620 Silvano.
1856 3571 1921 3611 ac
1946 3558 2030 3610 in-

443 3649 618 3704 tuitus
656 3651 868 3703 vultum
909 3650 1032 3718 ‘ejus
1055 3665 1364 3720 corpusque
1392 3651 1543 3705 velut
1585 3651 1763 3718 angeli
1799 3648 2027 3721 fulgere,

444 3741 706 3795 ceciderit
737 3741 792 3794 in
826 3741 1046 3798 faciem.
1089 3742 1337 3797 Addebat
1361 3741 1499 3796 alios
1533 3758 1758 3812 quoque
1789 3746 2029 3797 nonnul-

446 3833 526 3887 los
554 3833 860 3888 obtinuisse
893 3835 997 3889 hoc
1023 3833 1248 3889 donum.

956 3949 1034 4003 De
1070 3948 1260 4002 abbate
1290 3947 1526 4004 Simone.

519 4059 572 4112 1.
617 4058 732 4129 (68)
766 4040 940 4114 .Venit
969 4060 1267 4130 aliquando
1302 4075 1504 4130 praeses
1534 4068 1594 4114 ut
1627 4058 1837 4115 videret
1870 4058 2038 4114 abba-

449 4158 555 4205 tem
590 4148 888 4206 Simonem.
924 4151 1044 4216 Quo
1089 4153 1181 4208 ille
1215 4161 1522 4222 comperto,
1566 4151 1803 4223 sumpsit
1844 4152 2037 4219 cingu-

450 4241 583 4304 lum,
617 4240 1002 4310 profectusque
1033 4241 1286 4296 ascendit
1319 4242 1373 4294 in
1408 4241 1664 4309 palmam,
1697 4247 1756 4293 ut
1783 4247 2041 4308 purgaret

447 4348 593 4387 eam.
629 4331 710 4385 Illi
762 4349 890 4386 vero
937 4334 1284 4398 accedentes,
1337 4334 1721 4387 clamaveruut
1763 4349 1777 4384 :
1835 4330 2038 4396 Senex,

451 4426 673 4479 ubinam
719 4425 868 4496 degit
918 4426 1298 4482 anachoreta?
1334 4425 1640 4495 Respondit
1679 4441 1690 4474 :
1728 4421 1922 4478 Nullus
1953 4423 2039 4476 hic

450 4517 803 4572 anachoreta.
843 4517 908 4570 Et
939 4517 1257 4580 audientes,
1285 4518 1678 4572 discesserunt.

517 4609 573 4665 2.
620 4610 733 4681 (69)
786 4610 906 4664 Alia
955 4611 1152 4666 iterum
1189 4610 1330 4674 vice,
1377 4624 1582 4680 prazses
1621 4607 1765 4661 alius
1793 4605 1941 4660 venit
1969 4603 2036 4657 ad

449 4700 741 4755 videndum
793 4717 940 4756 eum.
987 4700 1054 4754 Et
1102 4700 1471 4771 praecedentes
1517 4697 1702 4752 clerici
1752 4695 2029 4766 significa-

444 4801 647 4847 verunt
674 4811 689 4848 :
719 4793 890 4860 Abba,
918 4803 1140 4863 paratus
1158 4774 1299 4855 esto,
1319 4791 1446 4862 quia
1471 4804 1673 4860 przeses
1692 4796 1916 4857 accepta
1947 4786 2029 4839 tui

445 4882 619 4948 fama,
650 4885 864 4938 accedit
900 4892 958 4937 ut
988 4883 1344 4939 benedicatur
1377 4889 1500 4936 ate.
1532 4881 1622 4934 Ait
1653 4896 1666 4932 :
1702 4878 1903 4936 Etiam.
1938 4891 2036 4947 pa-

444 4973 587 5028 rabo
627 4991 731 5029 me.
768 4977 936 5046 Igitur
984 4985 1205 5047 gestans
1235 4983 1522 5029 centonem
1564 4987 1750 5038 suum,
1804 4977 1858 5025 et
1892 4966 2038 5023 acci-

446 5063 611 5134 piens
653 5065 710 5118 in
750 5081 946 5120 manus
987 5081 1182 5136 panem
1219 5079 1340 5118 cum
1389 5078 1580 5131 caseo,
1615 5077 1866 5130 surgens,
1895 5057 2036 5113 sedit

525 5178 570 5211 ³⁸
599 5179 687 5233 Al.
720 5177 881 5248 ὑπέρ.
958 5177 1000 5208 π
1033 5177 1120 5232 Al.
1144 5193 1263 5232 σου.
1342 5175 1387 5207 ³⁸
1425 5175 1517 5229 Al.
1551 5173 1680 5230 add.
1721 5172 2031 5241 ἄνθρωπος.

528 5333 639 5401 (66)
691 5331 797 5385 Vit.
833 5331 986 5386 Patr.
1018 5349 1072 5396 ν,
1115 5333 1166 5385 1.

528 5406 642 5466 (67)
691 5402 799 5458 Vit.
832 5401 986 5455 Patr.
1022 5419 1094 5464 χι,
1118 5403 1208 5457 29.

530 5476 643 5542 ((39)
695 5473 802 5526 Vit.
842 5473 995 5526 Patr.
1022 5488 1140 5538 vm,
1180 5473 1263 5526 17.

529 5545 638 5614 (69)
689 5543 798 5597 Vit.
838 5544 992 5614 Patr.
1029 5543 1270 5614 vaS:

533 5606 645 5681 (70⁷)
686 5615 795 5668 Καὶ
822 5613 1114 5680 ἀπῆλθεν.
1137 5606 1204 5667 1η
1237 5612 1372 5668 Vitis
1395 5613 1658 5667 Patrum:
1687 5619 1736 5665 et
1782 5606 2041 5681 ascendit,

460 5680 711 5756 ἁιῆλθεν,
740 5687 877 5740 forte
902 5686 1126 5756 rectius.
1172 5684 1272 5756 Ms.
1298 5685 1462 5756 Corb.
1501 5685 1665 5756 subiit
1694 5684 1748 5756 iu
1779 5680 2040 5756 arborem.

533 5749 644 5827 ('7')
683 5755 894 5811 Λαϐὼν
941 5755 1123 5825 ἄρτον
1162 5755 1260 5808 καὶ
1303 5753 1490 5821 τυρὸν
1541 5755 1610 5808 ἐν
1643 5752 1771 5818 ταῖς
1833 5749 2044 5817 χερσὶν

2113 1898 2300 1966 τάριον
2330 1897 2424 1948 ἀπ’
2454 1892 2610 1965 ἐμοῦ,
2649 1893 2754 1955 ἓως
2793 1884 2854 1944 οὖ
2886 1890 3144 1959 ἐνέγκητε
3183 1885 3274 1940 τὸν
3319 1885 3574 1955 φραγμὸν
3612 1885 3690 1944 εἰς

2113 1986 2207 2037 τὸν
2265 1985 2472 2055 πρῶτον
2516 1983 2680 2036 αὑτοῦ
2711 1982 2895 2034 τόπον.
2928 1982 2988 2032 υἱ
3020 1979 3076 2032 δὲ
3106 1978 3266 2031 πάλιν
3306 1975 3574 2046 ἔστρεψαν
3604 1975 3692 2027 τὸν

2117 2076 2388 2146 φραγμὸν,
2421 2075 2513 2128 καὶ
2551 2074 2810 2144 ἐποίησαν
2861 2071 3021 2125 αὑτὸν
3062 2069 3137 2130 ὡς
3172 2065 3259 2139 ἦν.
3306 2068 3414 2121 Καὶ
3458 2067 3633 2130 οὕτως
3667 2067 3694 2117 ὁ

2117 2169 2297 2239 γέρων
2327 2166 2638 2238 ὑπέστρεψε
2668 2166 2746 2227 εἰς
2784 2163 2845 2216 τὸ
2875 2162 3085 2216 κελλίον
3114 2159 3299 2213 αὐτοῦ.

2190 2259 2252 2312 θ’.
2298 2255 2468 2312 Εἶπεν
2511 2260 2537 2310 6
2571 2256 2742 2318 άϐϐᾶς
2782 2253 3091 2316 Σιλουανὸς·
3130 2249 3269 2318 Ἐγὼ
3311 2248 3493 2313 δοῦλος
3543 2251 3696 2318 εἰμι,

2119 2350 2212 2402 καὶ
2240 2351 2267 2400 6
2299 2347 2487 2419 κύριός
2519 2363 2618 2417 μου
2647 2342 2765 2398 εἶπέ
2798 2360 2913 2414 μοι·
2949 2340 3209 2412 Ἐργάζου
3235 2339 3295 2392 τὸ
3319 2339 3476 2410 ἔργον
3504 2354 3607 2407 μου
3629 2337 3695 2398 ³⁷,

2120 2438 2275 2508 κάγὼ
2308 2455 2366 2491 σε
2396 2437 2610 2508 τρέφω·
2642 2435 2806 2488 πόθεν
2844 2434 2922 2497 δέ,
2945 2431 3019 2504 μὴ
3065 2432 3244 2502 ζήτει*
3281 2429 3390 2482 εἴτε
3421 2429 3552 2498 ἔχω,
3591 2429 3698 2480 εἴτε

2120 2530 2357 2592 κλέπτω,
2386 2528 2496 2581 εἴτε
2525 2527 2857 2595 δανείςομαι,
2893 2523 2955 2574 σὺ
2996 2520 3070 2594 μὴ
3102 2521 3252 2592 ζήτει
3274 2537 3288 2550 ο
3328 2518 3561 2589 ἐργάζου
3607 2520 3700 2586 μό-

2121 2639 2230 2685 νον,
2260 2622 2356 2674 καὶ
2382 2621 2568 2692 τρέφω
2601 2635 2679 2673 σε.
2718 2618 2857 2685 Ἐγὼ
2893 2611 2985 2668 οὖν
3022 2612 3116 2665 ἐὰν
3142 2613 3485 2683 ἐργάζωμαι,
3514 2613 3579 2662 ἐκ
3607 2609 3700 2660 τοῦ

2125 2712 2317 2786 μισθοῦ
2361 2730 2462 2784 μου
2510 2711 2708 2765 ἐσθίον
2745 2710 2840 2763 ἐὰν
2886 2708 2942 2761 δὲ
2975 2707 3049 2779 μὴ
3100 2706 3436 2778 ἐργάζωμαι,
3477 2702 3704 2770 ἀγάπην

2122 2805 2306 2861 ἐσθίω.
2531 2862 2539 2870 ,

2196 2905 2246 2951 ι’.
2291 2893 2654 2950 Εἶπεπάλιν·
2684 2893 2822 2946 Οὐαὶ
2859 2890 2935 2963 τῷ
2966 2888 3236 2962 ἀνθρώπῳ
3270 2887 3487 2957 ἐκείνῳ,
3507 2886 3567 2950 ὃς
3591 2885 3704 2956 ἔχει

2123 2990 2185 3043 τὸ
2207 2990 2376 3059 ὄνομα
2403 2987 2566 3040 αὑτοῦ
2605 2986 2788 3056 μεῖζον
2818 2985 2915 3052 τῆς
2943 2983 3205 3054 ἐργασίας
3236 2979 3424 3034 αὐτοῦ.

2197 3087 2288 3134 ια’.
2340 3077 2652 3151 Ἦρώτησεν
2681 3079 2709 3130 6
2755 3076 2928 3139 ἀϐὁᾶς
2966 3075 3204 3144 Μωῦσῆς
3252 3073 3344 3126 τὸν
3397 3071 3572 3124 ἁϐϐεἶν
3613 3070 3712 3121 Σι-

2125 3172 2369 3238 λουανὸν,
2430 3170 2636 3238 λέγων’
2693 3168 2928 3221 Δύναται
2980 3165 3266 3237 ἄνθρωπος
3327 3163 3448 3217 καθ’
3492 3162 3710 3232 ἡμέραν

2130 3266 2345 3337 βάλλειν
2387 3263 2588 3335 ἀρχήν;
2633 3262 2744 3316 Καὶ
2771 3255 2922 3312 εἶπεν
2953 3259 2981 3310 ὁ
3018 3257 3231 3328 γέρωνθ
3273 3256 3396 3308 Ἐάν
3428 3255 3577 3307 ἐστιν
3617 3255 3709 3324 Ep-

2127 3360 2301 3428 γάτης
2331 3357 2398 3420 ³⁸,
2423 3355 2646 3408 δύναται
2673 3353 2717 3383 ³³
2750 3353 2845 3405 καὶ
2874 3349 2994 3404 καθ’
3018 3349 3166 3420 ὥραν
3199 3347 3410 3418 βάλλειν
3442 3345 3638 3416 ἀρχήν.

2205 3455 2289 3523 ιβ’.
2333 3450 2470 3506 Εἷπέ
2508 3467 2590 3514 τις
2626 3447 2734 3501 τῶν
2764 3447 3044 3516 Πατέρων,
3075 3445 3157 3496 ὅτι
3187 3441 3441 3510 συνέτυχέ
3471 3440 3598 3491 ποτέ
3624 3456 3708 3498 τις

2128 3545 2208 3616 τῷ
2264 3543 2406 3614 ἀϐϐᾷ
2438 3538 2741 3609 Σιλουανῷ,
2776 3537 2872 3591 καὶ
2922 3533 3183 3604 ἑωρακὼς
3232 3528 3396 3584 αὐτοῦ
3437 3530 3498 3581 τὸ
3547 3528 3716 3595 πρόσ-

2132 3633 2281 3690 ωπον
2311 3636 2405 3688 καὶ
2445 3633 2505 3686 τὸ
2538 3631 2697 3702 σῶμα
2733 3629 2807 3692 ὼς
2842 3626 3074 3696 ἀγγέλου
3119 3623 3360 3694 λάμψαν,
3393 3620 3588 3672 ἔπεσεν
3617 3621 3711 3670 ἐπὶ

2135 3728 2445 3800 πρόσωπον.
2476 3723 2671 3792 Ἔλεγε
2719 3720 2777 3773 δὲ
2826 3718 2920 3770 καὶ
2966 3716 3156 3777 ἄλλους
3216 3712 3365 3775 τινὰς
3419 3707 3712 3782 ἐσχηκέναι

2135 3820 2292 3874 τοῦτο
2320 3820 2382 3872 τὸ
2416 3815 2682 3886 χάρισμα.

2532 3923 2672 3992 Περὶ
2704 3922 2812 3976 τοῦ
2841 3917 2990 3974 ἀϐϐᾶ
3029 3917 3313 3986 Σίμωνος.

2208 4026 2490 4097 α’.’Ἧλθέ
2528 4054 2660 4090 ποτε
2692 4036 2875 4107 ἄρχων
2901 4032 3026 4085 ἰδεῖν
3056 4028 3146 4082 τὸν
3178 4025 3348 4080 ά66ἄν
3381 4024 3619 4094 Σίμωνα.
3656 4023 3712 4074 ’0

2137 4137 2191 4190 δὲ
2213 4135 2452 4195 ἀκούσας
2491 4128 2650 4184 ἔλαϐε
2685 4127 2782 4198 τὴν
2835 4123 3032 4194 ζώνην,
3083 4120 3178 4173 καὶ
3206 4116 3448 4187 ἀπῆλθεν
3479 4115 3590 4184 (70)
3637 4117 3712 4172 εἰς

2140 4229 2360 4299 φοίνικα
2402 4223 2695 4294 καθαρίσαι
2739 4219 2920 4272 αὐτόν.
2954 4217 3016 4271 Οἱ
3055 4213 3111 4267 δὲ
3148 4211 3410 4270 ἐλθόντες,
3444 4208 3708 4279 ἔκραξαν

2140 4323 2328 4396 Γέρον,
2362 4321 2465 4372 ποῦ
2512 4318 2657 4370 ἔστιν
2685 4317 2714 4369 6
2746 4311 3137 4383 ἀναχωρητής;
3187 4308 3242 4358 '0
3275 4305 3330 4357 δὲ
3373 4299 3557 4356 εἶπεν·
3589 4301 3712 4396 ,Οὐκ

2143 4413 2289 4466 ἐστιν
2324 4405 2424 4464 ὧδε
2474 4405 2852 4477 ἀναχωρητής.
2894 4400 3003 4454 Καὶ
3058 4396 3387 4456 ἀκούσαντες
3432 4389 3712 4461 ἀνεχώρηι

2143 4520 2264 4556 σαν.

2217 4591 2281 4660 β’.
2327 4587 2546 4642 Ἀλλοτε
2580 4583 2741 4636 πάλιν
2779 4575 2941 4649 ἦλθεν
2967 4576 3122 4637 ἄλλος
3155 4573 3336 4645 ἅρχων
3371 4569 3500 4621 ἰδεῖν
3539 4564 3712 4619 αὐτόν.

2145 4684 2254 4737 Καὶ
2309 4678 2669 4752 προλαϐόντες
2707 4673 2756 4725 οἱ
2809 4670 3060 4742 κληρικοὶ
3105 4663 3256 4720 εἷπον
3291 4659 3471 4730 αὐτῷ’
3517 4655 3712 4712 ’A66i.

2140 4777 2452 4846 ἐτοίμασον,
2482 4772 2562 4823 ὃτι
2607 4770 2634 4820 ὁ
2675 4767 2856 4837 ἄρχων
2909 4761 3121 4817 ἁκούων
3166 4757 3294 4827 περὶ
3344 4753 3461 4816 σοῦ,
3507 4751 3715 4820 ἔρχεται

2143 4867 2503 4936 εὐλογηθῆναι
2547 4860 2700 4931 παρὰ
2733 4857 2850 4912 σοῦ.
2890 4858 2948 4910 '0
2979 4855 3035 4908 δὲ
3079 4849 3226 4906 εἴπεο
3261 4848 3392 4912 Ναὶ,
3425 4845 3538 4913 ἐγὼ
3589 4845 3717 4936 ἐτοιῗ

2147 4933 2306 5032 μάξω
2331 4933 2569 5010 ἐάυτόν.
2606 4952 2844 5023 Φορέσας
2886 4946 2979 5002 οὖν
3016 4947 3077 5000 τὸ
3106 4944 3376 4999 κεντόνιον
3410 4937 3601 4999 αὐτοῦ,
3637 4933 3718 4987 καὶ

2138 5027 2319 5109 λαϐὼν
2349 5052 2512 5120 ἄρτον
2562 5047 2654 5100 καὶ
2686 5043 2848 5114 τυρὸν
2890 5045 2946 5094 ἐν
2993 5043 3112 5102 ταῖς
3155 5036 3343 5108 χερσὶν
3387 5031 3555 5085 αὐτοῦ
3590 5027 3717 5099 (τι),

2104 5167 2148 5198 ³⁹
2182 5164 2268 5218 Al.
2321 5163 2491 5216 inser.
2530 5159 2624 5212 καὶ
2659 5155 2783 5209 καθ’
2812 5153 3043 5223 ἡμέραν.

2147 5318 2354 5375 αὑτοῦ.
2391 5317 2490 5370 Per
2520 5315 2848 5372 Climacum,
2901 5318 3204 5375 suppresso
3226 5300 3500 5375 nomine“:
3554 5300 3615 5375 '_U
3641 5297 3719 5375 τὸν

2147 5367 2322 5462 aea;
2338 5367 2557 5462 am;
2573 5383 2736 5462 way
2763 5367 2908 5462 μρέά,
2929 5367 3122 5462 κέίρεξ
3144 5367 3716 5462 ξξὶηέώέξζίὶίὲἕὲεῗ·

2149 5438 2216 5514 Et
2233 5438 2597 5514 litin—("dealin
2615 5473 2626 5506 :
2645 5438 2655 5452 ’
2673 5454 2731 5505 Ὀ
2762 5438 2859 5521 τὴν
2891 5438 3086 5521 Eiet-ot?
3109 5438 3311 5521 ἐσθῆτα
3340 5438 3718 5521 ἐκδυσάμενος,

2289 5529 2390 5584 Ubi
2423 5528 2533 5581 duo
2572 5512 2901 5586 scholia-‘25
2935 5525 2989 5572 et
3023 5517 3116 5578 24,
3153 5514 3333 5586 priora
3368 5512 3531 5564 verba
3561 5524 3717 5586 espo-

2150 5583 2288 5656 nuut
2307 5583 2385 5654 de
2413 5596 2732 5666 Serapione,
2762 5583 3069 5666 posteriora
3094 5585 3168 5666 de
3188 5584 3602 5666 ὃὶηιοηεξβςιιηι
3630 5583 3719 5666 huc

2423 5649 2608 5735 cupiit.
2636 5649 2798 5718 etiam
2835 5663 2888 5715 in
2920 5650 3430 5735 Vitis_l_’atrum.‘_ad
3451 5649 3719 5735 δὶιιιριέεω

2152 5718 2749 5813 Quocirca
2797 5727 3286 5798 transpositionem
3323 5720 3520 5775 factam
3559 5718 3722 5773 [uisse
