3828 6306
143 351 224 405 ιιε
1217 338 1678 396 ΛΡΟΡΗΤΗΕΩΜ

1790 344 1830 397 A
1870 342 2180 400 PATRUM.

3242 339 3352 396 ἐμ

140 459 335 521 aurai;
363 458 438 520 εἰς
465 455 554 509 τὸν
583 452 800 508 πυλῶνα
837 454 1090 509 ἐκάθισεν
1119 453 1334 508 ἐσθίων.
1365 455 1476 508 Καὶ
1500 455 1670 508 ἐλθὼν

1790 458 1839 512 Id
1865 459 2215 522 vestibulum,
2261 465 2430 529 atque
2459 457 2854 513 mauducabat.
2889 456 3124 512 Advenit
3149 473 3356 528 praeses

139 551 342 621 ὀᾶρχων
375 546 507 618 μετὰ
539 546 634 616 τῆς
660 544 868 609 τάξεως
899 542 1088 606 αὑτοῦ,
1120 544 1214 596 καὶ
1249 544 1446 606 ἰδόντες
1483 544 1666 608 αὐτὸν,

143 639 451 707 ἐξουθένησαν
479 635 658 699 αὐτὸν,
695 635 944 702 λέγοντες
963 651 978 664 ·
1011 627 1181 697 Οὗτός
1207 635 1354 688 ἐστιν
1393 636 1422 686 ὁ
1455 635 1670 704 ἀναχω-

143 731 280 804 ρητὴς
327 729 450 800 περὶ
495 723 556 783 οὗ
601 727 956 798 ἡκούσαμεν;
1012 726 1124 790 Καὶ
1174 725 1374 790 εὐθέως
1426 726 1674 798 ἀνέκαμ-

141 825 239 892 νέαν,

457 931 597 1002 Περὶ
635 933 742 986 τοῦ
777 929 928 986 ἀϐὅᾶ
965 927 1308 999 Σωπάτρου.

203 1045 454 1116 Ἦρὼτησέ
489 1063 571 1108 τις
599 1045 690 1097 ιιὲν
721 1043 894 1096 ἁϐδᾶν
924 1041 1214 1114 Σώπατρον
1237 1041 1304 1108 ⁵ο,
1336 1041 1512 1110 λέγων
1531 1055 1545 1070 ⁶
1573 1040 1674 1104 Δός

144 1155 212 1208 μοι
237 1136 456 1206 ἐντολὴν,
488 1135 649 1198 ἀδεᾶ,
697 1135 792 1188 καὶ
833 1133 1054 1204 φυλάξω
1107 1134 1292 1203 αὐτήν.
1333 1133 1391 1186 Ὀ
1429 1133 1485 1186 δὲ
1519 1127 1672 1187 εἶπεν

139 1229 284 1300 αὐτῷ·
313 1229 396 1299 Μὴ
433 1227 650 1300 εἰσέλθῃ
683 1228 818 1296 γυνὴ
849 1230 930 1290 εἰς
967 1226 1028 1279 τδ
1060 1225 1272 1278 κελλὶον
1314 1243 1428 1287 σου,
1463 1226 1558 1279 καὶ
1597 1225 1671 1297 μὴ

139 1319 410 1393 avaram-aq;
454 1321 781 1392 ἁπόκρυφα·
819 1321 910 1372 καὶ
942 1319 1020 1390 μὴ
1063 1321 1370 1390 ὲκζητήσῃς
1402 1319 1530 1389 περὶ
1575 1319 1675 1388 τῆς

139 1417 335 1476 εἰκόνος·
368 1414 522 1468 τοῦτο
573 1416 682 1487 γὰρ
716 1416 816 1468 οὐκ
851 1415 997 1468 ἔστιν
1027 1415 1261 1486 αἵρεσις,
1290 1411 1406 1466 ἀλλ’
1439 1413 1676 1466 ἱδιωτεία

111 1505 212 1560 ’καὶ
258 1507 542 1575 φιλονεικία
593 1507 926 1578 ἀμφοτέρων
977 1505 1085 1559 τῶν
1150 1505 1366 1576 μερῶν·
1415 1503 1678 1557 ἀδύνατον

139 1601 220 1670 γὰρ
251 1599 649 1670 καταληφθῆναι
683 1599 743 1652 τὸ
773 1599 1008 1670 πρᾶγμα
1038 1596 1197 1650 τοῦτο
1226 1597 1331 1650 ὑπὸ
1363 1596 1544 1668 πάσης
1577 1595 1677 1666 τῆς

137 1709 341 1754 κτιτεως.

469 1807 610 1878 Περὶ
645 1808 750 1863 τοῦ
789 1807 942 1862 ἁϐϐᾱ
977 1805 1278 1876 Σαρματᾶ.

189 1927 244 1972 α’.
279 1919 429 1974 Εἶπεν
463 1925 492 1974 ὁ
530 1921 706 1986 ἁϐϐᾶς
748 1923 1043 1994 Σαρματᾶς
1075 1921 1152 1953 υ·
1183 1921 1334 1974 Θέλω
1384 1919 1666 1991 ἄνθρωπον

139 2016 498 2084 ἁμαρτήσαντα,
549 2017 602 2067 εἰ
649 2013 788 2068 οἶδεν
837 2017 919 2068 ὅτι
956 2016 1192 2086 ἥμαρτε,
1229 2013 1323 2066 καὶ
1383 2012 1664 2082 μετανοεῖ.

115 2105 245 2179 ἓτιπὲρ
269 2107 536 2178 ἄνθρωπον
573 2109 650 2179 μὴ
681 2109 1091 2181 ἀμαρτήσοντα,
1123 2108 1218 2161 καὶ
1245 2107 1436 2177 ἔχοντα
1477 2104 1672 2158 ἑαυτὸν

138 2197 194 2258 ὡς
223 2197 543 2269 δικαιοσύνην
571 2198 852 2252 ποιοῦντα.

193 2287 246 2357 β’.
279 2290 488 2358 Ἔλεγον
523 2293 656 2361 περὶ
681 2290 778 2344 τοῦ
804 2291 950 2344 ἁὸὄᾶ
986 2291 1274 2362 Σαρματᾶ,
1297 2291 1378 2343 ὅτι
1411 2288 1674 2351 πολλάκις

139 2381 364 2450 ἐλάμϐανε
391 2384 804 2455 τεσσαράκοντα
845 2384 1058 2455 ἡμέρας
1087 2386 1152 2454 τῇ
1185 2383 1347 2454 βουλῇ
1389 2381 1484 2435 τοῦ
1529 2381 1672 2433 ἁϐϐἄ

139 2471 380 2541 Ποιμένος·
427 2475 518 2526 καὶ
549 2473 806 2542 ὡς’-οὐδὲν
846 2472 1182 2544 ἐπληροῦντο
1230 2473 1286 2525 αἱ
1328 2470 1534 2542 ἡμέραι
1583 2472 1674 2522 ἐν·-

140 2561 273 2615 ώπιον
296 2564 468 2618 αὑτοῦ.
496 2561 708 2618 Ἦλθεν
736 2560 830 2618 οὖν
863 2566 892 2616 ὁ
935 2564 1109 2628 ἁὸϐᾶς
1153 2547 1364 2634 Ποιμὴν
1408 2563 1544 2633 πρὸς
1577 2562 1673 2615 αὖ·

138 2655 224 2718 τὴν,
257 2658 338 2710 καὶ
381 2658 526 2726 λέγει
563 2657 742 2728 αὐτῷ·
781 2657 916 2710 Εἰπέ
968 2675 1080 2728 μοι,
1115 2657 1168 2710 τί
1222 2655 1472 2728 ἑώρακας
1505 2655 1674 2708 ποιῶν

141 2745 209 2795 τὴν
233 2747 464 2801 τοσοῦτον
501 2747 707 2813 κόπον;
745 2749 802 2802 '0
839 2749 896 2801 δὲ
937 2748 1075 2819 πρὸς
1109 2748 1270 2802 αὐτὸν
1317 2747 1534 2815 ἔλεγεν·
1573 2747 1676 2800 Οὐ-

140 2836 208 2888 ιὲν
246 2839 407 2894 πλέον.
452 2841 624 2910 Λέγει
667 2840 816 2912 αὐτῷ
843 2842 870 2894 ὁ
906 2839 1080 2904 ἁΰϐἆς
1114 2841 1362 2911 Ποιμήνο
1403 2839 1517 2892 Οὐκ
1555 2839 1676 2908 ἀφῶ

144 2945 204 2992 σε,
230 2931 310 2983 ἐὰν
343 2933 410 3002 μή
449 2951 538 3004 μοι
565 2933 744 3004 εἴπῃς.
785 2935 842 2986 '0
873 2933 930 2987 δὲ
956 2929 1140 2986 εἶπεν·
1179 2935 1275 2985 Ἓν
1309 2932 1466 3002 μόνον
1497 2925 1674 3002 εὗρον,

141 3019 204 3071 ὅτι
237 3021 318 3074 ἐὰν
349 3023 482 3077 εἴπω
526 3023 608 3094 τῷ
656 3024 831 3095 ὕπνῳ,
861 3025 1106 3094 ’Υπαγε,
1159 3025 1386 3092 ὑπάγει,
1439 3025 1534 3078 καὶ
1583 3024 1678 3075 ἐὰν

143 3113 264 3176 εἴπω,
301 3115 460 3182 stos,
487 3117 733 3189 ἔρχεται.

195 3211 250 3272 γ’.
297 3207 534 3276 ’Δδελφὸς
589 3209 842 3281 ἠρώτησε
882 3209 974 3262 τὸν
1005 3209 1180 3263 ἀ66ᾶν
1237 3209 1553 3280 Σαρματᾶν,
1589 3209 1680 3261 λέ-

143 3311 254 3361 γων·
281 3301 338 3350 Οἱ
384 3300 635 3372 λογισμοὶ
685 3301 903 3370 λέγουσι
945 3319 1070 3372 μοι·
1118 3300 1210 3372 Μὴ
1265 3301 1511 3372 ἐργάσῃ,
1545 3300 1680 3354 ἀλλὰ

145 3391 282 3458 sire,
321 3393 423 3456 πίε,
459 3395 661 3464 κοιμῶ.
694 3395 861 3463 Λέγει
903 3393 1054 3464 αὐτῷ
1079 3397 1107 3448 6
1147 3394 1358 3464 γέρων
1387 3393 1517 3446 Ὅτε
1557 3409 1681 3444 πει-

143 3484 244 3550 vis.
283 3487 441 3554 φάγε·
471 3489 563 3540 ὅτε
610 3487 792 3558 διψᾷς,
839 3487 962 3539 πίε·
998 3488 1086 3540 ὅτε
1139 3484 1446 3549 νυστάζεις,
1479 3484 1676 3554 κοιμῶ.

147 3573 302 3638 Ἄλλος
325 3577 376 3630 δὲ
407 3579 585 3648 γέρων
619 3580 740 3632 κατ’
763 3577 1046 3646 εὐκαιρίαν
1075 3573 1207 3649 ἦλθε
1243 3577 1380 3645 πρὸς
1409 3576 1502 3630 τὸν
1529 3559 1683 3630 ἁδελ-

145 3669 246 3732 φόν·
277 3673 358 3725 καὶ
406 3667 560 3727 εἶπεν
611 3672 762 3744 αὐτῷ
811 3677 840 3726 6
877 3672 1108 3741 ἀδελφὸς
1157 3671 1194 3726 ἃ
1241 3667 1394 3723 εἶπεν
1429 3673 1458 3724 6
1507 3670 1682 3733 ἀϐϐᾶς

146 3761 406 3833 Suppara;
445 3767 608 3834 Λέγει
650 3761 743 3819 οὖν
781 3765 932 3836 αὑτῷ
965 3768 994 3818 6
1026 3765 1234 3834 γέρων·
1271 3763 1444 3817 Τοῦτό
1474 3765 1622 3817 ἐστιν
1653 3764 1682 3816 ὂ

147 3849 240 3907 εἷπέ
265 3873 335 3910 σοι
363 3861 390 3911 6
415 3859 592 3922 ἁϐὃᾶς
620 3860 915 3931 Σαρματᾶς
935 3875 950 3889 ⁸
980 3859 1147 3911 Ὅταν
1179 3857 1369 3928 πεινᾷς
1398 3856 1554 3926 τόνῳ,
1587 3859 1684 3910 καὶ

145 3946 336 4018 δι’ᾇήσῃς
378 3951 479 4014 ἓως
527 3951 726 4021 μηκέτι
773 3950 1038 4022 δυνηθῇς,
1081 3949 1222 4018 φάγε
1259 3949 1382 4002 τότε
1430 3947 1525 4000 καὶ
1557 3946 1682 4000 πίε·

147 4039 222 4090 καὶ
275 4040 391 4092 ὅταν
437 4042 801 4113 ἅγρυπνήσῃς
853 4041 996 4094 πάνυ
1046 4039 1182 4092 πολὺ
1235 4039 1330 4092 καὶ
1379 4037 1684 4109 νυστάξῃς,

147 4131 308 4201 κοιμῶ.
335 4134 499 4216 Τοῦτό
529 4137 678 4188 ἐστιν
703 4134 732 4187 ὃ
762 4133 918 4202 ἔλεγέ
947 4150 1032 4186 σοι
1058 4132 1257 4203 γέρων.

199 4390 250 4447 δ’.
293 4395 562 4468 Ἦρὼτησε
605 4395 768 4448 πάλιν
810 4397 840 4448 6
879 4395 1044 4458 αὐτὸς
1092 4395 1319 4466 ἁδελφὸς
1368 4396 1460 4450 τὸν
1513 4396 1690 4451 ἀόϐἄν

1773 567 1896 606 cum
1931 553 2114 608 oﬂicio
2147 568 2268 608 suo.
2319 551 2424 606 Sed
2469 553 2564 608 ubi
2597 560 3000 622 conspexerunt
3051 551 3352 607 hominem.

1771 645 2046 714 aspernati
2095 652 2243 706 sunt,
2291 644 2699 713 dixeruntque:
2733 644 2906 698 lstene
2955 649 3040 696 est
3073 643 3356 696 solitarius

1771 740 1972 808 dequo
2007 738 2360 807 accepimus?
2399 737 2463 790 Et
2493 739 2699 792 reversi
2729 745 2860 791 sunt
2893 734 3102 790 statim.

2265 917 2344 990 De
2390 917 2579 970 abbate
2603 915 2856 986 Sopatro.

1845 1037 2209 1092 Percontatus
2248 1041 2334 1089 est
2355 1033 2554 1102 aliquis
2592 1031 2658 1086 de
2696 1031 2894 1084 abbate
2931 1027 3183 1098 Sopatro,
3219 1027 3298 1082 sic
3335 1043 3350 1080 :

1779 1127 1852 1182 Da
1883 1129 2015 1183 mihi
2064 1125 2404 1188 mandatum,
2460 1123 2618 1185 abba,
2669 1128 2723 1176 et
2783 1119 3015 1174 servabo
3065 1117 3218 1171 illud.
3263 1115 3356 1168 Ille

1775 1238 1906 1279 vero
1936 1222 2072 1275 dixit
2112 1221 2162 1274 ei
2207 1239 2219 1272 :
2277 1217 2395 1271 Non
2439 1217 2603 1270 intret
2632 1213 2828 1268 mulier
2863 1212 2916 1266 in
2943 1211 3132 1266 cellam
3171 1220 3352 1271 tuam;

1776 1332 1878 1371 nec
1922 1313 2122 1384 legeris
2155 1309 2491 1380 apocrypha.
2542 1306 2624 1360 Ad
2657 1305 2772 1360 haec
2807 1319 2876 1358 ne
2915 1301 3259 1372 disquisieris
3288 1301 3357 1354 de

1776 1409 2016 1479 imagine
2049 1406 2144 1459 Dei
2171 1406 2223 1458 in
2256 1403 2485 1456 homine.
2526 1399 2640 1453 Hoc
2674 1397 2819 1453 enim
2853 1412 2961 1450 non
2997 1403 3080 1450 est
3107 1391 3354 1447 btercsis.

1779 1503 1877 1558 sed
1935 1497 2227 1569 imperitia,
2282 1495 2680 1562 ambat-umque
2737 1489 2972 1561 partium
3041 1485 3354 1541 contentio:

1779 1611 1906 1650 nam
1944 1593 2058 1648 fieri
2092 1589 2282 1660 nequit
2311 1593 2371 1642 ut
2407 1603 2495 1642 res
2523 1585 2636 1640 lucc
2663 1599 2693 1637 a
2725 1579 2982 1638 creatura-
3003 1577 3358 1649 comprehen—

1719 1695 1722 1700 '
1778 1689 1964 1744 datur.

2266 1795 2344 1850 De
2379 1793 2568 1848 abbate
2596 1790 2873 1846 Sarmata.

1842 1916 1894 1970 1.
1937 1914 2086 1970 Dixit
2141 1912 2310 1966 abbas
2353 1910 2636 1963 Sarmatas

1772 2007 2100 2081 peccaverit,
2125 2003 2288 2058 modo
2312 2007 2573 2072 agnoscat
2607 2003 2894 2068 peccatum
2936 2005 3096 2047 suum
3134 1997 3190 2044 et
3239 2002 3358 2057 por-

1769 2101 1998 2156 nitentia
2031 2099 2289 2158 ducatur,
2319 2109 2482 2164 quam
2519 2091 2796 2146 hominem
2828 2087 2920 2156 qui
2951 2101 3060 2140 non
3087 2097 3356 2154 peccare-

1769 2197 1860 2251 rit.
1891 2209 1954 2245 ac
1985 2206 2043 2245 se
2077 2196 2232 2260 putat
2263 2187 2502 2256 justum.

1841 2285 1895 2338 ε.
1941 2282 2172 2337 Aiebant
2217 2281 2282 2334 de
2330 2279 2524 2333 abbate
2574 2275 2848 2332 Sarmata.
2893 2270 3037 2340 quod
3090 2282 3232 2336 sirpe
3290 2266 3362 2317 de

1773 2374 2007 2430 consilio
2035 2372 2251 2426 abbatis
2279 2369 2554 2422 Pmmenis
2583 2367 2690 2420 sibi
2727 2368 2970 2418 sumeret
2993 2354 3358 2428 quadraginta

1773 2469 1928 2532 dies;
1975 2465 2069 2536 qui
2118 2464 2276 2535 quasi
2319 2461 2455 2516 nihil
2497 2457 2760 2529 temporis
2799 2456 2866 2509 ab
2917 2469 2983 2510 eo
3012 2447 3364 2517 compleban-

1774 2569 1888 2614 tur.
1913 2556 2080 2612 Venit
2133 2569 2265 2624 ergo
2311 2551 2378 2606 ad
2419 2551 2598 2621 ipsum
2632 2549 2801 2602 abbas
2843 2543 3088 2602 Poemen,
3129 2538 3310 2605 aitque
3341 2549 3360 2586 :

1779 2646 1877 2705 Dic
1935 2649 2066 2704 mibi
2109 2647 2238 2717 quid
2291 2643 2668 2714 conspexeris.
2725 2642 2852 2694 dum
2901 2648 3108 2692 tantum
3156 2630 3364 2684 laboris

1779 2743 2066 2800 sustines?
2099 2737 2402 2809 Respondit
2429 2738 2518 2790 ille
2551 2754 2563 2788 :
2593 2733 2738 2787 Nihil
2780 2732 2973 2801 magis.
3015 2725 3235 2794 Excepit
3265 2723 3363 2774 ab-

1779 2839 1876 2892 bas
1917 2835 2140 2890 Pmmen
2188 2850 2202 2886 :
2255 2829 2372 2884 Non
2419 2829 2691 2883 dimittam
2729 2833 2822 2886 te,
2863 2822 2996 2892 quin
3042 2813 3356 2888 protuleris.

1780 2927 1933 2982 Tunc
1967 2927 2058 2980 ille
2093 2943 2108 2978 :
2144 2922 2324 2978 Unum
2357 2921 2625 2975 duntaxat
2669 2916 2880 2984 reperi;
2913 2911 3058 2982 quod
3089 2910 3136 2963 si
3171 2907 3364 2960 dixero

1780 3035 1974 3074 somno
2007 3037 2020 3072 :
2051 3017 2288 3080 Recede,
2315 3012 2562 3076 recedit;
2590 3011 2634 3066 si
2663 3008 2860 3074 :Yeni,
2893 3005 3058 3060 venit.

2688 1921 2700 1955 :
2756 1903 2899 1956 Malo
2939 1900 3214 1954 hominem
3265 1897 3360 1966 qui

1852 3200 1906 3254 5.
1945 3198 2140 3252 Frater
2179 3196 2262 3252 sic
2299 3191 2662 3262 interrogavit
2713 3188 2966 3244 abbatem
3011 3183 3358 3238 Sarmatam:

1781 3289 2156 3360 Cogitationes
2213 3285 2344 3338 mibi
2395 3289 2696 3354 suggerunt
2754 3297 2769 3332 :
2827 3277 2904 3333 Ne
2954 3273 3220 3344 Opereris,
3267 3269 3360 3324 sed

1782 3383 2076 3445 manduca,
2107 3379 2256 3444 bibe,
2301 3377 2498 3433 dormi.
2531 3373 2834 3445 Respondit
2882 3385 3048 3426 senex
3081 3385 3094 3421 :
3133 3362 3364 3432 Quando

1781 3475 2067 3540 esurieris,
2108 3472 2355 3534 comede,
2405 3486 2529 3526 cum
2569 3469 2800 3530 sitieris,
2843 3465 2986 3526 bibe.
3021 3460 3236 3530 quoties
3266 3471 3363 3510 ca-

1784 3569 1930 3640 peris
1969 3582 2188 3638 sopore,
2238 3563 2438 3620 dormi.
2481 3562 2638 3615 Alius
2675 3575 2807 3614 vero
2860 3571 3028 3611 senex
3059 3558 3372 3622 opportuno

1783 3680 1846 3718 ex
1878 3662 2172 3717 occasione
2205 3657 2443 3714 accessit
2477 3656 2543 3708 ad
2575 3653 2824 3708 fratrem.
2847 3649 2948 3704 Cui
2981 3645 3168 3701 retulit
3195 3643 3368 3697 frater

1785 3769 2096 3811 sermonem
2131 3751 2347 3807 abbatis
2377 3749 2674 3803 Sarmatae.
2703 3744 2882 3800 Senex
2901 3742 3067 3812 igitur
3098 3741 3164 3792 ad
3195 3750 3318 3791 eum
3349 3750 3372 3788 ι

1785 3848 1940 3914 Quod
1983 3847 2084 3901 tibi
2132 3844 2302 3898 abbas
2341 3843 2627 3896 Sarmatas
2661 3833 3064 3908 pronuntiavit.
3103 3833 3203 3884 hoc
3231 3835 3363 3882 est:

1785 3939 2020 4006 Quando
2053 3938 2410 3993 vehementer
2449 3931 2737 3992 esurieris,
2771 3937 2930 3997 atque
2959 3927 3013 3979 in
3053 3930 3264 3978 tantum
3294 3921 3364 3976 sis

1787 4034 1944 4088 tieris
1990 4040 2050 4085 ut
2101 4045 2211 4084 non
2265 4026 2503 4097 amplius
2558 4023 2834 4078 sustinere
2888 4020 3094 4080 valeas,
3146 4013 3376 4069 comedo

1787 4135 1919 4180 tunc
1950 4134 2004 4179 et
2032 4122 2158 4177 bibe
2193 4139 2206 4175 :
2239 4133 2477 4188 cumque
2521 4112 2986 4185 quamplurimum
3037 4105 3369 4178 vigilaveris,

1787 4235 1850 4273 ac
1880 4215 2109 4272 tentaris
2133 4225 2350 4273 somno,
2397 4209 2594 4264 dormi.
2645 4205 2760 4258 Hoc
2789 4212 2876 4260 est
2922 4202 3068 4272 quod
3093 4199 3188 4253 tibi
3221 4199 3374 4252 locu-

1789 4321 1878 4366 tus
1899 4317 1985 4365 est
2014 4322 2202 4362 senex.
2277 4325 2282 4330 ·

1861 4403 1914 4456 Ii.
1955 4401 2156 4455 lterum
2210 4395 2524 4451 sciscitatus
2575 4399 2656 4448 est
2703 4391 2846 4445 idem
2890 4387 3062 4442 frater
3122 4383 3370 4438 abbatem

147 4481 413 4589 :‘thpttariv,
443 4489 622 4556 λέγων
641 4507 654 4518 ·
687 4490 750 4541 Ol
785 4488 1038 4558 λογισμοὶ
1068 4485 1284 4563 λέγουσί
1319 4505 1442 4557 μοι·
1473 4489 1678 4558 ’Ύπαγε

1798 4494 2106 4548 Sarmatam
2143 4507 2156 4542 :
2205 4489 2458 4544 Subeunt
2505 4501 2592 4540 me
2633 4481 2997 4554 cogitationes
3038 4479 3186 4532 istae:
3225 4471 3375 4527 Vade

2095 4586 2110 4589 _
2324 4584 2334 4589 -
2420 4583 2428 4589 .
2575 4578 2614 4589 ..
3057 4587 3086 4589 μ
3177 4571 3230 4589 ._
3271 4568 3370 4589 .---.

147 4580 244 4641 ἕξω,
285 4583 368 4634 καὶ
401 4581 686 4654 παράϐαλε
733 4583 846 4644 τοῖς
877 4580 1148 4650 ἀδελφοῖς.
1193 4582 1304 4634 Καὶ
1339 4581 1488 4650 λέγει
1532 4584 1560 4635 ὁ
1602 4583 1696 4650 γέο

152 4683 262 4734 ρων·
302 4673 462 4727 Τοῦτο
516 4673 592 4745 μὴ
649 4672 894 4744 ἀκούσῃς
943 4673 1142 4736 αὐτῶν,
1197 4672 1313 4725 ἀλλ’
1351 4673 1510 4726 εἰπέ·
1559 4674 1691 4728 Ἰδοὺ

1797 4589 1969 4653 foras,
1999 4595 2052 4641 et
2089 4586 2288 4642 fratres
2323 4583 2520 4637 invise.
2575 4575 2880 4648 Respondit
2920 4587 3128 4627 senex:
3177 4571 3234 4624 In
3269 4568 3374 4622 hoc

1791 4699 1861 4736 ne
1897 4681 2005 4735 illis
2039 4679 2416 4746 obtemperes,
2467 4673 2560 4728 sed
2599 4672 2768 4725 dicito
2819 4684 2834 4720 :
2871 4665 3013 4719 Ecce
3049 4677 3226 4722 meus.
3276 4675 3376 4713 au-

149 4761 320 4828 ἧκουσὰ.
359 4783 448 4819 σου
497 4767 560 4820 τὸ
601 4765 840 4837 πρῶτον,
887 4765 1048 4818 τοῦτο
1091 4766 1148 4818 δὲ
1200 4766 1262 4818 οὐ
1310 4766 1544 4838 δύναμαί
1599 4784 1678 4820 σοι

1793 4770 2022 4827 scultari
2053 4769 2151 4823 tibi
2182 4768 2371 4838 prius;
2407 4766 2487 4820 'ad
2518 4765 2660 4818 banc
2687 4775 2816 4816 vero
2855 4773 2970 4813 rem
3005 4771 3114 4810 non
3149 4767 3372 4825 possum

149 4855 360 4911 ἀκοῦσαι.

435 4973 578 5042 Περὶ
615 4971 724 5028 τοῦ
758 4971 911 5028 ἀϐὅᾶ
951 4973 1354 5040 Σεραπίωνος.

203 5089 260 5136 α’.
292 5081 450 5141 Ἦ).θέ
503 5106 633 5142 ποτε
683 5089 709 5140 6
740 5088 914 5150 ἁϐϐἄς
944 5087 1228 5158 Σεραπίων
1280 5086 1690 5158 παρερχόμενος

147 5171 213 5228 διὰ
250 5177 425 5250 κώμης
463 5181 608 5244 τινὸς
646 5181 748 5251 τῆς
779 5179 1086 5247 Αἰγύπτου·
1122 5181 1214 5233 καὶ
1249 5175 1357 5232 εἶδέ
1390 5197 1511 5231 τινα
1557 5180 1690 5252 πόρ-

147 5281 223 5336 νην
267 5271 492 5326 ἑστῶσαν
535 5275 614 5338 εἰς
663 5273 722 5326 τὸ
755 5273 964 5327 κελλίον
1003 5273 1200 5342 αὐτῆς·
1235 5273 1328 5324 καὶ
1361 5267 1512 5324 εἶπεν
1551 5271 1688 5345 αὐτῇ

147 5357 386 5434 ὐτέρων·
435 5367 816 5438 Προσδόκησὸν
878 5384 946 5438 με
985 5365 1119 5436 eest
1168 5365 1305 5418 Θέλω
1357 5364 1464 5435 γὰρ
1515 5363 1689 5418 ἐλθεῖν

207 5515 246 5546 ""
269 5520 344 5574 ΑΙ.
375 5521 746 5595 Σωσίπατρον.
821 5523 862 5554 ⁸¹
899 5522 984 5576 Αἷ-
1018 5523 1336 5594 Sail-“9754'

153 5674 410 5754 {fcdereun
446 5681 547 5754 nisi
586 5683 641 5736 in
669 5679 1132 5754 Elucidationibus
1168 5678 1388 5732 Gallicis
1435 5677 1499 5732 ad
1539 5676 1686 5731 hunc

157 5741 758 5807 Grndmn.addueeretur
793 5751 1169 5805 testimonium
1215 5751 1344 5802 Elia:
1383 5749 1686 5810 Cretensis,

155 5829 240 5883 quo
273 5831 509 5891 receptus
540 5824 674 5878 ordo
706 5824 1092 5878 confirmatur.
1135 5821 1247 5875 Dici
1296 5823 1480 5890 itaque
1506 5818 1686 5882 delmt',

1795 4863 1990 4918 audire
2019 4871 2094 4917 te.

2259 4973 2340 5027 De
2370 4970 2570 5042 abbate:
2597 4967 2886 5039 Serapione

1856 5091 1909 5146 1.
1938 5087 2178 5145 Veniens
2206 5087 2500 5160 aliquando
2542 5086 2713 5141 abbas
2751 5083 2978 5154 Serapio
3002 5088 3056 5137 et
3089 5089 3376 5151 pertrans-

1789 5183 1906 5238 iens
1940 5197 2037 5253 per
2103 5180 2393 5250 quemdam
2452 5179 2668 5250 {Egypti
2707 5177 2920 5240 vicum,
2957 5175 3094 5229 vidit
3124 5171 3380 5227 meretri—

1788 5290 1905 5328 rcm
1950 5283 2185 5330 stantem
2231 5273 2286 5328 in
2326 5273 2464 5329 cella
2501 5288 2642 5338 sua;
2677 5281 2726 5326 et
2770 5271 2910 5326 dixit
2945 5269 2993 5324 ei
3023 5283 3186 5324 senex
3221 5287 3234 5322 :
3271 5265 3378 5319 Ex-

1789 5372 1978 5434 specta
2023 5381 2110 5419 me
2142 5364 2356 5435 vesperi
2403 5383 2418 5418 :
2453 5363 2576 5418 volo
2611 5363 2755 5418 enim
2796 5361 2978 5416 venire
3013 5359 3079 5413 ad
3115 5369 3186 5421 te,
3217 5365 3380 5426 atque

1793 5677 1936 5804 ildem
1962 5693 1990 5731 a
2023 5677 2238 5762 duobus
2267 5675 2616 5733 anachoretis
2655 5675 2862 5733 cditmn
2897 5671 3066 5728 fuisse
3097 5668 3388 5725 humilita-

1820 5768 1864 5804 ts
1892 5765 2196 5804 snecnnen.

1820 5768 1864 5806 ιε
1892 5765 2196 5820 spccnnen.
