3828 6310
220 249 324 308 εἱίῖ

1363 247 1986 312 APOPHTHEGMATA
2025 213 2336 316 PATRUBi.

3393 269 3500 326 418

215 368 400 434 θέλεις
435 367 810 442 ὠφεληθῆναι,
840 368 1183 441 καρτέρησον
1231 370 1291 424 ὲν
1325 370 1406 442 τῷ
1457 371 1652 444 una.)
1705 391 1798 428 σου

1927 376 1980 430 in
2013 377 2148 430 cella
2175 385 2291 443 tua,
2321 375 2610 436 attendens
2637 379 2734 434 tibi
2763 379 2889 450 ipsi,
2928 388 2984 435 et
3001 380 3176 437 labori
3212 397 3495 438 manuum-

214 462 313 515 καὶ
351 461 596 532 πρόσεχε
638 459 848 532 σεαυτῷ
880 461 978 514 καὶ
1005 459 1085 532 τῷ
1117 461 1417 534 ὲρτοχείρῳ
1453 481 1547 516 σου
1568 479 1583 493 ·
1614 465 1676 518 ού
1705 465 1814 536 γὰρ

215 554 380 624 φέρει
413 571 498 608 σοι
528 554 592 606 τὸ
631 551 998 626 προέρχεσθαι
1053 554 1312 624 τοιαύτην
1367 554 1654 624 ὠφέλειαν,
1691 557 1816 612 ὅσον

211 645 276 696 τὸ
303 644 667 709 καθέζεσθαι.
707 645 764 698 '0
787 645 844 696 δὲ
874 644 1050 698 ταῦτα
1080 644 1340 710 ἀκούσας.
1369 648 1694 720 ἐπικράνθη,
1722 651 1816 702 καὶ

213 737 496 808 ἠλλοιώθη
539 741 608 810 τῇ
661 740 868 810 μορφῇ,
901 737 1044 790 ὥστε
1099 737 1232 810 μηδὲ
1284 739 1580 810 δυνηθῆναι
1633 742 1815 796 λαθεῖν

211 827 308 880 τὸν
345 827 604 900 γέροντα.
656 826 824 882 Εἶπεν
855 825 962 882 νοῦν
991 828 1140 900 αύτῷ
1182 829 1212 882 6
1257 829 1435 894 ἀϐσᾶς
1485 833 1810 902 Σαραπίων

215 917 406 989 Μέχρι
447 917 545 972 τοῦ
584 919 680 972 νῦν
744 920 950 988 ἔλεγες,
992 919 1340 990 Ἀμαρτωλός
1371 923 1504 992 εἰμι,
1546 925 1640 976 καὶ
1687 941 1816 978 κατ-

214 1011 446 1081 ηγόρεις
476 1012 673 1066 ἑαυτοῦ
696 1011 906 1066 καὶτοῦ
933 1012 1032 1084 ζῇν
1061 1013 1278 1076 ἀνάξιον
1307 1008 1445 1068 εἶναι
1462 1028 1476 1042 ·
1505 1015 1600 1068 καὶ
1626 1016 1812 1088 ἐπειδὴ

217 1099 364 1169 μετὰ
415 1101 640 1172 ἀγάπης
691 1101 984 1172 ὑπέμνησά
1037 1119 1118 1166 σε,
1169 1103 1421 1158 τοσοῦτον
1471 1105 1810 1178 ἐθηριώθηςς

227 1191 360 1244 Ἐὰν
391 1187 490 1245 οὖν
529 1192 692 1267 θέλῃς
725 1195 980 1258 ταπεινὸς
1031 1191 1190 1260 εἶναι,
1239 1195 1308 1249 τὰ
1343 1198 1476 1268 παρ’
1503 1197 1680 1252 ἄλλων
1711 1201 1806 1252 ἐπ-

213 1283 472 1352 αγόμενά
509 1299 591 1338 σοι
634 1284 773 1355 μάθε
807 1285 993 1356 φέρειν
1032 1287 1316 1354 γενναίως,
1346 1288 1441 1341 καὶ
1471 1288 1546 1361 μὴ
1593 1291 1812 1360 ῥήματα

211 1373 368 1444 ἀργὰ
411 1373 650 1445 κάτεσχε
685 1374 899 1444 σεαυτῷ
927 1375 1061 1445 (75).
1109 1375 1292 1430 Ταῦτα
1319 1376 1560 1442 ἀκούσας
1585 1381 1613 1432 6
1659 1379 1815 1432 ἀδελ.

1917 467 2106 541 Neque
2129 470 2276 524 enim
2303 477 2514 526 tantum
2565 471 3036 529 aﬂ‘eretutilitatis
3059 474 3301 544 prodire,
3329 490 3501 545 quan-

1916 569 2030 614 tum
2063 562 2274 617 sedere.
2317 563 2414 618 His
2455 565 2546 620 ille
2590 566 2824 628 auditis,
2888 570 3254 622 exacerbatus
3288 577 3406 632 est,
3447 579 3504 625 et

1917 653 2088 706 forma
2127 663 2406 719 mutatus,
2455 658 2592 712 adeo
2632 667 2691 710 ut
2731 673 2831 712 nec
2860 673 3048 713 senem
3083 659 3252 714 latere
3284 669 3501 728 posset.

1915 743 2104 814 Itaque
2143 747 2280 801 dixit
2308 749 2356 803 ei
2405 750 2574 804 abbas
2609 749 2878 819 Serapio:
2925 749 3220 820 llucusque
3250 752 3437 806 aiebas
3487 771 3500 805 :

1913 833 2178 890 Peccator
2203 852 2358 903 sum;
2391 839 2518 892 item
2563 841 2866 895 accusabas
2906 851 2958 894 te
2988 842 3148 910 quasi
3183 843 3348 896 etiam
3382 843 3498 895 vita

1915 926 2196 996 indignum
2225 944 2240 992 ;
2287 931 2415 998 quia
2449 945 2580 984 vero
2613 931 3006 986 commonefeci
3040 941 3091 986 te
3129 947 3252 986 cum
3305 933 3496 986 chari-

1915 1027 2045 1082 tate,
2079 1036 2254 1090 usque
2280 1021 2416 1076 adeo
2441 1021 2699 1077 eﬂeratus
2719 1024 2818 1078 es?
2849 1021 2904 1076 Si
2928 1039 3060 1094 ergo
3085 1025 3369 1080 desideras
3401 1025 3496 1078 ιιιι-

1915 1111 2062 1164 milis
2091 1128 2234 1174 esse.
2265 1128 2386 1181 quae
2414 1114 2482 1168 ab
2505 1115 2628 1169 aliis
2659 1116 2758 1170 tibi
2791 1115 3124 1179 inferuntur,
3153 1116 3304 1172 disce
3329 1116 3490 1173 forti-

1915 1209 1997 1254 ter
2017 1200 2182 1266 ferre,
2223 1219 2324 1258 nec
2353 1207 2518 1258 verba
2549 1207 2724 1260 otiosa
2752 1207 2896 1276 apud
2937 1216 2990 1262 te
3015 1209 3208 1262 retine.
3245 1206 3370 1262 llaec
3397 1223 3494 1261 au-

1913 1294 2071 1348 diens
2099 1295 2286 1373 frater,
2309 1297 2523 1350 veniam
2553 1298 2779 1366 supplex
2809 1299 2962 1368 petiit
2987 1314 3016 1352 a
3047 1313 3198 1364 sene,
3229 1307 3285 1354 et
3317 1298 3492 1352 multo

1914 1399 2038 1439 cum
2081 1387 2278 1442 animae
2307 1388 2461 1442 lucro
2484 1388 2759 1442 discessit.

213 1465 316 1534 φὺς
369 1467 664 1538 μετενόησε
703 1465 781 1538 τῷ
839 1466 1084 1539 γέροντι,
1135 1467 1230 1521 καὶ
1281 1468 1454 1524 πολλὰ
1505 1471 1811 1545 ὠφεληθεὶς
1905 1529 1916 1538 .

211 1559 594 1631 ἀνεχώρησεν.

595 1673 736 1741 Περὶ
773 1673 880 1728 τοῦ
920 1671 1070 1728 ἀϐὄᾶ
1105 1675 1356 1744 Σερίνου
1377 1676 1446 1730 ⁴⁵⁹.

285 1790 362 1840 α’.
409 1785 640 1854 Ἔλεγον
693 1786 823 1856 περὶ
868 1785 962 1838 τοῦ
1019 1786 1163 1840 ἀ66ἆ
1213 1787 1459 1858 Σερίνου,
1507 1788 1588 1841 ὅτι
1641 1788 1812 1843 πολλὰ

212 1877 534 1948 εἰργάζετο,
582 1879 677 1931 καὶ
725 1877 820 1931 δύο
866 1879 1187 1948 παξαμάτια
1209 1879 1254 1910 ¹⁰
1299 1879 1456 1948 ἤσθιε
1499 1880 1807 1946 διαπαντός.

211 1971 330 2023 Καὶ
373 1967 550 2022 ἐλθὼν
596 1970 732 2041 πρὸς
778 1969 940 2022 αὐτὸν
979 1971 1007 2023 6
1053 1969 1227 2033 ἀϐϐᾶς
1264 1970 1382 2024 Ἰὼϐ
1405 1973 1474 2036 δι,
1505 1973 1534 2024 6
1583 1990 1811 2043 συμφω-

211 2057 388 2128 νητὴς
433 2057 620 2122 αὐτοῦ,
666 2061 760 2112 καὶ
813 2059 971 2123 αὐτὸς
1019 2060 1075 2114 δὲ
1127 2063 1302 2132 μέγας
1349 2061 1614 2134 ἀσκητὴς,
1659 2059 1810 2118 εἶπεν

209 2149 390 2220 αὐτῷ,
417 2151 502 2202 ὅτι
535 2151 628 2214 Εἰς
666 2150 727 2203 τὸ
770 2151 979 2204 κελλίον
1017 2169 1116 2223 μου
1173 2153 1430 2221 φυλάττω
1479 2157 1579 2226 τὴν
1609 2157 1809 2228 πρᾶξίν

214 2258 360 2312 μου·
407 2241 506 2294 ἐὰν
547 2241 606 2294 δὲ
657 2231 878 2306 ἐξέλθω,
926 2244 1344 2312 συγκαταδαίνω
1377 2248 1492 2308 τοῖς
1538 2246 1804 2316 ἀδελφοῖς.

211 2321 330 2386 Καὶ
377 2332 530 2402 λέγει
581 2331 730 2404 αὐτῷ
767 2335 796 2386 6
842 2333 1015 2399 ἀὸὅᾶς
1048 2337 1292 2408 Σερίνος·
1331 2338 1446 2390 Οὐκ
1484 2336 1632 2391 ἔστιν
1669 2339 1805 2411 αὓτη

214 2423 434 2495 μεγάλη
467 2424 654 2496 ἀρετὴ,
683 2425 810 2478 ὅταν
841 2426 900 2478 ὲν
932 2425 1010 2496 τῷ
1050 2427 1247 2499 κελλίῳ
1279 2427 1371 2482 σου
1403 2429 1678 2501 φυλάττῃς
1709 2429 1806 2502 τὴν

209 2515 372 2580 τάξιν
411 2533 530 2582 σου,
562 2515 683 2570 ἀλλ’
703 2519 829 2571 ὅταν
858 2519 923 2572 ὲκ
959 2519 1052 2573 τοῦ
1085 2519 1297 2573 κελλίου
1329 2537 1421 2574 σου
1473 2521 1674 2592 μᾶλλον
1719 2521 1809 2588 6&-

209 2607 403 2678 ἔλθῃς.

287 2699 360 2768 β’.
391 2695 560 2752 Εἶπεν
585 2699 614 2752 6
637 2699 810 2764 ἀῦὁᾶς
835 2702 1069 2772 Σερῖνος,
1095 2703 1178 2756 ὅτι
1211 2704 1471 2775 Ἐποίησα
1495 2704 1586 2757 τὸν
1611 2703 1806 2777 χρόνον

215 2810 344 2862 μου,
369 2791 626 2864 θερίζων,
659 2795 1087 2866 καταῤῥάπτων,
1111 2795 1328 2850 πλέκων
1348 2815 1362 2829 ο
1394 2798 1488 2851 καὶ
1518 2801 1576 2851 ὲν
1597 2800 1807 2863 τούτοις

211 2885 408 2949 πᾶσιν,
440 2887 492 2938 εί
530 2884 605 2956 μὴ
641 2886 675 2954 ὴ
713 2885 836 2956 χεὶρ
859 2885 954 2938 τοῦ
977 2887 1112 2940 Ε)εοῦ
1143 2889 1404 2960 ἐχόρτασέ
1434 2905 1521 2960 με,
1553 2891 1652 2944 οὐκ
1675 2891 1804 2961 ἡδυ-

207 2977 386 3050 νήθην
415 2978 810 3050 χορτασθῆναι.

567 3091 706 3160 Περὶ
732 3091 842 3146 τοῦ
875 3089 1025 3146 ἀσϐᾶ
1047 3091 1452 3160 Σπυρίδωνος.

280 3201 354 3260 α’.
426 3205 566 3276 Περὶ
610 3204 666 3259 δὲ
723 3205 1110 3278 Σπυρίδωνος,
1165 3205 1401 3278 τοσαύτη
1452 3205 1531 3277 τῷ
1590 3207 1806 3278 ποιμένι

207 3298 430 3371 προσῆν
453 3297 690 3369 ὁσιότης,
721 3298 798 3361 ὡς
831 3298 1129 3368 ἀξιωθῆναι
1175 3298 1340 3352 αὐτὸν
1367 3301 1462 3352 καὶ
1503 3299 1806 3372 ἀνθρώπων

207 3390 457 3460 ποιμένα
485 3389 760 3458 γενέσθαι..
789 3391 936 3453 Μιᾶς
963 3391 1069 3461 γὰρ
1115 3389 1223 3442 τῶν
1249 3392 1306 3442 ὲν
1334 3390 1542 3461 Κύπρῳ
1576 3392 1804 3458 πόλεων,

205 3481 442 3552 ὀνόματι.
473 3479 908 3552 Τριμιθούντων,
935 3474 1089 3544 οὗτος
1118 3479 1217 3551 τὴν
1245 3481 1552 3552 ἐπισκοπὴν
1581 3481 1807 3551 ἐκεκλή-

211 3590 390 3646 ρωτο·
431 3571 525 3625 διὰ
561 3573 618 3626 δὲ
664 3572 900 3642 ἀτυφίαν
953 3572 1188 3644 πολλὴν,
1228 3573 1487 3644 ἐχόμενος
1531 3574 1632 3645 τῆς
1681 3576 1805 3628 ἐπι-

209 3666 446 3736 σκοπῆς,
480 3666 767 3738 ἐποίμαινε
795 3667 888 3720 καὶ
913 3665 982 3719 τὰ
1009 3667 1276 3738 πρὸὄατα.
1312 3666 1600 3738 Maso-551;;
1625 3667 1679 3720 δὲ
1708 3669 1805 3740 τῆς

207 3759 430 3824 “mag,
461 3759 692 3812 κλέπται
727 3761 790 3828 τῇ
827 3757 1040 3829 μάνδρᾳ
1069 3757 1177 3810 τῶν
1207 3757 1498 3828 προϐάτων
1531 3758 1804 3829 λαθραίως

207 3851 559 3914 ἐπελθόντες,
593 3851 788 3920 κλέψαι
811 3849 920 3903 τῶν
949 3849 1240 3920 προϐάτων
1264 3851 1618 3916 ἐσπούδαζον.
1661 3853 1718 3904 ὐ
1748 3851 1805 3903 δὲ

205 3945 344 4006 Θεὸς
373 3944 404 3995 6
444 3943 536 3995 τὸν
563 3942 799 4012 ποιμένα
833 3940 1043 4004 σώζων,
1067 3941 1162 3993 καὶ
1187 3942 1256 3994 τὰ
1285 3941 1532 4013 πρόϐατα
1562 3942 1764 4007 ἔσωζεν
1787 3959 1802 3975 ο

204 4039 254 4088 οἱ
279 4036 395 4105 γὰρ
419 4035 653 4088 κλέπται
683 4033 899 4105 ἀοράτῳ
929 4033 1158 4103 δυνάμει
1185 4034 1230 4064 ⁵³
1257 4034 1409 4104 παρά
1429 4034 1527 4102 τὴν
1563 4035 1804 4108 μάνδραν

206 4127 473 4181 ἐδέδεντο.
505 4127 739 4198 Ὄρθρος
774 4123 830 4178 δὲ
855 4119 922 4195 ἦν
941 4141 954 4154 ·
993 4127 1088 4178 καὶ
1113 4120 1246 4196 ἧκεν
1273 4127 1300 4177 6
1339 4126 1540 4196 ποιμὴν
1575 4127 1712 4198 πρὸς
1736 4127 1805 4182 τὰ

205 4217 486 4290 πρόὸατα.
504 4217 591 4281 Ὠς
613 4216 670 4268 δὲ
697 4207 858 4285 εὗρεν
878 4213 1054 4267 ὀπίσω
1074 4213 1173 4278 τὰς
1197 4218 1382 4288 χεῖρας
1406 4215 1644 4287 ἔχοντας,
1664 4218 1805 4286 ἔγνω

201 4311 267 4363 τὸ
287 4310 522 4379 γεγονός
539 4327 550 4338 ·
569 4309 664 4362 καὶ
678 4309 974 4380 εὐξάμενος
989 4308 1106 4361 λύει
1127 4308 1253 4372 τοὺς
1274 4307 1532 4372 κλέπτας.
1551 4309 1725 4363 Πολλὰ
1745 4309 1802 4364 δὲ

203 4402 548 4472 νουθετήσας
570 4402 666 4454 καὶ
693 4402 1031 4473 παραινέσας
1061 4403 1268 4466 αὐτοῖς,
1291 4405 1356 4456 ὲκ
1380 4401 1604 4455 δικαίων
1627 4403 1803 4456 πόνων

2429 1671 2508 1726 De
2541 1673 2726 1728 abbate
2756 1675 2971 1732 Sereno.

1985 1777 2035 1831 1.
2071 1777 2305 1834 Aiebant
2332 1781 2400 1836 de
2423 1783 2618 1838 abbate
2644 1785 2850 1840 Sereno
2868 1828 2883 1854 ,
2909 1789 3052 1858 quod
3085 1792 3315 1847 multum
3357 1811 3488 1866 ope-

1911 1879 2146 1935 raretur,
2177 1883 2232 1926 et
2263 1873 2402 1928 duos
2429 1887 2743 1945 paxamates
2771 1895 2987 1950 semper
3011 1884 3348 1944 commit-tet.
3380 1885 3484 1946 Ve-

1913 1963 2069 2016 niens
2098 1976 2278 2020 autem
2316 1968 2381 2020 ad
2411 1983 2533 2022 eum
2572 1969 2742 2026 abbas
2775 1971 2900 2035 Job.
2943 1975 3151 2032 sodalis
3174 1979 3316 2047 ejus,
3360 1980 3480 2052 ipse

1910 2055 2072 2109 etiam
2125 2073 2356 2128 magnus
2402 2073 2618 2124 aseeta,
2670 2063 2847 2118 dixit:
2885 2064 2945 2120 In
2989 2069 3125 2120 cella
3170 2085 3288 2124 mea
3323 2087 3484 2127 servo

1910 2145 2182 2201 actionem
2221 2163 2442 2216 meam;
2491 2153 2586 2206 sed
2633 2152 2680 2206 si
2709 2154 2918 2216 exiero,
2960 2157 3342 2214 condescendo
3378 2163 3487 2217 fra-

1909 2235 2104 2292 tribus.
2132 2239 2222 2291 Ait
2249 2239 2322 2292 illi
2355 2241 2524 2296 abbas
2561 2241 2838 2298 Serenus:
2873 2243 2992 2300 Non
3027 2257 3112 2302 est
3139 2250 3254 2304 haec
3284 2267 3479 2324 magna
3567 2317 3574 2324 ο

1909 2327 2122 2394 viz-tus,
2169 2333 2387 2400 quando
2433 2334 2488 2387 in
2539 2335 2673 2388 cella
2721 2346 2810 2389 tua
2859 2338 3192 2395 custodieris
3235 2343 3483 2400 ordinem

1909 2430 2083 2486 tuum,
2111 2424 2203 2478 sed
2232 2425 2416 2494 potius
2439 2441 2560 2480 cum
2593 2443 2624 2482 e
2645 2428 2781 2482 cella
2810 2436 2902 2484 tua
2927 2445 3203 2502 egressus.

1978 2689 2032 2744 2.
2070 2687 2214 2744 Dixit
2263 2689 2434 2744 abbas
2479 2689 2720 2747 Serenus
2759 2712 2771 2747 :
2803 2693 3040 2766 Tempus
3089 2713 3267 2753 meum
3305 2700 3488 2772 peregi

1909 2783 2185 2846 metendo,
2222 2787 2560 2841 consuendo.
2589 2787 2913 2856 plecten'do;
2952 2795 3117 2858 atque
3145 2791 3197 2844 in
3237 2791 3324 2844 his
3366 2807 3486 2846 om-

1907 2875 2094 2938 nibus,
2125 2877 2234 2932 nisi
2260 2893 2458 2932 manus
2491 2878 2582 2933 Dei
2609 2881 2853 2935 cibasset
2883 2895 2991 2946 me,
3031 2897 3138 2936 non
3179 2887 3486 2953 potuissem

1909 2969 2130 3024 nutriri.

2385 3083 2462 3139 De
2488 3084 3022 3157 abbate'Spyridoue.

1978 3197 2030 3251 i.
2068 3195 2206 3268 (75')
2248 3196 2322 3252 De
2372 3197 2681 3269 Spyritlone
2713 3217 2878 3266 vero,
2911 3211 3066 3257 tanta
3108 3204 3162 3258 in
3201 3220 3266 3260 eo
3297 3206 3480 3262 ovium

1907 3298 2126 3357 pastore
2160 3290 2336 3344 inerat
2367 3295 2656 3356 sanctitas.
2700 3303 2759 3348 ut
2791 3293 2992 3365 dignus
3033 3296 3254 3351 habitus
3281 3301 3352 3352 sit
3383 3300 3477 3370 qui

1908 3383 2192 3435 hominum
2215 3399 2434 3454 quoque
2458 3393 2648 3453 pastor
2675 3386 2847 3440 lieret.
2881 3385 3057 3442 Unius
3086 3389 3230 3442 enim
3252 3405 3282 3444 e
3310 3390 3476 3462 Cypri

1909 3474 2161 3538 urbibus,
2193 3476 2416 3530 nomine
2459 3473 2873 3539 Trimithuntis,
2913 3479 3286 3549 episcopatum
3321 3484 3487 3536 sorti-

1909 3575 2000 3620 tus
2028 3573 2134 3620 est.
2166 3563 2368 3620 Verum
2395 3565 2465 3618 ob
2496 3565 2789 3634 plurimam
2823 3567 3166 3629 modestiam,
3199 3569 3490 3640 episcopa-

1905 3665 2021 3710 tum
2053 3657 2330 3722 obtinens,
2369 3657 2548 3710 adhuc
2577 3658 2840 3726 pascebat
2863 3673 3015 3712 oves.
3040 3659 3480 3728 Contigitautem

1905 3758 1966 3803 ut
1994 3749 2144 3804 fures
2174 3749 2352 3804 media
2384 3757 2547 3803 nocte
2568 3750 2708 3803 clam
2739 3750 2794 3802 in
2827 3751 3042 3803 caulam
3073 3751 3194 3819 ejus
3225 3752 3484 3822 ingressi,

1905 3859 2036 3898 oves
2064 3853 2339 3897 tentarent
2363 3851 2630 3898 avertere.
2664 3843 2732 3897 At
2761 3840 2906 3896 Deus
2932 3843 3021 3912 qui
3049 3853 3326 3912 pastorem
3358 3861 3487 3900 cor.-

1907 3937 2182 3998 servabat,
2219 3951 2350 3991 oves
2389 3937 2554 3991 etiam
2600 3937 2862 3991 servavit.
2897 3933 3070 3991 Fures
3098 3937 3298 4006 quippe
3345 3938 3487 3992 invi-

1906 4027 2050 4082 sibili
2085 4027 2288 4082 virtute
2329 4027 2396 4080 ad
2425 4025 2569 4081 ovile
2601 4025 2756 4095 ligati
2807 4026 3159 4080 tenebantur.
3191 4023 3310 4078 Jam
3341 4025 3486 4080 dilu-

1906 4120 2088 4173 culum
2131 4128 2280 4186 erat,
2310 4135 2436 4173 cum
2481 4120 2629 4174 venit
2679 4128 2869 4190 pastor
2919 4117 2988 4172 ad
3033 4134 3164 4174 oves
3209 4133 3362 4173 suas.
3411 4118 3485 4172 Ut

1905 4219 2087 4266 autem
2114 4212 2320 4266 invenit
2351 4212 2500 4266 fures
2531 4211 2790 4265 manibus
2819 4219 2942 4281 post
2963 4220 3174 4280 tergum
3197 4211 3483 4270 revinctis.

1905 4307 2129 4375 agnovit
2156 4305 2286 4376 quid
2323 4304 2645 4370 accidisset,
2678 4313 2732 4358 et
2761 4319 2922 4375 prece
2955 4303 3103 4358 facta
3139 4305 3303 4359 solvit
3336 4304 3482 4358 illos.

1903 4396 2153 4468 Cumque
2205 4398 2440 4452 multum
2499 4399 2882 4452 admoumisset
2943 4404 3110 4466 atque
3161 4397 3487 4452 exhortatus

205 4495 540 4560 σπουδάζειν
581 4493 781 4564 μᾶλλον
821 4494 916 4548 καὶ
948 4493 1020 4566 μὴ
1044 4493 1102 4560 ἐξ
1130 4494 1346 4558 ἀδικίας
1375 4493 1494 4566 ζῇν,
1525 4495 1800 4566 ἓνακριὸν

1916 4489 2125 4552 Fuisset,
2166 4497 2226 4542 ut
2279 4489 2446 4558 justis
2497 4488 2802 4552 laboribus,
2852 4504 2962 4544 non
3015 4488 3222 4557 iniquis
3269 4487 3488 4541 actibus

203 4589 398 4648 αὐτοῖς
439 4584 804 4655 χαρισάμενος
851 4583 1141 4650 ἀπέλυσεν,
1185 4584 1279 4636 καὶ
1333 4584 1635 4654 χαριέντως
1681 4589 1802 4639 ὲπι-

203 4678 588 4751 φθεγξάμενος
631 4671 810 4729 εἶπεν·
863 4675 981 4728 Ἵνα
1032 4675 1107 4748 μὴ
1166 4677 1344 4747 μάτην
1386 4678 1804 4750 ἠγρυπνηκὸτες

201 4769 418 4840 φανῆτε
429 4808 443 4820 .

279 4859 350 4932 β’.
373 4857 602 4926 Ἔλεγον
623 4857 804 4920 πάλιν,
827 4855 909 4909 ὅτι
933 4854 1224 4928 θυγάτριον
1244 4853 1312 4929 ἧν
1334 4858 1484 4929 αὐτῷ
1508 4857 1797 4931 παρθένος,

199 4953 306 5023 τῆς
333 4949 434 5004 τοῦ
463 4949 670 5020 πατρὸς
721 4947 1007 5012 εὐλαϐείας
1047 4949 1352 5020 μετέχουσα
1373 4991 1386 5014 ,
1417 4949 1658 5020 τοῦνομα
1706 4951 1800 5002 Εί-

201 5047 370 5118 ρήνη.
408 5045 598 5116 ταύτῃ
625 5041 902 5114 γνώριμός
944 5059 1030 5104 τις
1065 5042 1360 5113 πολύτιμον
1405 5044 1675 5114 παρέθετο
1709 5043 1798 5096 κό-

199 5158 390 5212 σμιον.
429 5139 492 5191 Ἠ
540 5137 598 5190 δὲ
634 5136 1040 5208 ἀσφαλέστερον
1081 5135 1341 5200 ποιοῦσα,
1382 5138 1452 5207 γῇ
1484 5135 1582 5206 τὴν
1627 5152 1802 5206 παρα-

197 5235 384 5304 θήην
431 5229 674 5302 ἔκρυψε’
731 5230 846 5301 μετ’
873 5229 1054 5298 ὀλίγον
1103 5229 1161 5281 δὲ
1213 5228 1306 5281 τὸν
1350 5228 1464 5298 βίον
1511 5226 1797 5280 ἀπέλιπεν.

1907 4579 2114 4633 victum
2163 4579 2265 4633 sibi
2311 4593 2636 4648 comparare
2687 4579 3018 4644 niterentur,
3045 4579 3218 4632 ariete
3251 4576 3486 4630 donatos

1909 4669 2120 4724 dimisit
2153 4683 2248 4723 eos
2273 4707 2288 4731 ,
2326 4677 2490 4738 atque
2536 4667 2640 4721 hoc
2677 4666 2826 4721 verbi
2871 4667 3078 4720 urbane
3120 4663 3320 4734 adjecit
3357 4683 3372 4719 :
3410 4663 3487 4719 Ne

1909 4763 2116 4816 frustra
2153 4761 2408 4831 vigilasse
2441 4760 2758 4814 videamini.

1978 4855 2012 4908 2
2049 4853 2158 4923 (76)
2207 4853 2438 4906 Aiebaut
2481 4853 2702 4914 iterum,
2745 4849 2892 4922 quod
2945 4850 3164 4904 filiolam
3229 4849 3488 4903 habuerit

1908 4947 2173 5016 virginem
2205 4955 2448 5014 pati-nuc
2486 4945 2707 5012 pietatis
2752 4944 3099 5013 participem,
3135 4943 3354 4996 nOmine
3379 4942 3487 4995 Ire-

1908 5055 2035 5093 neu.
2075 5038 2212 5092 lluic
2261 5039 2551 5092 familiaris
2594 5038 2818 5107 quidam
2855 5039 3154 5106 pretiosum
3193 5050 3486 5088 ornamen—

1909 5140 2024 5185 tum
2076 5131 2578 5186 commendaverat.
2624 5129 2742 5192 llla,
2777 5137 2834 5183 ιιι
2871 5129 3180 5199 depositum
3216 5127 3390 5196 magis
3427 5126 3481 5178 in

1908 5232 2029 5278 tuto
2069 5232 2238 5288 esset,
2279 5223 2336 5277 in
2371 5231 2580 5278 terram
2632 5223 2878 5288 abdidit;
2931 5223 3096 5292 paulo
3135 5229 3256 5292 post
3305 5230 3482 5274 autem

279 5393 324 5422 "
355 5391 444 5444 Al.
469 5390 731 5462 Σερήνου.
802 5388 850 5421 ⁸⁵
877 5389 958 5445 ΑΙ.
992 5385 1329 5457 παξαμάδια.
1410 5386 1456 5418 ’ί
1501 5385 1587 5438 Al.
1638 5385 1794 5456 Ἰωσῆ

1937 5383 1982 5415 ⁵²
2011 5383 2096 5437 ΑΙ.
2127 5383 2296 5437 inser.
2331 5381 2708 5452 κρατούμενοι.

278 5551 394 5620 (75)
437 5549 543 5606 Καὶ
559 5548 647 5618 μὴ
663 5549 902 5620 ῥήματα
930 5548 1080 5620 ἀργὰ
1097 5546 1354 5620 χάζεο-χε
1370 5541 1645 5620 σεαυτῷ.-
1667 5542 1802 5620 lfjtce

207 5601 1109 5676 Ρᾶι-νιῶι-ῙἾΕῘἦῦιιόνιίὶοεαίῖεἶὸα
1137 5601 1406 5688 εΙῙιιηξίενε
1427 5615 1523 5688 tibi
1689 5613 1796 5688 Seu

203 5695 390 5762 potius
425 5709 438 5745 :
476 5691 542 5746 Et
577 5709 682 5746 non
707 5693 881 5747 otiosa
921 5689 1076 5746 verba
1109 5683 1319 5758 eﬁ‘unde
1344 5685 1439 5741 tibi
1461 5685 1583 5750 ipsi.
1617 5683 1685 5740 Ut
1717 5685 1794 5740 lc-

1899 5540 2331 5614 geritiPeljigius
2367 5539 2660 5614 interpres,
2693 5538 2947 5614 κατάχεε.

1973 5607 2528 5683 (75⁸)ψ86οτοιηνίι1ιή
2555 5625 2592 5674 ι,
2629 5625 2750 5681 cap.
2798 5609 2880 5663 12.

1969 5680 2101 5756 (76)
2121 5682 2334 5737 Socrat.
2347 5720 2361 5743 ,
2394 5680 2521 5734 ibid.
