3828 6308
402 268 508 324 419

1539 265 1886 322 ᾹΡΡΕΝΒΙΧ
1925 267 2017 322 AD
2056 263 2481 324 PALLADIUM.

3561 267 3664 326 ΗΟ

401 383 658 452 migravit
689 399 719 439 e
763 385 896 439 vita.
947 379 1104 439 Ven-it
1139 393 1329 456 postea
1376 399 1469 452 qui
1518 385 1889 454 deposuerat;
1922 393 1977 438 et

2097 383 2255 439 Ἠ).οε
2281 386 2336 438 δὲ
2369 383 2508 455 μετὰ
2537 382 2726 454 χρόνον
2751 384 2780 436 6
2811 380 3188 455 παραθέμενος
3211 401 3225 414 ’
3255 379 3348 437 καὶ
3382 382 3458 454 μὴ
3494 383 3666 454 εὑρὼν

401 479 614 548 virgine
647 492 757 532 non
793 479 1035 543 inventa,
1063 479 1284 534 inhaesit
1308 479 1450 549 patri
1477 478 1599 546 ejus
1627 478 1812 531 abbati
1841 476 1982 547 Spy-

401 567 615 633 ridoni;
651 582 798 622 nunc
840 569 1060 638 quidem
1105 573 1355 631 trahens,
1393 566 1589 622 deinde
1622 583 1753 621 vero
1783 582 1975 620 orans.

400 660 540 726 Quia
573 670 751 716 autem
778 676 944 715 senex
980 676 1010 715 e
1039 661 1242 715 danmo
1268 662 1390 731 ejus
1427 661 1524 730 qui
1558 675 1673 714 rem
1704 659 1980 727 deposue-

402 759 487 804 rat
513 767 669 806 suum
706 753 881 821 ipsius
923 751 1159 806 faciebat
1186 752 1598 815 detrimentum,
1636 749 1874 803 accessit
1911 747 1979 800 ad

402 847 716 912 sepulcrum
753 844 912 910 ﬁliae,
966 844 1245 913 Deumque
1294 852 1550 915 precatus
1585 849 1688 906 est,
1741 849 1800 895 ut
1854 848 1982 893 ante

403 946 618 1005 tempus
646 937 748 992 sibi
773 937 1089 991 ostenderet
1124 938 1453 1006 promissam
1486 933 1977 991 resurrectionem.

401 1025 511 1082 Nec
547 1045 642 1099 spe
677 1029 850 1084 falsus
884 1041 990 1084 est.
1024 1028 1222 1083 Statim
1268 1044 1503 1099 namque
1535 1035 1690 1097 virgo
1734 1025 1980 1080 rediviva

401 1119 657 1188 apparuit
690 1119 851 1189 patri.
905 1119 1152 1188 Cumque
1195 1120 1372 1172 locum
1419 1119 1714 1171 indicasset
1767 1116 1820 1168 in
1869 1130 1980 1183 quo

400 1219 786 1276 ornamentum
833 1210 1074 1280 positum
1131 1218 1272 1273 erat,
1325 1223 1546 1262 rursum
1593 1206 1858 1262 decessit.
1909 1206 1980 1256 At

402 1317 573 1357 senex
601 1310 883 1372 sumptum
919 1301 1230 1371 depositum
1258 1297 1516 1354 reddidit.

959 1415 1032 1470 De
1061 1415 1249 1468 abbate
1279 1414 1428 1468 Snio.

475 1529 804 1586 Referebant
834 1531 902 1585 de
932 1531 1130 1584 abbate
1163 1529 1290 1583 Sato
1326 1541 1379 1583 et
1413 1528 1612 1582 abbate
1650 1526 1790 1590 Mue,
1829 1517 1978 1597 quod

403 1622 567 1676 simul
609 1628 912 1674 manerent.
957 1617 1281 1673 Obedientia
1314 1626 1498 1672 autem
1548 1618 1850 1687 praestabat
1881 1617 1980 1668 ab-

402 1717 502 1770 bas
535 1714 685 1778 Saio,
718 1724 838 1768 erat
873 1728 1007 1766 vero
1036 1709 1329 1764 admodum
1371 1706 1566 1763 durus.
1611 1708 1759 1761 Dixit
1789 1708 1836 1762 ei
1889 1723 1979 1762 se-

402 1823 530 1867 nex,
566 1805 809 1860 tentandi
859 1804 1039 1873 gratia
1072 1822 1085 1858 :
1119 1803 1244 1864 Abi,
1291 1801 1562 1872 prmdare.
1605 1802 1777 1872 Igitur
1817 1801 1973 1864 abiit,

400 1902 456 1945 et
487 1893 686 1948 fratres
723 1893 1037 1962 diripiebat,
1069 1901 1292 1961 propter
1321 1891 1717 1956 obedientiam,
1765 1893 1818 1945 in
1851 1906 1980 1946 om-

405 1986 568 2040 nibus
594 1987 798 2055 gratias
834 2001 1000 2057 agens
1027 1985 1276 2040 Domino.
1312 1985 1379 2038 At
1407 2000 1574 2040 senex
1608 2001 1730 2054 qua:
1762 1984 1978 2040 furatus

401 2080 581 2134 fuerat
608 2079 853 2144 tollebat,
879 2078 1250 2148 reddebatque
1279 2079 1614 2132 clanculum.
1637 2076 1807 2132 Porro
1837 2093 1980 2146 quo-

403 2173 526 2224 dam
569 2170 658 2224 die
690 2186 814 2224 cum
848 2171 950 2224 iter
980 2181 1228 2242 agerent,
1259 2169 1605 2240 consumptis
1638 2170 1851 2224 viribus
1887 2169 1982 2223 de-

405 2263 560 2328 fecit,
581 2271 635 2317 et
667 2263 890 2332 reliquit
913 2279 1036 2318 eum
1057 2264 1226 2318 abbas
1256 2264 1571 2317 confectum
1599 2281 1613 2330 ;
1641 2263 1979 2332 veniensque

402 2356 544 2410 dixit
574 2356 839 2411 fratribus
881 2375 894 2411 :
927 2355 1164 2428 Pergite,
1197 2357 1456 2412 adducite
1491 2357 1639 2421 Saio,
1675 2358 1806 2426 quia
1839 2373 1980 2411 con-

402 2447 614 2504 fractus
643 2449 811 2520 jacet.
849 2449 930 2504 Illi
965 2450 1250 2512 abeuntes.
1285 2450 1564 2505 duxerunt
1593 2466 1742 2504 eum.

943 2560 1022 2615 De
1061 2572 1230 2615 matre
1271 2561 1432 2617 Sara.

474 2672 527 2726 1.
572 2672 684 2742 (77)
721 2671 1109 2728 .Narraverunt
1157 2674 1226 2728 de
1269 2683 1442 2728 matre
1493 2672 1649 2736 Sara,
1696 2673 1841 2744 quod
1883 2689 1980 2745 per

405 2763 668 2816 tredecim
701 2777 878 2818 annos
922 2765 1220 2817 continuos
1256 2763 1614 2818 vehementer
1652 2765 1977 2835 impugnata

406 2856 572 2910 fuerit
621 2870 651 2909 a
682 2854 930 2910 diemone
983 2855 1390 2920 fornicationis,
1438 2872 1538 2912 nec
1573 2874 1814 2928 unquam
1855 2873 1983 2912 ora-

403 2947 543 3000 verit
593 2955 654 3000 ut
704 2947 907 3001 bellum
955 2947 1282 3013 desisteret,
1335 2949 1430 3002 sed
1483 2950 1667 3019 potius
1712 2950 1916 3007 dixerit
1965 2970 1982 3007 :

405 3039 572 3104 Deus,
605 3038 674 3092 da
711 3041 842 3094 mihi
870 3041 1035 3096 vires.

475 3130 530 3187 2.
568 3132 682 3202 (78)
713 3133 1024 3202 Aliquando
1053 3134 1436 3191 vehementius
1461 3136 1689 3194 adortus
1716 3156 1835 3194 eam
1863 3143 1983 3198 fue-

407 3222 669 3278 ratidem
705 3223 938 3292 spiritus
988 3223 1395 3288 fornicationis,
1451 3243 1751 3299 suggerens
1799 3233 1984 3286 διεωιὶ

405 3331 578 3371 vanas
609 3332 720 3371 res.
754 3317 847 3369 Illa
885 3332 1013 3371 vero
1038 3334 1134 3387 per
1162 3317 1257 3374 Dei
1284 3321 1536 3374 timorem
1563 3332 1615 3374 et
1643 3323 1767 3376 vita:
1799 3333 1986 3378 auste-

408 3409 572 3462 rioris
612 3409 1062 3463 exercilalionem
1093 3427 1439 3480 nequaquam
1480 3411 1706 3475 cedens,
1736 3416 1986 3468 ascendit

408 3500 646 3568 quodam
679 3501 766 3555 die
801 3517 968 3570 SUpcr
1013 3512 1218 3557 tectum
1262 3522 1443 3570 suum,
1481 3515 1538 3560 ut
1578 3517 1781 3562 oraret.
1831 3507 1986 3561 Tunc

408 3595 664 3664 apparuit
697 3596 748 3649 ei
788 3594 842 3649 in
877 3597 1060 3666 specie
1093 3613 1360 3668 corporea
1395 3601 1623 3669 spiritus
1660 3600 1984 3654 fornicatio-

406 3686 528 3754 nis,
559 3687 808 3758 dixitque
837 3707 850 3742 :
884 3686 964 3742 Tu
994 3705 1079 3743 me
1112 3691 1312 3756 vicisti,
1341 3690 1497 3746 Sara.
1526 3690 1828 3762 Respondit
1862 3694 1984 3749 illa:

408 3779 533 3836 Nor.
573 3797 676 3851 ego
708 3790 761 3837 te
787 3782 917 3846 vici,
959 3784 1053 3837 sed
1084 3783 1346 3840 Dominus
1377 3801 1532 3841 meus
1567 3786 1846 3841 Christus.

482 3875 536 3928 5.
580 3875 691 3946 (79)
727 3876 1056 3930 ltetulerunt
1079 3877 1147 3932 de
1176 3879 1388 3944 eadem,
1419 3879 1565 3948 quod
1589 3879 1745 3947 juxta
1779 3878 1979 3932 flumen

410 3984 588 4024 annos
613 3971 902 4041 sexaginta
929 3981 1074 4027 totos
1099 3975 1449 4040 habitaverit,
1475 3991 1576 4030 nec
1606 3975 1797 4030 oculos
1821 3974 1988 4030 delle-

408 4061 553 4114 :‘erit
582 4069 642 4114 ut
681 4062 888 4116 videret
920 4079 1069 4116 eum.

481 4150 539 4207 Δ.
582 4151 694 4222 (80)
727 4155 850 4208 Alia
890 4157 1151 4222 viceduo
1176 4172 1358 4220 senes,
1399 4158 1746 4212 anachoreta:
1774 4158 1986 4228 magni,

409 4255 684 4299 venerunt
720 4248 786 4302 ad
819 4263 938 4303 eam
968 4266 998 4304 e
1027 4251 1275 4320 partibus
1303 4249 1530 4306 Pelusii.
1566 4250 1629 4303 Et
1665 4251 1810 4306 inter
1840 4253 1992 4305 ince-

412 4335 674 4402 dendum,
697 4338 771 4392 ita
806 4341 1298 4411 colloquebantur:
1331 4341 1713 4412 Deprimamus
1745 4345 1986 4396 vetulam

2079 479 2176 549 τὴν
2226 477 2522 549 παρθένον,
2583 475 2778 529 ἕπλεκε
2825 476 2902 547 τῷ
2951 479 3117 548 πατρὶ
3175 477 3344 548 αὐτῆς
3388 476 3467 546 τῷ
3525 477 3672 547 ἀεὸᾷ

2080 570 2404 642 Στυρίδωνι,
2451 569 2546 620 νῦν
2597 569 2696 638 μὲν
2736 568 2944 631 ἕλκων,
2991 569 3150 622 πάλιν
3195 569 3252 622 δέ
3306 568 3664 638 παρακαλῶν.

2093 662 2310 732 Ἐπειδὴ
2338 663 2394 714 δέ
2430 661 2715 732 συμφορὰν
2761 663 2993 714 ἐποιεῖτο
3036 661 3133 733 τὴν
3157 660 3247 713 τοῦ
3283 661 3668 731 παραθεμένου

2082 752 2286 824 ζημίαν
2315 756 2343 806 6
2375 752 2574 821 γέρων,
2609 750 2778 803 ἐλθὼν
2824 751 2918 802 ἐπὶ
2961 751 3023 804 τὸ
3057 753 3320 822 μνημεῖον
3362 754 3462 821 τῆς
3504 751 3670 818 θυγα-

2079 846 2228 916 τρὸς,
2268 833 2583 898 ἐπεκαλεῖτο
2609 844 2696 896 τὸν
2731 843 2887 908 Θεὸν,
2918 844 3022 914 πρὸ
3069 843 3264 914 καιροῦ
3303 843 3474 906 δεῖξαι
3519 843 3668 912 αὐτῷ

2078 935 2176 1006 τὴν
2231 935 2645 1006 ἐπηγγελμένην
2689 935 2986 988 ἀνάστασιν
3015 952 3027 964 ’
3059 937 3155 988 καὶ
3205 935 3269 1006 δὴ
3303 936 3401 1005 τῆς
3455 933 3670 995 ἐλπίδος

2079 1030 2176 1098 οὐχ
2199 1029 2435 1098 ἥμαρτε.
2486 1027 2644 1080 Ζῶσα
2691 1026 2799 1098 γὰρ
2833 1025 2990 1090 αὖθις
3028 1029 3057 1097 ἡ
3093 1027 3362 1096 παρθένος
3412 1028 3667 1094 φαίνεται

2077 1118 2156 1187 τῷ
2203 1118 2404 1188 πατρί·
2453 1119 2544 1169 καὶ
2590 1117 2752 1168 τόπον
2795 1118 3084 1186 σημάνασα
3140 1116 3269 1168 ἔνθα
3320 1115 3381 1168 τὸ
3435 1117 3668 1186 κόσμιον

2081 1209 2257 1261 ἔκειτο
2282 1209 2348 1274 ³³,
2392 1204 2544 1270 αὖθις
2599 1206 2894 1279 ἀπεχώρει.
2946 1209 3056 1260 Kal.
3106 1207 3286 1261 λαϐὼν
3337 1207 3435 1278 τὴν
3489 1225 3668 1279 παρα-

2080 1301 2254 1375 θήκην
2284 1304 2313 1355 6
2342 1300 2520 1373 γέρων
2549 1301 2746 1354 ἔδωκεν
2775 1301 2966 1371 αὑτήν.

2538 1417 2679 1483 Περὶ
2721 1413 2824 1468 τοῦ
2855 1413 3004 1468 ἁϐϐᾶ
3031 1413 3202 1468 Σαϊώ.

2156 1530 2378 1598 Ἔλεγον
2405 1531 2532 1600 περὶ
2551 1529 2645 1582 τοῦ
2675 1529 2819 1582 ἀϐϐἄ
2850 1529 3013 1592 Σαῖὼ,
3052 1530 3146 1580 καὶ
3177 1528 3271 1580 τοῦ
3300 1527 3447 1581 ἁῦϐᾶ
3478 1529 3658 1597 Morir.

2081 1625 2162 1677 ὅτι
2185 1623 2407 1693 ἔμειναν
2448 1623 2564 1694 μετ’
2587 1623 2850 1692 ἀλλήλων.
2881 1618 3004 1692 Εἶχε
3041 1621 3097 1674 δέ
3125 1621 3324 1692 πολλὴν
3354 1622 3608 1691 ὑπακοὴν
3637 1623 3664 1672 6

2081 1717 2253 1778 ἀὸϐᾶς
2282 1713 2444 1776 Σαῖὼ,
2489 1713 2722 1783 σκληρὸς
2752 1715 2808 1767 δέ
2843 1711 2910 1784 ἦν
2958 1715 3118 1766 πάνυ.
3157 1715 3264 1766 Καὶ
3291 1715 3477 1780 ἔλεγεν
3516 1713 3664 1778 αύτῷ

2079 1808 2107 1860 ὁ
2131 1807 2307 1878 γέρων
2327 1806 2600 1877 πειράζων
2622 1823 2635 1834 ⁸
2657 1805 2895 1872 Ὕπαγε,
2927 1804 3180 1874 σύλησον.
3201 1805 3311 1856 Καὶ
3338 1804 3546 1872 ὑπῆγε,
3573 1806 3663 1855 καὶ

2081 1898 2248 1952 ἐσύλα
2277 1898 2404 1961 τοὺς
2444 1897 2708 1964 ἀδελφοὺς
2740 1896 2828 1949 διὰ
2864 1894 2961 1965 τὴν
2998 1893 3248 1965 ὑπακοὴν
3271 1937 3286 1958 ,
3320 1894 3665 1964 εὐχαριστῶν

2079 1993 2158 2063 τῷ
2198 1993 2387 2062 Κυρίῳ
2422 1993 2512 2044 ἐπὶ
2563 1993 2748 2044 πᾶσιν.
2792 1989 2852 2044 ’0
2899 1991 2956 2043 δὲ
2987 1991 3164 2061 γέρων
3201 1985 3335 2060 ἦρεν
3369 1989 3537 2052 αὐτὰ,
3575 1991 3665 2040 καὶ

2082 2088 2310 2154 παρεῖχε
2353 2085 2618 2154 κρυφίως.
2651 2081 2788 2134 Ποτὲ
2819 2078 2911 2135 οὖν
2958 2083 3251 2135 ὁδευόντων
3294 2080 3498 2143 αὐτῶν,
3544 2079 3666 2148 ἠτό-

2081 2192 2236 2242 νησε,
2255 2177 2347 2228 καὶ
2373 2175 2583 2245 ἀφῆκεν
2606 2175 2767 2226 αὑτὸν
2797 2176 2824 2226 6
2851 2173 3026 2236 ἀὸὁᾶς
3050 2172 3514 2244 συντετριμμένον
3532 2188 3545 2199 ·
3573 2174 3664 2223 καὶ

2084 2268 2286 2333 ἐλθὼν,
2323 2264 2442 2321 εἶπε
2490 2269 2602 2331 τοῖς
2651 2267 2927 2336 ἀδελφοῖς·
2989 2265 3282 2334 Ὑπάγετε,
3337 2265 3540 2335 φέρετε
3578 2264 3664 2315 τὸν

2084 2361 2251 2426 Σαῖὼ,
2284 2363 2365 2415 ὅτι
2400 2361 2768 2436 κεκλασμένος
2798 2359 3123 2416 κείται.Καὶ
3153 2359 3501 2422 ἀπελθόντες,
3528 2359 3663 2428 ἠγα-

2083 2471 2185 2524 γον·
2215 2455 2398 2508 αύτὸν.

2474 2569 2613 2639 Περὶ
2648 2567 2758 2638 τῆς
2785 2566 2985 2639 ἀμμᾶς
3014 2568 3265 2638 Σάρῤας.

2155 2692 2223 2741 α’.
2262 2685 2600 2756 Διηγήσαντο
2625 2684 2753 2754 περὶ
2780 2686 2879 2752 τῆς
2902 2684 3091 2752 ἅμμᾶς
3118 2682 3352 2752 Σάρρας,
3369 2682 3453 2734 ὃτι
3483 2681 3664 2752 ἔμεινε

2084 2776 2344 2846 δεκατρία
2387 2774 2479 2844 ἐτη
2512 2773 2891 2844 πολεμουμὲνη
2942 2773 3218 2843 κραταιῶς
3265 2773 3369 2824 ὑπὸ
3417 2772 3512 2824 τοῦ
3551 2771 3665 2823 δαι-

2089 2884 2250 2938 μονος
2279 2869 2379 2935 τῆς
2411 2865 2686 2936 πορνείας,
2715 2866 2809 2916 καὶ
2839 2864 3094 2916 οὐδέποτε
3127 2862 3328 2934 ηὔξατο
3361 2863 3666 2933 ἀποστῆναι

2083 2959 2177 3011 τὸν
2209 2955 2464 3027 πόλεμον,
2495 2954 2630 3007 ἀλλὰ
2667 2953 2866 3025 μᾶλλον
2902 2953 3086 3020 ἔλεγεν
3111 2969 3123 2982 ’
3168 2951 3227 3007 Ὀ
3256 2951 3409 3015 Θεὸς,
3441 2951 3533 3014 δός
3580 2967 3667 3020 μοι

2091 3048 2265 3115 ἰσχύν.

2161 3140 2224 3210 β’.
2276 3137 2530 3192 Ἐπέθετο
2559 3138 2694 3208 αὐτῇ
2722 3153 2849 3189 ποτε
2884 3135 3236 3207 σφοδρότερον
3263 3135 3323 3187 τὸ
3346 3135 3480 3187 αῦτδ
3504 3132 3668 3186 πνεῦ·

2091 3250 2165 3303 μα
2203 3233 2300 3302 τῆς
2360 3229 2652 3301 πορνείας,
2689 3228 2990 3281 ὑποϐάλλον
3023 3228 3161 3298 αὐτῇ
3205 3226 3271 3279 τὰ
3317 3225 3410 3278 τοῦ
3460 3227 3667 3294 κόσμου

2090 3324 2312 3394 μάταια.
2359 3322 2422 3374 Ἡ
2455 3322 2511 3374 δέ
2544 3321 2619 3392 μὴ
2648 3320 2872 3373 ἐνδοῦσα
2903 3319 2980 3390 τῷ
3009 3319 3101 3372 τοῦ
3130 3319 3263 3372 Θεοῦ
3296 3319 3447 3388 φόϐῳ
3475 3320 3572 3370 καὶ
3605 3323 3665 3387 τῇ

2086 3418 2318 3487 ἀσκήσει
2349 3456 2362 3478 ,
2424 3411 2656 3486 ἀνῆλθεν
2703 3415 2761 3466 ἐν
2804 3414 2901 3482 μιᾷ
2955 3413 3033 3474 εἰς
3071 3411 3128 3464 τὸ
3167 3412 3437 3481 δωμάτιον
3502 3411 3667 3478 αὐτῆς

2088 3507 2516 3579 προσεύξασθαι.
2556 3507 2665 3559 Καὶ
2691 3504 2846 3576 ὤφθη
2878 3505 3013 3574 αὐτῇ
3051 3502 3375 3574 σωματικῶς
3415 3503 3476 3554 τὸ
3505 3502 3664 3554 πνεῦ-

2090 3618 2164 3671 μα
2193 3601 2290 3670 τῆς
2322 3599 2596 3670 πορνείας,
2633 3599 2726 3652 καὶ
2756 3592 2907 3650 εἶπεν
2961 3598 3096 3667 αύτῇ
3119 3613 3130 3626 ·
3172 3596 3242 3648 Σύ
3287 3610 3352 3665 με
3383 3596 3666 3665 ἐνίκησας,

2086 3695 2293 3767 Σάρρα.
2330 3695 2392 3746 Ἡ
2435 3693 2491 3746 δὲ
2543 3689 2732 3746 εἷπενο
2780 3693 2894 3746 Οὐκ
2942 3690 3170 3761 ἐνίκησᾶ
3201 3706 3259 3742 σε
3309 3689 3442 3757 ἐγὼ,
3489 3689 3606 3742 ἀλλ’
3642 3692 3670 3742 ὁ

2086 3787 2362 3855 Δεσπότης
2399 3803 2498 3856 μου
2533 3783 2790 3852 Χριστός.

2158 3886 2228 3947 γ’.
2263 3879 2488 3946 Ἔλεγον
2525 3877 2650 3948 περὶ
2693 3875 2884 3945 αὐτῆς,
2917 3875 2998 3926 ὅτι
3053 3870 3237 3924 ἐπάνω
3286 3868 3379 3922 τοῦ
3417 3865 3668 3937 ποταμοῦ

2088 3971 2300 4040 ἔμεινεν
2332 3971 2593 4040 ἐξήκοντα
2642 3967 2736 4037 ἐτη
2775 3965 3038 4023 οἰκοῦσα,
3082 3964 3176 4016 καὶ
3227 3963 3286 4014 ού
3346 3958 3670 4031 παρέκυψεν

2094 4063 2220 4117 ἰδεῖν
2257 4063 2439 4116 αὐτόν.

2159 4155 2222 4208 δ’.
2271 4155 2492 4206 ’Ᾱλλοτε
2523 4147 2684 4223 ἦλθον
2729 4149 2822 4204 δύο
2857 4149 3113 4220 γέροντες
3163 4147 3521 4216 ἀναχωρηταὶ
3574 4162 3672 4214 με-

2091 4248 2246 4317 γάλοι
2286 4247 2392 4301 ἀπὸ
2424 4245 2532 4298 τῶν
2565 4243 2746 4316 μερῶν
2779 4243 2872 4296 τοῦ
2927 4240 3226 4311 Πηλουσίου
3273 4239 3409 4309 πρὸς
3459 4238 3628 4307 αὑτήν
3654 4252 3668 4264 ·

2093 4343 2187 4394 καὶ
2235 4337 2599 4409 ἀπερχόμενοι
2639 4336 2826 4402 ἔλεγον
2875 4333 3013 4404 πρὸς
3054 4331 3315 4402 ἀλλήλους
3339 4347 3351 4360 ·
3385 4327 3671 4382 Ταπεινὼ-

414 4430 578 4484 hanc.
620 4431 786 4485 Aiunt
837 4447 967 4502 ergo
1005 4433 1056 4487 ei
1106 4452 1118 4488 :
1159 4433 1301 4488 Cave
1353 4450 1422 4488 ne
1477 4437 1771 4490 extollatur
1832 4453 1979 4491 mens

2097 4449 2274 4502 σωμεν
2307 4431 2404 4499 τὴν
2436 4427 2637 4496 γραῖδα
2664 4426 2891 4496 ταύτην.
2924 4425 3033 4477 Καὶ
3053 4423 3303 4491 λέγουσιν
3327 4421 3462 4490 αὐτῇ
3489 4437 3506 4452 ·
3544 4420 3674 4472 Βλέ-

414 4535 530 4589 tua,
561 4533 616 4578 et
654 4526 807 4580 dicas
847 4543 860 4580 :
893 4525 1035 4582 Ecce
1067 4526 1302 4582 solitarii
1341 4528 1407 4581 ad
1444 4544 1529 4583 me
1566 4529 1852 4584 mulierem
1899 4546 1988 4584 ac—

412 4620 640 4675 cedunt.
683 4619 982 4689 Respondit
1013 4619 1123 4674 illis
1157 4628 1330 4674 mater
1361 4624 1499 4674 Sara
1536 4640 1550 4676 :
1595 4619 1740 4676 Sexu
1766 4621 1986 4692 quidem

414 4710 613 4764 mulier
643 4725 788 4776 smn,
821 4721 876 4764 at
913 4725 1022 4763 non
1050 4709 1254 4764 animo.

484 4887 541 4944 5.
571 4886 683 4960 (81)
717 4887 863 4942 Dixit
897 4898 1072 4943 mater
1099 4887 1236 4942 Sara
1271 4905 1284 4944 :
1327 4887 1386 4942 Si
1418 4887 1586 4942 Demn
1629 4905 1886 4952 oravero,
1929 4897 1988 4942 ut

410 4996 609 5037 omnes
637 4981 884 5036 homines
913 4981 980 5035 de
1009 4981 1145 5036 meis
1179 4981 1425 5036 moribus
1468 4981 1712 5036 contenti
1750 4982 1883 5045 sint,
1921 4981 1989 5034 ad

411 5073 1102 5141 uniuscujusquejanuam
1136 5088 1424 5128 accessura
1473 5090 1616 5135 sum,
1662 5073 1989 5144 suppliciter

413 5172 774 5234 prosternens
801 5179 904 5217 me.
926 5161 1030 5217 Sed
1058 5165 1240 5233 potius
1272 5166 1558 5236 precabor,
1589 5173 1645 5220 ut
1677 5180 1774 5220 cor
1801 5180 1984 5219 meum

411 5273 542 5328 erga
575 5271 768 5312 omnes
798 5270 995 5325 purum
1033 5256 1126 5311 sit.

485 5412 532 5443 ⁵³
565 5411 654 5466 Al.
687 5409 1081 5483 ἐνεκέκρυπτο.

488 5589 600 5659 (77)
651 5587 755 5644 Vit.
791 5589 1029 5659 Patrav,
1067 5589 1152 5656 10,
1188 5587 1242 5642 in
1268 5587 1532 5656 Ephrwm,
1563 5605 1616 5659 p.
1640 5585 1764 5652 587,
1793 5586 1980 5652 n.15;

419 5657 686 5716 'l'h‘eodor.
725 5659 909 5720 Slud.,
939 5657 1156 5714 Catec/t.
1185 5662 1272 5714 9|.

488 5733 598 5802 (78)
653 5731 732 5786 Vit
789 5730 942 5785 Patr.
981 5749 1029 5798 v,
1071 5731 1151 5799 tl,
1185 5730 1238 5784 in
1272 5729 1535 5799 Ephrazm,
1574 5729 1764 5802 p.587,
1796 5745 1849 5784 n.
1896 5729 1976 5783 16.

2093 4541 2160 4577 πε
2196 4522 2269 4594 μὴ
2303 4519 2514 4592 ἐπαρθῇ
2553 4519 2581 4571 6
2613 4519 2872 4588 λογισμός
2901 4533 3016 4576 σου,
3049 4516 3144 4568 καὶ
3182 4514 3372 4584 εἴπῃς,
3416 4513 3498 4564 ὅτι
3541 4512 3672 4564 Ἰὼυ

2091 4617 2139 4669 οἱ
2195 4613 2546 4684 ἁναχωρηταὶ
2597 4611 2734 4682 πρὸς
2777 4610 2842 4680 μὲ
2897 4609 3144 4680 ἔρχονται
3197 4610 3430 4674 γυναῖκα
3481 4601 3669 4658 οὖσαν.

2093 4706 2252 4773 Λέγει
2285 4705 2468 4764 αὐτοῖς
2499 4702 2532 4772 ἡ
2567 4703 2758 4771 ἀμμᾶς
2806 4700 2991 4771 Σάρρα
3015 4717 3027 4728 ο
3065 4700 3142 4769 Τῇ
3199 4699 3294 4768 μὲν
3329 4696 3489 4766 φύσει
3537 4699 3672 4765 γυνή

2094 4801 2228 4867 εἰμι,
2259 4796 2371 4850 ἀλλ’
2407 4795 2466 4848 ού
2495 4794 2572 4865 τῷ
2605 4795 2872 4863 λογισμῷ.

2167 4895 2224 4944 ε’.
2267 4885 2430 4940 Εἶπεν
2457 4886 2490 4957 ἡ
2513 4887 2706 4956 ἀμμᾶς
2735 4885 2922 4954 Σάρρα
2948 4899 2961 4912 ⁶
2997 4882 3118 4935 Ἐὰν
3154 4879 3391 4949 εύξωμαι
3430 4881 3510 4948 τῷ
3533 4880 3673 4949 Θεῷ,

2089 4981 2177 5034 ἵνα
2238 4981 2438 5043 πάντες
2486 4979 2535 5031 οἱ
2593 4970 2872 5048 ἄνθρωποι
2925 4973 3371 5046 πληροφορῶνται
3421 4976 3505 5034 είς
3557 4974 3673 5040 ἐμὲ,

2090 5073 2456 5142 εὐρεθήσομαι
2513 5071 2592 5131 εἰς
2640 5069 2739 5140 τὴν
2798 5067 2967 5138 θύραν
3018 5064 3249 5117 ἑκάστου
3296 5065 3673 5132 μετανοοῦσα·

2091 5162 2226 5216 ἀλλὰ
2264 5161 2464 5233 μᾶλλον
2509 5160 2737 5231 εὔξομαι
2791 5159 2888 5228 τὴν
2923 5156 3147 5228 καρδίαν
3177 5171 3277 5226 μου
3329 5153 3502 5226 ἁγνὴν
3540 5150 3675 5208 εἶναι

2096 5255 2235 5326 μετὰ
2261 5255 2499 5308 πάντων.

2162 5587 2272 5654 (79)
2325 5584 2430 5638 Vit.
2472 5585 2624 5639 Patr.
2661 5602 2758 5641 vn.
2797 5586 2883 5640 19.

2162 5661 2274 5721 (eo)
2330 5656 2432 5710 ῑίὶι.
2470 5657 2620 5709 Ριιιικ
2657 5673 2708 5716 x,
2743 5658 2834 5708 73.

2162 5726 2271 5796 (Si)
2327 5726 2424 5781 l'il.
2470 5726 2617 5782 I'atr.
2651 5742 2701 5790 x,
2740 5729 2828 5778 74.
