3828 6374
157 301 248 358 ﬁt

1301 299 1926 358 APOPHTHECMATA
1965 295 2278 356 PATBUM.

3319 300 3427 356 ΕΞ

225 423 304 484 ς’.
343 413 488 470 Elite
521 414 708 480 πάλιν,
735 412 818 470 δτι
863 413 1052 468 Βάλλω
1083 414 1176 468 τὸν
1211 415 1346 470 πόδα
1376 435 1476 488 μου
1516 417 1609 470 ἐπὶ
1651 415 1751 488 τὴν

1927 417 1982 473 6.
2027 416 2176 472 Dixit
2201 417 2398 472 iterum
2431 433 2446 469 :
2482 413 2638 468 Mitto
2675 413 2866 484 pedem
2901 427 3080 468 meum
3105 428 3272 484 super
3303 433 3428 472 sca-

157 507 410 578 κλίμακα
434 507 728 576 ἀναϐῆναι,
749 508 842 561 καὶ
875 507 1010 560 τιθῶ
1037 506 1130 560 τὸν
1155 506 1386 563 θάνατον
1417 509 1524 582 πρὸ
1551 506 1752 578 ὀφθαλ-

161 599 276 670 μῶν
315 617 424 670 μου
455 599 566 670 πρὸ
595 599 692 652 τοῦ
723 599 994 670 ἀναϐῆναί
1029 616 1098 670 με
1129 600 1210 664 είς
1238 600 1408 672 αὐτήν
1430 601 1498 654 ⁵³.

223 691 292 755 ζ’.
339 685 482 742 Εῖπε
517 690 704 755 πάλιν,
731 692 812 744 ὅτι
839 690 1004 744 καλόν
1043 692 1160 744 ἐστι
1195 692 1292 746 καὶ
1320 691 1387 746 δι’
1431 691 1753 765 ἀνθρώπους

157 785 332 836 ποιεῖν
357 781 755 854 ἐλεημοσύνην.
783 783 847 836 Et
877 782 986 854 γάρ
1016 783 1112 836 καὶ
1136 783 1204 838 δι’
1231 782 1750 858 ἀνθρωπαρεσκίαν,

155 877 270 930 ἀλλ’
291 875 522 948 ἔρχεται
546 875 709 930 πάλιν
735 877 816 940 είς
848 872 984 928 Θεοῦ
1010 874 1306 948 ἀρέσκειαν
1327 875 1396 930 ³⁵.

227 1061 304 1124 η’.
341 1053 666 1126 Παρέϐαλόν
709 1071 842 1108 ποτε
871 1053 1180 1126 Σκητιῶται
1223 1059 1290 1128 τῇ
1341 1058 1506 1129 ἀμμᾷ
1539 1059 1750 1130 mpm.

171 1149 234 1202 Ἡ
258 1148 318 1200 δὲ
373 1146 688 1219 παρέθηκεν
717 1149 901 1212 αὐτοῖς
939 1148 1190 1202 κανίσκιν
1215 1149 1284 1204 ⁵⁸.
1321 1151 1384 1202 Οἱ
1425 1150 1482 1202 δὲ
1525 1151 1755 1220 ἀφέντες

159 1237 228 1290 τά
247 1237 417 1304 καλὰ,
441 1237 650 1306 ἔφαγον
671 1236 741 1292 τά
763 1237 972 1309 σαπρά.
993 1239 1105 1292 Καὶ
1127 1234 1282 1294 εἶπεν
1303 1240 1489 1304 αὐτοῖς
1507 1256 1521 1269 ·
1547 1243 1756 1305 Ὄντως

161 1330 475 1404 Σκητιῶταί
505 1333 654 1386 ἐστε.

447 1444 591 1514 Περὶ
631 1443 745 1513 τῆς
793 1442 993 1514 ἀμμᾶς
1021 1445 1466 1514 Συγκλητικῆς.

229 1563 300 1610 α’.
357 1549 529 1610 Εἶπεν
559 1558 591 1626 ἡ
626 1557 819 1626 ἀμμᾶς
848 1555 1193 1627 Συγκλητική
1216 1572 1230 1586 ·
1289 1555 1466 1626 Ἀγών
1509 1559 1628 1612 ἐστι
1663 1558 1760 1611 καὶ

163 1647 334 1709 κόπος
369 1644 538 1708 πολὺς
563 1647 676 1708 τοῖς
699 1645 1159 1718 προσερχομένοις
1183 1646 1420 1719 τῷβεῷ,
1443 1647 1514 1702 τά
1534 1649 1728 1722 πρῶτα
1743 1665 1756 1680 ·

162 1737 362 1790 ἔπειτα
387 1737 468 1799 δὲ,
501 1739 647 1808 χαρά
679 1737 1284 1812 ἀνεκλάλητος.”Ωσπερ
1311 1739 1421 1812 γάρ
1455 1743 1504 1794 ot
1536 1741 1648 1813 πῦρ
1673 1743 1762 1809 ἐξ»
1793 1777 1836 1830 Β

161 1829 300 1900 άιῖμαι
337 1829 679 1901 βουλόμενοι,
699 1829 916 1901 πρῶτον
933 1829 1286 1896 καπνίζονται
1317 1833 1412 1886 καὶ
1444 1831 1759 1906 δακρύουσι,

161 1923 262 1975 καὶ
307 1921 490 1985 οὕτως
522 1921 616 1974 τοῦ
657 1921 992 1992 ζητουμένου
1026 1925 1452 1994 ἐπιτυγχάνουσι
1492 1925 1616 1995 (καὶ
1653 1927 1762 1998 γάρ

163 2029 360 2082 φησιν,
391 2013 455 2066 ‘0
494 2012 640 2079 Θεὸς
675 2011 846 2084 ἡμῶν
876 2015 997 2082 πῦρ
1049 2018 1504 2071 καταναλίσκον
1527 2018 1724 2089 ἐστίν)
1745 2035 1758 2049 ·

160 2102 345 2169 οὕτως
376 2105 458 2157 δεῖ
489 2105 585 2158 καὶ
615 2107 764 2176 ἡμᾶς
793 2109 874 2170 είς
899 2107 1128 2172 ἑαυτοὺς
1159 2107 1222 2161 τὸ
1251 2108 1396 2164 θεῖον
1425 2109 1620 2180 ἐξάψαι
1653 2110 1764 2182 πῦρ

165 2197 315 2268 μετά
341 2197 598 2269 δακρύων
632 2198 726 2252 καὶ¹
753 2197 932 2254 πόνων
951 2201 1020 2255 ⁸⁷.

238 2290 308 2362 β’.
353 2287 492 2344 Εἷπε
528 2293 712 2360 πάλιν,
755 2294 837 2347 ὅτι
869 2293 962 2346 Δεῖ
1001 2291 1150 2367 ἡμᾶς
1179 2295 1306 2358 τοὺς
1349 2295 1411 2350 τὸ
1442 2295 1766 2367 ἐπάγγελμα

161 2383 328 2437 τοῦτο
382 2384 880 2458 ἐπανῃρημένους,
931 2387 1288 2459 σωφροσύνην
1332 2387 1432 2460 τὴν
1467 2389 1547 2453 είς
1595 2389 1765 2461 ἄκρον

163 2475 448 2548 κατέχειν.
487 2477 600 2530 Καὶ
627 2477 736 2549 γάρ
770 2477 923 2551 παρὰ
961 2479 1074 2544 τοῖς
1118 2482 1405 2550 κοσμικοϊς
1441 2481 1764 2553 σωφροσύνη

161 2565 316 2620 δοκεί
365 2567 790 2635 πολιτεύεσθαι,
835 2567 977 2625 ἀλλά
1028 2571 1412 2644 συμπάρεστιν
1471 2573 1610 2646 αὐτῇ
1673 2574 1768 2627 καὶ

161 2658 458 2730 ἀφροσύνη
483 2699 500 2724 ,
547 2659 635 2714 διά
691 2661 752 2714 τὸ
792 2661 915 2726 ταῖς
949 2653 1158 2726 ἄλλαις
1189 2664 1392 2727 πάσαις
1447 2664 1766 2736 αἰσθήσεσιν

163 2751 537 2822 ἁμαρτάνειν,
579 2752 690 2807 Καὶ
717 2753 826 2826 γάρ
853 2753 1054 2825 ὁρῶσιν
1082 2755 1368 2828 ἀπρεπῶς,
1402 2756 1497 2811 καὶ¹
1534 2757 1768 2827 γελῶσιν

163 2859 452 2906 ατακτως.

237 2942 312 3004 γ’.
361 2931 499 2989 Εἷπε
529 2937 694 2991 πάλιν
711 2954 726 2968 ο
751 2939 965 3012 Ὥσπερ
989 2939 1058 2994 τά
1097 2939 1273 2993 ίοϐόλα
1301 2940 1465 3012 θηρία
1485 2941 1532 2972 ⁵³
1559 2940 1627 2995 τά
1654 2942 1770 3014 δρι-

167 3028 394 3101 μύτερα
427 3029 540 3083 τῶν
575 3033 886 3102 φαρμάκων
919 3031 1254 3086 ἀπελαύνει·
1287 3032 1462 3098 οὕτως
1502 3034 1596 3088 καὶ
1623 3034 1771 3103 λογι-

167 3123 314 3196 σμὸν
346 3123 590 3195 πονηρὸν
606 3124 652 3155 ⁵³
675 3123 808 3194 εὐχὴ
837 3123 976 3194 μετὰ
1000 3123 1257 3194 νηστείας
1285 3125 1578 3179 ἀπελαύνει
1601 3127 1668 3181 ⁸⁸.

239 3214 306 3266 δ’.
351 3209 491 3265 Εἷπε
537 3212 728 3266 πάλιν·
767 3213 858 3284 Μή
894 3230 953 3266 σε
998 3213 1227 3287 δελεάσῃ
1259 3214 1366 3268 τῶν
1401 3213 1682 3286 κοσμικῶν
1723 3217 1766 3248 ⁸⁸

167 3305 452 3358 πλουσίων
500 3304 706 3376 τρυφὴ,
745 3305 820 3368 ὠς
865 3306 1135 3376 χρήσιμόν
1189 3323 1243 3360 τι
1303 3307 1518 3378 ἔχουσαν
1579 3308 1770 3379 ἡδονῆς

168 3395 341 3464 κενῆς
381 3395 427 3426 ⁸³
475 3395 684 3447 ἕνεκεν.
737 3393 967 3448 Ἐκεῖνοι
1005 3395 1104 3467 τὴν
1141 3395 1511 3469 όψαρτυτικὴν
1540 3397 1650 3470 (82)
1691 3415 1773 3452 τι-

171 3487 324 3557 μῶσι
372 3485 602 3558 τέχνην·
651 3486 876 3558 νηστείᾳ
908 3487 1003 3540 καὶ
1043 3488 1204 3553 αὐτὸς
1246 3489 1336 3542 διὰ
1376 3489 1484 3543 τῶν
1537 3489 1772 3544 εὐτελῶν

165 3579 530 3651 τὴν-ἐκείνων
553 3578 812 3650 εύπορίαν
832 3579 942 3632 τῶν
963 3569 1180 3653 τροφῶν
1199 3580 1310 3653 (85)
1333 3581 1694 3655 ὑπερϐάλλεις
1704 3583 1768 3637 ⁸³.

167 3673 316 3742 φησὶ
353 3672 503 3744 γάρ*
551 3671 726 3742 Ψυχὴ
776 3673 846 3726 ἐν
889 3671 1090 3742 τρυφῇ
1116 3673 1162 3704 ⁸⁵
1200 3671 1360 3730 οὖσα
1407 3676 1636 3743 κηρίοις
1673 3676 1773 3745 ἐμ-

169 3761 394 3825 παίζει.
425 3763 518 3835 Μὴ
547 3765 816 3836 κορεσθῇς
867 3765 1056 3836 ἄρτου,
1112 3767 1208 3820 καὶ
1251 3767 1352 3819 οὐκ
1399 3765 1772 3838 ἐπιθυμήσεις

171 3875 348 3911 οινου.

249 3957 312 4005 ε’.
368 3950 663 4022 Ἦρωτήθη
700 3951 734 4023 ἡ
774 3953 1022 4024 μακαρία
1051 3951 1421 4024 Συγκλητικὴ,
1472 3955 1520 4006 εί
1567 3953 1771 4007 τέλειον

169 4045 390 4114 ἀγαθὸν
442 4045 476 4116 ῆ
529 4043 908 4115 ἀκτημοσύνη.
955 4045 1020 4097 Ἠ
1071 4045 1128 4098 δὲ
1175 4040 1330 4098 εἷπε·
1381 4045 1530 4099 Πάνυ
1566 4045 1772 4099 τέλειον

171 4141 292 4202 τοῖς
321 4137 652 4207 δυναμένοις
668 4138 736 4191 ⁸⁸.
761 4137 824 4189 0i
853 4135 962 4208 γάρ
987 4136 1352 4206 ὑπομένοντες
1380 4135 1558 4201 τοῦτο,
1594 4136 1773 4207 θλίψιν

177 4230 282 4299 μὲν
309 4228 502 4298 ἔχουσι
529 4229 596 4298 τῇ
628 4227 810 4298 σαρκὶ,
851 4229 917 4298 τῇ
947 4227 1002 4279 δὲ
1027 4227 1172 4298 ψυχῇ
1208 4227 1537 4281 ἀνάπαυσιν.
1564 4227 1774 4300 Ὥσπερ

173 4321 288 4394 γὰρ
326 4321 400 4376 τὰ
433 4319 631 4392 στερεά
663 4319 880 4390 ἱμάτια,
913 4319 1234 4388 πατούμενα
1267 4320 1361 4371 καὶ
1391 4317 1582 4388 βιαίως
1615 4336 1774 4390 στρε-

1853 511 1984 575 lam,
2035 525 2370 576 ascensura;
2407 519 2460 562 et
2499 515 2732 562 mortem
2773 507 2844 560 ob
2885 507 3076 562 oculos
3121 521 3289 576 pono,
3326 523 3431 563 an-

1853 609 2072 672 tequam
2103 600 2552 656 conscensionem
2581 597 2800 652 faciam.

1926 694 1979 747 7.
2025 693 2140 748 Hoc
2167 693 2329 748 etiam
2351 692 2613 761 protulit:
2645 689 2855 744 Bonum
2887 697 2990 753 est,
3019 690 3182 744 etiam
3209 697 3437 760 propter

1853 787 2110 842 homines
2159 785 2343 838 facere
2377 785 2806 852 eleemosynam.
2861 780 3014 835 Licet
3050 783 3194 836 enim
3249 781 3438 836 studio

1857 876 2106 945 placendi
2137 875 2454 928 hominibus
2499 875 2614 938 ﬁat,
2649 882 2840 943 postea
2871 881 3050 930 tamen
3082 873 3332 944 procedit
3371 872 3439 925 ad

1853 966 2096 1020 studium
2133 964 2380 1034 placendi
2413 963 2546 1018 Deo.

1926 1058 1978 1112 8.
2021 1058 2336 1126 Aliquando
2373 1057 2630 1111 Scetiotze
2661 1064 3043 1110 convenerunt
3072 1065 3301 1112 matrem
3337 1055 3438 1111 Sa-

1859 1166 1996 1204 ram.
2028 1151 2164 1216 Quae
2207 1151 2466 1220 apposuit
2511 1152 2597 1205 eis
2641 1149 2970 1203 canistrum.
3021 1147 3100 1202 illi
3135 1165 3266 1203 vero
3293 1150 3436 1203 bona

1855 1257 2012 1310 poma
2053 1243 2447 1312 relinquentes,
2499 1241 2692 1295 vitiosa
2743 1241 3126 1298 comedebant.
3175 1241 3242 1295 Et
3300 1241 3438 1296 dixit

1857 1335 1940 1390 eis
1977 1352 1991 1390 :
2021 1333 2230 1390 Revera
2267 1331 2522 1386 Seetiotte
2551 1333 2707 1388 estis.

2329 1446 2406 1499 De
2433 1455 2601 1498 matre
2627 1443 2951 1514 Syncletica.

1933 1557 1985 1610 1.
2023 1557 2136 1629 (Si)
2171 1555 2317 1611 Dixit
2339 1569 2515 1611 mater
2544 1557 2854 1627 Syncletica
2885 1557 3072 1628 :Agou
3094 1567 3254 1612 estet
3280 1558 3438 1612 labor

1862 1663 2093 1718 magnus
2141 1649 2208 1702 iis
2242 1649 2336 1718 qui
2369 1649 2640 1702 accedunt
2697 1647 2763 1701 ad
2805 1647 2998 1710 Deum,
3034 1647 3089 1700 in
3132 1649 3440 1718 principio;

1865 1742 1960 1796 sed
2001 1740 2245 1795 succedit
2296 1741 2556 1811 gaudium
2616 1740 2910 1796 iueﬂ’abile.
2971 1739 3441 1805 Quemadmodum

1863 1834 2007 1886 enim
2035 1833 2126 1901 qui
2159 1832 2337 1902 ignem
2369 1831 2678 1887 accendere
2707 1833 2958 1901 cupiunt,
2993 1835 3145 1900 prius
3169 1831 3318 1885 fumo
3343 1833 3446 1884 im-

1865 1925 2134 1989 buuntur,
2166 1939 2229 1978 ac
2255 1925 2528 1995 lacrymas
2553 1926 2805 1988 mittunt,
2837 1933 3025 1992 postea
3055 1932 3235 1978 autem
3256 1917 3445 1994 optato

1865 2016 2147 2086 potiuntur
2187 2016 2284 2084 (ait
2321 2018 2466 2071 enim
2506 2015 2788 2086 Scriptura
2831 2035 2843 2070 :
2881 2015 3020 2070 Deus
3079 2026 3258 2070 noster
3309 2017 3446 2085 ignis

1864 2125 2174 2164 consumens
2204 2109 2368 2179 est“)
2398 2130 2410 2165 :
2445 2111 2518 2164 ita
2536 2120 2748 2180 oportet
2781 2121 2838 2164 ut
2860 2095 2961 2166 nos
2988 2111 3232 2164 divinum
3266 2111 3446 2180 ignem

1866 2203 1921 2258 in
1953 2203 2114 2257 nobis
2139 2219 2264 2257 cum
2299 2203 2562 2272 lacrymis
2593 2211 2646 2258 et
2674 2204 2958 2258 laboribus
2985 2203 3371 2258 accendamus.

1933 2293 1989 2349 2.
2029 2295 2140 2366 (85)
2172 2294 2317 2349 Dixit
2353 2297 2553 2350 iterum
2596 2315 2608 2351 :
2649 2295 2878 2366 Oportet
2911 2313 3013 2351 nos
3039 2297 3130 2366 qui
3161 2298 3301 2350 hanc
3323 2311 3448 2368 pro-

1869 2385 2162 2442 fessionem
2195 2388 2566 2458 suscepimus,
2603 2405 2872 2444 summam
2903 2391 3323 2460 temperantiam
3351 2390 3450 2444 ob-

1870 2480 2062 2533 tinere.
2088 2477 2301 2533 Etenim
2337 2480 2480 2550 apud
2514 2482 2806 2536 saeculares
2835 2483 3051 2536 videtur
3085 2483 3446 2552 temperantia

1870 2571 2108 2632 versari.
2160 2573 2255 2626 sed
2304 2573 2354 2626 ei
2397 2573 2638 2628 cohaeret
2687 2574 2856 2628 animi
2895 2575 3288 2645 intemperies,
3325 2590 3450 2644 pro—

1869 2672 2054 2732 pterea
2095 2664 2242 2732 quod
2283 2665 2405 2720 aliis
2445 2667 2703 2722 omnibus
2729 2667 2988 2722 sensibus
3028 2675 3274 2737 peccent.
3315 2667 3449 2721 Nam

1867 2755 2055 2810 vident
2086 2756 2421 2819 indecenter,
2456 2774 2520 2813 ac
2551 2760 2730 2813 rident
2756 2760 3093 2814 inordinate.

1935 2938 1990 2992 5.
2047 2937 2157 3010 (86)
2201 2937 2267 2992 Et
2319 2947 2578 3008 praeterea
2621 2957 2632 2993 :
2681 2938 2836 2993 Sicut
2882 2948 3181 2996 venenatas
3247 2941 3452 2997 bestias

1870 3031 2086 3084 acriora
2125 3031 2418 3100 pharmaca
2444 3031 2726 3100 expellunt
2751 3072 2765 3092 .
2823 3030 2896 3084 ita
2927 3033 3312 3102 cogitationem
3339 3048 3454 3086 ma-

1795 3123 1838 3180 C
1873 3121 2074 3190 lignam
2101 3120 2253 3188 ejicit
2283 3121 2462 3174 oratio
2493 3136 2619 3174 cum
2649 3121 2886 3190 jejunio.

1942 3213 1995 3266 4.
2035 3212 2144 3284 (87)
2174 3213 2248 3266 Ita
2284 3213 2466 3266 adhuc
2497 3214 2673 3266 locuta
2701 3222 2818 3267 est:
2853 3211 2974 3266 Non
3001 3221 3053 3268 te
3082 3213 3330 3268 inescent
3347 3229 3452 3268 sae—

1873 3305 2141 3358 cularium
2176 3304 2404 3359 divitum
2436 3303 2665 3370 delicize,
2702 3305 2860 3376 quasi
2918 3305 3048 3359 utile
3091 3306 3222 3376 quid
3274 3307 3457 3360 conti-

1875 3406 2061 3462 neant,
2093 3397 2163 3452 ob
2213 3413 2408 3452 vanam
2453 3398 2814 3467 voluptatem.
2848 3398 2928 3451 llli
2973 3407 3146 3453 artem
3187 3399 3455 3470 coquina-

1877 3491 2014 3544 riam
2047 3491 2101 3544 in
2135 3491 2311 3560 pretio
2342 3490 2579 3554 habent;
2613 3498 2667 3543 tu
2701 3505 2828 3544 vero
2861 3506 2958 3560 per
2983 3491 3257 3560 jejunium
3295 3493 3458 3547 viles-

1875 3601 1979 3655 que
2013 3585 2191 3650 cibos,
2229 3585 2474 3654 ipsorum
2511 3584 2566 3637 in
2610 3583 2808 3638 eduliis
2839 3583 3234 3638 abundantiam
3271 3602 3460 3655 super-

1875 3675 2138 3746 grederis.
2170 3675 2260 3729 Ait
2305 3676 2543 3744 quippe:
2585 3674 2783 3728 Anima
2831 3676 2884 3728 in
2915 3674 3121 3728 deliciis
3167 3678 3452 3740 exsistens,

1876 3765 2012 3832 favis
2046 3765 2227 3818 illudit
2254 3766 2319 3820 ⁸⁷.
2356 3763 2478 3818 Noli
2529 3779 2668 3833 pane
2705 3765 2921 3832 satiari,
2963 3781 3063 3821 nec
3115 3766 3458 3822 desiderabis

1875 3858 2085 3910 vinum.

1946 3946 2000 3999 5.
2035 3945 2146 4016 (88)
2181 3943 2526 4015 Interrogata
2553 3953 2640 4000 εει
2668 3947 2828 4001 beata
2873 3944 3211 4016 Syncletica,
3240 3961 3309 3999 an
3345 3961 3462 4016 per-

1879 4038 2076 4092 fectum
2127 4037 2328 4090 bonum
2382 4045 2562 4102 esset,
2605 4037 2742 4091 nihil
2789 4038 3095 4106 possidere.
3143 4037 3210 4091 Et
3254 4037 3393 4092 dixit
3444 4057 3458 4092 :

1876 4129 2045 4184 Plane
2082 4129 2384 4201 perfectum
2418 4129 2486 4184 iis
2513 4129 2608 4200 qui
2661 4128 2805 4184 ferre
2830 4137 3083 4200 possunt.
3113 4128 3250 4182 Nam
3275 4131 3369 4200 qui
3407 4131 3462 4183 id

1881 4222 2134 4284 tolerant,
2195 4221 2549 4277 alllictionem
2603 4221 2825 4291 quidem
2904 4238 3076 4277 carne
3117 4223 3347 4288 habent,
3407 4231 3464 4276 at

1880 4314 2064 4368 anima
2099 4313 2366 4383 requiem.
2403 4311 2558 4368 Sicut
2580 4314 2724 4368 enim
2753 4313 2948 4380 solida:
2971 4321 3174 4377 vestes,
3211 4313 3460 4377 calcatae,

177 4415 421 4485 φόμενα,
455 4413 749 4466 πλύνεται·
780 4411 954 4476 οὕτως
985 4413 1078 4466 καὶ
1109 4412 1254 4484 ψυχὴ
1287 4411 1504 4483 ἰσχυρὰ,
1548 4411 1638 4465 διά
1676 4412 1752 4484 τῆ‹

1889 4419 1935 4460 et
1967 4406 2234 4460 violenter
2267 4413 2498 4460 versatae
2535 4406 2835 4460 abluuntur
2871 4424 2884 4458 :
2941 4406 3016 4459 ita
3052 4405 3234 4460 anima
3278 4403 3460 4469 fortis,

175 4505 438 4559 ἑκουσίου
471 4505 684 4568 πενίας,
712 4505 805 4557 ἐπὶ
825 4507 1010 4557 πλεῖον
1040 4503 1391 4576 κρατύνεται.

251 4603 332 4662 ς’.
387 4591 526 4648 Εἷπε
577 4595 774 4649 πάλιν·
820 4593 945 4649 Ἐάν
995 4595 1051 4647 ὲν
1086 4593 1340 4664 κοινοϐῐῳ
1370 4595 1663 4668 τυγχάνῃς,
1700 4593 1774 4666 μὴ

179 4687 534 4759 μεταλλάξῃς
602 4687 694 4739 τὸν
753 4685 916 4739 τόπον
951 4702 965 4715 ·
1023 4683 1272 4758 βλαϐήσῃ
1327 4685 1436 4756 γὰρ
1501 4684 1772 4756 μεγάλως.

251 4870 302 4902 ⁸⁸
339 4871 426 4940 Al.
471 4869 718 4923 ἀνελθεῖν
758 4886 828 4940 με
859 4870 998 4923 ἐκεῖ.
1089 4867 1257 4940 ³ξᾼ1.
1301 4867 1648 4940 θεαρεσκίαν.

175 4939 459 5012 ῥυπαρόν.
539 4941 584 4972 ⁵⁸
612 4942 704 5012 Al.
745 4939 1054 5012 ἐκδιώκει.⁸
1112 4939 1156 4969 “

1745 4869 1790 4900 ⁸⁸
1837 4869 1920 4922 Al.
1960 4867 2258 4920 κανίσκιον.

1309 4941 1340 5009 ἡ
1377 4939 1483 4990 τῶν
1519 4939 1660 4992 κατά
1682 4939 1907 5009 κόσμον.

1888 4515 1986 4570 per
2023 4501 2384 4554 voluntariam
2421 4508 2795 4569 paupertatem
2827 4499 3074 4553 ﬁrmatur
3106 4499 3300 4568 magis.

1955 4593 2007 4647 6.
2053 4591 2164 4662 (89)
2222 4591 2430 4645 Monuit
2463 4607 2658 4645 rursus
2709 4611 2721 4644 :
2765 4591 2820 4644 Si
2870 4591 3182 4645 cunmbium
3230 4591 3462 4652 incolas,

1887 4685 2000 4738 noli
2039 4693 2251 4739 mutare
2289 4684 2498 4748 sede-in,
2539 4684 2670 4753 quia
2709 4682 2867 4738 valde
2903 4681 3124 4736 nocebit
3161 4681 3282 4735 tibi.
3325 4681 3464 4735 Nam

2365 4866 2409 4898 "
2449 4865 2536 4919 Al.
2569 4867 2772 4918 κόπων.
2880 4865 2927 4897 ⁵⁸
2960 4861 3040 4918 Al.
3077 4862 3208 4927 ζῶα.

2001 4939 2044 4968 ⁸⁸
2066 4938 2235 4990 Abest
2262 4937 2425 5006 κενῆς
2453 4938 2520 4990 ab
2551 4937 2622 4988 al.
2699 4935 2744 4966 ⁸³
2776 4935 2862 4987 Al.
2891 4933 3220 5005 ύπερϐαλοῦ.

3309 4863 3354 4894 ⁸⁹
3379 4864 3462 4918 Al.

3300 4937 3344 4965 “
3377 4935 3461 4987 ΑΙ.

175 5006 482 5084 πλησμονῇ
529 5011 769 5083 τροφῶν.
846 5013 892 5043 ⁵⁸
923 5006 1422 5079 Δι.ύπομένουσιν.
1501 5011 1546 5041 ⁶⁶
1581 5010 1744 5065 Hebr.

1919 5009 2009 5064 ‘29.
2089 5009 2131 5038 ⁸⁷
2163 5006 2325 5062 Prov.
2357 5023 2526 5072 xxvii,
2567 5006 2622 5060 7.

254 5221 376 5293 (82)
421 5217 1018 5293 Τὴν-ὀψαρτυτικήν.
1065 5217 1248 5293 _C_odex
1295 5219 1480 5293 regius
1532 5218 1770 5293 habebat

171 5287 518 5364 ὀψαρτικήν.
536 5287 888 5364 (Ξῄοιδριςιίηιεε
913 5305 1043 5364 vero
1055 5287 1382 5364 ρψυρτικήνῖ
1395 5289 1562 5364 Recte
1579 5289 1770 5364 inalio

171 5357 522 5420 (ἰὸιῦειοιίει
575 5359 627 5413 in
669 5359 794 5414 Vita
833 5357 1175 5432 Syncletica‘;
1205 5357 1608 5432 ὀψαρτυτικήν.
1630 5359 1772 5432 Alibi

169 5435 442 5506 ὀψάριον,
496 5432 681 5506 piscis,
738 5429 1048 5506 pisciculus.
1097 5429 1329 5486 Scilicet
1356 5431 1412 5484 in
1450 5429 1776 5506 condiendis

171 5501 442 5574 piscibus
477 5501 752 5574 praecipue
787 5502 964 5574 elucet
997 5517 1300 5574 coquorum
1347 5515 1457 5574 ars.
1492 5501 1780 5574 Quoallu-

173 5569 310 5628 ιιι...
343 5589 374 5626 a
391 5569 793 5627 Commodiano
813 5569 1187 5642 lpustructioue
1204 5573 1258 5636 7,
1283 5587 1379 5642 per
1409 5571 1556 5626 hunc
1581 5571 1781 5626 obscu-

175 5662 311 5701 rum
349 5643 694 5699 versiculum
717 5643 786 5697 de
821 5641 1060 5697 Zodiaco
1089 5655 1104 5693 λε
1215 5693 1226 5702 ,

261 5761 334 5816 Et
357 5753 583 5831 denique
622 5757 820 5815 vadunt
847 5760 898 5813 in
932 5758 1206 5828 piscibus;
1237 5773 1416 5828 coque,
1456 5757 1724 5826 probabis.

1950 5218 2062 5288 (85)
2104 5216 2410 5288 Εὑπορίαν
2459 5215 2580 5270 τῶν
2615 5215 2868 5288 τροφῶν.
2927 5213 2986 5268 In
3025 5212 3253 5267 Patrum
3297 5213 3417 5267 vitis
3445 5229 3467 5270 .'

1878 5289 2267 5344 abundantiam
2297 5287 2635 5353 deliciarum,
2665 5287 2908 5356 τρυφῶν.

1953 5337 2424 5431 ζ’ὲ’ἱ)”’ᾗξὲῖ.”ὶξᾶἱὲζ’
2437 5337 2647 5431 im;
2678 5337 2986 5431 ξὲιὶρζιίίι.
3000 5355 3184 5426 Syncl.
3198 5392 3226 5431 ,_
3243 5369 3298 5431 ῃ.
3331 5352 3418 5408 60.

1957 5423 2068 5499 (85)
2121 5429 2224 5482 Vit.
2255 5430 2410 5483 Patr.
2441 5445 2515 5492 tv,
2538 5429 2635 5491 41;
2681 5423 2785 5482 Vit;
2827 5423 3082 5498 Syncleti,
3123 5444 3174 5478 η.
3196 5423 3286 5478 24.

1958 5501 2071 5572 (86)
2118 5499 2228 5572 Vit.
2263 5499 2416 5572 Eutr.
2451 5516 2526 5565 tv,
2561 5499 2668 5572 42;
2709 5499 2815 5572 Yit.
2862 5515 2984 5572 cap.
3029 5504 3118 5554 δυ.

1959 5569 2074 5640 (87⁷)
2127 5571 2233 5640 ru.
2264 5569 2417 5640 Patr.
2457 5586 2530 5633 ιν,
2569 5571 2669 5636 45;
2721 5570 2822 5624 l'it.
2854 5571 2942 5622 οδ.

1961 5639 2074 5710 (88)
2126 5639 2232 5710 γει.
2272 5639 2426 5692 Patr.
2461 5655 2538 5701 Vt,
2572 5641 2658 5693 15.

1959 5703 2072 5784 (89)
2108 5709 2230 5784 7V_it.
2271 5709 2424 5784 Patr.
2465 5727 2557 5772 νιι,
2585 5711 2680 5778 15;
2739 5709 2838 5764 Vit.
2875 5707 3270 5776 94;861ιοίίαηι
3304 5706 3372 5762 73
3396 5703 3468 5762 ad

1891 5779 2063 5837 ama."
2090 5783 2122 5838 4
2153 5779 2307 5837 Joan.
2342 5783 2568 5837 Cliniae.
