3828 6302
472 262 572 318 6ἳὸ

1590 253 1936 313 ΑΡΡΕΝυιχ
1977 255 2070 312 AD
2103 250 2536 315 PALLADIUM.

3613 258 3716 313 4'25

469 373 928 445 quemadmodum
972 376 1090 431 avis
1122 375 1192 430 ab
1229 375 1350 429 ovis
1385 374 1722 444 demigrans,
1764 389 1828 428 ea
1875 373 2040 428 emcit

2154 374 2354 442 Ὠσπερ
2393 371 2502 441 γὰρ
2547 367 2717 442 ὅρνις,
2767 367 3158 439 ὲξανισταμένη
3211 369 3318 422 τῶν
3346 369 3508 432 ὠῶν,
3556 368 3720 439 οὔρια

471 468 632 521 urina
663 474 717 522 ct
748 467 1039 522 infecunda
1077 485 1093 522 :
1124 468 1196 520 ita
1220 467 1386 521 etiam
1427 467 1731 520 monachus
1773 466 1858 521 vel
1886 467 2040 535 virgo

471 559 670 628 t'rigetlt
701 575 765 613 ac
809 560 1167 612 inortiticatnr
1199 560 1252 612 iu
1296 559 1420 622 title,
1467 559 1690 628 quando
1735 558 1805 614 de
1832 560 1956 614 loco
1983 558 2038 611 in

473 653 652 704 toi-um
683 662 931 717 vagatur.

549 739 596 792 7.
631 740 743 809 (90)
772 738 972 794 lterum
1000 739 1138 793 dixit
1164 759 1178 794 :
1210 739 1391 794 Multae
1421 749 1549 796 sunt
1575 741 1776 797 diaboli
1807 743 2037 798 insidiae.

481 829 582 884 Per
630 838 1001 899 paupertatem
1051 847 1158 884 non
1217 831 1444 886 dimovit
1495 833 1775 887 animam?
1818 833 2040 887 divitias

475 934 659 972 escam
696 918 936 973 adlnbet.
972 918 1074 973 Per
1111 922 1470 976 contumelias
1501 929 1556 976 et
1602 923 1890 990 Opprobria
1932 939 2039 976 non

475 1010 797 1080 praevaluit?
819 1011 1006 1065 laudes
1027 1012 1322 1080 etgloriam
1343 1014 1613 1082 proponit.
1636 1014 1736 1067 Per
1748 1013 2039 1067 sanitatem

475 1101 749 1163 devictus,
783 1116 987 1170 corpus
1021 1100 1328 1154 morbidum
1361 1102 1556 1155 reddit.
1583 1103 1717 1155 Cum
1750 1102 1898 1156 enim
1928 1117 2040 1155 non

477 1193 714 1260 potuerit
747 1193 1120 1262 voluptatibus
1149 1192 1422 1259 decipere.
1451 1208 1517 1245 ex
1548 1192 1932 1246 involuntariis
1963 1193 2041 1245 la-

476 1283 703 1337 boribus
768 1283 1186 1337 subversionem
1237 1284 1449 1338 etliccre
1498 1293 1752 1337 conatur.
1815 1282 2042 1336 Scilicet

474 1374 697 1428 morbos
729 1374 1088 1442 gravissimos
1120 1375 1482 1444 permissione
1508 1383 1730 1444 accepta
1765 1374 2040 1440 admovet,

476 1471 535 1516 ut
572 1464 850 1517 hominum
882 1479 978 1534 per
1003 1479 1098 1518 eos
1121 1464 1185 1516 ad
1212 1464 1469 1533 pusillum
1507 1465 1748 1517 animum
1780 1472 1834 1518 et
1866 1464 2042 1534 negli-

474 1558 707 1625 gentiam
743 1557 1098 1610 adductorum
1134 1556 1454 1610 ebaritatem
1487 1555 1540 1609 in
1559 1554 1724 1609 Deum
1760 1557 1936 1609 valeat
1961 1556 2045 1608 in-

476 1649 713 1702 l'uscare.
747 1648 826 1701 Ad
858 1647 971 1701 haec
1008 1647 1318 1701 conciditur
1346 1663 1548 1716 corpus
1578 1644 1934 1701 validissimis
1967 1645 2044 1700 fe-

2138 466 2308 520 ταῦτα
2342 465 2436 520 καὶ
2461 465 2630 532 ἄγονα
2662 463 3106 533 παρασκευάζει·
3143 461 3316 526 οὕτως
3343 463 3438 515 καὶ
3483 463 3721 532 μοναχὺς

2138 560 2172 629 ἢ
2227 556 2495 628 παρθένος
2540 554 2774 626 ψύγεται
2824 555 2917 607 καὶ
2966 554 3252 625 νεκροῦται
3305 553 3403 624 τῆς
3443 553 3716 618 πίστεως,

2137 651 2302 703 τόπον
2330 652 2394 702 ὲκ
2419 649 2586 701 τόπου
2614 647 3056 718 περιερχόμενος.

2209 739 2274 806 ζ’.
2319 735 2454 793 Eine
2509 738 2702 792 πάλιν·
2746 736 2925 792 Πολλὰ
2964 737 3058 790 τοῦ
3085 737 3334 790 διαϐόλου
3384 737 3451 790 τὰ
3506 737 3716 807 ἔνεδρα.

2139 834 2239 886 Διὰ
2267 832 2456 894 πενίας
2495 831 2555 883 ού
2594 828 2914 900 μετεκίνησε
2942 829 3151 900 ψυχήνς
3185 829 3414 882 πλοῦτον
3449 830 3719 900 προσάγει

2139 926 2350 997 δέλεαρ.
2389 925 2468 976 Δι’
2513 922 2724 992 ὕϐρεων
2780 923 2874 974 καὶ
2923 922 3242 993 ὀνειδισμῶν
3298 923 3399 975 ούκ
3460 924 3717 992 ἴσχυε-εκ

2142 1017 2401 1078 ἐπαίνους
2443 1016 2537 1068 καὶ
2571 1013 2728 1077 δόξαν
2771 1012 3153 1082 προϐάλλεται.
3179 1014 3226 1045 ⁷³
3269 1013 3366 1066 Διὰ
3397 1015 3498 1082 τῆς
3531 1014 3721 1081 ὑγείας

2139 1105 2416 1177 ἡττηθεὶς,
2447 1106 2716 1158 νοσοποιεῖ
2743 1103 2804 1155 τὸ
2833 1103 2992 1172 σῶμα
3022 1103 3155 1172 (93).
3204 1105 3335 1167 Ταῖς
3367 1104 3476 1175 γάρ
3507 1105 3720 1174 ἡδοναῖς

2145 1197 2220 1267 μὴ
2251 1195 2497 1267 δυνηθεὶς
2531 1195 2828 1266 ἀπατῆσαι,
2855 1193 2943 1246 διὰ
2974 1193 3082 1246 τῶν
3105 1195 3380 1247 ἀκουσίων
3408 1196 3589 1248 πόνων
3623 1198 3720 1265 τὴν

2143 1288 2504 1359 παρατροπὴν
2558 1286 2782 1356 ποιῆσαι
2838 1286 3114 1355 πειρᾶται.
3153 1285 3359 1347 Νὸσους
3401 1286 3514 1356 γάρ
3570 1303 3721 1348 τινας

2145 1379 2454 1450 βαρυτάτας
2491 1379 2552 1443 ἐξ
2581 1380 2871 1448 αἰτήσεως,
2901 1375 3035 1448 πρὸς
3067 1377 3126 1430 τὸ
3155 1377 3241 1429 διὰ
3284 1373 3491 1430 τούτων
3525 1379 3722 1446 ὀλιγω-

2146 1472 2416 1543 ρήσαντας
2443 1469 2772 1522 ὲπιθολῶσαι
2801 1467 2977 1522 αὐτῶν
3017 1467 3115 1537 τὴν
3147 1467 3283 1536 πρὸς
3314 1467 3446 1520 Θεὸν
3476 1469 3718 1539 ἀγάπην,

2145 1564 2432 1634 προσάγει.
2469 1560 2631 1614 Ἀλλὰ
2659 1561 2753 1613 καὶ
2777 1559 3177 1628 κατατέμνεται
3203 1559 3262 1612 τὸ
3287 1559 3444 1630 σῶμα
3469 1564 3722 1629 πυρετοῖς

2147 1656 2561 1726 σφοδροτάταις,
2619 1653 2713 1708 καὶ
2763 1651 2905 1721 δίψει
2951 1651 3166 1722 ἀσχέτῳ
3216 1652 3452 1705 ἀνιᾶται.
3507 1649 3570 1705 Εἰ
3627 1653 3722 1723 μὲν

475 1739 684 1801 bribus,
719 1756 929 1793 necnon
965 1739 1294 1792 intolerabili
1340 1738 1428 1791 siti
1475 1737 1778 1792 cruciatur.
1821 1736 1876 1790 Si
1912 1753 2041 1806 pec-

2154 1746 2470 1819 άμαρτωλδς
2501 1745 2578 1798 ὣν
2616 1745 2787 1798 ταῦτα
2835 1743 3150 1813 ὑφίστασαι,
3204 1745 3589 1815 ύπομνήσθητι
3634 1747 3724 1798 καὶ

473 1832 581 1885 cati
607 1833 825 1902 quidem
856 1848 982 1886 reus
1013 1833 1125 1885 haec
1161 1833 1384 1901 pateris,
1419 1831 1710 1886 recordare
1736 1830 2040 1883 futurarum

474 1935 782 1990 poenarum,
817 1920 1003 1976 teterni
1039 1920 1201 1988 ignis,
1232 1919 1576 1988 judicialium
1623 1918 2040 1986 suppliciorum,

475 2031 577 2067 nec
607 2015 846 2066 animum
885 2012 950 2066 ad
986 2013 1274 2075 praesentia
1315 2012 1527 2064 remitte
1555 2025 1618 2063 ac
1650 2009 1896 2064 demitte.
1930 2007 2044 2062 La:-

475 2111 614 2165 tare,
663 2103 808 2172 quod
859 2102 1162 2156 visitaverit
1198 2109 1250 2155 te
1291 2099 1467 2163 Dens,
1503 2101 1757 2170 piumque
1792 2098 1924 2151 illud
1957 2098 2042 2152 di-

473 2205 622 2249 «tum
657 2195 713 2248 in
744 2209 838 2249 ore
881 2194 1018 2248 habe
1054 2212 1067 2248 :
1111 2191 1394 2263 Castigans
1432 2193 1711 2261 castigavit
1746 2207 1826 2243 me
1857 2189 2044 2243 Denti-

475 2304 594 2353 nus,
622 2299 670 2341 et
704 2287 862 2340 morti
893 2303 996 2339 non
1023 2284 1247 2337 tradidit
1293 2301 1372 2337 me
1398 2282 1463 2336 ⁵⁸.
1502 2282 1727 2337 Ferrum
1757 2298 1913 2346 eras;
1947 2282 2042 2336 sed

475 2395 572 2450 per
619 2383 794 2450 ignem
841 2379 1090 2448 abjecisti
1123 2377 1481 2448 ferrugincm.
1519 2375 1676 2444 Quod
1733 2376 1779 2431 si
1825 2375 2044 2445 justitia

473 2483 723 2535 ornatus,
765 2473 819 2525 in
853 2473 1100 2526 morbum
1131 2471 1407 2533 incidisti,
1447 2485 1476 2522 a
1500 2468 1712 2538 magnis
1748 2469 1812 2521 ad
1835 2468 2044 2536 majora

474 2562 837 2630 progredcris.
887 2564 1091 2614 Aurum
1133 2559 1231 2614 es?
1276 2570 1330 2612 at
1380 2573 1476 2628 per
1537 2558 1714 2628 ignem
1766 2557 2045 2626 probatior

473 2653 680 2706 evadis.
727 2651 892 2706 Datus
938 2660 1023 2706 est
1061 2653 1288 2720 angelus
1337 2649 1487 2705 carni
1527 2649 1744 2703 une“?
1792 2649 2042 2710 exsulta;

474 2746 660 2812 aspice
685 2743 774 2796 cui
817 2743 1010 2797 similis
1047 2743 1224 2795 factus
1257 2741 1428 2796 fueris
1462 2761 1476 2794 :
1511 2741 1710 2810 dignus
1735 2741 1957 2794 habitus
1985 2756 2045 2794 cs

475 2835 628 2889 Pauli
653 2843 822 2904 parte.
845 2833 1015 2888 Febre
1029 2834 1328 2903 .probaris?
1349 2834 1526 2903 rigore
1543 2832 1821 2886 erudiris?
1847 2831 2043 2885 Verum

478 2929 763 2996 Scriptura
796 2928 870 2978 ait
902 2944 915 2980 :
949 2927 1312 2979 Transivimus
1339 2941 1431 2994 per
1468 2925 1637 2993 ignem
1663 2935 1711 2977 et
1745 2939 1963 2994 aquam,
1996 2931 2045 2974 et

475 3016 710 3070 cduxisti
738 3033 832 3068 nos
861 3017 912 3069 in
948 3015 1281 3086 refrigerium
1311 3015 1381 3066 ".
1419 3013 1660 3067 Primum
1685 3014 1914 3068 sortitus
1948 3012 2047 3066 es?

474 3116 733 3178 exspecta
778 3107 1102 3162 secundum.
1150 3105 1227 3160 Et
1273 3106 1475 3160 virtute
1523 3114 1802 3176 operatus,
1852 3119 2045 3174 magna

475 3216 610 3254 voce
641 3199 825 3270 profer
863 3199 1036 3253 sancti
1073 3199 1257 3252 verba.
1293 3197 1381 3249 Ait
1407 3196 1591 3250 enim:
1633 3195 1844 3264 Pauper
1877 3206 1924 3248 et
1953 3195 2050 3248 do-

476 3295 585 3345 lens
625 3308 742 3344 sum
779 3291 956 3360 ego“.
988 3289 1274 3364 Perfectus
1305 3290 1399 3343 lies
1428 3304 1524 3358 per
1551 3288 1654 3342 hoc
1679 3302 2047 3342 aerumnarum

478 3397 594 3453 par.
617 3380 751 3436 Nam
775 3382 908 3435 dicit
933 3399 946 3436 :
974 3379 1041 3433 In
1063 3379 1406 3433 tribulatione
1433 3378 1679 3431 ditatasti
1704 3377 1859 3430 me".
1884 3374 2052 3446 Igitur

481 3477 633 3528 hisce
682 3475 865 3543 potius
905 3473 1184 3527 exercitiis
1219 3473 1415 3525 animae
1443 3481 1644 3525 nostra:
1679 3471 2051 3524 instruantur.

476 3565 928 3634 Quandoquidem
965 3579 1074 3634 prae
1116 3564 1290 3617 oculis
1335 3564 1598 3617 habemus
1648 3562 2046 3618 adversarium.

548 3740 601 3796 8.
660 3741 771 3809 (91)
823 3738 968 3794 Dixit
1017 3753 1286 3793 rursum:
1334 3736 1566 3805 Quando
1605 3738 1896 3794 infirmitas
1936 3757 2053 3794 mo-

477 3835 612 3890 lesta
665 3833 822 3887 nobis
870 3831 1057 3894 fuerit,
1098 3847 1166 3884 ne
1212 3832 1625 3895 contristemur,
1659 3831 1803 3902 quod
1827 3843 2055 3902 preptcr

479 3926 728 3979 morbum
761 3936 813 3978 et
865 3923 1116 3993 corporis
1162 3923 1374 3992 plagam
1427 3937 1535 3976 non
1581 3925 1859 3992 possimus
1916 3939 2051 3978 voce

479 4019 733 4087 psallere.
777 4014 902 4069 llaec
951 4016 1098 4070 enim
1132 4014 1318 4067 omnia
1371 4013 1530 4068 nobis
1561 4012 1943 4082 expediebant,
1987 4015 2055 4069 ad

479 4107 842 4176 cupiditatum
868 4105 1326 4159 destructionem.
1359 4103 1580 4158 Scilicet
1596 4105 1865 4174 jejunium
1891 4117 2056 4176 atque

483 4199 631 4251 humi
667 4200 911 4262 cubatio,
958 4199 1027 4250 ob
1067 4197 1377 4266 voluptates
1427 4197 1587 4252 nobis
1635 4199 2050 4268 praecipiuntur.

481 4287 710 4354 Quoties
743 4303 874 4358 ergo
908 4289 1132 4342 morbus
1161 4288 1260 4342 has
1287 4287 1576 4350 retuderit,
1620 4288 1894 4358 superﬂua
1929 4291 2052 4344 illo-

2141 1841 2244 1910 τῆς
2265 1839 2562 1911 μελλούσης
2591 1838 2886 1903 κολάσεως,
2912 1839 3004 1891 καὶ
3034 1837 3128 1890 τοῦ
3155 1837 3373 1890 αἰωνίου
3406 1839 3603 1908 πυρὸς.
3634 1841 3723 1891 καὶ

2142 1933 2251 1986 τῶν
2271 1931 2600 1984 δικαπικῶν
2616 1929 2913 2001 τιμωριῶν,
2937 1929 3029 1983 καὶ
3051 1931 3111 1982 ού
3137 1930 3210 2000 μὴ
3225 1929 3566 2000 ὀλιγωρήσῃς
3593 1931 3724 1999 πρὸς

2141 2023 2210 2076 τὰ
2242 2021 2508 2093 παρόντα.
2535 2023 2706 2093 Χαῖρε
2737 2023 2820 2074 ὅτι
2846 2021 3190 2090 ἐπεσκὸπησέ
3221 2038 3279 2074 σε
3308 2023 3334 2075 ὁ
3355 2022 3517 2084 656;“
3547 2023 3642 2076 κα).
3670 2022 3725 2074 τὺ

2143 2113 2391 2183 εὔφημον
2419 2113 2478 2166 δὲ
2521 2116 2696 2166 ἐκεῖνο
2744 2113 2907 2182 ῥητὸν
2955 2113 3047 2164 ὲπὶ
3075 2113 3173 2182 τῆς
3221 2110 3465 2184 γλώττης
3507 2113 3622 2183 ἔχε,
3654 2113 3724 2174 ὡς

2144 2205 2452 2261 Παιδεύων
2483 2203 2805 2258 ἐπαίδευσέ
2823 2219 2900 2272 με
2938 2205 2969 2256 ὀ
2991 2202 3226 2271 Κύριος,
3259 2203 3355 2256 καὶ
3384 2201 3464 2266 τῷ
3497 2202 3724 2268 θανάτῳ

2145 2299 2217 2352 οὐ
2251 2294 2556 2365 παρέδωκέ
2591 2313 2688 2366 με.
2720 2295 2945 2366 Σίδηρος
2976 2296 3268 2366 ἐτύγχανες
3291 2313 3303 2325 ·
3333 2293 3472 2348 ἀλλὰ
3515 2294 3604 2347 διὰ
3633 2295 3722 2347 τοῦ

2145 2388 2318 2460 πυρὸς
2366 2388 2456 2441 τὸν
2514 2388 2591 2441 ἰὸν
2649 2387 2996 2452 ἀποϐάλλεις.
3033 2387 3094 2440 Ei
3142 2387 3198 2440 δὲ
3254 2388 3347 2440 καὶ
3393 2385 3605 2448 δίκαιος
3653 2386 3720 2437 ὧν

2145 2481 2468 2553 ἀρῤωστεῖς,
2502 2482 2610 2535 ἀπὺ
2651 2481 2757 2534 τῶν
2793 2481 3045 2550 μεγάλων
3092 2481 3186 2533 ἐπὶ
3215 2478 3282 2532 τά
3329 2478 3551 2549 μείζονα
3597 2495 3724 2548 προο

2146 2573 2390 2636 κόπτεις.
2423 2573 2634 2644 Χρυσὺς
2662 2569 2740 2638 si;
2771 2573 2908 2626 ἀλλὰ
2937 2573 3024 2625 διὰ
3052 2571 3146 2625 τοῦ
3167 2571 3338 2642 πυρὸς
3362 2569 3723 2641 δοκιμώτερος

2146 2665 2292 2737 γίνῃ.
2337 2665 2522 2735 Ἐδόθη
2559 2682 2640 2718 σοι
2663 2666 2892 2734 ἄγγελος
2919 2667 2983 2735 τῇ
3020 2663 3223 2736 σαρκί;
3258 2661 3531 2730 άγαλλιῶ·
3565 2661 3723 2731 βλέπε

2145 2757 2251 2810 τίνι
2280 2757 2464 2826 ὅμοιος
2490 2757 2720 2824 γέγονας
2740 2774 2754 2786 ·
2790 2758 2888 2828 τῆς
2912 2758 3021 2830 γάρ
3063 2755 3276 2809 Παύλου
3320 2755 3535 2826 μερίδος
3568 2754 3726 2822 terra.

2149 2848 2269 2918 6ης.
2301 2848 2402 2901 Διὰ
2429 2849 2524 2902 τοῦ
2550 2848 2786 2920 πυρετοῦ
2810 2847 3109 2922 δοκιμάζῃς
3132 2847 3220 2900 διὰ
3251 2847 3436 2916 ῥίγους
3466 2845 3723 2917 παιδεύης

2149 2940 2286 2994 ἀλλά
2321 2958 2485 3011 φησιν
2532 2941 2566 3011 ἡ
2610 2941 2648 2992 Γ
2655 2943 2836 3012 ραφὴ’
2895 2941 3223 3008 Διήλθομεν
3254 2939 3351 2992 διὰ
3399 2939 3592 3005 πιψός
3634 2941 3724 2990 καὶ

2151 3031 2386 3096 ὕδατος,
2422 3032 2521 3084 καί
2562 3030 2855 3101 ἐξήγαγες
2884 3029 3042 3099 ἡμᾶς
3075 3033 3162 3096 είς
3189 3028 3535 3096 ἀναψυχήν.
3572 3027 3728 3079 Ἐτυ-

2151 3140 2244 3194 χες
2281 3121 2380 3177 τοῦ
2437 3123 2694 3196 πρώτους
2740 3124 3013 3194 προσδόκα
3046 3123 3106 3175 τὸ
3152 3121 3423 3192 δεύτερον.
3471 3120 3729 3190 Πράττων

2150 3216 2249 3286 τὴν
2277 3216 2498 3287 ἀρετὴν,
2533 3215 2631 3285 βόα
2671 3215 2741 3268 τά
2795 3214 2888 3268 τοῦ
2937 3215 3089 3283 ἁγίου
3123 3216 3374 3287 ῥήματα·
3406 3213 3538 3283 φησὶ
3589 3213 3725 3281 γάρ·

2151 3307 2392 3376 Πτωχὸς
2443 3308 2540 3360 καὶ
2574 3307 2776 3376 ἀλγῶν
2811 3309 2928 3376 είμι
2966 3304 3098 3375 ἐγώ.
3144 3305 3359 3368 Τέλειος
3391 3305 3597 3375 γενήσῃ
3646 3303 3728 3355 διὰ

2151 3397 2357 3468 ταύτης
2402 3398 2510 3450 τῶν
2550 3398 2783 3466 Θλίψεων
2828 3399 2927 3469 τῆς
2977 3397 3200 3461 δυάδος·
3255 3397 3390 3467 φησὶ
3434 3398 3578 3466 γάρ·
3638 3397 3730 3446 ‘Er

2151 3491 2355 3558 θλίψει
2404 3488 2750 3557 ἑπλάτυνάς
2804 3507 2900 3560 με.
2959 3490 3046 3544 Ἑν
3103 3489 3313 3552 τούτοις
3362 3487 3565 3560 μᾶλλον
3625 3490 3729 3549 τοῖς

2152 3579 2475 3649 γυμνασίοις
2523 3581 2622 3644 τὰς
2667 3579 2845 3651 ψυχάς
2893 3579 3252 3652 άσκηθῶμενο
3309 3580 3396 3631 ἐπ’
3439 3578 3730 3648 ὀςρῦαλμῶν

2153 3672 2261 3743 γὰρ
2290 3671 2507 3743 ὁρῶμεν
2536 3673 2628 3726 τὸν
2660 3672 2978 3728 ἀντίπαλον.

2224 3763 2294 3834 η’.
2330 3758 2462 3816 Εἷπε
2491 3763 2684 3818 πάλινο
2724 3763 2849 3818 Ἐὰν
2886 3763 3140 3818 ἀσθένεια
3170 3761 3298 3832 ὀχλῇ
3338 3762 3493 3832 ἡμῖν,
3539 3760 3614 3831 μὴ
3638 3758 3730 3812 λυ-

2155 3853 2438 3924 πηθῶμεν,
2462 3855 2538 3918 ὡς
2565 3854 2652 3908 διὰ
2688 3855 2786 3926 τὴν
2810 3855 3092 3909 ἀσθένειαν
3130 3857 3224 3908 καὶ
3266 3855 3362 3924 τὴν
3396 3853 3611 3924 πληγὴν
3641 3853 3730 3904 τοῦ

2158 3943 2412 4014 σώματος
2443 3945 2517 4016 μὴ
2544 3945 2832 4016 δυνάμενοι
2866 3945 3092 4014 ψάλλειν
3140 3944 3276 4016 μετὰ
3308 3944 3493 4013 φωνῆς
3513 3958 3526 3972 °
3562 3943 3730 3996 ταῦτα

2156 4036 2263 4108 γὰρ
2292 4038 2469 4090 πάντα
2500 4039 2633 4108 ἡμῖν
2660 4023 2874 4107 ἠνύετο,
2904 4037 3038 4109 πρὸς
3067 4037 3383 4108 καθαίρεσιν
3409 4035 3727 4102 ἐπιθυμιῶν.

2157 4131 2267 4182 Καὶ
2292 4129 2398 4200 γὰρ
2424 4131 2457 4200 ὴ
2488 4130 2711 4201 νηστεία
2749 4131 2842 4184 καὶ
2879 4133 2912 4201 ὴ
2963 4128 3232 4200 χαμευνία
3257 4126 3343 4180 διὰ
3395 4127 3496 4190 τὰς
3543 4125 3729 4196 ἡδονὰς

2157 4223 2290 4291 ἡμῖν
2317 4221 2756 4292 νενομοθέτηται.
2789 4223 2851 4275 ΕΞ
2881 4217 2974 4275 οὖν
3004 4224 3037 4292 ἡ
3060 4221 3211 4281 νόσος
3235 4221 3435 4281 ταύτας
3468 4218 3727 4288 ἤμϐλυνε,

2158 4310 2411 4382 περιττὸς
2441 4314 2469 4364 ὁ
2487 4311 2662 4380 λόγος.
2689 4313 2837 4381 Αὕτη
2863 4314 2971 4384 γάρ
3004 4313 3150 4364 ἐστιν
3179 4315 3210 4381 ἠ
3244 4311 3454 4381 μεγάλη
3482 4312 3726 4378 ἄσκησις.

481 4395 603 4434 rum
636 4380 795 4434 ratio.
840 4378 963 4433 Haec
1009 4379 1214 4448 quippe
1251 4392 1446 4447 magna
1485 4387 1569 4432 est
1614 4381 1957 4447 exercitatio,
1998 4385 2045 4436 in

2157 4399 2217 4450 τὸ
2249 4401 2307 4452 ἐν
2359 4403 2467 4462 τοῖς
2503 4399 2678 4462 νόσοις
2723 4402 3109 4472 ἐγκαρτερεῖν,
3141 4400 3236 4453 καί
3288 4398 3729 4470 εὐχαριστηρίους

481 4472 694 4527 morbis
723 4472 996 4542 patienter
1031 4472 1196 4538 terre,
1230 4478 1284 4526 et.
1316 4471 1618 4542 gratiarum
1646 4472 1883 4527 actionis
1903 4476 2058 4545 hym-

480 4579 584 4619 nos
618 4564 868 4618 emittere
904 4563 970 4616 ad
1003 4560 1195 4616 Deum.

548 4659 602 4714 9.
646 4657 760 4726 (92)
817 4657 1013 4710 lterum
1061 4654 1274 4709 elocuta
1307 4662 1390 4708 est
1435 4668 1448 4705 :
1492 4649 1550 4705 In
1601 4652 1933 4722 jejunando,
1987 4673 2054 4712 ne

481 4761 750 4820 praetean
781 4750 1052 4804 morbum.
1087 4746 1189 4812 Qui
1222 4745 1368 4800 enim
1399 4760 1508 4799 non
1531 4744 1804 4814 jejunant,
1827 4749 1880 4801 in
1922 4764 2050 4803 eas-

482 4843 603 4894 dem
628 4857 772 4910 sa2pe
797 4840 1050 4895 incidunt
1072 4835 1475 4906 aegrotationes.
1494 4835 1704 4892 Bonum
1731 4838 2044 4893 inchoasti?

555 5000 599 5031 ⁸⁸
627 4999 771 5056 Psal.
815 5015 982 5064 cxvii,
1011 5001 1095 5054 18.
1200 5002 1244 5033 ⁸⁸
1274 5000 1318 5055 ll
1338 5002 1464 5060 Cor.
1501 5021 1595 5072 ιιι,
1636 5005 1690 5059 7.

485 5071 586 5125 hoc
613 5085 824 5124 comma
861 5072 1224 5141 postponitur.

554 5239 666 5308 (90)
706 5239 812 5295 Vit.
847 5241 1001 5296 Patr.
1031 5260 1128 5309 vn,
1171 5245 1256 5299 16.
1294 5244 1397 5299 Vit.
1435 5246 1522 5301 98.

554 5310 665 5378 (9|)
702 5309 807 5366 Vit.
842 5312 995 5367 Patr.
1026 5329 1121 5377 vn,
1150 5315 1250 5379 i7;
1289 5314 1420 5370 Vitae
1448 5318 1538 5370 99.

554 5381 668 5519 ἕω)
705 5380 807 5434 Vit.
847 5382 998 5436 Patr.
1042 5400 1138 5447 vn,
1165 5387 1261 5453 18;
1301 5385 1406 5439 Vit.
1437 5387 1561 5440 192.

577 5451 665 5519 95)
704 5455 805 5505 Διά
844 5451 955 5519 τῆς
1010 5455 1210 5519 ὑγείας
1262 5457 1561 5519 ἡττηθείς,

577 5451 665 5520 95)
703 5455 805 5523 Qui
844 5451 955 5520 τῆς
1010 5455 1210 5523 ὑγείας
1248 5451 1571 5523 ἡττηθείς,
1628 5459 1936 5512 νοσοποιεῖ
1982 5461 2048 5512 τὸ

484 5519 672 5602 σῶμα..
703 5519 871 5602 Valde
900 5519 1214 5602 iiiiperlccta
1247 5519 1331 5580 est
1357 5519 1565 5602 Pelagii
1586 5527 1917 5602 versio._Sin
1950 5545 2046 5602 aus

487 5601 609 5670 tem,
651 5595 848 5670 inquit,
889 5595 1185 5648 satietatem
1227 5598 1462 5670 corporis
1496 5595 1759 5670 immittit.
1797 5597 2045 5670 Suppleri

486 5669 663 5732 potest
695 5678 711 5716 :
741 5663 834 5718 Sin
871 5680 1042 5719 amem
1062 5679 1151 5729 per
1177 5667 1457 5721 sanitatem
1489 5669 1650 5723 victus
1675 5669 1858 5736 fuerit,
1877 5663 2033 5723 'mor-

2159 4488 2360 4559 ὕμνους
2390 4490 2738 4560 ἀναπέμπειν
2769 4490 2846 4560 τῷ
2873 4489 3012 4562 Θεῷ.

2230 4661 2297 4717 0'.
2351 4655 2486 4714 Εἷπε
2537 4663 2699 4716 πάλιν
2741 4664 2854 4734 (9.5)
2882 4681 2898 4697 ο
2954 4663 3249 4735 Νηστεύων
3290 4662 3364 4734 μὴ
3421 4664 3728 4733 προφασίση

2157 4753 2339 4806 νόσονο
2370 4755 2464 4808 καὶ
2493 4754 2602 4826 γὰρ
2625 4757 2674 4808 οἱ
2717 4757 2792 4826 μὴ
2821 4757 3172 4826 νηστεύοντες
3201 4759 3311 4820 τοῖς
3335 4756 3518 4818 αὐτοῖς

2156 4862 2244 4909 κις
2278 4846 2602 4918 περιέπεσον
2653 4849 2977 4918 νοσήμασιν.
3032 4847 3222 4920 Ἥρξω
3269 4847 3362 4900 τοῦ
3417 4847 3623 4911 καλούς
3661 4847 3754 4917 μὴ’

1789 5007 1833 5038 ⁷⁸
1860 5005 2006 5059 Psal.
2043 5022 2045 5059 :

2154 5046 2167 5062 .
2201 5005 2287 5062 12.
2365 5010 2408 5042 ⁷⁸
2440 5008 2585 5066 Psal.
2615 5025 2804 5076 vant,
2842 5013 2929 5066 30.
3008 5014 3052 5044 ⁷⁸
3093 5012 3234 5067 Psal.
3260 5027 3334 5077 tv,
3365 5013 3420 5066 2.
3497 5009 3546 5042 "
3573 5009 3628 5065 In
3661 5012 3726 5064 al.

2155 5249 2248 5303 bos
2272 5249 2507 5317 corporis
2537 5249 2794 5302 immittit.
2822 5247 2920 5302 Ms.
2947 5249 3107 5302 Corh.
3131 5267 3144 5302 :
3167 5248 3227 5304 Si
3246 5265 3337 5318 per
3366 5251 3598 5305 salutem
3625 5270 3728 5306 caro

2155 5323 2301 5386 poris
2328 5320 2574 5385 vincitur,
2599 5320 2961 5389 a'gritudinem
2982 5320 3162 5373 mittit.
3189 5319 3508 5376 Suession.:
3525 5324 3620 5377 Sin
3646 5340 3734 5374 au-

2155 5399 2255 5462 tem
2269 5404 2370 5462 per
2391 5391 2616 5462 salutem
2643 5392 2882 5458 corporis
2912 5391 3157 5451 vincitur.
3200 5393 3573 5462 agritudinem
3617 5395 3732 5445 mit-

2155 5461 2236 5512 tit.
2267 5457 2504 5514 Fossat.:
2528 5459 2589 5513 Si
2608 5476 2699 5530 per
2729 5457 2956 5515 salutem
2994 5465 3228 5529 corporis
3247 5457 3364 5516 'non
3401 5466 3658 5527 vincetur,
3686 5467 3728 5514 tu

2155 5530 2522 5599 wgritudinem
2544 5531 2732 5586 mittit.

2230 5600 2342 5677 (94)
2383 5597 2554 5677 Είπε-
2588 5601 3105 5677 :zdxir._Deciintim
3153 5603 3298 5677 istud
3343 5605 3730 5677 Apoplitliegma

2159 5672 2344 5740 accepi
2376 5685 2406 5725 a
2435 5671 2624 5730 codice
2655 5688 2757 5730 ms.
2797 5673 3124 5729 Colbertinae.
3159 5671 3523 5731 bibliothecae.
