3828 6360
207 323 292 380 ιεδ

201 436 505 511 ἀναχαιτίσῃς
546 436 641 490 τοῦ
698 435 890 508 ἐχθροῦ
923 452 982 489 σε
1025 435 1382 507 ὲκκόψαντος·
1419 441 1579 506 αὐτὸς
1609 441 1716 511 γάρ
1744 447 1790 504 Α

207 533 257 602 τῇ
282 530 494 601 ὑπομονῇ
523 545 614 583 σου
639 531 1011 601 καταργεῖται.
1029 521 1134 582 Καὶ
1158 529 1267 602 γὰρ
1293 533 1343 584 oi
1371 531 1522 585 πλεῖν
1548 533 1712 604 ἀρχό.

202 639 324 694 μενοι
374 620 578 692 πρῶτον
619 620 717 689 μὲν
749 618 924 683 δεξιοῦ
977 618 1286 690 πνεύματος
1321 623 1677 692 τυγχάνουσιν
1699 641 1713 654 ·

199 711 504 773 ἀπλώσαντες
543 710 601 763 δὲ
633 711 704 764 ea;
751 709 914 774 ἱστία,
947 705 1102 773 αὖθις
1135 710 1358 782 ἐναντίῳ
1406 713 1716 766 ἀπαντῶσιν

197 804 366 873 ἀνέμῳ,
386 802 493 855 ἀλλ’
511 804 560 854 οἱ
586 801 779 855 ναῦται
804 799 893 854 διὰ
919 800 980 853 τὸ
999 802 1353 872 παρεμπεσὸν
1379 804 1594 874 πνεῦμα
1616 805 1716 858 οὐκ

199 894 592 958 ἀποσκευάζουσι
644 893 744 964 τὴν
793 892 962 947 ναῦν·
1010 895 1204 966 μικρὸν
1244 895 1303 948 δὲ
1346 897 1716 967 ἡσυχάσαντες

197 988 222 1059 ἢ
261 987 341 1040 καὶ
375 984 857 1056 ἀπομαχησάμενοι
906 986 973 1056 τῇ
1017 983 1175 1057 ζάλῃ,
1210 985 1370 1041 πάλιν
1411 987 1500 1040 τὸν
1551 988 1716 1041 πλοῦν

197 1078 449 1131 ποιοῦνται.
501 1075 658 1129 Οὕτω
719 1075 812 1129 καὶ
867 1077 1062 1146 ἡμεῖς,
1119 1077 1358 1130 ἐναντίου
1411 1077 1716 1148 πνεύματος

194 1167 567 1240 προσπεσόντος,
603 1167 695 1219 τὸν
742 1167 971 1238 σταυρὸν
1005 1169 1125 1221 ἀντὶ
1171 1168 1337 1222 ἱστίου
1367 1169 1712 1236 τανύσαντες,

193 1260 332 1322 ἀδεῶς
359 1259 441 1313 τὸν
466 1257 632 1311 πλοῦν
664 1259 1056 1329 ἐκτελέσωμεν.

247 1350 292 1403 ι’.
320 1346 442 1403 Eii-:5
489 1349 648 1402 πάλιν
668 1366 681 1379 ⁸
731 1351 794 1402 Οί
825 1351 924 1420 μὲν
967 1350 1059 1404 τὸν
1090 1351 1346 1422 αἰσθητὸν
1391 1351 1618 1408 πλοῦτον
1652 1356 1716 1408 ὲκ

191 1440 341 1493 κόπων
369 1441 457 1492 και)⁷
499 1439 760 1494 κινδύνων
804 1441 1079 1512 Θαλάσσης
1135 1445 1494 1512 συνάγοντες,
1547 1446 1716 1500 πολλὰ

190 1533 541 1603 κερδήσαντες,
571 1533 678 1586 τῶν
727 1533 989 1586 πλειόνων
1029 1534 1269 1603 ἐφίενται
1294 1551 1308 1566 ·
1348 1537 1444 1590 καὶ
1495 1537 1564 1591 τὰ
1617 1538 1716 1608 μὲν

189 1625 393 1694 παρόντα
418 1623 489 1687 ὡς
518 1625 666 1678 οὐδὲν
692 1624 980 1694 ἡγοῦνταιο
1014 1627 1148 1696 πρὸς
1178 1628 1236 1681 δὲ
1264 1627 1332 1682 τὰ
1366 1629 1440 1700 μὴ
1473 1629 1715 1700 παρόντα

187 1713 570 1772 ἑπεκτείνονται.
610 1715 799 1786 Ἡμεῖς
824 1716 880 1769 δὲ
905 1717 999 1770 καὶ
1029 1717 1136 1770 τῶν
1172 1719 1516 1788 ζητουμένων
1548 1703 1713 1789 μηδὲν

185 1803 383 1873 ἔχοντες,
405 1804 555 1858 οὐδὲν
585 1805 809 1876 θέλομεν
844 1807 1146 1878 κτήσασθαι
1176 1787 1264 1863 διά
1294 1787 1385 1862 τδν
1427 1787 1589 1878 φόϐον
1613 1787 1710 1863 τοῦ
1741 1787 1784 1842 Β

184 1895 310 1949 Θεοῦ.

240 1987 314 2039 ια’.
347 1986 473 2040 Εἶπε
510 1986 675 2041 πάλιν
697 2003 712 2018 °
752 1987 1004 2060 Μίμησαι
1026 1990 1116 2043 τὸν
1150 1989 1399 2062 Τελώνην
1439 1992 1550 2061 (95)
1571 2033 1585 2056 ,
1628 1994 1714 2047 ἵνα

185 2075 244 2148 μή
271 2077 339 2147 τῷ
368 2079 645 2149 Φαρισαίῳ
706 2084 1181 2152 συγκατακριθῇςο
1228 2083 1322 2135 κα)⁵
1365 2084 1606 2147 Μωσέως
1653 2085 1716 2138 τὸ

182 2169 324 2239 πρᾶον
348 2169 607 2234 ὲπίλεξαι,
643 2170 733 2224 ἵνα
765 2171 866 2241 τὴν
903 2173 1130 2243 καρδίαν
1166 2191 1259 2227 σου
1294 2175 1599 2247 ἀκρότομον
1628 2171 1716 2230 οὖ-

183 2278 262 2312 σαν
287 2262 357 2324 εἰς
380 2261 563 2332 πηγὰς
591 2261 798 2316 ὑδάτων
834 2265 1164 2335 μεταϐάλης.

236 2352 309 2421 ιβ’.
352 2351 481 2407 Εἷπε
526 2354 723 2408 πάλινο
774 2356 1176 2422 Ἐπικίνδυνον,
1229 2358 1319 2411 τὸν
1373 2359 1446 2430 μὴ
1503 2359 1591 2412 διὰ
1619 2360 1714 2413 τοῦ

182 2446 447 2514 πρακτικοῦ
478 2445 598 2516 βίου
623 2448 925 2518 ἀναχθέντα
953 2449 1465 2522 διδάσκειν.Ὥστ-.ερ
1489 2452 1594 2524 γὰρ
1622 2453 1716 2504 ἐὰν

177 2528 295 2604 ᾗτις
315 2537 480 2589 οἰκίαν
501 2537 646 2608 ἔχων
673 2538 900 2612 σαθρὰν,
926 2539 1111 2603 ξένους
1141 2539 1558 2611 ὑποδεξάμενος,
1589 2542 1718 2613 βλά-

178 2621 252 2690 ψει
272 2626 331 2694 τῇ
359 2624 554 2678 πτώσει
582 2626 677 2679 τοῦ
707 2629 1007 2698 οἰκήματος
1030 2669 1046 2695 ,
1080 2627 1254 2693 οὕτως
1291 2632 1384 2684 καὶ
1411 2625 1553 2684 οὗτοι
1579 2673 1593 2693 ,
1641 2631 1716 2704 μὴ

178 2717 405 2787 πρότερον
453 2721 684 2784 ἑαυτοὺς
732 2720 1224 2793 οἰκοδομήσαντες,
1278 2724 1522 2788 καὶτοὺς
1551 2742 1718 2796 προσ-

177 2810 394 2876 ελθόντας
421 2815 609 2877 αὐτοῖς
638 2813 923 2868 ἀπώλεσαν
942 2830 955 2842 ·
980 2817 1092 2878 τοῖς
1122 2816 1219 2886 μὲν
1246 2816 1353 2888 γὰρ
1383 2817 1559 2885 λόγοις
1591 2834 1716 2870 συν-

176 2901 463 2957 εκάλεσαντο
507 2907 590 2968 είς
640 2906 913 2977 σωτηρίαν
938 2947 953 2971 ,
997 2909 1063 2978 τῇ
1095 2906 1150 2959 δὲ
1184 2907 1279 2960 τοῦ
1307 2907 1509 2980 τρόπου
1552 2907 1720 2982 κακίᾳ

176 2997 279 3058 τοὺς
307 2996 536 3067 ἀθλητὰς
557 2997 610 3030 ⁷⁸
637 2998 834 3069 μᾶλλον
865 2999 1149 3070 ἠδίκησαν.

237 3093 315 3156 ιγ’.
347 3085 479 3142 Eine:
530 3089 695 3143 πάλιν
719 3107 733 3120 °
767 3090 947 3144 Καλὸν
979 3093 1040 3144 τὸ
1076 3095 1150 3162 μὴ
1199 3092 1541 3164 ὀργίζεσθαιο
1587 3095 1635 3146 εί
1660 3093 1716 3146 δὲ

174 3178 252 3230 καὶ
278 3180 515 3251 γένηται,
544 3181 668 3234 οὐδὲ
713 3181 914 3252 μέτρον
943 3199 1024 3235 σοι
1057 3184 1268 3254 ἡμέρας
1296 3183 1432 3256 πρὸς
1454 3184 1514 3238 τὸ
1546 3184 1714 3249 πάθος

176 3270 535 3344 συνεχώρησεν,
568 3272 740 3325 εἰπών
760 3290 773 3303 ο
806 3271 906 3342 Μὴ
938 3273 1223 3327 ἐπιδυέτω
1251 3276 1282 3328 ὁ
1304 3274 1497 3340 ἥλιος.
1523 3276 1593 3329 Σὺ
1622 3272 1716 3328 οὖν

173 3359 338 3432 ἐκδέχῃ
372 3362 473 3428 ἕως
524 3364 634 3427 πᾶς
681 3365 710 3415 ὁ
747 3364 938 3434 χρόνος
988 3381 1081 3416 σου
1125 3363 1245 3434 δύῃ.
1295 3364 1361 3416 Τί
1400 3367 1575 3434 μισεῖς
1623 3365 1716 3418 τὸν

174 3449 455 3524 λυπήσαντα
488 3454 816 3525 ἄνθρωπονς
871 3457 970 3509 οὐκ
999 3455 1160 3518 αὑτός
1197 3458 1343 3508 ἐστιν
1374 3457 1402 3508 ό
1433 3455 1714 3525 ἀδικήσας,

172 3543 266 3595 ἀλλ’
286 3547 312 3598 ό
338 3546 602 3610 διάϐολος.
637 3546 885 3618 Μίσησον
917 3545 1014 3616 τὴν
1049 3545 1202 3598 νόσον
1226 3585 1241 3608 ,
1273 3545 1370 3599 καὶ
1411 3543 1485 3617 μὴ
1513 3544 1605 3598 τὸν
1631 3561 1717 3596 νο-

173 3634 359 3691 σοῦντα.

231 3726 299 3781 ιδ’.
326 3725 457 3785 Εἶπε
487 3732 655 3786 πάλιν
680 3747 695 3762 ο
729 3731 893 3784 Ὅσον
923 3732 1321 3801 προκόπτουσιν
1376 3730 1426 3782 οί
1463 3727 1713 3800 ἀθληταὶ,

170 3818 392 3874 τοσοῦτον
427 3823 761 3876 συνάπτουσι
791 3825 1168 3892 ἀνταγωνιστῇ
1215 3821 1441 3892 μείζονι.

227 3907 300 3965 ιε’.
332 3907 462 3964 Eius
497 3911 664 3965 πάλιν
688 3929 697 3940 ⁸
725 3912 880 3965 Ἐστι
913 3912 1006 3965 κα)⁵
1038 3912 1101 3963 ὲκ
1127 3911 1219 3963 τοῦ
1253 3909 1449 3982 ἐχθροῦ
1474 3911 1716 3962 ἐπιτετα-

173 3997 290 4067 μὲνη
342 4001 609 4070 ἄσκησις·
655 4001 752 4056 καὶ
798 4003 908 4070 γὰρ
956 4003 1006 4054 οἱ
1052 3998 1218 4054 αὑτοῦ
1276 3997 1514 4070 μαθηταὶ
1561 3996 1718 4051 τοῦτο

168 4087 375 4143 ποιοῦσι.
408 4093 533 4156 Πῶς
565 4089 660 4146 οὖν
695 4093 1059 4164 διακρίνωμεν
1088 4091 1187 4162 τὴν
1211 4089 1362 4143 θείαν
1391 4089 1484 4142 καὶ
1513 4087 1718 4159 βασιλι-

169 4177 255 4247 χὴν
273 4181 515 4253 ἄσκησιν,
545 4185 647 4254 τῆς
671 4184 1001 4256 τυραννικῆς
1031 4185 1126 4236 καὶ
1171 4179 1582 4252 δαιμονιώδουςς
1620 4179 1718 4250 δῆ-

168 4266 242 4322 λον
260 4271 328 4336 ώς
347 4275 450 4327 ἀπὸ
474 4276 577 4347 τῆς
605 4277 947 4348 συμμετρίας
975 4274 1106 4346 (96).
1139 4275 1322 4336 Ἀπας
1349 4290 1430 4326 σοι
1461 4275 1491 4327 ὁ
1527 4272 1718 4343 χρόνος

168 4350 236 4420 εἷς
255 4361 423 4416 κανὼν
449 4364 707 4436 νηστείας
736 4365 1047 4436 ὑπαρχέτω.
1077 4363 1166 4435 Μὴ
1187 4363 1459 4434 τέσσαρας
1489 4361 1524 4434 ἦ
1556 4362 1716 4416 πέντε

167 4455 466 4529 πιστεύσῃς,
519 4457 616 4510 καὶ
648 4458 747 4528 τὴν
783 4456 948 4527 ἄλλην
981 4459 1040 4510 ὲν
1071 4455 1263 4527 πλήθει
1300 4457 1516 4527 τροφῶν
1548 4474 1717 4512 κατα-

1742 3138 1785 3195 C

1281 323 1886 384 APOPHTHEGMATA
1926 328 2234 387 PATRUM.

1749 4502 1794 4557 Ι)

3271 331 3377 385 iet.

1818 457 1888 497 ne
1917 442 2215 505 revoceris,
2262 441 2484 496 inimico
2515 441 2804 498 cohibente
2842 450 2913 497 te.
2951 441 3071 513 Ipse
3109 445 3376 513 siquidem

1816 534 2078 604 patientia
2107 541 2200 586 tua
2234 531 2571 591 destruetur.
2601 531 2825 589 Scilicet
2843 533 2935 603 qui
2971 534 3230 605 navigare
3261 550 3378 590 coe-

1817 625 2020 695 perint,
2049 625 2206 679 initio
2226 624 2442 694 quidem
2468 626 2711 680 secundo
2735 624 2984 680 feruntur
3010 637 3206 693 vento;
3242 627 3380 684 velis

1818 725 2001 772 autem
2035 718 2312 788 expansis,
2341 726 2529 787 postea
2558 719 2611 772 in
2640 718 2928 774 adversum
2949 730 3165 772 ventqu
3191 719 3381 774 incur-

1815 815 1980 875 runt;
2010 825 2200 864 verum
2221 820 2396 864 nautae
2421 819 2638 880 propter
2670 808 2996 864 incidentem
3021 808 3231 874 ﬂatum,
3267 826 3376 864 non

1817 901 2120 956 deonerant
2145 903 2325 956 navim
2352 921 2367 965 ;
2399 901 2494 957 sed
2527 902 2617 956 ubi
2651 901 2932 972 paululum
2962 902 3133 971 quieti
3159 917 3377 958 manse-

1817 1000 1966 1060 runt,
2008 994 2094 1047 vel
2135 994 2296 1048 etiam
2339 994 2650 1063 tempestati
2684 992 2940 1048 reluctati
2973 1001 3122 1055 sunt,
3158 995 3381 1064 naviga-

1817 1085 2018 1139 tionem
2063 1093 2486 1155 persequuntur.
2517 1084 2594 1137 lta
2635 1091 2688 1139 et
2714 1099 2839 1148 nos,
2881 1084 3158 1139 contrario
3184 1085 3380 1154 spiritu

1817 1179 2031 1249 illapso,
2061 1195 2282 1234 crucem
2314 1195 2414 1250 pro
2449 1179 2566 1234 velo
2597 1178 2906 1242 tendentes,
2943 1194 3136 1234 secure
3155 1195 3379 1235 cursum

1817 1271 2186 1342 perﬁciamus.

1886 1362 1977 1416 10.
2014 1363 2125 1434 (97)
2159 1363 2304 1418 Dixit
2330 1364 2528 1418 iterum
2562 1379 2576 1415 :
2609 1362 2710 1429 Qui
2744 1363 2849 1418 sub
2871 1377 3090 1418 sensum
3123 1361 3383 1416 cadentes

1815 1451 2036 1509 divitias
2067 1455 2133 1510 de
2175 1455 2458 1509 laboribus
2491 1463 2545 1508 et
2583 1457 2840 1525 periculis
2889 1455 3058 1509 maris
3090 1455 3380 1523 colligunt,

1815 1556 1940 1596 cum
1979 1545 2148 1598 multa
2184 1545 2382 1599 lucrati
2426 1544 2652 1606 fuerint.
2700 1546 2856 1614 plura
2895 1553 3155 1616 appetunt
3186 1562 3201 1598 :
3237 1550 3290 1597 et
3318 1559 3383 1598 ea

1815 1633 2037 1702 quidem
2069 1650 2190 1704 quae
2238 1634 2466 1700 habent,
2499 1642 2558 1688 ut
2602 1635 2833 1689 nihilum
2877 1643 3174 1704 reputant:
3213 1633 3280 1686 ad
3317 1647 3383 1688 ea

1815 1741 1946 1780 vero
1966 1742 2088 1796 quat
2110 1743 2218 1780 non
2249 1727 2450 1782 habent
2481 1727 2772 1782 intendunt
2802 1727 3064 1781 animum.
3088 1725 3199 1781 Nos
3227 1739 3381 1786 vero,

1813 1817 1882 1872 iis
1919 1833 2041 1887 qua:
2079 1818 2433 1888 requiruntur
2469 1817 2714 1873 destituti
2756 1819 2991 1888 penitus,
3025 1817 3159 1870 nihil
3193 1829 3382 1870 eorum

1813 1907 2066 1962 volumus
2099 1910 2383 1978 acquirere
2413 1921 2630 1980 pr0pter
2664 1911 2915 1964 timorem
2946 1908 3058 1963 Dei.

1887 1997 1974 2051 11.
1997 1997 2106 2068 (98)
2141 1997 2311 2052 Eﬂata
2333 2008 2416 2054 est
2437 2001 2648 2054 adhuc:
2679 1999 2893 2055 Imitare
2913 1999 3290 2064 Publicanum,
3313 2013 3386 2053 ne

1813 2100 1921 2140 una
1941 2100 2063 2149 cum
2086 2085 2358 2141 Pharist
2372 2087 2753 2142 condemneris
2769 2089 2836 2140 ".
2865 2088 2928 2141 Et
2950 2087 3112 2142 Mosis
3131 2100 3384 2141 mansue-

1814 2174 2053 2228 tudinem
2094 2175 2295 2247 delige,
2330 2186 2386 2230 ut
2423 2191 2518 2230 cor
2555 2183 2731 2240 tuum,
2780 2175 2924 2245 quod
2969 2191 3134 2245 rupes
3175 2184 3279 2241 est,
3327 2178 3382 2231 in

1814 2266 1993 2320 fontes
2022 2280 2284 2335 aquarum
2318 2275 2606 2322 convertas
2626 2267 2694 2320 ⁷⁸.

1886 2356 1972 2410 12.
2002 2363 2019 2426 ί
2024 2355 2113 2428 99)
2143 2355 2255 2411 Hoc
2281 2372 2496 2427 quoque
2516 2358 2773 2426 protulit:
2801 2356 3173 2413 Periculosum
3195 2366 3300 2423 est,
3323 2363 3383 2410 ut

1815 2447 1907 2518 qui
1922 2464 2017 2518 per
2030 2450 2259 2502 activam
2277 2448 2441 2502 vitam
2459 2463 2566 2504 non
2585 2456 2668 2502 est
2688 2451 2940 2510 eductus,
2956 2448 3168 2503 doceat.
3189 2448 3385 2514 Quem-

1818 2541 2112 2596 admodum
2154 2541 2298 2595 enim
2328 2541 2373 2596 si
2426 2541 2550 2610 quis
2584 2539 2802 2595 domum
2825 2540 3074 2594 habitans
3095 2540 3379 2600 caducam.

1815 2632 2056 2704 hospites
2081 2633 2377 2702 exceperit,
2409 2632 2626 2688 nocebit
2653 2647 2748 2701 per
2776 2631 2988 2686 aediﬁcii
3029 2631 3265 2692 ruinam,
3301 2631 3382 2684 sic

1813 2731 1869 2778 ct
1896 2723 2011 2787 isti,
2043 2738 2166 2777 eum
2208 2722 2358 2792 prius
2389 2739 2447 2778 se
2474 2738 2584 2777 non
2617 2722 2992 2788 instruxerint,
3038 2722 3198 2776 etiam
3226 2737 3384 2776 acce-

1815 2815 2006 2870 dentes
2033 2815 2098 2868 ad
2130 2831 2225 2871 eos
2254 2815 2626 2885 perdiderunt.
2662 2814 2942 2886 Siquidem
2971 2815 3151 2870 verbis
3186 2831 3384 2868 convo-

1815 2912 2010 2957 carunt
2049 2902 2115 2957 ad
2153 2903 2409 2970 salutem,
2447 2920 2660 2958 morum
2691 2913 2873 2960 autem
2907 2905 3252 2975 improbitate
3282 2921 3383 2974 pu—

1813 2994 1951 3066 giles
1973 2995 2146 3065 magis
2175 2994 2373 3065 injuria
2415 2994 2732 3050 alIecerunt.

1888 3088 1973 3142 15.
2011 3088 2089 3159 (Ι)
2120 3085 2248 3141 ltem
2289 3086 2477 3141 istud:
2510 3083 2714 3141 Bonum
2759 3093 2842 3142 est
2880 3101 3223 3157 nequaquam
3276 3088 3384 3140 ira-

1821 3180 1923 3234 sci.
1956 3180 2014 3235 Si
2047 3194 2176 3235 vero
2221 3178 2541 3250 contigerit,
2575 3195 2750 3249 neque
2785 3180 2880 3234 tibi
2910 3180 3142 3250 spatium
3172 3179 3275 3234 diei
3315 3181 3384 3233 ad

1819 3272 2069 3327 ali'cctum
2100 3275 2394 3337 concessit,
2438 3273 2530 3343 qui
2562 3273 2696 3327 dixit
2726 3294 2736 3328 :
2775 3271 2898 3326 Non
2950 3272 3154 3328 occidat
3200 3272 3280 3328 ευί
3309 3272 3378 3326 ⁷⁷.

1819 3359 1902 3415 Tu
1930 3377 2058 3430 ergo
2085 3372 2390 3434 exspectes.
2422 3361 2598 3418 donec
2621 3374 2784 3416 omne
2805 3368 3020 3431 tempus
3052 3369 3208 3416 tuum
3236 3362 3385 3417 occi-

1819 3452 1980 3507 derit.
2012 3453 2190 3519 Quare
2222 3452 2346 3508 odio
2376 3453 2544 3509 habes
2571 3453 2847 3508 hominem
2875 3453 2970 3523 qui
3003 3461 3056 3509 te
3088 3453 3385 3508 contrista.

1819 3545 1927 3599 vit?
1987 3545 2106 3599 Non
2152 3545 2240 3600 ille
2294 3545 2492 3614 injuria
2513 3545 2728 3611 aﬂ‘ecit;
2774 3545 2870 3601 sed
2921 3543 3192 3600 diabolus.
3246 3544 3386 3599 Odia

1819 3643 2150 3701 prosequere
2182 3631 2453 3695 morbum,
2487 3648 2593 3687 non
2626 3632 2816 3687 morbo
2850 3633 3211 3686 laborantem.

1893 3721 1980 3776 14.
2028 3721 2105 3793 (2)
2171 3722 2314 3777 Dixit
2373 3723 2602 3778 adhuc:
2671 3723 2792 3790 Quo
2863 3725 3036 3794 magis
3093 3724 3385 3794 proﬁciunt

1820 3812 2058 3873 athletze.
2097 3829 2161 3867 eo
2190 3813 2509 3870 fortioribus
2532 3815 2862 3870 adversariis
2885 3829 2980 3870 eos
3009 3817 3380 3871 committunt.

1893 3903 1980 3958 15.
2025 3905 2100 3976 (Ei)
2145 3905 2290 3959 Dixit
2322 3906 2518 3961 iterum
2549 3925 2562 3959 :
2593 3905 2677 3960 Ab
2701 3903 2924 3959 inimico
2945 3907 3105 3960 etiam
3138 3905 3386 3976 procedit

1822 3995 2026 4050 intenta
2051 3998 2394 4052 exercitatio.
2426 3996 2635 4052 Etenim
2672 3997 2846 4068 ipsius
2876 3998 3131 4067 discipuli
3167 3999 3270 4052 hoc
3302 3996 3386 4052 fa-

1819 4087 1991 4142 ciunt.
2031 4087 2152 4154 Quo
2178 4087 2338 4143 modo
2362 4103 2491 4159 ergo
2512 4089 2750 4144 divinam
2774 4089 3117 4161 regalemque
3149 4089 3384 4146 ascesim

1819 4177 2194 4234 discernemus
2224 4194 2254 4233 a
2285 4180 2569 4252 tyrannica
2595 4188 2651 4235 et
2676 4181 3016 4236 damonica?
3037 4181 3384 4236 Manifestum

1819 4278 1904 4324 est
1932 4269 2073 4340 quod
2104 4286 2170 4325 ex
2196 4271 2587 4325 mediocritate.
2618 4269 2791 4326 Omne
2820 4280 2974 4327 tuum
3011 4281 3244 4340 tempus,
3277 4283 3387 4326 una

1821 4361 1895 4416 sit
1919 4362 2112 4432 jejunii
2149 4363 2357 4432 regula.
2403 4360 2524 4416 Noli
2572 4370 2806 4432 quatuor
2844 4369 2937 4414 aut
2989 4362 3231 4431 quinque
3268 4360 3387 4414 dies

1823 4467 1932 4508 non
1966 4452 2319 4518 manducare,
2345 4451 2434 4508 die
2467 4469 2596 4509 vero
2625 4454 2873 4524 sequenti
2902 4453 2956 4508 in
2979 4453 3226 4508 ciborum
3254 4453 3388 4505 mul-

166 4540 341 4616 λύσῃςο
372 4548 654 4620 πανταχοῦ
680 4549 789 4620 γὰρ
813 4550 844 4620 ἡ
891 4549 1126 4619 ἀμετρία
1165 4545 1487 4616 φθοροποιὸς
1513 4548 1715 4619 τυγχά-

1831 4548 2053 4603 titudine
2115 4548 2329 4603 solvere
2381 4549 2669 4619 jejunium.
2723 4547 2933 4618 Ubique
3007 4545 3387 4602 immoderatio

165 4649 249 4692 νει.
273 4638 400 4703 Νέος
434 4638 513 4692 ὢν
542 4642 639 4693 καὶ
669 4641 826 4713 ὑγιὴς
870 4642 1163 4714 νήστευσον
1184 4659 1196 4671 ο
1229 4642 1347 4713 ἥξει
1379 4641 1490 4712 γὰρ
1521 4641 1583 4693 τὸ
1616 4641 1718 4711 γῆ-

165 4741 251 4794 ρας
290 4732 423 4800 μετὰ
471 4733 780 4796 ἀσθενείας.
819 4733 906 4796 Ὠς
951 4733 1082 4806 δύνῃ
1117 4729 1210 4787 οὖν
1243 4733 1568 4805 θησαύρισον
1597 4749 1720 4804 τρο-

165 4815 255 4883 φὰς
273 4860 288 4885 ,
312 4821 393 4876 ἵνα
420 4824 553 4878 ὅταν
589 4823 666 4896 μὴ
689 4822 818 4894 δύνῃ
846 4822 1014 4895 εὕρῃς
1036 4825 1370 4879 ἀνάπαυσιν.

223 5002 306 5060 ις’.
335 4994 468 5054 Eine
494 5002 662 5054 πάλιν
684 5017 699 5032 ο
737 5003 825 5055 Ἐν
852 5000 1100 5070 κοινοϐίῳ
1121 5001 1271 5064 ὄντες
1293 5043 1308 5068 ,
1341 5001 1438 5073 τὴν
1471 5000 1718 5072 ὑπακοὴν

1823 4637 2057 4693 exitiosa
2081 4647 2183 4693 est.
2223 4636 2358 4691 Dum
2390 4637 2609 4707 juvenis
2649 4653 2709 4694 es
2746 4646 2800 4694 et
2826 4653 3015 4701 sanus,
3047 4636 3255 4706 jejuna.
3283 4635 3387 4692 Ve-

1824 4729 1937 4783 niet
1963 4735 2216 4784 senectus
2240 4743 2363 4782 cum
2391 4729 2724 4786 infirmitate.
2757 4728 3008 4795 Quandiu
3039 4743 3170 4799 ergo
3203 4734 3380 4798 potes,

1822 4819 2132 4874 thesauriza
2169 4821 2235 4874 de
2265 4819 2426 4885 cibis,
2451 4829 2509 4874 ut
2541 4820 2758 4890 quando
2796 4835 2902 4875 non
2933 4819 3199 4890 potueris,
3232 4819 3384 4873 inve-

1825 4909 1944 4963 nias
1974 4910 2235 4979 requiem.

1893 5000 1978 5054 16.
2015 5001 2089 5071 (4)
2126 5000 2408 5056 Sententia
2447 5017 2664 5073 quoque
2698 5002 2872 5072 ipsius
2909 5001 3116 5058 exstitit
3142 5021 3158 5058 :
3186 5001 3246 5057 ln
3275 5015 3385 5058 caa-

217 5128 260 5159 “
289 5131 370 5187 Al.
406 5133 905 5204 ἀκολουθήσαντας.
973 5134 1020 5165 ⁷⁸
1054 5133 1185 5190 Luc.
1215 5150 1368 5199 xvm,
1404 5135 1470 5190 10
1507 5150 1665 5206 seqq.

1831 5132 1957 5188 ?sal.
1991 5117 2150 5200 οιιιιξ
2171 5133 2224 5189 8.
2300 5133 2345 5165 "
2377 5133 2577 5204 Ephes.
2609 5150 2683 5199 tv,
2712 5133 2801 5190 26.

218 5246 319 5313 (95)
356 5250 764 5323 Mt’yncatjtdr
792 5253 1083 5319 Τελὼνην.
1113 5252 1631 5323 l-locApophthegma
1658 5261 1712 5308 et

159 5326 304 5399 eaput
331 5319 486 5399 abest
523 5335 564 5399 ra
625 5319 742 5399 Vita
775 5324 1088 5399 Syncleticw
1107 5340 1131 5399 ί
1164 5319 1620 5399 quemadmodum
1656 5333 1710 5377 et

157 5399 261 5465 qua:
288 5389 610 5465 tribuuntur
634 5392 686 5465 ei
714 5389 1002 5465 sententia:
1029 5395 1080 5448 in
1101 5389 1337 5465 Sgholiis
1350 5395 1416 5448 ad
1446 5393 1708 5448 Joannem

156 5454 457 5522 Climacum,
488 5460 586 5523 76,
622 5459 830 5516 Gradus
847 5463 900 5517 42
920 5473 974 5518 et
1006 5465 1095 5526 62,
1128 5463 1338 5518 Gradus
1361 5465 1452 5518 26.

217 5527 320 5604 (96)
357 5529 564 5596 Δῆλον
592 5531 671 5595 ὡς
698 5533 815 5586 ἀπὸ
841 5535 949 5599 τῆς
970 5535 1353 5603 συμμετρίας.
1414 5533 1662 5604 Pelagius
1693 5551 1706 5586 :

155 5589 482 5725 ἔάηίίὲιέἔέ
523 5610 605 5652 est
637 5589 759 5672 quia
799 5589 1326 5662 triediocri'ttite.'lta'
1357 5589 1573 5676 quippev
1609 5603 1712 5674 legi

221 5681 281 5720 eo
355 5689 382 5722 e
483 5708 501 5722 .

171 5678 203 5718 lt
221 5681 281 5720 eo
317 5678 501 5722 debet.

213 5735 318 5808 (97)
361 5739 466 5793 Vit.
507 5740 667 5797 Patr.
696 5757 752 5805 ι,
785 5741 884 5808 70;
919 5759 994 5807 vr,
1026 5743 1118 5800 24.
1161 5744 1263 5800 Vit.
1288 5762 1342 5800 η.
1369 5745 1457 5799 '57.

457 5833 727 5893 ΡΑτιιοι.
761 5832 881 5895 Gn.
928 5834 1119 5896 LXV.

1888 5253 2001 5323 (98)
2048 5251 2158 5323 Vit.
2184 5251 2340 5309 Patr.
2375 5272 2464 5322 xv,
2497 5255 2588 5309 50.

1887 5321 2000 5393 (99)
2021 5321 2183 5394 _Vitaz
2204 5338 2324 5394 cap.
2344 5327 2442 5394 779.

1885 5391 1987 5463 (1)
2014 5391 2141 5445 Vitta
2170 5391 2290 5463 cap:
2325 5393 2410 5450 64.

1887 5462 1963 5534 (Ξ)
2012 5462 2344 5534 [ξίφειῖϐ.

1888 5532 1966 5604 (5)
2013 5532 2120 5604 Vit.
2145 5533 2295 5604 Patr.
2332 5551 2386 5599 x,
2416 5534 2519 5598 72;
2568 5534 2672 5590 Vit.
2707 5535 2829 5591 100.
3160 5603 3187 5604 η
3326 5595 3384 5604 A__

1891 5599 1968 5674 (4)
2013 5601 2125 5674 νίι.
2165 5603 2318 5659 Patr.
2361 5622 2471 5674 xxv,
2501 5607 2564 5673 9;
2609 5605 2714 5662 Vit.
2761 5623 2814 5664 c.
2845 5606 2963 5662 100.
3009 5603 3286 5660 Scholium
3318 5599 3390 5660 97

1820 5672 1888 5727 ad
1915 5672 2078 5730 Grad.
2102 5673 2136 5727 4
2167 5673 2324 5728 Clim.

2995 5833 3068 5895 ιο
