3828 6304
410 267 512 322 ιέἷ

1528 264 1866 324 APPENDIX
1905 264 1995 320 AD
2036 260 2452 319 PALLADIUM.

3544 249 3651 306 69.8

410 378 580 438 nobio
613 377 885 439 viventes.
940 376 1303 434 obedientiam
1349 380 1657 435 austeritati
1697 392 1981 451 praepona-

2112 374 2180 445 ἧς
2230 374 2517 444 ἀσκήσεως
2569 368 2768 442 μᾶλλον
2820 369 3199 443 προκρινωμεν
3240 383 3255 398 ο
3301 366 3337 437 ἠ
3393 364 3493 434 μὲν
3544 363 3655 435 γὰρ

411 486 570 535 mus;
625 470 738 524 haec
773 469 918 523 enim
970 467 1283 538 superbiam
1337 468 1516 538 docet,
1559 470 1651 524 illa
1697 469 1976 523 humilita-

411 569 544 616 tem.

484 649 574 704 i7.
612 648 688 719 (5)
726 647 939 703 Rursus
989 648 1057 703 ab
1092 662 1155 703 ea
1209 647 1417 704 dictum
1470 648 1608 703 fuit:
1645 646 1869 719 Oportet
1921 654 1983 702 ut

410 755 536 796 cum
580 739 911 795 discretione
942 739 1201 819 animam
1243 741 1643 819 gubernemus;
1695 750 1861 810 utque
1924 740 1982 794 in

410 832 664 887 coenobio
714 818 995 886 manentes
1064 841 1255 887 nostra
1304 846 1413 886 non
1486 818 1826 903 quaeramus;
1883 846 1983 886 nec

410 924 575 978 etiam
606 923 839 994 proprias
877 924 1180 980 serviamus
1211 926 1512 993 voluntati;
1550 927 1643 981 sed
1682 924 1731 980 ei
1769 926 1862 996 qui
1898 940 1985 980 se-

413 1014 651 1070 cundum
682 1014 841 1069 fidem
866 1023 1021 1086 pater
1053 1025 1137 1077 est
1167 1017 1630 1087 obtemperemus.

484 1107 572 1163 18.
602 1107 680 1179 (6)
708 1109 938 1178 insuper
958 1108 1136 1163 dixit:
1169 1107 1446 1180 Scriptum
1484 1118 1570 1166 est
1602 1127 1615 1163 :
1652 1108 1830 1163 Estote
1855 1124 1984 1178 pru-

414 1202 592 1257 dentes
617 1203 757 1256 sicut
785 1210 1069 1271 serpentes,
1099 1211 1149 1257 et
1181 1202 1445 1272 simplices
1476 1203 1610 1257 sicut
1650 1201 1983 1256 columba".

412 1295 551 1351 Illud
580 1294 823 1366 quidem,
861 1295 975 1351 fleri
1008 1296 1155 1351 sicut
1183 1303 1467 1367 serpentes
1488 1334 1504 1361 ,
1538 1295 1742 1351 dictum
1773 1304 1887 1359 est,
1928 1300 1987 1348 ut

412 1400 524 1440 non
574 1385 891 1456 ignoremus
943 1386 1180 1455 impetus
1231 1392 1487 1456 artesque
1522 1386 1748 1441 diaboli.
1798 1383 1988 1441 Simile

414 1476 559 1533 enim
588 1493 656 1534 ex
690 1477 853 1532 simili
880 1477 1149 1533 citissime
1172 1478 1531 1548 dignoscitur.
1561 1476 1840 1533 Columba
1859 1491 1989 1532 vero

414 1569 738 1640 simplicitas
773 1568 1010 1624 ostendit
1055 1568 1290 1623 actionis
1332 1568 1645 1639 puritatem.

876 1715 1213 1840 l’rincipium
1243 1768 1439 1823 littera:
1463 1766 1527 1822 Τ.

942 1879 1019 1934 De
1052 1878 1242 1934 abbate
1278 1878 1320 1932 Τ
1324 1879 1480 1933 ithoe.

492 1994 543 2048 Ι.
581 1994 656 2065 (7)
702 1992 1033 2051 Referebant
1069 1993 1136 2049 de
1182 1993 1377 2048 abbate
1418 1990 1634 2056 Titlioe,
1687 1990 1834 2061 quod
1882 1988 1989 2045 nisi

416 2085 531 2142 cito
558 2085 869 2141 demisisset
898 2101 1094 2141 manus
1134 2099 1287 2147 suas,
1317 2084 1532 2153 quoties
1566 2083 1742 2139 stabat
1771 2081 1837 2135 ad
1867 2096 1992 2135 ora-

418 2178 645 2241 tionem,
688 2191 909 2231 sursum
948 2185 1235 2247 raperetur
1259 2191 1413 2231 mens
1446 2174 1583 2245 ejus.
1610 2174 1670 2228 Si
1703 2189 1832 2243 ergo
1868 2189 1993 2229 eve-

419 2270 614 2336 nisset,
635 2277 693 2323 ut
727 2268 922 2323 fratres
944 2283 1067 2322 cum
1096 2283 1159 2323 eo
1187 2275 1561 2338 precarentur,
1582 2281 1728 2321 curas
1757 2261 1993 2320 habebat

420 2377 617 2419 manus
648 2361 939 2417 confestim
979 2360 1284 2425 demittere,
1328 2375 1398 2415 ne
1444 2359 1787 2429 abriperetur
1837 2372 1994 2413 mens

419 2454 560 2525 ejus.
592 2463 645 2511 et
677 2454 938 2508 tardaret.

489 2547 543 2601 2.
585 2544 659 2618 (8)
699 2543 845 2599 Dixit
865 2544 1040 2599 abbas
1073 2541 1298 2597 Tithoes
1324 2558 1339 2596 :
1368 2539 1744 2611 Peregrinatio
1776 2548 1884 2602 est,
1926 2536 1994 2592 ab

420 2633 643 2690 homine
680 2634 923 2690 coerceri
957 2650 1020 2690 os
1051 2649 1234 2691 suum.

404 2781 408 2786 .
498 2727 553 2782 5.
590 2727 665 2798 (9)
692 2724 884 2782 Frater
909 2723 1265 2798 interrogavit
1294 2723 1543 2779 abbatem
1564 2721 1809 2779 Tithoem
1839 2740 1852 2775 :
1877 2722 1997 2788 Quo

422 2816 586 2871 modo
617 2817 848 2873 servabo
885 2832 981 2872 cor
1027 2814 1242 2871 meum?
1293 2814 1599 2885 Respondit
1635 2829 1801 2870 senex
1832 2827 1847 2867 :
1878 2812 1996 2880 Qua

425 2909 638 2965 ratione
693 2909 1070 2964 custodiemus
1122 2921 1219 2961 cor
1266 2914 1540 2972 nostrum,
1575 2913 1760 2977 aperta
1810 2905 1996 2976 lingua

426 3012 638 3065 nostra,
674 3016 773 3056 nec
802 3015 910 3055 non
933 3000 1159 3055 ventre?
1273 3034 1300 3065 ,

2079 464 2378 538 ὑπεροψίαν
2404 462 2644 516 διδάσκει
2661 501 2676 527 ,
2698 463 2733 534 ἡ
2762 460 2818 515 δὲ
2842 456 3341 531 ταπεινοφροσύνην
3366 457 3433 507 τ’.

2150 644 2235 707 ιζ’.
2264 638 2401 696 Eine
2450 640 2611 695 πάλιν
2634 656 2647 669 ·
2674 639 2765 691 Δεῖ
2798 638 2946 707 ἡμᾶς
2993 638 3058 706 τῇ
3087 632 3353 705 διακρίσει
3386 630 3661 701 κυϐερνᾷν

2081 735 2180 807 τὴν
2225 734 2436 806 ψυχήνο
2472 733 2567 787 καὶ
2615 731 2673 783 ὲν
2711 726 2962 798 κοινοϐίῳ
3005 726 3198 790 ὄντας,
3245 723 3320 795 μὴ
3347 722 3416 775 τὰ
3447 719 3661 774 ἑαυτῶν

2084 827 2265 899 ζητεῖν
2284 868 2299 892 ,
2336 825 2475 896 μήτε
2508 823 2615 894 μὴν
2640 818 2816 890 οἰκείᾳ
2849 817 3119 872 δουλεύειν
3150 815 3380 889 γνώμῃ,
3414 810 3555 866 ἀλλὰ
3582 811 3662 882 τῷ

2085 918 2225 973 κατά
2251 917 2431 971 πίστιν
2464 913 2629 984 πατρὶ
2658 909 2990 981 πειθαρχεῖν.

2160 1098 2248 1164 ιη’.
2285 1086 2422 1143 Eine
2456 1088 2619 1143 πάλιν
2644 1104 2658 1118 ·
2690 1086 3026 1157 Γέγραπται,
3049 1085 3130 1139 ὅτι
3163 1081 3414 1136 Γίνεσθε
3450 1080 3659 1149 φρόνι-

2080 1199 2181 1254 μοι
2205 1183 2283 1248 ὡς
2317 1184 2370 1234 oi
2398 1181 2563 1250 ὄφεις
2613 1178 2711 1233 καί
2763 1176 3025 1245 ἀκέραιοι
3069 1175 3151 1241 ὡς
3201 1175 3261 1227 αἱ
3290 1173 3659 1240 περιστεραί.

2087 1273 2161 1327 Τὸ
2190 1274 2287 1344 μὲν
2320 1271 2430 1343 γὰρ
2455 1269 2700 1340 γίνεσθαι
2729 1269 2804 1332 ὡς
2851 1270 2900 1321 οἱ
2943 1267 3095 1335 ὄφεις
3141 1264 3356 1336 εἴρηται
3378 1302 3393 1325 ,
3436 1262 3574 1334 πρὸς
3598 1261 3664 1313 rb

2090 1366 2167 1438 μὴ
2191 1364 2469 1420 λανθάνειν
2500 1365 2642 1435 ἡμᾶς
2669 1361 2768 1425 τὰς
2795 1362 2971 1432 ὁρμὰς
3000 1360 3094 1412 καὶ
3127 1357 3225 1421 τὰς
3254 1354 3535 1429 μεθοδείας
3561 1351 3661 1407 τοῦ

2087 1457 2333 1512 διαϐόλου
2354 1474 2366 1487 ·
2389 1456 2451 1510 rb
2471 1454 2580 1527 γὰρ
2604 1455 2788 1525 ὅμοιον
2821 1455 2886 1505 ὲκ
2915 1451 3009 1504 τοῦ
3036 1449 3221 1521 ὁμοίου
3254 1446 3515 1518 ταχίστην
3548 1444 3666 1515 ἔχει

2088 1551 2186 1622 τὴν
2228 1544 2552 1617 διάγνωσιν·
2584 1546 2646 1599 rb
2677 1545 2733 1599 δὲ
2757 1544 3014 1615 ἀκέραιον
3050 1540 3151 1612 τῆς
3194 1539 3522 1611 περιστερᾶς
3555 1535 3666 1590 δεί-

2092 1657 2246 1695 κνυσι
2267 1640 2328 1692 rb
2359 1636 2597 1709 καθαρὸν
2627 1637 2726 1708 τῆς
2757 1635 3030 1707 πράξεως.

2545 1748 2713 1820 Ἀρχὴ
2738 1747 2832 1802 τοῦ
2858 1746 2902 1800 Τ
2927 1746 3213 1817 στοιχείου.

2474 1862 2615 1931 Περὶ
2651 1860 2760 1916 τοῦ
2796 1857 2947 1915 (16³6ιῖ
2994 1859 3164 1925 Τιθόη
3202 1857 3269 1909 ⁸⁸.

2162 1986 2230 2033 α’.
2260 1978 2485 2047 Ἔλεγον
2514 1977 2645 2048 περὶ
2673 1974 2765 2028 τοῦ
2796 1972 2940 2027 ἀϐὁᾶ
2964 1971 3149 2043 Τιθόη,
3176 1972 3257 2024 ὅτι
3282 1971 3331 2021 εί
3358 1968 3432 2039 μὴ
3455 1966 3673 2037 ταχέως

2090 2070 2357 2142 κατέφερε
2387 2069 2484 2134 τὰς
2526 2070 2715 2139 χεῖρας
2755 2063 2919 2119 αὐτοῦ
2957 2065 3046 2116 ὅτε
3081 2063 3268 2116 ἵστατο
3306 2064 3385 2124 είς
3431 2075 3670 2130 προσεψ-

2089 2162 2191 2235 χὴν
2217 2205 2231 2229 ,
2278 2161 2554 2233 ἡρπάζετο
2596 2156 2624 2212 6
2675 2158 2800 2221 νοῦς
2846 2155 3009 2211 αὐτοῦ
3046 2156 3175 2209 ἄνω.
3213 2156 3273 2207 Εἰ
3327 2148 3419 2206 οὖν
3464 2150 3670 2221 συνέϐη

2091 2254 2351 2324 ἀδελφοὺς
2377 2250 2732 2323 συνεύχεσθαι
2775 2248 2924 2319 αὐτῷ
2946 2289 2960 2313 ,
2997 2246 3293 2310 ἐσπούδαζε
3321 2244 3533 2315 ταχέως
3566 2260 3671 2296 κα-

2090 2345 2348 2416 ταφέρειν
2376 2342 2473 2407 τὰς
2520 2345 2739 2414 χεῖρας,
2771 2341 2857 2393 ἵνα
2894 2339 2967 2411 μὴ
3016 2339 3238 2409 ἁρπαγῇ
3281 2338 3309 2390 6
3342 2334 3465 2400 νοῦς
3500 2332 3670 2389 αὑτοῦ

2094 2439 2188 2490 καὶ
2214 2436 2458 2508 χρονίσῃ.

2168 2527 2232 2598 β’.
2284 2522 2451 2580 Εἶπεν
2495 2526 2524 2579 6
2560 2522 2732 2587 esse;
2761 2519 2977 2591 Τιθόης,
3008 2520 3088 2575 ὅτι
3118 2516 3362 2590 ξενητεία
3385 2517 3427 2549 ³¹
3452 2515 3571 2569 ἐστὶ
3610 2513 3673 2567 rb

2092 2618 2366 2690 ’κρατῆσαι
2398 2616 2681 2687 ἄνθρωπον
2708 2616 2768 2668 rb
2794 2612 2989 2668 ἑαυτοῦ
3010 2614 3203 2684 στόμα.

2165 2718 2235 2780 γ’.
2277 2709 2529 2779 ’Λδελερὸς
2570 2707 2820 2780 ἠρώτησε
2847 2706 2938 2760 rbv
2969 2705 3142 2761 ἀϐὁᾶν
3167 2704 3365 2775 Τιθόην
3393 2705 3409 2767 (
3418 2702 3504 2771 11)
3532 2746 3547 2766 ,
3587 2703 3674 2755 ὅτι

2096 2803 2220 2867 Πῶς
2245 2800 2463 2871 φυλάξω
2487 2798 2586 2871 τὴν
2614 2799 2840 2870 καρδίαν
2872 2815 2973 2867 μου
3002 2814 3016 2863 ;
3048 2797 3209 2865 Λέγει
3240 2795 3387 2866 αὐτῷ
3413 2796 3442 2848 6
3466 2794 3673 2865 γέρων

2098 2892 2222 2956 Πῶς
2252 2890 2559 2962 φυλάξομεν
2587 2890 2685 2959 τὴν
2727 2888 2953 2958 καρδίαν
2979 2887 3164 2958 ἡμῶν,
3194 2885 3545 2957 ἀνεῳγμένης
3570 2884 3675 2953 τῆς

2099 2983 2350 3055 γλώσσης
2387 2982 2543 3053 ἡμῶν
2572 2982 2666 3035 καὶ
2695 2980 2794 3050 τῆς
2824 2979 3028 3043 κοιλίας
3054 2995 3067 3044 ;

498 3091 552 3146 ι.
593 3058 776 3146 Abbas
808 3088 1011 3144 Matoes
1041 3088 1109 3143 de
1138 3058 1331 3143 abbate
1369 3086 1564 3143 Tithoe
1603 3087 1705 3142 hoc
1749 3086 1995 3143 testium-

2168 3075 2230 3130 δ’.
2268 3074 2493 3144 Ἔλεγεν
2525 3075 2554 3127 6
2594 3073 2765 3137 ἁὸϐἇς
2794 3073 3014 3144 Ματόης
3037 3074 3081 3104 ⁸¹
3105 3073 3233 3142 περὶ
3264 3070 3359 3125 τοῦ
3399 3070 3543 3124 ἀόΰᾶ
3580 3069 3679 3123 Τι-

426 3181 580 3235 nium
641 3180 814 3235 dixit:
856 3178 1027 3233 Nemo
1059 3185 1237 3249 potest
1265 3179 1509 3234 invenire
1559 3176 1700 3232 unde
1733 3193 1797 3233 os
1839 3194 1998 3233 suum

427 3270 539 3325 ulla
571 3270 625 3325 in
660 3285 720 3325 re
753 3269 960 3340 aperiat
988 3268 1250 3323 adversus
1283 3284 1446 3335 eum;
1492 3268 1583 3323 sed
1633 3267 1774 3324 sicut
1805 3282 1999 3322 auium

429 3377 626 3433 purum
662 3370 770 3417 stat
800 3363 857 3415 in
889 3360 1117 3427 trutina,
1151 3359 1226 3413 ita
1252 3367 1306 3415 et
1333 3360 1502 3417 abbas
1530 3358 1773 3415 Tithoes.

501 3534 555 3589 5.
592 3530 862 3591 Residens
925 3535 1220 3606 aliquando
1271 3536 1441 3591 abbas
1490 3535 1714 3593 Tithoes
1768 3538 1823 3591 in
1877 3536 2003 3612 Cly-

431 3630 623 3680 smate.
662 3624 842 3680 sciens
866 3639 931 3679 ac
953 3625 1195 3696 prudens
1219 3625 1294 3679 ait
1317 3625 1588 3696 discipulo
1609 3642 1709 3683 suo
1741 3645 1753 3680 :
1783 3626 2001 3683 Dimitte

430 3726 628 3783 aquam
664 3713 719 3766 in
746 3714 990 3783 palmas,
1026 3714 1122 3770 fili.
1158 3714 1252 3770 Ille
1296 3715 1432 3769 dixit
1465 3733 1480 3769 :
1531 3715 1734 3772 Sumus
1763 3718 1818 3771 in
1855 3716 2004 3789 Clys-

430 3813 597 3869 male,
627 3804 784 3859 abba.
809 3805 1031 3879 Excepit
1053 3822 1217 3862 senex
1242 3820 1259 3861 :
1289 3806 1345 3861 In
1377 3808 1650 3877 Clysmale
1673 3809 1804 3881 quid
1830 3809 2003 3867 facio?

432 3894 517 3950 lic
548 3896 744 3949 iterum
774 3895 879 3951 duc
910 3897 978 3950 ad
1012 3905 1269 3951 montem.

502 3988 554 4043 6.
601 3986 714 4059 (i0)
760 3985 995 4041 Sedente
1045 3986 1339 4057 aliquando
1382 3987 1577 4044 abbate
1622 3986 1838 4055 Tithoe,
1885 3999 2004 4046 erat

434 4076 603 4131 frater
650 4077 806 4146 juxta
853 4076 1059 4147 ipsum.
1118 4076 1276 4143 Quod
1312 4079 1588 4146 nesciens,
1622 4081 1779 4136 duxit
1822 4085 2004 4155 suspi-

432 4165 609 4228 rium;
666 4178 767 4218 nec
819 4165 1204 4221 animadvertit
1260 4182 1429 4238 prope
1476 4167 1668 4224 adesse
1731 4170 2000 4227 fratrem:

432 4263 550 4310 erat
577 4270 813 4325 namque
837 4255 889 4309 in
914 4257 1133 4311 ecstasi.
1166 4255 1354 4327 Itaque
1398 4257 1538 4311 facta
1562 4260 1895 4330 ptenitentize
1924 4262 2003 4316 in-

2102 3169 2232 3239 θύη,
2280 3170 2361 3223 ὅτι
2390 3169 2502 3237 Οὐχ
2531 3166 2771 3239 εὑρίσκει
2822 3165 3107 3238 ἄνθρωπος
3153 3164 3358 3229 ἀνοῖξαι
3388 3163 3448 3218 rb
3496 3162 3679 3233 στόμα.

2100 3261 2267 3315 αὐτοῦ
2302 3261 2357 3314 ἔν
2389 3278 2495 3314 τινι
2544 3260 2831 3331 πράγματι
2880 3259 2958 3321 είς
3008 3257 3200 3310 αὐτόν’
3236 3255 3349 3309 ἀλλ’
3379 3254 3568 3325 ὥσπερ
3617 3253 3680 3307 rb

2101 3352 2339 3425 καθαρὸν
2369 3353 2591 3425 χρυσίον
2619 3348 2832 3405 ἵσταται
2878 3350 2936 3402 ὲν
2966 3347 3144 3419 ζυγῷ,
3176 3347 3347 3411 οὕτως
3379 3348 3473 3401 καὶ⁵
3507 3347 3537 3398 6
3575 3346 3680 3399 ἀὸο

2103 3447 2202 3509 ὅᾶς
2228 3445 2441 3515 Τιθὸης.

2176 3536 2236 3592 ε’.
2268 3536 2594 3609 Καθήμενός
2636 3551 2764 3588 ποτε
2810 3534 2839 3586 ὁ
2889 3531 3062 3595 ἀεῦἄς
3094 3529 3288 3599 Τιθὸης
3318 3530 3396 3592 είς
3427 3526 3488 3581 rb
3527 3527 3678 3580 Κλύ-

2104 3649 2235 3702 σμα,
2267 3629 2400 3685 νοῶν
2428 3631 2519 3683 καὶ
2543 3627 2755 3700 φρονῶν
2782 3624 2926 3696 λέγει
2956 3623 3033 3696 τῷ
3059 3622 3271 3695 μαθητῇ
3300 3618 3460 3673 αύτοῦ
3482 3635 3495 3648 ·
3515 3615 3682 3671 ’Λπό-

2100 3722 2259 3776 λυσον
2290 3721 2352 3774 rb
2392 3718 2535 3791 ὕδωρ
2580 3718 2659 3782 εἰς
2691 3718 2815 3781 τοὺς
2858 3717 3142 3785 φοίνικας.
3175 3709 3382 3767 τέκνον.
3421 3710 3479 3766 '0
3513 3710 3567 3765 δὲ
3602 3708 3680 3765 εἷο

2105 3832 2205 3869 πεν
2230 3830 2243 3843 ’
2277 3814 2366 3875 Εἰς
2398 3811 2459 3864 rb
2490 3810 2727 3881 Κλύσμα
2762 3809 2930 3880 ἐσμὲν
2952 3848 2967 3872 ,
3012 3808 3172 3862 ἀδεᾶ.
3207 3805 3368 3872 Λέγει
3400 3807 3429 3858 6
3456 3804 3641 3876 γέρων
3665 3819 3678 3832 ⁸

2104 3905 2196 3970 Εἰς
2228 3905 2287 3958 rb
2315 3903 2547 3974 Κλύσμα
2568 3902 2619 3955 τί
2649 3900 2822 3966 noui);
2853 3895 2984 3966 ἆρόν
3021 3917 3089 3970 με
3124 3898 3281 3952 πάλιν
3311 3896 3391 3961 εἰς
3418 3896 3479 3949 rb
3508 3897 3657 3966 ὅρος.

2170 4002 2244 4061 ς’.
2281 3993 2605 4064 Καθημένου
2660 3990 2790 4044 ποτὲ
2824 3990 2916 4043 τοῦ
2947 3990 3091 4043 ἀδεᾶ
3134 3988 3295 4059 Τιθόη
3316 4030 3329 4048 ,
3356 3983 3424 4058 ἦν
3452 3986 3683 4057 ἀδελφὸς

2104 4089 2269 4159 ἐγγὺς
2298 4084 2462 4141 αὐτοῦ
2488 4103 2501 4116 ·
2534 4086 2631 4139 καὶ
2663 4087 2738 4157 μὴ
2771 4082 2926 4148 εἰδὼς
2959 4082 3239 4149 ἐστέναξε*
3270 4081 3364 4135 καὶ
3396 4081 3498 4134 οὐκ
3524 4082 3683 4149 ἐνόη-

2107 4196 2195 4232 σεν
2228 4179 2309 4247 ὅτι
2339 4172 2406 4248 ἦν
2433 4175 2658 4247 ἀδελφὸς
2691 4177 2859 4245 ἐγγὺς
2903 4173 3068 4228 αὑτοῦ
3094 4193 3107 4205 ·
3140 4169 3208 4244 ἦν
3253 4173 3361 4244 γάρ
3391 4174 3446 4225 ὲν
3480 4172 3680 4224 ἐκστά-

2107 4286 2209 4322 σει.
2238 4268 2348 4321 Καὶ
2376 4267 2608 4337 ποιήσας
2638 4266 2945 4337 μετάνοιαν,
2974 4263 3124 4332 ἔλεγε
3147 4282 3160 4295 ·
3186 4260 3546 4332 Συγχώρησὸν
3568 4278 3680 4331 μοι,

433 4345 749 4408 clinatione,
784 4343 920 4399 dixit
952 4363 967 4399 :
1004 4345 1228 4415 Ignosce
1262 4347 1417 4406 mihi.
1459 4347 1667 4413 frater;
1718 4351 1845 4420 quia
1872 4367 1995 4406 non-

2112 4359 2300 4429 ἁδελφὲ
2326 4398 2339 4421 ,
2369 4360 2450 4411 ὅτι
2483 4357 2634 4411 οὖπω
2661 4357 2860 4427 γέγονα
2893 4353 3124 4428 μοναχδς
3145 4394 3159 4419 ,
3185 4355 3266 4408 ὅτι
3298 4353 3560 4417 έστέναξα
3589 4352 3684 4423 ἐμ·

433 4435 563 4490 dum
596 4434 898 4491 monachus
933 4434 1111 4491 factus
1135 4450 1277 4503 sum,
1313 4437 1406 4507 qui
1442 4452 1626 4493 coram
1650 4449 1702 4494 te
1732 4441 2004 4511 ingemue-

432 4542 560 4583 nm.

504 4616 556 4671 7.
591 4616 781 4671 Frater
814 4623 1170 4687 percontatus
1196 4622 1281 4671 est
1306 4615 1374 4671 de
1400 4616 1596 4673 abbate
1617 4616 1833 4687 Tithoe,
1857 4636 2005 4692 qua:-

2110 4452 2342 4523 προσθέν
2371 4468 2482 4505 σου.

2184 4622 2249 4688 ζ’.
2297 4623 2547 4693 ’Λδελφὸς
2574 4621 2825 4694 ἠρώτησε
2858 4622 2949 4674 τὸν
2972 4619 3143 4674 ἁϐϐἆν
3166 4618 3362 4689 Τιθόην
3388 4618 3456 4685 ⁸³,
3487 4618 3681 4685 λέγων

500 4769 771 4848 ’χΜΞιιιῃ
801 4786 854 4832 x.
892 4770 978 4824 16.
1055 4772 1099 4808 ⁷⁸
1123 4770 1208 4824 Al.
1237 4770 1362 4827 add.
1400 4772 1811 4841 ἐπαγγέλλεται.
1886 4776 1934 4809 ⁸⁸
1966 4776 1995 4831 Δ

2112 4776 2221 4831 ιθόῖ
2248 4786 2303 4832 et
2330 4776 2534 4848 Τιθώη.
2577 4776 2621 4809 ⁸⁸
2643 4777 2732 4831 ΑΙ.
2765 4778 2933 4832 inser.
2970 4772 3152 4847 ἡμῶν.
3186 4773 3231 4805 ⁸³
3273 4771 3360 4827 Al.
3391 4773 3685 4843 Ματτώης,

429 4841 476 4874 ⁸³
509 4839 596 4894 Al.
625 4838 859 4911 Σισώην.

502 4995 582 5067 (5)
632 4993 740 5067 [ξι.
768 4993 923 5067 Patr.
959 5006 1075 5056 xiv,
1117 4993 1216 5067 ιρς
1397 4994 1521 5067 ibi.

506 5062 584 5134 (6)
636 5063 740 5134 Υξε.
773 5065 928 5134 f'atr.
956 5080 1032 5123 vt.
1060 5062 1178 5134 1,2
1204 5080 1219 5129 ;
1258 5063 1364 5134 _Vit.
1394 5065 1483 5134 28.
1677 5076 1690 5091 ⁸

505 5132 582 5205 (7)
637 5132 739 5205 Vit.
774 5133 936 5205 Patr.
959 5147 1056 5195 xu,
1086 5132 1143 5185 il
1173 5148 1189 5199 ;
1244 5132 1401 5189 Joan.
1438 5133 1626 5191 Geom.
1677 5132 1875 5187 Parad.
1906 5133 2008 5203 24;

433 5200 659 5260 Cli'mac.
688 5200 853 5255 Grad.
878 5202 967 5257 29.

507 5275 582 5344 (8)
634 5272 740 5344 Yit.
776 5273 929 5344 !_’atr.
959 5286 1032 5335 Iv,
1054 5271 1142 5344 64.

504 5341 580 5412 (9)
633 5342 736 5394 Vit.
770 5341 925 5412 Patr.
959 5355 1039 5412 _xt,
1082 5342 1174 5399 27.

506 5409 618 5484 (ιο)
661 5412 837 5480 Supra
862 5410 914 5464 in
941 5409 1103 5466 Joan.
1139 5412 1335 5469 Colobo
1375 5431 1431 5470 n.
1470 5414 1570 5480 εἰς
1612 5410 1716 5467 Vit.
1752 5413 1907 5470 Patr.
1944 5431 1997 5486 p.

438 5484 778 5540 100l.n.19.

507 5491 778 5541 Ul.n.19.

507 5556 620 5623 (ll)
658 5549 1244 5623 ’Adslsodgjiptbmo'e
1272 5556 1381 5609 τὸν
1420 5556 1611 5612 άϐὄᾶν
1649 5557 1876 5622 Τιθόην.
1932 5554 2009 5610 Εἰ

440 5618 667 5703 Patrum
708 5618 881 5703 filis:
927 5618 1121 5677 Frater
1138 5618 1484 5703 interrogavit
1552 5618 1812 5703 abbatem
1844 5624 2006 5685 Sisoi.

435 5697 612 5753 dicens
641 5711 659 5751 :
697 5692 946 5749 Desidere
965 5695 1231 5751 custodire
1252 5692 1546 5753 cor'nteum.
1578 5697 1713 5752 Dicit
1737 5701 1783 5752 ei
1810 5713 1966 5750 senex
1986 5712 2005 5750 :

2107 4991 2177 5067 Et
2214 5012 2315 5067 quo
2348 4996 2502 5051 modo
2540 5011 2819 5065 possumus
2862 4995 3129 5051 custodire
3186 5011 3276 5067 cor
3330 5006 3593 5062 nostrum,
3642 4999 3689 5050 si

2106 5065 2288 5138 lingua
2329 5079 2514 5123 nostra
2537 5067 2766 5138 januttm
2819 5076 3055 5138 apertam
3086 5065 3397 5138 ⁸δίέιείηιειήεῖ
3440 5067 3685 5133 Quorum

2106 5133 2296 5191 Grieca
2322 5147 2519 5193 nactus
2538 5133 2662 5192 sum
2688 5136 2741 5189 in
2761 5152 2864 5190 ms.
2883 5134 3053 5205 Regio
3078 5134 3203 5197 952.
3226 5143 3280 5189 et
3307 5137 3360 5189 in
3382 5139 3546 5190 codd.
3564 5138 3688 5191 Col-

2108 5204 2247 5279 bert.
2268 5207 2507 5279 duobus;
2539 5215 2668 5279 sunt
2700 5216 2880 5279 autem
2933 5204 3093 5279 hinc:
3140 5205 3394 5279 Ἀδελφὸς
3426 5207 3686 5279 γηρώτησε

2107 5275 2198 5328 τὸν
2220 5277 2407 5359 άϐὀᾶν
2455 5275 2699 5359 Σισὼην,
2738 5275 2948 5343 λέγων’
2980 5276 3130 5330 Θέλω
3171 5277 3269 5357 τῂν
3306 5275 3538 5361 καρδίαν
3564 5293 3687 5399 [res

2107 5360 2174 5399 τη
2186 5364 2367 5399 amat.
2396 5347 2490 5399 καὶ
2513 5347 2574 5399 ού
2596 5347 2845 5399 δύναμαι.
2889 5347 3051 5399 Λέγει
3083 5347 3230 5399 αύτω
3250 5348 3277 5398 6
3303 5362 3483 5399 γεοων
3507 5362 3522 5376 ο
3613 5364 3687 5399 ωε

2107 5347 2490 5419 τηρῆσαενκαὶ
2513 5347 2574 5400 ού
2596 5345 2845 5417 δύναμαι.
2885 5347 3057 5419 Λέγει
3083 5345 3230 5416 αύτῷ
3250 5348 3277 5398 6
3303 5345 3483 5419 γέρῳν
3507 5362 3540 5419 Ἀ
3564 5345 3688 5419 nia;

2108 5416 2207 5489 τὴν
2226 5416 2451 5488 mam
2473 5419 2832 5489 τηρήσωμεν.
2850 5416 3381 5489 «agnem-nev
3396 5416 3498 5489 sic
3520 5416 3688 5489 θύρας

2110 5486 2492 5558 ἀνεῳγμένης;
2525 5486 2723 5558 ΕιςειΙίσ
2769 5486 2959 5558 modo:
3013 5486 3262 5553 Ἀδελφὸς
3300 5486 3554 5558 ήρῲτησε
3580 5486 3688 5558 νγέτ

2106 5555 2306 5679 ρονὲαί
2328 5555 2529 5625 λέγων’
2579 5556 2730 5636 eat?
2771 5555 2871 5627 τὴν
2917 5556 3095 5627 ψυχήν
3130 5573 3231 5626 μου
3284 5557 3543 5642 τηρῆσαι.
3576 5556 3683 5635 καὶ

2139 5628 2254 5679 έγει
2302 5630 2330 5679 6
2368 5630 2579 5679 γέρων·
2640 5628 2765 5679 Πωε
2820 5626 2919 5679 τὴν
2958 5626 3131 5679 dwth
3183 5642 3514 5679 rnoremusv
3542 5665 3558 5679 .
3585 5641 3683 5679 της

2139 5628 2254 5696 έγει
2302 5630 2330 5681 ὁ
2368 5624 2610 5698 γέρων·Δ
2640 5624 2765 5698 Πῷς
2820 5624 3141 5698 “intimi
3183 5624 3514 5698 τηρήσὲυμεν
3542 5665 3558 5690 .
3585 5625 3684 5695 τῆς

2103 5693 2357 5769 γλώσσης
2380 5693 2543 5771 ’ἡμῶν
2561 5695 2659 5768 τὴν
2689 5694 2859 5768 θύραν
2877 5693 3496 5769 ἀνεῳγμένηνέχούσης
3528 5716 3541 5754 ;
