3828 6308
259 235 356 290 ᾸΞΊ
1375 235 1982 296 APOPIITHEGMATA
2025 239 2334 298 PATRUM.
3063 257 3074 274 ο
3389 244 3492 298 850

251 357 384 414 Ποία
419 353 568 410 ἐστὶν
615 355 646 422 ἡ
685 352 804 416 ὁδὸς
837 354 870 422 ἡ
905 352 1194 420 ἀπάγουσα
1227 355 1304 418 εἰς
1337 355 1434 426 τὴν
1469 357 1818 411 ταπείνωσιν]

1939 375 2061 412 nam
2107 360 2190 412 via
2243 359 2308 412 ad
2357 359 2714 414 humilitatem
2743 359 3056 416 adduceret.
3107 363 3182 418 Ac
3219 371 3497 436 respondit

249 449 406 516 Λέγει
437 445 688 516 ὀγέρων’
723 444 786 496 Ἦ
818 443 935 506 ὁδὸς
956 443 1054 514 τῆς
1081 443 1466 510 ταπεινώσεως
1493 447 1630 518 αὕτη
1659 451 1826 514 ἐστὶν,

247 537 538 608 ἐγκράτεια
557 575 572 598 ,
607 536 702 588 καὶ
729 535 862 606 εὐχὴ
887 577 900 596 ,
937 535 1032 588 καὶ
1069 535 1130 587 τὸ
1177 535 1322 608 ἔχειν
1349 539 1542 592 ἑαυτὸν
1571 542 1828 596 ὑποκάτω

247 627 430 698 πάσης
453 627 556 698 τῆς
574 628 844 698 κτήσεως.

625 740 766 808 Περὶ
789 741 899 794 τοῦ
925 739 1074 796 ὰεϐίῐ
1115 744 1408 812 Τιμοθέου.

329 851 642 924 Ἠρὼτησεν
690 854 719 906 ὁ
748 852 924 917 ἀϐὅᾶς
962 854 1226 920 Τιμόθεος
1265 859 1296 910 ό
1340 857 1708 931 πρεσϐύτερος
1733 860 1824 914 τὸν

244 945 415 1000 ἀϐεᾶν
441 944 704 1016 Ποιμένα,
735 945 912 1014 λέγων
937 963 950 976 ο
988 945 1142 1000 Ἔστι
1179 951 1314 1020 γυνή
1343 967 1426 1014 τις
1457 951 1515 1004 ὲν
1542 951 1822 1022 Αἰγύπτῳ.

243 1037 362 1106 ἣτις
395 1033 672 1104 πορνεύει,
703 1035 800 1089 καὶ
823 1035 914 1088 τὸν
946 1034 1135 1105 μισθὸν
1174 1037 1344 1108 αὐτῆς
1371 1037 1504 1092 διδεῖ
1527 1038 1824 1110 ἐλεημοσύ-

244 1145 354 1198 νην.
383 1127 496 1180 Καὶ
521 1122 674 1180 εἶπεν
695 1129 723 1180 ὁ
747 1125 920 1190 ἀδϐἄς
947 1128 1188 1199 Ποιμήνο
1222 1130 1296 1182 Οὐ
1335 1132 1487 1200 μενεῖ
1517 1132 1574 1184 ὲν
1597 1135 1662 1202 τῇ
1685 1150 1820 1204 πορ-

241 1219 358 1290 νείᾳ
381 1235 397 1247 ·
445 1219 694 1286 φαίνεται
726 1217 836 1289 γὰρ
864 1221 923 1271 ἐν
969 1221 1102 1292 αὐτῇ
1135 1221 1345 1292 καρπὸς
1375 1222 1630 1286 πίστεως.
1673 1225 1822 1294 Ἐγέ-

243 1329 358 1364 νετο
383 1311 442 1364 δὲ
471 1310 646 1364 ἐλθεῖν
671 1309 768 1380 τὴν
800 1311 1012 1382 μητέρα
1039 1311 1133 1365 τοῦ
1161 1313 1530 1386 πρεσϐυτέρου
1553 1318 1817 1388 Τιμοθέου

241 1403 373 1474 πρὸς
406 1402 590 1457 αὐτόν.
627 1403 736 1456 Καὶ
784 1402 1067 1475 ἠρώτησεν
1097 1405 1267 1476 αὐτὴν
1292 1445 1307 1468 ,
1347 1407 1552 1476 λέγων·
1605 1411 1816 1483 Ἐκείνη

240 1493 440 1566 ήγυνὴ
487 1494 670 1566 ἔμεινε
711 1494 1084 1567 πορνεύουσας
1129 1497 1196 1548 ἹΙ
1233 1497 1292 1550 δὲ
1334 1498 1518 1566 λέγει·
1558 1501 1694 1554 Ναίο
1727 1505 1820 1556 καὶ

239 1587 546 1658 προσέθηκε
578 1589 701 1650 τοὺς
745 1587 983 1659 ἐραστὰς
1035 1589 1203 1660 αὐτῆς
1227 1607 1242 1620 ·
1279 1591 1421 1662 πλὴν
1459 1593 1552 1646 καὶ
1599 1597 1678 1658 εἰς
1719 1597 1818 1668 τὴν

239 1678 626 1750 ἐλεημοσύνην,
660 1680 770 1733 Καὶ
816 1680 1134 1752 ἀνήγγειλεν
1167 1685 1194 1735 ό
1240 1681 1414 1747 assa;
1447 1685 1711 1756 Τιμόθεος
1737 1687 1817 1758 τῷ

237 1771 376 1843 ἁόϐᾷ
405 1774 660 1844 Ποιμένι.
701 1774 759 1826 '0
787 1774 844 1827 δὲ
869 1769 1024 1828 εἶπεν
1049 1789 1065 1805 ·
1095 1775 1170 1828 Οὐ
1196 1779 1346 1845 μενεῖ
1383 1779 1440 1830 ὲν
1475 1781 1539 1850 τῇ
1573 1781 1817 1852 πορνείᾳ.

250 1863 510 1917 Ἐλθοῦσα
533 1865 592 1918 δὲ
631 1864 793 1920 πάλιν
823 1867 857 1936 ή
891 1867 1074 1938 μήτηρ
1105 1866 1199 1920 τοῦ
1233 1867 1378 1922 ἀϐϐᾶ
1406 1870 1676 1941 Τιμοθέου
1695 1913 1710 1935 ,
1745 1869 1822 1926 εἷ-

236 1971 332 2008 πεν
363 1955 554 2027 αὐτῷ·
580 1953 742 2020 Οἶδας
769 1958 848 2011 ὅτι
890 1959 922 2029 ἡ
973 1959 1146 2030 πόρνη
1193 1961 1376 2032 ἐκείνη
1419 1963 1600 2034 ἐζήτει
1649 1963 1820 2019 ἐλθεῖν

239 2049 350 2117 μετ’
382 2048 523 2120 ἐμοῦ
547 2090 564 2114 ,
615 2050 701 2102 ἵνα
743 2049 874 2122 εὔξῃ
911 2052 1052 2122 ὑπὲρ
1081 2053 1255 2123 αὐτῆς
1275 2055 1322 2086 ⁸⁸
1350 2071 1366 2119 ;
1408 2055 1466 2108 Ὀ
1497 2057 1553 2108 δὲ
1585 2057 1821 2122 ἀκούσας

235 2141 522 2210 ἀνήγγειλε
549 2141 628 2212 τῷ
657 2141 801 2214 ἀὸϐᾀ
833 2143 1076 2212 Ποιμένι.
1103 2145 1270 2212 Λέγει
1297 2145 1474 2217 αὐτῷ’
1507 2149 1722 2203 Μᾶλλον
1755 2151 1818 2203 σὺ

233 2233 450 2297 ἄπελθε,
485 2235 582 2287 καὶ
605 2234 834 2305 σύντυχε
867 2236 1030 2306 αὐτῇ.
1068 2237 1179 2290 Καὶ
1207 2237 1449 2309 ἀπῆλθεν
1479 2241 1507 2292 ό
1535 2241 1708 2304 ἀϐὅᾶς
1730 2243 1822 2294 Τι-

237 2324 455 2396 μόθεος,
503 2327 598 2378 καὶ
651 2327 942 2398 συνέτυχεν
989 2328 1148 2400 αὐτῇ.
1193 2330 1255 2384 Ἠ
1303 2329 1360 2382 δὲ
1402 2330 1582 2384 ἰδοῦσα
1633 2333 1816 2394 αὑτὸν,

235 2415 323 2468 διαὶ
358 2415 646 2468 ἀκούσασα
679 2417 806 2488 παρ’
842 2415 1006 2470 αὐτοῦ
1034 2416 1128 2468 τὸν
1189 2415 1346 2484 λόγον
1371 2417 1464 2470 τοῦ
1501 2417 1657 2482 Θεοῦ,
1689 2436 1820 2472 κατ-

235 2507 394 2578 ενύγη
417 2547 432 2568 ,
468 2508 566 2561 καὶ
591 2507 846 2573 ἔκλαυσε,
891 2507 984 2560 καὶ
1011 2502 1162 2559 εἶπεν
1201 2507 1370 2577 αὐτῷ·
1411 2507 1551 2576 Ἐγὼ
1581 2509 1688 2562 ἀπὸ
1719 2507 1820 2578 τῆς

235 2599 470 2670 σήμερον
505 2599 930 2670 προσκολλῶμαι
1090 2599 1242 2669 Θεῷ,
1291 2601 1384 2652 καὶ
1417 2601 1480 2652 οὐ
1523 2599 1818 2670 προσθήσω

233 2689 308 2742 ἔτι
341 2689 434 2742 τοῦ
467 2689 777 2761 πορνεύειν.
811 2691 921 2743 Καὶ
947 2691 1151 2755 εὐθέως
1183 2689 1502 2744 εὶσελθοῦσα
1530 2691 1610 2752 εἰς
1654 2707 1818 2760 μονα-

233 2787 448 2860 στὴριον
480 2787 819 2858 εὐηρέστησε
849 2787 926 2857 τῷ
967 2786 1107 2856 Θεῷ.

681 2897 849 2970 Ἀρχὴ
879 2897 972 2952 τοῦ
1009 2899 1054 2952 Υ
1083 2901 1372 2968 στοιχείου.

581 3013 718 3082 Περὶ
753 3011 858 3066 τοῦ
883 3011 1034 3066 ἀϐϐιῖ
1074 3013 1449 3082 ’Υπερεχιόυ.

296 3133 362 3180 α’.
393 3123 568 3180 Εἶπεν
597 3126 624 3174 ὁ
651 3124 824 3188 ἀδόἄς
861 3125 1180 3196 ’Υπερέχιος
1206 3126 1337 3194 (12)
1379 3125 1592 3194 ’Ὥσπερ
1624 3125 1652 3178 ό
1677 3125 1813 3177 λέων

233 3213 458 3286 φοϐερός
495 3217 606 3267 ἐστι
639 3217 752 3276 τοῖς
776 3215 1047 3284 ὀνάτροις,
1083 3214 1254 3276 οὕτως
1279 3215 1306 3266 ὁ
1331 3213 1550 3284 δόκιμος
1587 3213 1816 3284 μοναχὸς

231 3305 513 3378 λογισμοῖς
541 3305 842 3376 ἐπιθυμίας
871 3307 939 3360 ⁸⁸.

293 3397 364 3468 β’.
411 3395 554 3452 Εἷπε
590 3397 783 3452 πάλιν·
830 3399 894 3452 Ἡ
939 3399 1160 3469 νηστεία
1203 3399 1416 3468 χαλινός
1448 3397 1675 3468 ἐστιτῷ
1719 3415 1816 3469 μο-

232 3493 374 3564 νακῷ
405 3491 552 3562 μετά
601 3492 700 3561 τῆς
735 3493 1029 3562 ἁμαρτίας.
1085 3493 1144 3544 '0
1191 3491 1398 3561 ῥίπτων
1431 3491 1620 3561 αὐτὴν,
1653 3491 1818 3554 ἵππος

235 3581 549 3653 θηλυμανὴς
577 3581 914 3654 εὑρίσκεται.

292 3683 360 3744 τ.
387 3671 528 3728 Εἶπε
565 3675 748 3730 πάλιν·
791 3675 850 3728 ’0
883 3675 956 3745 μὴ
984 3675 1200 3746 κρατῶν
1221 3675 1266 3706 ⁸⁸
1294 3674 1546 3744 γλώσσης
1574 3674 1737 3730 αὐτοῦ
1759 3677 1814 3726 ἐν

233 3769 404 3840 ιαιρῷ
433 3768 608 3839 ὀργῆς
631 3807 648 3832 ,
675 3767 798 3822 οὐδὲ
827 3767 1016 3822 παθῶν
1044 3767 1306 3838 κρατήσει
1333 3768 1360 3818 ό
1393 3766 1652 3830 τοιοῦτος.

313 3947 374 4000 δ’.
413 3943 554 4000 Εἴπερ
599 3945 794 4000 πάλιν·
843 3943 1024 3996 Καλὶν
1080 3946 1272 4013 φαγεῖν
1333 3943 1470 4016 κρέα
1524 3943 1617 3997 καὶ
1674 3945 1814 3997 πιεῖν

229 4029 404 4104 οἶνον,
467 4037 564 4092 καὶ
621 4033 700 4107 μὴ
755 4041 950 4106 φαγεῖν
1007 4039 1063 4089 ὲν
1111 4034 1467 4098 καταλαλιαῖς
1500 4037 1543 4065 ⁸⁷
1606 4033 1814 4106 σάρκας

232 4132 500 4202 ὣελφῶν.

289 4231 351 4278 ε’.
398 4220 540 4278 Εἷπε
573 4222 764 4276 πάλιν·
800 4221 1108 4292 Ψιθυρίσας
1159 4220 1187 4272 ὁ
1229 4221 1352 4289 ὄφις
1406 4223 1502 4290 τὴν
1531 4217 1674 4272 Εὕαν
1717 4217 1812 4269 τοῦ

233 4315 558 4386 παραδείσου
599 4313 840 4380 ἐξέϐαλε.
874 4313 1075 4366 Τούτου
1103 4308 1195 4365 οὖν
1241 4313 1424 4384 ὅμοιος
1474 4311 1624 4364 ἔσται
1649 4310 1692 4342 ⁸⁸
1723 4311 1814 4362 καὶ

1937 465 2143 504 senex:
2193 449 2316 504 llaec
2362 463 2443 506 est
2481 453 2564 505 via
2603 452 2963 519 humilitatis;
3031 456 3390 522 abstinentia.
3441 468 3499 518 et

1933 543 2134 606 oratio,
2177 554 2228 596 et
2262 557 2486 597 censere
2521 558 2580 598 se
2615 543 2756 596 infra
2795 559 3008 599 omnem
3041 559 3366 606 creaturam.

2431 739 2509 816 De
2541 741 2727 794 abbate
2756 739 3042 796 Timotheo.

1999 855 2358 926 Interrogawt
2408 856 2658 911 abbatem
2717 855 3026 912 Pmmenem
3086 859 3255 914 abbas
3313 861 3499 916 Timo-

1931 947 2090 1001 theus
2138 947 2440 1018 presbyter,
2489 948 2726 1004 dicens:
2783 948 2878 1004 Est
2907 952 3104 1004 mulier
3143 953 3385 1022 quietiam
3441 957 3498 1009 in

1929 1035 2198 1107 Egypto,
2233 1052 2353 1105 qua:
2386 1045 2680 1100 scortatur,
2718 1039 3020 1094 mercedem
3075 1055 3203 1094 vero
3238 1056 3392 1095 suam
3441 1043 3498 1096 in

1929 1129 2328 1200 eleemosynam
2361 1131 2547 1184 tradit.
2577 1127 2878 1200 Respondit
2901 1132 3070 1188 abbas
3095 1132 3316 1190 Poemen
3342 1133 3496 1190 :Non

1928 1217 2298 1286 perseverabit
2350 1217 2406 1272 in
2443 1217 2838 1284 fornicatione;
2875 1223 3212 1290 conspicitur
3241 1224 3389 1278 enim
3439 1225 3496 1278 in

1927 1323 1988 1362 ea
2029 1307 2243 1364 fruetus
2269 1308 2418 1364 ﬁdei.
2459 1309 2700 1378 Contigit
2726 1323 2904 1364 autem
2933 1320 2994 1366 ut
3027 1322 3200 1368 mater
3224 1313 3496 1370 Timothei

1929 1402 2232 1473 presbyteri
2265 1403 2474 1458 veniret
2513 1404 2582 1456 ad
2619 1406 2792 1458 illum.
2825 1405 2890 1458 Et
2921 1406 3234 1462 sciscitatus
3263 1417 3346 1464 est
3373 1423 3492 1464 eam

1927 1493 2014 1548 his
2037 1493 2218 1550 verbis
2252 1510 2265 1547 :
2301 1493 2495 1550 Mulier
2525 1495 2642 1558 illa,
2689 1497 2960 1551 mansitne
2987 1497 3302 1554 fornicans?
3325 1500 3496 1556 Exce-

1927 1586 2006 1654 pit
2031 1585 2123 1638 illa
2157 1602 2171 1638 ε
2229 1583 2438 1654 Etiam;
2474 1588 2734 1656 auxitque
2782 1597 3055 1644 amatores
3093 1607 3262 1647 suos:
3309 1609 3494 1648 verum

1927 1677 1994 1729 ad
2025 1677 2424 1750 eleemosynam
2481 1697 2718 1750 semper.
2767 1680 2902 1736 Tum
2953 1686 3286 1738 renuntiavit
3325 1687 3496 1744 abbas

1924 1767 2244 1824 Timotheus
2283 1769 2466 1824 ab'bati
2495 1769 2764 1826 Poinieni.
2803 1773 2853 1827 Is
2900 1776 3158 1838 asseruit,
3213 1791 3322 1830 non
3371 1791 3494 1847 per-

1922 1874 2237 1914 mansuram
2269 1861 2322 1914 in
2353 1865 2708 1918 seortatione.
2761 1861 2960 1920 lterum
2999 1867 3267 1924 accedens
3320 1879 3497 1925 mater

1922 1948 2138 2006 abbatis
2169 1949 2462 2018 Timothei,
2505 1953 2644 2006 dixit
2675 1955 2750 2008 illi
2784 1974 2796 2009 :
2841 1954 3032 2012 Scisne
3057 1959 3204 2027 quod
3237 1962 3493 2015 meretrix

1923 2041 2014 2096 illa
2044 2043 2258 2096 volebat
2285 2059 2498 2098 meeum
2545 2046 2860 2114 proficisci,
2897 2058 2956 2102 ut
3001 2067 3195 2108 orares
3246 2067 3344 2122 pro
3396 2055 3497 2109 ea?

1923 2132 2016 2188 Ille
2044 2133 2304 2196 audiens,
2337 2135 2664 2206 significavit
2693 2139 2874 2192 abbati
2915 2139 3178 2196 Ρωιιιριιὶ.
3219 2142 3324 2208 Qui
3374 2145 3491 2199 ait:

1921 2223 2002 2278 Tu
2055 2227 2235 2295 potius
2265 2229 2388 2288 abi.
2424 2230 2654 2284 conveni
2710 2247 2850 2284 eam.
2897 2229 3142 2286 Perrexit
3193 2235 3363 2288 abbas
3397 2234 3494 2289 Ti-

1921 2319 2193 2382 motheus,
2233 2321 2514 2376 mulierem
2563 2323 2716 2376 adiit.
2741 2323 2872 2388 Qua:
2899 2327 3018 2378 viso
3061 2341 3128 2378 eo
3151 2364 3166 2388 ,
3195 2327 3495 2397 auditoque

1919 2423 2016 2475 per
2049 2409 2200 2462 illum
2231 2411 2396 2466 verbo
2425 2411 2540 2476 Dei,
2574 2423 2902 2483 compuncta
2930 2423 3014 2470 est
3049 2425 3106 2470 et
3135 2417 3302 2480 ﬂevit,
3327 2417 3494 2472 dixit—

1919 2515 2026 2569 que
2073 2502 2162 2553 ei:
2199 2499 2312 2570 Ego
2347 2515 2418 2556 an
2465 2502 2730 2558 hodierna
2785 2504 2874 2559 die
2915 2505 3026 2558 Deo
3063 2505 3334 2576 adliazreo,
3393 2525 3492 2564 nec

1919 2591 2154 2660 amplius
2187 2592 2490 2646 scortabor.
2525 2593 2700 2664 Atque
2749 2595 2896 2650 illico
2932 2596 3178 2666 ingressa
3207 2599 3262 2654 in
3305 2615 3491 2654 utona-

1919 2683 2168 2746 steriutn,
2207 2681 2315 2738 Deo
2349 2693 2628 2756 acceptam
2665 2687 2828 2738 vitam
2857 2686 3028 2740 duxit.

2379 2863 2716 2932 Principium
2749 2865 2941 2918 litterae
2973 2865 3036 2918 Υ.

2375 2979 2448 3033 De
2481 2977 2669 3032 abbate
2705 2977 3046 3048 Hyperecbia.

1990 3098 2041 3151 1.
2079 3097 2190 3168 (15)
2229 3093 2371 3149 Dixit
2414 3095 2583 3149 abbas
2617 3093 2989 3165 lIyperechius
3024 3110 3040 3148 :
3077 3095 3230 3150 Sicut
3260 3096 3344 3152 leo
3383 3095 3492 3150 for—

1917 3189 2192 3244 midabilis
2237 3196 2320 3242 est
2369 3187 2675 3254 onagris”,
2710 3187 2780 3240 ita
2815 3187 3016 3256 probus
3065 3189 3366 3243 monachus
3398 3204 3494 3242 eo-

1917 3281 2276 3352 gitationibus
2299 3279 2634 3350 cupiditatis.

1985 3369 2040 3421 2.
2079 3367 2188 3438 (14)
2210 3367 2353 3421 Dixit
2387 3369 2620 3422 iterum:
2653 3365 2946 3436 Jejunium.
2967 3367 3177 3423 frenum
3199 3379 3282 3423 est
3309 3387 3494 3423 mona-

1917 3461 2021 3517 cho
2051 3462 2316 3518 adversus
2341 3471 2642 3532 peccatum.
2679 3462 2782 3528 Qui
2817 3463 2948 3516 illud
2981 3463 3192 3534 abjicit,
3226 3479 3402 3535 equus
3436 3466 3492 3520 in

1917 3555 2150 3612 feminas
2179 3555 2364 3610 furens
2398 3570 2520 3610 esse
2549 3553 3056 3624 deprehenditur”.

1989 3649 2039 3702 5.
2080 3649 2192 3719 (l5)
2233 3647 2446 3703 Rursus
2479 3646 2653 3701 dixit:
2680 3645 2783 3713 Qui
2815 3649 3052 3718 linguam
3082 3664 3234 3703 suam
3271 3650 3326 3703 in
3355 3657 3492 3704 tem-

1917 3755 2050 3812 pore
2082 3741 2176 3796 ine
2210 3756 2317 3794 non
2350 3741 2706 3802 continuerit,
2740 3743 2784 3795 is
2835 3759 3008 3810 neque
3035 3743 3260 3798 allectus
3293 3745 3492 3800 retine-

1918 3837 2014 3888 ltit.

1987 3929 2037 3980 6.
2083 3927 2195 3998 (16)
2239 3927 2384 3980 Dixit
2422 3925 2638 3982 adlmc:
2682 3927 2888 3982 Bonum
2919 3939 3024 3994 est,
3060 3929 3344 3986 comedere
3369 3947 3488 3984 car-

1913 4037 2041 4074 nem
2071 4030 2123 4075 et
2151 4022 2334 4074 bibere
2359 4021 2565 4082 vinum,
2597 4037 2696 4076 nec
2733 4022 3060 4075 manducare
3089 4037 3183 4091 per
3233 4022 3484 4094 obloquia

1917 4128 2112 4166 carnes
2144 4113 2395 4166 fratrum.

1986 4203 2036 4256 5.
2080 4203 2187 4275 (l7)
2219 4203 2302 4260 Ab
2327 4219 2392 4258 eo
2419 4205 2582 4259 etiam
2612 4204 2816 4258 dictum
2847 4203 2948 4258 fuit
2981 4222 2993 4255 :
3021 4203 3126 4260 Per
3155 4207 3490 4262 susurratio-

1917 4312 2040 4350 nem
2071 4311 2296 4366 serpens
2331 4295 2495 4349 Evam
2521 4311 2550 4350 e
2587 4297 2842 4367 paradiso
2879 4299 3105 4368 expulit.
3151 4298 3228 4351 Illi
3256 4313 3384 4370 ergo
3413 4301 3490 4354 si-

229 4407 254 4458 ?-
275 4405 598 4460 καταλαλῶν
626 4404 720 4458 τοῦ
747 4405 974 4474 πλησίον
996 4423 1008 4434 ·
1032 4403 1130 4474 τὴν
1153 4405 1259 4476 γὰρ
1286 4403 1461 4475 ψυχὴν
1483 4403 1574 4456 τοῦ
1597 4402 1814 4456 ἀκούον-

1939 4390 2064 4442 nilis
2095 4391 2198 4442 erit
2237 4389 2328 4460 qui
2365 4388 2432 4444 de
2463 4390 2711 4460 proximo
2735 4390 3003 4444 detrahet.
3027 4389 3160 4443 Nam
3185 4401 3238 4444 et
3269 4391 3487 4446 audien-

229 4513 315 4560 τος
343 4495 626 4556 ἀπολλύει,
659 4496 754 4548 καὶ
787 4493 884 4566 τὴν
919 4495 1114 4548 ἑαυτοῦ
1155 4497 1216 4548 οὐ
1253 4494 1523 4560 διασώζει.

299 4595 372 4652 ς’.
410 4583 549 4641 Εἷπε
579 4587 774 4640 πάλιν·
813 4587 1098 4658 Θησαυρός
1140 4589 1257 4640 ἐστι
1307 4585 1539 4657 μοναχοῦ
1585 4587 1618 4656 ἡ
1657 4587 1812 4638 ἐκού-

231 4695 340 4744 σιος
367 4679 748 4751 ἁκτημοσύνη.
784 4679 1158 4751 θησαύρισον,
1191 4679 1386 4749 saetas
1411 4719 1426 4742 ,
1464 4681 1521 4732 ἐν
1555 4679 1767 4748 οὐρανῷ
1798 4697 1810 4708 ·

233 4769 528 4842 ἀπέραντοι
553 4769 664 4840 γὰρ
691 4769 792 4839 τῆς
824 4769 1184 4832 ἀναπαύσεως
1209 4770 1258 4821 οἱ
1289 4767 1502 4830 αἰῶνες.

295 4947 358 5010 ζ’.
390 4945 526 4998 Εἶπε
563 4947 724 4998 πάλιν
745 4963 759 4977 ·
801 4948 866 4999 Ἠ
903 4946 1198 5017 ὲνθύμησίς
1231 4963 1322 5000 σου
1351 4947 1644 5010 διαπαντὸς
1674 4945 1814 5000 ἔστω

301 5100 344 5132 ⁸⁸
370 5103 456 5156 Al.
493 5103 620 5156 add.
659 5103 751 5154 καὶ
777 5103 838 5154 οὐ
869 5102 1266 5172 κατεδεξάμην.

233 5173 394 5226 ἐστιν.
473 5173 518 5204 ⁸³
543 5173 710 5227 Eeeli.
739 5189 856 5238 xm,
880 5175 969 5227 ‘25.
1045 5173 1090 5204 ⁹⁰
1127 5171 1237 5228 Jer.
1267 5189 1321 5238 ν,
1349 5173 1404 5229 8.

303 5325 414 5400 (1-2)
465 5325 823 5400 Ὑπερέχιος.
846 5325 1190 5400 μ11ςροτοε1ιὶἰ
1245 5327 1409 5398 hujus
1448 5331 1686 5400 capitula
1721 5345 1817 5400 pa-

235 5397 486 5448 raenetica
522 5407 764 5450 ascetica
805 5397 908 5451 159
953 5398 1251 5466 publicavit
1309 5397 1398 5454 Fr.
1435 5397 1816 5465 Coinbelisius,

239 5467 314 5540 vir
365 5467 822 5530 eruditissimus,
850 5471 1108 5522 Auctario
1159 5471 1374 5524 ultimo.
1415 5470 1472 5524 1n
1504 5473 1571 5526 iis
1610 5473 1820 5540 Apoph-

237 5537 500 5603 tltegmata
539 5540 644 5591 ista
696 5555 794 5594 seu
829 5540 1116 5595 sententiae
1147 5543 1534 5606 continentur,
1575 5537 1820 5599 numeris

239 5617 370 5674 quos
407 5605 547 5658 infra
577 5617 850 5664 notamus.

307 5675 418 5745 (l3)
469 5675 572 5732 Vit.
611 5677 766 5734 Patr.
799 5697 872 5738 iv.
910 5681 982 5737 45
1005 5697 1020 5746 ;
1045 5679 1333 5751 Hyperech.
1365 5699 1422 5738 ιι.
1458 5683 1545 5739 66.

1361 5103 1406 5174 ξ’
1437 5103 1521 5158 Al.
1541 5101 1892 5174 ἡδυπαθείας.

1918 4491 1988 4536 tis
2024 4483 2257 4536 :mimam
2303 4481 2506 4552 perdit,
2545 4489 2598 4536 et
2625 4497 2778 4535 suam
2815 4497 2921 4534 non
2950 4493 3256 4536 conservat.

1989 4575 2042 4628 6.
2082 4573 2194 4644 (IS)
2237 4571 2352 4628 lloc
2383 4588 2602 4643 quoque
2624 4573 2828 4626 dictum
2863 4575 3086 4642 protulit
3121 4591 3136 4627 :
3175 4572 3492 4630 Tbesaurns

1919 4668 2171 4722 monachi
2205 4676 2289 4722 est
2319 4667 2622 4720 voluntaria
2653 4677 2960 4733 paupertas.
2994 4663 3332 4718 Thcsaurum
3359 4683 3490 4720 con-

1917 4777 2064 4832 gere,
2091 4760 2282 4818 frater.
2318 4761 2371 4813 in
2401 4758 2562 4812 caelo.
2600 4757 2714 4808 Illic
2757 4756 2902 4809 enim
2944 4756 3154 4808 infinita
3187 4757 3387 4826 quietis
3441 4769 3494 4812 el.

1919 4851 2274 4905 beatitudinis
2299 4849 2518 4904 saecula.

1993 4943 2046 4998 7.
2097 4943 2208 5014 (19)
2267 4941 2391 4995 llam
2445 4941 2652 5010 pariter
2707 4939 2883 5010 ipsius
2925 4941 3198 4994 sententia
3246 4941 3491 4996 exstitit:

1983 5100 2034 5132 ”
2053 5101 2138 5154 Al.
2174 5113 2346 5170 prmp.
2385 5099 2637 5170 μοναχὸς.
2740 5097 2786 5130 ⁸⁷
2825 5097 3258 5172 Α1.καταλαλιᾷ.
3335 5099 3381 5130 ⁸⁸
3405 5099 3489 5154 Al.

1989 5329 2102 5400 (tt)
2153 5329 2262 5384 γει.
2299 5311 2454 5400 Patr.
2482 5345 2556 5392 ιν,
2584 5329 2687 5400 te;
2719 5329 3006 5400 Hyperech.
3035 5347 3092 5384 η.
3135 5329 3224 5384 80.

1991 5399 2104 5472 (IS)
2151 5399 2260 5472 fit.
2300 5399 2460 5472 Patr.
2499 5415 2574 5464 Iv,
2605 5399 2706 5472 b9;
2733 5399 3024 5470 Hyperech.
3063 5418 3116 5454 ιι.
3142 5403 3230 5472 97.

1992 5468 2102 5542 (16)
2151 5469 2260 5542 Iit.
2293 5468 2446 5542 Ijatr.
2485 5486 2566 5534 ιιι,
2601 5469 2736 5542 151ς
2763 5468 3050 5541 Hyperech.
3083 5489 3136 5524 n.
3169 5468 3290 5542 144.

1989 5541 2102 5611 (17)
2151 5541 2256 5612 Yit.
2295 5541 2448 5612 fair.
2485 5557 2560 5608 tv,
2727 5543 3014 5612 Hyperech.
3047 5558 3100 5594 ιι.
3135 5541 3252 5593 155.

1994 5609 2108 5682 (18)
2153 5611 2264 5682 Ῐὶι.
2293 5609 2447 5682 Βαιν.
2472 5627 2550 5674 τι,
2585 5611 2684 5678 14;
2717 5609 3006 5682 Ilgpereclt.
3037 5629 3090 5664 ιι.
3119 5613 3222 5682 10,
3257 5611 3348 5666 42.

1994 5617 2086 5674 (18
2160 5617 2264 5664 Vit.
2293 5617 2447 5668 Patr.
2472 5627 2550 5674 VI,
2585 5617 2684 5678 M;
2717 5617 3006 5682 Ilypereclt.
3037 5629 3090 5664 ιι.
3119 5617 3222 5670 10.

1991 5617 2108 5752 (l9;
2151 5681 2259 5736 Vit.
2293 5679 2446 5738 Patr.
2481 5697 2558 5750 XI,
2589 5683 2694 5750 '55;
2729 5683 3018 5754 Hypereclt.
3059 5699 3116 5736 ιι.
3149 5681 3241 5738 24.
