3828 6324
371 237 468 290 451

1485 231 1824 288 APPENDIX
1864 232 1954 286 AD
1993 233 2414 293 ΡΑιιΑυιυιι.

3474 227 3582 283 ιὸἓ

369 356 588 410 Attenta
618 368 833 424 semper
876 354 945 409 sit
977 352 1234 424 cogitatio
1269 359 1362 406 tua
1392 350 1461 405 ad
1499 365 1724 421 regnum
1755 349 1924 404 ecclo-

2051 367 2080 404 ν
2108 354 2172 422 τῇ
2205 351 2447 422 βασιλείᾳ
2475 349 2580 404 τῶν
2625 348 2865 420 οὐρανῶν
2892 365 2904 378 ι
2938 347 3030 400 καὶ
3059 347 3117 398 ἐν
3144 344 3296 415 τάχει
3329 344 3585 416 κληρονο-

368 463 514 505 rum,
544 453 598 500 ct
630 447 774 500 brevi
810 445 943 500 illud
976 447 1030 500 in
1064 443 1435 500 hzereditatem
1468 443 1722 514 accipies.

438 546 489 593 8.
539 538 648 608 (ΞΟ)
694 540 832 592 Dixit
865 548 1117 608 praeterea
1159 557 1172 592 :
1205 537 1508 592 Pretiosum
1549 544 1925 592 ornamentum

368 631 646 692 monachi,
690 638 773 685 est
802 630 1124 684 obedientia.
1153 628 1252 696 Qui
1290 627 1526 700 possidet
1557 628 1726 692 illam,
1759 643 1787 680 a
1820 625 1928 680 Deo

369 723 714 784 exaudietur;
750 729 801 774 et
831 736 950 774 cum
984 720 1176 774 fiducia
1225 720 1499 774 Crucilix'o
1541 719 1756 773 astabit.
1791 714 1925 770 Nam

371 816 462 885 qui
488 815 633 869 cruci
663 813 849 866 aﬂisus
890 811 991 865 fuit
1028 811 1309 878 Dominus,
1344 810 1522 865 factus
1559 819 1641 864 est
1667 809 1928 865 obcdiens

372 920 544 976 usque
576 903 640 956 ad
670 911 898 956 mortem
930 902 998 953 ⁸⁸.

815 1012 1149 1082 Principium
1182 1011 1375 1065 littera}
1413 1011 1474 1062 Φ.

896 1125 970 1178 De
1007 1124 1193 1178 abbate
1221 1123 1420 1178 Pltoca.

441 1239 491 1293 1.
531 1240 608 1294 Ita
638 1239 822 1293 retulit
846 1239 1014 1293 abbas
1045 1238 1277 1300 Phocas,
1304 1239 1392 1292 ille
1420 1253 1450 1292 e
1487 1235 1738 1291 coenobio
1773 1236 1932 1290 abba-

373 1329 446 1385 tis
480 1327 743 1399 Theognii
794 1329 951 1398 primi
986 1327 1460 1400 Hierosolyinitre:
1509 1325 1802 1382 Residente
1847 1342 1932 1380 Ine

373 1421 428 1476 in
469 1419 636 1485 Sceti,
661 1421 880 1491 quidam
933 1421 1102 1475 abbas
1144 1420 1383 1475 Jacobus
1416 1420 1602 1488 junior
1649 1423 1848 1474 mansit
1878 1419 1930 1472 in

2031 443 2222 514 μήσεις
2259 442 2447 513 αὑτήν.

2099 539 2168 600 η’.
2195 527 2330 584 Εἷπε
2373 529 2565 584 πάλινο
2603 526 2896 597 Κειμήλιὸν
2931 525 3044 596 (21)
3074 525 3187 577 ἐστι
3216 522 3309 577 τοῦ
3351 523 3588 594 μοναχοῦ

2022 625 2059 693 ’ἡ
2109 623 2344 692 ὑπακοή.
2390 623 2448 674 '0
2505 619 2836 690 κεκτημένος
2884 617 3049 686 αὐτὴν
3110 615 3591 685 εἰσακουσθήσεται

2029 713 2131 766 ὑπὸ
2159 711 2252 765 τοῦ
2287 712 2453 778 Θεοῦ,
2477 712 2571 765 καὶ
2610 709 2746 781 μετὰ
2773 708 3078 781 παρρησίας
3113 706 3191 776 τῷ
3227 703 3590 775 σταυρωθέντι

2030 806 2436 876 παραστήσεται
2461 819 2474 832 ο
2504 805 2533 858 6
2576 801 2686 874 γὰρ
2730 800 3057 871 σταυρωθεὶς
3100 797 3300 870 Κύριος
3353 797 3593 866 ὑπήκοος

2027 895 2214 964 γέγονε
2247 896 2409 967 μέχρι
2435 893 2686 948 Θανάτου.

2459 1005 2625 1078 Ἀρχὴ
2648 1003 2740 1058 τοῦ
2770 1005 2812 1056 Φ
2847 1002 3131 1072 στοιχείου.

2429 1118 2565 1186 Περὶ
2614 1113 2720 1171 τοῦ
2773 1112 2927 1170 ἁϐϐᾶ
2978 1113 3171 1170 Φωκᾶ.

2101 1239 2170 1286 α’.
2210 1230 2434 1299 Ἔλεγεν
2465 1233 2494 1284 6
2522 1229 2693 1291 ἀϐϐᾶς
2723 1229 2915 1292 Φωκᾶς
2963 1229 2993 1280 6
3039 1225 3134 1279 τοῦ
3177 1223 3447 1278 κοινοὸίου
3499 1214 3594 1276 τοῦ

2030 1323 2174 1376 assa
2191 1323 2441 1390 Θεογνίου
2471 1320 2565 1374 τοῦ
2598 1319 2811 1392 πρώτου
2827 1321 2874 1352 "
2914 1317 3353 1390 Ἰεροσολυμίτου,
3377 1317 3458 1370 ὃτι
3480 1317 3597 1370 Κα-

2033 1411 2267 1483 θημένου
2300 1430 2400 1484 μου
2429 1412 2485 1464 ἐν
2514 1412 2711 1482 Σκήτει
2739 1449 2753 1474 ,
2793 1409 2982 1479 γέγονέ
3013 1427 3097 1472 τις
3123 1408 3292 1471 assa;
3339 1406 3599 1468 Ἰάκωὸες

373 1512 568 1578 Cellis,
601 1514 692 1583 qui
732 1513 964 1568 habebat
1009 1522 1214 1583 patrem
1255 1512 1503 1567 eumdem
1551 1512 1822 1567 carnalem
1859 1511 1934 1567 si»

2049 1504 2292 1576 ιεὼτερος
2332 1505 2390 1556 ἐν
2418 1505 2527 1565 τοῖς
2559 1501 2832 1566 Κελλίοις,
2865 1501 3001 1570 ἔχων
3029 1502 3122 1554 καὶ
3151 1500 3357 1568 πατέρα
3381 1497 3475 1550 τὸν
3500 1498 3600 1551 αὖ·

375 1605 485 1658 tnnl
513 1615 565 1659 et
591 1605 948 1674 spiritualcm.
983 1606 1150 1660 l’orro
1180 1606 1234 1659 in
1273 1605 1440 1660 Cellis
1465 1603 1585 1659 dum
1611 1612 1738 1658 sunt
1761 1604 1933 1658 cccle-

2049 1595 2122 1648 ιδν
2145 1595 2403 1666 σαρκικὸν
2437 1596 2552 1665 ἅμα
2582 1592 2674 1646 καὶ
2704 1591 3088 1663 πνευματικόνι
3118 1589 3271 1660 Ἔχει
3293 1590 3348 1643 δὲ
3367 1590 3435 1643 τὰ
3455 1587 3600 1641 Κελδ

375 1694 500 1759 site;
527 1709 633 1749 una
662 1695 1116 1760 orthodoxorum,
1149 1697 1240 1750 ubi
1271 1695 1705 1750 communicabat
1731 1695 1932 1760 ;altera

2049 1689 2121 1742 ιία
2169 1688 2459 1760 ἐκκλησίας
2495 1685 2624 1741 ὃύο⁹
2661 1687 2786 1756 μίαν
2835 1685 2940 1739 τῶν
2971 1683 3262 1756 ὀρθοδόξων
3284 1715 3302 1748 -,
3344 1681 3473 1735 ἔνθα
3505 1680 3603 1734 καὶ

380 1785 836 1855 aposcbistarum.
880 1785 1019 1851 Quia
1071 1801 1199 1854 ergo
1253 1787 1422 1841 abbas
1467 1785 1705 1842 Jacobus
1761 1786 1933 1857 gratia

2049 1779 2325 1843 ἐκοινώνει,
2355 1781 2448 1833 καὶ
2477 1780 2602 1851 μίαν
2625 1778 2733 1832 τῶν
2759 1777 3121 1848 ἀποσχιστῶν.
3154 1777 3305 1830 Ἐπεὶ
3329 1769 3423 1828 οὖν
3453 1769 3602 1842 εἶχεν

378 1875 701 1930 humilitatis
756 1876 1013 1946 pollebat,
1054 1876 1379 1947 diligebatur
1407 1877 1474 1931 ab
1517 1878 1791 1941 omnibus,
1819 1887 1931 1930 tum

377 1965 767 2021 ecclesiasticis
803 1983 897 2021 seu
927 1968 1233 2032 catholicis,
1264 1976 1378 2020 tum
1415 1968 1760 2038 aposchistis.
1788 1965 1935 2032 Quo-

377 2060 527 2113 circa
579 2059 874 2114 monebant
915 2075 1038 2114 eum
1084 2059 1370 2114 orthodoxi
1407 2079 1419 2113 :
1469 2058 1631 2123 Cave,
1673 2059 1811 2114 abba
1841 2057 1935 2113 Ja-

377 2150 532 2215 cobe,
563 2165 629 2204 ne
661 2158 712 2203 te
740 2148 1022 2218 deceptum
1052 2150 1376 2220 aposchistte
1407 2151 1679 2205 attrahant
1713 2152 1762 2204 in
1786 2165 1937 2204 com-

379 2242 692 2295 munionem
740 2257 916 2295 suam.
945 2240 1070 2295 Pari
1104 2240 1271 2296 modo
1303 2242 1630 2312 aposchistae
1673 2241 1890 2295 aiebant
1919 2257 1932 2292 :

382 2329 452 2386 Ut
475 2332 641 2397 scias,
675 2333 812 2388 abba
856 2330 1076 2398 Jacobe,
1118 2347 1242 2386 cum
1293 2332 1584 2403 diphysitis
1633 2331 1938 2386 communi-

381 2438 514 2482 cans
545 2423 723 2493 perdis
745 2423 982 2476 animam
1028 2431 1207 2488 tuam;
1258 2432 1385 2478 sunt
1422 2425 1568 2477 enim
1607 2420 1936 2485 Nestoriani,

384 2522 439 2568 et
471 2513 800 2568 calumniam
847 2513 1088 2570 inferunt
1123 2513 1358 2569 veritati.
1409 2511 1647 2568 Jacobus
1688 2529 1817 2568 vero
1847 2513 1940 2568 ab-

380 2606 500 2669 bas,
525 2613 712 2676 utpote
751 2606 982 2676 simplex
1025 2605 1130 2666 vir.
1165 2605 1234 2660 ad
1267 2605 1547 2675 angustias
1586 2620 1680 2675 per
1730 2619 1793 2660 ea
1821 2619 1942 2674 quae

388 2713 452 2752 ex
515 2707 744 2766 utraque
793 2705 946 2766 parte
995 2697 1413 2766 proferebantur
1463 2697 1732 2761 redactus,
1783 2705 1942 2765 atque

388 2788 676 2843 anxietatis
701 2788 913 2858 plenus,
943 2801 1006 2841 eo
1026 2786 1290 2841 deductus
1318 2795 1433 2851 est,
1472 2788 1546 2840 uti
1588 2785 1754 2841 Deum
1788 2787 1944 2841 obse-

386 2884 582 2933 craret.
619 2877 807 2947 Itaque
831 2878 1036 2931 abdidit
1069 2892 1127 2931 se
1156 2879 1210 2930 in
1239 2877 1431 2932 cellam
1463 2893 1582 2948 qua:
1629 2884 1781 2932 extra
1822 2877 1942 2932 lau-

387 2986 502 3026 ram
532 2971 586 3026 in
618 2971 736 3026 loco
779 2970 960 3041 quieto
983 2978 1132 3031 erat,
1162 2969 1394 3025 iuduens
1439 2971 1770 3040 sepulcrales
1815 2986 1942 3024 suas

2033 1875 2061 1926 6
2091 1872 2263 1935 άὸϐᾶς
2303 1870 2556 1934 Ἰάκωϐος
2589 1869 2688 1940 τὴν
2736 1869 2898 1941 χάριν
2929 1869 3029 1939 τῆς
3079 1864 3600 1936 ταπεινοφροσύνης,

2033 1967 2281 2035 ἠγαπᾶτο
2317 1963 2468 2035 παρὰ
2519 1963 2773 2024 πάντων,
2828 1963 2921 2015 καὶ
2955 1961 3063 2014 τῶν
3112 1956 3604 2031 ἐκκλησιαπικῶνι

2036 2058 2129 2110 καὶ
2153 2057 2260 2110 τῶν
2289 2057 2649 2126 ἀποσχιστῶν.
2684 2055 2910 2123 Ἔλεγον
2934 2049 3026 2108 οὖν
3060 2053 3205 2123 αὐτῷ
3231 2053 3280 2104 οἱ
3307 2047 3603 2122 ὀρθόδοξοι⁸

2038 2149 2208 2201 Βλέπε
2229 2187 2242 2209 ,
2273 2147 2416 2201 άϐὅᾶ
2456 2146 2673 2200 Ἰάκωϐε
2693 2187 2707 2210 ,
2745 2146 2818 2217 μὴ
2853 2144 3171 2215 ἀπατήσωσί
3208 2160 3265 2196 σε
3293 2144 3342 2195 οἱ
3373 2139 3606 2208 ἀποσχί-

2039 2256 2160 2292 σται
2194 2238 2326 2308 (2‘2),
2371 2239 2464 2293 mi
2510 2237 2776 2292 ἐλκύσωσί
2822 2253 2882 2290 σε
2935 2238 3015 2299 εἰς
3057 2235 3154 2306 τὴν
3183 2233 3467 2286 κοινωνίαν
3507 2231 3607 2284 αὓ-

2038 2332 2164 2386 τῶν.
2225 2333 2453 2402 Ὁμοίως
2484 2331 2540 2384 δὲ
2590 2331 2684 2384 καὶ
2734 2331 2783 2383 οἱ
2834 2327 3155 2398 ἀποσχίσται
3204 2327 3386 2394 ἔλεγον
3420 2322 3602 2393 αὐτῷ·

2041 2425 2156 2478 Ἵνα
2184 2418 2328 2487 οἶδας
2354 2465 2369 2488 ,
2404 2423 2547 2476 ὰϐὄᾶ
2580 2421 2801 2477 Ἰάκωῦε
2831 2463 2846 2488 ,
2887 2422 2968 2474 ὃτι
3001 2418 3137 2490 μετὰ
3163 2417 3270 2470 τῶν
3301 2414 3608 2484 Διφυσιτῶν

2039 2516 2312 2569 κοινωνῶν
2338 2554 2353 2579 ,
2403 2514 2652 2578 ἀπόλλεις
2679 2513 2724 2546 ’³
2762 2513 2861 2584 τὴν
2885 2511 3063 2582 ψυχήν
3096 2526 3185 2562 σου
3207 2525 3221 2540 ·
3253 2504 3608 2576 Νεστοριανοὶ

2039 2608 2148 2679 γάρ
2177 2609 2302 2670 εἰσι,
2334 2609 2429 2660 καὶ
2455 2605 2846 2675 συκοφαντοῦσι
2874 2604 2972 2674 τὴν
3001 2602 3275 2672 ἀλήθειαν.
3325 2598 3384 2651 Ὁ
3427 2598 3486 2651 δὲ
3513 2596 3611 2650 d6-

2041 2702 2141 2765 ϐάς
2176 2699 2424 2763 Ἰάκωϐος
2470 2699 2724 2769 ἀκέραιος
2756 2695 2860 2762 ὢν,
2909 2696 3004 2750 καὶ
3059 2693 3341 2756 στενωθεὶς
3393 2693 3460 2743 ἐκ
3499 2688 3632 2743 τῶν.

2044 2792 2348 2861 λεγομένων
2380 2790 2528 2861 αὑτῷ
2543 2790 2600 2854 ἐξ
2621 2789 2962 2860 ἀμφοτέρων,
2986 2787 3079 2841 καὶ
3103 2782 3418 2858 ἀπορηθεὶς,
3440 2777 3610 2852 ἦλθεν

2044 2887 2135 2938 ἐπὶ
2166 2885 2225 2935 τὸ
2277 2881 2652 2954 παρακαλέσαι
2706 2880 2798 2934 τὸν
2846 2880 2998 2933 Θεόν.
3033 2878 3142 2932 Καὶ
3173 2876 3238 2945 δὴ
3294 2874 3613 2942 ἀπέκρυψεν

2045 2975 2233 3029 ἑαυτὸν
2261 2976 2317 3027 ἐν
2367 2972 2561 3042 κελλίῳ
2589 2971 2692 3036 ἔξω
2719 2971 2816 3040 τῆς
2837 2969 3040 3040 λαύρας
3067 2965 3393 3037 ἡσυχάζοντι
3410 3002 3427 3024 .
3461 2962 3612 3015 ἐνδοι-

386 3070 600 3126 vestes,
632 3072 888 3132 tanquam
933 3061 1257 3117 moriturus.
1303 3059 1492 3115 Solent
1538 3061 1738 3131 quippe
1779 3059 1942 3131 Egy-

2049 3067 2279 3137 σάμενος
2323 3065 2390 3118 τὰ
2425 3064 2654 3133 ἐντάφια
2677 3063 2723 3094 "'
2755 3060 2951 3122 αὑτοῦ,
2997 3059 3071 3122 ὡς
3123 3057 3329 3126 μέλλων
3371 3053 3612 3123 ἀποθνή-

389 3158 487 3227 ptii
547 3155 757 3224 Patres,
817 3156 1102 3210 levilonem
1159 3154 1214 3209 in
1263 3170 1371 3224 quo
1405 3164 1648 3208 sanctum
1703 3154 1946 3208 habitum

388 3252 762 3314 sumpserunt,
820 3259 1029 3298 necnon
1075 3244 1342 3299 cucullam
1399 3243 1466 3298 ad
1510 3250 1738 3297 mortem
1777 3259 1949 3314 usque

390 3349 691 3396 reservare,
722 3342 775 3388 et
817 3349 939 3387 cum
983 3333 1092 3389 illis
1141 3334 1385 3403 sepeliri;
1426 3341 1702 3404 gestantes
1746 3334 1950 3388 solum-

391 3428 553 3483 modo
606 3427 692 3482 die
739 3427 1017 3482 Dominica
1067 3428 1133 3481 ad
1196 3438 1438 3482 sanctam
1488 3428 1948 3490 communionem,

392 3521 682 3590 statimque
721 3528 844 3590 post
871 3519 1277 3574 contrahentes.
1309 3517 1445 3573 Cum
1473 3533 1603 3589 ergo
1638 3520 1862 3573 abiissct
1895 3519 1946 3570 in

393 3614 538 3667 illam
573 3612 783 3676 cellam,
814 3609 982 3665 Deum
1019 3618 1273 3679 precatus
1311 3617 1476 3667 esset.
1516 3608 1726 3676 jejunio
1766 3608 1951 3663 confe-

394 3697 562 3751 cisset
592 3712 672 3760 se,
702 3696 757 3749 in
803 3696 976 3750 solum
1012 3695 1228 3758 cecidit,
1253 3696 1560 3764 mansitque
1585 3694 1797 3764 jaccns.
1827 3693 1952 3747 Aie-

390 3786 484 3842 bat
509 3802 669 3856 porro
697 3786 865 3839 multa
892 3801 950 3840 se
975 3801 1068 3854 per
1096 3786 1216 3840 illos
1245 3785 1360 3840 dies
1397 3801 1424 3838 a
1465 3785 1798 3839 daemonibus
1829 3799 1952 3854 pas-

393 3895 512 3933 sum
547 3876 1063 3946 fuisseppraasertim
1108 3876 1162 3929 in
1195 3884 1391 3930 mente.
1424 3874 1792 3944 Quadraginta
1821 3889 1950 3928 vero

392 3968 582 4022 diebus
615 3967 847 4037 peractis
869 4007 883 4032 ,
925 3966 1070 4020 videt
1118 3981 1341 4034 puerum
1373 3966 1462 4035 qui
1494 3966 1558 4020 ad
1594 3981 1652 4020 se
1686 3965 1953 4036 ingredie-

393 4059 554 4113 batur
585 4057 875 4111 admodum
907 4057 1080 4110 laetus.
1129 4057 1176 4111 ls
1206 4057 1281 4110 ait
1314 4075 1324 4108 ε
1366 4057 1517 4110 Abba
1563 4055 1784 4120 Jacobe,
1820 4057 1949 4126 quid

395 4150 486 4204 hic
518 4149 675 4219 agis?
718 4147 781 4200 Et
808 4146 1095 4201 confestim
1134 4147 1437 4202 illustratus
1458 4187 1472 4210 ,
1519 4149 1858 4218 sumptisque
1886 4165 1951 4203 ex

393 4240 515 4309 ejus
561 4247 778 4308 aspectu
808 4239 1046 4304 viribus,
1077 4239 1255 4294 dixit:
1294 4239 1537 4303 Domine,
1574 4251 1628 4294 tu
1671 4242 1781 4296 scis
1819 4241 1951 4311 quid

394 4329 645 4385 habeam.
674 4327 753 4380 llli
808 4327 888 4382 sic
929 4328 1222 4397 loquuntur
1270 4330 1446 4384 mihi:
1493 4329 1570 4384 Ne
1598 4331 1952 4401 dereliqueris

392 4418 727 4483 Ecclesiam;
765 4419 852 4472 alii
881 4427 1057 4474 autem
1100 4425 1201 4474 hoc
1236 4420 1395 4474 modo
1427 4438 1440 4474 :
1476 4419 1756 4476 Seducunt
1787 4432 1838 4476 te
1870 4425 1953 4478 di-

394 4511 639 4582 physitze.
673 4509 822 4564 Unde
853 4525 952 4580 ego
989 4513 1289 4580 ambigens,
1318 4526 1418 4566 nec
1441 4512 1620 4568 sciens
1644 4515 1770 4583 quid
1795 4530 1954 4585 agere

392 4599 637 4665 debeam,
678 4602 799 4656 veni
842 4602 908 4656 ad
947 4602 998 4657 id
1024 4601 1168 4671 quod
1195 4604 1398 4658 cernis.
1437 4605 1746 4675 Respondet
1776 4609 1822 4662 ei
1850 4607 1952 4662 Do-

393 4692 612 4746 minus:
657 4690 761 4746 Ubi
808 4708 888 4758 es,
924 4693 1060 4748 bene
1092 4710 1170 4749 es.
1217 4694 1392 4764 Atque
1426 4696 1572 4750 illico
1611 4698 1772 4752 simul
1806 4713 1870 4753 ac
1897 4701 1948 4754 id

2052 3157 2453 3226 σκειν.”Εχουσι
2500 3154 2609 3226 γὰρ
2658 3153 2778 3216 ἔθος
2822 3153 2870 3205 οἱ
2901 3151 3182 3231 ᾼὶγύπτιοι
3212 3147 3489 3218 Πατέρες,
3524 3145 3614 3199 τὸν

2049 3251 2309 3304 λεϐίτωνα
2334 3249 2410 3312 εἰς
2436 3248 2494 3300 ὃν
2526 3245 2858 3317 λαμϐάνουσι
2893 3243 2954 3298 τὸ
2982 3242 3134 3309 ἅγιον
3174 3241 3357 3310 σχῆμα
3382 3279 3398 3304 ,
3431 3239 3529 3292 καὶ
3551 3237 3615 3290 τὸ

2049 3341 2358 3395 κουκούλιον
2382 3380 2397 3404 ,
2424 3339 2710 3409 φυλάττειν
2765 3338 2868 3399 ἕως
2899 3335 3126 3389 θανάτου
3153 3371 3166 3395 ,
3197 3333 3291 3384 καὶ
3330 3332 3388 3383 ὲν
3430 3331 3614 3392 αὐτοῖς

2049 3430 2504 3501 ἐνταφιάζεσθαι,
2536 3430 2676 3482 κατὰ
2703 3426 2984 3497 Κυριακὴν
3016 3430 3171 3495 μόνον
3206 3425 3284 3486 εἰς
3316 3423 3414 3490 τὴν
3449 3423 3614 3489 ἁγίαν

2051 3525 2332 3578 κοινωνίαν
2363 3522 2651 3593 φοροῦντες
2677 3520 2834 3582 αὐτὰ,
2866 3519 2957 3570 καὶ
2988 3517 3188 3580 εὐθέως
3215 3515 3610 3578 συστέλλοντες.

2062 3615 2335 3668 ’Λπελθὼν
2357 3609 2447 3667 οὖν
2481 3614 2539 3664 ἐν
2576 3610 2653 3681 τῷ
2685 3609 2876 3679 κελλίῳ
2903 3607 3122 3677 ἐκείνῳ,
3157 3605 3486 3677 παρακαλῶν
3523 3605 3616 3658 τὸν

2049 3706 2201 3772 Θεὸν,
2228 3705 2322 3758 καὶ
2350 3702 2678 3772 ὲξατονήσας
2704 3703 2767 3771 τῇ
2803 3697 3044 3769 νηστείᾳ,
3072 3698 3262 3750 ἔπεσεν
3294 3697 3372 3759 εἰς
3400 3696 3462 3747 τὸ
3491 3695 3614 3747 ἔδαι-

2053 3814 2148 3866 φος
2174 3837 2187 3858 ,
2216 3795 2310 3849 καὶ
2350 3794 2530 3864 ἔμεινε
2564 3793 2827 3862 κείμενος.
2861 3789 3038 3843 Πολλὰ
3078 3789 3133 3841 δὲ
3163 3789 3312 3857 ἔλεγε
3346 3786 3614 3840 πεπονθέ-

2051 3903 2138 3940 ναι.
2172 3889 2229 3938 ἐν
2257 3888 2373 3948 ταῖς
2397 3884 2628 3954 ἡμέραις
2658 3881 2889 3944 ἐκείναις
2919 3880 3021 3932 ὑπὸ
3046 3879 3152 3932 τῶν
3182 3879 3466 3949 δαιμόνων,
3513 3880 3616 3948 μά·-

2052 3976 2205 4028 λιστα
2241 3974 2381 4028 κατά
2416 3974 2670 4028 διάνοιαν.
2707 3971 3123 4042 Τεσσαράκοντα
3149 3969 3203 4022 δὲ
3232 3969 3451 4040 ἡμερῶν
3475 3967 3616 4020 διελ-

2055 4067 2282 4129 θουσῶν,
2311 4068 2413 4136 ὁρᾷ
2443 4063 2650 4116 παιδίον
2677 4062 2912 4115 εἰσελθὸν
2945 4061 3078 4133 πρὸς
3104 4061 3261 4114 αὑτὸν
3296 4061 3613 4130 περιχαρὲς,

2052 4160 2146 4212 καὶ
2177 4157 2323 4226 λέγει
2344 4155 2493 4227 αὐτῷ
2513 4172 2526 4185 ·
2563 4154 2729 4208 Ἀὁὸἄ
2762 4153 2980 4207 Ἰάκωϐε
3002 4193 3016 4213 .
3047 4153 3099 4204 τί
3127 4156 3294 4214 ποιεῖς
3325 4146 3462 4214 ὧδε;
3499 4153 3617 4204 Πα-

2057 4247 2312 4319 ραχρῆμα
2340 4245 2396 4298 δὲ
2436 4243 2723 4313 φωτισθεὶς
2748 4285 2760 4304 ,
2792 4243 2886 4293 καὶ
2939 4241 3115 4293 λαϐὼν
3145 4239 3370 4309 δύναμιν
3417 4241 3482 4291 ἐκ
3519 4240 3616 4309 τῆς

2055 4338 2217 4392 αὐτοῦ
2239 4337 2366 4399 θέας
2389 4377 2404 4400 ,
2434 4330 2584 4387 εἶπεν
2633 4332 2778 4403 αὐτῷ
2797 4349 2809 4362 ο
2844 4333 3086 4386 Δέσποτα
3109 4373 3123 4393 ,
3154 4333 3216 4385 σὺ
3246 4329 3532 4400 γινώσκεις
3561 4329 3617 4382 τί

2057 4430 2183 4501 ἔχω.
2215 4430 2440 4481 Ἐκεῖνοι
2472 4425 2687 4494 λέγουσί
2714 4441 2823 4494 μοι,
2853 4425 2943 4494 Μὴ
2967 4425 3108 4494 ἀφῇς
3135 4423 3230 4492 τὴν
3268 4421 3614 4491 Ἐκκλησίαν

2057 4518 2150 4573 καὶ
2171 4519 2218 4570 οί
2256 4517 2402 4570 ἄλλοι
2432 4515 2647 4584 λέγουσί
2681 4533 2791 4586 μοι,
2817 4514 3064 4567 Πλανῶσί
3089 4531 3146 4566 σε
3173 4516 3218 4566 oi
3252 4515 3613 4582 Διφυσῖται⁹³·

2057 4608 2211 4677 κάγὼ
2231 4607 2598 4680 ἀπορούμενος
2616 4648 2630 4672 ,
2660 4608 2754 4660 καὶ
2777 4607 2850 4677 μὴ
2875 4605 3030 4670 εἰδὼς
3057 4607 3108 4659 τί
3129 4606 3329 4673 δράσω,
3355 4601 3518 4677 ἦλθον
3539 4607 3618 4668 εἰς

2054 4701 2115 4754 τὸ
2161 4702 2389 4772 πρᾶγμα
2435 4700 2609 4754 τοῦτο.
2683 4698 3051 4769 ’Λποκρίνεται
3107 4696 3254 4768 αὐτῷ
3312 4699 3340 4750 6
3379 4696 3616 4768 Κύριος·

476 4843 514 4875 ’³
547 4847 775 4918 Philipp.
810 4865 846 4902 ιι
873 4889 887 4911 ,
935 4850 987 4904 8.
1066 4852 1110 4882 "
1141 4852 1310 4906 Abest
1336 4852 1553 4923 πρώτου
1592 4854 1662 4907 ab
1689 4855 1761 4908 al.
1841 4855 1888 4888 "
1922 4857 1943 4909 Α

2049 4857 2276 4919 ὶπολεῖς.
2353 4857 2400 4887 ’⁸
2438 4857 2525 4910 Al.
2565 4856 2776 4927 ίμάτια.
2851 4854 2899 4887 ⁸⁸
2928 4853 3012 4908 Al.
3073 4853 3361 4922 Διφυσίτα.

471 5004 582 5076 (‘20)
631 5003 735 5076 fit.
772 5007 922 5076 Patr.
955 5022 1062 5066 xw,
1092 5006 1186 5064 il:
1227 5005 1514 5076 Hyperech.
1551 5007 1640 5068 59,
1682 5008 1804 5062 159.

467 5072 578 5142 (“21)
618 5072 763 5128 Εἷπε
789 5075 1000 5129 πάλινο
1031 5072 1370 5144 Κειμήλιόν.
1410 5077 1600 5130 Addidi
1641 5079 1778 5131 hanc
1819 5093 1947 5132 sen-

397 5146 618 5266 tcnlt‘iam
645 5161 707 5199 ex
742 5146 929 5201 codice
975 5144 1305 5201 Colbertino.
1353 5145 1768 5202 Desiderabatur
1799 5149 1945 5202 enim

397 5229 451 5266 Ill
531 5229 668 5266 eam.

396 5229 451 5268 ιιι
481 5229 668 5282 negto.

468 5285 577 5352 (2‘2)
599 5285 1016 5354 73130011076“.
1055 5283 1189 5338 Cum
1223 5285 1544 5354 generaliter
1586 5301 1774 5341 omnes
1803 5287 1948 5341 schi-

397 5353 609 5407 smatici
663 5353 773 5407 sint
825 5355 987 5408 etiam
1033 5353 1382 5421 aposcliistze;
1432 5355 1574 5408 unde
1623 5356 1676 5408 in
1713 5357 1948 5410 concilio

397 5423 667 5491 Ephesino
690 5423 761 5475 ita
796 5423 1135 5490 appellantur
1153 5423 1374 5479 Joannis
1409 5425 1731 5478 Antioclieni
1773 5433 1950 5480 secta-

398 5503 574 5554 tores;
605 5493 856 5560 peculiari
893 5502 1070 5546 tamen
1128 5496 1334 5548 ratione
1397 5495 1640 5548 nonnulli
1689 5497 1792 5548 hoc
1850 5511 1950 5548 no-

401 5577 521 5614 men
573 5565 770 5617 lerunt.
817 5561 873 5615 V.
908 5562 971 5619 G.
1004 5564 1077 5616 illi
1138 5565 1396 5633 descripti
1445 5581 1472 5617 a
1508 5563 1714 5618 Joanne
1760 5564 1951 5616 Dama-

402 5645 566 5687 sceno
583 5633 777 5688 haeresi
801 5634 918 5701 105,
944 5649 1037 5692 seu
1067 5635 1288 5690 ultima:
1315 5643 1367 5690 et
1403 5636 1596 5690 famosi
1627 5635 1737 5698 isti,
1759 5634 1952 5693 sruodi

2047 5008 2508 5078 Chalcedonensis
2536 5009 2740 5069 hostes,
2760 5007 3076 5078 Eutychiani
3105 5020 3166 5060 ac
3188 5003 3614 5078 illonophysitte:

2045 5079 2114 5135 de
2143 5080 2342 5148 quibus
2377 5076 2696 5148 Theodorus
2737 5073 2928 5131 Lector
2951 5077 3043 5132 lib.
3079 5093 3146 5139 ιι,
3175 5093 3225 5144 p.
3258 5075 3403 5148 562;,
3438 5073 3621 5141 ibique

2087 5142 2535 5203 métantissimns
2599 5145 2889 5202 Valesius:
2949 5142 3317 5216 praetereaque
3376 5142 3618 5216 Joannes

2079 5217 2296 5273 iiczenus
2327 5218 2553 5286 epistola
2583 5216 2653 5271 De
2689 5216 2877 5270 Natali
2912 5211 3118 5270 Domini
3140 5255 3153 5273 ,
3195 5211 3432 5286 A‘nctart'i
3454 5211 3616 5286 Cern-

2050 5288 2298 5343 beilsiani
2329 5281 2382 5351 ἓ,
2415 5289 2519 5344 col.
2555 5289 2687 5349 505;
2718 5303 2928 5342 necnon
2953 5283 3511 5357 (Jyrillusinonachus
3543 5281 3620 5357 De

2050 5359 2158 5411 vita
2199 5357 2464 5423 Euthymii
2496 5374 2548 5411 ιι.
2573 5358 2696 5423 115,
2730 5358 2852 5416 114.
2882 5351 3166 5425 ίὲὖξίιριιᾱ
3200 5352 3516 5425 Bellandutn
3550 5351 3616 5425 ad

2050 5426 2272 5481 Januar.
2307 5422 2395 5481 ῆι).
2422 5428 2644 5493 Quoties
2670 5422 2812 5480 cutim
2839 5427 2906 5480 iis
2938 5428 2990 5478 in
3024 5422 3156 5478 locis
3178 5438 3276 5477 vox
3303 5422 3618 5476 schismati-

2052 5512 2242 5551 eorum
2273 5500 2493 5567 legitur,
2519 5497 2680 5551 toties
2712 5499 2766 5567 in
2806 5496 2994 5549 Gra‘co
3036 5494 3254 5549 codices
3296 5506 3460 5545 manu
3489 5505 3620 5544 exa-

2055 5570 2155 5622 rati
2189 5566 2385 5622 habent
2431 5566 2797 5637 Ἀποσχιστῶν
2820 5580 3036 5621 nomen.
