3828 6384
248 429 334 484 433

1326 429 1931 487 APOPHTHEGMATA
1969 432 2274 490 PATRUM.

3313 441 3415 496 454

244 540 389 594 Ὅπου
413 531 478 604 εί,
503 535 680 600 καλῶς
713 533 783 594 εἴ.
811 537 914 592 Kal
932 538 1134 602 εὐθέως
1160 541 1256 594 σὺν
1283 542 1360 613 τῷ
1381 543 1545 615 λόγῳ,
1565 544 1761 616 εὑρέθη

1871 545 2010 600 verbi
2047 544 2399 613 proferretur,
2425 543 2662 598 delatum
2711 561 2770 600 se
2807 545 3162 616 deprehendit
3189 559 3314 604 ante
3335 552 3417 606 fo-

243 629 330 701 πρδ
350 627 446 681 τῶν
470 627 646 699 θυρῶν
676 629 774 700 τῆς
800 630 957 700 ἁγίας
991 630 1311 704 Ἐκκλησίας
1331 633 1440 687 τῶν
1469 635 1762 706 ὀρθοδόξων

241 719 328 772 τῶν
354 717 629 770 συνοδικῶν
655 718 764 790 ('25)
777 759 792 772 .

298 809 354 880 β’.
379 805 504 861 Είπε
535 809 694 862 πάλιν
727 811 756 863 ὁ
793 810 966 874 assa;
1001 812 1224 878 Φωκᾶς,
1267 813 1346 868 ὅτι
1373 815 1656 870 Μετελθὼν
1685 819 1764 882 είς

241 901 408 970 Σκῆτιν
437 903 464 953 ὁ
488 901 658 965 ἀϐϐἇς
696 902 952 966 Ἰάκωϐος
970 944 986 970 ,
1019 903 1328 977 ἐπολεμήθη
1361 908 1636 977 κραταίως
1663 909 1766 962 ὑπὸ

237 992 314 1046 τοῦ
351 991 589 1062 δαίμονος
619 994 718 1064 τῆς
755 995 1008 1065 πορνείας
1031 1013 1044 1027 ο
1085 997 1180 1050 καί⁹
1209 997 1370 1066 ἐγγὺς
1416 997 1489 1052 ὣν
1521 997 1616 1051 τοῦ
1649 1017 1766 1053 κιν-

237 1083 476 1148 δυνεῦσαι,
497 1081 630 1156 ἦλθε
661 1087 794 1156 πρὸς
827 1087 924 1156 μὲ,
957 1088 1052 1141 καὶ
1073 1089 1290 1142 ἀνέθετο
1317 1090 1384 1142 τὰ
1410 1090 1529 1144 καθ’
1553 1092 1764 1154 ἑαυτὸν,

237 1177 316 1228 καὶ
339 1174 473 1242 λέγει
501 1191 621 1244 μοι·
661 1175 756 1240 Εἰς
782 1177 900 1230 τόδε
934 1178 994 1231 τὸ
1026 1178 1285 1248 σπήλαιον
1323 1179 1630 1250 ἀπέρχομαι
1662 1181 1768 1234 ἀπὸ

235 1267 319 1336 τῆς
341 1266 618 1338 δευτέρας’
653 1268 953 1340 παρακαλῶ
979 1269 1036 1322 δέ
1068 1286 1126 1322 σε
1157 1269 1242 1324 διὰ
1284 1269 1373 1324 τὸν
1409 1271 1608 1343 Κύριον
1627 1312 1640 1334 ,
1672 1289 1770 1344 μη-

235 1359 328 1413 δενὶ
363 1361 527 1414 εἰπεῖν
550 1400 566 1426 ,
623 1361 760 1431 μηδὲ
793 1360 873 1432 τῷ
929 1363 1094 1433 πατρί
1141 1379 1242 1432 μου
1265 1379 1277 1391 ·
1328 1362 1464 1418 ἀλλὰ
1501 1363 1768 1435 μέτρησον

235 1452 609 1523 τεσσαράκοντα
640 1455 854 1525 ἡμέρας
874 1492 888 1517 ,
916 1455 1009 1508 καὶ
1036 1456 1160 1508 ὅταν
1181 1455 1528 1526 πληρωθῶσι,
1547 1457 1768 1528 ποίησον

235 1544 444 1614 ἀγάπην,
480 1545 573 1598 καὶ
600 1545 758 1617 δεῦρο
787 1546 923 1617 πρὸς
955 1546 1021 1616 μὲ
1045 1545 1326 1616 βαστάζων
1347 1547 1444 1617 τὴν
1482 1548 1642 1617 ἁγίαν
1665 1565 1768 1600 κοι-

232 1636 420 1688 νωνίαν.
453 1636 562 1690 Kal
591 1637 641 1689 εί
677 1637 774 1706 μὲν
803 1636 970 1710 εὕρῃς
1006 1654 1074 1708 με
1109 1637 1356 1702 θανόντα,
1385 1639 1554 1710 Θάψον
1596 1657 1691 1711 με·
1719 1643 1768 1694 εί

232 1725 280 1777 δὲ
307 1725 376 1780 ἔτι
406 1725 612 1792 ζῶντα,
661 1728 749 1782 ἵνα
784 1729 1071 1799 μεταλάεω
1115 1730 1214 1800 τῆς
1257 1729 1417 1797 ἁγίας
1466 1733 1766 1796 κοινωνίας.

231 1817 392 1870 Ταῦτα
421 1813 514 1871 οὗν
565 1817 805 1882 ἀκούσας
837 1818 946 1888 ὲγὼ
996 1819 1123 1891 παρ’
1157 1819 1319 1873 αὐτοῦ
1345 1861 1360 1885 ,
1395 1820 1769 1894 πληρωθείσης

1867 651 1954 692 res
1985 643 2188 690 sancta:
2226 634 2482 692 Ecclesiae
2521 636 2951 692 orthodoxorum
2984 639 3174 708 synodi
3209 639 3420 699 Chalce-

1862 727 2108 780 donensis
2136 726 2503 782 defensorum.

1931 815 1987 870 2.
2029 816 2350 872 Memoravit
2400 819 2594 873 iterum
2628 819 2796 874 abbas
2833 817 3082 876 Pbocas:
3125 820 3418 880 Transiens

1865 906 2155 974 aliquando
2197 921 2293 976 per
2348 905 2548 962 Scetim
2597 907 2765 962 abbas
2810 907 3066 977 Jacobus,
3103 911 3282 968 valide
3321 913 3418 966 im-

1867 1006 2138 1068 pugnatus
2164 1007 2248 1052 est
2286 1013 2316 1050 a
2345 997 2588 1055 dientone
2621 999 3034 1070 fornicationis;
3073 1021 3304 1075 cumque
3329 1021 3422 1074 pe-

1867 1089 2040 1142 riculo
2075 1090 2260 1159 lapsus
2279 1091 2558 1159 proximus
2587 1099 2751 1156 esset,
2771 1093 2916 1146 venit
2939 1093 3004 1147 ad
3037 1109 3144 1157 me,
3171 1099 3422 1166 exposuit

1865 1179 1992 1250 quid
2023 1189 2314 1250 pateretur,
2342 1191 2395 1236 et
2426 1181 2500 1236 ait
2526 1201 2538 1235 :
2583 1181 2711 1238 Post
2755 1183 2978 1238 biduum
3019 1185 3332 1254 proficiscar
3355 1187 3422 1242 ad

1866 1269 2176 1340 speluncam
2216 1269 2394 1334 banc;
2441 1285 2571 1340 rogo
2620 1279 2671 1325 te
2723 1283 2944 1341 propter
2996 1273 3308 1342 Dominum,
3355 1292 3424 1331 ne

1866 1360 2118 1430 cuiquam
2155 1359 2506 1426 iudicaveris,
2541 1378 2718 1431 neque
2751 1364 2914 1417 etiam
2967 1367 3106 1434 patri
3135 1382 3294 1422 meo:
3331 1368 3426 1423 sed

1865 1465 2090 1506 recense
2145 1451 2504 1523 quadraginta
2558 1453 2715 1522 dies;
2756 1462 2878 1524 post
2917 1471 3054 1525 quos
3100 1459 3423 1528 completos.

1867 1541 1950 1596 fac
1973 1541 2314 1608 cbaritatem,
2349 1543 2472 1598 veni
2501 1543 2568 1596 ad
2596 1559 2700 1608 me,
2727 1555 2952 1614 portans
2991 1556 3239 1602 sanctam
3273 1563 3426 1604 cotu-

1867 1631 2201 1686 munionem.
2243 1631 2308 1684 Et
2351 1632 2401 1686 si
2451 1633 2672 1702 quidem
2711 1634 2985 1692 inveneris
3020 1647 3315 1706 mortuum,
3347 1655 3428 1694 sco

1867 1723 2096 1792 pullum:
2127 1725 2356 1789 manda;
2399 1725 2483 1780 sin
2523 1741 2652 1780 vero
2686 1725 2864 1782 adhuc
2895 1729 3198 1794 viventem,
3237 1727 3426 1788 sancta

1869 1815 2252 1870 communione
2288 1829 2373 1869 me
2407 1816 2646 1887 imperti.
2675 1817 2769 1874 His
2795 1804 2980 1890 itaque
3008 1823 3076 1876 ab
3108 1838 3172 1883 eo
3201 1823 3424 1892 auditis,

231 1907 314 1976 τῆς
346 1910 782 1980 τεσσαρακοστῆς
798 1952 814 1976 ,
835 1908 1013 1964 λαϐὼν
1040 1911 1140 1982 τὴν
1165 1910 1322 1979 ἁγίαν
1345 1913 1644 1977 κοινωνίαν,
1674 1915 1767 1968 καὶ

1871 1919 2084 1958 necnon
2110 1905 2468 1976 quadraginta
2507 1907 2700 1964 diebus
2725 1912 2963 1979 peractis
2981 1951 2996 1975 ,
3030 1927 3128 1982 ego
3155 1913 3428 1984 accipiens

231 1999 370 2070 ἄρτον
417 2001 594 2054 κοινὸν
628 2001 865 2072 καθαρὸν
921 2002 1056 2073 μετὰ
1106 2003 1284 2072 ὀλίγου
1315 2005 1457 2058 οίνου
1481 2045 1496 2069 ,
1530 2006 1766 2076 ἀπῆλθον

231 2089 348 2159 πρὸς
394 2090 554 2144 αὐτόν
578 2109 592 2122 ·
643 2093 737 2146 καὶ
767 2092 842 2156 ὡς
877 2093 1033 2163 μόνον
1061 2093 1360 2164 ἐπλησίασα
1391 2095 1468 2166 τῷ
1499 2096 1764 2168 σπηλαίῳ,

227 2178 466 2246 δυσωδίας
521 2182 722 2254 πολλῆς
762 2183 1088 2256 ὠσφράνθην
1113 2226 1128 2251 ,
1158 2187 1277 2256 ἥτις
1315 2189 1529 2256 ἐγένετο
1570 2191 1633 2243 ἐκ
1671 2189 1766 2243 τοῦ

229 2272 466 2340 στόματος
505 2275 692 2328 αὐτοῦ.
735 2276 843 2328 Kal
869 2271 1018 2330 εἷπον
1043 2279 1099 2330 ἐν
1124 2279 1322 2349 ἐαυτῷ,
1353 2279 1432 2332 ὅτι
1473 2281 1705 2352 Ἀνεπάη
1738 2283 1768 2334 ὁ

231 2363 496 2433 μακάριος.
527 2365 792 2420 Είσελθὼν
814 2367 870 2420 δὲ
893 2368 1029 2438 πρὸς
1057 2370 1241 2432 αὑτὸν,
1277 2365 1432 2439 εὗρον
1461 2372 1619 2425 αὑτὸν
1648 2374 1770 2442 ἡμι-

227 2450 363 2524 θανῆ.
391 2455 500 2508 Kal
529 2455 605 2518 ὡς
629 2451 736 2510 εἷδὲ
765 2475 852 2528 με,
884 2459 1109 2528 κινήσας
1141 2457 1238 2528 τὴν
1270 2458 1446 2524 δεξιὰν
1475 2463 1630 2530 χεῖρα
1655 2461 1767 2514 όλί-

225 2559 308 2610 γον
331 2586 346 2611 ,
381 2547 506 2600 ὅσον
544 2547 772 2616 ἠδύνατο
797 2587 811 2609 ,
843 2548 1080 2620 ὲσήμανε
1129 2549 1214 2602 διὰ
1243 2548 1336 2602 τοῦ
1363 2551 1638 2620 σχήματος
1670 2553 1768 2623 τῆς

225 2639 384 2708 χειρὸς
422 2640 689 2710 περὶτῆς
736 2640 896 2708 ἁγίας
945 2643 1246 2705 κοινωνίας.
1287 2641 1425 2710 Ἐγὼ
1471 2643 1528 2696 δὲ
1579 2639 1764 2697 εἷπον·

229 2729 374 2798 Ἔχω.
413 2731 686 2802 Ἠθέλησα
736 2729 828 2785 οὖν
877 2731 1081 2796 ἀνοῖξαι
1127 2735 1189 2786 τὸ
1235 2733 1408 2804 στόμα
1444 2734 1642 2800 αὑτοῦ,
1675 2737 1770 2790 καὶ

223 2821 398 2893 εὑρέθη
433 2823 744 2895 σφηνωϐἐν·
771 2824 862 2877 καὶ
891 2824 1109 2896 ἀπορῶν
1146 2825 1198 2877 τί
1245 2825 1499 2896 ποιῆσαι,
1547 2826 1768 2897 ἐξῆλθον

222 2912 294 2975 είς
316 2913 406 2983 τὴν
443 2915 670 2985 ἔρημον,
705 2915 798 2968 καὶ
819 2909 976 2984 εὗρον
1007 2914 1255 2986 ξυλάριον
1282 2916 1390 2970 ἀπὸ
1411 2917 1612 2988 θάμνου
1638 2935 1650 2948 ·
1675 2920 1770 2973 καὶ

223 3001 374 3057 πολλὰ
414 3005 720 3069 κοπιάσας,
768 3003 918 3075 μόλις
963 3005 1230 3078 ἠδυνήθην
1265 3009 1466 3073 ἀνοῖξαι
1497 3009 1556 3063 τὸ
1596 3010 1768 3082 στόμα

223 3094 368 3148 αὐτοῦ
399 3096 616 3166 μικρόν.
658 3097 767 3150 Kal
815 3097 1004 3168 ὲνέχεα
1048 3098 1140 3150 τοῦ
1167 3099 1348 3169 τιμίου
1395 3101 1643 3172 σώματος
1675 3105 1767 3158 καὶ

221 3185 426 3255 αἵματος
453 3227 468 3250 ,
507 3188 634 3241 ὅσον
693 3188 964 3258 ἐνδέχεται
1017 3189 1422 3252 καταλεπτύνας
1474 3192 1625 3246 αὑτό.
1657 3193 1767 3246 Kal

221 3277 360 3331 ἔλασε
383 3279 614 3350 δύναμιν
653 3283 717 3334 ἐκ
743 3281 841 3352 τῆς
872 3282 1218 3353 μεταλήψεως
1247 3283 1344 3354 τῆς
1383 3285 1544 3352 ἁγίας
1575 3301 1764 3338 κοινω-

218 3368 340 3432 νίας.
363 3371 471 3424 Kal
505 3372 626 3441 μετ’
672 3371 847 3440 ὀλίγον
900 3373 1094 3444 βρέξας
1127 3374 1281 3442 όλίγα
1311 3375 1465 3445 ψιχία
1491 3377 1538 3410 ³⁵
1578 3377 1642 3430 ἐκ
1671 3377 1764 3430 τοῦ

219 3458 382 3512 κοινοῦ
411 3460 622 3531 ἄρτου,
671 3463 1020 3531 προσήνεγκα
1066 3463 1244 3534 αὐτῷ’
1286 3466 1379 3518 καὶ
1431 3467 1547 3534 μετ’
1592 3465 1768 3534 ὀλίγον

219 3548 361 3604 πάλιν
385 3550 524 3604 ἄλλα
551 3595 566 3617 ,
601 3550 726 3604 καθ’
763 3551 792 3603 ὃ
813 3551 1044 3620 ἠδύνατο
1092 3553 1294 3610 λαϐεῖν.
1325 3553 1434 3616 Καὶ
1464 3553 1634 3618 οὕτως
1680 3555 1768 3610 διὰ

218 3636 306 3706 τῆς
352 3640 572 3712 χάριτος
625 3639 716 3692 τοῦ
745 3638 882 3693 Θεοῦ
935 3639 1074 3709 μετὰ
1113 3641 1240 3711 μίαν
1271 3641 1479 3710 ἡμέραν
1515 3641 1610 3694 σὺν
1646 3641 1768 3711 ἐμοὶ

215 3723 382 3798 ἦλθεν,
417 3731 622 3784 ὁδεύων
660 3731 750 3784 ἐπὶ
782 3729 842 3783 τὸ
887 3729 1015 3783 ἴδιον
1038 3729 1244 3783 κελλίον
1267 3771 1282 3792 ,
1313 3729 1642 3798 ἀπαλλαγεὶς
1675 3731 1770 3784 σὺν

216 3817 322 3892 Θεῷ
345 3821 437 3876 τοῦ
465 3821 713 3893 ὀλεθρίου
739 3821 942 3886 πάθους
968 3823 1067 3892 τῆς
1091 3821 1364 3894 πορνείας.

581 3937 722 4005 Περὶ
750 3937 856 3990 τοῦ
893 3934 1042 3992 ἀϐϐιῑ
1070 3936 1282 3988 dmum
1312 3935 1378 3988 ⁸⁷.

275 4049 584 4121 Παρέϐαλον
613 4049 832 4118 ἀδελφοὶ
859 4049 994 4120 πρὸς
1019 4049 1110 4102 τὸν
1133 4047 1306 4102 ἁσῦᾶν
1321 4047 1532 4109 Φίλικα,
1559 4047 1772 4118 ἔχοντες

217 4141 322 4210 μεθ’
373 4141 586 4195 ἑαυτῶν
646 4139 972 4210 κοσμικούς”
1029 4138 1124 4192 καὶ
1177 4138 1555 4210 παρεκάλεσαν
1585 4136 1766 4201 αὺτδν,

217 4231 294 4286 ἵνα
335 4235 464 4308 είπῃ
495 4237 681 4298 αὐτοῖς
721 4233 896 4302 λόγον.
941 4231 998 4285 Ὀ
1039 4231 1095 4286 δὲ
1131 4230 1309 4300 γέρων
1367 4228 1598 4284 ἐσιώπα.
1647 4229 1770 4282 Ἐπὶ

211 4324 334 4378 πολὺ
359 4325 418 4380 δὲ
449 4325 913 4397 παρακαλούντων
946 4323 1142 4386 αὐτῶν,
1175 4317 1326 4374 εἶπεν
1353 4322 1535 4384 αὐτοῖς
1555 4335 1568 4348 ·
1600 4319 1772 4388 Λόγον

212 4413 380 4468 θέλετε
409 4415 680 4480 ἀκοῦσαι;
718 4416 980 4483 Λέγουσιν
1021 4411 1201 4484 αὐτῷ’
1241 4414 1368 4474 Nal,
1409 4411 1571 4467 assa.
1604 4407 1770 4464 Εἶπεν

209 4501 292 4558 οὖν
316 4510 343 4560 ό
365 4507 580 4578 γέρων·
631 4509 788 4576 Ἀρτι
827 4507 927 4560 oin:
960 4505 1038 4559 ἔνι
1069 4506 1243 4573 λόγος.
1284 4506 1410 4558 Ὂτε
1443 4505 1670 4578 ἠρώτων
1719 4507 1770 4558 oi

209 4597 412 4668 ἀδελφοὶ
438 4601 572 4664 τοὺς
601 4600 879 4670 γέροντας,
905 4601 996 4654 καὶ
1027 4599 1242 4652 ἐποίουν
1275 4597 1310 4651 ἃ
1345 4597 1526 4666 ἔλεγον
1563 4598 1764 4663 αὐτοῖς,

205 4691 372 4757 όΘεὺς
407 4694 744 4766 ἐπεχορήγει
781 4691 842 4744 τὸ
879 4691 994 4754 πῶς
1022 4689 1271 4760 λαλῆσαι.
1319 4690 1432 4742 Νῦν
1469 4690 1548 4754 δὲ,
1581 4689 1767 4760 ἐπειδὴ

207 4783 440 4852 ἐρωτῶσι
469 4785 596 4856 μὲν,
623 4785 682 4837 οὐ
712 4783 922 4836 ποιοῦσι
950 4783 1006 4836 δὲ
1031 4781 1066 4836 ἃ
1094 4781 1399 4846 ἀκούουσιν,
1427 4771 1560 4852 ἦρεν
1590 4783 1618 4834 ὁ
1637 4779 1770 4844 Θεὸς

203 4873 294 4945 τὴν
321 4877 482 4946 χάριν
529 4875 628 4928 τοῦ
682 4875 840 4944 λόγου
894 4874 1002 4928 ἀπὸ
1046 4873 1153 4927 τῶν
1191 4873 1490 4944 γερόντων·
1537 4872 1632 4926 καὶ
1670 4872 1768 4942 οὐχ

204 4966 510 5038 εὑρίσκουσι
539 4969 594 5024 τί
611 4968 859 5039 λαλῆσαι,
893 4966 1080 5036 ἐπειδὴ
1114 4967 1214 5019 οὐκ
1253 4967 1400 5020 ἐστιν
1421 4965 1452 5018 ὁ
1471 4965 1770 5038 ἐργαζόμε-

203 5075 304 5122 νος.
331 5063 442 5115 Kal
479 5059 817 5123 ἀκούσαντες
857 5061 906 5114 οἱ
951 5058 1170 5127 ἀδελφοὶ
1209 5058 1402 5122 ταῦτα,
1453 5056 1764 5124 ὲστέναξαν,

201 5149 472 5220 λέγοντεςο
505 5149 677 5218 Εὖξαι
705 5153 842 5221 ὑπὲρ
864 5150 1039 5222 ἡμῶν,
1067 5149 1228 5204 eaea.

270 5307 316 5338 "
343 5311 432 5364 Al.
485 5307 722 5380 ψιχίδια.
830 5307 875 5339 ⁹’
905 5305 989 5362 Al.
1013 5305 1246 5367 Φίλικος.

262 5499 370 5566 (23)
411 5497 542 5552 Τῶν
567 5492 1036 5566 ὀρθοὸόξων-τῷν
1055 5490 1422 5566 συναδικῶν..
1437 5489 1690 5566 Synodici
1713 5499 1766 5566 et

201 5562 460 5631 arundine
511 5562 834 5622 dicebantur
878 5563 1166 5624 Catholici,
1213 5563 1308 5631 qui
1337 5562 1598 5616 videliccb
1629 5562 1766 5615 reci—

199 5628 414 5708 piebant
475 5635 750 5708 synodum
769 5628 1335 5708 dCbalcedonensém:
1382 5631 1639 5708 Leontius
1691 5631 1766 5708 De

197 5698 376 5772 sectis,
405 5698 630 5762 actione
662 5706 724 5764 5,
767 5701 1140 5757 ἰουστινιανοῦ
1198 5701 1626 5772 βασιλεύσαντος,
1675 5703 1767 5772 καὶ

199 5779 298 5832 τῶν
353 5771 651 5832 συυοδιτῶν
691 5775 860 5836 ὄντος.
905 5773 969 5827 Et
995 5787 1102 5827 non
1143 5771 1332 5842 paucis
1391 5771 1764 5842 interpositis:

210 5848 466 5920 Ὁφείλων
503 5847 540 5917 ἢ
583 5847 762 5900 πεῖσαι
809 5843 1062 5912 γενέσθαι
1113 5841 1407 5912 συνοδίτην,
1438 5841 1476 5912 ἢ
1521 5841 1765 5894 καθελεῖν

1867 2009 2077 2049 sacram
2099 1998 2560 2064 communionem,
2586 2009 2640 2054 et
2677 1995 2868 2070 partem
2898 2017 3244 2058 communem
3269 2019 3428 2058 mun-

1865 2087 2015 2153 dum,
2056 2103 2179 2142 cum
2225 2091 2352 2144 vino
2387 2091 2623 2156 modico,
2677 2091 2744 2146 ad
2799 2109 2924 2148 eum
2975 2097 3224 2165 perrexi;
3263 2105 3428 2166 utque

1865 2179 2128 2234 duntaxat
2159 2181 2586 2253 appropinquavi
2619 2186 2909 2253 speluncae,
2937 2187 3160 2242 fetorem
3195 2190 3426 2242 multu

1865 2271 2058 2333 olfeci,
2105 2273 2196 2341 qui
2244 2288 2308 2326 ex
2362 2289 2454 2328 ore
2485 2274 2604 2343 ejus
2653 2276 2922 2345 prodibat.
2955 2276 3092 2332 Tum
3135 2277 3246 2332 dixi
3287 2279 3430 2348 apud

1865 2377 1952 2416 me
1985 2379 1998 2415 :
2025 2360 2222 2418 Vivere
2252 2362 2415 2418 desiit
2441 2363 2638 2419 beatus
2678 2365 2788 2419 ille.
2818 2363 2989 2420 Porro
3025 2367 3322 2437 ingressus,
3347 2369 3432 2421 in—

1866 2451 1987 2506 veni
2035 2450 2466 2508 scmimortuum.
2499 2454 2743 2524 Cumque
2791 2456 2928 2509 vidit
2975 2471 3081 2520 me,
3135 2445 3280 2510 [nota
3334 2473 3432 2528 pa-

1865 2557 2084 2611 rumper
2111 2543 2256 2612 quod
2308 2551 2520 2613 poterat
2559 2545 2748 2600 dextra
2771 2586 2784 2610 ,
2833 2563 2926 2617 per
2959 2548 3200 2603 habitum
3237 2564 3430 2605 manus

1867 2635 2192 2702 significavit
2225 2636 2292 2690 de
2321 2647 2508 2690 sancta
2547 2640 2949 2695 communione.
2991 2639 3100 2710 Ego
3121 2657 3248 2696 vero
3273 2641 3383 2696 dixi
3411 2659 3428 2698 :

1869 2725 2075 2782 Habeo.
2111 2725 2263 2782 Volui
2305 2742 2431 2797 ergo
2465 2730 2674 2797 aperire
2702 2745 2766 2784 os
2796 2731 2951 2800 ejus;
2982 2732 3076 2787 sed
3107 2733 3291 2786 inveni
3327 2733 3429 2787 ob—

1867 2827 2106 2873 turatum
2135 2836 2148 2885 ;
2183 2822 2500 2890 barrensque
2529 2823 2658 2891 quid
2687 2821 2944 2878 facerem
2965 2865 2980 2888 ,
3025 2825 3128 2878 exii
3159 2824 3210 2878 in
3237 2825 3430 2879 solitu-

1865 2911 2085 2976 dinem;
2125 2911 2238 2965 illic
2269 2921 2462 2966 nactus
2503 2927 2622 2966 sum
2656 2928 2880 2982 parvum
2913 2915 3116 2984 lignum
3143 2930 3172 2970 e
3203 2913 3428 2980 frutice;

1867 3017 1929 3056 ac
1963 3011 2084 3072 post
2115 3003 2345 3056 multum
2385 3005 2650 3070 laborem,
2688 3005 2778 3058 vix
2809 3005 2957 3074 pctui
3001 3005 3277 3075 paululum
3308 3019 3432 3075 ape.

1867 3095 1977 3148 rire
2019 3109 2082 3149 os
2119 3095 2258 3163 ejus.
2317 3095 2522 3150 Deinde
2565 3096 2763 3151 innnisi
2805 3097 3094 3166 pretiosum
3135 3113 3335 3168 corpus
3374 3107 3429 3152 et

1869 3187 2224 3256 sanguinem,
2276 3187 2585 3241 minutatim
2651 3187 2946 3242 concidens
2997 3196 3259 3258 quantum
3315 3189 3430 3244 fieri

1875 3285 2072 3348 potest.
2101 3279 2196 3334 ille
2218 3294 2282 3334 ex
2313 3293 2484 3334 sacrae
2519 3281 2920 3335 communionis
2951 3281 3259 3352 sumptione
3287 3281 3430 3337 vires

1874 3370 2236 3439 recuperavit.
2285 3369 2454 3424 Paulo
2503 3379 2646 3439 post,
2699 3372 3014 3427 communis
3055 3372 3209 3442 panis
3256 3372 3429 3428 micas

1875 3459 2080 3529 aliquot
2114 3457 2450 3515 madefactas
2481 3460 2636 3515 intuli
2669 3461 2716 3517 ei
2737 3501 2752 3525 ,
2785 3461 3094 3530 iterumque
3119 3475 3241 3515 mox
3271 3460 3427 3524 alias,

1873 3559 2032 3622 prout
2071 3552 2352 3620 suscipere
2381 3552 2616 3610 valebat.
2644 3555 2822 3623 Atque
2849 3554 2924 3608 ita
2960 3569 3054 3622 per
3079 3554 3305 3625 gratiam
3336 3553 3430 3610 Dei

1872 3651 1994 3714 post
2024 3657 2190 3698 unum
2223 3643 2364 3698 diem
2391 3643 2672 3713 profectus
2701 3653 2784 3699 est
2807 3659 3018 3700 mecum
3040 3685 3054 3709 ,
3089 3647 3432 3717 perrexitque

1872 3735 1940 3789 ad
1985 3736 2176 3789 cellam
2216 3750 2406 3802 suam;
2447 3735 2744 3800 liberatus,
2785 3735 2998 3792 favente
3027 3735 3167 3801 Deo,
3221 3737 3290 3792 ab
3315 3737 3433 3792 exi-

1871 3827 2012 3882 tioso
2033 3827 2168 3882 vitio
2203 3825 2598 3882 fornicationis.
2632 3847 2640 3854 ·

2381 3937 2450 3992 De
2507 3937 2694 3994 abbate
2744 3937 2940 3993 Felice.

1937 4045 2430 4118 (2i)Accesserunt
2464 4048 2660 4106 fratres
2689 4049 2756 4104 ad
2790 4050 3034 4105 abbatem
3063 4049 3320 4116 Felicem,
3339 4066 3434 4108 saa-

1872 4138 2150 4194 cularibus
2193 4139 2469 4206 comitati;
2496 4147 2550 4195 et
2573 4147 2901 4210 rogaverunt
2931 4155 3052 4194 eum
3087 4149 3144 4194 ut
3173 4141 3238 4194 ad
3284 4141 3434 4212 ipsos

1869 4228 2138 4301 proferret
2159 4245 2488 4285 sermonem.
2513 4230 2584 4284 At.
2609 4245 2774 4286 senex
2815 4232 3045 4288 tacebat.
3085 4233 3220 4288 Cum
3253 4241 3432 4288 autem

1871 4320 1963 4376 diu
2011 4329 2337 4392 rogassent,
2369 4321 2554 4376 dixit:
2606 4320 2924 4377 Sermonem
2973 4321 3138 4376 vultis
3197 4321 3437 4378 audire?

1871 4413 2039 4468 Aiunt
2070 4431 2082 4467 :
2112 4412 2308 4477 Etiam,
2341 4414 2501 4468 abba.
2535 4411 2690 4469 Tunc
2714 4429 2902 4480 senex,
2931 4413 3072 4476 Jam,
3107 4415 3304 4484 inquit,
3325 4427 3434 4467 non

1872 4513 1958 4562 est
1987 4521 2189 4560 sermo.
2229 4503 2459 4572 Quando
2493 4506 2690 4561 fratres
2723 4507 3185 4575 percontabantur
3200 4505 3266 4559 de
3298 4507 3437 4559 seni-

1799 4573 1842 4628 θ
1875 4597 1995 4661 bus,
2021 4605 2073 4650 et
2102 4595 2372 4652 faciebant
2405 4612 2524 4666 qua:
2557 4573 2984 4666 pronuntiabant
3013 4597 3102 4659 iis,
3128 4595 3268 4650 Deus
3299 4611 3436 4664 prae-

1871 4689 2032 4743 bebat
2065 4688 2322 4757 loquendi
2355 4689 2598 4743 modum.
2633 4687 2787 4740 Nunc
2815 4688 3110 4757 vero,quia
3143 4687 3439 4742 sciscitana

1871 4791 1960 4836 tur
2007 4781 2250 4852 quidem,
2292 4780 2388 4837 sed
2441 4797 2552 4835 non
2601 4790 2974 4850 exsequuntur
3027 4795 3147 4849 qua:
3177 4779 3431 4840 audiunt,

1871 4874 2013 4929 Deus
2037 4873 2264 4944 gratiam
2296 4874 2568 4927 sermonis
2605 4871 2830 4926 abstulit
2861 4887 2890 4924 a
2923 4873 3184 4937 senibus;
3217 4886 3320 4926 nec
3353 4871 3436 4925 in-

1871 4965 2094 5020 veniunt
2119 4964 2250 5034 qttid
2281 4965 2598 5035 loquantur,
2628 4963 3069 5033 quandoquidem
3108 4963 3202 5032 qui
3235 4977 3432 5032 opere-

1871 5065 1962 5112 tur
1992 5073 2098 5110 non
2145 5067 2249 5112 est.
2291 5055 2387 5112 llis
2441 5057 2646 5112 auditis
2686 5055 2883 5113 fratres
2915 5057 3318 5128 ingemuerunt,
3343 5057 3430 5112 di-

1875 5157 2178 5219 xeruntque
2203 5167 2218 5202 :
2250 5147 2358 5204 Ora
2383 5164 2482 5219 pro
2509 5147 2688 5214 nobis,
2713 5148 2872 5204 abba.

1876 5485 2056 5540 αὐτόν.
2085 5485 2163 5538 Ac
2197 5481 2359 5538 infra.
2386 5495 2594 5536 necnon
2630 5481 2842 5535 actione
2863 5480 2916 5544 7,
2944 5477 3226 5540 συνοδῖται,
3255 5479 3301 5530 oi
3329 5474 3435 5529 ἀπὸ

1874 5557 1972 5626 τῆς
1995 5555 2234 5626 συνόδου.
2266 5552 2419 5626 Apud
2440 5551 2714 5626 Anastasii
2751 5549 3128 5626 [μάρψῃ-οἱ
3157 5547 3436 5626 Χαλκηδο-

1875 5619 2036 5698 νῖίταιΣ
2062 5619 2414 5698 lntC-hrou'icg
2428 5619 2724 5698 ⁸Οξῆειιιιιίί,
2754 5619 2999 5698 {astutus
3045 5619 3436 5698 Citatrettonen-

1873 5699 1966 5751 sis.
2001 5695 2339 5749 Justiniauus
2373 5689 2852 5758 Chalcedonensis;
2897 5691 2964 5748 de
2989 5689 3438 5750 orthodoxisitut-

1874 5767 2236 5838 peremnia“:

1945 5836 2054 5906 (21)
2086 5835 2188 5890 Vit.
2217 5833 2370 5889 Patr.
2401 5832 2621 5898 LutJS.
