3828 6326
387 383 455 438 33
1474 386 1818 443 APPENDIX
1853 389 1945 443 AD
1982 390 2403 446 PALLADIUM.

1947 515 1997 569 Α

828 499 900 553 De
943 499 1130 552 abbate
1165 498 1460 570 Philagrio.

425 592 537 662 (25)
571 590 695 645 Erat
735 602 1048 648 sanctorum
1082 591 1304 661 quidam
1342 594 1560 648 nomine
1589 593 1918 666 Philagrius,

355 685 534 738 incola
571 684 740 736 eremi
793 682 1319 752 l-lierosnlymitanae,
1345 685 1436 754 qui
1485 687 1542 739 in
1583 701 1720 755 opus
1766 689 1922 742 valde

357 773 727 838 incumbebat,
764 780 825 826 ut
858 773 963 828 sibi
986 789 1176 842 panem
1200 783 1563 843 compararet.
1598 777 1647 832 Is
1675 793 1798 831 cum
1823 779 1923 831 ali-

356 866 573 936 quando
601 867 655 920 in
677 865 796 919 foro
815 874 983 921 staret
1010 867 1076 920 ad
1116 869 1456 921 vendendum
1482 871 1626 938 quod
1670 871 1923 926 manibus

354 958 706 1026 operabatur,
742 973 807 1011 en
840 958 1078 1012 elabitur
1106 958 1325 1012 cuidam
1361 961 1699 1028 marsupium
1733 961 1785 1013 in
1813 977 1922 1030 quo

354 1055 512 1101 erant
558 1048 703 1102 mille
740 1049 967 1102 ntunmi.
1001 1049 1156 1114 Quod
1195 1057 1390 1103 nactus
1432 1065 1618 1116 senex,
1657 1051 1806 1106 stetit
1841 1053 1922 1105 in-

357 1139 450 1200 ihi,
476 1139 665 1194 dicens
701 1138 932 1194 :V'eniet
968 1142 1330 1209 proculdubio
1359 1142 1450 1211 qui
1477 1143 1679 1197 amisit.
1706 1143 1772 1196 Et
1797 1159 1925 1198 ecce

357 1227 597 1290 advertit,
639 1230 882 1298 plorans.
923 1230 1098 1285 Senex
1140 1247 1267 1286 vero
1307 1248 1595 1288 assumens
1646 1233 1922 1288 hominem

356 1332 628 1384 seorsum,
665 1320 902 1373 reddidit
948 1322 1017 1376 ei.
1058 1321 1150 1377 llle
1196 1323 1484 1393 prehendit
1510 1325 1708 1395 ipsum.
1742 1336 1798 1380 ut
1831 1327 1922 1398 qui

356 1411 521 1464 vellet
559 1412 794 1480 aliquam
850 1414 1094 1480 pecunia:
1143 1427 1349 1484 partem
1392 1416 1540 1472 dare.
1597 1418 1702 1474 Sed
1760 1437 1924 1476 senex

358 1503 552 1556 noluit.
575 1503 728 1557 'l‘uuc
758 1507 925 1573 carpit
967 1508 1206 1562 clamare
1236 1529 1249 1563 :
1288 1507 1500 1574 Venite,
1542 1512 1718 1567 videte
1749 1513 1926 1567 homi-

359 1609 480 1647 nem
518 1594 777 1666 Dei,quid
815 1599 1024 1652 fecerit.
1059 1600 1233 1656 Senex
1263 1619 1389 1658 vero
1410 1605 1549 1658 clam
1579 1603 1928 1676 fugit,egres-

360 1702 565 1756 susque
600 1698 735 1744 este
760 1691 1002 1754 civitate,
1047 1709 1114 1747 ne
1148 1694 1337 1749 laudes
1377 1706 1430 1749 et
1461 1697 1687 1766 gloriam
1733 1714 1929 1753 conse-

359 1790 639 1849 queretur.

867 1854 942 1907 De
982 1855 1170 1909 abbate
1205 1857 1417 1910 Plzorla.

435 1940 578 1996 Dixit
628 1944 797 2000 abbas
831 1946 1062 2003 Phortas
1102 1967 1112 2000 :
1157 1948 1212 2000 Si
1260 1948 1403 2003 Deus
1441 1951 1623 2004 vivere
1660 1967 1746 2004 me
1791 1954 1926 2016 vult,

363 2038 515 2089 novit
549 2039 823 2106 quomodo
855 2039 920 2093 de
950 2055 1034 2096 me
1061 2041 1337 2110 disponat.
1374 2041 1528 2108 Quod
1560 2042 1606 2097 si
1654 2059 1760 2097 non
1793 2047 1927 2110 vult,

361 2129 428 2181 ad
469 2130 599 2197 quid
630 2131 760 2185 mihi
792 2132 938 2184 vita?
967 2131 1082 2186 Non
1119 2134 1263 2187 enim
1300 2151 1330 2187 a
1358 2135 1576 2189 cunctis
1605 2136 1928 2205 accipiebat,

359 2226 461 2278 etsi
515 2225 654 2280 lecto
687 2226 900 2282 affixus.
954 2229 1146 2282 Aiebat
1189 2229 1390 2298 quippe
1424 2245 1436 2282 :
1472 2227 1528 2282 Si
1573 2233 1699 2300 quis
1739 2230 1806 2284 ad
1847 2246 1931 2285 me

359 2317 626 2386 Quidlibet
666 2320 928 2381 attulerit,
957 2328 1010 2373 et
1058 2335 1164 2374 non
1201 2330 1422 2390 propter
1452 2319 1619 2375 Deum
1650 2339 1662 2385 ;
1696 2337 1794 2377 nec
1831 2337 1933 2393 ego

362 2407 532 2461 habeo
558 2408 702 2478 quod
722 2409 843 2462 dem
869 2412 966 2472 illi,
1005 2425 1104 2465 nec
1125 2427 1154 2464 a
1191 2410 1298 2465 Deo
1326 2413 1631 2465 mercedem
1670 2413 1928 2481 accipiet;

360 2500 491 2567 quia
521 2516 628 2554 non
654 2510 878 2569 prepter
913 2501 1080 2557 Deum
1115 2502 1333 2566 obtulit,
1373 2513 1425 2557 et
1469 2505 1667 2573 injuria
1698 2504 1933 2558 allieitur

361 2592 451 2660 qui
495 2595 822 2661 apportarit.
851 2593 1078 2663 Oportet
1131 2596 1319 2657 etiam,
1365 2597 1472 2650 Deo
1492 2598 1740 2661 devotos,
1768 2607 1932 2666 atque

363 2689 428 2740 ad
456 2688 632 2757 ipsum
666 2689 840 2743 solum
874 2689 1252 2758 respicientes,
1289 2698 1440 2743 tanta
1472 2691 1673 2759 pietate
1708 2689 1932 2743 affectos

363 2795 504 2841 esse.
546 2789 604 2832 ut
634 2796 698 2834 ne
747 2780 1001 2848 injuriam
1029 2783 1249 2850 quidem
1293 2783 1455 2836 ullam
1499 2790 1779 2845 censeant,
1809 2782 1932 2834 licet

363 2871 562 2930 millies
589 2871 974 2924 contumeliam
1010 2873 1308 2940 patiantur.

822 2982 1154 3054 Principium
1183 2985 1378 3039 litterae
1405 2983 1472 3037 Χ.

875 3097 950 3152 De
988 3099 1174 3152 abbate
1209 3099 1418 3153 Cltome.

437 3212 548 3283 (26)
590 3210 921 3271 Relerebant
949 3213 1016 3269 de
1039 3214 1233 3268 abbate
1256 3213 1482 3277 Chome,
1503 3213 1648 3284 quod
1674 3214 1784 3282 jam
1818 3230 1932 3266 mo-
1963 3240 2004 3296 ο

367 3307 596 3369 ritu-us,
629 3306 827 3361 dixerit
856 3307 980 3363 filiis
1011 3307 1126 3372 suis
1154 3327 1166 3362 :
1191 3307 1365 3362 Nolite
1397 3308 1643 3362 habitare
1672 3323 1795 3361 cum
1829 3306 1936 3359 lue-

367 3396 590 3458 reticis;
627 3413 803 3466 neque
827 3397 1078 3453 habeatis
1113 3398 1538 3452 familiaritatem
1563 3413 1685 3452 cum
1720 3399 1853 3452 viris
1881 3398 1935 3450 in

367 3487 628 3558 dignitate
657 3490 1012 3554 constitutis;
1044 3507 1218 3560 neque
1248 3491 1358 3546 sint
1389 3506 1584 3544 manus
1616 3498 1809 3545 vestrae
1839 3505 1934 3544 ex-

368 3588 536 3634 tensa:
571 3580 642 3640 ad.
667 3581 1057 3652 colligendum,
1095 3582 1189 3637 sed
1226 3583 1402 3652 magis
1429 3583 1496 3636 ad
1530 3581 1794 3639 dandum.

800 3785 874 3838 De
928 3786 1115 3840 abbate
1154 3785 1510 3842 Cltwremone.

438 3893 743 3948 Narrabant
769 3896 836 3950 de
864 3897 1062 3951 abbate
1086 3896 1440 3952 Cbmremone
1477 3897 1530 3950 in
1584 3895 1753 3960 Sceti,
1791 3894 1938 3965 quod

367 3987 630 4056 spelunca
662 3988 781 4056 ejus
811 3989 1038 4044 distaret
1067 3990 1135 4043 ab
1159 3991 1391 4044 ecclesia
1425 3989 1788 4058 quadraginta
1812 3989 1938 4041 mil-

369 4079 544 4142 liaria,
576 4095 604 4132 a
640 4081 832 4148 palude
864 4097 994 4136 vero
1029 4092 1082 4136 et
1125 4098 1264 4151 aqua
1299 4081 1586 4136 duodecim
1624 4099 1638 4147 ;
1670 4090 1834 4151 atque
1858 4081 1938 4136 sic

370 4169 598 4229 inferret
638 4171 692 4223 in
730 4172 1048 4241 speluncam
1091 4189 1243 4226 suam
1281 4171 1424 4242 quod
1452 4174 1704 4228 manibus
1741 4189 1939 4242 Opera-

372 4267 523 4312 retur
555 4279 569 4323 ;
609 4270 956 4331 portaretque
987 4263 1206 4333 lagenas
1243 4263 1381 4319 duas
1411 4279 1574 4317 unam
1618 4281 1682 4319 ex
1708 4266 1938 4320 adverso

370 4350 594 4411 alterius
621 4371 644 4429 ;,
664 4369 726 4406 ae
752 4352 984 4417 sederet,
1015 4353 1256 4422 quietam
1291 4356 1457 4408 vitam
1481 4354 1712 4410 ducens.

808 4506 1140 4578 Principium
1185 4509 1378 4563 littera:
1421 4504 1495 4564 Ψ.

790 4620 867 4679 De
913 4620 1103 4676 abbate
1152 4619 1512 4677 Psentltaisio.

442 4731 552 4802 (‘37)
589 4731 846 4787 Dixerunt
871 4734 1040 4789 abbas
1068 4733 1448 4789 Psenthaisius
1475 4741 1530 4789 et
1563 4733 1732 4789 abbas
1761 4732 1937 4789 Surus

368 4829 423 4874 et
451 4820 645 4877 Psoius
679 4840 691 4876 :
723 4822 857 4877 Dum
891 4825 1205 4880 audiremus
1237 4841 1518 4881 sermones
1540 4823 1718 4880 Patris
1761 4825 1936 4881 nostri

368 4913 582 4968 abbatis
632 4913 931 4980 Pachumii,
985 4917 1278 4972 admodum
1344 4918 1801 4988 proticiebamus,
1865 4919 1934 4972 ad

369 5003 767 5056 atumlationem
802 5006 1066 5060 bonorum
1115 5022 1338 5077 operum
1361 5007 1603 5063 excitati.
1635 5008 1933 5064 Cernentes

369 5100 549 5146 autem
580 5093 700 5162 ejus
734 5097 897 5149 etiam
931 5099 1164 5154 tacentis
1185 5100 1478 5167 actionem,
1509 5116 1631 5170 quae
1665 5101 1783 5170 ipsa
1819 5117 1935 5157 ser-

370 5199 459 5237 mo
487 5191 627 5249 erat,
647 5184 1332 5248 admirabantur,dicentes
1355 5191 1491 5244 alter
1513 5192 1665 5246 alteri
1695 5211 1706 5246 :
1741 5191 1939 5248 Existi-

370 5275 674 5342 mabamus,
706 5293 897 5332 omnes
945 5289 1165 5337 sanctos
1213 5298 1280 5336 ex
1318 5294 1472 5336 utero
1503 5284 1694 5338 matris
1722 5302 1834 5340 suae
1863 5287 1938 5341 ita

369 5365 544 5422 factos
583 5384 705 5424 esse
757 5384 786 5422 a
831 5369 971 5434 Deo,
1007 5381 1228 5428 sanctos
1277 5391 1339 5433 ae
1395 5376 1792 5440 immutabiles,
1828 5393 1935 5432 non

369 5468 549 5512 autem
586 5460 821 5524 liberos;
860 5472 1174 5532 peccatores
1227 5481 1355 5519 vero
1390 5482 1496 5520 non
1540 5482 1700 5537 posse
1744 5467 1828 5536 pie
1857 5469 1938 5527 vi,-

515 5595 594 5646 Al.
638 5597 838 5665 Φορτᾶ.
916 5597 960 5626 ’⁸
992 5597 1076 5652 Al.
1118 5598 1324 5669 Χαμαί.
1400 5600 1412 5628 ¹
1453 5600 1536 5652 .\l.
1568 5597 1864 5662 Ψανταίῳ.

442 5738 554 5806 (ἳῦ)
603 5739 705 5793 Vit.
743 5742 892 5796 Patr.
935 5761 1005 5799 vr.
1039 5744 1100 5796 13

465 5811 552 5879 :26)
603 5810 703 5864 Vit.
734 5811 886 5866 Patr.
920 5831 956 5877 l,
987 5815 1069 5867 18.

3493 379 3600 437 435

2375 505 2509 571 Περὶ
2558 502 2663 556 τοῦ
2715 499 2863 554 ιὶϐϐᾶ
2898 499 3238 568 Φιλαγρίσυ.

2095 596 2383 667 Φιλάγριος
2417 593 2484 666 ἦν
2520 613 2604 658 τις
2642 593 2748 646 τῶν
2793 593 2961 661 ἁγίων
2992 591 3302 660 λεγόμενος,
3345 588 3510 641 οίκῶν
3543 589 3599 642 δὲ

2028 691 2085 741 ὲν
2110 693 2175 760 τῇ
2209 692 2401 761 ἐρήμῳ
2449 686 2856 759 Ἰεροσολύμων,
2908 684 3001 737 καὶ
3037 681 3403 753 ἐργαζόμενος
3445 681 3602 749 κόπῳ

2030 779 2115 830 ἵνα
2133 780 2333 850 ποιήσῃ
2350 778 2437 830 τὸν
2459 777 2587 831 ἴδιον
2613 776 2793 846 ἄρτον.
2818 773 2926 825 Καὶ
2955 773 3029 835 ὡς
3052 773 3235 823 ἵστατο
3261 771 3318 822 ἐν
3339 771 3405 838 τῇ
3424 769 3604 838 ἀγορᾷ.

2031 869 2221 921 πωλῶν
2251 869 2312 922 τὸ
2345 869 2652 939 ἐργόχειρον
2686 865 2867 926 αὑτοῦ,
2909 864 3014 917 ἰδοὺ
3049 862 3256 931 ὲξαφίει
3285 879 3368 922 τις
3404 861 3604 930 βαλάν-

2027 979 2142 1015 τιον
2178 961 2364 1032 χι-λίων
2401 961 2780 1031 νομισμάτωνο
2825 959 2919 1011 καὶ
2970 956 3146 1026 εὑρὼν
3184 954 3316 1010 αὐτὸ
3353 957 3380 1007 6
3422 954 3606 1024 γέρων

2030 1053 2156 1124 ἔστη
2189 1055 2280 1106 ἐπὶ
2309 1052 2401 1106 τοῦ
2428 1054 2614 1115 τόπου,
2657 1050 2862 1116 λέγων’
2904 1050 2994 1100 Δεῖ
3027 1049 3116 1100 τὸν
3151 1045 3492 1100 ἀπολέσαντα
3513 1044 3605 1096 ἐλ-

2033 1142 2143 1195 θεῖν
2164 1160 2177 1172 ο
2210 1144 2303 1196 καὶ⁵
2331 1142 2436 1195 ἰδοὺ
2465 1142 2684 1212 ἔρχεται
2714 1139 2932 1192 κλαίων.
2963 1139 3072 1192 Καὶ
3090 1137 3269 1190 λαϐὼν
3295 1137 3459 1189 αὐτὸν
3481 1135 3605 1188 κατ’

2035 1235 2167 1286 ἰδίαν
2195 1236 2223 1287 6
2249 1234 2426 1305 γέρων
2456 1234 2654 1287 ἔδωκεν
2682 1233 2850 1302 αὐτῷ.
2888 1233 2995 1284 Καὶ
3026 1231 3244 1303 ἐκράτει
3270 1229 3428 1282 αὑτὸν
3460 1228 3607 1280 ἐκεῖ·

2031 1341 2140 1389 νος,
2177 1324 2343 1377 θέλων
2366 1323 2512 1394 αὐτῷ
2548 1326 2851 1394 παρασχεῖν
2885 1322 3049 1393 μέρος
3089 1339 3161 1376 τι.
3208 1321 3321 1374 Καὶ
3360 1322 3388 1370 6
3421 1319 3609 1386 γέρων

2030 1417 2128 1470 οὐκ
2152 1416 2432 1488 ἠθέλησεν.
2470 1417 2578 1470 Καὶ
2615 1415 2773 1469 ἔϐαλε
2812 1415 3065 1486 κράζειν·
3114 1411 3298 1472 Δεῦτε,
3345 1410 3609 1463 ἴδετε-ἀνα

2033 1506 2248 1578 Θρωπον
2277 1507 2370 1560 τοῦ
2400 1505 2553 1571 Θεοῦ,
2608 1507 2660 1558 τί
2703 1506 2974 1578 ἐποίησεν.
3026 1507 3084 1558 '0
3121 1505 3177 1556 δὲ
3217 1504 3392 1574 γέρων
3428 1501 3610 1571 λάϐρα

2035 1601 2219 1670 φυγὼν
2252 1601 2474 1671 ἐξῆλθεν
2497 1603 2559 1652 ὲκ
2578 1601 2676 1670 τῆς
2706 1599 2933 1663 πόλεως,
2962 1600 3048 1652 ἵνα
3081 1599 3154 1670 μὴ
3187 1596 3438 1666 δοξασθῇ.

2410 1867 2545 1933 Περὶ
2573 1867 2678 1919 τοῦ
2716 1865 2865 1920 ιὶϐϐιῐ
2895 1864 3122 1933 Φορτᾶς
3149 1864 3214 1917 ’⁸.

2109 1952 2274 2010 Εἶπεν
2305 1960 2333 2010 6
2369 1957 2541 2020 ἀϐϐᾶς
2576 1958 2813 2027 Φορτᾶςο
2858 1958 2919 2009 Εἰ
2955 1955 3097 2008 θέλει
3148 1973 3214 2025 με
3256 1955 3284 2006 6
3315 1952 3449 2013 Θεὸς
3482 1951 3609 2022 ζῇν,

2037 2043 2174 2100 οἶδεν
2207 2048 2321 2111 πῶς
2350 2050 2689 2119 οἰκονομήσει
2738 2065 2804 2117 με
2825 2065 2837 2078 ·
2866 2050 2913 2099 εί
2936 2046 2992 2098 δὲ
3023 2048 3083 2099 οὐ
3107 2045 3268 2112 θέλει,
3303 2045 3389 2097 ἵνα
3421 2042 3473 2096 τί
3515 2059 3609 2114 μοι

2037 2139 2098 2192 τὸ
2143 2139 2275 2210 ζῇν;
2306 2140 2379 2193 Οὐ
2436 2139 2542 2210 γὰρ
2583 2140 2734 2210 παρά
2779 2139 2992 2191 πάντων
3040 2137 3246 2206 ἐδέχετό
3287 2154 3373 2199 τι,
3427 2134 3612 2188 καίτοι

2039 2230 2296 2301 κλινήρης
2320 2229 2425 2285 ὧν·
2456 2231 2608 2300 ἔλεγε
2643 2232 2750 2302 γάρ
2771 2249 2784 2260 ·
2841 2230 2967 2284 Ἐὰν
3006 2230 3286 2301 προσφέρῃ
3330 2226 3418 2298 μοί
3443 2227 3529 2289 τίς
3558 2227 3615 2280 τε

2039 2337 2188 2377 ποτε,
2222 2323 2312 2374 καὶ
2342 2322 2462 2391 οὐχὶ
2492 2321 2580 2374 διὰ
2613 2321 2702 2374 τὸν
2744 2320 2896 2386 Θεὸν,
2929 2319 3050 2373 οὔτε
3086 2319 3194 2388 ἐγὼ
3218 2317 3324 2389 ἔχω
3348 2334 3399 2368 τι
3426 2315 3614 2368 δοῦναι

2039 2412 2205 2483 αὐτῷ,
2230 2412 2350 2465 οὔτε
2384 2414 2534 2485 παρὰ
2563 2413 2656 2466 τοῦ
2687 2414 2821 2466 Θεοῦ
2856 2413 3119 2484 λαμϐάνει
3155 2410 3374 2482 μισθόν·
3409 2411 3472 2461 οὐ
3499 2408 3616 2479 γὰρ

2037 2503 2125 2557 διὰ
2173 2503 2264 2556 τὸν
2304 2503 2434 2556 Θεὸν
2497 2505 2836 2575 προσήνεγκε
2864 2521 2877 2535 ·
2925 2503 3019 2556 καὶ
3070 2503 3332 2555 ἀδικεῖται
3367 2500 3394 2551 6
3443 2514 3617 2568 προσ-

2038 2594 2285 2660 ενέγκας.
2329 2597 2420 2647 Δεῖ
2469 2594 2576 2664 γὰρ
2622 2595 2748 2658 τοὺς
2789 2594 3181 2664 ἀνακειμένους
3224 2592 3300 2663 τῷ
3333 2591 3472 2661 Θεῷ,
3516 2589 3618 2644 καὶ

2039 2686 2175 2755 πρὸς
2211 2687 2372 2740 αὑτὸν
2421 2686 2716 2756 βλέποντας
2761 2687 2940 2758 μόνον,
2989 2687 3162 2749 οὕτως
3210 2685 3451 2747 εὐλαϐῶς
3493 2683 3615 2736 δια-

2040 2776 2273 2839 κεῖσθαι,
2305 2777 2380 2840 ὡς
2417 2779 2554 2849 μήτε
2586 2778 2742 2850 ὓϐριν
2769 2780 2890 2832 τινὰ
2909 2778 3180 2850 ἡγεῖσθαι,
3217 2777 3316 2830 κᾶν
3352 2775 3616 2848 μυριάκις

2039 2867 2380 2938 ἀδικούμενοι
2408 2868 2638 2939 τύχοιεν.

2474 2982 2639 3054 Ἀρχὴ
2686 2982 2778 3035 τοῦ
2815 2984 2862 3035 Χ
2899 2982 3184 3052 στοιχείου.

2443 3097 2580 3164 Περὶ
2608 3097 2712 3149 τοῦ
2746 3095 2893 3150 ἀϐὅά
2917 3097 3100 3164 Χομαί
3129 3097 3193 3151 ⁹⁹.

2113 3209 2336 3277 Ἔλεγον
2367 3209 2609 3280 περὶτοῦ
2646 3210 2789 3262 esea
2819 3209 3014 3278 Χομαὶ.
3059 3210 3139 3260 ὅτι
3184 3209 3389 3278 μέλλων
3426 3208 3620 3262 τελε-δ·

2040 3302 2135 3370 τᾷν
2163 3295 2282 3352 εἷπε
2313 3304 2425 3364 τοῖς
2459 3303 2592 3364 υἱοῖς
2624 3301 2787 3353 αὑτοῦ
2809 3318 2821 3328 ⁸
2863 3301 2954 3370 Μὴ
2990 3301 3247 3370 οἰκήσητε
3291 3303 3432 3369 μετὰ
3463 3303 3621 3371 αἱρε-

2039 3393 2225 3453 τικῶν,
2286 3393 2417 3463 μηδὲ
2476 3393 2639 3462 σχῆτε
2691 3392 2889 3460 γνῶσιν
2937 3392 3071 3463 μετὰ
3127 3392 3421 3462 ἀρχόντων,
3478 3392 3622 3462 μηδὲ

2039 3482 2279 3536 ἔστωσαν
2330 3485 2383 3536 αἱ
2445 3487 2624 3554 χεῖρες
2671 3484 2824 3554 ὑμῶν
2880 3484 3197 3556 ήπλωμέναι
3245 3486 3326 3547 εἰς
3375 3483 3436 3537 τὸ
3488 3501 3621 3537 συν-

2041 3575 2213 3642 άγειν,
2247 3574 2363 3628 ἀλλ’
2403 3574 2644 3627 ἔστωσαν
2692 3575 2890 3645 μᾶλλον
2937 3575 3254 3646 ὴπλωμέναι
3306 3576 3385 3638 είς
3433 3575 3496 3628 τὸ
3537 3575 3620 3630 δι-

2039 3667 2204 3722 δόναι.

2378 3778 2521 3847 Περὶ
2554 3777 2657 3832 τοῦ
2697 3777 2846 3832 ἀϐϐᾶ
2880 3776 3271 3848 Χαιρέμωνος.

2114 3891 2340 3958 Ἔλεγον
2371 3893 2500 3964 περὶ
2549 3892 2642 3945 τοῦ
2693 3891 2838 3946 esse
2877 3890 3227 3962 Χαιρέμωνος
3268 3891 3346 3951 εἰς
3388 3889 3617 3958 Σκῆτιν,

2041 3983 2123 4036 ὅτι
2166 3983 2356 4053 ἀπεῖχε
2399 3983 2460 4036 τὸ
2503 3983 2768 4054 σπήλαιον
2820 3982 2984 4036 αὑτοῦ
3033 3982 3139 4034 ἀπὸ
3179 3981 3276 4050 τῆς
3319 3979 3621 4046 ἐκκλησίας

2045 4072 2196 4143 μίλια
2229 4075 2654 4146 τεσσαράκοντα,
2681 4074 2791 4127 ἀπὸ
2813 4074 2870 4127 δὲ
2889 4073 2982 4126 τοῦ
3010 4073 3164 4135 ἕλους
3193 4072 3284 4124 καὶ
3307 4071 3398 4123 τοῦ
3423 4070 3620 4136 ὕδατος

2046 4165 2197 4236 μίλια
2254 4164 2497 4220 δώδεκαο
2559 4168 2652 4219 καὶ
2714 4165 2887 4228 οὕτως
2937 4165 3185 4234 εἰσέφερε
3248 4162 3308 4215 τὸ
3367 4162 3622 4233 ἐργὸχει-

2046 4275 2136 4331 ρον
2183 4257 2347 4312 αὑτοῦ
2400 4260 2480 4320 εἰς
2531 4259 2592 4310 τὸ
2646 4258 2908 4329 σπήλαιον
2950 4255 3135 4320 αὑτοῦ,
3184 4253 3401 4308 καὶδύο
3446 4254 3621 4324 λαγύ-

2042 4367 2130 4402 νια
2163 4349 2221 4401 ἓν
2251 4352 2379 4420 παρ’
2414 4349 2470 4401 ἓν
2499 4350 2800 4417 βαστάζων,
2852 4350 2946 4403 καὶ
2991 4345 3300 4411 ἐκαθέζετο,
3346 4345 3441 4399 καὶ
3478 4345 3623 4417 ἡσύ-

2042 4459 2224 4512 χαςεν,

2477 4511 2641 4583 Ἀρχὴ
2675 4511 2768 4563 τοῦ
2806 4511 2862 4564 Ψ
2906 4512 3188 4583 στοιχείου.

2353 4626 2489 4693 Περὶ
2525 4625 2632 4682 τοῦ
2666 4625 2815 4681 ἁϐϐᾶ
2861 4629 3222 4682 Ψενοατσίυυ
3262 4629 3301 4679 ⁸.

2112 4735 2278 4792 Εἶπεν
2313 4740 2341 4790 6
2375 4740 2549 4802 ἀϐϐᾶς
2583 4739 2910 4804 Ψενθαῖσιος
2943 4743 2965 4772 ¹¹
2993 4742 3088 4794 καὶ
3125 4743 3152 4794 6
3197 4739 3372 4804 ἀὸϐἄς
3410 4737 3621 4810 Σοῦρος

2039 4831 2133 4886 καὶ
2173 4829 2376 4893 Ψώῖος,
2422 4833 2503 4884 ὅτι
2555 4831 2868 4896 Ἀκούοντες
2909 4831 3018 4886 τῶν
3059 4833 3229 4901 λόγων
3263 4830 3358 4883 τοῦ
3400 4830 3623 4902 Πατρὸς

2037 4918 2192 4992 ἡμῶν
2215 4922 2308 4974 τοῦ
2335 4921 2479 4975 assa
2517 4921 2812 4992 Παχωμίου
2848 4923 3093 4993 μεγάλως
3121 4922 3499 4991 ὠφελούμεθα.
3535 4923 3624 4984 είς

2045 5011 2203 5081 ζῆλον
2227 5011 2448 5081 ἀγαθῶν
2485 5013 2658 5081 ἔργων
2691 5014 3099 5086 διεγειρόμενοι.
3141 5014 3402 5083 Ὀρῶντες
3433 5013 3489 5064 δὲ
3513 5014 3622 5066 αὑ-

2042 5103 2134 5156 τοῦ
2179 5105 2272 5156 καὶ
2316 5104 2626 5167 σιωπῶντος
2668 5103 2768 5175 τὴν
2805 5103 3001 5174 πρᾶξιν
3039 5105 3193 5173 λόγον
3231 5099 3416 5162 οὖσαν,
3452 5102 3625 5156 ἐθαυ-

2043 5195 2306 5264 μάζομεν,
2341 5195 2476 5264 πρὸς
2519 5194 2780 5266 ἀλλήλους
2826 5195 3095 5261 λέγοντες,
3137 5196 3217 5247 ὅτι
3260 5194 3623 5264 Ἐνομίζομεν

2039 5289 2246 5348 πάντας
2279 5289 2405 5349 τοὺς
2433 5287 2620 5355 ἁγίους
2643 5285 2818 5350 οὕτως
2848 5286 3190 5339 πεποιεῖσθαι
3216 5287 3319 5339 ὑπὸ
3349 5285 3442 5338 τοῦ
3476 5283 3620 5340 Θεοῦ

2037 5382 2101 5432 ὲκ
2137 5379 2338 5442 κοιλίας
2378 5378 2582 5448 μητρὸς
2605 5378 2783 5430 αὐτῶν
2817 5379 3004 5446 ἁγίους
3038 5379 3132 5431 καὶ
3165 5379 3487 5449 ἀτρέπτους,
3521 5379 3624 5430 καὶ

2039 5471 2157 5542 οὐχὶ
2181 5469 2581 5534 αὑτεξουσίους·
2621 5471 2713 5524 καὶ
2746 5471 2872 5532 τοὺς
2903 5470 3255 5541 ἁμαρτωλοὺς
3281 5459 3619 5541 meum“;

1945 5601 1964 5629 ²
1993 5599 2054 5654 ΑΙ
2067 5642 2078 5654 .
2117 5599 2472 5669 Ψενθαήσιος.

2121 5748 2229 5818 (Ξῖ)
2283 5745 2388 5808 Vit,
2428 5747 2578 5802 Patr.
2610 5764 2645 5812 ι,
2680 5764 2730 5817 p.
2776 5748 2894 5812 l‘2l,
2922 5762 2969 5800 c.
3005 5745 3095 5798 25.
