3828 6310
167 323 265 380 ιδτ

1283 315 1888 372 APOPHTHEGMATA
1929 319 2235 376 PATRUM.

3291 315 3396 373 4'53

162 447 276 490 νους
309 429 406 498 ζῇν
453 426 714 492 εὐσεϐῶς,
745 429 832 482 διὰ
873 429 934 482 τὸ
975 429 1147 494 οὕτως
1175 430 1460 500 κτισθῆναι
1499 429 1718 490 αὐτούς.
1749 477 1754 487 ,

1866 445 1970 492 ere,
2004 438 2190 500 utpote
2229 429 2310 486 sic
2342 445 2372 483 a
2409 427 2519 484 Deo
2553 435 2790 484 creatos.
2825 425 2936 482 Sed
2983 439 3132 480 nunc
3181 425 3400 480 bonita-

165 524 312 588 Ἄρτι
344 517 401 570 δὲ
433 517 701 589 βλέπομεν
723 519 818 590 τὴν
845 519 1152 590 ἀγαθὸτητα
1183 520 1276 572 τοῦ
1309 521 1446 575 Θεοῦ
1475 521 1722 592 φανερῶς

163 613 248 665 ἐπὶ
293 610 388 664 τοῦ
425 609 636 682 Πατρὺς
695 609 852 680 ἡμῶν
901 609 1136 664 τούτουο
1194 612 1276 664 ὅτι
1329 611 1390 676 ἐξ
1454 610 1723 680 Ἐλλήνων

162 704 356 774 γονέων
389 703 485 768 ὢν,
521 703 776 756 τοσοῦτον
820 703 1078 773 θεοσεϐὴς
1133 704 1346 771 γέγονε,
1404 705 1498 756 καὶ
1547 701 1726 764 πάσας

163 797 254 860 τὰς
285 795 506 858 ἐντολὰς
534 795 626 848 τοῦ
655 794 788 848 Θεοῦ
823 795 1170 864 ἐνδεδυμένος
1195 796 1360 848 ἐστίν.
1391 795 1598 850 Οὐκοῦν
1633 795 1728 848 καὶ

163 888 316 958 ἡμεῖς
343 883 622 954 δυνάμεθα
647 885 738 938 κα)⁵
777 885 978 945 πάντες
1005 883 1365 954 ἀκολουθῆσαι
1413 883 1581 954 αὐτῷ,
1611 883 1728 936 ἀνθ’
1787 879 1812 888 ”’

163 971 231 1030 ὧν
249 976 532 1030 ἀκολουθεῖ
559 979 670 1039 τοῖς
697 977 892 1044 ἁγίοις.
935 977 1076 1045 Ἀρα
1109 976 1170 1028 τὸ
1193 976 1576 1047 γεγραμμένον
1609 975 1732 1028 τοῦ-

165 1069 218 1120 τό
243 1071 355 1120 ἐστι
379 1084 392 1098 ·
435 1067 614 1120 Δεῦτε
644 1069 794 1136 πρὸς
821 1065 919 1136 μὲ,
947 1065 1170 1132 πάντες
1198 1069 1251 1120 οἱ
1275 1065 1598 1131 κοπιῶντες
1634 1065 1732 1119 καὶ

163 1160 642 1228 πεφορτισμένοι,
693 1159 854 1230 κάγὼ
896 1159 1228 1214 ἀναπαύσω
1265 1157 1443 1228 ὑμᾶς.
1495 1160 1734 1212 Συναπο-

168 1251 407 1320 θανωμεν
457 1247 552 1305 οῦν
607 1252 700 1304 καὶ
753 1251 1074 1321 συζήσωμεν
1120 1250 1196 1320 τῷ
1242 1250 1512 1323 ἀνθρώπῳ
1539 1251 1734 1322 τούτῳ,

168 1345 244 1398 ὅτι
270 1342 446 1416 ὀρθῶς
477 1343 668 1414 ὁδηγεῖ
696 1345 844 1414 ἡμᾶς
867 1345 1002 1416 πρὸς
1023 1344 1116 1397 τὸν
1141 1343 1294 1400 Θεόν.

598 1459 765 1530 Ἀρχὴ
813 1459 906 1512 τοῦ
941 1461 982 1511 Ω
1021 1459 1310 1528 στοιχείου.

641 1571 782 1640 Περὶ
817 1572 924 1626 τοῦ
947 1571 1098 1626 ἁϐὅιῐ
1130 1573 1253 1640 Ὤρ.

231 1689 298 1738 α’.
337 1681 568 1750 Ἔλεγον
599 1683 724 1752 περὶ
752 1683 846 1736 τοῦ
877 1683 1018 1736 ἀϐϐἇ
1046 1684 1146 1754 Ὢρ
1175 1685 1268 1737 καὶ
1307 1683 1400 1736 τοῦ
1435 1682 1580 1737 ά.ῦὸιί
1611 1682 1740 1736 Θεο-

1825 533 1931 578 tem
1957 521 2049 578 Dei
2081 519 2370 577 manifeste
2387 520 2759 590 couSpicimus
2781 519 2836 572 in
2863 519 3025 574 Patre
3047 518 3150 574 hoc
3177 526 3399 586 nostro;

1825 613 1971 680 quod
2019 630 2084 668 ex
2135 613 2456 684 parentibus
2507 612 2804 684 gentilibus
2859 620 3044 674 natus,
3081 609 3220 666 adeo
3274 625 3404 680 erga

1828 703 1996 759 Deum
2021 705 2142 772 pius
2169 704 2362 769 evasit,
2404 713 2566 774 atque
2599 703 2654 758 in
2695 703 2973 758 universis
3008 701 3102 756 Dei
3131 699 3402 756 mandatis

1828 805 1910 850 est
1957 803 2272 850 exornatus.
2305 793 2473 866 Igitur
2515 795 2677 850 etiam
2723 809 2826 849 nos
2873 793 3058 848 cuncti
3109 809 3405 864 possumus

1831 890 1983 957 sequi
2009 903 2155 946 eum.
2189 895 2349 958 prout
2397 888 2513 956 ipse
2553 886 2805 957 sequitur
2852 895 3094 942 sanctos.
3127 883 3286 939 Certe
3323 882 3405 936 id-

1832 981 2010 1050 ipsum
2055 989 2157 1043 est,
2210 981 2356 1050 quod
2413 979 2700 1049 Scriptura
2745 977 3126 1048 pronuntiavit
3169 994 3180 1030 :
3223 975 3408 1028 Venite

1833 1071 1901 1125 ad
1925 1089 2022 1136 me,
2055 1073 2144 1141 qui
2173 1071 2452 1134 laboratis,
2484 1081 2532 1126 et
2559 1071 2764 1126 onerati
2794 1071 2942 1134 estis,
2976 1079 3026 1122 et
3045 1085 3138 1138 ego
3175 1069 3407 1137 reﬁciam

1834 1181 1920 1218 vos
1954 1166 1996 1218 ³.
2043 1163 2480 1220 Commoriamur
2528 1180 2658 1235 ergo
2700 1171 2755 1220 et
2799 1163 3158 1216 convivan‘ius
3201 1159 3408 1214 homini

1837 1255 1985 1320 huic,
2015 1256 2144 1326 quia
2190 1264 2336 1312 recte
2373 1256 2524 1312 ducit
2555 1271 2658 1312 nos
2698 1255 2766 1310 ad
2795 1255 2987 1308 Deum.

2285 1457 2626 1529 Principium
2672 1457 2866 1512 littera:
2903 1455 2964 1508 Ω.

2395 1575 2468 1629 De
2513 1573 2702 1628 abbate
2750 1571 2845 1626 Or.

1913 1693 1962 1746 l.
1989 1691 2102 1763 (50)
2129 1691 2501 1760 Memorabant
2522 1689 2590 1743 de
2615 1687 2814 1742 abbate
2837 1685 2913 1738 Or
2935 1691 2989 1739 et
3012 1682 3206 1738 abbate
3233 1679 3414 1735 Theo-

169 1775 352 1844 δώρου,
404 1775 489 1828 ὅτι
539 1771 678 1846 ἦσαν
719 1775 1002 1845 βάλλοντες
1039 1775 1207 1848 πηλὸν
1241 1779 1318 1840 εἰς
1356 1775 1563 1830 κελλίον
1601 1775 1734 1846 ('23),

1866 1783 1997 1851 loro,
2024 1783 2170 1854 quod
2202 1785 2328 1837 dum
2373 1781 2650 1834 mitterent
2700 1777 2873 1830 lutum
2913 1775 2968 1828 in
3009 1773 3227 1836 cellam,
3262 1771 3417 1824 dixe-

171 1867 258 1919 καὶ
301 1863 458 1920 εἷπον
523 1867 660 1938 πρὸς
712 1867 994 1938 ἀλλήλους,
1043 1869 1124 1921 ὅτι
1190 1869 1312 1921 Ἐὰν
1375 1868 1738 1938 ὲπισκέψηται

173 1957 308 2026 ἡμᾶς
333 1955 462 2026 ἄρτι
483 1959 512 2009 6
533 1957 684 2022 Θεὸς,
714 1957 768 2010 τί
794 1957 1056 2028 ποιοῦμεν
1077 1975 1092 2022 ;
1115 1959 1224 2010 Καὶ
1245 1957 1575 2022 κλαύσαντες
1597 1959 1742 2028 ἁφῆ-

174 2065 266 2100 καν
287 2047 376 2100 τὸν
407 2048 601 2120 πηλὸν,
639 2049 732 2102 καὶ
754 2048 1096 2120 ἀνεχώρησεν
1120 2049 1140 2081 ³
1169 2050 1397 2113 ἕκαστος
1423 2052 1502 2113 εἰς
1532 2049 1593 2103 τὸ
1621 2051 1744 2103 κελ-

173 2139 276 2194 λίον
307 2139 500 2196 αὑτοῦ.

239 2229 302 2300 β’.
345 2233 575 2299 Ἔλεγον
606 2231 734 2305 περὶ
761 2233 849 2286 τοῦ
879 2234 1024 2288 sese
1056 2237 1175 2307 Ὠρ,
1209 2237 1292 2288 ὅτι
1320 2234 1442 2288 οὔτε
1477 2234 1744 2305 ἐψεύσατό

175 2339 316 2387 ποτε,
343 2323 471 2378 οὔτε
493 2325 728 2396 ὤμοσεν,
757 2325 878 2380 οὔτε
919 2329 1268 2400 κατηράσατο
1291 2328 1594 2400 ἄνθρωπον,
1621 2327 1744 2382 οὔτε

175 2415 322 2480 ὲκτὺς
353 2418 605 2488 ἀνάγκης
631 2419 910 2490 ἐλάλησεν.

239 2513 305 2574 γ’.
339 2507 570 2578 Ἔλεγεν
604 2511 632 2562 6
673 2511 843 2574 666i;
872 2513 968 2581 ’Ὡρ
1007 2513 1084 2584 τῷ
1126 2513 1340 2584 μαθητῇ
1384 2513 1552 2566 αὑτοῦ
1596 2513 1746 2566 Παύ-

179 2597 248 2670 λῳ
269 2600 318 2632 ⁸·
349 2602 554 2666 Βλέπε,
598 2605 864 2674 μηδέποτε
897 2606 1176 2677 ἀλλότριον
1212 2607 1366 2677 λόγον
1412 2609 1637 2680 ἐνέγκῃς
1667 2609 1748 2673 εἰς

181 2690 236 2742 τὸ
267 2691 478 2744 κελλίον
510 2693 684 2748 τοῦτο.

243 2783 302 2837 δ’.
345 2785 586 2856 Ἀπῆλθέ
619 2805 748 2840 ποτε
779 2787 990 2853 Παῦλος
1019 2790 1046 2841 6
1084 2789 1328 2862 μαθητὴς
1351 2789 1444 2843 τοῦ
1470 2789 1614 2844 ἁόϐᾶ
1650 2792 1750 2862 Ὢρ

183 2877 444 2948 ἀγοράσαι
480 2879 694 2943 θαλλὶα,
722 2883 814 2934 καὶ
835 2874 991 2953 εὗρεν
1024 2883 1106 2936 ὅτι
1135 2883 1284 2936 ἄλλοι
1304 2883 1626 2954 προέλαϐον,
1657 2882 1751 2936 καὶ

184 2967 377 3042 ἔδωκαν
397 2970 715 3042 ἀρραϐῶνα.
749 2973 1016 3026 Οὐδέποτε
1046 2974 1155 3045 γὰρ
1185 2973 1482 3046 ἀρραϐῶνα
1519 2973 1700 3027 ἐδίδου.
1723 2975 1751 3026 6

183 3060 348 3124 666i;
375 3062 480 3133 ’Ὠρ
511 3063 590 3126 εἰς
616 3063 669 3115 τί
701 3080 850 3126 ποτε,
875 3062 1010 3116 ἀλλὰ
1043 3063 1122 3133 τῷ
1153 3061 1330 3134 καιρῷ
1363 3061 1662 3116 ἀπέστελλε
1691 3063 1752 3116 τὸ

1845 1877 1954 1930 rint
2003 1883 2194 1930 mutuo
2225 1891 2238 1926 :
2273 1875 2328 1928 Si
2381 1873 2523 1928 Deus
2559 1887 2660 1926 nus
2711 1869 2872 1924 modo
2921 1865 3248 1926 visitaverit,
3287 1863 3418 1933 quid

1845 1969 2042 2023 facturi
2095 1982 2286 2022 sumus
2315 1967 2340 2019 ’ἐ
2372 1965 2436 2018 Ει
2483 1963 2674 2018 ﬂentes
2729 1960 3072 2030 reliquerunt
3111 1959 3285 2012 lutum
3308 1997 3322 2020 ,
3357 1967 3420 2008 ac

1843 2068 2071 2114 uteroue
2095 2057 2321 2112 recessit
2347 2055 2400 2110 in
2423 2055 2613 2108 cellam
2643 2067 2820 2106 suam.

1915 2233 1968 2289 Ξ.
1993 2233 2106 2302 (51)
2133 2231 2364 2286 Aiebant
2387 2229 2456 2284 de
2483 2227 2681 2284 abbate
2695 2224 2772 2282 Or
2795 2227 2940 2297 quod
2965 2235 3248 2291 nunquam
3277 2233 3426 2274 men-

1845 2330 1982 2384 titus
2012 2325 2197 2391 fuerit,
2233 2338 2334 2378 nec
2364 2321 2668 2391 iuraverit,
2707 2333 2810 2374 nec
2855 2317 3186 2386 imprecatus
3221 2313 3292 2366 sit
3329 2311 3426 2364 ho-

1847 2419 2004 2484 mini,
2023 2433 2201 2488 neque
2223 2417 2292 2471 sit
2317 2417 2533 2468 locutus
2563 2413 2702 2466 citra
2733 2409 3140 2464 necessitatem.

1917 2514 1970 2568 5.
1996 2511 2108 2582 (52)
2137 2510 2282 2564 Dixit
2313 2508 2484 2562 abbas
2505 2505 2580 2560 Or
2609 2503 2882 2570 discipulo
2915 2515 3015 2555 suo
3039 2495 3422 2556 Paulo:Cave.

1851 2619 1920 2658 ne
1981 2617 2222 2674 unquam
2272 2599 2509 2655 alienum
2569 2596 2798 2652 verbum
2848 2589 3098 2647 attuleris
3129 2590 3186 2643 in
3230 2587 3424 2642 cellam

1851 2697 2012 2751 hanc.

1923 2789 1976 2844 4.
2019 2787 2166 2842 Abiit
2201 2784 2495 2856 aliquando
2525 2781 2728 2836 Paulus
2753 2777 3060 2848 discipulus
3092 2775 3305 2829 abbatis
3331 2771 3427 2834 0r,

1852 2890 1912 2936 ut
1944 2887 2150 2934 emeret
2179 2891 2364 2931 ramos
2407 2873 2733 2946 palmarum,
2763 2868 3079 2937 invenitque
3121 2865 3258 2919 alios
3289 2861 3430 2916 anti-

1854 2975 2070 3043 cipasse
2110 2986 2174 3026 ae
2219 2971 2436 3026 dedisse
2471 2967 2690 3038 pignus.
2726 2961 3015 3034 Nunquam
3047 2965 3228 3012 autem
3258 2955 3432 3010 abbas

1858 3064 1934 3120 Or
1957 3065 2024 3119 ad
2055 3063 2355 3133 quamlibet
2401 3075 2516 3114 rem
2548 3057 2714 3112 dabat
2737 3056 2954 3126 pignus,
2986 3053 3082 3108 sed
3109 3049 3162 3104 in
3189 3057 3434 3117 tempore

185 3151 412 3222 τίμημα,
437 3153 538 3205 καὶ
569 3151 859 3224 ἠγόραζεν.
903 3153 1170 3223 Ἀπῆλθεν
1202 3151 1296 3207 οῦν
1317 3155 1344 3207 6
1375 3153 1620 3224 μαθητὴς
1659 3154 1752 3206 αὒ-

1866 3156 2106 3210 mittebat
2137 3153 2395 3224 pretium,
2425 3157 2480 3205 et
2502 3148 2739 3204 emebat.
2768 3145 3016 3200 Perrexit
3043 3157 3172 3212 ergo
3191 3139 3434 3206 discipu-

185 3243 272 3296 τοῦ
303 3245 394 3298 καὶ
425 3247 510 3308 εἰς
547 3243 704 3297 ἄλλον
741 3245 907 3298 τόπον
943 3245 1028 3298 διὰ
1061 3246 1217 3316 βαΐα·
1244 3247 1338 3300 καὶ
1365 3246 1512 3314 λέγει
1541 3245 1690 3316 αὑτῷ
1726 3247 1754 3298 6

189 3337 488 3408 κηπουρός·
537 3337 632 3402 Τίς
674 3355 806 3391 ποτε
833 3338 998 3392 ἔδωκέ
1039 3357 1128 3410 μοι
1155 3339 1470 3412 ἀρραϐῶνα,
1521 3339 1616 3393 καὶ
1655 3341 1756 3392 οὐκ

189 3425 260 3478 ἔτι
287 3423 444 3496 ἦλθε·
482 3427 614 3480 λάϐε
645 3423 736 3481 οὖν
785 3428 852 3482 τὰ
905 3429 1034 3499 βαΐα
1082 3429 1170 3482 σύ.
1228 3431 1336 3482 Καὶ
1385 3429 1566 3484 λαϐὼν
1615 3431 1758 3484 αὐτὰ

191 3513 308 3588 ἦλθε
331 3521 468 3590 πρὸς
493 3521 584 3572 τὸν
621 3519 869 3592 γέροντα,
905 3523 1002 3574 xa‘t
1032 3521 1352 3592 ἀνήγγειλεν
1383 3519 1532 3591 αὑτῷ
1562 3521 1754 3578 ταῦτα.

193 3609 294 3662 Καὶ
317 3611 388 3673 ώς
413 3613 650 3682 ἤκουσεν
684 3613 712 3664 6
735 3611 934 3684 γέρων,
975 3612 1235 3683 ἔκρουσεν
1277 3614 1356 3675 εἰς
1419 3613 1518 3676 τὰς
1571 3613 1760 3683 χεῖρας

193 3703 368 3766 αὑτοῦ,
403 3703 615 3772 λέγων’
661 3704 718 3758 ὐ
749 3706 848 3776 Ὢρ
894 3707 994 3758 οὐκ
1038 3704 1330 3777 ἐργάζεται
1365 3707 1448 3774 ἐφ’
1480 3705 1598 3770 ἔτος
1627 3707 1758 3777 (9.9).

197 3793 296 3847 Καὶ
322 3795 419 3848 οὐκ
447 3787 630 3866 ἀφῆκε
660 3797 728 3852 τὰ
749 3795 875 3866 βαΐα
903 3795 1030 3860 ἔσω,
1057 3797 1161 3860 ἓως
1181 3798 1492 3869 ἀπήνεγκεν
1515 3799 1654 3853 αὐτὰ
1683 3803 1764 3865 εἰς

195 3888 278 3941 τὸν
297 3891 458 3942 τόπον
491 3890 692 3945 αὐτῶν.

263 3987 320 4032 ε’.
371 3979 542 4034 Εἶπεν
599 3984 626 4034 6
675 3981 848 4046 ἀϐὕᾶς
905 3983 1036 4053 Ὥρ·
1099 3984 1161 4036 Εἰ
1203 3985 1334 4054 ὁρᾷς
1391 4001 1458 4055 με
1507 3983 1766 4056 λογισμὸν

199 4070 374 4140 ἔχοντα
397 4073 544 4127 κατὰ
577 4073 741 4138 τινὸς,
777 4074 1012 4142 γίνωσκε
1035 4076 1118 4128 ὅτι
1151 4077 1244 4130 καὶ
1277 4077 1438 4138 αὐτὸς
1483 4076 1575 4130 τὸν
1609 4077 1768 4132 αὐτὸν

201 4162 300 4233 ἔχει
330 4167 408 4228 εἰς
439 4167 566 4235 ἐμέ.

265 4264 334 4320 ς’.
355 4253 468 4310 Ἦν
498 4274 580 4320 τις
621 4255 815 4328 κώμης
849 4259 908 4312 ὲν
941 4261 1054 4322 τοῖς
1103 4259 1294 4330 μέρεσι
1331 4259 1424 4312 τοῦ
1464 4259 1610 4316 ἀϐϐᾶ
1644 4263 1766 4332 Ὢρ,

203 4345 452 4413 Λογγῖνος
528 4346 896 4418 καλούμενος,
952 4347 1048 4402 καὶ
1135 4347 1334 4412 πολλὰς
1403 4349 1769 4419 ἐλεημοσύνας

1857 3249 1944 3302 lus
1969 3247 2088 3316 ejus
2131 3247 2198 3300 ad
2241 3245 2409 3299 alium
2457 3243 2638 3297 locum
2677 3245 2902 3310 propter
2939 3235 3180 3305 palmeos
3225 3245 3432 3284 ramos.

1855 3339 1943 3393 Ait
1973 3339 2022 3394 ei
2069 3339 2394 3392 hortulanus
2430 3353 2442 3387 :
2477 3331 2674 3388 Nescio
2701 3331 2826 3398 quis
2853 3327 3006 3384 dedit
3059 3323 3190 3378 mihi
3237 3321 3436 3392 pignus

1856 3447 1960 3487 nec
1981 3431 2172 3496 rediit;
2210 3429 2400 3500 accipe
2425 3427 2596 3497 igitur
2620 3433 2676 3477 tu
2711 3435 2916 3477 ramos.
2943 3419 3156 3486 Quibus
3180 3413 3436 3484 sumptis,

1859 3525 2007 3580 venit
2030 3525 2096 3579 ad
2137 3538 2346 3584 senem,
2379 3529 2707 3591 gestumque
2739 3513 3034 3571 enarravit.
3065 3507 3242 3578 thue
3281 3505 3440 3561 audi-

1861 3619 1938 3671 vit
1969 3633 2156 3678 senex.
2193 3613 2492 3684 complosis
2521 3610 2797 3671 inanibus,
2838 3605 2980 3660 dixit
3013 3601 3128 3658 τοι·
3161 3617 3271 3655 non
3309 3613 3438 3668 ape-

1861 3724 2014 3768 ratur
2061 3713 2166 3766 hoc
2219 3725 2384 3764 anno.
2432 3707 2543 3762 Nec
2591 3703 2812 3772 reliquit
2845 3701 3056 3770 palmas
3095 3697 3240 3752 intra
3307 3707 3441 3762 quo-

1857 3821 2033 3876 usque
2069 3803 2260 3858 retulit
2283 3817 2376 3856 eas
2410 3800 2466 3854 in
2507 3799 2686 3852 locum
2726 3807 2909 3848 suum.

1931 3985 1986 4040 5.
2025 3981 2174 4038 Dixit
2207 3981 2378 4036 abbas
2403 3977 2478 4034 0r
2511 3998 2524 4033 :
2571 3975 2628 4032 Si
2663 3971 2952 4046 agnoveris
2993 3985 3080 4024 me
3117 3967 3322 4022 habere
3349 3979 3445 4020 eo-

1863 4077 2182 4146 gitationem
2213 4075 2268 4126 in
2299 4071 2559 4141 aliquem,
2593 4067 2732 4124 scito
2759 4065 2912 4137 quod
2941 4071 2996 4118 et
3034 4062 3152 4132 ipse
3195 4057 3446 4115 eamdem

1865 4183 1990 4236 erga
2017 4181 2104 4221 me
2133 4165 2317 4219 habet.

1938 4259 1990 4312 6.
2035 4257 2162 4311 Erat
2193 4255 2417 4325 quidam
2448 4268 2633 4308 eomes
2661 4251 2714 4306 in
2743 4257 2920 4306 tractu
2948 4246 3158 4302 abbatis
3185 4243 3280 4306 0r.
3303 4241 3449 4296 Lon-

1867 4354 2029 4424 ginus
2059 4349 2300 4414 nomine,
2332 4347 2426 4417 qui
2463 4345 2660 4399 multas
2689 4341 2926 4398 faciebat
2946 4341 3340 4406 eleemosynas.
3367 4333 3445 4388 Ad

205 4438 390 4492 ἐποίει·
428 4439 526 4492 καὶ
549 4439 920 4510 παραϐαλὸντι
949 4441 1058 4492 τινὶ
1079 4441 1186 4494 τῶν
1212 4441 1494 4512 Πατέρων,
1521 4444 1754 4514 παρεκά-

1871 4459 2030 4514 queui
2062 4457 2185 4496 cum
2214 4439 2541 4494 accessisset
2564 4435 2768 4506 aliquis
2798 4450 2828 4490 e
2865 4431 3138 4492 Patribus,
3165 4428 3253 4481 ille
3287 4439 3449 4494 roga-

2303 4533 2314 4537 -
2681 4529 2695 4537 .
2775 4527 2825 4537 ..
2887 4533 2896 4537 -
3027 4523 3066 4537 ι.
3150 4517 3448 4537 ..ηημη

202 4527 344 4583 λεσεν
387 4533 554 4584 αὐτὸν
590 4533 680 4586 ἵνα
735 4534 842 4605 ἄρῃ
887 4534 1049 4586 αὑτὸν
1107 4534 1242 4604 πρὸς
1289 4535 1380 4588 τὸν
1417 4535 1592 4589 ἀϐϐᾶν
1643 4537 1764 4608 Ὤρ.

213 4620 476 4675 Ἀπελῦὼν
502 4619 594 4676 οὖν
625 4623 763 4694 ,πρὸς
809 4625 896 4676 τὸν
951 4625 1180 4696 γέροντα
1221 4627 1248 4678 ὁ
1297 4627 1527 4697 μοναχὸς
1565 4629 1767 4682 ἐνεκω-

205 4711 352 4780 μίαζε
399 4715 492 4766 τὸν
541 4713 774 4787 κώμητα
807 4757 822 4780 ,
873 4717 953 4770 ὅτι
1015 4718 1176 4782 καλός
1237 4722 1372 4784 ἐστι,
1426 4721 1520 4774 καὶ
1570 4721 1768 4786 πολλὰς

203 4801 562 4874 ἐλεημοσύνας
587 4811 748 4862 ποιεῖ.
777 4809 884 4862 Καὶ
911 4812 1110 4880 νοήσας
1142 4813 1170 4863 ὁ
1201 4811 1400 4882 γέρων,
1442 4811 1624 4880 λέγει’
1661 4815 1768 4866 Ναὶ

205 4893 354 4957 καλός
381 4897 550 4950 ἐστιν.
583 4898 820 4970 Ἤρξατο
852 4895 942 4952 οὖν
971 4902 1000 4952 6
1032 4902 1263 4972 μοναχὸς
1299 4905 1634 4974 παρακαλεῖν
1673 4905 1766 4958 αὐ-

1871 4537 1950 4592 vit
1985 4537 2149 4598 hunc,
2185 4541 2246 4588 ut
2285 4533 2509 4586 duceret
2544 4546 2600 4584 se
2632 4529 2698 4582 ad
2740 4527 2990 4581 abbatem
3025 4523 3116 4578 0r.
3150 4517 3451 4574 Monachus

1874 4630 2039 4700 igitur
2068 4627 2132 4682 ad
2157 4639 2345 4680 senem
2367 4621 2660 4692 prolectus.
2679 4618 2932 4672 laudibus
2953 4611 3151 4668 extulit
3173 4609 3448 4670 comitem,

1873 4719 2020 4791 quod
2045 4721 2218 4773 bonus
2259 4723 2406 4772 esset
2427 4714 2533 4776 vir,
2562 4711 2843 4778 multaque
2873 4705 3165 4774 largiretur
3199 4700 3454 4772 pauperi--

1874 4813 1996 4868 bus.
2035 4809 2114 4864 lle
2151 4808 2446 4870 intellecta,
2469 4804 2545 4858 ait
2567 4817 2732 4860 senex
2765 4818 2779 4854 :
2811 4797 3010 4858 Etiam,
3029 4795 3326 4864 praeclarus
3343 4797 3452 4846 est.

1875 4904 2064 4973 Itaque
2093 4900 2258 4970 cmpit
2286 4897 2588 4953 monachus
2611 4907 2771 4948 orare
2805 4905 2928 4946 eum
2961 4887 3046 4942 his
3075 4887 3258 4942 verbis
3284 4903 3297 4938 :
3323 4881 3456 4938 Per-
3503 4955 3510 4964 ⁸

293 5052 314 5084 ³
343 5053 426 5108 Al.
462 5011 868 5124 ἀνεχώρησαν..
923 5053 946 5082 ⁵
973 5055 1140 5110 Abest
1173 5057 1369 5127 Παύλῳ
1397 5059 1464 5112 ab
1495 5059 1566 5112 al.
1645 5059 1668 5090 ⁸
1701 5057 1748 5113 Μ

1873 5096 1886 5110 .
1928 5073 2008 5122 χι,
2039 5049 2130 5110 9.8.

273 5207 380 5276 (28)
421 5210 554 5262 Ὀτι
585 5204 748 5278 ἦσαν
783 5211 1125 5276 ,ϐάλλοντες
1152 5213 1352 5278 πηλὸν
1392 5215 1478 5278 εὶς
1505 5213 1772 5267 κελλιόν.

211 5275 648 5352 Ειὰξοῆκανῗτᾷν
665 5283 866 5352 πηλόν
909 5279 1162 5352 Dissonat
1187 5275 1416 5335 multum
1437 5275 1640 5352 Pelagii
1656 5298 1774 5336 ver-

213 5350 449 5420 sio.Quia
471 5351 756 5413 misissent,
779 5351 976 5420 inquit,
999 5352 1272 5418 capt-inani
1299 5353 1484 5419 pellent
1513 5350 1776 5407 in'cellant

211 5435 372 5493 suam.
403 5419 480 5493 _Et
509 5419 831 5493 reliquerunt
863 5421 1035 5493 locum
1067 5437 1130 5474 ex
1166 5421 1445 5493 lateribus.
1473 5421 1778 5493 Legebatne

215 5489 370 5556 priori
385 5491 522 5564 loco
555 5489 844 5564 rgilov._aut
863 5490 1032 5562 μῆλον
1057 5505 1152 5546 seu
1182 5491 1457 5564 μηλωτήν,
1489 5489 1778 5564 posteriori

215 5573 332 5612 vero
352 5560 412 5612 τὸ
443 5559 713 5614 πλινθείον
735 5561 758 5614 ?

281 5628 388 5700 (29)
433 5629 560 5698 Ἐφ’
585 5629 740 5696 ἔτος.
771 5629 1005 5686 Glossaa:
1049 5631 1134 5699 ἐφ’
1169 5629 1306 5696 ἔτος.
1347 5632 1462 5687 Hoc
1488 5651 1650 5690 anno.
1682 5631 1782 5688 lta-

219 5713 320 5778 que
335 5715 400 5754 ex
435 5703 670 5778 vetustis
687 5717 833 5778 _mss.
861 5701 1202 5778 bibliotheca:
1225 5703 1556 5778 _Colbe_rtin_a:
1578 5719 1782 5778 repono

221 5767 270 5821 in
296 5767 502 5825 Joanne
534 5769 776 5836 Moscho,
814 5787 932 5842 cap.
977 5771 1046 5827 85
1081 5771 1236 5826 Prati
1259 5773 1776 5846 δρὶιοὶιηαιίδῖΚύριε

1883 5211 2048 5288 si“,
2079 5207 2311 5288 ὲφζετοις
2345 5205 2438 5288 μὴ,
2461 5204 2744 5288 “eadem
2781 5195 3048 5288 τὴνλίὲἷέι
3080 5193 3460 5288 ,ῒίὲἒέἒϊιέῗΐΐ

1885 5264 2072 5348 ήΘειαν
2093 5264 2204 5343 τοῖς
2233 5264 2486 5348 iram-16k.
2502 5264 2593 5348 ἵνα
2727 5264 2963 5348 στενωρῇ
2984 5264 3458 5348 ’τὺ-μοναστήριον.

1885 5293 2072 5348 ήυειαν
2093 5293 2204 5343 τοις
2233 5293 2486 5346 πτωχοις.
2505 5293 2589 5328 ινα
2663 5293 2696 5344 η
2727 5293 2963 5340 στενωοῃ
2984 5293 3044 5322 το
3077 5293 3434 5343 μυναυιιιλμιγν

1885 5349 1988 5406 Ubi
2023 5349 2311 5407 ediderunt
2339 5365 2352 5400 :
2379 5347 2548 5418 Ιςῷριε
2571 5293 2736 5418 ᾁὲἒὰξ,
2761 5341 2966 5418 ὲφ-ετῶν
3001 5339 3096 5410 μή,
3129 5346 3260 5418 cu},
3287 5349 3348 5386 ac
3385 5351 3440 5387 in

1886 5406 2166 5492 terprretati
2191 5425 2319 5492 sunt
2351 5434 2364 5469 ι
2401 5406 2548 5488 Νᾲιί.
2572 5406 3307 5492 donauerat”,'secundtint
3339 5420 3461 5492 con;

1887 5471 2364 5546 ὲὶιέῗέιῐιὶὶξέηῐέιανε
2393 5471 2708 5554 pauperibus
2728 5471 2998 5546 triticum,
3029 5477 3300 5534 transulto
3315 5471 3462 5547 quod

1887 5577 1996 5616 non
2021 5561 2414 5629 intelligebant.

1959 5633 2072 5702 (50)
2125 5624 2229 5702 Vit‘.
2259 5627 2411 5702 l_’atr.
2447 5643 2530 5689 ιιι,
2562 5624 2646 5702 19.

1961 5693 2071 5770 (51)
2125 5701 2226 5753 Vit.
2263 5697 2414 5770 lfatr.
2448 5697 2666 5770 vltt._9°
2703 5711 2784 5762 ιιι,
2809 5693 2856 5748 7.

1962 5703 2042 5770 (51
2125 5703 2226 5753 Vit.
2263 5703 2414 5752 Patr.
2448 5713 2566 5756 vin.
2599 5703 2614 5750 ι

1962 5703 2072 5844 (sai
2125 5771 2230 5826 Vit.
2271 5767 2418 5822 Patr.
2449 5784 2532 5830 ιιι,
2563 5765 2614 5822 8.
