3828 6306
388 283 493 341 639

1505 287 1848 345 APPENDIX
1888 289 1978 344 AD
2018 290 2437 350 PALLADIUM.

3520 296 3622 353 HO

388 404 568 464 mitte,
603 398 762 460 abba.
807 409 865 456 ut
902 399 1082 455 veniat
1127 413 1192 452 ac
1238 398 1417 454 videat
1450 406 1523 455 te.
1553 399 1624 452 At
1654 415 1821 456 senex
1871 415 1956 456 re-

2097 402 2174 466 δν,
2214 401 2421 470 λέγων’
2471 400 2829 472 Συγχώρησον
2883 397 3046 454 αὐτὸν
3074 400 3117 466 ⁸,
3152 398 3315 465 εσσε.
3367 403 3458 456 ἴνα
3499 404 3626 477 ἔλθῃ

389 495 609 565 spondit
638 513 650 547 :
675 494 832 549 Certe
859 506 968 546 non
999 489 1234 560 trajiciet
1271 491 1573 548 convallem
1606 492 1746 546 hanc
1775 507 1952 563 neque

2097 494 2145 547 αἱ
2178 493 2261 566 ἴδῃ
2295 511 2374 547 σε.
2414 495 2523 548 Καὶ
2565 492 2879 563 ἀποκριθεὶς
2934 494 2964 546 ὁ
3026 493 3203 562 γέρων
3254 489 3412 547 εἴπεο
3467 497 3629 552 Φύσει

392 605 480 644 me
506 594 898 654 conspecturus
923 589 1026 636 est.

463 679 515 730 7.
552 677 729 730 Abbas
785 673 972 728 Sisoes
1019 687 1322 729 sermonem
1369 682 1720 743 percontatus
1756 683 1840 729 est
1887 674 1956 729 de

392 768 586 821 abbate
619 764 712 819 Or.
745 763 810 816 Et
856 763 993 817 dixit
1043 764 1090 817 ei
1125 783 1137 817 :
1187 762 1391 818 Mihine
1427 764 1585 820 ﬁdem
1616 767 1827 822 habes?
1867 767 1956 821 Ait

393 860 482 913 ille
519 880 529 913 :
559 857 753 910 Etiam.
788 859 974 926 Itaque
1005 856 1071 910 ad
1101 872 1223 912 eum
1255 855 1461 924 :Vade,
1489 859 1633 928 quod
1665 875 1750 914 me
1773 857 1966 916 vidisti'

393 949 704 1013 facientem,
734 956 789 1002 tu
830 964 1046 1019 quoque
1088 947 1192 1003 fac.
1230 948 1491 1019 Excepit:
1519 949 1786 1017 Quidnam
1818 952 1872 1006 in
1906 959 1958 1006 te

393 1037 696 1107 conspicio,
739 1037 946 1092 Pater?
989 1035 1291 1107 Respondit
1337 1054 1550 1095 senex:
1605 1039 1760 1107 Quod
1805 1057 1960 1098 mons

395 1144 514 1185 mea
546 1127 686 1184 infra
717 1139 944 1184 cunctos
982 1129 1231 1186 homines
1258 1145 1318 1185 se
1345 1130 1637 1186 submittit.

469 1306 518 1359 8.
567 1304 897 1359 Referebant
917 1302 984 1358 de
1013 1303 1208 1358 abbate
1230 1301 1304 1356 0r
1338 1310 1393 1357 et
1429 1302 1625 1357 abbate
1651 1301 1962 1368 Theodoro,

397 1398 543 1468 quod
567 1396 789 1452 exordia
812 1397 951 1450 bona
973 1395 1340 1458 instituerent,
1375 1409 1437 1448 ac
1475 1394 1584 1450 Deo
1605 1397 1810 1465 gratias
1841 1413 1966 1467 age-

399 1497 518 1542 rent
548 1503 784 1557 semper.

471 1583 522 1634 9.
558 1578 702 1632 Dixit
751 1580 918 1632 abbas
960 1577 1036 1632 0r
1071 1597 1084 1632 :
1117 1578 1335 1633 Corona
1379 1579 1633 1633 monachi
1669 1588 1751 1634 est
1791 1579 1968 1635 humi-

405 1672 549 1726 litas.

476 1763 561 1818 10,
595 1760 736 1816 Dixit
773 1762 966 1821 iterum
997 1782 1008 1817 :
1041 1761 1142 1829 Qui
1190 1779 1356 1834 supra
1387 1763 1641 1819 meritum
1671 1764 1970 1819 honoratur
1996 1745 2042 1805 Β

409 1857 490 1910 vel
520 1854 794 1917 laudatur,
815 1855 985 1909 multo
1011 1854 1244 1908 allicitur
1267 1855 1470 1910 damno
1495 1871 1513 1908 :
1539 1855 1629 1924 qui
1654 1865 1834 1912 autem
1857 1857 1973 1912 nul-

407 1948 622 2002 latenus
656 1947 710 2000 in
743 1947 917 2016 pretio
946 1954 1030 2000 est
1061 1946 1201 2017 apud
1232 1947 1749 2020 homines.gloriam
1776 1964 1968 2020 super-

409 2056 477 2094 ne
503 2040 738 2094 delatam
770 2046 1153 2108 consequetur.

483 2131 568 2186 Η.
606 2128 803 2186 lterum
841 2131 1090 2184 monuit:
1121 2129 1347 2195 Quoties
1372 2137 1425 2182 te
1463 2129 1694 2184 subierit
1720 2129 1974 2201 cogitatio

409 2223 664 2277 elationis
698 2229 752 2276 et
773 2222 1063 2291 superbiae.
1083 2231 1332 2276 scrutare
1355 2221 1747 2277 conscientiam
1782 2229 1930 2274 tuam
1957 2237 1972 2287 ;

410 2324 590 2370 utrum
615 2313 796 2368 omnia
826 2314 1080 2370 mandata
1105 2313 1412 2370 servaveris
1436 2330 1450 2379 ;
1485 2329 1552 2367 an
1580 2313 1774 2383 diligas
1796 2313 1977 2368 inimi-

410 2421 504 2459 cos
529 2412 674 2465 tuos,
701 2416 766 2457 ac
791 2403 859 2458 de
901 2417 1090 2458 eorum
1129 2402 1432 2457 infortunio
1461 2411 1692 2459 mmstus
1715 2403 1822 2467 sis;
1855 2412 1978 2458 tene

411 2511 632 2552 servum
653 2495 900 2549 inutilem
925 2494 1118 2558 ducas,
1154 2509 1367 2550 necnon
1413 2510 1577 2564 supra
1602 2506 1829 2550 cunctos
1852 2509 1978 2565 pec-

411 2595 666 2644 catorem.
703 2586 798 2643 His
828 2587 968 2656 apud
1001 2597 1053 2642 te
1077 2586 1448 2658 deprehensis,
1471 2587 1582 2641 noli
1607 2586 1783 2642 adhuc
1809 2587 1978 2642 altum

415 2695 636 2750 sapere,
675 2680 833 2749 quasi
883 2689 1029 2734 recta
1078 2681 1261 2734 omnia
1309 2682 1627 2752 peregeris;
1672 2681 1767 2736 sed
1816 2683 1977 2747 scito,

411 2788 508 2843 per
531 2771 799 2841 ejusmodi
830 2772 1214 2842 cogitationem
1249 2773 1507 2828 universa
1529 2773 1766 2830 destrui.

487 2863 576 2920 12.
607 2864 871 2934 Praecepit
895 2863 1060 2918 etiam
1093 2880 1107 2919 :
1147 2863 1203 2918 In
1233 2865 1381 2920 omni
1427 2866 1748 2930 tentatione,
1778 2865 1848 2922 de
1885 2866 1984 2920 ho—

417 2956 560 3012 mine
592 2969 866 3024 quoquam
909 2969 978 3010 ne
1031 2957 1414 3026 conqueraris,
1460 2955 1554 3010 sed
1596 2955 1664 3011 de
1698 2963 1754 3011 te
1779 2957 1983 3010 solum-

2051 587 2112 640 οὑ
2142 589 2316 658 περνᾷ
2341 586 2438 658 τὴν
2470 586 2726 658 φάραγγα
2757 585 2981 656 ταύτην,
3013 585 3106 638 καὶ
3139 585 3324 656 βλέπει
3349 604 3438 657 με.

2119 676 2187 741 ζ’.
2230 676 2540 748 Ἢρώτησεν
2568 677 2598 729 ὁ
2631 675 2804 740 assa;
2839 676 3034 748 Σισόης
3055 675 3148 728 τὸν
3183 676 3357 730 ἀῦεείν
3379 678 3503 749 “Op,
3537 677 3626 730 λέ-

2055 783 2166 837 γων
2183 787 2195 800 ·
2231 769 2368 823 Εὶπέ
2394 786 2482 839 μοι
2501 767 2675 836 λόγον.
2701 767 2812 821 Καὶ
2834 763 2984 820 εἶπεν
3013 766 3162 838 αὐτῷ
3181 785 3192 798 ·
3229 769 3414 838 Ἔχεις
3446 769 3629 822 πίστιν

2055 866 2135 927 είς
2162 863 2260 934 ἐμέ
2285 879 2299 927 ;
2327 861 2437 914 Καὶ
2461 855 2614 912 εἴπεο
2657 858 2785 912 Ναί.
2819 857 2986 912 Εἶπεν
3022 854 3117 912 οὖν
3164 858 3342 929 αὐτῷ’
3384 859 3628 927 ’Υπαγε,

2057 956 2152 1010 καὶ
2171 955 2201 1008 ὃ
2220 952 2471 1026 ἑώρακάς
2513 968 2580 1022 με
2623 949 2897 1014 ποιοῦντα,
2929 951 3160 1022 ποίησον
3185 955 3278 1006 καὶ
3307 951 3394 1004 σύ.
3427 953 3539 1004 Καὶ
3560 948 3634 1004 εἷ-

2061 1062 2162 1099 πεν
2189 1043 2338 1114 αὐτῷ
2361 1059 2375 1073 ⁸
2417 1041 2484 1096 Τί
2517 1040 2650 1114 ὁρῶ,
2685 1041 2884 1112 Πάτερ,
2917 1041 2996 1104 είς
3028 1042 3119 1108 σέ;
3157 1042 3301 1112 Ἔφη
3342 1042 3400 1096 δὲ
3436 1041 3633 1112 αὑτῷὸ

2059 1139 2259 1210 γέρων,
2296 1137 2377 1190 ὅτι
2423 1135 2482 1188 '0
2501 1132 2760 1204 λογισμός
2791 1150 2891 1204 μου
2925 1132 3229 1205 κατώτερός
3256 1136 3372 1189 ἐστι
3415 1136 3633 1189 πάντων

2063 1229 2160 1284 ἀνθ
2169 1227 2388 1300 ρώπων.

2131 1326 2202 1392 η’.
2241 1318 2470 1386 Ἔλεγον
2499 1316 2629 1389 rupi
2659 1315 2754 1368 τοῦ
2783 1315 2927 1370 ἀϐὁᾶ
2949 1317 3048 1389 Ὢρ
3081 1317 3176 1370 καὶ
3203 1314 3297 1370 τοῦ
3327 1316 3476 1370 ἀδεᾶ
3505 1316 3634 1369 Θεο-

2063 1410 2259 1482 δώρου,
2292 1410 2376 1463 ὅτι
2401 1405 2541 1479 ἦσαν
2576 1406 2859 1478 βάλλοντες
2886 1408 3060 1478 ἀρχὰς
3090 1408 3451 1478 ἁγαθὰς,κσ.ὶ
3476 1410 3638 1480 εὐχα-

2069 1501 2378 1571 ριστοῦντες
2411 1499 2491 1570 τῷ
2521 1498 2640 1569 Θεῷ
2671 1498 2984 1564 διαπαντός.

2137 1592 2206 1646 θ’.
2237 1589 2403 1645 Εἶπεν
2431 1593 2460 1644 ὁ
2485 1591 2658 1656 assa;
2701 1592 2802 1663 Ὠρ
2823 1607 2838 1622 ·
2885 1590 3152 1660 Στέφανός
3189 1591 3306 1644 ἐστι
3344 1588 3580 1662 μοναχοῦ
3605 1592 3640 1662 ἠ

2067 1701 2327 1752 ταπεινοφ
2336 1682 2554 1755 ροσύνη.
3625 1678 3631 1685 ’

2143 1785 2195 1829 ι’.
2221 1770 2358 1828 Eine
2400 1773 2596 1828 πάλιν’
2643 1773 2702 1826 '0
2743 1771 2903 1825 πλέον
2945 1772 3044 1842 τῆς
3080 1772 3235 1838 ἀξίας
3273 1770 3639 1844 τιμώμενοςῆ

2071 1867 2464 1936 ἐπαινούμενος
2490 1864 2625 1917 πολὺ
2647 1861 2967 1934 ζημιοῦται·
3007 1864 3036 1915 ὁ
3065 1861 3122 1915 δὲ
3154 1861 3285 1932 μηδὲ
3316 1862 3454 1924 ὅλως
3476 1859 3644 1933 τιμῶν

2075 1978 2232 2033 μενος
2262 1958 2366 2012 ὑπὸ
2397 1957 2506 2011 τῶν
2537 1953 2837 2027 ἀνθρώπων
2865 1953 3071 2010 ἀνωθεν
3094 1953 3503 2025 δοξασθήσεται.

2147 2147 2235 2194 ια’.
2269 2138 2437 2192 Πάλιν
2479 2131 2634 2190 εἶπεν
2655 2154 2667 2167 ο
2703 2135 2870 2188 Ὅταν
2901 2131 3159 2204 λογισμὸς
3194 2128 3648 2201 ὑψηλοφροσὼης

2074 2235 2107 2306 ἢ
2143 2229 2520 2303 ὑπερηφανίας
2546 2226 2854 2282 ὑπεισέλθοι
2882 2243 2985 2292 σοι,
3015 2224 3210 2296 ἐρεύνα
3240 2240 3334 2276 σου
3361 2223 3424 2275 τὸ
3463 2238 3642 2275 συνει-

2074 2326 2184 2388 δὸς,
2209 2327 2258 2377 εί
2283 2324 2463 2386 πάσας
2495 2321 2593 2386 τὰς
2628 2318 2846 2382 ἐντολὰς
2874 2317 3164 2388 ὲφύλαξας,
3200 2317 3248 2369 εί
3274 2315 3495 2384 ἀγαπᾷς
3520 2315 3649 2378 τοὶς

2078 2415 2304 2488 ἐχθρούς
2339 2432 2455 2482 σου,
2487 2415 2582 2467 καὶ
2611 2413 2753 2483 λυπῇ
2777 2412 2869 2464 ἐπὶ
2898 2414 2963 2482 τῇ
3001 2408 3287 2464 ἐλαττώσει
3316 2405 3518 2471 αὐτῶν,
3551 2405 3648 2459 καὶ

2078 2509 2221 2580 ἔχεις
2257 2507 2448 2562 ἑαυτὸν
2474 2505 2658 2560 δοῦλον
2685 2506 2920 2577 ἀχρεῖον,
2961 2503 3054 2557 καὶ
3079 2502 3294 2556 πάντων
3328 2497 3647 2571 ἁμαρτωλό-

2076 2616 2265 2672 τερονο
2307 2599 2402 2652 καὶ
2454 2599 2572 2651 τότε
2629 2597 2762 2668 μηδὲ
2806 2595 2978 2658 οὕτως
3027 2594 3169 2665 μέγα
3216 2594 3515 2665 φρονήσῃς,
3573 2589 3648 2651 ὡς

2080 2693 2258 2745 πάντα
2289 2688 2635 2762 κατορθώσας
2655 2705 2668 2716 ο
2702 2687 2856 2751 εἰδὼς
2889 2688 2972 2741 ὅτι
3004 2682 3154 2750 οὗτος
3178 2688 3205 2740 ὁ
3232 2683 3492 2754 λογισμὸς
3510 2683 3645 2735 πάν⁸

2079 2802 2147 2838 τα
2171 2771 2450 2839 καταλύει.

2153 2876 2241 2941 ιβ’.
2269 2871 2404 2928 Eine
2435 2875 2624 2929 πάλιν·
2676 2873 2765 2927 Ἐν
2797 2873 2960 2925 παντὶ
2989 2869 3281 2942 πειρασμῷ
3321 2868 3396 2939 μὴ
3431 2867 3650 2938 μέμφου

2082 2967 2388 3038 ἄνθρωπον,
2423 2967 2557 3020 ἀλλά
2594 2965 2818 3019 σεαυτὸν
2865 2963 3043 3035 μόνον,
3077 2963 3271 3032 λέγων,
3306 2961 3389 3014 ὅτι
3412 2959 3514 3013 Διὰ
3554 2958 3652 3019 τὰς

417 3048 602 3114 modo,
629 3048 819 3104 dicens
844 3068 856 3102 :
890 3047 1118 3120 Propter
1139 3062 1366 3121 peccata
1393 3066 1534 3115 mea,
1560 3052 1675 3106 haec
1704 3051 1840 3107 mihi
1857 3066 1979 3107 con-

2097 3058 2354 3128 ὶμαρτίας
2391 3075 2492 3127 μου
2513 3056 2687 3110 ταῦτα
2716 3054 3002 3128 συμϐαίνει
3035 3071 3142 3126 μοι.

416 3142 655 3213 tingunt.

493 3236 579 3289 l3.
618 3233 731 3291 Hoc
779 3249 997 3305 quoque
1045 3235 1267 3290 etfatum
1320 3229 1467 3291 illius
1525 3234 1739 3292 fertur:
1768 3235 1889 3292 Noli
1927 3237 1982 3291 in

419 3327 584 3382 corde
616 3334 710 3380 tuo
742 3335 934 3380 contra
969 3325 1190 3380 fratrem
1213 3335 1366 3381 tuum
1390 3327 1574 3382 dicere
1614 3346 1628 3381 :
1656 3326 1877 3398 Maioris
1897 3344 1986 3383 εο-

421 3419 671 3475 brietatis
691 3432 754 3473 ac
786 3419 907 3473 vitae
931 3418 1252 3474 austerioris
1274 3417 1436 3473 homo
1467 3434 1585 3472 sum
1614 3437 1627 3472 :
1671 3419 1764 3474 sed
1797 3419 1986 3489 gratiae

420 3509 628 3564 Christi
669 3509 878 3578 subiice
905 3516 980 3573 te,
1013 3510 1067 3564 in
1101 3509 1294 3579 spiritu
1323 3509 1676 3579 paupertatis,
1705 3516 1758 3564 et
1807 3510 1988 3565 chari-

423 3600 552 3668 tatis
581 3614 688 3654 non
717 3598 892 3666 fictat;
928 3616 996 3653 ne
1034 3598 1174 3654 forte
1199 3599 1543 3669 gloriationis
1576 3599 1770 3668 spiritu
1807 3599 1987 3668 prola-

425 3691 593 3750 baris.
617 3691 948 3761 amittasquc
976 3690 1189 3745 labores
1223 3700 1367 3745 tuos.
1394 3689 1669 3759 Scriptum
1704 3691 1847 3745 enim
1868 3700 1984 3746 est:

424 3783 530 3850 Qui
555 3800 609 3838 se
634 3785 903 3837 existimat
930 3795 1095 3848 stare,
1125 3782 1298 3838 videat
1322 3799 1384 3838 ne
1413 3783 1623 3838 cadat“.
1652 3782 1776 3838 Sale
1805 3791 1989 3840 autem

423 3876 676 3930 conditas
709 3877 784 3930 sis
826 3875 880 3928 in
910 3875 1194 3931 Doinino'.

494 3969 579 4023 14.
620 3968 685 4022 Et
725 3969 865 4024 hanc
922 3969 1252 4032 sententiam
1319 3968 1544 4038 protulit
1583 3987 1598 4023 :
1635 3966 1734 4022 Vel
1782 3966 1993 4038 fugiens

425 4059 551 4130 fuge
581 4059 866 4124 homines;
900 4060 980 4114 vel
1005 4059 1208 4114 mundo
1233 4069 1288 4115 et
1323 4060 1637 4115 hominibus
1662 4059 1994 4124 illude,stul-

425 4163 540 4207 tum
568 4162 618 4207 te
647 4155 698 4206 in
723 4153 911 4208 multis
933 4155 1098 4209 rebus
1131 4154 1354 4209 faciens.

498 4243 586 4298 15.
625 4242 838 4300 Rursus
885 4245 1091 4301 istam:
1141 4242 1196 4297 Si
1241 4245 1382 4298 male
1441 4249 1656 4298 locutus
1717 4240 1887 4298 fueris
1926 4241 1994 4297 de

427 4335 595 4392 fratre
640 4343 756 4400 tuo,
791 4345 953 4407 atque
981 4337 1328 4391 conscientia:
1357 4335 1546 4390 aculeo
1577 4334 1856 4405 pungaris,
1882 4334 1991 4398 abi,

2155 3245 2241 3307 ιγ.
2270 3237 2437 3292 Πάλιν
2465 3233 2585 3290 εἷπε
2607 3254 2620 3268 ·
2658 3235 2747 3308 Μὴ
2776 3236 2936 3308 εἴπῃς
2968 3235 3025 3288 ὲν
3055 3236 3120 3305 τῇ
3153 3231 3350 3306 καρδίᾳ
3386 3249 3481 3285 σου
3516 3231 3657 3285 κατά

2081 3328 2178 3382 τοῦ
2200 3327 2430 3398 ἀδελφοῦ
2467 3345 2582 3392 σου,
2621 3327 2816 3396 λέγων,
2843 3327 2926 3380 ὅτι
2955 3324 3376 3397 Νηφαλιώτερός
3411 3324 3531 3393 εἰμι
3564 3321 3659 3374 καὶ

2084 3415 2526 3491 ἀσκητικώτερος
2548 3435 2561 3447 ·
2603 3416 2719 3471 ἀλλ’
2751 3416 3054 3470 ὑποτάσσου
3085 3417 3148 3486 τῇ
3184 3413 3366 3484 χάριτι
3396 3411 3491 3464 τοῦ
3525 3411 3657 3480 Χρι-

2088 3512 2213 3566 στοῦ
2267 3513 2324 3566 ὲν
2371 3509 2639 3580 πνεύματι
2691 3507 2962 3577 πτωχείας
2991 3505 3086 3559 καὶ
3113 3504 3331 3573 ἀγάπης
3365 3500 3659 3571 ἀνυποκρίο

2086 3621 2201 3668 του,
2247 3602 2335 3655 ἵνα
2385 3601 2461 3672 μὴ
2513 3598 2780 3670 πνεύματι
2831 3596 3146 3667 καυχήσεως
3193 3590 3518 3663 περιπέσῃς,
3566 3589 3661 3642 καὶ

2089 3689 2359 3766 ἀπολέσῃς
2390 3708 2484 3746 σου
2513 3691 2604 3744 τὸν
2629 3690 2815 3743 κόπον.
2847 3687 3156 3758 Γέγραπται
3178 3684 3286 3754 γάρ
3307 3699 3322 3712 ·
3376 3682 3430 3734 '0
3465 3677 3661 3733 δοκῶν

2089 3786 2360 3849 ἑστάναι,
2388 3782 2670 3850 ,βλεπέτω
2692 3781 2778 3852 μὴ
2811 3781 2994 3848 πέσῃ.
3034 3778 3228 3831 ’Λλατι
3265 3775 3321 3828 δὲ
3353 3771 3660 3845 ἠρτυμένος

2091 3879 2182 3932 ἔσο
2205 3880 2262 3933 ἐν
2283 3879 2496 3951 Κυρίῳ.

2166 3971 2246 4024 ιδ’.
2289 3967 2426 4024 Eine
2468 3969 2658 4023 πάλινο
2713 3967 2782 4020 Ἦ
2812 3962 3028 4034 φεύγων
3082 3960 3252 4031 φεῦγε
3289 3956 3412 4020 τοὺς
3445 3951 3661 4026 ἀνθρώ-

2091 4081 2246 4127 πους,
2275 4063 2308 4134 ἢ
2342 4059 2605 4131 ἕμπαιξον
2647 4059 2738 4111 τὸν
2777 4058 2981 4125 κόσμον
3023 4053 3120 4107 καὶ
3157 4051 3284 4115 τοὺς
3317 4045 3660 4119 ἀνθρώπους,

2097 4158 2276 4230 μωρὸν
2305 4155 2526 4209 σεαυτὸν
2545 4155 2622 4217 είς
2651 4152 2720 4206 τὰ
2756 4149 2923 4204 πολλὰ
2951 4140 3138 4202 ποιῶν.

2166 4227 2247 4301 ιε’.
2283 4246 2454 4301 Πάλιν
2499 4242 2680 4297 εἶπεν·
2726 4243 2850 4296 Ἐὰν
2887 4237 3268 4310 καταλαλήσῃς
3299 4233 3393 4287 τοῦ
3428 4227 3662 4300 ἀδελφοῦ

2098 4357 2213 4402 σου,
2241 4339 2334 4392 καὶ
2365 4336 2540 4409 πλήξῃ
2571 4352 2630 4388 σε
2655 4335 2716 4388 τὸ
2743 4331 3122 4394 συνειδός.σου,
3151 4325 3371 4390 ἄπελθε,
3405 4322 3531 4393 βάλε
3564 4319 3663 4374 αὗ-

427 4437 482 4482 te
506 4427 610 4498 ipsi
642 4429 970 4498 paenitenter
1004 4429 1228 4491 inclina,
1251 4436 1306 4483 et
1332 4428 1497 4484 dicito
1523 4447 1536 4482 :
1568 4427 1782 4482 Detraxi
1807 4427 1873 4481 de
1905 4436 1979 4491 te;

2097 4432 2172 4502 τῷ
2210 4431 2518 4502 μετάνοιαν,
2561 4429 2652 4482 καὶ
2684 4426 2825 4490 είπὲ,
2868 4425 2951 4478 ὅτι
2995 4417 3351 4490 Κατελάλησά
3397 4432 3513 4478 σου,
3569 4412 3663 4464 καὶ

431 4523 499 4576 ad
533 4521 645 4576 haec
686 4522 1040 4577 securitatem
1088 4530 1283 4592 przesta
1316 4520 1461 4590 quod
1493 4535 1599 4575 non
1647 4519 1884 4590 amplius
1925 4518 1992 4572 il.

429 4615 653 4672 luderis.
690 4613 835 4672 Mors
857 4615 1000 4668 enim
1043 4614 1242 4667 animae
1286 4619 1370 4669 est
1398 4611 1686 4667 detractio.

841 4725 994 4781 Finis
1023 4727 1222 4780 ordinis
1246 4724 1578 4794 alphabetici.

503 4883 524 4913 ⁸
552 4883 568 4936 1
599 4885 727 4939 Cor.
768 4901 823 4948 χ,
858 4884 946 4940 12.
1019 4885 1038 4914 '
1072 4881 1188 4938 Coi.
1225 4899 1298 4948 tv,
1335 4881 1387 4936 6.
1462 4882 1483 4914 ⁸
1521 4881 1606 4936 ΔΙ.
1638 4879 1813 4950 αὐτῷ.

2100 4523 2393 4592 ἀσφάλισαι
2445 4521 2638 4592 μηκέτι
2677 4517 3064 4589 ἐμπαιχθῆναι.
3116 4511 3352 4572 Θάνατος
3396 4505 3505 4577 γάρ
3549 4504 3662 4556 ἐστι

2099 4612 2196 4684 τῆς
2227 4611 2406 4683 ψυχῆς
2434 4614 2468 4683 ἡ
2495 4607 2817 4663 καταλαλιά.

2491 4720 2668 4786 Τέλος
2690 4719 2756 4773 τὸ
2784 4717 2936 4772 κατὰ
2959 4711 3283 4783 στοιχεῖον.

1728 5128 2349 5222 ΜΟΝΙΤΗΜ.

1401 5290 1750 5350 (Εοτειιιιωε,
1775 5282 1957 5335 Eccles.
1982 5284 2138 5334 Grec.
2169 5281 2403 5336 Monum,
2429 5275 2496 5326 Ill
2517 5313 2530 5335 ,
2566 5273 2700 5335 171.)

2023 5395 2092 5408 ..-

505 5495 847 5562 ςεαιιεηιρηι
864 5491 1166 5550 historiam.
1198 5492 1520 5562 Paradisum
1541 5489 1766 5562 dictam,
1792 5486 2080 5562 in_tribtis__
2097 5461 3498 5562 codici‘btts‘ﬂcgii‘s'.Et“‘“Eggfigﬁti'mﬂag‘ﬁ
3523 5469 3668 5562 ἓξὲξ

436 5563 494 5615 Et
529 5555 694 5617 codex
724 5561 942 5632 quidem
980 5562 1177 5628 Regius
1205 5579 1352 5615 lllllll.
1399 5561 1518 5615 159.
1545 5557 1951 5632 titulumhabet
1982 5571 1994 5606 :
2035 5555 2142 5632 ’ζου

2542 5525 2784 5619 αι
2821 5537 3164 5619 παράρεισος.
3177 5529 3330 5619 ’Φίλ-τγ
3431 5528 3515 5619 τῇ.
3531 5525 3674 5619 -

529 5598 694 5617 was.
724 5598 736 5614 ι
766 5598 942 5615 μων...
980 5598 1050 5616 ..μ
1095 5598 1177 5617 ...ο
1404 5598 1518 5615 .υ.,.
1793 5598 1951 5611 .....,ν.
1982 5598 1994 5606 .
2048 5598 2206 5606 ---η
2251 5598 2294 5604 η
2644 5598 2653 5612 .
2726 5611 2736 5625 ο
2901 5598 2912 5610 .
2958 5607 2981 5618 _
3317 5598 3368 5608 .-
3611 5598 3634 5606 _

435 5633 555 5701 θείᾳ
578 5634 670 5685 καὶ
700 5598 808 5701 ἒὲτι
828 5636 936 5694 τοῖς
958 5598 1166 5684 strigam
1194 5632 1533 5701 πνευματικῇ
1561 5627 1972 5701 εντυγχᾷινουσιν
2001 5625 2159 5701 αὐτῇ.
2182 5622 2303 5684 Βίος
2324 5598 2427 5701 ἰξοῦ
2462 5616 2604 5701 ὀιξὸϐἅ
2623 5613 2985 5701 “mavelis?”
3276 5599 3666 5701 ‘33:"

437 5667 555 5684 υς...
579 5667 670 5685 ιι...
700 5667 808 5686 εδ..
838 5667 907 5685 .-.~.
958 5667 1166 5684 νικος.
1201 5667 1325 5685 ...ευ
1375 5667 1517 5683 νην..
1561 5667 1681 5682 ω...
1761 5667 1969 5680 ηπ-..

437 5691 665 5781 ιιρώτην
688 5699 780 5762 οὖν
805 5673 938 5756 θεοξ
978 5703 1239 5768 θέλοντος,
1276 5667 1382 5756 et;
1427 5667 1683 5774 Sequitur
1699 5667 1873 5754 ‘eltiam.
1902 5699 1970 5752 de

2099 5667 2300 5759 li‘n'oBEI
2324 5667 2437 5754 n.3,
2466 5667 2783 5756 Oxyrynchi
2818 5679 2970 5738 urbe.
3006 5667 3252 5737 Theone,
3287 5668 3435 5735 Elia,
3455 5667 3665 5738 Apollo,
