3828 6350
484 334 590 388 4ίῦ

1602 339 1941 398 ΑΡΡΕΝΒΙΧ
1979 341 2068 395 AD
2107 341 2520 397 PALLADIUM.

3603 344 3704 400 4H

484 449 577 517 qui
622 446 932 516 hujusmodi
980 449 1348 503 narrationem
1389 451 1705 521 aggrediar;
1754 455 1883 524 quia
1935 470 2034 508 non

2147 455 2359 524 γήσεως
2394 454 2784 526 κατάρξασθαι,
2817 454 2905 507 διὰ
2949 455 3010 507 τὸ
3057 457 3132 528 μὴ
3181 457 3359 509 ἱκανὸν
3389 453 3547 522 εἶναι,
3585 477 3705 524 τους

485 539 658 602 decet,
699 547 758 593 ut
795 539 945 608 parvi
979 554 1171 608 magna
1213 539 1482 610 attingant
1524 555 1866 611 argumenta,
1917 561 2042 600 cum

483 646 593 684 non
631 631 841 701 possint
881 630 1145 700 condigne
1186 633 1467 687 veritatem
1498 633 1823 700 edisserere,
1872 639 2043 692 maxi-

485 739 678 793 meque
735 740 846 778 rem
887 725 1104 794 scriptis
1160 726 1519 796 cousignare,
1572 745 1668 798 per
1715 732 2039 788 mediocrem

484 830 788 869 sermonem
831 814 990 868 eﬂatu
1028 816 1266 871 dimcilia
1295 818 1442 872 eﬂ'ari
1479 821 1730 876 audendo
1764 840 1775 876 :
1815 825 1865 878 id
1897 827 2043 895 quod

482 904 637 957 valde
662 905 999 973 nimiumque
1033 905 1214 959 audax
1249 916 1334 961 est
1363 923 1426 962 ac
1464 911 1850 978 periculosum,
1885 915 2042 971 nobis

480 995 574 1065 qui
624 995 848 1050 viliores
894 1012 1107 1064 sumus,
1154 1000 1330 1068 primo
1379 1001 1446 1055 ad
1491 1002 1633 1056 hanc
1679 1005 2040 1060 celsissimam

480 1091 762 1145 materiam
799 1107 893 1160 per
931 1094 1135 1162 scripta
1177 1093 1456 1151 accedere.
1488 1095 1870 1154 Verumtamen
1909 1116 2044 1169 quo-

478 1185 626 1237 niam
666 1200 808 1254 smpe
850 1187 1050 1254 saepius
1080 1195 1302 1257 rogatus
1349 1189 1422 1242 l'ui
1454 1206 1482 1242 a
1513 1192 1767 1260 religiosa
1794 1191 2044 1248 fraterni-

479 1281 609 1340 tate,
651 1291 770 1345 quze
807 1277 862 1330 in
889 1284 1071 1331 monte
1102 1287 1296 1332 sancto
1329 1279 1520 1334 Oliveti
1555 1276 1948 1345 commoratur,
1983 1292 2042 1337 ut

477 1365 547 1419 iis
585 1366 949 1423 describerem
981 1368 1361 1440 Egyptiorum
1400 1373 1794 1428 monachorum
1827 1375 2041 1430 vivendi

478 1458 736 1521 rationes,
778 1475 915 1530 quas
962 1462 1249 1531 conspexi,
1300 1478 1547 1533 magnam
1587 1481 1775 1520 eorum
1805 1466 2041 1520 eharita-

476 1555 609 1612 tem,
649 1559 702 1604 et
739 1552 963 1606 multam
1014 1554 1456 1609 exercitationem
1495 1555 1713 1625 pietatis
1747 1575 1762 1624 ;
1822 1558 2038 1612 illorum

476 1641 729 1708 precibus
754 1641 1069 1707 conﬁdens,
1104 1643 1247 1697 hanc
1274 1644 1590 1699 relationem
1624 1647 1904 1716 suscipere
1939 1664 2039 1702 au-

478 1746 573 1785 sus
595 1745 750 1798 sum;
778 1747 886 1800 quo
914 1741 967 1786 et
1008 1733 1140 1788 mihi
1177 1734 1421 1788 nonnihil
1457 1735 1591 1789 lucri
1621 1737 1845 1792 accedat
1877 1754 1943 1792 ex
1974 1755 2039 1794 eo

473 1821 865 1887 emolumento,
913 1823 1041 1876 dum
1078 1825 1323 1894 ipsorum
1366 1825 1612 1882 imitatus
1661 1825 1816 1882 fuero
1845 1829 2035 1894 vitam,

474 1918 638 1981 atque
687 1913 992 1968 absolutam
1041 1929 1069 1968 a
1112 1916 1315 1970 mundo
1363 1917 1750 1983 secessionem,
1798 1919 2038 1989 itemque

473 2004 727 2072 quietem,
752 2021 849 2076 per
883 2007 1222 2060 tolerantiam
1259 2009 1540 2075 virtutum,
1577 2024 1741 2079 quam
1777 2011 1842 2064 ad
1877 2011 2033 2066 linem

471 2113 644 2167 usque
667 2099 924 2153 retinent.
954 2098 1089 2154 Vere
1117 2101 1261 2154 enim
1290 2101 1521 2155 intuitus
1557 2117 1674 2155 sum
1699 2100 1786 2156 Dei
1815 2102 2038 2157 thesau-

469 2201 615 2251 rum,
657 2188 950 2243 multorum
1001 2191 1310 2245 utilitatem.
1353 2188 1551 2244 Verum
1586 2191 1638 2243 in
1685 2206 1844 2246 usum
1886 2207 2039 2247 com-

468 2295 687 2334 munem
748 2281 960 2335 lucrum
1014 2281 1480 2352 produxitratus
1529 2283 1848 2352 praeclaram
1902 2285 2034 2338 mihi

467 2367 584 2424 fore
609 2369 926 2439 hujusmodi
958 2347 1408 2443 negotiation‘cm,
1450 2373 1496 2428 si
1532 2374 1801 2428 commodi
1839 2373 2034 2429 fratres

465 2462 760 2531 participes
794 2461 1055 2529 facerem,
1099 2471 1158 2516 ut
1207 2479 1305 2533 pro
1347 2479 1468 2517 mea
1505 2454 1798 2533 precentur
1835 2465 2029 2519 salute.

463 2553 648 2610 Primo
671 2557 854 2626 itaque
884 2557 1024 2612 hanc
1056 2558 1514 2626 conscriptionem
1556 2558 1859 2624 instituam,
1904 2559 2035 2613 assi-

464 2651 641 2700 stenle
676 2644 966 2700 Servatore
1004 2654 1194 2700 nostro
1217 2645 1346 2699 Jesu
1385 2646 1640 2712 Christo;
1689 2646 2032 2716 quandoqui-

461 2737 583 2791 dem
615 2737 771 2805 juxta
800 2737 971 2807 ipsius
996 2737 1328 2801 doctrinam,
1365 2738 1465 2793 hoc
1489 2748 1652 2808 pacto
1682 2739 1850 2792 vitam
1875 2754 2031 2795 suam

460 2828 703 2899 Egyptii
747 2829 998 2882 monachi
1048 2830 1422 2884 moderantur.
1489 2830 1611 2885 Vidi
1671 2832 1871 2900 quippe
1923 2832 2031 2885 illic

459 2922 661 2976 multos
685 2920 897 2985 Patres,
931 2922 1231 2991 angelicam
1261 2923 1424 2976 vitam
1449 2932 1692 2993 agentes,
1726 2938 1789 2977 ac
1813 2924 1866 2977 in
1900 2923 2031 2978 Ser-

461 3011 665 3065 vatoris
716 3012 889 3066 nostri
947 3011 1075 3068 Jesu
1123 3013 1428 3068 imitatione
1477 3013 1813 3079 incedentes,
1860 3030 2030 3070 novos

2149 547 2378 615 μικροὺς
2429 547 2537 600 τῶν
2587 546 2838 617 μεγάλων
2888 549 3225 614 ἐφάπτεσθαι
3267 550 3598 613 ὑποθέσεων,
3633 553 3703 623 μὴ

2093 673 2100 679 -
2143 636 2378 703 ἐπαξίως
2401 637 2422 668 ⁸
2441 638 2767 708 δυναμένους
2791 638 2859 692 τὰ
2873 639 3046 710 ἀληθῆ
3073 639 3322 706 ἐξειπεῖν,
3353 643 3446 695 καὶ
3476 644 3705 712 μάλιστα

2144 731 2326 798 γραφῇ
2364 727 2692 800 παραδοῦναι
2724 729 2784 780 τὸ
2815 731 3066 799 πρᾶγμα,
3096 731 3190 783 καὶ
3225 733 3431 808 μετρίῳ
3459 734 3603 804 λόγῳ
3642 739 3704 787 τὰ

2143 818 2459 888 δύσφραστα
2491 820 2716 890 φράζειν
2757 821 3241 891 κατατολμῶντας·
3279 826 3417 898 ὅπερ
3463 829 3558 878 καὶ
3589 827 3706 879 τολ-

2147 909 2446 975 μηρότερον
2479 906 2616 973 ἄγαν
2642 906 2732 959 καὶ
2755 908 3109 974 ἐπικίνδυνον,
3138 911 3537 984 εὐτελεστέροις
3560 911 3706 966 οὖσιν

2142 999 2295 1065 ἡμῖν,
2335 996 2563 1066 πρώτως
2587 997 2678 1049 ἐπὶ
2706 998 2804 1068 τὴν
2826 999 3168 1071 ὑψηλοτάτην
3193 1002 3399 1072 ταύτην
3425 1004 3701 1065 ὑπόθεσιν,

2143 1087 2229 1139 διὰ
2249 1087 2590 1157 γραμμάτων
2617 1091 2830 1158 χωρεῖν.
2871 1090 3046 1159 Ὀμῶς
3070 1091 3446 1162 παρακληθεὶς
3469 1095 3706 1163 συνεχῶς

2143 1180 2250 1232 ὑπὸ
2273 1180 2368 1248 τῆς
2399 1179 2660 1243 εὐλαϐοῦς
2689 1181 3064 1252 άδελφότητος,
3099 1183 3200 1252 τῆς
3231 1185 3289 1235 ἐν
3315 1183 3394 1254 τῷ
3421 1185 3564 1255 ἁγίῳ
3592 1187 3704 1255 spe:

2141 1273 2250 1326 τῶν
2296 1272 2518 1326 Ἐλαιῶν
2550 1272 2992 1345 πολιτευομένης,
3024 1275 3234 1347 γράψαι
3259 1277 3440 1340 αὐτοῖς
3470 1277 3572 1341 τὰς
3599 1277 3707 1330 τῶν

2144 1365 2200 1418 ἐν
2230 1365 2490 1434 Αἰγύπτῳ
2534 1364 2784 1434 μοναχῶν
2817 1366 3109 1432 πολιτείας,
3137 1368 3203 1431 ἃς
3246 1369 3578 1440 ἐθεασάμην,
3612 1369 3707 1440 τὴν

2144 1454 2343 1524 πολλὴν
2383 1455 2604 1524 ἀγάπην
2644 1455 2845 1520 αὐτῶν,
2877 1457 2969 1509 καὶ
3017 1457 3216 1528 πολλὴν
3273 1459 3538 1531 ἄσκησιν·
3589 1464 3707 1524 ταῖς

2141 1546 2320 1598 αὐτῶν
2371 1547 2558 1616 εὐχαῖς
2605 1548 3065 1615 καταπιστεύσας,
3106 1550 3378 1621 ἐτόλμησα
3426 1551 3567 1622 πρὸς
3611 1552 3708 1620 τὴν

2141 1636 2390 1707 διήγησιν
2412 1637 2616 1707 ταύτην
2641 1638 2954 1709 τραπῆναι·
2995 1640 3084 1694 ἴνα
3124 1641 3290 1711 κάμοί
3314 1660 3367 1694 τι
3396 1642 3591 1712 κέρδος
3617 1644 3708 1710 γέ-

2141 1744 2299 1797 νηται
2327 1728 2424 1798 τῆς
2462 1727 2634 1798 αὐτῆς
2679 1727 2964 1796 ὡφελείας,
3001 1732 3364 1802 μιμησαμένῳ
3394 1731 3578 1786 αὐτῶν
3609 1732 3707 1803 τὴν

2141 1818 2432 1881 πολιτείαν,
2461 1818 2555 1871 καὶ
2581 1817 2678 1889 τὴν
2713 1818 2948 1889 παντελῆ
2979 1819 3076 1872 τοῦ
3107 1821 3308 1892 κόσμου
3357 1822 3706 1894 ἀναχώρησιν

2140 1912 2232 1962 καὶ
2261 1910 2506 1980 ἡσυχίαν,
2540 1909 2628 1961 διὰ
2657 1909 2756 1979 τῆς
2791 1910 3066 1980 ὑπομονῆς
3105 1912 3212 1966 τῶν
3240 1913 3445 1986 ἀρετῶν
3467 1916 3508 1980 ⁵,
3549 1916 3711 1986 μέχρι

2137 2003 2322 2065 τέλους
2351 2002 2690 2071 κατέχουσιν.
2729 2000 2864 2054 ’ῐδον
2911 2001 3018 2072 γὰρ
3051 2002 3264 2072 ἀληθῶς
3306 2005 3396 2057 τὸν
3427 2003 3522 2057 τοῦ
3573 2005 3711 2057 Θεοῦ

2139 2094 2431 2165 θησαυρὸν,
2461 2093 2560 2163 τὴν
2590 2092 2698 2145 τῶν
2729 2092 2940 2146 πολλῶν
2967 2093 3254 2161 ὠφέλειαν,
3279 2094 3501 2158 ἀλλἰεἱς
3530 2098 3711 2148 κοινὸν

2135 2185 2196 2238 τὸ
2232 2185 2419 2256 κέρδος
2462 2185 2688 2255 ἤγαγον,
2744 2185 3089 2255 ἡγησάμενος
3145 2185 3364 2239 ἔσεσθαί
3399 2203 3488 2256 μοι
3537 2186 3711 2256 καλὴν

2135 2278 2338 2346 ταύτην
2387 2277 2676 2348 ἐμπορίαν,
2708 2277 2768 2331 τὸ
2819 2277 3142 2347 μεταδοῦναι
3183 2281 3292 2341 τοῖς
3337 2277 3584 2346 ἀδελφοῖς
3612 2279 3714 2348 τῆς

2135 2369 2422 2437 ὡφελείας,
2453 2368 2538 2421 ἵνα
2570 2367 2829 2433 εὔξωνται
2879 2369 3016 2441 ὑπὲρ
3071 2370 3172 2440 τῆς
3215 2371 3354 2439 ἐμῆς
3409 2372 3710 2441 σωτηρίας.

2135 2457 2357 2528 Πρῶτον
2388 2457 2486 2528 μὲν
2535 2459 2829 2528 ποιήσομαι
2863 2459 2961 2528 τὴν
2999 2452 3214 2529 γραφὴν
3241 2459 3466 2528 ταύτην,
3493 2462 3563 2529 τῇ
3612 2459 3711 2511 τοῦ

2135 2551 2385 2621 Σωτῆρος
2423 2549 2578 2619 ἡμῶν
2617 2549 2790 2621 Ἰησοῦ
2839 2550 3078 2622 Χριστοῦ
3127 2551 3434 2622 παρουσίαο
3478 2553 3576 2604 καὶ
3625 2554 3711 2604 δτι

2135 2640 2276 2693 κατὰ
2305 2642 2404 2710 τὴν
2435 2641 2598 2694 αὐτοῦ
2626 2642 2972 2695 διδασκαλίαν
3004 2644 3054 2695 ot
3084 2644 3142 2696 ἐν
3189 2643 3449 2713 Αἰγύπτῳ
3483 2645 3712 2714 μο·.αχοὶ

2133 2729 2354 2798 ἄγουσιν
2414 2731 2584 2801 αὐτὴν
2640 2731 2850 2785 ἐαυτῶν
2903 2733 3198 2786 πολιτείαν.
3245 2733 3382 2785 Ἰδον
3430 2732 3541 2802 γὰρ
3591 2736 3711 2785 ἐκεῖ

2134 2823 2362 2886 πολλοὺς
2387 2824 2656 2894 Πατέρας,
2684 2825 2972 2892 ἀγγελικὺν
2998 2825 3112 2895 βίον
3147 2825 3415 2896 βιοῦντας,
3441 2827 3534 2878 καὶ
3565 2825 3713 2878 κατὰ

2137 2913 2364 2985 μίμησιν
2399 2914 2494 2967 τοῦ
2528 2916 2778 2985 Σωτῆρος
2804 2915 2961 2987 ἡμῶν
3002 2916 3176 2986 Ἰησοῦ
3226 2917 3575 2988 ἐρχομένους,
3610 2919 3712 2969 καὶ

2132 3007 2283 3070 νέους
2311 3006 2462 3070 τινὰς
2495 3009 2589 3060 καὶ
2615 3007 2806 3071 ἄλλους
2825 3010 3129 3080 προφήτας,
3159 3009 3408 3080 κατὰτὴν
3429 3011 3712 3063 πολιτείαν

459 3101 724 3172 quosdam
762 3103 1008 3174 aliosque
1050 3104 1369 3174 prephetas.
1401 3120 1464 3158 ex
1502 3105 1605 3160 ista
1639 3105 1821 3160 divina
1856 3115 1907 3159 et
1933 3105 2027 3160 ad-

2138 3098 2312 3176 Ξνθεον
2354 3099 2523 3168 αὐτὴν
2555 3101 2648 3151 καὶ
2693 3099 3011 3171 θαυμαστὴν
3057 3101 3150 3154 καὶ
3188 3101 3437 3173 ἐνάρετον
3483 3101 3713 3172 ἔχοντας

462 3196 696 3250 mirabili
729 3196 852 3251 vita:
881 3198 1314 3262 conversatione,
1343 3197 1635 3254 virtutibus
1665 3198 1886 3262 referta,
1920 3201 2026 3253 vim

457 3295 512 3340 et
548 3285 839 3342 emcaciam
885 3287 1110 3356 adeptos
1171 3287 1329 3357 plane
1372 3287 1654 3352 divinam;
1699 3303 1889 3343 revera
1935 3289 2027 3343 Dei

457 3374 712 3438 famulos,
745 3376 836 3447 qui
868 3376 1005 3430 nihil
1036 3385 1314 3431 terrenum
1343 3385 1620 3446 saperent,
1647 3377 1779 3430 nihil
1807 3394 1871 3432 ex
1909 3379 2029 3434 istis

458 3469 846 3537 temporalibus
875 3470 1231 3525 testimarent.
1273 3469 1374 3536 Qui
1413 3469 1661 3539 profecto
1703 3471 1831 3525 dum
1862 3472 1942 3526 sic
1975 3473 2028 3526 in

457 3566 603 3613 terra
637 3561 846 3627 vivunt,
881 3561 935 3614 in
965 3561 1120 3616 cmlis
1147 3572 1564 3618 conversantur.
1594 3561 1810 3616 Scilicet
1839 3578 2028 3618 eorum

457 3651 702 3705 nonnulli
729 3668 796 3708 ne
828 3652 1046 3723 quidem
1087 3653 1231 3722 quod
1265 3654 1336 3708 sit
1366 3655 1418 3708 in
1453 3661 1598 3708 terra
1622 3653 1857 3710 mundus
1890 3657 2029 3710 alius

457 3750 678 3805 norunt,
719 3758 895 3812 neque
931 3744 1075 3814 quod
1109 3745 1318 3798 malitia
1342 3745 1394 3798 in
1426 3746 1654 3800 urbibus
1685 3755 1934 3801 versetur
1967 3764 2031 3802 ac
2071 3795 2073 3798 .

455 3839 808 3897 exerceatur;
841 3831 934 3887 sed
966 3847 1091 3887 vere
1125 3831 1247 3885 Pax
1272 3832 1440 3886 multa
1471 3831 1814 3904 diligentibus
1847 3833 2026 3904 legem,

454 3924 588 3976 dicit
611 3923 874 3979 Dominus
902 3924 1252 3994 omnipotens
1273 3926 1313 3979 ³.

525 4015 675 4069 Multi
701 4024 878 4068 autem
931 4031 999 4070 ex
1057 4030 1247 4070 eorum
1287 4030 1517 4069 numero
1567 4016 1734 4070 etiam
1787 4022 2028 4085 stupent,

455 4122 581 4161 cum
608 4123 697 4161 res
730 4107 911 4161 szecnli
942 4107 1194 4171 audiunt,
1228 4123 1456 4178 prorsus
1489 4108 1646 4161 obliti
1683 4109 2028 4162 terrestrium

453 4214 732 4255 curarum.
773 4201 1010 4254 Cernere
1043 4200 1168 4254 licet
1215 4216 1331 4262 eos,
1359 4202 1415 4254 in
1447 4201 1680 4255 desertis
1728 4201 2026 4270 dispersos,

453 4296 711 4358 tanquam
745 4305 1037 4360 germanos
1084 4291 1283 4345 liberos
1321 4300 1529 4360 patrem
1563 4307 1721 4344 suum
1751 4291 2029 4346 Christum

453 4383 862 4452 prtestolantcs;
913 4391 1006 4435 aut
1055 4383 1228 4436 instar
1291 4383 1568 4438 exercitus
1598 4425 1611 4449 ,
1655 4399 1884 4452 regem,
1944 4384 2028 4438 vel

2128 3190 2407 3262 ἐνέργειαν
2461 3189 2699 3262 θεοειδῆο
2759 3191 2834 3256 ὼς
2889 3191 3100 3261 άληθῶς
3151 3192 3283 3245 Θεοῦ
3343 3193 3710 3263 θεράποντας.

2130 3284 2286 3338 οὐδὲν
2316 3287 2503 3356 γήϊνον
2537 3285 2890 3358 φρονοῦντας,
2927 3286 3046 3339 οὐδέ
3098 3305 3148 3339 τι
3201 3286 3308 3340 τῶν
3359 3287 3715 3358 προσκαίρων

2128 3375 2332 3430 τούτων
2375 3377 2772 3448 λογιζομένους.
2815 3378 2952 3430 Ἀλλ’
2997 3378 3165 3442 ὅντως
3227 3379 3394 3442 οὕτως
3456 3380 3552 3432 ἐπὶ
3604 3381 3714 3447 γῆν

2131 3467 2350 3533 ζῶντες,
2387 3469 2443 3522 ἐν
2476 3469 2725 3540 οὐρανοῖς
2763 3469 3154 3524 πολιτεύονται.
3210 3472 3271 3523 Οἱ
3327 3473 3423 3541 μὲν
3457 3469 3571 3542 γὰρ
3617 3473 3715 3524 a5-

2128 3559 2238 3612 τῶν
2273 3560 2382 3613 οὐδ’
2407 3561 2487 3614 ὅτι
2511 3562 2712 3631 κόσμος
2737 3562 2882 3614 ἐστὶν
2911 3561 2997 3615 ἐτε
3005 3579 3098 3632 ρος
3123 3563 3214 3614 ἐπὶ
3238 3561 3342 3632 γῆς
3362 3562 3710 3624 ἐπίστανται,

2129 3652 2237 3704 οὐδ’
2267 3653 2348 3704 ὅτι
2382 3653 2551 3706 κακία
2576 3654 2632 3704 ἐν
2664 3652 2882 3706 πόλεσιν
2919 3641 3361 3723 ἐμπολιτεύεταιο
3390 3654 3508 3707 ἀλλ’
3539 3655 3716 3715 ὅντως

2123 3743 2347 3812 Εἰρήνη
2390 3745 2590 3812 πολλὴ
2636 3744 2762 3811 τοῖς
2791 3744 3067 3814 ἀγαπῶσι
3096 3746 3202 3799 τὸν
3221 3746 3407 3814 νόμον
3432 3745 3534 3815 (5),
3559 3745 3714 3812 λέγει

2131 3838 2337 3910 Κύριος
2365 3839 2781 3910 παντοκράτωρ.

2204 4015 2392 4069 Πολλοὶ
2418 4015 2475 4068 δέ
2503 4015 2562 4079 ἐξ
2594 4015 2774 4069 αὐτῶν
2815 4017 2909 4070 καὶ
2943 4016 3257 4082 ξενίζονται,
3295 4015 3363 4068 τὰ
3404 4017 3461 4069 ἐν
3500 4015 3583 4086 τῷ
3612 4017 3714 4069 κό-

2133 4124 2254 4176 σμῳ
2281 4106 2590 4169 ἀκούοντες,
2625 4105 2796 4178 λήθην
2821 4107 3102 4170 παντελῶς
3123 4108 3230 4159 τῶν
3247 4109 3446 4177 γηΐνων
3487 4109 3718 4178 φροντί-

2130 4197 2233 4250 δων
2267 4197 2496 4268 ἔχοντες.
2532 4199 2687 4250 Ἔστι
2720 4197 2828 4267 γὰρ
2863 4198 3060 4260 αὐτοὺς
3088 4197 3213 4251 ἰδεῖν
3235 4200 3291 4251 ἐν
3320 4201 3440 4260 ταῖς
3474 4200 3718 4268 ἐρήμοις

2134 4282 2431 4362 σποράδην,
2473 4286 2562 4343 οἷά
2605 4307 2664 4342 τε
2731 4291 2879 4354 υἱοὺς
2915 4291 3193 4359 γνησίους,
3228 4291 3319 4344 τὸν
3354 4291 3566 4343 ἑαυτῶν
3600 4309 3716 4341 πα-

2130 4381 2287 4453 τέρα,
2331 4381 2420 4434 τὸν
2464 4382 2697 4454 Χριστὸν
2745 4383 3172 4452 περιμένοντας⁸
3196 4383 3230 4453 ἦ
3265 4382 3527 4454 στρατιάν
3564 4400 3713 4440 τινα.

452 4473 672 4528 familiai
717 4481 865 4528 recte
913 4473 1250 4542 compositae,
1302 4474 1583 4527 dominum
1640 4489 1799 4528 suum
1857 4480 1911 4528 et
1958 4473 2026 4526 li-

2138 4472 2218 4522 τδν
2269 4472 2479 4524 ἑαυτῶν
2533 4471 2787 4542 βασιλέα*
2825 4471 2858 4540 ἢ
2891 4473 3130 4526 οῖκετίαν
3174 4474 3397 4544 σεμνὴν,
3442 4474 3537 4527 τὸν
3579 4476 3718 4528 ἐαυ-

452 4563 795 4628 bcratorem,
847 4571 1252 4632 exspectantes.
1309 4561 1467 4616 Nulla
1521 4563 1660 4631 apud
1717 4578 1811 4617 eos
1874 4563 2027 4618 solli-

2138 4563 2235 4615 τῶν
2281 4563 2547 4632 δεσπότην
2603 4563 2698 4618 καὶ
2766 4564 3137 4637 ἐλευθερωτὴν
3185 4566 3575 4635 ἀναμένοντας.
3628 4567 3712 4617 Οὐ

450 4655 660 4718 citudo,
700 4671 808 4710 non
844 4655 1192 4717 vestimenti,
1249 4671 1354 4708 non
1394 4655 1460 4710 de
1508 4657 1649 4710 cibis
1705 4669 1837 4708 cura
1864 4698 1878 4720 ,
1929 4655 2023 4710 sed

2138 4654 2348 4724 φροντὶς
2375 4654 2610 4724 ὑπάρχει
2657 4655 2788 4725 παρ’
2826 4657 3032 4721 αὐτοῖς,
3071 4657 3170 4709 οὐκ
3198 4644 3446 4724 ἐσθῆτος,
3483 4657 3544 4706 οὐ
3573 4655 3720 4724 βρω-

449 4749 615 4802 unica
648 4750 791 4802 inter
828 4747 1057 4818 hymnos
1099 4747 1437 4816 exspectatio
1471 4745 1742 4800 adventus
1791 4745 2021 4800 Christi.

2138 4746 2310 4814 adeo»:
2383 4745 2646 4817 μέριμνα,
2692 4747 2829 4800 ἀλλὰ
2882 4746 3178 4816 προσδοκία
3214 4748 3346 4817 μόνη
3399 4746 3456 4796 ἐν
3512 4745 3721 4816 ῦμνσις

449 4839 719 4904 Quocirca
749 4839 970 4908 quoties
1005 4839 1206 4907 aliquis
1253 4854 1318 4892 ex
1361 4837 1498 4906 ipsis
1548 4837 1712 4892 rebus
1764 4837 1830 4890 ad
1862 4853 2019 4892 usum

2138 4837 2222 4907 τῆς
2263 4835 2356 4890 τοῦ
2391 4836 2624 4908 Χριστοῦ
2657 4837 2979 4908 παρουσίας.
3011 4837 3311 4908 Τοιγαροῦν
3340 4838 3467 4891 ὅταν
3495 4854 3582 4899 τις
3609 4840 3722 4890 αὖ-

449 4931 780 4986 necessariis
825 4930 1140 5001 indignerit,
1174 4946 1282 4983 non
1308 4929 1585 4983 civitatem
1613 4930 1864 4999 requirit,
1907 4945 2022 4983 non

2138 4925 2237 4980 τῶν
2260 4927 2317 4978 ἐν
2347 4930 2469 4991 ταῖς
2501 4928 2829 4997 ἀναγκαίαις
2874 4928 3086 5000 χρείαις
3140 4927 3476 4999 ἐλλείπηται,
3514 4928 3574 4979 οὐ
3613 4929 3726 4979 πό-

449 5023 653 5082 vicum,
711 5038 816 5076 non
861 5023 1103 5087 fratrem,
1161 5022 1418 5081 amicum,
1460 5029 1776 5089 cognatum,
1832 5035 2027 5090 paren-

2138 5018 2214 5070 λιν
2243 5018 2511 5088 ἐπιζητεῖ,
2556 5019 2617 5071 οὐ
2658 5018 2870 5089 κώμην,
2913 5019 3013 5071 οὐκ
3059 5019 3303 5086 ἀδελφὸν,
3339 5017 3398 5070 οὐ
3439 5018 3614 5086 φίλον,
3649 5018 3724 5068 οὐ

451 5125 551 5177 tes,
615 5115 847 5176 liberos,
910 5113 1165 5175 famulos,
1213 5119 1272 5166 ut
1312 5112 1438 5166 inde
1490 5127 1554 5166 ea
1595 5121 1874 5183 comparet
1896 5113 2020 5182 qui-

2138 5111 2389 5180 συγγενῆ,
2417 5111 2476 5162 οὐ
2513 5113 2711 5178 γονεῖς,
2743 5111 2802 5162 οὐ
2829 5110 3014 5175 τέκνα,
3045 5113 3144 5161 οὐκ
3167 5109 3423 5168 υίκετίαν,
3455 5108 3544 5159 ἵνα
3570 5109 3729 5157 ἐκεῖ-

451 5205 552 5258 bus
589 5219 727 5274 opus
759 5205 952 5269 habet;
990 5203 1084 5260 scd
1110 5204 1222 5258 sola
1252 5203 1452 5260 suﬂicit
1479 5204 1761 5262 voluntas.
1785 5219 1905 5273 quae
1927 5219 2021 5257 ex-

2138 5204 2221 5256 θεν
2254 5203 2351 5264 τάς
2395 5203 2582 5273 χρείας
2627 5203 2952 5273 πορίσηται·
3000 5201 3175 5271 ἀλλ’ἢ
3225 5199 3473 5269 βούλησις
3504 5200 3728 5267 ἢρκεσε

453 5293 680 5350 tendens
720 5309 913 5347 manus
959 5293 1026 5346 ad
1074 5293 1278 5363 gratias
1327 5293 1434 5346 Deo
1473 5293 1710 5360 agendas
1749 5295 2021 5360 aperiens,

2138 5295 2287 5364 μόνη,
2322 5294 2457 5364 πρὸς
2492 5293 2699 5346 ἱκεσίαν
2731 5293 2826 5355 τὰς
2852 5295 3039 5362 χεῖρας
3069 5292 3371 5354 ἐκτείνασα,
3407 5290 3500 5340 καί
3521 5288 3731 5354 λόγους

451 5399 643 5442 cuncta
671 5389 785 5441 hazc
807 5388 855 5440 ei
876 5388 1144 5455 stupende
1167 5387 1330 5441 modo
1358 5387 1632 5441 exhibeat.
1656 5385 1721 5438 Et
1748 5403 1876 5440 vero
1893 5385 2024 5456 quid

2138 5384 2476 5455 εὐχαριστίας
2531 5383 2650 5454 Θεῷ
2701 5385 2764 5436 ἐκ
2814 5382 3036 5453 χειλέων
3096 5381 3465 5457 προφέρουσα,
3539 5379 3731 5431 ταῦτα

1929 5567 1950 5598 ⁸
1974 5569 2058 5628 Al.
2083 5572 2253 5628 Inscr.
2282 5561 2368 5639 ἧς.

522 5569 540 5598 ³
571 5566 716 5622 Psal.
753 5584 938 5634 cxvm,
974 5568 1092 5623 165.
1164 5569 1185 5600 ⁸
1213 5568 1380 5625 Abest
1410 5569 1647 5636 ἐπαξίως
1679 5567 1747 5622 ab
1776 5568 1846 5623 al.

523 5725 598 5786 (5i
645 5724 753 5778 Τόν
779 5726 984 5791 νόμον.
1056 5721 1307 5784 Ruﬁnus,
1343 5740 1548 5787 nomen,
1591 5723 1784 5792 ὄνομα.
1827 5730 1887 5777 ιιι
1923 5723 2034 5779 habt

2138 5722 2294 5780 :odex
2325 5723 2748 5790 Alexandrinus,
2786 5737 2995 5779 necnon
3030 5722 3299 5787 llilarius,
3329 5729 3380 5778 et
3427 5721 3732 5778 interdum

451 5793 737 5868 Origenes.
759 5794 893 5851 Vide
920 5809 1136 5865 quoque
1167 5793 1514 5850 Theodorum
1549 5795 1603 5848 in
1636 5794 1862 5847 Catena.
3367 5803 3370 5806 ‘
