3828 6306
44 347 124 400 ΗΞ

43 465 90 526 ἐξ
125 460 398 530 ἀμηχάνων
445 457 592 528 αὐτῷ
635 457 812 511 πάντα
860 458 1225 529 παραστῆσαι.
1271 459 1376 512 Καὶ
1400 458 1457 512 τί
1495 457 1575 510 δεῖ
1602 461 1644 516 Α

45 555 179 608 πολλὰ
215 551 385 618 λέγειν
423 551 548 621 περὶ
599 553 697 622 τῆς
742 551 822 612 είς
857 549 948 602 τὸν
995 551 1227 621 Χριστὸν
1275 551 1436 604 αὑτὸν
1483 551 1574 602 πί-

47 663 198 708 στεως,
247 643 548 714 δυναμένης
589 644 681 698 καὶ
727 645 828 715 ὅρη
864 643 1212 715 μεθιστάναις
1245 643 1437 697 Πολλοὶ
1465 643 1576 715 γὰρ

46 737 288 790 αἰτῶνκαὶ
309 737 573 806 ποταμῶν
601 735 846 808 ῥεύματα
863 737 940 806 (4)
958 735 1210 806 ἔστησαν,
1228 735 1320 788 καὶ
1344 735 1433 788 τὸν
1449 735 1578 788 Νεῖ-

47 833 114 882 ὶιν
138 829 440 890 ἐπέζευσαν,
463 829 554 882 καὶ
585 829 757 900 θῆρας
783 829 1130 890 ἀπέκτειναν,
1149 827 1243 880 καὶ
1269 827 1460 892 ἰάσεις,
1479 829 1576 882 καὶ

51 921 274 990 θαύματα,
296 919 386 972 καὶ
411 918 687 989 δυνάμεις,
716 921 846 982 ὅσας
869 921 917 972 οἱ
949 921 1092 986 ἅγιοι
1131 919 1346 973 ἐποίουν
1364 919 1576 990 προφῆ-

51 1023 118 1060 ται
139 1007 218 1059 καὶ
245 1006 550 1069 ἀπόστολοι,
578 1007 926 1062 ἐπετέλεσαν.
961 1009 1069 1062 Καὶ
1100 1009 1362 1072 ὡσαύτως
1383 1008 1450 1060 δι’
1477 1009 1576 1062 αὺ-

51 1099 132 1150 τῶν
163 1099 552 1170 θαυματουργεί
579 1101 608 1152 ὀ
639 1101 854 1172 Σωτήρ·
889 1102 982 1156 καὶ
1015 1104 1180 1156 πᾶσιν
1213 1101 1434 1172 εὕδηλόν
1461 1102 1574 1154 ἔστι

53 1195 137 1252 τοῖς
159 1192 278 1254 ἐκεῖ,
327 1189 404 1254 ὼς
445 1191 514 1244 δι’
544 1192 724 1246 αὐτῶν
774 1193 1004 1263 ἔστηκεν
1035 1196 1064 1248 ὁ
1112 1194 1335 1264 κόσμος,
1371 1195 1466 1246 καὶ
1507 1193 1573 1246 δι’

53 1279 208 1343 αὖτοὺς
229 1280 370 1350 παρὰ
397 1280 518 1350 Θεῷ
550 1281 748 1353 ἔστηκε
773 1285 867 1336 καὶ
889 1285 1175 1356 τετίμηται
1199 1286 1230 1354 ή
1262 1283 1573 1355 ἀνθρωπίνη

55 1371 156 1440 ζωή.
195 1371 318 1424 ’ίδον
349 1373 405 1424 δὲ
451 1373 546 1426 καὶ
578 1373 764 1446 ἕτερον
799 1374 1002 1444 πλῆθος
1040 1376 1264 1446 ἄπειρον
1304 1375 1572 1446 μοναχῶν,

55 1462 124 1514 καὶ
145 1462 207 1532 μὴ
228 1461 516 1534 δυνάμενον
549 1465 769 1536 ἀριθμῷ
798 1465 1213 1531 ὐποϐἀλλεσθαι,
1240 1467 1420 1520 πᾶσαν
1454 1465 1574 1536 ηλι-

57 1554 150 1604 κῖαν
173 1555 282 1624 ἔχον
309 1557 366 1608 ἐν
401 1559 523 1620 ταῖς
563 1559 810 1628 ἐρήμοις,
838 1559 931 1611 καὶ
963 1561 1020 1612 ἐν
1053 1561 1172 1622 ταῖς
1199 1557 1424 1630 χώραις,
1454 1559 1576 1612 ὅσον

54 1645 98 1694 οὐ
119 1645 310 1701 δύναται
349 1647 600 1717 βασιλεὺς
644 1651 832 1721 γηῑνος
866 1651 1044 1721 ἑαυτῷ
1088 1652 1402 1723 στράτευμα
1447 1667 1574 1704 συν-

57 1737 272 1806 nomen.
308 1740 380 1792 Οὐ
425 1739 536 1810 γάρ
563 1741 676 1793 ἐστι
719 1739 878 1812 κώμη
909 1741 1034 1795 οὔτε
1061 1741 1214 1804 πόλις
1235 1743 1292 1796 ἐν
1317 1741 1576 1812 Αἰγύπτῳ

57 1847 98 1880 τε
122 1830 198 1882 καὶ
228 1831 468 1900 Θηϐαΐδι,
505 1835 538 1904 ἥ
577 1834 697 1904 οὐχὶ
727 1837 839 1897 τοῖς
901 1834 1285 1906 μοναστηρίοις
1327 1834 1578 1906 καθάπερ

59 1921 216 1990 τεὶχεσι
241 1922 625 1994 περιϐέϐληται
644 1943 657 1955 ·
679 1925 774 1979 καὶ
795 1928 914 1989 ταῖς
949 1926 1128 1980 αὐτῶν
1157 1929 1344 1998 εὐχαῖς
1369 1929 1417 1980 oi
1438 1927 1574 1992 λαοὶ,

58 2015 204 2083 ὥσπερ
227 2017 313 2068 ἐπὶ
360 2015 440 2086 τῷ
473 2017 596 2086 Θεῷ
621 2018 1008 2089 ὲπερείδονται.
1045 2020 1154 2073 Καὶ
1179 2021 1228 2072 οί
1261 2021 1358 2090 μὲν
1383 2023 1440 2074 ἐν
1467 2023 1578 2084 τοῖς

61 2106 314 2176 σπηλαίοις,
345 2111 404 2162 ὲν
443 2111 698 2180 ἐρήμοις,
729 2111 778 2163 οἱ
809 2109 864 2164 δὲ
909 2113 968 2164 ὲν
1015 2113 1128 2175 τοῖς
1175 2113 1512 2184 ἀποπάτροις
1533 2112 1578 2174 ⁸,

59 2199 215 2261 πάντες
280 2200 556 2271 πανταχοῦ
637 2201 1070 2270 φιλονεικότατον
1124 2203 1366 2273 ἀλλήλων
1399 2244 1412 2264 ,
1480 2203 1584 2274 τὴν

61 2289 220 2344 ἑαυτῶν
265 2291 494 2363 ἄσκησιν
545 2293 863 2366 θαυμαστὴν
913 2295 1330 2350 ἐπιδείκνυνται.
1366 2297 1427 2348 Οἱ
1485 2297 1600 2366 μὲν⁹

61 2383 294 2452 ττὸρῤωθεν
335 2386 752 2452 σπουδάζοντες,
783 2391 853 2459 μή
884 2407 968 2452 τις
1003 2389 1190 2459 ἕτερος
1224 2391 1280 2443 ὲν
1301 2392 1412 2453 τοῖς
1453 2407 1581 2443 κατ-

59 2473 320 2544 ειθὼμασιν
353 2478 554 2540 αὐτοὺς
593 2479 950 2549 ὑπερϐάλλον
992 2482 1040 2533 οἱ
1083 2479 1138 2532 δὲ
1185 2479 1434 2547 ἐγγύθεν,
1505 2481 1579 2551 μὴ

61 2561 133 2630 τῆς
171 2565 346 2630 κακίας
373 2569 562 2632 αὐτοῖς
599 2571 937 2640 πανταχόθεν
966 2570 1249 2640 ὀχλούσης,
1283 2564 1446 2641 ἦττον
1473 2569 1581 2623 τῶν

61 2656 344 2725 πσῤῥωτὰτω
368 2659 838 2730 εὐδοκιμήσουσιν.
871 2661 1032 2716 Ὅθεν
1079 2662 1278 2733 πολλὴν
1315 2659 1582 2730 ὠφέλειαν

63 2747 104 2810 ἐξ
133 2749 284 2802 αὐτῶν
323 2751 713 2822 πορισάμενος,
763 2752 856 2805 ἐπὶ
909 2753 1008 2824 τὴν
1061 2753 1320 2824 ἐξήγησιν
1379 2755 1582 2825 ταύτην

63 2837 292 2910 ἐέὼῃσα·
346 2843 488 2915 πρὸς
534 2843 693 2914 ζῆλον
777 2847 874 2916 μὲν
957 2846 1052 2898 καὶ
1111 2845 1418 2916 ὑπόμνησιν
1468 2845 1582 2899 τῶν

63 2929 254 2996 πλείων,
277 2933 408 3004 πρὸς
435 2935 726 3006 οἰκοδομὴν
758 2935 814 2988 δὲ
865 2937 958 2988 καὶ
987 2936 1254 3005 ὠφέλειαν
1281 2937 1390 2990 τῶν
1415 2941 1582 3009 ἀρχο-

67 3019 200 3088 μένων
233 3024 430 3078 ἀσκεῖν.

1611 1804 1650 1858 Β

607 3139 1000 3210 Παράδεισος.
1611 3147 1656 3204 C

119 3245 312 3318 Πρώτην
346 3244 440 3303 οὖν
478 3250 617 3304 Θεοῦ
671 3251 918 3317 θέλοντος
987 3255 1161 3326 ἀρχὴν
1227 3255 1582 3327 ποιησωμαιτ

69 3337 356 3408 θ’ξηγήσεως,
405 3343 510 3412 τὴν
560 3343 668 3396 τῶν
715 3344 882 3412 ἁγίων
913 3347 1006 3399 καὶ
1051 3346 1299 3417 μεγάλων
1329 3348 1587 3418 Πατέρων

67 3431 288 3486 ιιιλιτείαν
315 3435 757 3508 ἐκδιηγούμενος,
789 3439 864 3502 ῶς
900 3439 982 3491 ὅτι
1015 3441 1108 3492 καὶ
1132 3438 1226 3492 νῦν
1268 3438 1336 3492 τὰ
1362 3439 1536 3492 αὑτά⁸
1560 3442 1588 3494 ὁ

71 3521 216 3594 Σωτὴρ
240 3527 302 3578 δι’
329 3529 510 3581 αὐτῶν
560 3532 792 3601 ἐνεργεῖ,
835 3533 978 3603 ἅπερ
1009 3531 1098 3586 διὰ
1139 3532 1248 3585 τῶν
1296 3533 1588 3606 προφητῶν

71 3613 138 3664 καὶ
181 3615 470 3672 ἀποστόλων
526 3620 860 3690 ἐνήργησεν,
901 3622 960 3674 '0
1015 3623 1121 3694 γὰρ
1171 3623 1332 3688 αὐτὸς
1386 3621 1586 3694 Κύριός

71 3703 174 3768 ἐστι,
201 3709 284 3759 καὶ
324 3709 444 3763 τότε
492 3711 594 3764 καὶ
623 3711 718 3764 νῦν
747 3715 841 3766 καὶ
878 3715 958 3776 εἰς
1005 3713 1218 3778 ἔπειτα,
1253 3715 1490 3786 ἐνεργῶν
1523 3715 1590 3768 τὰ

73 3797 209 3852 πάντα
233 3801 286 3854 ἐν
309 3803 494 3858 πᾶσιν.
550 3803 894 3876 Ἐθεασάμην
927 3801 1020 3858 οὖν
1053 3805 1163 3874 ἐγὼ
1201 3806 1258 3858 ἐν
1283 3809 1396 3868 τοῖς
1424 3807 1592 3878 ὁρίοις

71 3891 144 3960 τῆς
173 3894 345 3950 Λύκων
370 3899 390 3928 ⁹
413 3899 516 3970 τῆς
551 3897 838 3969 Θηϐαΐδος,
874 3899 964 3954 τὸν
999 3899 1174 3970 μέγαν
1205 3898 1300 3950 καὶ
1326 3899 1596 3972 μακάριον

81 3983 288 4058 Ἰωάννην
309 3991 404 4060 (5),

322 4106 460 4174 Περὶ
491 4105 604 4174 τῆς
645 4105 1010 4178 Ὀξυρύγχου
1037 4112 1286 4178 πόλεως.

129 4215 518 4288 Παρεγενόμεθα
575 4217 632 4272 δὲ
684 4220 779 4272 καὶ
827 4221 908 4282 είς
968 4220 1296 4292 Ὀξύρυγχόν
1343 4220 1420 4292 (6)
1474 4237 1598 4274 τινα

79 4305 196 4358 πόλιν
219 4309 308 4379 τῆς
333 4309 622 4381 Θηϐαΐδος,
653 4307 720 4383 ἦς
759 4311 860 4365 οὐκ
905 4312 1053 4364 ἔστιν
1081 4315 1254 4366 εἰπεῖν
1287 4315 1408 4366 κατ’
1440 4313 1598 4378 ἀξίαν

80 4397 130 4448 τὰ
151 4397 393 4471 θαύματα.
422 4403 593 4474 Γέμει
623 4403 730 4474 γὰρ
763 4402 972 4456 ἔνδοθεν
999 4403 1169 4468 οὕτως
1204 4404 1598 4476 μοναστηρίων,

1257 339 1650 398 PARADISUS
1687 341 1998 400 PATBUM.

3146 343 3249 401 H6

1675 460 1832 530 plura
1870 461 2122 517 dicamus
2157 461 2222 516 de
2253 461 2355 518 ﬁde
2389 463 2604 518 illorum
2635 477 2764 534 erga
2802 461 3103 524 Christum,
3127 479 3250 532 qua:

1679 553 1852 620 possit
1888 555 2050 608 etiam
2099 562 2312 610 montes
2357 556 2654 610 transferre
2685 557 2768 610 ἐἴ
2816 553 2950 608 Nam
3005 555 3247 624 ipsorum

1678 645 1988 714 complures
2028 645 2317 700 ﬂuviorum
2363 647 2731 716 irrumpentes
2783 647 2960 701 undas
3000 647 3248 701 retinue-

1679 743 1826 800 runt,
1857 736 2036 791 Nilum
2073 737 2302 807 pedibus
2327 743 2682 804 transierunt,
2719 739 2862 794 feras
2877 744 3247 808 peremerunt,

1679 835 1844 896 atque
1885 827 2202 883 morborum
2255 831 2604 896 curationes,
2657 831 2941 894 miracula,
3001 829 3250 884 maxima:

1678 919 1934 987 potentia:
1973 935 2135 990 opera
2183 921 2496 986 ediderunt,
2531 923 2714 992 qualia
2753 923 2928 978 sancti
2975 921 3252 976 faciebant

1677 1007 1955 1076 propheta:
1984 1019 2144 1078 atque
2169 1011 2400 1080 apostoli
2431 1011 2744 1066 :consimili
2777 1011 2940 1066 modo
2972 1025 3068 1080 per
3102 1009 3251 1080 ipsos

1677 1098 1950 1152 mirabilia
1983 1111 2244 1170 operatur
2287 1102 2575 1170 Set-valor;
2616 1103 2942 1172 cunctisque
2983 1101 3130 1156 illius
3170 1115 3254 1154 re-

1677 1189 1856 1258 gionis
1889 1191 2202 1247 hominibus
2225 1193 2432 1246 clarum
2453 1201 2556 1256 est,
2591 1209 2688 1262 per
2717 1209 2812 1248 eos
2841 1192 3102 1247 mundum
3127 1206 3254 1246 con-

1677 1281 1891 1346 sistere,
1933 1298 2030 1352 per
2064 1299 2160 1340 eos
2202 1293 2349 1340 stare
2391 1285 2534 1356 apud
2573 1284 2740 1339 Deum
2781 1293 2836 1340 et
2875 1286 3080 1339 honore
3111 1282 3250 1338 allici

1677 1373 1844 1427 vitam
1905 1375 2220 1431 humanam.
2279 1375 2398 1430 Vidi
2446 1391 2665 1446 quoque
2717 1377 2876 1430 aliam
2929 1379 3250 1430 immensam

1677 1467 2079 1522 multitudinem
2107 1469 2522 1534 monachorum,
2552 1483 2780 1540 quazqtte
2810 1469 2912 1523 sub
2963 1481 3252 1522 numerum

1679 1559 1876 1614 cadere
1906 1560 2114 1629 nequit,
2141 1568 2486 1616 constantem
2521 1560 2669 1615 omni
2699 1567 2875 1622 aetate,
2904 1561 2958 1613 in
2993 1558 3248 1622 desertis,

1677 1650 1732 1704 in
1771 1651 2106 1721 regionibus,
2153 1659 2385 1716 tantam,
2437 1657 2633 1705 utnon
2671 1652 2845 1720 possit
2873 1659 3123 1705 terrenus
3150 1650 3254 1702 im-

1678 1749 1897 1811 perator
1933 1743 2070 1797 adeo
2109 1743 2378 1813 ingentem
2418 1743 2520 1798 sibi
2551 1745 2853 1798 exercitum
2882 1757 3098 1812 cogere.
3133 1739 3252 1794 Non

1679 1843 1764 1886 est
1791 1833 1936 1887 enim
1971 1833 2097 1886 villa
2135 1849 2312 1902 neque
2340 1834 2470 1889 urbs
2495 1834 2550 1888 in
2581 1833 2824 1906 Egypto
2849 1847 2914 1887 ac
2955 1829 3252 1894 Thebaide,

1678 1940 1800 1995 qua:
1847 1941 1954 1980 non
2017 1925 2397 1990 monasteriis,
2457 1927 2602 1981 sicut
2654 1926 2848 1991 muris,
2907 1925 3088 1980 cincta
3145 1923 3252 1988 sit;

1678 2031 1982 2086 eorumque
2027 2011 2283 2086 precibus
2333 2018 2540 2088 populi,
2591 2027 2848 2086 tanquam
2883 2017 2935 2068 in
2973 2014 3084 2070 Deo
3109 2013 3256 2068 inni-
3301 2055 3306 2060 .

1679 2116 1888 2163 tunlur.
1933 2109 2111 2179 Atque
2138 2109 2228 2162 alii
2263 2111 2316 2164 in
2351 2110 2647 2178 speluncis,
2679 2123 2776 2179 per
2805 2123 3041 2170 eremos,
3075 2105 3166 2159 alii
3199 2105 3254 2159 in

1679 2202 1814 2256 locis
1843 2201 2244 2266 remotissimis,
2273 2217 2464 2256 omnes
2497 2201 2720 2270 ubique,
2754 2199 2895 2254 inter
2929 2213 2988 2253 se
3018 2197 3254 2250 maxime

1681 2290 2081 2352 contendendo,
2126 2291 2432 2344 mirabilem
2473 2305 2624 2344 suam
2656 2289 2951 2344 ostendunt
2997 2285 3260 2342 exercita-

1681 2385 1905 2446 tionem,
1933 2384 2024 2453 qui
2061 2393 2190 2438 sunt
2225 2383 2292 2437 de
2328 2381 2627 2452 longinquo
2651 2381 3015 2435 connituntur
3041 2393 3108 2431 ne
3132 2376 3258 2446 quis

1682 2478 1822 2532 alius
1859 2479 2008 2548 ipsos
2041 2477 2093 2530 in
2121 2485 2266 2532 recte
2299 2475 2456 2530 factis
2483 2483 2735 2546 superet;
2777 2473 2958 2528 caeteri
2989 2471 3056 2527 de
3087 2472 3261 2542 proxi-

1683 2585 1792 2632 mo,
1857 2583 1926 2624 ne
1997 2569 2202 2622 malitia
2257 2583 2352 2624 eos
2403 2567 2644 2638 undique
2703 2575 3017 2636 premente,
3077 2563 3260 2616 minus

1685 2675 1846 2730 quam
1889 2659 2238 2713 remotissimi
2283 2657 2730 2727 comprobentur.
2778 2653 2928 2710 Unde
2951 2652 3256 2722 ,plurimum

1683 2751 2036 2806 emolumenti
2068 2767 2190 2806 cum
2213 2767 2276 2806 ex
2303 2751 2440 2821 ipsis
2471 2749 2766 2820 cepissem,
2800 2747 2854 2801 in
2891 2745 3038 2800 hanc
3063 2744 3260 2798 deveni

1683 2843 2117 2906 enarrationem;
2150 2840 2216 2894 ad
2248 2839 2648 2894 aemulationem
2690 2849 2744 2893 et
2775 2835 3260 2896 commonitionem

1683 2931 2075 3002 perfectorum,
2095 2929 2506 2986 aediﬁcationem
2527 2943 2654 2984 vero
2677 2943 2739 2983 ac
2758 2928 3046 2982 utilitatem
3071 2941 3260 2982 eorum

1685 3025 1776 3094 qui
1809 3025 1862 3077 in
1899 3024 2190 3078 sanctitate
2213 3037 2472 3078 exercere
2499 3037 2558 3077 se
2585 3021 2873 3092 incipiunt.

2317 3135 2634 3191 Paradisus.

1759 3251 2120 3322 (7)1nitium
2175 3252 2360 3322 itaque
2417 3249 2788 3310 narrationis.
2849 3247 2962 3304 Deo
3011 3247 3261 3312 volente,

1688 3347 1907 3408 faciam,
1933 3354 2244 3402 sanctorum
2283 3358 2718 3414 magnorumque
2751 3341 2974 3396 Patrum
3007 3341 3174 3394 vitam
3211 3349 3265 3394 et

1688 3449 1836 3508 gesta
1879 3447 2269 3500 enarraturus;
2313 3433 2462 3506 quod
2503 3450 2646 3488 nunc
2685 3433 2848 3488 etiam
2891 3431 3148 3487 Servator
3175 3445 3268 3485 ea-

1689 3531 1812 3585 dem
1841 3545 1938 3600 per
1979 3531 2100 3584 illos
2129 3535 2404 3598 operetur,
2431 3543 2552 3598 qua:
2591 3543 2687 3598 per
2711 3526 3008 3596 prophetas
3048 3533 3103 3577 et
3144 3537 3268 3593 apo-

1692 3624 1864 3680 stolos
1887 3623 2075 3682 edidit.
2109 3623 2250 3677 Idem
2280 3623 2480 3692 quippe
2510 3629 2592 3675 est
2620 3620 2905 3684 Dominus,
2939 3625 2992 3672 et
3023 3625 3176 3680 tunc,
3211 3622 3266 3670 et

1693 3733 1860 3778 nunc,
1897 3723 1952 3771 et
1985 3715 2038 3768 in
2085 3723 2387 3784 posterum,
2429 3721 2628 3767 cuncta
2669 3713 2724 3765 in
2756 3709 2970 3766 cunctis
3006 3707 3265 3763 efﬁciens.

1695 3809 1814 3864 Vidi
1857 3825 1990 3880 ergo
2017 3823 2117 3878 ego
2147 3809 2202 3862 in
2248 3807 2447 3861 ﬁnibus
2477 3806 2622 3878 Lyco
2645 3821 2766 3876 quae
2804 3805 2936 3862 urbs
2974 3801 3268 3859 Thebaidis

1693 3909 1798 3964 est,
1829 3915 2084 3970 magnum
2119 3900 2444 3968 beatumque
2473 3896 2763 3953 Joannem.

2155 4091 2231 4146 De
2251 4091 2569 4164 Oxyryncho
2587 4091 2816 4145 civitate.

1769 4211 1846 4282 (8)
1885 4209 2148 4266 Venimus
2185 4219 2364 4264 autem
2403 4217 2458 4264 et
2484 4209 2548 4262 ad
2579 4205 2968 4278 Oxyrynchum
2993 4203 3274 4259 civitatem

1699 4302 1986 4374 quamdam
2033 4301 2349 4365 Thebaidis,
2391 4301 2552 4370 cujus
2583 4297 2853 4352 mirabilia
2879 4311 2980 4367 pro
3009 4295 3275 4366 dignitate

1701 4411 1926 4452 narrare
1971 4410 2080 4449 non
2131 4395 2277 4449 licet.
2325 4393 2476 4447 Adeo
2529 4391 2674 4446 enim
2737 4389 2943 4458 repleta
3001 4397 3086 4442 est
3128 4386 3282 4440 intus

82 4487 136 4547 εἰς
159 4488 212 4541 τὰ
236 4491 380 4562 τείχη
427 4493 521 4546 ὑπ’
551 4492 731 4544 αὐτῶν
759 4491 1080 4556 ἐξωθεῖσθαι
1107 4493 1151 4524 ¹⁰
1169 4491 1280 4546 τῶν
1315 4491 1587 4564 μοναχῶν⁴

1706 4487 2078 4552 monasteriis,
2113 4496 2172 4540 ut
2194 4487 2336 4540 muri
2373 4501 2440 4539 ex
2465 4483 2604 4554 ipsis
2631 4487 2926 4552 personent
2949 4477 3230 4533 monachis
3261 4491 3274 4526 :

84 4579 338 4650 περιέχεται
366 4584 423 4636 δὲ
445 4584 648 4648 ἔξωθεν
675 4585 882 4658 ἑτέροις
912 4585 1314 4657 μοναστηρίοις,
1337 4585 1410 4648 ὼς
1433 4585 1599 4656 ἄλλην

85 4669 348 4747 εἶναιπαρὰ
388 4678 597 4748 ταύτην
631 4677 727 4748 τὴν
767 4677 870 4741 ἔξω
905 4678 1076 4730 πάλινσ
1117 4679 1355 4748 Ἐγεμον
1396 4675 1452 4729 δὲ
1505 4678 1602 4748 τῆς

85 4763 246 4830 πόλεως
277 4771 320 4821 οἱ
345 4771 461 4823 ναοὶ
497 4770 590 4822 καὶ
617 4769 682 4822 τὰ
711 4769 1027 4823 καπετῶλια
1061 4768 1169 4824 τῶν
1206 4766 1476 4839 μοναχῶν,
1507 4768 1602 4822 καὶ

86 4857 192 4908 κατὰ
221 4863 314 4912 πᾶν
347 4863 512 4932 μέρος
541 4861 641 4928 τῆς
672 4861 877 4925 πόλεως
905 4859 1082 4936 ᾤκουν
1107 4863 1153 4914 oi
1173 4861 1414 4932 μοναχοί.
1435 4864 1606 4914 Δεκα-

84 4947 154 4999 6-39
171 4951 262 5022 γάρ
289 4957 416 5006 εἰσιν
441 4956 498 5007 ὲν
525 4953 661 5024 αὐτῇ
695 4953 1004 5024 ἐκκλησίαι,
1035 4954 1296 5024 μεγίστης
1315 4952 1480 5023 οὔσης
1503 4952 1606 5022 τῆς

89 5041 268 5110 silem,
287 5045 340 5096 ὲν
363 5041 448 5110 αἷς
485 5048 536 5099 oi
569 5045 714 5116 ὄχλοι
748 5047 1092 5114 συνάγονται.
1135 5045 1216 5098 Τὰ
1242 5044 1350 5116 γὰρ
1379 5045 1486 5099 τῶν
1516 5063 1602 5116 μο-

141 5195 156 5224 ⁸
184 5197 254 5253 Al.
301 5200 624 5265 ἁπωτάτοις.
696 5203 716 5232 ⁷
757 5201 844 5255 Al.
879 5201 1108 5270 ποιήσω.

144 5351 204 5416 (4)
235 5357 510 5429 (largiar
525 5359 810 5428 ῥεύματα.
839 5357 1153 5429 Bonifacius
1174 5357 1556 5429 martyrepist.
1581 5359 1605 5412 1

97 5433 222 5501 ruunt:
245 5427 304 5501 4-,
337 5427 544 5501 Patrol.
585 5427 788 5501 Latina
821 5437 858 5484 t.
895 5427 1154 5482 LXXXIX
1178 5467 1192 5490 ,
1226 5427 1331 5484 col.
1365 5427 1470 5482 695
1499 5427 1607 5501 B)_:

101 5489 294 5569 init-mi
319 5500 540 5569 aurilegi
575 5500 860 5554 Ambrones
881 5508 1074 5567 apoton
1105 5489 1436 5564 grammatan
1465 5489 1608 5567 agris

99 5567 324 5639 [rustratis
371 5567 568 5638 afﬂicti.
625 5569 702 5622 Ex
747 5571 989 5630 Serario,
1029 5571 1135 5622 ἀπὸ
1179 5569 1286 5622 τῶν
1325 5569 1605 5639 κυμάτων.

101 5631 282 5714 Propius
329 5631 498 5714 esset.
551 5639 658 5694 ἀπὸ
698 5639 823 5714 ⁸τῶν
847 5639 1174 5714 ῥευμάτων.
1237 5639 1348 5714 Sed
1385 5631 1604 5714 et_dt1:b

99 5709 528 5790 ttulepapttc'ttwv
575 5711 712 5766 tueri
769 5709 894 5779 quis
935 5709 1154 5790 possit;
1195 5725 1272 5790 ex
1315 5709 1510 5766 litteris
1540 5725 1604 5765 ac

103 5775 369 5842 unumne,
401 5779 552 5848 juxta
591 5795 658 5836 ca
687 5775 808 5852 (ιιιιὲ
843 5775 1059 5850 scriptis
1090 5781 1286 5834 tradita
1311 5790 1458 5836 sunt.

1707 4579 2078 4634 circumdatur
2125 4585 2306 4632 autem
2355 4575 2700 4630 extrinsecus
2743 4571 2866 4626 aliis
2907 4565 3276 4626 monasteriis,

1703 4675 1880 4728 instar
1917 4671 2143 4726 alterius
2181 4669 2472 4726 exterioris
2506 4666 2764 4721 civitatis.
2809 4663 3026 4720 ltel'erta
3061 4675 3280 4731 quoque

1703 4771 1860 4824 erant
1903 4763 2060 4817 urbis
2104 4761 2306 4830 templa
2334 4767 2386 4814 et
2435 4755 2693 4826 capitolia
2737 4739 3042 4814 monachis,
3076 4762 3284 4818 perque

1705 4874 1896 4913 omnes
1945 4857 2099 4910 urbis
2145 4855 2396 4924 regiones
2445 4849 2762 4906 habitabant
2819 4843 3094 4900 monachi.
3145 4837 3284 4892 Nam

1707 4949 1994 5004 duodecim
2035 4947 2090 5000 in
2119 4961 2182 5000 ea
2215 4953 2344 5000 sunt
2379 4941 2642 5002 ecclesiae,
2669 4945 2854 5008 utpote
2889 4933 3124 4988 maxima
3155 4930 3282 4984 civi.

1709 5051 1840 5106 tate,
1895 5042 1949 5094 in
1993 5039 2194 5110 quibus
2233 5036 2384 5107 plebs
2425 5039 2809 5104 congregatur.
2853 5025 3064 5082 Etenim
3101 5037 3288 5078 mona-

1201 5199 1222 5230 ⁸
1256 5199 1338 5252 Al.
1369 5197 1586 5252 ἑαυτοῦ.

1722 5196 1808 5251 Al.
1849 5193 2036 5248 Αυκῶ.
2115 5193 2158 5223 ¹⁰
2193 5191 2278 5246 Al.
2331 5186 2660 5260 ἐξηχεῖσθαι.
2701 5185 2744 5216 ¹⁸
2775 5181 2963 5238 Matth.
2991 5181 3226 5248 xvu,i9.

1791 5355 1868 5422 (Ξὶ)
1913 5353 1967 5407 In
1994 5351 2236 5408 Historia
2266 5347 2528 5422 Lausiaca
2553 5343 2810 5422 Palladii,
2840 5357 2960 5413 cap.
2982 5341 3073 5422 45.

1792 5412 1870 5492 ὲδῖ
1907 5425 2298 5492 Ὀξύρυγκυΐῖο
2335 5419 2536 5492 Praeter
2557 5412 2922 5492 sestarios
2942 5412 3281 5492 arsit?“-

1718 5482 1950 5553 I.il}eilus
1979 5482 2202 5564 précuiu'
2237 5482 2582 5564 Marcelliet
2619 5482 2936 5564 _Fa_ustini__a
2977 5482 3284 5564 clarissimo

1717 5551 2009 5623 διὲίιιοιιιιὸ
2035 5565 2214 5618 editus
2237 5577 2288 5630 p.
2313 5559 2411 5626 76;
2447 5557 2814 5614 Theodoritus
2854 5553 2998 5610 Hist.
3040 5551 3168 5608 εισι.
3206 5567 3282 5618 ιν,

1711 5640 1812 5698 16;
1845 5637 2077 5706 Niceplt1
2101 5650 2175 5692 tu.
2211 5631 2302 5684 22.

1781 5709 1860 5774 (7)
1911 5699 2013 5760 Vii.
2043 5703 2194 5774 lfatr.
2225 5719 2286 5765 ιι,

1781 5772 1856 5852 {8)
1907 5777 2010 5830 Vit.
2049 5773 2198 5828 Patr.
2233 5787 2297 5838 tt,
2329 5772 2382 5826 5.
