3828 6362
472 367 576 421 ΗἹ

1585 360 1927 416 APPENDIX
1964 362 2056 416 AD
2092 359 2508 416 PALLADIUM.

3585 358 3702 416 £48

476 481 764 536 steriorum
793 476 1052 541 oratoria,
1073 491 1168 546 per
1188 477 1611 546 unumquodque
1637 479 2026 533 monasterium
2057 518 2066 541 λ

2173 477 2308 548 ιχῶν
2340 477 2602 546 εὐκτήρια
2655 474 2776 527 καθ’
2801 474 3031 529 ἕκαστον
3074 470 3142 546 ἦν
3186 473 3573 545 μοναστήριον·
3603 478 3706 528 καὶ

477 578 636 634 sunt;
665 570 901 640 denique
931 568 1042 623 fere
1069 567 1320 623 monachi
1349 583 1578 623 numero
1607 575 1867 639 superant
1892 570 2037 623 cives

479 661 792 724 saeculares,
830 659 897 712 ad
930 673 1118 713 omnes
1165 657 1422 712 introitus
1468 659 1620 715 urbis
1661 668 1716 714 et
1760 661 1812 713 in
1855 667 2039 730 porta-

479 767 600 804 rum
641 750 882 804 turribus
918 747 1104 818 positi.
1161 747 1319 803 Certe
1366 753 1510 802 intro
1561 750 1881 804 dicebantur
1920 764 2041 804 esse

480 841 736 894 monachi
790 841 1081 911 quinquies
1131 841 1313 904 mille,
1363 839 1698 910 totidemque
1746 849 1899 895 extra
1950 857 2044 911 per

482 933 774 997 ambitum;
831 948 1002 1001 neque
1030 933 1162 986 hora
1208 939 1326 986 erat
1381 931 1578 986 diurna
1618 933 1700 986 vel
1743 939 2042 994 nocturna,

482 1021 538 1078 in
593 1039 698 1093 qua
740 1022 850 1078 Deo
904 1038 1119 1078 sacrum
1162 1024 1366 1077 cultum
1412 1039 1518 1077 non
1562 1023 1898 1078 exhiberem.
1939 1021 2044 1098 Sed

482 1129 584 1169 nec
616 1114 760 1169 ullus
791 1121 908 1168 erat
951 1115 1127 1168 incola
1172 1114 1462 1168 haereticus
1502 1123 1592 1168 aut
1637 1128 1902 1183 paganus,
1938 1113 2048 1167 imo

482 1220 673 1259 omnes
706 1205 913 1275 pariter
929 1207 1097 1268 cives,
1130 1204 1316 1260 ﬁdeles
1347 1213 1401 1260 et
1425 1205 1834 1268 catechumcni;
1877 1204 1952 1257 ita
1990 1212 2049 1258 ut

484 1296 660 1366 possit
713 1297 1004 1364 episcopus
1056 1297 1109 1350 in
1170 1296 1344 1365 platea
1409 1311 1595 1365 pacem
1643 1295 1774 1351 dare
1828 1296 2046 1366 populo.

484 1385 654 1440 Porro
707 1386 1060 1458 magistratus
1107 1401 1296 1441 eorum
1344 1401 1408 1441 ac
1451 1387 1727 1456 principes
1771 1387 1908 1453 viri,
1956 1388 2050 1456 qui

485 1493 708 1533 munera
741 1479 953 1548 populis
979 1486 1225 1549 erogant,
1260 1478 1327 1532 ad
1365 1489 1549 1548 portas
1578 1486 1631 1533 et
1671 1478 1738 1532 ad
1772 1480 2051 1548 ingressus

487 1568 856 1635 speculatores
889 1568 1184 1635 collocant,
1206 1579 1265 1622 ut
1296 1569 1470 1625 sicubi
1503 1571 1824 1640 peregrinus
1853 1571 2051 1640 aliquis

488 1673 695 1728 pauper
740 1659 1078 1729 apparuerit,
1117 1660 1181 1714 ad
1209 1675 1302 1715 eos
1343 1661 1596 1723 ducatur,
1635 1672 1957 1731 accepturus
1997 1661 2052 1716 in

2142 569 2322 638 σχεδὸν
2369 567 2585 630 πλείους
2616 562 2755 637 ἦσαν
2787 569 2833 620 οί
2889 569 3128 638 μοναχοὶ,
3166 566 3302 639 ὑπὲρ
3331 566 3457 630 τοὺς
3505 583 3704 636 κοσμι-

2139 661 2265 722 κοὺς
2293 658 2534 722 πολίτας.
2568 658 2708 711 κατὰ
2742 661 2917 722 πάσας
2942 659 3038 722 τὰς
3062 658 3298 722 εἰσόδους
3329 658 3432 727 τῆς
3464 659 3699 722 πόλεως,

2140 752 2233 804 καὶ
2270 751 2326 802 ὲν
2355 753 2464 813 τοῖς
2497 749 2724 820 πύργοις
2751 751 2859 803 τῶν
2903 751 3084 802 πυλῶν
3115 751 3530 820 καταμένοντες.
3568 751 3706 803 Πεν-

2141 839 2457 908 τακισχίλιοι
2489 839 2584 910 μὲν
2619 840 2726 910 γὰρ
2762 841 2981 910 μοναχοὶ
3011 840 3254 909 ἐλέγοντο
3280 836 3416 893 εἶναι
3467 838 3704 901 ἔνδοθεν,

2141 924 2383 977 τοσοῦτοι
2427 925 2483 977 δὲ
2514 925 2680 996 αὐτὴν
2714 925 2908 991 ἔξωθεν
2949 928 3320 997 περιέχοντες*
3359 929 3454 980 καὶ
3497 928 3600 980 οὐκ
3633 922 3704 997 ἦν

2144 1009 2262 1080 ὥρα
2289 1013 2520 1081 ἡμερινὴ
2553 1012 2672 1064 οὐδὲ
2703 1013 3008 1084 νυκτερινὴ,
3035 1017 3091 1069 ἐν
3193 1018 3289 1079 τὰς
3315 1017 3572 1087 λατρείας
3605 1018 3708 1070 οὐκ

2143 1099 2426 1152 ἐπετέλουν
2445 1101 2523 1172 τῷ
2541 1101 2676 1171 Θεῷ.
2722 1103 2860 1156 Ἀλλ’
2897 1105 3015 1157 οὐδὲ
3035 1099 3115 1169 εἷς
3139 1101 3204 1176 ἦν
3233 1108 3474 1180 οἰκήτωρ
3499 1109 3710 1176 αἱρετι-

2145 1192 2239 1254 κὸς
2267 1191 2384 1244 οὐδὲ
2413 1191 2620 1256 ἐθνικὸς
2649 1196 2706 1246 ἐν
2732 1197 2817 1265 τῇ·
2845 1196 3015 1264 πόλει,
3057 1199 3190 1252 ἀλλά
3236 1200 3434 1264 πάντες
3486 1199 3625 1270 ὁμοῦ
3656 1201 3708 1252 οἱ

2146 1285 2357 1337 πολῖται
2392 1286 2568 1337 πιστοὶ
2612 1287 2702 1338 καὶ
2731 1287 3149 1357 κατηχούμενοι,
3180 1289 3254 1350 ὡς
3281 1289 3540 1342 δύνασθαι
3587 1289 3710 1342 δοῦ-

2147 1395 2234 1431 ναι
2265 1377 2355 1430 τὸν
2401 1378 2696 1443 ὲπίσκοπρν
2735 1381 2792 1430 ἐν
2841 1381 2906 1448 τῇ
2940 1380 3169 1451 πλατείᾳ
3197 1382 3420 1452 είρήνην
3451 1380 3534 1450 τῷ
3570 1379 3705 1449 λαῷ.

2148 1471 2210 1521 υἱ
2244 1468 2298 1522 δὲ
2329 1471 2622 1540 στρατηγοὶ
2643 1469 2822 1522 αὐτῶν
2861 1470 2952 1522 καὶ⁸
2983 1472 3031 1523 οἱ
3062 1471 3338 1543 ἄρχοντες,
3366 1474 3412 1525 οξ
3436 1473 3538 1534 τὰς
3564 1471 3715 1540 φιλο-

2147 1561 2335 1632 τιμίας
2357 1565 2467 1626 τοῑς
2492 1562 2682 1633 δήμοις
2720 1562 3131 1634 παρέχοντες¹¹,
3164 1565 3303 1618 κατὰ
3337 1565 3437 1628 τὰς
3475 1563 3715 1628 εἰσόδους

2152 1654 2384 1717 σκοποὺς
2437 1652 2688 1724 ἔστησαν,
2721 1654 2855 1724 πρὸς
2887 1654 2948 1706 τὸ
2994 1657 3042 1708 εί
3091 1655 3236 1719 ξένος
3285 1672 3367 1720 τις
3419 1653 3714 1724 πενόμενός

488 1749 743 1805 solatium
769 1761 1020 1820 sumptus
1045 1751 1410 1808 necessarios.
1434 1751 1552 1806 Jam
1582 1767 1692 1822 quo
1731 1754 1892 1808 modo
1911 1762 2056 1809 retu-

2173 1760 2254 1796 του
2287 1742 2481 1812 φανείη
2531 1742 2760 1813 ἀχθῆναι
2793 1743 2926 1814 πρὸς
2957 1744 3177 1806 αὐτοὺς.
3225 1743 3532 1814 ληψόμενον
3580 1741 3718 1813 πρὸς

491 1841 613 1896 lerit
644 1842 914 1912 quispiam
937 1843 1192 1912 pietatem
1216 1844 1564 1912 populorum,
1593 1859 1715 1898 cum
1743 1860 1842 1900 nos
1871 1846 2057 1916 hospi-

2173 1831 2507 1903 ταραμυθίαν
2554 1831 2904 1904 ἀναλώματα.
2968 1834 3078 1887 Καὶ
3128 1833 3179 1887 τί
3233 1834 3296 1888 ἄν
3328 1850 3412 1896 τις
3440 1833 3591 1886 εἴποι
3617 1834 3717 1901 τὴν

491 1946 574 1988 tes
602 1933 874 1995 viderunt,
905 1949 999 2002 per
1032 1933 1208 1988 lorum
1244 1943 1615 2002 transeuntes,
1656 1946 1820 2006 atque
1858 1937 1924 1991 ad
1961 1953 2060 1991 nos

490 2025 641 2078 velut
664 2024 730 2078 ad
763 2024 986 2094 angelos
1015 2025 1404 2080 accesserunt?
1428 2026 1546 2090 Quo
1585 2027 1747 2081 modo
1771 2042 2060 2082 enarrato-

492 2115 566 2170 rit
597 2115 1002 2169 multitudinem
1043 2117 1436 2171 monachorum
1465 2125 1518 2171 et
1552 2119 1844 2187 virginum,
1871 2135 2062 2173 nume-

495 2219 614 2258 rum
642 2205 1054 2261 excedentium?
1082 2209 1330 2261 Attamen
1355 2206 1495 2277 quod
1533 2223 1562 2260 a
1593 2216 1790 2261 sancto
1815 2209 1920 2262 loci
1947 2208 2063 2278 epi-

495 2310 661 2368 scopo
676 2307 1010 2368 compertum
1038 2298 1350 2366 habuimus,
1370 2300 1754 2366 indicabimus,
1783 2300 2040 2354 habuisse

495 2385 648 2439 illum
683 2386 786 2441 sub
817 2402 916 2441 sua
943 2393 1213 2454 potestate
1235 2385 1419 2440 decem
1454 2386 1622 2438 millia
1653 2386 2062 2447 monachorum,

494 2476 684 2547 viginti
730 2478 898 2531 millia
956 2479 1250 2548 virginum.
1312 2476 1579 2532 Caeterum
1641 2477 2064 2545 hospitalitatem

493 2583 708 2634 eorum,
746 2575 802 2623 et
858 2563 1147 2632 charitatis
1197 2568 1628 2638 magnitudinem
1691 2568 1906 2623 edicere
1958 2583 2065 2622 non

497 2662 671 2716 valeo.
718 2660 1172 2717 Discindebantur
1193 2660 1338 2714 enim
1364 2661 1528 2730 pallia
1562 2669 1770 2724 nostra,
1799 2661 1925 2713 dum
1961 2658 2070 2714 sin-

499 2753 612 2821 guli
653 2767 754 2807 nos
802 2751 870 2805 ad
925 2767 982 2806 se
1025 2752 1418 2822 pertraherent.
1461 2752 1639 2820 Atque
1683 2750 1796 2804 illic
1831 2749 2068 2806 vidimus

501 2842 704 2895 multos
747 2856 1083 2910 magnosque
1136 2840 1348 2906 Patres,
1395 2839 1629 2894 diversis
1675 2839 2066 2894 charismatum

503 2931 662 2988 donis
685 2943 930 2994 ornatos,
962 2931 1100 2987 alios
1130 2934 1184 2986 in
1209 2932 1332 2986 vita:
1379 2931 1665 2996 institutis,
1692 2931 1827 2986 alios
1867 2932 1919 2986 in
1952 2947 2071 3001 pro-

503 3021 690 3095 digiis,
729 3023 1023 3077 virtutibus
1053 3031 1108 3078 et
1134 3023 1330 3093 signis.
1481 3013 1495 3026 ’

994 3154 1074 3209 De
1103 3153 1290 3209 abbate
1323 3152 1566 3224 Evagrio.

575 3272 654 3342 (9)
700 3270 941 3328 Vidimus
979 3272 1184 3342 pariter
1216 3269 1508 3343 Evagrium
1552 3271 1727 3323 virum
1774 3269 2071 3338 sapientem

508 3373 563 3418 et
605 3363 844 3427 doctum,
897 3364 988 3432 qui
1044 3363 1428 3433 cogitationum
1485 3361 1969 3418 discernendarum
2020 3364 2073 3416 vi

510 3453 666 3509 valde
708 3455 966 3524 praeditus
1013 3455 1133 3517 fuit,
1170 3470 1266 3524 per
1298 3455 1688 3524 experientiam
1735 3454 1786 3507 id
1822 3455 1897 3509 rei
1930 3471 2076 3509 con-

513 3553 754 3609 secutus,
806 3546 898 3614 qui
949 3560 1091 3613 saepe
1144 3544 1199 3598 in
1259 3544 1642 3599 Alexandriam
1705 3544 2072 3612 descendens,

512 3632 822 3688 Grrecorum
843 3635 1290 3704 ethnicorumque
1308 3636 1650 3706 philosophis
1675 3653 1738 3692 os
1764 3639 2070 3692 obturahat.

514 3721 564 3779 Is
593 3723 872 3778 admonuit
909 3723 1104 3778 fratres
1133 3726 1225 3795 qui
1251 3727 1534 3781 nobiscum
1574 3735 1754 3795 erant,
1788 3744 1856 3782 ne
1882 3743 2078 3797 aquam

515 3816 582 3870 ad
610 3817 914 3872 satietatem
947 3817 1214 3873 biberent.
1252 3817 1534 3873 Daemones
1565 3819 1733 3881 enim,
1780 3819 2078 3889 inquiebat,

2157 1923 2442 1978 εὐλάϐειαν
2466 1923 2574 1977 τῶν
2621 1924 2808 1995 δήμων
2847 1924 3096 1997 ὁρώντων
3162 1927 3306 1996 ἡμᾶς
3335 1927 3465 1987 τοὺς
3510 1924 3713 1990 ξένους,

2157 2016 2244 2069 διὰ
2271 2018 2366 2088 τῆς
2397 2018 2601 2086 ἀγορᾶς
2626 2018 2940 2088 παριόντας,
2972 2018 3064 2071 καὶ
3088 2017 3273 2089 ὥσπερ
3295 2017 3548 2086 ἀγγέλοις
3589 2019 3718 2088 ἡμῖν

2159 2107 2484 2177 προσιόντων
2503 2124 2518 2172 ;
2538 2108 2659 2160 τίδὲ
2688 2108 2748 2162 τὸ
2767 2108 2969 2178 πλῆθος
2997 2108 3200 2172 ἐξείποι
3226 2127 3307 2170 τις
3334 2109 3441 2162 τῶν
3471 2109 3719 2179 μοναχῶν

2159 2198 2252 2251 καὶ
2281 2197 2582 2268 παρθένων,
2609 2198 2992 2270 ἀναριθμήτων
3019 2199 3218 2266 δντωνς
3251 2200 3395 2271 Πλὴν
3422 2201 3548 2253 ὅσον
3574 2199 3722 2270 παρὰ

2159 2287 2251 2340 τοῦ
2282 2289 2396 2340 ἐκεῖ
2443 2289 2596 2356 ἁγίου
2653 2289 2953 2342 ἐπισκόπου
2999 2288 3442 2360 ἠκριϐωσὰμεθα,
3470 2289 3723 2359 δηλώσω-

2166 2394 2282 2447 μεν,
2315 2378 2536 2447 μυρίους
2590 2378 2689 2449 μὲν
2740 2381 3000 2451 μοναχοὺς
3033 2381 3121 2449 ὑφ’
3147 2380 3323 2434 αὐτῶν
3344 2381 3407 2443 ³³,
3428 2381 3722 2452 δισμυρίας

2161 2469 2218 2522 δὲ
2257 2469 2560 2541 παρθένους
2599 2471 2808 2540 ἔχοντες
2838 2472 2902 2526 ’⁵.
2946 2471 3056 2541 Τὴν
3101 2471 3156 2524 δὲ
3201 2470 3501 2539 φιλοξενίαν
3546 2471 3722 2524 αὐτῶν

2164 2563 2257 2616 καὶ
2287 2563 2384 2632 τὴν
2413 2563 2629 2634 ἀγάπην
2650 2564 2768 2617 οἵαν
2798 2559 2960 2634 εἶχον,
2994 2563 3094 2632 ἐμὲ
3129 2563 3225 2633 οὐχ
3263 2557 3373 2616 οἷον
3393 2565 3437 2595 ⁸⁸
3467 2563 3719 2628 ἐξειπεῖν,

2165 2655 2432 2707 Διεσπᾶτο
2460 2653 2566 2724 γὰρ
2591 2653 2746 2725 ἡμῶν
2768 2653 2836 2707 τὰ
2865 2653 3084 2717 παλλία,
3117 2657 3180 2707 ὲκ
3225 2653 3392 2706 τῶν¹⁶
3415 2656 3565 2724 ἡμᾶς
3597 2654 3724 2724 πρὸς

2167 2745 2391 2808 ἑαυτοὺς
2426 2744 2810 2799 ἀνθελκόντων.
2855 2745 2963 2798 Καὶ
3009 2745 3188 2815 ἴδομεν
3220 2747 3334 2799 ἐκεῖ
3386 2743 3616 2807 πολλοὺς
3639 2745 3726 2796 καὶ

2171 2839 2433 2911 μεγάλους
2453 2839 2718 2912 Πατέρας,
2747 2839 2976 2911 διάφορα
3001 2839 3312 2910 χαρίσματα
3342 2837 3583 2907 ἔχοντας,
3607 2835 3727 2895 τοὺς

2171 2931 2270 3002 μὲν
2303 2932 2359 2984 ἐν
2390 2931 2552 3000 λόγῳ,
2583 2933 2708 2996 τοὺς
2737 2930 2793 2983 δὲ
2845 2933 2902 2985 ὲν
2957 2929 3218 3001 πολιτεία,
3249 2929 3374 2992 τοὺς
3404 2928 3461 2981 δὲ
3490 2928 3547 2980 ὲν
3577 2925 3728 2978 δυνά·

2174 3040 2298 3094 μεσι
2321 3025 2414 3077 καὶ
2441 3041 2505 3094 ση
2516 3002 2728 3093 μείοιςί

2653 3157 2792 3226 Περὶ
2821 3156 2969 3212 ἀϐὄᾶ
3001 3127 3330 3226 Εῠατρίου..

2247 3271 2454 3340 Ἴδομεν
2485 3269 2540 3322 δὲ
2573 3271 2666 3324 καὶ
2701 3272 2969 3342 Εὐάγριον
3009 3271 3174 3342 ἄνδρα
3211 3271 3372 3339 σοφὸν
3411 3270 3507 3323 καὶ
3536 3269 3730 3339 λόγιον,

2172 3363 2231 3424 ὃς
2269 3361 2378 3414 τῶν
2408 3361 2682 3431 λογισμῶν
2722 3363 2909 3432 ἱκανὴν
2937 3359 3080 3432 εἶχεν
3133 3361 3421 3433 διάκρισιν,
3455 3363 3520 3413 ὲκ
3544 3361 3731 3431 πείρας

2174 3452 2234 3505 τὸ
2273 3453 2500 3523 πρᾶγμα
2550 3451 2916 3522 παρειληφὼς,
2948 3451 3007 3516 ὃς
3044 3453 3303 3516 πολλάκις
3350 3450 3630 3505 κατελθὼν
3661 3455 3732 3512 εἰς

2188 3545 2610 3616 Ἀλεξάνδρειαν,
2643 3545 2765 3608 τοὺς
2797 3544 2905 3597 τῶν
2946 3544 3210 3616 Ἑλλήνων
3259 3543 3579 3612 φιλοσόφους
3638 3544 3734 3597 ἀπ-

2178 3637 2481 3708 εστόμιζεν.
2518 3634 2682 3703 Οὗτος
2726 3639 3056 3709 παρήγγειλε
3115 3641 3223 3700 τοῖς
3253 3637 3368 3706 μεθ’
3397 3639 3552 3709 ἡμῶν
3590 3637 3735 3691 ἀδελ-

2179 3731 2319 3795 φοῖς,
2352 3727 2541 3792 ὓδατος
2577 3729 2650 3799 μὴ
2683 3728 3050 3800 κορέννυσθαι.
3083 3729 3146 3781 Οί
3175 3727 3283 3797 γὰρ
3311 3726 3585 3797 δαίμονες,
3619 3727 3735 3795 ἔφη,

2179 3819 2303 3882 τοὺς
2331 3819 2602 3889 ὑδροχοεῖς
2631 3820 2827 3883 τόπους
2849 3819 2891 3850 ⁸⁷
2924 3818 3158 3888 συνεχῶς
3189 3817 3579 3870 ἐπιϐαίνουσιν.
3620 3818 3737 3870 ’Δλο

515 3908 636 3962 loca
659 3924 779 3978 quae
813 3925 983 3978 aquas
1014 3909 1268 3974 fundunt,
1293 3909 1514 3966 assidue
1559 3911 1859 3965 incursant.
1887 3910 1991 3966 Sed
2031 3926 2066 3964 ei

2182 3910 2307 3974 λους
2341 3929 2399 3964 τε
2434 3911 2661 3976 πολλοὺς
2691 3911 2825 3984 πρὸς
2874 3913 3023 3982 ἡμᾶς
3073 3910 3199 3981 περὶ
3243 3910 3533 3981 ἀσκήσεως
3562 3910 3739 3979 ἐποιή-

518 4000 718 4055 multos
759 4001 896 4056 alios
933 4001 1000 4056 de
1041 4011 1232 4056 sancta
1258 4003 1647 4058 exercitatione
1675 4003 1831 4057 nobis
1863 4003 2060 4072 protuli

2186 4017 2314 4054 σατο
2339 4001 2548 4068 λόγους,
2579 3998 2930 4071 ὲπιστηρίξας
2958 3999 3112 4071 ἡμῶν
3134 3999 3230 4062 τὰς
3253 3999 3448 4068 ψυχάς.

520 4107 818 4160 sermones,
845 4094 1045 4164 quibus
1069 4095 1280 4149 animas
1307 4105 1524 4150 nostras
1569 4096 1943 4151 conﬁrmabat.

940 4228 1016 4283 De
1049 4227 1234 4282 abbate
1265 4227 1656 4284 Patermuthio.

594 4340 706 4413 (10)
745 4339 872 4394 Erat
910 4342 1052 4396 enim
1095 4351 1219 4396 ante
1250 4359 1351 4398 nos
1384 4344 1602 4411 quidam
1646 4343 1828 4408 Pater,
1871 4328 2089 4398 nomine

522 4433 914 4500 Patermulius,
968 4437 1061 4505 qui
1099 4437 1309 4504 primus
1357 4437 1503 4491 illius
1547 4437 1650 4490 loci
1699 4438 2090 4490 monachorum

2501 4237 2636 4304 Περὶ
2661 4233 2809 4290 ἀόὅᾶ
2838 4236 3276 4304 Πατερμουθίου
3303 4232 3436 4303 (Η).

2259 4346 2366 4404 Ἦν
2400 4351 2508 4421 γάρ
2536 4369 2618 4415 τις
2645 4351 2834 4422 Πατὴρ
2863 4351 2967 4421 πρὸ
2996 4350 3149 4420 ἡμῶν
3174 4349 3398 4418 ὀνόματι
3427 4347 3737 4419 Πατερμοῦ·

2192 4458 2306 4504 τιος
2327 4441 2391 4505 ¹⁸,
2429 4441 2644 4511 πρῶτος
2685 4440 2794 4494 τῶν
2819 4444 2876 4494 ὲν
2906 4439 2983 4511 τῷ
3007 4441 3156 4511 τόπῳ
3177 4439 3348 4510 τούτῳ
3381 4439 3629 4509 μοναχῶν
3655 4440 3740 4492 αὖε

525 4528 756 4593 exstitit,
793 4540 846 4584 et
878 4529 1253 4584 monachicam
1295 4530 1439 4584 hanc
1473 4538 1675 4586 vestem
1712 4531 1920 4600 primus
1956 4532 2066 4602 ipsi:

2189 4533 2280 4596 τὸς
2334 4533 2638 4602 γενόμενος,
2687 4535 2714 4585 ὁ
2764 4533 2858 4586 καί
2897 4533 2958 4585 τὸ
3009 4531 3294 4603 μοναχικδν
3348 4531 3555 4601 ἔνδυμα
3597 4529 3742 4583 τοῦτο

527 4621 824 4676 adinvenit.
856 4622 904 4676 is
923 4637 1044 4676 cum
1065 4622 1332 4691 principio
1358 4630 1504 4677 esset
1527 4623 1778 4692 princeps
1797 4623 2089 4688 latronum,

527 4729 591 4769 ac
617 4715 843 4785 vespillo
868 4716 1172 4786 gentilium,
1198 4716 1551 4786 famosusque
1577 4717 1631 4770 in
1659 4717 1921 4786 nequitia,
1955 4716 2094 4771 hanc

526 4815 720 4862 nactus
753 4815 833 4862 est
879 4808 1223 4865 occasionem
1275 4811 1488 4864 salutis.
1531 4809 1762 4864 Advenit
1798 4816 1958 4863 nocte
1998 4809 2097 4862 ali-

529 4899 746 4966 quando
782 4899 847 4954 ad
882 4901 1147 4971 virginem
1197 4901 1460 4971 aliquam,
1499 4901 1672 4972 ipsius
1707 4901 2094 4956 monasterium

531 4991 826 5060 depraedari
876 4994 1056 5046 animo
1099 4992 1423 5060 meditatus;
1459 5009 1691 5062 cumque
1713 4993 1944 5063 quadam
1983 5007 2096 5045 ma-

532 5083 694 5136 china
725 5083 781 5137 in
811 5090 952 5139 tecta
991 5086 1422 5152 conscendisset,
1459 5101 1560 5140 nec
1598 5085 1866 5139 inveniret
1905 5099 2012 5154 qua
2037 5084 2090 5138 in

605 5243 650 5276 “
679 5242 890 5297 Absunt
923 5242 992 5295 ab
1021 5243 1092 5295 al.
1121 5242 1283 5296 verba
1315 5245 1363 5295 oi
1401 5242 1524 5306 τὰς.
1545 5282 1558 5294 .
1577 5279 1591 5293 .
1628 5240 1976 5310 παρέχοντες.

2057 5239 2102 5272 ⁸³
2136 5237 2222 5293 Al.
2255 5237 2436 5293 αὐτόν.

2200 4623 2412 4695 πρῶτος
2451 4624 2632 4686 αὐτοῖς
2691 4625 2967 4695 ἐφευρών·
3010 4624 3167 4687 αὐτὸς
3225 4622 3554 4694 ἀρχιλῃστὴς
3610 4618 3742 4692 πρῶι

2198 4734 2287 4780 τος
2311 4717 2352 4748 ¹⁹
2385 4716 2477 4768 καὶ
2511 4717 2840 4786 νεκροτὰφος
2885 4716 3150 4786 Ἑλλήνων
3201 4717 3478 4786 ὑπάρχων,
3515 4715 3608 4767 καὶ
3642 4715 3741 4766 δια·

2203 4807 2390 4877 ϐόητος
2419 4808 2510 4860 ἐπὶ
2539 4807 2706 4877 κακίᾳ
2732 4807 3040 4878 γενόμενος,
3072 4807 3338 4877 πρόφασιν
3360 4803 3568 4875 ηὕρατο

2206 4897 2327 4968 ρίας
2370 4897 2644 4967 τοιαύτην.
2701 4897 2932 4968 Ἐπέστη
2987 4898 3115 4950 ποτὲ
3163 4895 3352 4959 νυκτός
3405 4913 3511 4948 τινι
3561 4893 3745 4964 παρθε-

2202 4989 2448 5060 νευούσῃ,
2487 4990 2716 5059 συλῆσαι
2746 4991 2806 5043 τὸ
2842 4991 3200 5062 μοναστὴριον
3256 4987 3425 5058 αὐτῆς
3479 4985 3745 5058 προθυμης

2199 5080 2310 5146 θείς
2330 5099 2344 5113 ο
2369 5082 2572 5153 ηὑρέθη
2600 5082 2656 5135 δὲ
2693 5086 2904 5154 μηχανῇ
2936 5100 3040 5137 τινι
3069 5083 3160 5135 ἐπὶ
3194 5080 3263 5134 τὰ
3291 5078 3545 5150 δώματα’
3578 5078 3653 5149 μὴ
3676 5078 3746 5129 εὐ-

2517 5237 2560 5270 ίδ
2597 5239 2682 5290 Al.
2734 5236 3008 5307 Exovtogh
3042 5237 3086 5267 ¹⁸
3128 5235 3216 5307 ΑΙ.
3251 5235 3419 5307 inser.
3449 5251 3532 5288 τε.

535 5314 831 5384 ἑκατέρων.
908 5312 950 5345 ⁸⁷
980 5312 1063 5365 Al.
1095 5315 1206 5376 τοῖς
1239 5301 1550 5383 δροκέλλόις
1578 5301 1805 5374 τόποὶςτ
1838 5312 1909 5364 al.
1939 5301 2068 5373 τοὺς
2110 5308 2428 5382 ὐδροτελεῖς.
2507 5308 2550 5341 ³⁸
2588 5310 2673 5363 Al.
2703 5301 3106 5379 Πατερμοῦθιος
3127 5323 3141 5338 ·
3174 5306 3244 5360 al.
3273 5303 3530 5368 Μούθιος.
3607 5305 3649 5336 ¹⁹
3678 5301 3745 5355 ΔΙ.

535 5385 749 5458 πρώην.

609 5565 682 5633 (9)
733 5563 840 5620 νει.
874 5563 1027 5618 Patr.
1058 5581 1117 5628 ιι,
1161 5565 1250 5622 27.

612 5637 721 5705 ΗΟ)
773 5636 872 5688 Vit.
903 5635 1058 5690 Patr.
1085 5653 1144 5701 ιι,
1173 5637 1227 5690 9.
1658 5659 1676 5682 \

611 5707 721 5770 (Η)
760 5706 899 5774 Περὶ
943 5705 1092 5761 ἁϐὅᾶ
1145 5709 1607 5775 Πατερμουθὶου.
1649 5705 1842 5761 Exstat
1887 5720 2104 5775 quoque

547 5773 648 5831 hoc
704 5773 862 5846 salut
926 5777 982 5831 in
1041 5773 1582 5833 Historia'Laurinca
1623 5777 1870 5842 Palladii,
1906 5773 2104 5831 codice

2209 5565 2524 5622 Colbertino
2555 5565 2694 5620 4474
2713 5608 2726 5630 ,
2751 5565 2844 5620 sed
2895 5579 3016 5620 cum
3073 5559 3322 5633 plurimis
3351 5554 3745 5633 _vari_etati_bus;

2210 5653 2440 5706 quarum
2478 5652 2678 5706 paucas
2712 5623 2885 5690 visum
2908 5641 2990 5688 est
3023 5623 3316 5706 ascribere.
3343 5628 3596 5683 Continet
3628 5623 3745 5706 idem

2213 5696 2312 5763 nis.
2340 5708 2449 5761 duo
2478 5696 2760 5777 sequentia
2791 5705 2991 5777 capita,
3027 5719 3136 5758 non
3168 5701 3301 5757 adeo
3333 5708 3512 5754 tamen
3536 5696 3724 5766 ampla.
