3828 6340
95 269 170 328 N9
1247 261 1332 318 PA
1341 261 1638 322 BADISUS

97 387 172 459 ρὼν
215 381 261 436 δὲ
299 377 439 440 ποίας
459 377 504 408 ’⁸
547 374 764 448 εἰσέλθῃ
815 377 896 439 είς
945 375 1006 428 τὸ
1055 379 1295 446 ταμεῖον,
1343 378 1376 449 ἢ
1410 378 1570 432 πάλιν
1600 385 1644 442 Α

95 475 257 538 mm"
311 468 658 540 ὑποχωρήσῃ,
704 467 885 536 ἔμεινε
937 467 1286 538 λογιζόμενος
1335 470 1429 522 ἐπὶ
1474 469 1570 523 τοῦ

93 569 280 640 δώματος
301 563 446 634 ἄχρις
475 563 712 634 ἡμέρας·
748 563 843 616 καὶ
861 564 1055 634 μικρὸν
1087 563 1438 632 ἀφυπνώσας,
1473 565 1574 636 ὁρᾷ

91 661 145 724 ὡς
191 656 412 728 βασιλέως
460 654 624 718 τινὸς,
673 653 920 722 λέγοντος
965 656 1009 686 ²¹
1051 655 1202 725 αὐτῷ
1255 653 1396 709 κατὰ
1448 657 1572 719 τοὺς

93 754 254 812 ὕπνους,
291 747 354 817 μὴ
379 746 502 816 περὶ
528 745 651 808 τοὺς
681 745 871 814 φόνους
894 746 938 778 ³³
965 746 1064 810 ἔτι,
1095 746 1189 798 καὶ
1227 746 1333 800 τῶν
1361 746 1573 816 μικρῶν

91 841 242 894 τούτων
277 837 642 908 κλεμμάτων²³
695 839 794 908 τὴν
843 838 1075 910 σπουδὴν
1117 839 1279 909 ἔχειν,
1337 841 1574 909 ἐπαγρυ-

93 933 285 994 πνοῦντα,
301 931 420 984 ἀλλὰ
435 931 482 984 εί
506 930 746 1000 βούλοιτο
770 931 1121 1002 μεταϐάλλειν
1144 932 1233 985 τὸν
1260 933 1458 1003 τρόπον
1487 934 1572 987 ἐπ’

89 1021 255 1092 ἀρετὴν,
296 1019 380 1072 καὶ
421 1018 748 1090 στρατηγίαν
766 1021 809 1052 ⁸⁵
841 1020 1132 1091 ἀγγελικὴν
1163 1025 1482 1092 στρατηγεῖν
1504 1023 1570 1085 ’⁸,

91 1111 223 1164 λιιῆεῖν
257 1109 367 1178 παρ’
395 1107 558 1162 αὑτοῦ
608 1108 810 1180 ταύτην
853 1110 950 1182 τὴν
992 1110 1258 1177 ἐξουσίαν.
1322 1113 1380 1166 '0
1409 1112 1466 1166 δὲ
1499 1112 1574 1176 ὡς

89 1203 277 1270 ἀσμένως
295 1199 593 1266 ὑπεδέξατο,
620 1201 714 1252 καὶ
739 1200 804 1272 δὴ
831 1201 1016 1272 τάγμα
1033 1202 1277 1274 μοναχῶν
1304 1204 1507 1275 ἄγηρον
1529 1204 1573 1234 ⁸⁷

89 1292 408 1352 ὑποδείκνυσιν,
449 1294 542 1346 καὶ
575 1293 760 1364 ἄρχειν
788 1295 967 1349 αύτῶν
1005 1295 1419 1368 παρεκελεύετο.
1453 1297 1577 1362 Ἔξ-

87 1399 208 1444 οπνος
231 1383 277 1436 δὲ
310 1384 587 1453 γενόμενος
613 1389 640 1438 6
665 1387 804 1458 ἀνὴρ
827 1387 930 1458 ὁρᾷ
976 1387 1074 1458 τὴν
1112 1388 1380 1458 παρθένον
1427 1387 1576 1459 αὐτῷ

85 1475 389 1544 παρεστῶσαν,
423 1478 518 1530 καὶ
545 1477 806 1546 λέγουσαν
824 1495 837 1508 ·
886 1480 1052 1533 Πόθεν
1104 1481 1168 1534 σὺ
1197 1481 1578 1552 παραγέγονας

83 1559 172 1628 c363,
198 1559 235 1618 ὧ
267 1565 526 1638 ἄνθρωπε,
560 1569 594 1642 ἢ
643 1569 726 1633 τίς
762 1571 1026 1642 ὑπάρχεις
1071 1572 1168 1645 τὴν
1216 1573 1384 1646 τύχην
1401 1577 1476 1642 ¹³;
1521 1577 1577 1632 Ὀ

83 1656 140 1720 δὲ,
168 1657 303 1726 μηδὲν
329 1659 575 1712 εἰδέναι²⁹
607 1661 781 1732 φήσας
807 1663 966 1734 αὐτῇ,
999 1664 1096 1734 τὴν
1125 1665 1419 1736 ἐκκλησίαν
1446 1668 1577 1720 ὑπο-

83 1743 326 1802 δείκνυσθαι
371 1749 517 1820 αὐτῷ
549 1752 869 1823 παρεκάλει.
912 1755 1022 1807 Καὶ
1059 1755 1122 1827 δὴ
1151 1755 1227 1819 ὡς
1275 1757 1572 1826 ἐπέδειξεν,

85 1838 340 1907 προσπεσὼν
370 1843 481 1903 τοῖς
533 1841 640 1896 τῶν
678 1844 1060 1917 πρεσϐυτέρων
1091 1845 1309 1913 γόνασιν
1331 1848 1398 1913 ³⁸,
1423 1847 1574 1917 ἠξίου

83 1927 343 2000 Χριστιανὸς
369 1932 646 1999 γενέσθαι,
689 1935 784 1988 καὶ¹
822 1937 1110 2007 μετανοίας
1163 1937 1346 2008 χώραν
1373 1940 1572 2011 εὑρεῖν.

89 2019 366 2088 Ἑπιγνόντες
391 2022 444 2075 δὲ
467 2025 628 2077 αὑτὸν
655 2027 704 2078 οἱ
731 2027 1111 2100 πρεσϐύτεροι,
1139 2031 1232 2082 καὶ
1266 2029 1576 2102 θαυμάσαν-

81 2127 158 2174 τες,
200 2113 488 2168 ἐνουθέτουν
535 2115 720 2169 λοιπὸν
771 2119 864 2170 καὶ
918 2118 1210 2178 ἐδίδασκον.
1245 2119 1337 2174 τοῦ
1381 2122 1574 2191 μηκέτι

79 2198 180 2256 εἷναι
227 2204 554 2274 ἀνδροφόνον.
617 2207 797 2272 Ἠξίου
842 2208 898 2261 δέ
939 2209 1154 2272 αὐτοὺς,
1182 2210 1291 2264 τῶν
1347 2212 1575 2283 ψαλμῶν

79 2291 326 2357 ἐπακούειν,
361 2295 451 2347 καὶ
481 2295 649 2366 τριῶν
685 2297 878 2367 στίχων
932 2299 1241 2364 ἐπακούσας
1277 2302 1436 2368 μόνον
1480 2300 1574 2356 τοῦ

78 2385 246 2454 πρώτου
271 2386 504 2458 ψαλμοῦ,
532 2389 720 2459 ἀρκεῖν
745 2387 922 2460 ἐαυτῷ
953 2389 1089 2452 τέως
1109 2390 1213 2460 ἔφη
1241 2391 1412 2445 ταῦτα
1439 2392 1575 2463 πρὸς

79 2476 277 2548 μάθησιν.
305 2481 408 2532 Καὶ
452 2482 742 2551 ἐπιμείνας
789 2481 924 2554 πρὸς
951 2484 1146 2548 αὐτοὺς
1172 2487 1318 2556 τρεῖς
1341 2485 1572 2556 ἡμέρας,

75 2567 253 2630 ἐξελθὼν
281 2572 433 2638 εὐθὺς
470 2575 566 2626 ἐπὶ
595 2573 691 2646 τὴν
719 2573 921 2646 ἔρημον
964 2575 1241 2648 ὥρμησεν,
1275 2578 1368 2631 καὶ
1389 2578 1576 2650 τριετῆ

73 2657 228 2726 διάγων
255 2665 434 2734 χρόνον
483 2665 627 2718 κατὰ
669 2665 768 2736 τὴν
797 2665 1020 2738 ἔρημον,
1057 2669 1113 2720 ἐν
1151 2669 1333 2740 εὐχαῖς
1363 2671 1454 2724 καὶ
1481 2669 1575 2724 δά-

74 2769 220 2823 κρυσιν
243 2757 595 2828 διημερεύων,
625 2758 760 2828 πρὸς
787 2758 990 2830 τροφὴν
1016 2762 1136 2822 ταῖς
1167 2761 1388 2831 ἀγρίαις
1427 2761 1578 2830 βοτά-

75 2859 160 2904 ναις
196 2845 416 2914 ἠρκεῖτο,
459 2846 558 2899 καὶ
605 2845 830 2910 ταύταις
879 2848 1123 2918 ἐνέμετο.
1167 2849 1497 2920 Ἐπανῇλθεν
1521 2851 1576 2904 δὲ

69 2933 128 2994 είς
153 2935 234 3004 τὴν
260 2935 570 3005 ἐκκλησίαν,
605 2936 922 3008 ἔμπρακτον
963 2939 1323 3008 ἀπαγγέλλων
1356 2942 1416 2996 τὸ
1469 2945 1576 3012 μά-

73 3021 212 3090 εημα·
241 3025 386 3095 χάριν
417 3026 476 3080 δέ
509 3027 655 3097 αύτῷ
683 3027 926 3082 δεδόσθαι
968 3028 1151 3082 θεόθεν
1187 3030 1390 3098 ἔλεγεν,
1437 3034 1575 3086 ἁπο-

71 3112 288 3180 στηθίζειν
317 3115 516 3182 ἔξωθεν
542 3117 641 3181 τὰς
671 3119 889 3189 Γραφάς
913 3120 978 3174 ³¹.
1019 3121 1357 3190 Ἐθαύμαξον
1385 3125 1440 3178 δὲ
1473 3127 1574 3178 αύ-

67 3203 134 3255 τὶν
157 3204 292 3257 πάλιν
311 3209 356 3258 οἱ
387 3207 767 3279 πρεσϐύτεροι,
797 3210 1103 3282 ἀκροτάτην
1131 3211 1456 3282 μετελθόντα
1479 3215 1578 3285 τὴν

67 3291 268 3366 ἀσκησιν.

1603 3069 1644 3125 C

120 3389 208 3441 Kal
233 3393 558 3458 φωτίσαντες
588 3395 747 3448 αὑτὸν
775 3396 1120 3468 παρεκάλουν
1158 3399 1573 3472 συνδιατρίϐειν.

77 3476 118 3530 ’0
135 3478 182 3532 δὲ
207 3482 484 3553 ἐπιμείνας
515 3487 649 3556 πρὸς
680 3487 879 3551 αὐτοὺς
910 3489 1048 3542 ἑπτὰ
1080 3492 1318 3561 ἡμέρας,
1358 3493 1450 3545 ἐπὶ
1481 3493 1579 3565 τὴν

69 3567 227 3640 ῑρημον
265 3575 420 3629 πάλιν
470 3577 638 3647 ἐξῄει,
677 3579 771 3631 καὶ
803 3579 865 3651 δὴ
912 3582 969 3632 ἐν
1018 3581 1157 3634 ἑπτὰ
1189 3582 1364 3636 ἔτεσιν
1400 3584 1580 3648 ἄλλοις

65 3659 110 3712 ὲν
133 3665 186 3734 τῇ
217 3669 510 3738 πανερήμῳ
542 3667 873 3735 διατελέσας,
913 3672 1112 3743 πολλῆς
1147 3675 1364 3744 χάριτος
1392 3678 1420 3728 6
1442 3675 1580 3747 ἀνὴρ

65 3749 246 3826 ἠξιώθη.
294 3761 495 3831 ’Δρτος
547 3761 642 3830 μὲν
677 3761 784 3834 γὰρ
825 3765 972 3836 αὐτῷ
1011 3769 1076 3837 τῇ
1111 3769 1368 3839 -Κυριακῇ
1421 3769 1576 3842 μόνῃ,

63 3845 167 3914 πρὸς
195 3851 418 3923 κεφαλὴν
448 3853 744 3922 ηὑρίσκετο
787 3855 1087 3929 εὐξαμένῳ,
1122 3851 1182 3912 οὗ
1230 3860 1581 3932 μεταλαμϐά-

61 3949 141 3988 νων
170 3938 262 4002 ἕως
302 3943 398 4012 τῆς
428 3944 599 4014 ἄλλης
640 3947 926 4018 Κυριακῆς
959 3951 1199 4020 ἠρκεῖτο.
1251 3952 1580 4023 Ἐπανῆλθεν

63 4023 102 4076 δὲ
133 4031 268 4083 πάλιν
297 4034 358 4086 ἐκ
393 4037 496 4106 τῆς
535 4040 762 4108 ἐρήμου,
798 4041 916 4110 ⁹τὴν
960 4042 1190 4112 ἄσκησιν
1237 4045 1581 4117 ἐνδεικνύμε-

59 4129 142 4180 νος,
167 4121 249 4172 καί
273 4139 419 4188 τινας
459 4125 596 4196 πρὸς
621 4127 719 4198 τὴν
745 4129 910 4182 αὐτοῦ
951 4131 1250 4185 πολιτείακΐ
1253 4133 1426 4188 ἐλθεῖν
1455 4137 1578 4208 ἐρε-

63 4203 206 4268 θίζων.
241 4212 520 4284 Προσῆλθε
561 4216 617 4268 δὲ
652 4217 797 4289 αὐτῷ
840 4237 922 4284 τις
953 4221 1189 4288 νεανίας,
1238 4203 1579 4296 μαθητευθῆ-

59 4311 124 4350 ναι
152 4299 472 4374 βουλόμενος.
539 4309 598 4362 '0
644 4309 702 4363 δὲ
760 4311 920 4374 εὐθὺς
965 4313 1192 4379 ἐνδύσας
1223 4318 1386 4371 αὑτὸν
1437 4318 1582 4372 λε6ι-

1677 264 1983 324 PATRUM.
3125 270 3228 326 650

1673 381 1932 436 conclave
1962 381 2356 452 ingrederetur,
2382 389 2436 438 et
2463 395 2572 452 qua
2605 393 2800 434 rursus
2819 378 3116 447 recederet,
3143 395 3233 435 re-

1673 473 1876 528 mansit
1905 473 1960 528 in
1997 481 2140 528 tecto
2161 472 2566 544 cogitabundus
2594 485 2770 540 usque
2792 469 2860 524 ad
2887 479 3066 524 ortum
3085 469 3230 536 diei;

1674 579 1974 634 parumque
1987 564 2358 626 obdormiens,
2381 563 2526 618 videt
2549 563 2702 631 quasi
2733 577 2913 632 regem
2943 563 3230 632 quemdam

1673 654 1764 722 qui
1793 653 2008 710 diccbat
2035 655 2140 724 ipsi
2175 656 2228 708 in
2265 655 2494 718 somnis,
2522 669 2590 710 ne
2613 653 2847 723 amplius
2881 654 3028 710 circa
3053 656 3235 724 sepul-

1673 759 1788 808 cra,
1812 744 2123 810 homicidia,
2151 761 2427 816 parvaque
2455 746 2568 800 haec
2597 745 2742 800 furta
2770 753 3010 810 vacaret,
3035 747 3232 818 invigi-

1673 834 1868 904 lando;
1907 837 2002 892 sed
2027 838 2072 892 si
2107 839 2268 892 vellet
2301 853 2484 892 mores
2521 847 2734 892 mutare
2775 837 2842 892 ad
2875 839 3151 902 virtutem,
3183 847 3237 894 ct

1675 927 1972 998 angelicam
2009 930 2255 984 militiam
2297 931 2598 998 suscipere,
2629 937 2978 1000 accepturum
3013 931 3082 984 ab
3119 930 3238 999 ipso

1673 1016 1944 1086 ejusmodi
1985 1027 2331 1089 potestatem.
2401 1019 2504 1075 Ubi
2559 1031 2739 1076 autem
2786 1022 3016 1076 libenter
3045 1021 3238 1075 condi-

1674 1108 1876 1164 tionem
1909 1109 2248 1176 admisisset,
2273 1113 2513 1166 ostendit
2536 1113 2584 1168 ei
2617 1114 2918 1168 immortale
2947 1112 3238 1166 monacho-

1677 1215 1798 1254 rum
1827 1216 2043 1271 agmen,
2081 1203 2281 1274 quibus
2311 1203 2502 1273 jussus
2539 1213 2622 1258 est
2648 1205 2930 1275 imperare.
2953 1205 3118 1272 igitur
3143 1219 3240 1258 cx-

1675 1289 2018 1361 pergefactus
2074 1292 2159 1345 vir
2216 1293 2392 1346 cernit
2441 1293 2702 1361 virginem
2763 1291 2866 1360 ipsi
2923 1299 3104 1345 astare
3174 1303 3238 1342 ac

1675 1379 1859 1435 dicere
1888 1396 1900 1432 :
1933 1379 2086 1436 Unde
2118 1388 2176 1434 tu
2208 1381 2313 1436 huc
2338 1381 2629 1446 advenisti,
2659 1395 2694 1435 o
2729 1381 2922 1441 homo:
2954 1390 3046 1434 aut
3079 1381 3239 1449 cujus

1677 1472 2009 1528 conditionis
2049 1473 2142 1527 es?
2188 1474 2282 1528 Ille
2322 1488 2454 1526 vero
2497 1473 2632 1526 nihil
2669 1473 2812 1527 scire
2863 1483 2956 1526 aut
2989 1487 3112 1528 esse
3151 1487 3240 1526 re-

1680 1565 1976 1634 spondens,
1991 1566 2276 1620 ecclesiam
2308 1565 2410 1620 sibi
2437 1564 2650 1620 ostendi
2671 1566 2934 1634 poposcit.
2957 1564 3128 1633 thue
3149 1564 3240 1617 illa

1681 1658 2033 1724 monstravit;
2093 1657 2161 1712 ad
2227 1673 2402 1726 genua
2463 1657 2740 1728 pedesque
2800 1659 3240 1728 presbyterorum

1677 1749 2066 1818 procumbens,
2111 1750 2422 1818 postulabat
2463 1758 2522 1804 ut
2575 1749 2924 1804 Christianus
2967 1750 3138 1812 ﬁeret,
3178 1763 3242 1802 ac

1677 1841 2008 1912 ptct'iitentia:
2027 1842 2203 1894 locum
2225 1841 2656 1896 nancisceretur.
2691 1840 3002 1912 Presbyteri
3031 1849 3238 1902 autem,

1676 1934 1768 2002 qui
1807 1941 2205 2002 cognoscerent
2257 1948 2415 1996 eum,
2475 1933 2766 2000 admirati,
2819 1935 3245 1988 commonebant

1677 2025 1936 2094 deinceps
1971 2034 2132 2093 atque
2160 2024 2484 2086 edocebant,
2517 2041 2585 2080 ne
2617 2027 2850 2096 amplius
2883 2033 3029 2081 esset
3067 2027 3246 2080 homi-

1675 2113 1816 2170 cida.
1851 2114 2084 2184 Rogavit
2119 2128 2284 2184 porro
2309 2129 2426 2177 eos,
2463 2122 2522 2168 ut
2552 2115 2794 2184 psalmos
2818 2113 3050 2168 audiret.
3078 2111 3246 2167 Cum—

1676 2225 1782 2280 que
1820 2215 1932 2262 tres
1962 2205 2310 2262 solummodo
2335 2222 2526 2262 versus
2558 2207 2822 2262 audiisSet
2837 2205 2996 2276 primi
3024 2205 3243 2275 psalmi,

1675 2300 1782 2356 sibi
1831 2299 2048 2354 interim
2095 2313 2191 2353 eos
2247 2297 2494 2353 sumccre
2549 2298 2688 2352 dixit
2743 2298 2810 2354 ad
2867 2297 3240 2367 disciplinam.

1675 2393 1814 2448 Tltm
1863 2393 2006 2464 apud
2041 2392 2164 2447 illos
2196 2392 2370 2446 tribus
2409 2391 2603 2446 diebus
2637 2391 2954 2454 transactis,
2987 2403 3246 2461 egressus

1675 2485 1860 2541 statim
1887 2525 1902 2548 ,
1952 2485 2019 2538 ad
2061 2499 2304 2540 eremum
2347 2494 2628 2552 properat.
2661 2481 2763 2538 Ubi
2807 2497 2901 2552 per
2929 2489 3042 2536 tres
3069 2495 3245 2536 annos

1677 2585 2072 2638 commoratus,
2102 2577 2155 2630 in
2191 2575 2446 2644 precibus
2481 2583 2536 2628 et
2569 2574 2825 2644 lacrymis
2863 2586 3241 2642 perseverans,

1679 2682 1776 2736 pro
1807 2667 1930 2722 cibo
1974 2666 2282 2734 agrestibus
2322 2666 2506 2720 herbis
2540 2675 2833 2720 contentus
2863 2671 3007 2726 erat,
3043 2664 3246 2732 quibus

1677 2755 2021 2826 pascebatur.
2045 2753 2240 2810 Postea
2273 2769 2556 2822 regressus
2586 2763 2668 2810 est
2707 2753 2760 2807 in
2801 2753 3114 2814 ecclesiam.
3147 2751 3246 2806 do-

1677 2847 1912 2902 ctrinam
1969 2844 2214 2899 referens
2279 2845 2539 2914 operibus
2581 2843 2878 2909 ﬁrmatam;
2927 2841 3248 2912 dicebatque

1679 2938 1782 2994 sibi
1815 2937 2078 2992 divinitus
2119 2936 2302 2990 datam
2340 2935 2516 2991 fuisse
2553 2937 2806 3006 gratiam,
2855 2934 3247 3004 expectorandi

1679 3030 2102 3098 memoriterque
2135 3027 2398 3081 recitandi
2451 3042 2640 3082 sacras
2671 3025 3006 3095 Scripturas.
3043 3023 3246 3079 lterum

1681 3133 1860 3176 autem
1913 3120 2330 3174 demirabantur
2387 3119 2542 3172 illum
2593 3117 2930 3188 presbyteri,
2984 3116 3132 3187 quod
3179 3116 3248 3170 ad

1681 3223 1948 3266 summam
1978 3207 2318 3278 pervenisset
2343 3207 2818 3262 exercitationem.

1745 3409 1813 3464 Et
1840 3409 2111 3480 baptismo
2134 3417 2421 3482 postquam
2455 3411 2632 3481 ipsum
2661 3410 3084 3474 illuminassent,
3115 3410 3249 3466 hor-

1680 3503 1938 3558 tabantur
1965 3510 2023 3558 ut
2049 3517 2174 3558 cum
2207 3503 2314 3558 illis
2337 3509 2601 3557 maneret.
2630 3501 2733 3567 Qui
2761 3502 2904 3570 apud
2931 3517 3025 3557 eos
3055 3503 3238 3558 demo-

1680 3601 1834 3650 ratus
1868 3601 2075 3662 septem
2109 3592 2248 3658 dies,
2287 3592 2481 3648 iterum
2521 3592 2576 3646 in
2609 3591 2958 3647 solitudinem
2989 3595 3234 3650 secessit.

1678 3683 1856 3754 Atque
1889 3684 2014 3740 aliis
2053 3691 2257 3753 septem
2289 3683 2448 3738 annis
2497 3682 2552 3736 in
2583 3691 2732 3737 vasta
2761 3697 2946 3738 eremo
2985 3685 3222 3754 peractis

1680 3775 1883 3846 ingenti
1912 3776 2085 3846 gratia
2109 3777 2344 3832 donatus
2370 3782 2476 3830 est.
2507 3775 2584 3829 Ac
2613 3775 2770 3844 panis
2793 3775 3010 3845 quidem
3033 3776 3102 3830 ab
3126 3777 3247 3846 ipso

1683 3875 1806 3938 post
1834 3869 2138 3924 orationem
2177 3867 2553 3923 inveniebatur
2590 3869 2746 3937 juxta
2777 3877 2958 3938 caput,
3003 3867 3093 3924 die
3141 3869 3248 3923 Do-

1639 3975 1643 3978 ·
1683 3960 1884 4014 minico
1921 3961 2069 4026 solo;
2117 3961 2211 4029 qui
2243 3967 2516 4030 sumptus,
2556 3975 2730 4030 usque
2759 3961 2825 4014 ad
2860 3961 3022 4016 aliam
3067 3962 3248 4018 Domi—

1681 4051 1862 4104 nicam
1915 4049 2232 4106 sulIiciebat.
2279 4049 2477 4106 lterum
2523 4061 2702 4108 autem
2738 4053 2900 4108 rediit
2937 4069 3004 4110 ex
3046 4055 3244 4110 solitu-

1681 4143 1830 4206 dine,
1860 4143 2080 4197 virtutis
2103 4144 2543 4200 exercitationem
2575 4161 2686 4215 prae
2719 4161 2778 4202 se
2802 4145 3003 4210 ferens,
3029 4155 3084 4203 et
3109 4163 3246 4202 non-

1683 4235 1866 4292 nullos
1905 4237 1971 4290 ad
2013 4234 2157 4289 idem
2195 4235 2414 4290 vivendi
2455 4237 2766 4293 institutum
2811 4239 3245 4309 amplectendam

1682 4326 1960 4382 excitavit.
1998 4325 2247 4382 Accessit
2283 4327 2448 4396 igitur
2479 4329 2698 4397 quidam
2729 4328 3068 4395 adolescens,
3099 4331 3247 4386 desi-

59 4387 251 4488 τῶναῆ
299 4397 393 4448 καὶ
441 4399 785 4453 κουκούλλιον
831 4404 894 4474 τῇ
943 4405 1150 4478 κεφαλῇ
1186 4409 1447 4479 περιθεὶς,
1487 4410 1580 4462 ἐπὶ

1685 4421 1882 4474 derans
1909 4417 2030 4487 ejus
2059 4387 2530 4488 essediscipulus.
2557 4421 2730 4488 Quem
2763 4421 2854 4478 ille
2888 4387 3072 4478 statim
3110 4423 3247 4478 lebi-

57 4479 132 4546 τὴν
187 4483 404 4554 ἄσκησιν
471 4488 863 4557 προσεϐίϐαζεν
893 4491 957 4554 ³³,
1005 4491 1102 4564 τὴν
1153 4495 1407 4567 μηλωτὴν
1458 4498 1584 4568 περὶ

59 4571 154 4631 τοὺς
191 4571 358 4642 ὤμους
397 4577 568 4631 αὑτοῦ
605 4579 980 4652 περιθέμενος,
1030 4585 1126 4638 καὶ
1171 4585 1373 4640 λέντιον
1421 4589 1584 4642 αὐτὸν

57 4661 478 4736 περιζωσάμενος.
531 4669 638 4720 Καὶ
668 4669 732 4741 δὴ
778 4671 931 4724 εἵπου
964 4690 1048 4736 τις
1092 4673 1200 4727 τῶν
1245 4676 1585 4748 Χριστιανῶν

59 4747 286 4840 ἐτελεύτα,
315 4763 744 4832 προσκαρτερῶν
771 4765 936 4818 αὐτοῦ
958 4768 1078 4831 ταῖς
1105 4770 1452 4840 ἀγρυπνίαις,
1482 4790 1583 4826 κα-

57 4837 220 4914 θερίως
253 4851 530 4921 ἐκήδευεν,
584 4854 728 4908 Ἰδὼν
759 4856 816 4910 δέ
844 4858 1005 4911 αὑτὸν
1035 4861 1064 4913 6
1098 4837 1340 4933 μαθητὴς
1367 4864 1574 4935 θαυμα-

57 4935 158 5026 fit»;
183 4941 300 5004 τοὺς
329 4943 640 5008 τεθνεῶτας
687 4948 1002 5019 κηδεύοντα,
1043 4949 1194 5006 εἶπεν
1221 4955 1356 5026 πρὸς
1385 4957 1544 5010 αὐτόν
1562 4975 1577 4988 ·

55 5019 102 5074 Et
124 5027 248 5098 κάμὲ
275 5031 510 5088 θανόντα
535 5035 709 5102 οὓτως
737 5039 1042 5108 κηδεύσεις,
1072 5019 1354 5098 διδάσκαλε
1382 5064 1396 5112 ;
1444 5048 1501 5102 '0
1525 5049 1583 5102 δέ

183 5123 334 5176 αὐτὸν
365 5126 506 5198 ἔφη·
540 5127 698 5182 Οὕτω
736 5131 981 5202 κηδεύσω
1011 5151 1090 5200 σε,
1122 5136 1280 5208 ἄχρις
1311 5137 1376 5192 ἄν
1401 5139 1579 5212 εἴπῃς,

65 5202 226 5276 Ἀρκεῖ.
255 5213 384 5270 Μετ’
422 5219 487 5271 οὐ
522 5220 656 5274 πολὺ
689 5221 745 5274 δὲ
791 5219 984 5295 χρόνον
1011 5225 1269 5298 τέθνηκεν
1292 5231 1320 5282 6
1345 5233 1579 5296 νεανίας,

53 5301 126 5392 καὶ
159 5305 184 5353 6
217 5305 370 5374 λόγος
409 5311 458 5340 ³⁸
493 5311 651 5384 ἔργον
690 5314 915 5381 ἐγίνετο.
953 5317 1234 5386 Κηδεύσας
1275 5321 1381 5392 γὰρ
1425 5324 1583 5376 αύτδν

53 5387 272 5462 εὐσεϐῶς,
301 5399 452 5468 λέγει
488 5404 622 5470 πρὸς
651 5405 809 5458 αὐτὸν
833 5407 924 5460 ἐπὶ
953 5409 1166 5462 πάντων
1187 5429 1198 5440 ·
1239 5413 1433 5476 Καλῶς
1464 5419 1586 5488 ἐκη-

1687 4517 1814 4564 tone
1842 4510 2115 4574 indutum,
2146 4513 2362 4566 cuculla
2393 4514 2554 4584 capiti
2587 4514 2997 4585 circumposita,
3041 4529 3105 4568 ac
3134 4533 3247 4572 me-

1685 4602 1791 4656 lote
1819 4601 1888 4656 ad
1913 4602 2188 4665 humeros,
2221 4605 2573 4676 cinctumque
2605 4607 2792 4670 linteo,
2831 4607 2898 4660 ad
2927 4607 3248 4662 monacbale

1686 4691 1994 4748 institutum
2026 4693 2438 4763 exercitumque
2471 4696 2761 4764 promovit.
2793 4696 2872 4750 Ad
2901 4696 3038 4759 haec,
3063 4696 3238 4750 sicubi

1687 4798 1718 4837 e
1762 4782 2091 4839 Christianis
2141 4786 2268 4854 quis
2302 4786 2545 4852 obiisset,
2583 4787 2964 4857 perseverabat
2987 4787 3041 4840 in
3073 4788 3248 4858 ipsius

1686 4873 1909 4943 vigiliis,
1959 4885 2012 4929 et
2059 4875 2229 4931 nitide
2264 4877 2574 4947 sepeliebat.
2609 4877 2778 4944 Quem
2819 4893 3048 4932 cernens
3081 4879 3248 4933 disci-

1689 4965 1872 5035 pulus,
1918 4967 2313 5024 admirabiliter
2357 4967 2642 5025 defunctos
2691 4983 2908 5034 curare,
2969 4969 3104 5025 dixit
3147 4972 3244 5027 ei:

1689 5056 1844 5113 Mene
1865 5069 2138 5114 mortuum
2164 5061 2238 5114 ita
2267 5059 2568 5128 funcrabis,
2591 5062 2887 5132 magister?
2905 5061 3208 5132 Respondit
3231 5079 3246 5119 :

1688 5150 1779 5204 Sic
1803 5151 2123 5220 parentabo,
2151 5152 2325 5208 donec
2349 5154 2550 5209 dixeris
2583 5173 2597 5209 :
2633 5153 2777 5209 Satis
2805 5163 2906 5210 est.
2937 5154 3055 5209 Non
3079 5157 3250 5210 multo

1689 5249 1812 5310 post
1839 5248 2104 5311 tempore,
2125 5245 2374 5314 migravit
2403 5261 2434 5300 e
2465 5245 2570 5298 vita
2602 5245 2944 5310 adolescens,
2980 5261 3044 5300 ac
3071 5261 3250 5302 sermo

1690 5330 1938 5386 eil'ectum
1967 5335 2194 5390 sortitus
2216 5345 2318 5390 est.
2341 5336 2475 5390 Cum
2498 5338 2638 5391 enim
2669 5339 2756 5407 pie
2777 5353 2903 5394 eum
2935 5346 3251 5393 accurasset

1692 5419 1760 5474 ad
1807 5421 2170 5491 sepulturam,
2215 5425 2288 5476 ait
2339 5425 2439 5494 ipsi
2492 5441 2676 5481 coram
2734 5428 3032 5482 omnibus:
3065 5427 3108 5484 0
3153 5427 3251 5488 iiIi.

107 5529 826 5629 ’ἶλὲ-ἷτέἕτη,ἶ¹λ¹;.πῇς·
857 5616 869 5629 .
907 5545 950 5576 ”
987 5543 1070 5629 Α]-
1102 5546 1476 5629 ἕα.σιλέσὲ-τξῖ⁵ι
1501 5549 1747 5629 lim“.-
1818 5555 1863 5586 ’³
1885 5554 1982 5629 Al.
2010 5556 2232 5629 τάφους.
2277 5557 2352 5629 Αῗ⁸
2375 5555 2457 5629 Al.
2491 5557 2558 5611 τὰ
2598 5559 2904 5629 alternata:
2943 5597 2946 5600 -
2982 5559 3030 5591 "
3055 5559 3138 5629 AJ-
3172 5557 3251 5620 εἰς

205 5608 567 5703 “reuma
641 5612 686 5698 ’ἲ
719 5601 802 5703 Αεῐ
835 5601 1232 5703 invitasse
1277 5620 1352 5703 ,ττ
1377 5601 1475 5674 ai:
1506 5601 1580 5690 et;

1680 5601 1852 5703 fleas:
1885 5601 2236 5703 εἶξιιῖἶεῖίξῖἱ
2259 5627 2342 5681 Al.
2375 5601 2581 5703 ’ᾦῦχῆὶ
2599 5601 3006 5703 ”ξῖο⁸”Κῖξ’ξῑ’ναι.
3055 5601 3138 5660 ’ἱῖ
3162 5601 3248 5683 In:

55 5683 196 5726 ποσιν.
265 5678 306 5709 ³⁸
339 5679 428 5733 ΑΙ,
461 5679 590 5734 add.
627 5681 724 5744 τὰς
757 5684 934 5750 ἁγίας.
1014 5685 1058 5716 ³³
1087 5685 1170 5740 ΑΙ.
1212 5686 1510 5759 λεϐήτωνα.
1553 5678 1564 5690 ’
1585 5693 1628 5724 ³³

1668 5695 1752 5748 Al.
1775 5695 1964 5766 προεϐ.
2041 5698 2086 5728 ³⁵
2109 5697 2195 5752 Al.
2223 5695 2517 5763 ἰηεονζείς.
