3828 6304
565 237 661 291 431

568 443 724 500 Tunc
754 460 944 500 vocem
975 448 1158 501 emisit
1193 447 1534 507 adolescens,
1583 446 2000 514 quamplurimis
2038 462 2134 498 au-

568 540 849 596 dientibus
879 560 892 596 :
929 541 1070 597 Bene
1106 543 1290 609 habet,
1322 539 1516 606 Pater;
1554 541 1790 610 implesti
1825 539 1967 610 quod
2006 553 2134 609 pro-

569 633 818 688 miseras.
865 631 1385 704 Obstupueruntque
1424 633 1515 703 qui
1553 639 1847 701 praesentes
1888 630 2132 690 aderant,

567 732 731 795 atque
751 741 914 796 super
939 741 1002 781 ea
1035 742 1092 780 re
1126 725 1292 780 Deum
1324 726 1574 781 demirati
1611 733 1740 780 sunt
1773 733 1825 779 et
1859 723 2133 794 gloriﬁca-

569 824 784 869 verunt.
830 817 923 870 llle
975 818 1158 872 statim
1195 818 1248 870 in
1296 816 1574 872 desertum
1619 816 1870 880 secessit.
1907 815 2134 884 gloriam

568 906 865 977 laudesque
893 909 1092 963 vitans.
1114 909 1306 962 Postea
1329 909 1612 964 descendit
1633 907 1867 978 quodam
1895 914 2138 976 tempore

569 994 637 1050 de
683 1013 868 1053 eremo
910 999 978 1052 ad
1028 999 1330 1054 visitandos
1366 999 1582 1062 fratres,
1616 1015 1756 1068 quos
1803 998 2135 1059 instituerat,

568 1089 762 1142 morbo
800 1097 1115 1160 correptos;
1160 1107 1394 1161 cumque
1427 1107 1567 1144 unus
1595 1108 1657 1144 ex
1691 1091 1771 1145 eis
1809 1105 1935 1144 mox
1968 1089 2139 1142 mori-

567 1186 727 1235 turus
755 1190 919 1246 esset,
949 1198 1011 1236 ac
1040 1181 1179 1238 Deus
1213 1184 1261 1238 ei
1295 1185 1396 1237 hoc
1428 1184 1752 1246 revelasset,
1784 1197 2010 1252 vespera
2043 1196 2140 1234 au-

569 1279 678 1324 tem
712 1273 1195 1344 appropinquaret,
1233 1283 1346 1328 tum
1388 1275 1544 1329 vicus
1581 1274 1767 1342 procul
1805 1273 1926 1326 loco
1971 1278 2136 1336 esset,

571 1364 759 1418 nolens
794 1374 958 1418 noctu
999 1365 1230 1436 ingredi,
1266 1365 1552 1434 vitansque
1583 1363 2136 1435 intempestivitatem,

570 1471 782 1510 necnon
818 1457 1108 1514 meditatus
1138 1456 1442 1512 Servatoris
1481 1458 1774 1512 salutarem
1809 1455 2139 1510 admonitio-

570 1564 694 1603 nem
724 1567 737 1603 :
772 1550 1050 1604 Ambulate
1095 1551 1220 1603 dum
1253 1550 1418 1603 lucem
1455 1551 1507 1602 in
1538 1550 1678 1602 vobis
1714 1549 1914 1601 habetis
1933 1549 2008 1612 ";
2039 1555 2092 1602 et
2125 1566 2138 1601 :

573 1640 678 1706 Qui
707 1641 946 1694 ambulat
972 1642 1029 1694 in
1061 1641 1194 1705 luce,
1230 1658 1332 1694 non
1365 1643 1682 1711 offendet“;
1716 1641 1829 1695 sole
1858 1640 1970 1710 jam
2002 1639 2143 1694 occi-

1695 235 2040 291 APPENDIX
2077 236 2166 290 AD
2206 234 2546 292 PALLADIU
2557 235 2624 289 Μ.

566 369 697 409 num
748 353 886 409 bene
925 363 1148 410 curatus
1181 371 1261 418 es,
1303 371 1371 409 an
1410 355 1586 410 adhuc
1623 353 1776 409 deest
1822 355 2134 424 quidpiam?

2249 355 2448 425 Ξεύθης,
2487 351 2532 407 ὦ
2567 354 2772 414 τέκνον,
2819 353 2851 422 ἡ
2894 351 2972 405 ἔτι
3005 352 3194 424 μικρὸν
3226 353 3502 417 λείπεται;
3536 354 3734 424 Φωνὴν
3769 356 3820 408 ’Ξὲ

3719 239 3821 293 453

3774 356 3809 370 λι

2243 447 2450 516 ἀφῆκεν
2495 446 2525 496 ὁ
2568 443 2840 513 τεθνηκὼς
2890 446 3126 507 νεανίας,
3175 447 3252 508 εἰς
3288 447 3520 517 ἐπήκοον
3549 445 3661 498 τῶν
3696 448 3820 499 πολ-

2243 538 2349 590 λῶν
2379 538 2421 567 ⁶⁰
2446 553 2458 565 ·
2512 537 2663 604 Ἔχει
2723 535 2925 598 καλῶς,
2961 529 3005 586 ὦ
3040 537 3216 606 Πάτερ
3237 553 3248 565 ·
3296 537 3397 607 τὴν
3428 537 3533 608 γάρ
3579 538 3820 604 ἐπαγγεο

2243 629 2362 680 λίαν
2405 626 2752 696 ἐπλήριυσας.
2806 625 3003 696 Θαῦμα
3045 626 3101 678 δὲ
3157 627 3284 689 τοὺς
3328 628 3606 696 παρόντας
3666 626 3820 695 ἔσχεν

2246 719 2500 785 ἐξαίσιον,
2531 719 2625 772 καὶ
2654 718 2956 788 ἐθαύμαζον
2982 720 3026 749 ⁸⁸
3060 719 3147 770 ἐπ’
3180 719 3327 790 αὐτῷ
3354 720 3444 772 τὸν
3473 719 3632 771 Θεόν.
3681 719 3741 770 Ὀ
3771 721 3820 771 δὲ

2245 814 2336 865 ἐπὶ
2367 812 2464 882 τὴν
2496 811 2700 881 ἔρημον
2720 809 2896 873 ἐὐθὺς
2925 809 3209 881 ἀνεχώρει,
3240 812 3340 882 τὴν
3374 807 3618 873 εὐδοξίαν
3646 809 3821 862 ἐκκλὶ-

2245 925 2369 960 νων.
2406 907 2514 959 Καὶ
2561 905 2762 976 δήποτε
2800 904 2863 956 ἐκ
2911 904 3008 973 τῆς
3049 905 3254 973 ἐρήμου
3308 901 3547 954 κατίει⁸¹
3579 903 3663 957 είς
3706 903 3818 952 ἑπὶ-

2247 999 2439 1068 σκεψιν
2486 996 2749 1067 ἀδελφῶν,
2798 994 2905 1048 τῶν
2954 993 3084 1065 παρ’
3135 993 3300 1046 αὑτοῦ
3352 992 3817 1064 μαθητευθὸιτων,

2246 1091 2386 1160 νόσῳ
2409 1089 2860 1159 κατειλημμένων
2883 1104 2897 1116 ·
2931 1088 3026 1140 καὶ
3062 1085 3344 1156 μέλλοντος
3371 1086 3466 1138 τοῦ
3501 1083 3624 1146 ἑνὸς
3647 1083 3819 1134 αὑτῶν

2246 1182 2542 1252 τελευτᾷν,
2597 1179 2754 1233 τοῦτο
2807 1178 2898 1231 τοῦ
2949 1178 3082 1231 Θεοῦ
3129 1176 3277 1248 αὐτῷ
3332 1178 3818 1247 ἀποκαλύψαντες·

2247 1275 2455 1343 ἑσπέρα
2505 1273 2560 1326 δὲ
2611 1273 2711 1342 ἤδη
2767 1271 3040 1342 προσῆγεν
3061 1269 3126 1334 ⁸³,
3179 1270 3274 1322 καὶ
3321 1271 3353 1340 ἡ
3413 1268 3576 1340 κώμη
3637 1270 3821 1338 πόρρω

2249 1361 2575 1430 ἐτύγχανεν·
2632 1359 2706 1430 μὴ
2757 1358 3078 1429 βουλομένου
3113 1358 3166 1411 δὲ
3203 1359 3367 1412 αὑτοῦ
3413 1360 3608 1422 νυκτὸς
3655 1359 3821 1410 εἰσελ-

2249 1453 2380 1517 θεῖν,
2427 1452 2524 1523 τὴν
2569 1452 2824 1523 ἀκαιρίαν
2871 1451 3242 1514 ἐκκλίνοντος,
3293 1452 3388 1503 καὶ
3438 1451 3498 1503 τὸ
3558 1451 3821 1520 σωτήριον

2251 1545 2613 1616 παράγγελμα
2646 1543 2976 1614 μελετῶντος
3001 1561 3013 1573 ·
3047 1544 3574 1613 Περιπιιτεῒτε,ἓως
3608 1549 3674 1598 τό
3703 1543 3820 1613 φῶς

2249 1639 2319 1690 ἐν
2372 1636 2513 1703 ὑμῖν
2541 1637 2586 1668 ⁸⁵⁸
2632 1637 2835 1705 ἔχετε·
2889 1638 3004 1701 καὶ,
3071 1637 3124 1688 '0
3179 1639 3584 1706 πορευόμενος
3632 1639 3704 1691 ἐν
3753 1636 3820 1700 τῷ

571 1733 750 1795 dente,
789 1733 928 1786 hanc
963 1735 1027 1786 ad
1068 1751 1192 1788 eum
1225 1750 1410 1789 vocem
1440 1735 1624 1788 emisit
1661 1751 1676 1788 :
1707 1733 1762 1786 ln
1795 1732 2016 1786 nomine
2041 1729 2141 1783 Do-

2249 1731 2393 1798 φωτὶ
2441 1731 2513 1784 οὐ
2549 1728 2634 1799 μὴ
2679 1732 3023 1798 προσκόψῃ.
3080 1731 3346 1801 Δυομένου
3393 1726 3484 1784 οῦν
3516 1721 3708 1783 λοιπὸν
3736 1731 3819 1781 τοῦ

573 1823 703 1877 mini
728 1823 856 1878 Iesu
881 1823 1111 1887 Christi,
1145 1826 1274 1878 mihi
1307 1826 1581 1894 paulisper
1603 1835 1686 1878 sta
1720 1824 1774 1877 in
1802 1825 1903 1877 hoc
1930 1822 2144 1876 itineris

573 1917 648 1969 tui
695 1925 918 1987 puncto,
960 1918 1133 1972 donec
1181 1918 1248 1971 ad
1285 1919 1466 1971 vicum
1513 1917 1846 1986 perveniam.
1894 1914 1987 1969 Sol
2020 1929 2146 1968 vero

572 2007 748 2062 iiiedia
773 2009 971 2062 circuli
1000 2017 1151 2079 parte
1177 2009 1287 2079 jam
1313 2007 1572 2063 conditus
1601 2008 1820 2069 restitit,
1849 2020 1949 2060 nec
1991 2005 2146 2075 prius

571 2103 848 2165 occubuit,
896 2118 1058 2172 quam
1113 2103 1204 2157 ille
1252 2101 1320 2156 ad
1375 2103 1552 2156 locum
1595 2101 1865 2165 venisset;
1916 2099 2054 2154 adeo
2087 2108 2148 2153 ut

573 2193 675 2246 hoc
723 2193 1040 2248 hominibus
1087 2194 1326 2264 regionis
1351 2193 1515 2263 illius
1561 2192 1882 2254 innotuerit,
1929 2190 2022 2260 qui
2079 2191 2144 2243 ad

571 2285 740 2340 solem
767 2287 1126 2355 spectandum
1160 2284 1304 2340 facto
1325 2301 1595 2339 concursu
1630 2284 1972 2336 mirabantur
1998 2282 2144 2352 quod

513 2403 516 2408 ι
570 2377 818 2446 pluribus
853 2377 1004 2432 horis
1038 2384 1325 2432 cernerent
1354 2392 1476 2431 cum
1521 2392 1627 2430 non
1662 2376 1854 2444 mergi.
1890 2373 2026 2428 Tum
2057 2375 2143 2427 in-

571 2469 696 2522 tuiti
738 2467 1138 2524 Patermutium
1187 2468 1256 2524 de
1289 2466 1586 2524 solitudine
1627 2464 1952 2529 venientem,
1986 2465 2054 2519 ab
2082 2481 2146 2519 eo

571 2561 1015 2625 sciscitabantur,
1034 2562 1163 2631 quid
1189 2563 1292 2615 hoc
1319 2571 1466 2615 esset
1490 2561 1626 2631 signi
1656 2560 1711 2614 in
1743 2561 1876 2614 sole.
1911 2559 2150 2628 Respon-

570 2651 651 2704 dit
682 2667 810 2705 vero
846 2653 930 2706 eis
966 2671 980 2706 :
1015 2651 1134 2706 Non
1184 2652 1550 2706 recordamini
1602 2651 1905 2706 Servatoris
1958 2667 2143 2704 vocem

572 2745 720 2798 illam
756 2761 771 2797 :
806 2743 863 2798 Si
897 2745 1187 2798 habueritis
1228 2745 1385 2812 ﬁdem
1432 2745 1568 2796 sicut
1608 2760 1832 2814 granum
1863 2745 2062 2808 sinapis
2077 2743 2143 2806 ",

570 2847 620 2888 et
650 2836 860 2905 majora
885 2837 1069 2890 horum
1093 2837 1243 2906 signa
1267 2837 1474 2906 facietis
1499 2837 1584 2888 as?

2247 1822 2422 1893 ἡλίου,
2457 1823 2640 1892 φωνὴν
2663 1824 2707 1854 ⁸⁸
2743 1821 3044 1892 ἐφθέγξατο
3080 1823 3214 1894 πρὸς
3262 1824 3422 1876 αὑτὸν
3484 1823 3661 1892 λέγων
3683 1842 3696 1852 ·
3741 1823 3820 1876 Ἕν

2245 1917 2472 1988 ὀνόματι
2525 1917 2619 1970 τοῦ
2651 1917 2857 1987 Κυρίου
2901 1917 3075 1988 Ἰησοῦ
3119 1916 3378 1988 Χριστοῦ,
3419 1917 3580 1986 στῆθί
3617 1936 3706 1988 μοι
3739 1937 3820 1986 μι-

2249 2007 2379 2079 κρὸν
2425 2010 2510 2060 ἐπ’
2544 2008 2692 2078 αὐτῷ
2716 2009 2760 2038 ⁸⁸
2803 2007 2904 2076 τῆς
2948 2006 3065 2061 ὁδοῦ
3125 2024 3240 2072 σου,
3292 2008 3449 2076 ἄχρις
3491 2006 3557 2059 ἂν
3605 2007 3687 2068 είς
3735 2007 3821 2075 τὴν

2249 2100 2441 2170 κώμην
2493 2099 2792 2168 ἀφίκωμαι.
2859 2096 2918 2150 ’0
2974 2097 3030 2150 δὲ
3083 2097 3158 2160 ῶς
3201 2097 3527 2166 ἡμικύκλιον
3574 2097 3822 2166 δυόμενος

2250 2192 2534 2264 περιέστη,
2586 2193 2680 2244 καὶ
2722 2192 2783 2245 ού
2818 2191 2946 2261 πρὶν
2982 2189 3071 2242 ἔδυ
3117 2189 3275 2260 ἄχρις
3322 2189 3387 2243 ἂν
3435 2192 3645 2252 ἐκεῖνος
3699 2185 3822 2258 ἧκεν

2250 2283 2387 2355 πρὸς
2418 2283 2479 2336 τὸ
2510 2283 2707 2354 χωρίον
2729 2299 2742 2313 °
2794 2282 2870 2346 ὼς
2912 2282 3143 2353 φανερὸν
3189 2281 3346 2335 τοῦτο
3379 2284 3494 2344 τοῖς
3544 2282 3822 2351 ἐγχωρίοις

2249 2375 2524 2444 γενέσθαι,
2581 2375 2630 2428 οἳ
2683 2375 2821 2447 πρὸς
2872 2374 2969 2442 τὴν
3018 2373 3110 2427 τοῦ
3155 2374 3303 2445 ἡλίου
3352 2375 3479 2428 θέαν
3525 2373 3821 2443 συνδρομὴν

2253 2467 2630 2537 ποιησάμενοι,
2653 2465 2960 2536 ἐθαύμαζον
2981 2467 3074 2518 ἐπί
3107 2465 3326 2529 πολλαῖς
3359 2466 3530 2536 ὥραις
3565 2464 3821 2534 θεωῳῦν-

2249 2575 2342 2621 τες
2390 2558 2550 2611 αὑτὸν
2597 2558 2670 2629 μὴ
2707 2558 2985 2628 δυόμενον.
3046 2559 3263 2623 Ἰδόντες
3295 2557 3351 2612 δὲ
3380 2560 3471 2611 τὸν
3509 2557 3821 2627 Πατερμού-

2251 2669 2362 2704 τιον
2381 2652 2424 2681 ⁸⁷
2458 2653 2522 2704 ἐκ
2551 2651 2652 2720 τῆς
2707 2653 2911 2721 ἐρήμου
2949 2652 3262 2723 ἐρχόμενον,
3300 2652 3662 2706 ἐπυνθάνοντο
3706 2651 3822 2716 παρ’

2255 2744 2442 2809 αὐτοῦ,
2472 2745 2525 2796 τί
2558 2745 2619 2798 τὸ
2650 2747 2874 2815 σημεῖον
2903 2746 3059 2798 τοῦτο
3089 2747 3197 2818 ἄρα
3223 2746 3309 2818 εἴη
3345 2747 3406 2798 τὸ
3436 2745 3529 2799 τοῦ
3561 2745 3734 2816 ἡλίου.
3775 2746 3822 2796 ’0

2253 2837 2309 2890 δέ
2345 2855 2476 2908 φησι
2510 2837 2646 2908 πρὸς
2673 2836 2904 2900 αὐτούς·
2941 2839 3014 2890 Οὐ
3050 2838 3323 2910 μέμνησθε
3353 2839 3451 2909 τὴν
3511 2837 3607 2891 τοῦ
3648 2838 3822 2905 Σωτῆ-

576 2949 666 3004 ρος
710 2933 891 3004 φωνὴν
923 2934 1208 3003 λέγουσαν,
1267 2936 1400 2988 Ἐὰν
1430 2935 1609 3003 ἔχητε
1645 2934 1854 2985 πίστιν
1894 2931 1974 2997 ὡς
2007 2935 2231 2986 κόκκον
2294 2936 2618 3003 σινάπεως,
2661 2934 2757 2988 καὶ
2809 2934 3052 3003 μείζονα
3105 2937 3329 2989 τούτων
3395 2935 3616 3004 σημεῖα
3665 2932 3822 2994 zmi-

571 3041 720 3095 σητε
738 3026 816 3092 ⁸⁸»;

639 3118 707 3173 At
734 3120 856 3174 illos
878 3119 1168 3175 confestim
1201 3121 1368 3176 subiit
1399 3119 1597 3182 timor;
1627 3128 1792 3190 atque
1824 3128 2141 3175 manserunt

2324 3118 2460 3180 Τοὺς
2511 3117 2567 3170 δὲ
2622 3117 2784 3180 εὐθὺς
2840 3115 3088 3186 εἰσῆλθεν
3134 3115 3325 3184 φόϐος·
3379 3116 3723 3186 παρέμεινάν
3774 3137 3822 3171 τε

571 3221 695 3260 cum
727 3222 791 3260 eo
841 3209 1091 3262 nonnulli
1133 3225 1198 3262 ex
1235 3210 1371 3279 ipsis
1405 3211 1460 3263 in
1501 3209 1821 3280 discipulos.
1861 3210 2030 3264 Porro
2067 3212 2149 3264 in-

571 3314 793 3366 gressus
837 3299 1058 3354 domum
1110 3301 1272 3355 unius
1303 3317 1367 3356 ex
1419 3301 1684 3357 fratribus
1729 3305 2143 3372 aegrotantibus,

572 3397 875 3459 nactusque
905 3389 1056 3444 illum
1081 3391 1194 3459 jam
1229 3401 1529 3455 mortuum,
1559 3395 1793 3447 accessit
1823 3393 1889 3446 ad
1923 3393 2140 3456 lectum,

575 3480 822 3549 l'usisque
861 3481 1136 3550 precibus,
1181 3497 1304 3536 cum
1335 3483 1584 3536 osculum
1618 3484 1882 3550 dedisset,
1917 3485 2148 3538 interro-

573 3575 742 3643 gavit,
780 3575 1039 3628 malletne
1063 3575 1297 3644 migrare
1327 3576 1392 3628 ad
1422 3575 1612 3642 Deum,
1637 3576 1718 3630 vel
1750 3577 1929 3630 adhuc
1953 3576 2148 3648 degere

571 3666 626 3720 in
664 3681 852 3721 carne.
897 3665 998 3732 Qui
1034 3677 1326 3736 postquam
1365 3669 1570 3723 resedit
1598 3669 1674 3722 ait
1699 3669 1775 3722 illi
1807 3687 1821 3723 :
1852 3669 2045 3725 Melius
2066 3680 2148 3724 est

569 3757 796 3812 dissolvi
821 3769 1011 3814 etesse
1032 3773 1156 3813 cum
1181 3760 1436 3826 Christo;
1463 3762 1644 3816 vivere
1667 3772 1846 3818 autem
1877 3765 1930 3818 in
1961 3781 2144 3831 carne,

572 3851 704 3904 mihi
729 3853 1098 3906 necessarium
1132 3869 1238 3907 non
1266 3864 1349 3908 est
1375 3855 1442 3908 ”.
1474 3853 1679 3925 Itaque,
1705 3858 1940 3926 excepit,
1972 3859 2146 3912 dormi

571 3943 626 3997 in
667 3957 821 4012 pace,
855 3945 948 4005 lili,
997 3961 1061 4000 ac
1104 3947 1381 4002 intercede
1405 3964 1502 4016 pro
1541 3964 1626 4004 me
1649 3949 1790 4018 apud
1827 3949 2016 4004 Deum.
2057 3949 2149 4004 Ille

571 4036 752 4089 statim
779 4045 900 4105 post
935 4037 1082 4091 hunc
1127 4054 1432 4093 sermonem
1463 4041 1721 4094 accubuit
1751 4052 1914 4111 atque
1943 4042 2145 4095 obdur-

572 4125 756 4190 mivit;
802 4126 896 4193 qui
951 4128 1203 4180 astabant
1270 4143 1398 4182 vero
1468 4132 1650 4183 cuncti
1707 4131 2145 4199 obstupuerunt,

572 4217 970 4288 dixeruntque:
993 4219 1130 4274 Vere
1156 4218 1248 4273 Dei
1270 4221 1433 4274 homo
1454 4230 1539 4275 est
1563 4222 1671 4275 hic.
1690 4221 1844 4275 Tunc
1870 4222 2145 4277 nitmditer

573 4310 819 4378 sepelivit
868 4324 1012 4373 eum,
1045 4318 1325 4381 totamque
1371 4321 1586 4366 noctem
1626 4315 1680 4368 in
1713 4315 1931 4384 hymnis
1962 4323 2146 4369 trans-

570 4401 906 4470 egit.Alium
961 4417 1180 4471 quoque
1225 4402 1447 4458 fratrem
1499 4405 1834 4460 laborantem
1883 4408 2141 4465 visitavit.

2249 3211 2397 3280 αύτῷ
2429 3227 2572 3272 τινες
2603 3209 2661 3273 ἐξ
2696 3210 2874 3263 αὐτῶν
2907 3208 3323 3280 μαθητεύοντες.
3354 3209 3626 3262 Εἰσελθὼν
3663 3213 3720 3264 δέ
3752 3216 3820 3274 εἰς

2250 3301 2346 3371 τὴν
2389 3302 2565 3354 οἰκίαν
2608 3300 2723 3363 ἐνὸς
2771 3300 2878 3353 τῶν
2927 3299 3173 3370 ἀδελφῶν
3212 3300 3320 3352 τῶν
3363 3302 3683 3367 νοσούντων,
3742 3307 3820 3357 καὶ

2252 3395 2426 3464 εὑρων
2475 3393 2634 3445 αὐτὸν
2673 3391 2771 3462 ἤδη
2806 3392 3055 3454 θανόντα,
3087 3391 3399 3462 προσελθὼν
3438 3397 3502 3463 τῇ
3543 3395 3698 3466 κλίνῃ
3744 3399 3820 3450 καὶ

2251 3485 2713 3558 προσευξάμενος,
2756 3487 2850 3538 καὶ
2901 3484 3278 3558 καταφιλήσας
3325 3487 3506 3548 αὑτὸν,
3542 3488 3734 3558 ἠρώτα
3781 3491 3820 3540 sl

2250 3576 2386 3645 πρὸς
2434 3576 2563 3628 Θεὸν
2612 3576 2854 3645 βούλοιτο
2897 3576 3114 3630 ἀπιέναι
3166 3577 3449 3647 μᾶλλον,ἢ
3505 3578 3586 3631 ἔτι
3635 3580 3734 3650 ζῇν
3775 3584 3818 3632 ἐν

2251 3665 2434 3738 σαρκί.
2492 3668 2551 3720 Ὀ
2579 3668 2636 3720 δὲ
2673 3668 3010 3731 ἀνακαθίσας
3052 3664 3204 3720 εἶπεν
3245 3669 3390 3740 αύτῷ
3416 3689 3427 3700 ·
3466 3673 3735 3742 κρεῖσσον
3774 3677 3818 3723 τὸ

2250 3759 2512 3814 ἀναλῦσαι
2550 3761 2644 3813 καὶ
2687 3762 2781 3814 σὺν
2824 3758 3043 3831 Χριστῷ
3072 3758 3209 3814 εἶναι
3231 3779 3243 3790 ο
3274 3762 3334 3814 τὸ
3363 3763 3418 3815 δὲ
3449 3761 3546 3833 ζῇν
3577 3767 3635 3816 ἐν
3671 3769 3818 3835 σαργὶ

2248 3851 2348 3902 ούκ
2400 3851 2697 3918 ἀναγκαῖον
2750 3851 2895 3920 ἐμοί.
2952 3851 3159 3904 Οὐκοῦν
3213 3851 3460 3915 κάθευδε,
3519 3855 3720 3923 φησὶν,
3773 3857 3818 3904 ἐν

2249 3943 2459 4013 εἰρήνῃ,
2507 3935 2552 3993 ὦ
2602 3941 2810 4002 τέκνον,
2868 3940 3182 4012 πρεσϐεύων
3215 3941 3354 4012 ὑπὲρ
3399 3942 3531 4012 ἐμοῦ
3580 3944 3715 4013 προς
3741 3944 3815 3993 τὶν

2247 4033 2400 4086 Θεόν.
2448 4033 2504 4084 ’0
2537 4032 2593 4084 δὲ
2625 4033 2700 4095 ὡς
2733 4029 2969 4097 εἶπενίθ,
3002 4033 3162 4096 εὐθὺς
3196 4031 3484 4086 ἀναπεσὼν
3527 4036 3815 4104 ἐκοιμήθη·

2247 4127 2295 4176 οἱ
2353 4123 2409 4175 δὲ
2473 4123 2736 4191 παρόντες
2803 4122 3004 4185 πάντες
3075 4121 3485 4190 ἐξεπλάγησαν,
3544 4123 3816 4191 λέγοντες·

2261 4213 2500 4285 Ἀληθῶς
2535 4213 2671 4267 Θεοῦ
2717 4213 3002 4287 ἄνθρωπός
3047 4216 3192 4267 ἐστιν
3237 4209 3412 4279 οὗτος.
3450 4217 3738 4286 Κηδεύσας
3771 4219 3816 4270 δὲ

2248 4307 2408 4360 αὑτὸν
2449 4305 2723 4377 καθαρίως
2741 4305 2809 4370 ⁵⁸,
2846 4308 2900 4358 ἐν
2934 4305 3122 4376 ὕμνοις
3163 4308 3342 4360 πᾶσαν
3389 4307 3486 4378 τὴν
3555 4313 3723 4363 νύκτα
3755 4311 3814 4361 ει.

2251 4399 2512 4452 ετέλεσεν.
2539 4398 2640 4450 Τὸν
2665 4398 2850 4468 ἓτερον
2886 4396 2942 4448 δὲ
2977 4396 3201 4466 ἀδελφὸν
3232 4399 3507 4468 κάμνοντα
3533 4403 3814 4470 ἐπισκεέὰ-

571 4498 739 4562 utque
766 4492 900 4545 vidit
929 4491 996 4546 de
1026 4501 1202 4548 morte
1230 4495 1455 4548 anxium
1499 4511 1644 4557 esse.
1679 4507 1738 4552 ut
1771 4499 1863 4568 qui
1910 4501 2141 4564 graviter

2255 4507 2433 4561 μενος,
2455 4490 2530 4552 ὡς
2557 4489 2663 4542 ἴδεν
2691 4489 2854 4542 αὑτὸν
2882 4489 3249 4560 δυσφοροῦντα
3279 4491 3412 4562 πρὸς
3433 4492 3530 4564 τὴν
3556 4495 3814 4562 τελευτὴν,

571 4581 922 4636 conscientia:
942 4582 1178 4637 stimulis
1213 4587 1721 4651 premeretur,dixit
1744 4589 1794 4642 ei
1823 4606 1834 4640 :
1865 4588 2146 4658 Tanquam

571 4673 872 4743 imparatus
895 4673 1049 4728 vadis
1072 4673 1140 4728 ad
1180 4672 1348 4729 Deum
1372 4715 1387 4739 ,
1426 4676 1599 4730 instar
1633 4686 2013 4733 accusatorum
2050 4680 2134 4733 de-

571 4764 751 4819 ferens
782 4769 1024 4820 rationes
1063 4766 1248 4836 segnis
1283 4767 1432 4822 .vitae.
1461 4767 1552 4823 Ille
1582 4778 1759 4824 autem
1791 4771 1984 4825 orabat
2022 4787 2144 4825 eum

571 4866 623 4910 et
648 4858 990 4920 obsecrabat,
1020 4865 1080 4911 ut
1113 4873 1210 4927 pro
1239 4859 1360 4928 ipso
1389 4859 1533 4930 apud
1565 4861 1733 4916 Deum
1763 4862 2146 4925 intercederet,

571 4963 680 5017 quo
713 4949 876 5001 vitam
921 4949 1024 5018 ipsi
1067 4950 1341 5003 tantillum
1378 4963 1718 5020 prorogaret.
1750 4955 1840 5022 qui
1890 4957 2140 5024 aliquan-

571 5039 744 5091 tulum
791 5055 850 5092 se
893 5048 1037 5094 esset
1078 5041 1488 5096 emendaturus.
1535 5041 1688 5097 Tunc
1733 5046 1807 5096 ait
1853 5045 1919 5098 ad
1969 5061 2140 5100 eum:

571 5125 726 5182 Nunc
767 5138 982 5198 tempus
1018 5133 1350 5201 poenitentia:
1389 5135 1615 5203 quaeris,
1650 5138 1869 5204 quando
1903 5139 2013 5192 vita
2049 5146 2140 5191 tua

572 5219 1028 5288 complementum
1063 5226 1292 5292 accepit.
1332 5224 1472 5290 Quid
1528 5226 1766 5282 faciebas
1817 5230 1962 5281 omni
2020 5232 2140 5283 vitae

569 5311 855 5379 tempore?
879 5311 1068 5370 Nonne
1099 5326 1317 5384 poteras
1335 5319 1553 5370 vulnera
1593 5327 1679 5371 tua
1715 5322 1948 5375 curare?
1977 5323 2139 5391 quin-

641 5424 685 5454 ³⁵
715 5423 870 5477 Joan.
900 5441 994 5488 ιιι,
1017 5427 1106 5482 55.
1184 5429 1228 5459 ³⁸
1262 5428 1419 5481 .loan.
1449 5446 1526 5488 ιιι,
1569 5432 1621 5486 9.

572 5494 806 5573 πάντων.
884 5496 924 5573 ξ’
945 5497 1029 5573 All.
1050 5499 1314 5562 ἐδόξαζον.
1391 5499 1772 5573 ⁶²Α1.κατῄει.

571 5565 921 5642 ιρωνῄνίηοίιι.
983 5567 1028 5598 ⁸⁸
1077 5570 1243 5642 Abest
1275 5571 1361 5622 ἐπ’
1402 5571 1551 5642 αύτῴ
1599 5565 1771 5628 ab"a|.

573 5636 615 5667 “'
669 5632 752 5688 A‘l.
802 5632 947 5705 εἶχεν
1002 5646 1056 5692 ct
1104 5640 1352 5705 ἤκουσεν.

1459 5644 1502 5671 ⁸ο
1545 5645 1624 5696 AI.
1671 5645 1867 5698 καλῶς.

566 5685 1018 5778 ἐπανορθοῦσθαι.
1097 5685 1143 5742 σί
1178 5711 1254 5763 Al.
1291 5728 1382 5765 σου
1399 5710 1488 5763 τὸν
1518 5712 1652 5778 βίον.
1824 5685 1845 5708 ⁵

1097 5710 1143 5742 ⁵⁸
1178 5711 1254 5763 Al.
1291 5728 1382 5765 σου
1399 5710 1488 5763 τὸν
1518 5712 1652 5784 βίον.

1723 5435 1738 5457 ⁷
1769 5435 1931 5464 ‘lu'll‘
1991 5451 2056 5464 νιν

1698 5433 1738 5463 ³⁷
1769 5433 1952 5488 Matth.
1991 5450 2123 5496 xvn,
2176 5435 2262 5488 19.
2373 5436 2418 5466 ³³
2469 5434 2626 5490 Joan.
2687 5454 2795 5495 xlv.

1698 5520 1772 5577 ,ει.
1852 5505 2001 5577 ξ’ᾹΙ,
2036 5506 2440 5577 πῳσὴγγιζειτι
2469 5509 2828 5577 προσήγγισε.

1850 5574 1892 5603 ⁸⁷
1934 5576 2016 5627 AI.
2053 5553 2459 5646 Ιῖατερμούθιον
2489 5553 2541 5629 ert
2590 5553 2801 5647 πατέρα
2830 5579 3259 5648 Πατερμούθιον.

1856 5685 1867 5698 .
1965 5648 2005 5676 ⁵¹
2076 5649 2161 5699 ΑΙ.
2210 5647 2343 5699 πῶς.
2461 5649 2506 5678 ⁸³
2562 5649 2642 5699 Al.
2684 5648 2834 5699 ὅπως
2884 5649 3259 5699 moestum.

2076 5665 2161 5700 At.
2210 5665 2343 5709 πως.

2221 4585 2438 4648 ,δεινῶς
2490 4584 2592 4637 ὑπὸ
2644 4583 2744 4654 τῆς
2801 4584 3158 4654 συνειδήσεως
3209 4585 3600 4656 ἐλεγχόμενον,
3655 4590 3814 4656 ἔλεγεν

2252 4679 2388 4749 πρὸς
2457 4677 2650 4729 αὐτόν’
2720 4677 2807 4740 Ὠς
2832 4677 2876 4708 ⁵⁸
2940 4676 3219 4748 intercipe;
3273 4679 3504 4746 ὑπάγεις
3555 4681 3690 4751 πρές
3742 4682 3812 4731 τὶν

2251 4770 2404 4828 Θεὸν,
2459 4768 2796 4840 κατηγόρους
2850 4769 3141 4840 ἀποφέρων
3194 4772 3319 4833 τοὺς
3377 4771 3678 4841 λογισμοὺς
3732 4772 3812 4837 τῆς

2255 4859 2500 4931 ῥᾳθύμου
2531 4860 2828 4924 πολιτείας.
2888 4860 2947 4916 Ὀ
2975 4861 3032 4914 δέ
3068 4861 3247 4914 ἐδέετο
3273 4863 3436 4915 αὑτοῦ
3466 4865 3561 4916 καὶ
3595 4865 3811 4916 ίκέτειεν

2251 4952 2577 5023 πρεσϐεύειν
2615 4953 2757 5023 ὑπὲρ
2791 4953 2955 5005 αὐτοῦ
3004 4956 3138 5024 πρὸς
3185 4956 3275 5007 τὸν
3323 4955 3474 5015 Θεὸν,
3507 4957 3696 5027 χρόνον
3739 4960 3811 5006 ενι

2248 5043 2430 5097 δοῦναι
2475 5043 2624 5114 αὐτῷ
2677 5045 2873 5117 μικρὸν
2925 5049 2990 5116 τῇ
3042 5046 3154 5118 ζωῇ
3181 5047 3249 5112 ⁸³,
3299 5048 3541 5118 μέλλοντί
3586 5066 3638 5101 τι
3688 5049 3809 5115 8:5;-

2250 5135 2558 5190 θοῦσθαι⁸³.
2607 5139 2667 5189 ὐ
2725 5137 2782 5190 δέ
2829 5155 2993 5208 φησιν
3051 5140 3187 5210 πρὸς
3240 5141 3439 5192 αὐτόν’
3477 5141 3593 5193 Νῦν
3642 5142 3809 5210 Impia

2253 5231 2540 5300 μετανοίας
2579 5231 2781 5302 ζητεῖς,
2831 5233 2918 5285 ὅτε
2957 5236 2987 5301 ἡ
3024 5233 3133 5303 ζωή
3189 5251 3280 5286 σου
3333 5234 3708 5304 πεπλήρωται.
3757 5233 3806 5283 Τί

2249 5323 2453 5387 ἐποίεις
2485 5323 2659 5376 πάντα
2687 5325 2775 5376 τδν
2808 5326 2997 5395 χρόνον
3019 5325 3065 5356 ⁵⁸
3089 5343 3102 5390 ;
3125 5327 3224 5378 οὐκ
3252 5327 3434 5378 ἐδύνου
3457 5328 3524 5379 τά
3562 5328 3630 5378 σα
3661 5326 3806 5395 191;}-

2999 5438 3043 5470 ³⁹
3075 5437 3308 5508 Philipp.
3342 5439 3476 5497 I25.
3502 5441 3592 5492 '24.
3671 5440 3712 5468 "°
3738 5440 3805 5490 Al.

2907 5508 2953 5538 “
2976 5510 3363 5580 Αἰιοειὲνύμῖν
3385 5510 3452 5561 ab
3487 5512 3558 5563 al.
3595 5512 3638 5539 "
3671 5508 3807 5561 Deest

3339 5581 3384 5611 ⁵⁸
3430 5581 3516 5632 AI.
3548 5583 3802 5646 ποιήσετε.

3353 5652 3399 5682 ⁸³
3449 5651 3532 5704 ΑΙ.
3583 5653 3804 5705 naval.

2373 5436 2418 5466 ³³
2469 5434 2626 5490 Joan.
2687 5454 2795 5495 xiv.
2834 5438 2916 5490 ιε.

2461 5649 2506 5678 ⁸³
2562 5649 2642 5701 Al.
2684 5648 2834 5714 ὅπως
2884 5649 3262 5720 διορθώσηται.
