3828 6308
127 257 232 315 ιὸὅ

1368 252 1756 314 PARADISUS
1791 250 2100 312 PATBUM.

3205 259 3363 314 [454

127 397 272 450 ματα
301 378 676 452 θεραπεῦσαι;
721 380 862 434 ἀλλὰ
905 382 1000 436 καὶ
1032 383 1194 453 ἕτερα
1237 381 1601 452 προσετίθεις.
1647 379 1689 430 'C

1811 377 1920 431 imo
1960 377 2195 432 addebas
2235 377 2358 430 alia.
2387 378 2629 448 Cumque
2669 385 3040 448 perseveraret
3065 377 3118 432 in
3154 379 3363 448 suppli—

121 471 178 522 δέ
205 470 283 533 ὠς
316 471 584 540 ἐπέμενεν
619 471 758 542 πρὸς
797 471 959 524 αὑτὸν
973 471 1020 502 ⁵⁸
1055 471 1337 537 ἱκετεύων,
1367 469 1703 542 ἁπεκρίνατο

124 561 258 634 πρὸς
287 563 456 616 αὑτὸν
482 565 510 616 ό
540 561 716 632 γέρων
737 581 748 594 ·
789 562 878 634 Μὴ
895 565 939 596 ⁸⁸
970 563 1132 634 ἕτερα
1158 566 1223 634 τῇ
1260 563 1372 636 ζωῇ
1411 580 1502 615 σου
1532 579 1700 632 προσ-

123 654 310 723 θήσεις
357 655 535 706 κακά·
594 655 701 705 si”
749 655 892 708 κατὰ
941 654 1200 720 ἀλήθειαν
1249 657 1545 724 μετανοείς,
1589 651 1701 704 δεό-

125 745 263 814 μεθα
289 746 434 816 ὑπὲρ
461 745 556 798 σοῦ
587 745 678 797 τοῦ
713 745 848 798 Θεοῦ
869 761 881 772 '
913 745 1114 813 ἀγαθὸς
1152 746 1260 817 γάρ
1285 748 1434 798 ἐστιν
1467 745 1560 797 καὶ
1595 761 1700 813 μα-

121 837 424 906 κρόθυμος,
473 839 568 890 καὶ
618 835 896 908 χαρίζεταί
942 854 1024 890 σοι
1069 837 1148 890 ἔτι
1181 841 1384 910 μικρὰν
1414 839 1580 910 ζωὴν,
1615 835 1701 890 ἵνα

121 928 180 980 τὺ
205 930 316 980 πᾶν
347 928 655 1006 ἀποδώσῃς.
691 936 800 988 Καὶ
831 935 1126 1005 εὐξάμενος
1165 929 1316 986 εἴπεν
1345 930 1493 1001 αὐτῷ
1513 947 1528 962 ο
1569 932 1699 985 Ἰδοὺ

119 1018 244 1087 τρία
299 1019 398 1090 ἐτη
447 1039 527 1075 σοι
561 1027 842 1094 χαρίζεται
867 1027 972 1077 ⁵⁸’ὀ
999 1026 1131 1088 Θεὸς
1161 1024 1284 1094 τῇ⁵⁹
1333 1020 1444 1093 ζωῇ
1491 1021 1694 1092 ταώ-ιη’

121 1110 284 1176 μόνον
319 1113 388 1163 ἐκ
413 1112 593 1184 ψυχῆς
625 1118 974 1186 μετανόησον.
1007 1117 1115 1170 Καὶ
1139 1115 1433 1184 λαϐόμενος
1466 1114 1630 1166 αὑτοῦ
1654 1116 1697 1146 ⁶⁰

117 1203 216 1269 τῆς
239 1203 452 1273 χειρὸς.
483 1199 776 1270 ἀνέστησεν
827 1208 1185 1278 παραχρῆμα,
1225 1207 1319 1258 καὶ
1336 1206 1378 1236 ⁸⁸
1415 1205 1697 1275 ἀπήγαγεν

117 1291 280 1344 αὐτὸν
303 1295 388 1357 είς
421 1294 520 1366 τὴν
545 1295 768 1368 ἔρημον.
799 1299 909 1350 Kal
934 1297 1326 1370 πληρωθέντων
1353 1299 1484 1352 ἐτῶν
1509 1300 1693 1370 τριῶν,

114 1383 280 1436 πάλιν
327 1386 538 1455 ἤγαγεν
576 1389 668 1440 ἐπὶ
717 1389 808 1442 τὸν
853 1390 1038 1454 τόπον,
1078 1391 1178 1444 οὐκ
1233 1391 1534 1463 ἄνθρωπον,
1580 1391 1695 1445 ἀλλ’

113 1473 352 1542 ἄγγελον
388 1478 502 1547 (12)
537 1478 614 1548 τῷ
659 1479 774 1551 Θεῷ
810 1481 1108 1551 παριστῶν.
1140 1482 1215 1546 ὼς
1249 1483 1523 1554 Θαυμάσαι
1559 1484 1694 1537 πάν-

109 1579 212 1625 τας
241 1565 340 1616 ἐπὶ
365 1568 434 1636 τῇ
465 1567 628 1620 αὑτοῦ
660 1568 901 1640 πολιτείᾳ
915 1570 980 1624 ⁶¹.
1015 1571 1124 1624 Καὶ
1170 1571 1530 1626 συνελθόντων
1560 1573 1694 1644 πρὸς

111 1657 278 1708 αὐτὸν
317 1657 430 1710 τῶν
477 1659 742 1727 ἀδελφῶν,
773 1661 982 1732 τίθησιν
1007 1661 1050 1693 ⁸³
1079 1663 1238 1716 αὑτὸν
1271 1665 1327 1717 ἐν
1359 1665 1506 1735 μέσῳ
1540 1664 1688 1734 ὑγιῆ,

111 1749 206 1800 καὶ
239 1749 314 1802 δι’
357 1749 487 1820 ὅλης
531 1753 630 1822 τῆς
669 1754 858 1817 νυκτὸς
907 1754 1065 1822 λόγον
1113 1755 1456 1822 διδασκαλίας
1511 1757 1692 1820 αὐτοῖς

111 1845 428 1916 παρεδίδου.
479 1846 566 1909 Ὠς
607 1847 664 1900 δὲ
713 1847 1085 1914 ἀπενύσταξεν
1126 1851 1154 1902 ὁ
1199 1850 1445 1920 ἀδελφὸς,
1494 1850 1588 1903 καὶ
1627 1851 1690 1922 δὴ

109 1937 192 1998 εἰς
221 1934 394 1988 ὕπνον
443 1937 735 2007 γενόμενος
766 1939 830 2001 οδ,
875 1941 1151 2004 παντελῶς
1180 1942 1468 2013 ἐκοιμήθη.
1499 1943 1690 1996 Ἐπευ-

107 2027 350 2096 ξάμενος
379 2027 436 2080 δὲ
488 2029 658 2098 αὐτῷ,
706 2032 992 2100 ἐκήδευσεν
1045 2033 1185 2087 κατὰ
1223 2035 1424 2105 τρόπον
1451 2036 1518 2098 ⁸⁵,
1562 2051 1695 2105 προ-

107 2118 344 2188 πέμψας
376 2119 514 2190 πρὸς
547 2121 648 2190 τὴν
687 2123 884 2192 ταφήν.
921 2123 1189 2187 Πολλάκις
1229 2125 1286 2177 δὲ
1325 2125 1486 2178 αὐτόν
1530 2143 1692 2195 φασιν

108 2210 206 2262 καὶ
231 2211 348 2262 τῶν
377 2214 718 2281 ποταμιαίων
742 2215 786 2245 ⁶⁶
813 2215 1020 2268 ὑδάτων
1045 2215 1328 2280 ἐπιϐάντα,
1355 2217 1446 2269 τὸν
1479 2218 1688 2282 Νεῖλον,

107 2300 240 2372 ἄχρι
273 2304 520 2370 γονάτων
561 2303 994 2376 διαπορθμεῦσαι
1018 2293 1050 2338 ”
1087 2307 1272 2361 ἄλλοτε
1324 2309 1380 2361 δὲ
1420 2310 1485 2362 δι’
1531 2311 1693 2381 ἀέρος

105 2393 248 2462 πρὸς
273 2394 406 2456 τοὺς
435 2393 716 2464 ἀδελφοὺς,
741 2399 832 2450 ἐπὶ
865 2399 956 2452 τοῦ
989 2399 1238 2468 δώματος
1267 2403 1558 2472 ηὑρῆσθαι,
1585 2405 1690 2458 τῶν

107 2482 294 2554 θυρῶν
329 2484 752 2554 κεκλεισμένων.
789 2487 1056 2552 Πολλάκις
1102 2490 1160 2543 δέ
1205 2492 1447 2564 ὅπουπερ
1481 2493 1688 2564 ἤθελεν,

105 2575 458 2645 παραχρῆμα
488 2577 800 2648 ηὑρίσκετο.
841 2583 1091 2650 Διηγεῖτο
1123 2581 1178 2634 δέ
1212 2602 1341 2638 ποτε
1385 2589 1495 2650 τοῖς
1541 2588 1692 2640 ἀδελ-

105 2669 250 2734 φοῖς,
284 2671 354 2718 ἐκ
383 2667 486 2736 τῆς
519 2669 730 2739 ἐρήμου
779 2671 1110 2737 ἐπανελθὼν,
1141 2675 1486 2748 ἀνειληφέναι
1519 2680 1562 2710 ⁸⁷
1595 2679 1691 2732 αὐ-

101 2760 196 2811 τον
227 2760 286 2810 ἐν
317 2758 560 2830 δράματι
585 2763 666 2824 εἰς
701 2762 944 2832 οὐρανὸν,
973 2767 1067 2818 καὶ
1095 2767 1380 2822 τεθεᾶσθαι
1411 2769 1508 2822 ὅσα
1542 2770 1690 2841 μένει

101 2851 292 2920 ἀγαθὰ
337 2852 464 2914 τοὺς
507 2852 650 2906 κατά
701 2853 958 2926 ἀλήθειαν
1011 2861 1298 2929 μοναχοὺς,
1341 2861 1482 2932 ἆπερ
1518 2863 1691 2926 οὐδεὶς

103 2943 350 3009 ἐξειπεῖν
395 2943 550 3014 λόγος
583 2945 840 3000 δύναται’
893 2950 988 3002 καὶ
1043 2951 1284 3022 ἀπῆχθαι
1330 2954 1387 3008 δὲ
1425 2955 1584 3008 αὺτὸν
1634 2958 1692 3010 ἐν

101 3035 276 3104 σαρκὶ
318 3035 423 3104 ἔφη
465 3037 544 3098 είς
583 3036 674 3091 τὸν
707 3039 1055 3109 παράδεισον,
1091 3044 1182 3096 καὶ
1212 3045 1514 3114 ἑωρακέναι
1557 3049 1690 3118 πλῆ-

101 3127 198 3189 θος
237 3127 449 3195 ἁγίων·
493 3129 878 3200 μετειληφέναι
928 3131 984 3185 δὲ
1043 3135 1204 3187 αὐτὸν
1253 3135 1436 3203 ἔλεγεν
1477 3139 1538 3189 ἐκ
1583 3138 1688 3191 τῶν

101 3219 338 3290 καρπῶν
356 3219 452 3272 τοῦ
484 3221 814 3291 παραδείσου
837 3241 850 3253 ο
884 3225 978 3277 καῖ⁹
1011 3226 1262 3297 μάρτυρα
1301 3227 1361 3279 τὸ
1393 3230 1622 3299 πρᾶγμα
1645 3231 1688 3262 ⁵⁸

97 3312 408 3364 ἐδείκνυεν.
461 3313 635 3366 Σῦκον
683 3314 792 3383 γὰρ
855 3317 1000 3386 μέγα
1046 3318 1139 3370 καὶ
1185 3317 1458 3390 ἐξαίρετον
1476 3322 1541 3385 ⁸³,
1595 3323 1688 3374 καὶ

101 3405 338 3466 εύωδῦας
367 3403 571 3472 πολλῆς
609 3405 823 3473 μεστὸν,
867 3407 1004 3478 πρὸς
1045 3408 1171 3470 τοὺς
1213 3408 1406 3461 ἐαυτοῦ
1444 3411 1686 3482 μαθητάς

99 3496 470 3566 ἀπεκόμισεν,
513 3497 866 3550 ἐπιδεικνύων
906 3500 1089 3560 αὐτοῖς
1129 3501 1209 3552 δτι
1245 3501 1414 3571 ἀληθῆ
1454 3504 1588 3554 εἰσιν
1621 3503 1687 3556 τὰ

103 3591 234 3660 παρ’
285 3589 454 3642 αὐτοῦ
502 3589 790 3660 λεγόμενα.
845 3592 1020 3662 Ὅπερ
1052 3592 1236 3660 σῦκον,
1281 3594 1685 3665 όδιηγούμενος

97 3681 236 3748 ἡμῖν
303 3679 477 3732 ταῦτα
543 3679 772 3750 Κόπρης
823 3681 1230 3754 πρεσϐύτερος,
1287 3685 1507 3748 νεανίας
1567 3687 1684 3739 τότε

97 3771 390 3842 ὑπάρχων,
427 3773 484 3823 ἐν
523 3773 641 3833 ταῖς
675 3771 861 3842 χερσὶν
893 3773 1002 3826 τῶν
1049 3773 1304 3844 μαθητῶν
1339 3776 1502 3830 αὐτοῦ
1533 3777 1687 3833 ἐθεά-

99 3880 260 3928 σατο,
313 3865 406 3916 καὶ
455 3861 838 3932 κατεφίλησεν,
876 3866 969 3918 καὶ
1016 3866 1114 3938 τὴν
1159 3871 1326 3942 πνοὴν
1356 3871 1680 3941 ἐθαύμασεν.

99 3952 330 4016 Πολλοῖς
355 3953 467 4023 γὰρ
498 3951 698 4017 ἐτεσιν,
732 3955 916 4025 φησὶν,
951 3955 1164 4026 ἔμεινεν
1191 3961 1340 4031 παρὰ
1372 3965 1481 4026 τοῖς
1520 3963 1683 4016 αὐτοῦ

101 4046 403 4115 μαθηταῖς,
433 4047 511 4108 είς
541 4043 802 4110 ἐπίδειξιν
836 4047 1234 4119 φυλαττόμενον
1255 4072 1268 4084 ·
1301 4047 1367 4122 ἦν
1396 4053 1504 4125 γὰρ
1535 4073 1684 4124 παμ-

99 4138 370 4208 paveas;-
408 4137 568 4206 μόνον
611 4136 718 4206 γὰρ
766 4138 1081 4209 ὀσφρήσατο
1129 4143 1294 4195 αὐτοῦ
1332 4162 1414 4208 τις
1446 4146 1553 4198 τῶν
1595 4163 1684 4198 νο-

99 4230 435 4294 σούντωντο,
487 4231 687 4294 εὐθέως
743 4233 840 4301 τῆς
896 4233 1052 4286 νόσου
1093 4233 1484 4304 ἀπηλλάττετο.
1528 4236 1684 4290 Κατὰ

97 4323 154 4374 δὲ
181 4323 284 4390 τὴν
310 4320 486 4393 ἀρχὴν
520 4324 618 4391 τῆς
659 4322 716 4373 ἐν
747 4325 812 4392 ’τῇ
845 4323 1038 4392 ἐρήμῳ
1068 4323 1232 4376 αὑτοῦ
1259 4325 1678 4396 ἀναχωρήσεως,

99 4417 196 4468 ἐπὶ
241 4414 406 4468 πέντε
451 4415 750 4486 ἑϐδομάδας
807 4416 968 4468 αὑτὸν
1011 4417 1085 4486 μὴ
1128 4415 1558 4487 βεϐρωκέναιτί·
1587 4421 1682 4474 ἇν-

99 4508 348 4578 θρωπον,
383 4509 570 4576 φασὶν,
603 4507 767 4560 αὐτὸν
807 4508 1096 4579 εὑρηκέναι
1139 4509 1280 4562 κατὰ
1325 4509 1421 4580 τὴν
1454 4511 1678 4581 ἔρημον,

99 4600 267 4668 ἄρτον
296 4597 692 4666 ἐπιφερόμενον
731 4598 822 4650 καὶ
854 4597 996 4667 ὕδωρ
1017 4615 1030 4628 ο
1074 4598 1131 4660 ὃς
1175 4601 1366 4662 πείσας
1393 4601 1551 4654 αὐτὸν
1587 4620 1683 4671 με-

97 4689 382 4752 ταλαὸεῖν,
415 4687 703 4757 ἀπηλλάγη
724 4704 738 4718 ’
781 4687 967 4740 ἄλλοτε
1000 4689 1058 4740 δὲ
1097 4689 1186 4742 τὸν
1205 4689 1438 4759 δαίμονα
1475 4690 1676 4760 θησαυ-

98 4783 228 4850 ροίρς
268 4777 424 4847 αὐτῷ
467 4777 732 4840 ἐπιδεῖξαι
771 4777 865 4830 τοῦ
909 4778 1128 4850 Φαραὼ,
1173 4781 1395 4851 χρυσίου
1439 4783 1677 4854 καθαροῦ

167 4939 216 4970 ⁸³
251 4935 422 4990 Deest
451 4934 586 5006 πρὸς
613 4935 774 4986 αὐτόν
802 4934 866 5006 in
903 4934 972 5006 alr.

95 5008 138 5038 "
179 5009 266 5061 ΑΙ.
294 5009 463 5060 inser.
493 5003 609 5074 μεθ’
635 5003 849 5074 ἑαυτοῦ.

95 5079 406 5148 ποταμίων.
435 5146 450 5148 Α
595 5073 1042 5148 ᾼικὰνειλ-ῆφθαι.

93 5143 356 5202 νούντων.
433 5146 475 5176 τι
507 5145 588 5197 Al.
621 5143 951 5206 βεϐρωκότα.
1027 5144 1074 5174 ⁷³
1105 5143 1222 5199 Aet.
1248 5161 1362 5206 vin.
1390 5147 1478 5200 20.

165 5263 286 5334 (l2)
331 5263 470 5334 Οὐκ-
493 5260 828 5328 ἄνθρωπον,
873 5260 1310 5334 ἀλλ’ἄγγελον.
1356 5260 1688 5318 Prommium

97 5331 322 5388 Catena:
363 5334 416 5384 in
447 5331 736 5402 Joannem,
769 5333 1265 5402 expulirysostqmo
1287 5371 1302 5392 ,
1339 5334 1404 5402 Ἃ
1438 5334 1563 5395 τοὺς
1593 5335 1688 5388 λα-

95 5411 292 5474 una;
323 5403 426 5454 οὐκ
459 5401 539 5474 ἔνι
559 5397 1098 5474 λοιπον-ἁνθριξιπους
1127 5397 1284 5464 εἶναι,
1312 5401 1434 5454 οὗτε
1465 5404 1556 5455 ἐπὶ
1589 5405 1690 5474 τῆς

95 5477 194 5542 γῆς
217 5471 430 5545 μένειν,
459 5471 576 5545 αλλ’
594 5471 850 5545 ἀνωτέρω
879 5471 1096 5545 πάντων
1123 5472 1344 5545 ἐστάναι
1366 5472 1470 5524 τῶν
1509 5471 1690 5542 βιωτι-

95 5540 232 5608 κῶνξ
273 5545 368 5596 καὶ
405 5542 551 5613 πρὸς
589 5540 686 5613 τὴν
741 5541 992 5613 ἁτ-ελικην
1049 5541 1478 5613 μεθορμίσασθαι
1509 5540 1684 5610 λῆξιν,

93 5619 184 5668 καὶ
217 5609 480 5682 καθάπερ
507 5611 598 5682 τὸν
630 5609 876 5682 οὐρανὸν.
913 5611 1054 5662 οὕτω
1077 5609 1313 5680 τὴνγῆν
1341 5615 1530 5682 οἰκεῖν.
1567 5609 1686 5679 Quo

95 5691 144 5739 ιυ
181 5703 215 5740 o
251 5702 358 5740 vox
415 5679 707 5751 ιίιτελικήν,⁷
739 5679 1026 5752 lutet-preti
1075 5679 1484 5750 seinpiternam',
1525 5685 1682 5740 nauci

1063 4933 1218 5008 f‘Al-
1256 4936 1304 5008 El
1344 4937 1440 5008 μήο

433 5146 475 5176 τι
507 5145 588 5197 Al.
621 5143 951 5214 βεϐρωκότα.

1514 4937 1558 4968 8⁸1
1603 4937 1658 4968 ΔΙ
1717 4941 1842 4968 λ.“ι“.έ

943 4937 972 4986 Ι-
1063 4937 1108 4965 ⁵⁵
1135 4937 1218 4988 ΑΙ.
1256 4937 1304 4987 εἶ
1344 4937 1440 5008 μή.
1514 4937 1558 4968 ⁸⁷
1595 4937 1680 4996 ΑΙ.
1715 4941 1868 4996 ἀλλά.
1949 4942 1994 4972 ⁵³
2023 4941 2104 4992 Al.
2139 4939 2477 5008 κεχάρισται.
2553 4937 2596 4967 ⁵9
2625 4937 2706 4987 ΑΙ.
2737 4937 2793 4986 ἐν
2823 4937 2907 5002 τῇ.
2989 4937 3032 4964 ⁶⁰
3056 4937 3136 4986 ΑΙ.
3163 4937 3344 4988 αὐτόν.

943 5005 986 5081 ξ’
1017 5003 1099 5058 Al.
1122 5004 1358 5081 ἐξουσίᾳ.
1417 5008 1479 5081 _“
1507 5009 1590 5081 Al.
1623 5010 1852 5081 ἵστησιν.
1933 5012 1979 5042 ⁵⁵
2001 5011 2086 5062 ΑΙ.
2119 5008 2366 5081 τραπείς.
2449 5005 2792 5081 θδῌΑΙηλόγον
2821 5014 2874 5057 et
2912 5003 3098 5081 τύπον.
3177 5007 3221 5081 εξ
3260 5006 3344 5081 fil.

1153 5075 1195 5105 ⁸⁸
1236 5075 1323 5129 Al.
1351 5075 1448 5149 τοῦ
1479 5075 1818 5149 πράγματος.

1805 469 2038 533 catione,
2087 469 2164 523 ait
2201 485 2364 524 senex
2401 489 2411 524 :
2453 469 2508 522 Si
2545 469 2648 523 alia
2677 470 2962 524 additurus
3009 485 3112 524 non
3149 485 3208 524 es
3240 471 3362 524 vita:

1803 570 1909 616 tua:
1941 561 2102 624 mala,
2153 563 2244 617 sed
2299 577 2422 616 vere
2464 562 2842 631 paenitentiam
2895 569 3138 624 acturus,
3195 562 3358 615 Deum

1802 672 1900 726 pro
1928 665 1981 710 te
2013 656 2290 712 orabimns
2333 674 2346 710 :
2387 656 2561 710 bonus
2594 663 2697 720 est,
2737 655 2969 725 patiens,
3016 655 3358 724 mquanimis,

1802 766 1864 804 ac
1897 749 2138 820 indulget
2177 749 2272 803 tibi
2322 750 2497 802 adhuc
2537 765 2724 818 parum
2767 749 2906 808 vine,
2943 757 3000 801 ut
3046 755 3241 801 cuncta
3275 763 3360 801 rc—

1801 840 2031 895 tribuas.
2064 839 2128 893 Ει
2147 840 2392 895 oratione
2423 839 2561 894 facta
2591 839 2726 893 dixit
2751 839 2798 893 ei
2831 857 2846 892 :
2877 839 3016 892 Ecce
3043 845 3155 892 tres
3186 852 3360 890 annos

1799 933 1922 986 vitae
1953 931 2117 1001 hujus
2157 933 2254 986 tibi
2301 932 2550 988 concedit
2583 931 2756 994 Deus;
2803 939 3016 984 tantum
3067 945 3130 986 ex
3178 931 3359 982 animo

1799 1024 2172 1093 paenitentiam
2199 1037 2315 1092 age.
2340 1022 2474 1076 Tum
2501 1037 2660 1076 manu
2685 1021 2804 1090 ejus
2825 1020 3184 1090 apprehensa,
3213 1019 3358 1072 illico

1798 1114 1988 1176 erexit,
2025 1113 2149 1167 dein
2179 1112 2403 1168 abduxit
2441 1112 2494 1166 in
2529 1111 2876 1166 solitudinem
2909 1127 2923 1163 :
2957 1109 3353 1178 completisque

1799 1203 1972 1256 tribus
2003 1203 2182 1266 annis,
2218 1202 2412 1256 iterum
2453 1201 2668 1255 reduxit
2699 1200 2764 1252 ad
2805 1201 3004 1263 locum,
3037 1215 3146 1252 non
3183 1197 3356 1252 homi-

1797 1309 1942 1358 nem,
1985 1291 2078 1347 sed
2130 1293 2377 1362 angelum
2413 1289 2521 1346 Deo
2564 1291 2848 1356 exhibens,
2901 1290 3037 1344 adeo
3076 1300 3134 1343 ut
3167 1303 3356 1342 omnes

1797 1385 2082 1440 admiratio
2118 1392 2335 1456 caperet
2364 1385 2431 1438 de
2469 1383 2640 1452 ipsius
2683 1383 2791 1435 vita
2835 1394 2886 1436 et
2916 1382 3352 1435 conversatione.

1795 1477 2150 1548 Congregatis
2200 1491 2329 1548 ergo
2371 1475 2516 1528 circa
2567 1475 2744 1544 ipsum
2799 1472 3080 1534 fratribus.
3127 1473 3357 1526 collocat

1797 1569 2066 1624 hominem
2093 1568 2146 1622 in
2168 1569 2346 1622 medio
2373 1583 2587 1630 sanum,
2613 1581 2673 1618 ac
2703 1580 2797 1636 per
2819 1571 2986 1618 totam
3010 1572 3220 1617 noctem
3247 1579 3356 1617 ser-

1798 1678 2012 1716 monem
2037 1661 2296 1716 doctrina:
2319 1660 2453 1731 ipsis
2476 1657 2720 1712 tradidit.
2746 1656 2883 1710 Tum
2913 1655 3082 1710 frater
3103 1651 3132 1709 é
3161 1670 3356 1725 sopore

1795 1755 1850 1808 in
1883 1769 2132 1808 somnum
2163 1751 2432 1814 incidens,
2456 1750 2680 1805 omnino
2714 1747 3057 1804 obdormivit.
3077 1745 3204 1799 Inde
3233 1760 3358 1798 ora-

1793 1847 1940 1901 tione
1980 1860 2145 1915 supcr
2191 1859 2314 1900 eum
2351 1843 2514 1906 facta,
2569 1857 2670 1912 pro
2711 1855 2864 1895 more
2911 1839 3074 1894 funus
3121 1837 3352 1901 curavit,

1794 1939 2160 2008 praemisitque
2181 1937 2246 1990 ad
2271 1936 2625 2006 sepulturam.
2665 1934 2830 1987 Aiunt
2859 1933 3019 1986 etiam
3049 1932 3192 2001 quod
3216 1945 3356 1998 saepe

1791 2032 2036 2086 ﬂuviales
2081 2045 2252 2099 aquas
2295 2043 2683 2099 supergressus
2728 2025 2906 2080 Nilum
2959 2025 3349 2094 perlransierit,

1792 2125 1859 2179 ad
1907 2139 2081 2194 genua
2134 2123 2399 2176 duntaxat
2455 2121 2879 2191 pcrtingentem;
2938 2117 3192 2186 quodque
3248 2115 3354 2167 alio

1793 2225 2034 2286 tempore
2073 2231 2170 2284 per
2209 2228 2388 2268 aerem
2433 2220 2642 2274 vectus,
2672 2212 2812 2265 inter
2839 2211 3034 2265 fratres
3071 2209 3124 2262 in
3154 2207 3354 2262 solario

1791 2307 2046 2360 inventus
2091 2305 2183 2365 sit,
2233 2303 2418 2371 januis
2469 2303 2692 2357 clausis.
2745 2300 3079 2371 Frequenter
3137 2315 3354 2370 quoque

1794 2399 2104 2467 ubicunque
2133 2397 2314 2461 vellet,
2337 2394 2623 2450 confestim
2654 2394 2858 2448 aderat.
2888 2392 3060 2447 Porro
3091 2391 3353 2447 fratribus

1790 2491 2034 2546 narravit
2076 2489 2389 2559 aliquando,
2433 2503 2498 2541 ex
2539 2486 2834 2541 solitudine
2873 2485 3108 2546 rediens,
3140 2499 3354 2538 assum-

1789 2591 1941 2654 ptum
1968 2598 2026 2637 se
2049 2581 2216 2636 fuisse
2245 2581 2300 2634 in
2329 2579 2534 2634 visione
2560 2578 2624 2632 ad
2654 2580 2874 2638 coelum,
2911 2591 2973 2630 ac
3007 2576 3206 2631 vidisse
3234 2589 3354 2644 qua:

1789 2675 1932 2730 bona
1966 2690 2122 2728 veros
2165 2673 2462 2726 monachos
2513 2679 2753 2736 manent,
2787 2685 2906 2739 qua:
2959 2670 3142 2723 nullus
3175 2683 3353 2722 sermo

1791 2767 2006 2837 assequi
2058 2773 2266 2836 potest;
2317 2765 2562 2832 dixitque
2619 2778 2677 2817 se
2731 2762 2786 2815 in
2836 2776 2999 2815 carne
3059 2761 3351 2814 abductum

1791 2863 1962 2916 fuisse
2005 2861 2056 2914 in
2106 2857 2443 2928 paradisum,
2495 2867 2656 2924 atque
2701 2862 2983 2924 spectasse
3041 2859 3351 2907 sanctorum

1793 2952 2224 3016 multitudinem;
2277 2949 2342 3003 ad
2389 2949 2505 3001 haec
2551 2946 2908 3016 participasse
2961 2944 3027 2998 de
3088 2943 3353 2998 fructibus

1717 3052 1758 3108 ο
1793 3043 2050 3113 paradisi.
2085 3042 2261 3110 Atque
2292 3039 2344 3091 in
2376 3037 2747 3092 testimonium
2789 3051 2900 3090 rem
2932 3035 3100 3106 ipsam
3133 3035 3352 3089 exhibe-

1791 3137 1901 3188 bat.
1953 3133 2084 3185 Nam
2131 3134 2294 3184 ficum
2349 3128 2716 3198 praegrandem
2761 3142 2840 3204 ac,
2870 3127 3145 3190 eximiam,
3185 3125 3355 3194 pluri-

1789 3239 1998 3294 nmque
2033 3220 2362 3292 fragrantia,
2398 3221 2464 3273 ad
2510 3218 2707 3272 fratres
2739 3233 2870 3272 suos
2903 3216 3116 3278 detulit,
3155 3215 3221 3267 ad
3258 3215 3354 3266 de-

1788 3315 2198 3370 monstrandum
2233 3312 2340 3365 illis
2368 3327 2492 3365 vera
2527 3325 2650 3364 esse
2695 3323 2815 3378 qua:
2838 3308 3062 3360 diceret.
3091 3307 3262 3370 Quam
3295 3306 3354 3357 fi-

1788 3422 1933 3468 cum,
1968 3405 2060 3476 qui
2104 3405 2217 3458 harc
2259 3403 2415 3458 nobis
2456 3403 2640 3456 retulit
2669 3401 2870 3468 Copres
2901 3399 3199 3468 presbyter,
3225 3404 3353 3448 tunc

1783 3499 2020 3568 juvenis,
2053 3499 2106 3552 in
2139 3497 2387 3551 manibus
2408 3495 2796 3564 discipulorum
2819 3495 2937 3559 ejus
2963 3490 3267 3560 conspexit,
3301 3497 3354 3542 et

1785 3591 2134 3647 deosculatus
2181 3599 2285 3652 est,
2331 3588 2662 3657 odoremque
2703 3585 2968 3654 suspexit.
3000 3583 3102 3637 Per
3151 3583 3352 3638 mullos

1785 3685 1930 3738 enim
1975 3697 2168 3747 annos,
2217 3680 2414 3750 inquit,
2465 3679 2833 3748 perseveravit
2882 3676 3024 3728 inter
3053 3673 3350 3742 discipulos

1784 3777 1926 3845 ejus,
1957 3791 2077 3845 quae
2102 3781 2410 3829 servaretur
2440 3772 2506 3824 ad
2533 3777 2840 3834 ostentum;
2873 3775 3095 3836 eratque
3121 3767 3354 3819 crassis-

1785 3869 1920 3922 sima
1953 3886 1966 3919 :
1995 3875 2048 3921 et
2079 3867 2168 3920 ubi
2200 3865 2464 3918 duntaxat
2490 3863 2748 3916 odoratus
2779 3859 2950 3913 fuerat
2973 3875 3088 3914 eam
3116 3866 3352 3928 aegroto-

1787 3976 1906 4014 rum
1930 3960 2077 4028 quis,
2119 3958 2310 4010 morbo
2334 3957 2513 4010 statim
2551 3953 2902 4008 liberabatur.
2937 3949 3196 4004 Referunt
3221 3963 3352 4018 prat-

1787 4061 1867 4106 ter
1906 4051 2038 4112 haec,
2083 4048 2236 4102 initio
2275 4045 2604 4102 secessionis
2647 4043 2818 4112 ipsius
2864 4042 2916 4096 in
2973 4039 3347 4104 solitudinem,

1785 4151 2070 4214 postquam
2117 4155 2212 4209 per
2250 4140 2490 4208 quinque
2526 4134 2894 4192 hebdomadas
2937 4148 3043 4186 non
3089 4129 3346 4192 comedit,

1785 4233 2090 4288 occurrisse
2130 4231 2178 4286 ei
2229 4231 2503 4284 hominem
2554 4228 2606 4281 in
2655 4227 2894 4288 deserto,
2941 4223 3035 4293 qui
3069 4236 3263 4292 panem
3297 4229 3351 4274 et

1788 4341 1981 4396 aquam
2033 4323 2310 4387 afferebat,
2357 4323 2744 4393 persuasitque
2785 4334 3020 4381 sumere,
3070 4325 3234 4385 atque
3277 4314 3348 4366 ita

1783 4417 1918 4471 abiit
1951 4435 1962 4469 :
2001 4416 2108 4471 alio
2135 4425 2379 4485 tempore
2414 4429 2443 4467 a
2486 4415 2730 4468 daemone
2776 4420 3028 4466 ostensos
3067 4407 3170 4476 ipsi
3211 4405 3351 4459 Pha-

1783 4510 1969 4564 raonis
1999 4511 2307 4571 thesauros,
2343 4522 2480 4577 puro
2511 4521 2644 4560 auro
2671 4503 3058 4566 redundantes,
3089 4501 3154 4554 ad
3188 4515 3346 4570 quem

1783 4603 1922 4656 dixit
1955 4603 2038 4655 vir
2066 4619 2078 4652 :
2105 4601 2337 4654 Pecunia
2394 4609 2484 4652 tua
2533 4609 2699 4652 tecum
2732 4597 2802 4650 sit
2840 4597 2891 4649 in
2924 4593 3260 4662 perditionem
3281 4593 3344 4643 τ’.

1785 4694 1929 4756 llaec,
1967 4695 2162 4762 inquit,
2191 4701 2246 4748 et
2275 4694 2376 4746 alia
2410 4691 2564 4760 plura
2597 4703 2898 4759 magnaque
2935 4685 3194 4754 praeclare
3223 4697 3348 4752 per-

1783 4787 2013 4857 petravit
2043 4785 2205 4840 Pater
2232 4793 2420 4840 noster
2453 4781 2840 4840 Patcrmutius,
2875 4779 3078 4832 faciens
3113 4776 3266 4846 signa
3296 4783 3352 4828 et

1949 4942 1994 4972 ⁵³
2023 4941 2104 4992 Al.
2139 4939 2477 5008 κεχάρισται.
2545 4937 2596 5008 f9
2625 4935 2706 5008 ᾼΙ.
2737 4936 2793 4986 ἐν
2823 4935 2907 5002 τῇ.
2960 4933 3032 5008 Π⁶⁰
3056 4934 3136 4986 ΑΙ.
3163 4934 3345 5008 αύτόν.

1923 5081 1965 5113 ⁸⁸
2004 5081 2088 5132 Al.
2132 5075 2387 5143 ἐξαίσιον.
2483 5077 2528 5106 ⁷⁸
2567 5076 2650 5127 Al.
2703 5075 3052 5143 κακουμένων
3096 5083 3148 5128 rt
3186 5075 3349 5129 ἀσθε·

1789 5280 1896 5318 non
1930 5271 2032 5324 est,
2067 5262 2304 5332 legitque
2340 5276 2522 5315 veram
2578 5260 3167 5332 Chrysostomiqinitio
3195 5259 3350 5314 Com-

1789 5335 2034 5387 meuwrii
2057 5335 2108 5385 in
2127 5329 2425 5392 ’Joaimem,
2458 5332 2592 5402 πρὸς
2614 5329 2711 5400 τὴν
2737 5329 3031 5400 ἀγγελικὴν
3079 5329 3352 5402 μεθαρμο-

1790 5404 2058 5474 σαμένους
2087 5404 2254 5472 λῆξιν.
2284 5404 2414 5467 Qua:
2441 5401 2580 5454 bena
2624 5402 2713 5474 qui
2737 5410 3072 5469 acceperunt,
3107 5417 3208 5453 non
3230 5401 3348 5467 jam

1786 5474 2014 5540 amplius
2049 5474 2280 5526 homines
2310 5483 2451 5534 sunt,
2485 5488 2576 5525 nec
2629 5473 2680 5523 in
2737 5481 2878 5524 terra
2913 5479 3352 5531 commorantur;

1785 5539 1882 5596 sed
1905 5559 2060 5610 super
2087 5559 2262 5597 omnes
2302 5543 2458 5611 hujus
2495 5543 2680 5595 sa’culi
2709 5558 2788 5595 res
2815 5543 3060 5604 eminent,
3087 5551 3136 5592 et
3157 5539 3224 5591 ad
3253 5557 3352 5591 an-

1781 5615 2004 5682 gelicum
2047 5623 2319 5665 transeunt
2366 5623 2583 5678 statum,
2630 5623 2784 5683 atque
2821 5622 3010 5666 terram
3057 5627 3156 5666 non
3193 5611 3350 5664 aliter

1783 5701 1843 5737 uc
1883 5684 2064 5738 caelum
2090 5683 2344 5736 incolunt.
