3828 6354
159 317 240 374 ἆ57
1555 318 1742 376 ΝΟΤΙἸ

1816 333 1854 376 ι.
3239 321 3338 378 158

153 433 302 504 viginti
330 445 490 486 annos
525 431 600 500 (τι)
629 429 928 487 ηειιιιε.ἕίἰο
963 433 1366 490 scmi-Arianos
1399 451 1507 514 non
1550 437 1736 494 minus
1767 454 1930 507 quam
1985 439 2288 494 catholicos
2321 439 2558 510 graviter
2586 435 2788 506 passim
2821 437 3156 507 perstringit,
3183 439 3339 491 Aria-

153 545 230 583 nos
257 541 365 580 vero
393 534 442 579 et
473 523 849 582 Eunomianos
871 526 1134 595 defendit,
1171 530 1520 601 celebratque
1554 533 1805 599 libenter,
1835 546 1888 588 et
1915 532 2069 590 ellert
2103 535 2356 590 laudibus
2391 554 2404 588 :
2434 536 2576 588 unde
2600 535 2692 590 diu
2723 543 2823 598 est,
2877 534 3022 602 quod
3056 534 3342 588 historiam

151 621 242 687 eius
269 633 362 672 non
391 617 669 672 historiam
697 658 713 683 ,
767 621 859 674 sed
900 622 1197 674 encomium
1233 623 1601 678 luereticorum
1633 637 1680 678 et
1707 627 2132 682 criminationem
2157 638 2313 700 atque
2354 629 2788 698 vituperationem
2812 626 3226 680 ortlrodoxorum
3263 628 3342 680 in-

153 713 438 770 scribendam
459 727 581 767 esse
603 714 816 768 monuit
839 713 1060 768 Photius
1092 716 1192 784 (ὑ),
1227 719 1350 772 cod.
1383 717 1494 772 XL.
1527 721 1764 776 Atheum
1797 737 1926 776 vero
1957 723 2158 778 dictum
2190 721 2360 778 fuisse
2388 721 2838 792 Pbilostorgium,
2889 722 3028 777 male
3082 715 3342 792 colligunt

151 811 226 866 viri
251 808 374 864 docti
407 823 466 862 ex
492 809 597 863 hoc
631 810 1042 882 epigrammate.
1079 828 1360 882 perperam
1403 824 1648 884 accepto,
1708 833 1817 888 quo
1871 817 2246 874 Eunomianus
2309 819 2530 888 quidam
2587 819 2808 873 laudare
2839 819 3045 888 utique,
3077 834 3182 874 non
3219 833 3344 886 pro-

153 903 354 960 scindere
372 917 505 972 opus
537 899 868 958 Eunomiani
904 905 1143 958 hominis
1173 905 1344 960 voluit
1371 925 1383 960 :

917 997 1209 1074 ξζσζορίηις
1237 999 1558 1074 ἐτέλεσσα.
1594 1001 1846 1074 Θεοῦ,(τ)
1887 1005 2198 1074 χαρίτεσσι
2233 1002 2484 1074 comic-'1,

903 1069 1198 1138 ﬂpa’typat’
1225 1070 1514 1138 ἀληθείης
1542 1072 1764 1126 ποικίλ’
1789 1069 2206 1143 ίῠὲἠνιὶμενος.

917 1159 1174 1234 Historia:
1199 1159 1355 1212 telam
1379 1159 1502 1214 bene
1524 1161 1761 1234 Numine
1782 1163 1940 1216 dante
1960 1168 2153 1234 peregi,

976 1229 1269 1284 Canter-ens
1296 1247 1446 1299 opere
1478 1232 1708 1302 plurima
1747 1249 1866 1287 vera
1899 1229 2030 1288 meo.

203 1325 402 1393 Scripsit
430 1323 683 1378 Historia:
711 1312 1221 1388 ecclesiasticae‘w)
1260 1324 1328 1376 ab
1376 1325 1766 1379 controversia:
1801 1325 2017 1380 Arianae
2043 1327 2213 1381 initiis
2231 1327 2344 1382 sive
2376 1326 2445 1380 ab
2476 1342 2524 1378 a.
2563 1327 2626 1378 (3.
2665 1327 2790 1392 500,
2829 1343 3004 1396 usque
3035 1329 3100 1382 ad
3137 1343 3186 1380 a.
3217 1327 3346 1388 4‘25,

149 1431 234 1486 quo
263 1414 658 1470 Valentinianus
693 1413 888 1469 Junior
919 1413 1162 1469 Honorio
1195 1417 1483 1481 successit,
1521 1419 1804 1472 volumina
1827 1419 1959 1482 duo,
1991 1436 2224 1489 quorum
2247 1421 2458 1490 singula
2489 1421 2541 1474 in
2563 1421 2788 1491 τόμους,
2819 1420 3008 1487 λόγους
3041 1421 3154 1475 sive
3177 1421 3348 1474 libros

149 1531 220 1568 sex
243 1513 460 1568 distincti
500 1521 680 1577 erant,
714 1524 771 1566 ut
797 1512 936 1567 adeo
965 1513 1017 1566 iu
1051 1513 1368 1567 universum
1403 1514 1524 1567 libri
1557 1524 1741 1568 essent
1773 1515 2084 1571 duodecim.
2119 1515 2324 1570 Horum
2361 1517 2758 1584 prinuelitterte
2788 1518 2832 1570 si
2863 1517 3344 1586 coniungerentur.

148 1623 304 1662 nomen
337 1606 574 1663 auctoris
606 1604 943 1667 referebant,
981 1603 1294 1674 cuiusmodi
1353 1606 1740 1674 ἁκροστιχίδας
1786 1606 1864 1677 (ε)
1921 1609 2182 1678 operibus
2234 1611 2352 1664 suis
2401 1611 2682 1664 intonuere
2720 1611 2846 1664 olim
2901 1609 3258 1680 Epicharmus
3296 1619 3352 1665 et

147 1699 430 1764 Heraclides,
473 1697 759 1760 Ponticus,
796 1707 962 1765 atque
989 1695 1338 1766 Pbilostorgii
1377 1701 1630 1768 exemplo
1669 1698 2010 1770 Nicephorus
2041 1702 2319 1764 Callistus,
2363 1716 2392 1755 e
2422 1701 2606 1756 latinis
2634 1701 2863 1766 Ennius,
2899 1702 3350 1768 Commodianus,

147 1793 365 1847 baraasns
393 1793 614 1861 aliique.
639 1790 789 1860 Opus
817 1791 997 1861 ipsum
1030 1789 1403 1860 Philostorgii,
1457 1791 1549 1846 diu
1581 1802 1686 1858 est,
1716 1795 1861 1863 quod
1891 1793 2200 1860 intercidit;
2250 1795 2342 1849 sed
2382 1803 2580 1866 praeter
2619 1795 2834 1849 brevem
2887 1795 2955 1847 de
2999 1809 3064 1848 eo
3101 1794 3349 1848 notitiam

145 1884 466 1954 iudiciumque
489 1900 554 1940 ac
588 1897 902 1946 censuram,
931 1883 986 1936 in
1010 1881 1190 1937 Photii
1219 1882 1551 1938 Bibliotheca
1588 1885 1711 1938 cod.
1745 1883 1840 1938 XL
1871 1885 2112 1949 obviam,
2143 1886 2386 1956 eiusdem
2411 1885 2591 1941 Photii
2623 1887 2800 1956 ampla
2844 1902 2910 1940 ex
2940 1887 3171 1956 singulis
3209 1887 3352 1942 duo-

143 1979 284 2033 decim
317 1979 460 2034 libris
496 1986 748 2047 excerpta
777 1985 992 2032 servata
1023 1985 1174 2042 sunt,
1205 1992 1328 2047 quas
1379 1977 1574 2032 habuit
1599 1977 1843 2034 Venetiis
1873 1979 2077 2047 Diegus
2117 1979 2393 2035 llurtadus
2421 2019 2436 2042 ,
2489 1980 2732 2035 Gesnero
2767 1989 2922 2046 teste,
2955 1991 3010 2034 et
3044 1982 3251 2052 primus
3285 1996 3352 2034 ex

143 2069 293 2124 codice
319 2069 692 2140 Bongarsiano
719 2066 905 2124 Greece
921 2067 1112 2135 edidit,
1140 2075 1196 2122 et
1223 2067 1498 2137 capitibus
1522 2069 1782 2124 distincta
1815 2085 1942 2124 cum
1969 2071 2222 2124 versione
2264 2085 2361 2124 sua
2395 2079 2448 2124 et
2475 2071 2764 2125 uberrimis
2807 2071 3092 2141 doctisque
3121 2071 3355 2124 adnota-

143 2161 344 2222 tionibus
373 2171 426 2216 et
475 2161 880 2232 prolegomenis
919 2160 1207 2230 iudiceque
1245 2159 1676 2229 locupletissimo
1723 2160 1780 2214 in
1817 2161 1994 2216 lucem
2028 2161 2254 2231 protulit
2303 2161 2545 2217 Jacobus
2599 2159 2968 2226 Godofredus,
3022 2161 3225 2216 Genev.
3282 2157 3354 2229 (ι’)

143 2257 272 2318 ltiti),
303 2255 354 2308 4.
387 2254 590 2310 Eadem
641 2265 896 2326 excerpta
939 2271 1077 2311 mss.
1102 2254 1263 2309 editis
1295 2254 1452 2324 longe
1475 2253 1848 2309 emendatiora
1879 2256 2078 2308 habere
2114 2270 2172 2310 se
2206 2265 2434 2310 testatus
2472 2261 2556 2310 est
2584 2253 2889 2312 Bochartus
2925 2265 3056 2308 tom.
3087 2254 3129 2319 Ι,
3151 2253 3252 2308 lib.
3287 2268 3350 2308 ιι.

141 2343 400 2402 ilierozoici
441 2363 566 2416 cap.
589 2347 680 2402 55.
714 2347 894 2417 Atque
917 2346 1178 2401 Bocbarti
1201 2345 1443 2400 codicem
1475 2343 1693 2399 Valesio
1727 2360 1758 2398 a
1785 2361 1844 2399 se
1876 2345 2338 2400 communicatqu
2369 2345 2534 2400 refert
2570 2345 2881 2414 Stephanus
2911 2346 2961 2399 le
2987 2343 3180 2414 Moyne
3209 2343 3355 2398 uotis

141 2440 193 2492 ad
228 2437 370 2492 Varia
398 2456 554 2494 sacra
583 2457 704 2511 pag.
735 2437 1074 2508 579.1taque
1109 2437 1178 2492 ad
1201 2451 1325 2490 eum
1359 2446 1412 2492 et
1437 2435 1812 2491 Scoriacensis
1841 2436 2048 2490 codicis
2079 2435 2340 2490 ieetiones
2369 2437 2572 2506 passim
2603 2446 2862 2506 provocat
2886 2435 3051 2490 llenr.
3077 2433 3347 2488 Valesius.

142 2551 220 2590 nec
245 2536 410 2591 minus
445 2536 515 2590 ad
565 2536 1003 2596 emendationes,
1058 2548 1200 2604 quas
1253 2532 1430 2588 codici
1468 2547 1562 2586 suo
1633 2531 1810 2588 Lucas
1841 2529 2158 2588 Holstenius
2191 2532 2537 2602 ascripserat.
2591 2531 2770 2586 Edidit
2808 2533 3060 2586 laudatus
3104 2531 3358 2588 Valesius

141 2627 442 2702 l’liilostorgii
469 2640 730 2700 excerpta
759 2631 1135 2686 emendatiora
1187 2643 1312 2683 cum
1347 2628 1573 2682 meliore
1605 2628 1858 2684 versione
1909 2644 2008 2684 sua
2067 2629 2320 2698 notisque
2353 2630 2419 2682 ad
2447 2629 2651 2684 calcem
2713 2628 2969 2684 Historia:
3013 2627 3354 2694 Theodoriti,

141 2724 320 2794 Evagrii
349 2735 401 2780 et
434 2724 732 2790 Theodori,
774 2725 1017 2791 lectoris,
1039 2721 1216 2779 Paris.
1246 2723 1407 2788 1675,
1442 2723 1562 2786 fol.,
1589 2740 1712 2794 qua:
1741 2725 1912 2780 editio
1942 2741 2136 2780 recusa
2171 2734 2256 2780 est
2293 2724 2604 2795 Moguntiae,
2651 2735 2710 2779 ut
2761 2726 2922 2781 habet
2971 2725 3187 2790 titulus,
3240 2727 3357 2780 sive

143 2819 287 2884 potius
312 2818 656 2875 Francofurti
707 2820 887 2887 1679;
923 2835 1049 2873 nam
1086 2834 1208 2889 qua:
1239 2818 1705 2874 Amstelodamum
1738 2835 1789 2876 a.
1827 2819 1987 2882 1695,
2021 2819 2074 2872 in
2107 2818 2288 2874 fronte
2315 2819 2557 2889 prcefert,
2595 2821 2684 2874 illa
2747 2821 2861 2890 ipsa
2894 2817 3208 2890 Moguntina
3241 2827 3346 2882 cst,

142 2925 256 2966 novo
279 2913 425 2968 titulo
453 2923 672 2980 ornata,
697 2921 752 2968 et
775 2911 1016 2983 Reading
1075 2927 1199 2968 cum
1249 2911 1452 2968 Valesii
1486 2921 1541 2968 et
1578 2916 1855 2968 varioru-u
1905 2913 2071 2976 notis,
2108 2913 2162 2968 in
2199 2923 2330 2969 tom.
2369 2913 2432 2967 lll
2462 2913 2564 2970 SS.
2599 2915 2726 2969 eccl.
2786 2931 2910 2968 cum
2950 2913 3283 2969 Thcodorito
3303 2911 3359 2968 et

143 3005 356 3070 Evagrio,
385 3021 508 3077 pag.
547 3005 654 3060 475
701 3021 848 3074 sqq.,
884 3003 1144 3059 Cantabr.
1201 3005 1360 3068 i720,
1395 3004 1492 3060 fol.
1527 3004 1660 3060 Vide
1713 3021 1877 3076 supra
1909 3008 1978 3061 ad
2013 3006 2234 3062 Eusebii
2288 3007 2492 3062 Hister.
2543 3009 2668 3062 εδει.
2706 3039 2776 3048 -
2809 3007 3096 3062 Florentia:
3142 3007 3196 3060 in
3233 3009 3358 3063 cod.

141 3095 346 3154 llediceo
373 3097 436 3162 V,
465 3116 553 3154 ur.
587 3098 642 3162 9,
682 3099 818 3167 plut.
853 3095 940 3164 70,
974 3105 1102 3152 sunt
1124 3096 1234 3150 duo
1265 3107 1516 3166 excerpta
1561 3113 1626 3150 ex
1653 3097 1880 3152 Philost.
1915 3097 1981 3152 ll.
2017 3100 2080 3153 E.
2114 3098 2382 3168 epitome;
2413 3101 2564 3170 prius
2591 3109 2670 3156 est
2693 3116 2818 3171 pars
2839 3116 2958 3170 cap.
2991 3099 3078 3160 10.
3113 3099 3235 3152 libri
3259 3115 3358 3166 xu,

143 3195 374 3258 posterius
400 3203 483 3249 est
513 3209 638 3264 cap.
670 3209 878 3247 nonum
903 3193 1027 3246 libri
1055 3208 1114 3246 tu
1146 3193 1221 3261 (v.
1255 3189 1488 3246 Bandin.
1527 3201 1634 3246 cat.
1667 3193 1825 3247 codd.
1855 3191 1948 3247 Gr.
1987 3191 2052 3257 ll,
2086 3209 2138 3262 p.
2179 3193 2329 3262 661.)
2357 3222 2421 3232 --
2458 3192 2700 3248 Venstiis
2728 3195 2780 3247 in
2809 3195 2928 3248 cod.
2962 3191 3360 3254 CCCXXXVII,

140 3285 380 3342 Marciano
411 3289 650 3357 epitome
674 3302 740 3342 ex
771 3303 867 3352 xu,
895 3287 1050 3341 libris
1085 3285 1154 3339 ll.
1208 3283 1276 3339 E.
1309 3284 1692 3354 Philostorgii.
1741 3301 1806 3340 ex
1857 3287 2069 3340 l’hotio.
2097 3319 2166 3328 —
2195 3285 2370 3342 Oxon.
2411 3289 2466 3340 in
2517 3287 2640 3342 cod.
2678 3287 2891 3344 Bodlei.
2924 3286 3128 3351 CXLII,
3185 3305 3268 3344 nr.
3305 3289 3356 3353 7,

143 3379 452 3454 Philostorgii
494 3380 568 3436 11.
610 3381 678 3435 Ε.
727 3386 950 3452 epitome
989 3381 1094 3434 ἀπὸ
1127 3381 1315 3454 φωνῆς
1343 3379 1524 3436 Photii
1553 3378 1826 3450 coxam,
1882 3398 2004 3451 quae
2039 3382 2364 3452 (secundum
2397 3393 2676 3438 auctorem
2712 3385 2872 3442 codd.
2919 3387 3145 3457 Anglite,
3176 3395 3280 3442 etc.
3321 3387 3360 3451 Ι,

141 3489 238 3545 pag.
265 3475 346 3544 i8)
373 3476 440 3530 ab
459 3492 543 3538 ea.
580 3491 702 3546 quae
727 3483 908 3531 exstat
939 3476 1081 3544 apud
1123 3474 1404 3541 Photium,
1453 3475 1686 3529 multum
1741 3476 1958 3532 diversa
2009 3485 2112 3540 est,
2148 3486 2204 3531 et
2233 3465 2464 3546 amplior
2523 3479 2692 3532 multo
2735 3493 2749 3529 :
2789 3477 2924 3532 ibid.
2965 3493 3020 3547 p.
3056 3476 3184 3542 271,
3222 3478 3362 3532 inter

141 3573 420 3627 adversaria
452 3573 684 3628 Gerardi
739 3571 1056 3644 Langbteni,
1096 3571 1443 3642 Philostorgii
1479 3571 1624 3628 litat.
1679 3573 1748 3628 ab
1775 3588 1869 3628 ore
1915 3573 2096 3629 Photii
2121 3574 2312 3640 relata,
2339 3574 2436 3628 Gr.
2463 3604 2530 3612 —
2557 3574 2698 3628 inter
2734 3573 2890 3629 cold.
2926 3573 3220 3638 Mendozae,
3254 3583 3360 3628 etc.

139 3665 258 3731 apud
283 3663 451 3722 iriart.
483 3676 594 3722 cat.
625 3667 762 3721 codd
818 3665 914 3721 Gr.
944 3665 1146 3720 Matrit.
1193 3682 1247 3735 p.
1290 3665 1416 3718 “277.
1453 3664 1620 3720 11Αιιι..
1649 3697 1722 3706 -
1755 3664 1960 3722 Prmter
1984 3667 2288 3738 fragmenta
2321 3667 2668 3736 Pbilostorgii
2699 3683 2766 3722 ex
2801 3667 2999 3720 Nicetze
3029 3665 3126 3719 lib.
3163 3682 3219 3726 ν,
3249 3667 3363 3718 the-

139 3757 284 3820 sauri,
316 3773 376 3813 ex
397 3757 612 3814 Joauue
634 3759 1171 3830 Antiocbcno‘(cujus
1195 3761 1374 3813 locum
1396 3759 1604 3828 primus
1625 3757 1808 3814 attulit
1833 3758 2138 3815 Salmasius
2159 3775 2209 3829 [ι.
2231 3759 2356 3824 407,
2384 3759 2452 3812 ad
2476 3757 2695 3827 Solin.),
2717 3758 2884 3812 Suida
2901 3767 2955 3812 et
2979 3757 3176 3810 Photio
3195 3771 3224 3810 a
3241 3755 3361 3810 Jac.

140 3849 416 3909 Godofredo
437 3856 730 3926 producta.
757 3871 897 3910 nova
919 3856 1082 3910 etiam
1116 3871 1180 3910 ex
1211 3852 1380 3908 Suida
1413 3870 1442 3908 a
1477 3871 1534 3908 se
1554 3855 1840 3910 observata
1865 3851 2113 3908 Valesius
2130 3853 2354 3907 editioni
2393 3867 2504 3906 sua:
2553 3850 2860 3920 subiunxit.
2909 3851 2966 3904 ln
2992 3849 3137 3902 notis
3161 3847 3364 3902 Valesii

144 3943 454 4006 Godofredus
485 3950 938 4020 frequentissime
955 3949 1390 4019 reprehenditur,
1413 3949 1684 4003 interdum
1712 3947 1874 4002 etiam
1901 3947 2036 4001 satis
2070 3946 2286 4010 acerbe,
2317 3953 2372 3998 ut
2405 3963 2524 4016 pag.
2545 3945 2666 4010 150,
2692 3943 3124 4012 ubiimperitiam
3151 3942 3274 4011 ejus
3307 3941 3363 3995 in

143 4037 352 4111 legendis
378 4043 588 4098 Grecis
617 4041 1022 4114 exemplaribus
1043 4049 1098 4095 et
1120 4055 1243 4110 pag.
1269 4039 1390 4104 150,
1429 4040 1520 4094 ubi
1549 4039 1752 4095 Graecae
1790 4039 1990 4108 linguae
2015 4039 2069 4091 in
2098 4037 2530 4107 illoimperitiam
2550 4037 2800 4104 castigat.
2827 4033 3025 4090 Verum
3057 4032 3364 4088 audiendus

141 4150 252 4192 Sine
285 4149 395 4194 erat
424 4137 795 4204 Godofredus,
831 4139 913 4192 vir
942 4137 1078 4194 bene
1109 4139 1306 4192 doctus
1336 4145 1390 4190 et
1414 4137 1601 4192 multis
1650 4135 1968 4190 nominibus
2015 4133 2274 4203 praeclare
2297 4132 2363 4188 de
2386 4131 2580 4188 litteris
2607 4131 2857 4198 meritus,
2889 4131 2980 4200 qui
3015 4129 3071 4184 in
3113 4130 3368 4199 prolego-

143 4235 288 4289 utenis
319 4252 442 4308 pag.
485 4237 555 4290 57
585 4250 708 4305 seq.
741 4233 954 4288 veniam
985 4249 1014 4287 a
1049 4232 1251 4286 lectore
1283 4245 1442 4300 atquo
1477 4230 1580 4284 sibi
1603 4231 1894 4300 pollicetur
1918 4229 2004 4284 his
2033 4228 2214 4284 verbis
2244 4243 2256 4278 :
2295 4226 2430 4280 Νοτὶ
2456 4228 2587 4296 ipse,
2613 4243 2772 4296 quam
2804 4227 2858 4280 in
2883 4225 3065 4279 multis
3090 4235 3368 4280 contextus

139 4325 230 4392 ipse
257 4329 620 4384 iuemendatus
644 4337 818 4390 exeat,
847 4341 1006 4396 quam
1037 4325 1210 4378 multa
1242 4339 1446 4394 quoque
1504 4322 1802 4377 desiderari
1847 4323 2051 4392 possint
2089 4324 2143 4376 in
2173 4323 2343 4390 prima
2383 4323 2480 4373 hac
2517 4321 2968 4390 interpretatione,
2996 4329 3123 4390 quot
3148 4319 3372 4390 denique

143 4422 312 4474 menda
339 4423 528 4492 ubique
553 4421 884 4491 irrepserint.
932 4417 1124 4472 Verum
1156 4427 1204 4470 et
1241 4417 1370 4470 mihi
1392 4425 1442 4470 et
1471 4417 1790 4487 typograplto
1822 4417 2025 4470 veniam
2051 4433 2263 4484 sperare
2289 4416 2430 4479 licet,
2457 4431 2562 4469 non
2589 4431 2694 4467 una
2723 4415 2962 4478 ratione;
2993 4415 3108 4482 ipsa
3142 4414 3373 4483 primum

197 4585 264 4652 (ιι)
295 4585 432 4642 Idem
463 4586 536 4653 Χ,
579 4587 632 4643 6.

201 4656 264 4723 (ὁ)
317 4659 536 4712 I’hotius
567 4675 585 4712 :
624 4659 690 4711 'H
741 4655 798 4728 δὲ
860 4657 1097 4728 inopia,
1144 4655 1254 4728 τῶν
1282 4655 1693 4728 Ααὶρετιζόγτων

143 4727 268 4799 iniu
301 4728 578 4797 ἐγκώμιον
626 4727 794 4799 αὐτῷ,
845 4725 1033 4799 ὥσπέρ
1086 4727 1179 4799 κσξι
1237 4725 1344 4778 τῶν
1380 4725 1694 4799 ’ὀρθοδόξων

141 4795 348 4870 (italia-if
369 4795 464 4870 καί
493 4799 663 4868 ψόγος
692 4795 896 4870 μᾶλλον,
920 4797 952 4868 ἢ
977 4795 1217 4870 iet-topia.
1251 4795 1646 4870 Atqtte'iterutn
1677 4815 1691 4850 :

151 4866 347 4938 Ἰστορεῖ
375 4869 432 4921 δὲ
461 4866 726 4923 τάναντία
761 4866 950 4939 σχεδὸν
971 4866 1142 4939 ἆπαάι
1174 4869 1288 4939 τοῖς
1308 4867 1693 4939 ἐκκλησιαστι-

141 4937 524 5011 κοίςζῈξαίρει
557 4941 685 5002 τοὺς
735 4937 1486 5011 ’ᾼρειανίζονζεας-ἆπανςτας,
1523 4937 1695 5011 leuio-

143 5007 264 5080 piat:
295 5003 481 5066 πὶξύνὲι
509 5012 636 5071 τοὺς
680 5003 1016 5080 ὀρθοδόξους,
1043 5009 1124 5080 κὼς
1154 5003 1294 5080 εἶναι
1323 5009 1420 5078 τὴν
1453 5007 1694 5080 ἱστορίᾳν

141 5079 280 5131 αὑτοῦ
313 5085 385 5153 μὴ
443 5081 688 5148 ἱστορίαν
713 5075 950 5192 prium,
1003 5079 1118 5133 ἀλλ’
1152 5075 1424 5148 ἐγκώμιον
1457 5077 1555 5148 μὲν
1576 5075 1694 5128 ίτῶν

143 5149 405 5192 αἱῦξτῑνιῗιυ
479 5152 648 5192 [Li/Nm:
691 5154 720 5192 ὃ
791 5151 998 5192 vuuth
1049 5151 1144 5192 ναί
1201 5149 1534 5192 κἰττινοηίαν
1585 5146 1694 5192 τῶν

143 5146 426 5224 ᾳὶρεῖιῂῶέθ,
479 5146 648 5221 tie/rimi
691 5146 748 5206 δὲ
791 5151 998 5221 γυμνὸν
1049 5151 1145 5204 καί
1201 5146 1534 5221 κατηγορίαν
1585 5146 1694 5199 τῶν

143 5217 406 5286 ὀρθοδόξων
415 5266 426 5277 .

204 5293 266 5363 (ς)
301 5294 536 5348 Jacobus
563 5293 916 5363 Godofredas,
951 5293 1068 5363 qui,
1097 5291 1152 5346 in
1183 5289 1594 5363 prolegomenis
1625 5290 1692 5344 ad

145 5353 543 5434 Philostorgiutu
569 5365 687 5418 fuse
714 5353 884 5434 atque
904 5353 1132 5434 erudite
1163 5353 1230 5414 de
1277 5353 1691 5434 illuseriptore,

143 5439 188 5503 et
223 5433 284 5486 de
327 5430 447 5503 ejus
481 5430 810 5490 eruditione
848 5435 900 5486 in
941 5432 1090 5503 omni
1139 5444 1338 5501 genere
1383 5430 1690 5503 litterarum

145 5499 371 5568 disserit,
426 5505 562 5573 legit
619 5505 857 5559 ὲτὲλεσσ’
901 5499 1549 5573 d0éou,put_atque,_esse
1576 5501 1694 5568 epi-

145 5583 364 5636 gramma
415 5570 662 5630 hominis
711 5573 986 5636 catholici,
1041 5572 1128 5624 cui
1181 5570 1525 5624 Eunomiano
1569 5585 1696 5638 pro-

145 5641 298 5706 prium
331 5661 561 5701 nomen.
598 5645 702 5699 Sed
734 5643 1104 5700 Godofredum
1147 5641 1347 5694 refellit
1373 5641 1462 5692 Jo.
1523 5639 1696 5694 Pear-

144 5714 492 5840 ἒέιιῖιιιιιιοιὶδ
536 5717 604 5770 ad
636 5715 942 5787 symbolum
991 5711 1356 5784 apostolicum
1397 5727 1522 5781 pag.
1566 5711 1693 5778 509,

177 5797 256 5836 't.
335 5797 522 5840 attnze-

145 5787 256 5838 edit.
291 5787 522 5845 Latium.

356 5885 638 5946 Ρηιιοι..
681 5884 798 5946 Gn.
845 5881 1035 5946 LXV.

1869 4583 1946 4653 (ά)
1983 4580 2122 4653 Hinc
2159 4580 2456 4649 Nicepltoro
2487 4580 2640 4653 audit
2677 4579 2716 4653 _6
2759 4577 3240 4653 Ἐκκλησιαοτικός
3278 4577 3372 4632 lib.

1799 4650 2020 4717 xu,29.
2079 4651 2218 4706 Hist.
2271 4667 2432 4720 quem
2486 4651 2688 4719 alioqui
2730 4659 2988 4720 tanquam
3053 4650 3372 4720 luereticum

1799 4726 1938 4778 solet
1972 4738 2168 4778 vocare
2203 4718 2454 4792 θεομισῆ,
2483 4718 2712 4774 invisum
2748 4721 2878 4784 Deo,
2909 4719 3002 4772 lib.
3041 4734 3081 4780 ι,
3121 4733 3174 4786 p.
3201 4718 3292 4783 55,
3323 4728 3374 4770 et

1797 4793 1892 4846 lib.
1923 4811 2021 4846 vn.
2045 4809 2165 4846 can.
2203 4792 2288 4845 l9.

1823 4795 1892 4848 ib.
1923 4811 2021 4856 vu,
2045 4809 2165 4856 cap.
2203 4795 2288 4845 l9.

1881 4836 1892 4848 .
1923 4811 2021 4856 vu,
2045 4809 2165 4862 cap.
2203 4809 2288 4845 ιθ.

1875 4865 1947 4936 (e)
1981 4863 2116 4918 Vide
2145 4861 2573 4936 bluretiuVarIas
2608 4859 2726 4936 lect.
2763 4855 2872 4936 DE;
2925 4859 3038 4936 ult_..
3065 4857 3370 4936 blenagium

1797 4935 1866 4986 ad
1883 4925 2063 4988 Laert.
2093 4949 2145 5002 p.
2172 4933 2309 4993 9.27;
2343 4931 2593 4986 Vossiutn
2623 4929 2767 5002 Hist.
2796 4927 2966 4982 (ἔναξε.
3000 4929 3064 5002 ll_,
3087 4927 3177 4982 20.
3209 4925 3372 4983 Vetus

1799 4999 2130 5072 epigramma
2159 5003 2298 5072 apud
2335 5002 2454 5056 Jac.
2487 5001 2880 5072 titulol‘redutu.
2907 5016 2960 5068 p.
2993 4999 3084 5052 17:

1797 5068 2121 5146 Γρᾶμματα
2173 5068 2379 5126 δώδεκ’
2433 5073 2556 5139 ἕχει
2607 5070 3086 5146 Φιλοστόργιοςι
3141 5068 3372 5146 offa-opu

1804 5217 2064 5270 Τοῦνεκα
2087 5213 2163 5282 δὴ
2187 5218 2336 5266 κατά
2355 5212 2588 5281 γράμμα
2605 5215 2826 5282 λόγους
2841 5137 3373 5282 ἀνεγράξέςῗῑζόζού-

3137 5296 3297 5346 τους,

1810 5355 1946 5424 Ἀρξ
1951 5354 2168 5423 άμενος
2183 5353 2414 5424 πρώζω)
2435 5354 2560 5424 dm),
2577 5352 2934 5424 ποάμματος,
2948 5349 3049 5405 εἶτ’
3061 5278 3373 5424 ἑιὲἒέἒὲῗῆς

1797 5422 1906 5481 Kal
1929 5422 2026 5479 διὰ
2055 5425 2166 5494 τῆς
2195 5423 2394 5477 αὐτῶν
2415 5422 2609 5492 ἀρχῆς
2641 5422 2744 5477 ἐὸν
2765 5425 2993 5490 οὕνομα
3022 5422 3276 5494 γράψας.

1871 5497 1940 5568 (Ῑ)
1994 5490 2154 5550 Male
2180 5495 2340 5568 1054,
2381 5490 2646 5568 excusttm
2695 5490 3197 5568 ιιι-ξὶιίιις-ιιιιᾙιιιη

1801 5561 2116 5637 scriptarum
2145 5567 2329 5637 eccles.
2365 5575 2498 5620 tom.
2533 5564 2622 5626 IV,
2674 5581 2726 5634 p.
2765 5565 2850 5618 77.
2905 5561 3200 5637 Godofred‘i
3250 5561 3372 5614 llis-

1800 5633 2128 5694 sertatioucs
2187 5639 2244 5691 in
2283 5633 2712 5706 Philostorgium
2764 5637 3082 5706 thesaurum
3143 5633 3373 5706 situ-erm.

1803 5709 1971 5763 totius
2007 5709 2249 5762 historiae
2271 5701 2660 5763 ecclesiasticae
2691 5715 2850 5760 verat
2877 5703 3138 5756 Claudius
3169 5701 3368 5756 Sarra-

1803 5781 1924 5834 vius
1949 5781 2106 5850 epist.
2138 5778 2226 5835 45.

3071 5869 3146 5928 15
