3828 6336
501 339 541 393 ’ό
551 336 620 392 6'5

1861 361 2355 419 'PlllLOSTORGlI

3654 367 3748 426 464

443 528 447 532 ,
499 479 624 540 οξιιε
666 483 982 528 excreverat
1049 484 1220 527 instar
1274 476 1418 529 vasis
1453 476 1722 542 'testacei;
1771 477 2070 547 cujusmodi

2187 481 2386 548 ἄγγους
2441 481 2762 551 όστρακίνου
2809 481 3150 552 ὲκμιμῆσθαι
3205 483 3421 553 σχῆμα,
3470 483 3616 556 ἅπερ
3662 481 3747 542 οὖν

501 580 631 621 vasa
669 565 1019 620 Alexandrini
1064 565 1238 636 patrio
1279 583 1531 623 sermone
1557 567 1822 624 Baucalas
1853 580 2066 626 vocant.

501 657 660 713 llunc
703 659 868 728 igitur
897 659 1298 725 Alexandrum,
1341 678 1465 716 cum
1496 664 1903 726 secundum_ab
1941 666 2072 720 Ario

499 751 678 806 locum
725 750 865 804 inter
907 751 1252 822 presbyteros
1297 753 1598 818 obtineret,
1643 754 1718 808 ait
1775 756 2070 812 simultatis

500 846 640 898 inter
662 844 1026 898 Alexandrum
1047 847 1360 914 episc0pum
1381 859 1435 901 et
1458 848 1647 901 Arium
1677 864 1899 903 causam
1926 866 2070 920 pra:-

499 935 712 999 buisse,
759 943 814 990 et
865 936 1344 993 consubstantialis
1401 939 1839 1008 praedicationem
1889 942 1957 995 ab
2005 958 2072 997 eo

494 1037 738 1096 tempore
760 1027 1114 1096 excogitatam
1141 1029 1330 1083 fuisse.

568 1120 620 1172 5.
658 1118 1002 1174 Constantius
1047 1120 1293 1176 Cltlorus.
1347 1153 1412 1163 -
1454 1122 1843 1188 Constantius,
1894 1124 2070 1194 Magni

494 1212 840 1268 Constantini
869 1222 1040 1282 pater,
1072 1215 1144 1268 ob
1168 1214 1423 1268 eximiam
1477 1214 1876 1282 fortitudinem,
1911 1227 1970 1271 ut
1998 1218 2074 1271 ait

494 1302 921 1374 Philostorgius,
966 1305 1265 1374 superioris
1313 1305 1538 1362 Galatia:
1575 1308 1627 1361 itt
1670 1324 1778 1377 qua
1814 1319 1940 1364 sunt
1977 1311 2072 1363 Al—

495 1410 620 1463 pes,
676 1395 970 1464 imperator
1006 1395 1350 1450 renuntiatus
1393 1405 1496 1450 est.
1547 1395 1670 1451 llaec
1725 1406 1904 1451 autem
1954 1398 2073 1454 loca

495 1502 718 1541 accessu
768 1485 1005 1541 diliicilia
1051 1499 1180 1547 sunt
1223 1497 1276 1540 et
1318 1487 1598 1556 impervia.
1629 1488 1798 1542 Porro
1827 1489 1941 1543 haec
1982 1505 2074 1544 su-

494 1578 679 1647 perior
732 1578 940 1632 Galatia
1005 1593 1150 1632 nunc
1197 1592 1228 1631 a
1296 1576 1558 1632 Romanis
1601 1578 1774 1633 Callia
1823 1589 2068 1635 vocatur.

494 1670 643 1725 Mors
689 1679 871 1724 autem
923 1669 1227 1724 Constantii
1259 1670 1486 1740 contigit
1541 1672 1595 1724 in
1639 1670 1906 1736 Britania,
1953 1688 2073 1742 quae

495 1764 742 1820 Albionis
783 1763 957 1818 insula
1001 1763 1131 1815 olim
1179 1761 1478 1816 dicebatur.
1522 1762 1634 1816 Illic
1675 1761 2072 1818 Constantinus

2181 569 2464 632 Βαυκάλας
2508 571 2817 642 ἐπιχωρίως
2862 572 3227 644 Ἀλεξανδρεῖς
3271 573 3525 628 εἰώθασιν
3559 576 3748 646 ὀνομά-

2181 661 2312 725 ζειν.
2345 661 2543 714 Τοῦτόν
2579 679 2710 732 φησι
2752 662 2849 734 τὴν
2898 664 3156 737 δευτέραν
3199 666 3349 738 τάξω
3381 669 3500 736 μετ’
3539 669 3748 741 Ἀρειον

2180 753 2391 823 ἔχοντα.
2442 753 2602 824 ἄρξαι
2629 755 2729 823 τῆς
2756 755 2958 818 αἰτίας,
2991 757 3048 822 ἐξ
3073 753 3142 828 ἧς
3173 759 3205 826 ἡ
3234 758 3466 828 διαφορά
3504 759 3748 826 Ἀλεξάν-

2179 845 2290 917 δρῳ
2329 843 2407 914 τῷ
2451 845 2734 915 ὲπισκόπῳ
2769 847 2863 898 καὶ
2901 847 3093 916 Ἀρείῳ
3141 847 3471 917 συνερῤάγη,
3518 847 3616 900 καὶ
3658 849 3748 919 τὴν

2179 934 2272 988 τοῦ
2302 937 2584 1006 όμοουσίου
2607 927 2941 1008 ἀνακῆρυξιν
2971 937 3181 990 ἐκεῖθεν
3207 938 3679 1009 ἐπιτεχνασθῆναι.

2251 1123 2309 1168 ε’.
2356 1116 2499 1181 Ὅτι,
2530 1117 2682 1185 φησὶ,
2714 1115 3092 1180 Κωνστάντιος
3137 1119 3166 1169 6
3215 1117 3302 1170 τοῦ
3340 1119 3575 1187 μεγάλου
3607 1118 3749 1172 Κων-

2182 1209 2457 1261 σταντίνου
2511 1208 2694 1278 πατὴρ
2742 1210 2862 1261 κατ’
2893 1208 3260 1279 ἀνδραγαθίαν
3298 1209 3407 1262 τῶν
3444 1212 3555 1264 ἄνω
3582 1212 3620 1262 Γ
3623 1212 3748 1263 αλα-

2177 1298 2328 1360 τιῶν,
2365 1300 2422 1350 ὲν
2470 1293 2557 1362 αἷς
2599 1303 2692 1352 καὶ
2730 1301 2787 1351 ai
2835 1299 3167 1369 καλούμεναι
3200 1300 3446 1363 Ἀλπεις,
3504 1301 3746 1370 βασιλεὺς

2179 1391 2492 1462 ἀπεδείχθη.
2525 1392 2841 1463 Δυσέμὸολα
2878 1394 2936 1446 δὲ
2979 1393 3048 1445 τὰ
3093 1394 3268 1464 χωρία
3305 1394 3480 1448 ταῦτα
3508 1396 3601 1448 καὶ
3630 1395 3748 1447 δυσ-

2181 1483 2450 1554 πρόσοδα·
2485 1484 2583 1546 τὰς
2617 1484 2673 1536 δὲ
2715 1483 2982 1548 Γαλατίας
3008 1485 3058 1536 οί
3086 1485 3182 1537 νῦν
3223 1483 3453 1546 Γαλλίας
3489 1485 3746 1554 ὲπονομά·

2181 1571 2465 1636 ζουσιν.”Η
2513 1573 2569 1626 δὲ
2617 1573 2843 1643 τελευτὴ
2876 1576 3256 1632 Κωνσταντίου
3289 1575 3432 1628 κατά
3460 1577 3747 1646 Βρετανίαν

2180 1665 2392 1733 γέγονε,
2441 1666 2540 1738 τὴν
2583 1666 2896 1730 Ἀλουῖωνος
2943 1668 3411 1741 καλουμένην.Ἑν
3525 1670 3619 1743 καὶ
3661 1687 3746 1721 νο-

2183 1758 2377 1812 σοῦντα
2407 1759 2729 1812 καταλαϐὼν
2763 1760 2924 1812 αὑτὸν
2965 1762 3375 1823 Κωνσταντίνος
3404 1764 3431 1813 6
3464 1764 3614 1824 παῖς,
3653 1779 3746 1828 qu-

495 1864 620 1926 post
651 1855 850 1909 vitatas
891 1854 1119 1908 feliciter
1161 1851 1481 1907 Diocletiani
1524 1853 1781 1919 insidias,
1823 1869 1948 1908 cum
1982 1871 2070 1924 pa-

2187 1849 2286 1918 γὼν
2321 1849 2640 1920 παραδόξως
2679 1849 2776 1920 τὴν
2817 1850 3110 1921 ἐπιϐουλὴν
3137 1851 3540 1922 Διοκλητιανοῦ,
3571 1854 3745 1906 τελευ-

495 1959 634 2004 trem
668 1957 1016 2019 aegrotantem
1066 1933 1390 2015 reiperisset,
1426 1962 1552 2001 eum
1587 1947 1739 2001 brevi
1781 1958 1904 2016 post
1933 1963 2079 2002 mor-

498 2051 652 2095 tuum
701 2041 996 2109 sepultura:
1054 2038 1372 2104 mandavit,
1411 2054 1474 2093 ac
1519 2054 1646 2093 mox
1696 2039 1911 2109 imperii
1953 2055 2079 2095 suc-

496 2149 683 2188 cessor
717 2132 893 2187 factus
920 2140 1022 2186 est.

563 2225 619 2280 6.
647 2222 996 2279 Constantino
1023 2221 1215 2292 Magno
1244 2238 1376 2276 crux
1392 2231 1617 2277 ostensa.
1637 2251 1708 2264 —-
1725 2222 1956 2278 Causam
1981 2239 2079 2278 Cur

493 2315 895 2371 Constantinus
929 2314 1156 2385 Magnus
1203 2330 1236 2368 a
1265 2315 1547 2384 gentilium
1580 2317 1970 2385 superstitione
2008 2318 2077 2371 ad

494 2407 859 2463 Christianam
921 2406 1238 2475 religionem
1299 2406 1612 2471 transierit,
1679 2404 2078 2478 Philostorgius

492 2500 718 2568 perinde
760 2515 824 2554 ac
863 2499 1056 2569 reliqui
1119 2514 1310 2554 omnes
1376 2499 1450 2552 ait
1490 2497 1657 2554 fuisse
1694 2500 1976 2555 victoriam
2013 2503 2078 2556 de

493 2591 785 2647 Maxentio.
803 2589 862 2644 In
879 2607 987 2660 qua
1015 2591 1195 2645 crucis
1214 2591 1431 2661 signum
1457 2590 1636 2644 visum
1660 2601 1745 2646 est
1767 2595 1819 2645 in
1835 2590 2075 2656 Oriente,

494 2682 814 2753 longissime
879 2689 1240 2752 protensutn,
1301 2681 1421 2735 lucc
1476 2674 1713 2750 qua-dam
1769 2683 2076 2736 admirabili

493 2789 613 2828 eam
635 2773 990 2843 depingente,
1023 2781 1077 2826 et
1119 2772 1292 2827 stellis
1344 2771 1586 2842 undique
1623 2773 1767 2827 circa
1804 2789 1925 2828 eam
1958 2789 2079 2827 cur-

495 2866 744 2920 rentibus
773 2865 944 2919 instar
990 2865 1234 2920 cmlestis
1283 2879 1478 2926 arcus,
1527 2873 1580 2918 et
1621 2863 1924 2919 litterarum
1965 2865 2078 2918 for-

494 2973 642 3012 mam
675 2957 1130 3027 exprimentibus.
1164 2956 1336 3012 Porro
1368 2956 1564 3010 littera:
1602 2955 1799 3011 Latino
1822 2971 2077 3012 sermone

493 3051 609 3104 haec
640 3050 802 3102 verba
827 3048 1222 3117 designabant:
1255 3047 1320 3100 In
1345 3047 1441 3099 hoc
1471 3047 1634 3101 vince.

568 3141 618 3194 7.
645 3139 845 3195 Contra
869 3139 1056 3193 Arium
1089 3148 1255 3210 gesta.
1285 3165 1356 3183 -ι-
1389 3139 1479 3192 Ait
1513 3137 1929 3208 l’ltilostorgius,
1951 3149 2078 3194 ante

2178 1941 2357 1994 τῶντα
2405 1941 2685 2008 ἐκήδευσε,
2722 1942 2818 1995 καὶ⁸
2862 1943 2961 2010 τῆς
3014 1943 3290 2013 βασιλείας
3319 1945 3556 2014 κατέστη
3585 1945 3746 1999 διάδο-

2179 2048 2293 2101 χος.

2252 2219 2326 2276 ς’.
2371 2212 2492 2265 Ὅτι
2541 2213 2641 2284 τὴν
2689 2211 2783 2265 τοῦ
2817 2213 3052 2284 μεγάλου
3087 2216 3500 2269 Κωνσταντίνου
3529 2217 3748 2286 μεταδορ

2179 2303 2274 2375 λὴν
2299 2305 2363 2356 ὲκ
2391 2303 2492 2372 τῆς
2535 2304 2835 2375 Ἑλληνίδος
2869 2305 3164 2377 θρησκείας
3197 2311 3276 2371 εἰς
3318 2310 3409 2362 τὸν
3443 2312 3748 2382 Χριστιανι-

2182 2393 2316 2464 σμὸν
2366 2394 2462 2447 καὶ
2503 2389 2658 2458 οὗτος
2698 2398 2809 2458 τοῖς
2832 2396 3019 2464 ,ἄλλοις
3048 2398 3122 2468 (5)
3152 2399 3544 2470 φθεγγόμενος.
3578 2406 3746 2456 αἰτίαν

2179 2483 2432 2552 γενέσθαι
2456 2484 2763 2554 ἀναγράφει
2790 2484 2886 2555 τὴν
2916 2486 3056 2539 κατὰ
3082 2487 3386 2552 Μαξεντίου
3422 2492 3601 2561 νίκην.
3621 2494 3745 2546 Καθ’

2179 2577 2245 2648 ἣν
2292 2578 2388 2631 καὶ
2429 2578 2492 2630 τὸ
2519 2577 2614 2630 τοῦ
2647 2578 2881 2648 σταυροῦ
2931 2583 3153 2649 σημεῖον
3192 2581 3333 2634 κατὰ
3367 2584 3631 2646 ἀνατολὰς

2183 2671 2446 2740 μήκιστον
2489 2669 2646 2739 ὦφθη
2688 2669 2894 2741 διῆκον,
2927 2672 3118 2743 αἴγλης
3151 2674 3309 2726 αὑτὸν
3352 2677 3748 2747 καταπληττοςὲ-

2183 2779 2281 2834 σης
2321 2762 2757 2834 διατυπουμένης
2794 2764 2892 2834 (6),
2943 2764 3037 2818 καὶ
3081 2765 3324 2838 ἀστέρων
3370 2771 3534 2823 αὐτὸν
3577 2772 3747 2841 κύκλῳ

2180 2853 2574 2926 περιθεόντων,
2627 2855 2788 2929 ἴριδος
2836 2856 3040 2927 τρόπῳ,
3093 2859 3187 2910 καὶ
3234 2860 3372 2928 πρὸς
3417 2866 3746 2932 γραμμάτων

2179 2945 2504 3016 χαρακτῆρα
2532 2945 2944 3017 ῥυθμιζομένων
2959 2964 2972 2976 ·
2994 2948 3064 3001 τὰ
3085 2949 3140 3001 δὲ
3165 2948 3271 3019 ἄρα
3295 2951 3584 3022 Ῥωμαίων
3608 2953 3748 3018 ἔλεγε

2180 3038 2330 3106 φωνῇ
2357 3052 2371 3065 ·
2420 3037 2516 3088 Ἑν
2543 3037 2732 3102 τούτῳ
2769 3038 2929 3090 νίκα.

2253 3127 2318 3190 ζ’.
2361 3129 2484 3182 ’Ότι
2517 3131 2610 3182 καὶ
2639 3131 2744 3201 πρὸ
2768 3130 2868 3200 τῆς
2900 3132 2958 3182 ὲν
2981 3130 3185 3201 Νικαίᾳ
3217 3132 3460 3198 συνόδου,
3491 3127 3644 3198 οὗτος
3665 3135 3746 3186 τὸν

493 3233 760 3303 synodum
803 3229 1101 3293 Niczenam,
1154 3230 1522 3284 Alexandrum
1569 3230 1910 3285 Alexandria:
1954 3231 2070 3299 epi-

2189 3221 2594 3292 Ἀλεξανδρείας
2638 3224 2800 3293 φησὶν
2850 3221 3194 3294 Ἀλέξανδρον
3239 3225 3615 3280 καταλαϐόντα
3651 3228 3747 3296 τὴν

495 3339 748 3393 scopum,
789 3339 914 3378 cum
965 3322 1203 3377 venisset
1241 3319 1645 3388 Nicomediam,
1683 3331 1737 3377 et
1767 3323 2074 3376 collocutus

493 3427 783 3472 t-ssetcum
827 3415 956 3470 Osio
994 3416 1369 3478 Cordubensi,
1411 3416 1647 3486 aliisque
1674 3415 1948 3485 episcopis
1980 3415 2075 3484 qui

497 3523 602 3561 una
631 3523 752 3561 cum
795 3507 888 3561 illo
917 3516 1104 3570 erant,
1136 3505 1430 3574 perfecisse
1473 3517 1532 3561 ut
1564 3506 1808 3578 synodali
1860 3515 2076 3560 senten-

497 3598 567 3649 ti:t
618 3595 814 3651 Filium
866 3595 1014 3650 Patri
1055 3595 1578 3650 consubstantialem
1607 3610 1728 3650 esse
1755 3595 2075 3665 proﬁteren-

495 3697 605 3749 tur.
635 3699 690 3744 et
717 3689 902 3743 Arium
931 3705 960 3743 a
995 3690 1377 3744 communione
1404 3696 1768 3743 removerent.

564 3781 617 3836 8.
672 3781 781 3836 Nec
826 3781 995 3835 multo
1043 3790 1165 3850 post
1210 3789 1591 3851 congregatam
1638 3795 1760 3835 esse
1807 3780 2075 3852 synodum

493 3872 636 3942 apud
666 3871 935 3938 Nicaeam;
973 3874 1062 3927 cui
1099 3884 1294 3943 praeter
1325 3874 1565 3943 reliquos
1592 3873 1868 3928 antistites
1908 3873 2078 3928 Basi-

494 3964 614 4019 leus
663 3964 898 4018 Amasite
926 3964 1250 4035 episcopus,
1286 3974 1340 4020 et
1367 3964 1614 4020 Meletius
1654 3963 2076 4035 SebastOpoleos

496 4052 878 4108 interfuerunt.

565 4144 619 4198 9.
640 4142 866 4197 Fatetur
895 4145 1060 4198 etiam
1076 4144 1483 4218 Philostorgius
1499 4189 1514 4213 ,
1533 4157 1762 4202 cunctos
1782 4147 2072 4217 episc0pos

495 4236 824 4307 expositioni
867 4237 988 4292 fidei
1015 4253 1139 4308 qua:
1170 4237 1362 4292 Nicaeae
1394 4238 1536 4294 facta
1567 4248 1680 4304 est,
1701 4240 2071 4302 consensisse,

2176 3314 2562 3386 Νικομήδειαν,
2595 3315 2689 3367 καὶ
2717 3316 2879 3385 Ὀσίῳ
2904 3332 2963 3368 τε
2992 3314 3067 3385 τῷ
3095 3316 3440 3388 Κουδρούὸης
3467 3321 3748 3389 ἐντυχόντα

2177 3409 2272 3462 καὶ
2316 3412 2429 3470 τοῖς
2475 3409 2571 3460 σὺν
2623 3407 2771 3478 αὐτῷ
2817 3409 3168 3473 ἐπισκόποις,
3213 3410 3517 3474 συνοδικαῖς
3557 3412 3748 3482 ψήφοις

2175 3500 2571 3572 ἀνομολογῆσαι
2595 3502 3014 3570 παρασκευάσαι
3047 3501 3329 3570 ὀμοούσιον
3353 3501 3431 3572 τῷ
3463 3504 3635 3573 Πατρὶ
3659 3503 3745 3555 τὸν

2178 3593 2326 3656 Υίδν,
2362 3593 2570 3646 καὶτὸν
2609 3593 2826 3663 Ἀρειον
2859 3591 3330 3662 ἀποκηρύξασθαι.

2251 3778 2318 3843 η’.
2361 3771 2494 3823 Μετ’
2522 3771 2582 3823 οὐ
2615 3770 2782 3823 πολὺν
2807 3770 2863 3822 δὲ
2890 3770 3080 3842 χρόνον
3109 3770 3206 3822 καὶ
3233 3770 3329 3840 τὴν
3355 3771 3412 3822 ἐν
3443 3771 3645 3840 Νικαξᾳ
3666 3789 3745 3823 συ-

2179 3865 2370 3934 στῆναι
2389 3864 2628 3930 σύνοδον,
2646 3857 2754 3937 ὲνῇ
2781 3863 2916 3934 μετὰ
2946 3863 3052 3915 τῶν
3079 3863 3253 3917 ἄλλων
3275 3865 3576 3935 ἀρχιερέων
3597 3865 3741 3924 Θεοῦ,

2177 3960 2271 4013 καὶ
2303 3959 2539 4012 Βασιλέα
2567 3960 2658 4012 τὸν
2701 3959 2997 4030 Ἀμασείας
3031 3959 3326 4012 ἐπίσκοπον
3358 3959 3434 4025 (7)
3479 3964 3741 4030 παρεῖναι,

2177 4053 2274 4106 καὶ
2305 4052 2567 4106 Μελέτιον
2599 4053 2690 4105 τὸν
2723 4052 3208 4116 Σεϐαστουπόλεως
3241 4052 3336 4122 (8).

2249 4145 2314 4198 θ’.
2362 4145 2481 4196 Ὅτι
2519 4146 2616 4198 καὶ
2642 4145 2804 4208 αὐτὸς
2837 4145 3188 4215 συνομολογεί
3218 4147 3424 4210 πάντας
3447 4148 3744 4218 ὁμοφρονῆ-

2183 4255 2271 4290 σαι
2308 4234 2386 4306 τῷ
2410 4238 2467 4290 ὲν
2499 4237 2702 4309 Νικαίᾳ
2732 4239 2826 4309 τῆς
2861 4238 3095 4302 πίστεως
3127 4239 3256 4308 ὅρῳ,
3287 4239 3422 4310 πλὴν
3457 4240 3745 4294 Σεκούνδου

1718 4407 1959 4451 VALESII
2001 4407 2498 4452 ANNOTATIONES.

496 4563 606 4599 νον.
643 4542 798 4598 Certe
826 4543 878 4598 in
906 4541 1091 4596 codice
1114 4541 1452 4598 Scoriaccnsi
1471 4545 1742 4615 scriptum
1766 4554 1850 4599 est
1879 4545 2064 4598 αὐτοῦ.

2187 4546 2520 4600 scribendum
2552 4544 3031 4615 καταπληκτικῶς.

496 4619 552 4668 ιιι
585 4617 956 4684 manuscripto
981 4624 1158 4667 autem
1189 4614 1482 4683 exemplari
1508 4615 1778 4673 Samuelis
1813 4615 2062 4669 Bocltarti

494 4685 752 4742 scribitur
785 4685 953 4753 αὐτῆς
983 4685 1376 4755 ὲσωρευμένον,
1403 4684 1690 4739 manifesto
1713 4701 1851 4737 verae
1878 4686 2062 4739 lectio-

492 4758 581 4811 nis
609 4757 852 4824 vestigio.
879 4755 1048 4808 Porro
1081 4756 1162 4808 his
1184 4755 1363 4808 verbis
1397 4755 1603 4808 indicat
1639 4755 2062 4825 Philostorgius,

493 4827 640 4880 hunc
673 4825 1042 4879 Alexandrum
1075 4825 1408 4895 babuissein
1435 4827 1600 4879 dorso
1628 4827 1918 4895 quamdam
1945 4841 2066 4878 car-

494 4898 580 4950 nis
628 4896 1059 4960 exuberantiam,
1113 4910 1275 4964 quam
1319 4894 1526 4949 Gallico
1578 4894 1830 4948 sermone
1881 4897 2064 4962 lupam

495 4981 774 5028 vocamus,
807 4982 872 5020 ex
925 4965 1286 5034 quorumdam
1339 4967 1770 5034 perspicillorutn
1811 4965 2067 5019 similitu-

494 5036 640 5093 dine.
676 5051 797 5104 qua:
839 5037 1005 5104 figura
1064 5051 1301 5089 convexa
1356 5036 1688 5090 fabricantur
1725 5052 1755 5089 e
1799 5038 1960 5097 vitro,
1995 5037 2064 5089 ad

495 5104 600 5158 hoc
633 5114 692 5156 ut
735 5104 925 5159 litterae
953 5105 1188 5168 majores
1227 5114 1280 5159 et
1315 5106 1676 5159 evidentiores
1721 5107 2066 5173 conspician-

496 5184 604 5226 tur.
637 5174 816 5246 Quare
865 5175 920 5227 in
949 5174 1054 5229 hoc
1095 5175 1215 5230 loco
1248 5176 1464 5229 mallem
1515 5177 1754 5230 scribere
1785 5176 1924 5246 ὑπὲρ
1955 5176 2064 5228 τῶν

497 5243 868 5312 μεταφρένων.

566 5313 643 5381 (5)
684 5311 807 5384 Καί
837 5311 1012 5378 οὗτος
1039 5313 1163 5380 τοῖς
1194 5313 1425 5384 ἆλλρις.
1460 5314 1828 5384 Supplendum
1859 5325 1942 5368 est
1970 5315 2065 5368 ad-

491 5378 737 5455 verbium
795 5383 897 5436 ltoc
930 5385 1095 5455 _modo
1140 5378 1236 5436 καὶ
1283 5378 1434 5447 οὗτος
1482 5378 1681 5455 ὁμοίως
1717 5389 1828 5449 τοῖς
1883 5386 2063 5449 ἄλλοις

495 5454 886 5521 φθεγγόμενος.
930 5452 1197 5521 lnterpres
1237 5455 1340 5508 hoc
1388 5452 1692 5509 loco‘suam
1727 5456 1927 5509 Graeca:
1958 5457 2062 5508 lin-

495 5539 614 5590 git-.2
669 5523 992 5594 imperitiam
1046 5526 1180 5579 satis
1231 5525 1484 5594 prodidit,
1521 5535 1632 5580 tum
1683 5527 1738 5580 itt
1792 5527 2059 5593 versione,

493 5603 610 5648 tum
646 5593 699 5646 iu
731 5593 1210 5649 Annotationibus.

565 5663 641 5734 (6)
670 5661 1221 5731 Καταπληττούσης
1255 5665 1749 5735 διατυπουμένης.
1770 5665 1949 5734 Inepta
1979 5675 2063 5722 est

492 5733 686 5788 borum
720 5735 950 5788 duorum
996 5737 1406 5804 participiorum
1453 5733 1784 5803 coniunctio.
1831 5733 2061 5792 Proinde

489 5814 587 5858 aut
619 5806 770 5872 prius
801 5805 930 5860 illud
960 5805 1306 5876 participium
1346 5807 1635 5864 delendum
1669 5816 1773 5874 est,
1797 5818 1890 5863 aut
1913 5817 2059 5864 certe

2250 4615 2624 4688 (7)713a0'51éa
2663 4615 2769 4670 τὸν
2802 4617 3115 4688 Ἆμᾳσείας
3166 4618 3522 4675 ἐπίσκοπον.
3576 4617 3744 4688 Hujus

2177 4687 2428 4758 meminit
2473 4686 2863 4758 Constantinus
2912 4687 3457 4758 Porpltyrogennetus
3510 4691 3566 4743 in
3614 4686 3744 4744 libro

2176 4758 2351 4824 primo
2383 4756 2456 4809 De
2503 4757 2838 4816 tltematibus.
2881 4758 3054 4826 capite
3099 4756 3356 4822 seettndo,
3391 4759 3476 4813 his
3516 4762 3740 4815 verbis:

2171 4826 2427 4900 Φαίδιμός
2456 4843 2514 4900 τε
2544 4827 2572 4878 6
2614 4827 2929 4900 Ἀμασείας,
2958 4827 3050 4879 καὶ
3077 4827 3334 4900 Βασιλεὺς
3364 4831 3390 4881 6
3428 4830 3694 4900 ἀοίδιμος,
3721 4832 3744 4881 ὁ

2173 4898 2266 4949 ἐπὶ
2299 4897 2569 4969 Λικινίνου
2604 4899 2980 4969 μαρτυρήσας,
3007 4909 3112 4951 etc.
3147 4898 3246 4952 Ubi
3273 4901 3539 4969 interpres
3578 4897 3743 4968 regem

2174 4968 2335 5020 vertit
2377 4967 2528 5035 gravi
2571 4937 3075 5025 erro‘rezriias’il’eus
3115 4971 3259 5022 enim
3297 4937 3564 5022 dlce'ndus
3613 4937 3743 5028 eant,

2172 5038 2312 5090 sicut
2341 5038 2560 5089 ’tlicitur
2607 5038 2657 5108 in
2713 5037 2973 5091 Chronico
3033 5037 3295 5093 Eusebii:
3349 5037 3745 5108 Pliilostorgius

2171 5108 2390 5179 quidem
2445 5108 2591 5179 ltunc
2625 5106 2896 5179 Basileum
2947 5109 3261 5164 interfuisse
3303 5111 3494 5163 scribit
3539 5106 3744 5179 synodo

2171 5175 2419 5248 Maenia.
2458 5174 2658 5248 verum
2705 5177 2898 5245 reliqui
2941 5193 3131 5232 omnes
3179 5181 3326 5232 illum
3370 5174 3746 5248 persecutione

2172 5246 2706 5320 Liciniiexstinctum
2737 5262 2857 5302 esse
2871 5251 3237 5313 consentiunt,
3262 5246 3494 5320 quorum
3528 5260 3744 5304 sentcn—

2170 5318 2261 5370 tiae
2295 5317 2466 5369 libens
2501 5315 2720 5370 accedo.

2241 5385 2317 5456 (8)
2351 5386 2459 5439 Καὶ
2497 5388 2787 5438 Μελέτιον
2814 5386 2922 5440 τὸν
2952 5389 3504 5454 Σεϐαστουπόλεως.
3541 5389 3620 5444 De
3649 5389 3746 5442 hoc

2168 5455 2384 5509 Melctio
2415 5458 2536 5509 vide
2563 5472 2682 5525 quae
2716 5459 2891 5510 notavi
2918 5461 2981 5511 ad
3013 5461 3207 5512 librum
3235 5475 3304 5512 vn
3358 5459 3747 5513 Ecclesiastiw

2169 5526 2403 5597 (ustor-iw
2431 5525 2646 5580 Eusebii
2679 5526 2941 5595 Pamphili
2979 5544 3098 5597 cap.
3133 5531 3200 5583 52
3230 5547 3244 5584 :
3279 5531 3546 5597 interpres
3600 5528 3740 5583 enim

2169 5595 2537 5668 Pltilostorgii,
2571 5598 2694 5667 quis
2719 5607 2860 5668 esset
2889 5598 2974 5652 hic
3005 5595 3248 5654 Mcletius
3275 5595 3564 5668 ignoravit,
3596 5612 3743 5651 eum-

2169 5683 2272 5742 que
2309 5683 2432 5742 cum
2469 5667 2682 5742 Meletio
2714 5667 3013 5742 Sebasteno
3045 5673 3134 5740 qui
3181 5667 3368 5742 postea
3403 5669 3744 5725 Antiochen-

2169 5737 2244 5792 sis
2274 5738 2561 5808 episcopus
2586 5736 2708 5806 fuit,
2736 5737 3002 5794 confudit.
