3828 6312
100 293 214 355 ίΰῦ

1147 288 1712 348 ΕΟΕιΕδΙΑΞΤΙΟᾸΞ
1752 287 2103 344 HISTORIA?
2144 289 2271 346 LIB.
2314 291 2380 348 ιι

3264 293 3390 350 l-Mi7

88 409 182 463 τοῦ
232 407 626 476 Πτολεμαΐδος,
657 403 702 474 ᾧ
749 407 845 460 καὶ
897 407 1047 460 Θέων
1089 409 1118 461 ὁ
1165 409 1263 479 τῆς
1301 409 1669 480 Μαρμαρικῆς

1782 413 1999 474 excepto
2044 403 2294 462 Secundo
2313 405 2664 463 Ptolemaidis
2680 407 3122 477 episcopo,quem
3145 417 3370 465 secutus

88 497 480 567 ἠκολούθησεν.
507 497 579 549 Τὸ
604 496 661 550 δὲ
698 497 824 550 ἄλλο
863 499 1048 564 στῖφος
1085 495 1195 548 τῶν
1235 496 1522 566 Ἀρειανῶν
1575 497 1675 564 ἐφ-

87 591 262 659 όρων,
303 587 567 651 Εὐσέἦιὸς
605 604 662 640 τε
683 629 696 652 ,
738 589 910 658 φημὶ,
945 590 974 642 ὁ
1003 587 1371 658 Νικομηδείας
1390 630 1404 653 ,
1433 587 1493 640 ὃν
1520 579 1676 650 οὗτος

85 678 385 743 ἁποθεάζει
421 680 619 750 μέγαν,
650 681 744 733 καὶ
778 680 1004 748 Θέογνις
1024 681 1053 732 ὁ
1083 678 1340 743 Νικαίας,
1378 680 1470 733 καὶ
1494 681 1673 750 Μάρις

85 776 113 826 ο
143 771 517 841 Καλχηδόνος,
548 773 642 824 καὶ
675 773 708 842 ἡ
739 771 875 841 ἄλλη
904 771 1138 840 φάλαγξ,
1164 771 1300 842 πρὸς
1323 772 1422 841 τὴν
1456 771 1675 824 σύνοδον

88 863 428 932 μετετάξατο
446 881 457 893 ’
487 863 624 933 δόλῳ
655 863 770 933 μὲν,
796 863 890 916 καὶ
916 857 1071 926 οὗτός
1095 879 1248 932 φησι,
1281 861 1375 915 καὶ
1395 862 1456 917 τὸ
1476 861 1673 933 δμοού-

87 971 201 1006 σιον
237 954 319 1023 (a)
368 956 427 1007 ὲν
456 958 522 1025 τῇ
558 953 653 1006 τοῦ
699 954 986 1025 δμοουσίου
1030 956 1180 1024 φωνῇ
1228 954 1668 1023 ὑποκλέψαντες·

85 1047 226 1116 πλὴν
252 1063 320 1112 γε
350 1049 682 1116 συμφρονεῖν
719 1048 832 1108 τοῖς
859 1045 1152 1110 συνοδικοῖς
1165 1047 1510 1117 ψηφίσμασιν
1543 1047 1675 1100 ἁνα-

82 1138 409 1208 δεξαμενοι,
479 1139 900 1201 Κωνσταντίνας
954 1139 1056 1209 τῆς
1112 1137 1206 1192 τοῦ
1260 1140 1670 1192 Κωνσταντίνου

87 1233 358 1300 βασιλέως
383 1233 620 1302 ἀδελφῆς
654 1233 1094 1303 εἰσηγησαμένης
1123 1233 1305 1296 αὐτοῖς
1331 1233 1429 1304 τὴν
1450 1234 1527 1298 εἰς
1551 1230 1672 1286 τοῦ·

84 1339 142 1375 το
172 1323 522 1392 παραίνεσιν.

150 1507 205 1553 ι’.
246 1500 417 1568 Λέγει
458 1499 515 1552 δὲ
545 1500 641 1553 καὶ
671 1499 962 1553 Σεκοῦνδον
993 1500 1451 1572 ὑπεροριζὸμενον
1497 1503 1671 1556 εἰπεῖν

83 1594 222 1663 πρὸς
258 1593 545 1646 Εύσέῦιον*
582 1592 828 1654 Εύσέϐιε,
877 1594 1218 1665 ὑπέγραψας,
1264 1595 1351 1648 ἵνα
1386 1594 1459 1665 μὴ
1497 1593 1670 1667 ἐξορι-

82 1681 237 1751 σθῇς.
277 1681 534 1734 Πιστεύω
561 1681 638 1752 τῷ
664 1681 802 1752 Θεῷ,
835 1682 901 1735 δι’
931 1683 1178 1737 ἐνιαυτοῦ
1223 1701 1283 1736 σε
1329 1684 1410 1737 δεῖ
1438 1685 1668 1756 ἀχθήσε-

83 1771 206 1825 σθαι
257 1773 633 1844 ἀπαγόμενον.
674 1775 782 1826 Καὶ
823 1774 1104 1843 γεγονέναι
1155 1775 1236 1846 τῷ
1289 1777 1534 1848 Εὑσεσίῳ
1579 1777 1670 1831 τὸν

82 1861 517 1935 ἐξοστρακισμὸν
565 1866 702 1935 μετὰ
740 1866 916 1937 μῆνας
963 1868 1070 1920 ἀπὸ
1109 1868 1209 1939 τῆς
1251 1869 1469 1923 συνόδου
1498 1874 1669 1942 τρεῖς,

82 1955 225 2009 καθα
270 1957 366 2009 καὶ
412 1956 703 2020 Σεκοῦνδος
747 1962 998 2030 προεῖπε,
1040 1962 1176 2032 πρὸς
1219 1963 1318 2034 τὴν
1369 1963 1502 2016 ἰδίαν
1531 1963 1672 2017 κατὰ

81 2047 141 2100 τὺ
180 2049 468 2118 προφανὲς
495 2050 752 2104 ἀσέὅειαν
777 2051 1248 2125 ἁνα[σ]τρέψαντι.

359 2251 457 2303 ΕΚ
492 2251 630 2304 ΤΗΣ
665 2252 1020 2305 ΔΕΥΤΕΡΑΣ
1057 2255 1390 2309 ΙΣΤΟΡῘΑΣ.

152 2373 224 2420 α’.
242 2366 372 2419 Ὀτι
395 2367 425 2418 ὁ
449 2363 776 2436 φιλοψευδὴς
799 2358 953 2430 οὗτος
977 2367 1402 2438 Κακοστόργιος,
1422 2368 1558 2438 μετὰ
1571 2370 1671 2441 τὴν

81 2456 473 2528 οἰκουμενικὴν
507 2457 744 2519 σύνοδον,
777 2459 870 2511 καὶ
902 2459 998 2530 τὴν
1026 2461 1088 2511 ὲκ
1119 2459 1385 2530 προδήλου
1405 2461 1512 2514 τῶν
1544 2463 1671 2533 περὶ

83 2548 173 2600 τὸν
206 2546 472 2600 Εὑσέόιον
500 2547 637 2617 πρὸς
663 2547 762 2618 τὴν
794 2548 1077 2602 εὐσέϐειαν
1100 2549 1176 2619 (9)
1208 2549 1554 2620 παλινῳδίαν,
1579 2552 1671 2605 τὸν

86 2639 315 2709 βασιλέα
361 2641 499 2710 φησὶ
530 2641 938 2693 Κωνσταντῖνον
966 2641 1186 2704 τούτους
1221 2642 1320 2713 μὲν
1353 2643 1506 2715 δίκην
1552 2647 1670 2698 εἰσ-

86 2732 438 2802 πράξασθαι,
487 2732 605 2786 ἀνθ’
647 2725 722 2785 ὦν
769 2732 903 2786 ἄλλα
945 2732 1266 2804 φρονοῦντες
1296 2735 1374 2806 τῷ
1399 2737 1670 2809 δμοουσίῳ

84 2826 546 2895 ὑπεσημήναντοο
587 2827 712 2888 τοὺς
741 2825 797 2877 δὲ
833 2826 962 2897 περὶ
1003 2827 1289 2880 Σεκοῦνδον
1334 2829 1671 2884 ἀνακαλέσα-

82 2916 243 2969 σθαι·
304 2918 399 2968 καὶ
447 2916 754 2987 γράμματα
791 2916 1069 2986 πανταχοῦ
1100 2918 1434 2989 διαπέμψαι,
1470 2921 1530 2973 τὸ
1571 2922 1670 2992 μὲν

80 3009 369 3080 ὁμοούσιον
393 3009 741 3080 διασύροντα,
774 3010 1105 3082 κρατύνοντα
1140 3011 1195 3064 δὲ
1224 3011 1285 3064 τὸ
1314 3014 1666 3084 ἐτεροούσιον.

81 3097 174 3165 Οἷς
201 3103 500 3174 γράμμασι
520 3104 612 3155 καὶ
627 3102 716 3156 τὸν
741 3104 1088 3174 Ἀλέξανδρον
1115 3104 1519 3173 Ἀλεξανδρείας
1537 3108 1671 3160 ὑπο-

79 3193 314 3264 γράψαι,
345 3193 441 3246 καὶ
467 3191 558 3244 διὰ
578 3191 736 3244 τοῦτο
765 3193 1038 3246 συνελθεῖν
1059 3193 1222 3246 αὐτὸν
1254 3194 1362 3263 (l0)
1410 3195 1504 3246 καὶ
1546 3197 1671 3258 τοὺς

83 3285 212 3354 περὶ
247 3285 474 3355 Ἀρειον
499 3300 513 3312 ·
547 3282 640 3335 τοῦ
671 3283 727 3335 δὲ
763 3285 826 3335 ἐκ
864 3283 1127 3354 βασιλέως
1156 3286 1537 3356 ἠρεμήσαντος
1578 3287 1672 3356 φό-

81 3377 200 3441 ϐου,
234 3377 329 3430 τὸν
368 3377 468 3446 μὲν
517 3377 866 3446 Ἀλέξανδρον
909 3379 1001 3430 ἐπὶ
1049 3379 1148 3448 τὴν
1200 3380 1405 3432 οἰκείαν
1440 3380 1674 3450 ἀναδρα-

84 3471 206 3539 μεῖν
235 3467 488 3539 γνώμην.
523 3469 626 3521 Τὸν
649 3469 706 3522 δὲ
733 3471 950 3540 Ἀρειον
981 3470 1142 3524 πάλιν
1172 3470 1338 3525 αὑτοῦ
1360 3489 1417 3524 τε
1451 3472 1544 3526 καὶ
1573 3474 1672 3545 τῆς

96 3562 426 3630 Ἐκκλησίας
458 3564 556 3615 σὺν
591 3566 700 3626 τοῖς
735 3563 1034 3635 δμόφροσιν
1064 3566 1386 3637 ἀποστῆναι.

154 3827 217 3896 β’.
252 3827 376 3878 Ὅτι
406 3825 498 3878 τὸν
519 3827 738 3897 Ἀρειον
765 3829 1192 3898 ἀποπηδήσαντα
1221 3831 1320 3900 τῆς
1351 3832 1672 3902 Ἐκκλησίας

84 3919 215 3990 φησὶ
247 3918 475 3990 ᾄσματά
505 3935 562 3969 τε
588 3918 822 3971 ναυτικὰ
853 3921 946 3972 καὶ
995 3921 1260 3990 ἐπιμύλια
1295 3925 1369 3990 (b)
1406 3925 1498 3974 καὶ
1534 3925 1672 3978 ὁδοι-

83 4011 287 4081 πορικὲ
341 4011 576 4082 γράψαι,
621 4012 715 4064 καὶ
764 4008 971 4064 τοιαῦθ’
1015 4013 1179 4083 ἕτερα
1219 4014 1552 4074 συντιθέντα,
1595 4020 1673 4082 εἰς

86 4103 355 4175 μελῳδίας
391 4103 647 4163 ἐντεῖναι,
684 4102 749 4166 ἃς
803 4101 1053 4173 ἐνόμιζεν
1100 4106 1352 4168 ἑκάστοις
1388 4108 1670 4177 ἁρμόζειν,

82 4197 165 4248 δια
211 4195 315 4265 τῆς
350 4195 410 4246 ὲν
442 4197 564 4256 ταῖς
615 4193 899 4263 μελῳδίαις
947 4194 1140 4264 ἡδονῆς
1185 4195 1499 4250 ἐκκλέπτων
1539 4199 1675 4270 πρὸς

84 4290 176 4359 τὴν
225 4287 442 4340 οἰκείαν
497 4286 747 4338 ἀσέϐειαν
799 4287 926 4348 τοὺς
971 4287 1380 4359 ἀμαθεστέρους
1421 4290 1529 4343 τῶν
1577 4293 1673 4345 ἁν-

85 4381 338 4452 ὃρὼπων.

1776 505 1862 552 est
1897 495 2084 551 Theon
2111 498 2396 567 episcOpus
2415 497 2770 552 Marmaricas.
2805 496 3034 568 Reliqua
3063 508 3248 554 autem
3275 515 3371 554 cac-

1775 597 1924 642 terva
1949 587 2276 642 Arianorum
2290 588 2618 654 antistitum,
2635 585 2922 653 Eusebius,
2939 589 3187 659 inquam,
3205 585 3372 643 Nico—

1777 681 2072 736 mediensis
2093 720 2106 744 ,
2163 696 2326 750 quem
2367 680 2766 752 Philostorgius
2800 679 3051 750 Magnum
3085 680 3370 750 cognomio

1775 780 1899 833 nat,
1944 769 2216 840 Theognis
2262 769 2546 836 Nicaenus,
2591 780 2646 826 et
2687 769 2852 826 Maris
2895 769 3360 826 Chalcedonensis

1773 863 2096 933 episcopus,
2136 872 2190 917 et
2210 863 2390 918 caueri
2413 878 2625 926 omnes,
2660 862 2986 916 sententiam
3015 862 3208 933 synodi
3249 877 3367 916 am-

1775 955 1916 1024 plexi
1957 965 2128 1010 sunt:
2167 955 2357 1008 dolose
2394 954 2611 1020 quidem
2653 969 2716 1008 ac
2744 952 3138 1015 fraudulenter,
3184 961 3243 1006 ut
3280 962 3378 1007 te--

1774 1055 1954 1100 statur
1981 1046 2145 1099 etiam
2178 1044 2544 1114 Pilostorgius
2565 1085 2579 1110 ,
2613 1059 2737 1098 cum
2775 1043 2880 1097 sub
2907 1057 3039 1097 voce
3081 1041 3357 1097 homousii

1772 1137 1836 1189 τὸ
1862 1137 2169 1206 ὁμοιούσιον
2199 1134 2393 1188 callide
2422 1135 2779 1189 occultarent.
2814 1133 2918 1188 Sed
2949 1142 3126 1188 tamen
3160 1134 3358 1204 synodi

1772 1226 2010 1282 decretis
2042 1227 2355 1282 consentire
2382 1240 2491 1279 non
2539 1234 2898 1291 recusarunt,
2929 1241 3054 1280 cum
3082 1223 3356 1281 Constau~

1773 1318 1883 1372 tina
1921 1333 2077 1373 soror
2128 1319 2476 1388 imperatoris
2529 1317 2875 1372 Constantini
2921 1319 3026 1374 hoc
3070 1317 3361 1373 consilium

1772 1409 1854 1461 eis
1873 1407 2257 1478 suggessisset.

1836 1499 2099 1554 10.Addit
2112 1497 2876 1568 Philostorgius,Secundum,
2893 1513 3016 1552 cum
3038 1499 3092 1552 in
3109 1498 3362 1553 exsilium

1769 1593 2223 1662 proﬁcisceretur,
2239 1590 2470 1646 Eusebio
2484 1591 2686 1646 dixisse
2705 1609 2717 1644 :
2738 1587 2958 1656 Eusebi,
2972 1589 3360 1660 subscripsisti.

1771 1698 1839 1738 ne
1864 1683 1918 1737 in
1939 1683 2193 1739 exsilium
2213 1682 2522 1738 mittereris.
2551 1681 2663 1753 Ego
2695 1697 2824 1736 vero
2845 1679 2954 1735 Deo
2975 1681 3026 1735 id
3051 1680 3183 1734 mihi
3208 1697 3361 1735 reve-

1701 1763 1742 1818 Β
1771 1773 1900 1827 lanti
1927 1775 2173 1838 conﬁdo,
2199 1783 2251 1828 te
2282 1773 2422 1827 intra
2459 1787 2664 1827 annum
2695 1773 2749 1826 in
2769 1771 3022 1826 exsilium
3068 1771 3362 1826 abductum

1777 1865 2017 1922 iri.Sane
2037 1867 2307 1921 Eusebius
2323 1868 2496 1921 tribus
2516 1865 2794 1920 mensibus
2821 1863 3222 1936 postsynodum
3264 1879 3361 1918 ex-

1777 1957 1912 2012 actis
1947 1957 2216 2026 relegatus
2257 1957 2841 2027 est,quemadmodum
2891 1956 3180 2012 Secundus
3228 1971 3362 2026 prae-

1775 2049 2017 2118 dixerat,
2049 2066 2175 2106 cum
2226 2051 2292 2105 ad
2338 2051 2627 2120 pristinam
2677 2049 3009 2120 impietatem
3047 2049 3223 2120 palam
3272 2063 3362 2103 re-

1776 2158 1968 2198 νει-ευε
1990 2155 2154 2199 εεεθι.
3069 2131 3076 2140 Ι

2202 2254 2294 2308 EX
2336 2253 2543 2308 LlBRO
2592 2249 2932 2307 SECUNDO.

1853 2365 1898 2418 ι.
1938 2364 2316 2420 Constantinus
2342 2384 2436 2420 cur
2469 2367 2679 2420 Arionis
2712 2365 3046 2434 infensus.—
3077 2364 3168 2417 Ait
3198 2378 3357 2418 men-

1777 2455 2106 2513 dacissimus
2149 2457 2568 2528 Philostorgius,
2622 2467 2746 2528 post
2774 2456 3138 2511 universalem
3197 2471 3360 2528 syno-

1776 2549 1905 2603 dum
1959 2559 2014 2604 et
2061 2564 2183 2620 post
2231 2549 2665 2606 Ensebianorum
2719 2550 3050 2620 palinodiam
3092 2549 3359 2604 adversus

1777 2643 2129 2712 religionem,
2153 2644 2534 2712 imperatorem
2563 2643 2986 2698 Constantinum
3016 2655 3112 2695 eos
3140 2640 3355 2710 quidem

1776 2747 1938 2802 paena
1981 2731 2227 2788 alfecisse
2253 2774 2269 2800 ,
2327 2742 2613 2803 propterea
2657 2731 2806 2802 quod
2855 2745 2980 2784 cum
3038 2729 3198 2783 aliter
3235 2742 3361 2782 seu-

1777 2825 1970 2887 tirent.
2014 2826 2304 2880 homousio
2347 2825 2706 2880 nihilominus
2747 2823 3229 2891 subscripserant;
3263 2819 3362 2874 Se-

1777 2917 2015 2971 cundum
2032 2933 2164 2972 vero
2179 2934 2299 2971 cum
2323 2917 2490 2972 sociis
2508 2917 2576 2971 ab
2592 2915 2785 2971 exsilio
2806 2928 3092 2968 revocasse
3113 2930 3126 2979 ;
3152 2912 3360 2965 litteras

1777 3010 1940 3063 etiam
1973 3025 2416 3080 quaquaversum
2456 3007 2711 3069 misisse,
2747 3007 2950 3076 quibus
2989 3003 3326 3059 consubstan

1777 3099 1921 3153 tiak’s
1959 3099 2178 3169 quidem
2237 3114 2424 3154 vocem
2472 3096 2832 3168 explodebat,
2867 3093 3150 3149 dissimilis
3179 3099 3358 3147 autem

1774 3192 2096 3246 substantia:
2113 3193 2270 3246 ﬁdem
2290 3191 2668 3246 conﬁrmabat.
2686 3189 2898 3257 Quibus
2916 3186 3362 3242 litterisAlexano

1773 3283 1932 3337 drum
1955 3299 2175 3354 quoque
2207 3283 2526 3352 episcopum
2582 3282 2926 3337 Alexandriae
2963 3278 3360 3348 subscripsisse

1772 3375 1937 3438 dicit,
1971 3384 2025 3428 et
2068 3375 2138 3428 ob
2169 3374 2311 3428 hanc
2346 3389 2570 3429 causam
2605 3375 2798 3428 Arium
2835 3373 2998 3428 etiam
3030 3373 3078 3426 ei
3109 3387 3360 3428 commu-

1773 3465 2024 3531 nicasse;
2070 3465 2163 3519 sed
2206 3482 2331 3520 cum
2378 3475 2560 3519 metus
2605 3467 2674 3519 ab
2719 3465 3054 3534 imperatore
3101 3463 3359 3533 deinceps

1772 3567 2033 3620 cessaret,
2077 3557 2385 3611 Alexander
2413 3557 2630 3626 quidem
2662 3554 2729 3610 ad
2768 3557 3002 3624 priorem
3033 3557 3356 3610 sententiam

1773 3647 1958 3700 rediit.
1993 3647 2157 3702 Arius
2191 3664 2319 3702 vero
2359 3664 2465 3702 una
2494 3664 2618 3703 cum
2664 3648 2909 3718 ejusdem
2955 3647 3232 3716 opinionis
3267 3663 3356 3700 as-

1773 3740 2072 3794 sertoribns
2129 3741 2198 3794 ab
2227 3741 2537 3794 Alexandro
2566 3749 2620 3794 et
2653 3741 2721 3793 ab
2759 3739 3001 3793 Ecclesia
3036 3738 3282 3792 secessit.

1844 3833 1898 3885 εὶ.
1933 3834 2049 3886 Arii
2093 3835 2320 3888 cantica.
2352 3862 2422 3872 -—-
2460 3833 2549 3886 Ait
2588 3833 2814 3895 Arium,
2851 3846 2975 3885 cum
3009 3831 3078 3883 ab
3115 3829 3357 3884 Ecclesia

1775 3927 2115 3989 recessisset,
2148 3925 2360 3979 cantica
2395 3927 2614 3978 nautica
2645 3933 2698 3977 et
2724 3920 3121 3976 molendinaria
3151 3935 3215 3973 ac
3243 3921 3358 3972 via-

1775 4017 1914 4070 toria
1949 4016 2368 4085 conscripsisse,
2406 4017 2622 4086 aliaque
2651 4014 2921 4084 ejusmodi
2957 4013 3356 4082 composuisse,

1774 4125 1896 4178 quzP
1928 4110 2092 4164 certis
2122 4109 2590 4165 modulationibus
2621 4109 2846 4178 aptavit,
2875 4115 3037 4176 prout
3063 4105 3359 4170 unicuique

1774 4201 1990 4256 cantico
2021 4202 2316 4255 convenire
2339 4201 2716 4266 existimabat;
2751 4210 2914 4269 atque
2949 4200 3020 4253 ita
3050 4197 3358 4268 imperitio-

1776 4307 1897 4347 rnm
1931 4293 2145 4347 animos
2176 4295 2445 4348 suavitate
2483 4303 2678 4347 cantus
2712 4293 2777 4346 ad
2824 4293 3156 4362 impietatem
3199 4307 3372 4346 suam?

1777 4385 1982 4439 sensim
2017 4385 2334 4438 abduxisse.

152 4479 222 4542 γ’.
263 4473 392 4525 Ὀτι
435 4473 528 4524 τὸν
571 4474 788 4542 Ἀρειον
820 4475 876 4524 ἐν
909 4471 986 4542 τῷ
1034 4471 1326 4542 Θεομαχεῖν
1365 4473 1476 4542 (Η)
1529 4474 1668 4527 κατὰ

1846 4477 1898 4530 5.
1931 4478 2046 4530 Arii
2074 4479 2340 4532 doctrina.
2372 4508 2444 4519 --
2486 4478 2598 4532 Etsi
2635 4478 2823 4532 Arium
2862 4477 3066 4531 divinis
3101 4474 3357 4530 laudibus

1324 4621 1561 4666 VALESII
1601 4628 1636 4668 Α
1646 4624 2104 4674 NNOTATIONES.

148 4728 229 4800 (9)
257 4726 423 4800 Πρὸς
450 4727 566 4800 τὴν
592 4728 926 4800 ερονέὄειαν.
961 4727 1184 4781 Rectius
1212 4726 1265 4780 in
1291 4731 1664 4798 manuscripto

86 4797 273 4854 codice
316 4797 596 4867 Samuelis
643 4798 898 4853 Bocharti
950 4800 1212 4867 scriptum
1256 4806 1339 4852 est
1383 4797 1660 4854 ἀσέϐειαν.

86 4869 354 4924 Eusebius
369 4869 515 4922 enim
543 4866 996 4934 Nicomediensis,
1017 4866 1139 4924 cum
1161 4867 1410 4922 formula:
1433 4868 1664 4924 Nicaeum

87 4941 202 4994 ﬁdei
242 4939 486 5008 primum
522 4940 938 5007 subscripsisset
961 4981 975 5002 ,
1012 4940 1332 5009 paulo_post
1363 4939 1431 4992 ad
1481 4943 1666 5009 pristi-

87 5027 205 5064 nam
233 5006 570 5078 impietatem
595 5006 775 5071 rediit,
803 5019 858 5064 ut
886 5006 1153 5065 testantur
1181 5006 1458 5076 Socrates,
1481 5006 1666 5066 ’δοιο-

86 5096 279 5134 tnenus
310 5077 377 5132 ac
411 5077 799 5134 Theodoritus.

149 5151 269 5220 (ill)
298 5148 890 5222 Evyeldsinabtoﬁ.
957 5150 1014 5204 in
1062 5152 1435 5222 manuscripto
1479 5153 1667 5207 codice

89 5218 363 5275 Samuelis
412 5218 666 5290 Bocharti
716 5222 783 5274 ad
833 5222 1136 5290 marginem
1181 5218 1530 5277 emendatum
1585 5233 1668 5276 est

87 5292 264 5362 αὐτῷ,
314 5289 466 5360 quod
515 5291 735 5360 quidem
781 5289 1181 5361 magis'probo.
1238 5292 1313 5348 De
1358 5294 1460 5348 hac
1505 5309 1668 5364 porro

1768 4736 2090 4789 narratione
2128 4737 2270 4790 idem
2307 4736 2484 4789 sentio
2518 4735 2660 4802 quod
2698 4733 2960 4796 Photius,
2999 4749 3148 4786 mera
3200 4747 3356 4786 men-

1767 4805 1923 4857 dacia
1955 4807 2069 4859 haec
2099 4822 2220 4875 esse
2255 4807 2322 4859 ab
2364 4805 2663 4875 impudenti
2702 4805 2924 4857 homine
2953 4803 3209 4856 conﬁcta.

1841 4876 1952 4944 (ll)
1996 4877 2096 4928 Ἐν
2121 4873 2202 4939 τῷ
2230 4873 2565 4944 θεομαγξεῖν.
2603 4873 2798 4926 Totum
2835 4875 2938 4928 hoc
2969 4883 3132 4941 caput
3167 4875 3355 4941 prodi-

1767 4945 1935 5014 giosis
1986 4947 2268 4999 erroribus
2327 4947 2607 5006 scatebat,
2659 4959 2764 4996 non
2812 4955 2920 4997 tam
2958 4944 3089 4997 vitio
3145 4944 3354 4999 codicis

1770 5017 2123 5082 inanuscripti
2143 5031 2251 5084 quo
2279 5031 2411 5069 usus
2435 5026 2516 5069 est
2538 5014 2931 5077 Gothofredus,
2951 5031 3115 5082 quam
3137 5015 3207 5068 ob
3231 5015 3352 5084 ejus

1768 5084 2097 5154 imperitiam
2141 5083 2190 5138 in
2239 5086 2479 5153 legendis
2515 5084 2717 5139 Grzecis
2760 5085 3185 5151 exemplaribus.
3234 5083 3348 5152 Ego

1771 5170 1874 5223 ope
1915 5171 2048 5209 mss.
2084 5156 2358 5220 codicum,
2390 5155 2759 5210 Scoriacensis
2790 5156 3001 5209 scilicet
3031 5167 3085 5210 et
3121 5155 3352 5210 Bochar-

1770 5225 1924 5289 liani,
1957 5242 2174 5281 errores
2208 5227 2330 5280 illos
2365 5227 2666 5281 emendavi.

1555 5435 1905 5480 νΑιυοιιυΜ.

153 5545 230 5609 (α)
263 5540 336 5613 Τὸ
391 5540 744 5613 ὀμοιούσ-ιυν
791 5540 889 5608 (ita
938 5541 1442 5613 enim_lcgendum)
1477 5543 1546 5595 ἐν
1591 5541 1671 5608 τῷ

88 5608 389 5682 ὁμοουσίῳ
416 5608 1006 5682 ὑποκλέψαντεςε.Ᾱ‹1
1028 5608 1323 5679 ιιυὶιιδἾοεί
1350 5608 1670 5682 explicatio-

91 5679 206 5737 nem
232 5682 465 5737 consule
494 5679 878 5754 Fragliientum
911 5680 1258 5754 Philostorgii
1286 5700 1348 5739 ex
1375 5679 1560 5740 Niceta
1585 5687 1672 5741 de-

91 5764 385 5823 Iumptum,
415 5763 472 5807 et
499 5750 643 5806 infra
671 5752 916 5807 citatum.

1853 5545 1925 5616 (ὑ)
1976 5545 2314 5616 Ἐπιμύλια.
2350 5542 2571 5616 cantica
2601 5543 2934 5616 inpistrinis
2965 5544 3105 5598 inter
3140 5545 3350 5598 molen-

1779 5612 1916 5670 duin'
1942 5612 2150 5671 cantari
2182 5616 2362 5670 solita.
2411 5612 2625 5669 Nullam
2662 5613 2749 5668 hic
2779 5613 2982 5668 Thaliae
3022 5616 3348 5670 mentionrm

1780 5685 1912 5740 facit
1934 5686 2328 5752 Philostorgius
2354 5703 2367 5739 :
2391 5701 2419 5737 a
2439 5701 2544 5755 qua
2569 5693 2624 5739 et
2650 5685 2980 5755 Athanasius
3004 5685 3116 5738 haec
3135 5689 3347 5741 cantica

1780 5757 2083 5827 distinguit,
2115 5756 2167 5810 in
2197 5757 2335 5811 llb10
2363 5755 2440 5811 De
2463 5754 2625 5810 Fidei
2659 5754 2896 5810 Nic-cena
2924 5757 3161 5826 decretis.
