3828 6326
495 287 594 346 467

1875 286 1960 340 PH
1971 286 2007 339 ll
2018 280 2354 343 .OSTORGII

3647 292 3748 347 468

494 409 684 462 efferat
730 404 1128 475 Philostorgius
1175 421 1228 458 In
1267 421 1333 460 eo
1378 406 1524 475 quod
1567 405 1909 460 divinitatem
1951 403 2051 456 Fili

2174 405 2269 457 τοῦ
2299 403 2425 457 Υίοῦ
2458 401 2850 475 ὑπερθειάξων,
2882 401 3104 463 ἀτόποις
3136 399 3412 470 ἐνέχεσθαί
3436 416 3589 467 φησι,
3616 399 3745 454 διότι

494 508 796 569 Oppugnat,
832 497 1086 553 absurdis
1116 506 1295 551 tamen
1325 497 1608 552 erroribus
1637 513 1762 552 eum
1797 497 2069 567 implicari

496 591 647 653 dicit,
685 605 752 643 eo
785 587 933 659 quod
967 588 1171 657 passim
1203 586 1435 643 afﬁrmet
1469 587 1636 644 Deum
1666 604 1766 644 nec
1787 590 2068 658 cognosci,

495 695 596 734 nec
620 678 1032 747 comprehendi,
1073 684 1174 732 nec
1205 688 1386 734 mente
1420 679 1634 748 concipi
1665 694 1828 749 posse
1855 697 1870 746 ;
1909 679 2070 747 idque

494 784 602 822 non
634 770 702 822 ab
728 759 1042 824 hominibus
1081 769 1282 832 solum,
1314 771 1461 839 quod
1489 771 1694 824 malum
1725 771 2068 824 tolerabilius

490 868 674 921 esset,
708 860 802 913 sed
835 873 901 912 ne
944 859 1012 913 ab
1049 859 1168 929 ipso
1211 861 1428 930 quidem
1466 861 1750 931 unigenito
1783 861 1878 916 Dei
1907 860 2068 915 Filio.

490 949 557 1004 Et
582 950 649 1004 ad
681 951 846 1019 hujus
867 951 1074 1006 erroris
1095 952 1512 1016 absurditatem,
1537 968 1646 1007 non
1670 951 1860 1006 Atiam
1882 953 2065 1016 modo,

489 1055 679 1094 verum
718 1043 880 1096 etiam
915 1044 1202 1114 plerosque
1242 1044 1381 1100 alios
1433 1060 1498 1099 ea
1529 1053 1857 1115 tempestate
1905 1046 2070 1100 simul

487 1145 615 1186 cum
647 1133 740 1188 illo
777 1133 1031 1203 abreptos
1063 1150 1204 1191 esse.
1258 1135 1498 1206 Excepto
1526 1137 1670 1191 enim
1723 1136 1976 1193 Secundo
2005 1152 2069 1191 ac

490 1222 738 1288 Tbeona,
792 1238 847 1280 et
897 1227 1180 1297 discipulis
1234 1225 1460 1282 Luciani
1517 1229 1792 1299 martyris,
1840 1228 2068 1283 Leontio

489 1319 720 1385 scilicet,
753 1320 1014 1384 Antonio,
1047 1331 1102 1374 et
1129 1322 1363 1376 Eusebio
1399 1320 1826 1384 Nicomediensi,
1859 1322 2066 1390 reliqua

490 1411 785 1480 impiorum
811 1413 1012 1467 cohors
1050 1413 1189 1468 hanc
1215 1414 1538 1468 sententiam
1575 1406 1824 1483 amplexa
1855 1424 1957 1467 est.

564 1504 618 1557 4.
641 1503 811 1573 Crispi
826 1515 873 1557 et
890 1503 1108 1559 Fausta:
1119 1505 1881 1574 cwdes.—AitPhilostorgius
1925 1505 2069 1558 Con-

494 1596 800 1651 stantinum
826 1611 1075 1652 novet-ra:
1103 1597 1393 1653 calumniis
1421 1599 1854 1656 circumventum
1872 1636 1886 1659 ,
1916 1595 2066 1651 Cris-

488 1703 616 1758 pum
662 1689 831 1742 lilium
861 1689 1224 1744 interemisse.
1265 1688 1398 1744 Eam
1430 1705 1560 1742 vero
1607 1698 1816 1758 postea,
1851 1703 1975 1742 cum
2010 1689 2064 1740 in

2176 498 2453 565 ἄγνωστόν
2485 514 2542 550 τε
2574 496 2667 548 τὸν
2720 495 2853 547 Θεὸν
2900 494 2995 547 καὶ
3044 493 3425 564 ἀκατάληπτον
3470 492 3743 562 πανταχοῦ

2174 589 2270 640 καὶ
2303 585 2620 656 ἀνεννόητον
2652 585 2946 654 ἐσηγεῖται·
2967 585 3062 636 καὶ
3087 584 3186 636 οὐκ
3206 583 3512 652 ἀνθρώποις
3546 584 3742 652 μόνοις,
3765 588 3767 590 ’

2173 678 2202 730 ὃ
2231 678 2400 731 κακὸν
2435 673 2795 747 μετριώτερον
2827 674 2976 740 ἴσως,
3013 674 3150 728 ἀλλὰ
3178 673 3271 726 καὶ
3300 673 3445 743 αὐτῷ
3473 673 3553 743 τῷ
3597 692 3744 744 μονο-

2173 773 2322 837 γενεί
2382 769 2494 840 mp
2539 769 2634 822 τοῦ
2685 767 2842 822 Θεοῦ.
2893 769 3003 820 Καὶ
3036 767 3171 836 πρὸς
3222 766 3423 835 ταύτην
3471 767 3607 836 φησὶ
3651 769 3743 838 τὴν

2174 861 2406 913 ἀτοπίαν
2435 862 2553 914 κατ’
2587 862 2762 914 ἐκεῖνο
2793 859 2986 931 καιροῦ
3023 860 3096 930 μὴ
3131 861 3348 930 Ἀρειον
3393 860 3571 928 μόνον,
3613 859 3742 912 ἀλλὰ

2173 955 2269 1006 καὶ
2300 955 2426 1016 τοὺς
2460 953 2675 1017 πλείους
2713 953 2895 1006 αὐτῶν
2931 952 3391 1022 συναπενεχθῆναι.
3434 952 3569 1016 (1‘2).
3605 953 3742 1020 Πλὴν

2173 1049 2282 1119 γὰρ
2319 1046 2613 1101 Σεκούνδου
2655 1046 2749 1098 καὶ
2787 1045 2976 1099 Θεωνᾶ
2997 1087 3010 1106 ,
3044 1045 3137 1097 καὶ
3179 1044 3287 1097 τῶν
3319 1041 3623 1096 Λουκιανοῦ
3655 1043 3742 1094 τοῦ

2176 1141 2450 1211 μάρτυρος
2481 1138 2755 1210 μαθητῶν,
2812 1137 3062 1190 Λεοντίου
3089 1153 3148 1189 τε
3187 1137 3280 1189 καὶ
3317 1135 3621 1194 Ἀντωνίου,
3657 1137 3744 1186 xz‘t

2171 1232 2266 1286 τοῦ
2318 1231 2684 1302 Νικομηδείας
2737 1228 3028 1292 Εὐσεϐίου,
3076 1228 3136 1280 τὸ
3189 1227 3315 1280 ἄλλο
3351 1227 3450 1295 τῆς
3494 1226 3742 1286 ἀσεϐείας

2175 1322 2460 1391 σύνταγμα
2492 1322 2625 1392 πρὸς
2653 1321 2854 1391 ταύτην
2889 1319 3228 1391 ἀπορρυῆναι
3261 1317 3358 1389 τὴν
3387 1316 3561 1381 δόξαν.

2241 1501 2303 1553 δ’.
2341 1501 2462 1553 Ὅτι
2494 1501 2626 1570 φησὶ
2671 1499 2761 1552 τὸν
2805 1499 3210 1551 Κωνσταντίνον
3244 1495 3457 1550 ἀνελεῖν
3487 1495 3576 1547 τὸν
3618 1495 3741 1547 ἴδιον

2173 1594 2336 1648 παῖδα
2383 1595 2628 1664 Κρῖσπον
2661 1593 2760 1661 (α),
2799 1588 3073 1652 διαϐολαῖς
3099 1589 3199 1659 τῆς
3248 1586 3517 1658 μητρυιᾶς
3541 1601 3739 1654 συναρ-

2175 1687 2480 1741 πασθέντα·
2512 1684 2774 1756 κάκείνην
2824 1683 2882 1738 δὲ
2916 1683 3076 1736 πάλιν
3108 1679 3449 1752 φωραθεῖσάν
3493 1696 3600 1732 τινι
3642 1677 3740 1729 τῶν

491 1782 764 1836 adulterio
811 1782 1153 1852 deprehensa
1183 1782 1377 1837 fuisset
1411 1797 1535 1836 cum
1566 1780 1802 1851 quodam
1838 1795 1902 1834 ex
1934 1779 2052 1834 Cur-

2171 1779 2512 1852 Κουρσώρων
2559 1751 2923 1850 μοιχωρὲνην,
2965 1777 3030 1845 τῇ
3065 1774 3158 1827 τοῦ
3194 1751 3420 1844 λουτροῦ
3477 1771 3612 1840 ἀλέα
3663 1771 3741 1822 iv-

492 1874 729 1939 scribus,
759 1874 943 1929 calore
975 1873 1157 1928 balnei
1189 1872 1440 1928 suﬂocari
1467 1873 1722 1942 jussisse.
1755 1868 1866 1926 Nec
1893 1871 2066 1924 multo

489 1979 613 2035 pOSt
663 1965 1112 2032 Constantinum,
1174 1967 1304 2019 dum
1351 1962 1681 2019 Nicomedia:
1731 1971 2062 2026 moraretur,

486 2072 676 2126 pinnas
701 2059 865 2114 caedis
893 2059 1005 2113 filio
1031 2060 1451 2129 persolventem,
1485 2074 1516 2111 a
1543 2056 1806 2111 fratribus
1827 2054 1944 2111 suis
1971 2071 2066 2109 ve-

485 2167 627 2206 neno
653 2158 906 2206 necatum
935 2166 1076 2206 esse.

555 2244 609 2297 5.
649 2241 805 2296 Gothi
857 2241 1148 2297 Christiani
1196 2243 1344 2312 facti.
1394 2272 1461 2282 -—
1501 2241 1592 2296 Ait
1636 2240 2060 2308 Philostorgius,

489 2332 708 2389 Uililam
749 2350 813 2393 ex
849 2332 1272 2390 Transisuianis
1311 2331 1551 2405 Scythis,
1586 2333 1678 2402 qui
1721 2335 1789 2387 ab
1822 2331 2064 2402 antiquis

482 2426 703 2495 quidem
734 2422 902 2488 Getaz,
948 2438 1095 2478 nunc
1123 2438 1252 2478 vero
1295 2422 1455 2478 Gothi
1484 2423 1851 2492 appellantur,
1888 2423 2061 2476 maxi-

482 2529 628 2568 mam
663 2513 949 2569 hominum
988 2512 1397 2567 multitudinem
1444 2513 1498 2566 in
1531 2511 1836 2567 Romanum
1881 2513 2060 2567 solum

481 2604 821 2670 traduxisse,
870 2605 966 2674 qui
1017 2605 1236 2675 pietatis
1286 2619 1452 2658 causa
1493 2620 1558 2658 ex
1607 2605 1798 2673 patriis
1840 2604 2061 2660 sedibus

481 2697 640 2766 ejecti
673 2695 912 2752 fuerant.
946 2695 1077 2750 Eam
1106 2706 1286 2749 autem
1314 2704 1527 2766 gentem
1573 2696 1639 2748 ad
1667 2695 1869 2750 Christi
1901 2695 2060 2749 fidem

481 2788 613 2842 olitn
647 2787 932 2842 transiisse
960 2787 1064 2841 hoc
1093 2786 1254 2840 modo
1282 2803 1294 2838 :
1319 2784 1454 2839 Cum
1486 2782 1811 2838 Valerianus
1846 2795 1898 2838 et
1932 2783 2061 2839 Gal-

481 2878 662 2934 lienus
691 2878 982 2948 imperium
1015 2877 1500 2942 administrarent,
1547 2877 1740 2947 ingens
1771 2876 2062 2930 multitudo

482 2967 811 3040 Scytharum
861 2977 1013 3022 trans
1056 2970 1259 3022 Istrum
1302 2966 1613 3037 degentium
1659 2967 1713 3021 in
1782 2966 2060 3022 Romano-

480 3075 603 3114 rum
638 3058 902 3115 ditionem
957 3058 1190 3129 trajecit.
1247 3057 1312 3114 Et
1347 3057 1580 3129 Europae
1630 3060 1850 3130 quidem
1903 3077 2057 3133 mag-

480 3169 606 3208 nam
638 3161 847 3224 partem
870 3153 1291 3208 excursionibus
1314 3151 1666 3208 infestarunt.
1695 3153 1900 3210 Deinde
1929 3171 2060 3210 vero

478 3263 605 3302 cum
627 3248 682 3301 in
701 3247 888 3302 Asiam
906 3247 1269 3318 trajecissent,
1285 3246 1555 3304 Galatiam
1578 3255 1633 3302 et
1653 3247 2055 3318 Cappadociam

479 3342 817 3395 invaserunt.
873 3339 1121 3410 Cumque
1165 3340 1434 3409 plurimos
1480 3342 1726 3410 captivos
1767 3341 2048 3409 fecissent,

478 3435 621 3487 inter
656 3447 796 3502 quos
842 3448 950 3486 non
1001 3433 1161 3502 pauci
1205 3443 1360 3488 erant
1409 3433 1633 3496 clerici,
1662 3450 1788 3489 cum
1853 3435 2055 3505 ingenti

478 3525 657 3593 prazda
691 3525 744 3576 iu
775 3525 1006 3593 patriam
1034 3540 1190 3578 suam
1224 3525 1427 3578 reversi
1461 3533 1609 3580 sunt.
1644 3525 1856 3595 Captivi
1892 3528 2057 3597 igitur

476 3635 541 3673 ac
567 3618 641 3688 pii
678 3618 932 3673 homines
956 3618 1068 3681 isti,
1101 3619 1348 3673 barbaris
1382 3619 1628 3689 permisti
1651 3660 1664 3683 ,
1701 3634 1812 3674 non
1851 3635 2055 3690 paucos

476 3711 768 3780 eorum‘ad
807 3725 992 3765 veram
1027 3710 1282 3780 pietatem
1331 3712 1719 3774 traduxerunt,
1754 3719 1922 3781 utque
1955 3727 2054 3781 pro

477 3804 759 3873 gentilium
807 3803 1192 3872 superstitione
1213 3803 1579 3858 Christianam
1600 3803 1914 3875 religionem
1939 3819 2055 3857 am-

478 3900 864 3969 plecterentur,
899 3897 968 3953 iis
1016 3907 1431 3968 persuaserunt.
1467 3897 1546 3953 Ex
1579 3900 1775 3953 horum
1809 3899 2054 3969 captivo-

476 4008 597 4046 rum
634 4008 864 4046 numcro
893 3991 1114 4047 fuerunt
1136 3993 1300 4048 etiam
1332 3993 1568 4062 majores
1599 3992 1806 4060 Urtilaa,
1831 3994 2052 4048 natione

475 4084 695 4152 quidem
732 4084 1102 4153 Cappadoces,
1141 4087 1247 4140 orti
1279 4086 1437 4155 juxta
1475 4085 1662 4140 urbem
1693 4084 2048 4153 Parnassum,

475 4192 543 4229 ex
573 4175 693 4230 vico
718 4174 810 4244 qui
841 4175 1231 4248 Sadagolthina
1264 4188 1508 4232 vocatur.
1543 4176 1641 4232 ilic
1670 4178 1835 4248 igitur
1882 4176 2048 4234 Urfila

473 4269 586 4323 dux
630 4267 734 4324 fuit
768 4271 987 4339 piorum
1035 4271 1319 4325 hominum
1365 4270 1461 4340 qui
1495 4286 1560 4326 ex
1613 4269 1812 4327 Gothia
1844 4271 2049 4342 egressi

475 4371 626 4429 sunt,
658 4363 978 4432 primusque
1005 4377 1193 4417 eorum
1225 4363 1517 4434 episcopus
1547 4361 1672 4429 fuit,
1712 4364 2047 4419 constitutus

2170 1872 2538 1942 αποπνιγῆναι
2581 1869 2902 1941 προστάξαι.
2950 1869 3061 1921 Καὶ
3089 1865 3166 1937 τῷ
3204 1865 3400 1934 παιδίῳ
3428 1862 3521 1916 τοῦ
3563 1862 3741 1930 ξίφους

2169 1964 2415 2018 διδοῦντα
2461 1965 2867 2017 Κωνσταντῖνον
2917 1960 3016 2032 τὴν
3067 1959 3242 2030 δίκην,
3299 1958 3416 2028 μετ’
3467 1957 3527 2010 οὐ
3579 1955 3740 2008 πολὺν

2168 2057 2359 2129 χρόνον
2391 2056 2495 2110 ὐπὸ
2520 2055 2629 2108 τῶν
2670 2051 2914 2122 ἀδελφῶν
2947 2051 3257 2122 φαρμάκοις
3288 2047 3428 2102 κατὰ
3455 2047 3554 2118 τὴν
3581 2047 3741 2099 Νικο-

2171 2152 2396 2223 μήδειαν
2425 2148 2769 2221 διατρίϐοντα
2804 2144 3177 2217 ἀναιρεθῆναι.

2239 2253 2299 2299 ε’.
2337 2245 2458 2298 Ὅτι
2487 2241 2762 2314 Οὐρφίλαν
2789 2239 2863 2310 (ὁ)
2892 2237 3026 2310 φησὶ
3051 2237 3188 2292 κατὰ
3216 2233 3436 2297 τούτους
3459 2234 3590 2296 τοὺς
3620 2232 3740 2302 χρό-

2165 2357 2290 2403 νους
2319 2340 2384 2391 ὲκ
2402 2338 2509 2390 τῶν
2532 2335 2703 2406 πέραν
2731 2335 2945 2404 Ἴστρου
2974 2329 3194 2385 Σκυθῶν
3220 2327 3335 2397 (οὓς
3362 2328 3411 2379 οἱ
3442 2326 3543 2396 μὲν
3576 2326 3739 2377 παλαι

2166 2429 2428 2493 Γέτας,οἱ
2472 2427 2528 2479 δὲ
2576 2424 2670 2478 νῦν
2716 2423 2942 2485 Γότθους
2990 2419 3234 2485 καλοῦσι)
3286 2417 3453 2469 πολὺν
3505 2417 3587 2478 εἰς
3644 2416 3738 2484 τὴν

2177 2521 2466 2593 Ῥωμαίων
2515 2517 2830 2571 διαϐιϐάσαι
2878 2514 3005 2568 λαὸν
3031 2553 3045 2576 ,
3089 2512 3155 2565 δι’
3195 2510 3475 2564 εὐσέϐειαν
3525 2509 3592 2560 ἐκ
3637 2508 3738 2558 τῶν

2166 2616 2382 2670 οἰκείων
2415 2613 2561 2683 ⁸ἦθῶν
2602 2610 2910 2672 ἐλαθέντας.
2958 2605 3334 2678 Χριστιανίσαι
3381 2601 3439 2655 δὲ
3484 2601 3545 2653 τδ
3595 2600 3739 2661 ἔθνος

2164 2708 2352 2779 τρόπῳ
2380 2704 2568 2776 τοιῷδε
2593 2719 2606 2733 ⁸
2644 2700 3027 2761 Βασιλεύοντος
3064 2693 3424 2768 Οὐαλεριανοῦ
3465 2693 3561 2746 καὶ
3605 2691 3738 2744 Ῑάλ⁴

2163 2788 2368 2871 λιήνου,
2401 2801 2560 2869 μοῖρα
2589 2794 2808 2849 Σκυθῶν
2839 2793 3034 2863 βαρεῖα
3054 2789 3164 2842 τῶν
3187 2789 3360 2859 πέραν
3387 2785 3484 2838 τοῦ
3503 2787 3736 2855 Ἴστρου,

2162 2892 2416 2962 διέϐησαν
2446 2891 2526 2952 είς
2573 2887 2673 2956 τὴν
2709 2885 3030 2956 Ῥωμαίων,
3064 2881 3159 2935 καὶ
3206 2879 3406 2948 πολλὴν
3453 2877 3552 2948 μὲν
3609 2893 3738 2927 κατ-

2164 2985 2398 3055 έδραμον
2441 2982 2540 3052 τῆς
2587 2977 2872 3051 Εὐρώπης.
2922 2973 3214 3035 Διαϐἁντες
3267 2971 3323 3022 δὲ
3367 2971 3462 3022 καὶ
3512 2971 3594 3032 εἰς
3637 2967 3734 3037 τὴν

2177 3076 2359 3129 Ἀσίαν
2385 3073 2517 3146 (15),
2547 3073 2649 3142 τήν
2673 3087 2731 3123 τε
2763 3068 3051 3132 Γαλατίαν,
3082 3066 3175 3118 καὶ
3207 3065 3305 3134 τὴν
3333 3060 3735 3114 Καππαδοκίαν

2163 3168 2394 3239 ἐπῆλθον
2416 3207 2430 3227 ,
2468 3165 2562 3219 καὶ¹
2596 3163 2824 3226 πολλοὺς
2878 3159 3068 3214 ἔλαϐον
3119 3154 3514 3227 αἰχμαλώτους,
3547 3154 3737 3214 ἄλλους

2159 3280 2217 3315 τε
2275 3263 2366 3314 καὶ
2412 3259 2521 3312 τῶν
2581 3255 3019 3326 κατειλεγμένων
3066 3252 3144 3323 τῷ
3195 3251 3420 3322 κλήρῳ,
3471 3248 3568 3301 καὶ
3604 3247 3736 3317 μετὰ

2159 3353 2361 3422 πολλῆς
2400 3351 2548 3414 λείας
2585 3346 3033 3418 ἀπεκομίσθησαν
3067 3341 3264 3396 οἶκαδε.
3295 3342 3350 3392 '0
3383 3339 3437 3391 δὲ
3462 3337 3737 3407 αἰχμάλω-

2155 3464 2247 3510 τος
2281 3445 2377 3500 καὶ
2410 3443 2638 3514 εὐσεϐὴς
2663 3441 2869 3510 ὅμιλος,
2907 3433 3436 3506 συναναπραφέντες
3456 3434 3569 3493 τοῖς
3603 3429 3734 3498 βαρο

2157 3538 2368 3609 ϐἀροις,
2397 3537 2498 3590 οὐκ
2539 3535 2752 3603 ὀλίγους
2779 3549 2839 3584 τε
2873 3529 3050 3583 αὐτῶν
3119 3529 3204 3589 εἱς
3237 3525 3296 3577 τὸ
3343 3522 3565 3583 εὐσεϐὲς
3609 3537 3733 3589 μετ-

2156 3632 2438 3702 εποίησαν,
2465 3630 2560 3682 καὶ⁴
2582 3627 2653 3680 τὰ
2679 3622 3019 3698 Χριστιανῶν
3047 3622 3260 3692 φρονεῖν
3287 3617 3405 3670 ἀντὶ
3418 3615 3519 3686 τῆς
3547 3613 3734 3679 Ἐλλη-

2157 3725 2295 3787 νίδος
2324 3723 2484 3793 δόξης
2516 3717 2955 3791 παρεσκεύασαν.
2989 3712 3205 3782 Ταύτης
3233 3712 3329 3780 τῆς
3353 3708 3732 3778 αἰχμαλωσίας

2154 3816 2454 3887 γεγόνεσαν
2479 3815 2574 3867 καὶ
2597 3812 2646 3864 οἱ
2676 3808 2919 3880 Οὐρφίλα
2946 3804 3219 3876 πρόγονοι,
3241 3799 3606 3887 Καππαδόκαι
3635 3797 3732 3887 μεν

2153 3885 2333 3978 γένος,
2366 3904 2573 3966 πόλεως
2605 3901 2663 3954 δὲ
2697 3898 2925 3968 πλησίον
2962 3891 3303 3964 Παρνασσοῦ,
3339 3891 3402 3941 ὲκ
3437 3885 3636 3978 κώμης
3673 3885 3729 3937 δὲ

2155 3971 2521 4067 έαδαγολθινὰ
2568 3977 2926 4062 καλουμένης.
2962 3988 3022 4039 '0
3059 3985 3234 4038 τοίνυν
3271 3978 3544 4051 Οὐρφίλας
3578 3971 3729 4036 οὗτος

2154 4091 2511 4162 καθηγήσατο
2561 4085 2660 4154 τῆς
2719 4081 2901 4148 ἐξόδου
2950 4077 3055 4130 τῶν
3104 4072 3380 4136 εὐσεϐῶν,
3429 4070 3728 4129 ἐπίσκοπος

2153 4179 2332 4234 αὐτῶν
2359 4175 2571 4247 πρῶτος
2595 4171 2896 4232 καταστάςο
2931 4168 3165 4235 κατέστη
3196 4164 3253 4216 δὲ
3284 4155 3385 4214 ὧδε
3408 4177 3423 4192 ο
3449 4159 3611 4230 Παρὰ
3636 4155 3725 4209 τοῦ

2151 4273 2251 4343 τὴν
2281 4269 2455 4341 ἀρχὴν
2503 4265 2730 4333 ἄγοντος
2775 4261 2887 4329 (H)
2917 4258 3008 4313 τοῦ
3053 4257 3240 4318 ἔθνους
3289 4254 3382 4306 ἐπὶ
3426 4252 3537 4306 τῶν
3578 4253 3728 4304 Κων-

2153 4361 2433 4416 σταντίνου
2473 4355 2678 4429 χρόνων
2707 4355 2786 4416 εἰς
2817 4349 3112 4422 πρεσϐείαν
3147 4347 3241 4399 σὺν
3277 4343 3454 4404 ἄλλοις
3488 4343 3726 4394 ἀποσταο

473 4457 580 4509 huc
620 4455 784 4510 modo
817 4474 829 4509 :
863 4455 1000 4510 Cum
1027 4470 1058 4510 a
1097 4470 1220 4524 rege
1259 4455 1351 4522 qui
1389 4465 1520 4509 tunc
1557 4453 1752 4509 Gothis
1783 4462 2046 4522 praeerat,

2166 4453 2265 4518 isi:
2309 4454 2428 4524 (καὶ
2458 4451 2568 4520 γὰρ
2593 4448 2686 4501 καὶ
2719 4446 2786 4499 τὰ
2815 4443 2942 4515 τῇδε
2972 4440 3224 4512 βάρϐαρα
3246 4437 3373 4508 ἔθνη
3405 4434 3726 4489 ὐποκέκλιτο

1699 4593 1941 4637 YALESII
1981 4595 2060 4641 ΛΝ
2068 4595 2109 4639 Ν
2113 4588 2459 4638 OTATIONES
2468 4619 2480 4630 .

549 4707 650 4774 1‘2)
686 4706 798 4761 Kal
818 4705 960 4772 τοὺς
981 4706 1232 4778 πλείους
1264 4707 1463 4778 αὐτῶν
1491 4709 2040 4778 συναπενεχθῆναι.

463 4779 830 4850 Scribendttm
856 4787 995 4850 puto
1018 4775 1189 4850 αὐτῷ,
1221 4777 1424 4850 supple
1437 4777 1515 4847 τῷ
1535 4847 1544 4850 _
1561 4777 1776 4850 Ἀρείῳ.

563 4849 648 4913 15)
690 4845 1010 4914 Διαόάγτες
1041 4847 1109 4900 δὲ
1139 4847 1237 4899 καὶ
1265 4845 1378 4912 τὴν
1414 4845 1643 4902 Ἀσίαν-Ζ
1685 4845 1839 4901 llunc
1859 4849 2040 4902 locum

458 4917 750 4972 emendavi
781 4934 848 4973 ex
900 4935 1004 4973 ms.
1034 4917 1223 4972 codice
1251 4915 1518 4971 Samuelis
1542 4916 1816 4983 Bocharti,
1845 4917 1901 4971 in
1930 4935 2042 4988 quo

2147 4709 2219 4762 ita
2251 4705 2467 4773 legitur,
2502 4701 2783 4773 διαϐᾀντες
2817 4697 2879 4773 δὲ.
2905 4696 2997 4773 καί
3023 4696 3120 4773 εἰς
3135 4693 3232 4762 τὴν
3275 4688 3482 4773 Ἀσίαν,
3512 4695 3616 4766 etc.

2230 4756 2541 4847 (Ϊίγίῖᾶρὰ
2566 4770 2682 4852 τοῦ.
2706 4756 2819 4850 τήν
2848 4765 3052 4847 ἀρχλὴις
3086 4756 3360 4886 ἄξοντος.
3405 4757 3577 4854 Magis
3619 4756 3724 4826 piso

2256 4846 2527 4886 em-inmrn
2563 4839 2768 4886 nndtms
2802 4837 3089 4886 Bocharlt.
3165 4850 3298 4886 mmv
3322 4830 3556 4886 ἐγοντον

2147 4830 2530 4915 οεδεοῦἰριιίτο
2563 4830 2774 4897 codicis
2802 4830 3054 4893 Bocliarti
3074 4873 3089 4898 ,
3125 4830 3298 4905 ἀρχὴν
3322 4830 3556 4900 ἔχοντος.

1927 5031 2271 5076 VARIORUM.

529 5138 617 5208 (α)
678 5137 932 5209 Ἄνελεῑν
984 5138 1275 5209 Κρῖσπον.
1318 5136 1569 5209 crispum
1598 5148 1659 5209 Aet
1705 5137 1958 5209 Faustam
2007 5156 2039 5195 a

462 5206 826 5263 Constantino
847 5206 1064 5264 necatos
1089 5218 1344 5263 asserunt
1361 5206 1463 5263 Sex
1474 5217 1561 5262 tus
1581 5207 1835 5264 Aurelius
1854 5207 2038 5263 Victor

466 5296 586 5347 cap.
617 5294 729 5341 xu,
756 5278 1406 5333 Amm.Marcellinuslib.
1429 5295 1520 5331 xiv
1541 5297 1552 5331 ε
1574 5277 1824 5333 Zosimus
1851 5280 1942 5334 lib.
1976 5293 2035 5340 ti;

467 5350 765 5419 Eutropius
797 5349 892 5419 lib.
923 5366 977 5411 x,
1016 5349 1293 5419 Artemius
1327 5349 1469 5417 apud
1501 5347 1913 5405 Metaultrastem
1933 5389 1947 5409 ,
1985 5360 2038 5402 et

469 5416 692 5474 Suriuin
732 5436 824 5475 xx.
858 5416 1488 5490 Octobr.;liieronymus_
1518 5420 1570 5472 in
1591 5419 2037 5490 βίινοηίτοηοιό-

466 5492 583 5545 sius
603 5492 694 5545 lib.
732 5505 830 5560 vn,
866 5504 985 5558 cap.
1032 5487 1125 5560 29.
1185 5487 1441 5545 Sidonius
1467 5488 1797 5560 Apollinaris
1852 5488 1947 5560 lib.
1979 5505 2031 5542 v.

465 5563 628 5631 epist.
667 5562 721 5626 8,-
758 5557 992 5631 ldaciu’s,
1031 5557 1296 5624 Zonaras,
1340 5557 1558 5625 Suidas,
1588 5561 1785 5631 aliique
1813 5559 2032 5631 quieos

467 5629 636 5686 secuti
666 5640 813 5686 sunt.
855 5629 1028 5696 Quam
1061 5639 1239 5682 tamen
1273 5631 1550 5684 historiam
1582 5630 1776 5684 Euseb.
1815 5630 1869 5682 in
1921 5629 2024 5683 Vit.

469 5702 651 5755 Const.
684 5712 737 5755 et
765 5699 1016 5755 Socrates
1045 5715 1151 5754 non
1194 5700 1388 5752 habent
1436 5719 1447 5753 :
1482 5701 1591 5753 imo
1613 5715 1731 5753 eam
1762 5699 1906 5752 velut
1935 5699 2028 5753 fal-

465 5787 582 5832 sam
609 5772 722 5842 jam
749 5773 876 5828 olim
912 5771 1182 5843 ejerarunt
1215 5768 1550 5826 Sozomcnus
1575 5771 1660 5824 lib.
1694 5785 1868 5841 t.cap.
1895 5787 1946 5838 v,
1971 5781 2022 5826 ct

2146 5138 2406 5209 Evagrins
2450 5137 2674 5209 lib._nt,
2708 5150 2756 5188 c.
2795 5150 2883 5196 τι,
2939 5147 3048 5195 th,
3098 5138 3151 5209 et
3188 5127 3717 5209 post_Sozo_menum

2145 5197 2481 5278 Nicef'phorus
2511 5207 2604 5260 lib.
2635 5221 2732 5278 Vl_l,
2769 5219 2886 5278 cap.
2916 5218 3002 5278 ιν,
3028 5200 3243 5278 ct_fnrte
3271 5199 3434 5253 etiam
3469 5197 3718 5278 Photms.

2144 5281 2238 5348 qui
2274 5271 2394 5334 ideo
2432 5281 2638 5348 haecex
2671 5271 3036 5348 Philostorgio
3065 5271 3194 5348 dum
3231 5277 3584 5348 excerperet,
3625 5285 3719 5320 no-

2145 5336 2258 5403 tare
2286 5364 2348 5403 ea
2375 5349 2521 5402 velut
2551 5347 2685 5401 falsa
2716 5336 2975 5399 voluerit:
2995 5340 3116 5396 Jac.
3150 5338 3458 5403 Gothofred.
3491 5336 3710 5391 Dissert.

2145 5420 2198 5473 in
2225 5418 2552 5484 Philostorg.
2595 5433 2722 5486 pag.
2749 5414 2838 5486 50.

2216 5490 2290 5561 (ὁ)
2333 5475 2776 5561 ΟὺρφίξλάνΪΒο
2824 5483 3041 5561 Ulpltila
3075 5481 3169 5551 (ut
3197 5479 3476 5561 alii__ltuttc
3507 5475 3712 5561 Gallio»

2139 5549 2283 5614 rum'
2311 5549 2628 5628 episcopum
2669 5549 2910 5628 vocanti
2938 5549 3132 5628 deque
3163 5620 3182 5628 Δ
3210 5549 3402 5628 Gothis
3421 5589 3462 5628 ,.
3487 5550 3714 5628 quando

2135 5646 2308 5698 quave
2337 5617 2634 5698 occasione,
2655 5617 2951 5698 Christiani
2998 5617 3127 5698 facti
3159 5620 3382 5698 fuerint,
3413 5617 3522 5672 vid.
3556 5617 3708 5698 Sile}

2134 5685 2167 5751 l'.
2211 5715 2284 5762 iv,
2327 5714 2446 5767 cap.
2473 5699 2562 5762 56,
2604 5695 2729 5750 Soz.
2775 5697 2867 5748 lib.
2896 5711 2952 5760 ιι,
2986 5709 3032 5749 c.
3076 5694 3131 5757 6,
3177 5693 3269 5748 lib.
3311 5706 3386 5755 Vl,
3437 5703 3557 5758 cap.
3606 5685 3710 5754 εἶς

2131 5769 2331 5826 Thcod.
2372 5771 2407 5824 ι.
2436 5786 2506 5838 1v,
2538 5783 2658 5838 cap.
2691 5767 2787 5822 ult.
