3828 6308
161 291 248 348 ιω
1151 285 1709 343 ECCLESIASTICE
1751 285 2098 342 HISTORIIE
2141 285 2269 341 LIB.
2301 284 2364 340 ll.

3267 282 3378 342 λιτι)

164 405 228 474 τῷ
263 400 502 472 βασιλεῖ),
541 399 653 452 ὑπὸ
684 398 945 452 Εὐσεϐίου
975 397 1070 451 καὶ
1115 397 1222 450 τῶν
1271 399 1368 452 σὺν
1400 401 1547 472 αὐτῷ
1586 402 1706 452 ἐπι-

1825 407 2018 470 .egatus
2045 413 2152 454 una
2175 413 2299 453 cum
2326 396 2447 452 aliis
2462 395 2528 450 ad
2553 395 2938 465 imperatorem
2957 397 3382 452 Constantinum

164 496 351 550 σκόπων
395 493 775 562 χειροτονεῖται
807 490 914 543 τῶν
939 493 996 542 ἐν
1049 491 1116 560 τῇ
1168 490 1362 562 Γετικῇ
1394 493 1709 564 Χριστιανι-

162 588 352 651 ζόντων,
378 584 469 636 καὶ
493 583 560 636 τά
580 599 641 636 τε
669 582 804 636 ἄλλα
838 579 1026 634 αὐτῶν»
1045 581 1382 652 ἐπεμελεῖτο,
1405 584 1500 636 καὶ
1531 601 1711 654 γραμ-

165 682 324 750 μάτων
341 678 520 740 αὐτοῖς
538 678 756 729 οἰκείων
784 675 1012 747 εὑρετὴς
1039 675 1342 739 καταστὰς,
1370 676 1710 748 μετέφρασεν

162 775 226 833 είς
251 770 341 839 τὴν
383 768 560 821 αὐτῶν
596 769 781 839 φωνὴν
807 770 907 832 τὰς
941 767 1165 840 Γραφάς
1202 768 1440 830 ἁπάσας.
1476 768 1615 838 πλήν
1645 784 1709 834 γε

160 862 212 932 δὴ
244 861 342 913 τῶν
383 859 698 922 Βασιλειῶν,
750 860 844 914 ᾶτε
883 859 993 912 τῶν
1030 859 1129 928 μὲν
1161 858 1414 929 πολέμων
1473 860 1711 932 ἱστορίαν

163 951 390 1022 ἐχουσῶν,
417 950 510 1004 τοῦ
544 951 600 1003 δὲ
634 951 822 1012 ἔθνους
858 950 1010 1012 ὄντος
1033 949 1418 1019 φιλοπολέμου,
1464 950 1562 1002 καὶ
1591 950 1711 1002 δεο-

164 1048 300 1117 μένου
341 1045 538 1115 μᾶλλον
593 1043 809 1114 χαλινοῦ
849 1043 949 1112 τῆς
1007 1043 1101 1094 ἐπὶ
1143 1042 1240 1106 τὰς
1276 1042 1454 1113 μάχας
1501 1043 1709 1113 ὁρμῆς,

161 1132 259 1185 ἀλλ’
284 1131 396 1201 οὐχὶ
415 1132 508 1184 τοῦ
544 1132 681 1202 πρὸς
710 1131 882 1184 ταῦτα
910 1130 1321 1201 παροξύνοντος.
1348 1131 1525 1201 Ὅπερ
1558 1132 1713 1201 ἰσχὺν

163 1224 255 1292 εχει
278 1223 440 1276 ταῦτα
473 1227 670 1286 ποιεῖν,
704 1224 979 1294 σεϐάσμιά
1006 1241 1066 1276 τε
1098 1224 1333 1294 μάλιστα
1357 1224 1710 1294 νομιζόμενα,

162 1316 238 1368 καὶ
264 1315 390 1385 πρὸς
419 1314 519 1385 τὴν
557 1315 652 1367 τοῦ
683 1315 840 1367 Θείου
875 1314 1172 1386 θεραπείαν
1202 1315 1328 1376 τοὺς
1358 1313 1712 1384 πειθομένους

163 1405 628 1474 καταρυθμίζοντα.
670 1405 946 1476 Ὶδρύσατο
989 1405 1035 1458 δ’
1079 1409 1107 1459 ὁ
1144 1405 1396 1476 βασιλεὺς
1423 1407 1516 1459 τὸν
1553 1408 1713 1460 αὑτό-

165 1496 301 1566 μολον
343 1497 527 1552 τοῦτον
565 1499 694 1551 λαὸν
733 1498 862 1569 περὶ
899 1501 969 1552 τὰ
1016 1497 1115 1568 τῆς
1149 1498 1364 1562 Μυσίας
1411 1500 1607 1570 χωρία,
1637 1499 1712 1562 ὼς

163 1588 350 1659 ἑκάστῳ
383 1589 536 1658 φίλον
566 1585 669 1660 ἦν·
731 1591 826 1643 καὶ
869 1590 960 1643 τὸν
1011 1589 1284 1658 Οὺρφίλαν
1333 1589 1420 1642 διὰ
1459 1589 1716 1660 πλείστης

163 1675 248 1750 ἦγε
287 1680 463 1751 τιμῆς,
508 1682 584 1745 ὼς
637 1682 730 1734 καὶ
768 1681 1046 1744 πολλάκις,
1094 1682 1150 1734 '0
1171 1683 1254 1750 ἐφ’
1285 1681 1443 1752 ἡμῶν
1487 1682 1712 1752 Μωσῆς,

1814 496 2018 549 missus
2069 501 2215 547 esset
2255 491 2404 560 (nam
2451 498 2505 543 et
2551 487 2797 542 barbarae
2830 498 3018 558 gentes
3051 488 3162 544 illic
3191 490 3385 558 posita:

1812 584 2170 641 Constantino
2215 579 2712 650 obsequebantur),
2763 579 2832 633 ab
2868 578 3102 634 Eusebio
3152 580 3386 650 aliisque

1813 677 1907 746 qui
1946 692 2068 728 cum
2108 675 2198 727 illo
2231 681 2387 726 erant
2413 671 2704 740 episcOpis,
2741 669 3026 725 ordinatus
3065 682 3150 725 est
3176 671 3389 740 episco-

1814 781 1916 835 pus
1945 763 2384 817 Christianorum
2417 759 2512 830 qui
2551 759 2692 826 apud
2720 757 2927 812 Gothos
2957 759 3244 828 degebant.
3276 757 3388 812 Eo-

1813 873 1936 910 rum
1962 857 2142 925 itaque
2171 864 2281 908 tum
2311 853 2432 906 aliis
2465 853 2518 905 in
2541 852 2707 906 rebus
2733 851 3022 904 maximam
3055 867 3241 905 curam
3265 867 3389 920 ges-

1815 950 1888 1003 sit
1928 965 1942 1002 :
1972 957 2086 1001 tum
2118 946 2368 1015 proprias
2395 943 2530 1012 ipsis
2557 944 2766 996 litteras
2793 943 3144 1012 excogitavit,
3180 951 3233 996 et
3262 942 3389 996 uui-

1815 1054 2006 1093 versos
2070 1053 2243 1092 sacra:
2305 1035 2600 1104 Scriptum
2659 1033 2834 1087 libros
2904 1035 3080 1101 patrio
3143 1035 3388 1103 ipsorum

1816 1145 2070 1186 sermone
2091 1129 2480 1198 interpretatus
2493 1136 2598 1192 est,
2621 1125 3026 1194 exceptislihris
3053 1125 3389 1195 Regnorum,

1813 1239 1880 1277 eo
1915 1224 2058 1286 quod
2095 1223 2170 1275 illi
2236 1237 2322 1276 res
2351 1221 2493 1274 bello
2532 1229 2712 1287 gestas
2741 1219 3078 1283 contineant,
3123 1234 3258 1289 gens
3287 1234 3388 1272 au-

1816 1326 1922 1370 tem
1957 1315 2047 1368 illa
2098 1315 2255 1368 bellis
2294 1314 2536 1367 maxime
2564 1312 2886 1375 delectetur,
2927 1321 2980 1366 et
3013 1311 3168 1365 freno
3207 1311 3390 1382 potius

1815 1423 1954 1476 opus
1995 1407 2192 1462 habeat
2244 1408 2310 1460 ad
2362 1406 2586 1460 bellicos
2630 1405 2864 1474 impetus
2914 1404 3386 1472 comprimendos.

1816 1513 1978 1568 quam
2021 1497 2219 1551 calcari
2258 1512 2367 1566 quo
2404 1497 2470 1549 ad
2513 1496 2697 1564 praelia
2731 1495 3046 1549 inciteutur.
3096 1493 3387 1547 Maximam

1817 1605 1979 1659 porro
2014 1588 2274 1644 incitandi
2305 1589 2412 1640 vim
2443 1588 2647 1640 habent
2683 1585 2806 1639 libri
2837 1586 2932 1648 illi,
2965 1594 3148 1654 utpote
3172 1585 3264 1654 qui
3301 1601 3393 1637 ve-

1820 1681 2088 1736 nerabiles
2123 1680 2361 1734 maxime
2387 1680 2789 1742 existimentur,
2821 1687 2874 1732 et
2900 1677 3236 1732 credentium
3271 1676 3391 1730 ani-

161 1769 317 1838 λέγειν
343 1773 467 1842 περὶ
500 1772 690 1827 αὐτοῦ.
720 1773 855 1825 Δίαν
885 1772 942 1825 δὲ
976 1766 1129 1834 οὗτος
1161 1773 1252 1826 τὸν
1281 1773 1446 1844 ἄνδρα
1477 1771 1703 1837 θειάζει,

1828 1789 1932 1825 nos
1967 1775 2032 1826 ad
2086 1773 2176 1827 Dei
2223 1775 2432 1828 cultum
2469 1773 2787 1826 informem.
2829 1769 2979 1825 Hanc
3016 1771 3180 1841 igitur
3214 1780 3394 1824 trans-

161 1862 237 1914 καὶ
262 1862 354 1931 τῆς
379 1864 666 1934 αίρετικῆς
694 1863 858 1917 αὑτοῦ
885 1864 1042 1935 δόξης
1075 1864 1312 1936 ἐραστὴν
1341 1865 1501 1919 αὐτόν
1530 1883 1587 1918 τε
1616 1864 1709 1917 καὶ

161 1954 264 2016 τοὺς
291 1955 375 2007 ὑπ’
403 1954 568 2008 αὐτὸν
595 1956 920 2026 ἀναγράφει.

1816 1865 2063 1933 fugarum
2112 1866 2512 1920 multitudinem
2548 1866 2835 1934 imperator
2881 1864 2934 1918 iu
2980 1863 3114 1918 locis
3171 1861 3392 1926 Nursia),

1817 1965 1980 2025 prout
2016 1957 2215 2026 cuique
2259 1959 2432 2011 visum
2463 1966 2566 2022 est,
2607 1957 2930 2022 collocavit;
2965 1966 3018 2010 et
3055 1954 3395 2025 Urtilam-ip-

162 2061 261 2100 tum
281 2048 542 2117 magnoin
567 2049 771 2103 honore
789 2049 1000 2115 habuit,
1025 2049 1162 2104 adeo
1185 2051 1324 2104 utde
1346 2049 1703 2120 illoloquens,
1746 2065 1889 2119 saape
1912 2065 2039 2104 eum
2073 2050 2247 2104 nostri
2275 2051 2538 2120 temporis
2572 2049 2778 2103 Mosem
2847 2049 3160 2116 appellaret.
3221 2049 3396 2102 Caete-

160 2154 260 2193 rum
289 2139 680 2211 Philostorgius
713 2143 860 2199 hunc
884 2141 1107 2197 Uriilam
1149 2143 1300 2197 miris
1329 2143 1582 2197 laudibus
1621 2142 1855 2209 extollit,
1903 2142 2086 2212 aitque
2101 2152 2155 2198 et
2179 2143 2356 2210 illum,
2387 2153 2552 2198 eteos
2573 2144 2666 2213 qui
2723 2143 2826 2197 sub
2848 2142 2938 2196 illo
2972 2151 3128 2196 erant
3165 2140 3394 2197 Gothos.

160 2233 370 2300 ejusdem
403 2250 526 2288 cum
566 2235 685 2303 ipso
721 2234 987 2290 bzereseos
1019 2245 1317 2291 sectatores
1343 2234 1534 2290 fuisse.

218 2329 280 2387 ς’.
312 2324 428 2376 "Ott
457 2326 586 2387 τοὺς
616 2325 883 2378 ἐνδοτάτω
918 2325 1132 2389 Ἰνδοὺς,
1153 2327 1264 2379 ὅσοι
1299 2325 1536 2396 Χριστὸν
1561 2325 1711 2396 ἐμα-

160 2414 236 2466 θον
257 2416 410 2486 τιμᾷν
437 2417 503 2469 ὲκ
532 2417 632 2487 τῆς
665 2417 1070 2488 Βαρθολομαίου
1112 2418 1208 2471 τοῦ
1236 2417 1535 2471 ἀποστόλου
1569 2417 1713 2472 διδα-

161 2505 378 2569 σγαλίας,
403 2507 466 2560 τὸ
490 2508 833 2579 ὲτεροούσιον
858 2509 1183 2580 πρεσϐεύειν
1211 2510 1239 2562 ὁ
1266 2509 1532 2579 δυσσεϐὴς
1557 2505 1709 2580 φησι.

161 2595 252 2648 Καὶ
280 2595 362 2648 τὸν
391 2596 658 2666 Θεόφιλον
684 2597 893 2666 είσάγει
925 2597 1016 2650 τὸν
1051 2598 1209 2650 Ἰνδὸν
1238 2598 1349 2668 (l6)
1385 2597 1445 2651 τὸ
1473 2598 1713 2652 τοιοῦτον

159 2689 507 2758 ἀσπαζόμενον
541 2690 821 2762 φρόνημα,
857 2690 1266 2762 παραγενέσθαι
1302 2708 1361 2743 τε
1394 2693 1476 2755 είς
1515 2692 1715 2755 αὐτοὺς

161 2782 239 2831 καὶ
265 2780 356 2850 τὴν
381 2781 564 2834 αὐτῶν
600 2781 969 2851 ἐκδιηγεῖσθαι
1006 2782 1184 2848 δόξαν.
1215 2785 1288 2836 Τὸ
1309 2784 1365 2836 δὲ
1394 2784 1503 2836 τῶν
1539 2784 1716 2838 Ἰνδῶν

162 2869 289 2934 ἔθνος
331 2872 508 2934 τοῦτο,
549 2872 698 2925 Σὰϐα
737 2873 836 2943 μὲν
887 2874 1054 2928 πάλαι
1093 2874 1236 2945 (17),
1273 2875 1380 2927 ἀπὸ
1423 2876 1524 2946 τῆς
1568 2877 1716 2930 Σάϐα

166 2963 546 3032 μητροπόλεως,
583 2963 651 3016 τὰ
682 2964 777 3016 νῦν
801 2963 858 3024 δὲ
899 2964 1200 3036 Ὀμηρίτας
1233 2965 1538 3020 καλεῖσθαι.

220 3134 275 3197 ζ’.
305 3135 423 3191 Ὀτι
456 3135 767 3209 μετατρεῖς
787 3137 941 3201 ὅλους
969 3136 1246 3202 ἐνιαυτούς
1273 3155 1436 3208 φησιν
1459 3137 1717 3192 Εὐσέϐιον

164 3228 242 3278 καὶ
285 3229 456 3299 Μάριν
487 3230 585 3281 καὶ
626 3229 884 3296 Θέογνιν,
928 3229 1094 3301 ψήφῳ
1128 3231 1392 3300 βασιλέως
1425 3230 1519 3284 τοῦ
1562 3234 1719 3286 Κων-

166 3321 414 3373 σταντίνου
464 3321 728 3375 ἐπανόδου
761 3321 1043 3391 τυχόντας,
1072 3323 1308 3387 πίστεώς
1354 3341 1414 3377 τε
1449 3323 1718 3394 σύμϐολον

164 3410 420 3480 αἱρετικῆς
453 3413 718 3474 ἐκθεῖναι,
765 3415 862 3466 καὶ
911 3414 1218 3484 πανταχόσε
1259 3414 1582 3485 διαπέμψαι,
1629 3418 1717 3470 ἐπ’

164 3503 411 3574 ἀνατροπῇ
446 3505 553 3575 τῆς
581 3507 638 3557 ὲν
686 3505 893 3577 Νικαίᾳ
925 3507 1144 3560 συνόδου
1163 3524 1178 3538 ο
1210 3509 1305 3560 καὶ
1332 3509 1425 3561 τὸν
1466 3509 1717 3576 ’Δλεξαν-

165 3594 324 3664 δρείας
377 3598 727 3669 Ἀλέξανδρον
778 3598 1025 3653 καθελεῖν
1054 3599 1129 3669 (a)
1178 3617 1236 3652 τε
1295 3601 1387 3653 καὶ
1437 3601 1719 3673 ἀποκηρύ-

167 3686 526 3753 ξασθαι,-ἁνθ⁹
581 3683 656 3743 ὧν
701 3692 793 3743 ἐπὶ
822 3691 882 3744 τὸ
928 3691 1212 3760 όμοούσιον
1267 3693 1719 3765 παλιντραπέλως

167 3780 564 3853 ὲτωνὲστρεφεν.
609 3782 767 3835 Ἀλλὰ
799 3783 892 3836 καὶ
921 3783 1216 3836 Εὑστὰθιον
1238 3783 1332 3837 τὸν
1364 3785 1717 3854 Ἀντιοχείας,

169 3873 426 3946 παιδίσκης
459 3875 609 3945 μίξιν
635 3877 728 3929 καὶ
755 3877 987 3949 αἰσχρᾶς
1005 3875 1200 3946 ἡδονῆς
1219 3877 1519 3931 ἀπόλαυσιν
1540 3878 1720 3931 αίτίαν

169 3965 655 4037 ἐπιγραψαμένους,
709 3967 888 4039 φυγὴν
948 3966 1096 4039 αὐτῷ
1152 3967 1404 4038 βασιλεὺς
1455 3970 1723 4040 ἐτιμήσα-

1887 2321 1941 2374 6.
1978 2319 2054 2373 De
2079 2318 2338 2372 Indorum
2363 2319 2672 2371 interiorum
2699 2320 3050 2373 conversione.
3078 2346 3148 2357 —
3176 2320 3395 2374 Aitim-

1814 2413 1936 2482 pius
1965 2409 2404 2480 Philostorgius,
2443 2408 2729 2464 interiores
2777 2409 2936 2462 Indos
2977 2410 3069 2478 qui
3110 2407 3395 2464 Bartholo-

1819 2501 1943 2556 mazi
1981 2500 2219 2569 apostoli
2261 2498 2649 2567 praedicatione
2685 2499 2751 2552 ad
2786 2498 2989 2554 Christi
3018 2501 3222 2554 cultum
3263 2515 3395 2554 cou-

1816 2595 1960 2649 versi
1979 2600 2123 2658 sunt,
2143 2589 2466 2645 dissimilem
2484 2589 2606 2643 Filii
2621 2590 2982 2644 substantiam
2997 2590 3262 2659 proﬁteri.
3281 2589 3396 2661 (t5)

1817 2685 2122 2756 Narratque
2156 2683 2515 2754 Theophilum
2548 2682 2764 2749 ludum,
2788 2684 2879 2753 qui
2901 2683 3040 2737 hanc
3067 2683 3394 2737 sententiam

1821 2778 2272 2848 amplectebatur,
2303 2777 2368 2830 ad
2398 2777 2521 2830 illos
2543 2777 2779 2841 venisse,
2807 2783 3031 2830 etsuam
3059 2775 3167 2828 illis
3183 2774 3398 2843 opinio-

1821 2885 1944 2924 nem
1979 2868 2292 2924 tradidisse.
2325 2867 2434 2922 llos
2455 2878 2635 2922 autem
2673 2866 2833 2922 ludos
2861 2867 2988 2921 olim
3041 2866 3261 2937 quidem
3296 2867 3398 2920 Sac

1821 2963 1970 3016 baios
2017 2961 2095 3015 ait
2121 2975 2243 3015 esse
2271 2961 2450 3016 dictos
2475 2961 2543 3014 ab
2581 2960 2715 3014 urbe
2757 2959 2900 3014 Saba
2920 3000 2936 3027 ,
2968 2975 3090 3028 quae
3129 2968 3294 3030 caput
3315 2971 3397 3015 est

1740 3041 1783 3098 C
1817 3054 1988 3107 totius
2016 3054 2223 3122 gentis;
2261 3068 2406 3106 nunc
2439 3067 2568 3105 vero
2604 3049 2913 3105 Homeritas
2945 3051 3152 3105 vocari.

1895 3143 1948 3198 7.
1983 3143 2307 3198 Arianorum
2339 3143 2608 3212 synodus,
2632 3152 2682 3195 et
2714 3140 2988 3194 Eustathii
3020 3141 3294 3210 depositio.
3325 3170 3393 3182 —-

1825 3236 1916 3290 Ait
1939 3235 2358 3306 Philostorgius,
2389 3234 2707 3301 Eusebium,
2737 3235 2925 3289 Marim
2953 3244 3007 3289 et
3031 3233 3396 3305 Theoguium,

1826 3337 1952 3399 post
1999 3328 2294 3383 triennium
2337 3329 2682 3383 Constantini
2733 3327 3078 3397 imperatoris
3123 3327 3284 3398 jussu
3329 3327 3399 3381 ab

1825 3420 2018 3473 exsilio
2041 3430 2346 3482 revocatos,
2371 3419 2679 3490 symbolum
2703 3418 2974 3472 bmreticze
2999 3417 3119 3472 lidei
3137 3416 3397 3479 edidisse,

1827 3519 1881 3563 et
1925 3526 2366 3580 quaquaversum
2425 3509 2645 3564 misisse
2697 3511 2766 3564 ad
2816 3511 3153 3565 eversionem
3206 3509 3398 3580 synodi

1826 3602 2094 3667 Nicaenaa;
2133 3604 2501 3660 Alexandrum
2534 3619 2753 3674 quoque
2802 3603 3118 3672 episcOpum
3161 3601 3401 3655 Alexan-

1825 3696 2056 3751 dria'ab
2077 3696 2266 3751 iisdem
2293 3697 2600 3766 depositum
2625 3711 2746 3750 esse
2762 3704 2816 3749 et
2843 3682 3410 3756 exconnuunicatum,’

1827 3803 1892 3842 eo
1925 3789 2070 3857 quod
2108 3789 2175 3842 ad
2216 3788 2704 3842 consubstantialis
2745 3787 2906 3840 tidem
2935 3785 3116 3840 denuo
3147 3800 3401 3841 reversus

1828 3889 1994 3933 esset.
2036 3879 2144 3950 (l8)
2174 3878 2280 3933 Sed
2304 3889 2357 3934 et
2380 3878 2721 3934 Eustathium
2745 3877 3166 3931 Antiochensem
3185 3875 3401 3946 episco-

1827 3985 1956 4040 pum
1989 3971 2212 4039 perinde
2240 3971 2309 4024 ab
2337 3971 2524 4024 iisdem
2550 3969 2857 4039 depositum
2885 3985 3028 4034 esse,
3060 3985 3184 4025 cum
3208 3970 3402 4041 puella:

1373 4141 1611 4185 V'ALESII
1654 4140 2152 4186 ANNOTATIONES.

225 4301 328 4370 (l5)
361 4300 684 4358 Theodorit.
716 4303 811 4356 lib.
843 4319 881 4366 ι,
911 4319 961 4358 c.
996 4303 1088 4358 ‘25.

229 4372 327 4441 (l6)
359 4375 655 4441 Θεόφιλον
697 4372 921 4439 είσάγει
948 4375 1048 4428 τὸν
1099 4373 1304 4428 Ἰνδόν.
1348 4371 1501 4426 Hunc
1535 4371 1713 4426 Theo-

172 4442 360 4512 philum
386 4441 792 4512 Philostorgius
821 4454 1083 4512 perpetuo
1108 4444 1298 4498 Indum
1330 4453 1508 4506 vocat,
1543 4455 1602 4496 ut
1633 4443 1712 4496 vi-

172 4511 374 4582 dere_est
399 4513 452 4566 in
471 4511 748 4582 excerptis
767 4511 832 4567 ex
849 4511 940 4568 lib.
970 4529 1028 4568 Ill
1047 4524 1100 4568 et
1124 4531 1195 4574 ιν.
1220 4514 1310 4569 Sic
1333 4522 1512 4568 autem
1537 4513 1716 4566 dictus

172 4588 243 4633 est
265 4580 753 4653 Theophilusfseu
787 4585 934 4650 quod
969 4586 1238 4639 oriundus
1263 4594 1412 4639 esset
1445 4599 1508 4636 ex
1548 4584 1718 4643 India,

173 4663 252 4723 seu
288 4654 405 4719 quia
447 4656 660 4721 legatus
702 4655 767 4707 ad
807 4654 989 4718 ludos,
1025 4655 1138 4708 sive
1182 4653 1468 4723 EtliiOpes
1517 4659 1720 4723 missus

174 4717 329 4774 fuerat
365 4739 394 4776 a
425 4717 774 4789 Constantio,
805 4717 1266 4792 quemadmodum
1306 4717 1466 4778 docet
1535 4722 1719 4777 Philo-

175 4792 408 4864 storgius.
430 4794 593 4848 Certe
644 4793 940 4864 Gregorius
986 4794 1269 4864 Nyssenus
1308 4795 1362 4848 in
1403 4795 1497 4847 lib.
1549 4795 1723 4862 primo

175 4871 333 4933 contra
346 4861 692 4933 Eunomium,
709 4861 1065 4933 Theophilum
1084 4865 1228 4920 hunc
1247 4863 1528 4933 Blemmyn
1545 4861 1723 4924 vocat,

176 4928 335 5002 aitque
363 4932 686 4986 familiarem
725 4928 874 4988 illuni
904 4933 1074 4988 fuisse
1099 4935 1331 4990 Cmsaris
1358 4928 1496 4988 Galli
1530 4953 1542 4988 :
1576 4934 1722 5002 quod

174 5001 366 5074 quidem
394 5013 626 5074 testatur
645 5004 806 5057 etiam
833 5003 1234 5074 Philostorgius
1266 5005 1317 5058 in
1348 5003 1486 5058 libro
1516 5001 1724 5058 tv.’Lo-

178 5086 259 5122 cus
281 5070 518 5145 Gregorii
544 5071 770 5145 Nysseni
801 5076 879 5145 sic
910 5076 1070 5129 habet
1099 5070 1402 5145 εΤινώσκει
1423 5074 1521 5145 τὴν
1545 5091 1728 5145 καινο·

179 5138 755 5214 φωνίανταύτηνκαὶό
785 5143 1038 5214 Βλέμμυς
1060 5144 1336 5213 Θεόφιλος,
1369 5138 1412 5211 ᾧ
1442 5138 1728 5214 συνηθείας

177 5209 300 5286 τινέξς
329 5215 451 5286 περὶ
477 5209 794 5286 τδνλΓαλλον
831 5209 1310 5286 προϋπαρχούσης.
1328 5209 1394 5286 ,δ’
1414 5209 1617 5286 Ἀἐτιος
1649 5216 1729 5276 είς

177 5281 236 5331 τὰ
257 5281 494 5350 βασίλεια
517 5283 584 5336 δι’
619 5283 784 5336 αὐτοῦ
820 5281 1136 5356 παρεδύετο.
1173 5281 1286 5339 Nisi
1316 5285 1455 5338 forte
1481 5285 1728 5338 dicamus

1748 4312 1798 4370 υ
1825 4303 2131 4373 Bleinmyas
2161 4302 2385 4372 perinde
2411 4317 2476 4357 ac
2501 4302 2788 4372 A‘Sthiopas
2807 4304 3046 4373 vicinos,
3071 4319 3098 4356 a
3125 4305 3404 4360 veteribus

1824 4372 1984 4445 ludos
2018 4372 2140 4427 esse
2165 4374 2485 4445 appellatos.
2520 4373 2664 4445 Sane
2694 4373 2999 4445 Blemmycs
3035 4372 3208 4445 Mauri
3235 4377 3401 4429 etiam

1823 4444 1954 4496 dicti
1986 4453 2132 4504 sunt,
2161 4445 2236 4496 uti
2265 4444 2530 4497 discimus
2547 4461 2610 4497 ex
2630 4443 2922 4499 Ammonio
2952 4445 3004 4498 in
3036 4445 3127 4498 lib.
3155 4444 3235 4497 De
3267 4448 3406 4500 cardo

1825 4512 2051 4566 Patrum
2083 4515 2135 4566 in
2166 4528 2339 4568 monte
2367 4513 2520 4568 Sina.

1893 4583 2005 4651 (l7)
2051 4583 2211 4637 Σάϐιι
2249 4584 2367 4652 μὲν
2410 4583 2618 4637 πάλαι.
2664 4585 2717 4636 lu
2756 4601 2859 4638 ms.
2897 4585 3082 4639 codice
3130 4585 3406 4640 Samuelis

1823 4654 2082 4708 Bocharti
2124 4655 2386 4708 scribitur
2420 4654 2615 4707 Σάϐαι.
2657 4653 2832 4719 Quam
2875 4655 3162 4708 lectionem
3210 4655 3406 4710 coniir-
3499 4693 3504 4698 ε

1823 4734 1938 4778 mat
1989 4725 2300 4792 Stephanus
2339 4725 2629 4794 Byzantius
2656 4764 2670 4782 .
2712 4727 2801 4791 qui
2840 4725 3181 4793 metropolim
3229 4725 3402 4794 ipsam

1824 4795 1897 4848 ita
1916 4795 2116 4848 dictam
2141 4809 2262 4849 esse
2285 4803 2515 4848 testatur
2539 4796 2591 4846 in
2613 4809 2742 4846 voce
2769 4794 2958 4848 Σάϐαι.
2984 4795 3252 4848 Arrianus
3276 4810 3409 4850 vero

1825 4865 1893 4936 in,
1915 4866 2125 4934 periplo
2151 4864 2320 4936 maris
2352 4864 2657 4936 Erythraei,
2694 4865 2881 4917 urbem
2912 4865 3084 4933 ipsam
3123 4866 3272 4936 Σαϐη
3301 4882 3398 4920 no-

1825 4933 2286 5006 minat,populos
2316 4933 2446 5006 vero
2473 4933 2746 5006 Saliaitas,
2772 4936 2865 5006 qui
2898 4937 3075 4988 eidem
3099 4940 3209 5006 regi
3245 4933 3406 5005 pare-

1826 5005 1955 5058 bant
1985 5009 2072 5060 cui
2122 5003 2434 5058 llomeritaa.
2475 5004 2709 5057 Proinde
2748 5005 2970 5059 Sabaeos
3011 5007 3082 5059 ab
3113 5003 3407 5064 Hom—eritis

1825 5075 2114 5144 distinguit
2141 5073 2428 5128 Arrianus.
2464 5074 2701 5129 Urauius
2727 5089 2946 5144 quoque
2979 5076 3030 5128 iu
3068 5077 3162 5130 lib.
3198 5094 3210 5129 I
3263 5075 3410 5129 Ara-

1831 5141 2060 5198 bicoru'in
2093 5184 2125 5214 ,ί
2158 5144 2380 5198 Sabaeos
2411 5145 2480 5199 ab
2516 5141 2807 5198 llumeritis
2837 5141 3054 5214 separat
3075 5188 3090 5207 ,
3126 5157 3182 5201 ut
3227 5149 3411 5202 videre

1827 5225 1908 5267 est
1936 5214 2087 5287 apud
2108 5213 2442 5287 Stephanum
2487 5216 2539 5268 in
2573 5229 2705 5287 voce
2725 5213 3106 5287 χατραίμῶται.

1903 5285 2014 5352 (l8)
2046 5283 2361 5339 Theodorit.
2396 5287 2431 5338 Ι.
2465 5303 2502 5349 ι,
2537 5302 2587 5340 c.
2630 5286 2721 5338 2|.

1626 5470 1972 5515 VARIORUM.

232 5589 301 5673 la)
333 5596 438 5673 Κςιί
470 5597 585 5673 τόν.
626 5599 1082 5673 ᾗαὶλεεανδρείας
1137 5600 1533 5669 Ἀλέξανδρον
1590 5604 1728 5673 καθ-

179 5665 342 5742 ςιεξν.
379 5666 491 5722 Hoc
518 5668 873 5724 falsissimum
901 5665 980 5742 est
1015 5689 1028 5725 :
1058 5674 1198 5724 inter
1225 5665 1586 5726 ornnes'enim
1643 5672 1726 5724 hi-

184 5740 392 5792 storicus
421 5749 651 5806 constat,
689 5741 1056 5796 Alexandrum
1081 5742 1229 5797 brevi
1266 5744 1522 5812 temporis
1550 5741 1725 5812 spatio

1835 5602 2068 5674 concilio
2115 5602 2334 5659 Nicaruo
2368 5605 2759 5674 supet'vixisse.
2805 5604 3010 5672 Quinto
3051 5611 3172 5674 post
3225 5616 3411 5657 mense

1835 5673 2160 5798 WiitLjnx/ta
2195 5674 2554 5732 Athanasium
2584 5719 2597 5742 ,
2635 5677 2791 5747 Apol.
2851 5692 2912 5741 ιι,
2951 5691 3073 5747 pag.
3110 5673 3232 5739 565,
3275 5679 3408 5729 edd.

1910 5781 1921 5794 .
1998 5759 2072 5798 0w
2115 5763 2151 5798 ι.
