3828 6310
149 298 219 350 ’ἕΰ
1151 310 1708 373 ECCLESIASTICA‘J
1749 315 2096 376 HISTORUE
2137 325 2264 381 Litt.
2307 325 2370 382 'll.

187 409 280 461 ια’.
315 408 442 462 Ὅτι
481 411 546 464 τὸ
577 411 834 478 δυσσεϐὲς
873 411 1030 482 οὗτος
1059 421 1153 474 τοῦ
1187 424 1420 493 ψεύδους
1453 427 1703 499 ὄργανον,
1733 435 1782 493 Α

131 499 486 573 Ἀλεξάνδρου
521 503 616 556 τοῦ
667 506 1078 580 ’Δλεξανδρείας
1123 515 1565 587 τελευτήσαντος,
1609 521 1704 574 καὶ

112 591 314 660 ψήφων
367 593 548 648 ἄλλων
599 597 686 648 ἐπ’
739 598 934 684 ἄλλους
973 608 1286 674 φερομένων
1309 647 1325 672 ,
1373 611 1468 662 καὶ
1511 613 1702 681 χρόνου

113 684 258 747 τινος
279 685 380 738 ἐπὶ
404 685 568 740 τοῦτο
597 693 1060 763 παρατεινομένου
1082 695 1217 766 (24),
1245 699 1338 752 τὸν
1365 699 1508 754 θεῖον
1541 704 1703 757 Ἀθα-

111 774 298 828 νάσιὸν
341 793 476 846 φησι
527 773 660 850 περὶ¹
708 780 890 852 δείλην
934 783 1097 854 ὀψίαν
1147 789 1228 851 είς
1276 796 1376 861 τὴν
1429 794 1702 848 Διονυσίου
1739 823 1758 838 ι

113 867 468 941 καλουμένην
519 872 818 943 ἐκκλησίαν
859 877 1245 950 ἐσπηδήσαντα
1285 882 1420 954 (25),
1467 886 1564 939 καὶ
1611 886 1704 940 δύο

108 959 266 1024 τινάς
297 963 410 1014 τῶν
443 963 758 1032 Αἰγυπτίων
787 969 1101 1024 ἐπισκόπων
1127 973 1376 1044 εὑρόντα,
1401 975 1500 1040 τὰς
1529 977 1703 1043 πύλας

109 1068 168 1104 τε
221 1053 366 1106 κατὰ
415 1055 758 1128 ὀχυρώτατον
807 1060 946 1131 μετὰ
998 1063 1106 1116 τῶν
1149 1068 1530 1124 συστασιωτῶν
1580 1073 1703 1124 ἐπι-

111 1144 494 1214 κλεισάμενον,
514 1145 657 1200 οὕτω
691 1149 790 1219 τὴν
819 1154 1154 1224 χειροτονίαν
1185 1157 1438 1212 ὑπελθεῖν
1463 1159 1560 1230 (a),
1593 1161 1702 1214 τῶν

109 1238 574 1308 χειροτονούντων
601 1243 772 1297 πολλὰ
796 1245 896 1314 μὲν
921 1247 1312 1303 ἀνανευόντων.
1331 1251 1442 1321 Τῆς
1460 1251 1515 1304 δέ
1543 1269 1704 1324 προσ-

109 1329 394 1401 αγομένης
417 1333 604 1397 αὐτοῖς
634 1335 780 1406 βίας,
813 1336 1058 1408 μείζονος
1097 1341 1195 1410 τῆς
1235 1341 1433 1412 βουλῆς
1471 1345 1565 1397 καὶ
1601 1346 1702 1415 τῆς

107 1421 402 1492 δυνάμεως
435 1429 818 1500 γεγενημένης
839 1470 854 1494 ,
903 1431 968 1483 τὸ
1008 1431 1200 1485 δοκοῦν
1255 1433 1555 1507 Ἀθανασίῳ
1584 1437 1702 1489 ἐπι-

105 1510 454 1584 τελεσθῆναι.
495 1517 606 1569 Καὶ
635 1517 710 1582 ὡς
735 1521 764 1572 ὁ
807 1519 998 1593 παρὼν
1045 1523 1154 1576 τῶν
1191 1526 1512 1580 ἐπισκόπων
1541 1528 1701 1592 ἄλλος

105 1603 322 1673 ὅμιλος,
352 1605 442 1658 διὰ
469 1608 570 1676 τὴν
604 1609 863 1680 τοιαύτην
892 1613 1074 1666 αἰτίαν
1120 1615 1200 1685 τῷ
1234 1617 1545 1689 ἀναθήματι
1571 1619 1698 1672 τοῦ-

103 1713 192 1748 τον
221 1699 683 1769 παρεπέμψαντο.
713 1703 820 1756 Τὸν
845 1703 902 1756 δὲ
942 1705 1258 1763 Ἀθανάσιον
1287 1711 1698 1782 κρατυνάμενον

3267 340 3375 394 874

1880 433 1966 489 ll.
1998 435 2323 494 Athanasius
2351 457 2431 512 ep.
2466 443 2619 498 Alex.
2659 475 2717 485 —
2749 446 2835 500 Ait
2868 445 3068 518 impius
3099 449 3190 506 hic
3221 467 3378 506 men-

1806 525 2087 582 daciorum
2120 531 2337 594 artifex,
2376 545 2496 602 post
2529 545 2760 592 mortem
2806 538 3100 595 Alexandri
3132 542 3377 615 episcopi

1805 614 2167 684 Alexandrini,
2211 637 2336 677 cum
2377 627 2719 683 variantibus
2758 629 3144 702 episcoporum
3181 614 3378 692 suifra-

1805 707 1929 776 giis,
1959 709 2145 778 plures
2178 711 2596 783 designarentur
2623 718 2901 789 episcopi,
2947 727 3002 776 et
3029 722 3372 794 aliquantum

1803 801 2067 869 temporis
2121 803 2176 856 in
2229 804 2333 860 hac
2381 807 2736 864 altercatione
2787 821 3075 878 tereretur,
3126 813 3374 870 divinum

1801 889 2162 948 Athanasium
2193 898 2294 950 sub
2323 911 2602 966 vesperam
2627 901 2682 954 in
2712 902 3002 958 ecclesiam
3026 920 3148 974 quae
3172 903 3376 977 Diony-

1804 985 1874 1039 sii
1905 985 2128 1052 dicitur,
2162 989 2448 1046 advolasse
2489 1011 2502 1046 ε
2538 1009 2773 1064 cumque
2805 995 2880 1050 ibi
2930 997 3071 1053 duos
3099 999 3371 1069 quosdam

1802 1077 2087 1149 episcopos
2115 1079 2336 1152 :Egypti
2375 1085 2698 1153 rcperisset,
2730 1087 2930 1158 jauuas
2971 1106 3079 1145 una
3104 1107 3230 1147 cum
3255 1107 3368 1146 suze

1802 1167 2056 1225 factionis
2103 1169 2417 1227 hominibus
2461 1176 2774 1232 ﬁrmissime
2821 1179 3156 1246 occlusisse,
3206 1191 3372 1251 atque

1803 1261 1877 1314 ita
1928 1261 2240 1318 ordinatum
2283 1279 2437 1329 esse,
2485 1268 2718 1322 multum
2769 1269 2896 1325 licet
2945 1273 3370 1328 reclamantibus

1803 1354 2228 1411 ordinatoribus.
2285 1357 2389 1412 Sed
2425 1373 2550 1414 cum
2595 1361 2678 1414 vis
2728 1361 2836 1418 illis
2880 1362 3170 1420 inferretur
3219 1366 3367 1435 ejus-

1800 1446 1986 1512 modi,
2018 1461 2140 1516 quae
2174 1449 2510 1506 voluntatem
2540 1453 2785 1522 ipsorum
2817 1457 3231 1527 pomutiamque
3279 1473 3371 1513 su-

1799 1537 2045 1605 perabat,
2065 1537 2374 1594 conl‘ectum
2395 1556 2514 1597 esse
2531 1541 2585 1597 id
2610 1547 2755 1613 quod
2773 1546 2986 1601 volebat
3013 1547 3366 1604 Athanasius.

1799 1627 1964 1682 Addit
1993 1626 2392 1701 Philostorgius
2432 1635 2696 1703 reliquam
2729 1637 3110 1708 episcoporum
3137 1639 3231 1708 qui
3255 1647 3368 1694 tum

1801 1718 2028 1772 aderant
2061 1719 2488 1788 multitudinem,
2521 1723 2879 1780 Athanasium
2911 1726 3074 1795 hujus
3103 1729 3180 1782 rei
3203 1741 3370 1782 causa

103 1789 170 1840 τὰ
203 1789 336 1842 καθ’
365 1791 584 1855 ἑαυτὸν,
616 1792 692 1856 ὡς
722 1793 831 1846 άπὸ
857 1795 952 1848 τοῦ
981 1797 1159 1850 κοινοῦ
1189 1799 1290 1868 τῆς
1318 1801 1526 1865 πόλεως
1559 1805 1677 1873 πρὸς

1799 1811 2130 1867 anathemati
2178 1813 2502 1884 subiecisse.
2554 1815 2712 1873 Hunc
2757 1834 2887 1874 vero
2911 1861 2926 1886 ,
2959 1835 3084 1874 cum
3123 1836 3209 1876 res
3241 1836 3370 1875 suas

105 1879 332 1947 βασιλέα
355 1883 566 1953 γράψαι
587 1885 686 1956 τὴν
721 1887 802 1949 εἰς
825 1886 1361 1964 τὴνιάρχιερωσύνην
1389 1893 1696 1966 ἀνάρρησιν

101 1972 290 2026 αὑτοῦ.
341 1974 448 2026 Τὸν
497 1975 590 2038 δὲ,
641 1977 942 2047 νομίσαντα
989 1980 1176 2051 κοινῆς
1219 1981 1416 2054 βουλῆς
1457 1980 1596 2037 εἶναι
1634 1984 1696 2037 τὸ

101 2063 382 2135 γράμμα,
446 2066 780 2137 ἐπιψηφίσαι
836 2069 936 2142 τὴν
1020 2073 1258 2144 κατοχὴν
1327 2073 1418 2128 τοῦ
1481 2074 1692 2146 θρόνου.

106 2155 373 2228 Ὕστερον
403 2157 460 2210 δὲ
495 2157 736 2227 μαθόντα
765 2158 833 2212 τά
869 2163 1256 2234 πεπραγμένα,
1286 2167 1366 2228 εἰς
1393 2165 1568 2238 Τύρον
1595 2167 1695 2237 τῆς

99 2248 355 2318 Φοινίκης
401 2250 570 2304 αὑτὸν
617 2251 1030 2318 ἐξαποστεῖλαι,
1063 2255 1142 2326 τῷ
1189 2257 1372 2310 ἐκεῖσε
1425 2259 1692 2330 συνεδρίῳ

98 2341 252 2409 λόγον
305 2336 384 2396 ὧν
423 2343 616 2414 ἔδρασε
649 2343 908 2400 δώσοντα.
945 2349 1053 2400 Καὶ
1083 2348 1236 2419 μόλις
1267 2351 1366 2420 μὲν
1403 2348 1498 2405 οὖν
1546 2349 1688 2420 εἶξαι

97 2439 206 2498 τοῖς
244 2434 543 2505 βασιλείοις
571 2437 824 2500 ἀπειλαῖς
865 2439 960 2492 τὸν
1005 2439 1343 2496 Ἀθανάσιον.
1371 2442 1605 2507 Εἴξαντα
1643 2443 1690 2497 δ’

93 2521 184 2580 οὖν
213 2528 314 2580 καὶ
341 2529 790 2598 παραγενόμενον
811 2531 892 2594 εἰς
910 2529 1104 2604 Τύρον,
1133 2533 1260 2598 τοὺς
1288 2535 1386 2605 μὲν
1409 2535 1564 2607 δίκην
1588 2537 1690 2589 οὐκ

95 2619 445 2690 εἰσέρχεσθαι
472 2621 608 2691 (26)·
632 2621 858 2689 γύναιον
886 2622 944 2676 δέ
969 2641 1018 2677 τι
1045 2623 1458 2695 μισθωσάμενον
1486 2629 1690 2698 ἑταιρι-

95 2711 206 2774 κὸν,
244 2709 348 2782 ἤδη
375 2711 456 2781 τῷ
489 2713 590 2782 τῆς
631 2713 870 2785 γαστρὸς
905 2714 1054 2784 ὄγκῳ
1087 2715 1184 2786 τὴν
1214 2717 1512 2770 ἀκολασίαν
1554 2736 1686 2790 στη-

95 2803 330 2868 λιτεῦον,
373 2805 670 2872 ἐπαφεῖναι
716 2805 1160 2877 διαμηχανᾶσθαι
1191 2807 1270 2877 τῷ
1315 2807 1594 2880 Εὐσεόίῳ,
1628 2811 1686 2874 ὃς

93 2897 184 2948 τοῦ
220 2898 408 2950 ἐκεῖσε
469 2898 748 2968 συνεδρίου
785 2903 1082 2970 κορυφαῖος
1133 2901 1445 2970 ἐνομίζετο·
1480 2902 1558 2974 τῷ
1599 2903 1686 2956 διὰ

91 2989 186 3059 τὴν
231 2989 627 3057 συκοφαντίαν,
677 2991 752 3054 ὡς
785 2992 954 3056 εἰκὸς,
993 2993 1288 3063 ἐμπεσόντι
1345 2993 1557 3066 θορύϐῳ
1590 2997 1685 3048 καὶ

93 3081 342 3154 ταράχῳ,
378 3083 480 3153 τήν
535 3100 596 3135 τε
649 3083 808 3154 δίκην
857 3084 1161 3154 ὑποκλέψαι
1211 3086 1304 3138 καὶ
1351 3085 1450 3158 τὴν
1503 3087 1683 3158 κρίσιν

87 3174 352 3241 ἐκφυγεῖν
399 3171 781 3242 διανοούμενος
813 3173 960 3244 (2³7)·
1002 3175 1320 3247 φωραθῆναι
1355 3176 1412 3229 δέ
1451 3178 1551 3248 τὴν
1592 3194 1686 3229 συ-

91 3266 292 3334 σκευὴν
319 3265 349 3316 ὁ
383 3265 480 3318 τοῦ
513 3265 746 3334 ψεύδους
794 3267 946 3335 φίλος
982 3267 1309 3340 ἀναγράφει,
1341 3269 1408 3322 δι’
1449 3265 1516 3342 ᾖς
1558 3269 1686 3340 μεθ-

85 3357 206 3410 όδου
235 3358 410 3425 φασὶν
437 3359 486 3411 οἱ
531 3359 776 3422 εὐσεϐεῖς
809 3359 870 3412 τὸ
909 3361 1054 3413 κατὰ
1105 3361 1200 3414 τοῦ
1239 3361 1478 3431 μεγάλου
1523 3362 1683 3415 Ἀθα-

87 3449 276 3502 νασίου
316 3449 592 3520 μισθωθέν
624 3451 778 3523 παρὰ
815 3451 926 3505 τῶν
961 3451 1240 3507 δυσσεϐὧν
1307 3453 1576 3526 πορνίδιον
1609 3453 1685 3506 δι-

87 3541 442 3612 ελεγχθῆδαι.
483 3542 588 3594 Τὸν
619 3543 718 3614 μὲν
757 3544 866 3615 γάρ
917 3544 1178 3598 Εὐσέϐιον
1226 3527 1682 3602 διαπυνθάνεσθαι

83 3637 180 3704 τῆς
205 3635 505 3706 ἐταιρίδος,
541 3637 590 3688 εἰ
611 3637 871 3703 γινώσκει
901 3638 1076 3708 αὐτῆς
1107 3638 1200 3692 τὸν
1229 3639 1436 3710 φθορέα
1459 3655 1472 3670 ·
1500 3642 1597 3711 τῆς
1625 3643 1682 3695 δὲ

87 3728 180 3780 καὶ
209 3727 364 3796 μάλα
386 3727 820 3800 διατεινομένης,
847 3731 1388 3800 προσαναπυθέσθαι,
1415 3735 1464 3786 εί
1489 3735 1593 3806 ἄρα
1617 3753 1682 3804 γε

83 3821 274 3874 τοῦτον
309 3823 340 3874 ὁ
399 3821 592 3893 παρὼν
643 3824 834 3894 χρόνος
883 3824 995 3894 ἔχει
1053 3825 1201 3894 (28)·
1233 3825 1332 3897 τὴν
1383 3826 1439 3880 δὲ
1493 3829 1678 3896 φάναι,

83 3914 362 3984 Εὐφήμει,
396 3907 442 3966 ὦ
489 3913 760 3968 δέσποτα·
799 3918 860 3969 οὐ
892 3919 1000 3988 γὰρ
1048 3915 1212 3986 ἔγωγ’
1263 3917 1329 3972 ἂν
1365 3921 1678 3992 μαινοίμην,

83 4005 296 4076 ανδρῶν
351 4005 615 4058 τοιούτων
670 4007 898 4078 αἰσχρᾶς
943 4009 1135 4080 ἡδονῆς
1183 4009 1445 4064 δουλείαν.
1517 4013 1680 4066 Ὥστε

85 4097 436 4164 καταγνῶναι
488 4093 588 4152 εἶτ’
632 4099 884 4153 ἐντεῦθεν
935 4100 1254 4170 ἀρξαμένης
1298 4103 1681 4174 παραγυμνοῦ-

83 4190 204 4242 σθαι
245 4189 353 4256 τῆς
384 4191 670 4261 ἀληθείας,
697 4193 798 4263 τὴν
828 4194 958 4265 ὃλην
987 4195 1257 4267 συσκευὴν
1296 4196 1680 4269 ἁνακαλυφθῆ-

83 4297 188 4336 ναι.
233 4283 350 4336 Καὶ
399 4282 496 4337 τὸν
540 4284 644 4353 μὲν
703 4285 966 4338 Εὑσέὗιον
1023 4287 1258 4358 κρείττω
1315 4289 1678 4356 συκοφαντίας

81 4375 260 4446 πάσης
285 4374 561 4444 ὀφθῆναι·
601 4377 694 4429 τὸν
721 4377 778 4431 δὲ
824 4378 1160 4440 Ἀθανάσιον,
1195 4381 1314 4432 ἀντὶ
1346 4379 1442 4432 τοῦ
1485 4384 1678 4450 φυγεῖν

1796 1903 1950 1972 prius
1980 1905 2377 1972 confirmasset,
2415 1909 2582 1964 totius
2630 1909 2865 1965 civitatis
2901 1913 3124 1967 nomine
3157 1912 3368 1966 litteras

1796 1997 1862 2051 ad
1891 1997 2274 2068 imperatorem
2309 1999 2375 2054 de
2403 2001 2748 2057 ordinatione
2778 2019 2876 2058 sua
2912 2003 3228 2074 scripsisse.
3260 2005 3366 2071 Qui

1795 2105 1921 2144 cum
1959 2083 2288 2146 easlitteras
2314 2092 2383 2147 ab
2411 2093 2907 2149 Alexandrinorum
2947 2097 3098 2151 curia
3134 2095 3370 2167 scriptas

1794 2195 1916 2236 esse
1957 2181 2333 2250 existimaret,
2383 2185 2706 2240 electionem
2757 2187 2906 2240 illam
2959 2201 3062 2242 suo
3109 2187 3370 2258 suffragio

1793 2275 2190 2342 comprobavit.
2246 2273 2442 2330 Postea
2483 2291 2614 2331 vero
2642 2277 2710 2331 de
2752 2279 2821 2331 iis
2851 2295 2974 2348 quae
3002 2287 3122 2334 acta
3152 2278 3367 2334 fuerant

1793 2361 1992 2415 certior
2027 2361 2223 2430 factus,
2249 2365 2609 2419 Athanasium
2643 2366 2790 2421 misit
2824 2365 3052 2438 Tyrum,
3083 2383 3204 2438 quat
3237 2369 3368 2423 urbs

1775 2463 1874 2510 'est
1897 2453 2202 2522 Phoenices,
2231 2465 2288 2512 ut
2314 2459 2522 2529 synodo
2545 2475 2665 2529 quae
2687 2460 2760 2514 ibi
2787 2461 3014 2516 collecta
3035 2471 3172 2524 erat,
3200 2461 3368 2516 ratio-

1790 2558 1912 2599 nem
1965 2557 2239 2618 gestorum
2289 2550 2559 2606 redderet.
2607 2551 2672 2605 Et
2740 2553 3100 2608 Athanasium
3149 2555 3366 2624 quidem

1789 2635 2133 2707 imperatoris
2183 2640 2349 2696 minis
2393 2642 2630 2697 cessisse
2683 2643 2875 2698 scribit
2933 2643 3365 2717 Pbilostorgius.

1789 2726 2032 2790 Tandem
2063 2745 2193 2784 vero
2221 2747 2345 2786 cum
2380 2733 2621 2788 venisset
2655 2732 2860 2804 Tyrum
2881 2774 2896 2798 ,
2927 2735 3108 2806 ipsum
3145 2737 3366 2806 quidem

1788 2821 1983 2876 sistere
1999 2822 2132 2876 sein
2156 2821 2366 2892 judicio
2385 2823 2630 2880 noluisse
2651 2842 2666 2891 ;
2689 2826 2782 2880 sed
2811 2827 3154 2881 meretricem
3177 2843 3366 2898 quam-

1785 2915 1934 2979 dam,
1959 2931 2081 2984 quae
2104 2915 2224 2986 ipso
2245 2919 2451 2972 ventris
2473 2930 2685 2972 tumore
2703 2917 3183 2988 intemperantiam
3213 2935 3366 2974 suam

1785 3009 2078 3078 prodebat,
2113 3009 2362 3065 mercede
2394 3010 2758 3077 conduxisse,
2795 3019 2850 3066 et
2882 3011 3149 3067 adversus
3195 3011 3366 3068 Euse-

1785 3101 1957 3168 bium,
1987 3102 2080 3171 qui
2106 3101 2296 3172 synodi
2323 3101 2470 3156 illius
2493 3101 2748 3172 princeps
2785 3111 2948 3173 atque
2972 3105 3366 3174 antesignanus

1787 3193 2110 3260 habebatur,
2147 3209 2244 3264 per
2290 3193 2535 3250 fraudem
2586 3195 2940 3264 submisisse;
2982 3197 3218 3252 tumultu
3272 3197 3366 3252 illo

1788 3297 1854 3338 ac
1885 3291 2036 3338 motu
2070 3285 2163 3353 qui
2188 3301 2255 3339 ex
2279 3285 2596 3353 bujusmodi
2636 3285 2933 3352 calumnia,
2973 3295 3031 3342 ut
3063 3287 3365 3344 verisimile

1785 3384 1892 3440 est,
1918 3376 2240 3431 excitandus
2261 3385 2396 3443 erat,
2426 3377 2710 3432 elusurum
2735 3393 2793 3433 se
2819 3378 3109 3448 judicium,
3140 3389 3194 3435 et
3213 3381 3350 3435 dam-

1786 3467 2063 3520 nationem
2104 3465 2600 3538 subterfugiturum
2637 3483 2794 3532 esse,
2840 3470 3222 3527 arbitrantcm.
3259 3473 3364 3528 Sed

1785 3559 2030 3612 fraudem
2058 3555 2324 3612 detectam
2355 3574 2476 3614 esse
2517 3560 2710 3614 scribit
2747 3561 3137 3631 philopseudes
3178 3571 3364 3618 noster

1783 3651 1971 3712 eodem
2019 3651 2179 3720 plane
2218 3651 2421 3715 modo,
2462 3666 2573 3722 quo
2616 3653 2905 3707 orthodoxi
2953 3664 3196 3708 scortum
3231 3655 3362 3709 illud

1783 3742 1928 3812 quod
1964 3742 2228 3797 adversus
2268 3758 2528 3812 maguum
2577 3741 2938 3798 Athanasium
2981 3745 3050 3799 ab
3092 3745 3364 3808 luereticis

1783 3835 2112 3889 conductum
2143 3833 2338 3902 fuerat,
2370 3835 2684 3890 convictum
2719 3851 2841 3890 esse
2891 3835 3159 3891 scribunt.
3189 3835 3362 3890 Euse-

1773 3925 1932 3980 bium
1978 3927 2122 3979 euim
2170 3926 2246 3980 ait
2313 3926 2631 4002 quasivisse
2686 3941 2754 3981 ex
2805 3928 3125 3992 meretrice,
3181 3937 3361 3983 utrum

1781 4027 2146 4088 stupratorem
2208 4021 2369 4072 suum
2425 4027 2633 4073 nosset.
2661 4017 2795 4084 Quae
2843 4035 2968 4074 cum
3029 4019 3364 4075 afﬁrmasset

1781 4109 1933 4162 illum
2005 4108 2112 4164 sibi
2173 4109 2342 4178 probe
2419 4115 2611 4162 uotum
2679 4123 2835 4176 esse,
2929 4125 3126 4166 rursus
3192 4110 3362 4165 Euse-

1778 4199 1930 4254 bium
1998 4198 2348 4269 quaesivisse,
2401 4214 2533 4252 num
2589 4198 2680 4254 ille
2733 4200 2790 4254 in
2852 4201 3106 4270 praesenti
3146 4201 3360 4272 episco-

1777 4307 2280 4363 porumconsessu
2351 4299 2684 4347 versaretur.
2747 4289 2878 4346 Eam
2947 4307 3080 4347 vero
3129 4307 3358 4364 respon-

1779 4385 1928 4439 disse
1970 4401 1984 4438 :
2021 4382 2172 4438 Bona
2205 4385 2394 4450 verba,
2431 4384 2692 4452 domine;
2727 4399 2902 4455 neque
2928 4385 3076 4440 enim
3103 4401 3203 4456 ego
3235 4395 3358 4440 tau-

1327 4537 1568 4581 VALESII
1610 4539 2108 4586 ANNOTATIONES.

147 4643 260 4718 (εἰ)
293 4644 534 4718 Χρᾴνου
567 4641 766 4718 Ατι-νὸς.
787 4642 884 4695 ἐπὶ
927 4641 1103 4697 τοῦτο
1137 4644 1667 4713 παρατεινομένου.

1791 4647 2092 4718 μιὶιηκτηυί
2125 4645 2326 4718 (ἔναξε-αι
2361 4647 2818 4718 lingtuenprorsus
2873 4642 3040 4702 fuerit
3063 4645 3306 4714 ignarus.

79 4712 258 4770 Malim
287 4715 537 4784 scribere
561 4714 656 4784 ἐπὶ
678 4712 874 4784 τούτῳ.

143 4787 258 4854 (23)
300 4783 798 4850 ’Exznaﬁo-arta.
827 4783 1074 4840 Rectius
1111 4785 1164 4838 in
1198 4800 1302 4838 ms.
1344 4785 1534 4840 codice
1564 4784 1668 4841 Sa-

79 4859 270 4910 muelis
295 4855 562 4909 Bocbarti
579 4855 841 4926 scriptum
862 4865 966 4918 est,
992 4855 1395 4926 ἐσπηδήσαντα.
1421 4857 1483 4926 Et
1509 4858 1668 4924 paulo

77 4935 196 4994 post
223 4928 318 4980 ubi
351 4937 516 4997 antea
543 4925 845 4996 legebatur,
876 4925 986 4978 τῶν
1023 4925 1130 4996 μὲν
1154 4925 1667 4997 χειροτονηθέντων,

76 5015 138 5052 rx
161 4998 357 5050 eodem
383 4996 574 5067 codice
603 4995 886 5067 emendavi
913 4995 1381 5067 χειροτονούντων.

143 5069 256 5136 (9.6)
289 5067 446 5132 Τοὺς
467 5065 585 5135 μὲν
611 5065 792 5134 δίκην
813 5065 1300 5136 οὐκίείσέρχεθαι.
1329 5066 1450 5122 Non
1479 5067 1668 5121 dubito

77 5141 200 5206 quin
229 5139 598 5208 scribendum
627 5138 717 5208 sit,
752 5139 832 5199 είς
864 5137 964 5207 μὲν
995 5137 1153 5208 δίκην
1181 5139 1280 5191 οὐκ
1301 5137 1670 5208 εἰσέρχεσθαι,

77 5211 152 5263 vel
183 5211 372 5276 potius
405 5207 574 5279 αὑτὸν
609 5207 706 5279 μὲν
731 5208 886 5278 δίκην
913 5208 1012 5260 οὐκ
1041 5207 1406 5279 εἰσέρχεσθαι.

141 5281 252 5348 ('27)
283 5277 618 5347 Ἐκφυγεῖκ
635 5277 1078 5346 διανοούμενος.
1108 5277 1279 5348 Leges
1303 5278 1675 5402 grammaticae

143 5352 358 5402 stulant
405 5356 467 5402 ut
512 5349 822 5402 scribamus
863 5349 1261 5402 διανοούμενον.
1339 5361 1668 5402 nternretem

79 5352 358 5420 postulant
405 5356 483 5420 ut,
512 5349 822 5403 scribamus
863 5349 1261 5419 διανοούμενον.

77 5419 130 5476 in
159 5423 331 5492 hujus
375 5419 490 5474 loci
519 5419 773 5476 versione
795 5421 1012 5492 lapsum
1043 5435 1164 5475 esse
1194 5421 1395 5474 mirum
1431 5433 1542 5473 non
1567 5427 1671 5484 est,

1846 4716 1958 4786 ("'28)
1998 4718 2052 4769 '0
2069 4717 2278 4784 παρὼν
2303 4719 2524 4785 χρόνος
2554 4716 2699 4786 ἕχει.
2731 4718 3016 4771 Assentior
3039 4719 3358 4774 doctissimo

1775 4789 1891 4842 viro
1925 4786 2086 4842 Luca:
2113 4787 2418 4853 Holstenio,
2453 4788 2546 4857 qui
2570 4790 2636 4842 ad
2663 4789 2808 4840 latus
2829 4787 2914 4842 sui
2941 4786 3148 4842 codicis
3177 4803 3358 4844 emen-

1773 4859 1924 4913 davit
1968 4857 2161 4929 χορός,
2193 4873 2378 4929 quam
2412 4859 2851 4929 emendationem
2895 4857 3228 4929 coxnlirmaut
3269 4877 3354 4914 sr-

1772 4927 2330 4998 quentiiAdhauc
2385 4929 2530 4981 enim
2587 4928 3068 4998 interrogatiottem
3123 4927 3346 4984 Eusebii

1771 4989 1968 5068 mulier
2001 4999 2090 5052 illa
2123 4997 2202 5068 sic
2229 4999 2521 5064 respondet
2551 4989 2855 5068 ιμΕὐφήμει
2876 4989 2972 5068 ,ίῶ
3009 4996 3264 5052 δέσποτα·
3296 5001 3358 5054 οὗ

1771 5071 1878 5140 γὰρ
1903 5067 2178 5140 ἕγωγεᾼᾶν
2221 5070 2532 5140 μαινοίμην,
2561 5065 2703 5140 ὥστε
2746 5065 2959 5140 ἀνδρῶν
2983 5069 3245 5140 τοιούτων
3271 5073 3358 5125 αἰ-

1772 5137 1940 5208 σχράς
1962 5138 2149 5209 ἡδονῆς
2160 5138 2406 5192 δουλείαν
2431 5137 2798 5206 καταγνῶναι·
2825 5137 2874 5192 id
2899 5138 3158 5201 cst,Bona
3179 5139 3356 5198 verba.

1769 5207 1998 5262 domine.
2033 5207 2156 5261 Non
2181 5211 2315 5262 enim
2347 5219 2617 5274 tantopere
2659 5209 2891 5268 insanio.
2925 5221 2981 5261 ut
3014 5211 3096 5262 cui
3138 5226 3262 5262 nam
3293 5227 3358 5263 ea:

1770 5297 2015 5332 consessu
2045 5288 2316 5332 lmttorum
2344 5279 2575 5332 virorum
2599 5280 2794 5332 crimen
2823 5277 2977 5332 Ῑαῖάω
3000 5226 3237 5332 libizinis
3263 5279 3356 5332 ob-

1770 5297 2015 5333 consessu
2045 5288 2316 5334 tantorum
2344 5279 2575 5333 virorum
2599 5280 2794 5334 crimen
2822 5277 2977 5348 [crde
3000 5277 3237 5334 libidinis
3263 5279 3356 5332 ob-

1339 5361 1668 5417 nterpretem
1762 5351 1928 5420 jicere
1957 5351 2150 5405 ausim.

1564 5549 1644 5592 VA
1652 5549 1916 5594 RIORUM.

134 5639 214 5716 (α)
233 5638 412 5716 Οῆτω
429 5634 568 5716 τὴκ.
580 5635 952 5716 χειροτονίαν
964 5632 1432 5716 ὑπελθεῖνπᾘαιο
1451 5650 1529 5716 qu
1529 5634 1670 5716 idem

77 5704 352 5767 calumnia
380 5707 454 5762 de
481 5705 788 5761 Athanasio
835 5707 1148 5762 clanculum
1182 5705 1460 5770 ordinato,
1493 5704 1670 5758 Philo-

77 5779 282 5850 sturgio
329 5794 464 5836 cum
513 5777 740 5846 reliquis
777 5779 998 5834 Ariauis
1041 5776 1354 5834 communis
1391 5786 1478 5832 est
1509 5789 1518 5824 :
1549 5775 1668 5845 ejus

1779 5641 1968 5708 tamen
2007 5631 2229 5708 falsitas
2271 5630 2963 5708 ‘abundetl'emonstratur
2999 5643 3074 5708 ex
3123 5628 3351 5708 epistgla

1775 5703 2372 5830 sgnoﬁi'Alfxandriua:
2391 5703 2532 5772 apud
2549 5703 2812 5756 Atuauas.
2830 5701 2982 5768 Apol.
2997 5700 3051 5766 2,
3080 5697 3204 5772 pag.
3223 5697 3348 5758 565.

1854 5815 1864 5828 .
1951 5787 2044 5827 owl
2071 5789 2108 5826 ι.
