3828 6302
456 281 564 340 ΓΒ

1834 281 2331 339 Ριιιιοδτοιιοιι.

3614 280 3727 340 476

455 412 645 474 tepere
678 401 916 465 insanio,
941 409 998 456 ut
1027 400 1162 455 tales
1185 400 1335 455 viros
1367 399 1522 455 foedae
1549 399 1792 455 libidinis
1815 401 2040 457 insimus

2173 402 2239 473 ὴν
2267 400 2443 470 δίκην,
2471 397 2664 469 διπλῆς
2694 397 2876 469 ἔνοχον
2906 399 3308 470 ἁπελεγχθῆναι
3330 441 3344 461 ,
3382 399 3726 469 προσλαϐού-

459 497 585 550 Iem.
619 493 695 548 Ex
731 494 797 548 iis
823 508 952 546 vero
981 507 1105 546 cum
1141 493 1344 546 veritas
1375 491 1430 546 in
1464 492 1638 546 lucem
1680 493 1902 563 prodire
1926 509 2040 548 coe-

459 586 651 656 pisset,
708 595 877 638 totam
926 582 1137 638 fraudis
1194 581 1660 637 machinationem
1714 578 2040 652 patefactam

461 675 652 732 fuisse.
691 673 756 727 Et
799 672 1094 726 Eusebium
1130 671 1350 741 quidem
1385 672 1535 726 omni
1563 671 1839 726 calumnia
1873 687 2039 740 supe-

457 766 660 821 riorem
685 764 1004 834 apparuisse
1047 781 1060 816 :
1097 763 1456 818 Athanasium
1490 778 1621 817 vero
1647 763 1740 833 qui
1769 763 2039 832 judicium

459 855 839 927 subterfugere
871 855 1211 924 speraverat‘,
1255 854 1460 924 duplici
1487 854 1696 924 judicio
1727 855 2040 909 convictum

461 950 702 1016 abiisse,
756 948 824 1002 ad
892 947 1231 1017 illegitimam
1288 946 1693 1000 ordinationem
1752 947 2044 1001 accedente

464 1040 854 1098 scelestissima
911 1039 1207 1094 calumnia.
1265 1038 1444 1106 Atque
1499 1037 1706 1092 idcirco
1757 1040 2039 1093 communi

462 1134 709 1190 omnium
743 1147 1016 1188 consensu
1048 1130 1412 1199 depositionis
1461 1130 1790 1185 sententiam
1835 1130 1888 1183 in
1918 1145 2043 1185 eum

461 1229 624 1284 latam
656 1242 817 1292 esse;
850 1224 1211 1278 Athanasium
1247 1223 1606 1277 nihilominus
1650 1221 1889 1276 frontem
1923 1238 2046 1292 per-

464 1321 708 1385 frixisse,
744 1334 808 1373 ac
843 1319 1027 1372 dicere
1053 1331 1270 1379 ausum,
1316 1314 1677 1384 depositionis
1715 1313 2043 1367 sententiam

463 1414 610 1470 sicut
655 1422 710 1467 et
748 1411 1056 1466 calumnias
1101 1424 1222 1477 qua:
1255 1407 1355 1476 ipsi
1393 1407 1622 1475 objecta:
1666 1405 1920 1468 fuerant,
1979 1403 2048 1458 ab

464 1505 742 1576 episcopis
769 1504 862 1573 qui
884 1497 956 1555 ‘in
985 1501 1224 1556 concilio
1265 1499 1597 1559 residebant,
1627 1513 1726 1567 per
1763 1496 1951 1550 odium
1983 1511 2048 1552 ac

468 1597 804 1651 simultatem
847 1609 970 1649 esse
1007 1593 1366 1656 fabricatam,
1419 1602 1703 1660 propterea
1738 1589 1883 1660 quod
1927 1604 2045 1643 ma-

467 1705 637 1744 nuum
694 1689 1103 1758 impositionem
1151 1689 1217 1740 ab
1263 1685 1396 1755 ipsis
1445 1685 1693 1753 accipere
1745 1693 2044 1738 recusaret.

2145 509 2244 563 σης
2269 493 2367 562 τῆς
2415 491 2516 544 οὐκ
2560 488 2792 558 εὐαγοῦς
2816 491 3150 561 χειροτονίας
3193 492 3294 562 τὴν
3356 492 3726 562 ὲναγεστάτην

2144 584 2530 653 συκοφαντίαν.
2567 581 2658 635 Διὸ
2686 583 2778 636 καὶ
2823 582 2922 652 τὴν
2958 580 3346 653 καθαιρετικὴν
3387 581 3570 651 ψῆφον
3604 583 3726 653 ὀμό-

2144 694 2319 745 φωνον
2387 675 2507 729 κατ’
2553 674 2715 729 αὑτοῦ
2764 673 3143 744 ἐξενεχθῆναι,
3196 676 3404 727 ἐκεῖνον
3441 674 3625 744 μέντοι
3663 691 3724 742 γε

2145 769 2662 837 προσαναισχυντεῖν
2683 782 2696 793 θ
2742 767 2836 818 καὶ
2880 766 3080 834 λέγειν,
3120 766 3387 837 ἀπεχθείᾳ
3419 765 3515 836 τὴν
3546 764 3725 819 καθαί-

2149 877 2295 931 ρεσιν
2323 861 2448 922 τοὺς
2477 857 2934 930 συνεδρεύσαντας
2967 858 3389 930 διαπράξασθαι,
3419 859 3612 928 ὥσπερ
3636 859 3724 912 καὶ

2144 951 2244 1012 τὰς
2275 950 2658 1020 συκοφαντίας,
2680 949 2812 1002 διὸτι
2857 949 2930 1019 μὴ
2959 951 3086 1019 παρ’
3117 941 3295 1002 αὐτῶν
3320 949 3611 1018 ἀνάσχοιτο
3632 949 3724 1019 τὴν

2147 1042 2541 1115 ἀρχιερατικὴν
2596 1041 2936 1112 χειροθεσίαν
3001 1042 3324 1112 ὑποστῆναι.
3359 1043 3453 1095 Διὸ
3496 1042 3592 1095 καὶ
3639 1045 3724 1093 τὸν

2149 1134 2374 1205 βασιλέα
2402 1134 2691 1206 ἐπιτρέψαι
2724 1134 2887 1187 πάλιν
2915 1134 3078 1205 ἑτέρᾳ
3124 1136 3329 1206 συνόδῳ
3356 1136 3425 1188 τὰ
3455 1135 3596 1188 κατὰ
3637 1134 3724 1186 τὸν

2161 1223 2476 1278 Ἀθανάσιον
2509 1223 2827 1294 ἐτασθῆναι.
2853 1225 2990 1288 Τοὺς
3017 1225 3072 1278 δὲ
3099 1226 3190 1277 καὶ
3213 1225 3376 1296 ’ἐτερα
3403 1225 3511 1277 τῶν
3534 1223 3725 1293 ἐγκλη-

2151 1317 2336 1385 μάτων
2367 1313 2814 1384 ὲπισυναθροῖσαι
2836 1330 2849 1342 ·
2891 1314 3209 1367 Καλλίνικον
3240 1331 3299 1366 τε
3337 1315 3446 1384 γὰρ
3478 1313 3572 1366 τὸν
3599 1317 3723 1382 ὀμο-

2147 1405 2405 1477 λογητὴν,
2446 1406 2744 1458 ἐπίσκοπον
2768 1403 2864 1458 τοῦ
2891 1405 3207 1477 Πηλουσίου,
3262 1407 3450 1469 πέδαις
3490 1406 3728 1476 σιδηραέ

2148 1499 2513 1569 ὲνδυσὰμενον
2555 1498 2688 1567 (29),
2722 1501 2912 1568 εἱρκτῇ
2953 1498 3309 1559 καταθέσθαι,
3361 1501 3455 1553 καὶ
3493 1499 3568 1569 μὴ
3618 1500 3728 1552 δια-

2149 1590 2324 1644 λιπεῖν
2353 1589 2855 1661 προπηλακίξοντα,
2902 1590 3007 1652 ἕως
3054 1590 3120 1644 ἂν
3160 1591 3321 1643 αὑτὸν
3359 1590 3454 1643 τοῦ
3484 1590 3581 1661 ζῇν
3627 1593 3728 1644 ἀπ-

2151 1684 2354 1743 ελὰσοι,
2391 1681 2784 1753 προσετίθεσαν
2814 1685 2934 1746 ταῖς
2970 1683 3349 1753 κατηγορίαις.
3398 1684 3509 1737 Καὶ
3551 1683 3616 1753 δὴ
3644 1685 3731 1736 καὶ

468 1782 840 1850 Quamobrem
874 1781 1258 1848 imperatorem
1299 1792 1518 1846 quoque
1573 1775 1728 1829 alteri
1769 1774 2052 1844 episcopo-

2173 1779 2188 1846 ει
2231 1775 2508 1844 Ἀρσενίου
2541 1774 2662 1844 χεὶρ
2687 1774 2988 1845 τηνικαῦτα
3018 1774 3416 1846 προεκομίσθη,
3443 1773 3538 1827 καὶ
3567 1776 3597 1826 ὁ
3629 1776 3733 1827 Μα-

467 1891 591 1931 rum
631 1874 842 1946 synodo
874 1872 1185 1934 mandasse,
1224 1879 1284 1924 ut
1327 1867 1612 1922 Athanasii
1648 1883 1814 1921 causa
1845 1868 2052 1920 exami-

469 1970 716 2016 naretur.
749 1959 886 2014 Istos
922 1975 1052 2016 vero
1101 1959 1203 2012 alia
1229 1958 1464 2026 insuper
1504 1957 1734 2011 crimina
1777 1955 2051 2026 prioribus

470 2052 766 2122 adiecisse.
800 2051 936 2105 Nam
970 2061 1023 2106 et
1052 2050 1374 2105 Callinicum
1410 2048 1808 2112 confessorem,
1841 2049 2052 2117 cpisco-

469 2160 600 2214 pum
641 2143 846 2198 Pelusii
873 2185 888 2210 ,
921 2142 1280 2212 compedibus
1313 2142 1507 2196 ferreis
1541 2141 1784 2194 vinctum
1810 2182 1825 2203 ,
1856 2141 1924 2194 ab
1957 2139 2051 2194 illo

476 2237 706 2292 missum
749 2251 868 2290 esse
910 2236 962 2288 in
999 2234 1339 2300 custodiam;
1373 2249 1472 2287 nec
1504 2233 1778 2286 destitisse
1811 2231 2051 2284 Athana-

471 2329 614 2382 sium
647 2326 1009 2382 contumelias
1051 2325 1101 2379 ei
1133 2325 1334 2379 inferre
1355 2365 1370 2390 ,
1411 2325 1586 2378 donec
1615 2323 1767 2376 illum
1797 2338 1827 2376 e
1868 2322 2050 2376 medio

2160 1866 2388 1938 ρεώτης,
2415 1867 2507 1920 καὶ
2532 1867 2560 1919 ὁ
2599 1866 2847 1937 Ἰσχύρας
2867 1905 2881 1927 ,
2916 1867 3010 1919 καὶ
3042 1867 3104 1919 τὸ
3162 1868 3423 1936 μυστικὸν
3463 1869 3730 1938 ποτήριον,

2159 1955 2348 2009 καὶτὰ
2379 1955 2739 2027 παραπλήσια
2783 1955 3012 2020 τούτοις,
3056 1958 3140 2026 ἐφ’
3176 1954 3257 2020 οἷς
3301 1959 3463 2011 αὑτὸν
3515 1959 3613 2012 καί
3647 1959 3733 2010 ὲκ-

2159 2045 2392 2115 κηρύξαι
2419 2045 2480 2098 τὸ
2516 2045 2814 2117 συνέδριον,
2845 2046 2940 2098 καὶ
2965 2047 3080 2099 ἀντ’
3106 2046 3271 2100 αὑτοῦ
3293 2047 3734 2118 προχειρίσασθαι

2155 2136 2248 2189 τὸν
2280 2139 2343 2190 ἐκ
2391 2136 2794 2200 Καππαδοκίας
2841 2138 3140 2210 Γρηγόριον
3167 2141 3264 2209 (a).
3302 2140 3492 2192 Ταῦτα
3523 2140 3623 2209 μὲν
3651 2136 3735 2191 οὖν

2156 2229 2186 2282 ὁ
2235 2229 2562 2301 φιλοψευδὴς
2612 2229 3015 2304 Κακοστὸργιος
3067 2233 3329 2304 περὶτοῦ
3369 2235 3525 2302 ἁγίου
3585 2251 3737 2304 τερα-

2158 2320 2374 2374 τεύεται
2411 2319 2750 2375 Ἀθανασίου.

470 2423 800 2478 sustulisset.
849 2421 1003 2475 Tunc
1045 2421 1208 2475 etiam
1245 2435 1439 2474 manus
1470 2418 1686 2474 Arsenii
1723 2421 1776 2470 in
1817 2417 2062 2471 medium
2090 2415 2303 2485 prolata
2338 2423 2444 2477 est,
2477 2423 2531 2468 et
2554 2414 2843 2482 Mareotes,
2867 2425 2921 2470 et
2946 2417 3306 2490 lscbyras,-et
3364 2435 3584 2474 sacrum
3645 2434 3735 2487 po-

470 2517 678 2579 culum,
709 2524 764 2569 ct
787 2514 1056 2583 ejusmodi
1084 2514 1208 2567 alia.
1246 2511 1355 2568 Has
1385 2513 1456 2567 ob
1477 2526 1673 2566 causas
1703 2512 1779 2564 ait
1800 2509 2165 2564 Athanasium
2217 2524 2247 2562 a
2275 2508 2485 2579 synodo
2514 2510 3054 2565 excommunicatum
3111 2527 3253 2574 esse,
3313 2521 3369 2566 et
3419 2511 3736 2582 Gregorium

471 2608 852 2679 Cappadocem
935 2609 991 2661 in
1035 2608 1158 2677 ejus
1202 2608 1387 2663 locum
1431 2607 1810 2662 substitutum.
1855 2606 1922 2660 Et
1969 2608 2084 2661 haec
2121 2605 2342 2676 quidem
2394 2603 2790 2675 Philopseudcs
2847 2615 3037 2662 noster
3105 2607 3173 2663 de
3215 2618 3405 2664 sancto
3447 2611 3739 2663 Athanasio

474 2702 610 2757 fulsa
649 2710 854 2755 narrat.

551 2793 638 2846 ιε.
678 2791 1037 2861 Helenopolis.
1063 2821 1134 2831 -κ
1159 2791 1250 2844 Ait
1280 2789 1537 2845 Helenam
1563 2789 1911 2862 imperatoris
1943 2805 2054 2844 ma-

477 2895 641 2948 trem,
673 2882 738 2936 ad
766 2881 949 2936 fauces
980 2883 1133 2935 sinus
1156 2879 1508 2942 Nicomediae,
1541 2881 1733 2935 urbem
1757 2881 2054 2935 aedificasse

479 2989 644 3043 quem
698 2971 1071 3042 Helenopolim
1110 2971 1534 3041 cognominavit.
1584 2970 1755 3026 Porro
1797 2971 2063 3025 Helenam-

2233 2782 2319 2837 ιδ’.
2360 2783 2504 2847 Ὅτι,
2534 2785 2718 2852 φησὶν,
2749 2787 2781 2855 ἡ
2808 2784 2900 2839 τοῦ
2921 2785 3186 2856 βασιλέως
3212 2790 3628 2845 Κωνσταντίνου
3653 2795 3741 2863 μήο

2159 2895 2264 2948 τηρ
2311 2877 2520 2948 Ἑλένη,
2568 2877 2662 2930 ἐπὶ
2694 2878 2774 2949 τῷ
2822 2880 3053 2950 στόματι
3096 2879 3191 2934 τοῦ
3229 2881 3332 2952 τῆς
3377 2884 3740 2954 Νικομηδείας

2165 2971 2365 3024 κόλπου
2411 2971 2566 3024 πόλιν
2612 2972 2890 3041 ἐδείματο,
2938 2972 3276 3027 Ἑλενόπολιν
3310 2974 3385 3045 (b)
3421 2976 3594 3044 αὐτὴν
3650 2978 3741 3028 ἐπ-

480 3078 547 3117 co
587 3063 708 3116 loco
739 3061 1060 3116 delectatam
1089 3076 1211 3116 esse
1245 3062 1315 3116 ob
1340 3062 1392 3116 id
1425 3078 1615 3125 unum,
1649 3062 1792 3132 quod
1827 3062 2061 3116 cadaver

2173 3065 2504 3134 ονομάσασαο
2546 3037 2899 3118 ἀσπάσασθαι
2916 3063 2974 3117 δὲ
3017 3064 3079 3117 τὸ
3112 3037 3326 3136 χωρίον’
3349 3037 3470 3118 κατ’
3498 3037 3622 3121 ἄλλο
3651 3068 3744 3138 μὲν

482 3154 712 3210 Luciani
748 3155 1004 3226 martyris
1039 3163 1162 3224 post
1197 3169 1459 3208 coronam
1496 3155 1742 3226 martyrii
1773 3171 1838 3210 eo
1867 3154 2066 3225 depor-

485 3257 657 3302 trtum
693 3246 888 3302 fuisset
915 3263 944 3301 a
973 3247 1250 3316 delphino.

559 3339 644 3393 13.
681 3337 948 3392 Lucianus
978 3337 1382 3408 Marlyr.-—Ait
1419 3336 2064 3409 Lucianummartyrem,

485 3443 609 3480 cum
645 3427 761 3497 jam
796 3428 1098 3482 moriturus
1125 3437 1291 3492 esset,
1323 3437 1376 3481 et
1409 3428 1694 3498 tyrannica
1727 3429 1806 3483 vis
1839 3444 1940 3482 nec
1972 3427 2068 3482 Ec-

486 3519 686 3581 clesiae,
723 3533 824 3574 nec
854 3519 1044 3574 altaris
1064 3522 1276 3588 copiam
1305 3518 1530 3582 faceret,
1587 3535 1823 3589 cumque
1850 3521 2065 3575 vincula

487 3621 542 3664 et
569 3609 738 3681 plagae
772 3625 841 3664 ne
878 3609 1099 3680 quidem
1139 3621 1196 3664 ut
1226 3625 1285 3663 se
1309 3620 1718 3673 commoveret,
1759 3612 1808 3665 ei
1843 3614 2067 3681 permit—

488 3711 702 3764 terent,
733 3703 989 3771 supinum
1015 3703 1286 3771 jacentem
1311 3741 1326 3765 ,
1363 3717 1528 3771 supra
1560 3703 1840 3772 proprium
1879 3714 2067 3773 pectus

489 3793 837 3850 tremendum
885 3793 1215 3848 sacrificium
1273 3795 1588 3864 peregisse,
1626 3804 1679 3848 et
1731 3803 1843 3848 tum
1889 3795 2068 3864 ipsum

491 3887 870 3957 participassc,
907 3893 1020 3938 tum
1062 3885 1187 3940 aliis
1222 3894 1282 3939 ut
1313 3885 1383 3939 de
1415 3885 1770 3939 immaculato
1798 3888 2069 3942 sacrificio

2167 3151 2340 3214 οὐδὲν,
2375 3153 2458 3205 ὃτι
2481 3152 2539 3205 δὲ
2569 3152 2868 3216 Λουκιανὸς
2899 3154 2927 3205 ὁ
2975 3154 3188 3226 μάρτυς
3225 3157 3408 3208 ὲκεῖσε
3434 3157 3590 3228 τύχοι
3618 3159 3744 3228 μετὰ

2167 3243 2257 3297 τὸν
2301 3243 2641 3315 μαρτυρικὸν
2675 3243 2904 3296 θάνατον
2933 3243 3038 3296 ὑπὸ
3065 3244 3312 3314 δελφῖνος
3342 3247 3708 3316 ὲκκομισθείς.

2242 3341 2329 3403 ιγ’.
2374 3335 2497 3387 Ὅτι
2543 3335 2636 3387 τὸν
2686 3334 2940 3405 μάρτυρα
2980 3335 3278 3388 Λουκιανόν
3318 3354 3451 3406 φησι
3497 3337 3746 3407 μέλλοντα

2170 3427 2449 3498 τελευτᾷν,
2486 3427 2584 3480 κα)⁸
2623 3428 2762 3498 μήτε
2793 3428 2920 3481 ναὸν
2949 3429 3089 3500 μήτε
3121 3428 3508 3500 θυσιαστήριον
3538 3431 3638 3502 τῆς
3662 3448 3748 3483 τυ-

2171 3521 2430 3591 ραννικῆς
2483 3521 2603 3589 βίας
2658 3521 3040 3592 παρεχούσης,.
3079 3522 3216 3576 ἀλλὰ
3277 3523 3411 3594 μηδὲ
3461 3525 3747 3578 ἀντικινεῖ-

2173 3611 2296 3664 σθαι
2325 3612 2434 3681 (50)
2471 3611 2580 3665 τῶν
2608 3612 2822 3684 δεσμῶν
2851 3615 2945 3666 καὶ
2971 3613 3196 3686 πληγῶν
3227 3615 3672 3685 συγχωρούντων,
3695 3619 3750 3669 ὲν

2170 3703 2248 3774 τῷ
2285 3705 2474 3775 οἰκείῳ
2521 3703 2728 3777 στέρνῳ
2765 3707 3123 3776 ἀνακείμενον
3159 3709 3256 3778 τὴν
3293 3709 3524 3779 φρικτὴν
3567 3708 3750 3763 θυσίαν

2170 3796 2552 3867 τελεσάμενον,
2589 3795 2732 3850 οὕτω
2766 3815 2822 3850 τε
2851 3800 3013 3852 αὐτὸν
3049 3805 3366 3871 μετασχεῖν,
3392 3803 3486 3855 καὶ
3514 3805 3641 3866 τοὺς
3666 3802 3752 3856 ἆλ-

2171 3892 2298 3955 λους
2334 3891 2658 3963 μεταλαϐεῖν
2702 3893 2796 3946 τοῦ
2843 3894 3116 3964 ἀχρὰντου
3163 3895 3403 3966 θύματος
3441 3897 3748 3968 ἐπιτρέψαι.

493 3979 908 4048 participareut,
946 3976 1159 4045 copiam
1202 3975 1418 4030 fecisse.
1456 3974 1747 4030 Peractum
1780 3987 1961 4031 autem
1990 3989 2073 4032 est

493 4070 598 4123 hoc
626 4067 956 4122 sacrificium
988 4067 1040 4119 in
1082 4082 1304 4122 carcere
1325 4107 1340 4131 ,
1382 4082 1507 4122 cum
1539 4083 1694 4122 sacer
1727 4068 2071 4124 Christiano-

491 4175 616 4214 rum
651 4160 853 4213 chorus
889 4157 982 4227 qui
1026 4158 1180 4212 illum
1223 4168 1412 4228 utpote
1459 4161 1783 4216 morientem
1831 4161 2073 4231 undique

493 4251 780 4322 cingebat,
814 4250 1068 4304 Ecclesia:
1105 4251 1342 4320 speciem
1379 4251 1612 4308 referret
1640 4269 1704 4308 ac
1737 4254 1901 4308 simul
1946 4271 2071 4308 mu-

497 4343 797 4395 nimentum
831 4348 1136 4410 praestaret,
1175 4332 1243 4396 ne
1267 4341 1336 4395 ab
1372 4341 1554 4411 impiis
1578 4342 1813 4410 spectari
1848 4350 2073 4411 possent
2107 4380 2154 4439 υ

495 4451 560 4490 ea
589 4450 711 4504 quae
736 4432 1081 4504 gerebantur.

574 4527 658 4582 14.
701 4523 926 4577 Luciani
951 4522 1223 4595 discipuli.
1252 4555 1321 4564 —
1349 4522 1523 4592 Hujus
1553 4523 1810 4593 martyris
1843 4521 2065 4580 Luciaui

2187 3983 2478 4049 Ἐτελέσθη
2514 3984 2570 4036 δὲ
2593 3986 2625 4054 ἡ
2667 3986 2951 4056 ἱερουργία
2985 3989 3043 4038 ἐν
3071 3990 3136 4057 τῇ
3173 3989 3387 4058 εἱρκτῇ,
3426 3988 3521 4042 τοῦ
3545 3989 3751 4042 κυκλώ-

2177 4092 2367 4139 σαντος
2398 4077 2560 4128 αὑτὸν
2601 4077 2748 4147 ἱεροῦ
2791 4077 2953 4148 χοροῦ
2992 4079 3067 4142 ὡς
3098 4079 3198 4149 ἤδη
3237 4079 3592 4146 ἁποδιοῦντα,
3664 4085 3753 4133 Ex-

2176 4169 2406 4239 κλησίας
2444 4170 2628 4238 σχῆμα
2658 4171 2750 4222 καὶ
2782 4170 3084 4239 ἀσφάλειαν
3109 4171 3202 4223 τοῦ
3231 4172 3304 4242 μὴ
3336 4172 3672 4243 καθορᾶσθαι
3693 4176 3754 4226 τὰ

2176 4259 2429 4331 δρώμενα
2460 4260 2612 4330 παρὰ
2641 4261 2748 4313 τῶν
2771 4261 3140 4316 εὐσεϐούντων
3161 4264 3270 4332 (51)
3303 4264 3754 4335 ἁναπληροῦντος.

2261 4526 2340 4580 ιδ’.
2385 4527 2508 4580 Ὅτι
2532 4528 2723 4580 τούτου
2768 4526 2866 4580 τοῦ,
2915 4528 3188 4599 μάρτυρος
3238 4527 3466 4592 πολλούς
3519 4530 3619 4601 μὲν
3670 4531 3757 4583 καὶ

1729 4697 1972 4741 VALESII
2013 4697 2512 4744 ANNOTATIONES.

573 4808 686 4878 (20)
727 4806 942 4872 Πέδαις
976 4803 1248 4872 σιδηραῖς
1279 4801 1715 4871 ἐνδυσάμενον.
1750 4800 1894 4873 Lego
1925 4801 2080 4874 ἐνδη-

501 4890 573 4934 σα
581 4895 756 4945 μενον.
1085 4944 1091 4945 γ
1408 4941 1434 4945 _
1628 4941 1643 4945 _
1807 4890 1821 4902 '

575 4941 686 5020 (50)
713 4946 925 5020 1A.}de
943 4944 1102 5020 μηδὲ
1139 4941 1589 5020 ἀντικινεῖσθαι.
1628 4941 1831 5020 Ι-ῐιμιῐιε.
1886 4942 2079 5020 codice

505 5013 779 5094 Samuelis
806 5013 1056 5094 roh'a‘rti
1086 5015 1347 5094 scriptum
1385 5013 1563 5094 inveni
1585 5053 1601 5078 ,
1627 5013 1938 5094 dliﬁritnos
1973 5013 2079 5094 PL.)-

504 5090 602 5158 τῆς
641 5086 929 5158 κινεῖσθαι.
963 5086 1094 5151 Quae
1138 5086 1262 5158 licet
1293 5092 1548 5158 corrupta
1597 5083 1667 5137 sit
1694 5083 1854 5158 lectio
1874 5124 1920 5158 ,_
1938 5085 2078 5158 viam

507 5153 686 5211 tamen
719 5156 786 5211 ad
827 5171 1010 5209 veram
1045 5157 1372 5222 scripturam
1410 5153 1571 5206 nobis
1603 5153 1859 5206 ostendit.
1889 5153 2082 5208 Scribo

510 5230 695 5300 igitur,
743 5226 879 5279 ἀλλὰ
923 5225 1058 5296 μηδὲ
1089 5224 1237 5295 αὐτῷ
1283 5223 1548 5277 κινεῖσθαι
1582 5224 1690 5275 τῶν
1731 5224 1947 5294 δεσμῶν
1990 5226 2084 5278 καὶ

2181 4803 2898 4885 ιιτλίη-γιξῖ›ν-τιύγχιιιιρούνιτωνζ
2911 4813 3021 4885 etc.

2253 4875 2364 4944 (5f)
2389 4879 2556 4943 Παρὰ
2580 4875 2700 4929 τῶν
2713 4878 3148 4932 εὐσεϐούντων.
3172 4875 3263 4931 Sic
3278 4875 3440 4930 etiam
3460 4877 3596 4947 legit
3614 4875 3760 4947 Nice-

2182 4945 2413 5017 phorus,
2444 4956 2502 5000 ut
2527 4947 2709 5017 videre
2735 4956 2816 5001 est
2846 4948 2899 5001 in
2936 4947 3078 5001 libro
3103 4957 3300 5017 octavo
3329 4948 3507 5017 capite
3523 4945 3626 5001 3f.
3656 4945 3759 5000 Ua-

2185 5015 2269 5083 gis
2305 5024 2485 5070 tamen
2511 5016 2686 5086 placet
2716 5017 3031 5085 conjectura
3062 5017 3225 5072 Luca:
3259 5015 3547 5080 Holstenii,
3580 5018 3673 5086 qui
3694 5019 3755 5071 ad

2184 5086 2329 5209 ξιιυὲ
2367 5087 2465 5171 .sni
2512 5086 2718 5142 codicis
2767 5090 3048 5141 annotavit
3094 5089 3382 5158 legendum
3435 5089 3541 5144 sibi
3597 5088 3757 5142 videri

2227 5173 2282 5208 σε
2324 5174 2549 5209 ουντων.

2227 5173 2549 5210 σεοουντων.

1973 5363 2316 5409 VARIORUM.

2204 5484 2349 5522 amm
2379 5467 2504 5529 3U,
2537 5467 2848 5522 ordinatum
2881 5467 3070 5523 fuisse.
3104 5466 3190 5522 νιν.
3222 5466 3423 5520 Lawlh.

2273 5539 2348 5610 (ὁ)
2391 5540 2798 5610 Ἑλενόπςολιν.
2830 5537 3136 5610 Drepanum
3179 5537 3508 5610 inibithynia
3538 5536 3760 5593 Heleno'

2200 5608 2364 5679 polin:
2412 5608 2593 5660 vocari
2621 5608 2787 5676 jussit
2815 5609 3207 5663 Constantinus
3237 5608 3463 5677 Magnus
3492 5625 3642 5663 anno
3672 5612 3762 5679 cirf

2200 5677 2335 5735 riter
2368 5679 2578 5746 imperii
2610 5680 2694 5732 sui
2723 5696 2834 5742 ut,
2863 5681 2918 5733 in
2951 5682 3211 5733 honorem
3240 5679 3452 5734 Helenae
3478 5680 3674 5734 matris
3702 5677 3763 5732 ibi

2194 5762 2352 5806 naue.
2393 5747 2516 5804 Vid.
2557 5747 2682 5806 Soz.
2718 5750 2812 5804 lib.
2847 5767 2905 5817 ιι,
2932 5767 2980 5806 c.
3010 5750 3065 5816 ‘2,
3099 5759 3211 5803 not.

585 5468 662 5536 (α)
701 5465 856 5521 Ἀντ’
913 5465 1102 5519 αὑτοῦ
1158 5469 1653 5536 προχειρίσασθαι
1742 5471 2090 5537 Γρηγόριον.

511 5536 728 5604 Postea,
759 5537 962 5606 cap.i8
983 5577 998 5601 ,
1033 5538 1142 5602 ait,
1174 5537 1490 5608 Gregorium
1509 5550 1784 5593 mortuum
1802 5536 1968 5593 fuisse
1999 5556 2094 5593 an-

516 5618 734 5677 tequam
765 5607 1097 5662 Athanasius
1127 5609 1435 5678 deiexsilio,
1473 5612 1658 5663 statim
1695 5621 1816 5678 post
1857 5619 2087 5664 mortem

516 5678 882 5744 (loristantini,
913 5678 1132 5732 rediret.
1171 5677 1211 5730 E
1237 5687 1428 5735 contra
1454 5679 1596 5733 inter
1627 5677 1819 5734 omnes
1847 5689 2083 5743 constat,

515 5747 837 5818 Gregorium
893 5749 1075 5805 istum'
1111 5765 1140 5803 a
1198 5750 1406 5819 synodo
1457 5749 1675 5804 domum
1724 5750 2082 5819 Antiochena,
