3828 6314
164 312 260 372 ιη

1178 313 1714 371 ECCLESIASTICA

1828 311 2124 368 ISTORUE
2163 309 2288 365 LIB.
2333 308 2399 363 11.
3275 304 3383 359 473

167 426 346 489 ἄλλους
377 425 625 496 μαθητὰς
671 428 999 500 ἀναγράφει,
1051 425 1132 492 οἷς
1185 430 1276 482 καὶ
1320 429 1578 485 Εὐσέϐιον
1622 429 1714 501 τὸν

1828 443 1943 482 cum
1975 427 2177 481 multos
2199 425 2339 479 alios
2365 419 2667 492 discipuros
2690 429 2937 475 recenset
2961 419 3382 491 Philostorgius,

167 517 533 588 Νικομηδείας,
587 519 683 572 καὶ
735 519 919 591 Μάριν
961 519 1052 572 τὸν
1103 521 1457 592 Χαλκηδόνος,
1492 522 1586 575 καὶ
1625 521 1716 574 τὸν

165 609 378 672 Νικαίας
407 609 628 678 Θέογνιν
669 612 970 675 συντάττει,
1002 613 1096 664 κα)⁸
1129 613 1398 676 Λεόντιον,
1431 613 1523 666 τὸν
1559 612 1716 666 ὓστε-

169 716 250 771 ρον
289 700 545 768 γεγονότα
587 703 686 772 τῆς
749 704 1078 774 Ἀντιοχείας
1119 704 1432 769 ἐπίσκοπον,
1465 705 1558 757 καὶ
1601 705 1718 756 ’Λν-

167 793 336 846 τώνιον
366 793 458 846 τὸν
506 794 720 865 Ταρσοῦ
748 795 847 865 τῆς
895 795 1166 859 Κιλικίας,
1213 797 1307 848 καὶ
1339 796 1714 866 Μηνόφαντον,

168 887 249 938 καὶ
299 883 621 956 Νεομήνιον,
675 888 770 940 καὶ
819 887 1101 952 Εὺδόξιον·
1159 890 1220 942 οὐ
1284 889 1390 960 μὴν
1439 890 1574 944 ἀλλά
1623 892 1718 944 καὶ

179 976 506 1047 Ἀλέξανδρον
555 977 651 1030 καὶ
707 979 978 1050 Ἀστέριον
1021 978 1112 1031 τὸν
1164 979 1573 1049 Καππαδόκην·
1622 979 1716 1044 οὓς

165 1071 247 1122 καὶ
282 1068 586 1138 Ἐλληνίσαι
612 1070 745 1140 φησι
773 1071 1026 1134 ἐνδόντας
1058 1073 1123 1140 τῇ
1157 1072 1266 1124 τῶν
1289 1071 1569 1142 τυράννων
1589 1071 1677 1142 βία
1698 1089 1712 1102 ο

168 1159 377 1230 ὕστερον
430 1159 487 1212 δὲ
525 1161 965 1214 ἀνακαλέσασθαι
1012 1161 1108 1233 τὴν
1158 1157 1350 1234 ἧτταν,
1410 1164 1716 1235 συμϐαλλο-

167 1251 310 1320 μένου
339 1251 525 1315 αὐτοῖς
561 1253 696 1322 πρὸς
733 1252 832 1324 τὴν
863 1254 1148 1324 μετάνοιαν
1180 1255 1274 1308 τοῦ
1303 1256 1642 1312 διδασκάλου.

228 1347 281 1393 ιε’
343 1342 467 1394 Ὅτι
510 1342 618 1395 τῶν
652 1344 956 1414 εἰρημένων
990 1344 1269 1398 Ἀντώνιον
1303 1346 1402 1416 μὲν
1436 1347 1530 1399 καὶ
1557 1346 1717 1400 Λεόνο

162 1445 280 1487 τιον.
313 1432 709 1503 ἀπαράτρωτον
746 1434 846 1506 τὴν
890 1436 1169 1490 εὐσέϐειαν
1201 1437 1311 1508 (δὲ)
1349 1437 1716 1492 διασώσασθαι

162 1521 323 1590 λέγει’
361 1524 620 1577 Εὑσέϐιον
652 1525 709 1577 δὲ
756 1526 851 1579 καλ⁸
876 1527 1058 1599 Μάριν
1081 1528 1172 1580 καὶ
1214 1527 1458 1595 Θέογνιν,
1513 1545 1715 1581 συναπ-

161 1614 375 1684 αχθῆναι
405 1616 504 1685 μὲν
533 1619 601 1686 τῇ
621 1615 758 1670 κατά
778 1617 1011 1670 Νίκαιαν
1040 1618 1258 1687 συνόδῳ,
1291 1620 1636 1690 ἀνενεχθῆναι
1659 1619 1716 1672 δὲ

163 1704 248 1773 τῆς
287 1703 610 1775 μεταϐολῆς.
654 1705 757 1757 Τὸν
785 1705 842 1757 δὲ
885 1706 1065 1773 Μάριν
1097 1705 1304 1758 ἐκεῖθεν
1340 1704 1713 1774 ἀνενεχθέντα,

1819 527 1934 571 tum
1974 516 2244 586 praecipue
2303 513 2601 568 Eusebium
2654 513 2969 580 episcopum
3021 510 3383 579 Nicomediae,

1820 605 2010 660 Marim
2046 603 2440 662 Chalcedonis.
2481 601 2782 673 TbeOgnim
2817 599 3038 667 Nicaeae;
3095 602 3382 656 Leontium

1819 707 2076 766 praterea
2103 695 2196 766 qui
2247 693 2590 764 postmodum
2632 693 2921 762 episcopus
2967 693 3271 748 Antiochiae
3301 692 3386 749 fa-

1819 798 1940 843 ctus
1967 796 2068 852 est,
2095 797 2148 842 et
2176 785 2470 839 Antonium
2505 783 2660 838 Tarsi
2697 782 2933 847 Ciliciae;
2963 782 3384 851 Menophantum

1820 881 1948 935 item
1979 889 2033 935 et
2065 872 2394 933 Numenium
2429 887 2592 946 atque
2627 875 2969 939 Eudoxium;
3019 877 3384 930 Alexandrum

1819 985 2036 1039 quoque
2084 976 2139 1023 et
2168 967 2442 1022 Asterium
2487 964 2864 1034 Cappadocem
2892 983 2905 1018 :
2947 981 3085 1035 quos
3116 966 3280 1019 etiam
3312 965 3390 1018 ait

1798 1066 2172 1128 ~tyrannorum
2218 1059 2470 1110 cedentes
2507 1054 2812 1119 violentiae,
2849 1054 2953 1109 diis
2986 1053 3266 1123 gentilium
3293 1068 3386 1108 sa-

1818 1151 2122 1212 crificasse;
2158 1160 2342 1218 postea
2382 1157 2561 1201 tamen
2595 1147 2807 1216 lapsum
2843 1162 3004 1201 suum
3037 1146 3385 1210 emendasse,

1819 1243 2080 1313 magistro
2110 1242 2242 1310 ipsis
2281 1242 2347 1294 ad
2383 1240 2755 1309 paenitentiam
2795 1240 3119 1309 opitulante.

1887 1336 1974 1387 15.
2015 1333 2091 1387 Ex
2129 1333 2454 1402 supradictis
2489 1341 2670 1386 autem
2695 1371 2710 1395 ,
2741 1331 3036 1386 Antonium
3071 1333 3289 1401 quidem
3323 1347 3388 1387 ac

1816 1427 2101 1482 Leontium
2146 1426 2412 1495 integram
2459 1435 2622 1495 atque
2665 1425 2929 1478 illibatam
2973 1426 3229 1494 pietatem
3273 1441 3389 1479 ser-

1815 1533 1974 1571 vasse
2005 1516 2163 1583 dicit;
2199 1516 2493 1572 Eusebium
2524 1531 2654 1571 vero
2684 1525 2738 1570 et
2767 1515 3069 1584 Theognim
3101 1531 3164 1570 ac
3191 1514 3381 1569 Marim

1818 1623 1850 1662 a
1883 1608 2098 1663 Neaena
2129 1608 2352 1677 quidem
2392 1607 2604 1678 synodo
2640 1608 2694 1660 in
2730 1617 3100 1661 transversum
3130 1606 3386 1676 abreptos

1817 1716 1936 1755 esse
1958 1743 1971 1766 ,
1998 1710 2186 1770 postea
2210 1715 2339 1755 vero
2367 1701 2431 1754 ad
2462 1699 2748 1769 pristinam
2775 1699 3102 1753 sententiam
3139 1699 3385 1753 rediisse.

163 1797 233 1857 είς
268 1795 456 1866 ἑτέραν
491 1791 649 1859 αὖθις
699 1796 1087 1865 κατολισθῆσαι
1117 1795 1364 1860 ἀτοπίαν,
1409 1798 1502 1850 καὶ
1528 1795 1593 1867 δὴ
1619 1797 1714 1848 καὶ

1828 1794 2006 1847 Morim
2064 1804 2244 1848 tamen
2295 1793 2386 1861 qui
2440 1793 2508 1846 ad
2554 1805 2743 1846 sanam
2784 1789 3091 1845 doctrinam
3134 1803 3390 1843 reversus

160 1883 239 1936 τὸν
265 1884 484 1952 Θέογνιν
503 1900 518 1915 ο
551 1883 611 1948 ὂς
638 1885 728 1937 τὸν
759 1885 891 1938 Θεὸν
922 1886 1016 1938 καὶ⁹
1057 1886 1162 1956 πρὸ
1194 1885 1286 1938 τοῦ
1317 1886 1576 1955 γεννῆσαι
1621 1885 1712 1938 τὸν

163 1973 272 2026 Υίὺν
306 1974 523 2046 Πατέρα
574 1974 764 2038 οἴεται,
800 1975 894 2028 ἇτε
923 1975 987 2045 δὴ
1024 1975 1121 2046 τὴν
1143 1974 1369 2046 δύναμιν
1396 1974 1584 2046 ἔχοντα
1618 1974 1710 2028 τοῦ

161 2067 417 2136 γεννῆσαι.
461 2066 624 2120 Ἀλλὰ
672 2065 736 2138 δὴ
771 2067 864 2119 καὶ
907 2067 995 2120 τὸν
1034 2067 1306 2138 ’Δστέριον
1365 2067 1712 2138 παρατρέψαι

161 2161 211 2212 τὸ
230 2161 495 2232 φρόνημα,
517 2159 935 2230 ἀπαράλλακτον
967 2159 1149 2213 εἰκόνα
1161 2160 1236 2228 (a)
1256 2160 1354 2230 τῆς
1382 2163 1476 2212 τοῦ
1500 2159 1712 2230 Πατρὸς

159 2250 324 2314 οὐσίας
345 2248 482 2304 εἶναι
510 2251 603 2304 τὸν
635 2250 760 2303 Υἱὸν
785 2253 841 2303 ἐν
886 2253 998 2314 τοῖς
1026 2249 1187 2303 αὑτοῦ
1214 2250 1390 2318 λόγοις
1421 2250 1514 2304 καὶ
1542 2251 1714 2321 γράμ-

162 2360 277 2412 μασι
305 2341 811 2416 διαμαρτυράμενον
845 2344 978 2414 (55).

219 2611 304 2670 ις’.
346 2605 468 2657 Ὅτι
512 2603 577 2657 τὸ
604 2604 922 2676 τριακοστὸν
951 2603 1200 2675 δεύτερον
1247 2604 1364 2668 ἔτος
1406 2604 1711 2658 ἐπιϐαίνον-

159 2713 234 2759 τος
256 2696 350 2767 τῆς
381 2695 662 2766 βασιλείας
703 2695 866 2748 αὑτοῦ
900 2697 1334 2758 Κωνσταντίνου,
1370 2699 1428 2750 ὲν
1467 2699 1712 2768 Νικομη-

158 2787 258 2857 Bel;
281 2787 595 2857 φαρμάκοις
624 2785 726 2840 ὑπὸ
765 2785 875 2838 τῶν
919 2785 1162 2856 ἀδελφῶν
1193 2787 1443 2841 τεθνάναι
1473 2788 1544 2857 (b)
1578 2789 1714 2859 γρά-

160 2896 262 2945 φει·
294 2881 458 2948 ἐγγὺς
502 2879 561 2931 δὲ
604 2877 696 2932 τοῦ
726 2878 911 2942 τέλους
947 2879 1208 2946 γεγονότα
1257 2881 1348 2932 καὶ
1394 2879 1711 2950 αἰσθόμενον

162 2970 243 3038 τῆς
269 2971 581 3041 ἐπιϐουλῆς,
617 2969 874 3041 διαθήκας
900 2986 958 3023 τε
990 2970 1218 3041 γράψαι,
1249 2971 1515 3042 τιμωρίαν
1544 2973 1707 3025 ἀπαι-

158 3061 332 3126 τούσας
362 3063 487 3126 τοὺς
517 3061 825 3124 ἀνελόντας,
853 3062 946 3114 καὶ
977 3060 1177 3130 ταύτην
1200 3061 1592 3132 εἰσπράξασθαι
1617 3062 1707 3115 τὸν

1823 1883 2033 1945 fuerat,
2081 1885 2134 1938 in
2179 1885 2345 1938 alium
2385 1882 2564 1937 denuo
2613 1897 2854 1937 errorem
2899 1881 3209 1950 prolapsum
3245 1895 3388 1934 esse.

1825 1975 1944 2030 Pari
1975 1977 2138 2029 modo
2164 1976 2326 2030 etiam
2357 1975 2655 2046 Theognim
2679 2014 2692 2037 ,
2725 1976 2820 2044 qui
2851 1971 3018 2026 Deum
3047 1972 3210 2027 etiam
3239 1979 3392 2025 ante-

1823 2083 1985 2137 quam
2021 2068 2297 2137 genuisset
2325 2067 2489 2122 (ilium
2513 2108 2526 2128 .
2563 2066 2775 2120 Patrem
2817 2063 2990 2119 fuisse
3014 2062 3350 2118 existimavit
3373 2101 3389 2124 ,

1826 2169 2010 2228 utpote
2036 2159 2130 2228 qui
2159 2157 2411 2228 gignendi
2461 2157 2570 2211 vim
2607 2157 2852 2210 haberet.
2888 2153 2994 2209 Sed
3025 2162 3080 2208 et
3115 2153 3392 2208 Asterium

1825 2249 2048 2305 Luoiani
2097 2250 2398 2304 doctrinam
2432 2249 2789 2317 interpolasse
2823 2245 3032 2310 scribit,
3072 2245 3270 2314 quippe
3295 2259 3394 2314 qut

1824 2343 1878 2396 in
1907 2341 2124 2411 scriptis
2153 2352 2207 2395 et
2237 2340 2573 2394 orationibus
2605 2339 2722 2393 suis
2749 2336 2998 2398 aﬂirmet,
3035 2334 3232 2389 Filium
3264 2337 3395 2391 sub-

1743 2477 1748 2482 .
1824 2432 2036 2487 stantia:
2064 2431 2246 2486 Patris
2275 2430 2570 2500 imaginem
2599 2443 2722 2483 esse
2765 2425 2916 2480 nulla
2959 2425 3015 2479 in
3047 2441 3107 2480 re
3141 2424 3395 2480 dilleren-

1824 2532 1954 2578 tcm.

1895 2615 1981 2670 16.
2023 2614 2358 2668 Constantini
2387 2616 2465 2667 Μ.
2497 2612 2668 2666 obitus
2695 2622 2744 2666 et
2781 2620 3167 2666 testamentum.
3199 2639 3270 2649 —
3305 2609 3396 2664 Ait

1822 2703 2278 2769 Constantinum,
2328 2719 2454 2759 cum
2486 2704 2822 2758 tricesimum
2857 2718 2924 2758 ac
2964 2703 3266 2758 secundum
3297 2715 3397 2756 an-

1823 2811 1950 2849 num
1985 2797 2194 2865 imperii
2223 2797 2307 2850 sui
2334 2797 2613 2864 ingressus
2640 2803 2805 2858 esset,
2836 2809 3048 2850 veneno
3073 2810 3103 2848 a
3128 2793 3394 2847 fratribus

1823 2888 1941 2942 suis
1970 2896 2220 2940 necatum
2251 2903 2372 2941 esse
2397 2884 2747 2940 Nicomediae.
2781 2885 3030 2955 Cumque
3061 2885 3240 2938 exitus
3265 2883 3392 2936 vita:

1821 2979 1934 3051 j'am
1968 2981 2217 3041 instaret,
2248 2979 2543 3048 compertis
2583 2978 2798 3032 insidiis
2835 2986 3219 3032 testamentum
3260 2973 3396 3030 scri-

1823 3071 2019 3142 psisse,
2037 3086 2147 3140 quo
2177 3069 2488 3134 mandabat,
2517 3069 2643 3124 utin
2675 3077 2927 3123 auctores
2951 3067 3118 3122 caedis
3139 3066 3395 3120 animad-

159 3153 623 3226 προκαταλαϐόντα
663 3152 770 3207 τῶν
803 3151 1009 3205 παίδων
1044 3152 1318 3217 κελεῦσαι,
1363 3153 1471 3206 δέει
1503 3153 1595 3207 τοῦ
1630 3154 1706 3225 μή

1828 3171 2140 3226 verteretur;
2193 3160 2536 3230 jussisseque
2584 3171 2644 3214 ut
2699 3175 2767 3215 ex
2829 3159 3018 3214 liberis
3068 3159 3184 3214 suis
3227 3159 3275 3212 is
3301 3158 3395 3228 qui

159 3263 202 3298 τι
228 3246 501 3308 κάκείνους
526 3245 641 3316 (3-5)
670 3246 761 3298 ὑπ’
799 3244 977 3299 αὐτῶν
1005 3247 1189 3315 ὅμοιον
1223 3245 1559 3315 ὑποστῆναι·
1592 3245 1712 3299 δοῦο

158 3337 229 3390 ναί
252 3355 306 3391 τε
334 3339 431 3402 τὰς
451 3338 716 3409 διαθήκας
761 3337 1004 3408 Εὐσεϐίῳ
1023 3336 1100 3406 τῷ
1136 3337 1184 3388 Ν
1191 3337 1636 3406 ικομηδείας.Τὸν
1657 3337 1714 3390 δὲ

159 3429 482 3500 ὑφορώμενον
509 3430 638 3491 τοὺς
656 3428 748 3484 τοῦ
772 3429 1032 3499 βασιλέως
1055 3429 1333 3498 ἀδελφοὺς,
1370 3431 1443 3501 μή
1472 3446 1598 3484 ποτε
1619 3430 1716 3502 ζη-

160 3521 358 3590 τήσειαν
381 3521 575 3585 αὐτὰς,
594 3522 688 3575 καὶ⁹
713 3521 1012 3592 ἀναμαθεῖν
1036 3519 1103 3574 τά
1139 3521 1500 3592 γεγραμμένα
1529 3521 1717 3596 βουλη-

162 3611 308 3678 θεῖεν,
351 3614 588 3667 ὲνθεῖναι
633 3616 697 3684 τῇ
751 3615 896 3685 χειρὶ
933 3613 1026 3666 τοῦ
1060 3613 1251 3684 νεκροῦ
1279 3614 1340 3666 τὸ
1371 3614 1593 3684 βιϐλίον,
1626 3614 1718 3667 καὶ

159 3707 449 3778 παραϐύσαι
471 3710 587 3771 τοῖς
609 3707 863 3778 ἱματίοις.
897 3705 1373 3776 Ἐπιζητησάντων
1395 3706 1462 3768 δ’,
1513 3705 1586 3768 ὼς
1614 3706 1718 3758 ὑπ-

161 3799 424 3870 ενόει(55),
441 3799 631 3852 λαϐεῖν
656 3799 756 3868 μὲν
784 3799 970 3868 φάναι,
991 3797 1442 3870 ἀντιπαραδοῠναι
1470 3797 1526 3850 δὲ
1554 3796 1715 3849 πάλιν

160 3891 228 3951 εἰς
268 3894 446 3962 χεῖρας
479 3890 838 3960 ὁμολογῆσαι.
885 3885 1020 3942 Εἶτα
1060 3889 1198 3960 μετά
1235 3889 1406 3943 ταῦτα
1451 3889 1713 3960 ἀνελόμε-

161 3997 262 4042 νον,
321 3983 685 4052 Κωνσταντίῳ
733 3981 809 4053 τῷ
857 3981 1023 4035 αὐτοῦ
1082 3981 1231 4034 παιδὶ
1294 3982 1593 4052 ἐγχειρίσαι
1652 3981 1714 4034 τὸ

159 4072 368 4143 γράμμα
416 4073 794 4144 προφθάσαντι
844 4073 969 4136 τοὺς
1003 4073 1228 4135 ἄλλους·
1272 4073 1362 4124 τὸν
1406 4072 1462 4124 δὲ
1503 4072 1620 4142 μετ’
1648 4073 1708 4126 οὑ

1819 3256 2030 3325 primus
2051 3253 2380 3317 advenisset,
2415 3267 2607 3322 poenas
2627 3253 2695 3307 de
2725 3252 2833 3307 illis
2859 3263 3123 3315 sumeret,
3153 3267 3221 3306 ne
3250 3250 3394 3306 forte

1820 3343 1924 3412 ipsi
1963 3356 2182 3411 quoque
2218 3340 2385 3394 simili
2422 3341 2614 3396 fraude
2643 3342 2712 3395 ab
2749 3342 2858 3396 illis
2889 3343 3397 3412 exstinguerentur.

1820 3435 1991 3489 Porro
2043 3433 2352 3487 testamenti
2399 3432 2616 3487 tabulas
2666 3448 2697 3487 a
2749 3432 3114 3488 Constantino
3173 3433 3400 3488 traditas

1821 3542 1941 3581 esse
1965 3525 2197 3580 Eusebio
2221 3523 2620 3580 Nicomediensi
2642 3526 2920 3594 episcopo.
2952 3523 3107 3579 Hunc
3134 3539 3262 3579 vero
3287 3538 3402 3579 me-

1823 3625 2063 3670 tuentem
2094 3631 2162 3670 ne
2192 3615 2545 3685 imperatoris
2584 3617 2784 3672 fratres
2813 3632 2907 3671 eas
2939 3616 3320 3686 requirerent,
3346 3624 3400 3671 et

1821 3707 1950 3776 Quid
1987 3707 2040 3760 in
2087 3707 2194 3761 illis
2241 3709 2505 3778 scriptum
2538 3717 2684 3763 esset
2729 3723 3058 3778 cognoscere
3101 3714 3400 3776 cuperent,

1821 3799 2035 3853 tabulas
2078 3799 2131 3852 in
2164 3799 2366 3852 mortui
2405 3815 2566 3852 manu
2603 3801 2950 3868 reposuisse,
2983 3808 3039 3852 et
3066 3799 3120 3852 in
3154 3797 3400 3855 vestibus

1819 3891 1938 3960 ejus
1977 3892 2305 3946 occultasse.
2348 3890 2487 3946 Cum
2536 3892 2700 3962 igitur
2730 3892 2842 3956 illi,
2891 3892 3036 3946 sicut
3080 3891 3398 3959 suspicatus

1819 3981 1998 4036 fuerat
2033 3981 2302 4038 Eusebius
2323 4023 2339 4048 ,
2369 3985 2683 4038 testamenti
2730 3983 2945 4039 tabulas
2970 3985 3390 4055 requisiissent,

1820 4074 2116 4131 Eusebium
2170 4077 2519 4147 respondisse
2551 4093 2566 4130 :
2600 4092 2662 4133 se
2709 4077 2928 4146 quidem
2960 4092 3053 4133 eas
3083 4079 3358 4148 accepisse
3381 4116 3399 4143 ,

1373 4224 1612 4268 VALESII
1651 4225 2153 4272 ANNOTATIONES.

222 4349 322 4428 (σε)
365 4351 821 4428 ᾊπαράτρῳτον
847 4353 960 4421 τὴν
990 4350 1520 4428 ἀσέϐειανηΡνοοιιι
1545 4353 1713 4428 dubio

1828 4355 1909 4409 5π’
1940 4356 2118 4410 αὐτῶν
2145 4358 2330 4427 ὅμοιον
2375 4358 2694 4428 ὑποστῆναι.
2742 4357 2832 4412 Sic
2868 4355 3030 4411 etiam
3065 4353 3240 4408 Lucas
3277 4350 3402 4406 Hc!-

163 4422 491 4546 ῗὲυῒεικξυιη
538 4434 624 4478 est
652 4423 956 4486 εὐσέϐειαν,
993 4433 1052 4478 ιιι
1081 4425 1275 4493 legitur
1301 4423 1356 4476 in
1389 4439 1489 4479 ms.
1527 4423 1716 4480 codice

231 4510 255 4545 c
294 4504 414 4546 arti.

231 4495 414 4547 charti.

222 4564 322 4632 ('55)
350 4561 930 4634 Δωμαρτυρομένης.
988 4561 1124 4629 Quis
1153 4579 1261 4634 non
1291 4563 1438 4618 videt
1473 4565 1718 4620 scriben-

165 4631 273 4705 dum
307 4631 391 4688 hic
424 4631 552 4689 esse
583 4631 1114 4705 διαμαρτυρόμενονῖ
1131 4633 1289 4690 Certe
1309 4634 1366 4688 in
1395 4649 1500 4690 ms.
1529 4637 1720 4692 codice

164 4699 390 4775 Bocharti
421 4705 624 4775 legitur
650 4699 1172 4775 διαμαρτυρόμενος.

224 4772 329 4843 (54)
367 4772 674 4828 Κελεῦσαι
708 4772 776 4826 δὲ
801 4772 854 4826 ει
877 4772 1090 4844 ream
1105 4790 1163 4844 Et
1185 4773 1522 4840 κάκείνους.
1545 4773 1720 4844 Hujus

166 4839 253 4915 loci
282 4839 594 4898 emendatio
626 4843 852 4915 debetur
882 4839 1056 4898 codici
1104 4839 1488 4915 B_ochartiano,
1519 4845 1575 4900 in
1611 4839 1719 4915 quo

166 4911 496 4986 itascribitur
519 4934 532 4968 :
557 4914 681 4986 Kal.
697 4913 900 4986 ταύτην
921 4913 1316 4986 είσπράξασθαι
1331 4915 1421 4968 τὸν
1447 4911 1724 4986 προκατα-

165 4979 373 5038 λαϐόντα
409 4984 519 5038 τῶν
562 4985 768 5037 παίδων
816 4979 1092 5048 κελεῦσαι,
1123 4984 1230 5038 δέει
1267 4987 1340 5056 μή
1360 5002 1411 5038 τι
1438 4979 1724 5048 κάκείνους

1821 4427 2032 4482 stenius
2061 4429 2128 4480 ad
2169 4429 2310 4482 latus
2339 4429 2423 4482 sui
2459 4427 2662 4483 codicis
2689 4429 3028 4491 emendarat,
3063 4434 3273 4478 retento
3314 4435 3400 4477 ta-

1823 4513 1946 4550 men
1982 4499 2211 4551 articulo
2248 4498 2364 4551 τοῦ.
2409 4496 2606 4552 Verum
2642 4500 2688 4553 si
2735 4498 2998 4552 articulus
3033 4495 3135 4548 iste
3165 4494 3399 4546 retinea-

1825 4575 1936 4628 tur,
1978 4571 2397 4637 expungendum
2429 4569 2534 4622 erit
2563 4569 2879 4623 adverbium
2916 4567 3011 4636 μή,
3035 4573 3121 4637 et_
3144 4565 3297 4637 locus
3327 4563 3402 4616 ita

1826 4632 2083 4706 legendus
2115 4656 2128 4692 :
2164 4632 2275 4691 δέει
2307 4638 2401 4690 τοῦ
2437 4638 2722 4700 κάκείνους
2763 4655 2814 4690 τι
2859 4632 2948 4688 ὑπ’
2978 4632 3163 4686 ἀὐτῶν
3213 4632 3398 4702 ὅμοιον

1829 4707 2151 4782 ὑποστῆναι.
2512 4775 2529 4782 _
2611 4778 2622 4782 _
2881 4774 2891 4782 _
3248 4771 3258 4782 .

1901 4771 2037 4844 (55f
2067 4779 2162 4844 Ὧς
2202 4779 2455 4832 ἐπενόει.
2508 4775 2720 4830 Dudum
2770 4774 3108 4842 conieceram
3156 4771 3403 4826 scriben-

1828 4847 1956 4901 dqu
1989 4862 2130 4907 esse,
2165 4847 2240 4910 ὡς
2272 4849 2508 4901 ὑπενόει.
2563 4847 2951 4915 Conjecturam
2997 4858 3169 4915 meam
3221 4853 3403 4915 postea

1833 4915 2173 4970 Conﬁrmavit
2202 4919 2371 4972 codex
2411 4912 2694 4980 Bocharti,
2722 4917 2774 4969 in
2805 4929 2916 4984 quo
2943 4914 3017 4967 ita
3038 4913 3238 4968 diserte
3270 4912 3404 4968 scri-

1836 4995 1987 5056 ptum
2022 4987 2223 5039 inveni.

1607 5143 1955 5188 VARIORUM.

230 5253 299 5320 (α)
361 5252 858 5322 Ἀπαρὰλλακτον
907 5253 1131 5306 εἰκόνα.
1184 5251 1310 5306 Haec
1350 5252 1600 5306 Asterius
1654 5268 1720 5306 ex

169 5315 374 5396 Luci'ani
409 5315 661 5396 symbolo
700 5322 925 5396 totidem
978 5325 1160 5396 verbis
1205 5333 1482 5396 mittuatus
1515 5332 1635 5396 est,
1665 5332 1725 5376 ut

167 5404 235 5462 ex
260 5391 548 5462 collatione
573 5393 873 5462 apparebit,
905 5391 1080 5462 inquit
1102 5393 1170 5446 cl.
1197 5393 1261 5448 G.
1293 5393 1480 5447 Bullus
1503 5391 1721 5461 Defens.

282 5461 566 5546 Nic.“sect_.
595 5459 657 5546 ξ,
683 5478 804 5546 cap.
843 5463 962 5546 i5,_
982 5459 1036 5546 il.
1070 5463 1338 5546 6;“quem
1379 5464 1446 5517 de
1478 5459 1722 5546 Luc—iano

169 5533 377 5602 ejusque
398 5535 660 5615 Symbqlo
683 5535 794 5586 vid.
823 5533 964 5612 apud
991 5533 1116 5587 Soz.
1146 5534 1249 5614 lib.
1268 5549 1351 5614 ιιι.
1376 5549 1495 5602 cap.
1524 5534 1576 5597 5,
1602 5545 1716 5586 not.

174 5614 216 5684 ε.
249 5601 512 5684 Barontus
537 5613 698 5684 etiam
729 5602 1031 5684 Luctanum
1061 5605 1251 5684 harem
1289 5605 1520 5684 liberare
1549 5619 1720 5684 cona-

297 5674 536 5799 ηριὲιὶείη
569 5673 1040 5745 Martyrologium,
1073 5685 1125 5728 et
1155 5676 1457 5730 Annalibus
1493 5676 1559 5726 ad
1592 5690 1717 5729 ann.

298 5757 324 5797 e
491 5783 506 5795 .

1906 5251 1976 5324 (b)
1999 5251 2335 5324 φαρμάκοις
2355 5248 2473 5304 ὑπὸ
2503 5248 2621 5302 τῶν
2640 5247 2918 5324 ἀδελφῶν
2937 5245 3230 5324 τεθνάναι.
3259 5243 3402 5298 idem

1831 5317 1976 5390 quod
2006 5317 2406 5392 Philostorgius
2429 5359 2443 5383 ,
2477 5324 2711 5390 produnt
2745 5317 3400 5392 lunarasﬂet‘Cedrenus.

1833 5386 2062 5446 Zonarze
2094 5394 2256 5446 verba
2288 5386 2424 5444 sunt
2457 5386 2793 5462 ς’Φάρμακόν
2827 5408 2879 5443 τι
2907 5391 3050 5441 πιεῖν
3077 5386 3402 5506 δηλητήὲιον

1833 5465 2044 5506 λέγεται
2082 5465 2231 5506 παρὰ
2258 5461 2367 5506 τῶν
2410 5461 2744 5506 ἐτεοοϐαλῶν
2774 5460 2922 5506 αὐτῶ
2961 5457 3224 5506 κερασθὲν
3248 5457 3282 5506 ἀ
3316 5454 3402 5506 ελ-

1826 5465 2044 5530 λέγεται
2082 5465 2232 5532 παρά
2258 5461 2367 5514 τῶν
2410 5454 2744 5531 ἐτεροθαλῶν
2774 5460 2922 5532 αὐτῷ
2961 5454 3224 5532 κερασθὲν
3248 5454 3403 5508 ἀδελ-

1829 5527 1946 5602 φῶν
1965 5548 1981 5562 ο
2011 5527 2244 5586 toxicum
2276 5527 2598 5604 «fratribus
2627 5541 2776 5599 patre
2805 5527 3069 5604 duntaagdt
3097 5527 3277 5604 eodem
3302 5539 3400 5604 Itq-

1830 5595 1896 5656 t'is
1933 5613 2274 5669 temperatum
2306 5595 2542 5656 hausisse
2573 5595 2759 5669 fertur.
2791 5605 2860 5654 At
2884 5600 3016 5654 nihil
3045 5599 3150 5652 tale
3182 5597 3252 5650 ab
3280 5595 3400 5648 aliis

1829 5675 2244 5754 historicis,sive
2266 5674 2498 5728 ethnicis
2523 5673 2635 5728 sive
2656 5670 3006 5736 Christianis,
3037 5675 3399 5722 memoratum

1830 5759 2144 5812 reperimus.
3321 5765 3326 5772 λ
