3828 6306
410 287 514 342 479
1797 290 2008 348 PIEILO‘

2116 289 2279 349 )RGll
3553 291 3658 352 483

413 403 506 457 sed
539 401 722 456 statim
756 418 852 456 eas
887 403 940 457 in
982 419 1180 458 manus
1208 403 1551 460 Constantini
1599 406 1770 475 ipsius
1804 409 1986 464 reddi-

2116 411 2222 464 ιολὺ
2269 409 2408 464 κατὰ
2439 408 2508 463 τὰ
2536 409 2936 481 προστάγματα
2973 408 3061 461 τοῦ
3111 408 3315 479 πατρὸς
3354 407 3662 479 διαπράξα-

414 492 580 548 disse.
618 492 817 548 Postea
849 509 974 548 vero
1010 496 1260 548 eumdem
1289 493 1586 550 Eusebium
1609 535 1626 561 ,
1654 513 1778 552 cum
1815 507 1983 554 testa-
2090 502 2234 556 σθαι.

415 585 581 638 menti
647 584 859 638 tabulas
905 600 1100 640 rursus
1160 586 1510 650 abstulisset,
1571 603 1665 644 eas
1711 590 2002 647 tradidisse
2047 592 2369 649 Constantio
2411 593 2754 649 Constantini
2823 594 2970 662 tilio,
3022 594 3116 664 qui
3163 593 3391 648 fratrum
3435 607 3663 647 suorum

416 677 705 731 adventum
737 686 1102 746 praiverterat.
1139 677 1298 735 Hunc
1320 695 1449 735 vero
1475 696 1584 735 non
1629 683 1803 738 multo
1840 694 1998 753 post,
2050 702 2112 741 ea
2167 703 2288 757 quae
2325 686 2488 742 Pater
2550 694 2875 742 testamento
2922 687 3304 751 mandaverat,
3343 693 3665 740 exsecutum

414 785 557 826 0888.

489 866 574 920 17.
615 864 955 921 Constantini
991 867 1184 938 imago.
1215 898 1288 910 —
1323 868 1423 924 Hic
1449 871 1611 925 etiam
1653 872 1853 942 impius
1895 873 1987 928 Dei

419 957 594 1014 hostis
647 957 988 1014 Christianos
1033 973 1273 1024 accusat,
1318 962 1464 1032 quod
1509 963 1798 1036 imaginem
1847 969 1989 1020 Con-

419 1048 644 1102 stantini
681 1049 735 1102 in
763 1049 1136 1118 porpltyretica
1161 1051 1410 1106 columna
1441 1062 1672 1107 stantem
1708 1055 1988 1111 sacriticiis

420 1138 716 1205 placarent,
753 1149 806 1193 et
845 1140 1082 1195 lucernis
1129 1143 1374 1196 accensis
1409 1159 1472 1197 ac
1507 1144 1774 1199 sumtibus
1817 1147 1990 1200 hono-

420 1240 634 1293 rarent,
669 1241 790 1285 vota
825 1233 986 1286 etiam
1017 1232 1254 1287 facerent
1287 1245 1344 1288 ut
1381 1235 1509 1301 Deo,
1553 1248 1606 1290 et
1635 1239 1985 1308 supplicatio-

424 1339 524 1377 nes
554 1325 621 1378 ad
647 1325 996 1394 depellendas
1035 1326 1374 1381 calamitates
1414 1341 1748 1399 peragerent.

494 1413 582 1468 18.
622 1416 904 1470 Athanasii
924 1419 1140 1473 reditus.
1160 1449 1228 1457 —
1249 1417 1379 1474 Post
1403 1432 1628 1476 mortem
1650 1423 1990 1478 Constantini

422 1503 623 1575 Magni,
667 1523 793 1560 cum
821 1523 1011 1562 omnes
1039 1509 1351 1579 ubicunque
1394 1511 1484 1580 qui
1520 1491 1862 1580 exsulabant,
1906 1530 1992 1567 re-

423 1594 624 1650 deundi
659 1597 930 1650 licentiam
968 1599 1110 1651 nacti
1141 1611 1344 1662 essent,
1380 1601 1738 1658 Athanasium
1773 1619 1993 1673 quoque

2164 871 2250 936 ιζ’.
2292 867 2460 935 Οὗτος
2503 874 2532 924 ὁ
2570 870 2857 941 θεομάχος,
2891 869 2985 923 καὶ
3017 869 3115 941 τὴν
3150 869 3562 926 Κωνσταντίνου
3595 875 3668 925 εἰ.

2090 965 2222 1018 κύνα
2250 963 2348 1035 τὴν
2380 964 2472 1016 ἐπὶ
2505 962 2596 1015 τοῦ
2646 961 2926 1033 πορφυροῦ
2979 961 3155 1024 κίονος
3205 962 3528 1032 ἱσταμένην,
3578 963 3668 1016 θυ-

2093 1057 2242 1119 aiat:
2279 1072 2339 1107 τε
2388 1053 2701 1108 ἱλάσκεσθαι
2739 1053 2871 1122 (36),
2902 1052 2998 1104 καὶ
3031 1049 3378 1122 λυχνοκαῖαις
3440 1053 3538 1106 καὶ
3577 1053 3666 1106 Θυ-

2094 1148 2328 1219 μιὰμασι
2361 1149 2544 1217 τιμᾷν,
2585 1147 2679 1198 καὶ
2707 1144 2870 1215 εὐχὰς
2919 1144 3218 1215 προσάγειν
3263 1144 3338 1208 ὼς
3385 1143 3530 1214 Θεῷ,
3574 1147 3666 1200 καὶ

2090 1238 2496 1309 ἀποτροπαίους
2535 1237 2814 1306 ἱκετηρίας
2845 1235 2954 1288 τῶν
2995 1235 3183 1288 δεινῶν
3227 1235 3502 1290 ἐπιτελεῖν
3543 1237 3666 1300 τοὺς

2089 1331 2454 1403 Χριστιανοὺς
2487 1329 2801 1398 κατηγορεῖ.

2163 1429 2252 1492 ιη’.
2297 1423 2418 1474 Ὅτι
2445 1420 2866 1490 τελευτήσαντος
2914 1417 3010 1470 τοῦ
3060 1417 3291 1490 μεγάλου
3327 1417 3668 1470 Κωνσταντί-

2091 1533 2180 1569 νου
2224 1513 2378 1584 φησὶ,
2410 1513 2505 1564 καὶ
2550 1511 2660 1564 τῶν
2709 1510 3008 1580 πανταχόθι
3061 1509 3342 1580 μεθορίαις
3394 1509 3668 1562 ταλαιπω-

2095 1603 2374 1675 ρουμένων
2400 1602 2584 1656 ἄδειαν
2614 1600 2968 1670 ἀνακλήσεως
2997 1599 3316 1668 εἰληφότων,
3350 1601 3446 1652 καὶ
3510 1599 3668 1650 Ἀθα-

424 1700 490 1738 ex
564 1683 751 1740 Galliis
813 1689 1195 1743 Alexandriam
1265 1706 1540 1748 reversum
1604 1707 1727 1748 esse
1778 1695 1988 1749 scribit.

2116 1695 2276 1748 ιασιὸν
2308 1711 2440 1764 φησι
2486 1695 2550 1746 ἐκ
2576 1693 2685 1745 τῶν
2718 1691 2956 1744 Γαλλιῶν
3004 1693 3083 1753 εὶς
3123 1690 3218 1760 τὴν
3260 1690 3668 1761 Ἀλεξάνδρειαν

424 1773 673 1845 Cumque
719 1776 1037 1848 Gregorium
1087 1790 1362 1836 mortuum
1408 1797 1528 1838 esse
1573 1783 1875 1850 didicisset,
1922 1802 1989 1841 ex

427 1882 564 1922 nave
589 1884 889 1938 egressum,
922 1872 1171 1941 protinus
1202 1874 1275 1928 ita
1314 1883 1371 1929 ut
1400 1886 1536 1941 erat,
1588 1878 1642 1930 in
1692 1876 1988 1932 Ecclesiam

427 1959 642 2014 venisse
679 1975 744 2015 ac
788 1961 970 2016 sedem
1018 1964 1306 2032 recepisse,
1361 1966 1507 2020 nulla
1559 1968 1767 2022 ratione
1805 1968 1991 2023 habita

425 2064 615 2104 eorum
655 2051 746 2120 qui
785 2051 961 2121 ipsum
998 2054 1382 2123 deposuerant.

890 2167 981 2220 EX
1021 2167 1225 2224 LIBRO
1263 2169 1538 2226 TERTIO.

501 2278 552 2333 1.
594 2277 932 2336 Constantini
960 2284 1194 2352 junioris
1243 2285 1429 2338 caedes.
1471 2317 1540 2325 —
1576 2287 1664 2340 Ait
1693 2284 1996 2340 Philostor-

429 2367 568 2438 gius,
596 2367 1036 2435 Constantinum,
1082 2373 1176 2441 qui
1225 2373 1460 2428 filiorum
1492 2373 1836 2429 Constantini
1882 2384 1999 2430 erat
2044 2370 2046 2372 ’

430 2453 699 2509 maximus
732 2466 884 2521 natu,
915 2458 1198 2514 Constanti
1241 2461 1393 2515 fratri
1443 2462 1669 2516 insidias
1706 2464 1994 2528 struxisse,

426 2555 483 2600 et
522 2562 648 2601 cum
685 2547 916 2603 ducibus
961 2551 1080 2618 ejus
1130 2551 1378 2606 conferto
1426 2553 1611 2622 prtelio
1653 2553 1993 2609 interfectum

427 2654 570 2704 esse,
591 2649 644 2693 et
667 2641 969 2709 portionem
1000 2644 1212 2714 imperii
1233 2645 1398 2711 illius,
1427 2646 1740 2702 Constantis
1770 2647 1996 2716 imperio

431 2731 744 2796 adjunctam
776 2733 965 2789 fuisse.

499 2821 553 2875 9..
595 2821 934 2878 Constantius
983 2826 1258 2880 ecclesiam
1295 2829 1492 2894 condit,
1535 2838 1583 2881 et
1627 2827 1875 2897 reliquias
1919 2829 2002 2881 in-

2098 1781 2530 1852 παραγεγονότα,
2546 1781 2667 1832 ἐπεὶ
2679 1779 2976 1850 Γρηγόριον
2994 1779 3332 1850 ἐμεμαθήκει
3352 1779 3670 1849 τετελευτη-

2095 1873 2249 1936 κότα,
2275 1871 2356 1935 ’ὡς
2395 1867 2540 1942 εἶχεν
2577 1870 2736 1933 εὐθὺς
2783 1871 2891 1924 ἀπὸ
2926 1871 3027 1938 τῆς
3060 1869 3196 1932 νεὼς
3231 1870 3311 1932 εἰς
3339 1870 3437 1938 τὴν
3468 1871 3667 1933 ἐκκλη-

2098 1964 2218 2018 σίαν
2251 1965 2520 2036 χωρῆσαι,
2568 1963 2663 2017 καὶ
2717 1962 2808 2016 τὸν
2861 1963 3049 2033 Θρὸνον
3098 1963 3410 2026 ἀναλαϐεῖν,
3465 1962 3669 2033 μηδένα

2097 2055 2252 2125 λόγον
2280 2056 2388 2109 τῶν
2429 2055 2891 2128 ἀποκηρυξὼιτων
2939 2057 3098 2110 αὑτὸν
3131 2056 3496 2126 πεποιηκότα.

2412 2171 2505 2224 ΕΚ
2543 2171 2679 2223 ΤΗΣ
2719 2171 2968 2224 ΤΡΙἸῊΣ
3007 2169 3337 2223 ΙΣΤΟΡΙΑΣ.

2166 2290 2236 2339 α’.
2278 2283 2400 2336 Ὀτι
2429 2281 2761 2336 Κώνσταντὰ
2789 2299 2952 2354 φησιν
2980 2283 3078 2351 (a),
3111 2281 3168 2344 ὃς
3191 2275 3257 2351 ἦν
3296 2277 3668 2348 πρεσϐύτερος

2095 2375 2200 2430 τῶν
2229 2375 2638 2428 Κωνσταντίνου
2673 2375 2899 2435 παίδων,
2936 2373 3313 2428 ἐπιϐουλεῦσαι
3345 2372 3426 2442 τῷ
3455 2369 3668 2440 ἀδελφῷ

2093 2466 2508 2536 Κωνσταντίνῳ,
2545 2467 2637 2518 καὶ
2668 2467 2814 2537 μάχῃ
2851 2467 2964 2529 τοῖς
2997 2467 3318 2536 στρατηγοῖς
3343 2461 3511 2516 αὑτοῦ
3545 2463 3668 2532 συρ-

2097 2558 2330 2628 ραγέντα
2367 2557 2727 2628 διαφθαρῆναί
2752 2575 2810 2610 τε
2845 2559 2940 2611 καὶ
2977 2557 3074 2627 τὴν
3108 2559 3299 2627 μοῖραν
3325 2555 3424 2624 τῆς
3455 2555 3551 2606 ὑπ’
3578 2554 3668 2606 αὑ-

2095 2650 2186 2703 τὸν
2216 2649 2392 2721 ἀρχῆς
2421 2651 2500 2713 εἰς
2527 2650 2625 2720 τὴν
2657 2648 3011 2711 Κώνσταντος
3037 2646 3496 2726 ἀνακοινωοῆναι.

2163 2817 2238 2888 β’.
2279 2827 2402 2879 Ὅτι
2453 2828 2829 2882 Κωνστάντιον
2861 2827 2928 2880 δι’
2964 2828 3200 2880 ἐπαίνων
3239 2826 3384 2895 ἄγει,
3431 2824 3529 2877 καὶ
3579 2822 3672 2894 τὴν

1651 2999 1892 3042 VALESII
1931 2970 2135 3042 suum
2146 2997 2431 3042 ATIONES.

506 3102 620 3173 (‘56)
661 3103 908 3182 evolare
941 3102 1400 3182 r§_l.idanea_0at.
1428 3101 1543 3157 Non
1573 3102 1844 3182 immerito
1864 3102 2005 3182 Eho-

2116 3119 2267 3181 mann
2297 3101 2624 3182 gestantibus
2650 3117 2668 3154 :
2705 3113 2860 3182 utque
2888 3119 3075 3155 currus
3103 3119 3205 3172 quo
3241 3112 3422 3182 statua
3441 3103 3680 3182 "veheba-

435 3172 546 3228 tius
582 3173 924 3242 reprehendit
971 3173 1411 3242 Philostorgium.
1448 3172 1592 3242 quod
1636 3174 1835 3226 dixerit
1864 3173 2006 3227 Con-

436 3245 659 3300 stantini
685 3252 919 3298 statuam
949 3245 1183 3298 victimis
1209 3257 1262 3297 ct
1283 3245 1559 3297 sacriﬁciis
1592 3244 1792 3298 cultam
1823 3259 1944 3297 esse
1975 3260 2005 3296 a

441 3314 785 3368 Christianis.
825 3313 880 3367 ld
923 3315 1066 3366 enim
1099 3329 1322 3382 prorsus
1353 3315 1784 3367 commcntitium
1821 3325 1923 3376 est,
1955 3325 2006 3366 et

438 3399 470 3437 a
503 3383 764 3452 religione
807 3382 1240 3437 Christianorum
1289 3384 1546 3437 alienum.
1601 3383 1704 3438 Sed
1747 3385 1889 3452 quod
1935 3385 2010 3435 ait

437 3452 832 3520 Philostorgius
878 3453 1128 3506 lucernas
1176 3461 1228 3506 et
1273 3469 1457 3508 cereos
1501 3453 1568 3506 ad
1611 3455 1730 3521 ejus
1771 3465 2006 3507 statuam

439 3537 700 3577 accensos
739 3521 924 3585 fuisse,
966 3537 1258 3590 precesque
1302 3525 1348 3575 ei
1396 3525 1678 3592 allegatas,
1709 3532 1760 3576 et
1791 3525 2010 3576 morbo-

444 3608 564 3644 rum
593 3592 901 3648 curationes
927 3597 995 3644 ab
1023 3607 1087 3645 eo
1110 3593 1426 3660 postulatas.
1457 3595 1508 3645 id
1538 3594 1882 3647 verissimum
1905 3602 2008 3653 est,

443 3677 540 3716 nec
561 3662 879 3729 reprehendi
906 3662 1092 3715 debuit
1121 3678 1152 3715 a
1190 3661 1399 3716 Photio.
1435 3665 1575 3716 Idem
1607 3674 1754 3717 certe
1786 3673 2011 3716 testatur

444 3731 804 3785 Theodoritus
835 3733 886 3784 in
917 3731 1053 3784 libro
1080 3747 1092 3784 I
1127 3731 1265 3784 Hist.
1301 3730 1505 3785 Eccles.
1534 3749 1654 3799 cap.
1691 3733 1880 3784 ultimo
1905 3774 1918 3795 ,
1957 3741 2012 3786 et.

441 3816 508 3856 ex
569 3801 1025 3870 eo-Nicepborus
1077 3801 1131 3856 in
1193 3803 1298 3855 line
1349 3804 1468 3855 libri
1528 3803 1761 3870 septimi.
1809 3807 2012 3854 Auctor

443 3887 659 3940 quoque
690 3871 933 3924 Cltronici
958 3870 1327 3934 Alexandrini,
1363 3872 1643 3927 Gallicauo
1679 3885 1731 3925 et
1765 3871 2013 3942 Symma-

443 3943 548 3997 cho
563 3958 705 3996 coss.
729 3942 795 3995 de
821 3943 918 4012 hac
940 3942 1279 3996 Constantini
1304 3953 1478 3995 statua
1504 3943 1572 3995 ita
1604 3943 1791 3996 scribit
1813 3959 1824 3992 :
1850 3943 2014 4012 Ποιή-

447 4028 547 4074 σας
593 4011 990 4096 ἑαυτῷηᾶλλην
1034 4012 1262 4096 στήληνκ
1283 4013 1390 4096 απὸ
1430 4011 2015 4096 ξοάνουικεχρυσωμέζ-

445 4097 565 4153 νην,
619 4082 988 4153 βαστάζουσαν
1033 4084 1091 4135 ὲν
1134 4087 1199 4152 τῇ
1234 4082 1382 4151 δεξιᾷ
1421 4083 1690 4153 χειρὶντὴν
1717 4082 1884 4152 τύχην
1918 4084 2016 4149 τῆς

445 4152 616 4222 αὐτῆς
662 4151 1001 4222 πόλεως-καὶ
1052 4151 1216 4222 αὐτὴν
1266 4151 1703 4222 κεχρυσωμένην,
1752 4151 2011 4213 κελεύσας

446 4221 590 4304 κατα
633 4220 747 4304 τὴν.
776 4220 942 4290 αὐτὴν
993 4220 1203 4292 ἡμέραν
1247 4220 1741 4304 ςτοῦΎενεβλιακοῦ
1791 4221 2014 4274 ἱππικοῦ

447 4291 992 4371 εἰσιέναιιτὴνηαὺτὴν
1017 4291 1126 4342 τοῦ
1172 4292 1359 4371 ξοάνου
1409 4292 1634 4371 στήλην,
1655 4293 2047 4363 δηριγευομέ-.

446 4378 545 4430 νην
598 4360 703 4412 ὑπὸ
748 4360 854 4414 τῶν
911 4363 1332 4430 στρατευμάτων
1392 4360 1527 4432 μετα
1565 4360 1868 4431 ’χλανιδίων
1921 4360 2017 4415 καὶ

2109 3184 2194 3225 tur
2221 3173 2415 3224 circum
2455 3174 2553 3225 iret
2587 3174 2902 3241 superiorem
2941 3189 3202 3242 campum,
3231 3183 3278 3226 et
3319 3174 3388 3224 ad
3433 3173 3680 3227 Scamma

2110 3243 2408 3310 procederet
2433 3258 2498 3295 ea;
2526 3244 2742 3296 adverso
2766 3243 3049 3311 imperialis
3080 3243 3201 3296 solii
3223 3257 3239 3294 :
3262 3253 3418 3305 atque
3459 3243 3682 3310 impera-

2108 3324 2189 3364 tor
2221 3313 2308 3377 qni
2349 3312 2667 3376 temporibus
2711 3313 2820 3365 illis
2869 3323 3128 3382 regnaret,
3167 3329 3195 3376 e
3225 3314 3357 3382 solio
3405 3329 3681 3381 assurgens

2109 3389 2354 3434 adoraret
2407 3392 2642 3434 statuam
2688 3380 3287 3451 ejusdem‘imperatoris
3321 3380 3679 3440 Constantini.

2108 3462 2158 3504 et
2211 3453 2439 3521 fortuna:
2491 3452 2636 3504 urbis
2699 3451 3319 3522 Constantinopolitanm.
3383 3451 3441 3506 In
3503 3453 3688 3522 Graeco

2111 3531 2260 3576 textu
2299 3523 2605 3584 ernendavi,
2647 3523 2979 3592 καμπηγίων
3015 3521 3110 3590 pro
3141 3523 3500 3591 γαμπαγίων.
3549 3521 3682 3576 Prie-

2113 3601 2257 3662 terea
2289 3592 2501 3644 correxi
2529 3592 2911 3662 ἐπεγείρεσθαι
2934 3593 3022 3645 τὸν
3053 3593 3195 3662 κατὰ
3225 3592 3416 3662 καιρὸν
3443 3592 3684 3661 βασιλέα.

2113 3661 2285 3733 Quam
2330 3661 2764 3733 eluendationem
2791 3666 3077 3716 conlirmat
3125 3661 3428 3733 Hesychius
3461 3666 3516 3716 in
3556 3664 3689 3717 libro

2113 3731 2190 3785 De
2224 3732 2513 3800 originibus
2557 3733 2701 3784 urbis
2728 3731 3327 3800 Constantinopolita'nw
3361 3733 3466 3786 sub
3504 3733 3680 3786 tinem.

2114 3800 2315 3855 Verum
2354 3801 2606 3855 dubitare
2653 3803 2778 3872 quis
2822 3820 2929 3856 non
2969 3805 3238 3856 imnu-rito
3283 3806 3474 3870 possit,
3509 3814 3680 3856 utrum

2115 3873 2254 3925 hanc
2299 3872 2640 3926 Constantini
2692 3881 2927 3926 statuam
2974 3874 3236 3942 intelligat
3289 3872 3686 3943 Philostorgius

2116 3943 2216 3996 hoc
2241 3943 2377 4004 loco,
2412 3957 2478 3996 an
2508 3944 2730 3995 alteram
2762 3945 2940 4011 potius
2971 3959 3035 3996 ex
3074 3960 3179 3998 rere
3217 3945 3503 4006 radiatam,
3530 3960 3684 4012 quam

2116 4012 2258 4065 idem
2301 4012 2687 4067 Constantinus
2743 4013 2795 4065 in
2845 4014 2964 4066 foro
2999 4015 3150 4067 urbis
3193 4013 3688 4082 Constantinopoli-

2116 4090 2257 4134 tanm
2287 4083 2387 4136 sibi
2417 4092 2664 4136 erexerat
2693 4098 2856 4151 supra
2891 4084 3198 4137 columnam
3224 4085 3680 4152 porphyreticam.

2117 4155 2182 4204 de
2212 4168 2320 4221 qua
2354 4153 2595 4221 loquitur
2641 4164 2832 4206 auctor
2885 4154 3132 4206 Cltronici
3171 4154 3548 4218 Alexandrini,
3597 4152 3688 4207 Jac

2118 4220 2312 4276 nuario
2354 4234 2405 4276 et
2430 4220 2608 4275 ’Justo
2654 4239 2797 4276 coss.
2837 4221 2986 4276 Hanc
3035 4224 3202 4292 igitur
3240 4235 3496 4287 statuam,
3529 4241 3687 4292 quam

2118 4295 2420 4363 posteriore
2475 4294 2597 4346 loco
2645 4294 2942 4355 nominavi,
2999 4296 3178 4362 potius
3218 4295 3442 4363 intelligi
3494 4305 3626 4362 puto
3658 4313 3684 4346 a

2118 4361 2504 4432 Philostorgio,
2537 4364 2674 4416 duas
2713 4365 2785 4417 ob
2819 4361 3055 4416 causas:
3089 4366 3344 4433 primum,
3388 4361 3519 4432 quia
3566 4365 3690 4418 Pin-

447 4431 808 4517 καμπαγίωχ,
861 4433 1077 4517 παντων
1132 4431 1469 4517 κατεχξπων
1523 4433 1724 4514 κηροὺς
1767 4433 2008 4498 λευκοὺς,

2123 4433 2558 4517 ιυειριςὶυεμθιιιη
2595 4444 2830 4517 statuam
2870 4431 3257 4517 porphyretici:
3284 4431 3554 4488 columnae
3593 4437 3693 4487 im-

447 4500 835 4574 περιέρχεσθαι
876 4502 936 4574 τὸ
961 4501 1143 4571 ὄχημα
1186 4500 1275 4574 τὸν
1309 4503 1420 4554 ἄνω
1479 4500 1698 4574 κάμπτον
1730 4504 1834 4574 και
1861 4504 2016 4574 ἔρχεσ-

447 4571 571 4641 σθαι
604 4571 682 4634 εἰς
725 4571 785 4622 τὸ
828 4572 1057 4641 σκάμμα
1106 4572 1390 4624 κατέναντι
1429 4573 1524 4624 τοῦ
1561 4571 1838 4641 βασιλικοῦ
1888 4571 2020 4626 καθ-

451 4640 699 4710 ίσματος,
733 4643 826 4694 καὶ
859 4640 1238 4712 ἐπεγείρεσθαι
1267 4643 1406 4694 κατὰ
1441 4640 1628 4713 καιρὸν
1659 4642 1899 4712 βασιλέα,
1927 4645 2021 4695 καὶ

446 4716 770 4781 προσκυνεῖν
817 4714 916 4782 τὴν
961 4714 1162 4782 στήλην
1195 4713 1288 4764 τοῦ
1338 4713 1501 4765 αὐτοῦ
1551 4714 1815 4782 βασιλέως
1861 4717 2020 4767 Κων-

450 4785 731 4853 σταντὶνου
755 4783 846 4834 καὶ
875 4783 1041 4852 τύχης
1063 4784 1160 4853 τῆς
1187 4784 1356 4852 αὐτῆς
1389 4783 1615 4845 πόλεως.
1669 4783 1723 4836 1d
1755 4794 1858 4846 est,
1889 4785 2022 4837 Cum

448 4852 648 4920 fecisset
682 4854 782 4905 sibi
815 4853 977 4905 aliam
1008 4852 1242 4906 statuam
1273 4871 1336 4907 ex
1362 4855 1514 4906 veteri
1542 4855 1764 4922 quodam
1799 4855 2024 4906 simula-

448 4937 564 4993 cro,
583 4926 905 4985 inauratam,
945 4941 1061 4992 qua:
1089 4926 1276 4976 dextra
1308 4941 1465 4976 manu
1491 4926 1725 4993 gestabat
1752 4923 2023 4990 fortttnam

451 4992 596 5043 urbis
649 4994 1284 5063 Constantinopolitana:,
1331 5011 1447 5054 (nuc
1499 4992 1613 5062 ipsa
1667 5011 1866 5063 quoque
1909 5006 2022 5048 erat

449 5063 721 5133 inaurata.
755 5062 1022 5133 Jussitque
1046 5077 1101 5116 ut
1136 5080 1194 5116 eo
1225 5066 1310 5117 die
1335 5081 1435 5133 quo
1471 5062 1741 5117 Circenses
1769 5070 1830 5116 ob
1869 5075 2025 5117 nata-

451 5129 554 5202 lem
597 5132 738 5184 urbis
775 5129 1376 5202 Constantinopolitanie
1421 5134 1731 5196 edebantur,
1782 5135 2024 5187 introiret

449 5200 630 5252 eadem
659 5211 836 5254 statua
880 5200 1174 5261 simulacri.
1207 5205 1432 5257 deducta
1466 5220 1497 5256 a
1533 5205 1808 5269 militibus,
1859 5205 2022 5258 lienus

451 5284 499 5322 et
536 5286 838 5340 campugos,
864 5288 953 5324 seu
987 5273 1184 5326 calceos
1215 5274 1546 5345 habentibus,
1592 5284 1638 5326 et
1669 5291 1840 5328 cereos
1877 5277 2022 5328 albos

2127 4503 2356 4573 positam
2408 4502 2576 4557 fuisse
2629 4502 2980 4573 dicitzquod'
3013 4505 3229 4572 quidem
3282 4520 3470 4557 verum
3514 4510 3692 4559 estde

2127 4572 2423 4642 posteriore
2451 4583 2638 4643 statua,
2657 4572 3021 4639 Constantini,
3045 4590 3146 4626 non
3171 4590 3348 4627 autem
3380 4575 3445 4628 de
3483 4578 3690 4643 priore;

2128 4645 2388 4708 Secundo,
2440 4648 2567 4711 quia
2616 4642 3016 4714 Philostorgius
3057 4645 3120 4696 ad
3171 4645 3315 4697 illam
3353 4642 3692 4699 Cottstantini

2129 4723 2368 4784 statuam
2405 4715 2626 4768 crebros
2672 4731 2736 4768 ac
2769 4731 2901 4780 pene
2943 4716 3289 4782 quotidianus
3337 4717 3524 4784 populi
3571 4731 3696 4769 cou-

2127 4794 2322 4838 ventus
2349 4783 2731 4854 fuisseAScribit
2759 4803 2771 4837 :
2806 4784 2950 4852 quod
2986 4786 3199 4851 quidem
3226 4783 3417 4839 statuae
3453 4788 3555 4849 illi,
3577 4801 3694 4854 quis

2130 4867 2245 4927 erat
2269 4855 2320 4906 in
2355 4846 2841 4927 foroConstantini
2867 4846 3027 4927 supra
3062 4854 3367 4908 columnam
3399 4846 3697 4927 porpbj'ref-

2133 4925 2316 4986 ticam,
2368 4925 2563 4978 melius
2621 4925 2890 4978 convenit.
2955 4925 3143 4977 Statua
3195 4935 3374 4979 autem
3431 4927 3546 4990 illa,
3587 4925 3696 4979 ἀπὸ

2123 4993 2336 5058 ξοάνου,
2370 5012 2491 5064 quae
2524 4995 2796 5049 fortunam
2840 4996 2990 5047 urbis
3017 4996 3204 5048 dextra
3237 5011 3399 5048 manu
3429 4999 3695 5064 gestabat,

2123 5065 2290 5118 semel
2348 5075 2554 5118 tantum
2610 5068 2903 5134 quotannis
2942 5067 3009 5118 ab
3048 5065 3371 5134 imperatore
3405 5077 3458 5119 et
3505 5069 3697 5134 populo

2123 5135 2454 5190 adorabatur
2492 5137 2544 5188 in
2576 5135 2757 5198 Circo,
2793 5145 2849 5188 ut
2883 5144 3112 5188 testatur
3154 5135 3453 5205 Hesychius
3497 5140 3573 5189 De
3604 5137 3697 5188 ori-

2125 5205 3020 5328 g‘ilnibusdConstantinopolitanis,
3084 5215 3138 5259 et
3203 5216 3394 5260 auctor
3450 5206 3697 5260 Chromci

2200 5292 2332 5328 exat;
2377 5292 2498 5328 l‘lm.

2129 5277 2498 5329 Alexandrini.

1915 5415 2244 5460 VARIORUM

528 5515 604 5586 (α)
651 5515 1014 5593 Κώνσταντᾲ
1065 5536 1272 5587 φησιν.
1333 5523 1421 5577 Ait
1488 5524 1575 5578 hic
1628 5522 2022 5593 Philostorgius

451 5586 808 5642 Constantem
848 5589 1003 5662 fratri
1049 5586 1408 5646 Constantino
1448 5594 1674 5648 insidias
1719 5586 2021 5662 struxisse;

454 5671 582 5712 e'tm
639 5668 823 5713 contra
866 5660 1099 5728 prodant
1137 5662 1226 5715 alii
1272 5663 1690 5717 Constantinum
1729 5665 1795 5718 de
1841 5660 2022 5720 Africa

455 5729 775 5784 nominatim
816 5730 968 5785 fratri
1001 5731 1281 5787 Constanti
1332 5735 1754 5790 controversiam
1801 5751 2021 5791 moven-

2131 5537 2238 5581 tem
2291 5527 2553 5580 adversus
2591 5540 2714 5578 eum
2748 5524 2944 5578 bellum
2982 5523 3238 5580 movisse.
3282 5523 3348 5577 Et
3397 5523 3546 5578 hunc
3575 5540 3696 5579 sen-

2133 5613 2254 5651 sum
2302 5606 2521 5651 secutus
2569 5607 2651 5649 est
2698 5594 2942 5650 Valesius
2986 5597 3038 5647 in
3087 5610 3185 5649 sua
3235 5595 3696 5663 interpretatione.

2136 5668 2253 5722 Vid.
2289 5669 2442 5721 Socr.
2477 5666 2569 5748 lib.
2608 5683 2667 5729 tt,
2700 5682 2818 5736 cap.
2856 5665 2920 5731 5;
2949 5664 3072 5720 Soz.
3109 5667 3200 5720 lib.
3228 5681 3306 5731 Ill,
3337 5680 3455 5734 cap.
3485 5664 3544 5718 2.
