3828 6306
182 323 282 382 εει

1251 317 1810 374 ΕεοιεειΑεΤιοιΕ
1855 317 2202 374 ΠΙὸΤΟΒΙίΕ
2243 319 2370 376 LIB.
2417 320 2506 374 Ill.

3335 323 3443 378 48⁵2

179 435 483 508 ἔκκλησίαν
531 435 698 506 φησιν
745 435 906 488 αὐτὸν
957 431 1300 506 δομήσασθαι
1345 435 1446 504 τὴν
1498 435 1556 487 ὲν
1609 435 1758 487 Κων-

1869 435 1993 505 fert.
2023 465 2096 474 —-
2133 435 2316 491 Multis
2356 435 3018 491 laudibus-Constantitnn
3069 434 3224 490 ell'ert
3253 433 3442 491 Philo-

180 530 468 582 σταντίνου
515 527 692 592 πόλει,
731 527 827 581 καὶ
871 522 1037 580 οὖσαν
1078 526 1172 579 καὶ
1217 525 1562 595 καλουμένην
1597 524 1766 595 μεγά-

177 622 296 692 λην.
338 623 452 674 Καὶ
501 621 566 693 δὴ
616 621 714 674 καὶ
775 619 1034 691 ’Δνδρέαν
1083 618 1176 671 τὸν
1228 617 1524 672 ἀπόστολον
1568 619 1632 670 ἐκ
1663 619 1764 688 τῆς

187 713 418 784 Ἀχαΐας
447 713 812 785 μετακομίσαι
842 713 936 766 ἐπὶ
980 713 1074 766 τὸν
1123 711 1249 765 ναὸν
1273 711 1333 765 ὃν
1370 705 1526 774 οὗτος
1567 711 1765 782 ἐξῳκο-

175 806 475 876 δομήσατο,
507 805 569 858 τὸ
596 806 774 859 κοινὸν
805 805 913 858 τῶν
959 804 1294 857 Ἀποστόλων
1322 803 1402 874 (α)
1429 805 1762 874 ἐπιφερόμε-

175 918 263 954 νον
297 901 492 971 ὄνομα,
519 893 578 952 οὗ
607 899 834 970 πλησίον
875 897 968 951 καὶ
993 898 1084 950 τὸν
1114 895 1365 968 πατρῷον
1403 897 1572 966 τάφον
1616 897 1762 968 ἱδρύ-

175 993 380 1047 σασθαι
401 1010 414 1022 ·
452 993 542 1046 ναὶ
569 991 634 1064 δὴ
663 994 756 1045 καὶ
783 993 1000 1046 Λουκᾶν
1032 991 1120 1044 τὸν
1149 989 1540 1061 εὐαγγελιστὴν
1572 991 1633 1043 ἐκ
1661 991 1763 1059 τῆς

173 1082 352 1152 αὐτῆς
423 1083 648 1150 Ἀχαΐας
697 1083 778 1144 είς
823 1081 884 1134 τὸ
934 1080 1064 1134 αὐτὸ
1118 1083 1458 1150 μετενεγκεῖν
1503 1079 1758 1150 τέμενος·

173 1174 314 1230 ἀλλᾶ
349 1175 448 1228 καὶ
476 1173 740 1244 Τιμόθεον
767 1173 860 1226 τὸν
895 1168 1193 1226 ἀπόστολον
1221 1171 1481 1234 ὡσαύτως
1507 1170 1564 1236 ἐξ
1603 1169 1761 1238 Ἐφέ-

174 1284 270 1320 σου
297 1267 402 1334 τῆς
445 1266 652 1328 Ἰωνίας
682 1267 762 1328 είς
789 1265 881 1317 τὸν
927 1263 1087 1317 αὑτὸν
1132 1263 1462 1334 ἀνακομίσαι
1496 1261 1764 1334 περιώνυ-

175 1377 276 1430 μον
313 1361 410 1412 καὶ
451 1359 750 1428 σεϐάσμιον
778 1353 944 1411 οἷκον.

239 1544 316 1605 γ’.
360 1538 488 1589 Ὀτι
531 1536 770 1606 conciti);
808 1537 836 1588 ὁ
879 1534 1254 1598 Κωνστάντιος
1321 1535 1483 1602 γνοὺς
1529 1533 1758 1588 Ἀθανά-

169 1646 286 1682 σιον
345 1630 440 1682 τὸν
499 1628 907 1699 Ἀλεξανδρείας
955 1627 1144 1698 θρόνον
1191 1627 1502 1692 ἀναλαϐεῖν,
1554 1629 1762 1681 ἐκεῖνον

171 1723 274 1792 μὲν
321 1721 536 1775 ἐλαύνει
565 1721 669 1792 τῆς
722 1719 1150 1791 Ἀλεξανδρείας,
1193 1720 1759 1793 ἀντιχειροτονηθῆναι

1868 529 2134 599 storgius,
2189 529 2374 600 aitque
2431 545 2554 584 eum
2623 527 3094 598 Constantinopoli
3151 529 3440 584 ecclesiam

1865 621 2182 684 tedilicasse,
2213 638 2335 693 quae
2359 638 2551 678 revera
2585 631 2640 676 et
2669 633 2752 678 est
2777 633 2830 676 et
2857 623 3056 676 dicitur
3083 637 3303 690 magna.
3337 621 3444 677 Re-

1866 711 2062 780 liquias
2081 713 2243 766 etiam
2268 714 2495 767 Andreae
2517 694 2744 782 apostoli
2775 729 2838 766 ex
2871 713 3074 767 Achaia
3103 727 3228 767 eum
3259 722 3442 768 trans-

1867 804 2062 858 tulisse
2120 805 2310 858 scribit
2359 805 2412 858 in
2445 806 2730 859 ecclesiam
2768 819 2929 872 quam
2965 804 3078 873 ipse
3111 804 3438 860 absolverat.

1864 912 1986 966 quae
2015 897 2395 966 Apostolorum
2425 905 2671 950 vocatur.
2707 897 2772 950 Et
2799 897 2954 966 juxta
2989 911 3109 950 eam
3147 895 3437 950 ecclesiam

1865 991 2036 1058 patris
2089 991 2173 1046 sui
2219 992 2488 1045 tumulum
2545 979 2878 1054 collocasse;
2927 989 3131 1045 Lucam
3179 999 3440 1059 praeterea

1864 1082 2247 1151 evangelistam
2297 1097 2363 1136 ex
2409 1083 2597 1136 eadem
2639 1083 2844 1136 Achaia
2888 1083 2956 1136 ab
3001 1097 3067 1136 eo
3115 1080 3438 1135 translatum

1864 1187 1985 1226 esse
2007 1172 2060 1225 in
2081 1173 2451 1242 supradictam
2483 1173 2804 1239 ecclesiam;
2833 1171 3177 1226 Timotheum
3204 1169 3438 1240 denique

1864 1265 2166 1334 apostolum
2204 1265 2274 1318 ab
2305 1265 2440 1318 urbe
2470 1264 2629 1320 lonia:
2661 1264 2876 1334 Epheso
2913 1265 2966 1318 in
2996 1263 3261 1317 celebrem
3289 1263 3435 1316 illam

1865 1369 1930 1406 ae
1951 1355 2314 1408 venerabilem
2351 1355 2633 1410 basilicam
2663 1355 2822 1426 jussu
2853 1355 3098 1425 ejusdem
3127 1353 3434 1410 Constantii

1864 1446 2208 1513 deportatum
2239 1445 2264 1499 l‘
2265 1446 2434 1500 uisse.

1933 1538 1983 1591 5.
2029 1537 2358 1592 Athanasius
2393 1539 2552 1610 fugit.
2597 1569 2672 1584 —
2715 1538 2806 1592 Ait.
2846 1537 3242 1606 Philostorgius
3293 1537 3438 1590 Con-

1863 1629 2154 1691 stantium,
2207 1646 2330 1684 cum
2375 1631 2739 1685 Athanasium
2783 1629 3203 1684 Alexandrinam
3251 1628 3436 1684 sedem

1863 1720 2198 1790 postliminio
2227 1735 2579 1790 recuperasse
2610 1721 2908 1783 didicisset,
2939 1735 3064 1774 eum
3093 1719 3308 1788 quidem
3337 1733 3438 1773 ex-

165 1815 222 1868 δὲ
251 1815 488 1886 γνώμην
513 1814 805 1882 ἀποφαίνει
839 1812 1111 1884 Γεώργιον
1133 1813 1224 1866 τὸν
1253 1815 1318 1866 ὲκ
1341 1814 1754 1877 Καππαδοκίας.

1867 1813 2067 1880 pulisse
2112 1814 2478 1880 Alexandria,
2533 1815 2824 1868 mandasse
2869 1827 3002 1866 vero
3054 1821 3113 1866 ut
3169 1809 3438 1882 Georgius

177 1907 240 1959 '0
283 1907 346 1960 δὲ
411 1905 726 1969 ’Δθανάσιος
769 1905 952 1970 δείσας
1001 1905 1224 1969 καὶτὰς
1263 1905 1494 1970 ἀπειλὰς
1534 1906 1627 1960 καὶ
1663 1907 1756 1961 τὸν

165 1998 226 2064 ἐξ
259 1999 561 2069 ἐπιϐουλῆς
591 1999 841 2066 θάνατον,
878 2000 1017 2070 πρὸς
1039 1999 1132 2052 τὸν
1163 1999 1418 2068 ἑσπέριον
1450 1999 1760 2068 ἀφικνεῖται

166 2090 338 2144 πάλιν
375 2089 625 2160 βασιλέα.

229 2269 300 2324 δ’.
344 2269 472 2324 Ὅτι
503 2270 881 2324 Κωνστάντιόν
911 2288 1044 2342 φησι
1071 2270 1600 2342 διαπρεσϐεύσασθαι
1623 2272 1760 2344 πρὸς

161 2363 296 2426 τοὺς
343 2362 515 2416 πάλαι
571 2362 670 2434 μὲν
717 2363 984 2426 Σαϐαίους
1033 2363 1144 2430 (lt),
1185 2363 1279 2416 νῦν
1337 2363 1394 2416 δὲ
1459 2364 1760 2436 Ὀμηρίτας

161 2453 564 2524 καλουμένους.
609 2455 767 2507 Ἔστι
801 2454 950 2508 δὲτὸ
991 2453 1145 2518 ἔθνος
1188 2455 1298 2508 τῶν
1337 2457 1401 2509 ὲκ
1447 2457 1759 2528 Χεττούρας

161 2545 240 2616 τῷ
301 2546 556 2616 Ἀϐραὰμ
584 2546 914 2615 γενομένων.
965 2547 1077 2614 Τὴν
1109 2547 1166 2599 δὲ
1202 2546 1384 2619 χώραν
1428 2549 1668 2620 μεγάλην
1697 2567 1757 2601 τε

173 2637 446 2710 Ἀραϐίαν
481 2637 764 2692 καλεῖσθαι
792 2639 888 2691 καὶ
918 2638 1214 2708 εὐδαίμονα
1241 2639 1376 2711 πρὸς
1413 2641 1523 2694 τῶν
1573 2641 1760 2713 Ἑλλή-

159 2749 273 2785 νων
299 2749 312 2761 ·
353 2731 621 2802 καθήκειν
663 2731 724 2784 δὲ
777 2731 869 2784 ἐπὶ
911 2731 1002 2785 τὸν
1049 2730 1318 2796 ἐξώτατον
1367 2733 1639 2787 ὠκεανόν·
1689 2729 1758 2804 ἦς

162 2825 574 2896 μητρόπολις-1]
621 2823 802 2877 Σάϐα·
859 2822 918 2888 ἐξ
962 2820 1031 2895 ἧς
1065 2825 1159 2876 καὶ
1203 2825 1236 2896 ἡ
1289 2825 1505 2895 βασιλὶς
1539 2827 1758 2880 καὶτὸν

159 2915 498 2986 Σλλομῶντα
545 2914 912 2985 παραγεγόνει
949 2914 1082 2984 ('57).
1145 2915 1544 2987 Ἐμπερίτομον
1595 2917 1652 2970 δὲ
1697 2918 1760 2970 τὸ

159 3009 320 3071 ἔθνος
341 3008 480 3072 (58ι,
505 3006 648 3060 κατὰ
675 3007 774 3076 τὴν
803 3006 992 3077 ὀγδόην
1024 3009 1488 3078 περιτεμνόμενον
1511 3009 1756 3080 ἡμέραν·

157 3101 256 3154 καὶ
286 3099 512 3152 θύουσιν
543 3097 679 3169 ἡλίῳ
723 3098 816 3152 καὶ
869 3099 1068 3172 σελήνῃ
1117 3099 1208 3152 καὶ
1248 3097 1499 3169 δαίμοσιν
1553 3101 1746 3170 ἐπιχω-

1866 1902 2156 1971 Cappadox
2179 1905 2299 1973 ejus
2325 1899 2444 1959 loco
2463 1905 2826 1959 ordinaretur.
2849 1904 3206 1957 Athanasium
3231 1903 3433 1971 itaque,

1863 2010 1986 2050 cum
2019 1996 2368 2066 imperatoris
2408 1999 2586 2053 minas
2617 2007 2669 2052 et
2703 1997 3048 2052 inimicorum
3085 1996 3310 2050 insidias
3351 2009 3431 2048 re-

1863 2086 2204 2155 formidaret,
2232 2093 2300 2144 ad
2343 2091 2726 2160 imperatorem
2769 2091 2862 2161 qui
2897 2101 3011 2144 tum
3043 2091 3096 2143 in
3131 2089 3440 2145 Occidentis

1861 2182 2111 2250 partibus
2145 2183 2425 2254 regnabat,
2453 2185 2632 2240 denuo
2659 2199 2718 2239 se
2744 2185 3062 2240 contulisse.

1929 2274 1984 2330 4.
2025 2276 2106 2327 Ad
2138 2275 2442 2330 llomeritas
2467 2276 2680 2346 legatio.
2709 2275 3020 2346 Theophilus
3049 2276 3236 2330 Indus.
3259 2277 3438 2330 —Ait

1859 2364 2280 2438 Philostorgius,
2313 2368 2692 2422 Constantium
2735 2369 2942 2440 legatos
2981 2371 3196 2424 misisse
3230 2370 3298 2424 ad
3342 2385 3437 2425 eos

1859 2458 1953 2527 qui
1987 2459 2116 2512 olim
2149 2459 2366 2528 quidem
2403 2459 2596 2524 Sabaei,
2623 2477 2768 2516 nunc
2801 2471 2980 2516 autem
3019 2460 3311 2518 l-lomeritte
3341 2475 3438 2514 vo-

1859 2560 2072 2604 cantur.
2111 2550 2205 2606 Est
2235 2551 2350 2606 haec
2375 2568 2506 2622 gens
2535 2568 2726 2608 eorum
2773 2555 2864 2623 qui
2911 2569 2978 2608 ex
3017 2555 3278 2609 Chettura
3325 2559 3438 2609 nati

1859 2654 1988 2698 sunt
2014 2644 2266 2698 Abrahae.
2289 2643 2584 2716 Hegionem
2619 2655 2798 2700 autem
2825 2663 2990 2716 quam
3019 2648 3281 2714 incolunt,
3303 2649 3442 2702 Ara-

1857 2734 2002 2788 biam
2029 2752 2277 2806 magnam
2304 2747 2357 2792 et
2408 2739 2616 2792 lclicem
2649 2755 2678 2792 a
2713 2739 2915 2794 Graecis
2937 2740 3194 2809 appellari
3225 2739 3434 2804 scribit,

1858 2835 1926 2882 et'
1955 2830 2018 2884 ad
2051 2831 2311 2884 extimum
2357 2828 2634 2885 Oceanum
2679 2831 3022 2902 pertingere;
3054 2831 3281 2902 ejusque
3322 2845 3440 2888 me-

1861 2922 2112 2990 tropolim
2155 2937 2278 2976 esse
2309 2923 2530 2984 Saham,
2559 2938 2624 2976 ex
2667 2939 2772 2992 qua
2805 2922 2938 2978 urbe
2973 2925 3102 2977 olim
3141 2925 3324 2995 regina
3365 2925 3434 2979 ad

1862 3012 2206 3066 Salomonem
2253 3015 2537 3068 visendum
2587 3015 2828 3084 profecta
2875 3025 2979 3070 est.
3019 3015 3116 3071 Est
3164 3029 3342 3072 autem
3371 3033 3436 3072 ea

1860 3120 1994 3174 gens
2021 3121 2086 3159 ex
2117 3107 2558 3172 circumcisione,
2583 3117 2636 3162 et
2657 3120 2848 3163 octavo
2876 3109 2963 3163 die
2989 3111 3433 3178 circumciditur;

161 3193 324 3264 ρίοις.
377 3193 498 3245 Οὐκ
531 3190 712 3258 ὀλίγον
755 3190 812 3244 δὲ
863 3171 1068 3260 πλῆθος
1113 3191 1206 3245 καὶ
1265 3191 1529 3245 Ἰουδαίων
1572 3193 1755 3258 αὐτοῖς

1867 3193 2170 3251 sacriﬁcant
2208 3197 2370 3251 etiam
2405 3199 2506 3252 soli
2539 3211 2591 3253 et
2630 3200 2767 3254 lunae
2801 3210 2854 3254 et
2879 3201 2986 3256 diis
3017 3201 3309 3271 indigenis.
3340 3201 3438 3256 Ju-

155 3283 580 3353 ἀναπέφυρται.
617 3281 761 3352 Πρὸς
798 3279 1007 3344 τούτοις
1039 3275 1132 3334 οὖν
1159 3280 1614 3352 διαπρεσϐεύεται
1643 3283 1753 3352 (59)

155 3377 574 3439 Κωνστάντιος,
620 3377 714 3427 ἐπὶ
743 3373 841 3446 τὴν
875 3373 1154 3426 εὐσέϐειαν
1200 3372 1400 3427 σκοπὸν
1437 3373 1758 3444 ποιούμενος

155 3470 364 3531 αὐτοὺς
403 3465 776 3538 μεταθέσθαι·
830 3465 1025 3535 δώροις
1057 3483 1116 3517 τε
1160 3461 1254 3518 οὖν
1286 3464 1755 3536 μεγαλοπρεπέσι,

157 3563 254 3615 καὶ
305 3559 514 3630 πλήθει
545 3559 681 3628 (40),
729 3558 821 3610 τὸν
867 3556 1276 3628 καθηγούμενον
1304 3557 1398 3610 τοῦ
1444 3557 1636 3623 ἔθνους
1679 3560 1759 3611 ol-

155 3654 505 3711 κειώσασθαι
543 3654 838 3706 διενοεῖτο⁶
895 3651 1148 3704 κάκεῖθεν
1203 3651 1327 3704 αὐτὶ
1382 3651 1477 3704 καὶ
1529 3650 1596 3704 τὰ
1645 3651 1756 3722 (41)

155 3751 257 3820 τῆς
297 3744 592 3809 εὐσεϐείας
625 3744 916 3816 σπέρματα
948 3744 1130 3814 χώραν
1163 3745 1346 3815 εὑρεῖν
1376 3744 1754 3802 ὲναποθέσθαι,

169 3841 346 3908 ’Δξιοῖ
381 3839 438 3892 δὲ
482 3839 578 3891 καὶ
612 3839 914 3908 παρασχεῖν
958 3835 1254 3906 ἐκκλησίας
1293 3839 1405 3899 τοῖς
1434 3837 1612 3889 ἐκεῖσε
1648 3836 1756 3890 τῶν

168 3929 472 4001 Ῥωμαίων
503 3929 926 3998 ἀφικνουμένοις
953 3927 1504 3998 ἀνοικοδομήσασθαι,
1524 3929 1618 3981 καῖ⁹
1636 3929 1753 3982 εἴτι

157 4023 288 4077 ἄλλο
315 4021 434 4076 τῶν
463 4019 806 4090 αὐτοχθόνων
837 4019 930 4072 ἐπὶ
955 4018 1055 4090 τὴν
1080 4019 1363 4073 εὐσέϐειαν
1389 4021 1751 4075 ἀποκλίνοιεν.

169 4115 381 4168 Ἐδίδου
411 4112 470 4166 δὲ
501 4113 596 4166 καὶ
641 4113 826 4183 φέρειν
870 4111 1168 4180 φιλοτίμως
1201 4113 1324 4174 τοὺς
1373 4113 1631 4182 πρέσϐεις
1663 4114 1760 4168 καὶ

1855 3285 2097 3340 dmorqu
2135 3303 2356 3358 quoque
2387 3305 2494 3343 non
2525 3291 2718 3360 exigua
2747 3292 3040 3346 multitudo
3081 3292 3149 3348 iis
3177 3295 3434 3363 permista

1855 3385 1956 3430 est.
1987 3377 2070 3431 Ad
2099 3378 2196 3431 hos
2231 3379 2395 3448 igitur
2421 3379 2742 3450 legationem
2787 3382 2935 3435 misit
2963 3380 3338 3448 Constantius,
3371 3399 3438 3438 eo

1855 3467 2092 3522 consilio
2121 3479 2178 3522 ut
2205 3468 2272 3523 ad
2297 3483 2479 3523 veram
2517 3470 2771 3538 pietatem
2800 3471 2920 3524 illos
2947 3472 3284 3538 traduceret;
3319 3487 3438 3541 pro-

1857 3560 1986 3614 inde
2013 3561 2317 3631 magnilicis
2349 3563 2668 3618 muneribus
2693 3573 2748 3618 et
2772 3563 2968 3618 blanda
2999 3565 3287 3619 verborum
3313 3581 3438 3636 per-

1858 3651 2118 3708 suasione
2155 3669 2334 3725 regem
2368 3655 2515 3709 illius
2543 3657 2719 3725 gentis
2763 3656 2870 3710 sibi
2901 3657 3194 3711 conciliare
3223 3651 3432 3716 statuit.

1858 3754 2019 3812 atque
2041 3761 2106 3800 ex
2131 3761 2196 3800 eo
2221 3747 2404 3800 statim
2437 3748 2895 3816 opportunitatem
2918 3761 3130 3816 nactus,
3157 3751 3436 3822 religionis

1855 3837 2065 3890 semina
2098 3837 2170 3890 ibi
2205 3852 2478 3907 spargere.
2512 3837 2812 3893 Postulavit
2854 3843 3038 3905 etiam,
3063 3851 3123 3895 ut
3168 3843 3436 3900 Romanis

1857 3927 1989 3983 illuc
2015 3930 2418 3998 navigantibus,
2447 3941 2501 3984 et
2529 3932 2768 4001 regionis
2801 3934 2994 3988 incolis
3017 3937 3110 4004 qui
3143 3938 3210 3992 ad
3233 3937 3438 3994 Christi

1855 4019 2018 4074 ﬁdem
2061 4023 2304 4075 converti
2351 4023 2570 4088 vellent,
2602 4025 2865 4080 ecclesias
2915 4025 3183 4082 aediﬁcare
3231 4029 3435 4085 liceret.

1859 4109 2017 4165 Dedit
2063 4113 2228 4166 etiam
2273 4114 2464 4184 legatis
2512 4130 2762 4187 magnam
2811 4115 2919 4170 vim
2967 4119 3228 4188 pecuniae,
3271 4136 3436 4190 quam

1403 4247 1646 4291 VALESII
1685 4247 2086 4293 ,ΑΝΝΟΤΑΤΙΟΝ
2089 4249 2182 4292 ES.

169 4343 352 4434 ._(37)
407 4357 548 4434 _Ka_l__
575 4355 676 4408 τὸν
729 4355 1546 4434 Σολομῶτττα-ξεαραγεγέγερ.
1596 4354 1756 4434 Nicet-

1867 4372 1980 4434 ιιιεο
2028 4356 2478 4434 ρενίουιοηπρὺς
2526 4358 2784 4424 τούτους’
2815 4361 2920 4432 ‘sic
2969 4364 3114 4418 enim
3159 4365 3440 4434 postulant

195 4423 378 4484 hortis
405 4429 460 4482 in
495 4427 636 4480 libro
673 4437 867 4480 octavo
884 4423 1072 4496 capite
1102 4427 1192 4480 55.
1229 4423 1381 4480 hunc
1399 4423 1750 4498 Philostorgii

155 4447 342 4555 Etcum
375 4497 710 4555 describens.
737 4498 806 4550 ita
836 4499 961 4555 legit
987 4516 998 4550 -.
1037 4497 1124 4555 Ἐξ
1151 4492 1218 4555 ἧς
1238 4495 1546 4555 Σολομῶντι
1573 4515 1750 4555 παρα-

175 4523 188 4550 ε

193 4517 342 4555 tcum
375 4497 710 4567 describens,
737 4498 806 4550 ita
836 4492 998 4567 legit?
1015 4497 1124 4567 γἙξ
1151 4492 1218 4567 ἦς
1238 4495 1546 4567 Σολομῶντι
1573 4492 1752 4566 παρα·
1777 4525 1784 4532 -

155 4569 452 4640 γεγονέναι
480 4566 650 4640 λόγος
675 4567 786 4637 ἔχει
816 4565 914 4638 τὴν
944 4566 1040 4640 τού
1070 4565 1263 4640 Norat:
1275 4565 1612 4640 βασίλισσαν.
1639 4565 1752 4640 Ego

153 4637 422 4696 Firmium
459 4639 746 4706 scripsisse
780 4637 908 4707 puto
932 4639 1077 4708 πρὸς
1098 4638 1188 4689 τὸν
1227 4637 1570 4708 Σολομῶντα.

229 4713 351 4782 (38)
409 4711 834 4782 Ἐκπερίτομογ
854 4708 924 4760 δὲ
946 4707 1012 4760 τὸ
1049 4707 1244 4772 ἔθνος.
1273 4707 1646 4782 _Scri_bendum
1672 4719 1754 4782 est

155 4777 357 4854 procul
402 4781 572 4854 dubio
615 4777 1006 4854 εμπερίξομον,
1053 4779 1749 4854 qttetttatllttodum“praefe-

153 4846 290 4907 i-nnt
319 4851 513 4919 scripti
545 4846 782 4910 codices,
815 4846 1186 4919 Scoriacensis
1211 4848 1418 4904 scilicet
1439 4859 1494 4919 et
1507 4846 1754 4919 Bcchar-

157 4927 375 4976 tianus.
405 4917 582 4986 Quam
607 4919 934 4987 scripturam
967 4918 1257 4972 confirmat
1275 4919 1440 4972 etiam
1475 4917 1750 4990 Nicepho-

155 5009 255 5048 rus
293 4993 356 5045 in
391 4991 531 5044 libro
559 5005 680 5050 vui.
709 4991 886 5057 capite
901 4990 1096 5057 citato.

227 5063 352 5134 (59)
397 5060 556 5129 Πρὸς
591 5055 823 5126 tori-ton;
853 5055 969 5114 οὖν
996 5059 1505 5127 διαπρεσϐεύεται.
1561 5058 1751 5114 Scribe

1861 4430 2005 4496 leges
2035 4429 2422 4498 grammaticae.

1932 4497 2055 4569 (40)
2082 4499 2190 4552 Καὶ
2239 4499 2478 4566 πλήθει.
2521 4497 2878 4554 Scribendum
2919 4503 3052 4556 mihi
3094 4504 3307 4558 videtur
3345 4506 3440 4558 καὶ

1861 4570 2029 4640 πιθοῖ,
2057 4584 2220 4638 quam
2256 4573 2580 4638 scripturam
2627 4571 2680 4623 in
2715 4573 3162 4640 interpretatione
3187 4591 3308 4628 mea
3341 4591 3436 4628 ex-

1861 4639 2054 4712 pressi.
2089 4640 2490 4712 Ceﬁrtekvulgata
2525 4641 2684 4712 lectio
2707 4641 2836 4712 ferri
2864 4639 2972 4712 non
3008 4653 3202 4712 potest.

1935 4709 2046 4779 (4-1)
2087 4709 2385 4764 Κάκεῖθεν
2408 4710 2543 4763 αὐτὶ
2577 4711 2674 4764 καὶ
2723 4711 2814 4765 τά.
2869 4709 2925 4765 In
2975 4709 3078 4766 tris.
3113 4715 3298 4767 codice
3333 4714 3438 4769 Bo-

1864 4779 2038 4854 charti
2087 4780 2352 4854 scriptum
2401 4781 2602 4846 inveni,
2639 4780 2892 4854 κακείθεν
2932 4782 3102 4854 αὐτῆς
3155 4799 3249 4854 per
3281 4799 3436 4840 corn-

1857 4850 2138 4922 pendium.
2175 4850 2332 4915 Quod
2374 4866 2494 4905 cum
2531 4851 3004 4922 nouintelligcret
3045 4850 3436 4922 Gothofredus,

1828 4921 2039 4992 'edidit
2075 4921 2220 4984 αὑτί,
2257 4936 2378 4989 qua:
2408 4935 2512 4974 vox
2558 4920 2718 4992 nihili
2756 4920 2874 4992 est.
2899 4923 3004 4977 Sed
3051 4927 3238 4992 procul
3268 4920 3436 4980 dubio

1852 4989 2138 5064 legendum
2179 4988 2527 5064 εειςαὺτοῖς.
2567 4991 2754 5064 supple
2791 4988 3142 5064 _'0p.1]pl‘:dtt;.
3178 4992 3440 5052 Scribun-

1854 5059 1985 5114 dum
2017 5060 2180 5115 etiam
2219 5061 2432 5116 videtur
2461 5059 2649 5132 χώραν
2675 5059 2872 5130 εὑρὼν.

1638 5195 1986 5240 νΑΙιΙοιωΜ.

227 5317 312 5386 (α)
375 5311 523 5386 Τῶν-
558 5310 966 5386 Ἀπόστυαζςυν.
993 5306 1124 5386 _SS.
1171 5307 1555 5386 Apostolorum
1611 5317 1749 5361 tem-

153 5378 336 5458 plum,
375 5383 624 5458 omnium
670 5389 791 5450 post
840 5378 1175 5458 sophianum
1223 5378 1634 5458 celeberrimum
1684 5393 1748 5432 ac

153 5447 620 5542 pulcherrimum,
669 5447 940 5542 exstruxit

153 5519 210 5584 in
241 5543 316 5581 eo
345 5527 706 5594 imperatores
737 5520 1032 5594 Christiani
1063 5531 1184 5594 post
1217 5520 1427 5594 obitum
1455 5519 1751 5594 humaretu-

153 5610 271 5654 tnr.
309 5589 676 5663 Theophanes
705 5607 828 5663 pag.
859 5589 954 5657 2|;
987 5589 1257 5663 Eusebius
1445 5589 1627 5663 Const.
1653 5589 1746 5663 lib.

155 5685 234 5730 tv,
267 5683 396 5735 cap.
433 5659 540 5730 ειη
585 5659 724 5735 δοεῇ
776 5659 869 5735 lib.
917 5678 1109 5735 1,(ζί1ι).
1157 5661 1242 5735 ιθ.
1293 5659 1428 5735 Ῡίιίε
1475 5659 1642 5735 multa
1683 5661 1750 5735 de

155 5745 264 5794 hoc
327 5730 530 5805 templo
587 5733 728 5803 apud
777 5730 1118 5805 Ducangiu‘m
1183 5733 1237 5787 in
1290 5730 1750 5800 Constantinopoli

153 5803 497 5868 Christiana.
531 5806 628 5862 lib.
665 5821 740 5869 tv,
772 5818 891 5874 cap.
927 5803 978 5858 5.

1928 5309 2002 5380 (b)
2043 5309 2199 5376 Πρὸς
2229 5307 2370 5374 τοὺς
2395 5305 2581 5380 animt
2607 5308 3068 5380 μὲνίΣασαίοιές.
3105 5307 3327 5364 Peracta
3359 5318 3440 5364 est

1858 5379 1974 5435 haec
2002 5381 2198 5448 legatio
2227 5395 2370 5432 anno
2411 5379 2628 5448 556,7ut
2661 5379 2940 5432 existimat
2975 5379 3340 5434 Gothofredus
3385 5383 3438 5433 in

1859 5447 2151 5520 Comment.
2184 5449 2308 5518 Leg.
2328 5450 2363 5503 2
2395 5451 2514 5503 cod.
2545 5447 2771 5520 Theod:
2794 5449 2866 5520 οε
2891 5449 3100 5520 Legatis
3135 5451 3256 5503 data
3283 5467 3414 5505 xvm

1859 5519 1988 5576 Kal.
2016 5520 2146 5574 Feb.
2175 5521 2488 5574 Constantio
2532 5521 2666 5590 Aug.
2731 5519 2870 5572 VIII
2905 5537 2969 5590 et
3033 5519 3253 5572 Iuliano
3300 5521 3437 5574 lites.

1858 5609 2019 5654 coss.,
2067 5595 2119 5644 in
2152 5607 2258 5661 qua
2288 5592 2424 5645 dicit
2487 5589 2782 5657 imperator
2841 5589 3086 5646 :Nullus
3137 5591 3206 5642 ad
3235 5605 3440 5660 gentem

1857 5663 2231 5716 Axumitarum
2256 5673 2304 5714 et
2339 5661 2734 5714 "emeritorum
2784 5663 2860 5714 ire
2884 5672 3198 5729 praeceptus,
3233 5671 3332 5714 etc.
3381 5661 3436 5712 ltl

1857 5745 1960 5800 est,
1997 5737 2252 5804 legatione
2281 5733 2432 5804 fungi
2457 5731 2665 5800 jussus,
2699 5741 2759 5788 ut
2787 5732 3019 5802 explicat
3046 5729 3435 5786 Gothofredus.
