3828 6304
391 305 499 360 δῖιῦ

1751 291 2238 350 Ριιιιοδτοιιοιι

3546 285 3652 340 185

393 418 726 476 a-dilicandis
771 415 1016 474 ecclesiis
1056 413 1454 483 impenderent.
1503 409 1675 482 Hujus
1700 425 1864 480 porro
1892 409 1970 464 le-

2079 409 2171 480 τῆς
2195 407 2484 479 οἰκοδομῆς
2510 407 2570 460 τὸ
2596 404 2877 474 ἀνάλωμα.
2909 402 3123 473 Ταύτης
3142 401 3198 454 δέ
3227 399 3325 470 τῆς
3356 399 3657 470 πρεσϐείας

393 513 631 587 gationis
659 512 912 582 princeps
941 516 1059 564 erat
1109 505 1446 576 Theophilus
1478 503 1658 558 Indus.
1690 501 1794 568 Qui
1839 503 1969 556 olim

393 607 614 679 quidem
635 602 996 660 Constantino
1019 600 1308 670 imperium
1337 596 1753 652 administrante
1776 596 1968 649 admo-

395 700 524 754 dum
552 695 790 767 juvenis,
828 693 990 748 obses
1024 708 1052 746 a
1091 685 1290 746 Divinis
1322 690 1522 745 missus
1551 689 1726 743 fuerat
1765 689 1830 742 ad
1865 687 1973 741 Ro-

395 804 590 844 manos
620 805 632 841 :
673 787 867 842 horum
908 784 1058 856 regio
1083 783 1250 837 Divus
1294 783 1467 837 insula
1496 789 1599 836 est.
1633 779 1823 835 lncolte
1843 794 1972 841 vero

396 883 500 953 ipsi
531 895 748 951 quoque
779 876 893 933 ludi
927 878 1398 948 cognominantur.
1428 874 1598 930 Porro
1623 877 1767 930 hunc
1795 873 1973 928 Theo-

395 975 630 1045 philum,
668 987 792 1028 cum
841 971 934 1025 diu
985 971 1126 1024 inter
1176 967 1454 1024 Romanos
1492 967 1736 1028 vixisset,
1791 981 1971 1020 mores

395 1081 527 1120 suos
571 1065 639 1119 ad
674 1078 944 1118 summam
998 1061 1218 1116 virtutis
1249 1060 1632 1131 perfectionem
1681 1057 1973 1125 formasse,

393 1167 450 1212 et
473 1171 654 1211 veram
680 1155 748 1210 de
780 1154 887 1209 Deo
919 1154 1229 1223 opinionem
1255 1152 1565 1222 amplexum
1595 1166 1717 1206 esse
1743 1150 1968 1215 scribit;

394 1249 489 1305 sed
524 1257 576 1304 et
605 1249 965 1302 monasticam
1009 1246 1175 1299 vitam
1211 1260 1335 1298 eum
1375 1243 1626 1315 elegisse,
1657 1253 1711 1297 et
1743 1243 1809 1297 ad
1842 1258 1969 1311 gra-

393 1343 524 1396 dum
570 1340 786 1396 diaconi
815 1349 1124 1410 promotum
1160 1353 1284 1393 esse
1319 1347 1567 1405 testatur,
1612 1337 1848 1394 Eusebio
1885 1353 1974 1391 sa-

393 1449 518 1489 cras
545 1433 596 1487 ei
647 1448 844 1487 manus
890 1432 1220 1500 imponente.
1271 1430 1376 1485 Sed
1407 1431 1520 1484 hate
1549 1431 1766 1500 quidem
1798 1431 1968 1500 pritts.

395 1525 590 1582 Postea
618 1541 746 1582 vero
772 1540 894 1580 cum
922 1525 1243 1594 legationem
1283 1524 1426 1579 hanc
1457 1525 1760 1578 obeundam
1789 1540 1973 1579 susce-

393 1619 585 1690 pisset,
625 1633 656 1672 a
703 1633 816 1674 sua:
861 1616 1266 1673 communionis
1317 1616 1631 1670 hominibus
1681 1616 1971 1686 episc0pali

395 1713 660 1784 dignitate
683 1726 806 1765 eum
831 1720 1083 1766 ornatum
1119 1726 1262 1766 esse.
1298 1708 1567 1765 Cteterum
1592 1708 1968 1772 Constantius,

2075 500 2134 552 ἐν
2163 501 2273 561 τοῖς
2305 495 2541 568 πρώτοις
2568 491 2637 566 ἦν
2665 494 2760 548 καὶ
2785 491 3042 562 Θεόφιλος
3075 493 3103 545 ό
3144 490 3321 554 Ἰνδός.
3359 491 3457 552 Ὃς
3486 489 3658 543 πάλαι

2079 591 2179 662 μὲν
2217 589 2631 643 Κωνσταντίνου
2671 586 2765 640 τοῦ
2806 585 2974 640 πάλαι
3009 584 3403 655 βασιλεύοντος,
3435 582 3517 635 ἔτι
3561 581 3660 652 τὴν

2074 682 2292 754 ἠλικίαν
2321 679 2608 745 νεώτατος,
2640 680 2764 734 καθ’
2795 678 3032 750 ὁμηρίαν
3075 677 3228 748 παρὰ
3265 675 3373 728 τῶν
3408 674 3660 744 Διϐηνῶν

2077 771 2429 842 καλουμένων
2475 771 2585 842 (£2)
2621 772 2700 834 εἰς
2746 768 3050 839 Ῥωμαίους
3087 767 3284 838 ἐστάλη
3309 781 3323 795 ο
3378 761 3578 827 Διϐοὖς
3608 766 3659 832 γ’

2077 865 2223 918 ἐστὶν
2257 864 2441 927 αὐτοῖς
2469 865 2502 932 ἡ
2542 862 2702 932 νῆσος
2730 859 2902 932 χώρα.
2936 858 3056 913 Τῶν
3091 858 3268 912 Ἰνδῶν
3298 857 3354 910 δέ
3379 857 3475 909 καὶ
3503 848 3658 910 οὗτοι

2078 955 2303 1027 φέρουσι
2333 954 2394 1006 τὸ
2423 953 2738 1024 ἐπώνυμον⁶
2784 953 2874 1006 τὸν
2906 951 3086 1022 μέντοι
3113 950 3391 1018 Θεόφιλον,
3423 949 3524 1002 οῦκ
3551 947 3658 998 ὀλί-

2076 1064 2173 1115 γον
2211 1047 2503 1116 Ῥωμαίοις
2540 1043 2960 1116 ἐνδιατρίψαντα
2993 1043 3202 1116 χρόνον,
3243 1043 3311 1095 τά
3340 1059 3396 1094 τε
3429 1041 3538 1111 ἤθη
3581 1041 3659 1102 είς

2077 1141 2138 1193 τὸ
2166 1141 2464 1212 ἀκρότατον
2507 1137 2643 1210 πρὸς
2675 1137 2876 1210 ἀρετὴν
2908 1137 3188 1208 ρυθμίσαι,
3223 1135 3315 1188 καὶ
3356 1135 3456 1204 τὴν
3500 1133 3658 1198 δόξαν

2078 1232 2215 1304 πρὸς
2253 1233 2556 1295 εὐσέϐειαν,
2588 1231 2680 1284 καὶ
2713 1231 2806 1283 τὸν
2859 1229 3142 1301 μοναύλιον
3193 1227 3478 1282 ἀνελέσθαι
3514 1225 3652 1294 βίονο

2078 1327 2171 1380 καὶ
2186 1326 2249 1395 δὴ
2271 1326 2363 1378 καὶ
2383 1326 2460 1388 είς
2483 1323 2688 1394 βαθμὸν
2702 1323 2961 1377 διακόνων
2991 1321 3371 1392 παραγγεῖλαι,
3395 1317 3655 1372 Εὐσεϐίου

2076 1417 2176 1481 τὰς
2205 1419 2522 1488 ίερουργοὺς
2551 1415 2700 1486 αὐτῷ
2732 1418 2922 1487 χεῖρας
2959 1413 3281 1482 ἐπιθεμένου
3309 1411 3465 1478 (ἀλλὰ
3486 1409 3656 1463 ταῦτα

2081 1509 2178 1580 μὲν
2201 1508 2502 1579 πρότερον),
2537 1506 2636 1578 τὴν
2682 1507 2739 1559 δὲ
2769 1505 3064 1576 πρεσϐείαν
3101 1503 3400 1557 ὑπελθόντα
3441 1504 3537 1556 καὶ
3566 1504 3654 1570 ἐς·

2077 1605 2203 1676 όρου
2245 1604 2426 1657 λαϐεῖν
2473 1601 2623 1674 παρὰ
2663 1601 2772 1654 τῶν
2820 1598 3087 1670 ὁμοδόξων
3143 1599 3358 1669 ἀξίωμα
3399 1599 3535 1666 (45).
3601 1595 3652 1647 ὐ

2081 1697 2262 1768 μέντοι
2309 1696 2686 1758 Κωνστάντιος
2735 1692 3170 1765 μεγαλοπρεπῶς
3213 1693 3307 1745 κα)⁸
3338 1693 3417 1752 εἰς
3446 1691 3508 1743 τὸ
3553 1691 3651 1758 μά-

401 1780 527 1858 cttm
552 1805 875 1874 legationem
903 1803 1241 1874 magnificam
1264 1811 1317 1856 et
1351 1801 1503 1856 valde
1530 1800 1824 1870 gratiosam
1849 1815 1971 1855 esse

2079 1787 2229 1840 λιστα
2255 1786 2364 1855 (Η)
2401 1784 2794 1855 κεχαρισμένον
2818 1782 2916 1854 τὴν
2938 1781 3232 1852 πρεσϐείαν
3269 1780 3525 1843 στέλλων,
3561 1781 3650 1832 καὶ

396 1897 578 1960 vellet,
607 1899 871 1951 ducentos
907 1911 1078 1966 equos
1121 1911 1187 1950 ex
1221 1894 1565 1965 Cappadocia
1593 1892 1979 1963 generossissi-

398 2003 518 2042 mos
545 1988 773 2042 navibus
803 1988 1110 2056 impositos,
1145 1987 1423 2055 multaque
1449 1986 1551 2040 alia
1581 1986 1743 2049 dona,
1776 1986 1975 2055 partim

397 2077 465 2132 ad
484 2077 878 2132 conciliandam
905 2075 1341 2135 admirationem,
1362 2074 1556 2141 partim
1581 2073 1644 2127 ad
1664 2071 1976 2126 alliciendos

397 2169 612 2222 animos
661 2168 827 2222 misit.
883 2165 1217 2236 Theophilus
1272 2166 1435 2234 igitur
1476 2180 1600 2218 cum
1644 2163 1710 2216 ad
1755 2161 1977 2216 Sabaeos

397 2259 655 2322 venisset,
689 2261 864 2329 gentis
896 2260 1126 2329 principi
1161 2257 1490 2327 persuadere
1522 2266 1750 2310 conatus
1781 2263 1884 2318 est,
1918 2264 1978 2308 ut

394 2354 670 2408 Christum
711 2352 934 2415 coleret,
978 2361 1033 2405 et
1073 2366 1100 2403 τι
1131 2350 1413 2421 gentilium
1456 2363 1642 2402 errore
1681 2348 1972 2402 recedo-ret.

396 2443 463 2500 Et
506 2444 817 2500 Iudaeorum
886 2444 1106 2513 quidem
1167 2442 1325 2497 solita
1373 2441 1521 2495 fraus
1563 2456 1625 2495 ac
1669 2441 1873 2494 malitia
1922 2440 1975 2493 in

394 2536 885 2608 profundissimum
929 2534 1204 2587 silentium
1260 2547 1379 2586 sese
1419 2533 1617 2586 abdere
1654 2541 1839 2584 coacta
1871 2539 1972 2591 est,

395 2644 519 2682 cum
555 2624 892 2696 TheOphilus
938 2624 1273 2679 admirandis
1311 2623 1570 2691 operibus
1615 2623 1774 2677 editis
1813 2621 1974 2675 [hiem

394 2719 598 2776 Christi
617 2719 872 2773 invictam
891 2732 1012 2771 esse
1031 2715 1196 2770 semel
1216 2725 1379 2782 atque
1405 2715 1600 2769 iterum
1627 2714 1972 2769 ostendisset.

394 2809 620 2880 Legatio
652 2825 783 2863 vero
813 2807 1021 2862 felicem
1052 2807 1257 2862 exitum
1301 2807 1492 2860 sortita
1540 2815 1642 2869 est,
1675 2823 1797 2861 cum
1827 2808 1976 2876 priu-

395 2917 524 2970 ceps
549 2902 723 2971 gentis
767 2901 913 2956 illius
955 2902 1170 2956 sincero
1194 2901 1378 2955 animo
1411 2901 1475 2953 ad
1507 2915 1690 2954 veram
1722 2901 1972 2970 pietatem

394 2995 723 3058 transiisset,
749 3004 803 3048 et
833 3003 944 3049 tres
976 2995 1234 3049 ecclesias
1266 2995 1320 3048 in
1351 3009 1412 3048 ea
1450 2993 1671 3064 regione
1707 2991 1974 3046 aedificas-

392 3095 496 3148 set,
531 3101 640 3140 non
673 3095 852 3140 tamen
879 3101 942 3140 ex
979 3100 1042 3139 ea
1089 3085 1319 3154 pecunia
1363 3099 1526 3154 quam
1561 3083 1717 3154 legati
1764 3083 1834 3137 ab
1875 3083 1973 3136 itu-

393 3187 643 3248 peratore
667 3192 873 3244 secum
896 3177 1208 3241 attulerant,
1243 3191 1427 3229 verum
1464 3175 1622 3229 exiis
1660 3175 1970 3243 sumptibus

391 3282 533 3336 quos
561 3268 675 3336 ipse
717 3266 883 3320 alacri
918 3266 1102 3320 animo
1126 3281 1190 3319 ex
1222 3265 1430 3333 privata
1472 3264 1701 3334 pecunia
1729 3263 1974 3333 suppedi-

393 3359 548 3423 tavit,
573 3357 912 3413 admirandis
939 3355 1223 3426 Theophili
1245 3357 1500 3426 operibus
1520 3357 1782 3425 a‘qualem
1805 3355 1971 3408 animi

393 3451 480 3504 sui
528 3448 958 3520 magnitudinem
1009 3448 1264 3502 exhibere
1321 3448 1677 3502 contendens.
1737 3446 1812 3501 Ex
1869 3449 1974 3501 illis

392 3551 576 3596 autem
642 3541 889 3596 ecclesiis
925 3555 1090 3594 uuam
1125 3539 1342 3608 quidem
1389 3539 1442 3592 in
1478 3540 1764 3608 metmpoli
1807 3541 1972 3594 totius

2081 1880 2277 1942 ἵππους
2311 1881 2391 1940 εἰς
2422 1878 2727 1936 διακοσίους
2751 1875 2859 1927 τῶν
2903 1877 2969 1928 ἐκ
3007 1874 3396 1935 Καππαδοκίας
3434 1873 3649 1940 εὐγενε-

2079 1973 2289 2025 στάτων
2311 1972 2650 2038 ἱππαγωγοῖς
2669 1968 2871 2032 πλοίοις
2894 1966 3304 2037 κομιζομένους,
3331 1965 3424 2017 καὶ
3453 1963 3650 2026 πολλάς

2077 2063 2244 2123 ἄλλας
2287 2061 2497 2130 δωρεάς
2545 2063 2623 2124 είς
2659 2060 2722 2114 τὸ
2761 2059 3215 2113 πολυτελέστατον
3251 2057 3436 2126 θαῦμα
3480 2073 3652 2124 παρα-

2080 2157 2247 2224 σχεῖν,
2277 2155 2371 2206 καὶ
2402 2151 2753 2224 θελκτηρίους
2799 2150 3190 2220 συνεξέπεμψε.
3225 2147 3564 2202 Καταλαϐὼν
3599 2148 3652 2200 δὲ

2077 2248 2202 2308 τοὺς
2252 2244 2520 2308 Σαϐαίους
2566 2247 2594 2297 ό
2639 2243 2932 2314 Θεόφιλος,
2991 2241 3196 2294 πείθειν
3233 2241 3508 2310 ἐπεχείρει
3566 2240 3653 2291 τὸν

2078 2337 2371 2408 ἐθνάρχην,
2413 2337 2647 2407 Χριστόν
2677 2353 2734 2388 τε
2781 2335 2959 2388 σέϐειν
2996 2333 3214 2396 εἰδέναι,
3259 2334 3352 2387 καὶ
3388 2333 3489 2401 τῆς
3543 2332 3655 2385 Ἐλ-

2075 2434 2304 2504 ληνικῆς
2335 2433 2543 2504 πλάνης
2573 2432 2894 2502 ἀποστῆναι.
2950 2432 3014 2484 Ἠ
3047 2430 3104 2483 δὲ
3139 2429 3246 2483 τῶν
3286 2428 3554 2482 Ἰουδαίωδ
3581 2429 3653 2479 οἰ-

2078 2527 2204 2580 κεία
2248 2526 2481 2590 ἐπίνοια,
2533 2527 2627 2579 τοῦ
2665 2525 2923 2593 Θεοςρίλου
2967 2521 3286 2594 παραδόξοις
3331 2522 3515 2592 ἔργοις
3561 2520 3655 2572 καὶ

2078 2617 2227 2684 ἅπαξ
2252 2619 2344 2671 καὶ
2367 2618 2447 2681 δὶς
2468 2619 2561 2688 τὴν
2585 2619 2664 2682 εἰς
2687 2616 2918 2688 Χριστὸν
2943 2615 3129 2668 πίστιν
3151 2615 3360 2682 ἄμαχον
3390 2611 3652 2676 ἐπιδειξα-

2079 2710 2263 2781 μένου,
2293 2711 2372 2772 είς
2413 2709 2569 2779 σιγὴν
2609 2708 2706 2778 μὲν
2741 2706 2982 2778 βαθεῖαν,
3012 2708 3105 2760 καὶ⁵
3134 2706 3264 2760 ἄκον
3284 2706 3343 2758 τὸ
3369 2705 3653 2757 ἀντιπνέον

2077 2803 2186 2871 (45)
2217 2801 2437 2855 κατέδυ.
2469 2801 2550 2854 Τά
2581 2801 2637 2854 δὲ
2674 2801 2774 2872 τῆς
2811 2798 3104 2871 πρεσϐείας
3132 2800 3192 2852 τὸ
3225 2799 3394 2870 πέρας
3417 2798 3652 2868 ἐδέχετο,

2075 2894 2410 2965 καθαρότητι
2437 2893 2663 2965 γνώμης
2681 2893 2773 2946 τοῦ
2791 2893 2890 2963 τὴν
2914 2893 3088 2962 ἀρχὴν
3115 2891 3326 2961 ἔχοντος
3350 2889 3443 2943 τοῦ
3468 2889 3651 2952 ἔθνους

2077 2987 2216 3059 πρὸς
2241 2986 2340 3057 τὴν
2370 2981 2652 3039 εὐσέϐειαν
2674 2986 3088 3047 ἁποκλίναντος,
3121 2983 3215 3037 καὶ
3247 2986 3395 3054 τρεῖς
3420 2983 3482 3034 ού
3526 2980 3650 3052 μίαν

2075 3078 2370 3149 ἐκκλησίας
2399 3077 2503 3130 ἀνά
2539 3078 2636 3150 τὴν
2675 3079 2858 3150 χώραν
2892 3079 3315 3146 ἁναστὴσαντος,
3349 3075 3449 3127 οὐκ
3481 3075 3541 3138 ἐξ
3577 3066 3650 3126 ὧν

2072 3175 2120 3226 οί
2164 3172 2423 3243 πρέσϐεις
2462 3171 2654 3244 ἔφερον
2694 3171 2985 3241 βασιλικῶν
3023 3169 3415 3238 ἀναλωμάτων,
3452 3166 3566 3219 ἀλλ’
3593 3166 3651 3230 ἐξ

2074 3258 2150 3318 ὧν
2197 3265 2360 3329 αὐτὸς
2388 3266 2592 3328 ἐκεῖνος
2633 3264 2928 3335 προθύμως
2967 3263 3175 3316 οἴκοθεν
3217 3263 3506 3334 ἐχορήγειο
3559 3261 3648 3313 καὶ

2068 3359 2148 3429 τῷ
2195 3359 2433 3428 θαύματι
2464 3358 2572 3412 τῶν
2620 3359 2880 3426 Θεοφίλου
2933 3357 3130 3427 ἔργων,
3177 3355 3460 3426 ἐνάμιλλον
3513 3371 3652 3424 παρ-

2073 3451 2220 3520 έχειν
2268 3451 2634 3521 ἐφιλοτιμεῖτο
2675 3451 2737 3504 τὸ
2767 3451 3066 3521 πρόθυμον.
3100 3449 3221 3502 Τῶν
3259 3450 3314 3502 δὲ
3346 3448 3648 3518 ἐκκλησιῶν

2075 3541 2204 3613 μίαν
2237 3541 2336 3612 μὲν
2363 3543 2420 3594 ἐν
2451 3543 2590 3612 αὐτῇ
2621 3545 2686 3612 τῇ
2725 3542 3055 3613 μητροπόλει
3082 3541 3176 3594 τοῦ
3223 3540 3420 3603 παντὸς
3459 3540 3643 3602 ἔθνους

1618 3695 1858 3738 VALESII
1897 3695 2395 3741 ANNOTATIONES.

465 3801 576 3871 (62)
621 3799 775 3871 Πρός
807 3798 947 3865 τοὺς
989 3796 1254 3871 Amm-dir
1289 3795 1725 3871 καλουμένους.
1770 3801 1972 3854 Assen-

395 3869 504 3927 tior
540 3871 698 3924 Lucae
729 3870 1028 3933 llolstenio,
1065 3871 1157 3937 qui
1193 3869 1258 3922 ad
1289 3870 1429 3922 latus
1459 3869 1542 3922 sui
1580 3871 1700 3923 cod.
1738 3874 1967 3923 adnota‘

394 3945 473 3995 vit
499 3941 783 4011 legendum
813 3941 913 3994 sibi
949 3941 1141 4001 videri,
1175 3939 1324 4010 παρὰ
1356 3939 1461 4011 τῶν
1498 3939 1740 4008 Διϐηνῶν
1774 3940 1971 3993 καλου-

400 4010 598 4083 μένων.
631 4012 962 4083 Quanquam
982 4011 1361 4083 πρόςτοιιιιοιξὶ
1384 4010 1543 4083 etiam
1578 4020 1752 4079 potest
1779 4013 1968 4083 eodem

399 4079 586 4137 sensu.
634 4079 821 4134 Porro
849 4082 918 4134 ab
951 4079 1037 4134 his
1075 4080 1266 4134 liitteis
1297 4081 1370 4133 ait
1400 4079 1797 4148 Philnstorgius
1825 4081 1972 4134 obsi-

397 4157 519 4205 dem
554 4151 780 4204 missum
807 4166 926 4204 esse
947 4152 1011 4202 ad
1039 4150 1456 4204 Constantinum
1489 4149 1763 4220 Magnum,
1796 4149 1973 4203 Theo-

401 4225 605 4275 nhilum
651 4220 862 4283 ludum,
894 4220 1020 4273 dum
1054 4221 1234 4274 adhuc
1275 4230 1418 4274 esset
1462 4223 1800 4275 adolescens.
1846 4221 1974 4275 Erat

402 4302 561 4361 tglllll‘
592 4292 680 4343 hic
712 4289 1045 4361 Theophilus
1080 4292 1312 4351 Divaeus.
1336 4300 1489 4343 ortus
1528 4307 1594 4344 ex
1642 4289 1771 4343 Diva
1799 4291 1973 4344 insula

400 4360 568 4417 maris
609 4361 796 4415 Indici.
839 4360 1014 4428 Hujus
1055 4361 1291 4414 nationis
1327 4362 1523 4415 Indica:
1566 4362 1814 4415 meminit
1841 4363 1973 4414 Λιιι-

399 4435 618 4488 miauus
652 4430 1017 4494 Marcellinus,
1055 4431 1106 4483 itt
1145 4430 1282 4483 libro
1331 4445 1466 4500 x_xtt,
1518 4448 1640 4500 pag.
1687 4430 1814 4497 2H,
1855 4433 1972 4484 edi-

399 4505 562 4560 tionis
587 4513 808 4556 nasum.
845 4501 984 4554 Hinc
1017 4500 1316 4553 nationibus
1347 4498 1549 4554 Indicis
1575 4498 1813 4554 certatim
1854 4519 1972 4555 cum

397 4575 550 4628 donis
598 4574 876 4641 optimates
947 4571 1269 4624 mittentibus
1321 4581 1441 4624 ante
1490 4581 1690 4640 tempus
1741 4566 1972 4642 abusque

399 4647 546 4698 Divis
593 4654 643 4698 et
688 4642 997 4697 Serindivis.
1034 4644 1165 4707 Quo
1195 4647 1246 4694 in
1282 4642 1400 4694 loco
1428 4642 1542 4695 Divi
1575 4643 1792 4710 quidem
1821 4653 1970 4706 sunt,

399 4732 540 4784 quos
591 4715 823 4770 Divenos
869 4720 1027 4768 vocat
1074 4712 1492 4784 l'hilostorgius,
1531 4717 1622 4783 qui
1680 4711 1837 4774 Divu,
1889 4716 1971 4766 vel

403 4781 548 4839 Devu
598 4785 829 4840 insulam
877 4785 1139 4838 incolunt.
1202 4781 1326 4838 llaec
1358 4781 1460 4837 est
1504 4781 1740 4838 fortasse
1795 4785 1972 4839 insula

401 4873 520 4925 qua:
559 4854 655 4925 Diu
699 4855 876 4925 vulgo,
905 4863 1152 4917 vocatur,
1203 4854 1269 4906 ad
1322 4855 1522 4908 ostium
1577 4855 1687 4908 Indi
1732 4853 1973 4908 fluminis

401 4924 523 4989 sita,
561 4924 692 4996 Regi
721 4924 1004 4996 Cambaiaa
1037 4925 1270 4996 obnoxia
1303 4943 1316 4978 :
1350 4941 1512 4996 quant
1547 4926 1807 4996 describit
1841 4925 1970 4979 Ilie-

405 4993 668 5064 ronymus
709 4993 938 5048 Osorius
970 4997 1022 5047 in
1056 4994 1194 5047 libro
1241 5011 1294 5048 ιι
1345 4994 1420 5047 De
1450 4996 1600 5048 rebus
1644 4994 1970 5050 Emanuelis.

405 5069 558 5131 Quod
589 5075 811 5134 spectat
837 5065 902 5118 ad
936 5065 1274 5129 Serindivos,
1307 5067 1590 5134 assentior
1623 5067 1742 5121 viro
1773 5069 1975 5120 doetis-

405 5141 545 5191 sitno
579 5133 828 5204 Samueli
853 5135 1141 5199 Bocharto,
1171 5140 1262 5204 qui
1293 5133 1608 5190 Serindivos
1632 5139 1708 5190 ait
1735 5155 1855 5192 esse
1889 5140 1974 5190 in-

405 5209 552 5261 colas
588 5206 779 5260 insula:
810 5203 1012 5270 Seilan,
1055 5203 1262 5274 quaeet
1289 5205 1554 5259 Serandih
1583 5208 1811 5262 Arabiee
1840 5208 1976 5262 diei-

405 5291 515 5332 tur.
564 5278 738 5342 Quatn
784 5276 1027 5344 eamdem
1072 5290 1194 5328 esse
1235 5291 1361 5329 cum
1401 5275 1738 5344 Taprobane,
1790 5281 1976 5332 multis

409 5346 748 5418 argumentis
784 5346 975 5413 probat
1005 5343 1305 5399 Bochartus
1331 5347 1385 5399 in
1415 5343 1554 5401 libro
1579 5349 1756 5416 primo
1787 5349 1859 5402 De
1885 5366 1977 5402 co-

405 5416 562 5473 loniis
593 5416 920 5480 Phoenicum,
952 5424 1125 5483 capite
1159 5417 1365 5470 ultimo.

477 5489 589 5558 (45)
637 5484 1122 5558 Ἑφόρουίλαϐεῖν
1141 5486 1298 5554 παρὰ
1317 5487 1434 5540 τῶν
1477 5486 1781 5556 ὁμοδόξων
1807 5487 1980 5552 ἀξίω-

399 5557 506 5632 μα.
560 5559 611 5613 id
662 5573 755 5628 per
802 5557 1056 5632 invidiam
1077 5566 1237 5626 atque
1255 5559 1654 5613 aemulationem
1677 5562 1745 5632 ab
1763 5560 1980 5614 Ariauis

409 5629 613 5685 iactum
660 5643 781 5682 esse
824 5629 1051 5698 epinog;
1110 5642 1234 5682 nam
1284 5642 1410 5682 cuu.
1441 5631 1776 5684 Athanasius
1818 5633 1979 5698 paulo

409 5713 534 5756 ante
565 5706 676 5754 haec
716 5694 957 5767 tempora
995 5694 1366 5752 Frumentium
1407 5701 1733 5754 catholicum
1768 5694 1979 5768 episeo-

411 5787 537 5845 pum
565 5773 630 5827 ad
659 5769 943 5824 Axumitas
973 5769 1231 5833 misisset,
1264 5780 1320 5824 ut
1347 5786 1410 5826 ex
1444 5769 1639 5825 Rufino
1672 5770 1836 5826 refert
1875 5773 1976 5826 So-

2075 3808 2253 3854 crates
2283 3811 2447 3870 atque
2494 3801 2851 3866 Sozomeuus,
2889 3799 3096 3862 Ariani,
3150 3799 3430 3853 Athanasii
3464 3801 3649 3869 gloria:

2074 3870 2399 3934 invidentes,
2431 3880 2487 3923 ιιι
2530 3888 2687 3924 suum
2729 3873 2922 3938 dogma
2961 3871 3013 3923 in
3046 3872 3151 3925 illis
3195 3872 3505 3940 regionibus
3539 3872 3649 3925 dis-

2075 3942 2429 4004 semiuarent,
2463 3940 2822 4009 Theophilum
2866 3940 3051 3994 Indum
3105 3957 3171 3994 eo
3205 3942 3524 3994 mittendum
3559 3959 3653 3995 cu—

2074 4024 2266 4066 rarunt
2311 4031 2323 4066 :
2372 4028 2530 4081 quem
2581 4013 2819 4080 epiSCOpi
2877 4013 3138 4081 dignitate
3188 4012 3538 4073 dccmarunt,
3594 4023 3653 4064 ttt

2072 4082 2224 4152 illum
2251 4080 2584 4152 opponerent
2624 4080 2958 4135 Frttmeulio.
2998 4080 3138 4147 Quin
3167 4083 3326 4135 etiam
3358 4095 3652 4135 suaserunt

2071 4151 2394 4206 Constantio
2422 4153 2757 4222 imperatori,
2781 4162 2838 4205 ut
2867 4155 2931 4205 ad
2958 4161 3218 4222 tyrannos
3267 4154 3646 4205 Axutnitarutn

2074 4223 2175 4292 (sic
2206 4225 2352 4284 enim
2411 4223 2627 4292 regulos
2663 4237 2850 4277 earum
2892 4223 3169 4292 nationum
3216 4223 3487 4288 appellare
3517 4239 3650 4275 eun-

2073 4303 2382 4358 sueverant,
2417 4291 2493 4346 ut’
2511 4295 2669 4349 docet
2697 4295 2962 4346 Arrianus
2989 4293 3041 4344 in
3089 4291 3295 4360 Periplo
3327 4293 3490 4345 maris
3525 4293 3654 4363 Erga

2076 4365 2249 4432 t/tra'i)
2289 4367 2496 4417 litteras
2541 4368 2820 4426 scriberet,
2879 4364 3076 4432 quibus
3118 4364 3369 4431 poscebat
3412 4375 3472 4415 ιιι
3514 4364 3651 4417 Fru-

2077 4435 2317 4489 tuentius
2348 4450 2413 4488 ex
2456 4435 2562 4488 illis
2597 4436 2909 4501 regionibus
2953 4434 3259 4502 ejicet‘etur,
3313 4441 3370 4485 ut
3421 4442 3651 4488 testatur

2003 4483 2048 4537 Ι)
2076 4483 2413 4559 magna};
2439 4483 2880 4573 ιὶΓᾸιὶόῖὸῥέιιὲοῖ

2147 4577 2256 4643 (44)
2279 4577 2382 4640 Ε’ίς
2407 4575 2473 4628 τὸ
2503 4571 2820 4628 κάλλιστα.
2850 4574 3071 4626 Rectius
3102 4573 3153 4626 iu
3179 4571 3364 4626 codice
3395 4571 3650 4627 Bocharti

2074 4645 2267 4714 legitur
2293 4647 2372 4706 εἰς
2393 4647 2454 4698 τὸ
2491 4647 2724 4715 μάλιστα
2748 4645 3164 4714 κεχαρισμένον,
3193 4647 3648 4715 quemadmodum

2074 4726 2235 4770 etiam
2273 4718 2534 4837 scriptum
2568 4726 2651 4768 est
2683 4722 2823 4782 apud
2848 4716 3212 4782 Nicephorum
3246 4715 3297 4765 in
3334 4714 3428 4765 lib.
3471 4731 3546 4769 ix.

2147 4787 2258 4837 (45)
2294 4789 2381 4837 Ku
2442 4787 2646 4837 ἀκοντὶ
2680 4784 3038 4837 ἁντιπλέων.
3087 4783 3143 4837 Iit
3190 4800 3289 4837 tus.
3329 4785 3519 4837 codice

2147 4787 2258 4855 (65)
2294 4783 2402 4839 Καὶ
2442 4787 2646 4840 ἀκοντὶ
2680 4784 3038 4839 ἁντιπλέων.
3087 4783 3143 4837 Iit
3190 4800 3289 4837 tus.
3329 4785 3519 4837 codice
3550 4784 3650 4838 Sa-

2075 4858 2274 4911 muelis
2321 4855 2571 4910 Borharti
2624 4860 2884 4926 Scriptum
2928 4856 3126 4917 iuveni,
3167 4855 3260 4926 καὶ
3304 4855 3438 4906 άκον
3467 4855 3529 4906 τὸ
3564 4859 3653 4908 άν-

2075 4928 2290 4982 τιπνέον
2341 4927 2554 4980 κατέδυ.
2605 4925 2748 4992 Qute
2780 4927 2939 4980 let-tio
2986 4926 3172 4992 procul
3209 4925 3375 4976 dubio
3421 4928 3653 4994 vulgatae

2076 4999 2408 5068 praeferenda
2443 5008 2543 5052 est.
2575 4996 2760 5067 Neque.
2793 4999 2936 5050 enim
2965 4996 3265 5048 ἁντιπλέων
3295 4994 3480 5068 Graece
3520 4997 3656 5048 dici-

2077 5067 2198 5133 tur;
2247 5079 2341 5122 aut
2379 5068 2422 5123 si
2455 5069 2654 5121 dicitur
2686 5067 2990 5130 ἁντιπλέον,
3038 5083 3143 5120 non
3177 5067 3430 5118 ιτοιιιριιίι
3471 5075 3649 5120 tamen

2081 5140 2206 5193 huic
2232 5139 2371 5192 loco.
2406 5138 2592 5192 Posset
2623 5141 2785 5191 etiam
2820 5140 2920 5206 legi
2954 5142 3048 5190 καὶ
3078 5137 3220 5206 διπαν
3248 5137 3308 5188 τὸ
3345 5137 3649 5191 ἀντιπνέον.

2081 5209 2249 5262 Porro
2280 5211 2345 5262 de
2378 5206 2687 5262 Judacoruni
2735 5205 2962 5271 malitia,
2995 5211 3086 5275 qui
3129 5205 3411 5274 Theophili
3460 5209 3652 5276 praedi.

2079 5281 2279 5335 eationi
2313 5280 2670 5342 obsistebant,
2699 5289 2928 5333 testatur
2961 5285 3121 5331 etiam
3172 5277 3565 5346 Memphi-astes
3595 5280 3647 5330 in

2080 5350 2345 5418 Martyrio
2374 5349 2432 5403 S.
2464 5352 2669 5403 Aret/ta:
2705 5362 2752 5403 et
2791 5350 3092 5402 sociorum:
3120 5351 3276 5414 cujus
3314 5349 3490 5418 lo:qu
3536 5350 3649 5416 jam

2080 5417 2306 5490 pratu’lit
2351 5419 2715 5476 Gothofredus
2750 5422 2801 5473 in
2832 5420 3308 5472 Autmtatiouibus.
3346 5417 3454 5470 Nec
3486 5421 3650 5487 quid-

2079 5507 2243 5560 quam
2271 5507 2452 5544 causa:
2481 5501 2616 5554 erat,
2651 5508 2746 5546 cur
2777 5490 3144 5544 Gothofredus
3173 5490 3445 5543 dubitaret
3468 5499 3649 5542 utrum

2080 5579 2111 5618 e
2137 5562 2520 5632 Philostorgio,
2555 5580 2621 5614 an
2653 5579 2718 5616 ex
2751 5561 3055 5629 Nic-ephoro
3091 5561 3461 5632 narrationem
3496 5560 3652 5632 illam

2083 5633 2356 5687 hausisset
2415 5630 2841 5701 Metaphrastcs,
2898 5647 3022 5684 cum
3079 5630 3431 5701 .Nicephorus
3495 5630 3653 5700 leuga

2081 5704 2351 5773 posterior
2378 5703 2448 5758 sit
2488 5702 2751 5774 Symeone
2779 5702 3161 5771 Metaphraste.
