  <div class='ocr_page' id='page_1' title='image "/cluster/home/n/w/nwhite01/storage/ocr_20150623/65/hvd.32044014812317/251.png"; bbox 0 0 3828 6304; ppageno 0'>
   <div class='ocr_carea' id='block_1_1' title="bbox 469 313 579 368">
    <p class='ocr_par' dir='ltr' id='par_1_1' title="bbox 469 313 579 368">
     <span class='ocr_line' id='line_1_1' title="bbox 469 313 579 368; baseline -0.027 0"><span class='ocrx_word' id='word_1_1' title='bbox 469 313 579 368; x_wconf 63' lang='grc'><strong>491</strong></span> 
     </span>
    </p>
   </div>
   <div class='ocr_carea' id='block_1_2' title="bbox 1861 299 2352 359">
    <p class='ocr_par' dir='ltr' id='par_1_2' title="bbox 1861 299 2352 359">
     <span class='ocr_line' id='line_1_2' title="bbox 1861 299 2352 359; baseline -0.002 -3"><span class='ocrx_word' id='word_1_2' title='bbox 1861 299 2352 359; x_wconf 81' lang='lat' dir='ltr'><strong>PHILOSTORGII</strong></span> 
     </span>
    </p>
   </div>
   <div class='ocr_carea' id='block_1_3' title="bbox 3639 299 3740 356">
    <p class='ocr_par' dir='ltr' id='par_1_3' title="bbox 3639 299 3740 356">
     <span class='ocr_line' id='line_1_3' title="bbox 3639 299 3740 356; baseline 0 0"><span class='ocrx_word' id='word_1_3' title='bbox 3639 299 3740 356; x_wconf 67' lang='grc' dir='ltr'><strong>ιθε</strong></span> 
     </span>
    </p>
   </div>
   <div class='ocr_carea' id='block_1_4' title="bbox 481 416 2059 498">
    <p class='ocr_par' dir='ltr' id='par_1_4' title="bbox 481 420 2059 498">
     <span class='ocr_line' id='line_1_4' title="bbox 481 420 2059 498; baseline -0.006 -12"><span class='ocrx_word' id='word_1_4' title='bbox 481 429 700 486; x_wconf 74' lang='lat' dir='ltr'><strong>tandem</strong></span> <span class='ocrx_word' id='word_1_5' title='bbox 728 438 900 498; x_wconf 90' lang='lat' dir='ltr'><strong>parte,</strong></span> <span class='ocrx_word' id='word_1_6' title='bbox 937 440 1057 497; x_wconf 66' lang='lat' dir='ltr'><strong>quae</strong></span> <span class='ocrx_word' id='word_1_7' title='bbox 1079 432 1134 478; x_wconf 94' lang='lat' dir='ltr'><strong>et</strong></span> <span class='ocrx_word' id='word_1_8' title='bbox 1164 422 1403 480; x_wconf 87' lang='lat' dir='ltr'><strong>maxima</strong></span> <span class='ocrx_word' id='word_1_9' title='bbox 1428 429 1512 478; x_wconf 91' lang='lat' dir='ltr'><strong>est</strong></span> <span class='ocrx_word' id='word_1_10' title='bbox 1527 429 1578 476; x_wconf 88' lang='lat' dir='ltr'><strong>ei</strong></span> <span class='ocrx_word' id='word_1_11' title='bbox 1597 420 1938 492; x_wconf 79' lang='lat' dir='ltr'><strong>navigabilis,</strong></span> <span class='ocrx_word' id='word_1_12' title='bbox 1961 421 2059 476; x_wconf 91' lang='lat' dir='ltr'><strong>cir-</strong></span> 
     </span>
    </p>
   </div>
   <div class='ocr_carea' id='block_1_5' title="bbox 2168 416 3739 498">
    <p class='ocr_par' dir='ltr' id='par_1_5' title="bbox 2168 416 3739 491">
     <span class='ocr_line' id='line_1_5' title="bbox 2168 416 3739 491; baseline -0.002 -18"><span class='ocrx_word' id='word_1_13' title='bbox 2168 421 2394 491; x_wconf 88' lang='grc' dir='ltr'>Τίγρητι</span> <span class='ocrx_word' id='word_1_14' title='bbox 2441 416 2584 472; x_wconf 85' lang='grc' dir='ltr'><strong>κατά</strong></span> <span class='ocrx_word' id='word_1_15' title='bbox 2632 416 2837 481; x_wconf 84' lang='grc' dir='ltr'>Σούσας</span> <span class='ocrx_word' id='word_1_16' title='bbox 2883 417 3116 488; x_wconf 86' lang='grc' dir='ltr'>μάλιστα</span> <span class='ocrx_word' id='word_1_17' title='bbox 3161 417 3478 488; x_wconf 79' lang='grc' dir='ltr'><strong>συμπίπτει.</strong></span> <span class='ocrx_word' id='word_1_18' title='bbox 3514 416 3631 470; x_wconf 80' lang='grc' dir='ltr'><strong>Καὶ</strong></span> <span class='ocrx_word' id='word_1_19' title='bbox 3676 418 3739 487; x_wconf 76' lang='grc' dir='ltr'><strong>δὴ</strong></span> 
     </span>
    </p>
   </div>
   <div class='ocr_carea' id='block_1_6' title="bbox 480 513 2061 590">
    <p class='ocr_par' dir='ltr' id='par_1_6' title="bbox 480 513 2061 590">
     <span class='ocr_line' id='line_1_6' title="bbox 480 513 2061 590; baseline -0.006 -14"><span class='ocrx_word' id='word_1_20' title='bbox 480 538 545 576; x_wconf 82' lang='lat' dir='ltr'><strong>ca</strong></span> <span class='ocrx_word' id='word_1_21' title='bbox 564 520 754 576; x_wconf 84' lang='lat' dir='ltr'>urbem</span> <span class='ocrx_word' id='word_1_22' title='bbox 778 521 1121 590; x_wconf 90' lang='lat' dir='ltr'><strong>potissimum</strong></span> <span class='ocrx_word' id='word_1_23' title='bbox 1160 514 1299 571; x_wconf 85' lang='lat' dir='ltr'><strong>Susa</strong></span> <span class='ocrx_word' id='word_1_24' title='bbox 1322 513 1526 586; x_wconf 87' lang='lat' dir='ltr'><strong>Tigridi</strong></span> <span class='ocrx_word' id='word_1_25' title='bbox 1549 513 1808 569; x_wconf 89' lang='lat' dir='ltr'><strong>sociatur.</strong></span> <span class='ocrx_word' id='word_1_26' title='bbox 1831 515 2061 583; x_wconf 80' lang='lat' dir='ltr'><strong>Jamque</strong></span> 
     </span>
    </p>
   </div>
   <div class='ocr_carea' id='block_1_7' title="bbox 481 604 2058 681">
    <p class='ocr_par' dir='ltr' id='par_1_7' title="bbox 481 604 2058 681">
     <span class='ocr_line' id='line_1_7' title="bbox 481 604 2058 681; baseline -0.006 -15"><span class='ocrx_word' id='word_1_27' title='bbox 481 613 688 668; x_wconf 87' lang='lat' dir='ltr'><strong>amisso</strong></span> <span class='ocrx_word' id='word_1_28' title='bbox 718 611 937 681; x_wconf 92' lang='lat' dir='ltr'><strong>proprio</strong></span> <span class='ocrx_word' id='word_1_29' title='bbox 968 608 1208 674; x_wconf 85' lang='lat' dir='ltr'><strong>nomine,</strong></span> <span class='ocrx_word' id='word_1_30' title='bbox 1246 622 1354 662; x_wconf 89' lang='lat' dir='ltr'><strong>una</strong></span> <span class='ocrx_word' id='word_1_31' title='bbox 1387 621 1514 661; x_wconf 92' lang='lat' dir='ltr'><strong>cum</strong></span> <span class='ocrx_word' id='word_1_32' title='bbox 1559 605 1652 660; x_wconf 92' lang='lat' dir='ltr'><strong>illo</strong></span> <span class='ocrx_word' id='word_1_33' title='bbox 1683 605 1736 658; x_wconf 93' lang='lat' dir='ltr'><strong>in</strong></span> <span class='ocrx_word' id='word_1_34' title='bbox 1782 604 2058 660; x_wconf 86' lang='lat' dir='ltr'><strong>Persicum</strong></span> 
     </span>
    </p>
   </div>
   <div class='ocr_carea' id='block_1_8' title="bbox 481 695 2058 768">
    <p class='ocr_par' dir='ltr' id='par_1_8' title="bbox 481 695 2058 768">
     <span class='ocr_line' id='line_1_8' title="bbox 481 695 2058 768; baseline -0.005 -10"><span class='ocrx_word' id='word_1_35' title='bbox 481 703 751 758; x_wconf 74' lang='lat' dir='ltr'><strong>evolvitur</strong></span> <span class='ocrx_word' id='word_1_36' title='bbox 783 703 986 755; x_wconf 90' lang='lat' dir='ltr'><strong>sinum.</strong></span> <span class='ocrx_word' id='word_1_37' title='bbox 1014 699 1186 754; x_wconf 89' lang='lat' dir='ltr'><strong>Porro</strong></span> <span class='ocrx_word' id='word_1_38' title='bbox 1215 713 1338 768; x_wconf 71' lang='lat' dir='ltr'><strong>quas</strong></span> <span class='ocrx_word' id='word_1_39' title='bbox 1371 698 1513 752; x_wconf 88' lang='lat' dir='ltr'><strong>inter</strong></span> <span class='ocrx_word' id='word_1_40' title='bbox 1542 697 1660 752; x_wconf 72' lang='lat' dir='ltr'><strong>haec</strong></span> <span class='ocrx_word' id='word_1_41' title='bbox 1681 696 1790 750; x_wconf 92' lang='lat' dir='ltr'><strong>duo</strong></span> <span class='ocrx_word' id='word_1_42' title='bbox 1811 695 2058 761; x_wconf 90' lang='lat' dir='ltr'><strong>ﬂumina,</strong></span> 
     </span>
    </p>
   </div>
   <div class='ocr_carea' id='block_1_9' title="bbox 484 789 2059 862">
    <p class='ocr_par' dir='ltr' id='par_1_9' title="bbox 484 789 2059 862">
     <span class='ocr_line' id='line_1_9' title="bbox 484 789 2059 862; baseline -0.004 -14"><span class='ocrx_word' id='word_1_43' title='bbox 484 795 687 862; x_wconf 77' lang='lat' dir='ltr'><strong>Tigrim</strong></span> <span class='ocrx_word' id='word_1_44' title='bbox 721 793 927 846; x_wconf 78' lang='lat' dir='ltr'><strong>scilicet</strong></span> <span class='ocrx_word' id='word_1_45' title='bbox 977 801 1142 862; x_wconf 88' lang='lat' dir='ltr'><strong>atque</strong></span> <span class='ocrx_word' id='word_1_46' title='bbox 1199 789 1556 861; x_wconf 85' lang='lat' dir='ltr'><strong>Euphratem,</strong></span> <span class='ocrx_word' id='word_1_47' title='bbox 1610 789 1715 844; x_wconf 87' lang='lat' dir='ltr'><strong>sita</strong></span> <span class='ocrx_word' id='word_1_48' title='bbox 1760 797 1845 843; x_wconf 90' lang='lat' dir='ltr'><strong>est</strong></span> <span class='ocrx_word' id='word_1_49' title='bbox 1886 789 2059 859; x_wconf 85' lang='lat' dir='ltr'><strong>regio,</strong></span> 
     </span>
    </p>
   </div>
   <div class='ocr_carea' id='block_1_10' title="bbox 481 882 1140 953">
    <p class='ocr_par' dir='ltr' id='par_1_10' title="bbox 481 882 1140 953">
     <span class='ocr_line' id='line_1_10' title="bbox 481 882 1140 953; baseline -0.003 -15"><span class='ocrx_word' id='word_1_50' title='bbox 481 882 866 953; x_wconf 75' lang='lat' dir='ltr'><strong>Mesopotamia</strong></span> <span class='ocrx_word' id='word_1_51' title='bbox 893 891 1140 936; x_wconf 81' lang='lat' dir='ltr'><strong>vocatur.</strong></span> 
     </span>
    </p>
   </div>
   <div class='ocr_carea' id='block_1_11' title="bbox 550 966 2062 1042">
    <p class='ocr_par' dir='ltr' id='par_1_11' title="bbox 550 966 2062 1042">
     <span class='ocr_line' id='line_1_11' title="bbox 550 966 2062 1042; baseline -0.003 -15"><span class='ocrx_word' id='word_1_52' title='bbox 550 974 604 1027; x_wconf 90' lang='lat'><strong>9.</strong></span> <span class='ocrx_word' id='word_1_53' title='bbox 643 972 931 1040; x_wconf 78' lang='lat' dir='ltr'><strong>Euphratis</strong></span> <span class='ocrx_word' id='word_1_54' title='bbox 956 979 1004 1025; x_wconf 81' lang='lat' dir='ltr'><strong>et</strong></span> <span class='ocrx_word' id='word_1_55' title='bbox 1029 970 1258 1042; x_wconf 77' lang='lat' dir='ltr'><strong>Tigridis</strong></span> <span class='ocrx_word' id='word_1_56' title='bbox 1297 971 1352 1023; x_wconf 88' lang='lat' dir='ltr'><strong>in</strong></span> <span class='ocrx_word' id='word_1_57' title='bbox 1389 969 1641 1039; x_wconf 74' lang='lat' dir='ltr'><strong>paradiso</strong></span> <span class='ocrx_word' id='word_1_58' title='bbox 1693 968 1862 1038; x_wconf 80' lang='lat' dir='ltr'><strong>origo.</strong></span> <span class='ocrx_word' id='word_1_59' title='bbox 1898 999 1967 1008; x_wconf 98' lang='lat'><strong>—</strong></span> <span class='ocrx_word' id='word_1_60' title='bbox 1994 966 2062 1022; x_wconf 83' lang='lat' dir='ltr'><strong>Et</strong></span> 
     </span>
    </p>
   </div>
   <div class='ocr_carea' id='block_1_12' title="bbox 480 1059 2059 1135">
    <p class='ocr_par' dir='ltr' id='par_1_12' title="bbox 480 1059 2059 1135">
     <span class='ocr_line' id='line_1_12' title="bbox 480 1059 2059 1135; baseline -0.004 -15"><span class='ocrx_word' id='word_1_61' title='bbox 480 1065 774 1135; x_wconf 85' lang='lat' dir='ltr'><strong>Euphratis</strong></span> <span class='ocrx_word' id='word_1_62' title='bbox 800 1061 1023 1134; x_wconf 81' lang='lat' dir='ltr'><strong>quidem</strong></span> <span class='ocrx_word' id='word_1_63' title='bbox 1067 1077 1133 1117; x_wconf 91' lang='lat' dir='ltr'><strong>ac</strong></span> <span class='ocrx_word' id='word_1_64' title='bbox 1166 1060 1403 1132; x_wconf 77' lang='lat' dir='ltr'><strong>Tigridis</strong></span> <span class='ocrx_word' id='word_1_65' title='bbox 1452 1059 1650 1122; x_wconf 83' lang='lat' dir='ltr'><strong>fontes,</strong></span> <span class='ocrx_word' id='word_1_66' title='bbox 1688 1067 1852 1130; x_wconf 86' lang='lat' dir='ltr'><strong>prout</strong></span> <span class='ocrx_word' id='word_1_67' title='bbox 1901 1059 2059 1114; x_wconf 87' lang='lat' dir='ltr'><strong>nobis</strong></span> 
     </span>
    </p>
   </div>
   <div class='ocr_carea' id='block_1_13' title="bbox 481 1149 2056 1226">
    <p class='ocr_par' dir='ltr' id='par_1_13' title="bbox 481 1149 2056 1226">
     <span class='ocr_line' id='line_1_13' title="bbox 481 1149 2056 1226; baseline -0.006 -16"><span class='ocrx_word' id='word_1_68' title='bbox 481 1165 764 1226; x_wconf 87' lang='lat' dir='ltr'><strong>apparent,</strong></span> <span class='ocrx_word' id='word_1_69' title='bbox 794 1168 958 1223; x_wconf 88' lang='lat' dir='ltr'><strong>supra</strong></span> <span class='ocrx_word' id='word_1_70' title='bbox 993 1152 1150 1208; x_wconf 88' lang='lat' dir='ltr'><strong>relati</strong></span> <span class='ocrx_word' id='word_1_71' title='bbox 1175 1159 1327 1208; x_wconf 90' lang='lat' dir='ltr'><strong>sunt.</strong></span> <span class='ocrx_word' id='word_1_72' title='bbox 1363 1151 1518 1205; x_wconf 85' lang='lat' dir='ltr'><strong>Sacri</strong></span> <span class='ocrx_word' id='word_1_73' title='bbox 1547 1165 1678 1205; x_wconf 87' lang='lat' dir='ltr'><strong>vero</strong></span> <span class='ocrx_word' id='word_1_74' title='bbox 1709 1150 1828 1204; x_wconf 89' lang='lat' dir='ltr'><strong>libri</strong></span> <span class='ocrx_word' id='word_1_75' title='bbox 1861 1149 2056 1213; x_wconf 90' lang='lat' dir='ltr'><strong>nostri,</strong></span> 
     </span>
    </p>
   </div>
   <div class='ocr_carea' id='block_1_14' title="bbox 482 1239 2062 1316">
    <p class='ocr_par' dir='ltr' id='par_1_14' title="bbox 482 1239 2062 1316">
     <span class='ocr_line' id='line_1_14' title="bbox 482 1239 2062 1316; baseline -0.003 -17"><span class='ocrx_word' id='word_1_76' title='bbox 482 1247 536 1300; x_wconf 90' lang='lat' dir='ltr'><strong>in</strong></span> <span class='ocrx_word' id='word_1_77' title='bbox 564 1244 768 1316; x_wconf 88' lang='lat' dir='ltr'><strong>quibus</strong></span> <span class='ocrx_word' id='word_1_78' title='bbox 797 1244 1062 1312; x_wconf 86' lang='lat' dir='ltr'><strong>scriptum</strong></span> <span class='ocrx_word' id='word_1_79' title='bbox 1084 1253 1167 1297; x_wconf 91' lang='lat' dir='ltr'><strong>est</strong></span> <span class='ocrx_word' id='word_1_80' title='bbox 1195 1256 1292 1296; x_wconf 93' lang='lat' dir='ltr'><strong>eos</strong></span> <span class='ocrx_word' id='word_1_81' title='bbox 1321 1256 1383 1296; x_wconf 79' lang='lat' dir='ltr'><strong>ex</strong></span> <span class='ocrx_word' id='word_1_82' title='bbox 1418 1240 1670 1310; x_wconf 87' lang='lat' dir='ltr'><strong>paradiso</strong></span> <span class='ocrx_word' id='word_1_83' title='bbox 1706 1239 1859 1302; x_wconf 92' lang='lat' dir='ltr'><strong>oriri,</strong></span> <span class='ocrx_word' id='word_1_84' title='bbox 1889 1240 2062 1294; x_wconf 88' lang='lat' dir='ltr'><strong>veris-</strong></span> 
     </span>
    </p>
   </div>
   <div class='ocr_carea' id='block_1_15' title="bbox 480 1332 2059 1404">
    <p class='ocr_par' dir='ltr' id='par_1_15' title="bbox 480 1332 2059 1404">
     <span class='ocr_line' id='line_1_15' title="bbox 480 1332 2059 1404; baseline -0.004 -10"><span class='ocrx_word' id='word_1_85' title='bbox 480 1340 618 1395; x_wconf 87' lang='lat' dir='ltr'><strong>sime</strong></span> <span class='ocrx_word' id='word_1_86' title='bbox 655 1339 868 1392; x_wconf 90' lang='lat' dir='ltr'><strong>dicunt.</strong></span> <span class='ocrx_word' id='word_1_87' title='bbox 933 1333 1010 1388; x_wconf 86' lang='lat' dir='ltr'><strong>Ex</strong></span> <span class='ocrx_word' id='word_1_88' title='bbox 1054 1349 1120 1390; x_wconf 92' lang='lat' dir='ltr'><strong>eo</strong></span> <span class='ocrx_word' id='word_1_89' title='bbox 1179 1348 1415 1404; x_wconf 88' lang='lat' dir='ltr'><strong>namque</strong></span> <span class='ocrx_word' id='word_1_90' title='bbox 1470 1347 1738 1402; x_wconf 90' lang='lat' dir='ltr'><strong>aquarum</strong></span> <span class='ocrx_word' id='word_1_91' title='bbox 1797 1332 2059 1387; x_wconf 89' lang='lat' dir='ltr'><strong>ducentes</strong></span> 
     </span>
    </p>
   </div>
   <div class='ocr_carea' id='block_1_16' title="bbox 481 1424 2057 1498">
    <p class='ocr_par' dir='ltr' id='par_1_16' title="bbox 481 1424 2057 1498">
     <span class='ocr_line' id='line_1_16' title="bbox 481 1424 2057 1498; baseline -0.006 -13"><span class='ocrx_word' id='word_1_92' title='bbox 481 1430 698 1485; x_wconf 89' lang='lat' dir='ltr'><strong>initium</strong></span> <span class='ocrx_word' id='word_1_93' title='bbox 732 1429 1079 1498; x_wconf 88' lang='lat' dir='ltr'><strong>aliquatenus</strong></span> <span class='ocrx_word' id='word_1_94' title='bbox 1110 1426 1331 1496; x_wconf 89' lang='lat' dir='ltr'><strong>quidem</strong></span> <span class='ocrx_word' id='word_1_95' title='bbox 1363 1424 1703 1495; x_wconf 89' lang='lat' dir='ltr'><strong>procedunt,</strong></span> <span class='ocrx_word' id='word_1_96' title='bbox 1748 1439 1914 1494; x_wconf 89' lang='lat' dir='ltr'><strong>supra</strong></span> <span class='ocrx_word' id='word_1_97' title='bbox 1943 1431 2057 1478; x_wconf 88' lang='lat' dir='ltr'><strong>ter-</strong></span> 
     </span>
    </p>
   </div>
   <div class='ocr_carea' id='block_1_17' title="bbox 481 1520 2053 1586">
    <p class='ocr_par' dir='ltr' id='par_1_17' title="bbox 481 1520 2053 1586">
     <span class='ocr_line' id='line_1_17' title="bbox 481 1520 2053 1586; baseline -0.004 -11"><span class='ocrx_word' id='word_1_98' title='bbox 481 1537 598 1576; x_wconf 91' lang='lat' dir='ltr'><strong>ram</strong></span> <span class='ocrx_word' id='word_1_99' title='bbox 627 1521 862 1577; x_wconf 82' lang='lat' dir='ltr'><strong>fortasse</strong></span> <span class='ocrx_word' id='word_1_100' title='bbox 885 1520 1150 1582; x_wconf 89' lang='lat' dir='ltr'><strong>labentes,</strong></span> <span class='ocrx_word' id='word_1_101' title='bbox 1182 1524 1370 1586; x_wconf 90' lang='lat' dir='ltr'><strong>postea</strong></span> <span class='ocrx_word' id='word_1_102' title='bbox 1400 1531 1530 1570; x_wconf 90' lang='lat' dir='ltr'><strong>vero</strong></span> <span class='ocrx_word' id='word_1_103' title='bbox 1559 1524 1711 1570; x_wconf 89' lang='lat' dir='ltr'><strong>vasta</strong></span> <span class='ocrx_word' id='word_1_104' title='bbox 1745 1524 2053 1570; x_wconf 81' lang='lat' dir='ltr'><strong>etarenosa</strong></span> 
     </span>
    </p>
   </div>
   <div class='ocr_carea' id='block_1_18' title="bbox 479 1604 2057 1679">
    <p class='ocr_par' dir='ltr' id='par_1_18' title="bbox 479 1604 2057 1679">
     <span class='ocr_line' id='line_1_18' title="bbox 479 1604 2057 1679; baseline -0.004 -12"><span class='ocrx_word' id='word_1_105' title='bbox 479 1611 778 1667; x_wconf 87' lang='lat' dir='ltr'><strong>solitudine</strong></span> <span class='ocrx_word' id='word_1_106' title='bbox 831 1624 926 1665; x_wconf 87' lang='lat' dir='ltr'><strong>eos</strong></span> <span class='ocrx_word' id='word_1_107' title='bbox 971 1609 1296 1679; x_wconf 77' lang='lat' dir='ltr'><strong>excipiente,</strong></span> <span class='ocrx_word' id='word_1_108' title='bbox 1332 1607 1443 1662; x_wconf 87' lang='lat' dir='ltr'><strong>illic</strong></span> <span class='ocrx_word' id='word_1_109' title='bbox 1476 1606 1530 1660; x_wconf 92' lang='lat' dir='ltr'><strong>in</strong></span> <span class='ocrx_word' id='word_1_110' title='bbox 1583 1604 1914 1676; x_wconf 79' lang='lat' dir='ltr'><strong>profundum</strong></span> <span class='ocrx_word' id='word_1_111' title='bbox 1957 1605 2057 1660; x_wconf 88' lang='lat' dir='ltr'><strong>de-</strong></span> 
     </span>
    </p>
   </div>
   <div class='ocr_carea' id='block_1_19' title="bbox 480 1697 2054 1767">
    <p class='ocr_par' dir='ltr' id='par_1_19' title="bbox 480 1697 2054 1767">
     <span class='ocr_line' id='line_1_19' title="bbox 480 1697 2054 1767; baseline -0.004 -11"><span class='ocrx_word' id='word_1_112' title='bbox 480 1703 677 1764; x_wconf 87' lang='lat' dir='ltr'><strong>mersi,</strong></span> <span class='ocrx_word' id='word_1_113' title='bbox 744 1702 810 1755; x_wconf 90' lang='lat' dir='ltr'><strong>ad</strong></span> <span class='ocrx_word' id='word_1_114' title='bbox 876 1699 1133 1755; x_wconf 81' lang='lat' dir='ltr'><strong>inferiora</strong></span> <span class='ocrx_word' id='word_1_115' title='bbox 1203 1698 1332 1754; x_wconf 79' lang='lat' dir='ltr'><strong>ferri</strong></span> <span class='ocrx_word' id='word_1_116' title='bbox 1405 1712 1515 1752; x_wconf 91' lang='lat' dir='ltr'><strong>non</strong></span> <span class='ocrx_word' id='word_1_117' title='bbox 1567 1697 1720 1767; x_wconf 90' lang='lat' dir='ltr'><strong>prius</strong></span> <span class='ocrx_word' id='word_1_118' title='bbox 1775 1697 2054 1760; x_wconf 88' lang='lat' dir='ltr'><strong>desinunt,</strong></span> 
     </span>
    </p>
   </div>
   <div class='ocr_carea' id='block_1_20' title="bbox 2160 510 3740 585">
    <p class='ocr_par' dir='ltr' id='par_1_20' title="bbox 2160 510 3740 585">
     <span class='ocr_line' id='line_1_20' title="bbox 2160 510 3740 585; baseline -0.003 -18"><span class='ocrx_word' id='word_1_119' title='bbox 2160 515 2259 585; x_wconf 80' lang='grc' dir='ltr'><strong>τῆς</strong></span> <span class='ocrx_word' id='word_1_120' title='bbox 2287 511 2479 566; x_wconf 81' lang='grc' dir='ltr'>ἑαυτοῦ</span> <span class='ocrx_word' id='word_1_121' title='bbox 2505 511 2878 584; x_wconf 79' lang='grc' dir='ltr'><strong>προσηγορίας</strong></span> <span class='ocrx_word' id='word_1_122' title='bbox 2908 511 3387 581; x_wconf 85' lang='grc' dir='ltr'>ἀποπαυσάμενος,</span> <span class='ocrx_word' id='word_1_123' title='bbox 3421 512 3519 564; x_wconf 78' lang='grc' dir='ltr'><strong>σὺν</strong></span> <span class='ocrx_word' id='word_1_124' title='bbox 3545 510 3740 579; x_wconf 74' lang='grc' dir='ltr'>ἐκείνῳ</span> 
     </span>
    </p>
   </div>
   <div class='ocr_carea' id='block_1_21' title="bbox 2171 603 3735 676">
    <p class='ocr_par' dir='ltr' id='par_1_21' title="bbox 2171 603 3735 676">
     <span class='ocr_line' id='line_1_21' title="bbox 2171 603 3735 676; baseline -0.001 -20"><span class='ocrx_word' id='word_1_125' title='bbox 2171 603 2424 676; x_wconf 74' lang='grc' dir='ltr'>πρὸς¹τὸν</span> <span class='ocrx_word' id='word_1_126' title='bbox 2453 603 2721 674; x_wconf 82' lang='grc' dir='ltr'>Περσικὸν</span> <span class='ocrx_word' id='word_1_127' title='bbox 2755 603 3122 675; x_wconf 84' lang='grc' dir='ltr'>κατασύρεται</span> <span class='ocrx_word' id='word_1_128' title='bbox 3152 604 3370 657; x_wconf 84' lang='grc' dir='ltr'><strong>κόλπον.</strong></span> <span class='ocrx_word' id='word_1_129' title='bbox 3403 605 3517 656; x_wconf 72' lang='grc' dir='ltr'>Καὶ</span> <span class='ocrx_word' id='word_1_130' title='bbox 3546 604 3609 656; x_wconf 76' lang='grc' dir='ltr'>τὸ</span> <span class='ocrx_word' id='word_1_131' title='bbox 3642 621 3735 673; x_wconf 79' lang='grc' dir='ltr'>με-</span> 
     </span>
    </p>
   </div>
   <div class='ocr_carea' id='block_1_22' title="bbox 2159 693 3738 766">
    <p class='ocr_par' dir='ltr' id='par_1_22' title="bbox 2159 693 3738 766">
     <span class='ocr_line' id='line_1_22' title="bbox 2159 693 3738 766; baseline -0.001 -18"><span class='ocrx_word' id='word_1_132' title='bbox 2159 695 2293 762; x_wconf 83' lang='grc' dir='ltr'><strong>ταξύ</strong></span> <span class='ocrx_word' id='word_1_133' title='bbox 2324 695 2432 748; x_wconf 90' lang='grc' dir='ltr'><strong>τῶν</strong></span> <span class='ocrx_word' id='word_1_134' title='bbox 2459 695 2552 748; x_wconf 89' lang='grc' dir='ltr'>δύο</span> <span class='ocrx_word' id='word_1_135' title='bbox 2580 695 2841 766; x_wconf 78' lang='grc' dir='ltr'>ποταμῶν</span> <span class='ocrx_word' id='word_1_136' title='bbox 2868 694 3096 758; x_wconf 88' lang='grc' dir='ltr'>τούτων,</span> <span class='ocrx_word' id='word_1_137' title='bbox 3128 693 3222 748; x_wconf 83' lang='grc' dir='ltr'><strong>τοῦ</strong></span> <span class='ocrx_word' id='word_1_138' title='bbox 3255 712 3314 748; x_wconf 91' lang='grc' dir='ltr'><strong>τε</strong></span> <span class='ocrx_word' id='word_1_139' title='bbox 3347 695 3622 766; x_wconf 83' lang='grc' dir='ltr'>Τίγρητος</span> <span class='ocrx_word' id='word_1_140' title='bbox 3650 698 3738 747; x_wconf 76' lang='grc' dir='ltr'>καὶ</span> 
     </span>
    </p>
   </div>
   <div class='ocr_carea' id='block_1_23' title="bbox 2159 786 3732 858">
    <p class='ocr_par' dir='ltr' id='par_1_23' title="bbox 2159 786 3732 858">
     <span class='ocr_line' id='line_1_23' title="bbox 2159 786 3732 858; baseline -0.001 -17"><span class='ocrx_word' id='word_1_141' title='bbox 2159 786 2253 841; x_wconf 90' lang='grc' dir='ltr'><strong>τοῦ</strong></span> <span class='ocrx_word' id='word_1_142' title='bbox 2287 786 2593 858; x_wconf 83' lang='grc' dir='ltr'><strong>Εὐφράτου,</strong></span> <span class='ocrx_word' id='word_1_143' title='bbox 2623 787 3018 858; x_wconf 79' lang='grc' dir='ltr'>Μεσοποταμία</span> <span class='ocrx_word' id='word_1_144' title='bbox 3038 787 3298 856; x_wconf 80' lang='grc' dir='ltr'><strong>τυγχάνει</strong></span> <span class='ocrx_word' id='word_1_145' title='bbox 3330 787 3732 858; x_wconf 81' lang='grc' dir='ltr'>προσαγορευό-</span> 
     </span>
    </p>
   </div>
   <div class='ocr_carea' id='block_1_24' title="bbox 2163 895 2342 950">
    <p class='ocr_par' dir='ltr' id='par_1_24' title="bbox 2163 895 2342 950">
     <span class='ocr_line' id='line_1_24' title="bbox 2163 895 2342 950; baseline 0.022 -18"><span class='ocrx_word' id='word_1_146' title='bbox 2163 895 2342 950; x_wconf 87' lang='grc' dir='ltr'>μενον.</span> 
     </span>
    </p>
   </div>
   <div class='ocr_carea' id='block_1_25' title="bbox 2232 967 3731 1043">
    <p class='ocr_par' dir='ltr' id='par_1_25' title="bbox 2232 967 3731 1043">
     <span class='ocr_line' id='line_1_25' title="bbox 2232 967 3731 1043; baseline -0.002 -20"><span class='ocrx_word' id='word_1_147' title='bbox 2232 971 2296 1027; x_wconf 86' lang='grc' dir='ltr'><strong>θ’.</strong></span> <span class='ocrx_word' id='word_1_148' title='bbox 2337 973 2456 1025; x_wconf 86' lang='grc' dir='ltr'>Ὅτι</span> <span class='ocrx_word' id='word_1_149' title='bbox 2491 973 2521 1024; x_wconf 86' lang='grc' dir='ltr'><strong>ό</strong></span> <span class='ocrx_word' id='word_1_150' title='bbox 2553 971 2760 1043; x_wconf 81' lang='grc' dir='ltr'><strong>Τίγρης</strong></span> <span class='ocrx_word' id='word_1_151' title='bbox 2807 970 2901 1024; x_wconf 77' lang='grc' dir='ltr'><strong>καὶ</strong></span> <span class='ocrx_word' id='word_1_152' title='bbox 2945 971 2974 1022; x_wconf 88' lang='grc' dir='ltr'><strong>ό</strong></span> <span class='ocrx_word' id='word_1_153' title='bbox 3011 969 3333 1040; x_wconf 75' lang='grc' dir='ltr'>Εὐφράτης,</span> <span class='ocrx_word' id='word_1_154' title='bbox 3377 967 3522 1021; x_wconf 87' lang='grc' dir='ltr'><strong>κατά</strong></span> <span class='ocrx_word' id='word_1_155' title='bbox 3558 968 3656 1038; x_wconf 83' lang='grc' dir='ltr'>μὲν</span> <span class='ocrx_word' id='word_1_156' title='bbox 3678 970 3731 1021; x_wconf 74' lang='grc' dir='ltr'>τὸ</span> 
     </span>
    </p>
   </div>
   <div class='ocr_carea' id='block_1_26' title="bbox 2159 1059 3730 1132">
    <p class='ocr_par' dir='ltr' id='par_1_26' title="bbox 2159 1059 3730 1132">
     <span class='ocr_line' id='line_1_26' title="bbox 2159 1059 3730 1132; baseline -0.004 -18"><span class='ocrx_word' id='word_1_157' title='bbox 2159 1061 2418 1132; x_wconf 79' lang='grc' dir='ltr'>ἐμφανὲς,</span> <span class='ocrx_word' id='word_1_158' title='bbox 2452 1061 2574 1114; x_wconf 81' lang='grc' dir='ltr'>ὅθεν</span> <span class='ocrx_word' id='word_1_159' title='bbox 2599 1060 2939 1125; x_wconf 84' lang='grc' dir='ltr'>ἀναδύονται,</span> <span class='ocrx_word' id='word_1_160' title='bbox 2966 1060 3233 1131; x_wconf 73' lang='grc' dir='ltr'>εἴρηνται.</span> <span class='ocrx_word' id='word_1_161' title='bbox 3264 1059 3328 1112; x_wconf 84' lang='grc' dir='ltr'><strong>Ἦ</strong></span> <span class='ocrx_word' id='word_1_162' title='bbox 3351 1059 3406 1112; x_wconf 85' lang='grc' dir='ltr'><strong>δὲ</strong></span> <span class='ocrx_word' id='word_1_163' title='bbox 3433 1059 3559 1130; x_wconf 84' lang='grc' dir='ltr'><strong>ἱερά</strong></span> <span class='ocrx_word' id='word_1_164' title='bbox 3581 1060 3730 1130; x_wconf 76' lang='grc' dir='ltr'>ἡμῶν</span> 
     </span>
    </p>
   </div>
   <div class='ocr_carea' id='block_1_27' title="bbox 2159 1151 3727 1225">
    <p class='ocr_par' dir='ltr' id='par_1_27' title="bbox 2159 1151 3727 1225">
     <span class='ocr_line' id='line_1_27' title="bbox 2159 1151 3727 1225; baseline -0.001 -19"><span class='ocrx_word' id='word_1_165' title='bbox 2159 1152 2369 1224; x_wconf 78' lang='grc' dir='ltr'>Γραφὴ,</span> <span class='ocrx_word' id='word_1_166' title='bbox 2428 1155 2492 1206; x_wconf 81' lang='grc' dir='ltr'>ὲκ</span> <span class='ocrx_word' id='word_1_167' title='bbox 2531 1152 2624 1206; x_wconf 91' lang='grc' dir='ltr'><strong>τοῦ</strong></span> <span class='ocrx_word' id='word_1_168' title='bbox 2674 1153 3006 1225; x_wconf 89' lang='grc' dir='ltr'>Παραδείσου</span> <span class='ocrx_word' id='word_1_169' title='bbox 3047 1151 3271 1215; x_wconf 82' lang='grc' dir='ltr'><strong>τούτους</strong></span> <span class='ocrx_word' id='word_1_170' title='bbox 3297 1151 3536 1220; x_wconf 78' lang='grc' dir='ltr'>λέγουσα</span> <span class='ocrx_word' id='word_1_171' title='bbox 3561 1153 3727 1223; x_wconf 77' lang='grc' dir='ltr'>ὁρμᾶ-</span> 
     </span>
    </p>
   </div>
   <div class='ocr_carea' id='block_1_28' title="bbox 2161 1247 3729 1320">
    <p class='ocr_par' dir='ltr' id='par_1_28' title="bbox 2161 1247 3729 1320">
     <span class='ocr_line' id='line_1_28' title="bbox 2161 1247 3729 1320; baseline -0.001 -20"><span class='ocrx_word' id='word_1_172' title='bbox 2161 1247 2305 1311; x_wconf 86' lang='grc' dir='ltr'>σθαι,</span> <span class='ocrx_word' id='word_1_173' title='bbox 2335 1247 2397 1300; x_wconf 80' lang='grc' dir='ltr'>τὸ</span> <span class='ocrx_word' id='word_1_174' title='bbox 2417 1247 2783 1317; x_wconf 81' lang='grc' dir='ltr'>ἀληθέστατον</span> <span class='ocrx_word' id='word_1_175' title='bbox 2819 1250 3038 1320; x_wconf 86' lang='grc' dir='ltr'>ἱστορεῖ.</span> <span class='ocrx_word' id='word_1_176' title='bbox 3063 1247 3174 1300; x_wconf 74' lang='grc' dir='ltr'><strong>Καὶ</strong></span> <span class='ocrx_word' id='word_1_177' title='bbox 3205 1247 3314 1319; x_wconf 89' lang='grc' dir='ltr'><strong>γάρ</strong></span> <span class='ocrx_word' id='word_1_178' title='bbox 3350 1247 3410 1312; x_wconf 80' lang='grc' dir='ltr'><strong>ἐξ</strong></span> <span class='ocrx_word' id='word_1_179' title='bbox 3441 1247 3611 1299; x_wconf 86' lang='grc' dir='ltr'>αὐτοῦ</span> <span class='ocrx_word' id='word_1_180' title='bbox 3639 1248 3729 1309; x_wconf 71' lang='grc' dir='ltr'>τὰς</span> 
     </span>
    </p>
   </div>
   <div class='ocr_carea' id='block_1_29' title="bbox 2159 1331 3725 1407">
    <p class='ocr_par' dir='ltr' id='par_1_29' title="bbox 2159 1331 3725 1407">
     <span class='ocr_line' id='line_1_29' title="bbox 2159 1331 3725 1407; baseline 0.003 -24"><span class='ocrx_word' id='word_1_181' title='bbox 2159 1331 2382 1404; x_wconf 85' lang='grc' dir='ltr'>πρώτας</span> <span class='ocrx_word' id='word_1_182' title='bbox 2412 1334 2588 1404; x_wconf 81' lang='grc' dir='ltr'>ἀρχάς</span> <span class='ocrx_word' id='word_1_183' title='bbox 2608 1334 2716 1388; x_wconf 86' lang='grc' dir='ltr'><strong>τῶν</strong></span> <span class='ocrx_word' id='word_1_184' title='bbox 2746 1335 2976 1407; x_wconf 78' lang='grc' dir='ltr'>ῥείθρων</span> <span class='ocrx_word' id='word_1_185' title='bbox 3010 1335 3286 1407; x_wconf 82' lang='grc' dir='ltr'>φέροντες,</span> <span class='ocrx_word' id='word_1_186' title='bbox 3318 1335 3446 1406; x_wconf 80' lang='grc' dir='ltr'>ἄχρι</span> <span class='ocrx_word' id='word_1_187' title='bbox 3473 1336 3574 1407; x_wconf 73' lang='grc' dir='ltr'><strong>μέν</strong></span> <span class='ocrx_word' id='word_1_188' title='bbox 3593 1353 3725 1399; x_wconf 52' lang='grc' dir='ltr'>τινπ</span> 
     </span>
    </p>
   </div>
   <div class='ocr_carea' id='block_1_30' title="bbox 2158 1423 3728 1496">
    <p class='ocr_par' dir='ltr' id='par_1_30' title="bbox 2158 1423 3728 1496">
     <span class='ocr_line' id='line_1_30' title="bbox 2158 1423 3728 1496; baseline 0.002 -21"><span class='ocrx_word' id='word_1_189' title='bbox 2158 1423 2442 1495; x_wconf 71' lang='grc' dir='ltr'>προΐασιν,’</span> <span class='ocrx_word' id='word_1_190' title='bbox 2461 1423 2590 1487; x_wconf 78' lang='grc' dir='ltr'>ἴσως</span> <span class='ocrx_word' id='word_1_191' title='bbox 2618 1424 2755 1496; x_wconf 83' lang='grc' dir='ltr'>ὑπὲρ</span> <span class='ocrx_word' id='word_1_192' title='bbox 2784 1426 2886 1494; x_wconf 83' lang='grc' dir='ltr'><strong>γῆς</strong></span> <span class='ocrx_word' id='word_1_193' title='bbox 2917 1425 3158 1495; x_wconf 86' lang='grc' dir='ltr'>ῥέοντες’</span> <span class='ocrx_word' id='word_1_194' title='bbox 3193 1425 3388 1478; x_wconf 76' lang='grc' dir='ltr'>ἔπειτα</span> <span class='ocrx_word' id='word_1_195' title='bbox 3417 1425 3476 1478; x_wconf 79' lang='grc' dir='ltr'><strong>δὲ</strong></span> <span class='ocrx_word' id='word_1_196' title='bbox 3508 1426 3611 1496; x_wconf 84' lang='grc' dir='ltr'>τῆς</span> <span class='ocrx_word' id='word_1_197' title='bbox 3639 1443 3728 1495; x_wconf 84' lang='grc' dir='ltr'>με-</span> 
     </span>
    </p>
   </div>
   <div class='ocr_carea' id='block_1_31' title="bbox 2157 1513 3730 1587">
    <p class='ocr_par' dir='ltr' id='par_1_31' title="bbox 2157 1513 3730 1587">
     <span class='ocr_line' id='line_1_31' title="bbox 2157 1513 3730 1587; baseline 0.001 -21"><span class='ocrx_word' id='word_1_198' title='bbox 2157 1513 2330 1584; x_wconf 85' lang='grc' dir='ltr'>γάλης</span> <span class='ocrx_word' id='word_1_199' title='bbox 2355 1515 2559 1584; x_wconf 75' lang='grc' dir='ltr'>ἐρήμου</span> <span class='ocrx_word' id='word_1_200' title='bbox 2593 1514 2686 1567; x_wconf 74' lang='grc' dir='ltr'>καὶ</span> <span class='ocrx_word' id='word_1_201' title='bbox 2735 1513 3169 1586; x_wconf 84' lang='grc' dir='ltr'>ἀμμωδεστάτης</span> <span class='ocrx_word' id='word_1_202' title='bbox 3212 1515 3410 1576; x_wconf 80' lang='grc' dir='ltr'>αὐτοὺς</span> <span class='ocrx_word' id='word_1_203' title='bbox 3444 1515 3730 1587; x_wconf 76' lang='grc' dir='ltr'>ἐκδεξαμέ-</span> 
     </span>
    </p>
   </div>
   <div class='ocr_carea' id='block_1_32' title="bbox 2158 1605 3729 1680">
    <p class='ocr_par' dir='ltr' id='par_1_32' title="bbox 2158 1605 3729 1680">
     <span class='ocr_line' id='line_1_32' title="bbox 2158 1605 3729 1680; baseline 0.003 -23"><span class='ocrx_word' id='word_1_204' title='bbox 2158 1622 2274 1676; x_wconf 88' lang='grc' dir='ltr'>νης,</span> <span class='ocrx_word' id='word_1_205' title='bbox 2311 1605 2447 1675; x_wconf 83' lang='grc' dir='ltr'>πρὸς</span> <span class='ocrx_word' id='word_1_206' title='bbox 2476 1606 2538 1660; x_wconf 85' lang='grc' dir='ltr'><strong>τὸ</strong></span> <span class='ocrx_word' id='word_1_207' title='bbox 2561 1605 2721 1676; x_wconf 80' lang='grc' dir='ltr'><strong>βάθος</strong></span> <span class='ocrx_word' id='word_1_208' title='bbox 2751 1606 2983 1660; x_wconf 76' lang='grc' dir='ltr'>ἐνταῦθα</span> <span class='ocrx_word' id='word_1_209' title='bbox 3021 1609 3467 1679; x_wconf 85' lang='grc' dir='ltr'>καταπινόμενοι,</span> <span class='ocrx_word' id='word_1_210' title='bbox 3491 1610 3555 1661; x_wconf 89' lang='grc' dir='ltr'><strong>οὐ</strong></span> <span class='ocrx_word' id='word_1_211' title='bbox 3598 1610 3729 1680; x_wconf 84' lang='grc' dir='ltr'>πρό-</span> 
     </span>
    </p>
   </div>
   <div class='ocr_carea' id='block_1_33' title="bbox 2158 1696 3728 1772">
    <p class='ocr_par' dir='ltr' id='par_1_33' title="bbox 2158 1696 3728 1772">
     <span class='ocr_line' id='line_1_33' title="bbox 2158 1696 3728 1772; baseline 0.003 -24"><span class='ocrx_word' id='word_1_212' title='bbox 2158 1712 2316 1767; x_wconf 86' lang='grc' dir='ltr'>τερον</span> <span class='ocrx_word' id='word_1_213' title='bbox 2340 1696 2587 1749; x_wconf 80' lang='grc' dir='ltr'>ἵστανται</span> <span class='ocrx_word' id='word_1_214' title='bbox 2623 1696 2724 1766; x_wconf 87' lang='grc' dir='ltr'>τῆς</span> <span class='ocrx_word' id='word_1_215' title='bbox 2765 1697 2860 1749; x_wconf 74' lang='grc' dir='ltr'>ἐπὶ</span> <span class='ocrx_word' id='word_1_216' title='bbox 2905 1696 2974 1750; x_wconf 86' lang='grc' dir='ltr'>τὰ</span> <span class='ocrx_word' id='word_1_217' title='bbox 3015 1698 3164 1751; x_wconf 88' lang='grc' dir='ltr'>κάτω</span> <span class='ocrx_word' id='word_1_218' title='bbox 3221 1701 3414 1772; x_wconf 80' lang='grc' dir='ltr'>φορᾶς,</span> <span class='ocrx_word' id='word_1_219' title='bbox 3472 1699 3605 1771; x_wconf 74' lang='grc' dir='ltr'>πρὶν</span> <span class='ocrx_word' id='word_1_220' title='bbox 3648 1702 3728 1753; x_wconf 77' lang='grc' dir='ltr'><strong>ἐπ’</strong></span> 
     </span>
    </p>
   </div>
   <div class='ocr_carea' id='block_1_34' title="bbox 479 1787 2059 1864">
    <p class='ocr_par' dir='ltr' id='par_1_34' title="bbox 479 1788 2058 1864">
     <span class='ocr_line' id='line_1_34' title="bbox 479 1788 2058 1864; baseline -0.004 -16"><span class='ocrx_word' id='word_1_221' title='bbox 479 1809 645 1864; x_wconf 89' lang='lat' dir='ltr'><strong>quam</strong></span> <span class='ocrx_word' id='word_1_222' title='bbox 671 1794 737 1847; x_wconf 91' lang='lat' dir='ltr'><strong>ad</strong></span> <span class='ocrx_word' id='word_1_223' title='bbox 777 1793 969 1848; x_wconf 89' lang='lat' dir='ltr'><strong>stabile</strong></span> <span class='ocrx_word' id='word_1_224' title='bbox 999 1808 1064 1847; x_wconf 92' lang='lat' dir='ltr'><strong>ac</strong></span> <span class='ocrx_word' id='word_1_225' title='bbox 1095 1803 1376 1862; x_wconf 85' lang='lat' dir='ltr'><strong>petrosum</strong></span> <span class='ocrx_word' id='word_1_226' title='bbox 1411 1790 1593 1845; x_wconf 90' lang='lat' dir='ltr'><strong>solum</strong></span> <span class='ocrx_word' id='word_1_227' title='bbox 1640 1789 1880 1860; x_wconf 80' lang='lat' dir='ltr'><strong>regionis</strong></span> <span class='ocrx_word' id='word_1_228' title='bbox 1909 1788 2058 1843; x_wconf 90' lang='lat' dir='ltr'><strong>illius</strong></span> 
     </span>
    </p>
   </div>
   <div class='ocr_carea' id='block_1_35' title="bbox 2168 1787 3728 1864">
    <p class='ocr_par' dir='ltr' id='par_1_35' title="bbox 2168 1787 3728 1862">
     <span class='ocr_line' id='line_1_35' title="bbox 2168 1787 3728 1862; baseline 0.003 -21"><span class='ocrx_word' id='word_1_229' title='bbox 2168 1787 2291 1841; x_wconf 64' lang='grc' dir='ltr'>αὐτὸ</span> <span class='ocrx_word' id='word_1_230' title='bbox 2314 1787 2378 1858; x_wconf 82' lang='grc' dir='ltr'>δὴ</span> <span class='ocrx_word' id='word_1_231' title='bbox 2399 1788 2461 1841; x_wconf 85' lang='grc' dir='ltr'><strong>τὸ</strong></span> <span class='ocrx_word' id='word_1_232' title='bbox 2493 1787 2749 1858; x_wconf 80' lang='grc' dir='ltr'>στεγανὸν</span> <span class='ocrx_word' id='word_1_233' title='bbox 2804 1789 2896 1842; x_wconf 74' lang='grc' dir='ltr'>καὶ</span> <span class='ocrx_word' id='word_1_234' title='bbox 2934 1789 3210 1862; x_wconf 84' lang='grc' dir='ltr'>πετρῶδες</span> <span class='ocrx_word' id='word_1_235' title='bbox 3251 1792 3349 1862; x_wconf 85' lang='grc' dir='ltr'>τῆς</span> <span class='ocrx_word' id='word_1_236' title='bbox 3388 1791 3579 1845; x_wconf 82' lang='grc' dir='ltr'>αὐτόθι</span> <span class='ocrx_word' id='word_1_237' title='bbox 3607 1809 3728 1845; x_wconf 73' lang='grc' dir='ltr'>κατα</span> 
     </span>
    </p>
   </div>
   <div class='ocr_carea' id='block_1_36' title="bbox 479 1881 2055 1955">
    <p class='ocr_par' dir='ltr' id='par_1_36' title="bbox 479 1881 2055 1955">
     <span class='ocr_line' id='line_1_36' title="bbox 479 1881 2055 1955; baseline -0.004 -15"><span class='ocrx_word' id='word_1_238' title='bbox 479 1885 846 1955; x_wconf 88' lang='lat' dir='ltr'><strong>pervenerint.</strong></span> <span class='ocrx_word' id='word_1_239' title='bbox 884 1883 1182 1954; x_wconf 83' lang='lat' dir='ltr'><strong>Postquam</strong></span> <span class='ocrx_word' id='word_1_240' title='bbox 1220 1893 1401 1938; x_wconf 91' lang='lat' dir='ltr'><strong>autem</strong></span> <span class='ocrx_word' id='word_1_241' title='bbox 1448 1881 1672 1953; x_wconf 89' lang='lat' dir='ltr'><strong>crepido</strong></span> <span class='ocrx_word' id='word_1_242' title='bbox 1709 1881 1797 1936; x_wconf 90' lang='lat' dir='ltr'><strong>illa</strong></span> <span class='ocrx_word' id='word_1_243' title='bbox 1831 1896 2055 1936; x_wconf 89' lang='lat' dir='ltr'><strong>cursum</strong></span> 
     </span>
    </p>
   </div>
   <div class='ocr_carea' id='block_1_37' title="bbox 485 1975 2054 2046">
    <p class='ocr_par' dir='ltr' id='par_1_37' title="bbox 485 1975 2054 2046">
     <span class='ocr_line' id='line_1_37' title="bbox 485 1975 2054 2046; baseline -0.003 -14"><span class='ocrx_word' id='word_1_244' title='bbox 485 1979 706 2032; x_wconf 91' lang='lat' dir='ltr'><strong>illorum</strong></span> <span class='ocrx_word' id='word_1_245' title='bbox 759 1977 825 2032; x_wconf 84' lang='lat' dir='ltr'><strong>ad</strong></span> <span class='ocrx_word' id='word_1_246' title='bbox 882 1975 1143 2032; x_wconf 81' lang='lat' dir='ltr'><strong>inferiora</strong></span> <span class='ocrx_word' id='word_1_247' title='bbox 1192 1975 1503 2031; x_wconf 91' lang='lat' dir='ltr'><strong>tendentem</strong></span> <span class='ocrx_word' id='word_1_248' title='bbox 1547 1977 1890 2046; x_wconf 89' lang='lat' dir='ltr'><strong>represserit,</strong></span> <span class='ocrx_word' id='word_1_249' title='bbox 1939 1983 2054 2029; x_wconf 91' lang='lat' dir='ltr'><strong>tum</strong></span> 
     </span>
    </p>
   </div>
   <div class='ocr_carea' id='block_1_38' title="bbox 480 2066 2055 2139">
    <p class='ocr_par' dir='ltr' id='par_1_38' title="bbox 480 2066 2055 2139">
     <span class='ocr_line' id='line_1_38' title="bbox 480 2066 2055 2139; baseline -0.002 -16"><span class='ocrx_word' id='word_1_250' title='bbox 480 2071 698 2124; x_wconf 91' lang='lat' dir='ltr'><strong>demum</strong></span> <span class='ocrx_word' id='word_1_251' title='bbox 743 2068 964 2139; x_wconf 89' lang='lat' dir='ltr'><strong>singuli,</strong></span> <span class='ocrx_word' id='word_1_252' title='bbox 991 2067 1150 2137; x_wconf 88' lang='lat' dir='ltr'><strong>aquis</strong></span> <span class='ocrx_word' id='word_1_253' title='bbox 1194 2067 1309 2122; x_wconf 85' lang='lat' dir='ltr'><strong>suis</strong></span> <span class='ocrx_word' id='word_1_254' title='bbox 1350 2066 1613 2133; x_wconf 86' lang='lat' dir='ltr'><strong>collectis,</strong></span> <span class='ocrx_word' id='word_1_255' title='bbox 1649 2067 1880 2122; x_wconf 90' lang='lat' dir='ltr'><strong>ulterius</strong></span> <span class='ocrx_word' id='word_1_256' title='bbox 1927 2082 2055 2136; x_wconf 88' lang='lat' dir='ltr'><strong>pro-</strong></span> 
     </span>
    </p>
   </div>
   <div class='ocr_carea' id='block_1_39' title="bbox 479 2157 2060 2229">
    <p class='ocr_par' dir='ltr' id='par_1_39' title="bbox 479 2157 2060 2229">
     <span class='ocr_line' id='line_1_39' title="bbox 479 2157 2060 2229; baseline -0.001 -16"><span class='ocrx_word' id='word_1_257' title='bbox 479 2160 820 2229; x_wconf 82' lang='lat' dir='ltr'><strong>grediuntur,</strong></span> <span class='ocrx_word' id='word_1_258' title='bbox 873 2175 984 2228; x_wconf 75' lang='lat' dir='ltr'><strong>pra:</strong></span> <span class='ocrx_word' id='word_1_259' title='bbox 1026 2159 1076 2212; x_wconf 90' lang='lat' dir='ltr'><strong>vi</strong></span> <span class='ocrx_word' id='word_1_260' title='bbox 1122 2173 1187 2214; x_wconf 91' lang='lat' dir='ltr'><strong>ac</strong></span> <span class='ocrx_word' id='word_1_261' title='bbox 1239 2157 1586 2212; x_wconf 88' lang='lat' dir='ltr'><strong>multitudine</strong></span> <span class='ocrx_word' id='word_1_262' title='bbox 1635 2159 1904 2212; x_wconf 91' lang='lat' dir='ltr'><strong>undarum</strong></span> <span class='ocrx_word' id='word_1_263' title='bbox 1935 2174 2060 2228; x_wconf 83' lang='lat' dir='ltr'><strong>per-</strong></span> 
     </span>
    </p>
   </div>
   <div class='ocr_carea' id='block_1_40' title="bbox 481 2249 2056 2320">
    <p class='ocr_par' dir='ltr' id='par_1_40' title="bbox 481 2249 2056 2320">
     <span class='ocr_line' id='line_1_40' title="bbox 481 2249 2056 2320; baseline 0 -15"><span class='ocrx_word' id='word_1_264' title='bbox 481 2259 645 2320; x_wconf 85' lang='lat' dir='ltr'><strong>petuo</strong></span> <span class='ocrx_word' id='word_1_265' title='bbox 679 2251 1018 2306; x_wconf 90' lang='lat' dir='ltr'><strong>aﬂluentium</strong></span> <span class='ocrx_word' id='word_1_266' title='bbox 1065 2259 1214 2306; x_wconf 90' lang='lat' dir='ltr'><strong>recta</strong></span> <span class='ocrx_word' id='word_1_267' title='bbox 1257 2249 1387 2305; x_wconf 82' lang='lat' dir='ltr'><strong>ferri</strong></span> <span class='ocrx_word' id='word_1_268' title='bbox 1417 2251 1828 2306; x_wconf 87' lang='lat' dir='ltr'><strong>contendentes.</strong></span> <span class='ocrx_word' id='word_1_269' title='bbox 1879 2249 2056 2305; x_wconf 87' lang='lat' dir='ltr'><strong>Caete-</strong></span> 
     </span>
    </p>
   </div>
   <div class='ocr_carea' id='block_1_41' title="bbox 480 2342 2061 2412">
    <p class='ocr_par' dir='ltr' id='par_1_41' title="bbox 480 2342 2061 2412">
     <span class='ocr_line' id='line_1_41' title="bbox 480 2342 2061 2412; baseline -0.001 -14"><span class='ocrx_word' id='word_1_270' title='bbox 480 2360 604 2399; x_wconf 85' lang='lat' dir='ltr'><strong>rum</strong></span> <span class='ocrx_word' id='word_1_271' title='bbox 628 2344 974 2400; x_wconf 89' lang='lat' dir='ltr'><strong>subterranei</strong></span> <span class='ocrx_word' id='word_1_272' title='bbox 1001 2355 1246 2398; x_wconf 88' lang='lat' dir='ltr'><strong>meantes</strong></span> <span class='ocrx_word' id='word_1_273' title='bbox 1273 2343 1329 2396; x_wconf 91' lang='lat' dir='ltr'><strong>hi</strong></span> <span class='ocrx_word' id='word_1_274' title='bbox 1352 2342 1525 2408; x_wconf 91' lang='lat' dir='ltr'><strong>ﬂuvii,</strong></span> <span class='ocrx_word' id='word_1_275' title='bbox 1556 2351 1744 2412; x_wconf 90' lang='lat' dir='ltr'><strong>utpote</strong></span> <span class='ocrx_word' id='word_1_276' title='bbox 1769 2352 1912 2397; x_wconf 89' lang='lat' dir='ltr'><strong>terra</strong></span> <span class='ocrx_word' id='word_1_277' title='bbox 1938 2359 2061 2412; x_wconf 70' lang='lat' dir='ltr'><strong>qua:</strong></span> 
     </span>
    </p>
   </div>
   <div class='ocr_carea' id='block_1_42' title="bbox 481 2433 2057 2506">
    <p class='ocr_par' dir='ltr' id='par_1_42' title="bbox 481 2433 2057 2506">
     <span class='ocr_line' id='line_1_42' title="bbox 481 2433 2057 2506; baseline 0 -18"><span class='ocrx_word' id='word_1_278' title='bbox 481 2435 772 2506; x_wconf 89' lang='lat' dir='ltr'><strong>interjacet</strong></span> <span class='ocrx_word' id='word_1_279' title='bbox 795 2445 1007 2504; x_wconf 83' lang='lat' dir='ltr'><strong>partem</strong></span> <span class='ocrx_word' id='word_1_280' title='bbox 1036 2449 1226 2487; x_wconf 91' lang='lat' dir='ltr'><strong>eorum</strong></span> <span class='ocrx_word' id='word_1_281' title='bbox 1254 2433 1399 2487; x_wconf 86' lang='lat' dir='ltr'><strong>haud</strong></span> <span class='ocrx_word' id='word_1_282' title='bbox 1422 2433 1676 2503; x_wconf 87' lang='lat' dir='ltr'><strong>exiguam</strong></span> <span class='ocrx_word' id='word_1_283' title='bbox 1705 2433 2057 2498; x_wconf 90' lang='lat' dir='ltr'><strong>absorbente,</strong></span> 
     </span>
    </p>
   </div>
   <div class='ocr_carea' id='block_1_43' title="bbox 480 2524 2060 2597">
    <p class='ocr_par' dir='ltr' id='par_1_43' title="bbox 480 2524 2060 2597">
     <span class='ocr_line' id='line_1_43' title="bbox 480 2524 2060 2597; baseline -0.001 -16"><span class='ocrx_word' id='word_1_284' title='bbox 480 2529 721 2582; x_wconf 78' lang='lat' dir='ltr'><strong>minores</strong></span> <span class='ocrx_word' id='word_1_285' title='bbox 739 2537 901 2597; x_wconf 90' lang='lat' dir='ltr'><strong>atque</strong></span> <span class='ocrx_word' id='word_1_286' title='bbox 919 2525 1248 2581; x_wconf 83' lang='lat' dir='ltr'><strong>inﬁrmiores</strong></span> <span class='ocrx_word' id='word_1_287' title='bbox 1275 2524 1341 2578; x_wconf 90' lang='lat' dir='ltr'><strong>ad</strong></span> <span class='ocrx_word' id='word_1_288' title='bbox 1371 2525 1550 2580; x_wconf 91' lang='lat' dir='ltr'><strong>locum</strong></span> <span class='ocrx_word' id='word_1_289' title='bbox 1584 2525 1891 2595; x_wconf 90' lang='lat' dir='ltr'><strong>eruptionis</strong></span> <span class='ocrx_word' id='word_1_290' title='bbox 1917 2525 2060 2595; x_wconf 85' lang='lat' dir='ltr'><strong>ipso-</strong></span> 
     </span>
    </p>
   </div>
   <div class='ocr_carea' id='block_1_44' title="bbox 480 2611 2062 2676">
    <p class='ocr_par' dir='ltr' id='par_1_44' title="bbox 480 2611 2062 2676">
     <span class='ocr_line' id='line_1_44' title="bbox 480 2611 2062 2676; baseline -0.001 -6"><span class='ocrx_word' id='word_1_291' title='bbox 480 2632 602 2671; x_wconf 83' lang='lat' dir='ltr'><strong>rum</strong></span> <span class='ocrx_word' id='word_1_292' title='bbox 624 2615 910 2670; x_wconf 79' lang='lat' dir='ltr'><strong>accedunt.</strong></span> <span class='ocrx_word' id='word_1_293' title='bbox 946 2611 1063 2668; x_wconf 83' lang='lat' dir='ltr'><strong>Non</strong></span> <span class='ocrx_word' id='word_1_294' title='bbox 1105 2621 1188 2668; x_wconf 90' lang='lat' dir='ltr'><strong>est</strong></span> <span class='ocrx_word' id='word_1_295' title='bbox 1215 2621 1394 2668; x_wconf 87' lang='lat' dir='ltr'><strong>autem</strong></span> <span class='ocrx_word' id='word_1_296' title='bbox 1427 2613 1563 2668; x_wconf 88' lang='lat' dir='ltr'><strong>adeo</strong></span> <span class='ocrx_word' id='word_1_297' title='bbox 1595 2613 1931 2676; x_wconf 86' lang='lat' dir='ltr'><strong>incredibile,</strong></span> <span class='ocrx_word' id='word_1_298' title='bbox 1961 2615 2062 2668; x_wconf 91' lang='lat' dir='ltr'><strong>hos</strong></span> 
     </span>
    </p>
   </div>
   <div class='ocr_carea' id='block_1_45' title="bbox 478 2705 2058 2777">
    <p class='ocr_par' dir='ltr' id='par_1_45' title="bbox 478 2705 2058 2777">
     <span class='ocr_line' id='line_1_45' title="bbox 478 2705 2058 2777; baseline -0.002 -14"><span class='ocrx_word' id='word_1_299' title='bbox 478 2723 670 2764; x_wconf 87' lang='lat' dir='ltr'><strong>amnes</strong></span> <span class='ocrx_word' id='word_1_300' title='bbox 695 2723 788 2777; x_wconf 88' lang='lat' dir='ltr'><strong>per</strong></span> <span class='ocrx_word' id='word_1_301' title='bbox 821 2716 970 2761; x_wconf 90' lang='lat' dir='ltr'><strong>tanta</strong></span> <span class='ocrx_word' id='word_1_302' title='bbox 1017 2716 1286 2762; x_wconf 90' lang='lat' dir='ltr'><strong>terrarum</strong></span> <span class='ocrx_word' id='word_1_303' title='bbox 1323 2706 1500 2775; x_wconf 88' lang='lat' dir='ltr'><strong>spatia</strong></span> <span class='ocrx_word' id='word_1_304' title='bbox 1523 2705 1909 2776; x_wconf 85' lang='lat' dir='ltr'><strong>subterraneos</strong></span> <span class='ocrx_word' id='word_1_305' title='bbox 1929 2705 2058 2760; x_wconf 90' lang='lat' dir='ltr'><strong>labi.</strong></span> 
     </span>
    </p>
   </div>
   <div class='ocr_carea' id='block_1_46' title="bbox 482 2797 2064 2868">
    <p class='ocr_par' dir='ltr' id='par_1_46' title="bbox 482 2797 2064 2868">
     <span class='ocr_line' id='line_1_46' title="bbox 482 2797 2064 2868; baseline -0.003 -14"><span class='ocrx_word' id='word_1_306' title='bbox 482 2799 646 2854; x_wconf 85' lang='lat' dir='ltr'><strong>Multa</strong></span> <span class='ocrx_word' id='word_1_307' title='bbox 669 2799 814 2854; x_wconf 91' lang='lat' dir='ltr'><strong>enim</strong></span> <span class='ocrx_word' id='word_1_308' title='bbox 839 2799 1040 2868; x_wconf 90' lang='lat' dir='ltr'><strong>ubique</strong></span> <span class='ocrx_word' id='word_1_309' title='bbox 1070 2806 1200 2857; x_wconf 88' lang='lat' dir='ltr'><strong>sunt</strong></span> <span class='ocrx_word' id='word_1_310' title='bbox 1220 2797 1585 2852; x_wconf 83' lang='lat' dir='ltr'><strong>maximorum</strong></span> <span class='ocrx_word' id='word_1_311' title='bbox 1610 2805 1665 2852; x_wconf 92' lang='lat' dir='ltr'><strong>et</strong></span> <span class='ocrx_word' id='word_1_312' title='bbox 1688 2797 2064 2866; x_wconf 89' lang='lat' dir='ltr'><strong>rapidissimo-</strong></span> 
     </span>
    </p>
   </div>
   <div class='ocr_carea' id='block_1_47' title="bbox 482 2889 2064 2959">
    <p class='ocr_par' dir='ltr' id='par_1_47' title="bbox 482 2889 2064 2959">
     <span class='ocr_line' id='line_1_47' title="bbox 482 2889 2064 2959; baseline -0.002 -12"><span class='ocrx_word' id='word_1_313' title='bbox 482 2908 604 2947; x_wconf 85' lang='lat' dir='ltr'><strong>ruui</strong></span> <span class='ocrx_word' id='word_1_314' title='bbox 621 2891 864 2946; x_wconf 90' lang='lat' dir='ltr'><strong>amnium</strong></span> <span class='ocrx_word' id='word_1_315' title='bbox 893 2890 1251 2959; x_wconf 79' lang='lat' dir='ltr'><strong>ﬂuenta,quae</strong></span> <span class='ocrx_word' id='word_1_316' title='bbox 1278 2889 1380 2945; x_wconf 87' lang='lat' dir='ltr'><strong>sub</strong></span> <span class='ocrx_word' id='word_1_317' title='bbox 1397 2899 1594 2944; x_wconf 87' lang='lat' dir='ltr'><strong>terram</strong></span> <span class='ocrx_word' id='word_1_318' title='bbox 1615 2889 1877 2944; x_wconf 83' lang='lat' dir='ltr'><strong>feruntur.</strong></span> <span class='ocrx_word' id='word_1_319' title='bbox 1898 2889 2064 2959; x_wconf 88' lang='lat' dir='ltr'><strong>quue</strong></span> 
     </span>
    </p>
   </div>
   <div class='ocr_carea' id='block_1_48' title="bbox 483 2980 2064 3052">
    <p class='ocr_par' dir='ltr' id='par_1_48' title="bbox 483 2980 2064 3052">
     <span class='ocr_line' id='line_1_48' title="bbox 483 2980 2064 3052; baseline -0.001 -14"><span class='ocrx_word' id='word_1_320' title='bbox 483 3001 550 3038; x_wconf 77' lang='lat' dir='ltr'><strong>ex</strong></span> <span class='ocrx_word' id='word_1_321' title='bbox 601 2997 669 3038; x_wconf 91' lang='lat' dir='ltr'><strong>eo</strong></span> <span class='ocrx_word' id='word_1_322' title='bbox 707 2981 1058 3037; x_wconf 84' lang='lat' dir='ltr'><strong>manifestum</strong></span> <span class='ocrx_word' id='word_1_323' title='bbox 1099 2981 1175 3043; x_wconf 80' lang='lat' dir='ltr'><strong>tit,</strong></span> <span class='ocrx_word' id='word_1_324' title='bbox 1223 2980 1381 3050; x_wconf 84' lang='lat' dir='ltr'><strong>quod</strong></span> <span class='ocrx_word' id='word_1_325' title='bbox 1402 2981 1593 3052; x_wconf 90' lang='lat' dir='ltr'><strong>ingens</strong></span> <span class='ocrx_word' id='word_1_326' title='bbox 1632 2996 1820 3035; x_wconf 90' lang='lat' dir='ltr'><strong>eorum</strong></span> <span class='ocrx_word' id='word_1_327' title='bbox 1853 2982 2064 3036; x_wconf 88' lang='lat' dir='ltr'><strong>sonitus</strong></span> 
     </span>
    </p>
   </div>
   <div class='ocr_carea' id='block_1_49' title="bbox 481 3069 2061 3142">
    <p class='ocr_par' dir='ltr' id='par_1_49' title="bbox 481 3069 2061 3142">
     <span class='ocr_line' id='line_1_49' title="bbox 481 3069 2061 3142; baseline -0.001 -14"><span class='ocrx_word' id='word_1_328' title='bbox 481 3072 724 3136; x_wconf 84' lang='lat' dir='ltr'><strong>auditur,</strong></span> <span class='ocrx_word' id='word_1_329' title='bbox 773 3085 898 3126; x_wconf 82' lang='lat' dir='ltr'><strong>cum</strong></span> <span class='ocrx_word' id='word_1_330' title='bbox 934 3084 1134 3142; x_wconf 89' lang='lat' dir='ltr'><strong>magno</strong></span> <span class='ocrx_word' id='word_1_331' title='bbox 1171 3071 1398 3137; x_wconf 79' lang='lat' dir='ltr'><strong>strepitu</strong></span> <span class='ocrx_word' id='word_1_332' title='bbox 1432 3079 1484 3124; x_wconf 86' lang='lat' dir='ltr'><strong>et</strong></span> <span class='ocrx_word' id='word_1_333' title='bbox 1510 3069 1724 3141; x_wconf 85' lang='lat' dir='ltr'><strong>fragore</strong></span> <span class='ocrx_word' id='word_1_334' title='bbox 1757 3070 2061 3126; x_wconf 90' lang='lat' dir='ltr'><strong>ﬂuentium.</strong></span> 
     </span>
    </p>
   </div>
   <div class='ocr_carea' id='block_1_50' title="bbox 2134 1879 3731 1954">
    <p class='ocr_par' dir='ltr' id='par_1_50' title="bbox 2134 1879 3731 1954">
     <span class='ocr_line' id='line_1_50' title="bbox 2134 1879 3731 1954; baseline 0.004 -22"><span class='ocrx_word' id='word_1_335' title='bbox 2134 1879 2427 1950; x_wconf 81' lang='grc' dir='ltr'>,αντήσωσι</span> <span class='ocrx_word' id='word_1_336' title='bbox 2457 1879 2582 1949; x_wconf 83' lang='grc' dir='ltr'>γῆς.</span> <span class='ocrx_word' id='word_1_337' title='bbox 2626 1880 2830 1934; x_wconf 87' lang='grc' dir='ltr'>Στάσιν</span> <span class='ocrx_word' id='word_1_338' title='bbox 2869 1881 2914 1934; x_wconf 83' lang='grc' dir='ltr'><strong>δ’</strong></span> <span class='ocrx_word' id='word_1_339' title='bbox 2963 1883 3144 1946; x_wconf 85' lang='grc' dir='ltr'>αὐτοῖς</span> <span class='ocrx_word' id='word_1_340' title='bbox 3197 1883 3296 1954; x_wconf 81' lang='grc' dir='ltr'><strong>τῆς</strong></span> <span class='ocrx_word' id='word_1_341' title='bbox 3343 1884 3436 1936; x_wconf 75' lang='grc' dir='ltr'>ἐπὶ</span> <span class='ocrx_word' id='word_1_342' title='bbox 3480 1883 3552 1937; x_wconf 87' lang='grc' dir='ltr'><strong>τά</strong></span> <span class='ocrx_word' id='word_1_343' title='bbox 3589 1887 3731 1939; x_wconf 79' lang='grc' dir='ltr'>κάτω</span> 
     </span>
    </p>
   </div>
   <div class='ocr_carea' id='block_1_51' title="bbox 2158 1973 3729 2047">
    <p class='ocr_par' dir='ltr' id='par_1_51' title="bbox 2158 1973 3729 2047">
     <span class='ocr_line' id='line_1_51' title="bbox 2158 1973 3729 2047; baseline 0.006 -25"><span class='ocrx_word' id='word_1_344' title='bbox 2158 1973 2560 2042; x_wconf 84' lang='grc' dir='ltr'>προχωρήσεως</span> <span class='ocrx_word' id='word_1_345' title='bbox 2592 1973 2695 2044; x_wconf 78' lang='grc' dir='ltr'>τῆς</span> <span class='ocrx_word' id='word_1_346' title='bbox 2736 1975 2925 2028; x_wconf 84' lang='grc' dir='ltr'>αὐτόθι</span> <span class='ocrx_word' id='word_1_347' title='bbox 2975 1975 3238 2047; x_wconf 85' lang='grc' dir='ltr'>κρηπῖδος</span> <span class='ocrx_word' id='word_1_348' title='bbox 3289 1977 3729 2047; x_wconf 81' lang='grc' dir='ltr'>παρασχομένης,</span> 
     </span>
    </p>
   </div>
   <div class='ocr_carea' id='block_1_52' title="bbox 2156 2061 3731 2139">
    <p class='ocr_par' dir='ltr' id='par_1_52' title="bbox 2156 2061 3731 2139">
     <span class='ocr_line' id='line_1_52' title="bbox 2156 2061 3731 2139; baseline 0.004 -27"><span class='ocrx_word' id='word_1_349' title='bbox 2156 2061 2389 2114; x_wconf 73' lang='grc' dir='ltr'>ἐνταῦθα</span> <span class='ocrx_word' id='word_1_350' title='bbox 2428 2063 2530 2133; x_wconf 73' lang='grc' dir='ltr'><strong>ἤδη</strong></span> <span class='ocrx_word' id='word_1_351' title='bbox 2565 2065 2672 2117; x_wconf 90' lang='grc' dir='ltr'><strong>τῶν</strong></span> <span class='ocrx_word' id='word_1_352' title='bbox 2707 2066 2992 2136; x_wconf 77' lang='grc' dir='ltr'>ῥευμάτων</span> <span class='ocrx_word' id='word_1_353' title='bbox 3036 2068 3218 2129; x_wconf 83' lang='grc' dir='ltr'>αὐτοῖς</span> <span class='ocrx_word' id='word_1_354' title='bbox 3267 2068 3731 2139; x_wconf 76' lang='grc' dir='ltr'>συναγειρομένων</span> 
     </span>
    </p>
   </div>
   <div class='ocr_carea' id='block_1_53' title="bbox 2159 2152 3722 2228">
    <p class='ocr_par' dir='ltr' id='par_1_53' title="bbox 2159 2152 3722 2228">
     <span class='ocr_line' id='line_1_53' title="bbox 2159 2152 3722 2228; baseline 0.004 -24"><span class='ocrx_word' id='word_1_355' title='bbox 2159 2152 2263 2205; x_wconf 84' lang='grc' dir='ltr'>ὑπὸ</span> <span class='ocrx_word' id='word_1_356' title='bbox 2292 2152 2529 2224; x_wconf 86' lang='grc' dir='ltr'>πλήθους</span> <span class='ocrx_word' id='word_1_357' title='bbox 2582 2155 2675 2208; x_wconf 72' lang='grc' dir='ltr'>καὶ</span> <span class='ocrx_word' id='word_1_358' title='bbox 2730 2155 2912 2226; x_wconf 74' lang='grc' dir='ltr'>ἰσχύος</span> <span class='ocrx_word' id='word_1_359' title='bbox 2955 2156 3050 2210; x_wconf 88' lang='grc' dir='ltr'><strong>τοῦ</strong></span> <span class='ocrx_word' id='word_1_360' title='bbox 3099 2158 3185 2210; x_wconf 83' lang='grc' dir='ltr'><strong>ἀεὶ</strong></span> <span class='ocrx_word' id='word_1_361' title='bbox 3223 2158 3625 2228; x_wconf 79' lang='grc' dir='ltr'>ἐπιφερομένου</span> <span class='ocrx_word' id='word_1_362' title='bbox 3666 2175 3722 2210; x_wconf 88' lang='grc' dir='ltr'><strong>τε</strong></span> 
     </span>
    </p>
   </div>
   <div class='ocr_carea' id='block_1_54' title="bbox 2161 2232 3729 2319">
    <p class='ocr_par' dir='ltr' id='par_1_54' title="bbox 2161 2232 3729 2319">
     <span class='ocr_line' id='line_1_54' title="bbox 2161 2232 3729 2319; baseline 0.004 -22"><span class='ocrx_word' id='word_1_363' title='bbox 2161 2244 2351 2313; x_wconf 88' lang='grc' dir='ltr'>πρόσω</span> <span class='ocrx_word' id='word_1_364' title='bbox 2402 2245 2515 2317; x_wconf 83' lang='grc'><strong>(58)</strong></span> <span class='ocrx_word' id='word_1_365' title='bbox 2558 2248 2826 2318; x_wconf 82' lang='grc' dir='ltr'>χωροῦσιν</span> <span class='ocrx_word' id='word_1_366' title='bbox 2872 2249 2958 2302; x_wconf 79' lang='grc' dir='ltr'><strong>ἐπ’</strong></span> <span class='ocrx_word' id='word_1_367' title='bbox 3017 2249 3146 2304; x_wconf 90' lang='grc' dir='ltr'><strong>εὐθύ</strong></span> <span class='ocrx_word' id='word_1_368' title='bbox 3207 2232 3542 2319; x_wconf 78' lang='grc' dir='ltr'>βιαζόμενοι.</span> <span class='ocrx_word' id='word_1_369' title='bbox 3601 2250 3729 2304; x_wconf 77' lang='grc' dir='ltr'>Ἀλλ’</span> 
     </span>
    </p>
   </div>
   <div class='ocr_carea' id='block_1_55' title="bbox 2160 2329 3729 2415">
    <p class='ocr_par' dir='ltr' id='par_1_55' title="bbox 2160 2329 3729 2415">
     <span class='ocr_line' id='line_1_55' title="bbox 2160 2329 3729 2415; baseline 0.005 -27"><span class='ocrx_word' id='word_1_370' title='bbox 2160 2329 2303 2390; x_wconf 71' lang='grc' dir='ltr'>οὗτοι</span> <span class='ocrx_word' id='word_1_371' title='bbox 2335 2339 2432 2408; x_wconf 83' lang='grc' dir='ltr'>μὲν</span> <span class='ocrx_word' id='word_1_372' title='bbox 2454 2339 2504 2390; x_wconf 91' lang='grc' dir='ltr'><strong>οί</strong></span> <span class='ocrx_word' id='word_1_373' title='bbox 2527 2340 2761 2409; x_wconf 72' lang='grc' dir='ltr'>ποταμοὶ</span> <span class='ocrx_word' id='word_1_374' title='bbox 2781 2341 3106 2412; x_wconf 86' lang='grc' dir='ltr'>κατωρύχιοι</span> <span class='ocrx_word' id='word_1_375' title='bbox 3138 2342 3517 2413; x_wconf 87' lang='grc' dir='ltr'>πορευόμενοι,</span> <span class='ocrx_word' id='word_1_376' title='bbox 3547 2345 3729 2415; x_wconf 80' lang='grc' dir='ltr'>μοῖραν</span> 
     </span>
    </p>
   </div>
   <div class='ocr_carea' id='block_1_56' title="bbox 2159 2426 3727 2503">
    <p class='ocr_par' dir='ltr' id='par_1_56' title="bbox 2159 2426 3727 2503">
     <span class='ocr_line' id='line_1_56' title="bbox 2159 2426 3727 2503; baseline -0.002 -22"><span class='ocrx_word' id='word_1_377' title='bbox 2159 2426 2337 2481; x_wconf 84' lang='grc' dir='ltr'>αὐτῶν</span> <span class='ocrx_word' id='word_1_378' title='bbox 2367 2427 2467 2480; x_wconf 91' lang='grc' dir='ltr'><strong>οὐκ</strong></span> <span class='ocrx_word' id='word_1_379' title='bbox 2487 2426 2674 2498; x_wconf 79' lang='grc' dir='ltr'>ὀλίγην</span> <span class='ocrx_word' id='word_1_380' title='bbox 2708 2427 2807 2498; x_wconf 82' lang='grc' dir='ltr'>τῆς</span> <span class='ocrx_word' id='word_1_381' title='bbox 2836 2431 2893 2482; x_wconf 79' lang='grc' dir='ltr'>ἐν</span> <span class='ocrx_word' id='word_1_382' title='bbox 2929 2430 3082 2500; x_wconf 84' lang='grc' dir='ltr'>μέσῳ</span> <span class='ocrx_word' id='word_1_383' title='bbox 3113 2431 3215 2500; x_wconf 80' lang='grc' dir='ltr'>γῆς</span> <span class='ocrx_word' id='word_1_384' title='bbox 3244 2431 3727 2503; x_wconf 74' lang='grc' dir='ltr'>ὑπεξαιρουμένης,</span> 
     </span>
    </p>
   </div>
   <div class='ocr_carea' id='block_1_57' title="bbox 2162 2519 3730 2595">
    <p class='ocr_par' dir='ltr' id='par_1_57' title="bbox 2162 2519 3730 2595">
     <span class='ocr_line' id='line_1_57' title="bbox 2162 2519 3730 2595; baseline 0.004 -24"><span class='ocrx_word' id='word_1_385' title='bbox 2162 2519 2416 2583; x_wconf 75' lang='grc' dir='ltr'>ἐλάττους</span> <span class='ocrx_word' id='word_1_386' title='bbox 2449 2519 2765 2573; x_wconf 81' lang='grc' dir='ltr'>ἀπαντῶσιν</span> <span class='ocrx_word' id='word_1_387' title='bbox 2804 2521 2904 2592; x_wconf 76' lang='grc' dir='ltr'><strong>ἤδη</strong></span> <span class='ocrx_word' id='word_1_388' title='bbox 2949 2523 3044 2574; x_wconf 76' lang='grc' dir='ltr'><strong>καὶ</strong></span> <span class='ocrx_word' id='word_1_389' title='bbox 3075 2523 3452 2595; x_wconf 83' lang='grc' dir='ltr'>ἀσθενέστεροι</span> <span class='ocrx_word' id='word_1_390' title='bbox 3485 2525 3580 2577; x_wconf 76' lang='grc' dir='ltr'>ἐπὶ</span> <span class='ocrx_word' id='word_1_391' title='bbox 3616 2526 3730 2588; x_wconf 66' lang='grc' dir='ltr'>τοὶς</span> 
     </span>
    </p>
   </div>
   <div class='ocr_carea' id='block_1_58' title="bbox 2161 2611 3730 2686">
    <p class='ocr_par' dir='ltr' id='par_1_58' title="bbox 2161 2611 3730 2686">
     <span class='ocr_line' id='line_1_58' title="bbox 2161 2611 3730 2686; baseline 0.003 -22"><span class='ocrx_word' id='word_1_392' title='bbox 2161 2611 2359 2674; x_wconf 90' lang='grc' dir='ltr'>τόπους</span> <span class='ocrx_word' id='word_1_393' title='bbox 2391 2611 2499 2664; x_wconf 89' lang='grc' dir='ltr'><strong>τῶν</strong></span> <span class='ocrx_word' id='word_1_394' title='bbox 2539 2612 2861 2666; x_wconf 87' lang='grc' dir='ltr'>ἀναδόσεων.</span> <span class='ocrx_word' id='word_1_395' title='bbox 2905 2613 3012 2666; x_wconf 75' lang='grc' dir='ltr'>Καὶ</span> <span class='ocrx_word' id='word_1_396' title='bbox 3059 2615 3120 2667; x_wconf 91' lang='grc' dir='ltr'><strong>τό</strong></span> <span class='ocrx_word' id='word_1_397' title='bbox 3163 2631 3226 2683; x_wconf 92' lang='grc' dir='ltr'><strong>γε</strong></span> <span class='ocrx_word' id='word_1_398' title='bbox 3273 2616 3499 2686; x_wconf 85' lang='grc' dir='ltr'>μυχίους</span> <span class='ocrx_word' id='word_1_399' title='bbox 3542 2617 3730 2680; x_wconf 62' lang='grc' dir='ltr'>αὐτοὺς</span> 
     </span>
    </p>
   </div>
   <div class='ocr_carea' id='block_1_59' title="bbox 2163 2702 3731 2780">
    <p class='ocr_par' dir='ltr' id='par_1_59' title="bbox 2163 2702 3731 2780">
     <span class='ocr_line' id='line_1_59' title="bbox 2163 2702 3731 2780; baseline 0.003 -25"><span class='ocrx_word' id='word_1_400' title='bbox 2163 2702 2420 2774; x_wconf 85' lang='grc' dir='ltr'>πλείστην</span> <span class='ocrx_word' id='word_1_401' title='bbox 2449 2703 2661 2756; x_wconf 81' lang='grc' dir='ltr'>ἐπιέναι</span> <span class='ocrx_word' id='word_1_402' title='bbox 2698 2704 2820 2774; x_wconf 83' lang='grc' dir='ltr'>γῆν,</span> <span class='ocrx_word' id='word_1_403' title='bbox 2843 2705 2942 2756; x_wconf 91' lang='grc' dir='ltr'><strong>οὐκ</strong></span> <span class='ocrx_word' id='word_1_404' title='bbox 2964 2704 3111 2768; x_wconf 72' lang='grc' dir='ltr'>εἰκὸς</span> <span class='ocrx_word' id='word_1_405' title='bbox 3139 2705 3403 2759; x_wconf 86' lang='grc' dir='ltr'>ἀπιστεῖν.</span> <span class='ocrx_word' id='word_1_406' title='bbox 3435 2707 3619 2760; x_wconf 85' lang='grc' dir='ltr'>Πολλά</span> <span class='ocrx_word' id='word_1_407' title='bbox 3633 2708 3731 2780; x_wconf 81' lang='grc' dir='ltr'><strong>γάρ</strong></span> 
     </span>
    </p>
   </div>
   <div class='ocr_carea' id='block_1_60' title="bbox 2165 2794 3732 2871">
    <p class='ocr_par' dir='ltr' id='par_1_60' title="bbox 2165 2794 3732 2871">
     <span class='ocr_line' id='line_1_60' title="bbox 2165 2794 3732 2871; baseline 0.003 -24"><span class='ocrx_word' id='word_1_408' title='bbox 2165 2796 2277 2847; x_wconf 78' lang='grc' dir='ltr'>ἐστι</span> <span class='ocrx_word' id='word_1_409' title='bbox 2320 2795 2415 2848; x_wconf 76' lang='grc' dir='ltr'><strong>καὶ</strong></span> <span class='ocrx_word' id='word_1_410' title='bbox 2462 2795 2599 2849; x_wconf 76' lang='grc' dir='ltr'>ἄλλα</span> <span class='ocrx_word' id='word_1_411' title='bbox 2651 2794 2895 2866; x_wconf 81' lang='grc' dir='ltr'>ῥεύματα</span> <span class='ocrx_word' id='word_1_412' title='bbox 2945 2796 3220 2866; x_wconf 79' lang='grc' dir='ltr'>πανταχοῦ</span> <span class='ocrx_word' id='word_1_413' title='bbox 3265 2797 3497 2850; x_wconf 73' lang='grc' dir='ltr'>καὶτῶν</span> <span class='ocrx_word' id='word_1_414' title='bbox 3540 2801 3732 2871; x_wconf 59' lang='grc' dir='ltr'>σφόδρα</span> 
     </span>
    </p>
   </div>
   <div class='ocr_carea' id='block_1_61' title="bbox 2170 2885 3732 2960">
    <p class='ocr_par' dir='ltr' id='par_1_61' title="bbox 2170 2885 3732 2960">
     <span class='ocr_line' id='line_1_61' title="bbox 2170 2885 3732 2960; baseline 0.004 -23"><span class='ocrx_word' id='word_1_415' title='bbox 2170 2885 2444 2955; x_wconf 85' lang='grc' dir='ltr'>μεγίστων</span> <span class='ocrx_word' id='word_1_416' title='bbox 2467 2902 2523 2938; x_wconf 91' lang='grc' dir='ltr'><strong>τε</strong></span> <span class='ocrx_word' id='word_1_417' title='bbox 2555 2885 2648 2937; x_wconf 76' lang='grc' dir='ltr'><strong>καὶ</strong></span> <span class='ocrx_word' id='word_1_418' title='bbox 2681 2886 3066 2954; x_wconf 77' lang='grc' dir='ltr'>ἰσχυροτάτων,</span> <span class='ocrx_word' id='word_1_419' title='bbox 3093 2886 3197 2939; x_wconf 85' lang='grc' dir='ltr'><strong>ὐπὸ</strong></span> <span class='ocrx_word' id='word_1_420' title='bbox 3217 2887 3318 2956; x_wconf 84' lang='grc' dir='ltr'>γῆν</span> <span class='ocrx_word' id='word_1_421' title='bbox 3342 2888 3732 2960; x_wconf 83' lang='grc' dir='ltr'>ἀφικνούμενα.</span> 
     </span>
    </p>
   </div>
   <div class='ocr_carea' id='block_1_62' title="bbox 2166 2971 3731 3050">
    <p class='ocr_par' dir='ltr' id='par_1_62' title="bbox 2166 2971 3731 3050">
     <span class='ocr_line' id='line_1_62' title="bbox 2166 2971 3731 3050; baseline 0.003 -21"><span class='ocrx_word' id='word_1_422' title='bbox 2166 2976 2332 3048; x_wconf 84' lang='grc' dir='ltr'>Δῆλον</span> <span class='ocrx_word' id='word_1_423' title='bbox 2363 2975 2420 3030; x_wconf 88' lang='grc' dir='ltr'>δέ</span> <span class='ocrx_word' id='word_1_424' title='bbox 2445 2993 2457 3006; x_wconf 87' lang='grc'><strong>·</strong></span> <span class='ocrx_word' id='word_1_425' title='bbox 2491 2971 2625 3046; x_wconf 83' lang='grc' dir='ltr'>ἦχός</span> <span class='ocrx_word' id='word_1_426' title='bbox 2661 2993 2720 3029; x_wconf 91' lang='grc' dir='ltr'><strong>τε</strong></span> <span class='ocrx_word' id='word_1_427' title='bbox 2769 2975 2876 3048; x_wconf 82' lang='grc' dir='ltr'>γὰρ</span> <span class='ocrx_word' id='word_1_428' title='bbox 2907 2977 2999 3029; x_wconf 87' lang='grc' dir='ltr'>ἀπ’</span> <span class='ocrx_word' id='word_1_429' title='bbox 3043 2977 3222 3029; x_wconf 89' lang='grc' dir='ltr'>αὐτῶν</span> <span class='ocrx_word' id='word_1_430' title='bbox 3259 2977 3513 3032; x_wconf 85' lang='grc' dir='ltr'>ἀκούεται</span> <span class='ocrx_word' id='word_1_431' title='bbox 3545 2982 3731 3050; x_wconf 81' lang='grc' dir='ltr'>μέγας,</span> 
     </span>
    </p>
   </div>
   <div class='ocr_carea' id='block_1_63' title="bbox 2169 3067 3736 3140">
    <p class='ocr_par' dir='ltr' id='par_1_63' title="bbox 2169 3067 3736 3140">
     <span class='ocr_line' id='line_1_63' title="bbox 2169 3067 3736 3140; baseline 0.001 -18"><span class='ocrx_word' id='word_1_432' title='bbox 2169 3070 2265 3122; x_wconf 83' lang='grc' dir='ltr'><strong>σὺν</strong></span> <span class='ocrx_word' id='word_1_433' title='bbox 2295 3069 2517 3140; x_wconf 82' lang='grc' dir='ltr'>ταράχῳ</span> <span class='ocrx_word' id='word_1_434' title='bbox 2542 3069 2636 3122; x_wconf 74' lang='grc' dir='ltr'>καὶ</span> <span class='ocrx_word' id='word_1_435' title='bbox 2669 3067 2832 3138; x_wconf 74' lang='grc' dir='ltr'>ῥοίζῳ</span> <span class='ocrx_word' id='word_1_436' title='bbox 2861 3069 3040 3140; x_wconf 78' lang='grc' dir='ltr'>πολλῷ</span> <span class='ocrx_word' id='word_1_437' title='bbox 3077 3069 3410 3140; x_wconf 88' lang='grc' dir='ltr'>φερομένων.</span> <span class='ocrx_word' id='word_1_438' title='bbox 3470 3071 3630 3125; x_wconf 73' lang='grc' dir='ltr'>Ἀλλὰ</span> <span class='ocrx_word' id='word_1_439' title='bbox 3649 3072 3736 3125; x_wconf 82' lang='grc' dir='ltr'><strong>καί</strong></span> 
     </span>
    </p>
   </div>
   <div class='ocr_carea' id='block_1_64' title="bbox 483 3159 2059 3234">
    <p class='ocr_par' dir='ltr' id='par_1_64' title="bbox 483 3163 2055 3234">
     <span class='ocr_line' id='line_1_64' title="bbox 483 3163 2055 3234; baseline -0.001 -13"><span class='ocrx_word' id='word_1_440' title='bbox 483 3163 589 3221; x_wconf 87' lang='lat' dir='ltr'><strong>Sed</strong></span> <span class='ocrx_word' id='word_1_441' title='bbox 614 3173 671 3220; x_wconf 90' lang='lat' dir='ltr'><strong>et</strong></span> <span class='ocrx_word' id='word_1_442' title='bbox 708 3163 953 3219; x_wconf 92' lang='lat' dir='ltr'><strong>nonnulli</strong></span> <span class='ocrx_word' id='word_1_443' title='bbox 989 3178 1112 3218; x_wconf 87' lang='lat' dir='ltr'><strong>cum</strong></span> <span class='ocrx_word' id='word_1_444' title='bbox 1155 3179 1318 3232; x_wconf 91' lang='lat' dir='ltr'><strong>supra</strong></span> <span class='ocrx_word' id='word_1_445' title='bbox 1364 3177 1459 3219; x_wconf 90' lang='lat' dir='ltr'><strong>eos</strong></span> <span class='ocrx_word' id='word_1_446' title='bbox 1494 3177 1684 3218; x_wconf 93' lang='lat' dir='ltr'><strong>amnes</strong></span> <span class='ocrx_word' id='word_1_447' title='bbox 1719 3172 1914 3234; x_wconf 89' lang='lat' dir='ltr'><strong>puteos</strong></span> <span class='ocrx_word' id='word_1_448' title='bbox 1973 3163 2055 3219; x_wconf 83' lang='lat' dir='ltr'><strong>fo-</strong></span> 
     </span>
    </p>
   </div>
   <div class='ocr_carea' id='block_1_65' title="bbox 2168 3159 3736 3234">
    <p class='ocr_par' dir='ltr' id='par_1_65' title="bbox 2168 3159 3736 3232">
     <span class='ocr_line' id='line_1_65' title="bbox 2168 3159 3736 3232; baseline -0.001 -19"><span class='ocrx_word' id='word_1_449' title='bbox 2168 3177 2302 3224; x_wconf 80' lang='grc' dir='ltr'>τινες</span> <span class='ocrx_word' id='word_1_450' title='bbox 2325 3160 2470 3232; x_wconf 85' lang='grc' dir='ltr'>ὐπὲρ</span> <span class='ocrx_word' id='word_1_451' title='bbox 2504 3159 2682 3214; x_wconf 89' lang='grc' dir='ltr'>αὐτῶν</span> <span class='ocrx_word' id='word_1_452' title='bbox 2709 3161 2920 3230; x_wconf 81' lang='grc' dir='ltr'>φρέατα</span> <span class='ocrx_word' id='word_1_453' title='bbox 2944 3159 3316 3232; x_wconf 85' lang='grc' dir='ltr'>ὁρυσσόμενοι,</span> <span class='ocrx_word' id='word_1_454' title='bbox 3340 3160 3434 3214; x_wconf 72' lang='grc' dir='ltr'>καὶ</span> <span class='ocrx_word' id='word_1_455' title='bbox 3457 3162 3557 3232; x_wconf 81' lang='grc' dir='ltr'>τῆς</span> <span class='ocrx_word' id='word_1_456' title='bbox 3578 3165 3736 3232; x_wconf 80' lang='grc' dir='ltr'>ἀπην-</span> 
     </span>
    </p>
   </div>
   <div class='ocr_carea' id='block_1_66' title="bbox 482 3255 2058 3326">
    <p class='ocr_par' dir='ltr' id='par_1_66' title="bbox 482 3255 2058 3326">
     <span class='ocr_line' id='line_1_66' title="bbox 482 3255 2058 3326; baseline -0.001 -14"><span class='ocrx_word' id='word_1_457' title='bbox 482 3258 609 3312; x_wconf 92' lang='lat' dir='ltr'><strong>dere</strong></span> <span class='ocrx_word' id='word_1_458' title='bbox 635 3255 875 3326; x_wconf 82' lang='lat' dir='ltr'><strong>aggressi</strong></span> <span class='ocrx_word' id='word_1_459' title='bbox 907 3263 1112 3317; x_wconf 89' lang='lat' dir='ltr'><strong>essent,</strong></span> <span class='ocrx_word' id='word_1_460' title='bbox 1143 3265 1198 3308; x_wconf 90' lang='lat' dir='ltr'><strong>et</strong></span> <span class='ocrx_word' id='word_1_461' title='bbox 1220 3264 1497 3323; x_wconf 89' lang='lat' dir='ltr'><strong>petrosum</strong></span> <span class='ocrx_word' id='word_1_462' title='bbox 1535 3255 1711 3308; x_wconf 93' lang='lat' dir='ltr'><strong>solum</strong></span> <span class='ocrx_word' id='word_1_463' title='bbox 1739 3256 1886 3324; x_wconf 90' lang='lat' dir='ltr'><strong>quod</strong></span> <span class='ocrx_word' id='word_1_464' title='bbox 1921 3255 2058 3324; x_wconf 91' lang='lat' dir='ltr'><strong>ipsis</strong></span> 
     </span>
    </p>
   </div>
   <div class='ocr_carea' id='block_1_67' title="bbox 489 3345 2062 3416">
    <p class='ocr_par' dir='ltr' id='par_1_67' title="bbox 489 3345 2062 3416">
     <span class='ocr_line' id='line_1_67' title="bbox 489 3345 2062 3416; baseline -0.001 -16"><span class='ocrx_word' id='word_1_465' title='bbox 489 3355 822 3411; x_wconf 81' lang='lat' dir='ltr'><strong>occurrerat,</strong></span> <span class='ocrx_word' id='word_1_466' title='bbox 869 3345 1128 3416; x_wconf 86' lang='lat' dir='ltr'><strong>paulatim</strong></span> <span class='ocrx_word' id='word_1_467' title='bbox 1185 3345 1571 3414; x_wconf 85' lang='lat' dir='ltr'><strong>pertudissent,</strong></span> <span class='ocrx_word' id='word_1_468' title='bbox 1617 3345 1719 3399; x_wconf 87' lang='lat' dir='ltr'><strong>sub</strong></span> <span class='ocrx_word' id='word_1_469' title='bbox 1781 3361 1888 3414; x_wconf 91' lang='lat' dir='ltr'><strong>quo</strong></span> <span class='ocrx_word' id='word_1_470' title='bbox 1940 3360 2062 3415; x_wconf 90' lang='lat' dir='ltr'><strong>per-</strong></span> 
     </span>
    </p>
   </div>
   <div class='ocr_carea' id='block_1_68' title="bbox 483 3437 2055 3511">
    <p class='ocr_par' dir='ltr' id='par_1_68' title="bbox 483 3437 2055 3511">
     <span class='ocr_line' id='line_1_68' title="bbox 483 3437 2055 3511; baseline -0.006 -14"><span class='ocrx_word' id='word_1_471' title='bbox 483 3451 728 3511; x_wconf 87' lang='lat' dir='ltr'><strong>strepens</strong></span> <span class='ocrx_word' id='word_1_472' title='bbox 783 3439 926 3493; x_wconf 85' lang='lat' dir='ltr'><strong>unda</strong></span> <span class='ocrx_word' id='word_1_473' title='bbox 961 3452 1179 3494; x_wconf 90' lang='lat' dir='ltr'><strong>sursum</strong></span> <span class='ocrx_word' id='word_1_474' title='bbox 1211 3452 1402 3492; x_wconf 89' lang='lat' dir='ltr'><strong>versus</strong></span> <span class='ocrx_word' id='word_1_475' title='bbox 1449 3449 1735 3506; x_wconf 81' lang='lat' dir='ltr'><strong>erumpere</strong></span> <span class='ocrx_word' id='word_1_476' title='bbox 1760 3437 2055 3500; x_wconf 87' lang='lat' dir='ltr'><strong>nitebatur,</strong></span> 
     </span>
    </p>
   </div>
   <div class='ocr_carea' id='block_1_69' title="bbox 484 3529 2060 3599">
    <p class='ocr_par' dir='ltr' id='par_1_69' title="bbox 484 3529 2060 3599">
     <span class='ocr_line' id='line_1_69' title="bbox 484 3529 2060 3599; baseline -0.003 -12"><span class='ocrx_word' id='word_1_477' title='bbox 484 3533 700 3588; x_wconf 85' lang='lat' dir='ltr'><strong>diﬂicile</strong></span> <span class='ocrx_word' id='word_1_478' title='bbox 743 3530 1035 3587; x_wconf 86' lang='lat' dir='ltr'><strong>admodum</strong></span> <span class='ocrx_word' id='word_1_479' title='bbox 1081 3529 1299 3584; x_wconf 87' lang='lat' dir='ltr'><strong>retracti</strong></span> <span class='ocrx_word' id='word_1_480' title='bbox 1341 3537 1470 3584; x_wconf 90' lang='lat' dir='ltr'><strong>sunt</strong></span> <span class='ocrx_word' id='word_1_481' title='bbox 1497 3529 1566 3584; x_wconf 90' lang='lat' dir='ltr'><strong>ab</strong></span> <span class='ocrx_word' id='word_1_482' title='bbox 1597 3529 1665 3584; x_wconf 91' lang='lat' dir='ltr'><strong>iis</strong></span> <span class='ocrx_word' id='word_1_483' title='bbox 1702 3529 1795 3599; x_wconf 90' lang='lat' dir='ltr'><strong>qui</strong></span> <span class='ocrx_word' id='word_1_484' title='bbox 1837 3543 2060 3584; x_wconf 91' lang='lat' dir='ltr'><strong>sursum</strong></span> 
     </span>
    </p>
   </div>
   <div class='ocr_carea' id='block_1_70' title="bbox 485 3619 2059 3694">
    <p class='ocr_par' dir='ltr' id='par_1_70' title="bbox 485 3619 2059 3694">
     <span class='ocr_line' id='line_1_70' title="bbox 485 3619 2059 3694; baseline -0.006 -12"><span class='ocrx_word' id='word_1_485' title='bbox 485 3627 701 3682; x_wconf 85' lang='lat' dir='ltr'><strong>stabant</strong></span> <span class='ocrx_word' id='word_1_486' title='bbox 730 3625 782 3679; x_wconf 92' lang='lat' dir='ltr'><strong>in</strong></span> <span class='ocrx_word' id='word_1_487' title='bbox 827 3623 1104 3694; x_wconf 90' lang='lat' dir='ltr'><strong>crepidine</strong></span> <span class='ocrx_word' id='word_1_488' title='bbox 1146 3622 1313 3692; x_wconf 87' lang='lat' dir='ltr'><strong>putei.</strong></span> <span class='ocrx_word' id='word_1_489' title='bbox 1367 3619 1434 3675; x_wconf 90' lang='lat' dir='ltr'><strong>Et</strong></span> <span class='ocrx_word' id='word_1_490' title='bbox 1479 3636 1620 3690; x_wconf 91' lang='lat' dir='ltr'><strong>aqua</strong></span> <span class='ocrx_word' id='word_1_491' title='bbox 1669 3622 1961 3676; x_wconf 91' lang='lat' dir='ltr'><strong>subsecuta</strong></span> <span class='ocrx_word' id='word_1_492' title='bbox 2004 3620 2059 3674; x_wconf 93' lang='lat' dir='ltr'><strong>in</strong></span> 
     </span>
    </p>
   </div>
   <div class='ocr_carea' id='block_1_71' title="bbox 488 3711 2064 3787">
    <p class='ocr_par' dir='ltr' id='par_1_71' title="bbox 488 3711 2064 3787">
     <span class='ocr_line' id='line_1_71' title="bbox 488 3711 2064 3787; baseline -0.006 -15"><span class='ocrx_word' id='word_1_493' title='bbox 488 3721 666 3772; x_wconf 89' lang='lat' dir='ltr'><strong>rivum</strong></span> <span class='ocrx_word' id='word_1_494' title='bbox 699 3714 988 3787; x_wconf 90' lang='lat' dir='ltr'><strong>processit,</strong></span> <span class='ocrx_word' id='word_1_495' title='bbox 1025 3713 1120 3784; x_wconf 92' lang='lat' dir='ltr'><strong>qui</strong></span> <span class='ocrx_word' id='word_1_496' title='bbox 1157 3712 1302 3766; x_wconf 93' lang='lat' dir='ltr'><strong>nulla</strong></span> <span class='ocrx_word' id='word_1_497' title='bbox 1333 3711 1591 3780; x_wconf 85' lang='lat' dir='ltr'><strong>deinceps</strong></span> <span class='ocrx_word' id='word_1_498' title='bbox 1623 3711 1871 3766; x_wconf 90' lang='lat' dir='ltr'><strong>siccitate</strong></span> <span class='ocrx_word' id='word_1_499' title='bbox 1899 3711 2064 3764; x_wconf 87' lang='lat' dir='ltr'><strong>inter-</strong></span> 
     </span>
    </p>
   </div>
   <div class='ocr_carea' id='block_1_72' title="bbox 429 3803 2062 3880">
    <p class='ocr_par' dir='ltr' id='par_1_72' title="bbox 429 3803 2062 3880">
     <span class='ocr_line' id='line_1_72' title="bbox 429 3803 2062 3880; baseline -0.006 -15"><span class='ocrx_word' id='word_1_500' title='bbox 429 3829 434 3834; x_wconf 92' lang='grc'><strong>·</strong></span> <span class='ocrx_word' id='word_1_501' title='bbox 485 3819 679 3880; x_wconf 89' lang='lat' dir='ltr'><strong>ceptus</strong></span> <span class='ocrx_word' id='word_1_502' title='bbox 731 3817 833 3869; x_wconf 87' lang='lat' dir='ltr'><strong>est.</strong></span> <span class='ocrx_word' id='word_1_503' title='bbox 877 3807 946 3861; x_wconf 91' lang='lat' dir='ltr'><strong>ob</strong></span> <span class='ocrx_word' id='word_1_504' title='bbox 974 3805 1231 3876; x_wconf 89' lang='lat' dir='ltr'><strong>perennis</strong></span> <span class='ocrx_word' id='word_1_505' title='bbox 1266 3819 1421 3874; x_wconf 68' lang='lat' dir='ltr'><strong>aqua:</strong></span> <span class='ocrx_word' id='word_1_506' title='bbox 1460 3803 1808 3857; x_wconf 86' lang='lat' dir='ltr'><strong>aﬂluentiam.</strong></span> <span class='ocrx_word' id='word_1_507' title='bbox 1851 3803 2062 3872; x_wconf 85' lang='lat' dir='ltr'><strong>Quippe</strong></span> 
     </span>
    </p>
   </div>
   <div class='ocr_carea' id='block_1_73' title="bbox 483 3897 2060 3969">
    <p class='ocr_par' dir='ltr' id='par_1_73' title="bbox 483 3897 2060 3969">
     <span class='ocr_line' id='line_1_73' title="bbox 483 3897 2060 3969; baseline -0.006 -12"><span class='ocrx_word' id='word_1_508' title='bbox 483 3917 688 3958; x_wconf 89' lang='lat' dir='ltr'><strong>arcana</strong></span> <span class='ocrx_word' id='word_1_509' title='bbox 734 3900 828 3955; x_wconf 85' lang='lat' dir='ltr'><strong>Dei</strong></span> <span class='ocrx_word' id='word_1_510' title='bbox 875 3899 1142 3969; x_wconf 87' lang='lat' dir='ltr'><strong>sapientia</strong></span> <span class='ocrx_word' id='word_1_511' title='bbox 1180 3897 1467 3952; x_wconf 92' lang='lat' dir='ltr'><strong>ﬂuminum</strong></span> <span class='ocrx_word' id='word_1_512' title='bbox 1516 3907 1752 3960; x_wconf 89' lang='lat' dir='ltr'><strong>meatus,</strong></span> <span class='ocrx_word' id='word_1_513' title='bbox 1802 3905 2060 3966; x_wconf 90' lang='lat' dir='ltr'><strong>tanquam</strong></span> 
     </span>
    </p>
   </div>
   <div class='ocr_carea' id='block_1_74' title="bbox 491 3989 2062 4062">
    <p class='ocr_par' dir='ltr' id='par_1_74' title="bbox 491 3989 2062 4062">
     <span class='ocr_line' id='line_1_74' title="bbox 491 3989 2062 4062; baseline -0.001 -16"><span class='ocrx_word' id='word_1_514' title='bbox 491 4007 656 4048; x_wconf 85' lang='lat' dir='ltr'><strong>venas</strong></span> <span class='ocrx_word' id='word_1_515' title='bbox 723 3991 988 4062; x_wconf 91' lang='lat' dir='ltr'><strong>quasdam</strong></span> <span class='ocrx_word' id='word_1_516' title='bbox 1044 3990 1354 4045; x_wconf 89' lang='lat' dir='ltr'><strong>necessaria</strong></span> <span class='ocrx_word' id='word_1_517' title='bbox 1408 3989 1852 4060; x_wconf 89' lang='lat' dir='ltr'><strong>suppeditantes,</strong></span> <span class='ocrx_word' id='word_1_518' title='bbox 1925 3989 2062 4045; x_wconf 91' lang='lat' dir='ltr'><strong>alios</strong></span> 
     </span>
    </p>
   </div>
   <div class='ocr_carea' id='block_1_75' title="bbox 491 4077 2057 4151">
    <p class='ocr_par' dir='ltr' id='par_1_75' title="bbox 491 4077 2057 4151">
     <span class='ocr_line' id='line_1_75' title="bbox 491 4077 2057 4151; baseline -0.003 -15"><span class='ocrx_word' id='word_1_519' title='bbox 491 4085 710 4151; x_wconf 76' lang='lat' dir='ltr'><strong>quidem</strong></span> <span class='ocrx_word' id='word_1_520' title='bbox 753 4081 1019 4144; x_wconf 89' lang='lat' dir='ltr'><strong>occultos,</strong></span> <span class='ocrx_word' id='word_1_521' title='bbox 1063 4079 1201 4135; x_wconf 92' lang='lat' dir='ltr'><strong>alios</strong></span> <span class='ocrx_word' id='word_1_522' title='bbox 1255 4087 1438 4133; x_wconf 89' lang='lat' dir='ltr'><strong>autem</strong></span> <span class='ocrx_word' id='word_1_523' title='bbox 1489 4078 1820 4147; x_wconf 89' lang='lat' dir='ltr'><strong>conspicuos</strong></span> <span class='ocrx_word' id='word_1_524' title='bbox 1860 4077 2057 4132; x_wconf 75' lang='lat' dir='ltr'><strong>eﬂ‘ecit.</strong></span> 
     </span>
    </p>
   </div>
   <div class='ocr_carea' id='block_1_76' title="bbox 493 4169 2063 4243">
    <p class='ocr_par' dir='ltr' id='par_1_76' title="bbox 493 4169 2063 4243">
     <span class='ocr_line' id='line_1_76' title="bbox 493 4169 2063 4243; baseline -0.004 -13"><span class='ocrx_word' id='word_1_525' title='bbox 493 4171 648 4231; x_wconf 84' lang='lat' dir='ltr'><strong>Unde</strong></span> <span class='ocrx_word' id='word_1_526' title='bbox 668 4183 722 4228; x_wconf 90' lang='lat' dir='ltr'><strong>et</strong></span> <span class='ocrx_word' id='word_1_527' title='bbox 752 4173 1014 4243; x_wconf 89' lang='lat' dir='ltr'><strong>propheta</strong></span> <span class='ocrx_word' id='word_1_528' title='bbox 1041 4170 1209 4226; x_wconf 88' lang='lat' dir='ltr'><strong>David</strong></span> <span class='ocrx_word' id='word_1_529' title='bbox 1241 4171 1438 4226; x_wconf 89' lang='lat' dir='ltr'><strong>cecinit</strong></span> <span class='ocrx_word' id='word_1_530' title='bbox 1470 4189 1482 4224; x_wconf 92' lang='lat'>:</span> <span class='ocrx_word' id='word_1_531' title='bbox 1528 4169 1650 4239; x_wconf 82' lang='lat' dir='ltr'><strong>Ipse</strong></span> <span class='ocrx_word' id='word_1_532' title='bbox 1685 4186 1852 4238; x_wconf 73' lang='lat' dir='ltr'><strong>super</strong></span> <span class='ocrx_word' id='word_1_533' title='bbox 1890 4171 2063 4223; x_wconf 83' lang='lat' dir='ltr'><strong>maria</strong></span> 
     </span>
    </p>
   </div>
   <div class='ocr_carea' id='block_1_77' title="bbox 490 4261 2062 4334">
    <p class='ocr_par' dir='ltr' id='par_1_77' title="bbox 490 4261 2062 4334">
     <span class='ocr_line' id='line_1_77' title="bbox 490 4261 2062 4334; baseline -0.002 -17"><span class='ocrx_word' id='word_1_534' title='bbox 490 4263 731 4334; x_wconf 73' lang='lat' dir='ltr'><strong>fundavit</strong></span> <span class='ocrx_word' id='word_1_535' title='bbox 753 4279 890 4328; x_wconf 89' lang='lat' dir='ltr'><strong>eam,</strong></span> <span class='ocrx_word' id='word_1_536' title='bbox 908 4272 956 4316; x_wconf 88' lang='lat' dir='ltr'><strong>et</strong></span> <span class='ocrx_word' id='word_1_537' title='bbox 973 4277 1128 4331; x_wconf 85' lang='lat' dir='ltr'><strong>super</strong></span> <span class='ocrx_word' id='word_1_538' title='bbox 1154 4263 1374 4330; x_wconf 78' lang='lat' dir='ltr'><strong>ﬂumina</strong></span> <span class='ocrx_word' id='word_1_539' title='bbox 1397 4262 1714 4331; x_wconf 74' lang='lat' dir='ltr'><strong>prwparavit</strong></span> <span class='ocrx_word' id='word_1_540' title='bbox 1733 4278 1870 4315; x_wconf 85' lang='lat' dir='ltr'><strong>eam.</strong></span> <span class='ocrx_word' id='word_1_541' title='bbox 1897 4261 2062 4315; x_wconf 83' lang='lat' dir='ltr'><strong>Maria</strong></span> 
     </span>
    </p>
   </div>
   <div class='ocr_carea' id='block_1_78' title="bbox 490 4353 2062 4425">
    <p class='ocr_par' dir='ltr' id='par_1_78' title="bbox 490 4353 2062 4425">
     <span class='ocr_line' id='line_1_78' title="bbox 490 4353 2062 4425; baseline -0.002 -16"><span class='ocrx_word' id='word_1_542' title='bbox 490 4355 710 4425; x_wconf 89' lang='lat' dir='ltr'><strong>quidem</strong></span> <span class='ocrx_word' id='word_1_543' title='bbox 742 4354 993 4408; x_wconf 82' lang='lat' dir='ltr'><strong>maximis</strong></span> <span class='ocrx_word' id='word_1_544' title='bbox 1024 4361 1182 4408; x_wconf 76' lang='lat' dir='ltr'><strong>terra:</strong></span> <span class='ocrx_word' id='word_1_545' title='bbox 1209 4354 1423 4409; x_wconf 90' lang='lat' dir='ltr'><strong>sinibus</strong></span> <span class='ocrx_word' id='word_1_546' title='bbox 1457 4353 1614 4422; x_wconf 89' lang='lat' dir='ltr'><strong>quasi</strong></span> <span class='ocrx_word' id='word_1_547' title='bbox 1649 4353 1940 4407; x_wconf 86' lang='lat' dir='ltr'><strong>thesauros</strong></span> <span class='ocrx_word' id='word_1_548' title='bbox 1976 4367 2062 4406; x_wconf 90' lang='lat' dir='ltr'><strong>re-</strong></span> 
     </span>
    </p>
   </div>
   <div class='ocr_carea' id='block_1_79' title="bbox 491 4441 2063 4512">
    <p class='ocr_par' dir='ltr' id='par_1_79' title="bbox 491 4441 2063 4512">
     <span class='ocr_line' id='line_1_79' title="bbox 491 4441 2063 4512; baseline 0 -18"><span class='ocrx_word' id='word_1_549' title='bbox 491 4441 750 4506; x_wconf 76' lang='lat' dir='ltr'><strong>condens,</strong></span> <span class='ocrx_word' id='word_1_550' title='bbox 784 4441 1066 4512; x_wconf 84' lang='lat' dir='ltr'><strong>basimque</strong></span> <span class='ocrx_word' id='word_1_551' title='bbox 1102 4442 1181 4496; x_wconf 91' lang='lat' dir='ltr'><strong>eis</strong></span> <span class='ocrx_word' id='word_1_552' title='bbox 1212 4442 1426 4496; x_wconf 86' lang='lat' dir='ltr'><strong>ﬁrmam</strong></span> <span class='ocrx_word' id='word_1_553' title='bbox 1477 4441 1815 4497; x_wconf 88' lang='lat' dir='ltr'><strong>constituens</strong></span> <span class='ocrx_word' id='word_1_554' title='bbox 1843 4441 1909 4495; x_wconf 91' lang='lat' dir='ltr'><strong>ad</strong></span> <span class='ocrx_word' id='word_1_555' title='bbox 1943 4449 2063 4495; x_wconf 91' lang='lat' dir='ltr'><strong>tan-</strong></span> 
     </span>
    </p>
   </div>
   <div class='ocr_carea' id='block_1_80' title="bbox 2162 3251 3735 3325">
    <p class='ocr_par' dir='ltr' id='par_1_80' title="bbox 2162 3251 3735 3325">
     <span class='ocr_line' id='line_1_80' title="bbox 2162 3251 3735 3325; baseline 0.001 -19"><span class='ocrx_word' id='word_1_556' title='bbox 2162 3253 2394 3324; x_wconf 73' lang='grc' dir='ltr'>τὴκυίας</span> <span class='ocrx_word' id='word_1_557' title='bbox 2451 3253 2634 3316; x_wconf 78' lang='grc' dir='ltr'>αὐτοῖς</span> <span class='ocrx_word' id='word_1_558' title='bbox 2687 3251 2889 3316; x_wconf 82' lang='grc' dir='ltr'>πλακὸς</span> <span class='ocrx_word' id='word_1_559' title='bbox 2946 3251 3186 3306; x_wconf 82' lang='grc' dir='ltr'>κάτωθεν</span> <span class='ocrx_word' id='word_1_560' title='bbox 3245 3253 3330 3305; x_wconf 76' lang='grc' dir='ltr'><strong>ἐπ’</strong></span> <span class='ocrx_word' id='word_1_561' title='bbox 3370 3253 3551 3322; x_wconf 82' lang='grc' dir='ltr'>ὀλίγον</span> <span class='ocrx_word' id='word_1_562' title='bbox 3597 3256 3735 3325; x_wconf 83' lang='grc' dir='ltr'>τρώ-</span> 
     </span>
    </p>
   </div>
   <div class='ocr_carea' id='block_1_81' title="bbox 2165 3344 3738 3418">
    <p class='ocr_par' dir='ltr' id='par_1_81' title="bbox 2165 3344 3738 3418">
     <span class='ocr_line' id='line_1_81' title="bbox 2165 3344 3738 3418; baseline 0.002 -21"><span class='ocrx_word' id='word_1_563' title='bbox 2165 3361 2376 3408; x_wconf 88' lang='grc' dir='ltr'>σαντες,</span> <span class='ocrx_word' id='word_1_564' title='bbox 2410 3345 2499 3414; x_wconf 79' lang='grc' dir='ltr'>ύφ’</span> <span class='ocrx_word' id='word_1_565' title='bbox 2531 3347 2596 3415; x_wconf 82' lang='grc' dir='ltr'>ἣν</span> <span class='ocrx_word' id='word_1_566' title='bbox 2620 3344 2681 3397; x_wconf 86' lang='grc' dir='ltr'><strong>τὸ</strong></span> <span class='ocrx_word' id='word_1_567' title='bbox 2715 3344 2929 3416; x_wconf 76' lang='grc' dir='ltr'>ῥεῖθρον</span> <span class='ocrx_word' id='word_1_568' title='bbox 2958 3345 3058 3415; x_wconf 72' lang='grc' dir='ltr'><strong>ἤδη</strong></span> <span class='ocrx_word' id='word_1_569' title='bbox 3103 3344 3370 3415; x_wconf 79' lang='grc' dir='ltr'>καχλάζον</span> <span class='ocrx_word' id='word_1_570' title='bbox 3402 3345 3502 3418; x_wconf 79' lang='grc' dir='ltr'><strong>τὴν</strong></span> <span class='ocrx_word' id='word_1_571' title='bbox 3547 3349 3640 3400; x_wconf 73' lang='grc' dir='ltr'>ἐπὶ</span> <span class='ocrx_word' id='word_1_572' title='bbox 3679 3348 3738 3400; x_wconf 70' lang='grc' dir='ltr'>τδ</span> 
     </span>
    </p>
   </div>
   <div class='ocr_carea' id='block_1_82' title="bbox 2163 3435 3733 3508">
    <p class='ocr_par' dir='ltr' id='par_1_82' title="bbox 2163 3435 3733 3508">
     <span class='ocr_line' id='line_1_82' title="bbox 2163 3435 3733 3508; baseline 0.003 -20"><span class='ocrx_word' id='word_1_573' title='bbox 2163 3437 2274 3489; x_wconf 81' lang='grc' dir='ltr'>ἄνω</span> <span class='ocrx_word' id='word_1_574' title='bbox 2312 3435 2482 3508; x_wconf 79' lang='grc' dir='ltr'>φορὰν</span> <span class='ocrx_word' id='word_1_575' title='bbox 2533 3435 2872 3507; x_wconf 76' lang='grc' dir='ltr'>βιαζόμενον,</span> <span class='ocrx_word' id='word_1_576' title='bbox 2923 3436 3075 3506; x_wconf 86' lang='grc' dir='ltr'>μόλις</span> <span class='ocrx_word' id='word_1_577' title='bbox 3112 3438 3162 3504; x_wconf 86' lang='grc' dir='ltr'>γ’</span> <span class='ocrx_word' id='word_1_578' title='bbox 3207 3436 3590 3508; x_wconf 79' lang='grc' dir='ltr'>ἀνελήφθησαν</span> <span class='ocrx_word' id='word_1_579' title='bbox 3623 3438 3733 3508; x_wconf 80' lang='grc'><strong>(59)</strong></span> 
     </span>
    </p>
   </div>
   <div class='ocr_carea' id='block_1_83' title="bbox 2165 3525 3736 3597">
    <p class='ocr_par' dir='ltr' id='par_1_83' title="bbox 2165 3525 3736 3597">
     <span class='ocr_line' id='line_1_83' title="bbox 2165 3525 3736 3597; baseline 0.001 -19"><span class='ocrx_word' id='word_1_580' title='bbox 2165 3526 2270 3578; x_wconf 82' lang='grc' dir='ltr'><strong>ὑπὸ</strong></span> <span class='ocrx_word' id='word_1_581' title='bbox 2292 3526 2398 3580; x_wconf 89' lang='grc' dir='ltr'><strong>τῶν</strong></span> <span class='ocrx_word' id='word_1_582' title='bbox 2429 3526 2522 3580; x_wconf 71' lang='grc' dir='ltr'><strong>ἐπὶ</strong></span> <span class='ocrx_word' id='word_1_583' title='bbox 2553 3525 2647 3580; x_wconf 88' lang='grc' dir='ltr'><strong>τοῦ</strong></span> <span class='ocrx_word' id='word_1_584' title='bbox 2688 3526 2898 3597; x_wconf 82' lang='grc' dir='ltr'>χείλους</span> <span class='ocrx_word' id='word_1_585' title='bbox 2948 3526 3047 3595; x_wconf 82' lang='grc' dir='ltr'>τῆς</span> <span class='ocrx_word' id='word_1_586' title='bbox 3095 3527 3441 3597; x_wconf 82' lang='grc' dir='ltr'>φρεωρυχίας</span> <span class='ocrx_word' id='word_1_587' title='bbox 3490 3529 3736 3581; x_wconf 80' lang='grc' dir='ltr'>ἑστώτων</span> 
     </span>
    </p>
   </div>
   <div class='ocr_carea' id='block_1_84' title="bbox 2163 3617 3735 3689">
    <p class='ocr_par' dir='ltr' id='par_1_84' title="bbox 2163 3617 3735 3689">
     <span class='ocr_line' id='line_1_84' title="bbox 2163 3617 3735 3689; baseline 0.002 -19"><span class='ocrx_word' id='word_1_588' title='bbox 2163 3617 2626 3688; x_wconf 86' lang='grc' dir='ltr'>ἀναρπασθέντες.</span> <span class='ocrx_word' id='word_1_589' title='bbox 2675 3618 2784 3670; x_wconf 83' lang='grc' dir='ltr'><strong>Καὶ</strong></span> <span class='ocrx_word' id='word_1_590' title='bbox 2829 3618 2890 3670; x_wconf 87' lang='grc' dir='ltr'>τὸ</span> <span class='ocrx_word' id='word_1_591' title='bbox 2935 3617 3148 3688; x_wconf 85' lang='grc' dir='ltr'>ῥεῖθρον</span> <span class='ocrx_word' id='word_1_592' title='bbox 3201 3619 3592 3689; x_wconf 84' lang='grc' dir='ltr'>ὲφομαρτῆσαν</span> <span class='ocrx_word' id='word_1_593' title='bbox 3625 3621 3735 3688; x_wconf 85' lang='grc'><strong>(60)</strong></span> 
     </span>
    </p>
   </div>
   <div class='ocr_carea' id='block_1_85' title="bbox 2165 3708 3734 3782">
    <p class='ocr_par' dir='ltr' id='par_1_85' title="bbox 2165 3708 3734 3782">
     <span class='ocr_line' id='line_1_85' title="bbox 2165 3708 3734 3782; baseline 0.001 -20"><span class='ocrx_word' id='word_1_594' title='bbox 2165 3711 2245 3773; x_wconf 90' lang='grc' dir='ltr'>εἰς</span> <span class='ocrx_word' id='word_1_595' title='bbox 2292 3709 2476 3778; x_wconf 83' lang='grc' dir='ltr'>ὀχετὸν</span> <span class='ocrx_word' id='word_1_596' title='bbox 2530 3708 2941 3780; x_wconf 84' lang='grc' dir='ltr'>προύχώρησεν,</span> <span class='ocrx_word' id='word_1_597' title='bbox 3001 3709 3096 3762; x_wconf 77' lang='grc' dir='ltr'>ὐπ’</span> <span class='ocrx_word' id='word_1_598' title='bbox 3143 3711 3400 3780; x_wconf 76' lang='grc' dir='ltr'>οὐδεμιᾶς</span> <span class='ocrx_word' id='word_1_599' title='bbox 3433 3711 3734 3782; x_wconf 75' lang='grc' dir='ltr'>ἀνομϐρίας</span> 
     </span>
    </p>
   </div>
   <div class='ocr_carea' id='block_1_86' title="bbox 2164 3799 3736 3872">
    <p class='ocr_par' dir='ltr' id='par_1_86' title="bbox 2164 3799 3736 3872">
     <span class='ocr_line' id='line_1_86' title="bbox 2164 3799 3736 3872; baseline 0.003 -20"><span class='ocrx_word' id='word_1_600' title='bbox 2164 3799 2244 3853; x_wconf 75' lang='grc' dir='ltr'>ἔτι</span> <span class='ocrx_word' id='word_1_601' title='bbox 2277 3800 2786 3870; x_wconf 86' lang='grc' dir='ltr'>παραλυπούμενον,</span> <span class='ocrx_word' id='word_1_602' title='bbox 2814 3800 2900 3853; x_wconf 87' lang='grc' dir='ltr'><strong>διὰ</strong></span> <span class='ocrx_word' id='word_1_603' title='bbox 2919 3801 2979 3853; x_wconf 83' lang='grc' dir='ltr'>τὸ</span> <span class='ocrx_word' id='word_1_604' title='bbox 3008 3801 3106 3871; x_wconf 82' lang='grc' dir='ltr'>τῆς</span> <span class='ocrx_word' id='word_1_605' title='bbox 3127 3802 3386 3872; x_wconf 78' lang='grc' dir='ltr'>χορηγίας</span> <span class='ocrx_word' id='word_1_606' title='bbox 3402 3802 3643 3856; x_wconf 86' lang='grc' dir='ltr'>ἁένναον.</span> <span class='ocrx_word' id='word_1_607' title='bbox 3675 3805 3736 3856; x_wconf 83' lang='grc' dir='ltr'><strong><em>Ἦ</em></strong></span> 
     </span>
    </p>
   </div>
   <div class='ocr_carea' id='block_1_87' title="bbox 2163 3892 3737 3966">
    <p class='ocr_par' dir='ltr' id='par_1_87' title="bbox 2163 3892 3737 3966">
     <span class='ocr_line' id='line_1_87' title="bbox 2163 3892 3737 3966; baseline 0.001 -21"><span class='ocrx_word' id='word_1_608' title='bbox 2163 3892 2273 3964; x_wconf 80' lang='grc' dir='ltr'><strong>γὰρ</strong></span> <span class='ocrx_word' id='word_1_609' title='bbox 2301 3892 2394 3946; x_wconf 84' lang='grc' dir='ltr'><strong>τοῦ</strong></span> <span class='ocrx_word' id='word_1_610' title='bbox 2435 3892 2570 3945; x_wconf 88' lang='grc' dir='ltr'>Θεοῦ</span> <span class='ocrx_word' id='word_1_611' title='bbox 2609 3893 2919 3964; x_wconf 85' lang='grc' dir='ltr'>ἀπὸῥρητος</span> <span class='ocrx_word' id='word_1_612' title='bbox 2960 3892 3141 3962; x_wconf 80' lang='grc' dir='ltr'>σοφία,</span> <span class='ocrx_word' id='word_1_613' title='bbox 3169 3893 3326 3945; x_wconf 64' lang='grc' dir='ltr'><strong>οἱονελ⁸</strong></span> <span class='ocrx_word' id='word_1_614' title='bbox 3354 3893 3556 3962; x_wconf 73' lang='grc' dir='ltr'>φλέϐας</span> <span class='ocrx_word' id='word_1_615' title='bbox 3579 3912 3737 3966; x_wconf 74' lang='grc' dir='ltr'>χορη-</span> 
     </span>
    </p>
   </div>
   <div class='ocr_carea' id='block_1_88' title="bbox 2164 3984 3732 4058">
    <p class='ocr_par' dir='ltr' id='par_1_88' title="bbox 2164 3984 3732 4058">
     <span class='ocr_line' id='line_1_88' title="bbox 2164 3984 3732 4058; baseline 0.012 -26"><span class='ocrx_word' id='word_1_616' title='bbox 2164 3987 2292 4054; x_wconf 76' lang='grc' dir='ltr'>γοὺς</span> <span class='ocrx_word' id='word_1_617' title='bbox 2325 3985 2432 4038; x_wconf 88' lang='grc' dir='ltr'><strong>τῶν</strong></span> <span class='ocrx_word' id='word_1_618' title='bbox 2468 3985 2776 4053; x_wconf 85' lang='grc' dir='ltr'>ἀναγκαίων</span> <span class='ocrx_word' id='word_1_619' title='bbox 2818 3984 2918 4048; x_wconf 82' lang='grc' dir='ltr'><strong>τὰς</strong></span> <span class='ocrx_word' id='word_1_620' title='bbox 2961 3984 3068 4037; x_wconf 79' lang='grc' dir='ltr'><strong>τῶν</strong></span> <span class='ocrx_word' id='word_1_621' title='bbox 3109 3984 3336 4056; x_wconf 82' lang='grc' dir='ltr'>ῥείθρων</span> <span class='ocrx_word' id='word_1_622' title='bbox 3391 3986 3732 4058; x_wconf 73' lang='grc' dir='ltr'>διεκδρομὰς.</span> 
     </span>
    </p>
   </div>
   <div class='ocr_carea' id='block_1_89' title="bbox 2163 4076 3732 4148">
    <p class='ocr_par' dir='ltr' id='par_1_89' title="bbox 2163 4076 3732 4148">
     <span class='ocr_line' id='line_1_89' title="bbox 2163 4076 3732 4148; baseline 0.001 -17"><span class='ocrx_word' id='word_1_623' title='bbox 2163 4077 2262 4138; x_wconf 81' lang='grc' dir='ltr'><strong>τάς</strong></span> <span class='ocrx_word' id='word_1_624' title='bbox 2292 4077 2388 4148; x_wconf 83' lang='grc' dir='ltr'><strong>μὲν</strong></span> <span class='ocrx_word' id='word_1_625' title='bbox 2421 4078 2664 4146; x_wconf 79' lang='grc' dir='ltr'>ἀφανεῖς,</span> <span class='ocrx_word' id='word_1_626' title='bbox 2693 4076 2792 4140; x_wconf 77' lang='grc' dir='ltr'><strong>τὰς</strong></span> <span class='ocrx_word' id='word_1_627' title='bbox 2818 4077 2874 4129; x_wconf 82' lang='grc' dir='ltr'><strong>δὲ</strong></span> <span class='ocrx_word' id='word_1_628' title='bbox 2905 4076 3202 4148; x_wconf 80' lang='grc' dir='ltr'>προδήλους</span> <span class='ocrx_word' id='word_1_629' title='bbox 3243 4078 3558 4148; x_wconf 84' lang='grc' dir='ltr'>εἰργάσατο.</span> <span class='ocrx_word' id='word_1_630' title='bbox 3593 4081 3732 4132; x_wconf 86' lang='grc' dir='ltr'>Ταύ-</span> 
     </span>
    </p>
   </div>
   <div class='ocr_carea' id='block_1_90' title="bbox 2163 4168 3736 4241">
    <p class='ocr_par' dir='ltr' id='par_1_90' title="bbox 2163 4168 3736 4241">
     <span class='ocr_line' id='line_1_90' title="bbox 2163 4168 3736 4241; baseline 0.003 -20"><span class='ocrx_word' id='word_1_631' title='bbox 2163 4183 2232 4241; x_wconf 84' lang='grc' dir='ltr'>τῃ</span> <span class='ocrx_word' id='word_1_632' title='bbox 2265 4169 2371 4240; x_wconf 79' lang='grc' dir='ltr'><strong>ἄρα</strong></span> <span class='ocrx_word' id='word_1_633' title='bbox 2397 4169 2490 4220; x_wconf 72' lang='grc' dir='ltr'><strong>καὶ</strong></span> <span class='ocrx_word' id='word_1_634' title='bbox 2525 4169 2554 4220; x_wconf 87' lang='grc' dir='ltr'>ὁ</span> <span class='ocrx_word' id='word_1_635' title='bbox 2599 4169 2880 4238; x_wconf 81' lang='grc' dir='ltr'>προφήτης</span> <span class='ocrx_word' id='word_1_636' title='bbox 2927 4168 3236 4239; x_wconf 81' lang='grc' dir='ltr'>ὲμελῲδησε</span> <span class='ocrx_word' id='word_1_637' title='bbox 3284 4169 3497 4237; x_wconf 79' lang='grc' dir='ltr'>Δαουῖδ,</span> <span class='ocrx_word' id='word_1_638' title='bbox 3549 4174 3736 4237; x_wconf 78' lang='grc' dir='ltr'>Αὐτὸς</span> 
     </span>
    </p>
   </div>
   <div class='ocr_carea' id='block_1_91' title="bbox 2164 4257 3733 4328">
    <p class='ocr_par' dir='ltr' id='par_1_91' title="bbox 2164 4257 3733 4328">
     <span class='ocr_line' id='line_1_91' title="bbox 2164 4257 3733 4328; baseline 0.001 -15"><span class='ocrx_word' id='word_1_639' title='bbox 2164 4259 2263 4313; x_wconf 78' lang='grc' dir='ltr'><strong>ἐπὶ</strong></span> <span class='ocrx_word' id='word_1_640' title='bbox 2303 4257 2630 4314; x_wconf 76' lang='grc' dir='ltr'>θαλασσῶν</span> <span class='ocrx_word' id='word_1_641' title='bbox 2676 4259 3070 4328; x_wconf 79' lang='grc' dir='ltr'>ἐθεμελίωσεν</span> <span class='ocrx_word' id='word_1_642' title='bbox 3111 4260 3322 4328; x_wconf 78' lang='grc' dir='ltr'>αὐτὴν,</span> <span class='ocrx_word' id='word_1_643' title='bbox 3356 4263 3454 4315; x_wconf 78' lang='grc' dir='ltr'>καὶ</span> <span class='ocrx_word' id='word_1_644' title='bbox 3488 4263 3590 4314; x_wconf 73' lang='grc' dir='ltr'><strong>ἐπὶ</strong></span> <span class='ocrx_word' id='word_1_645' title='bbox 3632 4279 3733 4316; x_wconf 76' lang='grc' dir='ltr'>πο-</span> 
     </span>
    </p>
   </div>
   <div class='ocr_carea' id='block_1_92' title="bbox 2165 4351 3735 4423">
    <p class='ocr_par' dir='ltr' id='par_1_92' title="bbox 2165 4351 3735 4423">
     <span class='ocr_line' id='line_1_92' title="bbox 2165 4351 3735 4423; baseline 0.001 -18"><span class='ocrx_word' id='word_1_646' title='bbox 2165 4352 2365 4422; x_wconf 76' lang='grc' dir='ltr'>ταμῶν</span> <span class='ocrx_word' id='word_1_647' title='bbox 2401 4352 2730 4421; x_wconf 79' lang='grc' dir='ltr'>ἡτοίμασεν</span> <span class='ocrx_word' id='word_1_648' title='bbox 2777 4351 3003 4420; x_wconf 77' lang='grc' dir='ltr'><strong>αὑτήν·</strong></span> <span class='ocrx_word' id='word_1_649' title='bbox 3039 4351 3116 4416; x_wconf 86' lang='grc' dir='ltr'>ὠς</span> <span class='ocrx_word' id='word_1_650' title='bbox 3164 4352 3265 4416; x_wconf 85' lang='grc' dir='ltr'><strong>τὰς</strong></span> <span class='ocrx_word' id='word_1_651' title='bbox 3312 4353 3408 4423; x_wconf 85' lang='grc' dir='ltr'>μὲν</span> <span class='ocrx_word' id='word_1_652' title='bbox 3466 4353 3735 4416; x_wconf 80' lang='grc' dir='ltr'>θαλάσσας</span> 
     </span>
    </p>
   </div>
   <div class='ocr_carea' id='block_1_93' title="bbox 2163 4438 3733 4515">
    <p class='ocr_par' dir='ltr' id='par_1_93' title="bbox 2163 4438 3733 4515">
     <span class='ocr_line' id='line_1_93' title="bbox 2163 4438 3733 4515; baseline 0.003 -22"><span class='ocrx_word' id='word_1_653' title='bbox 2163 4444 2276 4504; x_wconf 87' lang='grc' dir='ltr'>τοῖς</span> <span class='ocrx_word' id='word_1_654' title='bbox 2307 4441 2586 4512; x_wconf 90' lang='grc' dir='ltr'>μεγίστοις</span> <span class='ocrx_word' id='word_1_655' title='bbox 2631 4442 2814 4505; x_wconf 79' lang='grc' dir='ltr'>αὐτοῖς</span> <span class='ocrx_word' id='word_1_656' title='bbox 2858 4441 3212 4512; x_wconf 84' lang='grc' dir='ltr'>κολπώμασιν</span> <span class='ocrx_word' id='word_1_657' title='bbox 3241 4443 3354 4514; x_wconf 77' lang='grc'><strong>(61)</strong></span> <span class='ocrx_word' id='word_1_658' title='bbox 3381 4438 3493 4498; x_wconf 75' lang='grc' dir='ltr'>οἷον</span> <span class='ocrx_word' id='word_1_659' title='bbox 3531 4445 3733 4515; x_wconf 67' lang='grc' dir='ltr'>ἀποθη-</span> 
     </span>
    </p>
   </div>
   <div class='ocr_carea' id='block_1_94' title="bbox 1720 4612 2490 4657">
    <p class='ocr_par' dir='ltr' id='par_1_94' title="bbox 1720 4612 2490 4657">
     <span class='ocr_line' id='line_1_94' title="bbox 1720 4612 2490 4657; baseline 0.001 -4"><span class='ocrx_word' id='word_1_660' title='bbox 1720 4612 1954 4656; x_wconf 73' lang='lat' dir='ltr'><strong>VALESII</strong></span> <span class='ocrx_word' id='word_1_661' title='bbox 1995 4612 2490 4657; x_wconf 80' lang='lat' dir='ltr'><strong>ANNOTATIONES.</strong></span> 
     </span>
    </p>
   </div>
   <div class='ocr_carea' id='block_1_95' title="bbox 561 4741 2059 4815">
    <p class='ocr_par' dir='ltr' id='par_1_95' title="bbox 561 4741 2059 4815">
     <span class='ocr_line' id='line_1_95' title="bbox 561 4741 2059 4815; baseline -0.001 -17"><span class='ocrx_word' id='word_1_662' title='bbox 561 4743 673 4812; x_wconf 60' lang='grc'><strong>(58)</strong></span> <span class='ocrx_word' id='word_1_663' title='bbox 703 4743 810 4797; x_wconf 87' lang='grc' dir='ltr'>Τοῦ</span> <span class='ocrx_word' id='word_1_664' title='bbox 839 4743 929 4798; x_wconf 77' lang='grc' dir='ltr'>ἀεὶ</span> <span class='ocrx_word' id='word_1_665' title='bbox 966 4742 1396 4815; x_wconf 56' lang='grc' dir='ltr'>ἐπιφερομένου</span> <span class='ocrx_word' id='word_1_666' title='bbox 1437 4758 1501 4815; x_wconf 82' lang='grc' dir='ltr'><strong>τε</strong></span> <span class='ocrx_word' id='word_1_667' title='bbox 1527 4741 1751 4811; x_wconf 82' lang='grc' dir='ltr'>πρόσω.</span> <span class='ocrx_word' id='word_1_668' title='bbox 1777 4741 1843 4815; x_wconf 55' lang='grc' dir='ltr'><strong>Δ1η</strong></span> <span class='ocrx_word' id='word_1_669' title='bbox 1866 4742 2059 4815; x_wconf 73' lang='lat' dir='ltr'><strong>codice</strong></span> 
     </span>
    </p>
   </div>
   <div class='ocr_carea' id='block_1_96' title="bbox 2168 4741 3035 4815">
    <p class='ocr_par' dir='ltr' id='par_1_96' title="bbox 2168 4741 3035 4815">
     <span class='ocr_line' id='line_1_96' title="bbox 2168 4741 3035 4815; baseline 0.006 -19"><span class='ocrx_word' id='word_1_670' title='bbox 2168 4741 2492 4815; x_wconf 62' lang='lat' dir='ltr'><strong>Nicephoro.</strong></span> <span class='ocrx_word' id='word_1_671' title='bbox 2565 4742 2738 4810; x_wconf 85' lang='lat' dir='ltr'><strong>Quam</strong></span> <span class='ocrx_word' id='word_1_672' title='bbox 2813 4745 3035 4815; x_wconf 89' lang='lat' dir='ltr'><strong>quidem</strong></span> 
     </span>
    </p>
   </div>
   <div class='ocr_carea' id='block_1_97' title="bbox 489 4811 2061 4882">
    <p class='ocr_par' dir='ltr' id='par_1_97' title="bbox 489 4811 2061 4882">
     <span class='ocr_line' id='line_1_97' title="bbox 489 4811 2061 4882; baseline -0.001 -16"><span class='ocrx_word' id='word_1_673' title='bbox 489 4811 766 4874; x_wconf 85' lang='lat' dir='ltr'><strong>Bocharti,</strong></span> <span class='ocrx_word' id='word_1_674' title='bbox 803 4823 856 4867; x_wconf 91' lang='lat' dir='ltr'><strong>et</strong></span> <span class='ocrx_word' id='word_1_675' title='bbox 904 4814 1043 4878; x_wconf 86' lang='lat' dir='ltr'><strong>apud</strong></span> <span class='ocrx_word' id='word_1_676' title='bbox 1065 4811 1432 4882; x_wconf 73' lang='lat' dir='ltr'><strong>Nicephorum</strong></span> <span class='ocrx_word' id='word_1_677' title='bbox 1467 4814 1520 4866; x_wconf 91' lang='lat' dir='ltr'><strong>in</strong></span> <span class='ocrx_word' id='word_1_678' title='bbox 1553 4814 1647 4867; x_wconf 88' lang='lat' dir='ltr'><strong>lib.</strong></span> <span class='ocrx_word' id='word_1_679' title='bbox 1676 4827 1730 4865; x_wconf 83' lang='lat' dir='ltr'><strong>ix</strong></span> <span class='ocrx_word' id='word_1_680' title='bbox 1776 4811 1972 4881; x_wconf 82' lang='lat' dir='ltr'><strong>legitur</strong></span> <span class='ocrx_word' id='word_1_681' title='bbox 2000 4812 2061 4864; x_wconf 86' lang='grc' dir='ltr'>τὸ</span> 
     </span>
    </p>
   </div>
   <div class='ocr_carea' id='block_1_98' title="bbox 489 4882 2053 4955">
    <p class='ocr_par' dir='ltr' id='par_1_98' title="bbox 489 4882 2053 4955">
     <span class='ocr_line' id='line_1_98' title="bbox 489 4882 2053 4955; baseline -0.001 -19"><span class='ocrx_word' id='word_1_682' title='bbox 489 4883 697 4955; x_wconf 76' lang='grc' dir='ltr'>πρόσω.</span> <span class='ocrx_word' id='word_1_683' title='bbox 723 4883 835 4952; x_wconf 81' lang='lat' dir='ltr'><strong>Ego</strong></span> <span class='ocrx_word' id='word_1_684' title='bbox 852 4898 980 4939; x_wconf 84' lang='lat' dir='ltr'><strong>vero</strong></span> <span class='ocrx_word' id='word_1_685' title='bbox 1004 4884 1218 4937; x_wconf 83' lang='lat' dir='ltr'><strong>mallent</strong></span> <span class='ocrx_word' id='word_1_686' title='bbox 1242 4883 1480 4955; x_wconf 81' lang='lat' dir='ltr'><strong>scribere</strong></span> <span class='ocrx_word' id='word_1_687' title='bbox 1499 4882 1577 4954; x_wconf 84' lang='grc' dir='ltr'>τῷ</span> <span class='ocrx_word' id='word_1_688' title='bbox 1602 4883 1823 4955; x_wconf 45' lang='grc' dir='ltr'>πρόσωε</span> <span class='ocrx_word' id='word_1_689' title='bbox 1851 4883 1904 4936; x_wconf 85' lang='lat' dir='ltr'><strong>Id</strong></span> <span class='ocrx_word' id='word_1_690' title='bbox 1930 4892 2011 4955; x_wconf 74' lang='lat' dir='ltr'><strong>est</strong></span> <span class='ocrx_word' id='word_1_691' title='bbox 2041 4901 2053 4935; x_wconf 96' lang='lat'>:</span> 
     </span>
    </p>
   </div>
   <div class='ocr_carea' id='block_1_99' title="bbox 492 4949 2062 5024">
    <p class='ocr_par' dir='ltr' id='par_1_99' title="bbox 492 4949 2062 5024">
     <span class='ocr_line' id='line_1_99' title="bbox 492 4949 2062 5024; baseline -0.002 -16"><span class='ocrx_word' id='word_1_692' title='bbox 492 4949 570 5009; x_wconf 65' lang='grc' dir='ltr'>Οὐ</span> <span class='ocrx_word' id='word_1_693' title='bbox 623 4949 824 5024; x_wconf 73' lang='lat' dir='ltr'><strong>capiant</strong></span> <span class='ocrx_word' id='word_1_694' title='bbox 875 4970 937 5005; x_wconf 89' lang='lat' dir='ltr'><strong>ac</strong></span> <span class='ocrx_word' id='word_1_695' title='bbox 993 4956 1096 5008; x_wconf 81' lang='lat' dir='ltr'><strong>vim</strong></span> <span class='ocrx_word' id='word_1_696' title='bbox 1143 4954 1426 5024; x_wconf 85' lang='lat' dir='ltr'><strong>u_ndarum,</strong></span> <span class='ocrx_word' id='word_1_697' title='bbox 1463 4949 1581 5024; x_wconf 63' lang='lat' dir='ltr'><strong>quin</strong></span> <span class='ocrx_word' id='word_1_698' title='bbox 1627 4949 1908 5024; x_wconf 68' lang='lat' dir='ltr'><strong>identidem</strong></span> <span class='ocrx_word' id='word_1_699' title='bbox 1939 4952 2062 5024; x_wconf 69' lang='lat' dir='ltr'><strong>alia:</strong></span> 
     </span>
    </p>
   </div>
   <div class='ocr_carea' id='block_1_100' title="bbox 487 5021 2059 5093">
    <p class='ocr_par' dir='ltr' id='par_1_100' title="bbox 487 5021 2059 5093">
     <span class='ocr_line' id='line_1_100' title="bbox 487 5021 2059 5093; baseline 0 -17"><span class='ocrx_word' id='word_1_700' title='bbox 487 5040 644 5092; x_wconf 84' lang='lat' dir='ltr'><strong>super</strong></span> <span class='ocrx_word' id='word_1_701' title='bbox 678 5022 814 5076; x_wconf 85' lang='lat' dir='ltr'><strong>alias</strong></span> <span class='ocrx_word' id='word_1_702' title='bbox 858 5024 1118 5093; x_wconf 80' lang='lat' dir='ltr'><strong>adﬂuant.</strong></span> <span class='ocrx_word' id='word_1_703' title='bbox 1159 5022 1393 5078; x_wconf 83' lang='lat' dir='ltr'><strong>Joannes</strong></span> <span class='ocrx_word' id='word_1_704' title='bbox 1426 5021 1643 5093; x_wconf 87' lang='lat' dir='ltr'><strong>quidem</strong></span> <span class='ocrx_word' id='word_1_705' title='bbox 1678 5021 1919 5091; x_wconf 83' lang='lat' dir='ltr'><strong>Langus,</strong></span> <span class='ocrx_word' id='word_1_706' title='bbox 1965 5023 2059 5091; x_wconf 89' lang='lat' dir='ltr'><strong>qui</strong></span> 
     </span>
    </p>
   </div>
   <div class='ocr_carea' id='block_1_101' title="bbox 489 5092 2060 5163">
    <p class='ocr_par' dir='ltr' id='par_1_101' title="bbox 489 5092 2060 5163">
     <span class='ocr_line' id='line_1_101' title="bbox 489 5092 2060 5163; baseline 0.001 -17"><span class='ocrx_word' id='word_1_707' title='bbox 489 5093 857 5162; x_wconf 80' lang='lat' dir='ltr'><strong>Nicephorum</strong></span> <span class='ocrx_word' id='word_1_708' title='bbox 896 5092 1086 5148; x_wconf 87' lang='lat' dir='ltr'><strong>Latine</strong></span> <span class='ocrx_word' id='word_1_709' title='bbox 1127 5092 1511 5163; x_wconf 82' lang='lat' dir='ltr'><strong>interpretatus</strong></span> <span class='ocrx_word' id='word_1_710' title='bbox 1557 5104 1659 5158; x_wconf 86' lang='lat' dir='ltr'><strong>est,</strong></span> <span class='ocrx_word' id='word_1_711' title='bbox 1707 5102 1880 5146; x_wconf 89' lang='lat' dir='ltr'><strong>totum</strong></span> <span class='ocrx_word' id='word_1_712' title='bbox 1915 5094 2060 5147; x_wconf 91' lang='lat' dir='ltr'><strong>hunc</strong></span> 
     </span>
    </p>
   </div>
   <div class='ocr_carea' id='block_1_102' title="bbox 489 5164 2062 5218">
    <p class='ocr_par' dir='ltr' id='par_1_102' title="bbox 489 5164 2062 5218">
     <span class='ocr_line' id='line_1_102' title="bbox 489 5164 2062 5218; baseline -0.002 0"><span class='ocrx_word' id='word_1_713' title='bbox 489 5164 670 5218; x_wconf 85' lang='lat' dir='ltr'><strong>locum</strong></span> <span class='ocrx_word' id='word_1_714' title='bbox 697 5165 768 5216; x_wconf 89' lang='lat' dir='ltr'><strong>ita</strong></span> <span class='ocrx_word' id='word_1_715' title='bbox 808 5164 966 5216; x_wconf 88' lang='lat' dir='ltr'><strong>vertit</strong></span> <span class='ocrx_word' id='word_1_716' title='bbox 1005 5182 1017 5218; x_wconf 91' lang='lat'><strong>:</strong></span> <span class='ocrx_word' id='word_1_717' title='bbox 1065 5164 1164 5218; x_wconf 89' lang='lat' dir='ltr'><strong>Ubi</strong></span> <span class='ocrx_word' id='word_1_718' title='bbox 1195 5166 1349 5218; x_wconf 74' lang='lat' dir='ltr'><strong>unda:</strong></span> <span class='ocrx_word' id='word_1_719' title='bbox 1376 5181 1556 5218; x_wconf 84' lang='lat' dir='ltr'><strong>eorum</strong></span> <span class='ocrx_word' id='word_1_720' title='bbox 1586 5164 1833 5218; x_wconf 84' lang='lat' dir='ltr'><strong>continue</strong></span> <span class='ocrx_word' id='word_1_721' title='bbox 1865 5173 1914 5216; x_wconf 85' lang='lat' dir='ltr'><strong>et</strong></span> <span class='ocrx_word' id='word_1_722' title='bbox 1937 5180 2062 5215; x_wconf 86' lang='lat' dir='ltr'><strong>con-</strong></span> 
     </span>
    </p>
   </div>
   <div class='ocr_carea' id='block_1_103' title="bbox 489 5234 2060 5304">
    <p class='ocr_par' dir='ltr' id='par_1_103' title="bbox 489 5234 2060 5304">
     <span class='ocr_line' id='line_1_103' title="bbox 489 5234 2060 5304; baseline -0.001 -18"><span class='ocrx_word' id='word_1_723' title='bbox 489 5234 1036 5304; x_wconf 13' lang='lat' dir='ltr'><strong>]estimrconﬂuentes,</strong></span> <span class='ocrx_word' id='word_1_724' title='bbox 1072 5237 1118 5288; x_wconf 81' lang='lat' dir='ltr'><strong>vi</strong></span> <span class='ocrx_word' id='word_1_725' title='bbox 1167 5245 1213 5288; x_wconf 83' lang='lat' dir='ltr'><strong>et</strong></span> <span class='ocrx_word' id='word_1_726' title='bbox 1259 5236 1619 5304; x_wconf 76' lang='lat' dir='ltr'><strong>magnitudine</strong></span> <span class='ocrx_word' id='word_1_727' title='bbox 1661 5249 1759 5287; x_wconf 87' lang='lat' dir='ltr'><strong>sua</strong></span> <span class='ocrx_word' id='word_1_728' title='bbox 1803 5234 2060 5304; x_wconf 81' lang='lat' dir='ltr'><strong>directum</strong></span> 
     </span>
    </p>
   </div>
   <div class='ocr_carea' id='block_1_104' title="bbox 488 5303 2061 5374">
    <p class='ocr_par' dir='ltr' id='par_1_104' title="bbox 488 5303 2061 5374">
     <span class='ocr_line' id='line_1_104' title="bbox 488 5303 2061 5374; baseline -0.001 -19"><span class='ocrx_word' id='word_1_729' title='bbox 488 5321 575 5374; x_wconf 64' lang='lat' dir='ltr'><strong>eos</strong></span> <span class='ocrx_word' id='word_1_730' title='bbox 605 5303 790 5374; x_wconf 82' lang='lat' dir='ltr'><strong>deinde</strong></span> <span class='ocrx_word' id='word_1_731' title='bbox 805 5319 1032 5356; x_wconf 73' lang='lat' dir='ltr'><strong>ocursum</strong></span> <span class='ocrx_word' id='word_1_732' title='bbox 1060 5316 1228 5358; x_wconf 84' lang='lat' dir='ltr'><strong>tenere</strong></span> <span class='ocrx_word' id='word_1_733' title='bbox 1251 5303 1460 5374; x_wconf 78' lang='lat' dir='ltr'><strong>cogunt.</strong></span> <span class='ocrx_word' id='word_1_734' title='bbox 1494 5303 1549 5356; x_wconf 93' lang='lat' dir='ltr'><strong>In</strong></span> <span class='ocrx_word' id='word_1_735' title='bbox 1587 5304 1828 5372; x_wconf 86' lang='lat' dir='ltr'><strong>margine</strong></span> <span class='ocrx_word' id='word_1_736' title='bbox 1856 5303 2061 5374; x_wconf 82' lang='lat' dir='ltr'><strong>eodicis</strong></span> 
     </span>
    </p>
   </div>
   <div class='ocr_carea' id='block_1_105' title="bbox 488 5372 2062 5437">
    <p class='ocr_par' dir='ltr' id='par_1_105' title="bbox 488 5372 2062 5437">
     <span class='ocr_line' id='line_1_105' title="bbox 488 5372 2062 5437; baseline -0.001 -11"><span class='ocrx_word' id='word_1_737' title='bbox 488 5373 836 5427; x_wconf 88' lang='lat' dir='ltr'><strong>Bochartiani</strong></span> <span class='ocrx_word' id='word_1_738' title='bbox 865 5373 1180 5430; x_wconf 89' lang='lat' dir='ltr'><strong>adnotatum</strong></span> <span class='ocrx_word' id='word_1_739' title='bbox 1212 5372 1329 5437; x_wconf 25' lang='lat' dir='ltr'><strong>est,‘</strong></span> <span class='ocrx_word' id='word_1_740' title='bbox 1343 5376 1690 5429; x_wconf 86' lang='lat' dir='ltr'><strong>scribendum</strong></span> <span class='ocrx_word' id='word_1_741' title='bbox 1736 5388 1859 5428; x_wconf 90' lang='lat' dir='ltr'><strong>esse</strong></span> <span class='ocrx_word' id='word_1_742' title='bbox 1884 5373 1976 5424; x_wconf 76' lang='grc' dir='ltr'><strong>ἐπὶ</strong></span> <span class='ocrx_word' id='word_1_743' title='bbox 2001 5372 2062 5425; x_wconf 84' lang='grc' dir='ltr'><strong>τὸ</strong></span> 
     </span>
    </p>
   </div>
   <div class='ocr_carea' id='block_1_106' title="bbox 491 5442 994 5514">
    <p class='ocr_par' dir='ltr' id='par_1_106' title="bbox 491 5442 994 5514">
     <span class='ocr_line' id='line_1_106' title="bbox 491 5442 994 5514; baseline 0.004 -20"><span class='ocrx_word' id='word_1_744' title='bbox 491 5443 678 5513; x_wconf 83' lang='grc' dir='ltr'>πρόσω</span> <span class='ocrx_word' id='word_1_745' title='bbox 709 5442 994 5514; x_wconf 89' lang='grc' dir='ltr'>χωροῦσιν.</span> 
     </span>
    </p>
   </div>
   <div class='ocr_carea' id='block_1_107' title="bbox 561 5512 2060 5583">
    <p class='ocr_par' dir='ltr' id='par_1_107' title="bbox 561 5512 2060 5583">
     <span class='ocr_line' id='line_1_107' title="bbox 561 5512 2060 5583; baseline -0.004 -11"><span class='ocrx_word' id='word_1_746' title='bbox 561 5512 893 5582; x_wconf 71' lang='lat' dir='ltr'><strong>(59)Md.1rc</strong></span> <span class='ocrx_word' id='word_1_747' title='bbox 936 5514 988 5567; x_wconf 84' lang='grc' dir='ltr'><strong>δ’</strong></span> <span class='ocrx_word' id='word_1_748' title='bbox 1023 5513 1100 5566; x_wconf 81' lang='grc' dir='ltr'><strong>ἂν</strong></span> <span class='ocrx_word' id='word_1_749' title='bbox 1146 5514 1524 5583; x_wconf 68' lang='grc' dir='ltr'>ἐλήφθησαν.</span> <span class='ocrx_word' id='word_1_750' title='bbox 1563 5513 1746 5568; x_wconf 86' lang='lat' dir='ltr'><strong>Codex</strong></span> <span class='ocrx_word' id='word_1_751' title='bbox 1805 5512 2060 5566; x_wconf 88' lang='lat' dir='ltr'><strong>Bocharti</strong></span> 
     </span>
    </p>
   </div>
   <div class='ocr_carea' id='block_1_108' title="bbox 491 5582 2063 5656">
    <p class='ocr_par' dir='ltr' id='par_1_108' title="bbox 491 5582 2063 5656">
     <span class='ocr_line' id='line_1_108' title="bbox 491 5582 2063 5656; baseline 0.001 -22"><span class='ocrx_word' id='word_1_752' title='bbox 491 5582 650 5635; x_wconf 73' lang='lat' dir='ltr'><strong>habet</strong></span> <span class='ocrx_word' id='word_1_753' title='bbox 695 5583 853 5656; x_wconf 86' lang='grc' dir='ltr'>μόλις</span> <span class='ocrx_word' id='word_1_754' title='bbox 886 5587 938 5652; x_wconf 88' lang='grc' dir='ltr'>γ’</span> <span class='ocrx_word' id='word_1_755' title='bbox 983 5582 1386 5656; x_wconf 45' lang='lat' dir='ltr'><strong>magonum.</strong></span> <span class='ocrx_word' id='word_1_756' title='bbox 1411 5585 1474 5639; x_wconf 78' lang='lat' dir='ltr'><strong>Et</strong></span> <span class='ocrx_word' id='word_1_757' title='bbox 1501 5589 1660 5654; x_wconf 80' lang='lat' dir='ltr'><strong>paulo</strong></span> <span class='ocrx_word' id='word_1_758' title='bbox 1697 5595 1837 5652; x_wconf 85' lang='lat' dir='ltr'><strong>post,</strong></span> <span class='ocrx_word' id='word_1_759' title='bbox 1863 5584 1954 5636; x_wconf 89' lang='lat' dir='ltr'><strong>ubi</strong></span> <span class='ocrx_word' id='word_1_760' title='bbox 1987 5584 2063 5636; x_wconf 87' lang='lat' dir='ltr'><strong>le-</strong></span> 
     </span>
    </p>
   </div>
   <div class='ocr_carea' id='block_1_109' title="bbox 491 5655 2061 5724">
    <p class='ocr_par' dir='ltr' id='par_1_109' title="bbox 491 5655 2061 5724">
     <span class='ocr_line' id='line_1_109' title="bbox 491 5655 2061 5724; baseline 0.002 -21"><span class='ocrx_word' id='word_1_761' title='bbox 491 5657 633 5719; x_wconf 76' lang='lat' dir='ltr'><strong>gitur</strong></span> <span class='ocrx_word' id='word_1_762' title='bbox 665 5655 769 5707; x_wconf 72' lang='grc' dir='ltr'><strong>ὐπο</strong></span> <span class='ocrx_word' id='word_1_763' title='bbox 791 5655 896 5706; x_wconf 87' lang='grc' dir='ltr'><strong>τῶν</strong></span> <span class='ocrx_word' id='word_1_764' title='bbox 920 5657 1010 5710; x_wconf 70' lang='grc' dir='ltr'><strong>ἐπὶ</strong></span> <span class='ocrx_word' id='word_1_765' title='bbox 1040 5655 1141 5706; x_wconf 81' lang='grc' dir='ltr'><strong>τοῦ</strong></span> <span class='ocrx_word' id='word_1_766' title='bbox 1161 5655 1393 5724; x_wconf 83' lang='grc' dir='ltr'>τείχους,</span> <span class='ocrx_word' id='word_1_767' title='bbox 1424 5657 1564 5708; x_wconf 85' lang='lat' dir='ltr'><strong>idem</strong></span> <span class='ocrx_word' id='word_1_768' title='bbox 1598 5656 1766 5724; x_wconf 81' lang='lat' dir='ltr'><strong>codex</strong></span> <span class='ocrx_word' id='word_1_769' title='bbox 1798 5657 2061 5723; x_wconf 76' lang='lat' dir='ltr'><strong>scriptum</strong></span> 
     </span>
    </p>
   </div>
   <div class='ocr_carea' id='block_1_110' title="bbox 492 5723 2056 5796">
    <p class='ocr_par' dir='ltr' id='par_1_110' title="bbox 492 5723 2056 5796">
     <span class='ocr_line' id='line_1_110' title="bbox 492 5723 2056 5796; baseline 0.001 -20"><span class='ocrx_word' id='word_1_770' title='bbox 492 5726 653 5779; x_wconf 79' lang='lat' dir='ltr'><strong>habet</strong></span> <span class='ocrx_word' id='word_1_771' title='bbox 692 5726 783 5777; x_wconf 75' lang='grc' dir='ltr'><strong>ἐπὶ</strong></span> <span class='ocrx_word' id='word_1_772' title='bbox 822 5725 914 5778; x_wconf 79' lang='grc' dir='ltr'><strong>τοῦ</strong></span> <span class='ocrx_word' id='word_1_773' title='bbox 948 5726 1175 5795; x_wconf 84' lang='grc' dir='ltr'>χείλους.</span> <span class='ocrx_word' id='word_1_774' title='bbox 1213 5723 1497 5794; x_wconf 81' lang='lat' dir='ltr'><strong>Quomodo</strong></span> <span class='ocrx_word' id='word_1_775' title='bbox 1546 5723 1710 5780; x_wconf 86' lang='lat' dir='ltr'><strong>etiam</strong></span> <span class='ocrx_word' id='word_1_776' title='bbox 1764 5725 1960 5796; x_wconf 81' lang='lat' dir='ltr'><strong>legitur</strong></span> <span class='ocrx_word' id='word_1_777' title='bbox 2004 5725 2056 5778; x_wconf 90' lang='lat' dir='ltr'><strong>in</strong></span> 
     </span>
    </p>
   </div>
   <div class='ocr_carea' id='block_1_111' title="bbox 2278 4748 3732 4824">
    <p class='ocr_par' dir='ltr' id='par_1_111' title="bbox 2278 4748 3732 4824">
     <span class='ocr_line' id='line_1_111' title="bbox 2278 4748 3732 4824; baseline 0.008 -29"><span class='ocrx_word' id='word_1_778' title='bbox 2278 4748 2492 4824; x_wconf 50' lang='lat' dir='ltr'><strong>ephoro.</strong></span> <span class='ocrx_word' id='word_1_779' title='bbox 2565 4748 2738 4810; x_wconf 85' lang='lat' dir='ltr'><strong>Quam</strong></span> <span class='ocrx_word' id='word_1_780' title='bbox 2813 4748 3035 4815; x_wconf 89' lang='lat' dir='ltr'><strong>quidem</strong></span> <span class='ocrx_word' id='word_1_781' title='bbox 3113 4748 3441 4819; x_wconf 88' lang='lat' dir='ltr'><strong>scripturam</strong></span> <span class='ocrx_word' id='word_1_782' title='bbox 3511 4752 3732 4824; x_wconf 64' lang='lat' dir='ltr'><strong>vulgate</strong></span> 
     </span>
    </p>
   </div>
   <div class='ocr_carea' id='block_1_112' title="bbox 2167 4813 2902 4884">
    <p class='ocr_par' dir='ltr' id='par_1_112' title="bbox 2167 4813 2902 4884">
     <span class='ocr_line' id='line_1_112' title="bbox 2167 4813 2902 4884; baseline 0.004 -18"><span class='ocrx_word' id='word_1_783' title='bbox 2167 4813 2386 4884; x_wconf 78' lang='lat' dir='ltr'><strong>lectioni</strong></span> <span class='ocrx_word' id='word_1_784' title='bbox 2421 4814 2573 4883; x_wconf 90' lang='lat' dir='ltr'><strong>longe</strong></span> <span class='ocrx_word' id='word_1_785' title='bbox 2608 4813 2902 4884; x_wconf 81' lang='lat' dir='ltr'><strong>antepono.</strong></span> 
     </span>
    </p>
   </div>
   <div class='ocr_carea' id='block_1_113' title="bbox 2239 4882 3731 4965">
    <p class='ocr_par' dir='ltr' id='par_1_113' title="bbox 2239 4882 3731 4965">
     <span class='ocr_line' id='line_1_113' title="bbox 2239 4882 3731 4965; baseline 0.009 -30"><span class='ocrx_word' id='word_1_786' title='bbox 2239 4882 2357 4965; x_wconf 48' lang='lat'><strong>(60).</strong></span> <span class='ocrx_word' id='word_1_787' title='bbox 2378 4885 2488 4965; x_wconf 78' lang='grc' dir='ltr'><strong>Κᾳῑ</strong></span> <span class='ocrx_word' id='word_1_788' title='bbox 2517 4882 2592 4938; x_wconf 27' lang='grc' dir='ltr'><strong>ίτὸ</strong></span> <span class='ocrx_word' id='word_1_789' title='bbox 2614 4882 2854 4965; x_wconf 48' lang='lat' dir='ltr'><strong>{iambon</strong></span> <span class='ocrx_word' id='word_1_790' title='bbox 2895 4886 3332 4965; x_wconf 55' lang='grc' dir='ltr'><strong>ἐςεομιιρτῆεζαι.Δ</strong></span> <span class='ocrx_word' id='word_1_791' title='bbox 3367 4889 3540 4965; x_wconf 74' lang='lat' dir='ltr'><strong>Hunc</strong></span> <span class='ocrx_word' id='word_1_792' title='bbox 3560 4893 3731 4948; x_wconf 85' lang='lat' dir='ltr'><strong>locum</strong></span> 
     </span>
    </p>
   </div>
   <div class='ocr_carea' id='block_1_114' title="bbox 2167 4953 3729 5031">
    <p class='ocr_par' dir='ltr' id='par_1_114' title="bbox 2167 4953 3729 5031">
     <span class='ocr_line' id='line_1_114' title="bbox 2167 4953 3729 5031; baseline 0.006 -26"><span class='ocrx_word' id='word_1_793' title='bbox 2167 4953 2447 5031; x_wconf 66' lang='lat' dir='ltr'><strong>emendavi</strong></span> <span class='ocrx_word' id='word_1_794' title='bbox 2477 4969 2543 5031; x_wconf 80' lang='lat' dir='ltr'><strong>ex</strong></span> <span class='ocrx_word' id='word_1_795' title='bbox 2575 4953 2950 5031; x_wconf 77' lang='lat' dir='ltr'><strong>manuscripto</strong></span> <span class='ocrx_word' id='word_1_796' title='bbox 2985 4953 3482 5026; x_wconf 47' lang='lat' dir='ltr'><strong>codice&#39;Bocharti,</strong></span> <span class='ocrx_word' id='word_1_797' title='bbox 3527 4963 3585 5017; x_wconf 92' lang='lat' dir='ltr'><strong>in</strong></span> <span class='ocrx_word' id='word_1_798' title='bbox 3633 4980 3729 5031; x_wconf 87' lang='lat' dir='ltr'><strong>quo</strong></span> 
     </span>
    </p>
   </div>
   <div class='ocr_carea' id='block_1_115' title="bbox 2166 5023 3728 5104">
    <p class='ocr_par' dir='ltr' id='par_1_115' title="bbox 2166 5023 3728 5104">
     <span class='ocr_line' id='line_1_115' title="bbox 2166 5023 3728 5104; baseline 0.006 -28"><span class='ocrx_word' id='word_1_799' title='bbox 2166 5023 2368 5104; x_wconf 72' lang='lat' dir='ltr'><strong>diserte</strong></span> <span class='ocrx_word' id='word_1_800' title='bbox 2393 5025 2589 5104; x_wconf 68' lang='lat' dir='ltr'><strong>legitur</strong></span> <span class='ocrx_word' id='word_1_801' title='bbox 2620 5023 3055 5104; x_wconf 41' lang='grc' dir='ltr'>ξφομαρτῆσανη</span> <span class='ocrx_word' id='word_1_802' title='bbox 3067 5023 3533 5104; x_wconf 61' lang='lat' dir='ltr'><strong>quemadmodum</strong></span> <span class='ocrx_word' id='word_1_803' title='bbox 3579 5023 3728 5088; x_wconf 73' lang='lat' dir='ltr'><strong>etiam</strong></span> 
     </span>
    </p>
   </div>
   <div class='ocr_carea' id='block_1_116' title="bbox 2165 5095 3726 5172">
    <p class='ocr_par' dir='ltr' id='par_1_116' title="bbox 2165 5095 3726 5172">
     <span class='ocr_line' id='line_1_116' title="bbox 2165 5095 3726 5172; baseline 0.008 -28"><span class='ocrx_word' id='word_1_804' title='bbox 2165 5095 2430 5172; x_wconf 71' lang='lat' dir='ltr'><strong>scribitur</strong></span> <span class='ocrx_word' id='word_1_805' title='bbox 2453 5096 2592 5172; x_wconf 71' lang='lat' dir='ltr'><strong>apud</strong></span> <span class='ocrx_word' id='word_1_806' title='bbox 2625 5095 3009 5172; x_wconf 76' lang='lat' dir='ltr'><strong>Nicephorum.</strong></span> <span class='ocrx_word' id='word_1_807' title='bbox 3037 5095 3160 5151; x_wconf 66' lang='lat' dir='ltr'><strong>mox</strong></span> <span class='ocrx_word' id='word_1_808' title='bbox 3192 5099 3280 5153; x_wconf 89' lang='lat' dir='ltr'><strong>ubi</strong></span> <span class='ocrx_word' id='word_1_809' title='bbox 3307 5109 3485 5172; x_wconf 70' lang='lat' dir='ltr'><strong>antea</strong></span> <span class='ocrx_word' id='word_1_810' title='bbox 3517 5103 3726 5172; x_wconf 60' lang='lat' dir='ltr'><strong>legehao</strong></span> 
     </span>
    </p>
   </div>
   <div class='ocr_carea' id='block_1_117' title="bbox 2163 5163 3728 5236">
    <p class='ocr_par' dir='ltr' id='par_1_117' title="bbox 2163 5163 3728 5236">
     <span class='ocr_line' id='line_1_117' title="bbox 2163 5163 3728 5236; baseline 0.007 -21"><span class='ocrx_word' id='word_1_811' title='bbox 2163 5171 2253 5236; x_wconf 71' lang='lat' dir='ltr'><strong>tur</strong></span> <span class='ocrx_word' id='word_1_812' title='bbox 2275 5163 2362 5217; x_wconf 86' lang='grc' dir='ltr'><strong>διὰ</strong></span> <span class='ocrx_word' id='word_1_813' title='bbox 2385 5165 2444 5218; x_wconf 86' lang='grc' dir='ltr'><strong>τὸ</strong></span> <span class='ocrx_word' id='word_1_814' title='bbox 2467 5163 2566 5236; x_wconf 79' lang='grc' dir='ltr'>τῆς</span> <span class='ocrx_word' id='word_1_815' title='bbox 2597 5163 2875 5236; x_wconf 82' lang='grc' dir='ltr'>χορήσεως</span> <span class='ocrx_word' id='word_1_816' title='bbox 2906 5168 3152 5231; x_wconf 84' lang='grc' dir='ltr'>ἁένναον,</span> <span class='ocrx_word' id='word_1_817' title='bbox 3191 5186 3256 5223; x_wconf 88' lang='lat' dir='ltr'><strong>ex</strong></span> <span class='ocrx_word' id='word_1_818' title='bbox 3303 5171 3494 5225; x_wconf 89' lang='lat' dir='ltr'><strong>iisdem</strong></span> <span class='ocrx_word' id='word_1_819' title='bbox 3531 5163 3728 5228; x_wconf 68' lang='lat' dir='ltr'><strong>codici-</strong></span> 
     </span>
    </p>
   </div>
   <div class='ocr_carea' id='block_1_118' title="bbox 2163 5232 3730 5356">
    <p class='ocr_par' dir='ltr' id='par_1_118' title="bbox 2163 5232 3730 5356">
     <span class='ocr_line' id='line_1_118' title="bbox 2163 5232 3730 5356; baseline 0.006 -70"><span class='ocrx_word' id='word_1_820' title='bbox 2163 5232 2980 5356; x_wconf 45' lang='grc' dir='ltr'>ἓιιῆὦρειὶιυῖτῆςχορηγίας,</span> <span class='ocrx_word' id='word_1_821' title='bbox 3037 5255 3143 5309; x_wconf 89' lang='lat' dir='ltr'><strong>qna</strong></span> <span class='ocrx_word' id='word_1_822' title='bbox 3189 5239 3576 5297; x_wconf 87' lang='lat' dir='ltr'><strong>emendatione</strong></span> <span class='ocrx_word' id='word_1_823' title='bbox 3609 5244 3730 5301; x_wconf 83' lang='lat' dir='ltr'><strong>nihil</strong></span> 
     </span>
     <span class='ocr_line' id='line_1_119' title="bbox 2195 5321 2384 5356; baseline 0 0"><span class='ocrx_word' id='word_1_824' title='bbox 2195 5321 2224 5356; x_wconf 87' lang='lat' dir='ltr'><strong>e</strong></span> <span class='ocrx_word' id='word_1_825' title='bbox 2339 5322 2384 5356; x_wconf 92' lang='lat' dir='ltr'><strong>s.</strong></span> 
     </span>
    </p>
   </div>
   <div class='ocr_carea' id='block_1_119' title="bbox 2163 5319 2384 5358">
    <p class='ocr_par' dir='ltr' id='par_1_119' title="bbox 2163 5319 2384 5358">
     <span class='ocr_line' id='line_1_120' title="bbox 2163 5319 2384 5358; baseline 0.005 -1"><span class='ocrx_word' id='word_1_826' title='bbox 2163 5319 2384 5358; x_wconf 70' lang='lat' dir='ltr'><strong>CCI‘IIIIS.</strong></span> 
     </span>
    </p>
   </div>
   <div class='ocr_carea' id='block_1_120' title="bbox 2236 5373 3730 5446">
    <p class='ocr_par' dir='ltr' id='par_1_120' title="bbox 2236 5373 3730 5446">
     <span class='ocr_line' id='line_1_121' title="bbox 2236 5373 3730 5446; baseline 0.005 -21"><span class='ocrx_word' id='word_1_827' title='bbox 2236 5374 2346 5446; x_wconf 67' lang='lat' dir='ltr'><strong>(lii)</strong></span> <span class='ocrx_word' id='word_1_828' title='bbox 2380 5373 2507 5441; x_wconf 80' lang='grc' dir='ltr'>Τοῖς</span> <span class='ocrx_word' id='word_1_829' title='bbox 2526 5377 2837 5444; x_wconf 82' lang='grc' dir='ltr'>μεγίστοις</span> <span class='ocrx_word' id='word_1_830' title='bbox 2865 5379 3070 5444; x_wconf 81' lang='grc' dir='ltr'>αὐτοῖς</span> <span class='ocrx_word' id='word_1_831' title='bbox 3096 5379 3512 5446; x_wconf 73' lang='grc' dir='ltr'>κολπώμασιν.</span> <span class='ocrx_word' id='word_1_832' title='bbox 3541 5381 3730 5439; x_wconf 85' lang='lat' dir='ltr'><strong>Procul</strong></span> 
     </span>
    </p>
   </div>
   <div class='ocr_carea' id='block_1_121' title="bbox 2163 5443 3729 5522">
    <p class='ocr_par' dir='ltr' id='par_1_121' title="bbox 2163 5443 3729 5522">
     <span class='ocr_line' id='line_1_122' title="bbox 2163 5443 3729 5522; baseline 0.006 -26"><span class='ocrx_word' id='word_1_833' title='bbox 2163 5443 2335 5498; x_wconf 86' lang='lat' dir='ltr'><strong>dubio</strong></span> <span class='ocrx_word' id='word_1_834' title='bbox 2385 5443 2896 5522; x_wconf 67' lang='lat' dir='ltr'><strong>scribendunrest</strong></span> <span class='ocrx_word' id='word_1_835' title='bbox 2933 5443 3124 5522; x_wconf 76' lang='grc' dir='ltr'>αὐτῆς,</span> <span class='ocrx_word' id='word_1_836' title='bbox 3181 5443 3380 5522; x_wconf 68' lang='lat' dir='ltr'><strong>supple</strong></span> <span class='ocrx_word' id='word_1_837' title='bbox 3439 5452 3541 5519; x_wconf 84' lang='grc' dir='ltr'>τῆς</span> <span class='ocrx_word' id='word_1_838' title='bbox 3599 5455 3729 5522; x_wconf 75' lang='grc' dir='ltr'>γῆς,</span> 
     </span>
    </p>
   </div>
   <div class='ocr_carea' id='block_1_122' title="bbox 2163 5515 3725 5593">
    <p class='ocr_par' dir='ltr' id='par_1_122' title="bbox 2163 5515 3725 5593">
     <span class='ocr_line' id='line_1_123' title="bbox 2163 5515 3725 5593; baseline 0.005 -29"><span class='ocrx_word' id='word_1_839' title='bbox 2163 5515 2634 5593; x_wconf 61' lang='lat' dir='ltr'><strong>quemadmodum</strong></span> <span class='ocrx_word' id='word_1_840' title='bbox 2662 5519 2858 5586; x_wconf 84' lang='lat' dir='ltr'><strong>legitur</strong></span> <span class='ocrx_word' id='word_1_841' title='bbox 2884 5519 2938 5571; x_wconf 92' lang='lat' dir='ltr'><strong>in</strong></span> <span class='ocrx_word' id='word_1_842' title='bbox 2964 5515 3148 5574; x_wconf 77' lang='lat' dir='ltr'><strong>codice</strong></span> <span class='ocrx_word' id='word_1_843' title='bbox 3180 5515 3453 5593; x_wconf 71' lang='lat' dir='ltr'><strong>Bocharti,</strong></span> <span class='ocrx_word' id='word_1_844' title='bbox 3495 5515 3556 5575; x_wconf 46' lang='lat' dir='ltr'><strong>&#39;et</strong></span> <span class='ocrx_word' id='word_1_845' title='bbox 3595 5515 3725 5593; x_wconf 76' lang='lat' dir='ltr'><strong>apud</strong></span> 
     </span>
    </p>
   </div>
   <div class='ocr_carea' id='block_1_123' title="bbox 2164 5582 3725 5664">
    <p class='ocr_par' dir='ltr' id='par_1_123' title="bbox 2164 5582 3725 5664">
     <span class='ocr_line' id='line_1_124' title="bbox 2164 5582 3725 5664; baseline 0.004 -28"><span class='ocrx_word' id='word_1_846' title='bbox 2164 5582 2553 5664; x_wconf 58' lang='lat' dir='ltr'><strong>Nicephorum.</strong></span> <span class='ocrx_word' id='word_1_847' title='bbox 2596 5582 3006 5664; x_wconf 58' lang='lat' dir='ltr'><strong>(laeter-iuononi</strong></span> <span class='ocrx_word' id='word_1_848' title='bbox 3037 5592 3311 5664; x_wconf 83' lang='lat' dir='ltr'><strong>assentior</strong></span> <span class='ocrx_word' id='word_1_849' title='bbox 3345 5582 3725 5664; x_wconf 64' lang='lat' dir='ltr'><strong>Pliilostorgio,</strong></span> 
     </span>
    </p>
   </div>
   <div class='ocr_carea' id='block_1_124' title="bbox 2164 5657 3726 5728">
    <p class='ocr_par' dir='ltr' id='par_1_124' title="bbox 2164 5657 3726 5728">
     <span class='ocr_line' id='line_1_125' title="bbox 2164 5657 3726 5728; baseline 0.003 -21"><span class='ocrx_word' id='word_1_850' title='bbox 2164 5657 2257 5722; x_wconf 83' lang='lat' dir='ltr'><strong>qui</strong></span> <span class='ocrx_word' id='word_1_851' title='bbox 2289 5670 2504 5708; x_wconf 87' lang='lat' dir='ltr'><strong>versum</strong></span> <span class='ocrx_word' id='word_1_852' title='bbox 2541 5657 2687 5728; x_wconf 89' lang='lat' dir='ltr'><strong>hunc</strong></span> <span class='ocrx_word' id='word_1_853' title='bbox 2722 5657 2938 5728; x_wconf 80' lang='lat' dir='ltr'><strong>Davidis</strong></span> <span class='ocrx_word' id='word_1_854' title='bbox 2971 5675 3033 5713; x_wconf 79' lang='lat' dir='ltr'><strong>ex</strong></span> <span class='ocrx_word' id='word_1_855' title='bbox 3085 5661 3292 5728; x_wconf 85' lang='lat' dir='ltr'><strong>psalmo</strong></span> <span class='ocrx_word' id='word_1_856' title='bbox 3325 5676 3480 5723; x_wconf 76' lang='lat' dir='ltr'><strong>xxiii,</strong></span> <span class='ocrx_word' id='word_1_857' title='bbox 3515 5663 3573 5724; x_wconf 73' lang='grc'>2,</span> <span class='ocrx_word' id='word_1_858' title='bbox 3623 5657 3726 5728; x_wconf 77' lang='lat' dir='ltr'><strong>Ipse</strong></span> 
     </span>
    </p>
   </div>
   <div class='ocr_carea' id='block_1_125' title="bbox 2165 5727 3727 5801">
    <p class='ocr_par' dir='ltr' id='par_1_125' title="bbox 2165 5727 3727 5801">
     <span class='ocr_line' id='line_1_126' title="bbox 2165 5727 3727 5801; baseline 0.008 -24"><span class='ocrx_word' id='word_1_859' title='bbox 2165 5741 2320 5794; x_wconf 79' lang='lat' dir='ltr'><strong>super</strong></span> <span class='ocrx_word' id='word_1_860' title='bbox 2355 5727 2526 5780; x_wconf 83' lang='lat' dir='ltr'><strong>maria</strong></span> <span class='ocrx_word' id='word_1_861' title='bbox 2556 5727 2817 5796; x_wconf 78' lang='lat' dir='ltr'><strong>fundavit</strong></span> <span class='ocrx_word' id='word_1_862' title='bbox 2847 5747 2984 5796; x_wconf 85' lang='lat' dir='ltr'><strong>eam,</strong></span> <span class='ocrx_word' id='word_1_863' title='bbox 3023 5727 3151 5799; x_wconf 83' lang='lat' dir='ltr'><strong>etc.,</strong></span> <span class='ocrx_word' id='word_1_864' title='bbox 3203 5732 3270 5785; x_wconf 88' lang='lat' dir='ltr'><strong>de</strong></span> <span class='ocrx_word' id='word_1_865' title='bbox 3313 5735 3472 5801; x_wconf 82' lang='lat' dir='ltr'><strong>aquis</strong></span> <span class='ocrx_word' id='word_1_866' title='bbox 3512 5727 3727 5788; x_wconf 56' lang='lat' dir='ltr'><strong>subter“</strong></span> 
     </span>
    </p>
   </div>
  </div>
