3828 6360
151 353 246 420 £93

1145 353 1709 414 ECCLESIASTICAE
1745 353 2092 410 HISTORIA}
2137 353 2265 410 LIB.
2307 353 2392 408 lli.

3271 355 3375 410 49‘

151 473 418 546 σαυρίσας,
459 473 554 527 καὶ
591 473 690 546 τὴν
723 473 879 544 βάσιν
919 474 1104 536 αὐτοῖς
1149 475 1558 544 κρατυνάμενος
1589 471 1700 542 (69.)

1821 483 1918 526 tam
1945 488 2211 542 aquarum
2243 487 2364 541 qua:
2411 471 2462 525 in
2481 479 2554 526 ea
2591 469 2840 526 feruntur
2881 471 2987 525 vim
3033 486 3098 527 ac
3134 471 3378 528 multitu-

149 566 274 636 πρὸς
295 567 356 620 τὸ
378 565 668 636 ἀνέχεσθαι
687 565 940 620 τοσοῦτον
963 564 1126 634 ὄγκον
1155 569 1252 620 καὶ
1279 565 1483 632 πλῆθος
1511 565 1620 619 τῶν
1649 567 1706 619 ὲν

1821 564 1992 619 dinem
2034 564 2445 628 sustinendam;
2487 562 2803 618 ﬂuminibus
2829 577 2958 617 vero
2995 563 3226 618 liberum
3253 580 3382 618 cur-

147 659 272 727 αὐτῇ
297 657 638 726 φερομένων·
673 659 786 720 τοῖς
807 657 866 710 δὲ
895 659 1158 727 ποταμοῖς
1177 658 1280 729 τὴν
1311 657 1540 723 διέξοδον
1575 658 1709 712 ἀπό-

1821 671 1933 712 sum
1986 663 2250 724 perpetuo
2282 655 2528 722 praebens
2575 653 2930 722 dispositione
2979 653 3160 708 solerti
3191 671 3206 708 :
3233 655 3382 709 loco-

145 749 290 802 λυτον
307 751 428 812 ταῖς
449 748 782 820 εύμηχάνοις
807 746 982 818 αὐτῆς
1004 747 1278 802 διαθέσεσι
1304 748 1428 812 δοὺς
1457 750 1562 816 ἀεὶ,
1589 751 1708 812 ταῖς

1821 762 1942 800 rum
1975 744 2420 813 depressionibus
2453 759 2516 799 ac
2555 745 2863 799 declivitate
2901 759 2930 797 a
2965 745 3381 800 sublimioribus

145 841 241 894 τῶν
293 839 508 912 χωρίων
556 840 878 909 ὑπαγωγαῖς
926 857 986 893 τε
1035 840 1130 892 καὶ
1179 839 1562 911 ταπεινότησιν
1600 841 1708 896 ἀπὸ

143 929 239 982 τῶν
280 929 628 1002 ὑψηλοτέρων
686 932 777 984 ἐπὶ
817 931 886 984 τὰ
941 928 1378 1000 χθαμαλώτερα,
1434 931 1597 985 τόπον
1638 934 1704 1003 τῇ

144 1025 270 1094 ῥοπῇ
297 1021 392 1074 τοῦ
433 1022 713 1093 βρίθοντος
741 1023 934 1086 ὕδατος
969 1023 1286 1093 παρασχών-

215 1111 261 1164 ι’.
294 1112 418 1166 Ὅτι
469 1113 684 1166 κεῖσθαι
742 1112 834 1166 τὸν
865 1113 1200 1184 Παράδεισον
1245 1107 1397 1177 οὗτος
1436 1113 1706 1178 εῑκασίαις

93 1201 410 1272 έχρὼμενος
469 1202 662 1270 λέγει,
725 1202 868 1256 κατά
909 1203 1010 1266 τὰς
1067 1203 1354 1274 ἰσημερίας
1405 1203 1703 1274 τῆςοήοῦς,

139 1293 340 1362 πρῶτον
373 1293 472 1362 μὲν
511 1293 572 1358 ἐξ
613 1285 690 1347 ὧν
731 1293 798 1347 τά
832 1295 971 1365 πρὸς
1013 1294 1360 1366 μεσημϐρίαν
1407 1294 1544 1364 δῆλά
1589 1297 1704 1348 ἐστι

138 1383 304 1436 πάντα
348 1383 648 1454 οἰκούμενα
695 1383 880 1455 σχεδὸν
931 1385 1090 1456 μέχρι
1117 1386 1218 1455 τῆς
1261 1385 1364 1450 ἔξω
1415 1384 1701 1456 θαλάττης,

139 1477 196 1544 ἣν
237 1473 508 1528 θάλατταν
557 1477 588 1528 ὁ
637 1474 784 1545 ἥλιος
835 1475 936 1546 ἤδη
991 1475 1286 1546 ξυμφλέγει
1328 1475 1573 1538 καθέτως
1617 1477 1702 1528 ἐπ’

136 1568 262 1638 αὐτῇ
313 1567 430 1637 (65)
482 1567 581 1630 τὰς
625 1569 850 1631 ἀκτῖνας
895 1567 1148 1639 ἐρείδων·
1180 1570 1276 1624 καὶ
1323 1571 1355 1641 ἠ
1398 1569 1506 1622 διὰ.
1539 1569 1701 1640 μέσου

137 1659 392 1731 λεγομένη
430 1659 575 1730 ζώνη
601 1659 759 1713 τοῦτό
805 1662 970 1713 ἐστιν.
1009 1661 1129 1714 Ἔτι
1157 1661 1214 1714 δὲ
1250 1662 1346 1714 καὶ
1380 1661 1515 1714 διότι
1547 1663 1576 1714 ὁ
1608 1661 1702 1715 νῦν

140 1749 364 1818 Ὕφασις
391 1749 723 1821 καλούμενος
753 1751 1012 1822 ποταμὸς,
1041 1750 1100 1804 ὃν
1123 1753 1156 1822 ἡ
1181 1751 1370 1823 Γραφὴ
1396 1747 1600 1804 Φεισὼν
1623 1750 1700 1821 (ιι)

1810 837 1880 892 ad
1921 835 2177 890 inferiora
2197 843 2469 904 vergente,
2491 835 2589 890 iter
2619 837 2824 890 faciens
2853 836 3078 905 impetui
3110 838 3380 892 currentis

1808 927 1988 982 undae.

1879 1105 1968 1159 10.
1997 1105 2254 1161 Paradt'st'
2283 1107 2440 1170 situs,
2481 1107 2696 1178 ejusque
2727 1109 2894 1176 ﬂuvii.
2941 1139 3011 1150 —
3054 1109 3378 1168 Paradisnm

1807 1195 1878 1250 ad
1913 1197 2302 1266 aequinoctium
2353 1199 2579 1254 orientis
2637 1199 2802 1252 situm
2856 1215 2978 1254 esse
3011 1203 3202 1256 scribit
3250 1203 3380 1257 Phi-

1807 1290 2123 1360 lostorgius,
2184 1291 2560 1360 conjecturam
2616 1293 2859 1362 capiens,
2923 1293 3157 1363 primum
3203 1311 3268 1350 ex
3313 1311 3380 1351 eo

1803 1385 1946 1454 quod
2001 1383 2342 1439 cunctatore
2393 1385 2510 1439 loca
2572 1386 2638 1439 ad
2673 1386 2954 1440 meridiem
3014 1387 3116 1442 sita
3165 1397 3380 1442 constat

1805 1490 1929 1530 esse
1969 1475 2303 1540 habitahilia,
2349 1493 2522 1546 usque
2553 1478 2618 1531 ad
2651 1478 2948 1542 Oceanum,
2989 1495 3150 1548 quem
3184 1479 3380 1535 deinde

1806 1566 1887 1624 sol
1921 1567 2122 1633 adurit,
2175 1567 2359 1622 radios
2405 1583 2535 1622 suos
2585 1569 2981 1637 perpendiculo
3015 1571 3072 1624 in
3118 1587 3242 1626 eum
3277 1573 3381 1626 im-

1805 1658 2044 1714 mittens.
2085 1661 2262 1728 Atque
2299 1659 2412 1713 haec
2455 1669 2540 1714 est
2583 1675 2706 1730 quae
2740 1663 2912 1716 media
2963 1663 3161 1717 dicitur
3211 1680 3370 1718 zona.

1805 1747 2008 1804 Deinde
2035 1765 2102 1802 ex
2136 1763 2202 1804 eo
2251 1750 2394 1818 quod
2427 1749 2624 1805 ﬂuvius
2667 1752 2758 1818 qui
2809 1768 2955 1807 nunc
2995 1751 3264 1822 llyphasis
3293 1755 3378 1808 di-

135 1842 404 1912 όνομάζει,
451 1845 544 1897 καὶ
577 1845 738 1907 αὐτὸς
769 1845 862 1897 τοῦ
903 1844 1230 1914 παραδείσου
1271 1842 1606 1910 ἀναϐλύζων,
1641 1845 1704 1897 ἐκ

1821 1843 1968 1904 :itur,
1995 1843 2049 1895 in
2072 1843 2242 1896 sacris
2263 1851 2442 1896 autem
2469 1842 2623 1897 libris
2641 1843 2839 1899 Phison
2867 1847 3200 1911 nominatur,
3226 1857 3378 1903 ortus

135 1933 234 1986 τῶν
265 1933 536 2005 ἀρκτῴων
577 1935 776 2004 μᾶλλον
817 1937 917 2006 τῆς
959 1936 1222 2007 ἀνατολῆς
1261 1935 1444 2006 μερῶν
1477 1937 1570 1989 ἐπὶ
1608 1935 1706 2006 τὴν

1821 1942 1862 1988 et
1891 1934 2009 2004 ipse
2037 1950 2104 1989 ex
2139 1933 2416 2004 paradiso,
2441 1949 2506 1988 ex
2537 1936 2736 1990 arctois
2759 1937 2934 2006 magis
2963 1940 3186 1992 orientis
3213 1941 3379 2008 parti-

137 2027 478 2098 μεσημϐρίαν
539 2029 785 2097 φαίνεται
851 2029 1026 2100 ῥέων,
1101 2029 1196 2083 καὶ
1248 2031 1329 2091 εἰς
1384 2027 1476 2080 τὸν
1533 2027 1704 2100 ταύτῃ

135 2117 368 2172 ὠκεανὸν
422 2119 484 2172 τὸ
541 2121 753 2191 ῥεῖθρον
809 2121 1279 2192 εἰσερευγόμενος,
1334 2121 1563 2192 ἀντικρὺ
1605 2120 1706 2189 τῆς

135 2211 288 2280 νήσου
325 2210 714 2281 Ταπρσϐάνης.
747 2207 820 2266 Οὗ
843 2213 992 2286 παρὰ
1016 2213 1114 2277 τὰς
1139 2212 1303 2282 ὄχθας
1326 2211 1421 2265 τοῦ
1455 2209 1702 2282 ποταμοῦ

137 2301 442 2373 εὑρίσκεται
476 2303 538 2355 τὸ
565 2303 854 2374 λεγόμενον
885 2303 1292 2372 Καρυόφυλλον,
1335 2303 1443 2356 εἴτε
1471 2303 1703 2374 καρπὸς,

137 2393 236 2446 εἴτε
266 2394 324 2448 δὲ
375 2399 474 2448 καὶ
506 2394 665 2458 ἄνθος
709 2396 987 2466 τυγχάνει.
1021 2394 1133 2448 Καὶ
1183 2393 1612 2446 πεπιστεύκασιν
1658 2395 1705 2446 οἱ

135 2485 330 2558 ἐκείνῃ,
358 2487 472 2540 τῶν
501 2487 565 2540 ὲκ
597 2485 692 2540 τοῦ
720 2485 1056 2558 Παραδείσου
1083 2486 1242 2540 τοῦτο
1281 2485 1496 2558 δένδρον
1543 2482 1702 2539 εἶναι.

135 2579 236 2632 Καὶ
259 2579 372 2650 γὰρ
398 2579 493 2631 καὶ
523 2580 558 2648 ή
595 2578 735 2650 ὑπὲρ
768 2579 968 2643 αὐτοὺς
1008 2579 1100 2649 γῆ,
1129 2577 1334 2649 ἔρημός
1367 2579 1428 2630 τὲ
1458 2580 1572 2632 ἐστι
1594 2579 1707 2632 δει-

135 2669 233 2733 νῶς
257 2671 450 2724 amca
470 2670 566 2723 καὶ
595 2669 974 2742 ἀκαρποτάτη.
1033 2671 1129 2724 Ἐκ
1161 2669 1220 2722 δὲ
1256 2669 1350 2722 τοῦ
1391 2668 1577 2741 φέρειν
1617 2667 1707 2723 τὸν

135 2763 372 2832 ποταμὸν
401 2761 465 2814 τὺ
493 2762 672 2826 ἄνθος,
707 2762 954 2831 ἐπίδηλον
975 2763 1040 2816 ἂν
1071 2763 1155 2832 εἴη
1185 2762 1261 2826 ὡς
1294 2757 1448 2826 οὗτος
1475 2764 1502 2816 ὁ
1541 2779 1708 2817 ποτα-

138 2855 230 2924 μὸς
257 2855 366 2907 ὑπὸ
401 2853 507 2923 γῆς
529 2853 674 2916 ἅπας
701 2856 784 2924 ῥεῖ
810 2852 943 2923 (ϐό),
981 2853 1252 2926 μηδαμόθι
1277 2853 1702 2924 καταδυόμενος*

131 2947 190 2997 οὗ
241 2945 350 3016 γὰρ
417 2944 488 2998 ἄν
535 2945 598 2998 τὸ
646 2944 854 2998 ἐκεῖθεν
907 2945 1174 3015 φυόμενον
1221 2943 1453 3015 ἠδύνατο
1497 2944 1705 3016 φέρειν.

139 3039 284 3108 Ἐχει
317 3038 381 3090 δέ
407 3055 458 3090 τι
491 3040 582 3090 καὶ
609 3037 736 3091 ἄλλο
769 3037 1034 3108 σύμϐολον
1067 3028 1164 3108 τῆς
1213 3037 1364 3109 παρὰ
1403 3037 1495 3091 τὸν
1521 3035 1706 3107 Παρά-

1807 2027 1910 2082 bus
1937 2028 2216 2083 meridiem
2239 2043 2430 2082 versus
2462 2026 2630 2082 fluere
2661 2028 2899 2094 videtur,
2934 2040 2988 2084 et
3019 2031 3070 2083 in
3095 2031 3372 2086 Oceanum

1805 2121 1898 2186 qui
1931 2121 2040 2176 illic
2069 2130 2152 2176 est
2179 2137 2352 2191 aquas
2377 2136 2506 2176 suas
2528 2121 2798 2184 evolvere,
2829 2137 2892 2176 ex
2918 2122 3146 2178 adverso
3181 2126 3376 2180 insuiae

1808 2209 2160 2280 Taprobanaa.
2190 2211 2288 2267 Ubi
2319 2213 2384 2266 ad
2413 2213 2556 2282 ripas
2575 2211 2726 2266 ﬂuvii
2757 2212 3029 2268 invenitur
3053 2215 3378 2286 CaryOphyl-

1805 2303 1942 2366 lum,
1967 2304 2078 2358 sive
2107 2305 2153 2358 is
2181 2303 2412 2367 fructus,
2453 2307 2568 2359 sive
2597 2303 2695 2359 ﬂos
2724 2313 2830 2360 est.
2856 2304 3206 2376 Creduntque
3231 2307 3380 2362 inco-

1815 2395 1883 2449 la:
1913 2395 2032 2462 ejus
2059 2395 2187 2460 loci,
2241 2396 2382 2451 hanc
2427 2398 2676 2450 arborem
2721 2411 2883 2450 unam
2913 2411 3033 2452 esse
3063 2413 3128 2452 ex
3160 2398 3226 2452 iis
3253 2413 3376 2468 qua:

1807 2496 1961 2542 erant
1999 2489 2052 2540 in
2075 2488 2346 2558 paradiso.
2379 2488 2588 2542 Etenim
2624 2488 2874 2543 universa
2896 2505 3016 2558 quae
3046 2505 3210 2560 supra
3253 2491 3376 2547 illos

1808 2588 1894 2636 est
1957 2581 2129 2650 regio,
2179 2577 2470 2633 admodum
2525 2579 2757 2645 deserta,
2812 2595 3148 2652 prorsusque
3201 2582 3380 2638 inl‘ruo

1809 2683 2000 2728 ctuosa
2029 2680 2130 2727 est.
2174 2671 2256 2724 Ex
2313 2686 2380 2725 eo
2419 2686 2546 2726 vero
2588 2674 2732 2741 quod
2767 2659 2989 2728 ﬂuvius
3033 2674 3136 2728 iste
3191 2673 3379 2730 ﬂorem

1809 2765 2000 2835 gignit,
2059 2763 2412 2820 manifestum
2464 2764 2524 2818 ﬁt
2568 2779 2694 2819 eum
2739 2779 2907 2835 supra
2959 2775 3158 2821 terram
3205 2777 3376 2824 totum

1807 2855 1997 2919 ﬂuere,
2044 2869 2220 2923 neque
2262 2855 2472 2922 uspiam
2521 2855 2625 2908 sub
2675 2863 2821 2910 terra
2871 2856 3157 2912 cuniculos
3186 2873 3377 2927 agere;

1811 2945 2014 3014 alioqui
2043 2944 2232 2999 ﬂorem
2267 2945 2376 2999 illic
2396 2953 2583 2998 natum
2613 2945 2851 3015 perferre
2881 2947 3030 3002 nullo
3064 2949 3226 3003 modo
3247 2965 3376 3018 pos-

1810 3043 1913 3091 set.
1954 3035 2124 3090 Porro
2155 3035 2246 3090 hic
2280 3035 2478 3090 ﬂuvius
2503 3035 2648 3090 aliud
2681 3053 2902 3107 quoque
2951 3039 3209 3095 indicium
3237 3057 3378 3112 prte-

131 3128 300 3182 δειεον
325 3129 540 3199 γεηρᾶς
563 3126 844 3198 ἐπιμιξίας
867 3147 881 3158 ·
920 3129 1052 3196 φασὶ
1084 3129 1194 3200 γὰρ
1221 3127 1296 3190 ὡς
1324 3128 1418 3180 ὲάν
1443 3146 1528 3191 τις
1553 3127 1706 3198 τύχοι

1821 3126 1920 3181 fert
1949 3128 2151 3181 terreni
2179 3141 2302 3181 cum
2333 3127 2584 3194 paradiso
2633 3129 2976 3196 commercii;
3017 3133 3169 3186 aiunt
3209 3133 3376 3196 enim,

137 3223 352 3293 πυρετῷ
379 3221 565 3292 λαύρῳ
609 3221 955 3292 φλεγόμενος,
991 3223 1071 3284 είς
1111 3221 1202 3274 τὸν
1239 3221 1482 3290 ποταμὸν
1514 3219 1709 3290 βαπτι-

137 3312 394 3382 σάμενος,
425 3312 740 3383 παραυτίκα
790 3313 884 3364 τοῦ
929 3313 1232 3383 νοσήματος
1279 3311 1705 3365 ἀπαλλάττεται.

145 3404 200 3456 '0
233 3405 290 3457 δὲ
319 3405 538 3475 Τίγρης
585 3405 680 3457 καὶ
721 3403 1034 3475 Εὐφράτης,
1061 3395 1217 3458 ’διότι
1255 3404 1577 3457 καταδύουσι
1619 3404 1712 3456 καὶ

135 3493 288 3546 πάλιν
308 3493 646 3564 ἀνίσχουσιν,
665 3492 815 3546 οὐδὲν
836 3491 1042 3544 ὲκεῖθεν
1064 3491 1314 3544 δύνανται
1340 3490 1582 3560 κομίζειν
1596 3489 1670 3553 ὡς
1684 3491 1713 3543 ὁ

137 3587 400 3656 Ὕφασις.
437 3587 570 3640 Οὐδὲ
585 3603 648 3654 γε
673 3587 702 3638 ὁ
721 3585 930 3649 Νεῖλος·
963 3583 1056 3638 καὶ
1077 3585 1185 3654 γὰρ
1199 3583 1290 3636 καὶ
1306 3583 1488 3635 τοῦτον
1507 3579 1712 3633 ἐκεῖθεν

135 3680 241 3750 ῥεῖν
261 3680 296 3750 ἡ
323 3678 576 3740 Μωσέως
609 3677 862 3730 ἐπίπνοια
903 3674 1069 3743 λέγει,
1121 3672 1273 3744 Γηὼν
1311 3671 1472 3726 αὐτὸν
1519 3669 1714 3740 ὀνομά-

137 3775 324 3838 ζουσα·
364 3773 428 3826 ὃν
459 3774 509 3826 οξ
539 3773 668 3842 παρ’
699 3771 955 3841 Ἕλλησιν
1003 3767 1298 3836 Αἰγύπτιον
1339 3765 1584 3818 ἐκάλουν.
1611 3755 1714 3816 Οὗ-

133 3881 240 3928 τος,
272 3865 350 3928 ὡς
390 3863 506 3917 ἔστι
558 3861 872 3933 συμϐαλεῖν,
926 3857 1171 3930 ἐξορμῶν
1215 3857 1306 3912 τοῦ
1355 3854 1709 3928 Παραδείσου,

137 3959 260 4028 πρὶν
281 3957 384 4010 ἐπὶ
405 3956 466 4008 τὸ
489 3954 800 4024 οἰκούμενον
829 3953 1051 4022 φθάσαι,
1077 3949 1492 4020 καταδυόμενος,
1525 3946 1714 3998 ἔπειτα

134 4049 228 4118 τὴν
261 4046 498 4117 Ἰνδικὴν
538 4045 804 4098 θάλατταν
848 4041 1095 4097 ὑπελθὼν
1126 4041 1225 4104 ἔτι,
1281 4041 1375 4094 καὶ
1423 4039 1606 4108 κύκλῳ
1647 4055 1711 4106 γε

135 4141 296 4210 aia-rip
323 4137 712 4210 περιελιχθεὶς,
735 4137 809 4200 ὡς
837 4137 1052 4189 εἰκάσαι
1075 4134 1187 4204 (65)
1205 4175 1218 4196 ,
1247 4133 1352 4204 (τίς
1366 4131 1474 4203 γὰρ
1506 4127 1714 4200 ἀνθρώ-

136 4249 248 4284 πων
277 4229 614 4304 ἁκριϐώσειε
631 4229 790 4282 τοῦτο
811 4245 825 4292 ;
849 4229 868 4298 )
900 4227 994 4280 καὶ
1019 4226 1124 4279 ὑπὸ
1154 4221 1333 4278 πᾶσαν
1351 4222 1448 4293 τὴν
1479 4223 1534 4274 ὲν
1565 4221 1713 4290 μέσῳ

135 4327 234 4396 γῆν
253 4323 500 4394 ἐνεχθεὶς
520 4323 681 4394 μέχρι
706 4321 804 4391 τῆς
847 4319 1114 4391 Ἐρυθρᾶς
1144 4317 1438 4386 θαλάσσης,
1463 4313 1557 4366 καὶ
1581 4309 1712 4364 ταύ-

1735 3171 1778 3230 C

1819 3219 1867 3274 si
1893 3219 2018 3289 quis
2040 3219 2420 3274 ardentissima
2448 3218 2597 3274 febre
2621 3233 2924 3290 correptus,
2971 3223 3024 3276 in
3066 3223 3170 3280 hoc
3210 3225 3379 3279 ﬂuvio

1823 3321 2122 3382 mergatur,
2159 3327 2284 3366 eum
2334 3309 2620 3366 confestim
2675 3312 2870 3367 morbo
2925 3313 3164 3368 liberari.
3206 3314 3384 3384 Tigris

1821 3413 2008 3459 contra
2079 3411 2136 3457 et
2197 3403 2525 3473 Euphrates,
2591 3413 2876 3473 propterea
2945 3405 3091 3475 quod
3175 3417 3380 3462 terram

1822 3493 2058 3550 subeunt
2107 3507 2170 3546 ac
2217 3508 2410 3548 rursus
2464 3503 2768 3563 emergunt,
2825 3494 2964 3548 nihil
2997 3495 3124 3549 inde
3175 3496 3387 3550 deferre

1821 3593 2052 3654 possunt
2103 3583 2326 3652 perinde
2380 3598 2445 3637 ac
2491 3581 2780 3654 llyphasis.
2831 3583 2938 3638 Sed
2983 3600 3160 3654 neque
3197 3586 3387 3653 Nilus;

1821 3690 1949 3729 nam
2003 3675 2148 3728 hunc
2205 3689 2420 3744 quoque
2475 3689 2538 3728 ex
2591 3677 2844 3743 paradiso
2893 3675 3061 3730 ﬂuere
3113 3685 3382 3732 testantur

1821 3765 2024 3837 Moysis
2059 3767 2302 3830 oracula,
2337 3781 2458 3836 quae
2487 3766 2638 3820 illum
2671 3766 2809 3822 Gion
2859 3769 3164 3836 appellant;
3209 3771 3381 3824 (ἰτωοί

1821 3871 1950 3910 vero
1980 3854 2290 3926 Egyptium
2318 3856 2448 3910 olim
2472 3856 2843 3910 nominarunt.
2885 3856 3006 3923 Hic,
3035 3866 3094 3911 ut
3117 3859 3386 3928 conjicere

1821 3945 1967 4012 licet,
1998 3961 2062 4000 ex
2095 3946 2344 4015 paradiso
2393 3962 2708 4017 erumpens,
2747 3949 3068 4019 priusquam
3107 3951 3173 4004 ad
3209 3953 3384 4022 regio-

1821 4051 1946 4090 nem
1973 4037 2327 4091 habitabilem
2351 4038 2649 4106 perveniat,
2677 4049 2820 4094 terra
2849 4040 3158 4109 absorptus,
3188 4041 3386 4098 deinde

1821 4124 2067 4180 Indicum
2099 4141 2247 4180 mare
2271 4127 2512 4190 subiens,
2543 4135 2596 4181 et
2631 4127 2778 4182 circa
2817 4129 2945 4184 illud
2979 4129 3032 4184 in
3074 4131 3283 4197 orbem,
3325 4145 3388 4187 ut

1821 4217 2082 4274 credibile
2125 4228 2230 4283 est,
2265 4218 2713 4284 circumvolutus,
2753 4221 2898 4290 (quis
2929 4222 3072 4275 enim
3107 4221 3387 4279 hominum

1823 4309 1874 4362 id
1897 4317 2086 4362 exacte
2111 4307 2478 4378 cognoverit?)
2508 4309 2747 4377 posthaec
2783 4310 2885 4364 sub
2913 4311 3165 4367 universa
3197 4313 3389 4368 tellure

135 4389 230 4486 την
249 4389 728 4486 ὑποδραμῶνξέπὶ
761 4389 985 4484 θάτερον
1026 4410 1198 4481 αὐτῆς
1223 4407 1489 4463 ἐκδίδοται
1528 4405 1709 4476 μέρος,

1821 4415 1942 4470 qtue
1969 4401 2023 4453 in
2055 4398 2234 4454 medio
2261 4407 2365 4467 est,
2392 4415 2566 4470 usque
2596 4401 2664 4454 ad
2695 4399 2938 4455 Rubrum
2963 4417 3114 4457 mare
3140 4404 3388 4460 oecultus

1375 4576 1616 4620 VALESll
1653 4572 2148 4618 ANNOTATIONES.

137 4711 316 4764 raneis
383 4709 672 4763 intellexit.
736 4707 1105 4776 Explicandus
1146 4705 1330 4775 potius
1390 4713 1473 4759 est
1512 4719 1719 4776 _versus

137 4779 222 4834 ille
265 4781 428 4850 juxta
467 4777 800 4850 sententiam
822 4773 1102 4839 'veterum,
1137 4773 1230 4844 qui
1259 4785 1466 4850 terram
1501 4773 1718 4850 Oceano

137 4843 282 4905 velut
341 4849 702 4904 fundamento
767 4859 1078 4916 superstare
1144 4843 1513 4901 crediderunt.
1572 4843 1719 4898 Idem

137 4931 280 4975 certe
312 4919 586 4988 repetitur
611 4921 666 4972 in
697 4919 906 4985 psalmo
933 4933 1132 4979 cxxxv,
1164 4917 1216 4969 6.

203 4992 318 5060 (62)
345 4982 460 5044 Kal
489 4989 602 5056 τὴν
619 4982 811 5054 βάσιν
831 4989 1034 5054 αὐτοῖς
1061 4985 1518 5060 κρᾳτυηάμενος.
1545 4982 1718 5060 Etiam

135 5055 235 5116 hoc
283 5061 414 5116 loco
475 5055 824 5114 scribendum
891 5065 976 5113 est
1021 5055 1212 5125 αὐτῆς.
1263 5055 1465 5119 Quodsi
1529 5055 1720 5125 vulga-

135 5143 238 5184 tam
295 5134 632 5200 scripturam
683 5130 923 5200 retinere
963 5124 1340 5200 ιξοΙυθιῆῐιιιιε,Δ
1384 5140 1488 5178 vox
1537 5124 1721 5185 αὐτοῖς

135 5194 432 5254 referenda
487 5202 592 5254 erit
639 5199 706 5253 ad
773 5199 1102 5253 vocabulum
1169 5194 1526 5265 κολπώμασι,
1599 5209 1722 5262 quae

135 5273 266 5325 nihil
295 5273 452 5326 aliud
484 5285 648 5339 quam
694 5270 874 5322 sinum
913 5285 1010 5324 seu
1053 5269 1317 5338 gremium
1357 5275 1516 5320 terra:
1554 5265 1722 5334 signi-

131 5345 272 5395 licat.

1893 4701 2005 4771 (65)
2031 4696 2172 4754 Κατ’
2204 4699 2337 4771 ἔτος
2373 4700 2466 4754 ἐπ’
2511 4699 2685 4768 αὐτῇ.
2734 4703 3017 4756 Assentior
3055 4701 3214 4757 Luca:
3259 4701 3388 4758 Hol-

1824 4770 2022 4834 stenio,
2059 4771 2148 4840 qui
2185 4770 2250 4840 ad
2287 4772 2428 4826 latus
2461 4773 2544 4824 sui
2589 4774 2790 4826 codicis
2835 4775 3110 4826 adnotavit
3143 4774 3388 4828 scriben-

1826 4841 1950 4896 Jum
1975 4839 2095 4896 esse
2124 4839 2385 4910 καθέτως.
2411 4842 2464 4895 id
2488 4851 2591 4904 est,
2619 4843 3137 4910 perpendiculariter.

1893 4910 2004 4982 (64)
2047 4909 2182 4982 ’Υπῤ
2212 4909 2327 4982 γῆς
2353 4910 2510 4975 ἄπας
2545 4913 2658 4979 ρεῒ.
2701 4909 3056 4966 Scribendum
3085 4921 3168 4966 est
3195 4915 3384 4982 procul

1822 4980 2019 5051 dubio,
2076 4980 2216 5048 ὑπὲρ
2247 4980 2407 5051 -γῆς,
2463 4983 2918 5049 quemadmodum
2987 4980 3210 5050 legitun
3245 4985 3388 5051 apud

1821 5049 2210 5132 Nicephorum.
2247 5049 2409 5119 quue
2443 5066 2510 5104 ex
2554 5053 2908 5121 sequentibus
2939 5049 3226 5108 manifeste
3252 5049 3388 5108 con-

1823 5130 2080 5174 \‘lﬂClllll‘.

1894 5189 2010 5258 (65)
2085 5188 2178 5254 Ὡς
2256 5188 2513 5246 εἰκάσαι.
2592 5192 2786 5246 Deesse
2856 5192 3068 5246 videtur
3139 5209 3388 5247 vernum.

1825 5259 1982 5346 quod
2030 5261 2270 5330 suppleri
2319 5270 2495 5330 potest
2543 5261 2648 5317 hoc
2703 5263 2864 5338 modo
2916 5282 2929 5316 :
2985 5263 3060 5326 ὡς
3111 5263 3258 5316 ἔστιν
3311 5267 3390 5316 εξ-

1826 5347 2012 5386 κασαι.

1602 5459 1954 5513 νΑιιιοιιυΜ,

199 5573 288 5650 (τι)
315 5577 574 5632 Φεισὼν.
598 5578 832 5650 Aeacius
864 5575 1226 5650 Ctesariensis
1261 5575 1314 5650 in
1347 5575 1550 5630 Catena
1571 5575 1709 5650 Grai-

1821 5573 2072 5650 δεύτερος
2111 5571 2580 5650 _I‘et‘ovlﬁpitog
2598 5575 2894 5650 suppara,
2912 5575 3185 5650 fétapfog
3221 5575 3410 5650 Ἐδδεσχ

129 5647 321 5705 eorum
357 5649 582 5702 Patrum
611 5649 691 5703 sic
716 5649 782 5703 de
811 5659 1045 5717 quatuor
1079 5647 1397 5700 ﬂuminibus
1423 5647 1658 5714 paradisi
1691 5664 1706 5700 :

131 5722 210 5798 Τὰ
263 5721 382 5772 τῶν
439 5721 722 5798 τεσσάρων
777 5715 1038 5798 ποταμῶν
1061 5717 1301 5798 ὀνόματα
1354 5719 1446 5798 καὶ
1493 5717 1562 5798 τὰ
1613 5717 1710 5798 μζ(
1817 5715 2042 5785 Τίγρης.

139 5789 417 5864 Ἐϐραίως
449 5789 594 5844 οὕτω
616 5785 898 5842 καλεῖται’
923 5785 954 5842 ό
985 5789 1080 5860 μὲν
1119 5785 1330 5858 πρῶτος
1355 5785 1576 5852 Φεισὼν,
1605 5789 1632 5839 ὁ
1659 5787 1716 5839 δὲ

1819 5645 1955 5715 κέμ·
1981 5643 2135 5714 παρά
2176 5644 2232 5695 δὲ
2264 5643 2490 5714 Ἕλλησι
2541 5643 2722 5715 Γάγγῃ

2733 5663 2779 5711 ς,
2833 5645 3042 5711 Νεῖλος,
3064 5645 3366 5718 Εὐφράτης
