3828 6304
448 303 549 360 495

1810 300 2297 359 PHILOSTORGII

3582 301 3690 358 696

449 422 620 477 lluens
643 437 706 476 ac
731 421 836 476 sub
863 423 980 490 ipso
1010 421 1174 476 etiam
1206 421 1344 476 mari
1383 421 1571 476 Rubro
1615 421 2012 490 subterlapsus.

2126 421 2223 475 ὑπὸ
2255 420 2316 474 τὸ
2345 419 2444 492 τῆς
2468 419 2706 492 Σελήνης
2736 420 3064 491 καλούμενον
3087 421 3231 490 ὅρος.
3269 419 3356 473 Ἐν
3390 411 3435 486 ᾧ
3463 418 3558 471 δύο
3583 437 3691 490 πη-

449 515 516 568 ad
546 514 776 568 alterum
820 513 938 583 ejus
982 512 1126 568 latus
1153 515 1409 585 erumpit,
1463 515 1566 570 sub
1598 529 1663 568 eo
1695 523 1878 568 monte
1924 513 2018 584 qui

2119 510 2220 580 γὰς
2267 509 2484 579 λέγεται
2539 513 2714 572 ποιεῖν
2769 511 3028 582 μεγάλας,
3077 510 3320 582 ἀλλήλων
3368 511 3469 564 οὐκ
3513 510 3692 578 ὀλίγον

451 602 620 659 Luna:
655 614 898 658 vocatur.
917 603 1168 670 ,lbiduos
1199 604 1378 661 fontes
1405 605 1674 660 maximos
1702 603 1912 660 edicere
1937 605 2020 659 di-

2126 603 2463 674 Βιεστηκυίας
2519 602 2763 657 κάτωθεν
2807 603 2996 673 βιαίως
3049 603 3548 676 άναρυὸδουμένας.
3585 605 3693 656 Καὶ

452 695 614 761 citur,
645 711 749 750 non
783 697 995 751 modico
1023 698 1312 753 intervallo
1358 713 1390 751 a
1438 713 1497 752 se
1544 697 1780 752 invicem
1813 697 2021 752 distan-

455 797 556 849 les,
583 788 674 856 qui
711 803 773 842 ex
807 786 915 843 imo
943 787 1208 843 violenter
1246 790 1300 842 in
1359 787 1590 844 sublime
1637 794 2018 858 prorumpunt.

455 877 592 933 Hinc
632 894 726 948 per
772 877 1106 950 EthiOpiam
1156 881 1340 950 lapsus
1389 881 1443 934 in
1480 879 1772 951 Egyptum
1827 880 2018 946 fertur,

453 989 551 1043 per
574 974 833 1041 abruptos
862 973 1112 1042 sc0pulos
1140 973 1525 1042 praecipitatus.

529 1063 614 1116 11.
658 1062 928 1114 Animalia
971 1062 1270 1116 orientalia.
1319 1093 1389 1103 ———
1431 1064 1522 1118 Ait
1575 1063 1886 1118 universam
1939 1079 2022 1118 re-

454 1153 668 1220 gionem
701 1167 822 1222 quae
851 1153 916 1207 ad
949 1153 1081 1209 solis
1119 1162 1298 1208 ortum
1337 1164 1392 1208 et
1434 1155 1578 1208 circa
1609 1153 1890 1209 meridiem
1918 1154 2021 1209 sita

453 1255 558 1306 est,
582 1246 832 1314 quamvis
880 1246 1176 1302 immodico
1223 1255 1356 1301 aestu
1395 1256 1684 1311 torreatur,
1717 1255 1913 1301 cuncta
1940 1253 2021 1299 ta-

455 1352 576 1391 men
602 1353 724 1408 quae
749 1347 889 1392 terra
919 1339 1166 1408 marique
1206 1341 1525 1411 gignuntur,
1557 1340 1716 1411 longe
1745 1341 1948 1409 optima
1969 1348 2023 1394 et

454 1429 690 1482 maxima
720 1431 1039 1499 producere.
1082 1431 1212 1485 Nam
1269 1441 1324 1486 et
1380 1432 1617 1486 balaanas
1675 1432 2020 1487 incredibilis

454 1523 842 1592 magnitudinis
880 1537 949 1577 eo
997 1523 1051 1577 in
1083 1525 1220 1578 mari
1257 1524 1467 1590 inesse,
1499 1539 1620 1594 quae
1651 1539 2022 1594 saepenumero

453 1635 551 1686 per
579 1617 854 1673 Oceanum
889 1617 1039 1672 illum
1073 1619 1452 1688 navigantibus
1479 1620 1605 1674 visa:
1648 1628 1776 1673 sunt
1814 1634 1845 1673 e
1874 1619 2022 1688 pela-

454 1721 523 1774 go
549 1715 904 1776 emergentes.
954 1707 1122 1761 Terra
1163 1721 1382 1777 quoque
1425 1707 1516 1762 illa
1560 1707 1830 1762 maximos
1861 1707 2022 1761 habet

2119 694 2207 748 διὰ
2239 694 2339 764 τῆς
2376 693 2660 757 Αἰθιοπίας
2690 692 2928 764 ἐνεχθεὶς
2954 693 3046 748 ἐπὶ
3081 693 3178 763 τὴν
3204 693 3478 763 Αἴγυπτον
3503 695 3690 764 χωρεῖ.

2118 783 2206 837 διὰ
2237 784 2450 855 πετρῶν
2467 784 2813 856 ὑψηλοτάτων
2842 782 3330 855 καταραττόμενος.

2194 1052 2282 1099 ια’.
2320 1046 2442 1098 Ὅτι
2475 1049 2640 1115 φησιν
2671 1047 2816 1100 ἅπαν
2846 1046 2906 1098 τὸ
2933 1045 3069 1117 πρὸς
3105 1046 3396 1116 ἀνίσχοντα
3425 1045 3580 1115 ἥλιον
3603 1046 3694 1097 καὶ

2123 1137 2250 1208 περὶ
2273 1135 2371 1208 τήν
2398 1135 2744 1208 μεσημϐρίαν
2786 1137 2976 1208 κλίμα,
3007 1137 3183 1191 καίτοι
3207 1139 3348 1208 πέρα
3366 1136 3460 1190 τοῦ
3493 1138 3691 1208 μέτρου

2122 1227 2476 1300 θαλπόμενον,
2504 1230 2652 1300 ὅμως
2685 1231 2753 1284 τὰ
2799 1231 3066 1302 κράτιστα
3111 1231 3206 1284 καὶ
3243 1230 3476 1301 μέγιστα
3510 1231 3694 1301 φέρειν

2119 1319 2228 1372 τῶν
2248 1321 2350 1374 ὅσα
2369 1319 2442 1390 γῆ
2468 1322 2562 1374 καὶ
2592 1320 2830 1373 Θάλαττα
2857 1321 3056 1391 δυνατὴ
3092 1320 3332 1392 τρέφειν.
3369 1321 3450 1374 Τά
3481 1337 3544 1373 τε
3585 1321 3694 1391 γὰρ

2120 1413 2260 1484 κήτη
2292 1411 2359 1466 τὰ
2377 1411 2731 1483 ὑπερμεγέθη
2759 1411 2932 1486 ταύτῃ
2977 1415 3178 1467 ἐνεῖναι
3203 1415 3269 1483 τῇ
3305 1411 3572 1482 θαλάττηο
3603 1414 3697 1464 καὶ

2120 1503 2221 1574 ήδη
2250 1502 2407 1574 ὤφθη
2446 1504 2704 1567 πολλάκις
2741 1504 3148 1558 ἐπιπολάσαντα
3184 1507 3297 1568 τοῖς
3326 1505 3421 1558 τον
3451 1505 3695 1557 ὠκεανὸν

2120 1595 2324 1648 ἐκεῖνον
2377 1595 2830 1664 ναυτιλλομένοις.
2891 1595 2964 1648 Ἦ
3009 1612 3068 1647 τε
3109 1596 3180 1666 γῆ
3234 1597 3358 1659 τοὺς
3398 1596 3696 1664 ἐλέφαντας

2122 1685 2234 1756 ἔχει
2258 1688 2382 1750 τοὺς
2411 1687 2698 1756 μεγίστους
2724 1689 2819 1742 καὶ
2851 1689 3347 1760 ὑπερφυεστάτους.
3370 1690 3481 1742 Καὶ
3509 1691 3573 1761 δὴ
3602 1692 3694 1744 καὶ

454 1800 772 1869 elephantos
812 1814 877 1854 ac
921 1799 1278 1854 vastissimos.
1319 1797 1426 1853 Eos
1473 1799 1599 1854 item
1649 1799 1742 1869 qui
1783 1799 2018 1854 taurele—

2126 1779 2248 1841 τοὺς
2277 1779 2717 1850 ταυρελέφαντας
2745 1779 3068 1851 λεγομένους
3088 1799 3101 1812 ο
3128 1775 3203 1834 ὧν
3229 1781 3289 1834 τὸ
3312 1782 3411 1852 μὲν
3443 1782 3604 1850 γένος
3629 1784 3695 1836 τὰ

455 1892 642 1962 phanti
681 1893 936 1948 dicuntur
981 1911 996 1946 :
1041 1892 1183 1962 quod
1233 1892 1535 1947 belluarum
1588 1907 1780 1964 genus,
1825 1901 2017 1946 calere

454 1985 673 2056 quidem
707 1983 804 2039 bos
837 1991 920 2039 est
952 1984 1223 2038 maximus
1248 2023 1263 2048 ,
1310 1984 1462 2038 corio
1509 1992 1688 2038 autem
1734 1994 1788 2040 et
1831 1985 2016 2039 colore

454 2077 595 2133 cutis
636 2085 689 2131 et
711 2075 1078 2145 magnitudine
1116 2074 1288 2130 ferme
1321 2074 1564 2144 elephas.
1596 2073 1707 2130 Hoc
1730 2075 1874 2131 enim
1903 2077 2021 2129 ani-

454 2171 564 2225 mal
590 2171 704 2240 ipse
727 2169 857 2230 vidi,
886 2183 1008 2222 cum
1047 2167 1112 2222 ad
1157 2165 1435 2221 Romanos
1464 2167 1701 2222 delatum
1734 2176 1910 2222 esset:
1939 2165 2022 2220 id—

455 2279 561 2331 que
585 2262 731 2332 quod
756 2260 860 2314 vidi
894 2259 1092 2316 scribo.
1127 2258 1267 2313 Sunt
1296 2268 1552 2329 praeterea
1584 2259 1728 2328 apud
1752 2259 1875 2314 illos
1897 2261 2020 2314 dra-

453 2369 641 2419 cones,
682 2353 1042 2409 crassitudine
1071 2352 1288 2421 quidem
1327 2350 1572 2406 trabibus
1597 2350 1872 2421 aequales:
1899 2352 2022 2406 lon-

453 2446 699 2517 gitudine
726 2460 854 2499 vero
875 2444 940 2499 ad
969 2443 1277 2514 quindecim
1309 2458 1482 2513 usque
1501 2443 1717 2513 orgyias
1741 2444 2018 2512 protensi;

455 2553 579 2592 nam
619 2548 674 2592 et
725 2538 921 2609 horum
973 2535 1140 2605 pelles
1193 2535 1260 2589 ad
1329 2533 1701 2588 Romanorum
1763 2535 2020 2589 ditionem

453 2628 688 2698 perlatas
745 2627 873 2680 vidi.
917 2625 1234 2680 Monoceros
1289 2624 1417 2680 item
1473 2625 1674 2679 animal
1727 2626 1872 2695 apud
1927 2641 2022 2681 eos

454 2719 719 2780 nascitur,
752 2723 914 2787 caput
951 2715 1170 2786 quidem
1202 2715 1456 2770 draconis
1481 2715 1707 2781 habens,
1737 2715 1839 2770 nisi
1877 2716 2020 2786 quod

454 2822 628 2862 cornu
672 2807 993 2871 ﬂexuosum,
1041 2821 1148 2860 non
1186 2805 1260 2860 ita
1299 2821 1553 2875 magnum
1593 2806 1642 2860 ei
1679 2806 2038 2872 innascitur;-

456 2907 696 2953 mentum
756 2899 876 2966 ejus
939 2899 1208 2968 integrum
1273 2897 1443 2952 barba
1507 2900 1756 2954 vestitur.
1829 2899 2024 2954 Cervi:

456 2990 616 3059 longa
657 2990 711 3044 in
755 2989 983 3043 sublime
1042 2996 1319 3058 protensa,
1375 2989 1442 3043 ad
1503 2988 1757 3044 draconis
1812 2999 2023 3045 tractus

453 3082 860 3136 similitudinem
913 3081 1154 3151 proxime
1207 3081 1487 3138 accedens.
1558 3080 1841 3151 Reliquum
1899 3097 2021 3138 cor-

453 3189 556 3242 pus
597 3171 741 3228 cervi
777 3171 954 3240 potius
995 3169 1607 3226 similitudinem'refert
1638 3189 1651 3226 :
1680 3174 1844 3242 pedes
1895 3187 2022 3227 vero

453 3265 626 3320 leonis
679 3263 872 3328 habet;
922 3262 1040 3332 ejus
1109 3261 1334 3334 elligiem
1395 3262 1866 3332 ConstantinOpoli
1923 3263 2021 3318 de-

453 3357 651 3424 pictam
707 3353 833 3406 licet
899 3353 1139 3406 cernere.
1205 3351 1311 3406 Sed
1351 3359 1404 3406 et
1467 3335 1913 3422 camelopardalis
1965 3353 2021 3408 in

453 3444 640 3498 eadem
676 3443 895 3512 regione
934 3443 1195 3498 nascitur.
1231 3440 1362 3508 Quae
1398 3452 1593 3497 caetera
1647 3443 1860 3512 quidem
1905 3459 2022 3498 cer-

454 3551 554 3589 vus
593 3545 674 3590 est
717 3534 1018 3600 maximus;
1056 3535 1382 3603 proceritate
1412 3549 1540 3588 vero
1575 3535 1768 3589 cameli
1824 3549 2021 3604 corpus

453 3626 666 3681 videtur
699 3625 936 3692 imitari;
991 3626 1186 3680 collum
1227 3625 1446 3695 quidem
1489 3625 1888 3695 longissimum,
1924 3641 2023 3681 nec

455 3713 645 3783 reliqui
715 3713 962 3783 corporis
1014 3713 1352 3783 proportioni
1417 3712 1777 3782 respondens,
1819 3714 1872 3768 in
1925 3729 2020 3768 su-

453 3805 618 3860 blime
674 3814 913 3860 erectum
960 3813 1167 3876 gestat;
1217 3806 1376 3875 pellis
1419 3814 1601 3860 autem
1653 3814 1763 3860 tota
1802 3822 1831 3860 a
1868 3822 2019 3860 sum—

454 3913 544 3950 mo
601 3899 801 3953 vertice
852 3914 1025 3969 usque
1075 3898 1141 3952 ad
1193 3898 1333 3953 imos
1391 3898 1577 3966 pedes,
1640 3897 1898 3952 varietate
1949 3899 2022 3951 si-

454 3988 679 4043 millima
711 3996 793 4044 est
838 3989 1007 4058 pardo
1033 4005 1046 4054 ;
1070 3989 1234 4058 pedes
1266 3989 1593 4053 anteriores,
1630 3989 2021 4058 posterioribus

453 4079 675 4135 altiores
717 4081 894 4135 habet.
922 4079 1019 4136 Est
1059 4080 1223 4136 etiam
1268 4081 1410 4150 apud
1457 4081 1581 4136 illos
1631 4080 2017 4150 aegOpithecus.

453 4171 628 4226 simiae
653 4185 824 4242 genus
854 4173 1126 4242 quoddam
1153 4191 1168 4228 :
1209 4172 1446 4242 plurima
1486 4173 1631 4227 enim
1664 4181 1793 4227 sunt
1823 4187 2018 4241 genera

454 4262 760 4318 simiarum.
791 4261 926 4318 Nam
956 4274 1009 4320 et
1031 4265 1364 4336 arcopitheci
1395 4273 1526 4320 sunt
1554 4275 1608 4320 et
1637 4264 2018 4334 leontopitheci

451 4363 507 4408 et
539 4355 912 4425 cynocephali,
945 4355 1067 4412 aliis
1108 4366 1273 4426 atque
1319 4357 1442 4412 aliis
1480 4357 1797 4412 animalium
1831 4355 2020 4410 formis

2123 1871 2220 1940 μὲν
2246 1871 2379 1925 ἄλλα
2401 1872 2577 1926 πάντα
2607 1871 2732 1942 βοῦς
2782 1873 2899 1925 ἐστι
2945 1872 3224 1943 μέγιστος·
3257 1875 3352 1943 τὴν
3389 1875 3447 1926 δὲ
3490 1875 3697 1946 βύρσαν

2120 1963 2213 2015 καὶ
2239 1963 2298 2016 τὸ
2327 1963 2524 2034 χρῶμα
2553 1963 2747 2033 ἐλέφας
2779 1964 2872 2016 καὶ
2894 1963 3077 2034 σχεδὸν
3112 1965 3283 2017 εἰπεῖν
3317 1967 3411 2017 καὶ
3442 1966 3506 2018 τὸ
3529 1966 3693 2036 μέγε-

2121 2053 2230 2116 θος.
2257 2055 2366 2108 Καὶ
2393 2055 2501 2126 γὰρ
2525 2057 2603 2118 είς
2640 2054 2940 2124 Ῥωμαίους
2979 2055 3236 2126 κομισθὲν
3263 2055 3323 2108 τὸ
3353 2054 3494 2118 ζῶον
3545 2056 3696 2109 ὲθεα-

2123 2145 2330 2216 σὰμην·
2373 2147 2467 2200 καὶ
2495 2147 2557 2200 τὸ
2597 2147 2774 2217 θέαμα
2815 2149 3030 2218 γράφω.
3075 2147 3236 2200 Ἀλλά
3262 2148 3356 2200 καὶ
3404 2148 3697 2219 δράκοντες

2121 2240 2178 2290 ὲν
2206 2238 2415 2302 τούτοις
2445 2238 2574 2305 είσὶ,
2600 2239 2771 2309 πάχος
2791 2238 2890 2309 μὲν
2917 2238 3088 2291 δοκῶν
3111 2239 3209 2292 οὑκ
3231 2239 3488 2303 ἐλάττους
3507 2257 3521 2269 ·
3555 2240 3618 2292 τὸ
3641 2241 3696 2293 δὲ

2125 2329 2298 2399 μῆκος
2345 2332 2424 2393 είς
2480 2329 2775 2383 δεκαπέντε
2814 2331 3269 2403 παρατεινόμενον
3317 2332 3555 2403 ὀργυιάς
3589 2333 3694 2402 (α)’

2122 2423 2216 2476 καὶ
2247 2422 2356 2493 γὰρ
2374 2422 2694 2475 καὶτούτων
2709 2422 2805 2487 τὰς
2823 2424 2983 2496 δορὰς
3005 2427 3082 2489 είς
3109 2424 3408 2495 Ῥωμαίους
3429 2428 3697 2499 ἀποκομι-

2125 2513 2341 2575 σθείσας
2368 2506 2530 2567 εἶδον.
2561 2513 2628 2568 Ὅ
2649 2531 2709 2568 τε
2751 2516 3060 2587 μονόκερως
3089 2515 3149 2570 τὸ
3188 2516 3324 2581 ζῶον
3357 2520 3490 2590 παρ’
3519 2521 3696 2586 abaci;

2125 2603 2262 2664 ἐστι,
2295 2601 2393 2672 τὴν
2438 2602 2537 2673 μὲν
2581 2603 2822 2676 κεφαλὴν
2859 2605 3152 2675 δράκοντος
3185 2607 3386 2681 φέρων,
3432 2610 3606 2682 κέρας
3639 2613 3693 2665 δὲ

2126 2693 2343 2747 σκολιὸν
2372 2694 2520 2766 αὑτῷ
2551 2695 2815 2764 πέφυκεν,
2856 2696 2975 2750 οὔτι
3019 2697 3222 2768 σφόδρα
3253 2699 3429 2769 μέγα·
3460 2703 3491 2754 ὁ
3523 2702 3581 2754 δὲ
3607 2703 3698 2756 ἀν·-

2125 2785 2326 2854 θερεὼν
2348 2785 2495 2856 αὑτῷ
2523 2785 2779 2854 πώγωνος
2805 2788 3218 2858 ὑποπίμπλαται
3267 2790 3436 2854 ἅπας.
3473 2794 3698 2865 Μακρὸς

2123 2876 2180 2929 δὲ
2203 2879 2230 2930 ὁ
2263 2876 2530 2948 τράχηλος
2556 2879 2638 2941 είς
2667 2877 2798 2947 ὕψος
2828 2880 3261 2950 ἀνατεινόμενος,
3302 2881 3446 2953 ὀλκῷ
3473 2885 3698 2955 δράκον-

2123 2973 2216 3030 τος
2239 2967 2514 3035 ἐγγύτατα
2542 2968 2943 3040 παραπλήσιος.
2979 2971 3052 3023 Τὸ
3079 2971 3137 3024 δὲ
3166 2972 3294 3025 ἄλλο
3326 2973 3490 3044 σῶμα
3515 2975 3697 3047 ἐλάφῳ

2126 3058 2413 3130 προσέοικε
2450 3059 2682 3130 μᾶλλον·
2716 3062 2841 3124 τοὺς
2879 3061 2937 3114 δὲ
2978 3062 3148 3127 πόδας
3185 3063 3394 3129 λέοντος
3428 3067 3578 3137 ἔχει·
3605 3069 3700 3121 καὶ

2050 3120 2092 3179 C
2126 3147 2239 3201 ἐστι
2276 3164 2340 3217 γε
2368 3147 2532 3202 αὐτοῦ
2565 3149 2626 3202 τὸ
2669 3149 2969 3220 ὲκτύπωμα
3016 3153 3149 3223 ὁρᾷν
3187 3154 3244 3204 ὲν
3285 3155 3698 3211 Κωνσταντίνου

2125 3235 2298 3294 πόλει.
2346 3239 2457 3292 Καὶ
2503 3238 2566 3310 δὴ
2611 3239 2706 3292 καὶ⁵
2749 3242 2782 3311 ή
2826 3241 3302 3314 καμηλοπάρδαλις
3341 3245 3438 3316 τῆς
3486 3247 3701 3318 ἐκείνης

2123 3331 2366 3404 γέννημα
2409 3331 2611 3402 χώρας.
2662 3334 2732 3384 Ἥ
2781 3334 2849 3386 τὰ
2899 3334 2996 3404 μὲν
3043 3335 3179 3390 ἄλλα
3219 3335 3413 3405 ἕλαφός
3450 3339 3568 3391 ἐστι
3607 3357 3701 3409 με-

2122 3428 2279 3500 γίστη
2301 3444 2315 3458 ⁸
2348 3427 2594 3499 καμήλου
2620 3427 2678 3481 δὲ
2702 3427 2835 3498 ὕψος
2858 3429 3082 3483 ἐνέδωκε
3110 3430 3171 3482 τὸ
3203 3430 3358 3502 σῶμα
3387 3432 3697 3502 μιμεῖσθαι·

2120 3519 2212 3572 τὸν
2254 3519 2436 3590 μέντοι
2483 3518 2683 3589 αὐχένα
2725 3521 2984 3590 μήκιστον
3007 3563 3022 3584 ,
3073 3521 3167 3574 καὶ
3199 3521 3339 3593 ὑπὲρ
3374 3521 3473 3592 τὴν
3510 3523 3702 3576 ἀναλο⁶

2120 3611 2244 3680 γίαν
2269 3611 2360 3664 τοῦ
2394 3609 2581 3664 λοιποῦ
2610 3610 2861 3682 σώματος
2890 3611 3044 3684 φέρει
3075 3615 3156 3678 είς
3195 3613 3327 3684 ὕψος
3365 3616 3698 3688 ἀνορθούμε-

2121 3719 2208 3757 νον
2227 3720 2240 3735 ·
2277 3703 2412 3758 ἀλλὰ
2435 3705 2530 3758 καὶ
2549 3702 2646 3774 τὴν
2675 3704 2838 3776 δορὰν
2871 3705 3087 3760 ἃπασαν
3127 3707 3234 3760 άπὸ
3258 3709 3502 3780 κεφαλῆς
3523 3711 3700 3779 ἄκρας

2121 3797 2225 3861 ἕως
2253 3797 2498 3869 ἐσχάτων
2546 3797 2726 3851 ποδῶν
2774 3798 3038 3870 παρδάλει
3100 3801 3332 3870 μάλιστα
3377 3803 3477 3872 τὴν
3519 3821 3697 3858 ποικι-

2120 3887 2239 3943 λίαν
2265 3890 2376 3961 (66)
2407 3890 2891 3962 προσφερεστάτην
2925 3891 3067 3961 ἔχει·
3108 3895 3202 3946 καὶ
3231 3894 3355 3957 τοὺς
3390 3893 3702 3966 ἔμπροσθεν

2121 3983 2287 4046 πόδας
2319 3983 2689 4053 ὑψηλοτάτους
2722 3984 2830 4037 τῶν
2867 3984 3062 4038 ὀπίσω.
3109 3987 3245 4058 Παρ’
3270 3988 3451 4050 αὐτοῖς
3489 3989 3548 4041 δέ
3585 3990 3701 4041 ἐστι

2120 4074 2214 4126 καὶ
2240 4074 2268 4126 ὁ
2290 4074 2582 4144 λεγόμενος
2614 4072 2992 4142 αίγοπίθηκος,
3018 4075 3247 4147 πίθηκός
3279 4094 3363 4139 τις
3387 4076 3493 4128 ὢν·
3533 4078 3701 4149 μυρία

2119 4164 2228 4234 γάρ
2257 4165 2374 4219 ἐστι
2404 4165 2535 4236 γένη
2570 4165 2845 4236 πιθήκων.
2898 4167 3279 4238 Ἀρκοπίθηκοι
3324 4169 3431 4239 γάρ
3480 4170 3618 4222 εἰσιν
3643 4173 3702 4224 ὲν

2120 4257 2325 4322 αὐτοῖς,
2380 4259 2473 4311 κα)¹
2533 4255 2956 4330 λεοντοπίθηκοι,
3011 4260 3104 4312 καὶ
3164 4259 3557 4326 κυνοκέφαλοιο
3606 4261 3700 4314 καὶ

2120 4347 2307 4410 ἄλλαις
2342 4347 2553 4400 πολλῶν
2583 4347 2738 4411 ζώων
2765 4349 2962 4412 εἰδέαις
2986 4349 3098 4418 (67)
3127 4350 3227 4416 τῆς
3257 4351 3545 4421 πιθηκείας
3568 4369 3702 4422 μορ-

451 4445 814 4514 permiseente
861 4460 919 4499 se
951 4444 1235 4499 simiarum
1267 4446 1462 4515 ﬁgura.
1496 4443 1665 4513 quue
1695 4451 1919 4512 apparet
1949 4459 2014 4495 ex

2126 4438 2234 4507 φῆς
2270 4439 2722 4510 ἐπιμιγνυμένης.
2751 4442 2861 4494 Καὶ
2892 4441 3052 4508 δῆλον
3093 4441 3266 4494 ταῦτά
3305 4443 3446 4508 ἐστι,
3490 4441 3700 4495 πολλῶν

453 4535 638 4589 multis
669 4534 982 4604 huiusmodi
1022 4535 1211 4589 bestiis
1245 4550 1367 4604 qum
1411 4534 1476 4587 ad
1525 4548 1624 4586 nos
1672 4540 2020 4600 comportan-

453 4634 585 4680 tur:
619 4626 926 4696 cujusmodi
961 4626 1123 4680 etiam
1170 4634 1253 4679 est
1291 4626 1337 4680 is
1381 4624 1474 4692 qui
1520 4639 1620 4692 pan
1662 4631 1906 4685 vocatur,
1941 4637 2024 4676 ca-

453 4720 582 4786 pite,
624 4717 798 4782 vultu,
835 4725 890 4771 et
919 4717 1179 4770 cornibus
1216 4731 1435 4786 capram
1469 4714 1732 4776 referens,
1767 4717 1836 4769 ab
1859 4716 2022 4770 ilibus

450 4814 705 4866 deorsum
742 4824 933 4864 versus
961 4808 1199 4878 caprinis
1231 4806 1484 4862 cruribus
1516 4805 1810 4871 insistens;
1837 4816 2022 4860 ventre

2128 4533 2208 4593 είς
2240 4532 2388 4601 ήμᾶς
2442 4530 2817 4602 κομιζομένων
2839 4548 2852 4562 ·
2891 4527 3001 4596 οἷος
3034 4533 3097 4604 δὴ
3129 4535 3222 4586 καὶ
3267 4534 3296 4586 ὁ
3337 4535 3443 4586 πὰν
3476 4535 3700 4604 ἐπικλη-

2128 4621 2237 4684 θεὶς
2273 4623 2525 4694 ὑπάρχει,
2569 4624 2627 4687 ὃς
2675 4623 2770 4694 τὴν
2827 4625 3066 4697 κεφαλὴν
3117 4626 3534 4696 αίγοπρόσωπός
3583 4629 3698 4679 ἐστι

2128 4713 2221 4766 καὶ
2256 4715 2576 4787 αἰγόκερως,
2609 4719 2703 4770 καὶ
2745 4721 2806 4771 ὲκ
2843 4718 3084 4786 λαγόνων
3136 4719 3202 4772 τὰ
3252 4719 3402 4772 κάτω
3447 4721 3699 4786 αἰγοσκε-

2128 4805 2244 4877 λης,
2281 4806 2380 4878 τὴν
2419 4808 2477 4861 δὲ
2518 4809 2724 4862 κοιλίαν
2757 4811 2851 4863 καὶ
2891 4810 2950 4861 τὸ
2995 4810 3210 4880 στέρνον
3249 4811 3342 4862 καὶ
3375 4810 3472 4872 τὰς
3514 4813 3697 4881 χεῖρας

1680 4979 1922 5023 VALESII
1959 4977 2433 5022 ANNO'I‘ATIONES

524 5115 809 5189 (66)_Tijr
861 5107 1452 5189 aromatum-Mallem
1503 5106 1740 5189 scribere
1789 5106 1855 5174 τῇ
1893 5119 2024 5189 οποι--

448 5173 815 5259 γιλίᾳίΡεὶιίιο
853 5192 974 5251 post
1008 5183 1170 5234 etiam
1203 5179 1570 5250 ὑψηλοτέρους
1599 5178 1718 5245 lego
1753 5173 1851 5244 pro
1886 5173 2025 5244 ὑψηο

446 5260 671 5312 λοτάτου
680 5274 722 5319 ς.

2206 5102 2318 5171 (67)
2352 5103 2459 5157 Καὶ
2485 5103 2702 5169 ἄλλαις
2732 5102 2979 5157 πολλῶν
3006 5103 3164 5169 ζώων
3189 5104 3427 5169 εἰδέαις.
3459 5103 3574 5158 Non
3600 5105 3698 5157 dn-

2133 5173 2246 5226 hilo
2275 5175 2404 5242 quin
2439 5175 2782 5228 scribendum
2815 5175 2907 5239 sil,
2935 5174 3120 5236 ἄλλαις
3151 5177 3242 5228 καὶ
3272 5176 3460 5239 ἄλλαις
3490 5175 3696 5228 πολλῶν

2135 5242 2286 5308 ζώων
2325 5243 2541 5307 εἰδέαις.
2577 5244 2628 5298 Id
2661 5245 2806 5299 enim
2843 5246 3000 5315 longe
3023 5246 3342 5315 elegantius.

1914 5374 2264 5421 VARIORUM.

520 5514 596 5582 (ai
646 5510 937 5581 Ὀργυιάς.
989 5510 1182 5580 Orgyia
1227 5520 1494 5582 mensurae
1547 5521 1715 5582 genus
1752 5512 1866 5582 est“.
1906 5517 2015 5582 __sex

449 5573 984 5651 continen's'pedés:
1033 5573 1214 5635 ulnam
1267 5575 1439 5630 Latini
1490 5577 1778 5653 appellant.
1824 5573 2018 5653 Pollux

448 5657 670 5720 exponit
701 5647 937 5722 spatium
978 5660 1241 5720 quantum
1278 5647 1804 5722 protensa__hor_ninis
1847 5647 2020 5722 utrin-

449 5713 556 5795 que
582 5713 820 5791 brachia,
856 5725 924 5777 ab
962 5713 1130 5777 altero
1175 5713 1389 5774 summo
1422 5715 1599 5771 medio
1641 5717 1807 5784 digito
1837 5714 1902 5768 ad
1930 5713 2010 5767 al-

2131 5515 2302 5581 terum
2337 5506 2556 5581 trajecta
2587 5521 2683 5581 per
2707 5516 2891 5581 peetus
2919 5505 3256 5581 longitudine
3286 5513 3489 5581 patent.
3526 5505 3582 5581 βε
3614 5504 3698 5581 εἰς

2126 5574 2237 5646 fere
2281 5574 2604 5631 selioliasLes
2650 5574 2717 5628 in'
2746 5574 3079 5646 Oppianum:
3131 5574 3552 5646 Ὀργυιὰ,νὰπὸ
3608 5574 3698 5646 τοῦ

2123 5645 2311 5721 ῥροὺω
2329 5647 2389 5699 τὸ
2417 5647 2607 5721 apud}:
2625 5647 2717 5700 καὶ
2745 5643 2838 5700 τοῦ
2861 5644 3032 5716 γυῖον
3055 5650 3086 5721 ἡ
3115 5643 3264 5718 χείρ·
3292 5649 3324 5717 ή
3357 5645 3466 5698 τῶν
3502 5643 3700 5714 χειρῶν

2120 5713 2336 5776 Extant;
2366 5713 2460 5768 καῖ
2484 5713 2674 5788 ὄρεξις,
