3828 6326
136 361 218 422 ί97

1103 358 1659 416 ΕΟΕΕΕΞῙΑΞΤΙΟᾸΞ
1697 359 2042 418 HISTORIA)
2083 365 2209 420 LIB.
2239 364 2328 420 lli.

3209 367 3314 422 495

135 479 328 550 καθαρὸς
369 475 607 547 πίθηκος.
661 477 756 528 Ὃν
800 477 892 528 καὶ
934 475 961 528 ό
1006 475 1112 528 τῶν
1173 476 1348 530 Ἰνδῶν
1395 475 1644 546 βασιλεὺς

1751 493 1875 534 vero
1915 489 1968 534 et
2015 491 2231 554 pectore
2278 499 2342 537 ac
2390 481 2662 545 manibus,
2704 497 2888 536 merus
2932 482 3148 538 simius.
3201 479 3316 537 lloc

135 569 441 639 Κωνσταντίῳ
480 568 823 622 ἀπεστάλκει.
860 568 1031 621 Τοῦτο
1065 567 1121 620 δὲ
1163 567 1234 620 τὸ»
1252 567 1386 632 ζῶον
1417 567 1510 638 ἔζη
1549 567 1647 638 μὲν

135 665 382 736 φερόμενον
415 663 536 734 ἄχρι
569 663 733 726 τινὸς,
776 661 832 714 ἐν
876 680 979 715 τινι
1012 663 1282 732 πλέγματι
1320 663 1406 715 διά
1451 663 1512 715 τὸ
1553 663 1664 732 θηιτ

133 755 284 827 ριῶδες
303 753 594 822 εἰργμένον.
638 751 787 803 Ἐπεὶ
823 751 878 802 δὲ
916 751 1173 816 ἀπέθανε,
1231 752 1647 822 ταριχεύσαντες

131 849 234 900 αὐτὸ
263 849 306 899 οἰ
343 846 667 915 κομίζοντες,
708 845 974 915 θεάματος
1011 847 1312 916 παρασχεῖν
1347 847 1647 918 ἀσυνήθους

132 941 295 998 εἰκόνα,
326 939 477 1009 μέχρι
504 939 600 1004 τῆς
632 938 1038 990 Κωνσταντίνου
1068 938 1394 991 διεσώσαντο
1417 939 1643 1004 πόλεως.

133 1033 216 1084 Καί
233 1048 314 1100 μοι
340 1029 546 1082 δοκοῦσι
573 1031 635 1082 τὸ
664 1030 799 1092 ζῶον
827 1029 983 1082 τοῦτο
1015 1030 1273 1100 ’Έλληνες
1301 1030 1466 1084 πάλαι
1499 1031 1644 1094 ἰδεῖν,

131 1125 203 1177 καὶ
234 1122 572 1190 ἐκπλαγέντες
587 1123 664 1193 τῷ
685 1122 819 1194 ξένῳ
839 1122 937 1192 τῆς
968 1121 1124 1186 θέας,
1156 1121 1275 1174 θεὸν
1309 1123 1488 1192 σφίσιν
1505 1123 1649 1193 νομί-

134 1234 218 1278 σαι,
239 1214 521 1286 εἰθισμένον
550 1214 732 1278 αὐτοῖς
759 1212 826 1266 τὰ
855 1213 1130 1284 παράδοξα
1160 1213 1441 1277 θεοποιεῖν,
1459 1213 1647 1286 ὥσπερ

133 1307 204 1360 καὶ
225 1307 304 1360 τὸν
335 1307 587 1376 σάτυρον·
623 1305 739 1358 ἔστι
772 1307 828 1358 δὲ
874 1306 968 1358 καὶ
1014 1305 1169 1358 τοῦτο
1226 1305 1476 1378 πίθηκος,
1517 1311 1645 1378 ἐρυ-

131 1399 229 1468 θρὸς
251 1397 304 1450 τὸ
337 1398 637 1470 πρόσωπον,
675 1398 768 1450 καὶ
800 1397 993 1468 γοργὸς
1025 1399 1122 1468 τὴν
1167 1397 1398 1470 κίνησιν,
1427 1399 1521 1452 καὶ
1553 1399 1645 1452 οὐ-

131 1489 206 1560 ράν
238 1487 378 1559 ἔχων.
413 1489 522 1541 Kal
569 1487 674 1560 μὴν
715 1490 805 1542 καὶ
847 1490 886 1560 ἡ
927 1489 1088 1558 σφίγξ
1127 1489 1282 1558 γένος
1329 1490 1444 1543 ἐστὶ
1482 1489 1644 1562 πιθή-

131 1598 240 1634 κων·
265 1581 384 1633 αὐτὸ
409 1581 516 1652 γάρ
549 1580 882 1652 θεασάμενος
912 1583 1126 1650 γράφω.
1163 1577 1272 1645 Ἦς
1299 1581 1358 1635 τὸ
1395 1583 1491 1653 μὲν
1519 1582 1647 1637 ἄλλο

130 1675 253 1742 σῶμα
275 1673 443 1726 λάσιόν
475 1673 590 1726 ἐστι
629 1673 704 1736 ὡς
750 1676 860 1736 τοῖς
898 1673 1106 1738 λοιποῖς
1155 1673 1406 1744 πιθήκοις
1431 1691 1442 1705 ·
1487 1674 1547 1727 τὸ
1589 1675 1646 1728 δὲ

129 1765 306 1836 στέρνον
325 1766 444 1837 ἄχρι
477 1781 542 1833 γε
579 1763 742 1817 αὐτοῦ
772 1763 865 1818 τοῦ
899 1765 1167 1836 τραχήλου
1206 1765 1460 1834 gemma;
1486 1781 1499 1795 ’
1542 1783 1647 1836 μα-

1747 570 1948 626 animal
1997 590 2090 628 rex
2133 575 2386 629 Indorum
2437 574 2581 630 dono
2623 574 2771 630 misit
2803 575 2870 629 ad
2921 575 3326 646 imperatorem

1745 661 2144 720 Constantium.
2181 667 2329 722 Vixit
2349 678 2528 722 autem
2559 667 2894 736 aliquandiu,
2920 683 3042 722 cum
3069 670 3122 722 in
3148 683 3314 725 cavea

1747 755 1981 822 quadam
2005 757 2274 812 inclusum
2294 761 2362 814 ob
2386 759 2717 818 ferocitatem
2741 762 2992 819 ferretur.
3015 761 3311 830 Postquam

1747 856 1927 902 autem
1977 863 2250 906 mortuum
2299 863 2402 919 est,
2451 854 2506 908 hi
2535 857 2626 925 qui
2655 857 2786 911 illud
2829 855 3147 918 alferebant,
3199 853 3314 908 sale

1747 938 2092 1004 condierunt,
2133 943 2339 998 insoliti
2370 947 2662 1014 spectaculi
2695 948 3002 1004 ostentandi
3043 961 3231 1011 causa,
3259 953 3313 998 et

1748 1027 2273 1102 Constantinopolim
2331 1051 2505 1105 usque
2554 1039 2822 1106 integrum
2876 1047 3178 1093 servarunt.
3234 1035 3314 1088 Ac

1749 1121 1879 1174 mihi
1915 1123 2133 1191 quidem
2188 1125 2444 1181 videntur
2499 1125 2670 1184 Graeci
2721 1130 2864 1184 istud
2921 1129 3123 1184 animal
3179 1127 3309 1182 olim

1746 1213 1970 1279 vidisse,
2013 1227 2068 1270 et
2100 1219 2392 1286 spectaculi
2439 1219 2675 1274 novitate
2717 1218 3097 1289 obstupefacti,
3149 1217 3310 1272 deum

1748 1307 1850 1360 sibi
1878 1305 2119 1374 finxisse,
2151 1324 2276 1362 cum
2305 1309 2545 1364 solemne
2578 1311 2657 1364 eis
2698 1321 2859 1376 esset,
2903 1326 2965 1364 ex
3005 1311 3166 1364 rebus
3196 1318 3312 1364 stu-

1747 1397 1937 1465 pendis
1985 1408 2148 1468 atque
2189 1399 2525 1456 admirandis
2557 1401 2687 1458 deos
2721 1401 2916 1466 facere,
2961 1402 3318 1472 quemadmo-

1748 1486 1875 1539 dum
1905 1488 2066 1540 etiam
2106 1487 2350 1543 fecerunt
2381 1489 2434 1544 in
2465 1499 2680 1562 satyro;
2721 1507 2848 1546 nam
2896 1500 2950 1546 et
2995 1493 3085 1548 hic
3117 1493 3316 1547 simius

1747 1585 1851 1642 est,
1891 1577 2024 1632 facie
2065 1579 2249 1642 ruber,
2273 1589 2424 1634 motu
2455 1583 2726 1646 concitus,
2760 1590 2813 1636 et
2832 1582 3060 1637 caudam
3087 1581 3310 1636 habens.

1750 1667 1853 1723 Sed
1887 1680 1940 1724 el
1969 1669 2170 1738 Sphinx
2233 1671 2404 1726 simiae
2457 1688 2628 1742 genus
2667 1683 2785 1740 est;
2833 1674 2885 1728 id
2939 1673 3084 1727 enim
3147 1680 3315 1726 testor

1748 1759 1892 1828 quod
1925 1760 2040 1830 ipse
2066 1761 2195 1815 vidi.
2228 1761 2398 1832 Cujus
2416 1763 2686 1833 reliquum
2717 1764 2936 1834 quidem
2972 1778 3170 1832 corpus
3199 1762 3316 1815 hir-

127 1857 222 1922 ζοῦς
251 1857 301 1910 δὲ
339 1856 590 1927 γυναικὸς
624 1855 754 1926 ἔχει,
789 1856 1021 1928 ἐρυθροῦ
1070 1875 1214 1920 τινος
1258 1857 1486 1930 βραχέος
1515 1875 1644 1927 κεγ-

1751 1861 1932 1904 sntum
1983 1859 2088 1918 est,
2137 1851 2279 1906 sicut
2329 1853 2540 1908 caeteris
2597 1851 2806 1918 simiis;
2842 1861 3030 1922 pectus
3073 1868 3202 1908 vero
3249 1853 3314 1906 ad

127 1948 354 2019 χροειδοῦς
391 1952 841 2020 ἐπαναστήματος
881 1949 1023 2003 ἅπαν
1056 1951 1130 2026 ἐν,
1156 1949 1340 2020 κύκλῳ
1377 1949 1439 2003 τὸ
1480 1966 1645 2020 γεγυ-

129 2040 360 2111 μνωμένον
388 2040 481 2093 τοῦ
513 2039 770 2110 σώματος
799 2041 1163 2112 περιθέοντος,
1205 2043 1301 2095 καὶ
1336 2044 1415 2105 είς
1445 2041 1644 2113 πολλήν

124 2150 218 2186 τινα
257 2131 576 2205 εὐπρέπειαν
629 2132 1045 2203 ἀνθρωποφανεϊ
1087 2133 1200 2185 ὄντι
1257 2131 1334 2204 τῷ
1381 2133 1440 2186 ὲν
1494 2134 1646 2205 μέσῳ

125 2225 360 2294 χρώματι,
449 2224 956 2294 συναρμοζομένου·
1019 2225 1138 2277 τότε
1204 2225 1492 2295 πρόσωπον
1559 2225 1646 2278 ὲν-

126 2315 512 2388 εστρογγῦλωται
544 2315 763 2386 μᾶλλον,
792 2316 885 2369 καὶ
911 2318 989 2379 εἰς
1017 2316 1329 2384 γυναικείαν
1348 2315 1493 2370 ἕλκει
1514 2334 1646 2388 μορ-

126 2409 227 2478 φήν·
258 2409 290 2478 ἦ
318 2426 374 2461 τε
401 2409 556 2480 φωνὴ
595 2409 852 2472 ἐπιεικῶς
913 2409 1260 2480 ἀνθρωπεία⁶
1321 2411 1465 2482 πλὴν
1521 2413 1646 2468 ὅσον

125 2499 200 2552 οὐκ
229 2503 296 2563 είς
333 2500 503 2572 ἄρθρα
551 2500 920 2572 διαιρουμένη,
964 2501 1100 2553 άλλά
1137 2518 1241 2555 τινι
1281 2501 1511 2571 ταχέως,
1554 2504 1647 2556 καὶ

125 2586 209 2644 οἷον
235 2594 356 2664 μετά
381 2611 520 2656 τινος
556 2593 726 2663 ὀργῆς
750 2609 808 2644 τε
844 2593 938 2646 καὶ
981 2591 1271 2664 ἀχθηδόνος
1301 2593 1491 2664 ἄσημα
1519 2593 1650 2646 ὑπο-

126 2681 418 2754 φθεγγομένῃ
475 2687 828 2755 προσεοικυῖα
900 2683 1030 2754 (68).
1071 2684 1355 2756 Βαρυτέρα
1405 2702 1463 2738 τε
1521 2685 1650 2756 μᾶλ-

125 2775 191 2828 λόν
235 2780 362 2830 ἐστιν
403 2777 719 2848 όξυνομένη.
784 2775 1007 2848 ΙἈγριόν
1053 2775 1112 2830 τέ
1177 2777 1291 2829 ἐστι
1353 2776 1540 2841 δεινῶς
1581 2777 1643 2831 τὸ

127 2866 275 2938 θηρίον
321 2869 407 2923 καὶ
453 2869 889 2940 πανουργότατον
913 2909 927 2934 ,
996 2869 1090 2922 καὶ
1133 2869 1253 2922 οὐδὲ
1322 2869 1519 2942 ῥᾳδίως
1575 2887 1650 2922 τιο

125 2961 489 3032 θισσευόμενον.
555 2962 771 3034 Ταύτης
829 2965 908 3026 είς
959 2963 1143 3034 Θήϐας
1208 2981 1297 3035 μοι
1353 2963 1495 3018 δοκῶ
1551 2965 1648 3030 τάς

127 3053 336 3117 Βοιωτίας
389 3053 558 3108 πάλαι
617 3055 988 3126 κομισθείσης,
1019 3055 1112 3109 καί
1157 3073 1297 3111 τισιν
1367 3055 1496 3120 ἴσως
1543 3059 1648 3111 τῶν

125 3147 195 3196 ἐπὶ
214 3146 296 3218 es;
326 3148 766 3220 συνερρυηκότων
794 3149 1184 3218 ὲφαλλομένης,
1221 3149 1313 3203 καὶ
1341 3153 1454 3212 τοῖς
1482 3167 1650 3220 προσ-

125 3235 258 3302 ὡποις
299 3239 697 3311 λυμηναμένης,
733 3240 900 3293 δεινὸν
939 3242 1304 3311 ποιησάμενος
1335 3242 1365 3294 ὁ
1393 3243 1648 3307 Οἰδίπους

123 3329 198 3391 τὰς
229 3331 324 3384 τῶν
363 3331 649 3402 ὁμοφύλων
696 3332 894 3398 λώϐας,
949 3334 1346 3402 καταφονεῦσαι
1389 3336 1452 3389 τὸ
1489 3337 1645 3401 ζῶον,

125 3417 196 3468 καὶ
219 3416 369 3490 ὄνομα
392 3419 644 3491 λαμπρὸν
673 3422 884 3476 ἐκεῖθεν
921 3422 1124 3478 λαϐεῖν.
1152 3425 1264 3477 Kal
1295 3425 1458 3478 αὑτὸν
1486 3426 1515 3477 ό
1547 3423 1648 3496 μῦ-

123 3505 194 3568 θος
219 3511 288 3572 είς
319 3511 570 3582 ἀνδρείαν
603 3511 845 3583 κοσμῶν,
892 3514 1194 3584 ὑπόπτερον
1241 3515 1338 3585 μὲν
1372 3515 1429 3568 τὸ
1464 3515 1650 3586 θηρίον

124 3599 435 3668 ἀναπλάττει,
495 3603 588 3656 διά
633 3603 696 3656 τὸ
749 3603 916 3669 ὀξέως
970 3605 1275 3677 ὲπιπηδᾷν·
1333 3607 1552 3680 στέρνον
1591 3607 1650 3661 δὲ

123 3689 337 3754 γυναικὸς
369 3692 728 3763 ὲφαρμόττει,
762 3695 856 3746 καὶ
883 3695 947 3747 τὺ
983 3695 1140 3766 σῶμα
1175 3695 1420 3760 λέοντος·
1461 3715 1651 3766 γυναι-

123 3781 196 3843 κὸς
220 3783 322 3852 μὲν,
343 3784 426 3838 διὰ
450 3786 512 3838 τὸ
549 3786 836 3857 πρόχειρον
863 3787 962 3857 τῆς
990 3786 1339 3857 γυμνὼσεως,
1387 3789 1480 3842 καὶ
1515 3790 1652 3862 πρὸς

122 3873 168 3924 τὸ
195 3881 478 3942 γυναικεῖον
533 3875 672 3942 εἶδος
715 3867 1056 3950 όμόιώσεως’
1100 3879 1310 3944 λέοντος
1349 3879 1425 3946 δὲ,
1469 3881 1558 3934 διὰ
1593 3881 1652 3934 τὺ

125 3964 363 4036 θηριῶδες,
412 3971 505 4025 καὶ
537 3972 622 4024 ὅτι
663 3970 804 4024 κατὰ
839 3971 899 4024 τὺ
943 3971 1190 4024 πλεῖστον
1219 3975 1350 4036 ,τοῖς
1396 3973 1650 4044 τέτταρσι

125 4059 336 4130 τυγχάνει
365 4063 518 4116 ποσὶν
561 4063 915 4134 ἐρειδόμενον.
937 4063 1108 4132 Λόγου
1138 4063 1196 4116 δὲ
1221 4064 1281 4116 τὸ
1308 4063 1492 4136 θηρίον
1527 4082 1653 4135 μετ-

125 4153 260 4206 έδωκε
283 4155 340 4206 τὸ
368 4156 614 4226 πλάσμα,
655 4155 746 4208 διά
775 4155 838 4209 τὸ
880 4156 977 4226 τῆς
1007 4156 1188 4225 φωνῆς
1219 4153 1612 4226 ἀνθρωποειδές
1633 4173 1649 4188 '

123 4242 508 4312 αἱνιγματώδους
555 4246 634 4309 δὲ,
678 4244 768 4298 διὰ
809 4246 869 4298 τὸ
915 4246 1102 4316 ἄσημα
1133 4245 1504 4315 ’φθέγγεσθαι.
1541 4249 1652 4300 Kal

127 4331 388 4402 θαυμαστὸν
425 4337 579 4390 οὐδέν
603 4352 619 4368 ·
651 4335 820 4389 πολλὰ
865 4335 974 4408 γάρ
999 4339 1091 4391 καὶ
1120 4337 1252 4391 ἄλλα
1287 4339 1514 4410 σύνηθες
1540 4343 1652 4406 τοῖς

127 4421 314 4496 Ἕλλησι
345 4429 478 4499 πρὸς
505 4429 570 4482 τὸ
610 4429 850 4499 μυθῶδες
889 4429 1246 4483 διαπλάττειν.
1285 4431 1393 4484 Kal
1426 4431 1562 4502 αὑτὴ
1595 4432 1652 4486 δὲ

1748 1943 2016 1998 cervicem
2045 1957 2214 2014 usque
2254 1943 2500 2014 glabrum
2531 1952 2641 2012 est;
2683 1959 2949 2000 mammas
2987 1958 3119 1998 vero
3158 1943 3318 1998 habet

1747 2035 2017 2100 mulieris,
2057 2043 2342 2105 totumque
2375 2050 2574 2105 corpus
2612 2051 2720 2105 qua
2753 2034 2960 2089 nudum
3001 2045 3107 2096 est,
3147 2033 3316 2088 rubra

1747 2124 1994 2194 quaedam
2017 2123 2153 2179 milii
2176 2126 2412 2194 speciem
2434 2125 2675 2180 referens
2702 2126 3018 2190 eminentia,
3050 2126 3106 2180 in
3128 2126 3316 2180 orbem

1747 2217 1961 2284 circuit,
1989 2225 2043 2272 et
2071 2218 2311 2272 humano
2359 2217 2530 2272 colori
2565 2218 2706 2273 cutis
2744 2233 2865 2288 qua:
2905 2219 2957 2272 in
3001 2219 3182 2274 medio
3211 2229 3320 2284 est,

1747 2307 2042 2378 plurimum
2073 2309 2261 2379 gratiae
2293 2317 2346 2363 et
2372 2308 2586 2364 decoris
2621 2307 2795 2364 affert.
2843 2309 3036 2365 Facies
3074 2308 3186 2364 fere
3221 2323 3316 2363 ro-

1749 2401 1916 2456 tunda
1956 2409 2057 2467 est,
2098 2409 2152 2456 et
2187 2401 2252 2456 ad
2301 2401 2621 2456 muliebrem
2662 2399 2894 2455 formam
2929 2401 3172 2466 accedit;
3207 2416 3316 2456 vox

1749 2497 2002 2547 humana;
2035 2492 2205 2547 ferme
2238 2493 2456 2557 similis,
2489 2495 2592 2548 nisi
2627 2493 2774 2563 quod
2807 2493 3030 2548 minime
3068 2502 3152 2548 est
3180 2494 3313 2546 arti-

1749 2585 1952 2648 culata,
2008 2585 2101 2640 sed
2145 2589 2293 2640 velut
2335 2586 2580 2640 mulieris
2630 2586 2935 2655 cujusdam,
2985 2585 3233 2640 celeriter
3265 2593 3319 2640 et

1750 2693 1874 2732 cum
1909 2677 1992 2730 ira
2020 2691 2084 2731 ac
2117 2677 2304 2732 dolore
2336 2677 2572 2747 quodam
2613 2679 2773 2732 verba
2805 2677 3030 2732 minime
3067 2676 3318 2732 distincta

1750 2768 2096 2838 proferentis.
2145 2766 2339 2823 Gravis
2377 2781 2539 2836 porro
2570 2777 2652 2822 est
2700 2768 2875 2838 magis
2919 2783 3081 2838 quam
3137 2776 3318 2822 acuta.

1750 2859 2019 2915 Caeterum
2063 2859 2166 2914 hoc
2201 2858 2404 2913 animal
2438 2857 2612 2912 ferum
2651 2859 2948 2914 admodum
2991 2867 3076 2913 est
3121 2868 3176 2913 et
3221 2874 3318 2912 va-

1751 2951 1913 3012 frum,
1966 2965 2067 3006 nec
2119 2949 2279 3006 facile
2337 2950 2688 3005 mansuescit.
2722 2951 2879 3017 Quod
2920 2965 3045 3005 cum
3101 2948 3320 3005 Thebas

1753 3045 1943 3097 urbem
1969 3042 2191 3097 Boeotiae
2222 3043 2350 3097 olim
2381 3043 2720 3111 deportatum
2751 3041 2967 3106 fuisset,
2999 3049 3052 3096 et
3077 3040 3130 3094 in
3155 3055 3322 3111 quos-

1753 3135 1876 3190 dam
1911 3151 2100 3189 eorum
2138 3134 2232 3205 qui
2273 3133 2339 3189 ad
2372 3134 2742 3203 spectaculum
2771 3133 2890 3202 ejus
2923 3132 3336 3197 conﬂuxerant,

1675 3203 1723 3262 (ἶ
1752 3227 2076 3292 insiluisset,
2104 3203 2395 3297 vultusque
2422 3241 2612 3282 eorum
2643 3225 2957 3292 lacerasset,
2979 3225 3222 3296 OEdipus
3249 3225 3320 3280 ci-

1749 3323 1896 3376 vium
1933 3335 2159 3375 suorum
2213 3319 2576 3374 mutilationes
2605 3318 2831 3373 moleste
2859 3316 3061 3382 ferens,
3089 3316 3318 3380 bestiam

1751 3411 2024 3466 interfecit
2047 3429 2062 3465 :
2094 3420 2258 3481 atque
2286 3427 2350 3464 ex
2377 3427 2439 3465 ea
2468 3427 2547 3475 re,
2579 3419 2638 3465 ut
2659 3411 2792 3465 mihi
2823 3409 3044 3479 quidem
3070 3409 3310 3470 videtur,

1751 3504 2042 3558 maximam
2075 3503 2302 3574 gloriam
2325 3511 2409 3558 est
2437 3509 2785 3559 consecutus.
2813 3501 3080 3556 Caeterum
3107 3500 3316 3563 fabula,

1751 3606 1810 3652 ut
1837 3595 2170 3650 fortitudinis
2195 3595 2409 3651 laudem
2443 3595 2694 3650 conciliet
2721 3591 2948 3662 (Edipo,
2979 3592 3156 3662 ipsum
3187 3592 3314 3661 qui-

1750 3687 1872 3740 dem
1903 3685 2104 3739 animal
2127 3685 2328 3739 alatum
2359 3683 2535 3748 ﬁnxit,
2569 3691 2855 3753 propterea
2885 3681 3028 3750 quod
3061 3679 3319 3736 velociter

1751 3777 2012 3845 insiliret;
2064 3777 2237 3832 eidem
2297 3791 2425 3831 vero
2477 3785 2665 3845 pectus
2719 3773 2966 3829 mulieris
3015 3781 3070 3828 et
3115 3788 3318 3843 corpus

1751 3871 1925 3925 leonis
1956 3870 2177 3940 aptavit.
2215 3867 2348 3922 Illud
2389 3868 2608 3938 quidem
2643 3869 2712 3922 ob
2748 3866 3050 3937 expositam
3095 3866 3315 3920 nudita-

1753 3971 1883 4028 tem,
1928 3970 1982 4017 et
2025 3961 2095 4016 ob
2141 3960 2424 4017 muliebris
2469 3959 2660 4014 forma:
2703 3957 3117 4013 similitudinem
3160 3973 3174 4010 :
3211 3958 3317 4011 hoc

1751 4073 1882 4112 vero
1901 4063 2121 4126 propter
2151 4054 2439 4118 feritatem,
2473 4063 2526 4108 et
2569 4051 2715 4122 quod
2757 4059 2817 4105 ut
2855 4050 3146 4120 plurimum
3185 4063 3317 4119 qua-

1753 4160 1877 4206 tuor
1907 4148 2137 4218 pedibus
2161 4145 2458 4201 insisteret.
2503 4143 2752 4199 Rationis
2787 4157 3008 4213 quoque
3047 4141 3322 4212 particeps

1755 4242 1887 4298 illud
1919 4240 2116 4295 fabulae
2145 4240 2355 4292 finxere
2377 4276 2392 4300 ,
2427 4237 2497 4291 ob
2531 4235 2941 4292 similitudinem
2965 4233 3320 4289 vocishuma-

1753 4349 1865 4401 me;
1905 4333 2189 4402 aenigmata
2229 4345 2358 4386 vero
2412 4330 2478 4384 ab
2524 4327 2713 4384 eodem
2768 4327 3000 4398 proponi
3044 4327 3320 4390 dixerunt,

1754 4441 1820 4479 eo
1855 4424 2000 4495 quod
2036 4425 2251 4493 ignotas
2277 4435 2438 4476 voces
2465 4435 2528 4474 ac
2559 4419 2784 4474 minime
2810 4419 3098 4474 distinctas
3118 4417 3320 4472 ederet.

127 4514 246 4586 χώρα
283 4522 370 4572 καὶ
403 4521 558 4584 ὅνους
597 4522 820 4593 ἀγρίους
865 4522 1152 4592 μεγίστους
1196 4539 1256 4576 τε
1306 4523 1385 4594 τῷ
1429 4525 1646 4596 μεγέθει

1755 4517 1942 4589 Neque
1986 4533 2114 4572 vero
2163 4516 2217 4571 id
2273 4529 2600 4584 magnopere
2659 4513 2970 4569 mirandqu
3034 4519 3153 4575 est,
3199 4525 3320 4563 cum

129 4605 268 4678 φέρει,
299 4613 386 4665 καὶ
421 4615 520 4685 τὴν
562 4613 724 4684 δορὰν
767 4614 906 4666 κατὰ
943 4613 1005 4666 τὸ
1056 4614 1258 4679 ξενίζον
1300 4618 1652 4690 πεποικιλμέ-

127 4711 240 4762 ww,
265 4701 448 4756 λευκοῦ
497 4705 650 4772 σφίσι
701 4703 794 4756 καὶ
826 4705 1054 4773 μέλανος
1093 4704 1381 4776 χρώματος
1411 4708 1473 4760 οὐ
1511 4708 1652 4761 κατὰ

129 4792 290 4862 μικρὸν
335 4796 878 4866 συμποικιλλομένου,
929 4797 1064 4849 ἀλλὰ
1114 4797 1278 4862 ζῶναί
1329 4798 1474 4863 τινές
1515 4803 1652 4853 εἰσιν

127 4881 212 4934 ἀπὸ
243 4887 336 4956 τῆς
379 4892 590 4960 ῥάχεως
626 4891 718 4942 ἐπὶ
750 4889 846 4952 τὰς
887 4889 1126 4960 πλευρὰς
1173 4891 1264 4942 καὶ
1297 4891 1395 4962 τὴν
1443 4892 1652 4946 κοιλίαν

127 4975 455 5048 ⁶(ιιθήκουσιιν
505 4980 602 5032 καὶ
641 4977 871 5032 ἐνταῦθα
913 4977 1343 5048 ὲπισχιζόμεναι,
1386 4980 1478 5032 καὶ
1511 4981 1655 5034 κατά

123 5083 245 5131 τινας
282 5071 628 5142 περιφερείας
674 5069 929 5141 ἀλλήλαις
977 5069 1395 5139 ὲνελιττόμεναι,
1445 5069 1656 5142 θαυμα-

128 5158 234 5228 στήν
257 5177 368 5214 τινα
395 5165 490 5216 καὶ
530 5163 685 5232 ξένην
731 5161 1132 5232 ἀπεργάζονται
1173 5160 1378 5234 πλοκὴν
1410 5165 1506 5217 καὶ
1536 5183 1656 5220 ποι-

127 5251 292 5308 κιλίαν.
333 5256 491 5310 Ἀλλά
535 5273 600 5324 γε
633 5254 698 5326 δὴ
732 5255 826 5308 καλ⁸
852 5256 880 5308 ὁ
911 5253 1104 5323 φοῖνιξ,
1134 5252 1194 5306 τὸ
1223 5253 1656 5326 πολυθρύλλητον

127 5344 314 5414 πτηνὸν,
351 5349 681 5419 τιαράὺτοίς
705 5346 962 5417 τυγχάνει
985 5345 1285 5415 γινόμενος.
1317 5347 1427 5401 Kal
1462 5348 1560 5418 μὲν
1591 5350 1656 5423 δὴ

1761 4612 1932 4667 ϐπ·κοί
1963 4610 2132 4666 multa
2169 4623 2388 4683 quoque
2419 4607 2526 4661 alia
2558 4607 2610 4660 in
2635 4604 2848 4660 fabulas
2892 4605 3103 4659 soleant
3143 4603 3325 4656 detor-

1761 4720 1948 4775 quere.
1997 4705 2262 4759 Caeterum
2325 4699 2516 4755 eadem
2575 4697 2723 4768 regio
2780 4696 2885 4751 fert
2930 4697 3090 4750 etiam
3141 4694 3344 4749 asinos.

1761 4806 2021 4868 agrestes,
2076 4805 2286 4850 statura
2321 4793 2609 4854 maximos,
2641 4799 2700 4845 et,
2725 4789 2860 4859 pelle
2893 4789 3090 4842 mirum
3123 4788 3178 4841 in
3209 4801 3328 4842 mo-

1761 4893 1890 4946 dum
1924 4889 2218 4955 variegata,
2259 4885 2382 4939 albo
2413 4899 2478 4938 ac
2515 4883 2670 4952 nigro
2716 4881 2899 4936 colore
2941 4879 3044 4934 sibi
3094 4879 3328 4934 invicem

1759 4983 1914 5038 valde
1948 4981 2206 5051 permisto
2241 4997 2254 5032 :
2290 4977 2490 5047 quippe
2539 4990 2706 5030 zonas
2735 4974 2998 5045 quasdam
3033 4973 3256 5036 habent,
3297 4989 3330 5029 a

1759 5075 1914 5146 spina
1943 5073 2093 5129 dorsi
2123 5073 2187 5128 ad
2227 5072 2393 5126 latera
2429 5079 2484 5124 et
2521 5069 2586 5124 ad
2620 5078 2866 5124 ventrem
2910 5081 3085 5138 usque
3128 5065 3331 5122 demisv

1759 5183 1870 5229 sas,
1899 5166 2080 5236 ibique
2117 5165 2344 5228 divisas,
2377 5176 2500 5232 quae
2529 5176 2624 5230 per
2658 5159 2897 5215 circulos
2921 5158 3188 5230 quosdam
3225 5157 3338 5213 sibi

1759 5261 1988 5316 invicem
2027 5259 2256 5321 innexae,
2285 5253 2587 5310 mirabilem
2623 5253 2916 5324 quamdam
2963 5261 3230 5308 texturam
3250 5250 3332 5308 ef-

1759 5351 1952 5407 ﬁciunt
1982 5364 2047 5404 ac
2073 5347 2414 5402 varietatem.
2444 5341 2678 5399 Phwnix
2701 5343 2854 5410 item,
2885 5343 3003 5398 avis
3031 5346 3328 5400 multorum

1310 5523 1553 5568 VALESII
1583 5523 2061 5573 ANNOTATIONES

183 5647 278 5716 (68)
339 5651 882 5721 Ὑποφθεγγομένης
919 5652 1339 5721 προσεοικυῖα.
1395 5652 1652 5709 Scriben-

1750 5671 1838 5710 mo
1863 5653 2148 5724 Βαρυτέρα
2191 5671 2248 5706 τε
2296 5650 2496 5724 μᾶλλόν
2533 5649 2681 5724 ἐστιν
2783 5645 3104 5724 όξυνομένη,
3145 5645 3334 5724 addito

131 5715 231 5770 .lnm
255 5715 375 5788 puto
405 5715 881 5794 bneeBéy'yépsvﬁ.
913 5715 1164 5794 Refertur
1197 5723 1342 5774 enim
1369 5723 1436 5777 ad
1465 5741 1649 5779 vocem

1751 5715 2010 5780 vocabulo
2041 5715 2089 5794 ἦ’
2117 5724 2168 5778 id
2202 5715 2326 5787 est',
2391 5722 2500 5775 V0.1:
2540 5715 2776 5789 sphingis
2818 5716 2994 5786 gravis
3031 5717 3198 5790 magis
3250 5731 3338 5773 eat-

127 5801 225 5855 Qua:
243 5795 528 5860 praecessit,
560 5795 666 5848 τινί
705 5791 930 5849 scilicet.
967 5791 1090 5847 Mox
1135 5792 1422 5862 legendum
1465 5797 1654 5851 existi-

1753 5813 1910 5865 quam
1946 5803 2128 5850 acuta.
