3828 6304
406 295 512 352 699

1758 254 1760 256 ’
1787 297 2273 354 meosroacn

3571 295 3673 354 500

402 422 659 467 sermone
697 407 986 474 celebrata,
1019 410 1163 478 apud
1217 425 1311 464 eos
1361 410 1628 466 nascitur.
1685 410 1985 466 Psittacum

2098 411 2186 463 καὶ
2216 410 2314 480 τὴν
2349 408 2578 480 σιτάκην
2618 405 2831 462 ἐκεῖθεν
2870 406 3028 479 ίσμεν
3073 405 3466 478 κομιζομένην,
3504 409 3536 462 δ
3568 412 3673 464 τῶν

403 515 626 570 quoque
650 499 775 554 inde
803 501 1028 554 allatum
1054 499 1183 564 vidi,
1222 501 1368 570 quod
1404 518 1574 572 genus
1611 504 1728 558 avis
1773 513 1857 559 est
1899 505 1984 558 lo-

405 593 824 662 quacissimum,
864 601 916 647 et
950 592 1017 646 ad
1064 594 1217 647 vocis
1271 596 1526 650 humana;
1574 597 1986 651 similitudinem

405 686 654 753 proxime
693 685 979 748 accedens;
1030 686 1335 753 variegatas
1368 698 1626 757 praeterea
1664 704 1729 743 ac
1769 689 1987 759 punctis

409 775 702 831 distinctas
735 791 884 840 aves,
923 793 1060 844 quas
1087 777 1253 847 vulgo
1300 781 1706 849 garamantidas
1767 792 1984 846 vocant,

406 870 629 923 nomine
656 869 737 922 eis
770 869 942 922 indito
969 885 1035 923 ex
1070 881 1252 940 gente,
1281 854 1344 925 ei
1373 888 1480 941 qua
1517 872 1765 942 plurima:
1793 875 1858 928 ad
1886 890 1987 929 nos

406 961 779 1028 deportantur.
809 958 929 1012 Alia
960 959 1196 1029 denique
1237 963 1518 1030 complura
1555 964 1811 1019 animalia
1851 966 1986 1020 citra

407 1051 838 1105 controversiam
869 1051 1067 1106 eximia
1103 1053 1174 1106 ibi
1208 1054 1556 1122 proveniunt,
1583 1071 1814 1125 quorum
1841 1058 1985 1112 mul-

407 1141 690 1196 titudinem
737 1157 1020 1198 recensere
1067 1160 1306 1214 praesens
1351 1147 1594 1202 narratio
1643 1147 1982 1204 reformidat.

408 1232 512 1288 Sed
544 1241 811 1287 etaurum
843 1236 1199 1304 purissimum
1229 1236 1338 1292 illic
1361 1238 1618 1308 gignitur,
1646 1241 1829 1295 aureis
1851 1257 1987 1311 qua-
2026 1223 2031 1228 ’

406 1326 451 1378 si
483 1325 634 1381 libris
681 1335 876 1396 sponte
926 1342 994 1380 ex
1046 1343 1108 1381 ea
1141 1338 1283 1383 terra
1337 1333 1706 1401 surgentibus,
1757 1335 1986 1404 aliisque

407 1435 574 1490 super
612 1421 747 1476 alias
772 1421 1102 1492 iacentibus,
1132 1432 1185 1478 et
1222 1424 1341 1477 auri
1377 1423 1528 1478 illius
1566 1425 1984 1493 productionem

407 1522 649 1582 apertam
721 1529 786 1569 ac
865 1514 1213 1569 manifestam
1288 1515 1677 1584 praebentibus.
1732 1515 1874 1581 Quin
1933 1524 1987 1571 et

409 1604 620 1659 fructus
649 1606 790 1674 apud
818 1606 940 1660 illos
967 1606 1318 1675 pulcherrimi
1366 1613 1495 1661 sunt
1535 1615 1590 1658 et
1622 1607 1869 1668 maximi.
1917 1621 1985 1661 ex

407 1696 609 1768 quibus
654 1698 954 1752 notissima:
1001 1707 1132 1753 sunt
1172 1714 1362 1753 nuces.
1438 1695 1702 1752 Universa
1751 1698 1985 1768 denique

2085 503 2286 572 δρνεων
2311 502 2427 554 ἐστὶ
2451 501 2790 570 λαλιίστατον,
2816 501 2912 554 καὶ
2931 500 3032 570 τῆς
3055 500 3401 571 ἀνθρωπίνης
3423 501 3673 573 γλώττης

2090 592 2530 664 μιμητικώτατον
2550 611 2564 625 ο
2604 592 2699 646 καὶ
2731 594 2857 655 τοὺς
2887 593 3163 656 ποικίλους
3193 593 3251 645 δὲ
3281 593 3375 646 καὶ
3406 611 3669 648 καταστι-

2086 686 2202 750 γεῖς
2243 682 2441 753 δρνεις,
2479 682 2572 746 οὓς
2599 682 2956 753 γαράμαντας
3004 681 3322 735 ἐπικαλοῦσί
3355 700 3526 746 τινες,
3566 685 3674 737 ἀπὸ

2087 773 2180 826 τοῦ
2227 773 2411 838 ἔθνους
2457 770 2517 828 οὑ
2566 775 2800 844 μάλιστα
2867 773 3106 828 πλεῖστοι
3172 776 3529 846 κομίζονται,
3579 777 3672 848 τὴν

2088 869 2404 939 ἐπωνυμίαν
2440 869 2676 940 θέμενοι.
2718 868 2830 921 Καὶ
2864 867 2997 922 ἄλλα
3044 868 3100 920 δὲ
3133 868 3358 922 πλεῖστα
3395 869 3671 938 διαφανῶς

2089 960 2508 1032 ὑπερφυέστατα
2555 959 2769 1036 φὺεται,
2834 956 2909 1014 ὧν
2974 960 3034 1013 τὸ
3079 960 3282 1030 πλῆθος
3336 962 3371 1032 ἠ
3415 961 3670 1032 διήγησις

2088 1052 2496 1105 ὑποστέλλεται.
2549 1051 2711 1104 Ἀλλὰ
2743 1052 2836 1106 καὶ
2860 1053 2888 1105 ὁ
2915 1053 3115 1123 χρυσὸς
3145 1052 3382 1106 ἐνταῦθα
3413 1055 3671 1121 γεννᾶται

2089 1143 2497 1215 καθαρώτατος,
2545 1143 2868 1214 χρυσιτίδων
2923 1145 3086 1197 οἱονεὶ
3133 1144 3337 1215 τριχῶν
3385 1145 3672 1213 αὐτοφυῶν

2087 1235 2184 1305 τῆς
2205 1233 2419 1305 ἐκείνης
2443 1235 2545 1304 γῆς
2571 1233 2990 1302 ἀναδιδομένων,
3025 1235 3119 1286 καὶ
3151 1235 3235 1286 ἐπ’
3279 1234 3537 1305 ἀλλήλοις
3565 1253 3673 1288 κει-

2092 1327 2290 1397 μένων,
2317 1327 2410 1380 xui.
2438 1325 2689 1396 ἐπίδηλον
2711 1325 2877 1379 αὑτοῦ
2901 1327 2999 1398 τὴν
3021 1326 3232 1395 γένεσιν
3261 1328 3669 1398 παρεχομένων.

2088 1418 2197 1471 Καὶ
2228 1417 2434 1489 καρποὶ
2466 1417 2521 1470 δὲ
2555 1417 2832 1470 κάλλιστοί
2867 1435 2926 1485 τε
2961 1419 3054 1471 καὶ
3103 1418 3372 1488 μέγιστοι,
3421 1412 3497 1472 ὧν
3538 1418 3676 1484 γνὼ-

2089 1530 2226 1584 ριμα
2251 1513 2346 1566 καὶ
2369 1511 2438 1564 τὰ
2465 1511 2665 1582 κάρυα.
2705 1510 2864 1564 Ἀλλά
2895 1512 2999 1583 μὴν
3026 1513 3118 1565 καὶ
3145 1511 3206 1564 τὸ
3239 1514 3331 1565 ἐπὶ
3351 1515 3468 1576 τοῖς
3511 1513 3673 1583 ὀμη-

2091 1605 2268 1676 ρίταις
2302 1603 2472 1674 κλίμα
2507 1604 2613 1656 πᾶν
2660 1604 2823 1674 μέχρι
2850 1603 2949 1673 τῆς
2988 1603 3257 1674 Ἐρυθρᾶς
3288 1602 3568 1673 θαλάσσης
3594 1605 3673 1667 δὶς

2088 1695 2179 1749 τοῦ
2227 1694 2475 1749 ἐνιαυτοῦ
2515 1695 2801 1748 ἀναδίδωσι
2845 1697 2972 1759 τοὺς
3016 1694 3286 1768 καρπούς.
3336 1696 3426 1760 Ἐξ
3478 1690 3544 1750 οὗ
3583 1698 3676 1748 καὶ

409 1767 814 1842 llomeritarum
846 1789 994 1858 regio
1023 1805 1199 1858 usque
1223 1791 1287 1843 ad
1317 1788 1562 1842 Rubrum
1603 1805 1774 1853 mare,
1807 1789 1987 1858 dupli-

2098 1785 2187 1854 τὴν
2248 1782 2434 1853 χώραν
2501 1783 2760 1854 Ἀραϐίαν
2818 1767 3112 1856 εὐδαίμονα
3186 1787 3675 1858 προσηγόρευσαν

409 1897 527 1934 cem
563 1881 858 1950 quotannis
895 1880 1170 1936 fructuum
1223 1891 1545 1951 proventum
1594 1883 1793 1938 reddit.
1831 1881 1984 1938 Unde

407 1969 572 2024 etiam
602 1971 799 2025 Arabia
834 1972 958 2026 felix
1002 1973 1384 2043 cognominata
1428 1982 1548 2039 est;
1597 1973 1691 2028 sed
1740 1982 1794 2027 et
1831 1989 1986 2044 gene-

408 2066 627 2130 raliter,
679 2066 859 2120 omnis
904 2082 968 2120 ea
1017 2067 1165 2135 regio
1210 2081 1333 2135 quae
1384 2066 1452 2120 ad
1504 2066 1770 2120 orientem
1814 2066 1984 2120 solem

407 2159 602 2229 vergit,
637 2159 861 2229 reliquis
901 2160 1218 2229 regionibus
1259 2161 1406 2214 omni
1437 2176 1506 2215 ex
1549 2169 1706 2229 parte
1752 2160 1984 2214 multum

407 2260 650 2321 praestat.
685 2251 978 2306 Paradisus
1012 2267 1160 2315 vero,
1197 2267 1320 2305 cum
1366 2252 1536 2306 totius
1564 2251 1804 2306 Orienlis
1846 2267 1986 2320 pra:-

408 2344 782 2399 stantissimus
839 2359 901 2396 ac
945 2343 1276 2412 purissimus
1323 2344 1395 2397 sit
1435 2352 1661 2403 tractus.
1693 2352 1748 2396 et
1788 2343 1987 2398 cmlum

407 2433 608 2488 habeat
640 2433 1029 2487 nitidissimum
1066 2446 1130 2485 ac
1157 2431 1609 2499 pulcherrimum,
1643 2429 1800 2498 aquis
1835 2428 1988 2482 deni-

411 2540 518 2594 que
562 2522 960 2593 limpidissimis
1007 2520 1298 2590 irrigetur,
1355 2520 1544 2588 procul
1600 2520 1767 2573 dubio
1821 2518 1989 2573 totius

407 2625 677 2670 terrarum
700 2614 849 2667 orbis
872 2612 1086 2667 cunctis
1114 2612 1167 2664 in
1203 2611 1367 2664 rebus
1411 2611 1568 2680 longe
1599 2607 1989 2678 praestantissi-

2089 1876 2185 1928 καὶ
2219 1874 2411 1947 ὄλωςή
2450 1876 2586 1946 πρὸς
2633 1876 2921 1947 ἀνίσχοντα
2954 1877 3104 1949 ἥλιον
3147 1879 3334 1933 ἀπασα
3370 1879 3443 1950 γῆ
3479 1879 3677 1950 μακρῷ

2089 1968 2190 2038 τῆς
2220 1967 2385 2039 ἄλλης
2415 1969 2472 2020 ἐν
2500 1970 2633 2021 πᾶσι
2664 1970 2931 2041 διαφέρει.
2973 1972 3031 2022 ’0
3059 1972 3117 2024 δέ
3148 1974 3501 2045 Παράδεισος,
3535 1974 3676 2027 ἅτεά-

2093 2075 2192 2130 σης
2242 2059 2344 2130 τῆς
2395 2058 2540 2130 ἑῴας
2595 2059 2655 2113 τὸ
2699 2063 2990 2132 κράτιστόν
3035 2081 3095 2117 τε
3145 2065 3240 2118 καὶ
3286 2067 3677 2137 καθαρώτατον

2092 2151 2374 2224 ὑπάρχων,
2411 2151 2655 2214 καὶτοὺς
2683 2153 2854 2226 ἀέρας
2886 2155 3392 2226 ἀκραιφνεστάτους
3417 2158 3513 2211 καὶ
3546 2156 3676 2210 καλ·

2092 2239 2305 2306 λίστους
2337 2241 2474 2312 ἔχων
2501 2281 2516 2302 ,
2559 2244 2654 2295 καὶ
2706 2247 2819 2308 τοῖς
2851 2245 3293 2314 διαφανεστάτοις
3335 2245 3490 2301 ὕδασι
3547 2265 3675 2300 κατα

2093 2334 2407 2404 ἀρδόμενος,
2455 2334 2616 2404 δῆλον
2658 2335 2733 2400 ὡς
2761 2337 3132 2410 ἀπαραΰλήτῳ
3184 2340 3424 2410 ὑπεροχῇ
3450 2340 3553 2409 τῆς
3591 2339 3678 2407 ὑφ’

2090 2426 2226 2497 ἡλίῳ
2265 2426 2444 2497 πάσης
2467 2428 2525 2478 ἐν
2551 2427 2702 2500 πάσῃ
2735 2429 2796 2481 τὸ
2830 2431 3076 2500 κρεῖττον
3118 2429 3274 2502 φέρει
3296 2447 3310 2460 ⁸
3350 2433 3451 2503 τῆς
3477 2432 3679 2496 ἔξωθεν

2094 2516 2369 2588 θαλάσσης
2392 2518 2513 2570 κατ’
2540 2517 2827 2590 ἀνίσχοντα
2872 2519 2966 2572 τὸν
3010 2520 3162 2591 ἥλιον
3214 2521 3362 2593 αὑτῷ
3394 2524 3680 2595 παρακλυ-

2095 2608 2348 2679 ζομένης.

407 2727 530 2764 mus
579 2719 663 2764 est
709 2709 884 2773 locus,
913 2707 1005 2776 qui
1030 2705 1096 2760 ad
1139 2705 1272 2760 solis
1308 2714 1489 2760 ortum
1539 2704 1739 2758 Oceani
1793 2703 2049 2758 ﬂuctibus
2079 2704 2320 2758 alluitur.

481 2833 568 2876 1'2.
626 2828 951 2877 Athanasius
1009 2822 1317 2876 constantis
1360 2829 1536 2891 grana
1581 2821 1876 2872 restitutus.
1916 2848 1986 2860 -—

409 2918 500 2970 Ai-t
539 2916 934 2986 Philostorgius
973 2915 1366 2978 Athanasium,
1409 2928 1533 2967 cum
1577 2912 1642 2966 ad
1678 2913 1988 2965 occidenta-

2166 2819 2251 2890 ιβ’.
2284 2820 2430 2884 Ὅτι,
2462 2823 2648 2893 φησὶν,
2684 2821 3000 2885 Ἀθανάσιος
3019 2821 3155 2896 πρὸς
3173 2821 3262 2875 τὸν
3291 2820 3553 2892 ἑσπέριον
3583 2823 3681 2891 ἀφ-

2096 2912 2344 2982 ικόμενος
2379 2912 2603 2983 βασιλέα
2625 2955 2639 2979 ,
2677 2916 2770 2968 καί¹
2807 2914 2996 2987 δώρων
3031 2918 3156 2979 τοὺς
3186 2914 3336 2984 αὐτῷ
3365 2915 3682 2986 παραδυνα-

411 3009 543 3062 lium
578 3008 811 3078 partium
849 3008 1230 3078 imperatorem
1263 3004 1518 3070 venisset,
1543 3003 1774 3072 ejusque
1800 3003 1987 3071 palatii

2098 3007 2384 3070 στεύοντας
2409 3006 2708 3077 ὑπαγαγὼν
2731 3007 2984 3078 ἀφθονίᾳ,
3011 3007 3246 3078 μάλιστα
3271 3007 3328 3060 δέ
3353 3007 3428 3059 Εὑ
3441 3007 3679 3066 στάθιον.

411 3114 666 3166 proceres
687 3140 701 3164 ,
733 3114 795 3153 ac
826 3099 1096 3167 praecipue
1125 3094 1469 3150 Eustathium
1515 3093 1766 3146 comitem
1807 3108 1988 3146 rerum

414 3192 770 3260 privata-rum,
793 3189 885 3258 qui
921 3188 1244 3242 auctoritate
1280 3185 1574 3255 plurimum
1604 3183 1820 3237 valebat
1849 3181 1990 3251 apud

413 3285 744 3352 principem,
789 3280 950 3335 donis
996 3295 1059 3334 ac
1107 3278 1424 3334 muneribus
1470 3277 1570 3330 sibi
1613 3275 1992 3340 conciliasset,

395 3373 622 3432 'litleras
657 3392 686 3430 a
709 3375 1008 3429 Con—stante
1037 3372 1102 3426 ad
1132 3370 1514 3426 Constantium
1547 3368 1832 3431 attulisse,
1857 3381 1995 3435 quae

414 3484 538 3522 rum
570 3469 684 3521 haec
713 3473 868 3520 erant
906 3463 1069 3518 verba
1101 3482 1113 3516 :
1143 3461 1473 3517 Athanasius
1499 3460 1567 3515 ad
1609 3475 1711 3514 nos
1735 3461 1992 3523 veniens,

415 3561 786 3630 episcopatum
830 3555 1174 3612 Alexandriae
1199 3555 1265 3609 ad
1294 3555 1473 3624 ipsum
1514 3552 1784 3622 pertinere
1815 3549 1995 3604 mani-

417 3651 573 3707 festis
612 3650 1026 3721 probationibus
1073 3647 1331 3704 ostendit.
1382 3646 1564 3712 Quare
1617 3645 1768 3698 illum
1817 3658 1912 3712 per
1946 3649 1997 3696 te

418 3751 802 3812 consequatur,
845 3751 940 3796 aut
987 3751 1133 3796 certe
1165 3739 1301 3793 meis
1336 3737 1504 3791 armis
1538 3735 1789 3790 eumdem
1840 3748 1999 3787 recu-

419 3835 650 3906 perabit.
675 3834 847 3890 Porro
874 3835 960 3890 his
992 3833 1188 3888 litteris
1213 3830 1450 3899 acceptis
1471 3871 1486 3896 ,
1519 3828 1594 3881 ait
1615 3827 1997 3882 Constantium

419 3925 706 3997 episcopos
734 3939 1072 3981 convocasse
1093 3963 1107 3987 ,
1148 3931 1208 3977 ut
1257 3937 1363 3976 una
1401 3936 1526 3976 cum
1555 3921 1663 3974 illis
1694 3919 1823 3990 quid
1857 3917 2000 3972 facto

421 4035 561 4090 opus
600 4028 745 4075 esset
779 4018 1135 4082 deliberaret;
1167 4030 1262 4069 eos
1308 4029 1438 4068 vero
1479 4014 1530 4067 id
1564 4013 1854 4069 consilium
1904 4010 2001 4066 de-

421 4109 571 4166 disse
593 4110 948 4166 Constantio.
991 4109 1166 4163 satius
1198 4121 1319 4161 esse
1358 4119 1418 4161 ut
1464 4105 1794 4160 Alexandria
1834 4108 2003 4163 Atha-

423 4203 566 4258 nasii
611 4203 746 4272 jugo
792 4201 1019 4254 minime
1069 4199 1424 4264 liberaretur,
1469 4213 1632 4267 quam
1679 4207 1739 4252 ut
1794 4199 1998 4255 bellum

423 4297 684 4350 adversus
731 4291 953 4346 fratrem
1006 4289 1328 4360 susciperet.
1377 4289 1758 4344 Constantium
1817 4292 2000 4357 itaque

423 4381 742 4453 permisisse
791 4381 1120 4445 Athanasio,
1179 4387 1239 4433 ut
1286 4378 1654 4448 episcopatum
1700 4381 1996 4450 reciperet,

423 4475 717 4544 Georgium
761 4487 890 4527 vero
929 4487 1026 4542 per
1071 4471 1358 4541 epistolam
1400 4471 1468 4525 ad
1513 4487 1571 4526 se
1617 4487 1893 4528 evocasse.
1923 4476 2000 4529 Ac

2095 3097 2153 3160 ὃς
2181 3099 2360 3170 κόμης
2385 3095 2453 3170 ἦν
2489 3100 2601 3152 τῶν
2632 3099 2942 3170 λεγομένων
2974 3100 3316 3171 πριουάτων,
3348 3100 3446 3152 καὶ
3472 3099 3554 3168 τῷ
3585 3099 3682 3168 βαρ

2097 3190 2236 3242 σιλεῖ
2265 3189 2658 3256 πιθανώτατος,
2687 3191 2978 3262 ἐπιστολὴν
3011 3192 3151 3264 πρὸς
3177 3190 3564 3245 Κωνστάντιον
3595 3194 3674 3262 (a)

2097 3280 2405 3352 κομίζεται,
2436 3282 2700 3351 λέγουσαν
2723 3276 2856 3336 ὧδε·
2897 3281 3215 3346 Ἀθανάσιος
3241 3276 3378 3353 ἧκεν
3407 3283 3482 3346 ὠς
3514 3285 3680 3353 ἡμᾶς,

2097 3373 2273 3444 ἐαυτῷ
2314 3375 2612 3445 προσήκειν
2640 3375 2738 3445 τὴν
2769 3375 3074 3446 ἐπισκοπὴν
3110 3375 3211 3445 τῆς
3271 3374 3683 3444 Ἀλεξανδρείας

2099 3469 2437 3532 ἀποδεικνύς.
2469 3469 2799 3539 Τυγχανέτω
2824 3468 3004 3523 τοίνυν
3043 3469 3130 3523 διὰ
3160 3467 3254 3522 σοῦ
3275 3469 3519 3540 ταύτης,
3562 3470 3685 3520 ἐπεὶ

2098 3563 2211 3623 τοῖς
2241 3560 2393 3630 ἐμοῖς
2426 3577 2490 3628 γε
2520 3561 2689 3632 αὑτὴν
2726 3561 3089 3632 ἀνακτήσεται
3133 3561 3337 3624 ὅπλοις.
3373 3559 3682 3630 Δεξάμενον

2099 3649 2155 3702 δὲ
2189 3649 2288 3720 τὴν
2315 3650 2602 3722 ἐπιστολὴν
2634 3651 2726 3703 τὸν
2751 3653 3150 3715 Κωνστάντιον,
3183 3653 3278 3705 καὶ
3307 3653 3432 3716 τοὺς
3461 3653 3685 3705 ἐπισχεῖ-

2100 3759 2234 3805 πους
2273 3743 2364 3795 ἐπὶ
2412 3742 2667 3814 κοινωνίᾳ
2711 3742 2907 3813 βουλῆς
2957 3743 3408 3812 συγκαλέσαντα,
3456 3743 3687 3814 γνώμην

2102 3833 2231 3904 παρ’
2264 3834 2443 3886 αὑτῶν
2473 3835 2682 3899 λαϐεῖν,
2709 3834 2934 3904 ἄμεινον
2967 3831 3106 3889 εἶναι
3143 3835 3217 3906 μὴ
3248 3835 3484 3907 πόλεμον
3515 3837 3685 3909 ἀναρ-

2103 3922 2264 3992 ρῆξαι
2292 3923 2369 3994 τῷ
2406 3923 2638 3995 ἀδελφῷ,
2679 3924 2712 3994 ἢ
2751 3924 2851 3995 τῆς
2891 3923 3214 3978 Ἀθανασίου
3251 3923 3555 3996 βαρύτητος
3585 3927 3686 3996 τὴν

2115 4013 2516 4086 Ἀλεξάνδρειαν
2548 4015 2874 4081 ἀπαλλάξαι.
2909 4015 2998 4068 Διὸ
3041 4015 3134 4069 καὶ
3164 4015 3372 4085 ἐφιέναι
3408 4017 3559 4088 αὑτῷ
3586 4017 3687 4088 τὴν

2103 4106 2407 4178 ἐπισκοπὴν
2435 4107 2545 4177 (69)
2597 4108 2909 4172 ἀναλαϐεῖν,
2965 4109 3062 4163 καὶ
3106 4109 3199 4162 τὸν
3251 4108 3526 4180 Γεὼργιον
3566 4110 3685 4180 μετ’

2101 4197 2391 4269 ἐπιστολῆς
2441 4199 2521 4261 είς
2553 4198 2744 4251 ἐαυτὸν
2793 4199 3277 4270 μεταπέμψασθαι.
3338 4200 3477 4253 Ἀλλ’
3510 4203 3541 4255 ὁ
3588 4203 3690 4272 μὲν

2103 4291 2184 4353 είς
2224 4290 2322 4362 τὴν
2365 4289 2560 4344 ἐαυτοῦ
2597 4293 2830 4363 πατρίδα
2859 4293 2956 4364 τὴν
2999 4293 3395 4348 Καππαδοκίαν
3433 4295 3689 4364 ἀφίκετο,

2103 4383 2264 4435 κάκεῖ
2307 4381 2460 4451 διῆγε
2494 4382 2563 4436 τὰ
2588 4383 2710 4436 καθ’
2752 4385 2944 4438 ἑαυτὸν
2987 4386 3477 4457 ἐπισκοπούμενος.
3531 4386 3593 4443 Ὀ
3630 4388 3686 4440 δὲ

2109 4475 2454 4543 Ἀθανάσιος,
2500 4476 2638 4547 μετά
2693 4476 2939 4547 μείζονος
2995 4479 3096 4551 ἢδη
3158 4482 3505 4552 φρονήματος
3537 4480 3689 4540 διιὼν

422 4567 689 4636 Georgius
713 4565 933 4636 quidem
967 4564 1020 4616 in
1050 4561 1480 4632 Cappadociam,
1515 4579 1580 4617 ex
1601 4579 1708 4632 qua
1737 4564 1992 4618 oriundus

2098 4564 2196 4628 τὰς
2229 4568 2433 4632 πόλεις,
2466 4569 2589 4622 καθ’
2623 4567 2717 4632 οὓς
2751 4567 2953 4637 γίνοιτο
2988 4571 3098 4624 τῶν
3131 4573 3472 4636 ἐπισκόπων,
3507 4572 3687 4641 λόγος

422 4669 572 4726 erat,
611 4671 862 4712 reversus
911 4663 1026 4721 est,
1058 4654 1243 4723 ibique
1281 4653 1483 4724 degens
1523 4655 1733 4724 privata
1785 4657 1992 4726 negotia

2098 4657 2299 4721 αὑτοὺς
2329 4657 2641 4724 ἐξεκαλεῖτο
2672 4659 2809 4730 πρὸς
2840 4660 2900 4712 τὸ
2929 4661 3214 4732 ὁμοοὺσιον
3237 4679 3250 4690 ·
3297 4664 3390 4717 καὶ
3425 4665 3554 4726 τοὺς
3593 4664 3690 4734 μὲν

423 4751 844 4808 administravit.
891 4746 1224 4802 Athanasius
1267 4760 1428 4812 vero,
1480 4746 1690 4815 majore
1743 4747 1992 4818 deinceps

2098 4748 2290 4814 ἄλλους
2331 4750 2406 4822 μὴ
2443 4751 2841 4822 προσδέχεσθαι
2873 4752 3013 4824 (70).
3047 4754 3251 4807 Ἀέτιον
3287 4755 3345 4807 δέ
3373 4755 3467 4808 τὸν
3495 4755 3689 4826 ἔφορον

1650 4904 1890 4949 VALESII
1921 4905 2416 4952 ANNOTATIONES.

499 5017 612 5088 (69)
656 5015 908 5088 Ἐνιέναι
955 5012 1115 5088 αὐτῷ
1154 5011 1271 5088 τῂν
1297 5010 1665 5088 ἐπισκοπὴν.
1713 5011 1872 5088 Hunc
1916 5013 2005 5066 lo-

425 5083 551 5142 cum
578 5083 861 5141 emendavi
887 5101 950 5139 ex
987 5085 1175 5137 codice
1200 5083 1470 5137 Samuelis
1495 5083 1773 5147 Bocharti,
1804 5085 1856 5138 in
1889 5100 2001 5154 quo

423 5159 628 5213 diserte
654 5158 912 5224 scriptum
941 5156 1169 5209 habetur
1193 5154 1424 5222 ἐφιέναι,
1460 5156 1682 5224 optime.

495 5227 610 5299 (70)
667 5223 781 5281 Kal
835 5225 976 5292 τοὺς
1028 5225 1146 5296 μὲν
1201 5225 1452 5289 ἄλλους’
1501 5223 1589 5292 μὴ
1667 5225 2001 5293 προσδέχε-

2111 5018 2272 5069 σθαι.
2299 5014 2457 5071 Ηιιηο
2481 5015 2661 5072 locum
2685 5033 2793 5071 non
2832 5017 3096 5073 intellexit
3123 5017 3518 5083 Gothofredus,
3548 5018 3690 5073 sicut

2112 5089 2492 5158 ex_versione
2547 5095 2599 5141 et
2643 5088 2788 5143 notis
2839 5088 2962 5158 ejus
3004 5098 3247 5158 apparet.
3299 5088 3514 5144 Putavit
3543 5090 3687 5158 enim

2112 5155 2538 5229 Philostorgium
2572 5158 2623 5212 id
2649 5159 2852 5223 dicere,
2871 5155 3264 5219 'Athanasium.
3289 5159 3418 5213 dum
3456 5175 3558 5229 per
3598 5157 3689 5212 Pa.

2110 5227 2690 5295 laestinamtransiret,
2723 5239 2955 5286 cunctos
3003 5231 3290 5300 episcopos
3335 5234 3403 5284 ad
3451 5227 3688 5285 consub

1900 5365 2226 5411 VARIORUM
2236 5397 2248 5409 .

495 5475 572 5548 (α)
617 5475 981 5548 Ἐπιστολὴν
1039 5475 1186 5548 πρὸς
1239 5475 1677 5548 Κωινσίινάντιονἶ
1865 5476 2002 5531 Con-

426 5546 625 5602 stantis
658 5548 724 5601 ad
769 5547 990 5600 fratrem
1041 5546 1423 5600 Constantium
1464 5547 1768 5601 minacibus
1808 5547 2002 5604 litteris

426 5618 537 5672 vid.
566 5617 722 5671 Socr.
750 5617 844 5671 lib.
881 5633 941 5684 ll,
967 5632 1084 5685 cap.
1109 5617 1199 5679 22,
1229 5618 1334 5682 25;
1368 5618 1490 5672 Soz.
1525 5617 1620 5673 lib.
1652 5619 1731 5680 ῆι,
1759 5633 1878 5687 cap.
1909 5620 1999 5675 9.0.

430 5687 502 5741 lle
532 5687 689 5742 Aetio
724 5688 869 5758 quod
911 5689 996 5741 hic
1018 5687 1153 5742 dicit
1179 5687 1594 5756 Philostorgius,
1621 5689 1810 5755 procul
1834 5689 2004 5745 dubio

427 5758 827 5817 calumniosum
845 5775 986 5828 esse,
1003 5773 1240 5829 eumque
1257 5758 1359 5816 hoc
1378 5769 1620 5827 tempore
1640 5759 2005 5818 orthodoxum

2110 5479 2302 5551 fuisse,
2333 5495 2646 5551 quanquam
2674 5479 2801 5534 olim
2835 5481 3033 5533 Ariana
3068 5480 3194 5551 labe
3221 5477 3500 5551 infectum,
3533 5479 3688 5532 docet

2109 5548 2364 5606 Jacobus'
2383 5548 2776 5613 Gothofredus,
2820 5551 3037 5606 dissert.
3081 5567 3133 5619 p.
3179 5550 3297 5603 LM.
3332 5548 3407 5603 De
3453 5548 3690 5602 Maximo

2111 5619 2380 5676 Hierosol.
2407 5637 2518 5689 ep.,
2545 5621 2818 5690 quomodo
2839 5638 2897 5675 se
2914 5621 3082 5689 gessit
3099 5635 3287 5676 versus
3300 5620 3689 5685 Athanasium,

2111 5692 2222 5748 vid.
2260 5693 2416 5747 Socr.
2448 5692 2543 5747 lib.
2572 5707 2631 5760 ιι,
2667 5708 2789 5764 cap.
2829 5692 2921 5760 24,
2953 5701 3066 5748 not.
3091 5706 3141 5746 c.
