3828 6322
112 307 220 366 80‘!

1161 305 1718 366 ECCLESIASTICZE
1766 309 2112 366 HISTORIA?
2149 309 2282 366 LIB.
2325 308 2412 363 111.

3276 307 3400 364 mi

103 424 217 491 τῆς
251 418 620 489 Παλαιστίνης
655 419 746 471 ἐπὶ
794 420 1020 491 πορνείᾳ
1058 422 1581 495 καταγγελλὸμενον,
1615 430 1707 478 καὶ

1822 426 2138 481 conﬁdentia
2180 440 2273 495 per
2303 424 2468 478 urbes
2497 422 2799 487 transiens,
2830 423 3071 495 singulos
3099 423 3398 494 episcopos.

110 511 458 585 βουληθέντα
489 513 555 582 τῇ
597 511 734 580 πρὸς
783 510 1098 566 Ἀθανάσιον
1145 513 1480 590 ἐπιχωρήσει
1513 516 1573 568 τὸ
1622 511 1708 569 αἷ-

106 623 243 676 σχος
275 603 723 674 ὲπικαλύψασθαι
745 643 760 664 ,
801 605 939 674 πρὸς
965 605 1065 675 τὴν
1106 606 1316 659 ἐκείνου
1349 607 1510 672 δόξαν
1543 609 1706 662 αὐτο-

105 697 356 768 μολῆσαι
379 712 394 726 ’
433 694 617 748 δοῦναι
641 695 685 748 δ’
708 687 803 748 οὖν
833 696 981 766 ὅμως
1005 696 1116 767 (71)
1140 696 1374 761 ὀξύτατα
1401 698 1501 770 τὴν
1526 699 1702 770 δίκην,

100 789 205 843 τοῦ
253 790 463 844 αἰδοίου
507 790 864 853 διασαπέντος
905 791 1002 844 καὶ
1048 791 1335 863 σκώληκας
1376 793 1702 864 βρύσαντος,

100 881 203 933 καὶ
234 880 386 934 οὕτω
416 881 512 935 τοῦ
543 882 643 952 ζῇν
676 881 956 936 ὲλαθέντα.
1000 881 1163 936 Ἀλλὰ
1193 884 1289 936 καὶ
1317 884 1571 956 Μάξιμον
1596 887 1722 943 τῶν,

111 973 523 1044 Ἱεροσολύμων
551 974 870 1038 ἐπίσκοπον,
900 975 1039 1046 πρὸς
1063 975 1162 1047 τὴν
1201 976 1521 1032 Ἀθανασίου
1547 979 1704 1044 δόξαν

99 1065 441 1132 ἀποκλίναι,
480 1067 685 1138 καίπερ
711 1070 738 1121 ὁ
777 1068 916 1122 κατὰ
950 1069 1293 1139 Μαξιμιανὸν
1318 1069 1556 1141 διωγμὸς
1591 1071 1702 1142 (72)

104 1158 379 1230 μάρτυρα
407 1158 595 1214 τοῦτον
621 1159 860 1224 ἐδείκνυ,
895 1161 990 1214 καὶ
1021 1161 1112 1215 τὸν
1138 1162 1326 1233 ἕτερον
1360 1162 1470 1214 τῶν
1502 1161 1704 1230 ὀφθαλ-

105 1250 232 1319 μῶν
302 1252 449 1322 ὑπὲρ
496 1253 598 1322 τῆς
637 1252 922 1317 εὐσεϐείας
963 1253 1202 1324 φέροντα
1241 1253 1699 1325 διορωρυγμένον.

101 1343 222 1395 Καὶ
251 1343 488 1407 πολλοὺς
521 1344 716 1408 ἄλλους
748 1345 884 1415 μετὰ
935 1346 1130 1418 μικρὸν
1155 1348 1236 1410 είς
1262 1347 1361 1418 τὴν
1388 1345 1583 1399 ἑαυτοῦ
1621 1344 1704 1398 δό-

103 1431 208 1495 ξαν
233 1434 334 1486 τὸν
387 1434 704 1490 Ἀθανάσιον
731 1435 1132 1508 ὑποσύρασθαι.

1812 517 1879 572 ad
1906 532 2045 587 quos
2081 522 2424 578 accesserat,
2465 513 2531 568 ad
2563 513 3051 570 consubstantialis
3081 513 3241 569 ﬁdem
3272 530 3387 570 ser-

1813 611 2068 666 monibus
2103 607 2218 664 suis
2258 607 2561 671 excitabat,
2593 615 2646 661 et
2690 605 2824 660 alios
2856 606 3074 676 quidem
3103 606 3388 676 episcopos

1815 700 1990 756 verbis
2021 697 2305 753 Athanasii
2335 712 2444 752 non
2475 697 2884 766 obtemperasse
2909 695 3134 763 scribit;
3165 696 3380 752 Aetium

1812 808 1940 849 vero
1980 793 2293 862 episcopum
2330 789 2652 856 Palaestinae,
2702 789 2794 858 qui
2842 787 3223 844 fornicationis
3260 806 3388 844 reus

1812 885 2023 941 delatus
2065 882 2272 947 fuerat,
2303 897 2427 937 cum
2466 895 2563 951 per
2607 881 3053 936 communionem
3101 882 3385 936 Athanasii

1811 974 1864 1029 id
1893 975 2150 1043 probrum
2179 971 2454 1026 occultare
2478 970 2668 1035 vellet,
2709 970 2777 1025 ad
2814 969 2930 1038 ejus
2955 973 3279 1026 sententiam
3329 987 3389 1028 se

1811 1063 2189 1129 transtulisse;
2229 1063 2484 1117 eumdem
2527 1071 2708 1117 tamen
2746 1063 2896 1117 brevi
2930 1078 3118 1131 pinnas
3145 1063 3382 1126 dedisse,

1811 1156 2094 1212 tabefactis
2124 1155 2482 1227 genitalibus,
2530 1169 2596 1208 ac
2639 1154 2916 1208 vermibus
2960 1156 3384 1216 scaturientem,

1811 1257 1974 1316 atque
2008 1247 2083 1300 ita
2109 1261 2176 1300 ex
2220 1245 2323 1298 hac
2358 1244 2478 1299 luce
2506 1243 2800 1299 sublatum.
2837 1243 3130 1299 Maximum
3169 1260 3390 1315 quoque

1812 1337 2312 1408 Hierosolymorum
2364 1336 2678 1405 episcopum
2723 1335 2789 1391 ad
2846 1337 3172 1391 sententiam
3213 1335 3384 1392 Atha-

1797 1429 1949 1503 .nasii
1983 1427 2286 1484 declinasse
2341 1426 2570 1489 scribit,
2599 1426 2816 1481 tametsi
2857 1427 2979 1490 hic,
3029 1427 3084 1480 in
3132 1441 3389 1497 persecu-

105 1523 263 1579 tione
296 1523 639 1592 Maximiani,
659 1527 1020 1584 confessionis
1046 1529 1218 1600 gloria
1241 1528 1473 1586 illustris
1499 1528 1710 1591 fuisset,
1748 1536 1802 1580 et
1831 1523 2062 1578 alterum
2089 1519 2308 1576 oculum
2340 1517 2600 1575 eﬂ‘ossum
2643 1518 2890 1574 haberet.
2927 1518 3093 1574 Addit
3119 1530 3386 1589 praeterea

102 1619 480 1676 Athanasium
535 1623 796 1692 paulatim
844 1624 1047 1678 multos
1087 1625 1225 1680 alios
1271 1624 1337 1679 ad
1397 1625 1710 1695 opinionem
1750 1634 1906 1676 suam
1934 1615 2291 1688 pertraxisse.

182 1722 278 1784 ιγ’.
324 1717 451 1770 Ὀτι
489 1718 624 1788 φησὶ
649 1718 741 1772 τὸν
788 1719 1115 1790 Ἀντιοχείας
1141 1720 1464 1785 Φλαὸιανδν,
1501 1719 1705 1790 πλῆθος
1738 1732 1778 1785 Β

108 1808 375 1880 μοωχῶν
425 1811 856 1882 συναγείραντᾳ,
901 1813 1118 1884 πρῶτον
1159 1813 1490 1884 ἀναϐοῆσαιο
1550 1811 1703 1876 Δόξα

104 1901 304 1968 Harp!
336 1902 437 1956 arui
483 1901 593 1968 Υίῷ
624 1904 722 1956 καὶ
761 1903 908 1973 ἁγίῳ
945 1905 1264 1974 Πνεύματι.
1297 1905 1418 1958 Τῶν
1461 1904 1570 1974 γὰρ
1599 1904 1705 1975 πρὸ

105 1991 281 2045 αὑτοῦ
308 2033 323 2056 ,
383 1994 513 2056 τοὺς
561 1992 683 2063 μὲν,
733 1993 889 2058 Δόξα
930 1996 1113 2064 Harp!
1149 1995 1222 2048 δι’
1278 1995 1414 2050 Υίοῦ
1451 1997 1521 2050 ἐν
1559 1996 1706 2065 ἁγίῳ

105 2086 422 2156 Πνεύματι
453 2086 656 2154 λέγειν,
683 2088 778 2140 καὶ
804 2085 1005 2160 ταύτην
1038 2087 1237 2160 μᾶλλον
1267 2089 1366 2158 τὴν
1396 2090 1703 2160 ὲκφώνησιν

104 2179 495 2242 ἐπιπολάζειν·
522 2181 650 2245 τοὺς
685 2181 762 2249 δὲ,
805 2182 961 2247 Δόξα
983 2183 1164 2250 Πατρὶ
1191 2182 1259 2236 ἐν
1286 2175 1398 2247 ΥῘῷ
1423 2182 1518 2237 καὶ
1559 2185 1704 2248 ἁγίῳ

106 2271 445 2340 Πνεὺματι.

180 2449 266 2503 ιδ’.
311 2448 467 2512 Ὅτι,
502 2446 690 2520 φησὶν,
722 2451 770 2502 εἰ
803 2451 895 2504 καὶ
915 2451 1224 2524 διεφέροντο
1249 2452 1392 2506 κατὰ
1422 2452 1522 2516 τὰς
1549 2453 1705 2520 δόξας

106 2543 219 2604 τοῖς
247 2540 314 2594 τὸ
339 2539 629 2611 ὁμοούσιον
661 2542 1053 2612 πρεσϐεύουσιν
1091 2546 1140 2596 oi
1173 2542 1234 2608 ἐξ
1281 2544 1490 2613 Ἀρείου
1511 2583 1525 2607 ,
1557 2545 1706 2615 ὅμως

105 2633 203 2684 καὶ
236 2630 446 2700 εὐχῶν,
500 2632 595 2684 καὶ
639 2631 846 2703 ὓμνων,
894 2633 991 2686 καὶ
1035 2633 1440 2705 βουλευμάτων,
1480 2636 1575 2688 καὶ
1600 2635 1725 2688 τῶνν

109 2721 289 2775 ἄλλων
317 2721 511 2790 σχεδὸν
542 2721 816 2787 ἁπάντων,
859 2723 997 2794 πλὴν
1024 2723 1125 2793 τῆς
1175 2724 1446 2795 μυστικῆς
1487 2725 1707 2778 ἐκοινώ-

114 2829 236 2865 δουν
270 2811 494 2875 θυσίας.
527 2813 948 2885 Ἐπιγενομένου
975 2815 1033 2868 δὲ
1072 2815 1166 2868 τοῦ
1214 2817 1444 2880 Ἀετίου,
1479 2817 1575 2870 καὶ
1607 2817 1706 2888 τῆς

110 2908 166 2957 ὲν
195 2903 423 2968 τούτοις
449 2904 783 2970 διαστάσεως
824 2905 1114 2979 ἄρξαντος,
1145 2907 1246 2979 τὴν
1287 2908 1543 2978 ὁμόδοξον
1578 2927 1706 2962 συν-

111 2997 345 3068 αγωγὴν
392 2998 506 3065 (75)
530 3040 546 3064 ,
577 2998 785 3062 πάντας
813 2999 1048 3069 δεσμοὺς
1083 3000 1180 3053 καὶ
1225 2999 1408 3069 φιλίας
1451 3001 1546 3054 καὶ
1581 3018 1706 3054 συν-

1883 1715 1972 1768 15.
2004 1710 2258 1766 Flaviani
2303 1709 2608 1779 doxologia.
2655 1737 2724 1752 η-
2768 1707 2860 1762 Ait
2915 1705 3235 1762 Flavianum
3281 1705 3392 1760 An-

1813 1807 2127 1862 tiochenum
2160 1845 2175 1868 ,
2247 1802 2472 1857 collecta
2549 1801 2942 1856 monachorum
3009 1801 3392 1864 multitudine,

1809 1900 2048 1970 primum
2081 1895 2324 1950 omnium
2342 1893 2677 1949 acclamasse
2704 1912 2717 1948 :
2739 1892 2925 1947 Gloria
2943 1891 3124 1957 Patri,
3149 1901 3197 1946 et
3229 1890 3390 1954 Filio,

1810 2000 1858 2044 et
1888 1989 2116 2060 Spiritui
2133 1997 2317 2042 sancto
2335 1984 2471 2056 (76).
2496 1984 2630 2039 Nam
2648 1985 2800 2040 exiis
2822 1985 3089 2056 quianam
3115 1984 3266 2039 illum
3297 1999 3396 2038 an-

1813 2089 2142 2139 tecesserant
2165 2119 2180 2145 ,
2209 2080 2347 2134 alios
2373 2078 2591 2149 quidem
2619 2077 2821 2133 dixisse
2857 2095 2870 2132 :
2901 2076 3086 2152 Gloria
3116 2077 3275 2131 Patri
3303 2093 3395 2147 per

1812 2173 2014 2227 Filium
2056 2174 2110 2225 in
2158 2180 2339 2225 sancto
2392 2168 2624 2240 Spiritu,
2664 2181 2827 2239 atque
2868 2170 3008 2224 hanc
3046 2169 3394 2225 acclamatio-

1811 2279 1935 2318 nem
1969 2279 2070 2318 usu
2122 2261 2297 2332 magis
2344 2269 2613 2330 receptam
2661 2274 2818 2324 esse;
2863 2259 2999 2314 alios
3046 2275 3176 2314 vero
3214 2260 3395 2314 dicere

1812 2356 2004 2410 solitos
2045 2373 2058 2409 :
2097 2352 2286 2408 Gloria
2318 2351 2474 2404 Patri
2501 2352 2556 2404 in
2591 2349 2737 2404 Filio
2771 2360 2820 2404 et
2851 2349 3056 2419 Spiritu
3105 2361 3314 2405 sancto.

1883 2447 1970 2500 14.
1992 2445 2179 2499 Ariani
2197 2461 2229 2497 a
2245 2441 2534 2498 Catholicis
2552 2442 2759 2511 penitus
2782 2441 3122 2496 recedunt.—
3138 2441 3225 2496 Ait
3241 2442 3396 2497 Aria-

1812 2554 1948 2602 nos,
1991 2537 2242 2609 quamvis
2290 2536 2343 2590 in
2389 2536 2510 2590 ﬁdei
2552 2535 2800 2590 doctrina
2838 2535 3187 2590 dissentirent
3232 2535 3395 2589 abiis

1812 2633 1905 2705 qui
1944 2631 2464 2687 consubstantialem
2504 2629 2702 2684 Filium
2743 2629 3138 2700 praedicabant,
3176 2629 3230 2683 in
3271 2643 3396 2698 pre-

1813 2725 2120 2780 cationibus
2151 2732 2332 2778 tamen
2355 2733 2518 2792 atque
2539 2721 2756 2794 hymnis
2783 2729 2845 2775 et,
2862 2719 3391 2788 consultationibus,

1813 2816 2044 2886 aliisque
2095 2813 2210 2870 fere
2265 2813 2522 2869 omnibus
2554 2850 2569 2876 ,
2629 2820 2992 2882 praeterquam
3047 2812 3101 2865 in
3161 2812 3412 2881 mystico,

1813 2906 2123 2970 sacriﬁcio,
2173 2921 2298 2960 cum
2344 2905 2537 2961 iisdem
2591 2904 3049 2960 communicasse.
3096 2901 3395 2974 Postquam

1813 3014 1942 3053 vero
2004 2997 2224 3052 advenit
2272 2997 2497 3062 Aetius,
2551 3006 2606 3052 et
2659 2995 3024 3052 dissensionis
3084 2995 3228 3050 circa
3279 2995 3411 3050 haec-

115 3090 209 3159 ηθε
221 3090 336 3154 ίας,
359 3087 444 3154 οἷς
461 3094 574 3155 τοῖς
590 3092 918 3163 ὲτεροδόξοις
941 3094 1707 3166 συνήπτοντοβιαρρήξαντας,

1822 3103 2035 3159 quoque
2087 3096 2282 3143 auctor
2335 3087 2471 3155 fuit,
2523 3088 2794 3158 persuasit
2847 3086 3010 3143 coetui
3061 3103 3250 3143 eorum
3301 3089 3411 3159 quia

112 3184 192 3244 εἰς
233 3181 542 3236 ἀντίπαλον
574 3183 788 3248 τούτοις
827 3184 1062 3256 μάλιστα
1092 3185 1511 3258 παρασκευάσαι
1542 3202 1712 3239 κατα·-

113 3275 322 3346 στῆσαι
356 3275 458 3328 τὴν
491 3277 704 3347 μοῖραν.
1517 3263 1520 3267 ’

185 3552 276 3598 ιε’.
326 3543 461 3598 Ὀτι
517 3546 715 3617 πατρὶς
776 3545 967 3615 Ἀετίῳ
1010 3546 1042 3616 ή
1086 3548 1157 3599 ὲν
1191 3547 1342 3618 κοίλῃ
1374 3547 1565 3615 γέγονε
1612 3548 1711 3599 Συ-

117 3635 210 3706 ρίᾳ
235 3633 362 3704 (74)
381 3647 395 3661 ⁶
431 3634 528 3687 τοῦ
558 3636 616 3690 δὲ
649 3635 855 3707 πατρὸς
876 3636 1039 3689 αὐτοῦ
1071 3637 1181 3691 τῶν
1213 3641 1271 3692 ὲν
1301 3638 1559 3710 στρατείᾳ
1585 3639 1710 3691 δυσ-

116 3726 508 3800 πραγέστερον
559 3729 936 3800 ὲνηνεγμένων
975 3727 1108 3798 (75).
1157 3731 1269 3784 Καὶ
1319 3731 1409 3783 τὸν
1477 3730 1589 3801 βίον
1653 3732 1711 3784 ὲν

1816 3181 1957 3236 idem
1990 3195 2114 3234 cum
2149 3180 2267 3250 ipso
2298 3179 2626 3244 sentiebant,
2655 3187 2734 3245 ut,
2767 3180 2945 3251 ruptis
2974 3179 3226 3239 omnibus
3258 3180 3397 3233 ami-

1816 3273 1958 3328 citiae.
2002 3281 2058 3328 et
2097 3270 2512 3326 consuetudinis
2536 3271 2806 3337 vinculis,
2847 3271 3049 3342 quibus
3078 3280 3236 3326 antea
3269 3288 3415 3327 cum.

1816 3361 2197 3418 homousianis
2231 3362 2510 3432 conjuncti
2550 3371 2728 3430 erant,
2760 3362 2869 3419 illis
2914 3363 3152 3419 maxime
3198 3364 3394 3419 adrer-

1816 3470 1934 3510 sam
1962 3453 2251 3508 factionem
2284 3453 2702 3510 constituerent.

1890 3544 1976 3599 15.
2005 3543 2187 3599 Aetius
2219 3545 2520 3600 haereticus.
2551 3575 2622 3586 -
2645 3547 2738 3602 Ait
2771 3546 2989 3602 Aetium
3020 3558 3201 3603 ortum
3226 3547 3398 3605 fuisse

1816 3652 1882 3693 ex
1913 3635 2281 3709 Caele—Syria;
2310 3647 2464 3709 pater
2491 3653 2622 3694 vero
2668 3640 2821 3709 ejus,
2851 3655 2976 3694 cum
3011 3641 3065 3695 in
3102 3639 3396 3711 praesidiaii

1819 3731 1994 3787 cilicio
2028 3731 2332 3800 militasset,
2360 3733 2501 3787 male
2528 3748 2641 3787 rem
2673 3733 2860 3804 gessit.
2896 3731 3144 3803 Cumque
3166 3732 3220 3786 in
3249 3733 3394 3803 ejus-

1366 3902 1611 3947 VALESII
1647 3902 2149 3948 ANNOTATIONES.

119 4003 406 4062 stantialis
451 4001 614 4057 ﬁdem
663 4001 1142 4072 pradicationihus
1209 4000 1324 4056 suis
1375 3999 1705 4072 traduxisse.

122 4077 290 4148 Atqui
328 4071 1256 4148 contrariumjicitPhilostorgius
1293 4089 1305 4124 :
1347 4071 1708 4148 Athanasium

123 4141 345 4202 scilicet
381 4153 614 4198 cunctos
669 4141 968 4196 Palzestinaa
1015 4142 1300 4212 episcopos
1325 4142 1392 4196 ad
1428 4155 1572 4212 quos
1603 4156 1711 4212 ac-

121 4225 399 4277 cesserat,
430 4215 704 4267 hortatum
736 4227 878 4278 esse,
934 4222 993 4266 ut
1029 4210 1512 4266 consubstantialis
1547 4210 1708 4266 ﬁdem

123 4288 648 4357 amplecterentur,
677 4282 776 4357 sed
822 4283 1029 4357 nuﬂum
1073 4283 1294 4357 monitis
1336 4281 1706 4357 ejusobtem—

123 4351 359 4426 perasse
388 4364 586 4426 praeter
623 4353 860 4426 Aetium.
896 4353 962 4406 Et
990 4352 1105 4408 haec
1125 4352 1358 4426 quidem
1403 4351 1538 4406 falsa
1590 4366 1712 4406 esse

126 4421 370 4482 testatur
393 4421 645 4495 synodus
687 4424 1072 4495 episcoporum
1121 4421 1442 4495 Palzestinze,
1493 4437 1616 4490 qua:
1647 4437 1713 4495 e_o

127 4479 383 4567 tempore
411 4479 452 4549 ἆ
470 4479 1249 4567 Maximo'ﬂierbsolymorum
1300 4479 1558 4567 episcopo
1603 4492 1715 4548 col-
1744 4479 1790 4535 Ῑ)

130 4563 266 4623 lecta
303 4575 417 4629 est,
449 4574 510 4618 ut
542 4565 733 4618 scribit
759 4563 1094 4620 Athanasius
1127 4564 1182 4617 in
1216 4563 1575 4633 Apologetico.

199 4634 565 4708 (uideant
607 4633 807 4708 δοκεῖν
839 4634 1013 4708 dum.
1059 4633 1413 4708 llunc_loc_nm
1443 4633 1718 4708 praeclare

129 4703 352 4763 restitui
389 4722 456 4759 ex
506 4720 610 4760 ms.
655 4704 841 4759 codice
874 4703 1165 4772 Samuelis
1205 4703 1479 4765 Bocharti,
1521 4704 1573 4756 in
1609 4719 1720 4772 quo

129 4780 340 4832 diserte
373 4777 449 4829 ita
483 4776 761 4846 scribitur,
806 4775 988 4828 δοῦναι
1033 4775 1078 4828 δ’
1108 4768 1199 4846 οὖν
1249 4774 1415 4846 ὅμως
1450 4768 1716 4844 ὀξυτάτην

130 4848 311 4917 δίκην,
347 4845 942 4917 etc.Porrointerpres
971 4861 1127 4917 suam
1159 4843 1360 4899 Graecae
1382 4845 1582 4917 linguae
1609 4843 1719 4917 ini-

132 4914 392 4987 peritiam
429 4916 514 4987 in
555 4917 685 4987 hoc
718 4917 1012 4987 praecipue
1052 4916 1182 4987 loco
1247 4914 1535 4987 patefecit,
1587 4916 1716 4968 dum

132 4985 357 5041 Aetium
385 4986 459 5040 oh
500 4986 749 5039 adulterii
797 4986 1004 5040 crimen
1049 4986 1102 5039 in
1156 5000 1372 5039 crucem
1419 4985 1715 5048 sublatum,

136 5059 330 5114 fractis
356 5057 616 5111 cruribus
655 5056 927 5110 interiisse
958 5063 1164 5110 censet.
1202 5054 1325 5109 Mox
1371 5069 1471 5124 pro
1504 5053 1716 5124 σκώλη-

136 5145 236 5192 κας
273 5128 582 5198 βρύσαντα,
617 5127 671 5180 in
705 5125 959 5198 Bocharti
985 5127 1174 5198 codice
1200 5141 1304 5181 ms.
1339 5126 1600 5180 scriptum
1637 5125 1719 5178 in-

134 5196 621 5269 νεηίβρύσαντος,
651 5197 798 5269 quod
825 5198 999 5269 magis
1031 5196 1223 5269 probo.

205 5263 346 5390 (722'
452 5266 600 5347 κατὰ
625 5263 998 5347 Μαξιμιαγὸν
1021 5263 1294 5346 διωγμός.
1324 5263 1716 5319 Maximianum

205 5355 236 5390 ο
267 5340 298 5390 li
327 5352 573 5390 axinnno
594 5347 774 5390 DOSllll
802 5336 1222 5390 Plnlostoratus.

136 5336 236 5407 pro
267 5336 573 5391 Maximino
594 5339 774 5406 posuit
802 5336 1222 5407 Philostorgius.

210 5409 328 5478 (75)
369 5409 491 5474 Τὴν
534 5404 828 5475 ὁμόδοξον
861 5406 1248 5478 συναγωγήν.
1285 5405 1402 5460 Νοη
1447 5404 1718 5478 assentior

140 5475 502 5541 Gothofredo,
530 5478 623 5547 qui
645 5478 743 5546 τὴν
761 5475 1014 5547 ὁμόδοξον
1034 5475 1378 5547 συναγωγήν,
1399 5475 1716 5547 ονιΙιοᾳάοωοδ

141 5549 254 5603 sive
323 5544 731 5602 homoou'sianos
783 5544 906 5602 esse
956 5544 1202 5602 credidit.
1261 5544 1482 5602 Rectius
1541 5544 1718 5601 Lucas

144 5617 460 5674 liolstcnins
505 5618 623 5672 haec
655 5619 817 5671 verba
847 5621 910 5672 de
940 5619 1158 5672 Arianis
1190 5618 1474 5678 intellexit,
1517 5617 1716 5685 quibus

144 5698 335 5744 auctor
363 5689 466 5743 fuit
505 5689 718 5752 Aetius,
765 5697 824 5741 ut
862 5690 1039 5757 ruptis
1076 5690 1331 5742 omnibus
1375 5688 1625 5742 amicitiae
1663 5695 1716 5741 et

147 5761 454 5817 concordia
483 5759 742 5824 vinculis,
772 5759 973 5829 quibus
1001 5760 1262 5816 hactenus
1289 5758 1465 5829 juncti
1499 5757 1715 5814 fuerant

1817 4017 1941 4056 cum
1996 4003 2338 4080 orthodoxis,
2405 4005 2848 4080 peculiare_r_n_ac
2883 4009 3156 4080 pmpriam
3199 4007 3394 4064 factio-

1817 4087 1940 4126 nem
1999 4076 2413 4130 constituerent.
2468 4075 2628 4131 Certe
2666 4075 2999 4136 llolsten'ius'
3020 4079 3092 4134 ad
3124 4093 3276 4134 oram
3307 4080 3412 4135 sui‘

1817 4141 2022 4218 codicis
2075 4142 2222 4218 hunc
2275 4145 2457 4218 locum
2510 4147 2582 4201 ita
2618 4147 3052 4218 interpretatur:
3095 4149 3164 4204 In
3213 4151 3395 4204 eadem

1816 4211 1920 4290 [ide
1943 4215 2284 4290 consentienti
2315 4217 2414 4269 sibi
2442 4219 2739 4290 concentui,
2761 4211 2950 4290 'ruptis
2977 4219 3238 4282 omnibus,
3273 4221 3396 4290 qui-

1819 4283 1911 4361 bus
1950 4298 2066 4335 cum
2115 4283 2658 4361 aliter‘sentientibus
2707 4283 3175 4361 conjungebantur.
3209 4283 3394 4361 amici~

1819 4353 1907 4429 tia:
1935 4363 1985 4406 et
2012 4356 2405 4429 consuetudinis
2450 4358 2692 4419 vinculis,
2742 4353 3069 4414 contrariam
3129 4361 3270 4414 hisce
3309 4360 3395 4429 {a-

1817 4425 2134 4498 ctionemut
2164 4428 2520 4498 constitueret,
2552 4439 2737 4482 auctor
2767 4429 2890 4498 fuit.

1893 4492 2006 4579 (.74)
2291 4498 2479 4579 κοίλῃ,
2507 4492 2719 4579 ’γέγονε
2746 4492 2972 4579 ’Συρίᾳε
3023 4499 3305 4579 Articulus
3361 4500 3400 4570 ἡ

1820 4564 1955 4637 satis
1982 4563 2185 4637 indicat
2208 4583 2406 4622 nomen
2435 4563 2671 4624 civitatis
2704 4569 2794 4624 hic
2822 4563 3142 4636 desiderari,
3188 4585 3255 4622 ex
3288 4563 3398 4637 qua

1821 4634 2090 4690 oriundus
2114 4647 2233 4691 erat
2259 4637 2468 4693 Aetius.
2501 4639 2661 4693 Certe
2687 4638 2884 4697 Suidas
2916 4639 2970 4692 in
2997 4634 3134 4694 voce
3168 4634 3394 4702 Ἀέτιος,

1820 4703 2169 4776 Philostorgii
2224 4707 2404 4763 locum
2462 4710 2607 4762 hunc
2660 4709 2998 4770 describens,
3047 4709 3395 4762 Antiochiam

1819 4775 1973 4847 Aetio
1996 4775 2233 4847 patriam
2270 4778 2518 4846 assignat
2567 4796 2578 4831 :
2632 4776 2856 4847 Niceph.
2902 4792 3031 4833 vero
3085 4779 3142 4832 in
3191 4778 3286 4833 lib.
3317 4794 3393 4838 tv.

1821 4845 1966 4918 hunc
1993 4845 2345 4918 Philo‘storgii
2372 4845 2693 4918 ilocumﬁita
2739 4845 3009 4916 expressit
3041 4865 3066 4918 γε
3108 4849 3310 4918 πατρὶς
3337 4849 3413 4906 δὲ.

1820 4913 1968 4988 αὐτῷ
1983 4916 2038 4988 ζὴ,
2059 4915 2212 4988 κοίλη
2250 4913 2419 4988 Συρία
2447 4913 2534 4987 ἦν.
2567 4917 2737 4982 Quem
2778 4913 3000 4974 secutus
3023 4913 3397 4974 Gothofredus

1821 4983 1947 5058 haec
1983 4983 2340 5058 Philostorgii
2385 4983 2551 5058 verba
2591 4990 2675 5058 ita
2711 4988 3098 5058 interpretatus
3138 4996 3222 5043 est
3254 5006 3267 5041 :
3309 4990 3398 5042 Ait

1819 5053 1971 5135 Aetio
2001 5057 2234 5135 patriam
2263 5053 2427 5126 fuisse
2443 5056 2613 5135 Creten
2640 5053 2874 5135 Syriam;
2895 5056 3094 5135 Verum
3117 5060 3232 5135 haec
3254 5058 3402 5115 locu-

1820 5127 1896 5176 tio
1926 5127 2223 5197 impropria
2248 5136 2360 5194 est;
2386 5129 2560 5196 patria
2579 5127 2722 5181 enim
2752 5129 3017 5197 cujusque
3042 5129 3262 5195 dicitur,
3290 5145 3399 5183 non

1818 5194 2112 5274 provincia
2129 5211 2204 5274 ex
2225 5213 2341 5274 qua
2355 5194 2629 5274 oriundus
2653 5207 2758 5260 est,
2787 5194 2879 5254 sed
2903 5194 3099 5274 civitas
3129 5209 3223 5254 aut
3246 5201 3402 5274 vicus

1819 5267 1938 5338 ejus
1967 5267 2277 5338 provinciae.
2303 5267 2601 5322 Observavi
2634 5277 2812 5324 tamen
2844 5270 3071 5338 patriam
3104 5270 3283 5324 vocari
3309 5286 3396 5325 so-

1817 5333 1981 5414 lerea
2000 5336 2364 5414 Pliilostorgio
2387 5339 2746 5414 provinciam,
2763 5355 2829 5414 ex
2844 5333 2955 5414 qua
2973 5341 3098 5409 quis
3123 5349 3277 5414 ourtus
3291 5348 3396 5394 est.

1821 5405 1995 5480 Sic_i_n
2021 5407 2206 5480 ca_p.8,
2230 5405 2324 5480 lii}.
2352 5405 2425 5475 tv,
2456 5409 2829 5480 Philostorgii,
2857 5405 2911 5464 et
2932 5405 3396 5480 in'cap.5,lib.vi.

1893 5474 2005 5548 (75')
2029 5548 2038 5551 _
2064 5474 2192 5531 Τῶν
2223 5479 2319 5551 Δἐν
2370 5474 2658 5551 στρατείᾳ
2722 5474 3251 5551 δυσπραγέστερὸνς
3299 5479 3399 5533 ἐν·

1819 5548 2185 5619 ῃνεγμένων.
2221 5548 2440 5604 Rectius
2467 5551 2607 5619 apud
2629 5549 2851 5604 Suidam
2878 5548 3145 5606 l'iic‘locus
3166 5549 3400 5604 refertur

1823 5615 1926 5671 hoc
1967 5615 2128 5674 modo
2162 5639 2176 5674 :
2205 5622 2233 5672 ὁ
2268 5619 2323 5673 δὲ
2365 5615 2544 5692 πατήρ
2578 5620 2725 5692 αὐτῷ
2757 5621 2866 5677 τῶν
2900 5625 2956 5676 ὲν
2998 5621 3229 5693 στρατιᾷ
3270 5621 3400 5674 δυσυ

3029 5690 3298 5764 πραγέστε
3303 5706 3416 5764 ρον.

1893 5759 2001 5830 (76)
2037 5759 2349 5818 Theodorit.
2388 5761 2482 5819 lib.
2510 5777 2572 5825 tt.
2607 5778 2653 5819 c.
2686 5762 2776 5819 24.
