3828 6312
149 295 256 352 505

1147 304 1705 363 ECCLESIAS'I‘ICIE
1745 303 2093 360 HISTORIA}
2134 303 2264 360 LIB.
2307 303 2402 359 III.

3299 305 3404 360 506

152 425 234 461 sev
259 402 430 477 εἶχεν,
457 409 538 472 είς
562 408 660 482 τὴν
681 412 848 468 αὐτοῦ
870 415 1100 488 δύναμιν
1123 419 1434 475 ἐπανελθὼν
1459 423 1488 476 6
1513 421 1724 492 φθόνος,

1830 431 2100 486 mortuus,
2131 430 2186 475 et
2218 420 2462 476 Eulalius
2489 419 2545 474 in
2578 418 2696 490 ejus
2725 419 2904 475 locum
2936 419 3266 476 substitutus
3294 432 3398 486 est,

151 503 286 552 ιιινεί
309 499 406 552 τὸν
431 501 690 558 Εὐλάλιον
721 505 820 576 τῆς
859 508 1191 578 Ἀντιοχείας
1239 515 1330 566 τὸν
1371 515 1574 567 Ἀέτιον
1622 515 1728 568 ἅπ-

145 591 360 644 ελάσαι.
414 591 474 646 ὀ
503 593 581 661 δὲ,
611 598 692 660 εἰς
719 598 819 668 τὴν
851 601 952 671 τῆς
977 603 1228 668 Κιλικίας
1265 605 1598 677 ’Δναζαρὸὸν
1629 610 1729 676 ἀφ-

146 683 424 751 ικόμενος,
477 687 541 756 τῇ
583 688 746 760 τέχνῃ
787 691 950 744 πάλιν
997 695 1132 766 πρὸς
1176 696 1238 748 τὸ
1275 698 1374 767 ζῇν
1411 700 1725 771 ἀπεχρῆτο,

143 774 266 826 οὐδὲ
297 775 404 845 τῆς
431 777 490 829 ἐν
527 777 708 847 λόγοις
744 782 1110 855 ἀφιστάμενος
1141 789 1276 859 πρὸς
1315 793 1440 853 τοὺς
1471 793 1730 862 ἐντυγχά-

141 882 337 929 νοντας
389 869 641 942 ἁμίλλης.
691 874 1084 946 Γραμματικοῦ
1130 880 1186 934 δέ
1225 899 1368 946 τινος
1411 883 1510 955 τὴν
1567 884 1727 953 φύσιν

145 955 310 1008 αὑτοῦ
343 957 644 1028 ἀγαμένου,
680 963 774 1014 καὶ
820 965 1138 1032 μεταδοῦναι
1183 968 1282 1038 τῆς
1311 969 1505 1038 τέχνης
1549 973 1726 1042 ὁρμη-

147 1047 344 1116 μένου,
387 1051 418 1100 ό
463 1049 666 1113 Ἀέτιος
695 1053 828 1122 παρ’
865 1055 1027 1107 αὐτὸν
1059 1058 1405 1122 εἰσοικισθεὶς
1447 1060 1720 1130 ἐθήτευεν,

143 1137 244 1200 τὰς
287 1141 570 1204 οἰκετικὰς
609 1142 758 1214 αὑτῷ
795 1143 964 1198 τελῶν
1007 1146 1368 1218 λειτουργίας.
1412 1151 1520 1202 Καὶ
1561 1151 1590 1201 6
1632 1153 1728 1220 μὲν

145 1225 242 1296 τὴν
277 1231 678 1302 γραμματικὴν
706 1233 1000 1304 προθύμως
1025 1236 1188 1288 αὐτὸν
1221 1237 1520 1302 ἐδιδάξατο.
1561 1240 1622 1292 Ὁ
1647 1240 1725 1306 δὲ,

141 1317 235 1370 τοῦ
257 1318 588 1374 διδασκάλου
615 1323 848 1394 δημοσίᾳ
870 1325 985 1390 (81)
1011 1329 1142 1380 ποτὲ
1167 1329 1442 1392 καταστὰς
1465 1331 1548 1393 εἰς
1573 1330 1728 1400 ἔλεγ-

143 1425 268 1476 χον,
305 1411 394 1462 ὅτι
445 1413 522 1482 μὴ
563 1413 672 1466 τῶν
705 1415 864 1468 θείων
899 1416 1096 1484 λογίων
1137 1419 1301 1490 ὀρθὴν
1341 1421 1577 1474 ἐποιεῖτο
1629 1421 1728 1494 τὴν

141 1497 418 1569 διήγησιν,
453 1503 548 1554 καὶ
584 1503 786 1574 πολλὴν
811 1505 978 1559 αὐτοῦ
1021 1505 1122 1578 τὴν
1163 1509 1249 1561 ἐπ’
1284 1510 1523 1582 ἀμαθείᾳ
1555 1513 1729 1566 τοιού-

141 1607 250 1642 των
287 1591 559 1664 αἰσχύνην
602 1597 1045 1668 καταχεάμενος,
1081 1599 1428 1670 ἀντιμισθίαν
1473 1595 1600 1673 εὗρε
1629 1602 1728 1673 τὴν

141 1679 494 1750 ἀποκήρυξιν
523 1683 622 1753 τῆς
649 1683 1046 1756 εὐεργετούσης
1067 1687 1227 1740 αὑτὸν
1255 1689 1450 1752 οἲκίας.
1489 1687 1728 1742 Ἐκεῖθεν

1827 521 1942 566 tum
1965 527 2090 568 vero
2115 513 2328 568 invidias
2358 513 2516 576 livor,
2549 511 2834 582 pristinum
2861 511 3026 566 robur
3049 527 3398 583 recuperatis,

1829 602 2094 656 Eulalium
2123 603 2384 666 incitavit,
2423 611 2482 656 ut
2510 603 2722 657 Aetium
2755 603 3046 657 Antiochia
3087 604 3399 674 expelleret.

1827 695 1996 766 Igitur
2039 697 2226 750 Aetius
2271 695 2650 758 Anazarbum,
2701 711 2824 766 qua:
2880 697 3082 751 Ciliciae
3119 697 3250 751 urbs
3287 707 3400 761 est,

1828 788 2138 858 prolectus,
2186 797 2355 842 artem
2393 803 2548 842 suam
2588 789 2768 843 denuo
2807 791 3055 844 exercuit
3096 789 3160 842 ad
3197 789 3397 844 vietum

1829 878 1932 932 sibi
1977 879 2439 948 comparandum;
2485 893 2586 932 nec
2631 888 2813 934 tamen
2865 896 2895 935 a
2938 880 3400 948 disputationibus

1828 968 2090 1022 adversus
2113 983 2208 1022 eos
2229 969 2322 1038 qui
2355 985 2478 1024 cum
2509 969 2628 1038 ipso
2659 971 2914 1039 congredi
2941 972 3156 1038 vellent,
3183 973 3401 1041 penitus

1828 1057 2108 1112 abstinuit.
2142 1059 2312 1112 Porro
2341 1075 2462 1113 cum
2493 1063 2882 1130 grammaticus
2907 1063 3128 1132 quidam
3153 1101 3168 1128 ,
3199 1062 3398 1133 ingenii

1827 1147 1942 1215 ejus
1992 1149 2352 1204 admiratione
2399 1159 2626 1219 captus,
2683 1163 2852 1206 artem
2905 1154 2956 1207 ei
2999 1169 3152 1209 suam
3185 1153 3400 1207 tradere

1828 1251 2116 1306 aggressus
2160 1250 2336 1306 esset,
2365 1241 2556 1296 Aetius
2605 1243 2656 1295 in
2715 1242 2933 1296 domum
2967 1243 3087 1311 ejus
3123 1242 3401 1296 admissus

1827 1329 1876 1382 ei
1929 1329 2286 1396 ministravit,
2335 1331 2561 1387 serviles
2605 1347 2801 1402 cperas
2861 1340 3144 1402 prtestans.
3197 1331 3262 1385 Et
3309 1331 3400 1385 ille

1827 1418 2042 1486 quidem
2103 1419 2290 1474 libenti
2354 1423 2536 1476 animo
2587 1421 2800 1476 Aetium
2847 1423 2980 1478 artis
3033 1423 3400 1493 grammaticae

1828 1511 2108 1580 prateeptis
2163 1513 2420 1567 instituit.
2468 1511 2658 1568 Aetius
2709 1528 2874 1575 vero,
2927 1529 3050 1568 cum
3107 1513 3400 1582 aliquando

1829 1605 2147 1676 magistrum
2179 1621 2338 1660 suum
2371 1605 2586 1675 publice
2619 1605 2975 1675 coal-guisset,
3017 1615 3276 1674 tanquam
3312 1604 3398 1658 di-

1827 1698 1952 1752 vina
1995 1699 2214 1752 oracula
2259 1698 2442 1754 minus
2469 1705 2614 1753 recte
2651 1697 3042 1766 explicantem,
3097 1709 3402 1765 magnoque

141 1769 198 1822 δὲ
223 1769 444 1834 ἐλαθεὶς
491 1773 792 1846 ’Δθανασίῳ
833 1776 1182 1844 συγγίνεται,
1216 1779 1275 1841 ὃς
1319 1778 1428 1832 τῶν
1463 1779 1561 1848 μὲν
1587 1781 1723 1832 Λου-

1830 1802 1947 1840 ειιιιι
1975 1787 2182 1855 pudore
2209 1785 2279 1842 ob
2303 1787 2569 1856 ejusmodi
2599 1787 2924 1856 imperitiam
2955 1785 3243 1846 affecisset,
3259 1785 3400 1838 hanc

143 1862 336 1914 κιανοῦ
377 1863 476 1915 τοῦ
519 1865 796 1936 μάρτυρος
844 1868 1118 1940 όμιλητῶν
1163 1863 1245 1933 εἷς
1293 1871 1538 1939 ἐγεγόνει
1562 1910 1578 1934 ,
1621 1874 1722 1943 τὴν

142 1955 486 2024 ’Δναῧαρζὸν
511 1956 789 2010 διε-,σκόπει
820 1957 968 2029 (82)'
1005 1955 1136 2032 παρ’
1185 1956 1230 2029 ᾧ
1271 1963 1391 2025 τοὺς
1436 1963 1730 2031 εὐαγγελι-

143 2046 274 2108 στάς
296 2047 592 2114 ἀναγνοὺς,
620 2050 714 2102 καὶ
744 2052 859 2114 τοῖς
893 2049 1014 2104 καθ’
1053 2052 1282 2108 ἕκαστον
1309 2053 1472 2106 αὑτὸν
1497 2054 1728 2125 ἐπιστή-

145 2151 264 2200 σας,
309 2137 410 2189 ἐπὶ
455 2137 554 2208 τὴν
605 2139 818 2210 Ταρσὸν
863 2141 1013 2213 παρὰ
1073 2143 1356 2196 ’Λντώνιον
1393 2146 1724 2213 ἀφικνεῖται.

141 2227 263 2278 Τῶν
295 2229 608 2284 Λουκιανοῦ
655 2231 711 2282 δὲ
743 2232 837 2285 καὶ
864 2225 1018 2298 οὗτος
1059 2229 1128 2303 ἦν
1160 2235 1472 2308 γνωρίμων.
1514 2236 1636 2305 Ὑφ’
1666 2231 1726 2292 οὗ

137 2319 234 2383 τὰς
267 2320 370 2373 τοῦ
423 2321 746 2374 Ἀποστόλου
781 2325 1154 2396 ἀναδιδαχθεὶς
1213 2327 1529 2392 Ἐπιστολάς
1552 2369 1567 2393 ,
1608 2330 1726 2380 ἰκα-

137 2410 224 2462 νὸν
261 2411 420 2482 αὐτῷ
455 2413 786 2485 συνδιέτριϐε
823 2416 1035 2486 χρόνον,
1078 2417 1178 2486 τὴν
1217 2417 1312 2470 τοῦ
1357 2418 1726 2490 πρεσϐυτέρου

137 2501 292 2567 τάξιν
323 2503 654 2574 πληροῦντι.
699 2507 848 2560 Ἐπεὶ
875 2507 920 2561 δ’
953 2510 981 2561 ό
1009 2508 1293 2573 Ἀντώνιος
1317 2509 1508 2582 ἔφορος
1539 2511 1719 2579 ἐγεγό-

139 2613 239 2660 νει,
275 2599 378 2648 καὶ
410 2598 512 2668 οὐχ
534 2593 646 2662 οἷός
681 2617 742 2652 τε
773 2595 842 2670 ἦν
883 2600 1293 2671 ὲνασχολεῖσθαι
1331 2605 1398 2672 τῇ
1433 2603 1728 2675 σοφιζούσῃ

139 2685 228 2738 τὸν
284 2687 498 2741 Ἀέτιον
541 2689 883 2762 διδασκαλίᾳ,
931 2693 1012 2754 εἰς
1056 2691 1154 2762 τὴν
1201 2693 1478 2762 Ἀντιόχου
1513 2693 1674 2747 πάλιν
1699 2697 1728 2748 ὁ

149 2778 365 2843 Ἀἐτιος
391 2781 692 2846 ἐπάνεισιν,
719 2784 1120 2854 ἀκροασόμενος
1143 2786 1396 2838 Λεοντίου
1423 2786 1534 2855 (85)
1551 2799 1563 2814 ⁶
1595 2803 1728 2858 πρε-

141 2870 412 2942 σϐύτερος
445 2871 503 2924 δὲ
529 2867 600 2942 ἦν
647 2873 674 2924 6
715 2873 965 2936 Λεόντιος
999 2875 1120 2926 κατ’
1167 2875 1344 2928 ἐκεῖνο
1371 2875 1596 2948 καιροῦ,
1635 2877 1729 2930 καὶ

137 2965 300 3029 0-316;
327 2965 442 3018 τῶν
473 2965 731 3036 μαθητῶν
753 2967 1052 3020 Λουκιανοῦ
1082 2968 1426 3040 χρηματίσας
1451 2987 1461 2998 ·
1493 2967 1552 3030 ὂς
1580 2967 1728 3038 αὐτῷ

138 3059 232 3110 καὶ
263 3057 402 3120 τοὺς
435 3060 720 3129 προφήτας
753 3058 1080 3130 ἐξηγήσατο,
1111 3061 1204 3112 καὶ⁸
1241 3061 1476 3131 μάλιστα
1502 3061 1594 3114 τὸν
1636 3062 1729 3114 Ἰε-

137 3150 360 3220 ζεκιήλ.
429 3149 591 3202 Ἀλλὰ
627 3151 882 3213 κάκεῖθεν
927 3151 1088 3204 αὑτὸν
1119 3153 1147 3204 ὁ
1195 3151 1388 3220 φθόνος
1429 3147 1620 3216 αὖθις,
1654 3151 1729 3214 ὼς
1757 3141 1799 3198 C

135 3243 524 3314 Φιλοστόργιος
547 3242 722 3314 ληρεῖ,
749 3243 826 3306 ὡς
852 3243 896 3296 δ’
921 3243 985 3297 ἄν
1014 3261 1098 3307 τις
1129 3243 1406 3314 ἀληθεύων
1433 3244 1598 3309 εἴποι,
1625 3245 1724 3314 τῆς

133 3333 398 3404 γλώσσης
429 3335 464 3404 ἡ
501 3334 774 3406 ἀκρασία,
810 3335 991 3388 καὶδτὺ
1024 3335 1118 3388 τοῦ
1151 3337 1496 3406 φρονήματος
1529 3333 1723 3388 δυσσε-

139 3427 228 3488 ϐὲς
257 3423 588 3481 ἀπελαύνει.
629 3426 869 3482 Ἐκεῖθεν
900 3421 994 3480 οὖν
1022 3426 1122 3498 τὴν
1156 3425 1412 3479 Κιλικίαν
1441 3425 1724 3496 καταλαμ-

139 3519 292 3571 ϐάνει
313 3535 328 3548 ’
367 3519 462 3572 καί
488 3536 572 3581 τις
598 3519 706 3572 τῶν
731 3519 1106 3592 Βορϐοριανῶν
1129 3519 1205 3590 (a)
1237 3518 1416 3587 λόγοις
1443 3517 1592 3588 αὑτῷ
1619 3518 1724 3571 ὑπὸ

135 3614 232 3682 τῆς
265 3611 415 3674 ιδίας
443 3611 602 3683 δόξης
635 3612 977 3683 συμπλακεὶς
1009 3611 1144 3684 (84),
1191 3613 1272 3675 είς
1309 3612 1548 3682 ἐσχάτην
1593 3627 1725 3664 κατ-

137 3703 376 3772 έστησεν
397 3697 591 3774 ἦτταν.
634 3702 749 3772 Ἐφ’
780 3697 826 3773 ᾧ
854 3703 1062 3775 ἀθυμία
1085 3721 1146 3757 τε
1173 3704 1334 3758 αὑτὸν
1361 3707 1601 3772 κατεῖχε,
1632 3701 1728 3756 καὶ

137 3793 197 3845 τὸ
226 3793 337 3865 ζῇν
367 3795 470 3847 οὐκ
501 3795 728 3848 ἀνεκτὸν
753 3797 968 3866 ἠγεῖτο,
993 3795 1136 3866 ὁρῶν
1155 3795 1215 3848 τὸ
1246 3795 1442 3864 ψεῦδος
1472 3795 1572 3864 τῆς
1598 3793 1730 3866 ἁλη-

1825 1876 2127 1930 mercedem
2159 1876 2378 1942 retulit,
2411 1885 2470 1929 ut
2491 1891 2558 1930 ex
2585 1875 2750 1930 domo
2782 1876 2918 1930 bene
2947 1875 3012 1928 de
3042 1874 3160 1944 ipso
3203 1873 3398 1928 merita

1823 1967 2136 2037 ejiceretur.
2204 1968 2330 2022 Inde
2390 1967 2556 2038 igitur
2615 1969 2875 2038 expulsus
2925 1983 3049 2021 cum
3102 1965 3398 2020 Athanasio

1825 2067 2072 2112 versatus
2105 2069 2208 2120 est,
2235 2056 2466 2110 Luciani
2509 2059 2764 2129 martyris
2807 2057 3103 2126 discipulo,
3142 2057 3236 2130 qui
3273 2065 3399 2110 tunc

1824 2147 2092 2202 Anazarbi
2149 2149 2519 2219 episcopatum
2575 2150 2815 2220 regebat.
2869 2147 3024 2218 Apud
3067 2163 3226 2217 quem
3271 2163 3395 2202 cum

1824 2239 2184 2308 evangelistas
2211 2239 2462 2308 legisset,
2492 2249 2547 2294 et
2574 2239 2788 2310 singula
2817 2253 2938 2308 qua:
2983 2238 3036 2292 in
3061 2237 3168 2292 illis
3207 2252 3400 2290 occur—

1826 2338 1954 2384 runt
1995 2341 2247 2386 accurate
2287 2331 2666 2394 observasset,
2695 2328 2926 2385 Tarsum
2963 2329 3086 2382 inde
3130 2328 3398 2398 perrexit,

1827 2423 2042 2476 visurus
2073 2423 2404 2484 Antonium,
2431 2423 2526 2492 qui
2559 2431 2615 2478 et
2657 2423 2770 2490 ipse
2803 2437 2945 2476 unus
2977 2431 3094 2475 erat
3133 2435 3196 2475 ex
3233 2419 3398 2474 disci-

1827 2514 1967 2583 pulis
1996 2513 2243 2568 Luciani.
2276 2511 2320 2565 A
2341 2505 2459 2582 'quo
2488 2527 2613 2568 cum
2643 2512 3002 2581 Epistolarum
3031 2509 3183 2564 Pauli
3215 2509 3400 2578 expla-

1829 2605 2100 2659 nationem
2153 2604 2465 2669 didicisset,
2507 2605 2643 2658 satis
2690 2604 2781 2657 diu
2829 2619 2953 2658 cum
3011 2617 3077 2656 eo
3125 2601 3293 2667 vixit,
3342 2601 3398 2652 in

1827 2697 2260 2767 presbyterorum
2299 2695 2488 2750 ordine
2531 2693 2711 2749 adhuc
2752 2694 3072 2748 constituto.
3115 2691 3219 2747 Ubi
3270 2707 3402 2747 vero

1829 2789 2102 2844 Antonius
2129 2786 2196 2840 ad
2221 2787 2592 2856 episcopatum
2619 2795 2836 2840 evectus
2850 2794 2954 2852 est,
2985 2799 3084 2840 nec
3103 2783 3402 2839 erudiendo

1827 2883 1982 2938 Aetio
2017 2897 2210 2938 vacare
2255 2881 2490 2950 amplius
2541 2887 2784 2949 poterat,
2811 2879 3008 2934 iterum
3055 2878 3244 2931 Aetius
3285 2875 3400 2928 An-

1827 2975 2086 3030 tiochiam
2123 2977 2431 3038 revertitur,
2463 2973 2752 3028 Leontium
2785 2972 3077 3026 auditurus
3097 3010 3112 3034 ,
3141 2971 3234 3040 qui
3271 2979 3404 3022 tunc

1831 3067 2092 3138 temporis
2130 3072 2414 3138 presbyter
2441 3075 2560 3122 erat
2595 3066 2929 3129 Antiochiae,
2975 3073 3030 3118 et
3057 3079 3199 3118 unus
3226 3060 3405 3116 fuerat

1830 3175 1896 3213 ex
1929 3157 2270 3212 auditoribus
2299 3155 2526 3211 Luciani
2559 3175 2572 3211 :
2607 3157 2698 3211 hic
2717 3154 3026 3226 prophetas,
3047 3167 3112 3208 ac
3135 3151 3404 3220 praecipue

1831 3251 2168 3306 Ezechielem
2204 3251 2459 3320 exposuit
2495 3250 2652 3305 Aetio
2671 3288 2686 3301 .
2735 3246 2838 3302 Sed
2867 3261 3056 3300 rursus
3086 3242 3317 3306 invidia,
3347 3248 3405 3298 nt

1831 3341 2067 3396 somniat
2099 3340 2524 3410 Philostorgius,
2569 3338 2666 3393 sed
2709 3345 2770 3392 ut
2811 3337 2992 3392 verius
3023 3336 3223 3405 aliquis
3247 3333 3406 3390 dixi:-

1830 3434 1933 3499 rit,
1983 3433 2184 3503 linguae
2243 3433 2656 3503 intemperantia
2703 3439 2756 3486 et
2801 3430 3114 3499 dogmatum
3152 3427 3404 3497 impietas

1830 3525 1957 3580 inde
1995 3540 2120 3579 eum
2161 3526 2340 3594 ejecit.
2395 3525 2551 3579 Illinc
2593 3523 2761 3592 igitur
2807 3521 2997 3576 Aetius
3049 3521 3104 3574 in
3153 3519 3400 3574 Ciliciam

1831 3610 2106 3681 proiectus
2144 3619 2228 3666 est
2261 3629 2274 3664 :
2308 3610 2396 3664 ubi
2428 3609 2647 3680 quidam
2695 3623 2762 3662 ex
2801 3608 2995 3662 haeresi
3039 3606 3402 3662 Borboriano-

1833 3719 1978 3766 rum,
2007 3718 2107 3772 pro
2132 3702 2448 3756 defensiOne
2475 3699 2744 3770 dogmatis
2777 3700 2861 3754 sui
2892 3714 3016 3753 cum
3046 3713 3114 3752 eo
3145 3711 3394 3766 congres-

1836 3809 1960 3857 sus,
1993 3794 2212 3863 penitus
2241 3809 2364 3848 eum
2401 3792 2532 3848 vicit
2575 3799 2740 3859 atque
2789 3789 3078 3860 oppressit.
3127 3787 3302 3855 Quam
3333 3789 3404 3842 ob

1377 3965 1621 4008 VALESII
1661 3964 2166 4009 ANNOTATIONES.

138 4081 324 4137 clesiaa
357 4078 650 4148 episcopos
681 4091 1030 4137 enumerans,
1067 4089 1176 4128 non
1205 4073 1374 4129 solius
1405 4071 1594 4148 Marci,
1622 4073 1722 4148 sed

139 4143 476 4218 generaliter
500 4143 878 4218 apostolorum,
896 4161 1244 4218 successores
1271 4143 1547 4218 nominat;
1581 4143 1722 4218 idem

137 4211 370 4290 quoque
412 4211 670 4290 observat
699 4217 754 4290 in
801 4213 1421 4290 episcopis_Aiit_iocliize.
1457 4211 1528 4290 Ita
1559 4213 1723 4266 etiam

139 4281 386 4346 lieni-eus
406 4290 462 4362 in
489 4289 628 4341 libro
655 4289 852 4358 primo,
877 4287 946 4340 de
971 4281 1178 4362 Hygino
1205 4287 1436 4362 loquens
1465 4281 1727 4362 Romana:

139 4362 298 4416 urbis
328 4359 612 4427 episc0po,
641 4354 764 4412 eum
797 4354 1722 4427 nonumlucumepiscOpalissue-

139 4422 418 4486 cessionis
455 4422 696 4482 tenuisse
721 4429 853 4481 dicit
877 4436 1000 4496 post
1027 4426 1303 4494 apostolos
1308 4439 1336 4496 _;
1370 4422 1462 4476 sed
1487 4435 1542 4496 et
1577 4423 1723 4476 Lati—

143 4517 242 4555 nos
269 4500 469 4554 eodem
503 4499 665 4551 modo
696 4490 1265 4552 locutosinvenimus.
1298 4491 1457 4546 Certe
1487 4490 1718 4548 Ruﬁnus

139 4569 216 4624 De
243 4570 644 4624 adulteratione
692 4567 786 4620 lib.
830 4566 1071 4637 Origenis
1117 4567 1191 4620 ita
1237 4563 1370 4637 dicit
1417 4578 1448 4637 ι.
1475 4561 1714 4637 Clemens

1840 4071 2098 4127 Bocharti
2125 4082 2308 4126 autem
2337 4071 2526 4126 codice
2555 4071 2742 4126 nescio
2775 4070 2899 4140 quis
2935 4069 3232 4140 adnotavit,
3267 4067 3404 4123 forte

1831 4143 2180 4212 scribendum
2229 4157 2350 4212 esse
2381 4141 2437 4194 δὲ
2475 4141 2773 4212 διεσκόπει.
2796 4139 2918 4212 Ego
2949 4141 3162 4194 mallem
3205 4139 3400 4210 legere,

1829 4214 1928 4283 τὴν
1975 4211 2306 4282 Ἀνάζαρϐον
2412 4211 2730 4265 ἐπεσκόπει.

1900 4282 2010 4354 (85)
2077 4277 2565 4354 Ἁκροασάμενος-
2608 4281 2916 4336 Λεοντίου.
2986 4279 3182 4354 Procul
3237 4277 3404 4354 dubio

1829 4349 2178 4408 scribendum
2213 4361 2298 4407 est
2325 4349 2755 4422 ἀκροασόμενος,
2782 4352 3244 4422 quemadmodum
3271 4349 3403 4420 legi-

1829 4433 1919 4477 tur
1949 4425 2002 4477 in
2039 4439 2142 4478 ms.
2185 4422 2373 4478 codice
2403 4422 2677 4477 Bocharti.

1896 4493 2006 4564 (84)
2065 4495 2280 4562 Λόγοις
2319 4489 2489 4564 αὐτῷ
2525 4491 2642 4564 ὑπὸ
2687 4490 2798 4558 τῆς
2845 4490 2999 4564 ἰδίας
3024 4489 3226 4564 -δόξης
3251 4503 3404 4564 σψμ-

1822 4559 2098 4629 πλακὲίς.
2135 4559 2419 4618 Ᾱεεθηιίοι·
2442 4562 2558 4615 viro
2585 4563 2766 4624 docto,
2800 4563 2892 4630 qui
2925 4562 2992 4614 ad
3024 4561 3172 4630 latus
3194 4559 3402 4630 codicis

141 4641 518 4710 postolorum
556 4637 874 4706 discipulus,
904 4629 995 4707 q'ui
1035 4635 1284 4710 Romana:
1319 4630 1573 4688 Ecclesia:
1604 4645 1718 4703 post
1752 4634 1798 4690 D
1823 4634 2168 4710 Bocltartiani
2202 4634 2270 4687 ad
2313 4647 2499 4710 vocent
2551 4631 2672 4695 ὑπό,
2721 4629 3001 4710 adnotavit
3051 4629 3398 4710 scribendum

141 4707 416 4780 apostolos
442 4709 716 4780 episcopus
739 4717 796 4780 et
819 4717 1025 4780 marth
1055 4707 1291 4780 prefuit.

209 4782 337 4854 (8!),
378 4775 490 4854 Τοῦ
541 4775 918 4854 διδασκάλου
967 4775 1295 4854 δημοσίου1
1337 4777 1494 4854 Hunc
1544 4779 1726 4854 locum

136 4846 433 4908 emendavi
453 4865 516 4902 ex
541 4850 728 4922 codice
757 4846 1033 4922 Bocharti,
1061 4849 1112 4922 in
1136 4847 1504 4922 quooqposiqt
1527 4850 1730 4903 diserte

139 4925 410 4978 scribitur
443 4937 458 4971 :
489 4918 733 4988 et_paulo
766 4927 910 4989 post,
945 4919 1033 4972 ἐπ’
1062 4917 1569 4991 ἀμαθείᾳξουιίὶῐιο
1599 4933 1728 4988 pro-

138 4994 223 5048 cui
257 4991 454 5046 dubio.

207 5063 332 5134 (82)
360 5058 490 5134 _T_hr
533 5057 884 5134 Ἀναϐαρζξὸνς
923 5056 1250 5134 διεσκόπει.
1291 5055 1468 5134 [ineas
1499 5056 1728 5134 _llolste-

137 5127 264 5188 nius
301 5127 547 5186 adlatus
589 5130 677 5184 sui
703 5129 911 5184 codicis
933 5129 1266 5192 emendavit,
1298 5128 1356 5181 δὲ
1384 5128 1631 5180 ἐσκόπει.
1668 5127 1726 5180 In

1831 4707 2004 4760 videri
2025 4703 2164 4774 ὑπέρ
2183 4720 2216 4774 ’ί
2233 4717 2341 4772 qua
2373 4701 2588 4774 quidem
2618 4701 2997 4774 emendatione
3015 4699 3148 4774 nihil
3174 4698 3399 4774 certius.

1835 4777 2106 4843 lnterpres
2127 4767 2346 4841 quid-em
2371 4767 2752 4843 Gothofredus
2766 4772 2817 4823 in
2843 4769 3010 4843 hujus
3029 4767 3132 4824 loci
3153 4767 3402 4843 versione

1836 4835 2066 4912 turpiter
2106 4835 2470 4896 hallucinatus
2510 4847 2618 4912 est,
2655 4841 2825 4912 cujus
2873 4835 3402 4912 versionem_Lucas

1834 4905 2152 4968 Holstenius
2201 4912 2253 4966 in
2303 4927 2404 4965 suo
2433 4909 2620 4964 codice
2654 4905 3067 4963 ita'emendavit
3110 4925 3124 4961 :
3169 4906 3239 4960 Et
3271 4905 3404 4960 Bor-

1834 4985 2174 5038 borianorum
2218 4979 2414 5046 aliquis
2457 4979 2750 5032 rationibus
2799 4981 3071 5048 propriam
3103 4979 3406 5045 opinionem

1830 5067 2190 5122 propugnans,
2235 5067 2354 5103 cum
2386 5065 2446 5104 eo
2495 5063 2802 5119 congressus
2842 5048 3049 5118 penitus
3077 5051 3252 5117 ipsum
3279 5063 3405 5100 con—

1832 5123 2049 5193 futavit.

1620 5265 1948 5310 VABIORUM
1960 5293 1973 5305 .

212 5375 290 5444 (a)
335 5377 430 5440 Τις
459 5373 580 5426 τῶν
609 5373 1040 5442 Βορόοριανῶν.
1071 5374 1415 5440 Borboriani,
1453 5389 1548 5430 seu
1590 5373 1726 5430 Bor-

139 5445 358 5505 boritse,
409 5445 650 5499 luet-elici
700 5446 874 5498 exorti
927 5445 1262 5514 temporibus
1311 5445 1538 5499 Adriani
1572 5445 1718 5514 imp.

139 5517 288 5568 circa
324 5531 418 5568 an.
453 5514 586 5568 Chr.
619 5515 742 5582 l29,
773 5516 883 5584 qui,
917 5524 978 5570 ut
1006 5513 1084 5570 ait
1107 5515 1432 5572 Philastrius
1465 5517 1518 5569 in
1540 5513 1718 5569 Catal.

145 5585 430 5647 licentia,
471 5585 617 5639 vitiis
661 5586 924 5656 implicati
962 5587 1168 5651 swculi,
1201 5597 1250 5640 et
1287 5586 1445 5639 malis
1474 5589 1721 5656 concupi-

141 5657 358 5708 scentiis
393 5657 699 5716 servientes,
725 5655 992 5724 judicium
1014 5673 1118 5710 non
1149 5665 1427 5724 sperarunt
1459 5655 1718 5725 futurum,

145 5725 234 5779 sed
261 5728 442 5796 potius
475 5727 748 5781 carnalem
789 5727 972 5782 swculi
1019 5727 1494 5798 concupiscentiam
1528 5726 1719 5782 lauda-

1821 5381 1968 5428 runt.
2005 5367 2096 5425 Sic
2119 5367 2248 5424 dicti
2270 5383 2336 5422 ex
2355 5365 2544 5423 Graaco
2569 5367 2848 5438 βόρϐορος,
2879 5381 3102 5438 caenum.
3135 5364 3239 5438 Si_e_
3251 5363 3402 5438 enim

1821 5443 1962 5497 idem
1993 5461 2006 5495 :
2043 5439 2114 5494 lli
2147 5441 2326 5510 itaque
2363 5439 2418 5491 in
2436 5433 2651 5510 ramum
2679 5433 2880 5510 euntes,
2923 5446 2972 5488 et
3005 5435 3128 5489 inde
3153 5433 3306 5510 olfliti
3335 5433 3399 5486 de

1820 5529 1962 5568 como
1995 5511 2161 5582 facies
2201 5504 2251 5564 ei
2287 5507 2522 5582 membra
2560 5523 2676 5582 sua
2699 5507 3088 5582 tle/armenias,
3113 5504 3296 5558 cadent
3340 5518 3398 5555 re

1819 5575 2021 5637 cunctis
2060 5581 2201 5636 velut
2228 5578 2676 5648 culpandamADci
2707 5588 3010 5648 creaturam
3055 5575 3394 5648 demonstra-

1819 5657 1966 5714 bant.
2016 5643 2497 5707 Vide'Theodorit.
2531 5646 2734 5701 Ilwret.
2781 5648 2892 5716 fab.
2929 5647 3043 5716 lib,
3073 5659 3112 5710 ι,
3143 5659 3262 5715 cap.
3305 5643 3390 5709 ιδ,

1817 5733 1868 5780 ct
1893 5724 2156 5795 Epipb-m.
2193 5721 2387 5776 haeres.
2422 5715 2806 5774 Gnosticorum
2828 5717 2920 5786 26,
2949 5733 3002 5770 n.
3033 5715 3088 5771 5.
