3828 6304
377 283 483 340 507

1761 270 2244 330 PHILOSTORGII

3541 261 3655 318 $208

375 415 604 455 causam
651 396 988 468 despondere
1033 395 1277 450 animum
1327 393 1528 465 cmpit,
1566 407 1667 448 nec
1701 395 1802 448 sibi
1843 411 1966 448 am-

2094 392 2220 455 ieia;
2264 386 2747 459 ὲπικρατέστερον.
2798 383 2954 439 Οὕτω
2997 383 3055 436 δὲ
3091 379 3168 453 τῷ
3213 379 3404 450 Ἀετίῳ
3450 379 3659 435 διακει-

379 493 522 560 piius
560 490 849 546 vivendum
880 503 1001 544 esse
1033 487 1413 550 existimabat,
1451 500 1575 541 cum
1611 486 1957 541 mendacium

375 591 606 639 veritate
655 581 930 650 potentius
979 594 1101 634 esse
1145 591 1408 634 cerneret.
1465 580 1601 633 Dum
1651 579 1732 633 sic
1776 579 1962 632 animo

377 676 609 730 allectus
639 680 784 728 esset
811 671 1023 734 Aetius,
1065 670 1206 724 visio
1238 671 1486 738 quaedam
1507 711 1521 735 ,
1558 679 1616 723 ut
1644 669 1797 740 ﬁngit
1835 667 1964 723 Phi-

377 765 706 834 lostorgius,
740 763 789 816 ei
818 762 1001 816 oblata
1039 770 1154 826 est,
1195 778 1316 831 qua
1347 762 1589 816 animum
1639 761 1757 830 ejus
1792 760 1965 816 erexit

377 869 444 908 ac
471 853 834 919 conﬁrmavit,
865 853 1038 922 signis
1060 853 1386 923 quibusdam
1414 853 1675 909 exhibens
1706 854 1965 909 invictam

379 948 489 1000 vim
527 947 824 1017 sapientiai,
855 962 978 1016 quae
1002 946 1078 1000 illi
1113 947 1370 1016 deinceps
1400 947 1654 1002 adfutura
1689 958 1851 1004 esset.
1885 948 1965 1003 Ex

379 1054 449 1092 eo
479 1049 726 1111 tempore
767 1040 820 1094 id
853 1040 1040 1094 datum
1073 1053 1159 1094 est
1187 1040 1452 1096 divinitus
1491 1039 1648 1094 Aetio
1669 1080 1684 1105 ,
1713 1049 1774 1095 ut
1803 1057 1834 1095 a
1869 1057 1966 1095 ne-

381 1132 528 1186 mine
598 1133 655 1186 in
734 1132 1202 1203 disputationibus
1257 1132 1586 1186 vinceretur.
1639 1132 1748 1188 Nec
1795 1133 1968 1187 multo

381 1235 507 1295 post
573 1225 926 1296 Aphthonius
987 1225 1209 1295 quidam
1268 1223 1692 1280 Manichznorum
1729 1226 1971 1282 insania:

384 1319 728 1388 praepositus,
754 1327 808 1371 et
835 1325 948 1372 tum
978 1317 1281 1387 sapientiae,
1317 1326 1430 1371 tum
1454 1317 1780 1387 eloquentia:
1803 1334 1970 1374 causa

384 1424 636 1478 magnam
671 1407 813 1478 apud
853 1408 1056 1462 multos
1085 1408 1316 1477 gloriam
1351 1418 1709 1472 consecutus,
1744 1407 1796 1461 in
1837 1407 1973 1462 urbe

382 1501 710 1556 Alexandria
740 1516 863 1555 eum
899 1515 965 1555 eo
1012 1515 1338 1577 congressus
1380 1510 1485 1555 est.
1531 1499 1741 1554 Etenim
1783 1500 1972 1556 Aetius

383 1609 451 1646 ex
482 1593 614 1647 urbe
654 1593 942 1647 Antiochia
979 1593 1046 1648 ad
1091 1609 1215 1647 eum
1264 1602 1515 1657 venerat,
1557 1591 1702 1647 fama
1734 1593 1974 1650 hominis

385 1686 618 1740 excitus.
662 1683 765 1739 Uhi
815 1701 944 1739 vero
990 1685 1055 1739 ad
1111 1695 1386 1740 certamen
1428 1695 1646 1739 ventum
1697 1695 1816 1748 est,
1862 1700 1972 1739 non

385 1777 542 1831 valde
576 1778 785 1845 prolixa
843 1777 1218 1846 disputatione
1272 1777 1455 1832 habita
1503 1778 1689 1832 Aetius
1731 1778 1976 1848 Aphtho-

386 1870 540 1922 nium
610 1869 676 1922 ad
731 1869 1000 1923 sermonis
1044 1869 1280 1938 inopiam
1325 1870 1638 1935 redactum,
1674 1884 1738 1923 ex
1781 1883 1974 1938 magna

387 1959 558 2030 gloria
601 1961 654 2013 in
698 1975 977 2014 summum
1011 1960 1251 2016 dedecus
1289 1971 1451 2030 atque
1488 1960 1842 2030 ignominiam
1878 1959 1976 2014 de-

389 2054 604 2123 pressit.
656 2053 838 2118 Quare
887 2053 1232 2122 Aphthonius
1281 2063 1477 2125 prreter
1515 2053 1976 2122 exspectationem

387 2145 590 2198 victum
623 2159 682 2198 se
735 2159 876 2212 azgre
914 2145 1134 2210 ferens,
1175 2148 1228 2199 in
1290 2145 1674 2215 gravissimum
1725 2144 1976 2198 morbum

387 2235 598 2298 incidit,
634 2250 795 2304 quem
835 2249 984 2290 mors
1026 2235 1174 2290 brevi
1210 2236 1506 2290 subsecuta
1533 2245 1617 2290 est
1639 2275 1653 2299 ,
1680 2251 1804 2290 cum
1838 2238 1977 2290 ultra

393 2336 596 2396 septem
630 2328 748 2382 dies
781 2339 901 2396 post
949 2329 1090 2383 hanc
1141 2337 1418 2399 acceptam
1470 2328 1679 2383 cladem
1728 2329 1978 2398 supervi-

391 2431 519 2470 vere
572 2417 795 2472 minime
852 2419 1144 2487 potuisset.
1207 2418 1396 2474 Aetius
1462 2434 1592 2474 vero
1638 2419 1979 2474 adversarios

391 2521 524 2560 suos
569 2509 919 2563 sermonibus
974 2509 1176 2578 ubique
1223 2490 1550 2578 superabat,
1602 2519 1656 2566 et
1715 2512 1977 2566 illustrem

392 2598 679 2652 victoriam
723 2601 1054 2668 reportabat.
1108 2600 1211 2654 Per
1263 2602 1405 2656 idem
1443 2611 1659 2672 tempus
1700 2603 1982 2657 medicina:

394 2706 613 2759 quoque
654 2707 875 2759 operam
910 2693 1093 2758 dedit,
1135 2708 1246 2762 quo
1276 2709 1384 2747 non
1423 2695 1598 2748 solum
1630 2696 1977 2759 animorum,

394 2796 582 2834 verum
649 2783 812 2835 etiam
879 2798 1170 2850 corporum
1241 2785 1466 2838 morbos
1517 2799 1713 2838 curare
1773 2793 1978 2853 posset.

397 2872 599 2927 llabuit
632 2884 810 2927 autem
846 2875 896 2927 in
929 2890 992 2928 ea
1015 2874 1301 2943 disciplina
1335 2876 1656 2944 magistrum
1703 2875 1981 2944 Sopolim,

399 2965 573 3018 virum
628 2966 682 3019 in
715 2965 816 3020 hac
879 2975 996 3020 arte
1033 2967 1168 3020 nulli
1217 2968 1543 3022 secundum.
1593 2966 1764 3022 Porro
1793 2967 1984 3022 Aetius

2069 485 2214 555 μένῳ
2241 481 2477 535 όπτασία
2507 498 2613 546 τις,
2659 479 2736 544 ὡς
2773 473 2928 542 οὗτος
2958 475 3336 547 τερατολογεῖ,
3364 473 3658 542 ἐφίσταται

2065 575 2269 630 λύουσα
2289 574 2390 644 τὴν
2407 571 2668 643 ἀθυμίαν,
2692 569 2980 641 συμϐόλοις
3006 566 3356 639 παρεχομένη
3380 565 3442 617 τὸ
3464 565 3660 617 ἀναντο

2066 669 2368 737 αγὼνιστον
2400 665 2502 736 τῆς
2526 666 2626 736 ήδη
2670 662 3056 734 παρεχομένης
3094 659 3260 714 αὑτοῦ
3290 659 3485 728 σοφίας
3517 655 3658 725 (85).

2067 761 2332 815 Κάκεῖθεν
2356 758 2724 828 παραγεγόνει
2753 755 2831 826 τῷ
2868 749 3060 824 Ἀετίῳ
3088 753 3148 806 τὸ
3179 751 3403 824 μηδενὸς
3431 751 3490 804 ἐν
3522 767 3662 819 συμ⁹

2069 852 2296 914 πλοκαῖς
2321 849 2591 922 ἡττᾶσθαι
2621 848 2814 915 λόγων.
2852 845 2985 899 Μετ’
3022 845 3083 897 οὑ
3117 843 3251 896 πολὺ
3291 841 3424 910 γοῦν
3466 839 3661 907 Ἀφθό-

2070 943 2183 1006 νιός
2215 957 2301 1005 τις
2333 942 2432 1010 τῆς
2460 939 2777 1010 Μανιχαίων
2817 936 3021 1008 λύσσης
3069 933 3386 1006 προεστὼς,
3432 933 3530 986 καὶ
3567 950 3662 1002 με-

2073 1035 2246 1106 γάλην
2285 1033 2437 1104 παρά
2471 1032 2687 1095 πολλοῖς
2717 1030 2811 1083 ἐπὶ
2845 1030 3009 1100 σοφίᾳ
3053 1029 3147 1082 καὶ
3179 1028 3450 1096 δεινότητι
3484 1025 3659 1092 λόγων

2072 1127 2252 1199 φέρων
2284 1125 2385 1195 τὴν
2422 1123 2602 1190 δόξαν,
2642 1125 2702 1176 ἐν
2747 1125 2812 1193 τῇ
2853 1122 2975 1176 κατ’
3005 1122 3281 1189 Αἴγυπτον
3314 1119 3467 1192 αὐτῷ
3508 1118 3649 1172 Ἀλεο

2074 1219 2328 1291 ξανδρείᾳ
2361 1218 2756 1289 συμπλέκεται.
2805 1218 2915 1270 Καὶ
2945 1217 3055 1288 γὰρ
3085 1211 3189 1287 ἧκε
3233 1216 3374 1288 πρὸς
3404 1215 3571 1268 αὐτὸν
3604 1213 3660 1278 ἐξ

2087 1310 2415 1383 Ἀντιοχείας
2457 1313 2485 1363 ό
2535 1309 2740 1372 Ἀέτιος
2765 1350 2779 1373 ,
2817 1309 2924 1362 ὑπὸ
2951 1311 3052 1380 τῆς
3085 1309 3253 1363 αὐτοῦ
3284 1311 3474 1380 φήμης
3501 1308 3661 1361 ὲλκόο

2079 1420 2257 1474 μενος.
2300 1402 2386 1465 Ὠς
2419 1401 2464 1454 δ’
2499 1402 2579 1464 είς
2603 1400 2836 1472 ἅμιλλαν
2861 1400 3114 1472 ἀλλήλοις
3142 1399 3510 1470 κατέστησαν,
3541 1399 3659 1452 οὐδὲ

2075 1495 2292 1558 πολλοῖς
2311 1492 2787 1563 καταναλωθείσης
2805 1491 3114 1558 διαλέξεως,
3148 1493 3228 1555 είς
3259 1493 3502 1561 ἀφωνίαν
3539 1507 3659 1544 συν-

2078 1587 2278 1652 ελάσας
2304 1589 2334 1640 6
2374 1587 2578 1650 Ἀέτιος
2619 1585 2711 1638 τὸν
2769 1586 3070 1655 Ἀφθόνιον,
3111 1589 3176 1638 ὲκ
3227 1586 3472 1657 μεγάλης
3506 1587 3660 1657 δόξης

2079 1683 2159 1744 είς
2192 1680 2432 1750 μεγάλην
2457 1678 2720 1748 αἰσχύνην
2747 1679 3076 1749 κατήνεγκε.
3099 1677 3191 1731 Διὸ
3220 1679 3314 1732 καὶ
3346 1679 3426 1750 τῷ
3458 1681 3648 1750 ἀπροσ-

2075 1773 2286 1842 δοκήτῳ
2315 1770 2706 1843 βαρυθυμήσας
2722 1770 2823 1839 τῆς
2845 1772 3035 1841 ¹ἣττης,
3053 1771 3206 1823 νόσον
3227 1787 3286 1823 τε
3313 1772 3662 1826 ἐπεσπάσατο

2076 1865 2339 1938 χαλεπὴν,
2371 1865 2465 1918 καὶ
2508 1867 2575 1934 τῇ
2605 1865 2745 1934 νόσῳ
2773 1864 2947 1934 πέρας
2969 1865 2998 1917 6
3030 1862 3259 1927 θάνατος
3286 1859 3375 1929 ἦν,
3405 1865 3533 1918 οὐδὲ
3565 1883 3660 1918 πε-

2081 1956 2314 2028 ραιτέρω
2343 1954 2452 2007 τῶν
2486 1955 2625 2008 έπτά
2659 1954 2889 2026 ἡμερῶν
2929 1953 3316 2026 διαρκέσαντος
3344 1955 3441 2008 τοῦ
3479 1954 3653 2025 σώμαι

2076 2066 2168 2112 τος
2197 2048 2305 2101 ἀπὸ
2331 2048 2430 2119 τῆς
2463 2047 2701 2118 πληγῆς.
2752 2046 2957 2110 Ἀέτιος
2990 2046 3046 2099 δὲ
3075 2045 3163 2100 διὰ
3187 2046 3406 2100 πάντων
3443 2046 3664 2118 ἐχώρει,

2076 2142 2189 2202 τοῖς
2231 2138 2410 2206 λόγοις
2447 2137 2576 2200 τοὺς
2609 2137 2940 2200 ἀντιπάλους
2985 2137 3125 2191 κατὰ
3177 2137 3378 2209 κράτος
3430 2138 3666 2208 βάλλων,

2079 2231 2171 2284 καὶ
2202 2230 2298 2302 τὴν
2321 2230 2479 2299 νίκην
2506 2229 2767 2300 λαμπρὰν
2793 2228 3174 2300 ἀναδούμενος.
3199 2230 3333 2282 Τότε
3361 2229 3419 2282 δὲ
3445 2231 3542 2282 καὶ
3573 2230 3666 2299 τῆς

2083 2323 2329 2393 ἰατρικῆς
2362 2321 2566 2390 ἐξῆπτο
2595 2321 2746 2388 (86),
2775 2319 2851 2384 ὼς
2881 2319 2948 2373 ἂν
2991 2319 3066 2392 μὴ
3097 2321 3256 2390 μόνον
3288 2321 3506 2390 ψυχῶν,
3537 2320 3665 2374 ἀλλά

2079 2413 2175 2466 καὶ
2208 2413 2476 2483 σωμάτων
2504 2411 2615 2481 ἔχοι
2644 2411 2745 2476 τάς
2791 2411 2982 2474 νόσους
3025 2410 3225 2464 ἰᾶσθαι.
3257 2410 3502 2474 Σώπολις
3533 2411 3578 2464 δ’
3606 2407 3669 2482 ἦν

2080 2503 2230 2575 αύτῷ
2259 2504 2354 2558 τοῦ
2391 2503 2714 2575 μαθήματος
2754 2505 2782 2557 ό
2817 2503 3170 2568 διδάσκαλος,
3201 2503 3338 2574 ἀνὴρ
3374 2504 3432 2555 ἐν
3466 2505 3533 2572 τῇ
3582 2503 3666 2556 τέ-

2080 2613 2182 2666 χνῃ
2213 2595 2438 2666 μηδενὸς
2465 2593 2604 2663 ἔχων
2635 2593 2704 2647 τά
2729 2593 2960 2662 δεύτερα
2985 2611 2999 2625 ο
3052 2592 3358 2665 ἀριστεύων
3396 2592 3457 2646 δὲ
3493 2594 3556 2645 ὲν
3590 2593 3668 2645 ξα-

2080 2692 2242 2760 τρικῇ
2274 2691 2302 2742 6
2346 2689 2582 2754 Ἀέτιος,
2613 2687 2845 2758 ἄμισθον
2884 2690 3109 2758 παρεῖχε
3136 2689 3248 2750 τοῖς
3263 2684 3549 2757 δεομένοις
3577 2687 3670 2757 τὴν

2083 2781 2400 2853 θεραπείαν.
2427 2781 2490 2833 Εί
2517 2780 2576 2833 δέ
2604 2797 2735 2833 ποτε
2765 2779 2985 2850 ἐδέησεν
3015 2777 3164 2848 αὐτῷ
3188 2778 3297 2832 τῶν
3327 2778 3670 2846 ἀναγκαίων,

2083 2874 2236 2942 παρά
2262 2889 2368 2926 τινι
2395 2872 2506 2926 τῶν
2532 2872 2842 2942 ὁμοτέχνων
2867 2871 3085 2942 νύκτωρ
3119 2870 3338 2939 φοιτῶν,
3366 2870 3456 2923 ῖνα
3494 2870 3576 2942 μὴ
3606 2870 3671 2923 δι’

2083 2965 2298 3035 ἡμέρας
2332 2964 2602 3032 ἀπάγοιτο
2625 2963 2733 3017 τῶν
2759 2961 3212 3034 σπουδαιοτέρων,
3248 2963 3370 3015 ὅσον
3412 2961 3512 3015 τοῦ
3545 2981 3669 3033 χρυ·

397 3071 522 3110 cum
548 3055 601 3108 in
631 3056 734 3110 hac
766 3066 882 3110 arte
920 3057 1127 3110 medica
1157 3057 1480 3124 excelleret,
1518 3059 1812 3129 gratuitam
1839 3057 1979 3111 indi-

2094 3059 2204 3111 σίου
2231 3057 2634 3129 τεχνικωτέρας
2662 3056 2832 3109 ἐδεῖτο
2861 3053 3044 3125 χειρὸς
3062 3096 3076 3119 ,
3105 3052 3264 3106 τοῦτο
3291 3053 3349 3106 δὲ
3381 3054 3494 3123 ἄρα
3525 3053 3651 3120 ὲξερ

399 3148 651 3216 gentibus
710 3164 932 3216 operam
993 3149 1306 3218 praestabat.
1371 3149 1527 3223 Quod
1571 3151 1613 3205 si
1673 3149 1812 3206 forte
1869 3151 1984 3220 ipse

400 3241 565 3293 rebus
585 3240 650 3293 ad
676 3240 839 3293 vitam
863 3243 1187 3295 necessariis
1211 3257 1348 3311 opus
1377 3243 1620 3306 haberet,
1643 3243 1710 3296 ad
1743 3243 1980 3312 aliquem

399 3326 645 3396 ejusdem
687 3330 821 3384 artis
845 3330 1094 3398 opiﬁcem
1127 3340 1291 3386 noctu
1319 3330 1607 3396 accedens,
1640 3348 1707 3387 ne
1744 3333 1982 3388 interdiu

401 3438 432 3472 ει
491 3419 837 3489 gravioribus
913 3421 1144 3491 negotiis
1197 3432 1538 3489 avocaretur,
1612 3424 1982 3494 quodcunque

402 3527 597 3566 aurum
653 3515 927 3582 peritioris
979 3515 1206 3571 artiﬁcis
1258 3515 1535 3588 indigebat
1594 3532 1791 3584 manu,
1851 3517 1982 3571 illud

2088 3150 2390 3223 γαζόμενος
2417 3151 2530 3221 (87)
2559 3151 2772 3216 θᾶττον,
2804 3149 2958 3220 παρὰ
2989 3147 3084 3200 τοῦ
3113 3147 3406 3218 ὁμοτέχνου
3437 3149 3530 3201 τὸν
3581 3167 3672 3218 μι-

2091 3243 2214 3296 σθὸν
2245 3244 2554 3314 ἐκομίζετο,
2599 3243 2694 3297 καὶ
2721 3241 2815 3295 τὸν
2843 3239 3040 3294 ἑαυτοῦ
3073 3238 3186 3310 βίον
3218 3243 3456 3310 συνεῖχε.
3487 3240 3670 3293 Ταῦτα

2087 3336 2144 3388 δὲ
2170 3338 2287 3390 κατ’
2326 3337 2569 3401 ἐκείνους
2605 3337 2832 3408 καιροὺς
2865 3337 2960 3390 τοῦ
2999 3335 3382 3391 Κωνσταντίου
3427 3330 3519 3406 ἦν,
3549 3336 3670 3388 καθ’

2087 3427 2181 3492 οὓς
2213 3430 2306 3482 καὶ
2341 3429 2369 3480 6
2401 3429 2658 3498 Θεόφιλος
2699 3431 2764 3482 ὲκ
2790 3429 2898 3482 τῶν
2929 3428 3110 3484 Ἰνδῶν
3137 3425 3451 3482 ἐπανελθὼν
3492 3427 3668 3499 διῆγει

2088 3517 2146 3570 ὲν
2187 3518 2508 3589 Ἀντιοχείᾳ.
2532 3507 2545 3518 ”

404 3603 652 3658 celeriter
677 3606 987 3670 elaborans,
1019 3607 1323 3660 mercedem
1354 3607 1424 3660 ab
1465 3606 1691 3662 auriﬁce
1717 3607 2027 3674 referebat,
2076 3623 2254 3678 eoque
2303 3609 2468 3664 modo
2524 3611 2690 3666 vitam
2747 3614 3110 3669 sustentabat.
3155 3609 3280 3668 Haec
3332 3626 3466 3668 vero
3523 3612 3644 3682 prin

404 3697 589 3766 eipatu
633 3695 938 3750 Constantii
1010 3698 1357 3764 acciderunt,
1403 3699 1595 3754 eodem
1661 3709 1906 3770 tempore
1941 3715 2053 3770 quo
2092 3700 2430 3771 Theophilus
2490 3717 2558 3758 ex
2614 3701 2766 3758 India
2814 3720 3070 3763 reversus
3124 3705 3432 3762 Antiochiae
3490 3719 3668 3758 mora-

406 3795 590 3851 batur.

479 3888 568 3945 l6.
592 3887 682 3941 Ait
702 3888 940 3952 Aetium,
978 3904 1100 3943 cum
1133 3889 1397 3944 adversus
1433 3887 1695 3945 Basulium
1738 3889 1987 3960 Ancyrze,

406 3990 463 4040 ει
493 3981 838 4035 Eustathium
875 3980 1138 4034 Sebastiae
1183 3983 1498 4050 episcopum
1527 3981 1594 4035 de
1626 3981 1990 4035 consubstan-

410 4068 524 4121 tiali
575 4069 894 4136 disputans,
943 4066 1188 4120 omnium
1250 4068 1532 4121 hominum
1592 4067 1989 4121 infantissimos

411 4175 508 4214 eos
543 4161 906 4223 ostendisset,
947 4169 1004 4214 ut
1048 4159 1267 4228 quidem
1319 4160 1421 4214 iste
1464 4161 1752 4231 conﬁngit,
1798 4159 1992 4230 impla-

413 4252 574 4307 cabili
604 4253 732 4306 odio
775 4255 844 4305 ab
874 4252 982 4306 illis
1004 4252 1262 4320 deinceps
1296 4253 1632 4323 exagitatum
1661 4251 1854 4307 fuisse.

489 4342 574 4396 l7.
613 4339 864 4394 Leontius
922 4357 1004 4410 ep.
1035 4341 1279 4394 Antioch.
1315 4369 1384 4382 -ι
1417 4342 1674 4398 Leontius
1722 4345 1793 4409 is,
1826 4356 1989 4413 quem

415 4434 792 4506 presbyterum
849 4449 914 4488 ac
965 4442 1350 4504 praeceptorem
1406 4435 1546 4489 Aetii
1599 4435 1768 4489 fuisse
1827 4449 1992 4503 supra

416 4527 736 4594 retulimus,
783 4542 908 4582 cum
963 4527 1029 4582 ad
1075 4525 1446 4597 episcopatum
1493 4525 1646 4582 urbis
1689 4524 1995 4580 Antiochiae

2169 3888 2264 3946 ις’.
2318 3881 2440 3935 Ὂτι
2497 3881 2733 3946 Ἀέτιος,
2774 3883 2938 3954 φησὶ,
2979 3886 3094 3948 τοῖς
3131 3885 3260 3956 περὶ
3287 3884 3562 3955 βασίλειον
3589 3886 3666 3942 τδδ

2096 3973 2370 4045 Ἀγκύρας
2392 4014 2407 4039 ,
2447 3977 2541 4028 καὶ
2567 3975 2866 4029 Εὐστάθιον
2897 3976 2988 4030 τὸν
3031 3977 3392 4042 Σεϐαστείας,
3429 3981 3509 4044 εἱς
3554 3983 3672 4045 τοὺς

2095 4067 2224 4139 περὶ
2253 4068 2348 4121 τοῦ
2371 4069 2674 4139 -όμοουσίου
2720 4069 2914 4137 λόγους
2959 4071 3270 4138 καταστὰς,
3313 4074 3410 4126 καὶ
3458 4075 3671 4128 πάντων

2094 4158 2394 4230 ἀνθρώπων
2422 4161 2620 4224 αὐτοὺς
2661 4159 2940 4229 διελέγξας
2981 4163 3360 4231 ἀφωνοτάτους
3379 4204 3395 4227 ,
3421 4165 3500 4230 ὼς
3527 4161 3674 4231 οὗτος

2094 4247 2461 4319 τερατολογεῖ,
2495 4249 2574 4311 είς
2604 4251 2758 4320 μῖσος
2783 4249 2967 4314 αὐτοῖς
2993 4251 3256 4306 ἄσπονδον
3280 4253 3548 4326 κατέστη.

2171 4339 2255 4404 ιζ’.
2308 4341 2430 4394 Ὅτι
2471 4341 2751 4408 Λεόντιος,
2783 4343 2972 4414 φησὶν,
3001 4342 3060 4396 ὃν
3107 4345 3135 4395 ὁ
3172 4343 3485 4416 ἔμπροσθεν
3523 4347 3675 4416 λόγος

2097 4432 2465 4504 πρεσϐύτερόν
2511 4450 2570 4486 τε
2603 4434 2699 4488 καὶ
2747 4434 3065 4489 διδάσκαλον
3112 4437 3320 4490 Ἀετίου
3370 4438 3674 4506 ὑπέδειξεν,

2099 4525 2394 4590 ἐπίσκοπος
2435 4526 2766 4598 Ἀντιοχείας
2803 4528 3078 4592 καταστὰς
3102 4568 3117 4594 ,
3150 4530 3227 4593 εἰς
3264 4529 3544 4585 διακονίαν
3591 4532 3675 4585 τὸν

1655 4700 1900 4746 VALESII
1931 4699 2427 4744 ANNOTATIONES.

488 4808 601 4934 385)
661 4806 1092 4890 Παρεχομένης.
1135 4807 1322 4895 αὐτοί)
1347 4809 1624 4889 ..σοφίας-,ι
1658 4807 1880 4889 Rectius
1937 4807 1979 4861 ir

526 4894 607 4933 tce
638 4878 890 4932 Bochartt
931 4879 1192 4933 scribitur
1235 4895 1403 4934 αυτω.
1439 4877 1548 4932 Nec
1575 4879 1826 4934 disnhcet
1859 4892 1979 4932 con-

2098 4805 2273 4861 Verba
2303 4805 2551 4876 Gregorii
2603 4803 2833 4876 Nysseni
2867 4807 2948 4862 sic
2976 4807 3222 4862 habent:
3267 4807 3535 4864 Ἐκδύντα
3571 4811 3674 4881 γὰρ

2097 4877 2258 4930 αὑτὸν
2288 4877 2385 4934 ἤδη
2428 4875 2528 4934 τὴν
2575 4876 2818 4929 δουλείαν
2850 4872 3166 4934 Ἀμπελίδος
3187 4907 3257 4917 -—
3276 4879 3374 4934 τῆς
3405 4883 3674 4934 κεκτημέ-

418 4899 483 4936 (το

526 4876 607 4933 ice
638 4878 890 4948 Bccharti
931 4877 1192 4933 scribitur
1235 4876 1403 4948 αύτῷ.
1439 4877 1548 4932 Nec
1575 4878 1826 4948 displicet
1859 4892 1992 4932 con-

417 4953 629 5020 jectura
659 4946 946 5020 Holstenii,
987 4949 1079 5020 qui
1113 4946 1444 5020 inmargine
1474 4948 1557 5002 sui
1577 4946 1787 5020 codicis
1817 4963 1993 5003 anno-

425 5018 938 5089 tavit‘scribendum
972 5018 1074 5072 sibi
1105 5017 1282 5089 videri
1307 5019 1708 5089 παρεσομένης.

493 5087 740 5159 (86)_Ka_l
768 5086 876 5153 τῆς
905 5087 1169 5159 ἰατρικῆς
1185 5086 1432 5154 ἐξῆπτο.
1467 5086 1682 5143 Aetium
1713 5088 1995 5159 medicina!

425 5157 594 5213 artem
624 5157 810 5230 leviter
832 5158 1076 5227 attigisse
1104 5168 1332 5212 testatur
1347 5160 1512 5230 etiam
1539 5159 1831 5228 Gregorius
1861 5158 1997 5230 Nys-

426 5243 595 5301 senus
625 5227 684 5301 in
711 5226 863 5301 libro
881 5226 1054 5301 primo
1116 5238 1302 5301 contra
1337 5226 1684 5301 Eunomium',
1715 5247 1836 5301 pag.
1864 5226 1991 5283 295.

424 5298 596 5367 Cujus
625 5295 792 5349 libros
822 5298 866 5350 si
899 5298 1116 5370 legisset
1144 5297 1382 5353 Jacobus
1417 5295 1809 5368 Gothofredus;
1835 5301 1997 5370 pluri-

428 5383 575 5449 mum
621 5381 685 5449 ex
717 5367 1085 5449 leoaitilitatis
1140 5369 1420 5449 percipere
1470 5371 1771 5449 potuisset;
1803 5367 1991 5449 multa

427 5439 573 5510 enim
605 5438 671 5510 d_e
704 5435 880 5510 Aetio,
910 5435 1361 5506 ejusqueﬁstudiis
1391 5435 1555 5510 atque
1585 5441 1848 5496 institutis
1883 5441 1994 5495 illic

431 5508 594 5579 refert
615 5504 1065 5579 Gregorius,qua§
1094 5525 1198 5562 non
1235 5504 1488 5579 leguntur
1511 5509 1564 5564 in
1591 5510 1989 5579 Philostorgio:

431 5575 741 5650 cuiusmodi
771 5577 906 5650 illud
943 5587 1047 5641 est,
1078 5575 1312 5635 Aetium'
1331 5582 1507 5650 primo
1541 5581 1758 5649 quidem
1808 5575 2000 5648 Ampe-

430 5649 559 5704 hdis
590 5647 873 5715 cujusdam
924 5664 1140 5702 servum
1192 5647 1393 5717 fuisse,
1431 5647 1625 5706 deinde
1654 5666 1781 5706 vero
1815 5647 2000 5704 neseio

435 5735 543 5793 qua
571 5727 685 5774 arte
715 5720 1116 5778 manumissum
1160 5720 1371 5777 fabrum
1419 5723 1670 5778 aerarium
1704 5722 1998 5778 exstitisse.

2097 4877 2386 4952 auzbvﬁoq
2419 4872 2528 4952 ἶτὴν
2570 4872 2818 4952 δουζλείαν
2850 4872 3166 4952 Ἀμπελίδος
3187 4879 3374 4952 -Δτῆς
3405 4872 3676 4952 κεκτημέ.

2097 4947 2418 5048 νηςὲαξδτόνο
2461 4947 2523 4998 τὸ
2565 4947 2798 5048 agnam»;
2829 4947 2982 5000 οὐδὲν
3009 4949 3208 5048 ξέομῗι
3253 4947 3456 5048 λέγεὲν,
3494 4947 3676 5013 ὡς’ἆν

2105 5035 2176 5048 ...η
2290 5034 2407 5048 -..η
2439 5034 2612 5048 ..μ-νη...
2658 5015 2986 5048 ἐνειληρλπ
3042 5033 3133 5048 ...ν
3180 5033 3347 5048 ..ιη-ω-
3413 5022 3671 5048 _.--n....

2104 5017 2178 5089 μὴ
2197 5017 2413 5087 δόξαιμι
2439 5017 2873 5088 κακοηθέστερον
2891 5017 2986 5070 τοῦ
3008 5017 3347 5088 διηγήματος
3372 5019 3671 5074 ἅπτεσθαι·

2103 5085 2243 5142 εἶναι
2292 5089 2390 5156 μὲν
2441 5089 2800 5158 καμινευτήν,
2842 5095 2971 5158 etc.
3007 5086 3177 5152 Quem
3221 5087 3400 5158 locum
3451 5105 3674 5158 prorsus

2103 5159 2393 5212 infeliciter
2424 5159 2583 5228 vertit
2625 5157 2915 5213 Gretserus
2962 5157 3066 5212 hoc
3104 5159 3266 5228 modo
3301 5176 3314 5211 :
3365 5157 3578 5228 Quippe
3612 5164 3673 5214 il-

2104 5231 2234 5289 lum,
2264 5229 2450 5299 relicta
2483 5226 2870 5299 culturuvinew
2901 5243 3057 5296 quam
3072 5227 3372 5295 possidebat
3411 5226 3491 5296 (at
3518 5226 3676 5299 quam

2095 5300 2262 5368 juste,
2291 5297 2492 5370 tacebo,
2516 5313 2591 5370 rue
2621 5297 2802 5370 videar
2828 5299 3065 5370 odiosius
3097 5299 3458 5370 narrationem
3495 5297 3673 5370 auspi—

2103 5370 2261 5434 cari),
2295 5369 2558 5438 principio
2589 5368 2797 5437 quidem
2813 5369 3013 5438 factum
3048 5385 3160 5421 esse
3191 5367 3402 5436 fabrum
3441 5367 3677 5424 continu-

2103 5441 2263 5509 rium,
2298 5437 2404 5494 etc.
2441 5437 2595 5492 llunc
2620 5439 2866 5508 Gregorii
2891 5437 3120 5509 Nysseni
3154 5439 3332 5492 iocum
3359 5439 3495 5494 citat
3518 5445 3673 5494 etiam

2101 5508 2316 5564 Nicetas
2341 5511 2394 5563 in
2418 5509 2693 5580 Thesauro
2715 5508 3020 5563 orthodoxa:
3040 5508 3194 5580 ﬁdei,
3229 5509 3335 5580 lib.
3359 5525 3412 5567 ν,
3443 5527 3568 5580 cap.
3589 5513 3670 5562 50.

2178 5581 2289 5651 (87)
2330 5579 2510 5651 Τοῦτο
2551 5577 2619 5631 δὲ
2655 5579 2768 5651 ἄρα
2813 5578 3290 5651 ἐξεργαζόμενος,
3322 5577 3675 5651 Malim—seri.

2107 5648 2235 5707 bere
2270 5648 2426 5703 τοῦτο
2451 5650 2514 5720 δή
2547 5658 2654 5706 etc.
2679 5648 2784 5704 Pro
2805 5648 3250 5720 ἐξεργαζόμενος,
3276 5650 3329 5702 in
3354 5653 3545 5708 codice
3572 5650 3672 5706 BI)-

2114 5721 2290 5778 eharti
2320 5719 2580 5777 scribitur
2615 5719 2935 5792 simpliciter
2962 5719 3352 5795 ἐργαζόμενος.
