3828 6306
157 273 242 330 ουτ)
1141 280 1699 342 ECCLESIASTICA“.
1741 287 2092 350 HISTORIA)
2131 291 2261 351 LIB.
2303 292 2388 349 Ill.

3255 293 3364 350 5I0

157 387 370 460 μαθητὴν
415 391 856 460 προχειρῐζεται,
897 393 988 446 καὶ
1020 393 1294 450 διδάσκειν
1333 400 1390 452 ἐν
1435 393 1701 476 ἐκκλησίᾳ

1818 419 2084 465 immotus
2123 409 2348 474 fuisset,
2393 408 2722 479 discipulum
2762 425 2922 464 suum
2970 407 3384 464 ad'diaconatus

153 485 208 538 τὰ
231 483 318 553 τῆς
366 483 686 555 Ἐκκλησίας
721 488 1006 557 ἐπιτρέπει
1044 488 1310 561 δόγματα.
1367 492 1426 544 '0
1463 492 1520 546 δὲ
1559 495 1696 566 πρὸς

156 579 237 647 μὲν
259 577 316 630 τὸ
343 578 438 648 τῆς
473 578 746 644 διακονίας
788 581 949 653 ἔργον
984 583 1263 655 ὑπεστάλη
1285 603 1298 616 ·
1335 586 1607 643 διδάσκειν
1639 589 1698 642 δὲ

152 668 416 732 ἀνεδέξατο.
440 669 643 739 Χρόνον
661 671 720 724 δὲ
736 672 1045 744 διατρίψας,
1067 675 1128 739 ὃς
1145 676 1394 748 ενόμιζεν
1415 681 1564 752 αὐτῷ
1581 681 1694 752 (88)

153 763 217 823 είς
235 761 322 830 τὴν
344 759 450 812 τῶν
473 760 632 814 θείων
661 763 1001 834 μαθημάτων
1027 763 1345 840 ἐξαρκέσειν
1371 770 1696 842 παράδοσιν,

154 851 228 903 ἐπὶ
249 850 335 920 τὴν
378 849 780 923 Ἀλεξάνδρειαν
809 850 966 919 αὖθις
996 858 1380 930 παραγίνεται.
1418 861 1556 932 Ἤδη
1587 861 1696 934 γὰρ

153 943 199 992 ἐν
212 941 330 1012 αὐτῇ
352 943 378 994 ό
419 941 730 1008 Ἀθανάσιος
751 945 920 1010 πολὺς
941 943 1010 1018 ἦν
1029 948 1123 1002 ἐπὶ
1151 948 1246 1002 τοῦ
1267 952 1553 1022 όμοουσίου
1578 953 1692 1024 (89)

155 1033 284 1102 ῥέων,
317 1035 401 1086 καὶ
427 1035 594 1106 ἐχρῆν
625 1035 764 1090 εἶναι
790 1037 881 1092 τὸν
906 1040 1286 1096 ἀντιπνέοντα.

1805 501 2032 569 gradum
2066 502 2266 566 evexit,
2306 502 2468 570 eique
2493 501 2738 570 permisit
2769 509 2827 556 ut
2871 499 3238 556 ecclesiastica
3283 501 3384 552 do-

1803 600 1983 656 gmata
2011 591 2224 661 publice
2259 593 2310 646 in
2352 591 2595 646 Ecclesia
2639 591 2858 646 doceret
2884 591 3019 661 (93).
3047 589 3248 644 Verum
3279 587 3386 640 Ae-

1803 683 1913 738 tius
1975 684 2192 740 diaconi
2247 684 2466 754 quidem
2513 682 2848 738 iunctionem
2897 681 3250 746 detrectavit,
3281 679 3386 732 do-

1801 775 1960 830 cendi
2005 792 2134 832 vero
2177 791 2378 833 munus
2409 777 2641 832 libenter
2673 776 2957 846 amplexus
2996 784 3098 829 est.
3139 771 3386 839 Cumque

1803 865 1914 919 illic
1945 867 2134 922 tandiu
2165 869 2490 934 mansisset,
2515 877 2784 938 quantum
2831 868 2932 923 sibi
2970 865 3216 921 sullicere
3237 862 3386 932 judi-

1801 959 1963 1014 cabat
1987 959 2054 1014 ad
2086 975 2370 1016 sacrarum
2397 962 2811 1032 disciplinarum
2841 960 3186 1016 traditionem
3205 995 3220 1022 ,
3257 970 3387 1010 rur-

1799 1064 1894 1103 sus
1942 1048 2328 1105 Alexandriam
2375 1053 2632 1120 perrexit.
2679 1049 2800 1105 Jam
2847 1051 2994 1106 enim
3039 1050 3152 1104 illic
3191 1047 3389 1117 agebat

153 1130 480 1196 Athanasius,
511 1132 652 1187 ειτδ
708 1133 992 1204 ὁμοούσιον
1045 1139 1260 1208 magnis
1307 1139 1518 1194 viribus
1563 1140 1918 1209 defendebat,
1979 1159 2318 1215 prorsusque
2366 1159 2592 1201 necesse
2663 1155 2780 1200 erat
2817 1155 2877 1200 ut
2908 1143 3110 1214 aliquis
3143 1142 3192 1196 ei
3241 1139 3381 1194 resi-

154 1237 310 1284 staret.

211 1329 286 1394 ιη’.
343 1322 464 1376 Ὀτι
505 1324 641 1394 φησι
692 1325 992 1383 Φλαϐιανδν
1037 1329 1132 1384 καὶ
1176 1330 1462 1396 Παυλῖνον,
1507 1331 1558 1384 οἳ
1603 1333 1698 1386 καὶ

155 1410 267 1478 μετὰ
293 1409 454 1466 ταῦτα
481 1412 574 1466 τὸν
625 1411 955 1485 Ἀντιοχείας
1001 1415 1186 1489 θρόνον
1230 1413 1374 1488 εἶχον
1415 1418 1698 1489 διανειμά-

155 1517 310 1570 μενοι,
351 1501 574 1568 τούτους
620 1505 712 1560 τὸν
751 1507 1041 1578 εἰρημένον
1087 1508 1335 1562 Λεόντιον
1367 1509 1464 1563 ἆτε
1511 1510 1573 1581 δὴ
1623 1510 1696 1580 μὴ

153 1591 500 1662 ὑμοδοξοῦντας
525 1594 798 1649 καθελεῖν.
825 1589 986 1650 Οὗτοι
1010 1597 1068 1650 δὲ
1094 1593 1231 1669 ἦσαν
1254 1599 1466 1653 Εὑσταθ
1477 1601 1540 1671 ίῳ
1569 1617 1697 1654 συν-

153 1683 608 1757 ακολουθήσαντες,
655 1688 714 1749 ἐς
754 1687 852 1759 τὴν
899 1687 1154 1760 μεθόριον
1199 1691 1554 1764 ἁπαγομένῳ.
1601 1695 1698 1756 Ὃς

151 1777 240 1828 τῶν
272 1777 422 1848 ἱερῶν
461 1779 563 1850 τῆς
625 1779 954 1852 Ἀντιοχείας
988 1782 1284 1853 φροντίδων
1311 1785 1326 1838 ί
1335 1785 1424 1853 90)
1453 1826 1468 1852 ,
1502 1785 1702 1856 μᾶλλον
1731 1764 1774 1819 Β

151 1869 196 1922 δὲ
231 1871 318 1941 τῆς
358 1871 486 1943 ὅλης
513 1872 833 1940 εὐσεϐείας,
868 1875 1020 1929 οὐδὲν
1049 1875 1309 1947 ⁴Ιίνέσχείιιι
1334 1879 1448 1941 τοῖς
1491 1880 1706 1950 καιροῖς

153 1965 694 2032 συγκαπηλεύσασθαι.

207 2159 284 2214 ιθ’.
327 2161 448 2214 Ὅτι
477 2159 774 2216 Σεκούνδου
809 2162 903 2216 καὶ
946 2161 1124 2235 Σέρῤα
1149 2161 1228 2234 (a)
1274 2163 1354 2225 είς
1400 2161 1704 2234 ἐπισκοπὴν

148 2251 224 2306 τὴν
261 2253 452 2308 Ἀέτιον
475 2255 994 2326 προχειριζομένων,
1026 2254 1210 2320 αὐτὸς,
1257 2255 1442 2326 φησιν,
1469 2255 1569 2308 οὐκ
1607 2257 1704 2326 ἠν-

151 2347 334 2416 έσχετο,
383 2347 456 2418 μὴ
495 2347 754 2419 καθαρῶς
793 2347 994 2410 αὐτοὺς
1025 2345 1309 2418 ἱερᾶσθαι,
1343 2345 1431 2400 διὰ
1457 2347 1556 2418 τὴν
1577 2349 1700 2400 ὲπι-

154 2435 308 2504 μιξίαν
341 2437 448 2491 τῶν
488 2437 552 2490 τὺ
593 2438 884 2508 ὁμοούσιον
933 2438 1048 2508 (91)
1100 2438 1518 2510 θρησκευόντων
1562 2439 1698 2492 ἀπο-

151 2531 458 2601 φαινόμενος.

205 2712 266 2762 κν.
308 2709 426 2762 Ὀτι
447 2750 462 2774 ,
491 2709 684 2780 φησὶν,
715 2707 982 2779 Εὐνόμιος
1019 2705 1164 2761 κατὰ
1203 2707 1400 2760 πύστιν
1427 2707 1528 2779 τῆς
1587 2707 1703 2760 Ἀε-

149 2797 242 2850 cina
271 2799 451 2868 σοφίας
489 2802 572 2862 εἰς
617 2799 946 2870 Ἀντιόχειαν
991 2801 1057 2853 ὲκ
1085 2799 1480 2862 Καππαδοκίας
1507 2798 1704 2869 ἀφικό-

153 2909 306 2960 μενος,
330 2891 406 2956 τῷ
438 2893 721 2962 Σεκούνδῳ
740 2891 1050 2963 συνέμιξεν.
1090 2893 1149 2946 '0
1178 2892 1234 2945 δὲ
1267 2893 1434 2946 αὐτὸν
1455 2893 1511 2945 ὲν
1551 2891 1701 2944 Ἀλε-

153 2979 369 3055 ξινδρεία
391 2985 514 3038 τότε
537 2983 618 3054 τῷ
661 2985 854 3054 Ἀετίῳ
878 2984 1210 3055 διατρίϐοντι
1241 2985 1571 3054 συνέστηκεο
1605 2983 1702 3038 καὶ

151 3073 379 3144 συνέστην
406 3075 600 3145 ἄμφω,
629 3074 658 3126 6
684 3073 780 3144 μὲν
814 3073 1102 3140 διδάσκων,
1142 3075 1170 3127 ὁ
1194 3074 1254 3127 δὲ
1277 3076 1392 3137 τοῖς
1435 3075 1602 3146 ἱεροῖς
1625 3071 1698 3144 (υ)
1729 3115 1776 3178 C

152 3164 404 3236 μαθήμασι
434 3165 706 3220 συνασκού
715 3183 893 3237 μενος.

205 3349 296 3396 κε’.
333 3343 453 3396 Ὀτι
497 3343 770 3413 Εὐνομίου
807 3341 973 3414 φησὶν
1004 3333 1160 3406 οὗτος
1199 3342 1228 3394 6
1263 3341 1556 3414 δυσσεϐὴς,
1603 3342 1710 3397 οὐκ

148 3433 531 3505 αἰσχυνόμενος,
562 3433 839 3506 ἐγκώμιον
869 3433 1243 3500 ἀνατάξασθαι
1273 3433 1404 3504 (92).

206 3525 299 3592 κβ’.
333 3527 452 3580 Ὅτι
476 3527 616 3597 φησὶ
639 3527 729 3580 τὸν
750 3527 1106 3592 Κώνσταντα,
1128 3527 1219 3580 διὰ
1241 3527 1341 3599 τὴν
1365 3527 1506 3599 ὑπὲρ
1546 3526 1708 3582 Ἀθα-

149 3615 310 3668 νασίου
357 3616 594 3687 σπουδὴν
651 3617 756 3670 ὑπὸ
801 3617 1078 3688 τυραννίδι
1115 3620 1184 3688 τῇ
1225 3617 1566 3686 Μαγνεντίου
1605 3617 1704 3688 τὴν

150 3702 274 3777 ζωὴν
295 3708 798 3779 καταστρέψασθαι.
831 3709 1271 3779 Τελευτήσαντος
1297 3708 1354 3762 δὲ
1381 3709 1574 3774 αὑτοῦ,
1609 3711 1705 3764 καὶ

149 3799 228 3852 τοῦ
261 3801 350 3870 μὲν
381 3801 765 3856 Κωνσταντίου
811 3802 954 3855 κατὰ
985 3803 1084 3873 τὴν
1117 3801 1344 3854 Ἔδεσαν
1390 3802 1490 3872 τῆς
1529 3803 1707 3856 Μεσο-

151 3895 394 3964 ποταμίας
429 3893 803 3964 διατρίϐοντος
852 3893 1043 3963 (τοῦτο
1079 3894 1188 3966 γὰρ
1221 3897 1248 3948 ό
1283 3894 1553 3965 Περσικὸς
1601 3896 1710 3948 ἀπ-

149 3979 252 4052 ῄτει
283 3983 576 4055 πόλεμος),
607 3987 640 4056 ὴ
671 3985 1020 4057 πρεσϐυτάτη
1065 3985 1270 4040 τούτων
1313 3987 1518 4056 ἀδελφὴ
1553 3987 1706 4040 Κων-

1873 1331 1960 1386 18.
1995 1329 2288 1384 Flavianus
2321 1339 2372 1384 et
2407 1327 2668 1384 Paulinus
2704 1343 2736 1380 a
2767 1325 2985 1378 Leontio
3032 1322 3279 1393 depositi.
3314 1354 3388 1367 —

1801 1419 1891 1474 Ait
1939 1420 2335 1492 Philostorgins
2393 1419 2713 1474 Flavianum
2783 1433 2847 1473 ac
2913 1416 3244 1482 Paulinum,
3291 1417 3386 1487 qui

1801 1513 2203 1568 Antiochenam
2250 1513 2628 1582 episcOpatum
2675 1511 2812 1564 inter
2857 1525 2917 1564 se
2948 1519 3138 1578 postea
3188 1508 3382 1562 divise-

1803 1613 1964 1669 runt,
2005 1621 2036 1659 a
2077 1606 2393 1675 supradicto
2434 1603 2696 1667 Leontio,
2745 1611 2932 1670 utpote
2974 1600 3250 1655 contraria
3283 1601 3386 1670 ipsi

1803 1699 2128 1762 sentientes,
2165 1698 2448 1768 depositos
2482 1712 2622 1752 esse.
2657 1695 2722 1748 Hi
2753 1709 2881 1750 vero
2915 1693 3261 1747 Eustathium
3303 1707 3390 1746 se-

1802 1790 1912 1844 cuti
1939 1789 2188 1855 fuerant,
2218 1804 2342 1844 cum
2377 1789 2424 1842 is
2461 1789 2516 1842 in
2555 1787 2811 1842 exsilium
2865 1786 3247 1840 abduceretur.
3283 1783 3388 1850 Qui

1803 1883 2020 1953 quidem
2050 1897 2116 1938 ex
2162 1881 2488 1937 sacerdotali
2525 1895 2752 1934 munere
2789 1878 3179 1932 Antiochensis
3205 1877 3390 1932 Eccle-

1803 1975 1930 2037 siae,
1963 1991 2058 2030 seu
2096 1975 2278 2044 potius
2299 1991 2362 2030 ex
2403 1973 2656 2029 universa
2685 1972 2972 2042 religione,
3001 1971 3136 2025 nihil
3163 1971 3390 2025 omnino

1802 2077 2110 2138 temporum
2141 2068 2522 2123 vicissitudine
2555 2081 2751 2136 passus
2787 2074 2866 2120 est
2909 2063 3253 2133 interpolari.

1873 2161 1960 2214 19.
1995 2160 2178 2214 Aetius
2209 2161 2569 2230 episcopatum
2605 2168 2835 2213 recusat.
2861 2187 2932 2198 —
2953 2158 3042 2211 Ait
3081 2157 3389 2212 Philostor-

1803 2254 1924 2324 gius
1940 2254 2176 2318 Aetium,
2208 2269 2334 2308 cum
2365 2253 2650 2308 Secundus
2683 2263 2737 2308 et
2763 2253 2961 2310 Serras
3001 2250 3070 2305 ad
3099 2251 3390 2321 episcopao

1805 2353 1918 2400 tam
1949 2345 2244 2414 gerendum
2289 2359 2412 2398 eum
2443 2343 2768 2410 elegissent,
2808 2338 3065 2396 assentiri
3113 2337 3388 2404 noluisse,

1803 2453 1927 2491 cum
1976 2437 2178 2491 diceret
2211 2450 2307 2491 eos
2341 2451 2449 2489 non
2481 2449 2620 2505 pure
2657 2449 2758 2490 nec
2803 2443 2991 2490 sancte
3031 2431 3214 2485 divina
3249 2430 3388 2484 cele-

1804 2529 1964 2584 brare
1997 2529 2273 2601 mysteria,
2321 2537 2510 2598 utpote
2562 2528 2657 2598 qui
2701 2523 3091 2582 Homousianis
3141 2523 3391 2592 permisti

1803 2631 2008 2680 essent.

1878 2713 1970 2766 20.
1994 2709 2387 2764 Eunomius.—
2412 2707 2736 2776 Eunomius,
2771 2725 2894 2764 cum
2937 2709 3080 2764 fama
3114 2711 3178 2765 ad
3212 2712 3390 2780 ipsum

1803 2805 2009 2876 perlata
2075 2812 2219 2858 esset
2261 2801 2329 2857 de
2378 2800 2518 2856 Aetii
2573 2801 2867 2871 sapientia,
2931 2816 3000 2855 ex
3051 2801 3392 2872 Cappadocia

1803 2889 2148 2946 Antiochiam
2203 2887 2514 2960 profectus,
2579 2889 2632 2943 in
2677 2889 3012 2960 colloquium
3068 2893 3220 2946 venit
3267 2907 3390 2947 cum

1805 2981 2078 3037 Secundo.
2114 2977 2214 3034 Hic
2244 2993 2373 3034 vero
2418 2979 2600 3043 Aetio,
2628 2979 2862 3050 quitum
2909 2981 3255 3036 Alexandria;
3297 2984 3393 3037 de-

1805 3074 1981 3146 gebat,
2015 3071 2344 3128 Eunomium
2377 3071 2800 3128 commendavit.
2839 3073 3017 3128 Ambo
3040 3075 3204 3144 igitur
3227 3074 3394 3130 simul

1811 3166 2128 3220 habitarunt
2155 3183 2167 3218 :
2201 3164 2390 3219 Aetius
2411 3165 2631 3234 quidem
2659 3165 2886 3231 docens,
2927 3165 3234 3221 Eunomius
3263 3182 3393 3222 vero

1812 3271 2000 3312 sacras
2032 3255 2353 3324 disciplinas
2375 3255 2706 3324 percipiens.

1879 3351 1971 3405 2i.
2011 3347 2118 3402 Ait
2147 3347 2348 3417 impius
2382 3345 2785 3418 Philostorgius
2839 3363 2898 3402 se
2931 3346 3248 3402 encomium
3281 3345 3392 3400 Eu-

1809 3442 1976 3497 nomii
2001 3439 2418 3511 conscripsisse,
2457 3453 2560 3494 nec
2593 3439 2868 3494 erubescit
2900 3439 2953 3494 id
2989 3439 3231 3509 profiteri

1878 3531 1968 3586 22.
2001 3529 2292 3599 Constans,
2317 3529 2654 3601 Magnentius
2679 3541 2726 3584 et
2761 3527 3038 3584 Veteranio
3073 3529 3394 3599 tyranni.—

1807 3623 1898 3678 Ait
1936 3623 2326 3690 Constantem,
2369 3625 2439 3678 ob
2489 3623 2730 3678 studium
2773 3637 2900 3691 erga
2937 3623 3324 3685 Athanasium,
3361 3639 3390 3676 a

1807 3713 2116 3784 Magnentio
2163 3723 2396 3786 tyranno
2441 3713 2771 3768 exstinctum
2829 3714 3016 3768 fuisse.
3065 3711 3198 3768 Post
3235 3713 3394 3780 cujus

1807 3805 2046 3870 obitum,
2093 3821 2218 3860 cum
2251 3805 2606 3860 Constantius
2647 3804 2867 3860 Edessa:
2911 3805 2966 3859 in
3003 3807 3389 3874 Mesopotamia

1809 3905 2147 3953 moraretur:
2180 3898 2233 3952 id
2265 3899 2410 3952 enim
2438 3899 2688 3968 exigebat
2717 3898 2918 3952 bellum
2945 3897 3224 3953 Persicum
3245 3897 3391 3968 (9i);

1809 4003 1998 4042 eorum
2038 4003 2193 4044 soror
2224 3997 2354 4044 natu
2385 3989 2624 4044 maxima
2663 3989 3056 4056 Constantina,
3083 4005 3204 4060 qua:
3231 3989 3390 4044 vidua
3499 4039 3504 4046 .

1351 4162 1432 4206 VA
1439 4161 1596 4206 LESII
1631 4161 2134 4209 ANNOTATIONES.

211 4285 310 4360 (8_8)
349 4287 448 4353 Ὃς
479 4283 746 4360 ενόμιζεν
782 4281 1114 4360 αύτῷηΝριι
1151 4283 1352 4360 _dub_ito
1404 4285 1701 4360 quinseri-

1818 4257 2220 4360 nalim‘legere,
2259 4286 2348 4342 διά
2370 4287 2468 4360 τὴν
2485 4285 2767 4358 ἐπιμιξίαν
2788 4289 2927 4359 πρὸς
2955 4290 3084 4350 τοὺς
3108 4287 3174 4360 τὸ
3193 4288 3391 4358 ὀμοού-

151 4353 360 4411 bendum
383 4361 453 4412 sit
485 4353 614 4410 ὅσον
639 4359 887 4427 ἐνόμιζεν
935 4355 1084 4427 αύτῷ
1117 4357 1196 4420 είς
1233 4355 1331 4427 τὴν
1379 4355 1489 4409 τῶν
1542 4356 1706 4411 θείων

155 4427 464 4552 μαθτὸμάτων
493 4426 812 4496 ἐξαρκέσειν
837 4426 1155 4498 παράδοσιν,
1185 4435 1289 4481 etc.

211 4499 260 4564 (8
293 4499 310 4564 )
347 4499 551 4564 Πολὺς
575 4497 654 4564 ἦν
681 4499 780 4552 ἐπὶ
799 4497 906 4552 τοῦ
923 4496 1271 4564 ὀμοουσίου.

1807 4374 1922 4410 σιον
1951 4356 2358 4428 θρησκεύοντας
2378 4375 2391 4389 ·
2419 4356 2732 4428 quanquam
2765 4356 2862 4426 pro
2889 4359 3157 4412 vocabulo
3196 4356 3393 4428 ὁμοσύ-

1811 4445 1948 4510 σιον,
1978 4427 2238 4484 libentius
2273 4431 2375 4484 hoc
2403 4427 2526 4510 loco
2571 4427 2801 4510 legerem
2837 4429 3159 4510 ὁμοιοῦσιρν.
3205 4427 3392 4510 Ariani

347 4499 551 4572 Πολὺς
575 4493 780 4572 virenti
799 4497 906 4572 τοῦ
918 4493 1271 4572 ρμοουρνίου.
1314 4495 1581 4572 In_codic_e
1604 4496 1701 4550 Bo-

1818 4493 1982 4563 enim,
2015 4512 2254 4568 quorum
2295 4493 2651 4572 antesignani
2687 4493 3238 4572 erant_'Secundus_et
3267 4499 3396 4552 Ser-

151 4567 300 4622 rharti
329 4567 610 4638 scriptum‘
657 4567 836 4622 inveni
861 4609 876 4632 ,
909 4567 1012 4620 ὑπὸ
1041 4567 1136 4618 τοῦ
1171 4567 1479 4636 ὀμοουσίου.
1527 4567 1707 4638 Quare

151 4651 242 4708 non
269 4637 454 4694 dubito
475 4641 612 4708 quin
646 4638 994 4694 scribendum
1029 4637 1100 4690 sit
1127 4637 1228 4708 hoc
1253 4639 1372 4692 loco
1392 4679 1406 4700 ,
1436 4639 1577 4708 ὑπὲρ
1611 4637 1704 4690 τοῦ

150 4706 428 4776 ὁμοουσίου.
459 4706 724 4766 Eumdem
754 4723 994 4762 errorem
1021 4707 1186 4777 paulo
1208 4715 1367 4762 antea
1393 4706 1702 4763 observavi.

210 4777 310 4850 (90)
350 4781 446 4846 Ὃς
473 4779 594 4834 τῶν
623 4778 796 4848 ιερῶν
830 4777 1320 4850 τῆςῘΑντι-οχείας
1352 4778 1704 4846 φροντίδων.

151 4846 407 4904 AsSentior
437 4846 797 4912 Gothofredo,
833 4846 926 4920 qui
956 4849 1070 4904 haec
1091 4847 1158 4920 de
1183 4847 1433 4912 Leontio,
1449 4865 1571 4920 ιιοιι
1600 4865 1705 4920 au—

152 4925 240 4987 tem
291 4920 354 4973 de
389 4921 678 4975 Eustathio
735 4917 859 4974 diei
897 4929 1042 4972 recte
1076 4917 1406 4972 observavit.
1448 4918 1702 4987 Ejusdem

149 4983 334 5043 Leontii
355 4991 748 5046 Antiochensis
769 4989 1008 5059 episcopi
1021 4987 1256 5059 elogium
1275 4999 1451 5045 exstat
1473 4983 1528 5043 in
1546 4989 1708 5044 Chro-

149 5059 250 5110 nico
279 5061 662 5124 Alexandrino,
699 5077 752 5130 p.
798 5061 926 5114 672.

207 5131 308 5198 (9i)
350 5133 452 5186 Διὰ
476 5133 592 5200 τὴν
617 5131 932 5200 ἐπιμιξίαν,
966 5131 1085 5184 τῶν
1125 5131 1192 5186 τὸ
1221 5131 1564 5199 όμοούσιον,
1584 5137 1704 5200 etc.

149 5193 194 5247 In
223 5193 598 5272 nianuseriptis
616 5193 900 5256 codicibus
918 5193 1328 5272 Scoriacensiet
1341 5199 1702 5272 Bochartiano

148 5270 386 5339 scriptum
417 5269 508 5328 est
536 5273 648 5327 τῶν
677 5273 814 5344 πρὸς
865 5273 928 5325 τὸ
964 5271 1272 5344 ὁμοούσιον,
1325 5281 1430 5327 etc.
1469 5269 1699 5326 Proinde

1811 4583 1924 4633 ras,
1953 4583 2064 4622 non
2096 4568 2576 4624 communicabant
2599 4568 2989 4624 Homousianis
3008 4609 3022 4630 ,
3051 4571 3144 4622 sed
3175 4569 3242 4622 iis
3275 4582 3394 4622 tan--

1813 4639 2051 4710 tumqui
2084 4639 2145 4691 τὸ
2169 4639 2481 4710 ὁμοιούσιον
2515 4640 2928 4710 profitebantur.
2967 4637 3191 4710 Verum,
3221 4655 3279 4692 re
3308 4650 3392 4692 at-

1813 4709 2017 4763 tentius
2054 4709 2385 4774 examinata,
2448 4709 2584 4763 nihil
2640 4710 2728 4764 hic
2791 4709 3106 4762 mutandum
3171 4723 3390 4764 censeo.

1811 4780 2002 4848 Ariani
2058 4780 2202 4834 enim
2265 4779 2655 4834 Homousiauis
2697 4795 2762 4830 eo
2801 4779 3018 4848 quidem
3055 4789 3294 4848 tempore
3339 4781 3393 4834 in

1814 4847 2036 4904 Oriente
2063 4849 2570 4971 ggmmunicabant,
2621 4857 2680 4902 ut
2721 4849 2880 4902 docet
2910 4847 3169 4903 Socrates
3205 4851 3259 4902 in
3299 4851 3394 4904 lib.

1815 4935 1877 4971 ιι.
1914 4933 2034 4971 can.
2145 4959 2158 4971 .

1815 4935 1877 4983 ιι,
1914 4933 2034 4983 cap.
2067 4933 2158 4973 zz.

1886 4934 2376 5060 (92ἵέᾍώμιον
2407 4987 2869 5060 ἀτί-ιιιτάξασθαι.Δ
2908 4987 3270 5045 Seribendum
3313 4997 3399 5044 est

1815 5056 2200 5124 συντάξασθαι,
2233 5056 2326 5113 τοι
2350 5071 2495 5114 certe
2517 5056 2958 5127 ἀναγράψασθαι.

1882 5130 1996 5198 (95)
2038 5129 2352 5184 Theodorit.
2390 5129 2426 5182 l.
2467 5144 2526 5195 ιι,
2562 5145 2612 5184 c.
2653 5129 2744 5183 24.

1885 5198 1996 5270 (94)
2032 5198 2161 5255 Soz.
2188 5199 2284 5255 lib.
2315 5215 2390 5268 IV,
2416 5215 2535 5270 cap.
2561 5201 2614 5255 1.

1603 5446 1680 5490 VA
1687 5443 1950 5488 RIORUM.

207 5569 280 5659 (a)
313 5576 652 5659 ξεκσύνβου
676 5577 787 5659 καὶ·
805 5577 1017 5659 Σέρῤρ.
1043 5575 1538 5659 ErantnhiArialii
1588 5577 1702 5649 epi-

150 5645 300 5730 gcnpi,
337 5645 622 5730 Secundus
659 5645 889 5730 quidem
918 5645 1290 5730 ’_lf_tolemaidis
1325 5652 1380 5704 in
1441 5645 1698 5720 lEgypto,

153 5707 328 5771 θεὴ-εις
353 5732 484 5772 vero
507 5707 796 5775 Parzetbnii
830 5720 882 5774 in
919 5719 1106 5786 Libya.

1881 5576 1958 5646 (ὁ)
2010 5575 2062 5646 '0
2083 5571 2296 5646 demi;-
2329 5573 2530 5643 ἱεροῖς.
2565 5575 2868 5632 Eunomius
2911 5577 3050 5632 Aetii
3079 5592 3183 5630 nou
3227 5573 3392 5629 modo

1807 5644 2112 5716 discipulus
2151 5644 2275 5712 fuit,
2299 5661 2488 5716 verum
2518 5648 2685 5701 etiam
2724 5648 3097 5712 amanuensis,
3131 5657 3190 5702 ut
3222 5647 3386 5700 habet

1809 5715 1961 5773 Socr.
1988 5717 2082 5772 lib.
2109 5731 2169 5788 II,
2209 5729 2330 5788 cap.
2357 5715 2447 5786 55,
2479 5715 2534 5771 in
2563 5717 2658 5772 fin.
