3828 6304
410 282 510 337 5U

1772 299 2255 362 PHlLOSTORCll

3537 311 3644 366 512

408 407 530 455 erat
567 399 984 470 Hanniballiani,
1021 407 1216 463 timens
1248 425 1316 463 ne
1346 410 1685 482 Magnentius
1712 427 1972 488 tyrannus

2087 423 2327 478 σταντίνα
2356 423 2464 494 (98)
2489 424 2504 492 (
2523 422 2924 477 Ἀναόιλλιανοῦ
2939 423 2993 476 δὲ
3005 419 3442 496 ἦνκεχηρωμένη
3459 427 3644 495 γυνὴ),

411 491 728 545 universum
781 495 1065 564 imperium
1116 499 1220 552 sub
1262 510 1581 569 potestatem
1637 521 1791 560 suam
1831 509 1976 562 redi-

409 590 586 647 geret,
621 578 1054 648 Veteranionem,
1108 600 1274 640 unum
1323 601 1390 642 ex
1439 590 1715 660 magistris
1751 593 1974 660 militiac,

407 670 676 724 Caesarem
707 673 1057 728 renuntiavit.
1106 674 1398 732 Videbatur
1431 690 1610 735 autem
1646 682 1735 736 illa
1780 684 1831 738 id
1878 701 1979 740 suo

405 764 528 826 jure
563 760 769 824 facere,
811 773 1094 833 propterea
1136 769 1279 838 quod
1321 774 1628 826 communis
1659 789 1846 829 eorum
1886 792 1980 845 pa-

411 860 512 912 ter,
552 851 682 902 dum
729 852 966 916 viveret,
1023 856 1326 913 diademate
1359 876 1478 914 eam
1509 874 1893 930 coronaverat,
1926 877 1981 919 et

409 941 704 1009 Augustam
733 957 1161 1014 nuncupaverat.
1191 951 1544 1006 Constantius
1583 969 1732 1021 vero,
1777 956 1860 1011 his
1887 972 1981 1010 co-

411 1031 608 1099 gnitis,
643 1037 822 1089 statim
854 1037 1101 1092 diadema
1139 1041 1289 1095 misit
1315 1043 1380 1096 ad
1414 1043 1849 1112 Veteranionem,
1878 1048 1980 1102 im-

411 1127 734 1188 peratoriam
766 1129 816 1183 ei
847 1129 1164 1198 dignitatem
1202 1134 1459 1203 suffragio
1493 1151 1593 1190 suo
1618 1139 1977 1205 conﬁrmans;

412 1224 596 1282 postea
653 1234 782 1273 vero
829 1221 1093 1276 adversus
1144 1222 1509 1294 Magnentium
1568 1229 1623 1281 in
1673 1230 1980 1288 Occidentis

412 1317 591 1372 partes
629 1323 754 1361 cum
787 1311 1028 1366 exercitu
1061 1313 1370 1381 profectus,
1405 1319 1507 1372 sub
1551 1322 1771 1376 obtentu
1815 1323 1981 1378 collo-

411 1397 523 1465 quii
551 1401 692 1466 quod
727 1415 845 1454 cum
871 1400 1224 1460 Veteranionc
1253 1409 1427 1462 amice
1452 1409 1589 1465 inire
1620 1413 1882 1478 voluerat,
1914 1430 1980 1468 eo

412 1488 556 1555 quod
597 1490 643 1544 is
690 1491 1009 1548 defectionis
1061 1498 1427 1565 suspicionem
1478 1503 1823 1569 prmbnisset,
1857 1521 1978 1559 eum

414 1583 852 1649 comprehendit,
913 1594 966 1639 et
1020 1587 1363 1657 imperatoria
1416 1604 1564 1649 veste
1607 1597 1775 1651 exuit.
1824 1597 1981 1651 Nullo

413 1680 592 1725 tamen
627 1673 734 1727 alio
777 1675 1024 1730 affectum
1065 1679 1446 1746 incommodo,
1480 1683 1589 1738 imo
1617 1701 1747 1740 vero
1781 1703 1982 1742 mensa:

415 1775 528 1814 suae
552 1763 847 1820 adhibitum
871 1806 901 1830 ,.
921 1766 1146 1822 Prusam
1177 1769 1444 1842 Bithyniae
1484 1777 1827 1842 amandavit,
1865 1794 1982 1832 am-
2011 1765 2054 1819 Β

413 1852 532 1920 plus
569 1870 633 1908 ac
679 1858 991 1926 magniﬁcos
1025 1870 1274 1930 sumptus
1302 1863 1352 1917 ei
1400 1868 1771 1932 constituens,
1797 1872 1981 1938 provi-

414 1947 653 2014 densque
705 1965 772 2002 ne
820 1948 1114 2020 quidquam
1162 1970 1354 2009 eorum
1399 1957 1598 2026 quibus
1646 1961 1980 2029 privatorum

416 2033 695 2090 hominum
730 2039 838 2092 vita
880 2041 1031 2096 beate
1058 2045 1405 2114 transigitur;
1425 2050 1474 2100 ei
1505 2049 1736 2104 deesset.

482 2126 572 2180 25.
596 2126 826 2183 Iacobus
859 2131 1144 2188 Nisibenus
1175 2135 1315 2206 (95).
1343 2167 1415 2176 —
1444 2140 1530 2193 Ait
1555 2139 1980 2213 Philostorgins,

415 2215 672 2284 Saporem
699 2217 984 2276 Persarum
1009 2239 1188 2294 regem
1209 2225 1467 2282 Romanis
1492 2229 1692 2284 bellum
1711 2231 1978 2298 intulisse,

411 2319 465 2362 ct
495 2309 700 2366 Nisibin
755 2315 942 2369 urbem
994 2332 1366 2388 Oppugnasse;
1415 2339 1604 2378 verum
1644 2341 1703 2381 re
1748 2327 1978 2391 infecta,

412 2411 604 2469 praeter
636 2407 876 2460 omnium
915 2409 1223 2477 Opinionem
1272 2414 1478 2481 pudore
1517 2414 1772 2472 affectum
1804 2433 1984 2474 reces-

412 2490 570 2553 sisse,
606 2508 727 2547 cum
757 2493 1013 2564 Jacobus,
1060 2499 1211 2556 urbis
1240 2501 1387 2556 illius
1422 2505 1742 2575 episcopus,
1773 2508 1984 2563 civibus

410 2580 538 2646 quid
575 2581 877 2638 faciendum
905 2598 1050 2642 esset
1083 2600 1606 2660 commonstrasset,
1651 2605 1707 2650 et
1735 2596 1891 2650 firma
1926 2598 1980 2652 in

411 2669 578 2724 Deum
612 2689 707 2742 spe
732 2691 794 2729 ac
827 2677 1023 2733 ﬁducia
1050 2695 1148 2749 pro
1179 2682 1356 2738 salute
1393 2684 1550 2740 urbis
1591 2686 1983 2745 admirabiliter

411 2775 827 2832 propngnasset.

480 2853 569 2906 24.
608 2854 762 2922 Alpes
801 2856 958 2911 Succi
997 2871 1047 2914 et
1088 2860 1253 2916 Julia:
1286 2863 1422 2930 (96).
1461 2897 1534 2907 —
1572 2867 1773 2938 Alpes,
1808 2879 1868 2926 ut
1907 2872 1984 2927 ait

411 2944 831 3018 Pliilostorgius,
870 2960 977 3004 tam
1015 2951 1203 3018 Succi,
1237 2972 1403 3024 quam
1443 2957 1526 3013 ba:
1557 2976 1680 3029 qua:
1701 2959 1857 3017 Julia:
1882 2978 1981 3018 vo-

410 3046 622 3100 cantur,
665 3040 926 3095 transitus
970 3051 1096 3096 sunt
1145 3047 1390 3116 angusti,
1421 3050 1676 3106 maximis
1730 3053 1980 3122 utrinque

411 3127 687 3183 montibus
732 3144 896 3183 unum
931 3131 982 3184 in
1023 3130 1236 3199 locum,
1273 3136 1344 3189 ita
1390 3144 1450 3190 ut
1497 3137 1608 3192 fere
1638 3141 1743 3194 sibi
1789 3153 1982 3198 mutuo

409 3215 723 3285 juugautur,
796 3224 1139 3280 coeuntibus.
1206 3225 1378 3282 Porro
1447 3232 1712 3288 transitus
1774 3234 1982 3291 similes

412 3312 811 3376 quodammodo
849 3325 977 3370 sunt
1026 3320 1289 3388 angustiis
1336 3320 1844 3396 Thermopylarum.
1876 3329 1979 3383 Sed

411 3396 568 3453 Juliae
593 3403 811 3470 quidem
841 3406 1003 3475 Alpes
1037 3408 1238 3465 Gallias
1267 3420 1430 3482 atque
1459 3413 1662 3470 Italiam
1695 3417 1977 3486 dividunt;

414 3487 573 3544 Succi
628 3508 754 3546 vero
808 3494 947 3550 inter
988 3495 1205 3553 Daciam
1250 3502 1340 3556 siti
1387 3514 1516 3559 sunt
1561 3514 1616 3560 et
1648 3505 1978 3564 Thraciam:

411 3598 643 3651 quorum
691 3589 969 3655 angustias
1017 3604 1140 3644 cum
1186 3607 1452 3662 occupare
1510 3602 1776 3652 tentasset
1829 3597 1984 3653 Vete-

413 3674 598 3736 ranio,
629 3675 946 3732 defectionis
978 3681 1346 3749 suspicionem
1386 3682 1704 3742 Constantio
1731 3689 1979 3757 przebuit.

479 3762 570 3819 25.
617 3763 800 3819 Gallus
834 3764 969 3823 δαῖε.
1001 3799 1072 3809 -
1126 3773 1258 3826 Dum
1319 3773 1668 3830 Constantius
1723 3779 1981 3836 adversus

413 3855 774 3924 illagnentium
824 3870 1110 3932 tyrannum
1143 3866 1536 3930 expeditionem
1564 3878 1808 3937 pararet,
1842 3887 1981 3925 nun-

411 3949 518 4001 tius
569 3949 635 4003 ad
676 3965 800 4004 eum
834 3952 1072 4021 perlatus
1123 3966 1235 4021 est,
1277 3955 1474 4014 Persas
1502 3974 1627 4013 cum
1667 3960 1979 4030 ingentibus

411 4039 585 4107 copiis
631 4041 892 4097 adversus
924 4043 1159 4100 Orientis
1186 4047 1495 4114 provincias
1535 4051 1765 4105 moveri.
1798 4051 1980 4118 Quare

414 4143 634 4183 necesse
697 4131 888 4185 habuit
939 4133 1151 4187 Gallum
1205 4136 1473 4192 Ciesarem
1528 4155 1876 4209 nuncupare,
1924 4153 1979 4198 et

412 4227 599 4272 contra
648 4220 842 4277 Persas
891 4224 945 4276 in
998 4222 1270 4280 Orientem
1326 4229 1557 4284 mittere.
1613 4231 1741 4285 Erat
1795 4243 1974 4288 autem

412 4307 599 4362 Gallus
657 4308 822 4364 frater
877 4312 996 4382 ejus
1046 4317 1340 4382 patruelis;
1385 4319 1585 4372 etenim
1640 4319 1776 4376 Galli
1824 4333 1977 4391 pater

410 4398 765 4456 Constantius
826 4400 993 4456 frater
1059 4405 1158 4459 fuit
1215 4409 1560 4464 Constantini
1624 4411 1804 4484 Magni

411 4501 521 4554 quo
551 4486 655 4540 orti
688 4496 844 4542 erant
871 4489 1222 4549 COustantius
1254 4505 1306 4550 et
1337 4496 1531 4553 fratres
1564 4500 1702 4568 ejus.

478 4578 568 4632 26.
611 4579 758 4632 Crux
801 4579 1181 4654 Hierosolymis
1217 4587 1272 4640 in
1328 4588 1454 4642 cmlo
1478 4590 1589 4643 visa
1642 4592 1868 4661 (97).—
1912 4593 1976 4649 Et

407 4667 762 4726 Constantius
799 4671 1016 4741 quidem
1060 4676 1341 4733 victoriam
1375 4679 1442 4734 de
1471 4689 1703 4751 tyranno
1737 4695 1981 4754 reporta-

407 4763 505 4826 vit,
536 4777 660 4816 cum
691 4764 904 4834 signum
933 4767 1113 4822 crucis
1138 4767 1250 4825 illic
1275 4786 1490 4841 quoque
1515 4774 1692 4828 visum
1727 4785 1890 4841 esset,
1908 4777 1975 4831 ad

2077 510 2297 564 δείσασα
2345 512 2416 582 μὴ
2461 512 2714 580 φθάσειεν
2757 515 2785 566 ὁ
2828 515 3167 584 τυραννήσας
3215 515 3557 583 Μαγνέντιος
3587 516 3649 568 τὸ

2079 601 2294 654 πάντων
2344 603 2747 674 ἀναρτήσασθαι
2787 605 3014 673 κράτος,
3070 606 3479 676 Οὒετερανίωνά
3524 623 3651 658 τινα

2077 691 2185 742 τῶν
2216 693 2656 762 στρατηγούντων
2681 695 2774 747 ἕνα
2808 695 3094 766 καθίστησι
3123 697 3397 767 Καίσαρα.
3439 696 3650 748 Ἐδόκει

2077 783 2133 834 δὲ
2168 782 2424 836 δύνασθαι
2471 785 2569 854 τὴν
2613 785 2830 856 πρᾶξιν,
2867 787 2998 839 διότι
3043 788 3217 855 ζήνων
3252 787 3361 857 (99)
3400 790 3428 840 ὁ
3468 788 3650 848 κοινὸς

2079 875 2259 928 αὐτῶν
2310 875 2491 947 πατὴρ
2532 876 2820 946 διαδήματί
2864 895 2923 929 τε
2981 877 3149 947 αὐτὴν
3194 877 3498 936 ἐταινίωσε,
3553 878 3650 928 καὶ

2079 964 2389 1033 Αὑγοῦσταν
2427 967 2797 1034 ἐπωνόμασεν.
2849 968 2906 1019 Ὁ
2956 967 3012 1019 δὲ
3046 965 3415 1030 Κωνστάντιος
3473 967 3651 1019 ταῦτα

2083 1056 2270 1126 μαθὼν
2319 1057 2634 1127 παραυτίκα
2685 1057 2788 1126 μὲν
2847 1058 3239 1127 υὺετερανίωνι
3287 1057 3348 1109 τὸ
3403 1057 3651 1127 διάδημα

2081 1149 2324 1219 πέμπει,
2375 1149 2748 1220 συνεπικυρῶν
2793 1148 3069 1218 αὐτῷκαὶ
3119 1150 3179 1203 τὸ
3219 1151 3319 1220 τῆς
3368 1149 3650 1218 βασιλείας

2079 1242 2294 1310 ἀξίωμα
2312 1258 2325 1272 ’
2359 1239 2634 1295 ἔπειτα’δὲ
2669 1243 2801 1313 πρὸς
2826 1243 3109 1313 ἑσπερίους
3138 1243 3279 1295 κατὰ
3309 1242 3649 1310 Μαγνεντίου

2082 1332 2535 1402 στρατευόμενος,
2569 1334 2666 1387 καὶ
2702 1333 2970 1404 συμμίξαι
3017 1334 3206 1403 φιλίως
3248 1333 3326 1404 τῷ
3377 1336 3651 1404 Οὺετερα-

2080 1423 2226 1475 νίωνι
2259 1423 2537 1494 βουληθεὶς
2558 1466 2572 1488 ,
2609 1425 2839 1496 ἐπείπερ
2869 1427 3075 1488 ἐκεῖνος
3108 1425 3378 1497 παρέσχεν
3409 1426 3651 1494 ὑποψίαν

2081 1515 2518 1580 ἐπαναστάσεως,
2542 1515 2819 1586 χειροῦται
2851 1516 2949 1586 μὲν
2975 1517 3065 1569 τὸν
3094 1515 3526 1587 Οὑετερανίωνα,
3559 1518 3649 1569 καὶ

2079 1604 2182 1673 τῆς
2210 1604 2495 1674 βασιλικῆς
2520 1606 2741 1659 άποδύει
2769 1607 2991 1676 στολῆς’
3024 1607 3190 1676 μηδὲν
3215 1607 3270 1660 δὲ
3297 1608 3467 1660 κακὸν
3491 1609 3650 1678 ἐπερ-

2081 1695 2387 1765 γασάμενος
2411 1697 2537 1750 ἄλλο
2555 1737 2570 1760 ,
2610 1698 2746 1751 ἀλλά
2781 1699 2874 1751 καὶ
2906 1699 3182 1770 τραπέζης
3209 1698 3355 1768 αὐτῷ
3385 1699 3651 1768 κοινωνή-

2083 1803 2209 1850 σας,
2254 1790 2334 1851 είς
2364 1787 2612 1859 Προῦσαν
2643 1790 2744 1858 τῆς
2782 1789 3034 1852 Βιθυνίας
3067 1789 3362 1859 ἐκπέμπει,
3389 1788 3652 1859 λαμπρὰς

2081 1877 2174 1930 καὶ
2227 1878 2660 1950 μεγαλοπρεπεῖς
2711 1881 2975 1951 ἀφορίσας
3019 1879 3166 1950 αὐτῷ
3208 1879 3303 1942 τὰς
3364 1879 3649 1950 χορηγίας,

2083 1970 2307 2040 μηδενὸς
2353 1971 2681 2042 ὑστερῆσθαι
2701 2013 2714 2036 ,
2744 1966 2817 2027 ὧν
2841 1972 3128 2045 ἀνθρώπου
3164 1972 3277 2044 βίος
3307 1973 3383 2036 ὡς
3412 1975 3473 2025 ὲν
3510 1971 3652 2025 ἰδιὼο

2079 2075 2202 2121 ταις
2235 2059 2572 2131 εὐδαιμονεῖ,
2603 2063 3060 2133 προνοησάμενος.

2151 2156 2257 2217 κγ’.
2308 2150 2430 2202 Ὅτι
2467 2148 2735 2222 Σαπώρην
2763 2152 2853 2205 τὸν
2889 2152 3109 2222 βασιλέα
3145 2151 3369 2222 Περσῶν
3406 2152 3654 2222 ἀναγρά-

2080 2255 2169 2306 φει
2205 2241 2530 2309 στρατεῦσαι
2568 2241 2708 2295 κατὰ
2740 2241 2839 2312 τῆς
2867 2242 3168 2305 Νισίὸιδος,
3201 2243 3293 2295 καὶ
3321 2243 3402 2305 εἰς
3430 2241 3652 2312 πολιορ-

2081 2331 2204 2384 κίαν
2227 2331 2396 2400 αὐτῆς
2420 2333 2755 2403 καταστῆναι
2774 2349 2787 2363 ·
2815 2335 3096 2404 ἄπρακτον
3116 2334 3172 2387 δὲ
3197 2335 3290 2388 καὶ
3309 2334 3465 2405 παρὰ
3494 2334 3652 2398 δόξαν

2081 2424 2491 2494 κατῃσχυμένον
2532 2426 2903 2497 ὑποστρέψαι,
2961 2426 3214 2480 Ἰακώϐου
3259 2425 3354 2478 τοῦ
3406 2427 3512 2496 ei};
3560 2427 3652 2478 πό-

2080 2513 2216 2576 λεως
2260 2516 2559 2569 ἐπισκόπου
2589 2517 2649 2569 τό
2698 2535 2755 2570 τε
2797 2519 3066 2589 πρακτέον
3108 2522 3221 2581 τοῖς
3259 2519 3506 2580 πολίταις
3542 2521 3651 2571 εἱσ-

2078 2606 2406 2676 ηγουμένου,
2432 2608 2523 2661 καὶ
2546 2611 2610 2678 τῇ
2632 2609 2767 2680 πρὸς
2791 2610 2921 2664 Θεὸν
2957 2611 3257 2682 παρρησίᾳ,
3300 2611 3446 2665 κατὰ
3471 2611 3531 2663 τὸ
3557 2611 3649 2662 άνο

2080 2699 2416 2771 υπέρελητον
2440 2703 2539 2772 τῆς
2561 2703 2770 2767 πόλεως
2797 2704 2898 2757 ὑπε
2908 2705 3341 2775 ρμαχεσαμένου.

2149 2857 2246 2912 κδ’.
2286 2859 2408 2912 Ὅτι
2441 2860 2496 2912 αἱ
2541 2859 2786 2923 Ἄλπεις,
2833 2861 2980 2914 αἵτε
3016 2861 3240 2924 Σούκεις
3273 2861 3609 2930 καλούμεναι
3633 2903 3647 2926 ,

2079 2951 2176 3003 καὶ
2210 2950 2268 3003 αἱ
2315 2950 2566 3017 Ἰούλιαι,
2608 2950 2767 3004 δίοδοί
2809 2954 2915 3004 εἱσι
2955 2952 3138 3004 στεναὶ
3187 2952 3464 3021 μεγίστων
3511 2952 3651 3021 ὀρῶν

2081 3041 2439 3114 ἑκατέρωθεν,
2469 3045 2563 3096 καὶ
2591 3043 2681 3113 ὑφ’
2704 3044 2761 3097 ἓν
2789 3045 2984 3115 χωρίον
3001 3044 3168 3112 ἐγγὺς
3192 3044 3284 3096 τοῦ
3303 3043 3650 3113 συμπτύσσε-

2084 3133 2205 3187 σθαι
2237 3135 2688 3206 συγκλειομένων.
2719 3137 2958 3190 Ἐοίκασι
2981 3136 3037 3189 δὲ
3065 3138 3122 3188 αἱ
3155 3137 3316 3190 δίοδοι
3347 3130 3510 3190 αὗται
3541 3142 3649 3201 τοῖς

2083 3227 2141 3279 ὲν
2160 3225 2543 3297 Θερμοπύλαις
2583 3232 2809 3290 στενοῖς.
2854 3229 2993 3282 Ἀλλ’
3029 3231 3084 3284 αἱ
3119 3231 3216 3299 μὲν
3263 3229 3483 3282 Ἰούλιαι
3519 3231 3648 3282 Ἀλ-

2083 3337 2206 3384 πεις
2259 3321 2358 3384 τὰς
2410 3321 2641 3384 Γαλλίας
2696 3323 2790 3376 καὶ
2836 3323 3062 3386 Ἰταλίας
3106 3322 3393 3394 διορίζουσι
3435 3323 3511 3394 (l)
3544 3323 3649 3377 τῶν

2095 3413 2310 3466 Ἰταλῶν
2331 3433 2344 3445 ο
2380 3415 2438 3466 αἱ
2466 3415 2523 3467 δὲ
2557 3414 2779 3478 Σούκεις
2820 3414 3021 3486 μεταξὺ
3055 3410 3385 3484 τῆςΔακίας
3417 3416 3528 3469 εἰσὶ
3557 3416 3646 3469 καὶ

2081 3507 2180 3576 τῆς
2206 3506 2456 3578 Θρᾴκης,
2485 3505 2550 3570 ἃς
2579 3509 2672 3560 καὶ
2701 3508 3028 3561 καταλαϐεῖν
3063 3508 3418 3578 ἐπειγόμενος
3451 3510 3645 3562 Οὑετι·

2084 3593 2282 3665 ρανίων
2335 3595 2432 3665 τὴν
2487 3596 2738 3649 ὑπόνοιαν
2793 3596 2893 3666 τῆς
2938 3596 3357 3659 ἐπαναστάσεως
3402 3597 3644 3667 παρέσχε

2082 3685 2458 3757 Κωνσταντίῳ.

2149 3781 2244 3827 κε’.
2279 3776 2398 3828 Ὅτι
2429 3780 2486 3830 ὲν
2507 3769 2551 3843 ᾧ
2567 3779 2941 3842 Κωνστάντιος
2967 3779 3106 3833 κατὰ
3119 3779 3456 3848 Μαγνεντίου
3480 3797 3643 3851 παρε-

2082 3868 2372 3932 σκευάζετο
2403 3869 2497 3923 τοῦ
2531 3871 2824 3941 τυράννου,
2856 3873 2917 3925 τὸ
2944 3874 3207 3945 Περσικὸν
3232 3873 3476 3938 ἀκούσας
3507 3876 3642 3928 κατὰ

2079 3960 2177 4030 τῆς
2200 3959 2341 4030 ἑῴας
2371 3960 2644 4034 βαρυτέρα
2669 3964 2812 4034 χειρὶ
2834 3965 3125 4028 κινεῖσθαι,
3160 3967 3240 4029 είς
3269 3967 3516 4038 ἀνάγκην
3544 3963 3640 4041 ἧκε

2079 4047 2281 4102 Γάλλον
2315 4051 2567 4122 Καίσαρα
2613 4055 3022 4125 χειροτονῆσαι,
3065 4056 3160 4109 καὶ
3191 4056 3278 4108 ἐπ’
3310 4057 3510 4120 αὐτοὺς
3557 4059 3642 4109 ὲκ-

2082 4143 2315 4212 πέμψαι.
2346 4144 2589 4213 Ἀνεψιὸς
2616 4144 2673 4197 δὲ
2706 4141 2773 4216 ἦν
2802 4147 2831 4197 ὁ
2861 4146 3058 4209 Γάλλος
3077 4161 3090 4175 '
3121 4147 3216 4200 καὶ
3245 4147 3352 4218 γάρ
3384 4150 3411 4200 ὁ
3443 4149 3640 4201 Γάλλου

2080 4234 2261 4305 πατὴρ
2301 4233 2670 4300 Κωνστάντιος
2722 4237 2949 4307 ἀδελφὸς
2993 4235 3060 4308 ἦν
3105 4237 3509 4293 Κωνσταντίνου
3554 4241 3639 4294 τοῦ

2084 4326 2316 4396 μεγάλου
2339 4367 2355 4392 ,
2390 4326 2448 4390 ὃς
2494 4327 2739 4396 ἐγείνατο
2764 4331 3142 4385 Κωνστάντιον
3183 4332 3279 4385 καὶ
3309 4335 3440 4396 τοὺς
3481 4334 3638 4387 αὐτοξ

1845 4433 1859 4467 :
1909 4430 1973 4468 ex
2012 4443 2052 4494 υ
2081 4419 2364 4489 ἀδελφούς.

2146 4599 2257 4663 κς’.
2297 4600 2354 4653 '0
2380 4601 2474 4671 μὲν
2506 4597 2597 4655 οὖν
2626 4604 3003 4669 Κωνστάντιος
3030 4607 3303 4679 ἐγκρατὴς
3333 4607 3428 4661 τοῦ
3457 4610 3638 4680 τυράνο

2076 4707 2168 4742 νου
2196 4691 2431 4759 γίνεται,
2464 4694 2741 4748 κάνταῦθα
2787 4694 2880 4749 τοῦ
2913 4699 3140 4768 σημείου
3166 4698 3260 4751 τοῦ
3292 4700 3527 4771 σταυροῦ
3553 4703 3639 4754 ἐπὶ

2080 4782 2334 4851 μέγιστόν
2361 4801 2419 4836 τε
2461 4787 2848 4857 προφανέντος,
2889 4791 2981 4842 καὶ
3026 4791 3635 4862 καταπληκτικωτάταις

406 4853 784 4924 longissimum
830 4858 1064 4926 spatium
1113 4872 1463 4932 protensum,
1511 4875 1566 4922 et
1603 4866 1856 4922 diurnam
1887 4869 1975 4922 lu-

2087 4873 2290 4942 ιῖγλαις
2320 4853 2831 4950 ὑπεραστράψαντος
2851 4881 2912 4934 τὸ
2933 4883 3032 4952 τῆς
3057 4853 3274 4955 ἡμέρας
3300 4885 3435 4952 φῶς.
3466 4853 3636 4955 Ὠςθη

1623 5041 1864 5086 νΑιΕεΙι
1906 5043 2030 5090 ΔΝΝ
2038 5045 2396 5093 OTATIONES.

481 5137 588 5209 (95)
629 5138 942 5209 Theodorit.
979 5142 1014 5195 l.
1052 5159 1110 5209 ιι,
1141 5160 1190 5200 c.
1222 5145 1310 5202 50.

479 5208 591 5281 (ορ)
632 5208 788 5281 §ocr.
814 5227 936 5281 pag.
971 5208 1180 5274 108,711.
1209 5217 1258 5268 l.

477 5278 589 5350 (97)
625 5279 750 5332 Soz.
783 5278 909 5350 pag:
947 5282 1062 5346 154,
1096 5283 1217 5337 157.

2146 5156 2221 5226 (1)
2265 5157 2376 5230 Τὰς
2414 5159 2688 5230 Γαλλίας
2727 5161 2825 5215 καί
2877 5160 3144 5216 Ἰταλίαν
3194 5162 3537 5230 διορίζουσι.
3581 5167 3634 5220 In

2077 5227 2460 5296 manuscriptis
2487 5231 2764 5285 codicibus
2791 5234 2992 5287 nostris
3019 5232 3164 5286 hunc
3195 5227 3371 5288 locum
3404 5236 3473 5288 ita
3503 5239 3631 5289 scri-

2073 5298 2444 5374 pt_um__inveni
2474 5317 2487 5352 :
2514 5299 2632 5374 [Γᾶς
2685 5301 2916 5374 Γαλλίας
2944 5303 3035 5355 καὶ
3085 5301 3311 5374 Ἰταλίας
3348 5305 3632 5374 διορίζουσι

479 5349 591 5416 (98)
619 5351 1062 5442 ζέωνσταρντξνα.
1090 5353 1148 5406 In
1185 5354 1370 5442 codice
1400 5355 1659 5442 Bocbarti
1682 5359 1974 5442 ξςωνσταν-

2087 5349 2179 5418 τῶν
2217 5349 2475 5442 Ἰταλῶν.
2514 5349 2712 5424 νειῗυηι
2749 5373 2829 5426 ba:
2855 5349 3014 5426 voces
3043 5373 3138 5425 καὶ
3167 5373 3394 5436 Ἰταλίας
3413 5349 3633 5442 prrorsus

405 5418 496 5493 τία
527 5418 804 5493 scribitur.
856 5419 958 5474 Sed
991 5438 1178 5476 verum
1210 5425 1330 5493 ejus
1365 5442 1561 5480 nomen
1584 5437 1666 5482 est
1683 5429 1972 5482 Κωνσταν-

403 5487 546 5552 τίνα,
573 5498 631 5542 ut
656 5489 710 5542 in
749 5489 1207 5548 Annotationibus
1228 5487 1294 5548 ad
1325 5497 1672 5551 Ammiauum
1701 5496 1970 5552 Marcelli-

406 5573 534 5613 num
557 5559 857 5615 observavi.

476 5628 779 5710 (992-Atdtt
830 5630 1037 5710 ζήνῳν.
1068 5630 1238 5688 Nemo
1273 5651 1379 5710 non
1434 5637 1580 5710 videt
1621 5638 1965 5710 scribendum

405 5712 528 5755 esse
559 5698 690 5766 ζῶν,
729 5703 981 5771 quamvis
1012 5706 1364 5775 manuscripti
1401 5708 1616 5764 codices
1644 5707 1964 5778 repugnent.

2077 5440 2443 5512 expungendm
2471 5447 2618 5512 sunt,
2655 5453 2706 5492 ut
2740 5442 3045 5510 superﬂuae.
3100 5443 3259 5497 Certe
3302 5440 3632 5512 Nicephorus

2079 5506 2132 5559 in
2159 5506 2298 5561 libro
2320 5523 2463 5562 nono
2489 5509 2663 5577 capite
2699 5506 2970 5566 tricesimo
2993 5513 3254 5576 secundo,
3288 5506 3635 5568 liunc'l’hilo-

2076 5577 2266 5658 Storgii
2293 5578 2470 5634 locum
2495 5580 2833 5647 describens,
2864 5583 2971 5637 duo
2998 5583 3109 5637 haec
3129 5584 3385 5640 vocabula
3418 5594 3635 5654 praeter-

2075 5657 2241 5703 misit.
