3828 6300
203 287 308 342 515

1225 293 1786 356 ECCLESIASTICE
1828 302 2175 362 ΗΙΒΤΟΙΠΑΞ
2216 309 2342 365 LIB.
2383 311 2468 367 Ill.

3329 301 3446 384 Sit

191 400 250 453 δὲ
277 401 373 453 ἐπὶ
394 401 504 454 τῶν
544 402 934 476 Ἰεροσολύμων
967 407 1095 478 περὶ
1126 409 1225 480 τὴν
1262 411 1452 485 τρίτην
1477 415 1625 487 ὥραν
1661 419 1738 489 μά

1917 356 1974 358 -_
2000 356 2175 362 -___-._.
2216 356 2342 365 _-_.
2383 356 2468 367 ...η
3329 356 3436 384 DIC

1865 436 1982 476 cem
2056 426 2512 495 splendidissimis
2575 434 2642 489 ad
2704 445 2978 507 stuporem
3033 457 3206 513 usque
3267 448 3436 503 radiis

189 491 346 545 λιστα
363 492 465 563 τῆς
479 494 709 566 ἡμέρας,
727 497 921 570 ἑορτῆς
940 499 1041 570 τῆς
1064 500 1365 575 λεγομένης
1388 507 1766 580 Πεντηκοστῆς

186 587 573 658 ἐνισταμένης.
637 588 696 642 '0
747 591 804 644 δὲ
843 591 1145 664 θεόγραφος
1185 595 1357 661 τύπος
1406 603 1615 666 ἐκεῖνος
1657 603 1766 656 ἀπὸ

184 677 280 730 τοῦ
325 678 622 749 λεγομένου
659 680 889 753 Κρανίου
923 684 1086 758 μέχρι
1127 688 1220 740 καὶ
1264 688 1359 742 τοῦ
1394 691 1502 746 τῶν
1541 693 1764 746 Ἐλαιῶν

183 767 346 836 ὅρους
385 767 589 838 διήκων
623 768 824 840 ὡρᾶτο,
866 771 1030 842 ίριδος
1059 774 1300 845 μεγάλης
1338 778 1601 845 στεφάνου
1643 779 1764 851 τρό-

186 875 287 910 πον
335 859 675 931 πανταχόθεν
720 861 882 918 αύτὸν
927 865 1392 938 περιελιττούσης.
1443 869 1662 941 Ἐδήλου
1705 871 1761 924 δὲ

184 950 291 1020 ἄρα
340 953 374 1022 ἡ
417 953 518 1019 μὲν
566 953 676 1025 ίρις
717 953 816 1026 τὴν
852 955 947 1010 τοῦ
983 959 1384 1031 σταυρωθέντος
1416 964 1508 1016 καὶ
1557 964 1758 1036 ἀναλη-

182 1042 413 1107 φθέντος
443 1043 731 1113 εὐμένειαν
751 1063 765 1077 ο
801 1047 829 1100 6
857 1047 912 1100 δὲ
939 1049 1203 1118 στέφανος
1239 1052 1340 1124 τὴν
1369 1053 1462 1106 τοῦ
1497 1053 1760 1125 βασιλέως

179 1133 360 1201 νίκην.
395 1134 469 1186 Τὸ
493 1135 550 1188 δὲ
578 1135 911 1210 σελασφόρον
941 1141 1117 1194 ἐκεῖνο
1143 1143 1237 1196 καὶ
1261 1143 1554 1215 σεϐάσμιον
1580 1147 1758 1218 θέαμα

175 1224 298 1276 οὐδὲ
330 1227 446 1288 τοῖς
487 1227 580 1279 ἐπὶ
606 1227 700 1281 τοῦ
730 1231 1094 1300 στρατοπέδου
1124 1232 1353 1288 ἀθέατον
1381 1232 1472 1307 ἦν,
1498 1238 1614 1290 ἀλλ’
1639 1241 1761 1293 ἐπι-

170 1318 353 1386 δήλως
383 1317 680 1391 ὁρώμενον,
715 1324 1052 1390 Μαγνέντιον
1088 1326 1185 1395 μὲν
1215 1328 1309 1380 καὶ
1331 1329 1457 1393 τοὺς
1484 1330 1581 1384 σὺν
1607 1331 1756 1402 αὐτῷ

172 1407 268 1460 ἅτε
304 1412 372 1480 τῇ
417 1413 526 1464 τῶν
576 1411 843 1482 δαιμόνων
892 1414 1158 1489 θεραπείᾳ
1189 1421 1754 1491 προσανακειμένους,

171 1497 251 1559 είς
301 1499 589 1569 ἀμήχανον
631 1501 750 1564 δέος
795 1505 1095 1575 κατέστησε
1118 1522 1132 1535 ·
1169 1509 1544 1562 Κωνστάντιον
1569 1511 1624 1563 δὲ
1659 1512 1754 1566 καὶ

167 1588 295 1651 τοὺς
329 1589 466 1661 περὶ
488 1590 651 1643 αὐτὸν
675 1593 755 1655 εἰς
782 1592 980 1666 Θάρσος
1000 1597 1210 1666 ἄμαχον
1236 1598 1584 1668 ἀνεκτήσατο.
1630 1601 1756 1654 Ἠτ-

167 1678 356 1748 τῃθεὶς
384 1680 440 1732 δὲ
482 1680 550 1734 τά
583 1685 773 1751 πρῶτα
815 1687 1153 1754 Μαγνέντιος
1175 1728 1189 1749 ,
1221 1685 1338 1741 εἶτα
1368 1690 1508 1743 κατά
1557 1692 1750 1763 μικρὸν

1867 513 2024 584 longe
2050 532 2336 586 superans.
2365 521 2628 592 Apparuit
2657 538 2838 583 autem
2883 529 3299 605 Hierosolymis.
3329 540 3436 594 cir-

1865 614 1927 653 ca
1955 602 2142 656 horam
2170 606 2378 660 tertiam
2424 609 2543 676 ejus
2576 612 2680 666 diei
2718 630 2838 684 qua:
2876 619 3037 689 vulgo
3067 602 3266 676 dicitur
3297 622 3462 679 Pen-~

1866 703 2082 747 tecoste.
2112 694 2282 751 Porro
2318 699 2420 753 hoc
2453 701 2667 769 signum
2711 705 2971 764 divinitus
3015 712 3215 780 pictum
3259 729 3289 768 a
3315 716 3436 769 Cal-

1865 782 2027 836 varize
2049 794 2233 840 monte
2265 803 2437 857 usque
2459 792 2524 844 ad
2553 802 2794 848 montem
2829 796 3104 855 Olivarum
3131 805 3435 874 pertingere

1861 871 2172 940 videbatur,
2203 891 2398 948 magna
2434 879 2568 937 iride
2589 883 2761 940 instar
2786 902 2998 943 corona:
3022 891 3154 947 illud
3195 896 3431 964 undique

1860 962 2149 1020 ambientc.
2208 966 2274 1022 Et
2324 970 2422 1025 iris
2480 975 2698 1043 quidem
2743 977 2944 1034 Christi
2999 985 3242 1039 cruciﬁxi
3281 962 3429 1042 et-in

1858 1053 2053 1107 caelum
2105 1061 2370 1130 assumpti
2420 1064 2763 1124 clementiam
2826 1072 3182 1143 designabat;
3227 1095 3428 1135 corona

1857 1158 2007 1207 vero,
2037 1145 2379 1217 imperatoris
2403 1157 2708 1216 victoriam.
2729 1159 2899 1217 Porro
2927 1167 3265 1235 splendidum
3285 1173 3427 1227 istud

1857 1251 1920 1289 ac
1955 1242 2322 1298 venerandum
2368 1248 2581 1318 signum
2630 1268 2696 1306 ne
2734 1256 2966 1310 militum
2993 1261 3207 1328 quidem
3237 1265 3426 1320 oculos

1854 1324 2057 1394 eﬂ‘ugit,
2079 1331 2174 1384 sed
2208 1333 2275 1388 ab
2308 1346 2539 1409 utroque
2571 1346 2817 1399 exercitu
2854 1324 3383 1421 clare-conspectuin
3409 1396 3423 1416 .

1852 1421 2221 1492 Magnentium
2246 1433 2465 1500 quidem
2484 1446 2538 1490 et
2564 1454 2660 1494 eos
2693 1441 2784 1510 qui
2815 1459 2844 1496 a
2872 1446 3113 1512 partibus
3144 1447 3288 1504 illius
3315 1462 3426 1505 sta-

1853 1512 2016 1578 bant,
2053 1525 2239 1588 utpote
2276 1522 2582 1580 daemonum
2610 1532 2779 1586 culmi
2810 1535 3075 1596 addictos.
3107 1555 3271 1608 supra
3312 1559 3425 1596 iuo-

1850 1603 1977 1658 dum
2025 1610 2254 1676 terruit;
2290 1613 2612 1674 Constantio
2652 1639 2781 1678 vero
2827 1639 2880 1680 et
2927 1627 2993 1684 iis
3039 1631 3130 1698 qui
3169 1648 3292 1686 cum
3337 1637 3423 1688 illo

1848 1708 2021 1762 erant,
2053 1699 2308 1758 invictam
2339 1712 2626 1776 quamdam
2659 1715 2911 1772 fiduciam
2943 1721 3164 1777 addidit.
3206 1727 3275 1778 At
3314 1729 3424 1782 Ma-

165 1768 457 1822 ειναλαόὼν
494 1771 705 1839 ἑαυτὸν,
746 1776 838 1828 κα)⁸
876 1777 1221 1846 συμπλακεὶς
1265 1780 1330 1832 ὲκ
1376 1780 1629 1851 δευτέρου
1672 1781 1739 1851 τᾷ

167 1860 396 1885 _-\.K-.-.
453 1863 542 1885 --μὶ
574 1865 714 1885 -Α,...Ι.
748 1866 794 1885 -ὶ
831 1884 857 1885 η
1042 1869 1054 1885 ι
1471 1872 1485 1885 ς
1616 1872 1638 1885 Α
1673 1873 1684 1885 ι

1848 1791 2100 1859 gnentius
2125 1811 2246 1850 cum
2283 1813 2312 1852 a
2359 1799 2680 1860 Constantio
2727 1809 2960 1876 primum
2991 1813 3163 1868 victus
3205 1817 3421 1885 fuisset,

167 1860 420 1930 πολέμῳ,
453 1863 547 1915 καὶ
573 1865 716 1918 κατά
744 1866 803 1918 τὸ
828 1869 1218 1938 κραταιότατον
1257 1872 1745 1943 καταπολεμηθεὶς,

165 1951 257 2002 καὶ
289 1953 424 2014 τοὺς
460 1954 558 2006 σὺν
601 1953 751 2026 αὐτῷ
792 1955 991 2028 μικροῦ
1023 1959 1230 2022 πάντας
1274 1960 1581 2024 ἀποϐαλὼν,
1614 1962 1750 2034 πρὸς

161 2041 257 2112 τὴν
315 2044 670 2111 Λουγδούνων
715 2045 1100 2118 ἀποδιδράσκει
1147 2049 1319 2104 πόλιν.
1378 2053 1488 2105 Καὶ
1537 2053 1606 2106 τά
1651 2055 1748 2124 μὲν

160 2134 360 2204 πρῶτα
391 2137 514 2189 κατ’
547 2135 762 2190 εὔνοιαν
795 2139 958 2209 δῆθεν
992 2141 1083 2193 τὸν
1113 2144 1313 2195 οἰκεῖον
1351 2144 1577 2213 ἀδελφὸν
1609 2148 1747 2199 ἀπο-

161 2227 425 2293 σφάττει,
467 2228 734 2299 πολεμίας
765 2231 1139 2302 προαρπάζων
1174 2231 1384 2304 ὕϐρεως
1409 2237 1502 2288 καὶ
1538 2237 1738 2308 χειρός.

161 2319 402 2371 Ἔπειτα
427 2321 522 2374 καὶ
548 2320 604 2373 εί
621 2339 703 2384 τις
731 2321 889 2386 ἄλλος
913 2324 1094 2394 παρῆν
1119 2325 1227 2377 τῶν
1251 2327 1614 2382 οἰκειοτάτων.
1642 2331 1742 2383 Te-

157 2407 410 2461 λευταῖον
438 2410 528 2470 δὲ.
561 2411 620 2464 τὸ
655 2411 807 2481 ξίφος
835 2415 1145 2486 ὑποστήσας
1191 2419 1387 2488 ἑαυτῷ,
1421 2422 1741 2494 ἐπηρράχθη

153 2515 211 2550 τε
248 2501 352 2551 καὶ
385 2500 653 2566 διελαθεὶς
686 2504 828 2557 κατά
870 2507 931 2558 τὸ
959 2507 1298 2579 μετάφρενον
1327 2512 1604 2581 ἐξέψυξεν,
1632 2515 1741 2568 οὐδ’

153 2588 250 2641 ὅλα
281 2589 538 2661 τέσσαρα
562 2594 903 2664 τυραννήσας
935 2595 1051 2666 ἔτη.

221 2846 331 2911 κζ’.
370 2847 495 2901 Ὅτι
524 2849 659 2918 φησὶ
690 2850 814 2915 τοὺς
843 2855 974 2924 περὶ
1004 2856 1281 2911 Βασίλειον
1314 2860 1409 2914 καὶ
1440 2863 1738 2919 Εὑστάθιον

152 2939 218 2990 δι’
244 2938 460 3010 ἔχθρας
491 2942 784 3010 γεγονότας
830 2944 908 3015 τῷ
952 2947 1167 3019 ’Δετίῳ,
1218 2951 1467 3018 διαϐολὰς
1503 2957 1736 3024 ἀτόπους

153 3032 460 3102 συρράψαι,
492 3034 588 3086 καὶ
628 3033 722 3087 τὸν
758 3035 959 3092 Γάλλον
985 3040 1077 3093 ἐπὶ
1107 3043 1271 3096 ταυτὸ
1308 3048 1605 3115 παροξύναι
1626 3051 1734 3122 (2)⁰

150 3121 292 3175 ὥστε
335 3126 548 3176 ἐκεῖνον
583 3125 658 3189 ὡς
698 3127 1019 3192 ἐπισκόποις
1064 3133 1430 3190 πιστεύσαντα
1473 3139 1568 3192 καὶ
1603 3142 1738 3213 πρὸς

148 3215 320 3286 ὀργὴν
348 3217 776 3287 ἐκταραχθέντα,
807 3219 1061 3275 κελεῦσαι
1097 3223 1189 3276 τὸν
1231 3227 1433 3282 Ἀέτιον
1461 3230 1736 3304 ἀναζητη-

149 3304 340 3373 θῆναι,
381 3306 478 3358 καὶ
506 3307 708 3376 ἀμφοῖν
730 3313 841 3364 τοῖν
866 3312 1074 3367 σκελοῖν
1103 3321 1459 3389 κατεαγῆναι.
1485 3323 1736 3378 Λεοντίου

146 3398 198 3450 δὲ
242 3397 346 3450 τοῦ
395 3399 694 3454 ἐπισκόπου
753 3401 1082 3475 Ἀντιοχείας
1123 3409 1380 3464 τάναντία
1415 3411 1622 3478 τούτοις
1647 3418 1737 3470 τὸν

147 3489 413 3560 Καίσαρα
468 3490 845 3562 διδαξαμένου,
892 3495 926 3564 ἦ
969 3513 1028 3549 τε
1081 3501 1519 3568 καταδικάζουσα
1559 3509 1737 3579 ψῆφος

145 3580 449 3652 ἁνεϐλήθη,
483 3583 578 3635 καὶ
617 3585 698 3648 εἰς
743 3585 868 3639 θέαν
902 3589 930 3640 6
963 3588 1163 3654 Γάλλος
1203 3593 1320 3662 μετ’
1347 3596 1406 3647 ού
1458 3597 1590 3652 πολὺ
1640 3601 1734 3654 τοῦ

156 3671 374 3754 Ἀετίου
424 3674 683 3745 κατέστη,
742 3678 835 3730 καὶ
882 3679 1035 3746 φίλος
1082 3683 1294 3754 ἐκρίθη.
1331 3685 1433 3740 Καὶ
1477 3690 1735 3757 πολλάκις

149 3736 284 3834 πρός
346 3736 986 3842 Ἰουλιανὺννάπεστάλη,
1014 3736 1118 3828 καὶ
1152 3736 1395 3845 ξιάλὶσέξ
1433 3782 1594 3852 ἡνίκα
1651 3747 1723 3838 διζ

144 3855 486 3910 επυνθάνετο
528 3857 665 3929 πρὸς
698 3860 790 3913 τὸν
832 3861 1184 3937 Ἐλληνισμδν
1215 3869 1244 3919 ὀ
1271 3871 1496 3942 ἀδελφὸς
1528 3877 1732 3931 ἐκεῖνον

143 3948 495 4001 ἀτωκλίνεινο
529 3949 808 4005 ἐστέλλετο
843 3953 922 4017 δὲ,
950 3957 1048 4027 τῆς
1086 3961 1339 4026 ἀσεϐείας
1380 3966 1520 4019 κατὰ
1557 3967 1617 4019 τὸ
1642 3968 1725 4022 δυο

141 4040 301 4092 me»
360 4040 524 4093 αὐτὸν
561 4042 966 4102 ἀνασώσασθαι.
1025 4050 1101 4102 Οὺ
1149 4051 1256 4124 μὴν
1308 4054 1442 4108 ἀλλά
1488 4058 1580 4111 καὶ
1623 4061 1731 4113 τῶν

142 4128 302 4182 θείων
344 4132 686 4204 μαθημάτων
726 4137 756 4190 6
793 4137 995 4204 Γάλλος
1028 4141 1346 4199 διδάσκαλον
1388 4147 1480 4200 τὸν
1529 4151 1730 4206 ’Δέτιον

141 4222 407 4277 ἐποιεῖτο.

1848 1890 2030 1946 postea
2072 1885 2277 1942 viribus
2307 1892 2565 1958 paulatim
2607 1900 2927 1966 resumptis,
2956 1905 3196 1959 secundo
3229 1910 3422 1975 proelio

1848 1984 2194 2041 congressus,
2218 1981 2433 2048 penitus
2449 1984 2749 2044 debellatus
2769 2000 2870 2055 est,
2898 1993 3210 2065 amissoque
3233 2015 3423 2069 prope-

1847 2065 2065 2120 modum
2109 2071 2258 2123 omni
2297 2076 2535 2130 exercitu
2584 2094 2716 2146 suo,
2753 2083 2819 2136 ad
2875 2086 3060 2141 urbem
3094 2089 3419 2162 Lugdunum

1845 2154 2104 2228 profugit.
2155 2161 2233 2216 Ac
2281 2165 2458 2232 primo
2517 2169 2736 2237 quidem
2789 2154 3206 2236 benevolentia;
3241 2188 3420 2254 specie

1845 2243 2067 2301 fratrem
2093 2264 2250 2304 suum
2277 2253 2575 2320 interfecit,
2613 2269 2670 2312 ut
2704 2262 2938 2318 hostium
2976 2271 3226 2326 manibus
3251 2283 3305 2328 et
3339 2278 3420 2330 in-

1839 2331 2000 2401 juriis
2035 2351 2158 2390 eum
2193 2340 2443 2409 eriperet.
2492 2344 2690 2402 Deinde
2729 2366 2857 2404 vero
2908 2369 2972 2408 ex
3017 2361 3420 2430 pr0pinquiori-

1842 2423 1943 2478 bus
1989 2441 2365 2499 quemcunque
2411 2435 2600 2490 adesse
2662 2439 2906 2508 viderat,
2955 2446 3144 2501 eodem
3194 2454 3418 2508 sustulit

1841 2517 2020 2571 modo.
2054 2517 2332 2576 Postremo
2358 2524 2474 2594 ipse
2513 2528 2567 2581 in
2614 2531 2849 2600 gladium
2885 2552 3046 2604 quem
3081 2544 3283 2610 pectori
3313 2560 3416 2618 suo

1841 2619 2223 2678 supposuerat,
2254 2613 2537 2684 incubuit,
2586 2627 2957 2696 transiixoque
2987 2630 3150 2687 dorso
3175 2614 3415 2693 animam

1905 2882 1995 2936 27.
2044 2885 2247 2940 Aetium
2295 2889 2478 2946 Gallus
2523 2895 2575 2948 in
2617 2899 2910 2954 amicitiam
2972 2909 3176 2976 recipit.
3225 2941 3295 2952 —
3325 2913 3414 2970 Ait

1838 2971 2252 3046 Philostorgius,
2300 2979 2560 3038 Basilium
2613 2994 2666 3041 et
2712 2971 3093 3062 Eustatliium,
3143 3006 3412 3074 susceptis

1764 3109 1807 3168 Ο
1841 3065 2101 3124 adversus
2125 3069 2340 3128 Actium
2381 3075 2701 3144 inimicitiis,
2737 3083 3000 3142 absurdas
3028 3094 3292 3160 quasdam
3319 3112 3412 3151 ca-

1841 3155 2077 3212 lumnias
2097 3161 2446 3228 confinxisse,
2468 3175 2521 3220 et
2538 3166 2748 3223 Gallum
2773 3182 2956 3228 contra
2981 3191 3104 3230 eum
3131 3181 3410 3240 incitasse:

1839 3247 1973 3301 adeo
2005 3256 2062 3303 ut
2085 3250 2270 3308 Gallus
2292 3263 2550 3326 tanquam
2577 3261 2847 3333 episcopis
2884 3265 3042 3322 fidem
3078 3272 3303 3335 habens.
3346 3287 3401 3331 et

1841 3335 1924 3388 ira
1953 3341 2373 3408 excandescens,
2406 3345 2620 3402 Aetium
2658 3355 2898 3423 perquiri
2928 3357 3172 3426 jusserit,
3209 3376 3264 3418 et
3295 3367 3404 3422 fra-

1838 3428 1940 3482 ctis
1971 3432 2224 3488 cruribus
2268 3436 2461 3492 occidi.
2507 3439 2611 3494 Sed
2657 3458 2778 3498 cum
2810 3445 3063 3505 Leontius
3111 3456 3403 3526 episcopus

1836 3519 2139 3576 Antiochia:
2182 3530 2456 3584 contraria
2505 3531 2571 3586 iis
2611 3549 2732 3603 quae
2762 3549 2949 3594 contra
2977 3519 3188 3598 Aetium
3229 3549 3404 3605 delata
3475 3537 3477 3539 1

1836 3609 2050 3666 fuerant
2073 3612 2273 3669 Ctesari
2302 3621 2598 3686 retulisset,
2628 3625 2992 3685 damnationis
3017 3637 3282 3692 sententia
3314 3654 3390 3692 re-

1833 3713 2021 3756 vocata
2061 3713 2161 3770 est,
2193 3716 2246 3762 et
2266 3709 2452 3766 Aetius
2487 3729 2592 3767 non
2619 3718 2788 3772 multo
2825 3721 3016 3788 postin
3048 3739 3399 3795 conspectum

1835 3791 1970 3846 Galli
2002 3797 2166 3863 venit,
2189 3807 2242 3852 et
2273 3801 2414 3855 inter
2432 3805 2636 3862 amicos
2668 3809 2787 3878 ejus
2820 3812 3037 3869 habitus
3063 3828 3164 3871 est.
3185 3791 3400 3879 illissus

1832 3891 1915 3936 est
1948 3885 2107 3940 etiam
2139 3889 2338 3957 saepius
2369 3893 2434 3947 ad
2462 3893 2758 3966 lulianum,
2781 3918 2847 3957 ac
2871 3907 3137 3976 prazcipue
3168 3925 3234 3964 eo
3262 3920 3398 3967 tem-

1831 3987 1961 4042 pore
2014 3993 2123 4045 quo
2153 3979 2337 4036 Gallus
2379 3985 2599 4041 fratrem
2649 4007 2807 4046 suum
2858 3997 2923 4049 ad
2958 4004 3398 4068 superstitionem

1831 4065 2111 4132 gentilium
2150 4070 2426 4128 declinare
2455 4076 2756 4145 didicerat;
2789 4065 3100 4142 mittebat—ur
3132 4104 3308 4148 autem
3333 4110 3400 4149 eo

1831 4157 2080 4220 consilio.
2125 4171 2184 4214 ut
2211 4160 2484 4221 Iulianum
2523 4170 2592 4224 ab
2629 4171 2904 4243 impietate
2938 4192 3231 4238 revocaret.
3293 4185 3396 4242 Sed

1828 4258 1881 4301 et
1917 4248 2102 4306 Gallus
2119 4253 2335 4314 Actium
2353 4275 2636 4318 sacrarum
2654 4266 3062 4338 disciplinarum
3081 4281 3395 4349 magistrum

1829 4340 1932 4394 sibi
1967 4344 2214 4402 adscivit.

211 4411 322 4475 κη’.
363 4405 488 4458 Ὅτι
531 4406 735 4461 Γάλλου
781 4409 923 4464 κατά
956 4413 1184 4484 Περσῶν
1211 4432 1294 4482 εις
1332 4419 1395 4473 τὸ
1436 4422 1727 4494 κράτιστον

1876 4433 1988 4489 .28.
2031 4436 2213 4494 Gallus
2247 4442 2528 4499 calumniis
2569 4451 2852 4518 appetitus.
2872 4483 2945 4494 —
2971 4455 3103 4510 Cum
3131 4457 3314 4516 Gallus
3341 4461 3396 4517 in

142 4494 682 4566 ἀνδραγαθήσαντος,
722 4501 802 4564 είς
847 4502 1040 4571 φθόνον
1067 4507 1117 4558 oi
1161 4511 1280 4572 ταῖς
1307 4509 1578 4579 διαϐολαῖς
1605 4519 1727 4587 χαί-

148 4602 334 4654 ροντες
371 4589 738 4658 ἁναφλέγουσι
782 4593 873 4646 τὸν
907 4595 1151 4665 βασιλέα.
1203 4601 1312 4655 Καὶ
1338 4603 1431 4657 τοῦ
1458 4607 1728 4679 Περσικοῦ

142 4679 386 4748 πολέμου
426 4684 547 4744 ταῖς
583 4682 675 4736 τοῦ
711 4684 987 4757 Καίσαρος
1026 4689 1324 4760 ἀριστείαις
1353 4700 1725 4770 πεπαυμένον,

142 4771 463 4825 ἀποστέλλει
511 4775 837 4843 Δομετιανὸν
901 4777 1140 4851 ἔπαρχον
1203 4784 1312 4836 τῶν
1381 4788 1728 4862 καλουμένων

139 4863 498 4935 πραιτωρίων
525 4867 554 4917 6
579 4868 980 4938 Κωνστάντιος,
1012 4873 1390 4946 ἐντειλάμενος
1414 4881 1561 4952 αὐτῷ
1587 4885 1726 4941 κατὰ

137 4954 197 5008 τὸ
230 4956 462 5025 ἀφανὲς,
486 4959 585 5022 τάς
611 4960 706 5013 τοῦ
731 4961 935 5016 Γάλλου
963 4966 1314 5037 περικόπτειν
1345 4971 1454 5024 ἀπὸ
1477 4974 1578 5044 τῆς
1607 4977 1726 5029 Ἀνο

137 5048 373 5116 τιοχειίας
406 5048 640 5117 ἐξόδους,
682 5053 782 5124 τὴν
813 5055 898 5108 ἐπ’
933 5056 1158 5130 ἀνδρείᾳ
1187 5062 1278 5114 καὶ
1307 5065 1372 5134 τῇ
1395 5065 1503 5118 τῶν
1530 5070 1723 5123 κοινῶν

137 5138 430 5213 ἐπιμελείᾳ
473 5141 634 5207 δόξαν
681 5146 845 5200 αὑτοῦ
889 5151 1357 5222 κατασμικρύνειν
1393 5157 1561 5230 ταύτῃ
1604 5160 1720 5214 δια-

135 5233 447 5305 νοούμενος.
503 5236 562 5289 '0
592 5237 650 5290 δὲ
690 5240 1012 5310 Δομετιανὸς
1042 5243 1192 5298 οὐδὲν
1218 5245 1326 5298 τῶν
1359 5252 1721 5321 προσταχθέν-

1826 4522 1969 4580 bello
1999 4527 2259 4586 adversus
2290 4532 2485 4592 Persas
2519 4538 2810 4596 admodum
2840 4554 3060 4600 strenue
3105 4565 3163 4603 se
3195 4553 3397 4617 gessis-

1827 4624 1928 4678 set,
1961 4617 2384 4678 calumniatores
2409 4623 2790 4682 Constantium
2821 4632 2886 4684 ad
2918 4632 3173 4687 invidiam
3205 4640 3394 4689 conci-

1827 4711 2036 4762 tarunt.
2086 4711 2437 4769 Constantius
2469 4715 2648 4786 igitur,
2686 4719 2826 4775 bello
2853 4720 3072 4778 Persico
3105 4726 3302 4781 virtute
3332 4744 3395 4784 ac

1826 4794 2142 4854 fortitudine
2174 4803 2406 4859 Caesaris
2452 4805 2588 4861 Galli
2629 4810 2744 4880 jam
2793 4813 2991 4881 sopito,
3030 4814 3391 4875 Domitianum

1824 4888 2134 4958 praefectum
2175 4897 2427 4962 prtetorio
2474 4898 2641 4964 misit,
2691 4902 2793 4956 hoc
2829 4904 2878 4956 ei
2913 4905 3049 4959 dans
3083 4908 3296 4962 occulte
3337 4911 3389 4964 in

1823 4982 2113 5045 mandatis,
2148 4995 2202 5036 ut
2231 5001 2482 5055 egressus
2503 4987 2639 5046 Galli
2671 5009 2734 5046 ex
2765 4996 2896 5048 urbe
2929 4996 3212 5054 Antiochia
3243 5017 3392 5056 com-

1821 5069 2097 5138 primeret.
2132 5073 2246 5131 Hac
2286 5079 2431 5132 enim
2463 5081 2672 5137 ratione
2702 5085 2930 5154 gloriam
2976 5089 3112 5143 Galli
3141 5107 3204 5144 ex
3240 5095 3392 5147 forti-

1822 5161 2009 5217 tudine
2040 5165 2226 5236 reique
2273 5170 2503 5238 publica:
2551 5190 2680 5229 cura
2734 5176 3058 5235 imminuere
3096 5185 3389 5253 cogitabat.

1820 5252 2161 5315 Domitianus
2215 5277 2363 5331 vero,
2416 5281 2525 5320 non
2577 5269 2740 5325 modo
2790 5288 2896 5326 non
2943 5275 3279 5332 moderatius
3325 5278 3392 5332 iis

1379 5420 1616 5465 VALESII
1657 5424 1692 5466 Α
1702 5424 2134 5477 NNOTATIONES
2144 5464 2156 5476 .

202 5585 280 5650 (Ξ)
336 5585 466 5656 Ἐπὶ
504 5587 762 5656 τῗαύτοῦ
805 5590 1156 5656 παροξύναι.
1214 5592 1425 5649 Mallem
1470 5598 1708 5655 scribere

130 5657 251 5708 κατ’
291 5654 478 5708 αὑτοῦ.
529 5655 593 5708 'ln
641 5654 1012 5729 manuscripto
1059 5662 1247 5717 codice
1305 5665 1574 5724 Samuelis
1605 5669 1708 5723 Bo-

131 5727 305 5780 cliarti
341 5728 552 5797 legitur,
586 5727 680 5783 ἐπὶ
707 5727 1076 5787 ταυτόνζΡοει
1111 5733 1202 5790 ubi
1236 5735 1431 5806 legitur
1458 5738 1548 5793 τὸν
1571 5741 1706 5794 Καί-

1816 5621 1958 5694 σαρα
2012 5606 2414 5694 διαδεξαμένου,
2454 5617 2824 5694 _scribendum
2873 5630 2981 5694 est
3012 5621 3383 5694 διδαξαμένου,

1814 5677 1954 5731 utin
1994 5681 2182 5736 codice
2212 5677 2466 5740 Bocharti
2507 5688 2770 5758 scriptum
2806 5691 3005 5746 inveni.
