3828 6302
420 330 526 390 515

1795 319 2286 379 PHILOSTORGII

3575 317 3680 370 διδ

418 464 543 520 quae
567 446 667 517 ipsi
717 446 979 516 imperata
1022 453 1256 506 merant,
1296 457 1484 497 verum
1539 442 1702 496 etiam
1734 440 1998 496 audacius

2131 455 2206 490 ων
2251 434 2635 507 μετριώτερον,
2673 431 2808 485 ἀλλὰ
2837 431 2931 484 καλ⁸
2970 429 3303 502 θρασύτερον
3336 429 3430 484 καὶ
3462 417 3696 501 φρονῶν¹

417 555 588 611 agens
609 552 673 592 ac
695 537 951 596 sentiens.
982 551 1108 591 cum
1145 537 1381 590 venisset
1410 534 1773 599 Antiochiam,
1805 533 1858 586 in
1889 546 1995 602 qua

364 639 393 676 ι
421 631 609 686 Gallus
653 629 986 690 morabatur,
1037 643 1104 681 ne
1146 627 1579 697 inconspectum
1608 625 1832 696 quidem
1875 625 1996 694 ejus

420 721 609 774 venire
637 719 917 773 sustinuit.
948 717 1123 783 Quam
1158 717 1228 771 ob
1258 733 1502 781 causam,
1535 727 1589 770 et
1619 716 1689 770 ob
1714 717 1819 770 alia
1851 730 1989 784 qum-

415 810 544 864 dam
579 824 695 878 quae
744 807 1070 872 inciderant,
1100 807 1288 864 Gallus
1317 807 1652 878 praelectum,
1689 817 1748 861 ut
1771 807 2001 862 insolen-

421 908 529 952 tem
572 908 627 952 et
657 901 1056 964 contumacem,
1087 890 1331 952 extremo
1370 899 1636 968 supplicio
1667 899 1875 952 allicere
1906 899 1999 952 de-

422 992 613 1056 crevit,
643 1001 697 1045 et
727 991 992 1044 Montium
1031 991 1098 1044 ad
1148 990 1313 1059 hujus
1337 991 1529 1060 judicii
1564 990 1877 1045 societatem
1911 1004 2001 1043 as-

423 1097 690 1137 sessorem
715 1082 820 1137 sibi
843 1082 1159 1152 assumpsit.
1184 1080 1283 1136 Hic
1300 1098 1453 1146 vero,
1484 1083 1836 1138 immoderata
1868 1097 2001 1137 usus

424 1173 769 1238 conﬁdentia,
796 1172 1005 1227 Gallum
1046 1175 1130 1228 his
1152 1175 1333 1228 verbis
1361 1173 1706 1243 compellavit
1731 1189 1743 1225 :
1802 1170 1878 1226 Ne
1905 1187 2002 1225 cu-

426 1274 665 1318 ratorem
719 1266 941 1335 quidem
994 1265 1145 1320 urbis
1175 1266 1273 1320 tibi
1331 1281 1524 1321 creare
1556 1266 1702 1322 licet.
1753 1265 2001 1330 Quonam

429 1357 596 1425 igitur
648 1355 811 1410 modo
844 1355 1159 1426 prrel'ectum
1201 1357 1438 1426 praetorii
1476 1370 1664 1426 posses
1716 1355 2004 1410 occidere?

429 1445 640 1512 Quibus
688 1446 872 1502 verbis
914 1456 1237 1516 exasperata
1285 1445 1606 1501 Constantia
1662 1461 1800 1499 uxor
1837 1444 1998 1508 Galli,

430 1537 577 1607 quod
599 1537 811 1600 Gallus,
846 1539 938 1607 qui
973 1546 1026 1592 et
1055 1537 1238 1593 Caesar
1269 1547 1321 1592 et
1342 1539 1600 1608 Augustae
1629 1539 1859 1591 maritus
1892 1545 2007 1590 erat

441 1631 606 1700 (hanc
635 1631 779 1685 enim
812 1621 1126 1700 dignitatem
1155 1646 1183 1683 a
1213 1640 1364 1699 patre
1391 1633 1506 1699 ipsa
1524 1628 2008 1698 acceperat),ejus-

441 1723 588 1776 modi
650 1722 980 1776 contumelia
1035 1721 1355 1785 afﬁceretur,
1409 1723 1524 1790 ipsa
1581 1721 1696 1775 suis
1753 1721 2005 1775 manibus

2098 529 2190 582 καὶ
2223 526 2498 598 πράττων,
2549 523 2670 576 οὐδὲ
2703 522 3145 593 παραγενόμενος
3195 524 3275 586 εἰς
3323 513 3703 592 Ἀντιόχειαν(

2098 619 2225 674 ἔνθα
2266 617 2531 690 διέτριϐεν
2570 619 2598 670 6
2623 615 2842 677 Γάλλος,
2873 614 2981 666 οὐδ’
3017 616 3096 677 εἰς
3135 614 3259 683 ὄψιν
3290 613 3458 667 αὐτοῦ
3505 612 3684 666 ἐλθεῖν

2096 711 2444 774 κατεδέξατο.
2491 709 2581 776 Ἐξ
2613 704 2681 781 ἧς
2709 707 2888 771 αἰτίας
2915 707 3012 760 καὶ
3050 707 3252 778 ἑτέρων
3295 706 3685 778 πνεπιρρυένο

2104 819 2246 865 των,
2300 800 2515 870 θανάτῳ
2563 799 2654 851 τὸν
2703 797 2962 869 ὑϐριστὴν
3007 797 3283 868 μετελθεῖν
3341 796 3682 855 ἐϐουλεύετο,

2099 893 2194 944 καὶ
2218 893 2307 943 τὸν
2345 890 2576 944 Μὸντιον
2611 890 2684 960 (5)
2716 889 2970 942 κοινωνὸν
3014 887 3267 958 γενέσθαι
3305 888 3407 958 τῆς
3449 889 3718 958 κρίσεως

2101 981 2538 1052 παρελάμϐανεν.
2589 981 2646 1032 '0
2673 981 2729 1034 δὲ
2763 979 2994 1051 θράσους
3021 981 3257 1052 ἀμετρίᾳ
3295 981 3645 1052 χρησάμενος
3665 996 3678 1006 ·

2099 1071 2239 1126 Οὐδὲ
2292 1072 2585 1142 λογιστὴν,
2643 1072 2927 1136 ἀντεῖπεν,
2988 1070 3163 1136 ἒξεστί
3205 1089 3286 1124 σοι
3335 1072 3689 1143 προχειρισα-

2104 1164 2228 1218 σθαι
2259 1165 2359 1234 (4),
2395 1166 2489 1217 καὶ
2540 1162 2657 1226 πῶς
2695 1162 2760 1216 ἂν
2791 1164 3137 1234 πραιτωρίων
3191 1162 3430 1233 ἔπαρχον
3479 1163 3689 1216 ἀνελεῖν

2101 1256 2318 1322 δύναιο;
2358 1257 2471 1325 Ἐφ’
2497 1250 2579 1319 οἷς
2608 1257 2641 1325 ή
2663 1254 2866 1308 Γάλλου
2899 1255 3035 1323 γυνὴ
3063 1255 3418 1308 Κωνσταντία
3437 1254 3512 1324 (α)
3537 1271 3690 1327 περι-

2100 1348 2276 1419 αλγὴς
2303 1347 2587 1417 γενομένη,
2617 1348 2665 1399 ει
2691 1344 2862 1408 οὕτως
2887 1347 2914 1398 6
2936 1345 3136 1408 Γάλλος
3155 1345 3372 1416 Καῖσάρ
3399 1361 3461 1396 τε
3492 1343 3569 1396 ὢν
3599 1346 3689 1396 καὶ

2104 1443 2421 1512 Αὑγούστης
2453 1441 2592 1511 ἀνὴρ
2629 1438 2883 1510 (καὶγὰρ
2928 1438 3066 1509 αὓτη
3111 1437 3378 1508 πατρόθεν
3422 1433 3493 1508 ἦν
3539 1436 3687 1490 δεδε-

2107 1536 2282 1605 γμένη
2329 1535 2388 1586 τὺ
2426 1532 2664 1603 ἀξίωμα)
2701 1531 3175 1601 προπηλακίζοιτο,
3226 1531 3363 1600 αὑτὴ
3395 1530 3463 1582 δι’
3495 1530 3693 1597 ἑαυτῆς

2107 1627 2525 1697 ἐπισπασαμένη
2569 1624 2659 1677 τὸν
2696 1625 2925 1678 Μὸντιον
2959 1627 3069 1686 τοῖς
3114 1621 3433 1692 δορυφόροις
3476 1622 3693 1674 ἐκδίδω-

2111 1736 2214 1771 σιν.
2235 1719 2397 1770 Ὥστε
2427 1717 2523 1788 τὴν
2549 1716 2811 1786 ταχίστην
2833 1714 3138 1786 ἀραμένους
3164 1714 3299 1786 πρὸς
3325 1714 3416 1765 τὸν
3440 1717 3695 1783 Δομετια-

435 1813 701 1868 Montium
734 1827 799 1866 ex
840 1813 1100 1865 tribunali
1132 1813 1436 1866 detractum
1467 1811 1865 1880 protectoribus
1898 1820 2008 1864 tra-

2129 1811 2195 1864 νδν
2223 1809 2570 1880 ἀποκομίσαι.
2603 1810 2867 1862 Κάκεῖνον
2896 1809 3352 1870 κατασπάσαντας
3372 1806 3467 1859 τοῦ
3480 1807 3691 1877 θρόνου,

435 1906 594 1959 didit.
639 1903 744 1970 Qui
788 1902 1074 1958 confestim
1106 1919 1228 1957 eum
1261 1902 1592 1972 abripientes
1623 1901 1687 1955 ad
1721 1900 2010 1955 Domitiani

435 1997 752 2066 praetorium
781 1995 1158 2064 deportarunt.
1185 1991 1434 2061 Cumque
1460 1993 1609 2045 illum
1634 1991 1799 2046 etiam
1828 2008 1891 2044 ex
1915 1993 2011 2046 tri-

439 2088 620 2142 bunali
665 2088 1046 2145 detraxissent,
1102 2084 1293 2139 ambos
1351 2083 1571 2138 funibus
1624 2085 1690 2137 ad
1730 2082 2014 2152 utriusque

2107 1903 2274 1970 ἄμφω
2303 1902 2533 1972 σχοίνοις
2570 1901 2679 1952 τῶν
2722 1899 2900 1952 ποδῶν
2935 1898 3326 1970 ἐξαψαμένους,
3363 1901 3574 1961 κακοὺς
3601 1916 3696 1951 κα-

2110 1993 2221 2058 κῶς
2251 1994 2532 2047 ἀπολέσαι.
2567 1994 2679 2046 Καὶ
2733 1991 2891 2044 τοῦτο
2935 1991 3127 2044 θᾶττον
3167 1990 3440 2062 ἐπράχθη,
3478 2007 3696 2043 συνεπι-

2110 2084 2438 2155 ψηφίζοντος
2468 2085 2562 2139 καὶ
2590 2083 2683 2137 τοῦ
2711 2083 2934 2137 Γάλλου.

436 2180 601 2249 pedes
651 2179 898 2244 aduexis,
930 2177 1296 2232 miserandum
1333 2177 1386 2230 in
1449 2176 1670 2231 modum
1721 2177 2134 2233 interemerunt.
2166 2177 2330 2248 quue
2377 2179 2627 2234 celeriter
2681 2177 2884 2233 factum
2931 2185 3047 2242 est,
3096 2176 3476 2230 consentiente
3540 2172 3697 2228 etiam

436 2275 612 2330 Gallo.

893 2383 983 2438 ex
1013 2382 1218 2438 ωειιο
1249 2381 1555 2451 QUARTO.

508 2503 562 2557 1.
596 2500 738 2556 Galli
766 2501 952 2554 caedes.
977 2528 1046 2538 -—
1071 2498 1444 2563 Constantius,
1471 2514 1593 2551 cum
1618 2513 1680 2551 ea
1712 2513 1832 2566 qure
1859 2496 2009 2551 Mon-

439 2593 516 2647 tio
539 2609 602 2648 ac
623 2592 933 2646 Domitiano
961 2591 1290 2654 acciderant,
1310 2591 1682 2658 comperisset,
1705 2590 1783 2643 ira
1811 2605 2012 2644 excau-

439 2686 668 2739 descens
705 2682 915 2736 Gallum
960 2683 1025 2736 ad
1058 2698 1116 2736 se
1145 2682 1409 2736 evocavit.
1444 2679 1541 2735 llic
1570 2696 1720 2744 vero,
1747 2682 1848 2736 etsi
1880 2682 2014 2735 nihil

440 2775 570 2829 boni
614 2774 680 2828 de
731 2775 831 2826 hac
874 2773 1190 2826 evocatione
1241 2773 1631 2838 suspicaretur,
1682 2783 1860 2824 tamen
1898 2787 2014 2825 me-

441 2877 602 2920 tuens
633 2879 718 2926 ne,
763 2863 809 2917 si
845 2872 1170 2925 recusasset,
1211 2863 1411 2915 bellum
1451 2861 1608 2916 civile
1641 2875 2012 2916 commovere-

443 2967 552 3020 tur,
599 2953 868 3008 mandatis
902 2951 1319 3021 obtemperavit.
1359 2952 1687 3023 Antegressa
1718 2968 1896 3006 autem
1935 2959 2020 3006 est

441 3043 782 3108 Constantia,
809 3042 959 3112 prior
992 3041 1217 3096 fratrem
1243 3043 1534 3096 convenire
1566 3043 1810 3101 studens.
1839 3052 1892 3096 et
1922 3057 2020 3112 pro

2386 2381 2477 2434 ΕΚ
2520 2381 2655 2432 ΤΙΙΣ
2685 2378 3050 2433 ΤΕΤΑΡΤΗΣ
3090 2379 3422 2431 ῙΣΤΟΡῘΑΣ.

2187 2500 2256 2547 α’.
2283 2493 2451 2546 ’Ὀτιὸ
2472 2491 2847 2553 Κωνστάντιος
2881 2489 3067 2561 μαθὼν
3101 2490 3170 2543 τὰ
3204 2491 3327 2561 περὶ
3345 2489 3582 2543 Μόντιον
3610 2491 3701 2543 καὶ

2117 2583 2442 2655 Δομετιανὸν
2493 2582 2898 2653 συνενεχθέντα,
2959 2585 3052 2636 καὶ
3105 2584 3272 2656 ὀργῆς
3309 2583 3699 2654 ἀναπλησθεὶς,

2121 2678 2471 2748 μετεκαλεῖτο
2517 2675 2608 2728 τὸν
2639 2675 2858 2729 Γάλλον.
2912 2675 2971 2728 '0
2996 2675 3074 2741 δὲ,
3117 2677 3216 2746 τὴν
3249 2674 3347 2744 μὲν
3382 2674 3579 2744 κλῆσιν
3605 2675 3702 2726 οὐκ

2116 2767 2201 2819 ἐπ’
2248 2765 2439 2836 ἀγαθῷ
2474 2764 2749 2818 συλλαϐὼν
2775 2765 2874 2834 (5),
2925 2764 3322 2833 εὐλαϐούμενος
3344 2763 3400 2817 δὲ
3434 2765 3508 2834 μὴ
3541 2765 3701 2816 πόλε-

2122 2875 2220 2928 μος
2252 2857 2643 2928 ἀπειθήσαντας
2666 2859 2944 2930 ωρραγῇ,
2978 2856 3072 2910 τοῦ
3103 2856 3524 2927 προστάγματος
3562 2857 3704 2924 γίνε-

2117 2968 2208 3002 ται
2222 2951 2319 3020 (ὃ).
2340 2948 2678 3020 Προεξώρμα
2704 2949 2760 3002 δὲ
2787 2949 2881 3002 καὶ
2901 2950 2933 3019 ἡ
2956 2949 3330 3010 Κωνσταντία,
3349 2951 3698 3018 προεντυχεῖν

2123 3041 2431 3095 σπεύδουσα
2458 3040 2534 3112 τῷ
2556 3041 2788 3112 ἀδελφῷ,
2813 3041 2906 3094 καὶ
2925 3039 3240 3094 αἰδέσασθαι
3269 3040 3428 3092 αὐτὸν
3451 3040 3592 3110 ὑπὲρ
3611 3039 3702 3092 τοῦ

445 3136 640 3191 marito
669 3149 791 3188 eum
826 3149 1076 3188 exorare.
1129 3131 1234 3187 Sed
1262 3148 1387 3187 cum
1423 3132 1732 3204 Bithyniam
1759 3135 2015 3199 venisset,

2129 3133 2335 3204 ἀνδρός.
2391 3131 2530 3185 Ἀλλ’
2576 3131 2716 3202 αὕτη
2768 3133 2884 3203 μὲν,
2939 3131 3080 3185 κατά
3119 3131 3371 3185 Βιθυνίαν
3411 3133 3701 3202 γενομένη,

445 3230 544 3282 viae
567 3227 730 3283 simul
760 3241 824 3281 ac
842 3226 965 3280 vitae
989 3225 1108 3294 ejus
1135 3241 1355 3281 cursum
1378 3227 1657 3294 repentina
1680 3241 1827 3280 mors
1853 3227 2019 3280 inter-

445 3313 611 3384 rupit.
645 3312 764 3379 Quo
797 3329 929 3368 casu
959 3312 1166 3381 Gallus,
1204 3314 1258 3366 in
1303 3313 1608 3383 graviorem
1655 3325 1860 3369 metum
1888 3330 2019 3370 con-

446 3407 641 3474 iectus,
690 3404 928 3474 priorem
995 3414 1176 3459 tamen
1229 3404 1557 3458 sententiam
1608 3419 1716 3459 non
1765 3407 2016 3458 mutavit.

449 3497 729 3551 Profectus
762 3505 846 3551 est
873 3506 1053 3550 autem
1089 3513 1196 3550 una
1225 3512 1349 3551 cum
1382 3497 1476 3550 illo
1497 3496 1660 3550 etiam
1685 3494 2020 3563 Theophilus

449 3591 630 3645 ludus.
682 3588 854 3644 Porro
881 3605 1002 3644 cum
1037 3587 1224 3644 Gallus
1279 3589 1332 3642 iu
1367 3587 1624 3642 Noricum
1660 3586 1916 3648 venisset,
1955 3603 2020 3640 ex

449 3683 582 3736 urbe
608 3681 911 3736 Mediolano
962 3681 1016 3735 in
1055 3697 1161 3750 qua
1214 3688 1328 3734 tum
1384 3679 1612 3749 degebat
1644 3676 2020 3743 Constantius,

451 3774 653 3829 missus
685 3783 770 3828 est
813 3771 1064 3827 Barbatio
1099 3772 1356 3842 magister
1385 3771 1642 3838 militum,
1691 3769 1784 3840 qui
1818 3779 1872 3824 et
1898 3767 2024 3823 Gal—

2125 3225 2392 3296 ὲπεσχέθη
2421 3224 2500 3294 τῷ
2529 3224 2744 3295 θανάτῳ
2778 3228 2872 3279 καὶ
2909 3226 3010 3296 τῆς
3037 3226 3154 3280 ὁδοῦ
3190 3226 3284 3280 καὶ
3311 3225 3405 3280 τοῦ
3437 3226 3576 3296 βίου.
3613 3227 3703 3291 Ἐξ

2123 3310 2182 3370 οὗ
2229 3317 2323 3370 καὶ
2356 3319 2384 3368 6
2413 3316 2612 3379 Γάλλος
2649 3317 2846 3387 μᾶλλον
2875 3317 2967 3371 τοῦ
2992 3318 3142 3381 δέους
3170 3318 3480 3388 γενόμενος,
3506 3319 3604 3388 τὴν
3649 3319 3704 3383 ἐξ

2125 3408 2299 3478 ἀρχῆς
2326 3407 2551 3478 γνώμην
2588 3409 2736 3478 ὅμως
2775 3409 2836 3461 οὐ
2870 3408 3100 3479 μεθίετο.
3155 3408 3427 3478 Συναπῄει
3465 3407 3510 3461 δ’
3558 3409 3707 3478 αὑτῷ

2125 3499 2220 3549 καὶ
2252 3498 2507 3564 Θεόφιλος
2549 3499 2577 3550 6
2617 3498 2792 3561 Ἰνδός.
2831 3499 2984 3551 Ἐπεὶ
3013 3498 3069 3550 δὲ
3095 3499 3222 3560 τοὺς
3243 3498 3525 3567 Νωρικοὺς
3553 3501 3706 3551 κατέ-

2126 3587 2308 3652 λαϐεν,
2353 3587 2590 3642 ἐνταῦθα
2635 3587 2698 3658 δὴ
2749 3589 2812 3640 ἐκ
2856 3587 3199 3642 Μεδιολάνων
3233 3631 3247 3653 ,
3293 3588 3422 3641 ἔνθα
3461 3589 3650 3658 διῆγεν
3680 3592 3707 3642 6

2126 3677 2524 3740 Κωνστάντιος,
2577 3679 2995 3747 καταπέμπεται
3042 3678 3380 3749 Βαρϐατίων,
3439 3679 3580 3749 ἀνὴρ
3613 3681 3706 3750 τὴν

2129 3767 2498 3839 στρατηγικὴν
2525 3767 2663 3839 ἔχων
2706 3767 2901 3839 ἀρχὴν,
2942 3770 3026 3838 ἐφ’
3072 3763 3117 3838 ᾧ
3160 3769 3250 3823 τὸν
3283 3768 3482 3822 Γάλλον
3510 3769 3706 3838 ἀφελέ-

1675 3941 1918 3985 VALESII
1954 3939 2459 3985 ANNOTATIONES.

523 4073 599 4144 (5)
623 4071 732 4125 Καὶ
771 4071 881 4144 τὸν
912 4073 1192 4144 Μᾴντιον.
1223 4070 1464 4144 Fallitur
1491 4070 1574 4144 vir
1596 4069 1817 4144 doctus,
1849 4069 1941 4144 qui
1972 4070 2028 4124 iu

452 4139 698 4212 margine
746 4143 954 4196 codicis
982 4142 1234 4212 Bocharti
1269 4142 1567 4212 ιιιιηοιιινίι⁸
1590 4139 1733 4212 forte
1781 4142 2028 4195 scriben-

453 4209 597 4266 dum'
619 4227 742 4266 esse
772 4213 1040 4265 Λεόντιον.
1072 4211 1168 4266 Hic
1213 4213 1358 4266 enim
1406 4209 1761 4280 estiMontius
1790 4219 2030 4280 quaestor

455 4285 596 4337 sacri
626 4281 838 4348 Palatii,
877 4283 943 4335 de
981 4299 1089 4351 quo
1118 4283 1440 4351 Ammianus
1469 4279 1818 4351 Marcellinus
1845 4281 2026 4348 loqui-

457 4365 545 4405 tur
579 4353 631 4405 in
670 4354 814 4405 libro
838 4350 1051 4406 decinio
1079 4361 1295 4419 quarto.
1323 4350 1578 4419 Ejusdem
1622 4350 1868 4405 meminit
1897 4351 2032 4405 Gre-

455 4423 644 4492 gorius
679 4421 958 4493 Nyssentts
992 4423 1043 4476 in
1072 4422 1427 4493 liliroprimo
1459 4430 1644 4474 contra
1689 4419 2028 4493 Eunomium,

2137 4069 2351 4125 Gallum
2379 4069 2648 4126 Caesarem
2678 4069 2750 4125 ita
2787 4070 3149 4126 admonebat:
3214 4071 3336 4126 Non
3369 4073 3490 4128 licet
3526 4076 3625 4130 tibi
3651 4092 3706 4128 ne

2137 4152 2434 4214 curatorem
2463 4140 2674 4211 quidem
2688 4143 2841 4214 urbis
2873 4157 3191 4214 promouere,
3214 4154 3406 4214 quanto
3435 4147 3614 4198 minus
3646 4147 3704 4198 li-

2138 4221 2216 4264 cet
2248 4211 2554 4280 prwfectum
2587 4212 2862 4266 occidere?
2885 4211 3176 4282 sciendum
3214 4211 3379 4282 porro
3405 4226 3509 4276 est.
3550 4232 3706 4270 cura-

2136 4291 2285 4336 tores
2331 4282 2609 4335 civitatum
2635 4283 2734 4352 ab,
2755 4282 2890 4352 ipsis
2933 4281 3354 4352 imperatoribus
3395 4286 3704 4352 promoveri

2138 4352 2351 4414 solitos,
2379 4359 2438 4405 ut
2468 4350 2648 4405 notavi
2675 4351 2740 4405 ad
2767 4350 2947 4404 Amm.
2981 4350 3277 4407 Marcellin.
3327 4350 3564 4409 Proinde
3586 4356 3706 4410 Gal-

2137 4421 2244 4482 lus.
2296 4422 2496 4490 Quippe
2542 4422 2634 4490 qui
2675 4423 2971 4489 imperator
3022 4439 3128 4475 non
3173 4434 3343 4489 esset,
3390 4425 3485 4477 sed
3525 4425 3707 4480 Ctesar

457 4491 577 4561 pag.
610 4491 746 4548 294E
796 4492 902 4546 Τοῦ
936 4493 992 4545 δὲ
1024 4493 1152 4563 περὶ
1189 4491 1278 4545 τὸν
1309 4491 1474 4559 ὓπαρκ
1496 4508 1553 4543 ον
1585 4491 1910 4560 Δομετιανὸν
1936 4491 2018 4543 καλ

457 4565 687 4614 Μόντιον
716 4565 883 4614 ἄγους
915 4563 1211 4614 τηνικαῦτα
1240 4511 1619 4614 τολμηθέξιτος.
1650 4570 1754 4614 etc.

2129 4493 2416 4555 duntaxat,
2458 4492 2511 4545 id
2565 4501 2668 4554 est,
2722 4492 3066 4560 imperatoris
3110 4493 3379 4558 minister,
3434 4498 3706 4549 curatoris

2133 4563 2350 4614 creandi
2388 4569 2703 4614 potestatem
2732 4577 2840 4614 non
2871 4561 3122 4614 habebat.

453 4565 687 4618 Μάντιον
716 4565 883 4632 ἄγους
915 4562 1211 4633 τηνικαῦτα
1240 4562 1619 4633 τολμηθέντος,
1650 4570 1754 4614 etc.

529 4635 607 4706 (4)
642 4635 796 4707 οὐδέ
822 4632 1351 4707 λογιστὴνηέξεσςί
1375 4647 1491 4707 σοιΔ
1508 4632 2027 4707 προχειρίσασθαι.

455 4699 613 4760 Hunc
646 4699 829 4760 locum
859 4699 965 4758 non
1001 4699 1264 4757 intellexit
1286 4699 1675 4757 Gothofredus.
1706 4699 1841 4754 Nam
1895 4701 2033 4769 logi-

456 4785 596 4829 stam
645 4776 891 4845 quidem,
929 4774 1289 4845 rationarium
1330 4771 1566 4845 praefecti
1597 4775 1850 4845 praetorio
1873 4770 2032 4845 intel-

455 4846 613 4917 lexit:
635 4841 1087 4917 προχειρίσασθαι
1110 4859 1238 4917 vero
1263 4842 1471 4917 accepit
1489 4857 1584 4917 pro
1603 4841 2025 4917 διαχρήσασθαι,

453 4914 508 4984 id
543 4926 646 4975 est,
681 4910 1003 4984 interﬁcere.
1044 4912 1154 4968 Nos
1177 4913 1289 4980 jam
1319 4910 2030 4984 prideminAnuOtaitiuni-

453 4983 560 5039 bus
585 4986 653 5038 ad
694 4981 890 5039 librum
919 4998 1010 5037 xtv
1039 4983 1309 5036 Ammiani
1339 4981 1654 5044 Marcellini,
1692 4997 1812 5050 pag.
1851 4982 1942 5038 56.
1974 4990 2028 5033 et

458 5055 511 5108 in
544 5055 1004 5108 Aunotationibus
1036 5055 1103 5108 ad
1133 5051 1429 5106 Historiam
1460 5052 1873 5104 ecclesiasticam
1920 5051 2030 5102 Eu-

457 5125 616 5186 sebii,
647 5125 1058 5179 observavimus
1093 5125 1315 5192 lOgistas
1354 5137 1475 5176 esse
1515 5131 1796 5192 curatores
1839 5122 2032 5174 civita-

459 5203 595 5248 tum.
623 5194 1079 5265 Προχειρίσασθαι
1138 5191 1266 5247 vero
1318 5193 1458 5265 idem
1498 5191 1790 5265 essequod
1820 5207 2034 5265 pronio-

456 5281 592 5326 vere,
626 5261 706 5318 vel
740 5261 938 5329 creare,
973 5279 1133 5319 nemo
1163 5273 1246 5317 est
1280 5265 1333 5316 in
1365 5261 1568 5316 Graecis
1596 5261 1789 5316 litteris
1825 5263 2033 5315 medio-

457 5337 623 5390 criter
650 5343 900 5390 versatus
940 5337 1033 5403 qui
1066 5335 1292 5388 nesciat.
1356 5331 1595 5386 Montius
1632 5346 1762 5400 ergo
1794 5341 2035 5400 quaestor

2133 4563 2350 4616 creandi
2388 4569 2703 4629 potestatem
2732 4577 2840 4615 non
2871 4561 3122 4617 habebat.

2202 4633 2279 4752 (ὕέ
2313 4633 2436 4716 Οᾷκ
2577 4630 2772 4700 ἀγαθῷ
2797 4631 3146 4711 συλλαϐών.
3186 4630 3549 4713 Scribendum
3582 4643 3706 4703 puto

2207 4719 2243 4752 υ.
2282 4701 2446 4752 αλων.
2481 4703 2532 4752 id
2566 4711 2666 4752 est.
2700 4711 3016 4752 coniectans.

2133 4719 2196 4755 συ
2206 4700 2446 4772 μὸαλών,
2481 4703 2532 4754 id
2566 4711 2683 4772 est,
2700 4700 3016 4763 coniectans.
3532 4707 3541 4713 '

2211 4770 2285 4842 (6)
2320 4772 2430 4825 Τοῦ
2455 4770 2912 4843 προστάγματος
2939 4771 3184 4840 γίνεται.
3212 4773 3270 4826 1η
3292 4773 3543 4843 margine
3573 4772 3710 4826 codi-

2133 4843 2215 4897 cis
2250 4843 2592 4896 Bochartiani
2624 4842 2941 4894 adnotatum
2974 4851 3058 4895 est
3088 4844 3275 4898 eadem
3305 4842 3494 4908 manu,
3522 4843 3708 4897 deesse

2137 4913 2225 4967 hic
2248 4912 2486 4980 aliquid:
2516 4912 2808 4982 statimque
2837 4911 2944 4964 alia
2972 4927 3135 4966 manu
3165 4913 3436 4982 adjectum
3465 4922 3552 4966 est
3577 4912 3708 4966 forte

2135 4983 2461 5052 πληρωθείς.
2517 4980 2692 5046 Quam
2742 4993 2920 5035 tamen
2963 4980 3332 5051 conjecturam
3377 4998 3486 5036 non
3523 4983 3707 5052 probo.

2135 5051 2324 5122 Neque
2349 5056 2493 5106 enim
2525 5054 2640 5106 haec
2666 5052 2868 5123 locutio
2894 5054 3275 5123 satisrelegans
3306 5054 3442 5106 mihi
3473 5051 3705 5106 videtur.

2136 5123 2405 5176 Existimo
2441 5123 2606 5191 igitur
2629 5122 2763 5175 nihil
2785 5124 2999 5191 deesse.
3035 5122 3131 5178 Est
3151 5122 3303 5177 enim
3332 5124 3539 5177 locutio
3561 5122 3707 5176 fami-

2135 5190 3038 5263 liarisiPhilo’srtorgio._$ic_inl‘ra
3084 5194 3138 5248 in
3176 5193 3280 5248 hoc
3313 5195 3496 5263 capite
3528 5193 3596 5246 de
3628 5209 3704 5263 eu:

2138 5265 2258 5316 dem
2292 5262 2446 5333 Gallo
2487 5254 2648 5315 dicit:
2705 5261 2801 5326 Ἐξ
2830 5254 2890 5314 οὗ
2930 5265 3024 5318 καὶ
3059 5266 3088 5318 6
3129 5263 3326 5328 Γάλλος
3378 5254 3580 5333 μᾶλλον
3623 5259 3707 5312 τοῦ

2137 5332 2290 5395 δέους
2313 5332 2622 5401 γενόμενος.

1921 5487 2202 5533 VARIORU
2209 5491 2252 5533 Μ
2262 5516 2278 5533 ι

526 5621 598 5692 (a)
627 5621 872 5676 Γάλλου
905 5618 1062 5691 γυνὴ
1089 5618 1494 5692 Κῳνστανζζα.
1525 5615 2033 5692 ϐοηειεηιίηἱ-ιὶιίε,

465 5687 716 5762 ideoque,
753 5704 813 5748 ut
841 5687 1077 5753 videtur,
1122 5691 1366 5762 Augusta
1390 5689 1478 5762 hic
1511 5688 1816 5762 appellata;
1864 5687 2037 5740 Anni--

475 5756 711 5820 balliauo
750 5764 903 5835 prius
944 5771 1131 5829 nupta.
1177 5756 1328 5814 lianc
1375 5759 1600 5813 alteram
1642 5756 1920 5827 Megaeram
1947 5772 2040 5811 vo-

2145 5625 2232 5671 cat
2266 5616 2590 5689 Ammianus
2625 5617 2971 5673 Marcellinus
3017 5615 3110 5675 lib.
3171 5633 3263 5672 xw
3308 5619 3504 5676 initio:
3558 5630 3709 5689 quem

2147 5689 2284 5743 vide.
2303 5688 2392 5746 W.
2421 5685 2615 5743 Lowth.
