3828 6302
185 318 284 374 ΒΗ

1204 308 1765 368 ΕΟΩΙᾸΞΞῚΛδΤΙΕᾸΞ
1807 307 2156 367 HISTORIA?
2198 313 2328 370 LIB.
2357 315 2444 370 IV.

3329 289 3436 377 sui

181 435 302 491 σθαι
328 433 427 505 μὲν
455 432 556 504 τῆς
583 430 920 502 άλουργίδος,
947 431 1234 504 ὑπερόριον
1263 433 1319 486 δὲ
1343 435 1486 487 κατά
1513 451 1633 487 τινα
1661 433 1752 504 νῆ-

1877 450 1967 488 υηι
1985 451 2255 506 purpurea
2276 448 2424 496 veste
2444 450 2688 504 exueret,
2711 441 2830 496 etin
2849 439 3140 510 quamdam
3161 439 3439 499 Dalmatia:

181 542 270 577 σον
302 523 379 592 (a)
421 523 520 593 τῆς
562 521 875 592 Δαλματίας
915 523 1268 593 ποιήσασθαι.
1310 524 1368 576 '0
1407 524 1464 578 δὲ
1511 525 1765 594 Θεόφιλος

177 615 367 687 παρὼν
395 615 500 669 οὐκ
529 616 617 669 εἷα
645 614 929 685 προελθεῖν
965 615 1065 685 τὴν
1108 617 1329 688 πρᾶξιν.
1361 618 1474 672 Καὶ
1507 619 1615 689 γάρ
1641 617 1762 672 καθ’

175 707 232 762 ὃν
261 709 454 780 καιρὸν
481 711 700 781 Καῖσαρ
730 709 758 761 ὁ
794 707 996 772 Γάλλος
1027 709 1484 780 κεχειροτόνηται,
1518 709 1626 762 τῶν
1665 725 1763 778 με·

179 801 310 867 ταξὺ
352 799 518 854 αὑτοῦ
563 801 660 854 καὶ
721 800 1102 854 Κωνσταντίου
1148 800 1518 872 προελθόντων
1562 801 1761 871 ὅρκων,

179 895 227 949 οἳ
251 895 352 965 τὴν
376 895 437 947 ὲν
466 895 670 965 ἀμφοῖν
701 892 885 962 φιλίαν
923 894 1101 948 καὶτὸ
1124 896 1254 965 παρ’
1279 895 1439 949 ὲκατέ
1451 912 1541 966 ρου
1578 896 1760 948 ἀνεπι-

183 989 468 1042 ϐούλευτον
515 986 764 1058 ἑκατέρῳ
801 987 1110 1053 διετίθεντο,
1152 987 1318 1050 αὑτὸς
1351 989 1380 1040 ὁ
1427 987 1651 1058 μεσίτης
1671 983 1758 1056 ἦν,

181 1080 273 1134 καὶ
319 1083 350 1134 ό
382 1081 625 1151 συνέχων
667 1080 847 1134 αὑτῶν
889 1079 988 1152 τὴν
1028 1080 1302 1151 ὁμόνοιαν.
1344 1080 1492 1151 Πλὴν
1528 1081 1666 1134 ἀλλά
1697 1098 1762 1148 γε

182 1170 368 1242 μαθὼν
405 1173 435 1225 ό
463 1171 838 1235 Κωνστάντιος
869 1171 967 1243 τὴν
995 1171 1089 1225 τοῦ
1113 1171 1372 1240 Θεοφίλου
1394 1172 1759 1238 ἀποκὼλυσιν,
1785 1221 1791 1228 .

180 1266 384 1318 ἐκεῖνον
418 1264 519 1335 μὲν
560 1263 850 1335 ὑπερόριον
892 1264 1118 1332 ἄγεσθαι
1167 1260 1400 1330 κελεύει,
1447 1263 1538 1318 τὸν
1564 1264 1762 1317 Γάλλον

180 1355 256 1416 είς
295 1353 512 1426 ἰδιώτην
545 1354 621 1424 (7)
665 1354 1151 1424 ἀπογυμνωθέντα,
1198 1354 1638 1426 φρουρησόμενον
1669 1355 1762 1406 ὲκ-

179 1445 494 1517 πέμπεσθαι
524 1445 667 1500 κατά
700 1446 800 1514 τὴν
839 1444 1019 1514 νῆσον.
1054 1445 1312 1509 Εὐσέϐιος
1339 1445 1397 1498 δὲ
1428 1447 1456 1498 ὁ
1487 1444 1758 1514 εὐνοῦχος,

178 1538 234 1601 ὃς
264 1538 348 1601 εἰς
379 1537 480 1608 τὴν
504 1535 599 1589 τοῦ
635 1536 997 1608 πραιποσίτου
1027 1535 1192 1606 τιμὴν
1217 1534 1508 1605 ὲκόεϐήκει
1535 1534 1633 1605 (8),
1671 1531 1762 1588 κάξ

178 1629 224 1681 οἱ
260 1630 361 1681 σὺν
380 1627 551 1699 αὐτῷ,
569 1628 662 1681 τὸν
690 1628 1069 1682 Κωνστάντιον
1094 1628 1173 1680 ἔτι
1201 1627 1595 1696 συνανέφλεγον
1623 1626 1762 1680 κατὰ

178 1719 268 1774 τοῦ
298 1720 530 1784 Γάλλου,
567 1720 801 1783 δεδιότες
835 1719 930 1792 μὴ,
965 1719 1074 1774 τῶν
1104 1721 1280 1791 ὅρκων
1320 1722 1400 1784 εἰς
1430 1719 1761 1790 ἐπιστροφὴν

180 1811 373 1877 ἐλθὼν,
396 1812 510 1883 ἢτὸ
539 1811 633 1866 τοῦ
650 1812 881 1884 αἵματος
909 1811 1159 1882 ὁμόγνιον
1179 1811 1661 1883 αίδεσθε¹ις,άνήσει
1675 1811 1766 1865 τὸν

181 1907 437 1977 Καίσαρα
467 1906 568 1975 τῆς
598 1905 918 1977 ὑπερορίας,
951 1905 1047 1958 καὶ
1073 1906 1214 1974 σφᾶς
1237 1905 1444 1968 ἐκεῖνος
1469 1905 1561 1957 τὸν
1589 1903 1768 1956 κίνδυ-

179 2018 263 2054 νον
288 1997 572 2067 διαφυγὼν
595 2000 798 2062 κακοὺς
819 1997 1004 2062 κακῶς
1025 1998 1298 2051 ἀπολέσει.
1327 1997 1642 2050 Στέλλονται
1667 1997 1770 2050 τοί.

115 2080 128 2089 “
178 2093 359 2162 νυντῇ
391 2090 598 2144 τούτων
632 2090 953 2162 παραδρομῇ
983 2089 1060 2159 (9)
1094 2091 1143 2143 oi
1191 2089 1282 2142 τὸν
1313 2089 1514 2142 Γάλλον
1545 2090 1771 2160 ἁναιρή·

181 2199 397 2246 σοντες·
447 2181 602 2237 οὔπω
628 2183 684 2236 δὲ
711 2183 807 2236 τοῦ
843 2183 1048 2247 πάθους
1083 2183 1460 2253 προελθόντος,
1493 2185 1573 2246 εἰς
1604 2184 1766 2252 μετά-

178 2293 330 2330 νοιαν
375 2276 736 2347 ἐπιστραφεὶς
769 2278 798 2330 ὁ
829 2277 1209 2340 Κωνστάντιος
1239 2275 1458 2346 ἑτέρους
1497 2277 1768 2346 ἐκπέμπει

179 2365 268 2419 τὸν
298 2365 467 2434 φόνον
495 2363 867 2428 κωλύσοντας·
898 2367 1024 2430 τοὺς
1044 2365 1102 2419 δὲ
1128 2368 1175 2419 οξ
1203 2368 1333 2438 περὶ
1361 2367 1618 2420 Εὑσέϐιον
1644 2368 1770 2420 ὑπο-

181 2457 485 2520 ποιοῦνται,
521 2457 596 2527 μὴ
622 2457 752 2528 πρὶν
791 2456 1200 2527 παραγενέσθαι
1229 2456 1294 2528 τῇ
1323 2459 1492 2528 νήσῳ.
1527 2458 1650 2528 μηδ’
1674 2461 1772 2529 ὲμ-

180 2549 410 2615 φανίσαι
443 2550 551 2602 τινί
586 2547 686 2612 τὰς
725 2548 1102 2612 άνακαλούσας
1141 2549 1232 2602 τὸν
1278 2549 1506 2603 θάνατον
1534 2550 1768 2621 ψήφους,

181 2642 307 2710 πρὶν
334 2639 407 2693 ἂν
438 2641 467 2692 ό
503 2639 856 2712 κατακριθεὶς
886 2640 964 2712 τῷ
994 2640 1136 2711 ξίφει
1166 2641 1265 2713 τὴν
1292 2641 1436 2715 ζωὴν
1459 2642 1767 2723 ἀπορρήξῃ.

180 2733 286 2786 Καὶ
308 2733 540 2802 γέγονεν
563 2734 639 2797 ὡς
660 2733 1018 2787 ἐσπούδασαν.
1037 2733 1137 2788 Διά
1156 2733 1314 2788 τοῦτο
1339 2734 1436 2786 καὶ
1468 2735 1770 2800 Ἰουλιανὸς,

181 2825 416 2896 ὕστερον
446 2825 507 2878 τὸ
526 2825 628 2894 τῆς
651 2825 930 2896 βασιλείας
954 2825 1401 2897 περιζωσάμενος
1430 2828 1650 2897 κράτος,
1673 2829 1776 2880 Εὑ-

183 2919 368 2972 σέόιόν
389 2936 450 2972 τε
492 2920 586 2972 καὶ
626 2917 751 2982 τοὺς
798 2920 896 2972 σὺν
941 2919 1088 2990 αὑτῷ
1132 2919 1232 2990 τῆς
1269 2920 1398 2973 περὶ
1423 2919 1514 2974 τὸν
1547 2919 1776 2989 ἀδελφὸν

185 3011 542 3083 παρανομίας
571 3011 728 3083 δίκην
758 3011 1142 3082 εἰσεπράξατο.

1868 525 2101 580 insulam
2135 528 2416 598 relegaret.
2463 530 2664 585 Verum
2695 530 3048 601 TheOphilus,
3097 534 3188 603 qui
3231 534 3438 599 aderat,

1866 633 1981 671 rem
2027 619 2093 673 ad
2123 621 2328 675 exitum
2379 622 2604 692 perduci
2641 623 3064 694 haudquaquam
3115 640 3310 694 passus
3335 635 3440 680 est;

1864 705 1999 762 Nam
2044 724 2153 779 quo
2199 719 2443 782 tempore
2487 711 2674 769 Gallus
2717 713 2900 770 Οεθεειτ
2942 716 3118 771 factus
3167 724 3274 781 est,
3328 716 3444 786 ipse

1862 801 2218 870 jurisjurandi
2255 803 2402 873 quod
2440 804 2580 860 inter
2609 805 2827 860 Gallum
2859 817 2913 862 et
2946 807 3329 862 Constantium
3356 807 3436 860 in-

1863 901 2208 976 tercesserat,
2253 911 2362 965 quo
2402 907 2645 951 mutuam
2706 899 2844 953 inter
2896 915 2954 954 se
2988 900 3310 963 amicitiam,
3341 915 3446 954 nec

1861 983 2092 1039 alterum
2140 986 2297 1041 alteri
2332 1003 2571 1057 unquam
2613 989 2997 1044 insidiaturum
3043 1007 3164 1046 esse
3201 1007 3443 1061 spopon-

1863 1075 2078 1141 derant,
2111 1077 2379 1148 interpres
2413 1079 2610 1146 fuerat,
2646 1090 2700 1135 et
2732 1091 2978 1136 mutuam
3015 1082 3154 1137 inter
3181 1097 3277 1137 eos
3308 1098 3442 1137 con-

1862 1169 2452 1232 cordiamlcontinebat.
2473 1172 2827 1228 Constantius
2857 1173 3044 1244 igitur,
3063 1175 3130 1228 de
3149 1173 3440 1244 Theophili

1863 1259 2259 1316 intercessione
2283 1264 2482 1318 certior
2506 1264 2701 1330 factus,
2720 1281 2843 1318 eum
2863 1266 3081 1335 quidem
3104 1266 3157 1318 in
3188 1266 3444 1321 exsilium

1865 1355 2003 1408 mitti
2037 1356 2312 1425 praecepit,
2348 1356 2561 1412 Gallum
2594 1373 2721 1412 vero
2748 1374 2986 1427 purpura
3019 1359 3302 1424 nudatum,
3331 1361 3444 1428 pri-

1863 1447 1974 1500 vati
2024 1447 2213 1502 habitu
2249 1448 2304 1502 in
2348 1450 2582 1504 insulam
2614 1450 2910 1518 deportari,
2963 1451 3072 1504 illic
3105 1466 3136 1504 a
3179 1451 3444 1508 militibus

1863 1538 2300 1593 custodiendum.
2368 1539 2538 1594 Porro
2580 1539 2847 1594 Eusebius
2909 1546 3194 1594 eunuchus
3233 1541 3326 1610 qui
3377 1541 3447 1595 ad

1862 1630 2142 1699 υνξεροείῑί
2186 1631 2503 1700 dignitatem
2537 1642 2755 1687 evectus
2781 1631 2978 1696 fuerat,
3021 1643 3074 1688 et
3119 1634 3154 1687 ii
3189 1634 3282 1702 qui
3315 1649 3440 1688 cum

1867 1718 1961 1771 illo
1997 1729 2172 1782 erant,
2217 1720 2521 1774 Constantii
2551 1721 2792 1774 animum
2835 1721 3013 1775 adhuc
3053 1723 3226 1791 magis
3254 1723 3446 1776 incita-

1869 1819 1996 1864 runt
2024 1812 2286 1868 adversus
2320 1811 2531 1868 Gallum
2565 1829 2576 1864 ε
2613 1823 2914 1867 metuentes
2944 1815 3168 1877 scilicet,
3200 1829 3268 1868 ne
3303 1814 3448 1868 Con-

1864 1905 2100 1960 stantius
2130 1915 2226 1958 aut
2263 1905 2648 1974 jusjurandum
2701 1906 2751 1958 in
2802 1906 3124 1960 memoriam
3159 1921 3448 1968 revocans,

1867 1997 2438 2067 autpropinquitatem
2463 1997 2748 2067 sanguinis
2769 1998 3056 2059 reveritus,
3081 1996 3352 2052 Caesarem
3378 1997 3447 2051 ab

1867 2092 2062 2147 exsilio
2093 2098 2396 2152 revocaret,
2419 2105 2554 2144 neve
2589 2089 2776 2144 Gallus
2805 2103 2870 2143 ex
2900 2104 2964 2144 eo
2986 2089 3303 2144 discrimine
3324 2092 3449 2144 ela-

1869 2202 2023 2257 psus,
2057 2186 2203 2254 ipsos
2235 2185 2406 2238 malos
2427 2185 2565 2238 male
2593 2185 2861 2253 perderet.
2892 2181 3096 2236 llorum
3122 2183 3282 2252 igitur
3304 2181 3454 2236 frau-

1871 2277 2037 2332 dibus
2061 2286 2226 2345 atque
2249 2275 2485 2340 insidiis,
2509 2275 2660 2330 missi
2681 2286 2803 2331 sunt
2829 2275 2921 2344 qui
2951 2273 3162 2328 Gallum
3183 2274 3456 2329 interfice-

1872 2377 2013 2422 rent.
2050 2367 2208 2421 C:I.-de
2251 2375 2428 2420 tamen
2467 2365 2704 2418 nonduin
2753 2372 3082 2433 perpetrata,
3131 2364 3452 2432 pmnitcntia

1873 2461 2070 2515 ductus
2115 2459 2469 2513 Constantius
2518 2458 2654 2511 alios
2699 2457 2848 2510 misit
2885 2455 2979 2525 qui
3023 2455 3226 2509 caedem
3273 2455 3456 2523 prohi-

1874 2552 2084 2606 berent.
2109 2549 2306 2604 Verum
2341 2548 2604 2602 Eusebius
2631 2548 2751 2602 istis
2805 2545 3074 2616 persuasit
3107 2562 3174 2598 ne
3204 2545 3270 2599 ad
3305 2549 3454 2600 insu-

1876 2643 1982 2698 lam
2017 2643 2356 2706 aceederent,
2387 2656 2519 2694 neve
2557 2641 2818 2710 principis
2858 2639 3181 2707 rescriptum
3209 2652 3319 2706 quo
3345 2651 3454 2691 cae-

1875 2736 1972 2791 des
2013 2734 2151 2790 Galli
2204 2734 2570 2797 inhibebatnr,
2613 2732 2869 2801 cuiquam
2917 2731 3237 2800 evulgarent
3282 2727 3453 2797 prius,

1875 2845 2037 2900 quam
2071 2828 2254 2884 Gallus
2277 2827 2456 2896 gladio
2482 2827 2646 2879 vitam
2675 2824 2923 2879 liniisset.
2953 2823 3115 2893 quue
3145 2823 3216 2876 ita
3243 2830 3456 2890 gestum

1877 2933 1963 2979 est
2006 2932 2065 2975 ut
2121 2921 2222 2990 ipsi
2275 2917 2449 2973 moliti
2496 2917 2730 2970 fuerant.
2796 2913 3160 2981 Quamobrem
3207 2910 3457 2965 Julianus

1878 3022 2068 3084 postea
2111 3010 2400 3080 imperium
2442 3008 2692 3076 adeptus,
2737 3005 3032 3060 Eusebium
3062 3019 3126 3058 ac
3175 3002 3355 3058 socios
3388 3001 3458 3056 ob

1793 3114 1836 3171 C
1870 3108 2128 3173 injustam
2167 3102 2304 3157 Galli
2340 3100 2538 3155 caedem
2573 3098 2786 3167 capitali
2815 3098 3078 3168 supplicio
3104 3097 3298 3152 aﬂecit.

253 3190 321 3263 β’.
355 3193 434 3246 Τὸ
475 3192 658 3264 μέντοι
691 3209 754 3260 γε
785 3191 951 3262 βάρος
975 3192 1077 3262 τῆς
1109 3191 1286 3263 ἀρχῆς
1317 3191 1771 3262 ὑπολογιζόμενος

185 3288 212 3340 δ
234 3285 640 3348 Κωνστάντιος,
677 3285 770 3336 καὶ
795 3283 870 3346 ὡς
899 3283 997 3352 οὑχ
1019 3278 1132 3346 οἷός
1163 3299 1221 3334 τε
1255 3283 1340 3351 εἴη
1374 3282 1533 3352 μόνος
1561 3283 1770 3353 φέρειν,

189 3377 482 3432 Ἰουλιανὸν
519 3377 612 3430 τὸν
645 3377 870 3444 ἀδελφὸν
895 3377 1096 3430 Γάλλου
1130 3378 1230 3446 τῆς
1257 3375 1463 3438 Ἰωνίας
1491 3392 1772 3446 μεταπεμ-

185 3470 454 3541 φάμενος,
510 3472 808 3541 χειροτονεί
871 3467 1146 3540 Καίσαρα,
1206 3467 1424 3536 Ἑλένην
1468 3467 1616 3538 αὑτῴ
1673 3467 1772 3536 τὴν

188 3566 326 3618 ἰδίαν
377 3562 618 3636 ἀδελφὴν
660 3565 739 3626 εἰς
791 3564 1026 3631 γυναῖκα
1061 3560 1602 3629 κατεγγυησάμενος.
1663 3559 1774 3612 Καὶ

185 3659 275 3710 τὸν
310 3657 416 3727 μὲν
453 3656 552 3719 τὰς
601 3655 832 3719 Γαλλίας
880 3654 1173 3724 φυλάττειν
1201 3652 1514 3724 ἐκπέμπει·
1543 3651 1775 3723 καὶγὰρ

181 3751 303 3806 λίαν
334 3749 670 3821 ἐτετάρακτο
695 3748 762 3802 τά
799 3749 947 3820 τῇδε.

256 3935 328 3997 γ’.
360 3928 538 3992 Αὑτὸς
567 3927 624 3980 δὲ
653 3930 710 3982 ὲν
741 3927 952 3998 Σιρμίῳ
974 3929 1438 3999 παραγενόμενος,
1467 3931 1652 4000 διῆγεν
1674 3950 1686 3962 ·
1716 3933 1776 3985 ἐν

190 4013 234 4089 ᾧ
262 4022 360 4075 καὶ
390 4020 483 4074 τὸν
506 4020 725 4092 Ῥώμης
749 4020 1330 4092 ὲπίσκοπονΛιὸέριον,
1358 4024 1463 4076 ὑπὸ
1491 4025 1776 4095 Ῥωμαίων

191 4113 629 4184 ἐπιζητούμενον
659 4113 882 4183 σφόδρα,
914 4113 1014 4184 τῆς
1045 4113 1222 4183 φυγῆς
1252 4114 1479 4182 κατάγει
1510 4115 1606 4168 καὶ
1637 4117 1774 4169 ἀποο

191 4203 379 4258 δίδωσι
403 4207 520 4266 τοῖς
547 4203 952 4274 αἰτησαμένοις.
1003 4205 1315 4274 Τηνικαῦτα
1345 4205 1402 4258 δὲ
1433 4200 1588 4269 οὗτός
1621 4224 1775 4278 φησι,

195 4297 291 4352 καὶ
329 4295 590 4366 Λισέριον
635 4295 776 4350 κατὰ
810 4295 906 4350 τοῦ
948 4297 1236 4369 ὁμοουσίου
1267 4298 1380 4370 (10)
1414 4300 1508 4353 καὶ
1545 4300 1650 4372 μὴν
1683 4303 1778 4355 καὶ

1946 3199 2002 3252 2.
2052 3194 2304 3248 Julianus
2333 3191 2507 3245 Cwsat
2568 3190 2622 3242 in
2657 3187 2861 3242 Gallias
2910 3189 3122 3243 missus.
3175 3219 3240 3228 —
3286 3186 3460 3242 Porro

1875 3288 2234 3346 Constantius
2269 3286 2466 3339 molem
2505 3283 2672 3337 totius
2717 3283 2931 3352 imperii
2971 3283 3344 3344 considerans,
3383 3295 3460 3337 -et

1875 3383 2025 3441 quod
2055 3381 2204 3436 solus
2239 3379 2352 3442 ipse
2387 3377 2435 3430 ei
2481 3376 2850 3432 sustentandae
2877 3375 3303 3444 haudquaquam
3344 3375 3461 3430 sul-

1879 3476 2080 3536 ﬁceret,
2121 3471 2399 3526 lulianum
2434 3467 2571 3522 Galli
2623 3467 2868 3528 fratrem,
2914 3481 2978 3520 ex
3024 3466 3170 3520 lonia
3200 3467 3456 3528 accitum,

1875 3568 2146 3624 Cursarem
2183 3562 2484 3623 constituit,
2522 3557 2721 3614 llelena
2761 3574 2949 3613 sorore
2981 3574 3079 3612 sua
3101 3559 3148 3612 ei
3177 3559 3229 3612 in
3255 3559 3454 3626 conju-

1879 3662 2026 3731 gium
2060 3659 2207 3713 data.
2253 3657 2323 3709 At
2351 3654 2628 3708 lulianum
2656 3651 2875 3721 quidem
2907 3651 2972 3703 ad
3007 3649 3310 3704 custodiam
3337 3648 3464 3703 Gal-

1880 3751 2077 3804 liarum
2107 3745 2359 3816 protinus
2382 3744 2563 3807 misit;
2597 3757 2720 3796 nam
2750 3741 2802 3794 in
2835 3741 2942 3794 illis
2971 3741 3216 3810 partibus
3245 3756 3332 3796 res
3361 3739 3456 3793 ad-

1881 3843 2104 3898 modum
2131 3839 2458 3910 perturbatze
2483 3844 2661 3890 erant.

1952 3937 2004 3990 5.
2044 3933 2239 3988 Liberii
2280 3930 2494 4000 Osiique
2532 3929 2736 3998 lapsus.
2774 3957 2848 3971 —
2879 3927 2996 3998 Ipse
3026 3943 3155 3982 vero
3198 3927 3460 3986 Sirmium

1888 4027 2163 4098 profectus
2194 4025 2303 4079 illic
2331 4023 2610 4078 consedit:
2641 4037 2755 4092 quo
2786 4020 3004 4089 quidem
3037 4029 3276 4088 tempore
3297 4022 3458 4076 etiam

1886 4117 2159 4172 Liberium
2207 4115 2523 4185 episcopum
2560 4114 2714 4168 urbis
2758 4111 2965 4173 Romae.
3016 4125 3178 4179 quem
3229 4108 3462 4165 Romani

1886 4227 2102 4267 summo
2121 4209 2300 4264 studio
2318 4207 2650 4275 ﬂagitabant,
2682 4204 2750 4258 ab
2773 4204 2965 4259 exsilio
2983 4213 3293 4259 revocatum
3325 4203 3463 4260 civi-

1885 4305 1989 4359 bus
2038 4303 2154 4358 suis
2191 4301 2426 4355 reddidit
2465 4300 2598 4368 (ll).
2647 4296 2801 4350 Tunc
2828 4297 2991 4352 etiam
3031 4297 3279 4350 eumdem
3309 4295 3466 4351 Libe-

197 4391 339 4445 κατά
366 4406 435 4459 γε
465 4389 562 4443 τοῦ
611 4390 929 4444 Ἀθανασίου
963 4391 1277 4464 ὑπογράψαι
1297 4411 1311 4425 ο
1361 4393 1563 4464 ὁμοίως
1600 4395 1656 4448 δὲ
1683 4396 1770 4448 καὶ

1884 4399 2048 4458 rimn,
2095 4405 2148 4450 et
2195 4407 2301 4448 una
2345 4407 2470 4446 cum
2514 4390 2606 4444 illo
2651 4389 2841 4444 Osium
2887 4389 3225 4459 episcopum,
3275 4400 3464 4444 contra

1435 4569 1676 4615 VALESII
1717 4569 2218 4617 ANNOTATIONES.

266 4695 348 4765 (7)
389 4693 505 4749 Τὸν
525 4694 772 4750 Γάλλον
804 4689 1412 4765 εῑςῄιδιώτην.νΡῐο(ξυ1
1442 4693 1611 4750 dubio
1642 4698 1781 4751 scri-

201 4761 441 4837 bendum
467 4775 570 4828 est,
619 4767 710 4837 τὸν
737 4766 794 4819 δὲ
824 4761 1046 4830 Γάλλον,
1093 4761 1154 4818 ut
1195 4764 1247 4818 in
1295 4767 1544 4837 margine
1575 4769 1782 4823 codicis

199 4835 555 4891 Bocbartiani
582 4836 894 4890 adnotatur.

268 4907 349 4978 (8)
381 4907 491 4978 E_lq
519 4907 635 4975 τὴν
654 4906 764 4978 ,τοῦ
796 4904 1192 4978 «patr-cogitet)
1237 4903 1418 4974 τιμὴν
1455 4905 1784 4973 ἐκϐεὸήκει.

200 4976 382 5032 Codex
413 4976 666 5047 Bocharti
702 4976 863 5031 habet
891 4976 1166 5047 ὲόεὸήζει.

270 5048 348 5119 (9)
380 5045 461 5114 Τῇ
500 5048 727 5119 τούτων
754 5043 1122 5119 παραδρομῇ.
1155 5045 1515 5119 Scribendum
1546 5054 1629 5119 est
1653 5059 1782 5114 pro-

198 5115 287 5175 cul
326 5115 502 5172 dubio
535 5117 858 5188 περιδρομῇ.
890 5115 985 5188 Est
1015 5115 1195 5170 autem
1219 5115 1524 5186 περιδρομή
1548 5116 1784 5188 circum-

198 5192 469 5253 cursatio,
498 5190 581 5242 vel
607 5184 863 5242 ambit—us.
920 5185 1126 5240 Glossa:
1154 5184 1395 5256 veteres,
1422 5184 1786 5256 περιδρομεὺς

197 5261 541 5321 ωηὸὶιίοηα,
590 5257 914 5331 περιδρομή,
963 5258 1211 5310 ambitus.
1269 5255 1436 5310 llecte
1485 5254 1648 5326 igitur
1677 5254 1787 5308 Lu-

1887 4712 1982 4751 cas
2009 4694 2325 4750 llolstenitts
2369 4691 2688 4748 Gothofredi
2737 4688 3238 4756 interpretationem
3279 4699 3467 4740 emen-

1887 4770 2045 4831 dans,
2072 4780 2171 4834 pro
2210 4764 2481 4818 velocitate
2527 4768 2843 4834 reposuerat
2886 4759 3164 4834 instantia.
3220 4756 3467 4834 Stunitur

1887 4829 2054 4890 etiam
2073 4829 2190 4889 ‘hoc
2212 4835 2439 4888 verbum
2467 4848 2564 4902 pro
2589 4829 2783 4886 fraude
2815 4840 2870 4883 et
2900 4829 3114 4883 insidiis
3138 4841 3202 4882 ac
3229 4829 3466 4882 circum-

1888 4917 2168 4960 venttnne.
2587 4932 2605 4949 ο

1963 4974 2076 5043 (10)
2123 4973 2396 5042 Λιϐέριον
2439 4971 2589 5028 κατά
2624 4969 2729 5043 τοῦ
2768 4969 3115 5043 ὁμοουσίου.
3159 4967 3234 5043 De
3267 4966 3467 5043 Liberii

1891 5039 2294 5112 subscriptione
2329 5045 2379 5096 in
2409 5043 2615 5114 synodo
2644 5040 2976 5114 Sirmiensi,
2997 5039 3140 5114 vide,
3192 5039 3236 5092 si
3274 5040 3470 5114 placet,

1895 5130 2019 5182 qua:
2053 5109 2232 5168 notavi
2282 5117 2346 5168 all
2392 5109 2556 5183 caput
2591 5113 2655 5167 15
2687 5112 2810 5166 libri
2847 5127 2900 5165 tv
2929 5109 3184 5164 Historia:
3217 5109 3437 5162 ecclesia

1894 5187 2045 5238 sticw
2069 5185 2380 5238 Sozomeni.

1969 5255 2080 5325 (ll)
2117 5253 2246 5309 Soz.
2276 5255 2312 5309 ι.
2347 5270 2420 5322 ιν,
2456 5269 2506 5309 c.
2540 5253 2626 5309 is.

1678 5435 2031 5480 VARIORUM.

266 5577 346 5644 (α)
402 5549 564 5644 Κᾳῖἀ
604 5586 739 5644 ara
774 5567 992 5644 νῇοιον.
1047 5567 1342 5644 Flanqncnt
1391 5575 1586 5644 vocant
1621 5563 1777 5644 Socr.

198 5642 234 5697 l.
266 5632 339 5707 in,
366 5658 420 5699 c.
453 5632 542 5702 54.
576 5652 632 5697 et
663 5640 790 5695 Soz.
818 5632 912 5693 lib.
947 5656 1020 5704 iv,
1047 5655 1166 5708 cap.
1195 5637 1245 5690 7.
1285 5636 1453 5691 Porro
1485 5636 1780 5690 Eusebium

198 5715 516 5769 eunuchum
554 5713 606 5765 in
640 5727 806 5766 causa
833 5710 1024 5772 fuisse.
1057 5721 1116 5764 ut
1145 5708 1334 5764 Gallus
1364 5709 1778 5773 intertieeretur,

200 5787 394 5841 Scribit
432 5783 682 5841 Julianus
721 5784 848 5852 imp.
886 5784 939 5837 in
972 5780 1211 5853 Epistula
1242 5779 1309 5835 ad
1342 5788 1583 5833 senatum
1616 5795 1781 5848 uapu-

1888 5567 2101 5636 lumque
2125 5565 2513 5629 Atheniensem,
2539 5581 2662 5636 pag.
2690 5566 2813 5629 50!,
2859 5581 2983 5621 cum
3007 5565 3104 5636 ait,
3139 5562 3351 5636 Gallum
3378 5575 3473 5636 oc-

1889 5633 2066 5692 cisuin
2106 5638 2158 5690 in
2195 5638 2356 5690 unius
2387 5633 2647 5704 spadonis
2673 5646 2727 5691 et
2757 5635 3079 5690 cubicularii
3113 5634 3364 5704 gratiam,
3391 5633 3472 5704 εἰς

1889 5706 2049 5778 χάριν
2071 5707 2188 5770 ἑνὸς
2210 5703 2538 5776 άνδρογῦνου
2557 5708 2653 5760 καὶ
2668 5704 3108 5778 κατακομαστοῦ,
3124 5703 3222 5758 fatal.
3246 5703 3471 5771 προσέτι

1889 5777 1982 5831 τοῦ
2009 5777 2118 5831 τῶν
2147 5778 2422 5850 μαγείρων
2447 5778 2766 5850 ἐπιτρόπου.
