3828 6304
369 317 478 377 519

1744 315 2231 372 PHILOSTORGII

3522 317 3634 373 520

368 436 862 496 consubstantialis
909 436 1232 490 vocabulum
1276 443 1329 489 et
1371 445 1561 488 contra
1590 433 1943 489 Athanasium

2061 436 2145 487 τὸν
2170 434 2466 487 ἐπίσκοπον
2502 433 2707 499 Ὀσιον,
2746 434 2965 490 συνόδου
2989 434 3132 498 τινὸς
3162 433 3395 488 ἐνταῦθα
3427 437 3635 486 συστάς

370 529 764 597 subscripsisse
795 529 871 580 ait
912 525 1326 594 l’hilostorgius,
1369 542 1493 580 cum
1521 526 1765 596 synodus
1793 543 1944 596 quie-

371 624 497 674 dam
527 621 634 673 illic
659 620 883 674 collecta
913 627 1077 682 esset,
1101 626 1154 672 et
1178 633 1340 686 supra
1380 626 1707 672 memoratos
1735 619 1788 671 in
1815 634 1942 672 sen-

374 713 600 766 tentiam
635 727 787 765 suaiu
817 709 1315 779 pertraxissetﬂﬂ).
1353 710 1645 780 Postquam
1671 725 1800 763 vero
1823 711 1947 764 sub-

369 801 741 870 scripsisseut,
778 798 965 853 Osium
1005 799 1220 870 quidem
1267 800 1332 854 ad
1378 801 1561 854 sedem
1619 815 1775 854 suam
1806 799 1944 854 Cor-

369 893 572 945 dubam
617 893 825 946 Scilicet
856 891 1131 960 Hispania:
1165 906 1463 953 reversum,
1499 890 1800 945 Ecclesium
1826 890 1946 960 ejus

371 983 472 1036 loci
498 984 868 1052 gubernasse,
923 981 1196 1037 Liberium
1238 998 1364 1036 vero
1399 981 1658 1036 Romanae
1689 982 1947 1036 Ecclesiae

371 1075 671 1145 praefuisse.
722 1078 782 1129 Αι
819 1074 988 1138 Felix,
1029 1077 1120 1144 qui
1152 1075 1377 1129 absente
1405 1075 1620 1128 Liberio
1653 1075 1945 1144 episcopus

374 1166 552 1222 fuerat
574 1169 877 1232 ordinatus,
911 1168 976 1222 ad
1009 1183 1107 1222 sua
1133 1183 1193 1221 se
1211 1169 1429 1236 recepit,
1456 1168 1694 1236 episcopi
1727 1167 1943 1235 quidem

371 1261 687 1329 dignitatem
711 1262 970 1325 retinens,
999 1261 1127 1314 nulli
1151 1268 1328 1314 tamen
1353 1261 1647 1329 prmsideus
1670 1260 1942 1317 Ecclesiae.

441 1351 494 1404 4.
529 1350 802 1404 Eudoxius
829 1368 910 1420 ep.
956 1352 1198 1404 Antioch.
1229 1382 1298 1390 —
1330 1353 1440 1420 (15)
1475 1351 1690 1405 Mortuo
1722 1351 1947 1408 Leontio

370 1442 724 1496 Autiochenae
749 1443 899 1496 urbis
927 1442 1204 1511 episcopo,
1229 1440 1534 1496 Eudoxium
1559 1458 1624 1496 ex
1655 1443 1787 1497 urbe
1807 1442 1944 1497 Ger-

374 1532 608 1585 inauicia
652 1532 996 1594 translatum,
1035 1531 1088 1583 hi
1134 1531 1226 1600 qui
1258 1531 1498 1599 ejusdem
1534 1548 1657 1586 cum
1698 1533 1791 1585 illo
1825 1532 1944 1601 opi-

373 1623 768 1691 nionis_eraut,
818 1633 874 1676 ut
912 1624 988 1676 ait
1032 1621 1450 1692 Philostorgius,
1497 1622 1550 1676 in
1603 1623 1731 1678 sede
1755 1625 1947 1677 Antio-

373 1716 547 1769 cliena
570 1715 926 1768 collocarunt.
969 1715 1135 1768 Porro
1160 1712 1435 1768 Eudoxius
1469 1715 1796 1768 Arianorum
1832 1717 1948 1784 qui-

2055 545 2173 599 σης,
2188 527 2284 580 καὶ
2313 529 2392 591 εἰς
2411 528 2725 598 ὁμοφωνίαν
2754 529 2951 591 αὐτοὺς
2972 527 3458 599 ὑποσπασαμένης.
3477 528 3638 581 Ἐπεὶ

2050 618 2106 671 δὲ
2133 617 2473 689 ὑπέγραψαν,
2510 617 2602 671 τὸν
2634 619 2732 688 μὲν
2773 620 2954 672 Ὀσιον
2981 621 3060 682 είς
3086 618 3184 690 τὴν
3217 619 3410 673 ἑαυτοῦ
3435 635 3638 689 παροι·

2051 710 2175 762 κίαν
2202 708 2300 779 τὴν
2333 708 2682 780 Κουδρούϐην
2710 709 2810 780 τῆς
2856 709 3132 771 Ἱσπανίας
3171 709 3506 775 ἐπανελθεῖν,
3535 709 3638 763 καὶ

2050 801 2144 854 τοῦ
2178 801 2367 872 θρόνου
2409 802 2632 872 ἄρχειν·
2674 801 2925 871 Λιὸἐριον
2957 801 3013 853 δὲ
3039 805 3139 871 τῆς
3179 801 3467 871 Ῥωμαίων
3505 803 3634 852 Ἐκ-

2053 894 2299 964 κλησίας.
2343 894 2509 964 Φίληξ
2541 893 2620 956 δὲ,
2661 896 2689 947 6
2717 895 2774 946 ἐν
2799 893 2877 965 τῷ
2915 893 3116 966 μεταξὺ
3153 895 3328 964 χρόνῳ
3355 895 3452 964 τῆς
3489 893 3633 946 Ῥώ-

2056 1004 2164 1058 μης
2207 988 2503 1052 ἐπίσκοπος
2532 988 2829 1053 καταστὰς,
2862 990 2942 1052 είς
2984 989 3175 1041 ἑαυτὸν
3203 989 3388 1060 ἀπῄει,
3426 989 3488 1041 τὸ
3527 988 3636 1060 μὲν

2053 1080 2272 1149 ἀξίωμα
2301 1080 2398 1149 τῆς
2437 1081 2740 1149 ἐπισκοπῆς
2780 1080 2981 1151 φέρων,
3011 1083 3072 1134 of.
3106 1083 3214 1152 μήν
3240 1083 3305 1150 γέ
3327 1099 3472 1146 τινος
3504 1083 3634 1136 Ἐκ·

2053 1171 2282 1243 κλησίας
2315 1174 2732 1244 προϊστάμενος.

2123 1345 2186 1398 δ’.
2236 1345 2358 1399 Ὅτι
2403 1347 2656 1401 Λεοντίου
2697 1348 2790 1401 τοῦ
2839 1350 3168 1420 Ἀντιοχείας
3205 1351 3506 1403 ἐπισκόπου
3539 1369 3636 1404 τεο

2052 1436 2430 1507 λευτήσαντος,
2466 1437 2733 1502 Ιίὐδὸξιον,
2767 1441 2950 1508 φησιν,
2997 1444 3059 1494 ὲκ
3103 1443 3496 1513 Γερμανικείας
3532 1462 3636 1515 με⁴⁵

2052 1531 2479 1602 ταστησάμενοι(
2487 1534 2594 1600 15⁸)
2611 1535 2660 1586 οἱ
2681 1533 2919 1604 ὁμόδοξοι
2940 1536 3316 1599 ὲπιϐιϐἀζουσι
3332 1536 3408 1608 τῷ
3429 1537 3630 1608 θρόνῳ.

2065 1621 2122 1674 '0
2167 1622 2224 1674 δὲ
2271 1623 2371 1692 τῆς
2423 1624 2706 1694 Ἀρειανῆς
2746 1627 2843 1695 μὲν
2889 1626 3048 1697 δόξης
3090 1624 3179 1700 ἦν,
3225 1628 3365 1701 πλὴν
3405 1634 3470 1682 εκ
3518 1629 3635 1682 τῶν

2066 1712 2344 1784 Ἀστερίου
2373 1717 2716 1786 γραμμάτων
2760 1721 2838 1781 εἰς
2871 1717 2932 1771 τὸ
2965 1721 3084 1772 κατ’
3106 1720 3292 1774 οὐσίαν
3322 1721 3504 1790 ὅμοιον
3525 1721 3636 1773 ὑπ·-

372 1807 496 1859 dein
556 1807 878 1860 sententiain
921 1807 1288 1874 sequebatur,
1355 1805 1457 1859 nisi
1503 1807 1647 1872 quod
1686 1822 1748 1859 ex
1793 1807 1943 1862 libris

2061 1808 2318 1876 ενήνεκτο.
2358 1809 2422 1859 Οἱ
2470 1808 2527 1860 δὲ
2569 1811 2987 1880 συναιρεσιῶται
3025 1812 3216 1866 τοῦτον
3267 1814 3634 1884 ἀναφέροντες

373 1894 596 1956 Asterii,
636 1896 701 1948 ad
753 1895 1075 1948 sententiam
1109 1910 1299 1947 eorum
1347 1895 1437 1963 qui
1467 1893 1664 1948 Filium
1711 1897 1944 1949 similem

371 1987 668 2042 Secundum
736 1987 1096 2041 substantiam
1164 1986 1604 2054 proﬁtebantur,
1678 1988 1946 2044 abductus

372 2079 567 2133 fuerat.
615 2078 718 2132 Sed
753 2078 961 2142 Ariani,
988 2094 1112 2132 eum
1147 2079 1215 2131 ab
1249 2079 1348 2131 hoc
1383 2079 1635 2148 dogmate
1670 2081 1952 2133 retrahen-

373 2184 476 2230 tes.
495 2171 560 2224 ad
586 2171 868 2224 dissimilis
889 2171 1204 2225 substantiae
1223 2171 1576 2225 assertionem
1596 2181 1942 2226 revocarunt.

369 2266 635 2320 Cmterum
671 2263 1065 2330 Philostorgius
1095 2263 1191 2328 ait,
1229 2263 1533 2316 Eudoxium
1567 2263 1812 2317 moribus
1847 2263 1942 2316 mi-

371 2369 476 2412 tem
504 2356 672 2411 fuisse
716 2370 782 2410 ac
818 2354 1148 2415 modestum.
1203 2370 1301 2408 nec
1336 2353 1596 2408 mediocri
1633 2354 1850 2408 solertia
1883 2370 1948 2409 ac

368 2448 688 2502 dexteritate
714 2446 994 2515 praeditum
1025 2461 1040 2508 ;
1095 2445 1164 2498 ob
1196 2445 1463 2514 ignaviam
1499 2455 1677 2498 tamen
1707 2459 1770 2498 ac
1801 2445 1948 2498 timi-

367 2539 588 2592 ditatem
621 2551 948 2607 magnopere
969 2536 1234 2598 traducit;
1272 2545 1478 2604 patrem
1510 2535 1628 2604 ejus
1644 2535 1944 2589 Caesarium

367 2629 590 2684 nomine
640 2629 716 2683 ait
756 2637 934 2680 urtqu
979 2625 1150 2681 fuisse
1183 2642 1249 2680 ex
1285 2627 1546 2680 Arabisso
1591 2627 1821 2682 minoris
1852 2629 1947 2680 Ar-

2054 1898 2188 1968 πρὸς
2213 1897 2274 1949 τὸ
2297 1899 2631 1970 ἐτεροούσιον
2654 1901 2873 1970 ἀνῆγον.
2911 1903 3155 1972 Ἐπιεικῆ
3177 1903 3233 1955 δὲ
3263 1904 3352 1957 τὸν
3380 1904 3634 1968 Bessng

2053 1990 2082 2040 6
2124 1989 2503 2061 Φιλοστόργιος
2549 1993 2643 2044 καὶ
2685 1993 2913 2062 κόσμιον
2960 1994 3030 2046 τὰ
3071 1995 3199 2065 ἤθη,
3241 1995 3336 2049 καὶ
3381 1995 3448 2047 τὰ
3493 1995 3634 2048 ἄλλα

2051 2079 2222 2144 δεξιὸν
2270 2083 2625 2153 ἀναγράφων,
2671 2086 2749 2147 εἰς
2789 2085 2990 2138 δειλίαν
3031 2087 3273 2149 ἐκτόπως
3311 2087 3589 2140 διαϐάλλει
3615 2101 3631 2114 ·

2053 2174 2148 2226 καὶ
2195 2173 2517 2242 Ἀραϐισσὸν
2548 2176 2644 2246 μὲν
2674 2176 2772 2246 τῆς
2805 2179 3006 2247 μικρᾶς
3035 2180 3324 2249 Ἀρμενίας
3351 2179 3502 2232 πόλιν
3528 2197 3637 2232 πα-

2052 2263 2206 2333 τρίδα
2236 2263 2420 2334 λαχεῖν
2451 2266 2542 2320 τὸν
2562 2268 2728 2322 αὐτοῦ
2757 2270 2968 2340 πατέρα
2991 2271 3311 2339 (Καισάριος
3331 2271 3503 2340 ὄνομα
3521 2273 3633 2340 (Η)

2053 2355 2244 2426 αὐτῷ),
2293 2359 2627 2429 μαρτυρικὸν
2669 2360 2746 2425 δὲ,
2781 2361 2956 2414 καίτοι
2987 2362 3096 2414 τῶν
3125 2365 3204 2425 είς
3243 2366 3509 2431 γυναῖκας
3533 2366 3634 2433 ἡτ-

2051 2445 2296 2516 τώμενον
2321 2450 2548 2518 ἡδονῶν,
2574 2453 2723 2522 ὅμως
2749 2451 2975 2506 θάνατον
2999 2453 3305 2524 διαθλῆσαι,
3334 2455 3634 2524 καθάρσιόν

2053 2555 2112 2591 τε
2143 2539 2253 2591 τῶν
2287 2541 2670 2612 μολυσμάτων,
2714 2545 2808 2597 καὶ
2841 2545 2978 2614 πρός
3011 2561 3073 2614 γε
3127 2545 3422 2614 στεφάνους
3463 2545 3638 2615 ἀθλη-

2052 2634 2234 2704 τικοξις
2261 2635 2611 2706 ἐπιφέροντα.

367 2726 563 2782 neniae
590 2724 818 2792 oppido;
868 2738 1100 2791 eumque
1153 2723 1280 2776 licet
1317 2721 1370 2775 in
1415 2737 1630 2775 amores
1663 2723 1952 2776 mulierum
1993 2726 2216 2788 eilusior
2239 2730 2456 2796 luisset,
2481 2734 2646 2786 vitam
2687 2742 2867 2790 tamen
2891 2751 3305 2790 consummasse
3343 2740 3635 2807 mal-tyrio,

367 2815 512 2884 quod
547 2823 601 2866 et
632 2813 874 2866 maculas
913 2812 1033 2880 ejus
1071 2812 1345 2872 abstersit.
1376 2823 1427 2866 et
1476 2827 1707 2866 coronas
1738 2813 2024 2870 atlileticas
2056 2817 2279 2890 insuper
2307 2823 2355 2877 ei
2382 2826 2632 2879 contulit.

442 2904 495 2958 5.
537 2903 852 2957 Eunomius.
880 2929 948 2941 -—
992 2903 1292 2964 Eudoxius,
1324 2910 1382 2955 ut
1415 2903 1492 2956 ait
1521 2902 1946 2968 Philostorgius,

369 2995 701 3050 Eunomiuin
732 2999 796 3048 ad
825 2995 1145 3050 diaconatus
1171 2995 1397 3062 gradum
1423 2998 1712 3064 promovit.
1751 2997 1947 3049 Verum

371 3087 698 3150 Eunomius,
731 3088 1050 3157 priusquam
1086 3087 1394 3141 universam
1427 3104 1617 3141 eorum
1642 3087 1947 3141 doctrinam

2117 2919 2180 2966 ε’.
2213 2913 2335 2966 Ὅτι
2379 2913 2630 2980 ΕὐδόξιΟς
2671 2917 2790 2987 μὲν,
2826 2916 3014 2985 φησὶν,
3044 2917 3124 2980 εἰς
3154 2917 3432 2970 διακονίαν
3462 2918 3633 2972 Εὖνό·

2051 3022 2173 3075 μιον
2224 3007 2652 3078 προχειρίςεται,
2697 3011 2726 3062 6
2754 3008 2832 3072 δὲ,
2868 3010 2995 3080 πρὶν
3039 3011 3116 3073 είς
3144 3009 3205 3062 τὸ
3235 3011 3633 3080 ἀκριϐέστατον

2049 3096 2255 3147 ἐκεῖνον
2288 3095 2389 3165 τῆς
2425 3096 2582 3168 δόξης
2624 3098 2866 3152 ἀνελθεῖν
2896 3100 3027 3170 (15),
3065 3102 3164 3170 τὴν
3195 3099 3539 3174 λειτουργίαν
3568 3104 3631 3156 οὐ

368 3178 785 3234 accuratissime
815 3178 1117 3240 didicisset,
1165 3193 1367 3231 munus
1397 3177 1528 3230 illud
1557 3177 1833 3248 suscipere
1863 3194 1948 3231 re-
1976 3165 2018 3220 (ἶ
2049 3182 2285 3254 δέχεται.

369 3271 596 3327 cusavit.

440 3364 493 3416 6.
527 3361 766 3415 Basilius
809 3363 1032 3430 Ancyrte
1052 3377 1133 3429 ep.
1181 3359 1424 3413 Eudoxio
1466 3361 1682 3414 invidet.
1715 3391 1783 3402 --
1811 3361 1944 3416 Cum

369 3453 753 3509 Antiochensis
801 3453 1047 3507 ecclesia:
1110 3451 1510 3506 administratio
1555 3453 1748 3506 tradita
1805 3465 1947 3508 esset

371 3544 641 3612 Eudoxio,
700 3545 779 3598 ait
832 3542 1229 3613 Philostorgins
1279 3542 1540 3598 Basilium
1595 3545 1943 3614 Ancyranuut

369 3653 512 3707 {egre
541 3635 833 3690 admodum
868 3636 920 3691 id
944 3636 1154 3690 tulisse.
1198 3636 1314 3704 Ipse
1344 3635 1489 3688 cuitu
1524 3635 1589 3689 ad
1620 3651 1740 3689 eam
1762 3637 1943 3690 sedem

369 3728 686 3796 cupiditatis
713 3727 903 3782 oculos
935 3728 1228 3797 adjecerat,
1254 3727 1483 3798 ejusque
1513 3743 1756 3782 amorem
1787 3729 1944 3797 peni-

370 3830 457 3875 tus
493 3820 760 3873 inanimo
798 3819 1035 3873 defixum
1060 3819 1496 3874 circumferebat.

442 3909 493 3962 7.
526 3907 841 3978 Theophilus
867 3907 1032 3962 Indus
1055 3910 1093 3960 Α
1107 3917 1351 3978 agitatam
1383 3918 1561 3963 sanat.
1586 3938 1647 3949 -
1677 3907 1951 3962 Constan-

369 4000 498 4064 tius,
549 4016 672 4054 cum
719 4015 857 4053 uxor
890 4001 1084 4070 ipsius,
1128 4017 1293 4071 quam
1332 4002 1548 4069 quidem
1599 4017 1948 4070 summopere

370 4091 608 4157 amabat,
650 4091 928 4145 iui-oribus
969 4091 1110 4146 uteri
1153 4091 1446 4155 laboraret,
1483 4106 1706 4146 necesse
1756 4091 1946 4144 habuit

2121 3371 2195 3429 ς’.
2247 3365 2390 3426 Ὅτι,
2438 3363 2622 3435 φησὶν,
2659 3364 2910 3428 Εὐδοξίου
2952 3363 3050 3436 τὴν
3094 3364 3423 3436 Ἀντιόχειαν
3450 3369 3631 3439 ἐγχειο

2051 3455 2347 3526 ρισθέντος,
2383 3456 2410 3505 6
2460 3453 2733 3526 Ἀγκύρας
2769 3454 3044 3519 Βασίλειος
3082 3455 3492 3528 ἐδυσχέραινεν·
3527 3460 3634 3512 αὑ-

2048 3545 2138 3608 τὸς
2163 3545 2271 3614 γὰρ
2300 3545 2386 3597 ἐπ’
2416 3545 2584 3617 αὐτὴν
2612 3541 2725 3615 εἶχε
2753 3544 2814 3597 τὸ
2856 3545 3075 3616 βλέμμα
3103 3549 3169 3617 τῇ
3211 3545 3404 3622 γνώμῃ
3440 3566 3634 3621 στηριο

2052 3637 2297 3710 ζόμενον.

2122 3903 2189 3968 ζ’.
2231 3903 2375 3966 Ὅτι,
2415 3905 2570 3974 φησὶ,
2602 3903 2702 3975 τῆς
2727 3903 3106 3959 Κωνσταντίου
3152 3904 3411 3972 γυναικὸς
3442 3907 3516 3976 (a)
3551 3903 3632 3974 τῷ

2051 3996 2149 4066 τῆς
2186 3997 2563 4069 μητρομανίας
2594 3997 2828 4067 ἁλούσης
2857 3995 3042 4059 πάθει,
3077 3995 3410 4066 ὲξεκρέματο
3438 3997 3494 4050 δὲ
3517 4001 3630 4061 τοῖς

2053 4091 2262 4160 ἱμέροις
2305 4089 2477 4159 αὐτῆς
2517 4090 2546 4141 6
2571 4089 2968 4155 Κωνστάντιος,
3004 4090 3084 4152 εἰς
3116 4089 3359 4159 ἀνάγκην
3395 4084 3496 4161 ἧκε
3535 4088 3631 4143 τὸν

1596 4261 1676 4304 VA
1685 4260 1840 4303 LESII
1883 4260 1964 4304 AN
1972 4261 2380 4306 NOTATIONES.

469 4413 554 4476 1‘2)
590 4410 903 4466 Thcodorit.
937 4411 1034 4464 lib.
1071 4425 1132 4472 ιι,
1169 4426 1220 4464 c.
1259 4409 1346 4464 i7.

469 4414 554 4476 1‘2)
590 4414 903 4466 Thcodorit.
937 4414 1034 4464 lib.
1071 4425 1132 4472 ιι,
1169 4426 1220 4464 c.
1259 4432 1261 4439 ι

438 4414 551 4552 im)
584 4483 853 4537 Theudor.
883 4483 973 4534 lib.
1013 4498 1070 4544 ιι,
1094 4498 1138 4535 c.
1169 4482 1261 4536 25.

441 4548 575 4625 (13‘)
632 4556 731 4607 Ἐκ
776 4552 1202 4625 Γερμανικείας
1253 4548 1812 4625 μεταστησάμεκον.
1867 4549 1941 4625 Ex

2055 4409 2107 4463 in
2137 4411 2623 4482 _Anuotationibus
2668 4411 2735 4482 ad
2764 4412 2962 4466 librum
3006 4422 3260 4482 quartum
3309 4412 3624 4470 Sozomeni.

2125 4480 2235 4550 (14)
2279 4480 2621 4553 Καισάριος.
2664 4480 2740 4537 De
2787 4484 2890 4538 hoc
2927 4480 3163 4538 Caesar-io
3196 4483 3423 4539 Eudoxii
3455 4497 3626 4553 patre,

2051 4551 2226 4620 deque
2249 4552 2369 4620 ejus
2397 4554 2657 4621 martyrio
2692 4554 2859 4608 multa
2888 4554 3050 4609 habet
3085 4554 3303 4618 Suidas,
3329 4571 3397 4611 ex
3439 4551 3626 4610 Philo-

369 4622 826 4682 οοᾶιειξΒιιοΙιιιιίἰ
849 4623 1132 4675 emendavi
1163 4622 1658 4693 μεταστησάμενοι.
1695 4622 1757 4673 Et
1784 4623 1942 4693 paulo

2061 4623 2254 4693 itorgit)
2286 4622 2479 4690 procul
2504 4624 2670 4678 dubio
2704 4624 3012 4693 desumpta.

369 4707 524 4767 post,
583 4710 680 4764 pro
723 4693 1088 4767 ugqvéyxoro,
1143 4692 1206 4767 es
1237 4695 1442 4767 eodem
1493 4693 1679 4767 codice
1730 4692 1938 4767 restitui

370 4762 725 4836 ὖπενήνεκτο.
761 4762 928 4818 Porro
951 4765 1165 4836 fallitur
1196 4764 1284 4817 hic
1317 4763 1730 4836 Philostorgius,
1759 4770 1813 4836 et
1846 4762 1939 4830 qui

370 4853 495 4892 eum
533 4833 764 4890 secutus
811 4844 894 4889 est
935 4834 1332 4897 Gothofredus,
1387 4833 1478 4901 qui
1527 4833 1938 4887 translationem

371 4906 599 4960 Eudoxii
627 4922 693 4960 ex
718 4906 1031 4974 episcopatu
1062 4903 1495 4959 Germanicieusi
1529 4903 1595 4956 ad
1620 4903 1802 4956 sedem
1830 4902 1940 4974 An-

372 4977 677 5030 tiochenam
719 4973 1011 5044 centigisse
1042 4983 1233 5045 putant
1263 4983 1387 5044 post
1430 4974 1640 5045 I_apsum
1663 4989 1741 5045 ac
1765 4973 1934 5045 resti-

371 5047 635 5101 tutionem
654 5045 848 5099 Liberii
877 5042 1412 5114 potitilicisilomaiii.
1429 5042 1636 5096 Etenim
1661 5042 1940 5096 Eudoxius

375 5116 715 5169 Antiochiam
740 5119 1036 5170 translatus
1062 5125 1146 5169 est
1173 5131 1315 5169 anno
1332 5115 1534 5168 Christi
1557 5114 1937 5167 trecentesimo

369 5187 712 5255 sexagesimo
763 5188 1011 5254 septimo.
1054 5185 1303 5239 Liberius
1342 5199 1471 5237 vero
1506 5199 1652 5237 anno
1693 5185 1938 5255 sequenti

371 5260 422 5310 in
489 5252 765 5326 propriam
823 5252 1037 5310 'sedeiu
1102 5267 1184 5310 est
1238 5257 1522 5310 restitutus
1613 5265 1672 5309 ut
1728 5252 1940 5308 ostendi

2121 4691 2232 4761 (15)
2271 4693 2418 4764 Πρὶν
2449 4693 2620 4764 eloco
2654 4691 3085 4764 ἀκριϐέστατον
3127 4694 3363 4749 ἐκεῖνον
3395 4695 3505 4764 τῆς
3527 4695 3628 4751 δύο

2049 4762 2166 4832 ξης
2186 4763 2480 4822 ἀνελθεῖν.
2534 4763 2689 4819 Hunc
2718 4762 3060 4832 Philostorgii
3093 4767 3268 4819 Iot'ttltt
3310 4767 3410 4820 levi
3447 4762 3627 4821 muta-

2050 4839 2195 4888 tione
2227 4833 2619 4888 restituenduui
2651 4851 2771 4890 esse
2801 4836 3079 4901 existimo,
3111 4837 3162 4889 in
3192 4838 3336 4891 hunc
3363 4841 3620 4892 modum:

2047 4906 2177 4974 πρὶν
2198 4907 2279 4966 είς
2380 4906 2771 4976 ἀκριϐέστατον
2788 4907 2888 4976 τῆς
2917 4908 3141 4960 ἐκείνων
3172 4907 3328 4974 δόξης
3358 4907 3624 4970 ἀνελθεῖν,

2049 4976 2100 5028 id
2144 4983 2259 5029 est:
2316 4974 2605 5028 Eundmius
2637 4974 2975 5029 diaconatum
3021 4979 3123 5031 sibi
3170 4980 3405 5029 oblatum
3459 4983 3628 5032 susci-

2045 5061 2164 5115 pere
2208 5048 2486 5112 recusavit,
2526 5048 2832 5116 priusquam
2869 5048 3167 5101 universum
3203 5064 3382 5100 eorum
3425 5051 3627 5102 doctri-

2048 5132 2191 5180 nam,
2218 5116 2452 5170 Eudoxii
2481 5118 2683 5171 scilicet
2705 5129 2862 5187 atque
2882 5119 3041 5183 Aetii,
3074 5119 3478 5174 accuratissime
3507 5137 3628 5188 pcr-

2046 5189 2285 5256 cepisset.

1827 5418 1908 5463 ΥΑ
1915 5420 2177 5464 RIORUM.

440 5552 518 5620 (a)
557 5550 673 5620 Τῆς
709 5553 1132 5607 Κωνσταντίου
1180 5551 1484 5622 γυναικός.
1535 5550 1768 5606 Eusebia
1829 5549 1944 5602 ha-c

367 5636 486 5679 cst:
539 5639 702 5692 quam
742 5627 1000 5687 sterilem,
1038 5627 1214 5693 quoad
1263 5626 1418 5688 vixit,
1467 5623 1635 5693 fuisse
1677 5630 1944 5693 testantur

373 5699 489 5750 om.
526 5689 867 5749 Marcellinus
913 5697 1004 5748 lib.
1041 5689 1149 5757 in,
1197 5709 1317 5763 cap.
1356 5695 1442 5761 11,
1476 5692 1716 5748 Zonaras
1754 5701 1813 5763 et
1840 5689 1943 5743 Ce-

2051 5564 2158 5618 que
2217 5562 2281 5602 ea
2333 5546 2453 5618 fuit)
2498 5548 2587 5602 diu
2629 5551 2969 5617 supervixit:
3020 5552 3220 5619 quippe
3268 5550 3628 5605 Constantius

2052 5619 2395 5692 faustinain,
2434 5619 2617 5692 aliain
2648 5621 2969 5692 jconjugem,
3011 5621 3441 5692 duxerathanno
3479 5620 3625 5692 γαίη.

2049 5689 2173 5762 560,
2197 5689 2394 5741 amissa
2415 5689 2738 5762 jampridem
2767 5689 3019 5757 Eusebia,
3048 5693 3223 5762 inquit
3255 5690 3628 5760 Marcellinus,

371 5783 570 5839 preuus
603 5783 656 5836 p.
688 5766 812 5820 9J9.
851 5765 960 5823 Nec
981 5761 1278 5836 Theophili
1295 5765 1566 5822 curationi
1598 5762 1932 5834 (qualiscun-
1961 5834 1982 5848 .-
2040 5761 2134 5816 tib.
2175 5775 2286 5826 xxi,
2313 5773 2431 5830 cap.
2473 5761 2526 5814 6.
