3828 6324
443 177 548 234 εὲὅ

1812 172 2295 230 PllILOSTOBGll

3575 185 3686 240 53-5

445 309 593 357 σιον,
631 291 683 347 id
716 302 797 350 est
847 293 1041 349 similis
1075 294 1392 350 substantia
1434 293 1760 348 vocabulum
1811 295 2008 349 conﬁr-

2124 295 2364 366 εκρότουν
2382 310 2396 322 ·
2429 293 2523 347 καὶ
2545 293 2755 348 πολλῶν
2779 293 3134 364 πειθομένων,
3164 295 3258 348 καὶ
3283 293 3372 348 τὸν
3394 295 3689 352 Κωνσταν-

445 393 665 442 marunt
719 385 851 457 (18).
900 385 1164 455 Multique
1205 386 1274 439 in
1309 400 1499 441 eorum
1534 385 1858 441 sententiam
1888 402 2019 441 con-

448 475 794 539 cedentibus,
860 475 1232 531 Macedonium
1288 492 1506 548 quoque
1554 471 2026 546 Constantinopoi

1058 569 1308 638 quamvis
1375 579 1533 624 antea
1588 569 1640 624 in
1694 571 2025 624 sententiam

447 568 560 623 lens
629 569 943 638 episcopum
972 607 987 630 ,

449 654 703 710 Eunomii
741 664 884 710 esset
935 658 1286 727 propensior,
1343 657 1397 711 in
1453 673 1610 712 suam
1660 658 2019 712 nihilominus

447 746 768 802 sententiam
804 753 1202 814 pertraxerunt.
1253 745 1452 800 Multos
1500 747 1662 800 etiam
1711 747 1848 800 alios
1903 750 2020 815 epi-

445 852 665 905 scopos,
701 839 898 905 partim
931 838 1110 893 verbis
1141 838 1472 901 allicientes,
1505 837 1700 907 partim
1741 839 1847 891 vim
1893 854 2020 892 sua-

450 925 703 981 sionibus
729 925 1127 991 admiscentes,
1155 928 1220 982 ad
1253 943 1380 982 suas
1409 936 1589 996 partes
1609 929 1913 982 traduxere.

521 1016 605 1069 10.
642 1014 983 1085 Patrophilus
1016 1027 1065 1071 et
1109 1017 1394 1072 Narcissus
1436 1017 1700 1071 Basiliam
1745 1036 1830 1082 ap.
1879 1017 2016 1087 Imp.

447 1118 716 1164 accusant.
761 1108 1004 1179 Synodus
1053 1111 1301 1164 Arimini.
1347 1109 1537 1163 Clades
1579 1109 2020 1164 Nicomedia.—

452 1201 542 1254 Ait
581 1198 951 1270 Patrophilum
983 1199 1373 1272 Scytliopoleos
1405 1211 1459 1256 et
1484 1201 1803 1256 Narcissum
1836 1201 2019 1255 lreno-

448 1292 636 1362 poleos
680 1292 1027 1362 episcopum,
1061 1307 1170 1347 una
1199 1306 1323 1346 cum
1367 1291 1575 1361 aliquot
1611 1290 1732 1345 aliis
1769 1289 2017 1360 Singidu—

452 1402 580 1441 num
631 1384 834 1441 Masia
889 1384 1078 1440 urbem
1135 1383 1524 1444 adventantes,
1579 1381 1833 1437 retulisse
1875 1379 2021 1434 Con-

451 1480 654 1534 stantio
685 1493 748 1532 ea
776 1491 897 1546 qua
922 1490 1017 1546 per
1059 1474 1303 1528 fraudem
1347 1483 1555 1544 patrata
1603 1471 1824 1527 fuerant
1856 1465 1886 1525 a
1916 1469 2019 1524 Ba-

450 1571 594 1625 silio.
635 1567 1016 1624 Constantium
1069 1581 1199 1621 vero
1252 1565 1686 1636 obstupefactum
1732 1572 1786 1617 et
1827 1563 2018 1618 dolore

2124 388 2476 452 τινουπόλεως
2537 386 2886 451 Μακεδόνιον,
2919 387 3094 440 καίτοι
3122 389 3235 450 τοῖς
3267 388 3395 458 περὶ
3425 389 3692 460 Εὐνόμιον

2121 477 2656 548 προαποκεκλιμὲνον
2700 478 2836 548 (ΞΟ),
2889 480 2969 542 είς
3017 479 3117 549 τὴν
3168 479 3374 533 ἑαυτῶν
3419 482 3568 550 ὅμως
3598 484 3692 536 ἐπ-

2119 569 2425 624 εσπάσαντο
2470 569 2627 634 δόξαν
2689 581 2704 596 ⁸
2739 569 2873 624 ἀλλὰ
2918 571 3011 624 καὶ
3065 571 3292 634 πολλοὺς
3332 572 3548 644 ἐτέρους
3582 573 3694 625 τῶν

2120 663 2450 727 ἐπισκόπων,
2489 664 2612 726 τοὺς
2649 662 2744 733 μὲν
2779 663 3075 731 ὑπάγοντες
3096 663 3294 732 λόγοις,
3328 666 3453 728 τοὺς
3481 665 3558 731 δὲ,
3594 665 3696 738 τὴν

2122 752 2293 806 πειθὼ
2322 755 2869 827 συνεπικεραννύντες
2894 759 2961 828 τῇ
2995 756 3104 828 βίᾳ.

2195 1018 2244 1068 ι’.
2279 1014 2751 1084 ὌτιΠατρόφιλον
2773 1016 2864 1068 τὸν
2894 1016 3298 1082 Σκυθοπόλεως.
3331 1020 3424 1073 καὶ
3445 1021 3694 1092 Νάρκισ-

2123 1120 2213 1156 σον
2247 1103 2337 1156 τδν
2363 1105 2786 1174 Είρηνοπόλεως,
2841 1108 2935 1160 καὶ
2979 1107 3197 1178 ἑτέρους
3253 1110 3348 1164 σὺν
3396 1111 3602 1176 αὐτοῖς,
3637 1116 3694 1165 ἐν

2119 1194 2394 1262 Σεγγιδόνι
2416 1195 2514 1265 τῆς
2534 1197 2746 1260 Μυσίας
2775 1201 3268 1269 παραγενομένους,
3291 1202 3380 1253 τὸν
3404 1203 3696 1258 Κωνστὰν-

2119 1287 2232 1338 τιόν
2263 1303 2425 1355 φησιν
2457 1287 2767 1353 ἀναδιδάξαι
2796 1290 2866 1343 τὰ
2897 1289 3044 1362 παρὰ
3079 1291 3172 1344 τοῦ
3195 1293 3471 1347 Βασιλείου
3499 1295 3693 1366 δεδρα-

2123 1389 2400 1444 ματουργη
2410 1376 2559 1443 μένα.
2584 1376 2693 1428 Καὶ
2713 1376 2804 1430 τὸν
2823 1379 3237 1448 καταπλαγέντα
3261 1381 3355 1434 καὶ
3378 1383 3664 1455 ὑπεραλγῆ
3682 1418 3696 1425 -

2122 1482 2309 1530 σαντα,
2359 1465 2470 1518 τῶν
2539 1467 2638 1537 μὲν
2692 1468 2957 1540 μεθορίων
3015 1473 3142 1534 τοὺς
3185 1474 3698 1545 κατεψηφισμένους

2121 1557 2346 1621 ἀνεῖναι,
2377 1557 2627 1622 συνόδους
2651 1559 2707 1612 δὲ
2733 1560 2985 1628 γενέσθαι
3013 1564 3308 1634 προστάξαι
3329 1566 3440 1633 δύο,
3467 1569 3568 1638 τὴν
3601 1570 3697 1640 μὲν

448 1670 804 1725 commotum,
859 1674 954 1714 eos
985 1658 1204 1728 quidem
1252 1659 1345 1725 qui
1393 1656 1634 1711 damnati
1689 1654 1906 1709 fuerant
1949 1656 2012 1710 ab

2124 1649 2176 1701 ὲν
2199 1648 2462 1719 Ἀριμίνῳ
2506 1651 2632 1713 τοὺς
2681 1651 2788 1704 ἀπὸ
2829 1651 3034 1715 δύσεως
3067 1655 3480 1722 συναλίζουσαν,
3512 1658 3617 1729 τὴν
3642 1659 3698 1712 δὲ

449 1737 642 1806 exsilio
672 1763 992 1814 revocasse;
1019 1747 1157 1802 duas
1191 1762 1320 1800 vero
1354 1747 1594 1816 synodos
1617 1745 1877 1800 celebrari
1901 1744 2019 1814 jus-

449 1843 588 1896 sisse
633 1841 907 1896 :alteram
961 1838 1234 1899 Arimini,
1280 1839 1345 1892 ad
1386 1852 1550 1905 quam
1595 1835 2015 1892 Occidentalium

444 1932 681 1998 partium
715 1927 954 1999 episCOpi
986 1927 1363 1992 convenirent;
1403 1928 1626 1982 alteram
1657 1927 2013 1992 Nicomedia,

449 2035 570 2090 qua
602 2019 886 2089 episcopos
918 2028 984 2074 ex
1011 2015 1234 2072 Oriente
1275 2025 1330 2071 et
1374 2017 1540 2090 Libya
1575 2032 1640 2072 ac
1663 2017 1892 2072 Thracia
1930 2031 2018 2072 es-

443 2120 532 2167 set
561 2111 846 2175 habitura;
881 2117 939 2163 ut
968 2109 1021 2162 in
1055 2108 1140 2164 his
1191 2108 1414 2178 synodis
1445 2123 1509 2162 ea
1540 2123 1663 2178 qua
1692 2107 1760 2160 ab
1790 2116 2016 2176 utraque

443 2211 599 2272 parte
629 2201 968 2264 dicebantur,
1005 2199 1250 2269 diligenti
1302 2198 1553 2253 examine
1593 2198 2008 2253 discuterentur.

448 2294 552 2348 Sed
600 2291 1071 2347 Nicomediensem
1108 2291 1325 2360 quidem
1359 2289 1658 2360 synodum,
1707 2297 1766 2342 ut
1817 2288 2012 2357 impius

447 2385 549 2440 iste
575 2385 961 2449 calumniatur,
1000 2397 1066 2437 eo
1103 2383 1247 2452 quod
1294 2381 1540 2451 plerique
1578 2395 1766 2435 eorum
1803 2381 1857 2434 in
1882 2397 2012 2436 con-

447 2477 826 2532 substantialis
851 2475 1009 2530 ﬁdem
1043 2474 1298 2543 propensi
1328 2482 1504 2536 erant,
1527 2482 1683 2526 terra
1714 2482 1897 2527 motus
1923 2488 2012 2526 re-

447 2567 678 2635 pressit,
711 2567 806 2634 qui
846 2564 1132 2634 episcopos
1176 2562 1485 2631 quindecim
1511 2576 1743 2616 numero
1769 2562 1858 2631 qui
1891 2572 2015 2616 ante

446 2658 581 2712 alios
608 2657 968 2720 advenerant,
995 2669 1102 2708 una
1127 2667 1252 2708 cum
1294 2651 1558 2721 Cecropio
1592 2652 1836 2720 ejusdem
1867 2651 2016 2706 urbis

445 2745 699 2814 episcopo
727 2743 1021 2807 exstinxit,
1049 2757 1314 2797 concussa
1359 2742 1591 2797 ecclesia
1621 2742 1674 2795 in
1715 2757 1824 2812 qua
1858 2752 2016 2797 erant

445 2835 777 2906 congregati.
827 2834 1190 2889 Ariminensis
1231 2841 1407 2888 autem
1433 2836 1703 2904 synodus,
1734 2833 1801 2888 ad
1844 2849 2007 2901 quam

2125 1739 2250 1802 τοὺς
2277 1737 2336 1803 ἐξ
2393 1739 2532 1809 ἑῴας
2553 1741 2649 1793 καὶ
2674 1741 2878 1813 Λιϐύης
2898 1744 2989 1796 καὶ
3003 1744 3222 1817 Θρᾴκης
3242 1748 3300 1798 ὲν
3326 1747 3696 1820 Νικομηδείᾳο

2125 1831 2182 1884 αἳ
2213 1831 2282 1884 τὰ
2322 1833 2452 1903 παρ’
2483 1833 2742 1904 ἐκατέρου
2789 1835 2987 1906 μέρους
3035 1836 3322 1907 λεγόμενα,
3349 1839 3697 1911 δοκιμασίαις

2125 1921 2346 1992 ἔμελλον
2380 1921 2766 1992 παραϐάλλειν.
2800 1925 2962 1978 Ἀλλὰ
2991 1925 3087 1995 τὴν
3120 1926 3218 1996 μὲν
3245 1928 3304 1980 ἐν
3331 1927 3698 2000 Νικομηδείᾳ,

2123 2013 2198 2077 ὼς
2225 2007 2375 2076 οὗτος
2421 2015 2449 2066 ό
2480 2013 2744 2085 δυσσεϐὴς
2788 2016 3082 2087 δυσφημεί,
3127 2019 3234 2070 τῶν
3273 2018 3530 2072 πλειόνων
3556 2021 3700 2091 πρὸς

2122 2105 2182 2157 τὸ
2206 2105 2486 2175 ὁμοούσιον
2514 2108 2865 2172 νενευκότων,
2892 2109 3112 2179 σεισμὸς
3132 2110 3468 2172 ἀναστέλλει,
3503 2111 3564 2174 ὃς
3585 2115 3698 2175 τοῖς

2123 2194 2625 2266 προκαταλαϐοῦσιν
2650 2199 2729 2261 είς
2766 2196 3059 2252 δεκαπέντε
3099 2200 3190 2253 τὸν
3218 2199 3447 2270 ἀριθμὸν
3501 2201 3699 2270 ἀνηνε-

2123 2287 2423 2356 γμένοιςμ)
2441 2285 2554 2356 ἅμα
2577 2285 2669 2339 τοῦ
2691 2287 2892 2356 ταύτης
2919 2289 3212 2343 ἐπισκόπου
3232 2287 3564 2361 Κεκροπίου,
3584 2294 3699 2342 ἐπι-

2122 2380 2450 2443 κατασείσας
2490 2380 2580 2432 τὸν
2609 2381 2734 2433 ναὸν
2779 2383 2835 2433 ὲν
2880 2375 2924 2448 ᾧ
2969 2382 3330 2452 συνεδρίαζον,
3365 2381 3697 2453 διαφθείρει.

2132 2471 2196 2523 Ἥ
2235 2470 2290 2523 δὲ
2339 2471 2398 2523 ὲν
2462 2472 2755 2541 Ἀριμίνῳ,
2805 2474 2885 2534 εἰς
2929 2473 3269 2544 τριακοσίους
3317 2472 3518 2543 ἄνδρας
3575 2489 3696 2523 συ»-

2121 2559 2369 2625 ελθοῦσα,
2421 2560 2484 2613 τὸ
2538 2561 2634 2631 μὲν
2680 2563 2779 2631 τῆς
2821 2563 3007 2625 οὐσίας
3045 2563 3214 2634 δνομα
3253 2565 3331 2625 εἰς
3383 2563 3444 2615 τὸ
3500 2581 3697 2616 παντες

2121 2650 2208 2714 λὲς
2251 2650 2503 2714 διώσατο,
2542 2652 2724 2722 ὅμοιον
2758 2653 2816 2705 δὲ
2839 2653 2927 2706 τὸν
2955 2654 3082 2706 Υἱὸν
3114 2654 3191 2723 τῷ
3219 2653 3391 2724 Πατρὶ
3420 2654 3566 2707 κατὰ
3599 2655 3698 2716 τὰς

2121 2743 2344 2814 Γραφὰς
2375 2743 2784 2815 ἀνακηρύξασα,
2822 2747 3162 2817 ὑωγραφαίς
3183 2745 3338 2810 ἰδίαις
3360 2746 3699 2816 κατησφαλί-

2125 2850 2306 2888 σαντο.

443 2933 670 2988 trecenti
718 2938 1090 2988 convenerunt
1136 2929 1413 3002 episcopi.
1440 2928 1764 2987 substantia
1793 2930 2013 3000 quidem
2053 2931 2380 2984 vocabulum
2407 2931 2626 3000 penitus
2661 2932 2869 3002 rejecit.
2936 2931 3134 2987 Filium
3194 2948 3323 2988 vero
3364 2931 3516 2988 Patri
3547 2933 3699 2988 simi-

445 3027 547 3094 lem
582 3025 880 3082 secundum
931 3027 1245 3096 Scripturas
1285 3026 1622 3095 pradicans,
1658 3024 1860 3082 additis
1903 3023 2245 3094 singulorum
2272 3025 2778 3094 subscriptionibus.
2799 3025 3057 3081 ﬁrmavit.

511 3124 600 3178 H.
661 3121 904 3192 Synodus
955 3121 1226 3178 Seleucia.
1261 3153 1332 3164 —
1376 3121 1692 3179 Nicomedia
1749 3125 1897 3179 hunc
1951 3121 2005 3178 in
2035 3131 2076 3192 ο

442 3217 664 3271 modum
699 3223 856 3270 terra
902 3221 1051 3268 motu
1096 3223 1150 3269 et
1191 3214 1441 3269 incendio
1481 3229 1544 3270 ac
1584 3217 1750 3270 maris
1781 3216 2013 3270 inunda-

445 3307 616 3370 tione,
643 3315 704 3360 ut
741 3305 844 3360 iste
882 3305 976 3367 ait,
1012 3320 1200 3360 eversa
1218 3348 1232 3368 ,
1260 3305 1554 3376 multisque
1580 3307 1893 3363 hominibus
1919 3322 2015 3362 ex-

452 3398 690 3459 stinctis,
731 3397 970 3469 synodus
1000 3395 1258 3452 Seleucia
1296 3398 1511 3453 tandem
1545 3413 1870 3468 congregata
1895 3410 2008 3466 est,

455 3505 578 3542 eum
612 3488 844 3544 Basilius
868 3490 1085 3558 quidem
1112 3488 1346 3544 Nicaam
1381 3503 1706 3555 recusasset,
1735 3491 2015 3548 Eudoxius

442 3597 574 3636 vero
604 3591 658 3636 et
698 3581 887 3635 Aetius
921 3580 1152 3636 Tarsum
1199 3581 1486 3636 admittere
1531 3584 1838 3637 noluissent
1876 3582 2010 3653 (i9).

435 3673 810 3736 AtBasiliani,
838 3688 961 3727 cum
989 3674 1257 3745 synodum
1292 3675 1617 3744 quibusdam
1646 3674 2013 3729 machinatio-

443 3766 604 3821 nibus
637 3767 691 3820 in
715 3766 852 3821 duas
876 3764 1143 3824 factiones
1175 3767 1582 3829 divisissent,et
1609 3781 1854 3820 seorsum
1881 3781 2015 3820 eou-

443 3859 750 3924 venissent,
787 3858 1022 3914 similem
1068 3858 1287 3929 quidem
1322 3858 1621 3915 secundum
1646 3856 2009 3911 substantiam

440 3951 877 4016 confirmarunt;
908 3965 1004 4006 eos
1043 3964 1172 4004 vero
1197 3949 1289 4018 qui
1325 3959 1516 4004 contra
1549 3948 1816 4004 sentirent
1847 3948 2013 4017 depoo

439 4046 692 4103 suerunt,
729 4038 1011 4094 dissimilis
1041 4039 1364 4093 substantia
1395 4037 1648 4108 dogmate
1679 4040 2014 4093 condemna-

432 4140 520 4182 to.
550 4128 768 4199 Ipsique
787 4144 883 4198 per
913 4143 1034 4184 sese
1049 4129 1361 4184 Annianum
1379 4128 1682 4185 Antiochia
1695 4129 2010 4199 episcopum

442 4220 786 4275 ordinarunt.
825 4218 1107 4274 Eudoxius
1151 4228 1332 4275 autem
1366 4230 1420 4276 et
1447 4220 1668 4286 Aetius,
1695 4235 1821 4276 cum
1851 4220 2016 4276 dissi-

441 4313 588 4369 milis
656 4312 978 4368 substantia
1044 4311 1236 4381 dogma
1304 4311 1506 4382 scripto
1561 4311 2012 4375 conﬁrmassent.

433 4402 647 4458 litteras
673 4417 802 4457 suas
831 4415 1271 4471 quaquaversum
1295 4402 1582 4458 miserunt.

510 4495 598 4550 l2.
654 4493 898 4564 Synodus
944 4492 1730 4564 Constantinopoli—Verum
1765 4495 2003 4564 impera-

433 4596 523 4642 :or
554 4587 638 4642 bis
679 4587 748 4641 de
782 4585 946 4641 rebus
971 4585 1172 4642 certior
1200 4584 1398 4650 factus,
1426 4586 1708 4641 universos
1730 4585 2000 4642 Constan-

2186 3128 2273 3176 ια’.
2327 3122 2450 3176 Ὀτι
2496 3122 2596 3192 τῆς
2623 3119 2990 3192 Νικομηδείας
3038 3119 3245 3190 σεισμῷ
3296 3121 3391 3174 καὶ
3435 3124 3575 3193 πυρὶ
3605 3128 3697 3178 καὶ

2111 3212 2386 3286 θαλάσσης
2425 3211 2706 3266 ἐπικλύσει
2749 3211 3268 3283 κατερειπωθείσης,
3307 3213 3386 3278 ὼς
3417 3208 3578 3279 οὗτος
3611 3217 3695 3269 λέ-

2109 3322 2214 3373 γει.
2254 3307 2348 3360 καὶ
2377 3305 2585 3359 πολλῶν
2622 3302 2924 3377 ἀνθρώπων
2963 3302 3383 3377 διαφθαρέντων,
3418 3306 3452 3374 ἡ
3479 3306 3698 3369 σύνοδος

2108 3396 2167 3448 ὲν
2197 3394 2482 3465 Σελευκείᾳ
2507 3395 2605 3467 τὴν
2640 3394 2898 3449 σύστασιν
2926 3395 3190 3466 λαμϐάνει
3209 3413 3222 3426 ·
3279 3397 3386 3452 τῶν
3417 3397 3520 3468 μὲν
3566 3400 3697 3471 περὶ

2108 3487 2386 3542 Βασίλειον
2406 3487 2504 3559 τὴν
2516 3489 2749 3542 Νικαίαν
2775 3489 3289 3561 παραιτησαμένων,
3326 3490 3433 3545 τῶν
3463 3492 3521 3545 δὲ
3549 3495 3697 3565 ἀμφὶ

2110 3581 2201 3634 τὸν
2229 3581 2476 3647 Εὐδόξιον
2511 3582 2606 3635 καὶ
2634 3582 2839 3637 Ἀέτιον
2877 3583 2976 3654 τὴν
3007 3584 3217 3655 Ταρσὸν
3243 3583 3304 3636 ού
3337 3590 3696 3657 προσηκαμέ-

2111 3689 2236 3726 νων.
2266 3673 2330 3725 Ui
2356 3673 2413 3726 δὲ
2451 3673 2577 3744 περὶ
2603 3673 2882 3728 Βασίλειον
2911 3677 3179 3746 μηχαναῖς
3209 3675 3305 3747 τὴν
3336 3676 3555 3731 σύνοδον
3579 3678 3696 3732 δια-

2112 3767 2426 3836 στήσαντες,
2454 3766 2548 3818 καὶ
2574 3765 2694 3819 καθ’
2716 3768 2940 3829 ἑαυτοὺς
2969 3767 3433 3838 συνεδριάσαντες,
3461 3769 3696 3840 κυροῦσι

2111 3856 2213 3927 μὲν
2246 3855 2308 3909 τὸ
2353 3857 2476 3910 κατ’
2507 3857 2694 3910 οὐσίαν
2736 3857 2941 3928 ὅμοιον,
2983 3856 3110 3920 τοὺς
3154 3856 3199 3909 δ’
3232 3857 3695 3928 ἀντιφερομένους

2111 3946 2480 4019 καθαιροῦσιν,
2509 3946 2955 4018 ἀποκηρύξαντες
2983 3947 3045 4000 τδ
3071 3948 3422 4018 ἑτεροούσιον,
3452 3948 3548 4002 καὶ
3577 3967 3694 4019 χει-

2111 4038 2419 4110 ροτονοῦσιν
2451 4039 2605 4091 αὐτοὶ
2643 4037 2766 4092 καθ’
2787 4038 3013 4102 ἑαυτοὺς
3035 4039 3328 4093 ἐπίσκοπον
3357 4039 3454 4108 τῆς
3479 4041 3690 4094 Ἀντιο-

2110 4129 2263 4201 χείας
2305 4130 2566 4184 Ἀνιανόν.
2601 4130 2751 4201 Πλήν
2795 4147 2860 4198 γε
2903 4132 2998 4186 καὶ
3045 4132 3095 4184 oi
3150 4133 3276 4204 περὶ
3311 4129 3564 4199 Εύδὸξιον
3593 4134 3692 4188 καὶ

2111 4220 2336 4286 Ἀέτιον,
2362 4222 2424 4275 τὸ
2448 4221 2782 4292 ὲτεροούσιον
2809 4212 3101 4294 ἐγγράφως
3122 4223 3539 4294 κρατυνάμενοι,
3558 4243 3693 4278 πανο

2107 4312 2277 4385 ταχοῦ
2302 4313 2394 4368 τδν
2421 4314 2586 4385 τόμον
2611 4313 3032 4384 διαπέμπουσιν.

2183 4488 2269 4558 ιβ’.
2338 4488 2396 4544 Ὀ
2438 4489 2497 4543 δὲ
2545 4489 2797 4560 βασιλεὺς
2848 4490 3020 4544 ταῦτα
3077 4490 3294 4562 μαθὼν,
3348 4492 3691 4564 προσέταξεν

2109 4583 2354 4646 ἅπαντας
2391 4585 2467 4646 είς
2509 4583 2609 4653 τὴν
2638 4583 3202 4638 Κωνσταντινούπολιν
3249 4585 3515 4656 ἁπαντᾷν.
3572 4589 3687 4643 Καὶ

1659 4772 1906 4816 V’ALESII
1948 4770 2422 4815 ANNOTATIONES
2433 4801 2444 4812 .

435 4918 503 4958 ex
555 4904 797 4974 sequenti
857 4901 1126 4974 vocabulo
1171 4915 1450 4974 perperam
1498 4900 1789 4974 geminata.
1838 4898 2004 4953 Paulo

438 4983 561 5041 post
584 4970 681 5044 pro
713 4973 996 5044 ὁμοούσιον
1020 5014 1034 5036 ,
1087 4971 1272 5040 procul
1314 4971 1483 5044 dubio
1509 4970 1879 5044 scribendum
1920 4981 2005 5044 est

435 5039 761 5126 δμοιούριονζ
803 5041 959 5108 Quod
995 5039 1272 5097 conﬁrmat
1314 5039 1711 5112 Pliilostorgius
1745 5041 1799 5093 in
1830 5041 2004 5110 capite

438 5113 528 5177 ιε,
561 5113 720 5166 infra.

508 5184 618 5252 (18)
652 5182 986 5252 Theodorit.,
1014 5182 1056 5252 Vl.
1091 5197 1148 5247 ιι,
1166 5195 1215 5235 c.
1248 5181 1301 5252 6.

535 5185 618 5252 18)
652 5185 986 5243 Theodorit.,
1018 5185 1056 5234 l.
1091 5197 1148 5247 ιι,
1166 5195 1215 5235 c.
1248 5185 1301 5235 6.

508 5185 620 5325 iw)
650 5251 986 5314 Theodorit.,
1012 5251 1047 5305 l.
1087 5267 1147 5314 ιι,
1180 5267 1230 5306 c.
1259 5250 1350 5305 26.

2183 4892 2924 4967 (20)Hpoa.fwuex.1tpé_ror.
2949 4891 3098 4947 Hunc
3134 4896 3310 4949 locum
3358 4897 3571 4951 restitui
3617 4917 3684 4953 ιιι

2114 4965 2214 5022 ms.
2257 4965 2443 5021 Codice
2479 4966 2749 5021 Samuelis
2781 4965 3028 5021 Bocharti
3053 5007 3067 5030 ,
3092 4967 3179 5020 cui
3212 4967 3483 5020 consentit
3513 4973 3682 5022 etiam

2114 5037 2502 5091 Scoriaccnsis.
2556 5036 3056 5106 Interpretationcm
3103 5048 3281 5091 autem
3319 5036 3682 5099 Gothofredi.

2112 5107 2426 5163 Holstenius
2452 5109 2517 5160 ad
2548 5108 2686 5162 latus
2711 5108 2794 5160 sui
2826 5107 3030 5162 codicis
3053 5108 3123 5161 ita
3145 5117 3456 5163 correxerat
3485 5127 3498 5162 :
3527 5107 3686 5162 Inter

2111 5178 2244 5231 alios
2299 5177 2668 5231 Macedonium
2723 5177 3389 5246 Constantinapolitanum,
3433 5183 3682 5247 quamvis

2112 5257 2232 5302 ante
2257 5250 2311 5302 in
2350 5247 2596 5301 Eunumii
2626 5257 2801 5316 partes
2850 5249 3183 5313 inclinatum,
3212 5250 3265 5300 in
3300 5264 3453 5301 suam
3480 5249 3684 5303 nihilo-

2111 5319 2284 5372 minus
2311 5319 2618 5372 sententiam
2640 5327 3025 5386 pertraxerunt.

1904 5449 2230 5495 VARIORUM
2239 5481 2250 5492 .

507 5579 580 5648 (a)
610 5577 760 5662 ΞρῖςΙ
797 5573 1896 5662 προκαταλαϐοῦσιν-ἀγηνεγμένοις.
1955 5573 2012 5626 Vi

2124 5592 2174 5632 ιι·
2203 5576 2488 5646 legendum
2534 5574 2662 5636 τοὺς
2720 5568 3680 5643 προκατολαϐοῧντας--ἀνηνςτμί-

439 5645 579 5715 mag.
610 5647 697 5704 W.
729 5645 928 5702 Lowth.
