3828 6378
129 259 222 312 525

1142 250 1700 307 ECCLESIASTICE
1736 252 2083 308 HISTORIA?
2115 254 2242 308 LIB.
2283 253 2368 309 IV.

3251 257 3353 314 59.6

128 371 182 440 δὴ
207 364 650 437 συναθροίζονται
683 363 747 417 ἐκ
777 381 835 417 τε
866 363 972 416 τῶν
1001 365 1269 436 ἑσπερίων
1301 366 1521 435 καὶ⁶τῆς
1552 366 1690 437 ἑῴας

1809 369 2077 439 Linopolim
2104 371 2396 425 convenire
2419 370 2605 438 jussit.
2641 369 2982 424 Conveniunt
3010 369 3212 440 itaque.
3239 379 3356 425 tum

131 462 211 514 καὶ
241 459 450 528 Λιὸύης
492 456 689 528 μικροῦ
740 456 1071 526 σύμπαντες.
1120 459 1586 530 οΠροειστήκεισαν
1633 461 1689 512 δὲ

128 553 222 608 τῶν
252 553 354 622 μὲν
384 551 504 606 κατ’
539 550 726 603 οὐσίαν
752 551 934 619 ὅμοιον
961 550 1388 619 πρεσϐευόντων,
1416 551 1692 613 Βασίλειός

127 661 179 698 τε
217 644 310 695 καὶ
340 640 667 702 Εὐστάθιοςο
711 634 794 703 οἷς
817 640 962 693 ἄλλοι
995 658 1052 694 τε
1085 642 1179 694 καὶ
1207 642 1479 705 Βασίλειος
1508 643 1692 713 ἔτερος

130 733 296 804 παρῆν
326 730 694 794 συνασπίζων,
724 731 985 784 διακόνων
1011 729 1090 783 ἔτι
1113 733 1264 798 τάξιν
1287 732 1444 802 ἔχων,
1467 733 1693 803 δυνάμει

130 828 218 896 μὲν
239 825 336 878 τοῦ
379 825 558 892 λέγειν
593 823 804 877 πολλῶν
858 825 1143 895 προφέρων
1169 865 1184 889 ,
1239 825 1316 895 τῷ
1340 825 1397 877 δὲ
1420 828 1517 895 τῆς
1550 825 1691 892 γνώ-

128 934 225 988 μης
254 917 490 986 ἀθαρσεί
519 913 630 984 (Ἡ)
665 917 800 986 πρὸς
834 917 958 979 τοὺς
997 917 1207 979 κοινοὺς
1240 917 1694 987 ὑποστελλόμενος

126 1005 353 1069 ἀγῶνας,
389 1004 510 1058 Ἱῶν
539 1005 594 1057 δὲ
617 1005 678 1057 τὸ
711 1004 1066 1077 έτεροούσιον,
1097 1005 1302 1065 Ἀέτιος
1339 1006 1437 1077 μὲν
1472 1007 1565 1059 καὶ
1592 1008 1695 1059 Εὐ·

127 1098 297 1167 νόμιος
324 1097 594 1168 ὑπῆρχον,
616 1099 665 1150 οἳ
690 1099 790 1167 τὴν
820 1097 1048 1167 δύναμιν
1074 1098 1256 1168 ἄκροι,
1282 1098 1540 1151 διακόνων
1564 1099 1693 1152 ἐκά-

125 1206 268 1260 τερος
295 1189 508 1259 βαθμὸν
541 1188 698 1259 ἔχων.
755 1189 1073 1243 Ἐπίσκοποι
1104 1189 1159 1242 δὲ
1190 1189 1695 1261 δευτεραγωνιστῶν

126 1282 270 1351 χορὸν
314 1279 738 1351 ἐκπληροῦντες,
767 1281 962 1352 Μάρης
1005 1298 1063 1334 τε
1096 1281 1189 1334 καὶ
1217 1280 1483 1345 Εὑδόξιος,
1520 1282 1546 1332 ὁ
1574 1280 1694 1333 τότε

125 1373 558 1443 τῆςἈντιοχείας
577 1373 975 1442 ἐπισκοπήσας,
1000 1372 1223 1444 ὕστερον
1246 1373 1302 1425 δὲ
1330 1373 1424 1425 καὶ
1445 1373 1536 1425 τὸν
1549 1375 1697 1426 Κων-

127 1464 615 1528 σταντινουπόλεως
643 1462 889 1516 ὑπελθὼν
924 1464 1128 1534 θρόνον.
1185 1464 1296 1516 Καὶ
1322 1463 1384 1533 δὴ
1411 1465 1503 1516 καὶ
1537 1463 1698 1515 Ἀκά-

126 1571 228 1618 xta;
249 1556 279 1606 ό
299 1555 402 1625 τῆς
426 1554 795 1608 Παλαιστίνων
816 1541 1167 1624 Κάισαρείας,
1185 1552 1282 1624 τὴν
1301 1553 1434 1624 πρὸς
1460 1553 1698 1616 ἐκείνους

123 1646 550 1718 ὑποκρινόμενος
579 1646 881 1716 ὀμοδοξίαν,
913 1646 998 1716 ἐφ’
1029 1640 1074 1713 ᾧ
1101 1647 1226 1708 τοὺς
1257 1646 1385 1716 περὶ
1419 1644 1697 1698 Βασίλειον

1793 476 1859 514 ex
1919 461 2248 535 Occidentis
2282 462 2565 531 partibus,
2620 472 2730 515 tum
2785 479 2849 517 ex
2891 460 3109 517 Oriente
3147 477 3213 517 ac
3265 462 3357 518 Li-

1795 554 1896 622 bya
1923 551 2035 607 fere
2079 553 2315 607 universi
2352 552 2484 621 (25).
2519 551 2585 605 Et
2631 567 2821 607 eorum
2869 553 3088 622 quidem
3131 553 3224 622 qui
3268 551 3360 606 Fi-

1796 645 1926 697 lium
1959 645 2190 698 similem
2223 647 2520 699 secundum
2554 645 2909 699 substantiam
2943 644 3354 714 proﬁtebantur,

1797 735 2142 805 antesignani
2194 750 2345 788 erant
2397 733 2633 790 Basilius
2677 743 2732 788 et
2771 734 3104 791 Eustathius.
3151 734 3359 800 Quibus

1798 834 1910 880 tum
1949 826 2040 880 alii
2085 827 2309 881 aderant
2342 827 2618 896 suppetias
2656 826 2921 888 ferentes,
2977 838 3090 881 tum
3126 827 3359 884 Basilius

1796 918 1954 980 alter,
1995 919 2132 972 intra
2165 918 2378 972 diaconi
2414 919 2637 987 gradum
2680 920 2840 972 etiam
2880 929 2990 972 tum
3021 919 3358 986 subsistens;

1797 1006 2012 1061 dicendi
2039 1007 2254 1075 quidem
2283 1006 2539 1061 facultate
2567 1007 2749 1060 multis
2779 1008 3047 1076 superior,
3073 1024 3261 1062 verum
3289 1009 3361 1062 ob

1798 1096 2147 1151 timiditatem
2182 1112 2246 1152 ac
2273 1098 2531 1167 pusillum
2570 1098 2812 1152 animum
2843 1100 3085 1168 publicas
3114 1101 3363 1171 disputa-

1799 1188 1974 1242 tiones
2001 1188 2330 1241 detreetans.
2363 1187 2565 1241 Eorum
2605 1204 2734 1243 vero
2754 1191 2845 1258 qui
2883 1190 3200 1247 dissimilem
3233 1194 3363 1248 sub-

1800 1279 2057 1332 stantiam
2078 1279 2461 1348 przrdicahant,
2482 1280 2671 1334 Aetius
2704 1282 2922 1348 quidem
2955 1291 3008 1335 et
3040 1282 3359 1345 Eunomius,

1799 1377 2063 1438 quantum
2107 1369 2172 1422 ad
2226 1371 2330 1423 vim
2370 1386 2437 1424 ac
2487 1372 2784 1439 potentiam
2837 1373 3060 1436 attinet,
3107 1376 3362 1444 praecipui

1799 1469 1976 1523 erant,
2015 1471 2243 1529 uterque
2273 1459 2484 1514 diaconi
2517 1461 2782 1513 duntaxat
2825 1462 3077 1516 obtinens
3111 1463 3359 1531 gradum.

1803 1550 2082 1607 Secundas
2117 1561 2296 1606 autem
2330 1552 2397 1605 ab
2428 1554 2513 1606 bis
2544 1561 2725 1621 partes
2758 1553 3054 1622 implebant
3083 1556 3321 1626 episcopi
3347 1595 3365 1621 ,

1799 1643 1962 1698 Maris
2000 1654 2055 1699 et
2100 1643 2410 1709 Eudoxius,
2447 1646 2539 1714 qui
2580 1655 2689 1699 tum
2725 1647 2943 1714 quidem
2993 1647 3363 1718 episcopatum

123 1735 502 1805 ἀντιλυπῆσαι,
533 1735 666 1788 διότι
696 1736 937 1788 κάκεῖνοι
965 1734 1230 1805 Κύριλλον
1256 1735 1364 1786 τῶν
1406 1734 1698 1805 Ἱεροσολύ-

1809 1746 2041 1806 gesserat
2069 1736 2392 1799 Antiochiae,
2425 1745 2609 1805 postea
2647 1752 2774 1791 vero
2809 1736 2875 1790 ad
2907 1736 3366 1807 Constantinopo-
3466 1747 3469 1749 ’

123 1847 234 1898 μων
274 1828 372 1880 ὑπ’
416 1827 581 1880 αὑτοῦ
631 1825 905 1879 παυθέντα
950 1825 1043 1879 τοῦ
1099 1825 1366 1896 ἱερᾶσθαι,
1413 1825 1502 1878 διὰ
1531 1825 1698 1895 τιμῆς

122 1921 336 1991 ἔφερον.
364 1917 475 1973 Ἦν
502 1920 558 1974 δὲ
585 1919 880 1983 ὁἋκάκιος
906 1918 1203 1991 θαρσαλέος
1233 1919 1330 1990 μὲν
1355 1921 1411 1972 ὲν
1432 1920 1543 1980 τοῖς
1562 1917 1700 1985 ἀγῶ-

125 2029 192 2074 σι,
218 2010 579 2081 διανοηθῆναί
616 2027 675 2063 τε
705 2011 1030 2081 πράγματος
1061 2009 1223 2078 φύσιν
1265 2007 1410 2073 ὀξὺς,
1441 2009 1534 2062 καὶ
1558 2008 1700 2078 λόγῳ

121 2102 359 2172 δηλῶσαι
391 2102 452 2155 τὸ
478 2100 684 2170 γνωθὲν
709 2101 911 2164 ἱκανός.
967 2099 1058 2166 Ἐξ
1081 2094 1140 2153 οὗ
1170 2099 1265 2153 καὶ
1289 2099 1358 2152 τά
1381 2098 1583 2169 ταύτης
1605 2099 1702 2168 τῆς

123 2193 342 2245 συνόδου
388 2192 697 2262 γράμματα
727 2191 870 2261 (22),
922 2189 1090 2243 πολλά
1124 2189 1182 2243 δέ
1227 2191 1394 2253 ἐστιν,
1437 2185 1589 2253 οὗτος
1633 2185 1701 2260 ἦν

120 2285 276 2353 μόνος
308 2286 342 2336 ὁ
367 2281 757 2354 διατιθέμενος.
787 2283 880 2346 Εἰς
905 2281 1136 2352 άμιλλαν
1156 2276 1247 2335 οὖν
1267 2280 1551 2351 δογμάτων
1577 2282 1728 2333 ἑκά-ο

120 2376 277 2446 τέρας
325 2373 527 2445 μοίρας
578 2373 948 2442 καταστάσης,
995 2374 1023 2425 ό
1063 2373 1160 2443 μὲν
1202 2371 1479 2434 Βασίλειος
1511 2370 1618 2423 τῶν
1644 2371 1704 2422 τὸ

119 2466 408 2536 ὁμοούσιον
463 2464 791 2528 δοξαζόντων
838 2462 1168 2535 προηγόρει,
1205 2464 1252 2515 οἱ
1294 2461 1349 2514 δὲ
1385 2459 1479 2514 τοῦ
1524 2463 1705 2531 ἑτερο-

117 2558 296 2612 ουσίου
328 2557 475 2627 ὑπὲρ
505 2558 758 2610 ἁπάντων
789 2556 968 2623 λέγειν
988 2554 1080 2606 τὸν
1103 2554 1304 2606 Ἀέτιον
1334 2551 1701 2623 προῦστησαν,

120 2648 551 2712 συνασπίζοντος
596 2647 744 2719 αὐτῷ
789 2647 882 2700 καὶ
916 2645 1205 2717 Εὑνομίου.
1252 2645 1338 2707 Ὠς
1380 2644 1437 2696 δὲ
1475 2640 1614 2697 εἶδον
1656 2647 1704 2697 οἱ

116 2745 257 2814 ἀμφὶ
299 2743 401 2796 τὸν
435 2741 710 2794 Βασίλειον
750 2739 1189 2811 προϐεὸλημένον
1227 2739 1409 2800 αὐτοῖς
1451 2738 1531 2800 είς
1560 2739 1707 2790 am-

117 2835 304 2902 λογίαν
338 2833 437 2886 τὸν
467 2832 693 2893 Ἀέτιον,
727 2830 1001 2893 δείσαντες
1029 2829 1193 2882 αὑτοῦ
1221 2827 1319 2899 τὴν
1342 2828 1571 2897 δύναμιν
1596 2827 1705 2880 τῶν

117 2928 312 2997 λόγων,
356 2927 460 2978 οὐκ
500 2925 713 2994 ἔφασαν
750 2923 860 2975 δεῖν
901 2921 1232 2984 ἐπισκόπους
1274 2920 1435 2984 ὂντας
1471 2921 1705 2989 διακόνῳ

117 3020 245 3088 περὶ
273 3019 570 3086 δογμάτων
610 3017 688 3078 εἰς
727 3014 918 3082 λόγους
952 3011 1333 3067 καθίστασθαι.
1401 3011 1708 3064 Ἀντειπόν-

116 3126 222 3162 των
248 3109 311 3162 δὲ
329 3107 442 3161 τῶν
464 3106 887 3176 διαφερομένων,
911 3103 985 3167 ὼς
1005 3103 1106 3156 οὐκ
1131 3102 1287 3169 ἀξίας
1317 3103 1412 3156 νῦν
1436 3103 1553 3155 ἐστι
1585 3102 1707 3173 κρίο

116 3219 234 3265 σις,
292 3200 416 3254 ἀλλ’
455 3197 712 3268 ἀληθείας
757 3194 1104 3265 ἐπιζήτησις,
1173 3193 1416 3263 δέχονται
1473 3193 1570 3263 μὲν
1616 3195 1711 3244 καὶ

117 3295 351 3354 ἄκοντες
384 3292 434 3344 οἱ
465 3289 594 3362 περὶ
624 3288 903 3341 Βασίλειον
933 3285 1010 3358 (a)
1038 3287 1130 3339 τὸν
1156 3286 1340 3353 ἀγῶνα
1361 3301 1374 3315 ·
1398 3286 1490 3338 καὶ
1521 3284 1596 3346 ὼς
1624 3279 1712 3337 οὗ-

116 3405 207 3450 τος
229 3386 414 3453 λέγει,
446 3383 589 3437 κατὰ
613 3382 812 3453 κράτος
844 3384 910 3451 τῇ
935 3380 1030 3433 τοῦ
1058 3378 1266 3432 Ἀετίου
1300 3375 1520 3449 γλώσσῃ
1546 3377 1711 3446 ἡττή-

116 3480 319 3551 θησαν,
353 3477 435 3538 ὠς
486 3475 560 3546 μὴ
608 3474 767 3545 μόνον
806 3471 1157 3542 ὁμολογῆσαι,
1191 3467 1567 3539 παρηλλάχθαι
1614 3465 1712 3531 τὴν

118 3570 208 3623 τοῦ
237 3566 605 3637 γεννηθέντος
628 3565 816 3616 οὐσίαν
840 3562 976 3634 πρὸς
997 3561 1096 3632 τὴν
1123 3558 1217 3613 τοῦ
1247 3558 1589 3628 γειναμένου,
1619 3558 1712 3608 καὶ

118 3659 260 3712 κατά
294 3657 472 3727 μηδὲν
502 3657 797 3717 κοινωνεῖν,
823 3653 956 3706 ἀλλά
979 3651 1072 3705 καὶ
1095 3652 1238 3722 χειρὶ
1263 3651 1440 3721 οἰκείᾳ
1465 3650 1562 3720 τὴν
1585 3653 1714 3719 όμοο

116 3753 336 3820 λογίαν,
363 3747 578 3801 ’Δετίου
609 3745 765 3799 τοῦτο
810 3743 1376 3816 προσαπαιτήσαντος,
1412 3741 1712 3810 βεϐαιώσα-

121 3844 274 3896 σθαι.
323 3839 592 3895 Μαθόντα
625 3839 682 3891 δὲ
715 3835 888 3890 ταῦτα
914 3835 1006 3888 τὸν
1055 3833 1300 3903 βασιλέα,
1333 3833 1426 3885 καὶ
1457 3832 1524 3902 ἢν
1548 3832 1714 3886 πάλαι

119 3934 420 3993 Βασίλειος
455 3930 597 3984 κατά
622 3929 830 3982 ’Δετίου
864 3925 1116 3996 διαϐολὴν
1147 3923 1551 3984 συνεσκευάκει,
1576 3923 1715 3976 κατά

121 4027 304 4096 μέσης
335 4024 441 4092 τῆς
472 4020 703 4092 καρδίας
730 4018 1088 4088 ἀκμάζουσαν
1131 4015 1385 4086 φέροντα,
1415 4013 1477 4066 τὸ
1501 4030 1713 4066 συνενε-

116 4119 249 4190 χθὲν
281 4115 538 4190 ἁρπάσαι
563 4113 698 4184 πρὸς
722 4112 821 4183 τὴν
843 4111 944 4181 τῆς
981 4109 1152 4181 ὀργῆς
1179 4108 1542 4178 ἐκπλήρωσιν.
1601 4106 1717 4158 Διό-

116 4229 228 4284 περ
279 4211 460 4281 ἄμφω
490 4209 588 4278 μὲν
639 4209 718 4270 είς
760 4206 888 4259 θέαν
931 4204 1251 4274 παρίστησι,
1295 4199 1717 4254 διαπυνθάνεται

116 4303 177 4357 δὲ
216 4302 321 4357 τοῦ
369 4301 675 4365 Βασιλείου,
719 4300 842 4352 τίνα
877 4297 942 4352 ἂν
1007 4297 1114 4365 εἴη.
1159 4289 1242 4358 οἷς
1281 4294 1595 4346 ἐπαιτιᾶται
1627 4291 1716 4344 τὸν

1801 1828 2022 1882 Litanam
2051 1828 2233 1882 sedem
2261 1835 2546 1896 promotus
2584 1836 2687 1892 est,
2727 1829 2963 1898 itemque
2992 1830 3222 1885 Aeacius
3256 1833 3369 1900 epi-

1802 1935 2004 1990 scopus
2029 1917 2292 1975 Caesareae
2321 1907 2627 1974 Palaestinae
2651 1921 2742 1990 qui
2777 1937 2835 1976 se
2868 1936 2988 1975 cum
3010 1923 3118 1978 illis
3139 1939 3370 1978 consen-

1801 2013 1904 2068 tire
1935 2012 2259 2075 simulabat,
2307 2021 2366 2066 ut
2392 2011 2652 2066 Basilium
2695 2013 2931 2068 vicissim
2973 2014 3164 2070 dolore
3191 2015 3369 2070 allice-

1802 2111 1908 2164 ret.
1959 2110 2241 2170 prapterea
2291 2103 2436 2170 quod
2472 2099 2708 2156 Basilius
2757 2102 3018 2172 Cyrillum
3057 2102 3370 2175 Hierosoly-

1804 2209 2019 2249 morum
2043 2193 2357 2262 episcopum
2381 2194 2450 2247 ab
2489 2193 2609 2262 ipso
2647 2193 2951 2262 depositum
2973 2235 2987 2259 ,
3015 2195 3371 2250 nihilominus

1803 2285 2014 2340 honore
2069 2284 2357 2339 alliciebat.
2413 2283 2542 2338 Erat
2591 2299 2754 2354 porro
2800 2286 3034 2340 Aeacius
3094 2288 3268 2341 audax
3315 2287 3371 2342 in

1804 2375 2285 2446 disputationibus,
2312 2375 2452 2428 idem
2477 2375 2531 2428 in
2561 2376 2949 2446 dignoseendis
2975 2378 3208 2448 negotiis
3237 2393 3370 2432 aeu--

1808 2463 2075 2525 tissimus,
2107 2470 2160 2515 et
2207 2463 2272 2514 ad
2309 2462 2662 2530 exponendos
2701 2463 2870 2518 animi
2896 2465 2981 2519 sui
3009 2481 3205 2519 sensus
3239 2469 3373 2521 satis

1805 2553 2063 2608 disertus.
2102 2551 2254 2607 Unde
2293 2554 2455 2607 etiam
2501 2563 2619 2609 aeta
2663 2554 2826 2624 bujus
2869 2556 3091 2626 synodi,
3117 2572 3237 2625 quae
3263 2573 3373 2610 non

1805 2659 1975 2714 pauca
2010 2655 2158 2708 sunt,
2182 2645 2250 2698 ab
2278 2644 2382 2699 hoc
2413 2660 2524 2699 uno
2559 2646 2767 2716 digesta
2812 2661 2876 2701 ac
2903 2647 3164 2715 disposita
3198 2647 3371 2702 fuere.

1807 2737 1942 2790 Cum
1973 2737 2138 2805 igitur
2179 2736 2351 2789 ambae
2379 2746 2562 2806 partes
2597 2737 2650 2790 in
2691 2747 2966 2792 certamen
3012 2738 3078 2791 de
3109 2737 3377 2807 dogmati-

1807 2829 1910 2884 bus
1962 2827 2078 2882 suis
2127 2827 2429 2891 venissent,
2466 2843 2655 2883 eorum
2689 2829 2908 2899 quidem
2938 2829 3033 2899 qui
3068 2828 3273 2884 Filium
3301 2829 3376 2885 si-

1808 2921 1993 2975 milem
2030 2919 2328 2975 secundum
2353 2921 2712 2976 substantiam
2749 2919 3163 2990 profitebantur,
3197 2930 3378 2990 patro-

1812 3031 1915 3070 nus
1948 3022 2065 3068 erat
2089 3013 2341 3068 Basilius.
2375 3011 2477 3078 Qui
2510 3027 2640 3066 vero
2663 3011 2982 3066 dissimilem
3016 3012 3375 3066 substantiam

1813 3105 2156 3167 asserebant,
2182 3103 2394 3156 Aetium
2425 3118 2603 3158 causze
2634 3118 2746 3156 suae
2768 3113 3057 3172 patronum
3087 3103 3380 3156 constitue-

1814 3206 1973 3260 runt,
2019 3195 2276 3264 adjuncto
2327 3196 2378 3249 ei
2409 3193 2701 3248 Eunomio.
2732 3194 2902 3247 Porro
2931 3192 3167 3248 Basilius
3197 3204 3250 3247 et
3281 3195 3375 3264 qui

1813 3304 1937 3344 eum
1978 3287 2070 3341 illo
2102 3297 2293 3353 erant,
2324 3302 2448 3341 eum
2485 3287 2700 3340 Aetium
2731 3287 3101 3340 adversarium
3133 3287 3235 3340 srbi
3279 3301 3377 3355 op-

1815 3379 2051 3449 positum
2083 3377 2369 3438 vidissent,
2410 3376 2530 3444 ejus
2574 3375 2787 3430 dicendi
2835 3376 2942 3429 vim
2988 3375 3378 3439 formidantes,

1813 3469 2130 3522 indecorum
2158 3481 2280 3521 esse
2309 3466 2564 3520 dixerunt
2603 3475 2663 3518 ut
2695 3465 2934 3534 episcopi
2987 3467 3058 3520 de
3110 3465 3380 3535 dogmati-

1815 3562 1916 3614 bus
1945 3559 2069 3613 fidei
2100 3573 2223 3613 cum
2262 3558 2495 3611 diacono
2523 3565 2816 3611 certarent.
2850 3556 2956 3612 Sed
2992 3572 3114 3612 cum
3143 3557 3386 3613 adversa:

1817 3652 1981 3722 partis
2046 3648 2315 3704 antistites
2371 3648 2781 3712 reclamassent,
2848 3663 2955 3702 non
3009 3648 3076 3702 de
3121 3648 3384 3718 dignitate

1819 3757 2055 3811 praesens
2090 3739 2385 3808 judicium,
2428 3739 2520 3792 sed
2560 3738 2808 3792 veritatis
2841 3737 3178 3807 inquirendte
3217 3754 3382 3793 causa

1818 3833 2126 3888 institutum
2177 3847 2298 3887 esse
2345 3830 2590 3885 dicentes
2613 3869 2628 3893 ,
2667 3829 2901 3884 Basilius
2937 3830 3059 3883 licet
3094 3831 3298 3884 invitus
3329 3832 3381 3884 in

1818 3933 2094 3979 certamen
2120 3922 2433 3988 descendit;
2466 3931 2520 3977 et
2548 3923 3003 3992 quemadmodum
3040 3923 3140 3977 iste
3171 3924 3380 3984 scribit,

1818 4018 1886 4070 ab
1919 4015 2057 4070 Aetii
2099 4015 2282 4084 lingua
2332 4013 2546 4083 penitus
2597 4012 2841 4068 devictus
2872 4023 2988 4076 est,
3024 4015 3158 4067 adeo
3191 4024 3250 4068 ut
3276 4031 3383 4068 non

1820 4109 1999 4163 solum
2035 4105 2322 4160 confessus
2345 4103 2530 4168 fuerit,
2567 4104 2928 4159 substantiam
2964 4106 3128 4175 geniti
3167 4105 3386 4161 differre

1822 4215 1853 4253 a
1893 4199 2196 4254 substantia
2235 4197 2533 4264 genitoris,
2589 4211 2690 4251 nec
2733 4196 2840 4250 ulla
2876 4197 2928 4250 in
2968 4212 3026 4250 re
3065 4199 3385 4258 convenire,

1819 4306 2009 4346 verum
2042 4290 2204 4343 etiam
2247 4288 2478 4357 propria:
2529 4302 2725 4342 manus
2765 4287 3200 4357 subscriptione,
3249 4290 3387 4343 sicut

132 4397 379 4450 Ἀέτιον.
421 4395 481 4448 '0
521 4394 609 4458 δὲ,
650 4396 738 4458 Ὠς
761 4393 1041 4462 ἀνόμοιον,
1088 4390 1224 4458 ἔφη,
1274 4387 1352 4457 τῷ
1405 4386 1580 4456 Πατρὶ
1627 4384 1699 4436 τὸε

1821 4383 2009 4437 Aetius
2062 4381 2451 4450 postulaverat,
2507 4378 2908 4434 confessionem
2954 4395 3108 4433 suam
3140 4380 3390 4434 firmave-

119 4488 257 4541 Υίδν
281 4487 615 4557 εἰσηγεῖται.
651 4481 1010 4554 Ἀμείψασθαι
1040 4481 1095 4534 δὲ
1125 4480 1262 4552 πρὸς
1283 4477 1459 4532 ταῦτα
1487 4479 1577 4531 τὸν
1597 4476 1715 4529 Ἀέ-

119 4597 239 4633 τιον
263 4597 281 4611 ·
341 4575 602 4631 τοσοῦτον
641 4577 809 4630 ἐνδεῖν
843 4575 921 4647 τῷ
962 4575 1139 4645 Πατρὶ
1175 4573 1268 4626 τὸν
1301 4571 1429 4626 Υίὸν
1466 4570 1714 4639 ἀνόμοιον

1822 4475 1912 4529 rit.
1943 4472 2074 4539 Quae
2106 4487 2229 4526 cum
2270 4469 2551 4524 didicisset
2587 4470 2912 4539 imperator,
2953 4479 3006 4523 et
3054 4469 3386 4524 calumniam

1825 4581 1986 4636 quam
2019 4564 2252 4619 Basilius
2286 4563 2339 4615 in
2372 4560 2588 4615 Aetium
2617 4561 2973 4622 conﬂuxerat,
3002 4559 3182 4614 adhuc
3208 4561 3387 4630 vigen-

1370 4697 1612 4742 VALESII
1652 4692 2130 4740 ANNOTATIONES
2139 4723 2152 4734 .

196 4823 324 4892 (21)
374 4819 460 4885 Τῷ
505 4818 574 4892 δὲ
623 4812 1313 4892 τῆςῌπὼμηςᾴίζαρςεζ,
1350 4810 1716 4892 lgnaviamﬁac

119 4875 493 4950 timiditatem
518 4875 724 4942 Basilio
741 4875 928 4957 Magno
961 4875 1169 4957 objieit'
1198 4875 1718 4957 Philos'torgiusEu-

120 4958 534 5020 nomianuan
563 4960 666 5013 hoc
705 4956 1028 5011 Eunomium
1054 4956 1246 5009 ducem
1277 4967 1436 5006 suum
1471 4956 1712 5008 secutus,

161 5036 222 5088 ui
268 5033 424 5087 idem
467 5029 656 5082 vitium
680 5027 882 5082 Basilio
910 5026 1358 5095 exprobraverat,
1394 5029 1452 5073 ut
1483 5025 1714 5095 testatur

161 5052 222 5088 ιιι
268 5052 424 5087 luem
469 5052 656 5082 vntum
681 5052 882 5082 nasum
910 5052 1358 5095 cxpruuravctat,
1395 5052 1452 5073 ιιι.
1485 5052 1705 5073 summa.

118 5052 447 5174 gregorius
475 5097 753 5174 Nyssenus
784 5097 838 5150 in
877 5097 1014 5174 libro
1043 5095 1222 5164 primo
1257 5092 1506 5146 adversus
1541 5086 1714 5174 Euno-

119 5163 340 5233 nu‘u‘r'n,
387 5163 672 5238 pag.'318.
709 5165 904 5238 Verum
940 5163 1380 5238 Nys’senuseam
1415 5163 1718 5238 accusatio-

118 5225 255 5299 item
301 5225 587 5306 eleganter
615 5253 680 5292 ac
704 5225 1206 5306 luculenterirefutat
1237 5231 1288 5306 in
1340 5225 1712 5306 sequentibus.

389 5294 616 5373 Ῠαύτης
660 5305 769 5374 τῆς
829 5303 1096 5359 συνόδου
1147 5294 1473 5372 γράμματα.
1529 5294 1719 5364 Suspi-

1823 4815 1978 4860 catus
2037 4817 2159 4856 sum
2215 4798 2510 4868 aliquando
2560 4797 2906 4868 scribendum
2953 4795 3041 4868 hic
3077 4809 3200 4849 esse
3242 4795 3387 4868 πρά-

1823 4890 2030 4945 γματα.
2053 4870 2205 4945 Ferri
2230 4865 2409 4923 tamen
2435 4879 2612 4945 potest
2639 4867 2852 4945 vulgata
2874 4865 3172 4944 scriptura,
3189 4865 3390 4945 quippe

1822 4934 1944 5014 qua:
1971 4942 2222 5014 eumdem
2265 4934 2486 5014 sensum
2525 4936 2703 4990 habet.
2749 4935 3057 5014 Γράμματα
3089 4934 3231 4987 enim
3288 4936 3391 5014 hoe

1823 5004 1944 5068 loco
1972 5026 2077 5064 non
2106 5009 2364 5077 epistolas
2398 5006 2682 5069 duntaxat,
2720 5004 2917 5077 verum
2952 5004 3115 5077 etiam
3161 5013 3286 5077 acta
3307 5013 3392 5055 tn-

1823 5084 1932 5138 tius
1983 5072 2173 5150 synodi
2219 5077 2534 5150 designant.
2597 5078 2780 5150 Certe_
2810 5074 3032 5150 verbum
3072 5072 3392 5150 ,διατιθέμε-

1822 5169 1911 5216 νος
1945 5143 2089 5220 quod
2121 5143 2387 5220 sequitur]
2408 5163 2525 5220 ⁸ιιοιι
2556 5145 2809 5220 con_v_enit
2838 5144 2970 5199 solis
3001 5143 3262 5213 epistolis.

1895 5214 2006 5292 (23)
2041 5214 2378 5284 Theodorit.,
2407 5217 2444 5271 l.
2475 5230 2534 5278 ll,
2564 5231 2612 5270 c.
2639 5214 2727 5267 27.

1636 5414 1989 5463 VARIORUM.

202 5555 292 5621 (ἀ)
355 5553 420 5603 οι
461 5547 593 5615 περὶ
625 5545 965 5621 Βασίλειῳς.
1010 5541 1127 5596 Duo
1157 5539 1364 5621 Basilii.
1392 5539 1444 5591 in
1487 5535 1590 5621 hoe
1619 5547 1699 5621 (ea

1828 5533 2066 5621 nus.:Let
2093 5522 2327 5577 Basilius
2361 5521 2584 5590 Ancyra:
2623 5519 2938 5588 episcopus.
2983 5515 3058 5572 De
3089 5515 3189 5570 hoc
3222 5525 3393 5584 poste~

123 5601 663 5698 pit‘e—Eemo‘raiitur
686 5635 701 5681 ;
729 5614 856 5695 scil.
874 5607 1370 5698 hiagtt‘tis‘illequi
1392 5601 1728 5698 postea

124 5677 319 5752 areae
353 5691 409 5744 in
435 5677 776 5759 Cappadocia
799 5677 1026 5740 antistés
1049 5681 1186 5747 fuit,
1218 5677 1361 5734 nunc
1392 5677 1520 5733 vero
1546 5677 1726 5728 diaco-

1829 5596 1958 5651 riori
1991 5595 2078 5650 hic
2107 5608 2291 5648 sermo
2320 5602 2421 5645 est.
