  <div class='ocr_page' id='page_1' title='image "/cluster/home/n/w/nwhite01/storage/ocr_20150623/65/hvd.32044014812317/269.png"; bbox 0 0 3828 6342; ppageno 0'>
   <div class='ocr_carea' id='block_1_1' title="bbox 512 245 615 298">
    <p class='ocr_par' dir='ltr' id='par_1_1' title="bbox 512 245 615 298">
     <span class='ocr_line' id='line_1_1' title="bbox 512 245 615 298; baseline 0 0"><span class='ocrx_word' id='word_1_1' title='bbox 512 245 615 298; x_wconf 74' lang='lat'><strong>5°27</strong></span> 
     </span>
    </p>
   </div>
   <div class='ocr_carea' id='block_1_2' title="bbox 1874 239 2358 299">
    <p class='ocr_par' dir='ltr' id='par_1_2' title="bbox 1874 239 2358 299">
     <span class='ocr_line' id='line_1_2' title="bbox 1874 239 2358 299; baseline -0.01 0"><span class='ocrx_word' id='word_1_2' title='bbox 1874 239 2358 299; x_wconf 77' lang='lat' dir='ltr'><strong>PillLOSTORGll</strong></span> 
     </span>
    </p>
   </div>
   <div class='ocr_carea' id='block_1_3' title="bbox 3637 238 3740 294">
    <p class='ocr_par' dir='ltr' id='par_1_3' title="bbox 3637 238 3740 294">
     <span class='ocr_line' id='line_1_3' title="bbox 3637 238 3740 294; baseline 0 -1"><span class='ocrx_word' id='word_1_3' title='bbox 3637 238 3740 294; x_wconf 72' lang='lat'><strong>5-28</strong></span> 
     </span>
    </p>
   </div>
   <div class='ocr_carea' id='block_1_4' title="bbox 507 350 2066 430">
    <p class='ocr_par' dir='ltr' id='par_1_4' title="bbox 507 361 2066 426">
     <span class='ocr_line' id='line_1_4' title="bbox 507 361 2066 426; baseline 0.003 -12"><span class='ocrx_word' id='word_1_4' title='bbox 507 373 614 416; x_wconf 86' lang='lat' dir='ltr'><strong>tem</strong></span> <span class='ocrx_word' id='word_1_5' title='bbox 644 362 700 416; x_wconf 86' lang='lat' dir='ltr'><strong>in</strong></span> <span class='ocrx_word' id='word_1_6' title='bbox 731 361 919 418; x_wconf 87' lang='lat' dir='ltr'><strong>animo</strong></span> <span class='ocrx_word' id='word_1_7' title='bbox 938 375 1040 418; x_wconf 91' lang='lat' dir='ltr'><strong>suo</strong></span> <span class='ocrx_word' id='word_1_8' title='bbox 1065 361 1465 426; x_wconf 83' lang='lat' dir='ltr'><strong>circumferret,</strong></span> <span class='ocrx_word' id='word_1_9' title='bbox 1489 375 1717 420; x_wconf 85' lang='lat' dir='ltr'><strong>eventus</strong></span> <span class='ocrx_word' id='word_1_10' title='bbox 1744 364 1889 419; x_wconf 91' lang='lat' dir='ltr'><strong>illius</strong></span> <span class='ocrx_word' id='word_1_11' title='bbox 1911 379 2066 419; x_wconf 89' lang='lat' dir='ltr'><strong>occa-</strong></span> 
     </span>
    </p>
   </div>
   <div class='ocr_carea' id='block_1_5' title="bbox 2174 350 3736 430">
    <p class='ocr_par' dir='ltr' id='par_1_5' title="bbox 2175 350 3736 430">
     <span class='ocr_line' id='line_1_5' title="bbox 2175 350 3736 430; baseline -0.001 -16"><span class='ocrx_word' id='word_1_12' title='bbox 2175 362 2346 414; x_wconf 88' lang='grc' dir='ltr'>εἰπεῖν</span> <span class='ocrx_word' id='word_1_13' title='bbox 2375 358 2406 430; x_wconf 74' lang='grc' dir='ltr'>ἢ</span> <span class='ocrx_word' id='word_1_14' title='bbox 2439 357 2678 424; x_wconf 75' lang='grc' dir='ltr'>δοξάσαι,</span> <span class='ocrx_word' id='word_1_15' title='bbox 2704 355 2844 410; x_wconf 85' lang='grc' dir='ltr'>ὥστε</span> <span class='ocrx_word' id='word_1_16' title='bbox 2872 357 2965 410; x_wconf 74' lang='grc' dir='ltr'><strong>καὶ</strong></span> <span class='ocrx_word' id='word_1_17' title='bbox 2990 350 3422 428; x_wconf 77' lang='grc' dir='ltr'><strong>ἀπαραλλάκτως</strong></span> <span class='ocrx_word' id='word_1_18' title='bbox 3449 359 3634 430; x_wconf 79' lang='grc' dir='ltr'>ὅμοιον</span> <span class='ocrx_word' id='word_1_19' title='bbox 3653 361 3736 412; x_wconf 72' lang='grc' dir='ltr'>σύ-</span> 
     </span>
    </p>
   </div>
   <div class='ocr_carea' id='block_1_6' title="bbox 484 453 2070 526">
    <p class='ocr_par' dir='ltr' id='par_1_6' title="bbox 484 453 2070 526">
     <span class='ocr_line' id='line_1_6' title="bbox 484 453 2070 526; baseline 0.004 -22"><span class='ocrx_word' id='word_1_20' title='bbox 484 454 718 507; x_wconf 56' lang='grc' dir='ltr'>κείυιιθπι</span> <span class='ocrx_word' id='word_1_21' title='bbox 761 453 826 508; x_wconf 83' lang='lat' dir='ltr'><strong>ad</strong></span> <span class='ocrx_word' id='word_1_22' title='bbox 863 455 1182 524; x_wconf 82' lang='lat' dir='ltr'><strong>explendam</strong></span> <span class='ocrx_word' id='word_1_23' title='bbox 1221 455 1362 510; x_wconf 88' lang='lat' dir='ltr'><strong>iram</strong></span> <span class='ocrx_word' id='word_1_24' title='bbox 1393 471 1549 510; x_wconf 91' lang='lat' dir='ltr'><strong>suam</strong></span> <span class='ocrx_word' id='word_1_25' title='bbox 1583 457 1834 526; x_wconf 81' lang='lat' dir='ltr'><strong>arripuit.</strong></span> <span class='ocrx_word' id='word_1_26' title='bbox 1865 457 2070 511; x_wconf 80' lang='lat' dir='ltr'><strong>Ambo-</strong></span> 
     </span>
    </p>
   </div>
   <div class='ocr_carea' id='block_1_7' title="bbox 510 544 2076 618">
    <p class='ocr_par' dir='ltr' id='par_1_7' title="bbox 510 544 2076 618">
     <span class='ocr_line' id='line_1_7' title="bbox 510 544 2076 618; baseline 0.004 -23"><span class='ocrx_word' id='word_1_27' title='bbox 510 544 610 597; x_wconf 84' lang='lat' dir='ltr'><strong>bus</strong></span> <span class='ocrx_word' id='word_1_28' title='bbox 646 545 811 614; x_wconf 83' lang='lat' dir='ltr'><strong>igitur</strong></span> <span class='ocrx_word' id='word_1_29' title='bbox 840 547 892 599; x_wconf 92' lang='lat' dir='ltr'><strong>in</strong></span> <span class='ocrx_word' id='word_1_30' title='bbox 920 555 1276 616; x_wconf 87' lang='lat' dir='ltr'><strong>conspectum</strong></span> <span class='ocrx_word' id='word_1_31' title='bbox 1307 563 1466 602; x_wconf 86' lang='lat' dir='ltr'><strong>suum</strong></span> <span class='ocrx_word' id='word_1_32' title='bbox 1504 548 1687 602; x_wconf 87' lang='lat' dir='ltr'><strong>venire</strong></span> <span class='ocrx_word' id='word_1_33' title='bbox 1706 548 1897 618; x_wconf 90' lang='lat' dir='ltr'><strong>jussis,</strong></span> <span class='ocrx_word' id='word_1_34' title='bbox 1926 547 2076 603; x_wconf 87' lang='lat' dir='ltr'><strong>Basi-</strong></span> 
     </span>
    </p>
   </div>
   <div class='ocr_carea' id='block_1_8' title="bbox 509 634 2070 715">
    <p class='ocr_par' dir='ltr' id='par_1_8' title="bbox 509 634 2070 715">
     <span class='ocr_line' id='line_1_8' title="bbox 509 634 2070 715; baseline 0.003 -29"><span class='ocrx_word' id='word_1_35' title='bbox 509 634 641 687; x_wconf 92' lang='lat' dir='ltr'><strong>lium</strong></span> <span class='ocrx_word' id='word_1_36' title='bbox 674 635 1028 703; x_wconf 76' lang='lat' dir='ltr'><strong>interrogavit</strong></span> <span class='ocrx_word' id='word_1_37' title='bbox 1048 650 1297 704; x_wconf 79' lang='lat' dir='ltr'><strong>quamam</strong></span> <span class='ocrx_word' id='word_1_38' title='bbox 1322 646 1503 715; x_wconf 57' lang='lat' dir='ltr'><strong>essent</strong></span> <span class='ocrx_word' id='word_1_39' title='bbox 1530 636 1616 690; x_wconf 91' lang='lat' dir='ltr'><strong>illa</strong></span> <span class='ocrx_word' id='word_1_40' title='bbox 1639 637 1705 691; x_wconf 90' lang='lat' dir='ltr'><strong>de</strong></span> <span class='ocrx_word' id='word_1_41' title='bbox 1735 637 1935 706; x_wconf 80' lang='lat' dir='ltr'><strong>quibus</strong></span> <span class='ocrx_word' id='word_1_42' title='bbox 1962 637 2070 691; x_wconf 79' lang='lat' dir='ltr'><strong>Ae-</strong></span> 
     </span>
    </p>
   </div>
   <div class='ocr_carea' id='block_1_9' title="bbox 511 722 2069 796">
    <p class='ocr_par' dir='ltr' id='par_1_9' title="bbox 511 722 2069 796">
     <span class='ocr_line' id='line_1_9' title="bbox 511 722 2069 796; baseline 0.001 -18"><span class='ocrx_word' id='word_1_43' title='bbox 511 725 641 778; x_wconf 89' lang='lat' dir='ltr'><strong>tium</strong></span> <span class='ocrx_word' id='word_1_44' title='bbox 675 723 971 778; x_wconf 79' lang='lat' dir='ltr'><strong>incusaret.</strong></span> <span class='ocrx_word' id='word_1_45' title='bbox 1007 722 1306 793; x_wconf 78' lang='lat' dir='ltr'><strong>Respondit</strong></span> <span class='ocrx_word' id='word_1_46' title='bbox 1340 724 1606 789; x_wconf 83' lang='lat' dir='ltr'><strong>Basilius.</strong></span> <span class='ocrx_word' id='word_1_47' title='bbox 1647 728 1790 796; x_wconf 91' lang='lat' dir='ltr'><strong>quod</strong></span> <span class='ocrx_word' id='word_1_48' title='bbox 1833 728 1878 780; x_wconf 88' lang='lat' dir='ltr'><strong>is</strong></span> <span class='ocrx_word' id='word_1_49' title='bbox 1903 727 2069 782; x_wconf 83' lang='lat' dir='ltr'><strong>dissi-</strong></span> 
     </span>
    </p>
   </div>
   <div class='ocr_carea' id='block_1_10' title="bbox 511 815 2068 872">
    <p class='ocr_par' dir='ltr' id='par_1_10' title="bbox 511 815 2068 872">
     <span class='ocr_line' id='line_1_10' title="bbox 511 815 2068 872; baseline 0.001 -2"><span class='ocrx_word' id='word_1_50' title='bbox 511 817 693 870; x_wconf 92' lang='lat' dir='ltr'><strong>milem</strong></span> <span class='ocrx_word' id='word_1_51' title='bbox 754 815 900 870; x_wconf 83' lang='lat' dir='ltr'><strong>Patri</strong></span> <span class='ocrx_word' id='word_1_52' title='bbox 958 816 1153 870; x_wconf 86' lang='lat' dir='ltr'><strong>Filium</strong></span> <span class='ocrx_word' id='word_1_53' title='bbox 1211 826 1500 872; x_wconf 84' lang='lat' dir='ltr'><strong>assereret.</strong></span> <span class='ocrx_word' id='word_1_54' title='bbox 1548 818 1626 872; x_wconf 80' lang='lat' dir='ltr'><strong>Ad</strong></span> <span class='ocrx_word' id='word_1_55' title='bbox 1686 820 1799 872; x_wconf 66' lang='lat' dir='ltr'><strong>haec</strong></span> <span class='ocrx_word' id='word_1_56' title='bbox 1843 818 2068 872; x_wconf 84' lang='lat' dir='ltr'><strong>Aetius:</strong></span> 
     </span>
    </p>
   </div>
   <div class='ocr_carea' id='block_1_11' title="bbox 511 906 2072 977">
    <p class='ocr_par' dir='ltr' id='par_1_11' title="bbox 511 906 2072 977">
     <span class='ocr_line' id='line_1_11' title="bbox 511 906 2072 977; baseline 0.001 -16"><span class='ocrx_word' id='word_1_57' title='bbox 511 906 741 963; x_wconf 85' lang='lat' dir='ltr'><strong>Tantum</strong></span> <span class='ocrx_word' id='word_1_58' title='bbox 772 908 961 971; x_wconf 85' lang='lat' dir='ltr'><strong>abest,</strong></span> <span class='ocrx_word' id='word_1_59' title='bbox 1001 907 1176 977; x_wconf 85' lang='lat' dir='ltr'><strong>inquit</strong></span> <span class='ocrx_word' id='word_1_60' title='bbox 1200 947 1212 969; x_wconf 89' lang='lat'><strong>,</strong></span> <span class='ocrx_word' id='word_1_61' title='bbox 1251 918 1311 962; x_wconf 92' lang='lat' dir='ltr'><strong>ut</strong></span> <span class='ocrx_word' id='word_1_62' title='bbox 1349 908 1544 962; x_wconf 88' lang='lat' dir='ltr'><strong>Filium</strong></span> <span class='ocrx_word' id='word_1_63' title='bbox 1576 909 1719 962; x_wconf 86' lang='lat' dir='ltr'><strong>Patri</strong></span> <span class='ocrx_word' id='word_1_64' title='bbox 1755 909 2072 963; x_wconf 87' lang='lat' dir='ltr'><strong>dissimilem</strong></span> 
     </span>
    </p>
   </div>
   <div class='ocr_carea' id='block_1_12' title="bbox 507 1000 2075 1070">
    <p class='ocr_par' dir='ltr' id='par_1_12' title="bbox 507 1000 2075 1070">
     <span class='ocr_line' id='line_1_12' title="bbox 507 1000 2075 1070; baseline 0 -16"><span class='ocrx_word' id='word_1_65' title='bbox 507 1001 683 1054; x_wconf 88' lang='lat' dir='ltr'><strong>dicam</strong></span> <span class='ocrx_word' id='word_1_66' title='bbox 716 1010 808 1054; x_wconf 82' lang='lat' dir='ltr'><strong>aut</strong></span> <span class='ocrx_word' id='word_1_67' title='bbox 835 1001 1063 1056; x_wconf 87' lang='lat' dir='ltr'><strong>sentiam</strong></span> <span class='ocrx_word' id='word_1_68' title='bbox 1088 1043 1101 1066; x_wconf 93' lang='lat'><strong>,</strong></span> <span class='ocrx_word' id='word_1_69' title='bbox 1135 1002 1268 1070; x_wconf 87' lang='lat' dir='ltr'><strong>quin</strong></span> <span class='ocrx_word' id='word_1_70' title='bbox 1296 1001 1476 1070; x_wconf 86' lang='lat' dir='ltr'><strong>potius</strong></span> <span class='ocrx_word' id='word_1_71' title='bbox 1507 1001 1712 1070; x_wconf 89' lang='lat' dir='ltr'><strong>absque</strong></span> <span class='ocrx_word' id='word_1_72' title='bbox 1744 1001 1854 1054; x_wconf 93' lang='lat' dir='ltr'><strong>ullo</strong></span> <span class='ocrx_word' id='word_1_73' title='bbox 1879 1000 2075 1054; x_wconf 88' lang='lat' dir='ltr'><strong>discri-</strong></span> 
     </span>
    </p>
   </div>
   <div class='ocr_carea' id='block_1_13' title="bbox 507 1092 2072 1162">
    <p class='ocr_par' dir='ltr' id='par_1_13' title="bbox 507 1092 2072 1162">
     <span class='ocr_line' id='line_1_13' title="bbox 507 1092 2072 1162; baseline -0.001 -14"><span class='ocrx_word' id='word_1_74' title='bbox 507 1095 654 1148; x_wconf 91' lang='lat' dir='ltr'><strong>mine</strong></span> <span class='ocrx_word' id='word_1_75' title='bbox 681 1093 910 1147; x_wconf 84' lang='lat' dir='ltr'><strong>similem</strong></span> <span class='ocrx_word' id='word_1_76' title='bbox 959 1094 1234 1162; x_wconf 84' lang='lat' dir='ltr'><strong>proﬁteor.</strong></span> <span class='ocrx_word' id='word_1_77' title='bbox 1261 1094 1328 1148; x_wconf 87' lang='lat' dir='ltr'><strong>At</strong></span> <span class='ocrx_word' id='word_1_78' title='bbox 1370 1093 1725 1147; x_wconf 84' lang='lat' dir='ltr'><strong>Constantius</strong></span> <span class='ocrx_word' id='word_1_79' title='bbox 1749 1092 2072 1149; x_wconf 75' lang='lat' dir='ltr'><strong>vocabulum</strong></span> 
     </span>
    </p>
   </div>
   <div class='ocr_carea' id='block_1_14' title="bbox 507 1185 2072 1257">
    <p class='ocr_par' dir='ltr' id='par_1_14' title="bbox 507 1185 2072 1257">
     <span class='ocr_line' id='line_1_14' title="bbox 507 1185 2072 1257; baseline 0.001 -19"><span class='ocrx_word' id='word_1_80' title='bbox 507 1185 638 1239; x_wconf 89' lang='lat' dir='ltr'><strong>illud</strong></span> <span class='ocrx_word' id='word_1_81' title='bbox 668 1185 1084 1257; x_wconf 84' lang='grc' dir='ltr'>ἀπαράλλακτος</span> <span class='ocrx_word' id='word_1_82' title='bbox 1115 1185 1462 1248; x_wconf 90' lang='lat' dir='ltr'><strong>insimulans,</strong></span> <span class='ocrx_word' id='word_1_83' title='bbox 1491 1199 1592 1240; x_wconf 89' lang='lat' dir='ltr'><strong>nec</strong></span> <span class='ocrx_word' id='word_1_84' title='bbox 1612 1185 1824 1239; x_wconf 86' lang='lat' dir='ltr'><strong>discere</strong></span> <span class='ocrx_word' id='word_1_85' title='bbox 1840 1185 2072 1239; x_wconf 90' lang='lat' dir='ltr'><strong>omnino</strong></span> 
     </span>
    </p>
   </div>
   <div class='ocr_carea' id='block_1_15' title="bbox 508 1277 2075 1346">
    <p class='ocr_par' dir='ltr' id='par_1_15' title="bbox 508 1277 2075 1346">
     <span class='ocr_line' id='line_1_15' title="bbox 508 1277 2075 1346; baseline -0.001 -15"><span class='ocrx_word' id='word_1_86' title='bbox 508 1277 784 1331; x_wconf 70' lang='lat' dir='ltr'><strong>sustinens</strong></span> <span class='ocrx_word' id='word_1_87' title='bbox 840 1291 1076 1346; x_wconf 89' lang='lat' dir='ltr'><strong>quonam</strong></span> <span class='ocrx_word' id='word_1_88' title='bbox 1131 1292 1294 1331; x_wconf 90' lang='lat' dir='ltr'><strong>sensu</strong></span> <span class='ocrx_word' id='word_1_89' title='bbox 1351 1292 1470 1331; x_wconf 91' lang='lat' dir='ltr'><strong>eam</strong></span> <span class='ocrx_word' id='word_1_90' title='bbox 1521 1292 1708 1331; x_wconf 84' lang='lat' dir='ltr'><strong>vocem</strong></span> <span class='ocrx_word' id='word_1_91' title='bbox 1753 1285 2075 1346; x_wconf 84' lang='lat' dir='ltr'><strong>usurpasset</strong></span> 
     </span>
    </p>
   </div>
   <div class='ocr_carea' id='block_1_16' title="bbox 507 1366 2075 1438">
    <p class='ocr_par' dir='ltr' id='par_1_16' title="bbox 507 1366 2075 1438">
     <span class='ocr_line' id='line_1_16' title="bbox 507 1366 2075 1438; baseline 0.001 -16"><span class='ocrx_word' id='word_1_92' title='bbox 507 1369 720 1429; x_wconf 73' lang='lat' dir='ltr'><strong>Aelius.</strong></span> <span class='ocrx_word' id='word_1_93' title='bbox 776 1385 899 1424; x_wconf 85' lang='lat' dir='ltr'><strong>eum</strong></span> <span class='ocrx_word' id='word_1_94' title='bbox 962 1370 1165 1438; x_wconf 88' lang='lat' dir='ltr'><strong>palatio</strong></span> <span class='ocrx_word' id='word_1_95' title='bbox 1215 1369 1408 1438; x_wconf 81' lang='lat' dir='ltr'><strong>expelli</strong></span> <span class='ocrx_word' id='word_1_96' title='bbox 1457 1369 1640 1438; x_wconf 85' lang='lat' dir='ltr'><strong>jussit.</strong></span> <span class='ocrx_word' id='word_1_97' title='bbox 1691 1366 1886 1422; x_wconf 83' lang='lat' dir='ltr'><strong>Postea</strong></span> <span class='ocrx_word' id='word_1_98' title='bbox 1946 1384 2075 1424; x_wconf 88' lang='lat' dir='ltr'><strong>vero</strong></span> 
     </span>
    </p>
   </div>
   <div class='ocr_carea' id='block_1_17' title="bbox 506 1458 2076 1531">
    <p class='ocr_par' dir='ltr' id='par_1_17' title="bbox 506 1458 2076 1531">
     <span class='ocr_line' id='line_1_17' title="bbox 506 1458 2076 1531; baseline -0.001 -17"><span class='ocrx_word' id='word_1_99' title='bbox 506 1462 688 1515; x_wconf 87' lang='lat' dir='ltr'><strong>Aeacii</strong></span> <span class='ocrx_word' id='word_1_100' title='bbox 715 1477 876 1531; x_wconf 85' lang='lat' dir='ltr'><strong>opera</strong></span> <span class='ocrx_word' id='word_1_101' title='bbox 915 1462 1166 1531; x_wconf 75' lang='lat' dir='ltr'><strong>perfecit,</strong></span> <span class='ocrx_word' id='word_1_102' title='bbox 1190 1470 1250 1514; x_wconf 89' lang='lat' dir='ltr'><strong>ut</strong></span> <span class='ocrx_word' id='word_1_103' title='bbox 1279 1461 1422 1515; x_wconf 86' lang='lat' dir='ltr'><strong>idem</strong></span> <span class='ocrx_word' id='word_1_104' title='bbox 1453 1459 1642 1514; x_wconf 87' lang='lat' dir='ltr'><strong>Aetius</strong></span> <span class='ocrx_word' id='word_1_105' title='bbox 1672 1458 1966 1529; x_wconf 87' lang='lat' dir='ltr'><strong>episcopali</strong></span> <span class='ocrx_word' id='word_1_106' title='bbox 1985 1459 2076 1529; x_wconf 84' lang='lat' dir='ltr'><strong>ju-</strong></span> 
     </span>
    </p>
   </div>
   <div class='ocr_carea' id='block_1_18' title="bbox 505 1549 2073 1621">
    <p class='ocr_par' dir='ltr' id='par_1_18' title="bbox 505 1549 2073 1621">
     <span class='ocr_line' id='line_1_18' title="bbox 505 1549 2073 1621; baseline 0 -17"><span class='ocrx_word' id='word_1_107' title='bbox 505 1553 647 1606; x_wconf 89' lang='lat' dir='ltr'><strong>dicio</strong></span> <span class='ocrx_word' id='word_1_108' title='bbox 674 1555 1052 1621; x_wconf 78' lang='lat' dir='ltr'><strong>deponeretur,</strong></span> <span class='ocrx_word' id='word_1_109' title='bbox 1093 1550 1563 1606; x_wconf 89' lang='lat' dir='ltr'><strong>subscribentibus</strong></span> <span class='ocrx_word' id='word_1_110' title='bbox 1599 1549 1718 1619; x_wconf 86' lang='lat' dir='ltr'><strong>ejus</strong></span> <span class='ocrx_word' id='word_1_111' title='bbox 1747 1549 2073 1620; x_wconf 88' lang='lat' dir='ltr'><strong>depositioni</strong></span> 
     </span>
    </p>
   </div>
   <div class='ocr_carea' id='block_1_19' title="bbox 507 1643 2072 1714">
    <p class='ocr_par' dir='ltr' id='par_1_19' title="bbox 507 1643 2072 1714">
     <span class='ocr_line' id='line_1_19' title="bbox 507 1643 2072 1714; baseline -0.001 -15"><span class='ocrx_word' id='word_1_112' title='bbox 507 1661 611 1699; x_wconf 88' lang='lat' dir='ltr'><strong>non</strong></span> <span class='ocrx_word' id='word_1_113' title='bbox 661 1647 837 1700; x_wconf 88' lang='lat' dir='ltr'><strong>solum</strong></span> <span class='ocrx_word' id='word_1_114' title='bbox 891 1645 1230 1708; x_wconf 84' lang='lat' dir='ltr'><strong>orthodoxis,</strong></span> <span class='ocrx_word' id='word_1_115' title='bbox 1284 1659 1469 1697; x_wconf 88' lang='lat' dir='ltr'><strong>verum</strong></span> <span class='ocrx_word' id='word_1_116' title='bbox 1511 1643 1674 1697; x_wconf 88' lang='lat' dir='ltr'><strong>etiam</strong></span> <span class='ocrx_word' id='word_1_117' title='bbox 1724 1643 1792 1697; x_wconf 92' lang='lat' dir='ltr'><strong>iis</strong></span> <span class='ocrx_word' id='word_1_118' title='bbox 1825 1643 1957 1713; x_wconf 89' lang='lat' dir='ltr'><strong>ipsis</strong></span> <span class='ocrx_word' id='word_1_119' title='bbox 1977 1645 2072 1714; x_wconf 89' lang='lat' dir='ltr'><strong>qui</strong></span> 
     </span>
    </p>
   </div>
   <div class='ocr_carea' id='block_1_20' title="bbox 2173 448 3739 522">
    <p class='ocr_par' dir='ltr' id='par_1_20' title="bbox 2173 448 3739 522">
     <span class='ocr_line' id='line_1_20' title="bbox 2173 448 3739 522; baseline -0.001 -18"><span class='ocrx_word' id='word_1_120' title='bbox 2173 453 2264 504; x_wconf 75' lang='grc' dir='ltr'>τὸν</span> <span class='ocrx_word' id='word_1_121' title='bbox 2310 449 2618 519; x_wconf 79' lang='grc' dir='ltr'><strong>κηρύττειν.</strong></span> <span class='ocrx_word' id='word_1_122' title='bbox 2681 449 2793 519; x_wconf 82' lang='grc' dir='ltr'><strong>Τῆς</strong></span> <span class='ocrx_word' id='word_1_123' title='bbox 2841 448 2898 502; x_wconf 84' lang='grc' dir='ltr'>δὲ</span> <span class='ocrx_word' id='word_1_124' title='bbox 2940 448 3032 501; x_wconf 81' lang='grc' dir='ltr'><strong>τοῦ</strong></span> <span class='ocrx_word' id='word_1_125' title='bbox 3089 448 3505 522; x_wconf 75' lang='grc' dir='ltr'>ἀπαραλλάκτου</span> <span class='ocrx_word' id='word_1_126' title='bbox 3562 451 3739 521; x_wconf 74' lang='grc' dir='ltr'>φωνῆς</span> 
     </span>
    </p>
   </div>
   <div class='ocr_carea' id='block_1_21' title="bbox 2176 542 3739 616">
    <p class='ocr_par' dir='ltr' id='par_1_21' title="bbox 2176 542 3739 616">
     <span class='ocr_line' id='line_1_21' title="bbox 2176 542 3739 616; baseline -0.001 -19"><span class='ocrx_word' id='word_1_127' title='bbox 2176 543 2619 616; x_wconf 80' lang='grc' dir='ltr'>ὑποδραξάμενος</span> <span class='ocrx_word' id='word_1_128' title='bbox 2651 545 2679 596; x_wconf 87' lang='grc' dir='ltr'>ὁ</span> <span class='ocrx_word' id='word_1_129' title='bbox 2715 542 3112 606; x_wconf 85' lang='grc' dir='ltr'>Κωνστάντιος,</span> <span class='ocrx_word' id='word_1_130' title='bbox 3166 543 3261 596; x_wconf 79' lang='grc' dir='ltr'>καὶ</span> <span class='ocrx_word' id='word_1_131' title='bbox 3298 543 3418 614; x_wconf 67' lang='grc' dir='ltr'>μηδ’</span> <span class='ocrx_word' id='word_1_132' title='bbox 3445 544 3739 614; x_wconf 75' lang='grc' dir='ltr'>ἀνασχόμε-</span> 
     </span>
    </p>
   </div>
   <div class='ocr_carea' id='block_1_22' title="bbox 2174 631 3741 705">
    <p class='ocr_par' dir='ltr' id='par_1_22' title="bbox 2174 631 3741 705">
     <span class='ocr_line' id='line_1_22' title="bbox 2174 631 3741 705; baseline 0 -19"><span class='ocrx_word' id='word_1_133' title='bbox 2174 651 2261 697; x_wconf 88' lang='grc' dir='ltr'>νος</span> <span class='ocrx_word' id='word_1_134' title='bbox 2289 634 2424 697; x_wconf 76' lang='grc' dir='ltr'>ὃλως</span> <span class='ocrx_word' id='word_1_135' title='bbox 2456 633 2536 686; x_wconf 80' lang='grc' dir='ltr'>ἔτι</span> <span class='ocrx_word' id='word_1_136' title='bbox 2575 631 2933 702; x_wconf 78' lang='grc' dir='ltr'><strong>καταμαθεῖν,</strong></span> <span class='ocrx_word' id='word_1_137' title='bbox 2965 634 3086 686; x_wconf 85' lang='grc' dir='ltr'>κατ’</span> <span class='ocrx_word' id='word_1_138' title='bbox 3113 632 3174 686; x_wconf 86' lang='grc' dir='ltr'>ὃν</span> <span class='ocrx_word' id='word_1_139' title='bbox 3200 635 3404 696; x_wconf 86' lang='grc' dir='ltr'>ἐκεῖνος</span> <span class='ocrx_word' id='word_1_140' title='bbox 3427 633 3627 705; x_wconf 81' lang='grc' dir='ltr'><strong>τρόπον</strong></span> <span class='ocrx_word' id='word_1_141' title='bbox 3658 638 3741 686; x_wconf 78' lang='grc' dir='ltr'>ἀν-</span> 
     </span>
    </p>
   </div>
   <div class='ocr_carea' id='block_1_23' title="bbox 2174 723 3740 797">
    <p class='ocr_par' dir='ltr' id='par_1_23' title="bbox 2174 723 3740 797">
     <span class='ocr_line' id='line_1_23' title="bbox 2174 723 3740 797; baseline 0.001 -20"><span class='ocrx_word' id='word_1_142' title='bbox 2174 725 2475 793; x_wconf 69' lang='grc' dir='ltr'>εφθέγξατο</span> <span class='ocrx_word' id='word_1_143' title='bbox 2497 724 2558 778; x_wconf 81' lang='grc' dir='ltr'>τὺ</span> <span class='ocrx_word' id='word_1_144' title='bbox 2579 723 3014 797; x_wconf 73' lang='grc' dir='ltr'><strong>ἀπαράλλακτον,</strong></span> <span class='ocrx_word' id='word_1_145' title='bbox 3055 725 3382 795; x_wconf 78' lang='grc' dir='ltr'>ἐκϐληθῆναι</span> <span class='ocrx_word' id='word_1_146' title='bbox 3415 726 3515 796; x_wconf 87' lang='grc' dir='ltr'><strong>μὲν</strong></span> <span class='ocrx_word' id='word_1_147' title='bbox 3537 723 3740 779; x_wconf 83' lang='grc' dir='ltr'>κελεύει</span> 
     </span>
    </p>
   </div>
   <div class='ocr_carea' id='block_1_24' title="bbox 2173 814 3738 888">
    <p class='ocr_par' dir='ltr' id='par_1_24' title="bbox 2173 814 3738 888">
     <span class='ocr_line' id='line_1_24' title="bbox 2173 814 3738 888; baseline 0.001 -20"><span class='ocrx_word' id='word_1_148' title='bbox 2173 816 2282 868; x_wconf 82' lang='grc' dir='ltr'><strong>τῶν</strong></span> <span class='ocrx_word' id='word_1_149' title='bbox 2319 815 2604 886; x_wconf 86' lang='grc' dir='ltr'>βασιλείων</span> <span class='ocrx_word' id='word_1_150' title='bbox 2636 815 2727 868; x_wconf 80' lang='grc' dir='ltr'><strong>τὸν</strong></span> <span class='ocrx_word' id='word_1_151' title='bbox 2759 815 2985 868; x_wconf 81' lang='grc' dir='ltr'><strong>Ἀέτιον·</strong></span> <span class='ocrx_word' id='word_1_152' title='bbox 3020 814 3244 887; x_wconf 79' lang='grc' dir='ltr'>ὕστερον</span> <span class='ocrx_word' id='word_1_153' title='bbox 3271 816 3347 879; x_wconf 79' lang='grc' dir='ltr'>δὲ,</span> <span class='ocrx_word' id='word_1_154' title='bbox 3378 819 3443 888; x_wconf 80' lang='grc' dir='ltr'>τῇ</span> <span class='ocrx_word' id='word_1_155' title='bbox 3476 816 3738 887; x_wconf 76' lang='grc' dir='ltr'>συνδρομῇ</span> 
     </span>
    </p>
   </div>
   <div class='ocr_carea' id='block_1_25' title="bbox 2173 907 3739 980">
    <p class='ocr_par' dir='ltr' id='par_1_25' title="bbox 2173 907 3739 980">
     <span class='ocr_line' id='line_1_25' title="bbox 2173 907 3739 980; baseline 0.001 -20"><span class='ocrx_word' id='word_1_156' title='bbox 2173 909 2453 969; x_wconf 76' lang='grc' dir='ltr'>Ἀκακίου,</span> <span class='ocrx_word' id='word_1_157' title='bbox 2490 908 2584 960; x_wconf 72' lang='grc' dir='ltr'><strong>καὶ</strong></span> <span class='ocrx_word' id='word_1_158' title='bbox 2625 907 2993 979; x_wconf 77' lang='grc' dir='ltr'>καθαιρέσεως</span> <span class='ocrx_word' id='word_1_159' title='bbox 3027 908 3395 980; x_wconf 77' lang='grc' dir='ltr'>ὑποϐληθῆναι</span> <span class='ocrx_word' id='word_1_160' title='bbox 3439 909 3664 980; x_wconf 73' lang='grc' dir='ltr'>ψήφοις,</span> <span class='ocrx_word' id='word_1_161' title='bbox 3689 910 3739 962; x_wconf 72' lang='grc' dir='ltr'><strong>οὐ</strong></span> 
     </span>
    </p>
   </div>
   <div class='ocr_carea' id='block_1_26' title="bbox 2175 998 3740 1073">
    <p class='ocr_par' dir='ltr' id='par_1_26' title="bbox 2175 998 3740 1073">
     <span class='ocr_line' id='line_1_26' title="bbox 2175 998 3740 1073; baseline 0.002 -21"><span class='ocrx_word' id='word_1_162' title='bbox 2175 998 2280 1052; x_wconf 86' lang='grc' dir='ltr'><strong>τῶν</strong></span> <span class='ocrx_word' id='word_1_163' title='bbox 2300 999 2720 1070; x_wconf 85' lang='grc' dir='ltr'>όρθοδοξούντων</span> <span class='ocrx_word' id='word_1_164' title='bbox 2749 1002 2924 1072; x_wconf 87' lang='grc' dir='ltr'>μόνων</span> <span class='ocrx_word' id='word_1_165' title='bbox 2948 1001 3452 1073; x_wconf 85' lang='grc' dir='ltr'>ύποσημηναμὲνων</span> <span class='ocrx_word' id='word_1_166' title='bbox 3475 1006 3539 1073; x_wconf 82' lang='grc' dir='ltr'>τῇ</span> <span class='ocrx_word' id='word_1_167' title='bbox 3569 1003 3740 1056; x_wconf 78' lang='grc' dir='ltr'>καθαι·</span> 
     </span>
    </p>
   </div>
   <div class='ocr_carea' id='block_1_27' title="bbox 2178 1090 3739 1165">
    <p class='ocr_par' dir='ltr' id='par_1_27' title="bbox 2178 1090 3739 1165">
     <span class='ocr_line' id='line_1_27' title="bbox 2178 1090 3739 1165; baseline 0.004 -22"><span class='ocrx_word' id='word_1_168' title='bbox 2178 1091 2344 1162; x_wconf 85' lang='grc' dir='ltr'>ρέσει,</span> <span class='ocrx_word' id='word_1_169' title='bbox 2377 1091 2511 1144; x_wconf 86' lang='grc' dir='ltr'><strong>ἀλλά</strong></span> <span class='ocrx_word' id='word_1_170' title='bbox 2540 1090 2634 1144; x_wconf 79' lang='grc' dir='ltr'>καὶ</span> <span class='ocrx_word' id='word_1_171' title='bbox 2672 1092 2850 1144; x_wconf 79' lang='grc' dir='ltr'>αὐτῶν</span> <span class='ocrx_word' id='word_1_172' title='bbox 2879 1091 2988 1145; x_wconf 84' lang='grc' dir='ltr'><strong>τῶν</strong></span> <span class='ocrx_word' id='word_1_173' title='bbox 3016 1095 3094 1156; x_wconf 81' lang='grc' dir='ltr'><strong>εἰς</strong></span> <span class='ocrx_word' id='word_1_174' title='bbox 3131 1093 3199 1146; x_wconf 73' lang='grc' dir='ltr'>τὰ</span> <span class='ocrx_word' id='word_1_175' title='bbox 3242 1093 3475 1163; x_wconf 83' lang='grc' dir='ltr'>μάλιστα</span> <span class='ocrx_word' id='word_1_176' title='bbox 3509 1093 3590 1163; x_wconf 83' lang='grc' dir='ltr'><strong>τῷ</strong></span> <span class='ocrx_word' id='word_1_177' title='bbox 3620 1111 3739 1165; x_wconf 77' lang='grc' dir='ltr'>φρο-</span> 
     </span>
    </p>
   </div>
   <div class='ocr_carea' id='block_1_28' title="bbox 2175 1182 3739 1258">
    <p class='ocr_par' dir='ltr' id='par_1_28' title="bbox 2175 1182 3739 1258">
     <span class='ocr_line' id='line_1_28' title="bbox 2175 1182 3739 1258; baseline 0.002 -23"><span class='ocrx_word' id='word_1_178' title='bbox 2175 1182 2376 1253; x_wconf 80' lang='grc' dir='ltr'>νήματι</span> <span class='ocrx_word' id='word_1_179' title='bbox 2423 1183 2847 1236; x_wconf 80' lang='grc' dir='ltr'>κοινωνούντων·</span> <span class='ocrx_word' id='word_1_180' title='bbox 2891 1185 2998 1237; x_wconf 86' lang='grc' dir='ltr'>τῶν</span> <span class='ocrx_word' id='word_1_181' title='bbox 3026 1185 3125 1254; x_wconf 82' lang='grc' dir='ltr'><strong>μὲν</strong></span> <span class='ocrx_word' id='word_1_182' title='bbox 3153 1187 3245 1238; x_wconf 77' lang='grc' dir='ltr'><strong>καὶ</strong></span> <span class='ocrx_word' id='word_1_183' title='bbox 3270 1187 3368 1256; x_wconf 77' lang='grc' dir='ltr'><strong>τὴν</strong></span> <span class='ocrx_word' id='word_1_184' title='bbox 3393 1186 3623 1258; x_wconf 82' lang='grc' dir='ltr'>γνώμην</span> <span class='ocrx_word' id='word_1_185' title='bbox 3655 1204 3739 1257; x_wconf 79' lang='grc' dir='ltr'>με·</span> 
     </span>
    </p>
   </div>
   <div class='ocr_carea' id='block_1_29' title="bbox 2175 1273 3742 1349">
    <p class='ocr_par' dir='ltr' id='par_1_29' title="bbox 2175 1273 3742 1349">
     <span class='ocr_line' id='line_1_29' title="bbox 2175 1273 3742 1349; baseline 0.004 -24"><span class='ocrx_word' id='word_1_186' title='bbox 2175 1273 2569 1344; x_wconf 79' lang='grc' dir='ltr'>ταόληθέντων,</span> <span class='ocrx_word' id='word_1_187' title='bbox 2592 1275 2698 1328; x_wconf 84' lang='grc' dir='ltr'><strong>τῶν</strong></span> <span class='ocrx_word' id='word_1_188' title='bbox 2735 1274 2792 1328; x_wconf 84' lang='grc' dir='ltr'><strong>δέ</strong></span> <span class='ocrx_word' id='word_1_189' title='bbox 2817 1275 2912 1346; x_wconf 78' lang='grc' dir='ltr'><strong>τὴν</strong></span> <span class='ocrx_word' id='word_1_190' title='bbox 2938 1276 3189 1330; x_wconf 86' lang='grc' dir='ltr'>ἀκούσιον</span> <span class='ocrx_word' id='word_1_191' title='bbox 3218 1279 3412 1348; x_wconf 79' lang='grc' dir='ltr'>πρᾶξιν</span> <span class='ocrx_word' id='word_1_192' title='bbox 3440 1281 3742 1349; x_wconf 72' lang='grc' dir='ltr'>οἰκονομίας</span> 
     </span>
    </p>
   </div>
   <div class='ocr_carea' id='block_1_30' title="bbox 2177 1365 3741 1438">
    <p class='ocr_par' dir='ltr' id='par_1_30' title="bbox 2177 1365 3741 1438">
     <span class='ocr_line' id='line_1_30' title="bbox 2177 1365 3741 1438; baseline 0.004 -20"><span class='ocrx_word' id='word_1_193' title='bbox 2177 1367 2380 1437; x_wconf 71' lang='grc' dir='ltr'>ῥήματι</span> <span class='ocrx_word' id='word_1_194' title='bbox 2415 1365 3025 1438; x_wconf 78' lang='grc' dir='ltr'>κατασχηματιζόντῳν.</span> <span class='ocrx_word' id='word_1_195' title='bbox 3064 1370 3123 1423; x_wconf 74' lang='grc' dir='ltr'><strong>Ὀ</strong></span> <span class='ocrx_word' id='word_1_196' title='bbox 3149 1370 3205 1424; x_wconf 83' lang='grc' dir='ltr'>δὲ</span> <span class='ocrx_word' id='word_1_197' title='bbox 3232 1372 3632 1435; x_wconf 83' lang='grc' dir='ltr'>Κωνστάντιος,</span> <span class='ocrx_word' id='word_1_198' title='bbox 3664 1373 3741 1424; x_wconf 74' lang='grc' dir='ltr'>τὸν</span> 
     </span>
    </p>
   </div>
   <div class='ocr_carea' id='block_1_31' title="bbox 2175 1457 3742 1532">
    <p class='ocr_par' dir='ltr' id='par_1_31' title="bbox 2175 1457 3742 1532">
     <span class='ocr_line' id='line_1_31' title="bbox 2175 1457 3742 1532; baseline 0.005 -23"><span class='ocrx_word' id='word_1_199' title='bbox 2175 1457 2283 1510; x_wconf 84' lang='grc' dir='ltr'><strong>τῶν</strong></span> <span class='ocrx_word' id='word_1_200' title='bbox 2311 1459 2582 1528; x_wconf 84' lang='grc' dir='ltr'>ἐσπερίων</span> <span class='ocrx_word' id='word_1_201' title='bbox 2610 1460 2775 1531; x_wconf 85' lang='grc' dir='ltr'>τόμον</span> <span class='ocrx_word' id='word_1_202' title='bbox 2800 1462 3295 1532; x_wconf 60' lang='grc' dir='ltr'>πῳκομισάμενος,</span> <span class='ocrx_word' id='word_1_203' title='bbox 3316 1463 3504 1516; x_wconf 80' lang='grc' dir='ltr'>τοῦτον</span> <span class='ocrx_word' id='word_1_204' title='bbox 3527 1465 3624 1517; x_wconf 75' lang='grc' dir='ltr'><strong>καὶ</strong></span> <span class='ocrx_word' id='word_1_205' title='bbox 3648 1465 3742 1516; x_wconf 80' lang='grc' dir='ltr'><strong>τῶν</strong></span> 
     </span>
    </p>
   </div>
   <div class='ocr_carea' id='block_1_32' title="bbox 2176 1551 3738 1626">
    <p class='ocr_par' dir='ltr' id='par_1_32' title="bbox 2176 1551 3738 1626">
     <span class='ocr_line' id='line_1_32' title="bbox 2176 1551 3738 1626; baseline 0.005 -24"><span class='ocrx_word' id='word_1_206' title='bbox 2176 1551 2457 1621; x_wconf 86' lang='grc' dir='ltr'>παρόντων</span> <span class='ocrx_word' id='word_1_207' title='bbox 2486 1553 2942 1625; x_wconf 82' lang='grc' dir='ltr'>ύποσημήνασθαι</span> <span class='ocrx_word' id='word_1_208' title='bbox 2968 1556 3111 1626; x_wconf 79' lang='grc' dir='ltr'>χειρὶ</span> <span class='ocrx_word' id='word_1_209' title='bbox 3147 1555 3320 1626; x_wconf 83' lang='grc' dir='ltr'>οἰκείᾳ</span> <span class='ocrx_word' id='word_1_210' title='bbox 3353 1555 3738 1610; x_wconf 72' lang='grc' dir='ltr'>διεκελεύσατο.</span> 
     </span>
    </p>
   </div>
   <div class='ocr_carea' id='block_1_33' title="bbox 2177 1645 3743 1720">
    <p class='ocr_par' dir='ltr' id='par_1_33' title="bbox 2177 1645 3743 1720">
     <span class='ocr_line' id='line_1_33' title="bbox 2177 1645 3743 1720; baseline 0.003 -22"><span class='ocrx_word' id='word_1_211' title='bbox 2177 1646 2488 1717; x_wconf 85' lang='grc' dir='ltr'>Περιείχετο</span> <span class='ocrx_word' id='word_1_212' title='bbox 2517 1645 2574 1700; x_wconf 79' lang='grc' dir='ltr'><strong>δὲ</strong></span> <span class='ocrx_word' id='word_1_213' title='bbox 2614 1647 2691 1716; x_wconf 79' lang='grc' dir='ltr'>τῷ</span> <span class='ocrx_word' id='word_1_214' title='bbox 2729 1647 2902 1718; x_wconf 85' lang='grc' dir='ltr'>τόμῳ,</span> <span class='ocrx_word' id='word_1_215' title='bbox 2936 1649 3118 1719; x_wconf 85' lang='grc' dir='ltr'>ὅμοιον</span> <span class='ocrx_word' id='word_1_216' title='bbox 3160 1648 3235 1719; x_wconf 83' lang='grc' dir='ltr'>τῷ</span> <span class='ocrx_word' id='word_1_217' title='bbox 3257 1650 3428 1720; x_wconf 80' lang='grc' dir='ltr'>Πατρὶ</span> <span class='ocrx_word' id='word_1_218' title='bbox 3469 1649 3613 1704; x_wconf 81' lang='grc' dir='ltr'>κατὰ</span> <span class='ocrx_word' id='word_1_219' title='bbox 3657 1649 3743 1712; x_wconf 71' lang='grc' dir='ltr'>τὰς</span> 
     </span>
    </p>
   </div>
   <div class='ocr_carea' id='block_1_34' title="bbox 505 1713 2066 1806">
    <p class='ocr_par' dir='ltr' id='par_1_34' title="bbox 505 1735 2066 1805">
     <span class='ocr_line' id='line_1_34' title="bbox 505 1735 2066 1805; baseline -0.001 -15"><span class='ocrx_word' id='word_1_220' title='bbox 505 1737 748 1804; x_wconf 84' lang='lat' dir='ltr'><strong>ejusdem</strong></span> <span class='ocrx_word' id='word_1_221' title='bbox 812 1751 936 1788; x_wconf 89' lang='lat' dir='ltr'><strong>eum</strong></span> <span class='ocrx_word' id='word_1_222' title='bbox 992 1736 1083 1789; x_wconf 86' lang='lat' dir='ltr'><strong>illo</strong></span> <span class='ocrx_word' id='word_1_223' title='bbox 1136 1735 1408 1804; x_wconf 85' lang='lat' dir='ltr'><strong>opinionis</strong></span> <span class='ocrx_word' id='word_1_224' title='bbox 1449 1744 1604 1788; x_wconf 91' lang='lat' dir='ltr'><strong>erant</strong></span> <span class='ocrx_word' id='word_1_225' title='bbox 1653 1751 1938 1805; x_wconf 85' lang='lat' dir='ltr'><strong>:quorum</strong></span> <span class='ocrx_word' id='word_1_226' title='bbox 1975 1737 2066 1790; x_wconf 87' lang='lat' dir='ltr'><strong>alii</strong></span> 
     </span>
    </p>
   </div>
   <div class='ocr_carea' id='block_1_35' title="bbox 2174 1713 3743 1806">
    <p class='ocr_par' dir='ltr' id='par_1_35' title="bbox 2176 1713 3743 1806">
     <span class='ocr_line' id='line_1_35' title="bbox 2176 1713 3743 1806; baseline 0.002 -18"><span class='ocrx_word' id='word_1_227' title='bbox 2176 1713 2396 1806; x_wconf 71' lang='grc' dir='ltr'>Γραφὰς</span> <span class='ocrx_word' id='word_1_228' title='bbox 2417 1713 2762 1806; x_wconf 88' lang='grc' dir='ltr'>ἀνομολογεῖν</span> <span class='ocrx_word' id='word_1_229' title='bbox 2895 1713 3039 1793; x_wconf 81' lang='grc' dir='ltr'>Υἱόν.</span> <span class='ocrx_word' id='word_1_230' title='bbox 3060 1739 3169 1792; x_wconf 75' lang='grc' dir='ltr'>Καὶ</span> <span class='ocrx_word' id='word_1_231' title='bbox 3195 1713 3352 1794; x_wconf 77' lang='grc' dir='ltr'>πάλιν</span> <span class='ocrx_word' id='word_1_232' title='bbox 3377 1713 3612 1794; x_wconf 68' lang='grc' dir='ltr'>ἐνταῦθα</span> <span class='ocrx_word' id='word_1_233' title='bbox 3634 1759 3743 1792; x_wconf 83' lang='grc' dir='ltr'>συν-</span> 
     </span>
    </p>
   </div>
   <div class='ocr_carea' id='block_1_36' title="bbox 505 1826 2066 1897">
    <p class='ocr_par' dir='ltr' id='par_1_36' title="bbox 505 1826 2066 1897">
     <span class='ocr_line' id='line_1_36' title="bbox 505 1826 2066 1897; baseline 0 -17"><span class='ocrx_word' id='word_1_234' title='bbox 505 1829 738 1897; x_wconf 84' lang='lat' dir='ltr'><strong>priorem</strong></span> <span class='ocrx_word' id='word_1_235' title='bbox 775 1828 1096 1883; x_wconf 89' lang='lat' dir='ltr'><strong>sententiam</strong></span> <span class='ocrx_word' id='word_1_236' title='bbox 1129 1835 1497 1891; x_wconf 85' lang='lat' dir='ltr'><strong>mutaverant,</strong></span> <span class='ocrx_word' id='word_1_237' title='bbox 1529 1827 1618 1880; x_wconf 87' lang='lat' dir='ltr'><strong>alii</strong></span> <span class='ocrx_word' id='word_1_238' title='bbox 1649 1827 1699 1881; x_wconf 91' lang='lat' dir='ltr'><strong>id</strong></span> <span class='ocrx_word' id='word_1_239' title='bbox 1730 1826 1876 1896; x_wconf 88' lang='lat' dir='ltr'><strong>quod</strong></span> <span class='ocrx_word' id='word_1_240' title='bbox 1910 1827 2066 1880; x_wconf 83' lang='lat' dir='ltr'><strong>inviti</strong></span> 
     </span>
    </p>
   </div>
   <div class='ocr_carea' id='block_1_37' title="bbox 504 1914 2070 1985">
    <p class='ocr_par' dir='ltr' id='par_1_37' title="bbox 504 1914 2070 1985">
     <span class='ocr_line' id='line_1_37' title="bbox 504 1914 2070 1985; baseline 0.003 -18"><span class='ocrx_word' id='word_1_241' title='bbox 504 1914 1204 1985; x_wconf 79' lang='lat' dir='ltr'><strong>fecerant.dispensationis</strong></span> <span class='ocrx_word' id='word_1_242' title='bbox 1236 1918 1455 1970; x_wconf 87' lang='lat' dir='ltr'><strong>nomine</strong></span> <span class='ocrx_word' id='word_1_243' title='bbox 1480 1917 1866 1984; x_wconf 84' lang='lat' dir='ltr'><strong>praetexebant.</strong></span> <span class='ocrx_word' id='word_1_244' title='bbox 1897 1914 2070 1972; x_wconf 86' lang='lat' dir='ltr'><strong>Porro</strong></span> 
     </span>
    </p>
   </div>
   <div class='ocr_carea' id='block_1_38' title="bbox 493 2006 2066 2079">
    <p class='ocr_par' dir='ltr' id='par_1_38' title="bbox 493 2006 2066 2079">
     <span class='ocr_line' id='line_1_38' title="bbox 493 2006 2066 2079; baseline 0.001 -16"><span class='ocrx_word' id='word_1_245' title='bbox 493 2006 854 2064; x_wconf 83' lang='lat' dir='ltr'><strong>Constantius</strong></span> <span class='ocrx_word' id='word_1_246' title='bbox 912 2008 1343 2065; x_wconf 86' lang='lat' dir='ltr'><strong>Occidentalium</strong></span> <span class='ocrx_word' id='word_1_247' title='bbox 1388 2009 1675 2079; x_wconf 87' lang='lat' dir='ltr'><strong>epistolam</strong></span> <span class='ocrx_word' id='word_1_248' title='bbox 1721 2009 1778 2063; x_wconf 91' lang='lat' dir='ltr'><strong>in</strong></span> <span class='ocrx_word' id='word_1_249' title='bbox 1830 2010 2066 2065; x_wconf 88' lang='lat' dir='ltr'><strong>medium</strong></span> 
     </span>
    </p>
   </div>
   <div class='ocr_carea' id='block_1_39' title="bbox 2175 1827 3743 1901">
    <p class='ocr_par' dir='ltr' id='par_1_39' title="bbox 2175 1827 3743 1901">
     <span class='ocr_line' id='line_1_39' title="bbox 2175 1827 3743 1901; baseline 0.003 -21"><span class='ocrx_word' id='word_1_250' title='bbox 2175 1827 2346 1898; x_wconf 82' lang='grc' dir='ltr'>δρομῇ</span> <span class='ocrx_word' id='word_1_251' title='bbox 2372 1827 2466 1880; x_wconf 78' lang='grc' dir='ltr'>τοῦ</span> <span class='ocrx_word' id='word_1_252' title='bbox 2491 1827 2768 1895; x_wconf 84' lang='grc' dir='ltr'>Ἀκακίου,</span> <span class='ocrx_word' id='word_1_253' title='bbox 2793 1830 2852 1893; x_wconf 77' lang='grc' dir='ltr'>ὃς</span> <span class='ocrx_word' id='word_1_254' title='bbox 2877 1830 3060 1901; x_wconf 72' lang='grc' dir='ltr'>ἕτερος</span> <span class='ocrx_word' id='word_1_255' title='bbox 3086 1832 3183 1900; x_wconf 89' lang='grc' dir='ltr'><strong>μέν</strong></span> <span class='ocrx_word' id='word_1_256' title='bbox 3206 1827 3271 1901; x_wconf 81' lang='grc' dir='ltr'>ἦν</span> <span class='ocrx_word' id='word_1_257' title='bbox 3296 1831 3394 1901; x_wconf 83' lang='grc' dir='ltr'><strong>τὴν</strong></span> <span class='ocrx_word' id='word_1_258' title='bbox 3427 1831 3610 1896; x_wconf 78' lang='grc' dir='ltr'>δόξαν,</span> <span class='ocrx_word' id='word_1_259' title='bbox 3637 1832 3743 1884; x_wconf 82' lang='grc' dir='ltr'>’ἐτε-</span> 
     </span>
    </p>
   </div>
   <div class='ocr_carea' id='block_1_40' title="bbox 2179 1918 3742 1993">
    <p class='ocr_par' dir='ltr' id='par_1_40' title="bbox 2179 1918 3742 1993">
     <span class='ocr_line' id='line_1_40' title="bbox 2179 1918 3742 1993; baseline 0.003 -23"><span class='ocrx_word' id='word_1_260' title='bbox 2179 1936 2268 1988; x_wconf 86' lang='grc' dir='ltr'><strong>ρος</strong></span> <span class='ocrx_word' id='word_1_261' title='bbox 2294 1919 2351 1971; x_wconf 86' lang='grc' dir='ltr'>δὲ</span> <span class='ocrx_word' id='word_1_262' title='bbox 2389 1918 2488 1989; x_wconf 81' lang='grc' dir='ltr'>τὴν</span> <span class='ocrx_word' id='word_1_263' title='bbox 2539 1920 2802 1987; x_wconf 83' lang='grc' dir='ltr'>γλῶτταν,</span> <span class='ocrx_word' id='word_1_264' title='bbox 2841 1922 3216 1993; x_wconf 82' lang='grc' dir='ltr'>ύπογράφουσι</span> <span class='ocrx_word' id='word_1_265' title='bbox 3252 1923 3450 1986; x_wconf 83' lang='grc' dir='ltr'>πάντες</span> <span class='ocrx_word' id='word_1_266' title='bbox 3473 1923 3742 1993; x_wconf 56' lang='lat'><strong>66017.1(:-</strong></span> 
     </span>
    </p>
   </div>
   <div class='ocr_carea' id='block_1_41' title="bbox 2175 2011 3582 2085">
    <p class='ocr_par' dir='ltr' id='par_1_41' title="bbox 2175 2011 3582 2085">
     <span class='ocr_line' id='line_1_41' title="bbox 2175 2011 3582 2085; baseline 0.001 -23"><span class='ocrx_word' id='word_1_267' title='bbox 2175 2013 2334 2080; x_wconf 75' lang='grc' dir='ltr'>ἦσαν,</span> <span class='ocrx_word' id='word_1_268' title='bbox 2371 2012 2466 2063; x_wconf 78' lang='grc' dir='ltr'><strong>καὶ</strong></span> <span class='ocrx_word' id='word_1_269' title='bbox 2494 2011 2607 2064; x_wconf 78' lang='grc' dir='ltr'>ὅσοι</span> <span class='ocrx_word' id='word_1_270' title='bbox 2639 2013 2766 2080; x_wconf 71' lang='grc' dir='ltr'>πρὶν</span> <span class='ocrx_word' id='word_1_271' title='bbox 2791 2012 3121 2084; x_wconf 78' lang='grc' dir='ltr'>ἐπρέσϐευον</span> <span class='ocrx_word' id='word_1_272' title='bbox 3146 2013 3205 2066; x_wconf 86' lang='grc' dir='ltr'>τὺ</span> <span class='ocrx_word' id='word_1_273' title='bbox 3224 2013 3582 2085; x_wconf 81' lang='grc' dir='ltr'>ἐτεροούσιον.</span> 
     </span>
    </p>
   </div>
   <div class='ocr_carea' id='block_1_42' title="bbox 501 2105 3742 2179">
    <p class='ocr_par' dir='ltr' id='par_1_42' title="bbox 501 2105 3742 2179">
     <span class='ocr_line' id='line_1_42' title="bbox 501 2105 3742 2179; baseline 0 -20"><span class='ocrx_word' id='word_1_274' title='bbox 501 2105 803 2176; x_wconf 83' lang='lat' dir='ltr'><strong>proferens,</strong></span> <span class='ocrx_word' id='word_1_275' title='bbox 845 2107 1188 2176; x_wconf 76' lang='lat' dir='ltr'><strong>praesentium</strong></span> <span class='ocrx_word' id='word_1_276' title='bbox 1248 2108 1625 2179; x_wconf 88' lang='lat' dir='ltr'><strong>episc0porum</strong></span> <span class='ocrx_word' id='word_1_277' title='bbox 1687 2106 2178 2176; x_wconf 88' lang='lat' dir='ltr'><strong>subscriptionibus</strong></span> <span class='ocrx_word' id='word_1_278' title='bbox 2232 2106 2436 2161; x_wconf 85' lang='lat' dir='ltr'><strong>firmari</strong></span> <span class='ocrx_word' id='word_1_279' title='bbox 2473 2123 2595 2162; x_wconf 90' lang='lat' dir='ltr'><strong>eam</strong></span> <span class='ocrx_word' id='word_1_280' title='bbox 2651 2107 2840 2172; x_wconf 91' lang='lat' dir='ltr'><strong>jussit.</strong></span> <span class='ocrx_word' id='word_1_281' title='bbox 2887 2108 3283 2164; x_wconf 88' lang='lat' dir='ltr'><strong>Contioebatur</strong></span> <span class='ocrx_word' id='word_1_282' title='bbox 3334 2118 3510 2166; x_wconf 74' lang='lat' dir='ltr'><strong>autem</strong></span> <span class='ocrx_word' id='word_1_283' title='bbox 3558 2109 3616 2161; x_wconf 90' lang='lat' dir='ltr'><strong>in</strong></span> <span class='ocrx_word' id='word_1_284' title='bbox 3653 2108 3742 2161; x_wconf 86' lang='lat' dir='ltr'><strong>bac</strong></span> 
     </span>
    </p>
   </div>
   <div class='ocr_carea' id='block_1_43' title="bbox 499 2196 3741 2272">
    <p class='ocr_par' dir='ltr' id='par_1_43' title="bbox 499 2196 3741 2272">
     <span class='ocr_line' id='line_1_43' title="bbox 499 2196 3741 2272; baseline 0.001 -22"><span class='ocrx_word' id='word_1_285' title='bbox 499 2199 745 2265; x_wconf 89' lang='lat' dir='ltr'><strong>epistola,</strong></span> <span class='ocrx_word' id='word_1_286' title='bbox 776 2196 969 2252; x_wconf 86' lang='lat' dir='ltr'><strong>Filium</strong></span> <span class='ocrx_word' id='word_1_287' title='bbox 994 2199 1139 2254; x_wconf 81' lang='lat' dir='ltr'><strong>Patri</strong></span> <span class='ocrx_word' id='word_1_288' title='bbox 1171 2201 1404 2267; x_wconf 84' lang='lat' dir='ltr'><strong>similem</strong></span> <span class='ocrx_word' id='word_1_289' title='bbox 1430 2218 1550 2257; x_wconf 88' lang='lat' dir='ltr'><strong>esse</strong></span> <span class='ocrx_word' id='word_1_290' title='bbox 1583 2200 1884 2256; x_wconf 90' lang='lat' dir='ltr'><strong>secundum</strong></span> <span class='ocrx_word' id='word_1_291' title='bbox 1922 2199 2255 2270; x_wconf 90' lang='lat' dir='ltr'><strong>Scripturas.</strong></span> <span class='ocrx_word' id='word_1_292' title='bbox 2279 2203 2417 2254; x_wconf 86' lang='lat' dir='ltr'><strong>Tum</strong></span> <span class='ocrx_word' id='word_1_293' title='bbox 2492 2216 2620 2256; x_wconf 84' lang='lat' dir='ltr'><strong>vero</strong></span> <span class='ocrx_word' id='word_1_294' title='bbox 2655 2216 2822 2271; x_wconf 82' lang='lat' dir='ltr'><strong>opera</strong></span> <span class='ocrx_word' id='word_1_295' title='bbox 2877 2203 3037 2258; x_wconf 89' lang='lat' dir='ltr'><strong>etiam</strong></span> <span class='ocrx_word' id='word_1_296' title='bbox 3101 2203 3342 2272; x_wconf 85' lang='lat' dir='ltr'><strong>ejusdem</strong></span> <span class='ocrx_word' id='word_1_297' title='bbox 3385 2201 3604 2266; x_wconf 85' lang='lat' dir='ltr'><strong>Aeacii,</strong></span> <span class='ocrx_word' id='word_1_298' title='bbox 3660 2202 3741 2270; x_wconf 90' lang='lat' dir='ltr'><strong>qui</strong></span> 
     </span>
    </p>
   </div>
   <div class='ocr_carea' id='block_1_44' title="bbox 493 2290 3745 2364">
    <p class='ocr_par' dir='ltr' id='par_1_44' title="bbox 493 2290 3745 2364">
     <span class='ocr_line' id='line_1_44' title="bbox 493 2290 3745 2364; baseline 0 -20"><span class='ocrx_word' id='word_1_299' title='bbox 493 2290 716 2358; x_wconf 83' lang='lat' dir='ltr'><strong>quidem</strong></span> <span class='ocrx_word' id='word_1_300' title='bbox 771 2293 914 2347; x_wconf 83' lang='lat' dir='ltr'><strong>aliud</strong></span> <span class='ocrx_word' id='word_1_301' title='bbox 963 2295 1015 2347; x_wconf 87' lang='lat' dir='ltr'><strong>in</strong></span> <span class='ocrx_word' id='word_1_302' title='bbox 1049 2305 1266 2362; x_wconf 86' lang='lat' dir='ltr'><strong>pectore</strong></span> <span class='ocrx_word' id='word_1_303' title='bbox 1293 2296 1654 2356; x_wconf 84' lang='lat' dir='ltr'><strong>reconditum,</strong></span> <span class='ocrx_word' id='word_1_304' title='bbox 1692 2295 1836 2351; x_wconf 85' lang='lat' dir='ltr'><strong>aliud</strong></span> <span class='ocrx_word' id='word_1_305' title='bbox 1886 2295 1939 2348; x_wconf 91' lang='lat' dir='ltr'><strong>iu</strong></span> <span class='ocrx_word' id='word_1_306' title='bbox 1992 2294 2173 2362; x_wconf 85' lang='lat' dir='ltr'><strong>lingua</strong></span> <span class='ocrx_word' id='word_1_307' title='bbox 2227 2302 2542 2363; x_wconf 89' lang='lat' dir='ltr'><strong>promptum</strong></span> <span class='ocrx_word' id='word_1_308' title='bbox 2599 2294 2869 2360; x_wconf 84' lang='lat' dir='ltr'><strong>habebat,</strong></span> <span class='ocrx_word' id='word_1_309' title='bbox 2909 2295 3144 2350; x_wconf 83' lang='lat' dir='ltr'><strong>universi</strong></span> <span class='ocrx_word' id='word_1_310' title='bbox 3177 2295 3271 2364; x_wconf 90' lang='lat' dir='ltr'><strong>qui</strong></span> <span class='ocrx_word' id='word_1_311' title='bbox 3317 2295 3564 2359; x_wconf 82' lang='lat' dir='ltr'><strong>aderant,</strong></span> <span class='ocrx_word' id='word_1_312' title='bbox 3612 2301 3667 2346; x_wconf 89' lang='lat' dir='ltr'><strong>et</strong></span> <span class='ocrx_word' id='word_1_313' title='bbox 3709 2293 3745 2346; x_wconf 88' lang='lat' dir='ltr'><strong>ii</strong></span> 
     </span>
    </p>
   </div>
   <div class='ocr_carea' id='block_1_45' title="bbox 500 2389 2950 2462">
    <p class='ocr_par' dir='ltr' id='par_1_45' title="bbox 500 2389 2950 2462">
     <span class='ocr_line' id='line_1_45' title="bbox 500 2389 2950 2462; baseline 0.002 -21"><span class='ocrx_word' id='word_1_314' title='bbox 500 2405 720 2460; x_wconf 88' lang='lat' dir='ltr'><strong>quoque</strong></span> <span class='ocrx_word' id='word_1_315' title='bbox 746 2390 846 2458; x_wconf 83' lang='lat' dir='ltr'><strong>ipsi</strong></span> <span class='ocrx_word' id='word_1_316' title='bbox 882 2392 973 2460; x_wconf 86' lang='lat' dir='ltr'><strong>qui</strong></span> <span class='ocrx_word' id='word_1_317' title='bbox 1001 2392 1321 2447; x_wconf 85' lang='lat' dir='ltr'><strong>dissimilem</strong></span> <span class='ocrx_word' id='word_1_318' title='bbox 1367 2394 1730 2448; x_wconf 87' lang='lat' dir='ltr'><strong>substantiam</strong></span> <span class='ocrx_word' id='word_1_319' title='bbox 1759 2403 1917 2448; x_wconf 84' lang='lat' dir='ltr'><strong>antea</strong></span> <span class='ocrx_word' id='word_1_320' title='bbox 1943 2389 2173 2462; x_wconf 80' lang='lat' dir='ltr'><strong>professi</strong></span> <span class='ocrx_word' id='word_1_321' title='bbox 2209 2390 2446 2455; x_wconf 85' lang='lat' dir='ltr'><strong>fuerant,</strong></span> <span class='ocrx_word' id='word_1_322' title='bbox 2485 2391 2950 2461; x_wconf 89' lang='lat' dir='ltr'><strong>subscripserunt.</strong></span> 
     </span>
    </p>
   </div>
   <div class='ocr_carea' id='block_1_46' title="bbox 759 2500 1805 2567">
    <p class='ocr_par' dir='ltr' id='par_1_46' title="bbox 759 2500 1805 2567">
     <span class='ocr_line' id='line_1_46' title="bbox 759 2500 1805 2567; baseline 0.002 -12"><span class='ocrx_word' id='word_1_323' title='bbox 759 2501 849 2556; x_wconf 78' lang='grc' dir='ltr'><strong>ΕΧ</strong></span> <span class='ocrx_word' id='word_1_324' title='bbox 891 2500 1092 2556; x_wconf 71' lang='grc' dir='ltr'>ωηιιο</span> <span class='ocrx_word' id='word_1_325' title='bbox 1130 2501 1393 2567; x_wconf 84' lang='lat' dir='ltr'><strong>QUINTO</strong></span> <span class='ocrx_word' id='word_1_326' title='bbox 1432 2502 1805 2558; x_wconf 64' lang='lat' dir='ltr'><strong>HISTORIIE.</strong></span> 
     </span>
    </p>
   </div>
   <div class='ocr_carea' id='block_1_47' title="bbox 570 2592 2066 2664">
    <p class='ocr_par' dir='ltr' id='par_1_47' title="bbox 570 2592 2066 2664">
     <span class='ocr_line' id='line_1_47' title="bbox 570 2592 2066 2664; baseline -0.001 -16"><span class='ocrx_word' id='word_1_327' title='bbox 570 2595 622 2648; x_wconf 78' lang='grc'><strong>1.</strong></span> <span class='ocrx_word' id='word_1_328' title='bbox 659 2595 880 2648; x_wconf 77' lang='lat' dir='ltr'><strong>Aeacius</strong></span> <span class='ocrx_word' id='word_1_329' title='bbox 917 2593 1217 2646; x_wconf 86' lang='lat' dir='ltr'><strong>Basilianos</strong></span> <span class='ocrx_word' id='word_1_330' title='bbox 1254 2604 1303 2647; x_wconf 81' lang='lat' dir='ltr'><strong>et</strong></span> <span class='ocrx_word' id='word_1_331' title='bbox 1351 2595 1602 2648; x_wconf 80' lang='lat' dir='ltr'><strong>Aelianas</strong></span> <span class='ocrx_word' id='word_1_332' title='bbox 1644 2595 1814 2664; x_wconf 88' lang='lat' dir='ltr'><strong>pellit.</strong></span> <span class='ocrx_word' id='word_1_333' title='bbox 1870 2592 2066 2648; x_wconf 77' lang='lat' dir='ltr'><strong>Homo-</strong></span> 
     </span>
    </p>
   </div>
   <div class='ocr_carea' id='block_1_48' title="bbox 499 2681 2069 2751">
    <p class='ocr_par' dir='ltr' id='par_1_48' title="bbox 499 2681 2069 2751">
     <span class='ocr_line' id='line_1_48' title="bbox 499 2681 2069 2751; baseline 0.001 -14"><span class='ocrx_word' id='word_1_334' title='bbox 499 2684 708 2737; x_wconf 87' lang='lat' dir='ltr'><strong>ousiaui</strong></span> <span class='ocrx_word' id='word_1_335' title='bbox 751 2683 1002 2735; x_wconf 82' lang='lat' dir='ltr'><strong>ordinati.</strong></span> <span class='ocrx_word' id='word_1_336' title='bbox 1038 2681 1283 2736; x_wconf 78' lang='lat' dir='ltr'><strong>Meletius</strong></span> <span class='ocrx_word' id='word_1_337' title='bbox 1323 2683 1479 2751; x_wconf 80' lang='lat' dir='ltr'><strong>episc.</strong></span> <span class='ocrx_word' id='word_1_338' title='bbox 1529 2684 1773 2737; x_wconf 82' lang='lat' dir='ltr'><strong>Antioch.</strong></span> <span class='ocrx_word' id='word_1_339' title='bbox 1826 2713 1894 2722; x_wconf 92' lang='lat'><strong>—-</strong></span> <span class='ocrx_word' id='word_1_340' title='bbox 1939 2681 2069 2738; x_wconf 88' lang='lat' dir='ltr'><strong>Post</strong></span> 
     </span>
    </p>
   </div>
   <div class='ocr_carea' id='block_1_49' title="bbox 503 2775 2065 2843">
    <p class='ocr_par' dir='ltr' id='par_1_49' title="bbox 503 2775 2065 2843">
     <span class='ocr_line' id='line_1_49' title="bbox 503 2775 2065 2843; baseline 0 -15"><span class='ocrx_word' id='word_1_341' title='bbox 503 2777 615 2830; x_wconf 69' lang='lat' dir='ltr'><strong>haec</strong></span> <span class='ocrx_word' id='word_1_342' title='bbox 640 2775 892 2840; x_wconf 84' lang='lat' dir='ltr'><strong>Aeacius,</strong></span> <span class='ocrx_word' id='word_1_343' title='bbox 918 2790 1040 2828; x_wconf 91' lang='lat' dir='ltr'><strong>cum</strong></span> <span class='ocrx_word' id='word_1_344' title='bbox 1072 2776 1450 2843; x_wconf 82' lang='lat' dir='ltr'><strong>imperatorem</strong></span> <span class='ocrx_word' id='word_1_345' title='bbox 1482 2777 1534 2828; x_wconf 93' lang='lat' dir='ltr'><strong>in</strong></span> <span class='ocrx_word' id='word_1_346' title='bbox 1561 2790 1714 2828; x_wconf 86' lang='lat' dir='ltr'><strong>suam</strong></span> <span class='ocrx_word' id='word_1_347' title='bbox 1739 2776 2065 2830; x_wconf 88' lang='lat' dir='ltr'><strong>sententiam</strong></span> 
     </span>
    </p>
   </div>
   <div class='ocr_carea' id='block_1_50' title="bbox 501 2864 2066 2937">
    <p class='ocr_par' dir='ltr' id='par_1_50' title="bbox 501 2864 2066 2937">
     <span class='ocr_line' id='line_1_50' title="bbox 501 2864 2066 2937; baseline 0.002 -18"><span class='ocrx_word' id='word_1_348' title='bbox 501 2866 872 2937; x_wconf 76' lang='lat' dir='ltr'><strong>pertraxisset,</strong></span> <span class='ocrx_word' id='word_1_349' title='bbox 898 2864 1156 2919; x_wconf 79' lang='lat' dir='ltr'><strong>Basiliam</strong></span> <span class='ocrx_word' id='word_1_350' title='bbox 1181 2876 1234 2918; x_wconf 91' lang='lat' dir='ltr'><strong>et</strong></span> <span class='ocrx_word' id='word_1_351' title='bbox 1264 2867 1604 2920; x_wconf 77' lang='lat' dir='ltr'><strong>Eustathium</strong></span> <span class='ocrx_word' id='word_1_352' title='bbox 1625 2867 2066 2937; x_wconf 83' lang='lat' dir='ltr'><strong>aliosqueplures</strong></span> 
     </span>
    </p>
   </div>
   <div class='ocr_carea' id='block_1_51' title="bbox 499 2958 2066 3026">
    <p class='ocr_par' dir='ltr' id='par_1_51' title="bbox 499 2958 2066 3026">
     <span class='ocr_line' id='line_1_51' title="bbox 499 2958 2066 3026; baseline -0.001 -12"><span class='ocrx_word' id='word_1_353' title='bbox 499 2960 665 3015; x_wconf 84' lang='lat' dir='ltr'><strong>variis</strong></span> <span class='ocrx_word' id='word_1_354' title='bbox 711 2958 1184 3014; x_wconf 85' lang='lat' dir='ltr'><strong>criminationibus</strong></span> <span class='ocrx_word' id='word_1_355' title='bbox 1231 2958 1532 3026; x_wconf 85' lang='lat' dir='ltr'><strong>appetitos,</strong></span> <span class='ocrx_word' id='word_1_356' title='bbox 1569 2972 1634 3011; x_wconf 72' lang='lat' dir='ltr'><strong>ex</strong></span> <span class='ocrx_word' id='word_1_357' title='bbox 1684 2959 1799 3011; x_wconf 88' lang='lat' dir='ltr'><strong>suis</strong></span> <span class='ocrx_word' id='word_1_358' title='bbox 1845 2959 2066 3013; x_wconf 87' lang='lat' dir='ltr'><strong>sedibus</strong></span> 
     </span>
    </p>
   </div>
   <div class='ocr_carea' id='block_1_52' title="bbox 2439 2491 3461 2567">
    <p class='ocr_par' dir='ltr' id='par_1_52' title="bbox 2439 2491 3461 2567">
     <span class='ocr_line' id='line_1_52' title="bbox 2439 2491 3461 2567; baseline 0.002 -15"><span class='ocrx_word' id='word_1_359' title='bbox 2439 2501 2548 2567; x_wconf 17' lang='grc' dir='ltr'><strong>,ΕΚ</strong></span> <span class='ocrx_word' id='word_1_360' title='bbox 2589 2500 2723 2552; x_wconf 79' lang='grc' dir='ltr'><strong>ΤΗΣ</strong></span> <span class='ocrx_word' id='word_1_361' title='bbox 2761 2491 3098 2555; x_wconf 79' lang='grc' dir='ltr'><strong>ΠΕΜΠΤΗΣ</strong></span> <span class='ocrx_word' id='word_1_362' title='bbox 3134 2500 3461 2556; x_wconf 76' lang='grc' dir='ltr'>ιΣΤοΡιΑΣ.</span> 
     </span>
    </p>
   </div>
   <div class='ocr_carea' id='block_1_53' title="bbox 2245 2592 3745 2669">
    <p class='ocr_par' dir='ltr' id='par_1_53' title="bbox 2245 2592 3745 2669">
     <span class='ocr_line' id='line_1_53' title="bbox 2245 2592 3745 2669; baseline 0.006 -26"><span class='ocrx_word' id='word_1_363' title='bbox 2245 2599 2312 2644; x_wconf 82' lang='grc' dir='ltr'>α’.</span> <span class='ocrx_word' id='word_1_364' title='bbox 2345 2593 2486 2657; x_wconf 89' lang='grc' dir='ltr'>Ὅτι,</span> <span class='ocrx_word' id='word_1_365' title='bbox 2517 2592 2667 2662; x_wconf 78' lang='grc' dir='ltr'>φησὶ,</span> <span class='ocrx_word' id='word_1_366' title='bbox 2694 2592 2832 2662; x_wconf 81' lang='grc' dir='ltr'>μετὰ</span> <span class='ocrx_word' id='word_1_367' title='bbox 2853 2593 3026 2647; x_wconf 80' lang='grc' dir='ltr'>ταῦτα</span> <span class='ocrx_word' id='word_1_368' title='bbox 3051 2593 3303 2658; x_wconf 83' lang='grc' dir='ltr'>Ἀκάκιος</span> <span class='ocrx_word' id='word_1_369' title='bbox 3327 2597 3454 2660; x_wconf 77' lang='grc' dir='ltr'>τοὺς</span> <span class='ocrx_word' id='word_1_370' title='bbox 3493 2599 3623 2669; x_wconf 81' lang='grc' dir='ltr'>περὶ</span> <span class='ocrx_word' id='word_1_371' title='bbox 3652 2597 3745 2652; x_wconf 77' lang='grc' dir='ltr'><strong>Βα-</strong></span> 
     </span>
    </p>
   </div>
   <div class='ocr_carea' id='block_1_54' title="bbox 2179 2684 3744 2756">
    <p class='ocr_par' dir='ltr' id='par_1_54' title="bbox 2179 2684 3744 2756">
     <span class='ocr_line' id='line_1_54' title="bbox 2179 2684 3744 2756; baseline 0.007 -21"><span class='ocrx_word' id='word_1_372' title='bbox 2179 2684 2372 2737; x_wconf 84' lang='grc' dir='ltr'>σίλειον</span> <span class='ocrx_word' id='word_1_373' title='bbox 2407 2686 2502 2737; x_wconf 73' lang='grc' dir='ltr'><strong>καὶ</strong></span> <span class='ocrx_word' id='word_1_374' title='bbox 2526 2686 2844 2750; x_wconf 77' lang='grc' dir='ltr'>Εὐστάθιον,</span> <span class='ocrx_word' id='word_1_375' title='bbox 2883 2686 3101 2756; x_wconf 82' lang='grc' dir='ltr'>βασιλέα</span> <span class='ocrx_word' id='word_1_376' title='bbox 3157 2690 3346 2753; x_wconf 82' lang='grc' dir='ltr'>πείσας</span> <span class='ocrx_word' id='word_1_377' title='bbox 3401 2692 3497 2744; x_wconf 76' lang='grc' dir='ltr'><strong>καὶ</strong></span> <span class='ocrx_word' id='word_1_378' title='bbox 3551 2694 3744 2755; x_wconf 55' lang='grc' dir='ltr'>αἰτίας</span> 
     </span>
    </p>
   </div>
   <div class='ocr_carea' id='block_1_55' title="bbox 2175 2776 3745 2852">
    <p class='ocr_par' dir='ltr' id='par_1_55' title="bbox 2175 2776 3745 2852">
     <span class='ocr_line' id='line_1_55' title="bbox 2175 2776 3745 2852; baseline 0.007 -25"><span class='ocrx_word' id='word_1_379' title='bbox 2175 2776 2363 2840; x_wconf 67' lang='grc' dir='ltr'>ἄλλους</span> <span class='ocrx_word' id='word_1_380' title='bbox 2389 2776 2576 2840; x_wconf 81' lang='grc' dir='ltr'>ἄλλαις</span> <span class='ocrx_word' id='word_1_381' title='bbox 2606 2777 2908 2843; x_wconf 77' lang='grc' dir='ltr'>ὑποὸαλὼν,</span> <span class='ocrx_word' id='word_1_382' title='bbox 2937 2780 3186 2851; x_wconf 86' lang='grc' dir='ltr'>καθαιρεί</span> <span class='ocrx_word' id='word_1_383' title='bbox 3210 2781 3318 2834; x_wconf 84' lang='grc' dir='ltr'>τῶν</span> <span class='ocrx_word' id='word_1_384' title='bbox 3350 2782 3576 2852; x_wconf 85' lang='grc' dir='ltr'>θρόνων.</span> <span class='ocrx_word' id='word_1_385' title='bbox 3611 2787 3745 2838; x_wconf 70' lang='lat' dir='ltr'><strong>K29-</strong></span> 
     </span>
    </p>
   </div>
   <div class='ocr_carea' id='block_1_56' title="bbox 2174 2869 3746 2940">
    <p class='ocr_par' dir='ltr' id='par_1_56' title="bbox 2174 2869 3746 2940">
     <span class='ocr_line' id='line_1_56' title="bbox 2174 2869 3746 2940; baseline 0.003 -18"><span class='ocrx_word' id='word_1_386' title='bbox 2174 2871 2317 2940; x_wconf 88' lang='grc' dir='ltr'>αιρεῖ</span> <span class='ocrx_word' id='word_1_387' title='bbox 2364 2869 2421 2921; x_wconf 80' lang='grc' dir='ltr'>δὲ</span> <span class='ocrx_word' id='word_1_388' title='bbox 2472 2871 2564 2922; x_wconf 76' lang='grc' dir='ltr'><strong>καὶ</strong></span> <span class='ocrx_word' id='word_1_389' title='bbox 2614 2872 2940 2924; x_wconf 89' lang='grc' dir='ltr'>Μακεδόνιον</span> <span class='ocrx_word' id='word_1_390' title='bbox 2988 2872 3078 2925; x_wconf 82' lang='grc' dir='ltr'><strong>τὸν</strong></span> <span class='ocrx_word' id='word_1_391' title='bbox 3134 2874 3746 2938; x_wconf 82' lang='grc' dir='ltr'>Κωνσταντινουπόλεως</span> 
     </span>
    </p>
   </div>
   <div class='ocr_carea' id='block_1_57' title="bbox 2175 2959 3744 3031">
    <p class='ocr_par' dir='ltr' id='par_1_57' title="bbox 2175 2959 3744 3031">
     <span class='ocr_line' id='line_1_57' title="bbox 2175 2959 3744 3031; baseline 0.004 -20"><span class='ocrx_word' id='word_1_392' title='bbox 2175 2961 2490 3013; x_wconf 75' lang='grc' dir='ltr'>ἐπίσκοπον.</span> <span class='ocrx_word' id='word_1_393' title='bbox 2528 2959 2831 3024; x_wconf 85' lang='grc' dir='ltr'>Παυθέντος</span> <span class='ocrx_word' id='word_1_394' title='bbox 2866 2963 2922 3015; x_wconf 83' lang='grc' dir='ltr'>δὲ</span> <span class='ocrx_word' id='word_1_395' title='bbox 2970 2961 3062 3015; x_wconf 78' lang='grc' dir='ltr'>τοῦ</span> <span class='ocrx_word' id='word_1_396' title='bbox 3105 2963 3456 3028; x_wconf 85' lang='grc' dir='ltr'>Μακεδονίου,</span> <span class='ocrx_word' id='word_1_397' title='bbox 3500 2965 3744 3031; x_wconf 76' lang='grc' dir='ltr'>Εύδόξιος</span> 
     </span>
    </p>
   </div>
   <div class='ocr_carea' id='block_1_58' title="bbox 497 3047 2066 3129">
    <p class='ocr_par' dir='ltr' id='par_1_58' title="bbox 497 3047 2066 3122">
     <span class='ocr_line' id='line_1_58' title="bbox 497 3047 2066 3122; baseline -0.003 -15"><span class='ocrx_word' id='word_1_398' title='bbox 497 3051 750 3122; x_wconf 82' lang='lat' dir='ltr'><strong>deposuit</strong></span> <span class='ocrx_word' id='word_1_399' title='bbox 775 3049 905 3119; x_wconf 61' lang='grc' dir='ltr'><strong>(Ἡ).</strong></span> <span class='ocrx_word' id='word_1_400' title='bbox 938 3047 1115 3118; x_wconf 87' lang='lat' dir='ltr'><strong>Ipsum</strong></span> <span class='ocrx_word' id='word_1_401' title='bbox 1150 3064 1366 3117; x_wconf 87' lang='lat' dir='ltr'><strong>quoque</strong></span> <span class='ocrx_word' id='word_1_402' title='bbox 1395 3047 1767 3102; x_wconf 83' lang='lat' dir='ltr'><strong>Macedonium</strong></span> <span class='ocrx_word' id='word_1_403' title='bbox 1798 3049 2066 3103; x_wconf 84' lang='lat' dir='ltr'><strong>Constan-</strong></span> 
     </span>
    </p>
   </div>
   <div class='ocr_carea' id='block_1_59' title="bbox 2174 3047 3747 3129">
    <p class='ocr_par' dir='ltr' id='par_1_59' title="bbox 2175 3051 3747 3129">
     <span class='ocr_line' id='line_1_59' title="bbox 2175 3051 3747 3129; baseline 0.003 -26"><span class='ocrx_word' id='word_1_404' title='bbox 2175 3051 2232 3115; x_wconf 77' lang='grc' dir='ltr'>ἐξ</span> <span class='ocrx_word' id='word_1_405' title='bbox 2270 3052 2598 3122; x_wconf 74' lang='grc' dir='ltr'>Ἀντιοχείας</span> <span class='ocrx_word' id='word_1_406' title='bbox 2636 3055 3014 3108; x_wconf 80' lang='grc' dir='ltr'>Κωνσταντίου</span> <span class='ocrx_word' id='word_1_407' title='bbox 3051 3055 3245 3129; x_wconf 76' lang='grc' dir='ltr'>γνώμη</span> <span class='ocrx_word' id='word_1_408' title='bbox 3283 3057 3747 3128; x_wconf 78' lang='grc' dir='ltr'>ἀντικαθιδρύεται</span> 
     </span>
    </p>
   </div>
   <div class='ocr_carea' id='block_1_60' title="bbox 498 3139 2065 3213">
    <p class='ocr_par' dir='ltr' id='par_1_60' title="bbox 498 3139 2065 3213">
     <span class='ocr_line' id='line_1_60' title="bbox 498 3139 2065 3213; baseline -0.002 -15"><span class='ocrx_word' id='word_1_409' title='bbox 498 3143 756 3213; x_wconf 86' lang='lat' dir='ltr'><strong>tin0polis</strong></span> <span class='ocrx_word' id='word_1_410' title='bbox 787 3141 1104 3211; x_wconf 84' lang='lat' dir='ltr'><strong>episcopum</strong></span> <span class='ocrx_word' id='word_1_411' title='bbox 1144 3139 1454 3194; x_wconf 80' lang='lat' dir='ltr'><strong>sacerdotio</strong></span> <span class='ocrx_word' id='word_1_412' title='bbox 1488 3139 1659 3195; x_wconf 81' lang='lat' dir='ltr'><strong>exuit.</strong></span> <span class='ocrx_word' id='word_1_413' title='bbox 1695 3139 1865 3195; x_wconf 86' lang='lat' dir='ltr'><strong>Porro</strong></span> <span class='ocrx_word' id='word_1_414' title='bbox 1895 3141 2065 3210; x_wconf 89' lang='lat' dir='ltr'><strong>depo-</strong></span> 
     </span>
    </p>
   </div>
   <div class='ocr_carea' id='block_1_61' title="bbox 499 3233 2064 3304">
    <p class='ocr_par' dir='ltr' id='par_1_61' title="bbox 499 3233 2064 3304">
     <span class='ocr_line' id='line_1_61' title="bbox 499 3233 2064 3304; baseline -0.003 -13"><span class='ocrx_word' id='word_1_415' title='bbox 499 3238 604 3291; x_wconf 83' lang='lat' dir='ltr'><strong>sito</strong></span> <span class='ocrx_word' id='word_1_416' title='bbox 633 3235 968 3299; x_wconf 83' lang='lat' dir='ltr'><strong>Macedonio,</strong></span> <span class='ocrx_word' id='word_1_417' title='bbox 1000 3233 1277 3288; x_wconf 79' lang='lat' dir='ltr'><strong>Eudoxius</strong></span> <span class='ocrx_word' id='word_1_418' title='bbox 1307 3249 1372 3288; x_wconf 88' lang='lat' dir='ltr'><strong>ex</strong></span> <span class='ocrx_word' id='word_1_419' title='bbox 1404 3233 1757 3288; x_wconf 83' lang='lat' dir='ltr'><strong>Antiochensi</strong></span> <span class='ocrx_word' id='word_1_420' title='bbox 1787 3235 2064 3304; x_wconf 88' lang='lat' dir='ltr'><strong>episcopo,</strong></span> 
     </span>
    </p>
   </div>
   <div class='ocr_carea' id='block_1_62' title="bbox 500 3324 2068 3394">
    <p class='ocr_par' dir='ltr' id='par_1_62' title="bbox 500 3324 2068 3394">
     <span class='ocr_line' id='line_1_62' title="bbox 500 3324 2068 3394; baseline 0.001 -16"><span class='ocrx_word' id='word_1_421' title='bbox 500 3335 772 3381; x_wconf 89' lang='lat' dir='ltr'><strong>annuente</strong></span> <span class='ocrx_word' id='word_1_422' title='bbox 813 3325 1166 3389; x_wconf 88' lang='lat' dir='ltr'><strong>Constantio,</strong></span> <span class='ocrx_word' id='word_1_423' title='bbox 1224 3325 1278 3378; x_wconf 92' lang='lat' dir='ltr'><strong>in</strong></span> <span class='ocrx_word' id='word_1_424' title='bbox 1333 3324 1454 3394; x_wconf 90' lang='lat' dir='ltr'><strong>ejus</strong></span> <span class='ocrx_word' id='word_1_425' title='bbox 1510 3325 1688 3379; x_wconf 92' lang='lat' dir='ltr'><strong>locum</strong></span> <span class='ocrx_word' id='word_1_426' title='bbox 1739 3325 2068 3394; x_wconf 76' lang='lat' dir='ltr'><strong>subrogatus</strong></span> 
     </span>
    </p>
   </div>
   <div class='ocr_carea' id='block_1_63' title="bbox 499 3417 2065 3487">
    <p class='ocr_par' dir='ltr' id='par_1_63' title="bbox 499 3417 2065 3487">
     <span class='ocr_line' id='line_1_63' title="bbox 499 3417 2065 3487; baseline -0.003 -13"><span class='ocrx_word' id='word_1_427' title='bbox 499 3430 600 3475; x_wconf 87' lang='lat' dir='ltr'><strong>est.</strong></span> <span class='ocrx_word' id='word_1_428' title='bbox 634 3421 670 3474; x_wconf 91' lang='lat' dir='ltr'><strong>li</strong></span> <span class='ocrx_word' id='word_1_429' title='bbox 701 3434 831 3472; x_wconf 82' lang='lat' dir='ltr'><strong>vero</strong></span> <span class='ocrx_word' id='word_1_430' title='bbox 859 3419 952 3487; x_wconf 90' lang='lat' dir='ltr'><strong>qui</strong></span> <span class='ocrx_word' id='word_1_431' title='bbox 987 3418 1217 3487; x_wconf 83' lang='lat' dir='ltr'><strong>depositi</strong></span> <span class='ocrx_word' id='word_1_432' title='bbox 1258 3417 1508 3482; x_wconf 81' lang='lat' dir='ltr'><strong>fuerant,</strong></span> <span class='ocrx_word' id='word_1_433' title='bbox 1545 3418 1598 3472; x_wconf 88' lang='lat' dir='ltr'><strong>in</strong></span> <span class='ocrx_word' id='word_1_434' title='bbox 1630 3418 1881 3472; x_wconf 77' lang='lat' dir='ltr'><strong>exsilium</strong></span> <span class='ocrx_word' id='word_1_435' title='bbox 1912 3417 2065 3472; x_wconf 89' lang='lat' dir='ltr'><strong>missi</strong></span> 
     </span>
    </p>
   </div>
   <div class='ocr_carea' id='block_1_64' title="bbox 478 3510 2064 3582">
    <p class='ocr_par' dir='ltr' id='par_1_64' title="bbox 478 3510 2064 3582">
     <span class='ocr_line' id='line_1_64' title="bbox 478 3510 2064 3582; baseline -0.001 -16"><span class='ocrx_word' id='word_1_436' title='bbox 478 3512 895 3578; x_wconf 82' lang='lat' dir='ltr'><strong>sunt,Basilius</strong></span> <span class='ocrx_word' id='word_1_437' title='bbox 925 3511 1144 3581; x_wconf 83' lang='lat' dir='ltr'><strong>quidem</strong></span> <span class='ocrx_word' id='word_1_438' title='bbox 1179 3512 1232 3564; x_wconf 93' lang='lat' dir='ltr'><strong>iu</strong></span> <span class='ocrx_word' id='word_1_439' title='bbox 1271 3510 1548 3582; x_wconf 82' lang='lat' dir='ltr'><strong>Illyricum</strong></span> <span class='ocrx_word' id='word_1_440' title='bbox 1583 3530 1597 3565; x_wconf 87' lang='lat'><strong>:</strong></span> <span class='ocrx_word' id='word_1_441' title='bbox 1632 3512 1826 3580; x_wconf 86' lang='lat' dir='ltr'><strong>reliqui</strong></span> <span class='ocrx_word' id='word_1_442' title='bbox 1860 3519 2064 3573; x_wconf 87' lang='lat' dir='ltr'><strong>autem,</strong></span> 
     </span>
    </p>
   </div>
   <div class='ocr_carea' id='block_1_65' title="bbox 499 3601 2065 3670">
    <p class='ocr_par' dir='ltr' id='par_1_65' title="bbox 499 3601 2065 3670">
     <span class='ocr_line' id='line_1_65' title="bbox 499 3601 2065 3670; baseline -0.001 -14"><span class='ocrx_word' id='word_1_443' title='bbox 499 3602 638 3656; x_wconf 87' lang='lat' dir='ltr'><strong>alius</strong></span> <span class='ocrx_word' id='word_1_444' title='bbox 663 3601 769 3655; x_wconf 92' lang='lat' dir='ltr'><strong>alio</strong></span> <span class='ocrx_word' id='word_1_445' title='bbox 791 3601 1021 3670; x_wconf 82' lang='lat' dir='ltr'><strong>dispersi</strong></span> <span class='ocrx_word' id='word_1_446' title='bbox 1054 3619 1069 3655; x_wconf 86' lang='lat'><strong>:</strong></span> <span class='ocrx_word' id='word_1_447' title='bbox 1094 3601 1186 3670; x_wconf 89' lang='lat' dir='ltr'><strong>qui</strong></span> <span class='ocrx_word' id='word_1_448' title='bbox 1212 3616 1335 3654; x_wconf 91' lang='lat' dir='ltr'><strong>eum</strong></span> <span class='ocrx_word' id='word_1_449' title='bbox 1368 3601 1420 3655; x_wconf 88' lang='lat' dir='ltr'><strong>in</strong></span> <span class='ocrx_word' id='word_1_450' title='bbox 1440 3601 1692 3655; x_wconf 66' lang='lat' dir='ltr'><strong>exsilium</strong></span> <span class='ocrx_word' id='word_1_451' title='bbox 1716 3601 2065 3660; x_wconf 83' lang='lat' dir='ltr'><strong>ducerentur.</strong></span> 
     </span>
    </p>
   </div>
   <div class='ocr_carea' id='block_1_66' title="bbox 498 3689 2066 3762">
    <p class='ocr_par' dir='ltr' id='par_1_66' title="bbox 498 3689 2066 3762">
     <span class='ocr_line' id='line_1_66' title="bbox 498 3689 2066 3762; baseline -0.003 -15"><span class='ocrx_word' id='word_1_452' title='bbox 498 3692 924 3762; x_wconf 88' lang='lat' dir='ltr'><strong>subscriptiones</strong></span> <span class='ocrx_word' id='word_1_453' title='bbox 982 3707 1110 3746; x_wconf 85' lang='lat' dir='ltr'><strong>suas</strong></span> <span class='ocrx_word' id='word_1_454' title='bbox 1173 3691 1374 3760; x_wconf 84' lang='lat' dir='ltr'><strong>quibus</strong></span> <span class='ocrx_word' id='word_1_455' title='bbox 1429 3689 1792 3745; x_wconf 84' lang='lat' dir='ltr'><strong>Ariminensis</strong></span> <span class='ocrx_word' id='word_1_456' title='bbox 1849 3689 2066 3744; x_wconf 91' lang='lat' dir='ltr'><strong>concilii</strong></span> 
     </span>
    </p>
   </div>
   <div class='ocr_carea' id='block_1_67' title="bbox 500 3779 2063 3848">
    <p class='ocr_par' dir='ltr' id='par_1_67' title="bbox 500 3779 2063 3848">
     <span class='ocr_line' id='line_1_67' title="bbox 500 3779 2063 3848; baseline -0.004 -10"><span class='ocrx_word' id='word_1_457' title='bbox 500 3783 654 3838; x_wconf 82' lang='lat' dir='ltr'><strong>fidem</strong></span> <span class='ocrx_word' id='word_1_458' title='bbox 680 3782 1157 3842; x_wconf 75' lang='lat' dir='ltr'><strong>conﬁrmaverant,</strong></span> <span class='ocrx_word' id='word_1_459' title='bbox 1188 3787 1554 3840; x_wconf 80' lang='lat' dir='ltr'><strong>revocarunt;</strong></span> <span class='ocrx_word' id='word_1_460' title='bbox 1581 3788 1744 3848; x_wconf 81' lang='lat' dir='ltr'><strong>atque</strong></span> <span class='ocrx_word' id='word_1_461' title='bbox 1771 3779 1822 3832; x_wconf 89' lang='lat' dir='ltr'><strong>bi</strong></span> <span class='ocrx_word' id='word_1_462' title='bbox 1846 3780 2063 3848; x_wconf 84' lang='lat' dir='ltr'><strong>quidem</strong></span> 
     </span>
    </p>
   </div>
   <div class='ocr_carea' id='block_1_68' title="bbox 498 3869 2066 3933">
    <p class='ocr_par' dir='ltr' id='par_1_68' title="bbox 498 3869 2066 3933">
     <span class='ocr_line' id='line_1_68' title="bbox 498 3869 2066 3933; baseline -0.002 -5"><span class='ocrx_word' id='word_1_463' title='bbox 498 3874 1014 3928; x_wconf 81' lang='lat' dir='ltr'><strong>consubstantialem</strong></span> <span class='ocrx_word' id='word_1_464' title='bbox 1039 3911 1055 3933; x_wconf 88' lang='lat'><strong>,</strong></span> <span class='ocrx_word' id='word_1_465' title='bbox 1090 3871 1166 3924; x_wconf 91' lang='lat' dir='ltr'><strong>illi</strong></span> <span class='ocrx_word' id='word_1_466' title='bbox 1213 3885 1344 3925; x_wconf 87' lang='lat' dir='ltr'><strong>vero</strong></span> <span class='ocrx_word' id='word_1_467' title='bbox 1394 3870 1588 3925; x_wconf 84' lang='lat' dir='ltr'><strong>similis</strong></span> <span class='ocrx_word' id='word_1_468' title='bbox 1615 3869 1930 3925; x_wconf 68' lang='lat' dir='ltr'><strong>substantia:</strong></span> <span class='ocrx_word' id='word_1_469' title='bbox 1976 3871 2066 3925; x_wconf 85' lang='lat' dir='ltr'><strong>Fi-</strong></span> 
     </span>
    </p>
   </div>
   <div class='ocr_carea' id='block_1_69' title="bbox 499 3963 2063 4034">
    <p class='ocr_par' dir='ltr' id='par_1_69' title="bbox 499 3963 2063 4034">
     <span class='ocr_line' id='line_1_69' title="bbox 499 3963 2063 4034; baseline -0.002 -14"><span class='ocrx_word' id='word_1_470' title='bbox 499 3968 628 4021; x_wconf 85' lang='lat' dir='ltr'><strong>lium</strong></span> <span class='ocrx_word' id='word_1_471' title='bbox 663 3966 856 4019; x_wconf 90' lang='lat' dir='ltr'><strong>iterum</strong></span> <span class='ocrx_word' id='word_1_472' title='bbox 900 3963 1283 4034; x_wconf 63' lang='lat' dir='ltr'><strong>praedicarunt.</strong></span> <span class='ocrx_word' id='word_1_473' title='bbox 1323 3964 1513 4017; x_wconf 84' lang='lat' dir='ltr'><strong>Aetius</strong></span> <span class='ocrx_word' id='word_1_474' title='bbox 1545 3971 1725 4016; x_wconf 87' lang='lat' dir='ltr'><strong>autem</strong></span> <span class='ocrx_word' id='word_1_475' title='bbox 1761 3963 2063 4031; x_wconf 85' lang='lat' dir='ltr'><strong>depositus,</strong></span> 
     </span>
    </p>
   </div>
   <div class='ocr_carea' id='block_1_70' title="bbox 501 4056 2066 4129">
    <p class='ocr_par' dir='ltr' id='par_1_70' title="bbox 501 4056 2066 4129">
     <span class='ocr_line' id='line_1_70' title="bbox 501 4056 2066 4129; baseline -0.003 -15"><span class='ocrx_word' id='word_1_476' title='bbox 501 4068 781 4129; x_wconf 86' lang='lat' dir='ltr'><strong>propterea</strong></span> <span class='ocrx_word' id='word_1_477' title='bbox 829 4057 972 4126; x_wconf 90' lang='lat' dir='ltr'><strong>quod</strong></span> <span class='ocrx_word' id='word_1_478' title='bbox 1001 4056 1422 4129; x_wconf 81' lang='grc' dir='ltr'>ἀπαράλλακτον</span> <span class='ocrx_word' id='word_1_479' title='bbox 1464 4057 1772 4119; x_wconf 83' lang='lat' dir='ltr'><strong>invexerat,</strong></span> <span class='ocrx_word' id='word_1_480' title='bbox 1806 4056 1951 4124; x_wconf 91' lang='lat' dir='ltr'><strong>quod</strong></span> <span class='ocrx_word' id='word_1_481' title='bbox 1982 4071 2066 4110; x_wconf 90' lang='lat' dir='ltr'><strong>rc-</strong></span> 
     </span>
    </p>
   </div>
   <div class='ocr_carea' id='block_1_71' title="bbox 503 4133 2066 4219">
    <p class='ocr_par' dir='ltr' id='par_1_71' title="bbox 503 4133 2066 4219">
     <span class='ocr_line' id='line_1_71' title="bbox 503 4133 2066 4219; baseline 0 -18"><span class='ocrx_word' id='word_1_482' title='bbox 503 4151 664 4219; x_wconf 87' lang='lat' dir='ltr'><strong>liquis</strong></span> <span class='ocrx_word' id='word_1_483' title='bbox 702 4149 820 4218; x_wconf 88' lang='lat' dir='ltr'><strong>ejus</strong></span> <span class='ocrx_word' id='word_1_484' title='bbox 847 4148 1190 4203; x_wconf 88' lang='lat' dir='ltr'><strong>sermonibns</strong></span> <span class='ocrx_word' id='word_1_485' title='bbox 1229 4164 1293 4203; x_wconf 89' lang='lat' dir='ltr'><strong>ac</strong></span> <span class='ocrx_word' id='word_1_486' title='bbox 1328 4133 1546 4217; x_wconf 76' lang='lat' dir='ltr'><strong>Scriptis</strong></span> <span class='ocrx_word' id='word_1_487' title='bbox 1586 4146 1873 4202; x_wconf 82' lang='lat' dir='ltr'><strong>manifeste</strong></span> <span class='ocrx_word' id='word_1_488' title='bbox 1906 4162 2066 4215; x_wconf 89' lang='lat' dir='ltr'><strong>repu-</strong></span> 
     </span>
    </p>
   </div>
   <div class='ocr_carea' id='block_1_72' title="bbox 501 4239 2064 4310">
    <p class='ocr_par' dir='ltr' id='par_1_72' title="bbox 501 4239 2064 4310">
     <span class='ocr_line' id='line_1_72' title="bbox 501 4239 2064 4310; baseline -0.001 -15"><span class='ocrx_word' id='word_1_489' title='bbox 501 4241 720 4310; x_wconf 73' lang='lat' dir='ltr'><strong>gnabat,</strong></span> <span class='ocrx_word' id='word_1_490' title='bbox 752 4239 1138 4310; x_wconf 78' lang='lat' dir='ltr'><strong>Mopsuestiam</strong></span> <span class='ocrx_word' id='word_1_491' title='bbox 1174 4239 1382 4294; x_wconf 66' lang='lat' dir='ltr'><strong>Ciliciae</strong></span> <span class='ocrx_word' id='word_1_492' title='bbox 1411 4240 1701 4310; x_wconf 77' lang='lat' dir='ltr'><strong>relegatur,</strong></span> <span class='ocrx_word' id='word_1_493' title='bbox 1724 4253 1849 4294; x_wconf 92' lang='lat' dir='ltr'><strong>cum</strong></span> <span class='ocrx_word' id='word_1_494' title='bbox 1873 4253 2064 4293; x_wconf 91' lang='lat' dir='ltr'><strong>omnes</strong></span> 
     </span>
    </p>
   </div>
   <div class='ocr_carea' id='block_1_73' title="bbox 503 4331 2064 4403">
    <p class='ocr_par' dir='ltr' id='par_1_73' title="bbox 503 4331 2064 4403">
     <span class='ocr_line' id='line_1_73' title="bbox 503 4331 2064 4403; baseline -0.003 -15"><span class='ocrx_word' id='word_1_495' title='bbox 503 4348 666 4402; x_wconf 84' lang='lat' dir='ltr'><strong>prope</strong></span> <span class='ocrx_word' id='word_1_496' title='bbox 713 4335 934 4388; x_wconf 90' lang='lat' dir='ltr'><strong>modum</strong></span> <span class='ocrx_word' id='word_1_497' title='bbox 985 4335 1102 4403; x_wconf 88' lang='lat' dir='ltr'><strong>ejus</strong></span> <span class='ocrx_word' id='word_1_498' title='bbox 1152 4331 1400 4387; x_wconf 75' lang='lat' dir='ltr'><strong>fautores</strong></span> <span class='ocrx_word' id='word_1_499' title='bbox 1457 4346 1522 4387; x_wconf 90' lang='lat' dir='ltr'><strong>ac</strong></span> <span class='ocrx_word' id='word_1_500' title='bbox 1570 4342 1902 4397; x_wconf 85' lang='lat' dir='ltr'><strong>sectatores,</strong></span> <span class='ocrx_word' id='word_1_501' title='bbox 1955 4346 2064 4385; x_wconf 91' lang='lat' dir='ltr'><strong>non</strong></span> 
     </span>
    </p>
   </div>
   <div class='ocr_carea' id='block_1_74' title="bbox 2174 3142 3744 3220">
    <p class='ocr_par' dir='ltr' id='par_1_74' title="bbox 2174 3142 3744 3220">
     <span class='ocr_line' id='line_1_74' title="bbox 2174 3142 3744 3220; baseline 0.008 -26"><span class='ocrx_word' id='word_1_502' title='bbox 2174 3142 2250 3212; x_wconf 83' lang='grc' dir='ltr'><strong>τῷ</strong></span> <span class='ocrx_word' id='word_1_503' title='bbox 2277 3143 2468 3214; x_wconf 86' lang='grc' dir='ltr'>θρόνῳ.</span> <span class='ocrx_word' id='word_1_504' title='bbox 2505 3144 2946 3218; x_wconf 77' lang='grc' dir='ltr'>’Υπερορίζονται</span> <span class='ocrx_word' id='word_1_505' title='bbox 2985 3147 3041 3200; x_wconf 81' lang='grc' dir='ltr'>δὲ</span> <span class='ocrx_word' id='word_1_506' title='bbox 3085 3148 3174 3200; x_wconf 78' lang='grc' dir='ltr'><strong>καὶ</strong></span> <span class='ocrx_word' id='word_1_507' title='bbox 3219 3150 3266 3200; x_wconf 86' lang='grc' dir='ltr'>οἱ</span> <span class='ocrx_word' id='word_1_508' title='bbox 3313 3149 3744 3220; x_wconf 81' lang='grc' dir='ltr'>καθαιρεθέντες.</span> 
     </span>
    </p>
   </div>
   <div class='ocr_carea' id='block_1_75' title="bbox 2176 3233 3746 3306">
    <p class='ocr_par' dir='ltr' id='par_1_75' title="bbox 2176 3233 3746 3306">
     <span class='ocr_line' id='line_1_75' title="bbox 2176 3233 3746 3306; baseline 0.004 -22"><span class='ocrx_word' id='word_1_509' title='bbox 2176 3233 2446 3298; x_wconf 79' lang='grc' dir='ltr'>Βασίλειος</span> <span class='ocrx_word' id='word_1_510' title='bbox 2480 3233 2578 3304; x_wconf 79' lang='grc' dir='ltr'><strong>μὲν</strong></span> <span class='ocrx_word' id='word_1_511' title='bbox 2601 3236 2682 3297; x_wconf 89' lang='grc' dir='ltr'><strong>εἰς</strong></span> <span class='ocrx_word' id='word_1_512' title='bbox 2713 3235 3019 3306; x_wconf 77' lang='grc' dir='ltr'>Ἰλλυριοὺς,</span> <span class='ocrx_word' id='word_1_513' title='bbox 3048 3239 3095 3288; x_wconf 77' lang='lat' dir='ltr'><strong>oi</strong></span> <span class='ocrx_word' id='word_1_514' title='bbox 3121 3237 3178 3288; x_wconf 84' lang='grc' dir='ltr'><strong>δέ</strong></span> <span class='ocrx_word' id='word_1_515' title='bbox 3205 3237 3380 3291; x_wconf 73' lang='grc' dir='ltr'>λοιποὶ</span> <span class='ocrx_word' id='word_1_516' title='bbox 3404 3239 3562 3302; x_wconf 75' lang='grc' dir='ltr'>ἄλλος</span> <span class='ocrx_word' id='word_1_517' title='bbox 3592 3240 3746 3292; x_wconf 76' lang='grc' dir='ltr'>ἀλλαο</span> 
     </span>
    </p>
   </div>
   <div class='ocr_carea' id='block_1_76' title="bbox 2173 3325 3747 3400">
    <p class='ocr_par' dir='ltr' id='par_1_76' title="bbox 2173 3325 3747 3400">
     <span class='ocr_line' id='line_1_76' title="bbox 2173 3325 3747 3400; baseline 0.004 -22"><span class='ocrx_word' id='word_1_518' title='bbox 2173 3327 2329 3396; x_wconf 79' lang='grc' dir='ltr'>χόσε’</span> <span class='ocrx_word' id='word_1_519' title='bbox 2361 3327 2412 3379; x_wconf 90' lang='grc' dir='ltr'>οἳ</span> <span class='ocrx_word' id='word_1_520' title='bbox 2444 3325 2580 3397; x_wconf 83' lang='grc' dir='ltr'>πρὸς</span> <span class='ocrx_word' id='word_1_521' title='bbox 2611 3327 2710 3397; x_wconf 80' lang='grc' dir='ltr'>τὴν</span> <span class='ocrx_word' id='word_1_522' title='bbox 2749 3328 3035 3398; x_wconf 84' lang='grc' dir='ltr'>ὑπερόριον</span> <span class='ocrx_word' id='word_1_523' title='bbox 3080 3329 3413 3400; x_wconf 81' lang='grc' dir='ltr'>στελλόμενοι</span> <span class='ocrx_word' id='word_1_524' title='bbox 3437 3373 3451 3395; x_wconf 91' lang='grc'><strong>,</strong></span> <span class='ocrx_word' id='word_1_525' title='bbox 3499 3331 3747 3385; x_wconf 77' lang='grc' dir='ltr'>ἀθετοῦσι</span> 
     </span>
    </p>
   </div>
   <div class='ocr_carea' id='block_1_77' title="bbox 2177 3413 3749 3491">
    <p class='ocr_par' dir='ltr' id='par_1_77' title="bbox 2177 3413 3749 3491">
     <span class='ocr_line' id='line_1_77' title="bbox 2177 3413 3749 3491; baseline 0.006 -25"><span class='ocrx_word' id='word_1_526' title='bbox 2177 3415 2272 3484; x_wconf 83' lang='grc' dir='ltr'><strong>μὲν</strong></span> <span class='ocrx_word' id='word_1_527' title='bbox 2300 3413 2396 3477; x_wconf 79' lang='grc' dir='ltr'>τὰς</span> <span class='ocrx_word' id='word_1_528' title='bbox 2427 3415 2629 3477; x_wconf 77' lang='grc' dir='ltr'>οἰκείας</span> <span class='ocrx_word' id='word_1_529' title='bbox 2657 3416 2996 3487; x_wconf 75' lang='grc' dir='ltr'>ὑπογραφάς,</span> <span class='ocrx_word' id='word_1_530' title='bbox 3031 3413 3120 3480; x_wconf 78' lang='grc' dir='ltr'>αἷς</span> <span class='ocrx_word' id='word_1_531' title='bbox 3153 3420 3249 3488; x_wconf 74' lang='grc' dir='ltr'>τὴν</span> <span class='ocrx_word' id='word_1_532' title='bbox 3287 3421 3344 3472; x_wconf 89' lang='grc' dir='ltr'><strong>ἐν</strong></span> <span class='ocrx_word' id='word_1_533' title='bbox 3371 3422 3637 3491; x_wconf 79' lang='grc' dir='ltr'>Ἀριμίνῳ</span> <span class='ocrx_word' id='word_1_534' title='bbox 3671 3425 3749 3474; x_wconf 68' lang='grc' dir='ltr'><strong>πίε</strong></span> 
     </span>
    </p>
   </div>
   <div class='ocr_carea' id='block_1_78' title="bbox 2175 3506 3746 3582">
    <p class='ocr_par' dir='ltr' id='par_1_78' title="bbox 2175 3506 3746 3582">
     <span class='ocr_line' id='line_1_78' title="bbox 2175 3506 3746 3582; baseline 0.004 -26"><span class='ocrx_word' id='word_1_535' title='bbox 2175 3521 2287 3557; x_wconf 91' lang='grc' dir='ltr'>στιν</span> <span class='ocrx_word' id='word_1_536' title='bbox 2315 3506 2765 3578; x_wconf 79' lang='grc' dir='ltr'>ὑπεσημήναντο·</span> <span class='ocrx_word' id='word_1_537' title='bbox 2801 3509 3229 3578; x_wconf 82' lang='grc' dir='ltr'>ἀνακηρύττουσι</span> <span class='ocrx_word' id='word_1_538' title='bbox 3272 3511 3327 3563; x_wconf 81' lang='grc' dir='ltr'>δὲ</span> <span class='ocrx_word' id='word_1_539' title='bbox 3376 3511 3533 3564; x_wconf 85' lang='grc' dir='ltr'>πάλιν</span> <span class='ocrx_word' id='word_1_540' title='bbox 3566 3516 3618 3565; x_wconf 87' lang='grc' dir='ltr'>οἱ</span> <span class='ocrx_word' id='word_1_541' title='bbox 3654 3514 3746 3582; x_wconf 80' lang='grc' dir='ltr'>μὲν</span> 
     </span>
    </p>
   </div>
   <div class='ocr_carea' id='block_1_79' title="bbox 2172 3594 3744 3669">
    <p class='ocr_par' dir='ltr' id='par_1_79' title="bbox 2172 3594 3744 3669">
     <span class='ocr_line' id='line_1_79' title="bbox 2172 3594 3744 3669; baseline 0.006 -23"><span class='ocrx_word' id='word_1_542' title='bbox 2172 3594 2232 3646; x_wconf 86' lang='grc' dir='ltr'><strong>τὸ</strong></span> <span class='ocrx_word' id='word_1_543' title='bbox 2263 3595 2566 3664; x_wconf 84' lang='grc' dir='ltr'>ὁμοούσιον,</span> <span class='ocrx_word' id='word_1_544' title='bbox 2595 3597 2644 3649; x_wconf 87' lang='grc' dir='ltr'>οἱ</span> <span class='ocrx_word' id='word_1_545' title='bbox 2687 3597 2744 3650; x_wconf 83' lang='grc' dir='ltr'>δὲ</span> <span class='ocrx_word' id='word_1_546' title='bbox 2777 3597 2838 3650; x_wconf 79' lang='grc' dir='ltr'><strong>τὸ</strong></span> <span class='ocrx_word' id='word_1_547' title='bbox 2864 3599 3184 3669; x_wconf 89' lang='grc' dir='ltr'>όμοιούσιον.</span> <span class='ocrx_word' id='word_1_548' title='bbox 3233 3602 3341 3654; x_wconf 74' lang='grc' dir='ltr'><strong>Καὶ</strong></span> <span class='ocrx_word' id='word_1_549' title='bbox 3372 3602 3400 3652; x_wconf 87' lang='grc' dir='ltr'>ὁ</span> <span class='ocrx_word' id='word_1_550' title='bbox 3433 3602 3642 3667; x_wconf 81' lang='grc' dir='ltr'>’Δέτιος</span> <span class='ocrx_word' id='word_1_551' title='bbox 3675 3605 3744 3664; x_wconf 69' lang='grc' dir='ltr'>δὲ,</span> 
     </span>
    </p>
   </div>
   <div class='ocr_carea' id='block_1_80' title="bbox 2172 3684 3748 3764">
    <p class='ocr_par' dir='ltr' id='par_1_80' title="bbox 2172 3684 3748 3764">
     <span class='ocr_line' id='line_1_80' title="bbox 2172 3684 3748 3764; baseline 0.006 -26"><span class='ocrx_word' id='word_1_552' title='bbox 2172 3684 2517 3754; x_wconf 72' lang='grc' dir='ltr'>καθαιρεθεὶς</span> <span class='ocrx_word' id='word_1_553' title='bbox 2550 3688 2682 3740; x_wconf 84' lang='grc' dir='ltr'>διότι</span> <span class='ocrx_word' id='word_1_554' title='bbox 2713 3688 2774 3741; x_wconf 84' lang='grc' dir='ltr'><strong>τὸ</strong></span> <span class='ocrx_word' id='word_1_555' title='bbox 2799 3689 3209 3760; x_wconf 80' lang='grc' dir='ltr'>ἀπαράλλακτον</span> <span class='ocrx_word' id='word_1_556' title='bbox 3231 3693 3582 3764; x_wconf 75' lang='grc' dir='ltr'>εἰσηγήσατο,</span> <span class='ocrx_word' id='word_1_557' title='bbox 3612 3697 3748 3764; x_wconf 79' lang='grc' dir='ltr'>ὅπερ</span> 
     </span>
    </p>
   </div>
   <div class='ocr_carea' id='block_1_81' title="bbox 2172 3778 3744 3861">
    <p class='ocr_par' dir='ltr' id='par_1_81' title="bbox 2172 3778 3744 3861">
     <span class='ocr_line' id='line_1_81' title="bbox 2172 3778 3744 3861; baseline 0.007 -30"><span class='ocrx_word' id='word_1_558' title='bbox 2172 3778 2334 3831; x_wconf 74' lang='grc' dir='ltr'>αὑτοῦ</span> <span class='ocrx_word' id='word_1_559' title='bbox 2365 3781 2484 3842; x_wconf 77' lang='grc' dir='ltr'>ταῖς</span> <span class='ocrx_word' id='word_1_560' title='bbox 2512 3780 2695 3844; x_wconf 84' lang='grc' dir='ltr'>ἄλλαις</span> <span class='ocrx_word' id='word_1_561' title='bbox 2732 3781 2964 3852; x_wconf 73' lang='grc' dir='ltr'>ὁμιλίαις</span> <span class='ocrx_word' id='word_1_562' title='bbox 3005 3785 3098 3836; x_wconf 78' lang='grc' dir='ltr'><strong>καὶ</strong></span> <span class='ocrx_word' id='word_1_563' title='bbox 3148 3789 3487 3856; x_wconf 80' lang='grc' dir='ltr'>συγγραφαῖς</span> <span class='ocrx_word' id='word_1_564' title='bbox 3518 3787 3744 3861; x_wconf 70' lang='grc' dir='ltr'>διαρρή-</span> 
     </span>
    </p>
   </div>
   <div class='ocr_carea' id='block_1_82' title="bbox 2170 3871 3739 3949">
    <p class='ocr_par' dir='ltr' id='par_1_82' title="bbox 2170 3871 3739 3949">
     <span class='ocr_line' id='line_1_82' title="bbox 2170 3871 3739 3949; baseline 0.006 -26"><span class='ocrx_word' id='word_1_565' title='bbox 2170 3871 2266 3941; x_wconf 90' lang='grc' dir='ltr'><strong>δην</strong></span> <span class='ocrx_word' id='word_1_566' title='bbox 2297 3871 2629 3941; x_wconf 84' lang='grc' dir='ltr'>ἀπεμάχετο,</span> <span class='ocrx_word' id='word_1_567' title='bbox 2665 3875 2950 3946; x_wconf 79' lang='grc' dir='ltr'>ὑπερόριος</span> <span class='ocrx_word' id='word_1_568' title='bbox 2978 3877 3056 3939; x_wconf 83' lang='grc' dir='ltr'><strong>εἰς</strong></span> <span class='ocrx_word' id='word_1_569' title='bbox 3099 3876 3469 3946; x_wconf 64' lang='grc' dir='ltr'>Μοψονεστίαν</span> <span class='ocrx_word' id='word_1_570' title='bbox 3505 3880 3609 3949; x_wconf 77' lang='grc' dir='ltr'>τῆς</span> <span class='ocrx_word' id='word_1_571' title='bbox 3643 3883 3739 3934; x_wconf 76' lang='grc' dir='ltr'><strong>Κι-</strong></span> 
     </span>
    </p>
   </div>
   <div class='ocr_carea' id='block_1_83' title="bbox 2171 3961 3743 4038">
    <p class='ocr_par' dir='ltr' id='par_1_83' title="bbox 2171 3961 3743 4038">
     <span class='ocr_line' id='line_1_83' title="bbox 2171 3961 3743 4038; baseline 0.004 -22"><span class='ocrx_word' id='word_1_572' title='bbox 2171 3961 2348 4026; x_wconf 83' lang='grc' dir='ltr'>λικίας</span> <span class='ocrx_word' id='word_1_573' title='bbox 2390 3964 2752 4034; x_wconf 78' lang='grc' dir='ltr'>ἐκπέμπεται,</span> <span class='ocrx_word' id='word_1_574' title='bbox 2805 3967 3230 4038; x_wconf 78' lang='grc' dir='ltr'>ὑπογραψάντων</span> <span class='ocrx_word' id='word_1_575' title='bbox 3285 3970 3401 4022; x_wconf 78' lang='grc' dir='ltr'>κατ’</span> <span class='ocrx_word' id='word_1_576' title='bbox 3455 3971 3650 4034; x_wconf 73' lang='grc' dir='ltr'>αὑτοῦ,</span> <span class='ocrx_word' id='word_1_577' title='bbox 3683 3974 3743 4024; x_wconf 73' lang='grc' dir='ltr'><strong>οὐ</strong></span> 
     </span>
    </p>
   </div>
   <div class='ocr_carea' id='block_1_84' title="bbox 2172 4055 3738 4133">
    <p class='ocr_par' dir='ltr' id='par_1_84' title="bbox 2172 4055 3738 4133">
     <span class='ocr_line' id='line_1_84' title="bbox 2172 4055 3738 4133; baseline 0.005 -26"><span class='ocrx_word' id='word_1_578' title='bbox 2172 4055 2334 4126; x_wconf 85' lang='grc' dir='ltr'>μόνον</span> <span class='ocrx_word' id='word_1_579' title='bbox 2369 4056 2457 4121; x_wconf 83' lang='grc' dir='ltr'><strong>δὲ,</strong></span> <span class='ocrx_word' id='word_1_580' title='bbox 2497 4056 2631 4111; x_wconf 86' lang='grc' dir='ltr'><strong>ἀλλά</strong></span> <span class='ocrx_word' id='word_1_581' title='bbox 2667 4059 2762 4110; x_wconf 81' lang='grc' dir='ltr'>καὶ</span> <span class='ocrx_word' id='word_1_582' title='bbox 2800 4060 2940 4111; x_wconf 87' lang='grc' dir='ltr'><strong>κατά</strong></span> <span class='ocrx_word' id='word_1_583' title='bbox 2975 4061 3070 4130; x_wconf 82' lang='grc' dir='ltr'>τῆς</span> <span class='ocrx_word' id='word_1_584' title='bbox 3105 4061 3334 4124; x_wconf 82' lang='grc' dir='ltr'>πίστεως</span> <span class='ocrx_word' id='word_1_585' title='bbox 3363 4061 3429 4132; x_wconf 75' lang='grc' dir='ltr'>ἠν</span> <span class='ocrx_word' id='word_1_586' title='bbox 3455 4063 3738 4133; x_wconf 65' lang='grc' dir='ltr'>ἐκήρυττε.</span> 
     </span>
    </p>
   </div>
   <div class='ocr_carea' id='block_1_85' title="bbox 2174 4149 3738 4224">
    <p class='ocr_par' dir='ltr' id='par_1_85' title="bbox 2174 4149 3738 4224">
     <span class='ocr_line' id='line_1_85' title="bbox 2174 4149 3738 4224; baseline 0.001 -22"><span class='ocrx_word' id='word_1_587' title='bbox 2174 4149 2368 4221; x_wconf 83' lang='grc' dir='ltr'>μικροῦ</span> <span class='ocrx_word' id='word_1_588' title='bbox 2403 4151 2616 4204; x_wconf 84' lang='grc' dir='ltr'>πάντων</span> <span class='ocrx_word' id='word_1_589' title='bbox 2653 4150 2815 4203; x_wconf 75' lang='grc' dir='ltr'>αὑτοῦ</span> <span class='ocrx_word' id='word_1_590' title='bbox 2853 4151 2960 4204; x_wconf 83' lang='grc' dir='ltr'>τῶν</span> <span class='ocrx_word' id='word_1_591' title='bbox 2988 4151 3230 4223; x_wconf 82' lang='grc' dir='ltr'>ἐραστῶν</span> <span class='ocrx_word' id='word_1_592' title='bbox 3265 4153 3357 4206; x_wconf 76' lang='grc' dir='ltr'><strong>καὶ</strong></span> <span class='ocrx_word' id='word_1_593' title='bbox 3393 4155 3738 4224; x_wconf 75' lang='grc' dir='ltr'>όμοφρόνων·</span> 
     </span>
    </p>
   </div>
   <div class='ocr_carea' id='block_1_86' title="bbox 2168 4241 3742 4314">
    <p class='ocr_par' dir='ltr' id='par_1_86' title="bbox 2168 4241 3742 4314">
     <span class='ocr_line' id='line_1_86' title="bbox 2168 4241 3742 4314; baseline 0 -20"><span class='ocrx_word' id='word_1_594' title='bbox 2168 4241 2277 4296; x_wconf 84' lang='grc' dir='ltr'><strong>τῶν</strong></span> <span class='ocrx_word' id='word_1_595' title='bbox 2313 4241 2409 4312; x_wconf 83' lang='grc' dir='ltr'>μὲν</span> <span class='ocrx_word' id='word_1_596' title='bbox 2443 4243 2508 4295; x_wconf 84' lang='grc' dir='ltr'><strong>ἐκ</strong></span> <span class='ocrx_word' id='word_1_597' title='bbox 2541 4241 2840 4312; x_wconf 78' lang='grc' dir='ltr'>μεταϐολῆς</span> <span class='ocrx_word' id='word_1_598' title='bbox 2884 4241 2990 4295; x_wconf 82' lang='grc' dir='ltr'><strong>τῶν</strong></span> <span class='ocrx_word' id='word_1_599' title='bbox 3039 4243 3204 4296; x_wconf 82' lang='grc' dir='ltr'>πάλαι</span> <span class='ocrx_word' id='word_1_600' title='bbox 3247 4242 3599 4314; x_wconf 82' lang='grc' dir='ltr'>δεδογμένων,</span> <span class='ocrx_word' id='word_1_601' title='bbox 3634 4246 3742 4298; x_wconf 77' lang='grc' dir='ltr'>τῶν</span> 
     </span>
    </p>
   </div>
   <div class='ocr_carea' id='block_1_87' title="bbox 2170 4331 3742 4404">
    <p class='ocr_par' dir='ltr' id='par_1_87' title="bbox 2170 4331 3742 4404">
     <span class='ocr_line' id='line_1_87' title="bbox 2170 4331 3742 4404; baseline -0.001 -18"><span class='ocrx_word' id='word_1_602' title='bbox 2170 4331 2226 4386; x_wconf 79' lang='grc' dir='ltr'>δὲ</span> <span class='ocrx_word' id='word_1_603' title='bbox 2254 4335 2366 4396; x_wconf 90' lang='grc' dir='ltr'>τοῖς</span> <span class='ocrx_word' id='word_1_604' title='bbox 2397 4336 2604 4404; x_wconf 84' lang='grc' dir='ltr'>καιροῖς</span> <span class='ocrx_word' id='word_1_605' title='bbox 2631 4332 2906 4398; x_wconf 82' lang='grc' dir='ltr'>ἐνδόντων,</span> <span class='ocrx_word' id='word_1_606' title='bbox 2939 4333 3032 4384; x_wconf 79' lang='grc' dir='ltr'>καὶ</span> <span class='ocrx_word' id='word_1_607' title='bbox 3059 4333 3156 4404; x_wconf 74' lang='grc' dir='ltr'><strong>τὴν</strong></span> <span class='ocrx_word' id='word_1_608' title='bbox 3180 4331 3272 4385; x_wconf 78' lang='grc' dir='ltr'>τοῦ</span> <span class='ocrx_word' id='word_1_609' title='bbox 3304 4332 3568 4402; x_wconf 76' lang='grc' dir='ltr'>βασιλέως</span> <span class='ocrx_word' id='word_1_610' title='bbox 3602 4334 3742 4402; x_wconf 77' lang='grc' dir='ltr'>γνώ-</span> 
     </span>
    </p>
   </div>
   <div class='ocr_carea' id='block_1_88' title="bbox 503 4415 2066 4494">
    <p class='ocr_par' dir='ltr' id='par_1_88' title="bbox 503 4423 2056 4494">
     <span class='ocr_line' id='line_1_88' title="bbox 503 4423 2056 4494; baseline -0.002 -15"><span class='ocrx_word' id='word_1_611' title='bbox 503 4428 676 4494; x_wconf 89' lang='lat' dir='ltr'><strong>ipsnm</strong></span> <span class='ocrx_word' id='word_1_612' title='bbox 708 4425 890 4490; x_wconf 88' lang='lat' dir='ltr'><strong>modo,</strong></span> <span class='ocrx_word' id='word_1_613' title='bbox 921 4440 1109 4480; x_wconf 85' lang='lat' dir='ltr'><strong>verum</strong></span> <span class='ocrx_word' id='word_1_614' title='bbox 1139 4425 1300 4478; x_wconf 88' lang='lat' dir='ltr'><strong>etiam</strong></span> <span class='ocrx_word' id='word_1_615' title='bbox 1335 4424 1494 4478; x_wconf 84' lang='lat' dir='ltr'><strong>tidem</strong></span> <span class='ocrx_word' id='word_1_616' title='bbox 1523 4439 1686 4494; x_wconf 90' lang='lat' dir='ltr'><strong>quam</strong></span> <span class='ocrx_word' id='word_1_617' title='bbox 1711 4423 2056 4493; x_wconf 57' lang='lat' dir='ltr'><strong>praedicabat,</strong></span> 
     </span>
    </p>
   </div>
   <div class='ocr_carea' id='block_1_89' title="bbox 2174 4415 3738 4494">
    <p class='ocr_par' dir='ltr' id='par_1_89' title="bbox 2174 4419 3738 4493">
     <span class='ocr_line' id='line_1_89' title="bbox 2174 4419 3738 4493; baseline 0 -19"><span class='ocrx_word' id='word_1_618' title='bbox 2174 4439 2271 4493; x_wconf 73' lang='grc' dir='ltr'><strong>μην</strong></span> <span class='ocrx_word' id='word_1_619' title='bbox 2298 4420 2530 4493; x_wconf 87' lang='grc' dir='ltr'>κρείττω</span> <span class='ocrx_word' id='word_1_620' title='bbox 2550 4421 2648 4492; x_wconf 82' lang='grc' dir='ltr'>τῆς</span> <span class='ocrx_word' id='word_1_621' title='bbox 2668 4419 2815 4491; x_wconf 84' lang='grc' dir='ltr'>παρὰ</span> <span class='ocrx_word' id='word_1_622' title='bbox 2841 4419 3022 4489; x_wconf 84' lang='grc' dir='ltr'>σφίσιν</span> <span class='ocrx_word' id='word_1_623' title='bbox 3049 4419 3301 4490; x_wconf 80' lang='grc' dir='ltr'>ἀληθείας</span> <span class='ocrx_word' id='word_1_624' title='bbox 3330 4423 3738 4491; x_wconf 80' lang='grc' dir='ltr'>ποιησαμένων.</span> 
     </span>
    </p>
   </div>
   <div class='ocr_carea' id='block_1_90' title="bbox 501 4513 2066 4589">
    <p class='ocr_par' dir='ltr' id='par_1_90' title="bbox 501 4513 2066 4589">
     <span class='ocr_line' id='line_1_90' title="bbox 501 4513 2066 4589; baseline -0.003 -17"><span class='ocrx_word' id='word_1_625' title='bbox 501 4518 902 4589; x_wconf 80' lang='lat' dir='ltr'><strong>subscriptione</strong></span> <span class='ocrx_word' id='word_1_626' title='bbox 948 4532 1047 4572; x_wconf 89' lang='lat' dir='ltr'><strong>sua</strong></span> <span class='ocrx_word' id='word_1_627' title='bbox 1083 4517 1440 4571; x_wconf 85' lang='lat' dir='ltr'><strong>damnassent</strong></span> <span class='ocrx_word' id='word_1_628' title='bbox 1483 4534 1497 4569; x_wconf 90' lang='lat'><strong>:</strong></span> <span class='ocrx_word' id='word_1_629' title='bbox 1545 4516 1633 4570; x_wconf 91' lang='lat' dir='ltr'><strong>alii</strong></span> <span class='ocrx_word' id='word_1_630' title='bbox 1681 4515 1897 4584; x_wconf 78' lang='lat' dir='ltr'><strong>quide</strong></span> <span class='ocrx_word' id='word_1_631' title='bbox 1949 4513 2066 4583; x_wconf 88' lang='lat' dir='ltr'><strong>opi-</strong></span> 
     </span>
    </p>
   </div>
   <div class='ocr_carea' id='block_1_91' title="bbox 499 4597 2060 4680">
    <p class='ocr_par' dir='ltr' id='par_1_91' title="bbox 499 4597 2060 4680">
     <span class='ocr_line' id='line_1_91' title="bbox 499 4597 2060 4680; baseline -0.003 -16"><span class='ocrx_word' id='word_1_632' title='bbox 499 4611 717 4664; x_wconf 88' lang='lat' dir='ltr'><strong>nionem</strong></span> <span class='ocrx_word' id='word_1_633' title='bbox 759 4626 920 4680; x_wconf 88' lang='lat' dir='ltr'><strong>quam</strong></span> <span class='ocrx_word' id='word_1_634' title='bbox 978 4609 1128 4678; x_wconf 90' lang='lat' dir='ltr'><strong>prius</strong></span> <span class='ocrx_word' id='word_1_635' title='bbox 1176 4609 1414 4680; x_wconf 84' lang='lat' dir='ltr'><strong>amplexi</strong></span> <span class='ocrx_word' id='word_1_636' title='bbox 1451 4608 1667 4662; x_wconf 86' lang='lat' dir='ltr'><strong>fuerant</strong></span> <span class='ocrx_word' id='word_1_637' title='bbox 1713 4597 2060 4676; x_wconf 80' lang='lat' dir='ltr'><strong>abjieieutes;</strong></span> 
     </span>
    </p>
   </div>
   <div class='ocr_carea' id='block_1_92' title="bbox 497 4698 2062 4770">
    <p class='ocr_par' dir='ltr' id='par_1_92' title="bbox 497 4698 2062 4770">
     <span class='ocr_line' id='line_1_92' title="bbox 497 4698 2062 4770; baseline -0.005 -12"><span class='ocrx_word' id='word_1_638' title='bbox 497 4702 590 4758; x_wconf 88' lang='lat' dir='ltr'><strong>alii</strong></span> <span class='ocrx_word' id='word_1_639' title='bbox 622 4715 751 4756; x_wconf 87' lang='lat' dir='ltr'><strong>vero</strong></span> <span class='ocrx_word' id='word_1_640' title='bbox 785 4700 1013 4770; x_wconf 90' lang='lat' dir='ltr'><strong>tempori</strong></span> <span class='ocrx_word' id='word_1_641' title='bbox 1049 4701 1370 4766; x_wconf 88' lang='lat' dir='ltr'><strong>servientes,</strong></span> <span class='ocrx_word' id='word_1_642' title='bbox 1405 4708 1459 4753; x_wconf 91' lang='lat' dir='ltr'><strong>et</strong></span> <span class='ocrx_word' id='word_1_643' title='bbox 1488 4698 1833 4768; x_wconf 89' lang='lat' dir='ltr'><strong>imperatoris</strong></span> <span class='ocrx_word' id='word_1_644' title='bbox 1865 4698 2062 4751; x_wconf 61' lang='lat' dir='ltr'><strong>volun«</strong></span> 
     </span>
    </p>
   </div>
   <div class='ocr_carea' id='block_1_93' title="bbox 498 4786 2060 4861">
    <p class='ocr_par' dir='ltr' id='par_1_93' title="bbox 498 4786 2060 4861">
     <span class='ocr_line' id='line_1_93' title="bbox 498 4786 2060 4861; baseline -0.005 -13"><span class='ocrx_word' id='word_1_645' title='bbox 498 4803 663 4848; x_wconf 89' lang='lat' dir='ltr'><strong>tatem</strong></span> <span class='ocrx_word' id='word_1_646' title='bbox 688 4793 912 4847; x_wconf 85' lang='lat' dir='ltr'><strong>veritate</strong></span> <span class='ocrx_word' id='word_1_647' title='bbox 940 4792 1054 4861; x_wconf 86' lang='lat' dir='ltr'><strong>ipsa</strong></span> <span class='ocrx_word' id='word_1_648' title='bbox 1085 4791 1348 4860; x_wconf 86' lang='lat' dir='ltr'><strong>potiorem</strong></span> <span class='ocrx_word' id='word_1_649' title='bbox 1375 4788 1699 4858; x_wconf 85' lang='lat' dir='ltr'><strong>judicantes.</strong></span> <span class='ocrx_word' id='word_1_650' title='bbox 1730 4786 1900 4841; x_wconf 76' lang='lat' dir='ltr'><strong>Porro</strong></span> <span class='ocrx_word' id='word_1_651' title='bbox 1924 4788 2060 4841; x_wconf 82' lang='lat' dir='ltr'><strong>Aca-</strong></span> 
     </span>
    </p>
   </div>
   <div class='ocr_carea' id='block_1_94' title="bbox 499 4879 2062 4950">
    <p class='ocr_par' dir='ltr' id='par_1_94' title="bbox 499 4879 2062 4950">
     <span class='ocr_line' id='line_1_94' title="bbox 499 4879 2062 4950; baseline -0.005 -10"><span class='ocrx_word' id='word_1_652' title='bbox 499 4887 641 4946; x_wconf 79' lang='lat' dir='ltr'><strong>eius,</strong></span> <span class='ocrx_word' id='word_1_653' title='bbox 670 4902 793 4940; x_wconf 89' lang='lat' dir='ltr'><strong>eum</strong></span> <span class='ocrx_word' id='word_1_654' title='bbox 828 4883 1086 4939; x_wconf 87' lang='lat' dir='ltr'><strong>Basilium</strong></span> <span class='ocrx_word' id='word_1_655' title='bbox 1115 4883 1334 4950; x_wconf 88' lang='lat' dir='ltr'><strong>quidem</strong></span> <span class='ocrx_word' id='word_1_656' title='bbox 1369 4881 1440 4935; x_wconf 90' lang='lat' dir='ltr'><strong>ob</strong></span> <span class='ocrx_word' id='word_1_657' title='bbox 1466 4881 1704 4950; x_wconf 82' lang='lat' dir='ltr'><strong>privatas</strong></span> <span class='ocrx_word' id='word_1_658' title='bbox 1731 4879 2062 4941; x_wconf 87' lang='lat' dir='ltr'><strong>inimicitias,</strong></span> 
     </span>
    </p>
   </div>
   <div class='ocr_carea' id='block_1_95' title="bbox 499 4972 2066 5044">
    <p class='ocr_par' dir='ltr' id='par_1_95' title="bbox 499 4972 2066 5044">
     <span class='ocr_line' id='line_1_95' title="bbox 499 4972 2066 5044; baseline -0.003 -14"><span class='ocrx_word' id='word_1_659' title='bbox 499 4979 712 5032; x_wconf 77' lang='lat' dir='ltr'><strong>Aetium</strong></span> <span class='ocrx_word' id='word_1_660' title='bbox 744 4991 873 5031; x_wconf 75' lang='lat' dir='ltr'><strong>vero</strong></span> <span class='ocrx_word' id='word_1_661' title='bbox 896 4975 968 5029; x_wconf 87' lang='lat' dir='ltr'><strong>ob</strong></span> <span class='ocrx_word' id='word_1_662' title='bbox 994 4975 1310 5044; x_wconf 73' lang='lat' dir='ltr'><strong>dogmatum</strong></span> <span class='ocrx_word' id='word_1_663' title='bbox 1339 4972 1759 5042; x_wconf 85' lang='lat' dir='ltr'><strong>discrepantiam</strong></span> <span class='ocrx_word' id='word_1_664' title='bbox 1783 4972 2066 5040; x_wconf 80' lang='lat' dir='ltr'><strong>deposuis-</strong></span> 
     </span>
    </p>
   </div>
   <div class='ocr_carea' id='block_1_96' title="bbox 501 5063 2060 5133">
    <p class='ocr_par' dir='ltr' id='par_1_96' title="bbox 501 5063 2060 5133">
     <span class='ocr_line' id='line_1_96' title="bbox 501 5063 2060 5133; baseline -0.005 -10"><span class='ocrx_word' id='word_1_665' title='bbox 501 5079 604 5133; x_wconf 85' lang='lat' dir='ltr'><strong>set,</strong></span> <span class='ocrx_word' id='word_1_666' title='bbox 639 5081 692 5126; x_wconf 83' lang='lat' dir='ltr'><strong>et</strong></span> <span class='ocrx_word' id='word_1_667' title='bbox 721 5069 773 5123; x_wconf 83' lang='lat' dir='ltr'><strong>in</strong></span> <span class='ocrx_word' id='word_1_668' title='bbox 805 5068 1056 5122; x_wconf 79' lang='lat' dir='ltr'><strong>exsilium</strong></span> <span class='ocrx_word' id='word_1_669' title='bbox 1085 5067 1359 5132; x_wconf 85' lang='lat' dir='ltr'><strong>trusisset,</strong></span> <span class='ocrx_word' id='word_1_670' title='bbox 1391 5064 1691 5120; x_wconf 60' lang='lat' dir='ltr'><strong>Casaream</strong></span> <span class='ocrx_word' id='word_1_671' title='bbox 1726 5063 1940 5118; x_wconf 85' lang='lat' dir='ltr'><strong>rediens</strong></span> <span class='ocrx_word' id='word_1_672' title='bbox 1960 5102 1973 5127; x_wconf 92' lang='lat'><strong>,</strong></span> <span class='ocrx_word' id='word_1_673' title='bbox 2009 5065 2060 5116; x_wconf 94' lang='lat' dir='ltr'><strong>in</strong></span> 
     </span>
    </p>
   </div>
   <div class='ocr_carea' id='block_1_97' title="bbox 2181 4512 3740 4585">
    <p class='ocr_par' dir='ltr' id='par_1_97' title="bbox 2181 4512 3740 4585">
     <span class='ocr_line' id='line_1_97' title="bbox 2181 4512 3740 4585; baseline -0.001 -17"><span class='ocrx_word' id='word_1_674' title='bbox 2181 4512 2242 4569; x_wconf 81' lang='grc' dir='ltr'><strong>Ὀ</strong></span> <span class='ocrx_word' id='word_1_675' title='bbox 2268 4515 2325 4568; x_wconf 76' lang='grc' dir='ltr'>δὲ</span> <span class='ocrx_word' id='word_1_676' title='bbox 2366 4515 2614 4578; x_wconf 80' lang='grc' dir='ltr'>Ἀκάκιος</span> <span class='ocrx_word' id='word_1_677' title='bbox 2641 4515 2765 4577; x_wconf 81' lang='grc' dir='ltr'>τοὺς</span> <span class='ocrx_word' id='word_1_678' title='bbox 2796 4513 2925 4585; x_wconf 74' lang='grc' dir='ltr'>περὶ</span> <span class='ocrx_word' id='word_1_679' title='bbox 2958 4513 3233 4566; x_wconf 86' lang='grc' dir='ltr'>Βασίλειον</span> <span class='ocrx_word' id='word_1_680' title='bbox 3257 4512 3321 4566; x_wconf 81' lang='grc' dir='ltr'>δι’</span> <span class='ocrx_word' id='word_1_681' title='bbox 3358 4512 3493 4567; x_wconf 85' lang='grc' dir='ltr'>ίδίαν</span> <span class='ocrx_word' id='word_1_682' title='bbox 3519 4513 3740 4584; x_wconf 71' lang='grc' dir='ltr'>ἔχθραν,</span> 
     </span>
    </p>
   </div>
   <div class='ocr_carea' id='block_1_98' title="bbox 2170 4604 3745 4676">
    <p class='ocr_par' dir='ltr' id='par_1_98' title="bbox 2170 4604 3745 4676">
     <span class='ocr_line' id='line_1_98' title="bbox 2170 4604 3745 4676; baseline -0.001 -15"><span class='ocrx_word' id='word_1_683' title='bbox 2170 4607 2262 4661; x_wconf 75' lang='grc' dir='ltr'><strong>καὶ</strong></span> <span class='ocrx_word' id='word_1_684' title='bbox 2287 4608 2378 4661; x_wconf 75' lang='grc' dir='ltr'><strong>τὸν</strong></span> <span class='ocrx_word' id='word_1_685' title='bbox 2412 4607 2614 4660; x_wconf 83' lang='grc' dir='ltr'>Ἀέτιον</span> <span class='ocrx_word' id='word_1_686' title='bbox 2637 4606 2723 4660; x_wconf 86' lang='grc' dir='ltr'><strong>διά</strong></span> <span class='ocrx_word' id='word_1_687' title='bbox 2737 4606 2796 4659; x_wconf 82' lang='grc' dir='ltr'><strong>τὸ</strong></span> <span class='ocrx_word' id='word_1_688' title='bbox 2825 4606 3146 4674; x_wconf 77' lang='grc' dir='ltr'>ἐτεροδοξεῖν</span> <span class='ocrx_word' id='word_1_689' title='bbox 3176 4604 3437 4670; x_wconf 85' lang='grc' dir='ltr'>καθελὼν,</span> <span class='ocrx_word' id='word_1_690' title='bbox 3462 4607 3554 4659; x_wconf 70' lang='grc' dir='ltr'><strong>καὶ</strong></span> <span class='ocrx_word' id='word_1_691' title='bbox 3577 4607 3745 4676; x_wconf 77' lang='grc' dir='ltr'>ὑπερ-</span> 
     </span>
    </p>
   </div>
   <div class='ocr_carea' id='block_1_99' title="bbox 2169 4697 3738 4770">
    <p class='ocr_par' dir='ltr' id='par_1_99' title="bbox 2169 4697 3738 4770">
     <span class='ocr_line' id='line_1_99' title="bbox 2169 4697 3738 4770; baseline -0.001 -20"><span class='ocrx_word' id='word_1_692' title='bbox 2169 4699 2350 4770; x_wconf 87' lang='grc' dir='ltr'>ορίους</span> <span class='ocrx_word' id='word_1_693' title='bbox 2381 4699 2764 4770; x_wconf 81' lang='grc' dir='ltr'>ποιησάμενος,</span> <span class='ocrx_word' id='word_1_694' title='bbox 2788 4697 3101 4769; x_wconf 78' lang='grc' dir='ltr'>ἀνατρέχων</span> <span class='ocrx_word' id='word_1_695' title='bbox 3133 4697 3226 4750; x_wconf 74' lang='grc' dir='ltr'><strong>ἐπὶ</strong></span> <span class='ocrx_word' id='word_1_696' title='bbox 3255 4697 3352 4769; x_wconf 78' lang='grc' dir='ltr'>τὴν</span> <span class='ocrx_word' id='word_1_697' title='bbox 3381 4697 3738 4767; x_wconf 82' lang='grc' dir='ltr'>Καισάρειαν,</span> 
     </span>
    </p>
   </div>
   <div class='ocr_carea' id='block_1_100' title="bbox 2167 4789 3742 4862">
    <p class='ocr_par' dir='ltr' id='par_1_100' title="bbox 2167 4789 3742 4862">
     <span class='ocr_line' id='line_1_100' title="bbox 2167 4789 3742 4862; baseline 0 -19"><span class='ocrx_word' id='word_1_698' title='bbox 2167 4793 2288 4853; x_wconf 88' lang='grc' dir='ltr'>ταῖς</span> <span class='ocrx_word' id='word_1_699' title='bbox 2320 4790 2675 4862; x_wconf 82' lang='grc' dir='ltr'>χηρευούσαις</span> <span class='ocrx_word' id='word_1_700' title='bbox 2706 4789 3050 4860; x_wconf 85' lang='grc' dir='ltr'>Ἑκκλησίαις</span> <span class='ocrx_word' id='word_1_701' title='bbox 3092 4791 3366 4860; x_wconf 83' lang='grc' dir='ltr'>ἀρχιερεῖς</span> <span class='ocrx_word' id='word_1_702' title='bbox 3403 4790 3654 4861; x_wconf 78' lang='grc' dir='ltr'>καθίστη,</span> <span class='ocrx_word' id='word_1_703' title='bbox 3680 4790 3742 4843; x_wconf 80' lang='grc' dir='ltr'>τὸ</span> 
     </span>
    </p>
   </div>
   <div class='ocr_carea' id='block_1_101' title="bbox 2165 4881 3737 4954">
    <p class='ocr_par' dir='ltr' id='par_1_101' title="bbox 2165 4881 3737 4954">
     <span class='ocr_line' id='line_1_101' title="bbox 2165 4881 3737 4954; baseline -0.002 -18"><span class='ocrx_word' id='word_1_704' title='bbox 2165 4883 2446 4954; x_wconf 87' lang='grc' dir='ltr'>ὁμοούσιον</span> <span class='ocrx_word' id='word_1_705' title='bbox 2479 4881 2905 4954; x_wconf 85' lang='grc' dir='ltr'>θρησκεύοντας·</span> <span class='ocrx_word' id='word_1_706' title='bbox 2942 4881 3036 4935; x_wconf 76' lang='grc' dir='ltr'><strong>καὶ</strong></span> <span class='ocrx_word' id='word_1_707' title='bbox 3080 4881 3366 4952; x_wconf 78' lang='grc' dir='ltr'>καθίστησι</span> <span class='ocrx_word' id='word_1_708' title='bbox 3408 4882 3508 4952; x_wconf 80' lang='grc' dir='ltr'><strong>μὲν</strong></span> <span class='ocrx_word' id='word_1_709' title='bbox 3549 4882 3605 4934; x_wconf 83' lang='grc' dir='ltr'><strong>ἐν</strong></span> <span class='ocrx_word' id='word_1_710' title='bbox 3637 4881 3737 4934; x_wconf 76' lang='grc' dir='ltr'><strong>Νι-</strong></span> 
     </span>
    </p>
   </div>
   <div class='ocr_carea' id='block_1_102' title="bbox 2165 4974 3738 5048">
    <p class='ocr_par' dir='ltr' id='par_1_102' title="bbox 2165 4974 3738 5048">
     <span class='ocr_line' id='line_1_102' title="bbox 2165 4974 3738 5048; baseline -0.001 -18"><span class='ocrx_word' id='word_1_711' title='bbox 2165 4976 2426 5048; x_wconf 79' lang='grc' dir='ltr'>κομηδείᾳ</span> <span class='ocrx_word' id='word_1_712' title='bbox 2448 4977 2570 5030; x_wconf 83' lang='grc' dir='ltr'>ἀντὶ</span> <span class='ocrx_word' id='word_1_713' title='bbox 2600 4977 2928 5048; x_wconf 85' lang='grc' dir='ltr'>Κεκροπίου.</span> <span class='ocrx_word' id='word_1_714' title='bbox 2964 4977 3250 5047; x_wconf 78' lang='grc' dir='ltr'>Ὀνήσιμον</span> <span class='ocrx_word' id='word_1_715' title='bbox 3269 4993 3282 5005; x_wconf 71' lang='grc' dir='ltr'><strong>ο</strong></span> <span class='ocrx_word' id='word_1_716' title='bbox 3311 4976 3434 5028; x_wconf 82' lang='grc' dir='ltr'>ἀντὶ</span> <span class='ocrx_word' id='word_1_717' title='bbox 3475 4974 3532 5029; x_wconf 81' lang='grc' dir='ltr'>δὲ</span> <span class='ocrx_word' id='word_1_718' title='bbox 3571 4975 3738 5028; x_wconf 78' lang='grc' dir='ltr'>Βασι-</span> 
     </span>
    </p>
   </div>
   <div class='ocr_carea' id='block_1_103' title="bbox 2163 5064 3737 5138">
    <p class='ocr_par' dir='ltr' id='par_1_103' title="bbox 2163 5064 3737 5138">
     <span class='ocr_line' id='line_1_103' title="bbox 2163 5064 3737 5138; baseline -0.001 -20"><span class='ocrx_word' id='word_1_719' title='bbox 2163 5067 2305 5119; x_wconf 87' lang='grc' dir='ltr'>λείου</span> <span class='ocrx_word' id='word_1_720' title='bbox 2343 5071 2411 5138; x_wconf 77' lang='grc' dir='ltr'>τῇ</span> <span class='ocrx_word' id='word_1_721' title='bbox 2445 5066 2707 5138; x_wconf 75' lang='grc' dir='ltr'>Ἀγκύρᾳ,</span> <span class='ocrx_word' id='word_1_722' title='bbox 2739 5065 3055 5122; x_wconf 80' lang='grc' dir='ltr'>Ἀθανάσιον</span> <span class='ocrx_word' id='word_1_723' title='bbox 3085 5065 3218 5136; x_wconf 73' lang='grc'><strong>(25).</strong></span> <span class='ocrx_word' id='word_1_724' title='bbox 3254 5064 3504 5119; x_wconf 80' lang='grc' dir='ltr'>’Δκάκιον</span> <span class='ocrx_word' id='word_1_725' title='bbox 3533 5067 3589 5120; x_wconf 67' lang='grc' dir='ltr'>δὲ</span> <span class='ocrx_word' id='word_1_726' title='bbox 3617 5066 3737 5117; x_wconf 65' lang='grc' dir='ltr'>ξτες</span> 
     </span>
    </p>
   </div>
   <div class='ocr_carea' id='block_1_104' title="bbox 1717 5217 2494 5266">
    <p class='ocr_par' dir='ltr' id='par_1_104' title="bbox 1717 5217 2494 5266">
     <span class='ocr_line' id='line_1_104' title="bbox 1717 5217 2494 5266; baseline 0.009 -7"><span class='ocrx_word' id='word_1_727' title='bbox 1717 5217 1960 5261; x_wconf 50' lang='grc' dir='ltr'>νλλωεξι</span> <span class='ocrx_word' id='word_1_728' title='bbox 2001 5219 2494 5266; x_wconf 74' lang='lat' dir='ltr'><strong>ANNOTATIONES.</strong></span> 
     </span>
    </p>
   </div>
   <div class='ocr_carea' id='block_1_105' title="bbox 573 5320 1372 5398">
    <p class='ocr_par' dir='ltr' id='par_1_105' title="bbox 573 5320 1372 5398">
     <span class='ocr_line' id='line_1_105' title="bbox 573 5320 1372 5398; baseline -0.008 -19"><span class='ocrx_word' id='word_1_729' title='bbox 573 5327 683 5398; x_wconf 62' lang='lat'><strong>(24)</strong></span> <span class='ocrx_word' id='word_1_730' title='bbox 719 5324 1036 5398; x_wconf 75' lang='lat' dir='ltr'><strong>Tbeodorit.</strong></span> <span class='ocrx_word' id='word_1_731' title='bbox 1061 5323 1096 5379; x_wconf 92' lang='lat' dir='ltr'><strong>l.</strong></span> <span class='ocrx_word' id='word_1_732' title='bbox 1124 5337 1259 5398; x_wconf 82' lang='lat' dir='ltr'><strong>_|t,_e.</strong></span> <span class='ocrx_word' id='word_1_733' title='bbox 1281 5320 1372 5398; x_wconf 55' lang='lat'><strong>26.</strong></span> 
     </span>
    </p>
   </div>
   <div class='ocr_carea' id='block_1_106' title="bbox 572 5387 2059 5466">
    <p class='ocr_par' dir='ltr' id='par_1_106' title="bbox 572 5387 2059 5466">
     <span class='ocr_line' id='line_1_106' title="bbox 572 5387 2059 5466; baseline -0.005 -17"><span class='ocrx_word' id='word_1_734' title='bbox 722 5391 801 5463; x_wconf 73' lang='grc' dir='ltr'><strong>Τῇ</strong></span> <span class='ocrx_word' id='word_1_735' title='bbox 837 5394 1081 5466; x_wconf 67' lang='grc' dir='ltr'>Ἀγκύρῃ</span> <span class='ocrx_word' id='word_1_736' title='bbox 1123 5392 1484 5466; x_wconf 68' lang='grc' dir='ltr'>Ἀθανάςιον.</span> <span class='ocrx_word' id='word_1_737' title='bbox 1526 5388 1600 5442; x_wconf 88' lang='lat' dir='ltr'><strong>De</strong></span> <span class='ocrx_word' id='word_1_738' title='bbox 1630 5387 2059 5466; x_wconf 44' lang='lat' dir='ltr'><strong>lioantbanasio</strong></span> 
     </span>
    </p>
   </div>
   <div class='ocr_carea' id='block_1_107' title="bbox 498 5456 2059 5534">
    <p class='ocr_par' dir='ltr' id='par_1_107' title="bbox 498 5456 2059 5534">
     <span class='ocr_line' id='line_1_107' title="bbox 498 5456 2059 5534; baseline -0.006 -14"><span class='ocrx_word' id='word_1_739' title='bbox 498 5456 724 5534; x_wconf 63' lang='lat' dir='ltr'><strong>Ancyra:</strong></span> <span class='ocrx_word' id='word_1_740' title='bbox 768 5456 1063 5533; x_wconf 62' lang='lat' dir='ltr'><strong>Episcopo,</strong></span> <span class='ocrx_word' id='word_1_741' title='bbox 1099 5471 1291 5532; x_wconf 67' lang='lat' dir='ltr'><strong>praeter</strong></span> <span class='ocrx_word' id='word_1_742' title='bbox 1322 5461 1608 5534; x_wconf 58' lang='lat' dir='ltr'><strong>Socratem</strong></span> <span class='ocrx_word' id='word_1_743' title='bbox 1651 5456 2059 5534; x_wconf 44' lang='lat' dir='ltr'><strong>et_‘B:isilinm_a</strong></span> 
     </span>
    </p>
   </div>
   <div class='ocr_carea' id='block_1_108' title="bbox 498 5526 2058 5599">
    <p class='ocr_par' dir='ltr' id='par_1_108' title="bbox 498 5526 2058 5599">
     <span class='ocr_line' id='line_1_108' title="bbox 498 5526 2058 5599; baseline -0.007 -7"><span class='ocrx_word' id='word_1_744' title='bbox 498 5526 830 5592; x_wconf 55' lang='lat' dir='ltr'><strong>Gotl&#39;iol&#39;redo</strong></span> <span class='ocrx_word' id='word_1_745' title='bbox 861 5526 1052 5588; x_wconf 79' lang='lat' dir='ltr'><strong>citatos</strong></span> <span class='ocrx_word' id='word_1_746' title='bbox 1071 5526 1359 5596; x_wconf 41' lang='lat' dir='ltr'><strong>[meminit</strong></span> <span class='ocrx_word' id='word_1_747' title='bbox 1381 5529 1675 5598; x_wconf 77' lang='lat' dir='ltr'><strong>Gregorius</strong></span> <span class='ocrx_word' id='word_1_748' title='bbox 1701 5526 1976 5599; x_wconf 71' lang='lat' dir='ltr'><strong>Nyssenus</strong></span> <span class='ocrx_word' id='word_1_749' title='bbox 2004 5529 2058 5581; x_wconf 91' lang='lat' dir='ltr'><strong>in</strong></span> 
     </span>
    </p>
   </div>
   <div class='ocr_carea' id='block_1_109' title="bbox 500 5598 2062 5673">
    <p class='ocr_par' dir='ltr' id='par_1_109' title="bbox 500 5598 2062 5673">
     <span class='ocr_line' id='line_1_109' title="bbox 500 5598 2062 5673; baseline -0.006 -13"><span class='ocrx_word' id='word_1_750' title='bbox 500 5607 637 5660; x_wconf 74' lang='lat' dir='ltr'><strong>iibro</strong></span> <span class='ocrx_word' id='word_1_751' title='bbox 667 5607 839 5673; x_wconf 84' lang='lat' dir='ltr'><strong>primo</strong></span> <span class='ocrx_word' id='word_1_752' title='bbox 864 5617 1042 5657; x_wconf 83' lang='lat' dir='ltr'><strong>contra</strong></span> <span class='ocrx_word' id='word_1_753' title='bbox 1073 5603 1408 5673; x_wconf 71' lang='lat' dir='ltr'><strong>Eunomium,</strong></span> <span class='ocrx_word' id='word_1_754' title='bbox 1434 5616 1488 5671; x_wconf 88' lang='lat' dir='ltr'><strong>p.</strong></span> <span class='ocrx_word' id='word_1_755' title='bbox 1511 5599 1614 5673; x_wconf 62' lang='lat' dir='ltr'><strong>29f!</strong></span> <span class='ocrx_word' id='word_1_756' title='bbox 1639 5617 1652 5652; x_wconf 88' lang='lat'>:</span> <span class='ocrx_word' id='word_1_757' title='bbox 1680 5598 1761 5673; x_wconf 71' lang='grc' dir='ltr'><strong>Τά</strong></span> <span class='ocrx_word' id='word_1_758' title='bbox 1786 5599 1892 5673; x_wconf 47' lang='grc' dir='ltr'>γριρ</span> <span class='ocrx_word' id='word_1_759' title='bbox 1921 5599 2062 5673; x_wconf 76' lang='grc' dir='ltr'><strong>κατά</strong></span> 
     </span>
    </p>
   </div>
   <div class='ocr_carea' id='block_1_110' title="bbox 497 5669 2054 5732">
    <p class='ocr_par' dir='ltr' id='par_1_110' title="bbox 497 5669 2054 5732">
     <span class='ocr_line' id='line_1_110' title="bbox 497 5669 2054 5732; baseline -0.008 1"><span class='ocrx_word' id='word_1_760' title='bbox 497 5679 590 5732; x_wconf 66' lang='grc' dir='ltr'><strong>τὸν</strong></span> <span class='ocrx_word' id='word_1_761' title='bbox 645 5669 844 5730; x_wconf 78' lang='grc' dir='ltr'>Ἀέτιον</span> <span class='ocrx_word' id='word_1_762' title='bbox 878 5675 1062 5728; x_wconf 77' lang='grc' dir='ltr'>τοῦτον</span> <span class='ocrx_word' id='word_1_763' title='bbox 1123 5669 1450 5725; x_wconf 18' lang='grc' dir='ltr'>Ἀθανασίουή</span> <span class='ocrx_word' id='word_1_764' title='bbox 1489 5672 1615 5724; x_wconf 81' lang='grc' dir='ltr'>ποτὲ</span> <span class='ocrx_word' id='word_1_765' title='bbox 1664 5669 1758 5722; x_wconf 76' lang='grc' dir='ltr'><strong>τοῦ</strong></span> <span class='ocrx_word' id='word_1_766' title='bbox 1803 5669 2054 5722; x_wconf 75' lang='grc' dir='ltr'>Γαλατῶν</span> 
     </span>
    </p>
   </div>
   <div class='ocr_carea' id='block_1_111' title="bbox 2167 5319 3741 5393">
    <p class='ocr_par' dir='ltr' id='par_1_111' title="bbox 2167 5319 3741 5393">
     <span class='ocr_line' id='line_1_111' title="bbox 2167 5319 3741 5393; baseline 0 -19"><span class='ocrx_word' id='word_1_767' title='bbox 2167 5323 2748 5393; x_wconf 83' lang='grc' dir='ltr'>ἐπισκόπουλέγοντος</span> <span class='ocrx_word' id='word_1_768' title='bbox 2783 5322 3023 5393; x_wconf 72' lang='grc' dir='ltr'>ἥκουσα,</span> <span class='ocrx_word' id='word_1_769' title='bbox 3077 5319 3267 5393; x_wconf 68' lang='grc' dir='ltr'>ἀνδρδς</span> <span class='ocrx_word' id='word_1_770' title='bbox 3301 5321 3400 5372; x_wconf 79' lang='grc' dir='ltr'><strong>οὐκ</strong></span> <span class='ocrx_word' id='word_1_771' title='bbox 3440 5320 3505 5393; x_wconf 69' lang='grc' dir='ltr'><strong>ἀν</strong></span> <span class='ocrx_word' id='word_1_772' title='bbox 3535 5337 3584 5372; x_wconf 83' lang='grc' dir='ltr'><strong>τι</strong></span> <span class='ocrx_word' id='word_1_773' title='bbox 3630 5321 3741 5393; x_wconf 78' lang='grc' dir='ltr'><strong>πρδ</strong></span> 
     </span>
    </p>
   </div>
   <div class='ocr_carea' id='block_1_112' title="bbox 2164 5389 3738 5464">
    <p class='ocr_par' dir='ltr' id='par_1_112' title="bbox 2164 5389 3738 5464">
     <span class='ocr_line' id='line_1_112' title="bbox 2164 5389 3738 5464; baseline -0.001 -20"><span class='ocrx_word' id='word_1_774' title='bbox 2164 5392 2266 5462; x_wconf 82' lang='grc' dir='ltr'>τῆς</span> <span class='ocrx_word' id='word_1_775' title='bbox 2298 5392 2553 5464; x_wconf 80' lang='grc' dir='ltr'>ἀληθείας</span> <span class='ocrx_word' id='word_1_776' title='bbox 2575 5389 3186 5464; x_wconf 40' lang='grc' dir='ltr'>’προτιμήσαντοςηιξιοζ</span> <span class='ocrx_word' id='word_1_777' title='bbox 3216 5390 3270 5443; x_wconf 89' lang='lat' dir='ltr'><strong>Id</strong></span> <span class='ocrx_word' id='word_1_778' title='bbox 3305 5399 3407 5464; x_wconf 76' lang='lat' dir='ltr'><strong>est,</strong></span> <span class='ocrx_word' id='word_1_779' title='bbox 3444 5389 3580 5444; x_wconf 74' lang='lat' dir='ltr'><strong>Nam</strong></span> <span class='ocrx_word' id='word_1_780' title='bbox 3615 5389 3738 5459; x_wconf 66' lang='lat' dir='ltr'><strong>qia”:</strong></span> 
     </span>
    </p>
   </div>
   <div class='ocr_carea' id='block_1_113' title="bbox 2166 5459 3736 5532">
    <p class='ocr_par' dir='ltr' id='par_1_113' title="bbox 2166 5459 3736 5532">
     <span class='ocr_line' id='line_1_113' title="bbox 2166 5459 3736 5532; baseline -0.001 -18"><span class='ocrx_word' id='word_1_781' title='bbox 2166 5459 2404 5531; x_wconf 39' lang='lat' dir='ltr'><strong>et&#39;qualii</strong></span> <span class='ocrx_word' id='word_1_782' title='bbox 2431 5463 2590 5532; x_wconf 79' lang='lat' dir='ltr'><strong>fuerit</strong></span> <span class='ocrx_word' id='word_1_783' title='bbox 2619 5459 2702 5517; x_wconf 74' lang='lat' dir='ltr'><strong>hic</strong></span> <span class='ocrx_word' id='word_1_784' title='bbox 2729 5459 2934 5532; x_wconf 66' lang='lat' dir='ltr'><strong>Aetius,</strong></span> <span class='ocrx_word' id='word_1_785' title='bbox 2952 5459 3128 5515; x_wconf 78' lang='lat' dir='ltr'><strong>audivi</strong></span> <span class='ocrx_word' id='word_1_786' title='bbox 3147 5460 3409 5532; x_wconf 68' lang='lat' dir='ltr'><strong>quondam</strong></span> <span class='ocrx_word' id='word_1_787' title='bbox 3431 5475 3736 5532; x_wconf 67' lang='lat' dir='ltr'><strong>narrantem</strong></span> 
     </span>
    </p>
   </div>
   <div class='ocr_carea' id='block_1_114' title="bbox 2168 5530 3741 5603">
    <p class='ocr_par' dir='ltr' id='par_1_114' title="bbox 2168 5530 3741 5603">
     <span class='ocr_line' id='line_1_114' title="bbox 2168 5530 3741 5603; baseline 0.001 -19"><span class='ocrx_word' id='word_1_788' title='bbox 2168 5530 2519 5586; x_wconf 73' lang='lat' dir='ltr'><strong>Athanasium</strong></span> <span class='ocrx_word' id='word_1_789' title='bbox 2540 5535 2839 5603; x_wconf 79' lang='lat' dir='ltr'><strong>episcopum</strong></span> <span class='ocrx_word' id='word_1_790' title='bbox 2867 5531 3113 5594; x_wconf 70' lang='lat' dir='ltr'><strong>Galatia,</strong></span> <span class='ocrx_word' id='word_1_791' title='bbox 3149 5530 3313 5584; x_wconf 72' lang='lat' dir='ltr'><strong>cirum</strong></span> <span class='ocrx_word' id='word_1_792' title='bbox 3347 5531 3433 5586; x_wconf 69' lang='lat' dir='ltr'><strong>cui</strong></span> <span class='ocrx_word' id='word_1_793' title='bbox 3461 5530 3586 5585; x_wconf 73' lang='lat' dir='ltr'><strong>nihil</strong></span> <span class='ocrx_word' id='word_1_794' title='bbox 3618 5548 3741 5585; x_wconf 73' lang='grc' dir='ltr'>ιιι-</span> 
     </span>
    </p>
   </div>
   <div class='ocr_carea' id='block_1_115' title="bbox 2167 5604 3000 5675">
    <p class='ocr_par' dir='ltr' id='par_1_115' title="bbox 2167 5604 3000 5675">
     <span class='ocr_line' id='line_1_115' title="bbox 2167 5604 3000 5675; baseline -0.001 -18"><span class='ocrx_word' id='word_1_795' title='bbox 2167 5618 2323 5672; x_wconf 84' lang='lat' dir='ltr'><strong>quam</strong></span> <span class='ocrx_word' id='word_1_796' title='bbox 2347 5604 2562 5659; x_wconf 80' lang='lat' dir='ltr'><strong>ueritate</strong></span> <span class='ocrx_word' id='word_1_797' title='bbox 2581 5604 2686 5675; x_wconf 77' lang='lat' dir='ltr'><strong>fuit</strong></span> <span class='ocrx_word' id='word_1_798' title='bbox 2713 5604 3000 5674; x_wconf 76' lang='lat' dir='ltr'><strong>antiquius.</strong></span> 
     </span>
    </p>
   </div>
  </div>
