3828 6326
434 431 530 487 εει
1812 428 2308 497 Ριιιιοετοιιοιιι

508 555 564 610 4.
596 555 936 609 Constantius
964 555 1139 609 Persis
1167 554 1296 608 bello
1327 557 1564 625 inferior.
1598 588 1664 595 —
1693 557 1827 610 Cum
1856 557 1998 610 Con—
2033 560 2073 613 Α

437 645 676 699 stantius
713 645 780 698 de
809 645 1058 700 hostibus
1093 645 1375 701 victoriam
1407 660 1684 715 reportare
1711 655 1870 700 antea
1910 659 2002 700 so-

440 735 568 790 litus
602 742 767 801 esset,
797 745 1082 805 postquam
1117 737 1489 805 proximorum
1536 753 1729 792 cruore
1756 737 2000 792 dextram

441 840 595 878 suam
627 825 1037 889 contaminavit,
1070 835 1124 880 et
1156 827 1340 881 Basilii
1385 827 1676 883 calumniis
1716 827 2000 897 impulsus,

444 915 808 986 Theophilum
843 927 897 973 et
929 919 1140 974 Aetium
1175 935 1236 973 ac
1260 917 1477 974 Serram
1513 921 1706 975 exsilio
1734 919 2002 983 multavit,

441 1008 736 1062 commisso
774 1023 898 1062 cum
929 1007 1110 1064 Persis
1135 1011 1328 1078 proelio
1359 1012 1534 1066 victus
1575 1011 1822 1066 recessit.

513 1096 567 1151 5.
588 1097 799 1152 Meletio
816 1099 965 1168 pulso
994 1103 1307 1170 subrogatus
1336 1101 1566 1155 Euzoius
1583 1101 1884 1172 (30).—Ait
1906 1102 2008 1154 im-

443 1186 568 1257 pius
595 1187 989 1260 Philostorgius
1009 1229 1024 1254 ,
1051 1189 1320 1245 Meletium
1349 1193 1769 1248 Antiochensem
1794 1194 2007 1262 episco-

445 1294 572 1348 pum
609 1295 640 1332 a
685 1277 1025 1344 Constantio,
1075 1281 1168 1350 qui
1227 1293 1356 1336 tunc
1403 1283 1708 1338 Antiochia:
1755 1283 2006 1354 degebat,

446 1368 763 1433 Melitinam,
783 1387 904 1440 quae
928 1375 1098 1440 patria
1122 1373 1362 1440 ejusdem
1387 1383 1522 1437 erat,
1546 1374 1843 1444 relegatum
1866 1389 2008 1439 esse,

447 1469 704 1528 tanquam
728 1462 953 1530 periurii
977 1465 1305 1530 convictum,
1333 1475 1385 1520 et
1410 1477 1691 1534 propterea
1714 1467 1858 1536 quod
1885 1483 2006 1521 cum

447 1551 508 1603 τὸ
545 1551 825 1620 ὁμοούσιον
863 1554 1240 1609 ardentissime
1267 1557 1622 1624 praedicaret,
1657 1558 1797 1612 idem
1832 1566 2009 1612 tamen

449 1642 508 1694 τὸ
539 1642 874 1711 ἑτεροούσιον
905 1645 1151 1713 amplecti
1187 1661 1245 1700 se
1295 1646 1546 1716 ﬁngebat.
1588 1646 1830 1702 Posthch
1871 1647 2013 1702 Con-

2173 553 2232 604 6'.
2257 552 2400 613 Ὅτι,
2436 551 2597 619 φησιν
2613 593 2626 613 ,
2667 549 2870 612 εἰωθὼς
2896 548 3260 613 Κωνττάντιος
3279 550 3386 603 τῶν
3407 551 3687 622 πολεμίων

2105 643 2345 710 κρατεῖν,
2372 639 2555 711 ἐπειδὴ
2579 641 2815 710 ὁμογνίῳ
2847 639 3027 710 λύθρῳ
3053 643 3125 710 (α)
3152 641 3248 712 τὴν
3284 641 3459 706 δεξιὰν
3495 645 3689 716 ἐξεμί-

2105 751 2221 797 ανε,
2250 734 2341 785 καὶ
2366 734 2486 796 τοὺς
2512 733 2653 803 ἀμφὶ
2683 732 2936 800 Θεόφιλον
2965 733 3060 786 καὶ
3093 732 3299 787 Ἀέτιον
3332 736 3424 788 καὶ
3447 737 3688 809 Σὲρῤαν,

2105 824 2374 886 διαϐολαῖς
2411 823 2755 887 ἀναπεισθεὶς
2799 821 3100 887 Βασιλείου,
3136 824 3455 896 ὑπερορίους
3484 829 3690 898 ἐποιή-

2109 931 2257 978 σατο,
2279 915 2412 986 πρὸς
2436 915 2648 986 Πέρσας
2685 913 3019 986 συμπλακεὶς
3048 915 3109 967 τὸ
3137 909 3296 987 ἧττον
3323 917 3576 988 ἤνεγκεν.

2183 1125 2242 1171 ε’.
2283 1115 2400 1169 Ὅτι
2450 1116 2609 1186 φησιν
2653 1107 2806 1178 οὗτος
2843 1117 2872 1167 6
2916 1113 3197 1185 δυσσεϐὴς,
3225 1115 3313 1167 τὸν
3350 1116 3688 1184 Ἀντιοχείας

2111 1205 2372 1258 Μελέτιον
2400 1205 2506 1257 ὑπὸ
2536 1204 2627 1256 τοῦ
2657 1203 3030 1257 Κωνσταντίου
3069 1205 3159 1255 καὶ¹
3184 1203 3348 1256 αὑτοῦ
3375 1206 3434 1256 ἐν
3483 1205 3693 1257 Ἀντιοο

2114 1297 2236 1367 χείᾳ
2267 1294 2647 1365 διατρίϐοντος,
2684 1295 2968 1366 ὑπερόριον
3005 1297 3060 1357 ἐς
3105 1295 3198 1366 τὴν
3228 1295 3418 1348 ἐαυτοῦ
3456 1296 3697 1365 πατρίδα

2112 1385 2209 1457 τὴν
2238 1385 2522 1455 Μελιτινὴν
2549 1385 2844 1454 ἐκπέμψαι,
2891 1385 2965 1446 ὡς
3010 1385 3312 1455 ἐπιορκίαις
3358 1385 3575 1447 ἁλόντα,
3600 1386 3698 1438 καὶ

2112 1477 2194 1529 δτι
2233 1476 2513 1546 ὀμοούσιον
2566 1476 2880 1545 πρεσϐεύων
2933 1477 3196 1539 ἐκτόπως,
3238 1476 3299 1528 τὸ
3356 1476 3699 1549 ἐτεροούσιον

2114 1569 2626 1638 κατεσχηματίζετο.
2656 1568 3082 1637 Μεταπέμπεται
3119 1567 3174 1618 δέ
3198 1566 3260 1632 ἐξ.
3288 1567 3700 1639 Ἀλεξανδρείας

452 1730 690 1783 stantius
717 1730 980 1787 Euzoium
1011 1735 1279 1789 haereseos
1299 1737 1408 1788 Arii
1431 1746 1764 1800 consortem,
1786 1753 1850 1790 ex
1878 1737 2014 1791 urbe

452 1817 780 1873 Alexandria
809 1823 1070 1884 evocavit,
1115 1823 1394 1892 jnssisque
1424 1827 1688 1895 episcopis
1732 1827 1780 1879 ei
1817 1842 2013 1880 manus

453 1908 763 1976 imponere,
797 1914 1109 1982 episcopum
1147 1915 1447 1970 Antiochia:
1475 1933 1599 1971 eum
1635 1918 1937 1973 constituit.

741 2024 830 2078 EX
863 2023 1065 2082 LIBRO
1107 2029 1332 2082 SEXTO
1375 2030 1744 2086 HISTORIAE.

525 2145 576 2197 1.
609 2141 854 2196 Eunomii
891 2144 1126 2196 accusati
1161 2143 1394 2211 defensio
1418 2140 1556 2213 ’(51).
1591 2144 1906 2209 —Quidam
1952 2160 2018 2196 ex

454 2237 600 2288 clero
629 2237 774 2289 urbis
799 2235 1414 2306 CyzicenmEunomium
1444 2237 1859 2291 criminatisunt
1878 2237 2017 2306 apud

455 2325 781 2388 Eudoxium,
815 2329 966 2394 quasi
996 2328 1042 2381 is
1075 2327 1392 2382 dissimilem
1427 2326 1571 2380 Patri
1596 2327 1787 2380 Filium
1812 2342 2022 2381 asserc-

454 2427 558 2482 ret,
582 2433 647 2472 ex
677 2433 740 2472 eo
768 2419 910 2486 quod
944 2420 1176 2472 similem
1202 2421 1499 2474 secundum
1531 2420 1894 2474 substantiam
1929 2435 2022 2472 ne-

456 2511 639 2576 gahat,
665 2519 1041 2577 argumentum
1076 2512 1334 2565 ducentes
1355 2511 1818 2565 dissimilitudinis
1843 2509 2022 2563 Patris

456 2617 580 2656 cum
634 2600 791 2655 Filio.
839 2599 1098 2655 Eumdem
1153 2611 1408 2671 praeterea
1459 2602 1821 2664 accusabant,
1876 2602 2018 2671 quod

456 2702 700 2747 vetustos
734 2693 871 2746 ritus
903 2703 1154 2756 mutaret,
1187 2703 1240 2746 et
1268 2709 1360 2747 eos
1397 2694 1489 2763 qui
1532 2709 1655 2748 cum
1700 2693 1818 2762 ipso
1858 2694 2020 2762 impie

459 2796 618 2850 agere
648 2781 887 2845 nollent,
920 2782 1158 2848 ejiceret.
1191 2780 1340 2837 Hauc
1390 2784 1458 2836 ob
1501 2798 1722 2838 causam
1755 2785 2020 2837 tumultus

461 2870 518 2922 in
549 2869 790 2922 Ecclesia
841 2869 1440 2940 Constantin0p012tana
1484 2875 1750 2928 excitatus
1783 2886 1886 2936 est.
1928 2874 2025 2927 llu-

461 2959 650 3028 sychio
685 2961 918 3029 quodam
967 2962 1085 3031 ejus
1132 2962 1383 3018 Ecclesia:
1437 2966 1749 3036 presbytero
1795 2981 1914 3020 eam
1961 2966 2027 3019 de

462 3051 731 3105 industria
784 3063 1176 3107 commovente.
1231 3055 1466 3111 Proinde
1514 3057 1796 3112 Eudoxius
1844 3057 2027 3112 Euno-

464 3141 636 3194 mium
689 3143 756 3196 ad
810 3158 868 3197 se
915 3145 1165 3199 accersit.
1206 3144 1308 3212 Qui
1353 3164 1474 3201 cum
1521 3150 1861 3214 advenisset,
1915 3149 2024 3204 Eu-

2113 1659 2204 1712 τὸν
2252 1658 2674 1729 συναιρεσιώτην
2695 1659 2902 1728 Ἀρείου
2946 1655 3208 1720 Εὺζώῖον·
3248 1657 3342 1710 καὶ
3379 1658 3553 1728 τούτῳ
3587 1660 3701 1729 χεῖ-

2117 1767 2217 1820 ρας
2249 1749 2510 1802 ἐπιθεῖναι
2558 1750 2682 1811 τοὺς
2720 1749 3048 1811 ἐπισκόπους
3084 1747 3365 1810 κελεύσας,
3401 1749 3702 1802 ἐπίσκοπον

2130 1841 2453 1911 Ἀντιοχείας
2486 1840 2928 1910 ἀποκαθίστησιν.

2457 2037 2550 2088 ΕΚ
2591 2037 2724 2088 ΤΗΣ
2761 2033 2993 2089 ΕΚΤΠΣ
3031 2036 3360 2089 ΙΣΤυΡΙΑΣ.

2184 2152 2379 2203 α’.”οτι
2406 2150 2494 2201 τὸν
2511 2149 2765 2218 Εὑνόμιὸν
2789 2165 2930 2212 τινες
2951 2148 3057 2200 τῶν
3081 2149 3137 2200 ἐν
3163 2147 3238 2217 τῷ
3266 2145 3707 2216 κλήρῳκυζίκου

2122 2243 2354 2312 Εύδοξίῳ
2393 2241 2786 2302 διαϐάλλουσιν,
2833 2241 2909 2303 ὡς
2957 2241 3207 2310 ἀνόμοιον
3257 2240 3333 2309 τῷ
3385 2241 3561 2310 Πατρὶ
3614 2240 3706 2291 τὸν

2122 2333 2246 2386 Υἱὸν
2273 2332 2674 2402 εἰσηγούμενον,
2696 2333 2758 2384 τὺ
2791 2332 2864 2401 μὴ
2889 2331 3006 2383 κατ’
3035 2332 3217 2383 οὐσίαν
3255 2332 3436 2400 ὅμοιον
3467 2333 3548 2393 είς
3572 2348 3706 2384 κατ·

2122 2425 2348 2495 ηγορίαν
2380 2423 2757 2493 ἀνομοιότητος
2797 2416 3006 2494 Πατρὸς
3038 2422 3170 2492 πρὸς
3203 2422 3327 2475 Υίὸν
3356 2422 3706 2492 μετασκευάε

2124 2513 2331 2576 ζοντεςο
2363 2516 2456 2567 καὶ
2489 2513 2558 2565 τὰ
2601 2512 2806 2566 παλαιά
2853 2512 2909 2566 δὲ
2959 2515 3265 2582 μετακινεῖν
3295 2511 3411 2582 ἔθη,
3444 2513 3542 2564 καὶ
3575 2514 3704 2574 τοὺς

2129 2605 2201 2676 μὴ
2230 2605 2538 2658 συνασεϐεῖν
2578 2605 2855 2667 ἐθέλοντας
2886 2603 3277 2666 διασκευάζειν.
3314 2604 3438 2655 Ἐπὶ
3486 2604 3702 2665 τούτοις

2125 2697 2349 2766 θόρυϐος
2377 2697 2474 2766 τὴν
2505 2695 3148 2750 Κωνσταντινουπολιτῶν
3182 2694 3507 2765 Ἐκκλησίαν
3541 2691 3710 2765 εἶχεν,

2126 2789 2501 2850 ἀνακινοῦντος
2529 2787 2696 2858 αὐτὴν
2729 2786 2978 2856 ἐπίτηδές
3005 2803 3147 2848 τινος
3174 2786 3279 2839 τῶν
3309 2787 3365 2837 ἐν
3394 2787 3530 2856 αὐτῇ
3576 2803 3711 2857 πρε-

2129 2881 2410 2952 σϐυτέρου,
2449 2879 2699 2949 Ἠσυχίου
2723 2878 2978 2947 τοῦνομα.
3009 2879 3098 2930 Διὸ
3123 2878 3512 2948 μετάπεμπτον
3545 2879 3577 2929 6
3609 2878 3715 2929 Εὐ-

2127 2972 2293 3038 δόξιος
2319 2973 2408 3026 τὸν
2440 2971 2702 3041 Εὐνόμιον
2738 2973 2986 3024 ποιεῖται.
3019 2969 3413 3038 Παραγεγονὼς
3455 2967 3512 3022 δὲ
3553 2971 3583 3021 6
3617 2969 3714 3039 μὲν

2129 3069 2228 3137 τῆς
2265 3067 2590 3138 βραδυτῆτος
2621 3067 2715 3119 καὶ
2740 3064 3029 3135 ὀλιγωρίας
3057 3063 3160 3115 τῶν
3194 3062 3591 3132 ὑπεσχημένων
3621 3060 3715 3113 τὸν

2130 3157 2376 3222 Εὑδόξιον
2428 3160 2636 3228 ᾐτιᾶτο·
2689 3158 2718 3209 6
2775 3157 2831 3210 δέ
2897 3155 3023 3224 περὶ
3078 3153 3279 3207 τούτων
3333 3153 3432 3222 μὲν
3483 3151 3713 3220 ὑπεκρίο

466 3235 688 3288 doxium
721 3235 1341 3293 insimulavittarditatis
1370 3256 1433 3295 ac
1461 3242 1805 3311 negligentia:
1827 3243 1880 3297 in
1909 3259 2028 3313 per-

2140 3265 2259 3300 νατο
2292 3248 2404 3315 (⁸52)
2455 3247 2528 3317 μὴ
2568 3243 2968 3317 ἂνάμελῆσαιο
3007 3243 3121 3297 δεῖν
3171 3244 3227 3296 δὲ
3273 3243 3403 3314 πρὶν
3437 3240 3536 3312 τὴν
3587 3240 3716 3310 περὶ

467 3325 712 3379 ﬁciendis
756 3327 822 3378 iis
877 3342 998 3394 quae
1053 3329 1394 3396 promiserat.
1445 3331 1723 3388 Eudoxius
1767 3349 1920 3396 vero.
1972 3349 2031 3389 se

466 3415 890 3485 haudquaquam
933 3433 994 3472 ea
1031 3420 1330 3490 neglexisse
1379 3425 1681 3492 respondit,
1734 3427 1828 3480 sed
1879 3427 2031 3496 prius

469 3509 901 3578 componendum
937 3526 1057 3566 esse
1090 3515 1381 3567 tumultum
1416 3517 1508 3584 qui
1537 3517 1710 3585 ipsius
1745 3533 1910 3572 causa
1944 3534 2035 3572 ex-

468 3599 668 3655 citatus
695 3601 892 3656 fuerat.
919 3600 1220 3658 Eunomius
1261 3605 1425 3673 igitur
1469 3606 1612 3675 apud
1641 3609 1846 3662 clerum
1875 3609 2033 3662 Con-

471 3692 1016 3761 stantinopolitanum
1054 3692 1426 3748 defensionem
1464 3711 1618 3753 suam
1657 3712 1907 3762 exorsus,
1938 3712 2039 3752 eos.

470 3787 566 3857 qui
597 3786 748 3855 prius
785 3787 1279 3850 tumultuabantur,
1326 3788 1399 3841 ita
1440 3787 1541 3842 sibi
1595 3790 1937 3857 conciliavit,
1979 3798 2041 3844 ut

471 3893 584 3933 non
626 3877 788 3933 modo
837 3879 890 3932 in
941 3880 1268 3934 contrariam
1311 3877 1633 3934 sententiam
1684 3883 2036 3945 transierint,

473 3986 662 4026 verum
695 3971 858 4025 etiam
894 3970 1163 4025 Eunomio
1197 3971 1452 4040 deinceps
1482 3974 1852 4027 testimonium
1879 3975 2043 4043 pieta-

475 4065 549 4120 tis
577 4065 718 4120 ultro
746 4064 1136 4134 perhibuerint.
1167 4063 1284 4119 Non
1311 4065 1457 4119 enim
1491 4066 1666 4120 solum
1701 4068 1752 4118 in
1788 4067 1872 4120 bis
1903 4082 2041 4136 quas

2133 3338 2299 3392 αὑτοῦ
2341 3337 2710 3408 γεγενημένην
2757 3336 3002 3390 διαλῦσαι
3065 3337 3268 3388 στάσιν.
3309 3331 3589 3386 Ἐντεῦθεν
3637 3332 3717 3395 είς

2135 3429 2426 3498 ἀπολογίαν
2444 3431 2472 3482 6
2493 3428 2752 3498 Εὐνόμιος
2773 3427 2849 3498 τῷ
2868 3424 3484 3486 Κωθσταντινουπόλειικ
3526 3423 3716 3494 κλήρῳ

2135 3517 2426 3580 καταστὰς,
2453 3516 2594 3569 οὕτω
2647 3516 2772 3579 τοὺς
2828 3515 2956 3586 πρὶν
3012 3513 3366 3586 θορυϐοῦντας
3427 3507 3595 3576 εἷλεν,
3643 3514 3716 3575 ὼς

2140 3609 2212 3679 μὴ
2245 3609 2404 3678 μόνον
2452 3615 2530 3670 εις
2576 3607 2673 3678 τὴν
2717 3607 2960 3660 ἐναντίαν
2998 3607 3325 3676 μεταστῆσαι
3373 3604 3544 3669 δόξαν,
3582 3603 3717 3656 ἀλλὰ

2147 3701 2426 3770 μάρτυρας
2480 3699 2641 3752 αὐτοῦ
2688 3699 2920 3770 θερμοὺς
2962 3699 3060 3767 τῆς
3109 3696 3385 3759 εὐσεϐείας
3439 3694 3714 3762 γενέσθαι.

2145 3793 2253 3844 Καὶ
2280 3791 2385 3859 γὰρ
2406 3791 2654 3860 ἀνόμοιον
2695 3789 2767 3859 τῷ
2813 3789 2985 3859 Πατρὶ
3029 3789 3120 3840 τὸν
3161 3787 3286 3840 Υἱδν
3324 3787 3384 3839 οὑ
3415 3787 3578 3855 μόνον
3628 3785 3716 3837 ού-

2144 3884 2328 3953 δαμῶς
2350 3885 2406 3935 ὲν
2433 3879 2511 3945 οἷς
2534 3879 2926 3953 ἐδημιούργησε
2950 3879 3060 3947 (55)
3076 3878 3413 3948 δογματίζειν
3435 3875 3716 3946 ἐφωράθη,

2147 3975 2282 4027 ἁλλά
2309 3991 2372 4042 γε
2410 3975 2502 4026 καὶ
2543 3975 2723 4044 ὅμοιον
2759 3971 2897 4025 κατὰ
2931 3969 3027 4034 τὰς
3073 3970 3290 4041 Γραφὰς
3327 3967 3717 4037 ἀνακηρύττειν

2148 4067 2600 4137 ἐπαρρησιάζετο.
2643 4065 2715 4117 Τὸ
2760 4063 2940 4134 μέντοι
2982 4063 3162 4132 ὅμοιον
3193 4061 3301 4129 (34)
3330 4061 3468 4112 κατὰ
3496 4059 3600 4128 τὴν
3629 4059 3716 4110 οὐ-

1697 4239 1778 4282 V'A
1786 4238 1942 4282 LESII
1973 4238 2472 4284 ANNOTATIONES.

551 4347 663 4418 (50)
695 4345 1012 4418 Theodorit.
1123 4361 1182 4404 ιι,
1215 4317 1268 4398 c.
1296 4345 1377 4418 ει.

552 4415 662 4485 (31)
692 4415 1006 4470 Theodorit.
1030 4415 1078 4485 rh.
1110 4431 1169 4475 ll,
1206 4432 1255 4468 c.
1287 4416 1376 4470 '29.

555 4481 664 4557 ('52)
712 4487 773 4538 Ὀ
817 4485 884 4538 δὲ
911 4484 1041 4557 περὶ
1079 4485 1302 4557 τούτων
1342 4483 1460 4554 μὲν
1501 4483 1880 4557 ὑπεκρίνατο.
1930 4481 2045 4536 Νοη

2225 4343 2338 4410 (Si)
2372 4341 2440 4394 T6
2458 4341 2662 4410 μέντοι
2685 4339 2911 4410 ὅμοιον.
2925 4337 3291 4410 Πιιιιε-ιρριιηι
3319 4337 3570 4391 mutilum
3599 4353 3715 4392 esse

2153 4407 2608 4480 asteriscus'ipse
2649 4412 2782 4465 satis
2825 4409 3046 4480 indicat.
3100 4407 3208 4462 Nos
3250 4423 3377 4480 vero
3407 4423 3474 4460 ex
3522 4423 3715 4460 manu-

2157 4485 2360 4550 scripto
2384 4478 2570 4535 codice
2596 4480 2866 4534 Samuelis
2891 4479 3144 4550 Bocbart'i
3166 4480 3305 4531 hanc
3328 4478 3583 4550 lacunam
3601 4493 3716 4550 sup-

483 4547 673 4613 dubito
696 4557 826 4625 quin
861 4547 1207 4608 scribendum
1241 4556 1311 4608 sit
1332 4547 1684 4623 ἁπεκρίνατο,
1709 4553 1832 4607 licet
1859 4569 2028 4606 manu

2157 4547 2291 4622 pleri
2303 4569 2348 4604 ιιι
2360 4570 2421 4603 ns
2442 4552 2721 4625 ltocnmodo
2742 4571 2754 4604 :
2869 4549 3245 4625 ttévrorépotov
3262 4548 3403 4625 κατξ
3419 4547 3516 4616 τὴν
3533 4548 3594 4625 οὐ
3603 4549 3715 4599 σίαν

486 4629 670 4696 scripti
702 4627 918 4696 codices
951 4625 1082 4696 nihil
1125 4635 1350 4677 t'uutent.

558 4691 669 4766 (55)
717 4699 820 4750 Ἐν
851 4691 940 4758 οἷς
978 4694 1433 4763 ἐδημιούργησε.
1472 4692 1828 4766 Scribendum
1863 4703 1966 4755 est,
1999 4693 2053 4744 ni

484 4763 678 4829 fallor,
717 4766 1130 4836 ἐδημηγόρησε,
1171 4766 1218 4836 id
1261 4766 1471 4836 cst._iu
1517 4763 1874 4836 concionibus
1919 4778 2056 4831 quas

485 4833 1109 4892 Eunomiushabuitad
1139 4835 1344 4888 clerum
1369 4833 2052 4901 Constantinopolitanum,

487 4920 547 4962 ut
603 4923 660 4962 se
713 4909 780 4959 ab
828 4907 1096 4959 luet-eseos
1145 4906 1372 4958 crimine
1422 4905 1562 4972 apud
1603 4903 1724 4958 illos
1775 4911 2050 4971 purgaret.

486 4979 645 5032 Certe
678 4975 1075 5044 Pliilostorgius
1107 4977 1267 5043 paulo
1311 4985 1435 5028 ante
1472 4982 1699 5028 testatus
1736 4983 1837 5037 est,
1876 4973 2056 5026 Euno-

488 5049 656 5101 tnium
701 5048 1095 5113 apologoticum
1127 5045 1238 5098 sive
1279 5044 1644 5098 defensionem
1692 5058 1804 5096 sum
1841 5044 1961 5097 ﬁdei
1995 5058 2058 5095 ac

487 5117 751 5172 doctrina:
795 5131 978 5166 coram
1024 5115 1169 5168 clero
1215 5115 1365 5168 urbis
1398 5115 1558 5182 regia:
1602 5114 1931 5176 instituisse,
1980 5114 2056 5174 et;

486 5185 781 5252 ἀπολογίαν
805 5189 832 5236 6
855 5185 1112 5254 Εὑνόμιος
1136 5184 1212 5254 τῷ
1236 5183 1855 5246 Κωνσταντινουπόλεως
1875 5184 2060 5252 κλήρῳ

490 5256 797 5318 καταστάς,
855 5265 960 5307 etc.
1012 5253 1076 5307 Et
1117 5256 1227 5307 lnec
1274 5264 1357 5309 cst
1395 5254 1625 5308 fortasse
1669 5255 1911 5322 apulogia
1951 5269 2058 5321 qua

487 5337 770 5393 tantopere
814 5325 1149 5393 gloriabatur
1194 5323 1493 5378 Eunomius
1518 5363 1532 5384 ,
1577 5333 1633 5376 ut
1666 5323 1830 5377 refert
1864 5323 2061 5392 Grego-

485 5400 605 5454 rius
639 5395 914 5466 Nysseuus
961 5397 1012 5446 in
1047 5395 1184 5447 libro
1219 5397 1390 5461 primo
1419 5403 1602 5446 contra
1643 5393 1984 5447 Eunomium.

2157 4613 2218 4676 οὐ
2241 4623 2511 4691 προσίετο·
2539 4622 2650 4673 ἴσον
2682 4623 2758 4682 είς
2787 4613 3130 4691 βλασφημίαν
3160 4619 3330 4691 λέγων
3353 4613 3715 4691 εἶναιζμδμοιον

2153 4685 2492 4746 κατ”οὐσίαν
2533 4691 2712 4757 λέγειν
2743 4685 2820 4758 τῷ
2853 4685 3044 4760 ιΙατρί,
3081 4699 3185 4740 etc.
3220 4688 3269 4741 Id
3316 4699 3454 4760 est,_
3482 4685 3713 4760 Similem

2156 4772 2332 4815 autem
2363 4762 2646 4814 secundant
2669 4756 3019 4813 substantiam
3056 4759 3355 4826 neutiquam
3386 4756 3711 4813 admittebat.

2155 4833 2382 4900 ejusdem
2414 4833 2695 4899 impietatis
2726 4847 2832 4900 esse
2858 4831 3156 4897 afﬁrmans.
3187 4828 3713 4900 simileurseeundum

2156 4894 2504 4954 substantiam
2537 4901 2708 4954 dicere
2741 4894 2940 4952 Filium
2976 4900 3155 4959 Patri,
3187 4902 3233 4945 et
3261 4908 3364 4944 non
3385 4894 3707 4946 simillimum

2155 4973 2395 5041 proﬁteri
2422 4973 2585 5040 juxta
2623 4972 2849 5024 rationes
2888 4972 3155 5038 unigenito
3193 4967 3331 5041 Filio
3370 4967 3713 5041 convenientes

2156 5036 2223 5095 ad
2254 5036 2475 5094 'l’atreiu
2503 5043 2591 5110 qui
2619 5043 2730 5094 sine
2758 5036 3001 5109 passione
3024 5041 3218 5109 genuit.
3251 5036 3382 5103 Quae
3412 5038 3456 5090 si
3493 5037 3580 5110 cui
3611 5036 3712 5087 for-

2158 5123 2304 5166 tasse
2329 5107 2559 5167 obscura
2583 5127 2703 5165 esse
2726 5107 3072 5173 videbuntur,
3097 5110 3142 5162 is
3165 5111 3302 5176 legat
3324 5107 3711 5174 expositionem

2158 5183 2278 5236 ﬁdei
2318 5182 2589 5244 Ευιιυιιιὶἰ,
2617 5198 2780 5248 quam
2814 5196 2984 5249 nuper
3010 5180 3149 5233 edidi
3178 5179 3230 5230 in
3262 5177 3712 5249 Annotationibus

2157 5255 2251 5324 ad,
2278 5253 2481 5324 librum;
2523 5268 2554 5324 v
2617 5245 3274 5324 Historia:eeclesiastica:
3319 5245 3564 5324 Socratis
3600 5261 3709 5324 pag.

2154 5323 2280 5384 274,
2312 5331 2414 5377 etc.
2451 5321 2553 5375 Sed
2580 5322 2743 5375 verba
2767 5322 2881 5389 ipsa
2908 5320 3157 5373 Eunomii
3189 5326 3407 5389 przes_tat
3438 5317 3526 5371 hic
3552 5317 3712 5370 asoti-

2159 5393 2306 5454 bere,
2334 5401 2493 5463 prout
2521 5392 2610 5445 illa
2637 5387 2968 5457 interpretati
2997 5403 3222 5452 sumus;
3249 5387 3444 5457 quippe
3466 5403 3589 5456 qua:
3613 5399 3708 5438 non

1949 5531 2273 5574 VARIORUM
2286 5561 2298 5572 .

563 5640 640 5708 (a)
686 5639 970 5706 Ὀμογγίῳ
1015 5638 1230 5704 λύθρῳ.
1279 5636 1434 5688 Caede
1484 5636 1691 5690 scilicet
1735 5634 2056 5708 Constantii,

493 5705 768 5771 Dalmatii,
793 5719 846 5762 et
869 5709 1232 5769 Annibaliaui,
1261 5713 1578 5774 pati-uorum
1606 5715 1660 5759 ct
1686 5705 2012 5774 patruelium
2044 5725 2056 5757 :

492 5782 762 5850 prmcipue
791 5795 918 5832 vero
950 5778 1086 5831 Galli
1123 5776 1354 5850 Caesaris
1375 5795 1393 5850 ;_
1418 5778 1483 5850 de
1525 5776 1842 5850 cuius__nece
1882 5775 2056 5850 paeni-

494 5845 694 5905 trntcm
723 5849 1095 5902 Constantium
1140 5847 1340 5900 inducit
1371 5845 1639 5908 Julianus,
1675 5845 1841 5911 Epist.
1881 5846 1948 5896 ad
1981 5861 2059 5897 sc-

2167 5647 2345 5686 uatum
2372 5633 2719 5700 populumque
2750 5631 2933 5684 Athan.
2953 5647 2970 5682 .'
2988 5628 3265 5700 'Arratt6iav
3290 5643 3345 5678 τε
3369 5623 3618 5700 ἐντεῦθεν
3637 5637 3710 5700 νο·

2167 5705 2312 5774 μίξει
2341 5693 2643 5772 δυστυχεῖν,
2663 5702 2734 5755 τά
2754 5718 2813 5754 τε
2845 5702 3044 5774 ἐςμτοὺς
3067 5697 3358 5774 ’πολεμίους
3383 5695 3596 5765 Πέρσας
3628 5693 3712 5744 οὐκ

2165 5767 2403 5845 εὐτυχῶς
2439 5767 2694 5844 πράττειν
2729 5774 2791 5825 ἐκ
2821 5771 3020 5825 τούτων
3057 5767 3440 5844 ὑπολαμϐάνει.
