3828 6304
146 413 258 468 533

1163 416 1720 478 ECCLESIASTICE
1764 419 2110 478 HISTORIAS
2152 421 2280 478 LIB.
2325 423 2410 476 Vl.
3288 427 3404 482 5.1.!-

143 525 266 577 σίαν
293 523 360 577 οὗ
399 525 684 596 προσίετο·
715 529 826 582 ἴσον
859 530 937 592 εἰς
975 530 1322 606 βλασφημίαν
1359 535 1540 604 λέγων
1572 532 1726 602 εἶναι,

1837 538 2024 592 habuit
2056 537 2434 604 concionibus,
2463 551 2741 606 nunquam
2772 536 3146 606 deprehensus
3174 547 3258 593 est
3284 537 3402 594 dis-

139 617 324 685 ὅμοιον
349 619 472 670 κατ’
496 619 684 672 οὐσίαν
709 618 884 689 λέγειν
913 621 992 694 τῷ
1017 624 1191 697 Πατρὶ
1229 626 1322 680 τὸν
1351 628 1498 691 Υίδν,
1523 631 1619 684 καὶ

137 708 461 772 ὁμοιότατον
509 712 722 780 φρονεῖν
771 712 914 766 κατὰ
962 713 1088 778 τοὺς
1135 722 1412 786 μονογενεί
1441 719 1560 790 Θεῷ
1593 722 1726 792 πρὸς

137 795 232 846 τὸν
260 796 492 858 ἀπαθῶς
542 801 906 872 γεγεννηκότα
939 803 1159 876 Πατέρα
1203 809 1576 879 προσήκοντας
1614 812 1726 881 (55)

141 885 354 952 λόγους.
388 887 462 938 Οὐ
494 887 651 957 μόνον
677 889 733 941 δὲ
764 890 853 944 τὸν
879 890 1080 962 κλῆρον
1119 892 1262 946 οὕτω
1295 895 1564 966 διέθηκεν,
1593 897 1731 950 ἀλλὰ

139 976 236 1028 καὶ
277 975 564 1048 πάνδημον
594 978 721 1048 ὃλην
755 979 1098 1052 Ἐκκλησίαν,
1137 983 1204 1037 τὰ
1244 985 1382 1040 αὐτὰ
1407 987 1725 1058 διαλεχθεὶς.

141 1069 224 1130 εἰς
251 1067 402 1136 μέγα
431 1069 526 1122 καὶ
562 1069 732 1137 γλυκὺ
772 1069 956 1142 θαῦμα
987 1074 1082 1127 καὶ
1109 1075 1300 1144 σοφίας
1330 1078 1423 1131 καὶ
1448 1079 1728 1144 εὐσεϐείας

139 1155 456 1212 είλκύσατο.
493 1159 581 1226 Ἐξ
622 1153 682 1212 οὗ
716 1163 812 1214 καὶ
851 1162 942 1215 τδν
983 1165 1230 1232 Εὐδόξιον
1280 1168 1728 1240 ὑπεραγασθὲντα

140 1247 481 1318 ἀναϐοῆσαι,
520 1251 584 1302 Ἦ
635 1252 742 1324 ἐμὴ
795 1253 1060 1323 ἀπολογία
1105 1259 1217 1322 τοῖς
1265 1258 1366 1329 ἐμὲ
1411 1259 1730 1332 ἀνακρίνου-

141 1356 226 1391 σιν
243 1339 362 1410 (56)
389 1339 526 1412 αὕτη
557 1343 734 1398 ἐστίν·
773 1343 866 1398 καὶ
914 1345 1104 1416 κρότον
1143 1349 1362 1422 ἀγεῖραι
1397 1349 1478 1422 τῷ
1511 1351 1726 1423 πλήθει,
1763 1386 1768 1391 -

137 1431 212 1494 ὡς
241 1428 304 1485 εὖ
339 1433 437 1486 καὶ
472 1433 612 1488 κατὰ
637 1435 822 1508 καιρὸν
848 1436 946 1508 τὴν
995 1438 1144 1510 ίεράν
1172 1440 1482 1506 ἀνειπόντος
1511 1442 1726 1515 χρῆσιν.

1835 630 2064 686 similem
2100 629 2244 685 Patri
2273 630 2470 684 Filium
2521 643 2798 693 asserere,
2835 628 2946 684 imo
2988 643 3118 684 vero
3162 627 3398 684 similem

1835 722 2132 776 secundum
2157 720 2491 791 Scripturas,
2517 723 2814 792 praedicare
2839 739 2898 778 se
2923 721 3094 776 libere
3118 720 3401 790 professus

1834 823 1935 867 est.
1973 812 2222 870 Similem.
2251 815 2468 884 quidem
2501 817 2800 884 secundum
2834 814 3192 872 substantiam
3221 812 3402 868 neuti-

1835 921 1999 974 quam
2033 907 2348 962 admittebat
2386 925 2400 960 :
2431 906 2674 975 ejusdem
2707 907 3002 977 impietatis
3031 921 3152 960 esse
3187 905 3398 967 dicens,

1836 996 2066 1051 similem
2091 996 2389 1052 secundum
2413 998 2772 1054 substantiam
2803 1001 2984 1056 dicere
3009 997 3208 1052 Filium
3229 995 3398 1059 Patri,

1833 1095 1892 1141 et
1909 1101 2017 1140 non
2057 1087 2394 1142 simillimum
2437 1089 2682 1158 proﬁteri
2713 1091 2866 1158 juxta
2921 1088 3162 1144 rationes
3209 1085 3400 1156 unige-

1833 1177 1950 1232 nito
1988 1176 2128 1233 Filio
2173 1179 2560 1236 convenientes
2602 1180 2670 1234 ad
2715 1180 2928 1236 Patrem
2965 1180 3060 1250 qui
3109 1178 3228 1234 sine
3271 1191 3400 1246 pas-

1833 1269 1988 1324 sione
2013 1270 2220 1340 genuit.
2253 1269 2441 1342 Neque
2469 1285 2597 1326 vsro
2631 1272 2838 1328 clerum
2875 1273 3138 1326 duntaxat
3167 1269 3240 1323 ita
3269 1266 3400 1322 alle-

1833 1359 1939 1426 cit,
1989 1376 2180 1438 verum
2219 1362 2382 1440 etiam
2436 1363 2751 1418 universum
2811 1362 3068 1418 Ecclesia:
3111 1358 3395 1431 populum.

1835 1465 1959 1504 cum
2026 1451 2140 1506 haec
2179 1452 2556 1518 disseruisset,
2599 1453 2806 1523 ingenti
2863 1451 3226 1508 admiratione
3282 1456 3397 1502 tum

142 1526 467 1618 sapientiae,
513 1537 629 1586 tum
663 1531 881 1600 pietatis
915 1549 1027 1588 sua:
1077 1535 1328 1604 perculit.
1372 1536 1738 1602 Quamobrem
1783 1541 2063 1602 Eudoxius
2113 1563 2280 1618 supra
2329 1548 2552 1604 modum
2593 1548 2814 1618 gavisus
2874 1546 3196 1602 exclamavit
3243 1561 3260 1598 :
3297 1540 3404 1596 De-

141 1616 324 1672 fensio
353 1636 474 1675 mea
512 1621 653 1690 apud
685 1637 781 1677 eos
811 1623 902 1691 qui
946 1640 1032 1680 me
1085 1627 1453 1698 interrogant,
1516 1629 1633 1686 haec
1661 1645 1776 1702 est;
1839 1648 1895 1692 et
1933 1616 2482 1710 populus—applausit
2535 1616 2814 1705 Eudoxio,
2859 1641 3006 1710 quod
3053 1639 3192 1694 bene
3235 1643 3399 1703 atque

139 1721 454 1780 opportune
483 1729 652 1768 sacrae
675 1712 967 1784 Scriptura:
993 1719 1155 1772 verba
1183 1722 1611 1789 pronuntiasset.

209 1801 277 1872 β’.
312 1803 440 1856 Ὀτι
484 1805 512 1854 ὁ
545 1803 808 1875 δυσσεϐὴς
843 1802 997 1870 οὗτος
1025 1808 1290 1880 Εὐνόμιον
1332 1811 1422 1864 τὸν
1467 1815 1726 1885 υεοστυγῆ

1907 1811 1960 1864 2.
1993 1810 2241 1866 Eunomii
2279 1813 2342 1866 de
2381 1813 2521 1867 Filio
2555 1815 2718 1883 impia
2745 1814 2910 1868 dicta.
2955 1843 3026 1856 --
3062 1813 3151 1868 Ait
3198 1814 3406 1886 impius

137 1893 258 1945 κατ’
289 1893 597 1965 ἐπιτροπὴν
637 1894 886 1962 Εὐδοξίου
911 1897 1289 1969 δημηγορῆσαι
1317 1902 1394 1972 τῷ
1427 1904 1620 1975 πλήθει
1645 1906 1732 1958 λέ-

135 2001 244 2052 γει,
291 1985 398 2054 τῆς
439 1985 549 2038 τῶν
595 1985 932 2054 θεοφανείων
969 1989 1162 2059 ἑορτῆς
1204 1992 1578 2065 ἐνισταμένης,
1613 1993 1732 2072 ὲνῇ

133 2075 195 2128 τὸ
249 2075 520 2140 δυσσεϐὲς
555 2077 733 2132 αὐτῶν
775 2080 868 2132 καὶ
917 2080 1073 2134 ἄθεον
1115 2083 1346 2152 μάλιστα
1387 2089 1732 2158 ἀπογυμνοῦ-

132 2181 246 2218 rat.
273 2165 386 2216 Τόν
403 2182 462 2218 τε
487 2165 596 2236 γὰρ
625 2168 822 2238 Ἰωσὴφ
852 2169 902 2221 oi
929 2169 1246 2240 κατάρατοι,
1273 2172 1409 2241 μετὰ
1436 2173 1534 2242 τὴν
1559 2175 1734 2245 ἄφρα-

135 2272 261 2307 στον
281 2258 604 2326 κυοφορίαν,
635 2258 922 2313 συνάπτειν
943 2261 1003 2312 οὗ
1025 2262 1323 2332 πεφρίκασι
1347 2267 1412 2334 τῇ
1451 2265 1729 2336 Παρθένῳ,

134 2347 230 2400 καὶ
277 2347 378 2400 τὸν
420 2347 548 2402 Υἱὸν
595 2349 973 2420 ἀναιδέστερον
1017 2351 1110 2405 τοῦ
1165 2353 1376 2424 lla-cpe;
1413 2353 1597 2408 δοῦλον
1638 2357 1732 2410 καὶ

135 2438 450 2510 ὑπηρέτην,
480 2440 574 2492 καὶ
607 2439 669 2511 δὴ
700 2440 792 2494 καὶ
834 2441 894 2494 τὸ
935 2441 1157 2512 Πνεῦμα
1189 2444 1284 2497 τοῦ
1316 2444 1466 2508 Υῐοῦ,
1503 2447 1731 2520 φοϐερὸν

133 2528 289 2580 οὐδὲν
347 2527 576 2598 ἡγοῦντο
622 2529 800 2599 λέγειν
832 2531 963 2602 (37).
1015 2533 1167 2587 Ἔστι
1214 2534 1268 2587 δὲ
1325 2536 1418 2588 καὶ⁴
1469 2537 1648 2600 αὐτοῖς
1699 2541 1729 2609 ἡ

137 2619 346 2688 φράσις
372 2622 430 2672 ὲν
458 2621 665 2685 τούτοις
695 2623 1074 2695 πανηγυρικῆς
1113 2624 1332 2697 χάριτος
1359 2627 1730 2700 ἀπηλλοτριω-

139 2711 301 2782 μένη.
339 2712 578 2783 ἀσαφείᾳ
603 2714 660 2768 δὲ
695 2717 788 2768 καὶ
815 2717 1214 2788 περιττολογίᾳ,
1255 2720 1349 2772 καὶ
1375 2720 1638 2791 ῥημάτων
1669 2722 1730 2774 οὐ

135 2801 403 2872 καθαρῶν
435 2808 778 2875 παραχρήσει
807 2808 886 2869 είς
921 2807 980 2859 τὸ
1011 2807 1407 2879 ἀτερπέστατον
1434 2810 1528 2864 καὶ
1561 2828 1730 2864 κατα-

133 2893 410 2961 γέλαστον
453 2895 546 2947 καὶ
594 2899 994 2967 τεταραγμένον
1040 2895 1178 2963 εἶδος
1228 2901 1596 2973 ἀνοιδουμένη,
1640 2905 1732 2957 καὶ

134 2985 230 3036 τὸν
259 2985 368 3056 τῆς
404 2985 584 3056 ψυχῆς
629 2989 824 3058 γνόφον
867 2991 962 3043 καὶ
1013 2991 1171 3046 σάλον
1211 2994 1304 3046 καὶ
1345 2994 1406 3047 τὸ
1446 2994 1732 3059 θεοϐλαϐὲς

1835 1901 2252 1972 Philostorgius,
2289 1901 2398 1958 Deo
2433 1903 2668 1958 invisum
2705 1902 3035 1958 Eunomium
3068 1903 3394 1968 festoTheo~

1833 1998 2156 2068 phaniarum
2228 1993 2349 2060 die,
2377 1994 2536 2063 jussu
2567 1994 2820 2056 Eudoxii,
2856 2009 3166 2049 sermonem
3201 1995 3268 2050 ad
3301 2011 3412 2065 μοι

1834 2087 2019 2156 pulum
2075 2086 2364 2152 habuisse,
2414 2086 2470 2139 in
2519 2099 2629 2155 quo
2686 2086 2851 2154 impia
2901 2100 3091 2139 eorum
3147 2086 3398 2141 doctrina

1833 2177 2174 2246 apertissime
2189 2177 2398 2232 detecta
2421 2185 2524 2232 est.
2548 2175 2684 2230 Nam
2701 2185 2755 2232 et
2773 2175 3072 2247 Josephum
3095 2177 3398 2234 detestandi

1835 2267 1930 2339 illi,
1965 2275 2088 2337 post
2129 2267 2455 2322 inelfabilem
2487 2277 2700 2332 partum
2741 2269 2974 2322 coivisse
3018 2283 3140 2322 cum
3177 2267 3397 2339 Virgine

1833 2337 1951 2415 ξιυεί
1984 2368 2113 2414 sunt
2151 2360 2349 2426 dicere,
2383 2368 2437 2414 et
2467 2361 2640 2415 multo
2679 2360 2859 2415 adhuc
2887 2337 3397 2428 impudentius,th

1834 2451 1962 2504 lium
2001 2449 2178 2506 Patris
2223 2467 2440 2505 servum
2489 2467 2553 2506 ac
2591 2452 2926 2511 ministrum,
2963 2450 3222 2520 Spiritum
3265 2452 3394 2506 item

1833 2541 1977 2604 Filii,
2005 2541 2362 2612 pronuntiare
2397 2557 2502 2596 non
2537 2541 2876 2596 dubitarunt.
2905 2540 3077 2596 Porro
3107 2557 3278 2612 genus
3309 2544 3396 2596 di-

1831 2637 1984 2689 cendi
2006 2649 2114 2704 quo
2147 2635 2222 2688 illi
2246 2643 2378 2690 tunc
2401 2634 2484 2688 usi
2519 2643 2666 2698 sunt,
2697 2649 2726 2687 a
2755 2635 3078 2706 panegyrica
3112 2643 3396 2690 venustate

1833 2729 2068 2782 alienum
2099 2725 2222 2792 fuit,
2253 2735 2307 2780 et
2337 2726 2670 2782 obscuritate
2699 2741 2762 2779 ac
2797 2726 3170 2794 superﬂuitate
3201 2727 3397 2782 verbo-

1833 2835 1974 2882 rum,
2004 2826 2058 2872 et
2084 2818 2475 2872 vocabulorum
2511 2818 2848 2884 impurorum
2878 2832 2980 2871 usu
3009 2818 3300 2882 tumidum,
3327 2818 3396 2875 ad

1831 2909 2100 2978 ingratum
2147 2923 2212 2962 ac
2253 2907 2546 2963 ridiculum
2587 2917 2641 2962 et
2683 2905 2972 2962 confusum
3022 2909 3396 2964 characterem

1831 3001 2140 3069 pertinens,
2189 3002 2387 3057 mentis
2436 3016 2622 3056 eorum
2674 2999 2962 3070 caliginem
3011 3014 3076 3054 ac
3107 2987 3398 3069 perturba-

137 3075 388 3130 ὲνδεικνυ
397 3079 530 3149 μένη
541 3120 552 3131 .
763 3127 772 3140 ,

1836 3093 2050 3158 tionem,
2083 3093 2452 3162 inﬂictamque
2480 3093 2616 3162 ipsis
2642 3107 2672 3144 a
2717 3090 2827 3145 Deo
2853 3105 3071 3159 poenam
3109 3089 3400 3160 perspicue

207 3257 420 3324 γ’.“’οτι
440 3257 576 3326 μετά
591 3257 716 3321 τοὺς
740 3257 965 3322 πολλοὺς
983 3259 1238 3324 ἐπαίνους
1260 3261 1544 3333 Εὐνομίου,
1562 3263 1622 3316 οὐ
1647 3263 1726 3334 μό-

1836 3183 2268 3325 ὐϐἓῗῗίίιῗόπὶιιε
2302 3279 2349 3324 et
2387 3268 2677 3322 Eunomius
2700 3267 2974 3322 dissident.
3004 3297 3074 3308 —-
3119 3267 3400 3324 Eudoxius

137 3365 230 3403 νῦν
260 3349 420 3402 οὐδὲν
458 3345 530 3402 ὧν
563 3350 826 3420 ὑπέσχετο
864 3351 1105 3424 διενοήθη
1147 3355 1421 3426 περαίνειν
1467 3355 1726 3422 Εὐδόξιος1

1836 3371 1956 3430 post
1983 3359 2185 3416 multas
2227 3361 2414 3416 laudes
2447 3361 2502 3415 in
2549 3360 2878 3416 Eunomium
2933 3367 3255 3430 congestas,
3289 3375 3400 3418 non

139 3441 280 3494 ἀλλὰ
311 3443 563 3494 κάκεῖνον
580 3443 851 3514 ἐπεχείρει
874 3445 1099 3512 πείθειν,
1124 3447 1310 3520 Γραφῇ
1333 3450 1430 3521 τήν
1457 3466 1516 3502 τε
1542 3448 1726 3503 καθαί-

1838 3452 2001 3506 modo
2027 3452 2162 3506 nihil
2191 3468 2380 3507 eorum
2403 3468 2523 3522 quae
2551 3451 2894 3522 promiserat,
2923 3451 3180 3522 perlicere
3203 3450 3259 3504 in
3281 3451 3402 3506 ani-

145 3549 299 3604 ρεσιν
340 3533 566 3596 Ἀετίου,
591 3537 683 3587 καὶ
703 3535 800 3608 τὴν
825 3537 881 3589 ὲν
917 3538 1192 3610 Ἀριμήνῳ
1221 3539 1433 3594 ἔκθεσιν
1460 3542 1726 3613 ὐποσημή-

1841 3558 1986 3597 muni
2015 3541 2248 3608 induxit,
2283 3543 2391 3596 imo
2416 3557 2545 3598 vero
2573 3543 2902 3612 persuadere
2929 3541 3006 3596 illi
3033 3547 3265 3597 conatus
3293 3548 3398 3606 est,

142 3625 371 3690 νασοαι,
406 3627 486 3689 εἰς
517 3626 578 3680 τὸ
607 3627 704 3698 τῆς
733 3629 1042 3700 οἰκονομίας
1073 3629 1367 3704 πρόσχημα
1404 3632 1515 3704 (58)
1561 3634 1620 3687 τὸ
1657 3634 1726 3687 ἔκι

1843 3643 1902 3689 ut
1927 3633 2252 3704 depositioni
2279 3634 2443 3699 Aetii,
2473 3645 2527 3690 et
2545 3633 2910 3689 Ariminensis
2931 3633 3056 3688 ﬁdei
3075 3631 3402 3702 expositioni

1385 3805 1627 3849 VALESII
1669 3807 1704 3849 Α
1712 3806 1750 3849 Ν
1757 3805 2146 3851 NOTATIONES
2159 3835 2170 3850 ι

147 3932 490 3988 mediocrem
525 3930 697 3983 lucem
730 3929 960 3984 allatura
988 3931 1095 3984 sint
1128 3930 1254 3984 huic
1283 3933 1419 3985 loco.
1457 3931 1609 3985 llunc
1635 3931 1727 3984 Fi-

147 4007 283 4057 lium
321 4000 418 4053 Dei
449 4009 496 4052 et
525 3999 851 4068 unigenitum
883 3998 1046 4052 Deum
1074 4003 1429 4067 agnoscimus;
1458 4001 1626 4054 solum
1655 4004 1725 4054 si-

149 4074 334 4126 milem
360 4069 518 4123 Patri
545 4071 606 4122 ob
628 4071 950 4137 praecipuam
967 4069 1364 4140 similitudinem
1383 4081 1432 4125 et
1455 4073 1725 4140 propriam

149 4161 214 4194 ar.
241 4143 566 4210 peculiarem
596 4139 1052 4210 signiﬁcationem,
1079 4157 1177 4192 non
1203 4151 1258 4193 ut
1289 4139 1506 4210 Patrem
1535 4143 1723 4202 Patri;

149 4209 324 4280 neque
351 4213 492 4263 enim
517 4209 620 4262 duo
655 4219 779 4264 sunt
815 4209 1006 4280 Patrei
1035 4221 1048 4257 :
1080 4223 1182 4264 non
1213 4223 1266 4263 ut
1303 4209 1507 4263 Filium
1541 4211 1680 4264 Filio
1707 4229 1723 4265 :

149 4278 346 4350 quippe
375 4297 494 4333 cum
535 4295 638 4332 non
667 4282 772 4332 sint
805 4280 910 4332 duo
960 4278 1122 4341 Filii;
1160 4297 1320 4348 neque
1346 4291 1401 4332 ut
1437 4282 1724 4349 ingenitum

151 4353 392 4421 ingenito
418 4367 434 4403 :
453 4367 590 4403 unus
611 4351 752 4421 enim
775 4351 1037 4420 ingenitus
1058 4359 1156 4412 est,
1177 4350 1313 4421 Deus
1333 4351 1531 4404 scilicet
1558 4353 1726 4404 omni-

151 4419 366 4490 potens.
401 4431 448 4490 et
479 4437 615 4473 intus
649 4419 848 4490 Ij'ilius,
881 4421 1176 4488 unigenitus
1205 4419 1440 4474 scilicet:
1464 4421 1554 4474 sed
1577 4424 1726 4474 simi-

156 4489 282 4553 tem,
311 4501 370 4544 ut
405 4489 606 4542 Filium
649 4489 822 4552 Patri,
860 4491 1046 4558 quippe
1077 4491 1166 4560 qui
1198 4491 1372 4559 imago
1401 4492 1467 4542 sit
1499 4501 1546 4544 et
1581 4493 1728 4560 sigil-

1833 3934 2052 4004 λέγειν.
2087 3933 2284 4004 Veram
2309 3933 2472 4002 hujus
2507 3935 2609 3989 loci
2646 3937 3078 3995 emendationem
3121 3939 3278 3992 nobis
3317 3939 3432 3994 in-..

1835 4003 2034 4079 dicavit
2066 4003 2242 4079 codei
2269 4003 2540 4079 nguelis
2562 4004 2842 4079 _l_i_oc_harti,
2875 4009 2930 4062 in
2959 4025 3067 4079 quo
3096 4010 3166 4062 ita
3201 4009 3401 4064 scribi-

1834 4084 1922 4150 tur
1952 4093 1964 4128 :
1989 4075 2097 4150 Ka}
2113 4075 2176 4150 τδ
2197 4073 2421 4150 Πνεῦμα
2441 4073 2533 4126 τοῦ
2562 4074 2709 4135 Υἰοῦ,
2736 4073 3146 4150 φοϐερδνὀὺδὲν
3166 4079 3398 4150 ἡγοῦντο
3425 4124 3430 4130 .

1832 4145 2033 4213 λέγειν.
2056 4143 2290 4213 Optime.
2317 4145 2359 4198 si
2387 4159 2571 4198 vocem
2592 4143 2758 4200 unam
2775 4143 3044 4203 addideris
3069 4149 3170 4203 hoc
3187 4143 3351 4204 inodo
3379 4167 3392 4202 :

1833 4217 1942 4290 Καὶ
1959 4215 2018 4267 τὸ
2043 4213 2264 4290 ῌνεῦμα
2280 4213 2439 4290 ἔργον
2459 4213 2557 4290 τοῦ
2575 4215 2723 4290 ἴξίοῦ,
2752 4216 2977 4288 φοϐερὸν
2999 4219 3148 4290 οὐδὲν
3175 4219 3404 4290 ἡγοῦντο
3433 4265 3438 4270 .

1831 4285 2029 4358 λέγειν,
2071 4284 2122 4338 id
2155 4283 2272 4346 est,
2307 4283 2408 4338 Sed
2437 4295 2501 4358 et!
2519 4283 2778 4358 Spiritum
2812 4283 3053 4342 sanctum
3103 4283 3234 4344 Filii
3265 4307 3394 4358 opus

1833 4357 2005 4408 dicere
2047 4371 2374 4425 nequaquam
2419 4355 2848 4422 reformidarunt.
2895 4359 3052 4414 Certe
3086 4361 3185 4414 hoc
3223 4355 3391 4415 fuisse

1832 4426 2024 4497 dogma
2057 4425 2304 4497 Euno_mii
2340 4425 2496 4497 docet
2524 4425 2763 4497 ejusdem
2795 4431 3061 4497 expositio
3097 4429 3206 4496 jam
3239 4445 3268 4482 a
3299 4445 3392 4483 no-

1835 4493 1926 4566 bis
1963 4496 2161 4566 citata.
2197 4493 2299 4566 Sed
2349 4495 2480 4566 nihil
2533 4496 2837 4550 addendum
2865 4493 2985 4552 est.
3017 4493 3390 4566 Supplendum

153 4567 268 4614 tum
294 4561 487 4636 _omnis
515 4560 834 4628 operationis
864 4575 926 4611 ac
963 4559 1173 4612 uirtutis
1215 4569 1467 4636 paternis,
1498 4562 1728 4636 sigillum
1765 4565 1804 4618 D
1833 4565 2096 4636 duntaxat
2143 4564 2270 4636 dure
2297 4564 2474 4636 κοινοῦ
2527 4567 2848 4620 vocabulum
2903 4569 3048 4635 quod
3097 4559 3396 4636 pi'aecessit,

155 4633 398 4684 onznium
428 4645 638 4698 operum
667 4647 728 4681 ac
752 4645 1048 4682 sermonum
1080 4638 1127 4681 et
1154 4630 1494 4683 consiliorum
1523 4631 1726 4686 Putris.

231 4703 351 4766 (35}
389 4700 838 4768 Προσήκοντας.
877 4699 932 4751 ln
980 4700 1217 4753 editione
1245 4699 1544 4754 Geuevensi
1587 4719 1614 4753 a
1664 4701 1730 4753 li-

157 4771 384 4832 Ιιτὲηὶἱε,
415 4783 470 4824 ιιι
497 4770 709 4837 Opinor,
734 4769 934 4822 omissa
958 4779 1075 4822 erat
1099 4785 1200 4821 vox
1221 4769 1609 4838 Iri-{ouantium
1635 4786 1734 4825 nos

155 4859 221 4922 ex
263 4841 659 4910 inanuscriptis
692 4839 1092 4908 exemplaribus
1143 4843 1344 4894 nostris
1391 4841 1478 4894 hic
1517 4841 1734 4910 supple-

153 4927 364 4965 γιιηυε.

231 4981 350 5048 (56)
399 4979 526 5046 Τοῖς
576 4979 682 5048 ἐμὲ
733 4980 1187 5048 ἀποκρίνουσιν.
1249 4977 1604 5035 Scribendum
1654 4990 1737 5036 est

154 5051 557 5122 ἀνακρίνουσιν
577 5091 590 5110 ,
622 5059 683 5122 ιιι
707 5051 902 5122 iugitur
931 5052 984 5104 in
1017 5049 1389 5122 m_antts_cript0
1416 5049 1734 5122 codiccﬂsar-

157 5119 366 5174 mue-lis
397 5120 677 5190 Bocltarti.
707 5121 880 5174 Verba
907 5129 1032 5174 sunt
1062 5119 1212 5172 Pauli
1245 5121 1475 5190 apostoli
1510 5136 1574 5174 cx
1605 5121 1733 5190 Epi—

159 5192 306 5244 stula
333 5193 510 5259 prima
542 5190 608 5242 ad
638 5189 953 5244 Corinthios
980 5205 1099 5259 cap.
1128 5206 1205 5252 1x,
1235 5189 1434 5258 quibus
1459 5206 1592 5244 usus
1620 5189 1736 5245 erat

161 5260 452 5314 l-ludoxins
475 5261 1108 5329 Constantinopolitanus
1131 5259 1438 5328 episcopus,
1461 5276 1584 5315 cum
1614 5275 1736 5328 apo-

161 5331 366 5399 logiam
416 5329 668 5383 Eunomii
705 5331 758 5384 in
797 5331 1026 5385 ecclesia
1067 5331 1348 5384 audiissct.
1379 5331 1498 5394 Quo
1527 5331 1732 5392 audito,

159 5401 462 5455 universus
493 5401 726 5469 populus
760 5401 852 5468 qui
891 5401 1114 5463 aderat,
1159 5399 1423 5468 plaudens
1465 5402 1734 5455 acclama-

163 5471 266 5534 rit,
296 5471 436 5524 bene
461 5481 514 5523 et
537 5476 825 5525 commode
851 5470 1056 5524 dictum
1091 5471 1222 5524 illud
1264 5472 1508 5538 Apostoli
1539 5472 1608 5524 ab
1634 5469 1738 5524 Eu-

159 5540 332 5592 doxio
369 5541 644 5608 prolatum
687 5555 808 5595 esse
859 5541 1193 5610 signiﬁcans.
1240 5539 1332 5594 Sic
1378 5542 1523 5594 enim
1571 5541 1736 5594 inter-

163 5612 431 5682 pretanda
489 5621 631 5682 sunt_
675 5611 835 5664 verba
890 5611 980 5664 illa
1013 5611 1391 5682 Philostorgii,
1441 5611 1738 5682 τὴνγίερὰν

161 5680 486 5743 ἀνειπόντος
531 5679 750 5750 χρῆσιν,
791 5681 1246 5750 quemadmodum
1299 5679 1737 5750 Lucas'llome-

168 5750 298 5802 nius
323 5751 388 5801 ad
423 5749 675 5804 latussui
709 5751 913 5806 codicis
947 5750 1256 5810 adnotavit.

243 5819 360 5892 (37)
389 5819 495 5874 Kal
525 5818 590 5873 τὸ
620 5819 861 5888 Πνεῦμα
889 5822 994 5874 τοῦ
1031 5818 1165 5874 Υἱοῦ
1194 5821 1445 5889 φοϐερὸν
1482 5821 1737 5890 ἡγοῦντο

1835 4635 2112 4706 ὑπηρέτην
2137 4637 2229 4688 καὶ
2252 4634 2456 4706 δοῦλον.

1905 4703 2016 4774 (58)
2058 4703 2157 4774 Εἰς
2203 4705 2267 4774 τὸ
2313 4703 2424 4772 τῆς
2472 4706 2814 4772 οἰκονομίας
2863 4707 3202 4774 πρόσχημα.
3247 4703 3416 4764 Hunc.

1835 4773 2014 4828 locum
2049 4773 2411 4844 Gothofryylus
2437 4791 2545 4827 non
2573 4776 2848 4827 intellexit.
2881 4773 3052 4844 Cujus
3079 4773 3401 4842 interpretas-

1837 4848 2036 4898 tionem
2063 4843 2236 4913 Lucas
2269 4841 2579 4897 liolstenius
2611 4846 2662 4896 in
2697 4845 2938 4913 margine
2962 4841 3052 4898 sui
3085 4841 3292 4898 codicis
3326 4849 3401 4908 ita

1834 4913 2161 4966 cinerndavit.
2207 4912 2564 4966 Connivrntire
2602 4916 2758 4966 titulo
2793 4912 3054 4982 nefarium
3087 4919 3318 4982 ipsorum
3350 4924 3424 4970 ειν

1835 4983 2249 5037 inuoluntarium
2281 4983 2478 5051 factum
2507 4983 2746 5052 obtegens
2777 4985 2854 5037 uel
2891 4985 3254 5038 cohonestans.
3293 4983 3400 5040 Ve-

1837 5069 1957 5123 rum
2009 5052 2156 5123 hanc
2193 5052 2688 5121 interpretationem
2737 5055 2966 5121 probate
3006 5070 3111 5108 non
3147 5069 3396 5123 possum.

1835 5122 1969 5176 Nam
2002 5121 2344 5194 conuiveﬁntia
2381 5123 2515 5194 vitio
2549 5125 2682 5194 verti
2719 5125 2891 5194 solet;
2929 5125 3127 5194 quippe
3148 5121 3282 5194 qua:
3311 5139 3401 5184 ar-

1837 5203 2150 5264 gumentum
2192 5193 2263 5264 sit
2304 5193 2660 5264 negligentiae.
2708 5193 2908 5247 Contra
2955 5193 3082 5247 vero
3117 5195 3399 5263 οἰκονομία

1838 5263 2051 5331 semper
2095 5263 2148 5314 in
2195 5263 2352 5316 laude
2381 5263 2620 5330 ponitur,
2653 5272 2707 5318 et
2745 5265 2962 5332 quidem
3007 5264 3128 5332 jure
3175 5265 3399 5332 utet-ito,

1837 5348 1960 5388 cum
1998 5333 2068 5386 sit
2109 5332 2397 5400 conjuncta
2441 5333 2759 5400 prudentiae.
2812 5333 3174 5400 Quamobrem
3216 5333 3400 5392 Philo-

1839 5403 2078 5472 storgius
2106 5402 2181 5454 ait
2208 5405 2311 5475 hoc
2346 5405 2498 5475 loco,
2532 5401 2866 5475 Eudoxium,
2898 5405 2990 5475 qui
3040 5419 3146 5458 non
3186 5406 3402 5458 sincere

1839 5471 2014 5542 neque
2043 5489 2106 5528 ex
2132 5473 2335 5542 animo,
2371 5473 2462 5526 sed
2486 5489 2580 5540 per
2604 5471 2844 5528 fraudem
2873 5471 2938 5529 ac
2970 5475 3397 5532 simulationem.

1837 5541 2198 5598 Ariminensis
2231 5541 2351 5596 ﬁdei
2395 5543 2640 5596 formulae
2689 5553 2744 5597 et
2785 5543 2923 5598 Aetii
2957 5543 3400 5599 condemnationi

1840 5613 2253 5684 subscripserat,
2301 5613 2360 5684 id,
2397 5613 2623 5684 factum,
2658 5615 2970 5683 οἰκονομίας
3005 5613 3184 5682 specie
3211 5623 3401 5682 praste-

1843 5681 2240 5749 xuissefQuod
2273 5683 2488 5752 quidem
2533 5681 2932 5753 Philostorgius
2969 5681 3130 5752 supra
3183 5681 3404 5753 quoque

1823 5753 2048 5808 "notavit
2079 5757 2130 5806 in
2165 5753 2298 5807 libro
2329 5771 2400 5815 Iv,
2449 5754 2550 5806 sub
2579 5755 2758 5812 liuent.
2792 5752 2882 5807 ubi
2916 5755 2981 5807 de
3014 5753 3153 5814 Aetii
3189 5752 3404 5822 deposi-

1845 5825 1988 5881 tione
2020 5825 2286 5898 loquitur:
2314 5824 2384 5878 Οὐ
2415 5824 2520 5878 τῶν
2551 5823 2970 5900 ὀρϐοὸοξούντων
3000 5824 3174 5896 μόνων
3195 5821 3392 5890 ὑποση·
