3828 6302
428 397 538 456 555

1802 409 2284 467 PHILOS‘I‘ORGII

3560 411 3666 470 536

422 509 828 606 subscriberet,
902 514 1326 584 dispensationis
1393 520 1575 591 specie
1641 523 1983 595 illegitimum

2104 523 2290 606 λεσμον
2320 525 2503 588 αὐτοῖς
2545 526 2964 597 καταρυθμίζων
2994 528 3088 600 καὶ
3127 527 3403 598 ἀοέλητον.
3443 528 3558 597 Ἐφ’
3585 521 3665 592 οἷς

420 611 590 670 atque
621 601 1047 660 involuntarium
1077 605 1292 665 facinus
1335 610 1416 666 eis
1452 627 1743 670 excusans.
1774 615 1986 682 Quibus

422 690 729 750 Eunomius
772 697 1011 766 graviter
1058 711 1386 768 commotus,
1434 715 1689 761 neutrum
1728 717 1986 777 praestare

421 781 612 847 voluit,
647 783 741 838 sed
768 793 822 840 et
847 785 1104 858 Cyzicum
1138 791 1242 861 ipsi
1286 793 1526 861 dimisit,
1559 797 1738 866 primo
1767 799 1985 869 quidem

422 871 626 936 verbis,
650 884 836 943 postea
863 892 994 933 vero
1018 881 1182 935 etiam
1206 898 1301 952 per
1330 885 1558 952 litteras,
1581 897 1636 943 et
1662 891 1728 944 ad
1755 891 1985 960 patriam

422 973 579 1018 Suam
611 961 1012 1034 Cappadociam
1044 987 1102 1026 se
1135 975 1356 1044 recepit.

492 1054 550 1108 4.
579 1053 805 1111 Aeacius
832 1056 1152 1117 Eunomium
1183 1066 1495 1121 insectatur.
1527 1099 1598 1108 —
1625 1069 1859 1126 Aeacius
1893 1070 1990 1126 ad-

422 1161 616 1202 versus
662 1148 992 1209 Eunomium
1027 1166 1362 1223 commotus,
1410 1175 1475 1214 eo
1520 1161 1666 1230 quod
1702 1161 1990 1232 episcopus

422 1235 606 1308 Cyzici
638 1243 966 1302 constitutus
994 1245 1211 1314 fuisset,
1239 1249 1548 1307 Eudoxium
1579 1268 1794 1324 quoque
1825 1255 1989 1310 simul

424 1345 548 1383 eum
577 1348 646 1388 eo
671 1336 997 1396 criminatus
1019 1349 1124 1408 est,
1153 1345 1298 1412 quod
1325 1343 1530 1414 absque
1559 1347 1835 1400 communi
1865 1362 1993 1401 con-

423 1433 589 1474 sensu
636 1422 967 1494 discipulum
1017 1428 1159 1482 Aetii
1212 1431 1528 1501 episcopum
1570 1434 1988 1490 ordinavisset:

423 1509 603 1565 virum
625 1516 719 1584 qui
743 1515 1142 1574 ferventissimo
1172 1522 1228 1576 in
1252 1523 1500 1579 haeresim
1525 1525 1642 1580 zelo
1673 1527 1988 1596 magistrum

425 1615 586 1658 suum
616 1621 874 1676 superare
899 1613 1271 1679 contenderet,
1301 1622 1621 1686 tantumque
1650 1617 1875 1687 perfecit
1901 1634 1992 1674 ca-

423 1690 673 1760 lumniis,
724 1708 784 1752 ut
829 1699 1184 1758 Constantius
1231 1719 1392 1761 aures
1445 1707 1494 1762 ei
1550 1711 1989 1777 accommodans,

422 1780 756 1842 Eunomium
788 1789 1134 1848 Antiochiam
1179 1807 1451 1852 evocaret.
1488 1797 1590 1865 Qui
1625 1817 1750 1856 cum
1793 1817 1859 1857 eo
1899 1819 1992 1857 ve-

426 1874 618 1939 nisset,
657 1877 823 1947 jussit
859 1897 983 1937 eum
1016 1884 1372 1944 Constantius
1418 1890 1471 1943 in
1511 1892 1756 1962 synodali
1783 1893 1991 1962 judicio
2026 1887 2066 1940 Β
2093 1874 2231 1966 έιοξίτ

425 1967 793 2024 examinatum
828 1987 1047 2028 causam
1079 1977 1280 2032 dicere.
1328 1977 1433 2034 Sed
1461 1997 1584 2035 cum
1630 1983 1871 2054 synodus
1897 2001 1990 2041 ac-

426 2067 733 2114 cusatorem
789 2065 1124 2132 requireret,
1183 2069 1369 2124 nullus
1431 2073 1642 2141 uspiam
1716 2078 1986 2145 apparuit.

423 2145 658 2204 Aeacius
681 2152 825 2206 enim
852 2165 998 2210 metu
1022 2160 1340 2227 perculsus;
1369 2165 1568 2232 quippe
1589 2168 1680 2235 qui
1710 2170 1992 2223 existima-

425 2248 577 2293 verat
607 2241 720 2296 sola
755 2248 897 2312 apud
932 2249 1314 2319 imperatorem
1346 2248 1348 2251 ’
1377 2257 1650 2312 calumnia
1709 2261 1988 2316 inimicum

425 2343 460 2382 ι
492 2344 553 2385 se
588 2333 806 2400 penitus
847 2353 1168 2411 oppressum
1219 2345 1319 2408 iri,
1371 2347 1422 2400 in
1474 2349 1742 2405 altissimo
1775 2352 1992 2407 silentio

424 2425 756 2492 permansit;
788 2444 909 2498 quae
937 2447 1062 2486 cum
1094 2435 1374 2493 didicisset
1417 2439 1801 2504 Constantius,
1851 2444 1993 2499 Aca—

426 2510 574 2564 cium
605 2526 920 2584 suspectum
956 2521 1164 2589 habuit,
1201 2535 1385 2595 utpote
1415 2531 1506 2598 qui
1542 2548 1635 2600 per
1661 2533 1989 2589 simultatem

425 2603 640 2670 potius,
682 2622 847 2676 quam
891 2626 956 2665 ex
999 2629 1210 2669 morum
1266 2621 1536 2687 probitate
1586 2627 1990 2680 accusationem

424 2690 773 2751 instituisset.
805 2699 1054 2770 Eumque
1085 2705 1373 2761 confestim
1418 2711 1481 2764 ad
1518 2711 1802 2766 ecclesiam
1836 2731 1991 2771 suam

424 2788 622 2841 reverti
653 2789 839 2857 jussit,
870 2797 1153 2861 praesentis
1181 2801 1380 2869 negotii
1407 2802 1842 2872 disquisitionem
1879 2823 1992 2862 ma-

420 2873 529 2944 jori
560 2880 768 2947 synodo
797 2898 1099 2941 reservans.

501 2967 553 3024 5.
583 2955 696 3042 (39)
731 2975 1069 3031 Constantius
1091 2979 1368 3035 lulianum
1399 3001 1734 3053 repressum;
1770 2991 1892 3043 obit.
1924 3021 1987 3029 —-

427 3057 556 3116 Haec
573 3064 702 3118 dum
729 3067 1084 3124 Constantius
1106 3073 1289 3126 animo
1305 3076 1560 3140 volveret,
1587 3078 1730 3139 fama
1765 3082 1831 3134 ad
1867 3099 1990 3136 eum

425 3151 700 3221 perfertur
726 3157 792 3211 de
817 3157 1018 3214 Juliani
1052 3163 1363 3221 rebellione.
1401 3166 1595 3222 Statim
1621 3186 1750 3241 ergo
1774 3173 1874 3227 iter
1905 3190 1989 3228 ar-

425 3243 595 3314 ripuit
641 3246 1187 3322 Constantinopolim.
1231 3255 1403 3310 Simul
1454 3235 1720 3328 synodum
1769 3262 1823 3315 in
1862 3263 1994 3318 urbe
2022 3235 2063 3290 ε

423 3333 602 3391 Νίσαια
627 3338 841 3405 indixit,
874 3344 940 3396 ad
967 3346 1387 3401 examinandum
1411 3348 1472 3400 τὸ
1499 3351 1852 3420 ὲτεροούσιον.
1886 3355 1991 3410 Sed

423 3441 550 3482 cum
585 3429 971 3500 Mopsucrenas
1000 3436 1274 3500 venisset,
1311 3442 1502 3494 morbo
1535 3454 1847 3512 correptus,
1892 3445 1993 3498 ibi-

423 3521 657 3590 demque
688 3523 756 3577 ab
781 3523 988 3582 Euzoio
1022 3527 1350 3598 baptizatus,
1385 3533 1669 3602 imperium
1701 3536 1900 3604 pariter
1929 3553 1993 3591 ac

422 3612 613 3681 vitam,
645 3626 697 3670 et
727 3619 964 3689 synodos
989 3621 1056 3674 ad
1083 3621 1462 3678 stabiliendam
1501 3624 1833 3694 impietatem
1855 3671 1869 3692 ,
1901 3628 1992 3681 dc-

423 3705 666 3777 reliquit.

2081 620 2115 670 ’ὁ
2145 616 2407 688 Εὑνύμιος
2435 617 2642 689 βαρέως
2685 618 2930 687 ἐνεγκὼν
2967 620 3245 690 οὐδέτερον
3288 621 3384 690 μὲν
3420 619 3660 688 ὑπέστη·

2089 707 2598 778 προσαπολιμπάνει
2656 711 2700 763 δ’
2729 711 2945 774 αὐτοῖς,
3000 712 3095 764 καὶ
3149 711 3245 781 τὴν
3304 709 3538 774 Κύζικον
3566 711 3665 779 (α),

2091 799 2279 870 πρῶτα
2311 801 2406 869 μὲν
2444 800 2640 869 λόγοις,
2684 794 2798 856 εἷτα
2831 803 2888 854 δὲ
2922 802 3232 874 γράμμασι,
3276 803 3370 856 καὶ
3402 803 3538 874 πρὸς

2090 889 2287 943 ἑαυτοῦ
2319 892 2552 962 πατρίδα
2583 893 2682 963 τὴν
2711 894 3105 947 Καππαδοκίαν
3133 895 3458 962 ἀφικνεῖται.

2158 1087 2220 1142 δ’.
2251 1086 2375 1141 Ὀτι
2419 1089 2536 1140 κατ’
2567 1088 2828 1159 Εύνομίου
2875 1090 3115 1161 κινηθεὶς
3155 1091 3185 1143 ὁ
3225 1090 3469 1153 Ἀκάκιος
3503 1092 3592 1158 ἐφ’
3627 1083 3673 1158 ᾧ

2091 1179 2328 1243 Κυζίκου
2379 1181 2611 1252 κατέστη
2667 1182 2980 1247 ἐπίσκοπος,
3020 1181 3386 1235 συνδιαϐάλλει
3418 1182 3508 1254 καὶ
3549 1184 3672 1245 τοῦς

2093 1272 2219 1344 περὶ
2251 1272 2517 1339 ΕύδόΞιον,
2547 1273 2622 1338 ὼς
2649 1275 2816 1345 χωρὶς
2848 1275 3030 1344 κοινῆς
3057 1272 3280 1343 γνώμης
3303 1274 3392 1326 τὸν
3427 1273 3676 1344 μαθητὴν

2104 1365 2308 1417 Ἀετίου
2344 1367 2854 1437 κεχειροτονηκὸτας
2896 1365 3220 1428 ἐπίσκοπον,
3266 1366 3432 1436 ἄνδρα
3463 1367 3554 1417 τὸν
3594 1367 3672 1418 οἱ-

2093 1457 2236 1506 κεῖον
2259 1455 2575 1508 διδάσκαλον
2601 1455 2709 1509 τῶν
2738 1457 2875 1528 πρὸς
2913 1456 3011 1527 τὴν
3037 1458 3248 1528 αἵρεσιν
3277 1448 3677 1528 ὀξυβρεπεστά-

2091 1561 2199 1596 των
2245 1545 2420 1615 ζήλων
2463 1545 2894 1617 ὑπερϐάλλεσθαι
2923 1547 3034 1619 (40)
3071 1546 3536 1616 φιλονεικήσαντα,
3581 1546 3679 1598 καὶ

2094 1637 2267 1689 πείθει
2294 1640 2412 1701 ταῖς
2437 1638 2710 1702 διαϐολαῖς
2735 1639 2824 1692 τὸν
2859 1639 3253 1701 Κωνστάντιον,
3287 1637 3678 1710 μετάπεμπτον

2095 1730 2152 1782 ἒν
2187 1731 2480 1800 Ἀντιοχείᾳ
2513 1729 2841 1802 ποιήσασθαι
2888 1730 2979 1784 τὶν
3025 1731 3302 1801 Εὐνόμιον.
3343 1728 3452 1782 Καὶ
3494 1745 3677 1797 παρα-

2094 1821 2352 1888 γεγονότα
2377 1823 2454 1884 εἰς
2482 1822 2774 1892 ἀπολογίαν
2811 1821 3021 1874 κελεύει
3061 1821 3394 1889 καταστῆναι
3425 1819 3679 1887 συνοδι-κῇ

2239 1931 2270 1984 ῃ
2305 1912 2770 1984 λογοθετούμενον.
2812 1915 2964 1966 Ἐπεὶ
2992 1913 3048 1966 δὲ
3087 1917 3120 1986 ἡ
3163 1913 3373 1976 σύνοδος
3405 1914 3496 1965 τὸν
3542 1930 3676 1964 κατ-

2092 2005 2287 2074 ήγορον
2338 2004 2538 2075 ἐζήτει,
2577 2008 2607 2057 ὁ
2652 2004 2708 2056 δὲ
2756 2000 2823 2076 ἦν
2887 2005 3119 2076 οὐδαμοῦ
3170 2007 3218 2076 (ὁ
3277 2005 3379 2074 γὰρ
3421 2005 3679 2068 Ἀκὲικιος

2093 2097 2492 2160 ἀποδειλιάσας,
2535 2099 2628 2150 καὶ
2667 2097 2774 2168 γὰρ
2808 2097 3052 2167 ἐνόμιζεν
3093 2100 3156 2150 ἐκ
3203 2097 3367 2167 μόνης
3407 2097 3505 2166 τῆς
3541 2095 3678 2167 πρὸς

2096 2185 2314 2254 βασιλέα
2359 2186 2606 2255 διαϐολῆς
2632 2187 2722 2237 τὸν
2755 2187 2946 2258 ἐχθρὸν
2983 2187 3229 2256 αἱρήσειν
3267 2185 3407 2239 κατὰ
3452 2186 3676 2256 nep-cito;

2094 2272 2174 2340 εἷς
2205 2275 2273 2349 ἦν
2314 2278 2421 2330 τῶν
2466 2280 2545 2340 είς
2584 2281 2643 2331 τὸ
2679 2277 2974 2348 βαθύτατον
3028 2277 3352 2346 σιγώντων),
3388 2277 3468 2329 διὸ
3511 2276 3610 2330 καὶ
3653 2279 3682 2328 ο

2093 2369 2467 2432 Κωνσταντιος
2497 2369 2671 2423 ταῦτα
2707 2369 2913 2439 μαθὼν,
2948 2371 3012 2424 δι’
3039 2371 3286 2433 ὑπονοίας
3314 2387 3372 2420 τε
3403 2369 3494 2422 τὸν
3520 2369 3680 2420 Ἀκα-

2095 2479 2210 2515 κιον
2245 2461 2418 2531 ἔσχεν,
2463 2461 2537 2525 ὡς
2575 2461 3003 2533 ἁπεχϐημοσύνῃ
3033 2463 3229 2532 μᾶλλον
3263 2462 3295 2530 ἢ
3326 2462 3542 2530 τρόπων
3589 2461 3677 2511 εύ-

2095 2553 2284 2624 θύτητι
2310 2553 2406 2622 τὴν
2429 2551 2760 2623 κατηγορίαν
2788 2552 3206 2622 ὲνστησάμενον,
3240 2551 3331 2603 καὶ
3362 2551 3556 2601 (litt-sv
3585 2548 3682 2598 αύ-

2094 2641 2183 2693 τὸν
2219 2643 2298 2703 εἰς
2330 2641 2426 2712 τὴν
2456 2640 2591 2694 ἰδίαν
2637 2641 3036 2711 ὲπαναδραμεῖν
3067 2641 3313 2694 ἐκέλευσε
3365 2637 3676 2707 παροικίαν.

2099 2731 2301 2801 μείζονι
2353 2731 2554 2802 συνόδῳ
2587 2733 2974 2802 ταμιευόμενος
3015 2731 3114 2803 τὴν
3152 2730 3260 2783 τῶν
3304 2730 3682 2800 προκειμένων

2095 2822 2400 2890 διάγνωσιν.

2163 3007 2224 3052 ε’.
2251 3000 2435 3052 Ταῦτα
2463 3000 2519 3052 δὲ
2555 3001 2913 3071 Κωνσταντίῳ
2948 2999 3324 3070 διανοουμένῳ,
3357 3002 3388 3068 ἡ
3421 2997 3516 3049 τοῦ
3552 2998 3684 3049 ’1ου-

2095 3080 2274 3142 λιανοῦ
2313 3090 2676 3155 ἐπανάστασις
2707 3093 2826 3153 ταῖς
2852 3092 3062 3160 φήμαις
3099 3089 3247 3160 αύτῷ
3278 3088 3677 3157 διακομίζεται.

2108 3179 2166 3231 ὐ
2200 3179 2255 3232 δὲ
2285 3180 2483 3232 αὐτίκα
2511 3196 2568 3231 τε
2601 3179 2698 3248 τὴν
2731 3180 2824 3230 ἐπὶ
2860 3175 3422 3232 Κωνσταντινούπολιν
3445 3173 3680 3237 ἐϐάδιζε,

2100 3272 2193 3323 καὶ
2221 3270 2433 3323 σύνοδον
2463 3271 2576 3341 ἄμα
2605 3268 2850 3340 διώριζεν
2881 3269 3018 3340 ὑπὲρ
3047 3268 3139 3321 τοῦ
3172 3265 3505 3335 ἐτεροουσίου
3539 3265 3683 3316 κατᾶ

2100 3362 2328 3414 Νίκαιαν
2355 3359 2854 3424 ἴστασθαι.Φοάσας
2881 3359 2936 3411 δὲ
2972 3359 3120 3430 παρὰ
3145 3359 3238 3421 τὰς
3272 3359 3459 3426 Μόψου
3491 3355 3684 3408 καλου-

2101 3453 2266 3521 μένας
2304 3453 2527 3524 κρήνας,
2575 3453 2668 3504 καὶ
2711 3453 2850 3520 νόσῳ
2901 3451 3138 3522 βληθεὶς,
3173 3446 3289 3502 εἷτα
3339 3449 3434 3502 καὶ
3479 3447 3681 3517 βαπτι-

2098 3544 2329 3612 σάμενος
2358 3543 2508 3613 παρὰ
2554 3543 2816 3606 Εύξωῖου,
2851 3545 2949 3612 τήν
2980 3560 3037 3595 τε
3070 3541 3341 3612 βασιλείαν
3375 3540 3518 3608 αύτῷ
3556 3538 3680 3608 βίῳ,

2099 3637 2190 3684 καὶ
2217 3632 2314 3696 τὰς
2347 3635 2432 3686 ἐπ’
2467 3633 2688 3704 ἀσεϐείᾳ
2719 3633 2963 3696 συνόδους
2993 3633 3299 3688 ἀπολείπει.

1642 3848 1882 3892 VALESII
1923 3847 2420 3893 ANNOTATIONES.

428 3945 755 4018 μηναμένων
795 3949 1208 4018 τῇκαθαιρὲσει
1235 3988 1249 4011 ,
1280 3947 1414 4002 ἀλλὰ
1445 3949 1540 4002 καὶ
1563 3951 1751 4004 αὐτῶν
1781 3951 1886 4003 τῶν
1918 3952 1997 4014 εἰς

424 4016 510 4091 ’τὰζ
545 4016 776 4091 μᾷλιστα
818 4016 894 4088 τῷ
947 4016 1252 4091 φρονήματι
1292 4020 1710 4091 κοινωνούντων,
1753 4020 1860 4072 τῶν
1900 4022 1997 4091 μὲν

423 4085 641 4160 καὶξὴν
669 4085 891 4160 γνώμην
916 4085 1379 4160 μεταϐλὴθὲντων,
1411 4090 1515 4141 τῶν
1541 4090 1596 4142 δὲ
1619 4091 1714 4160 τὴν
1745 4085 1997 4143 ἀκούσιον

427 4154 626 4229 πρᾶξιν
649 4154 956 4229 οἰκονομίας
991 4154 1193 4228 ῥήματι
1220 4154 1824 4229 κατασχηματιζὸντων.
1856 4161 1994 4214 Idem

428 4224 523 4280 diu
552 4235 738 4297 postea
769 4224 1014 4281 fecerunt
1042 4224 1320 4297 Acephali.
1354 4224 1608 4294 Quicum
1661 4233 1796 4284 «luas
1831 4231 1882 4282 in
1911 4246 1997 4284 se-

429 4303 545 4350 ctas
574 4295 733 4349 divisi
753 4306 937 4350 essent
957 4295 1317 4359 Alexandrina,
1345 4299 1397 4350 in
1429 4297 1708 4352 Gaianitas
1733 4311 1786 4351 et
1817 4299 1994 4352 Theo-

429 4364 690 4420 dosianos
712 4405 727 4429 ,
761 4375 950 4435 postea
982 4368 1120 4420 inter
1153 4383 1211 4420 se
1241 4369 1573 4421 reconciliati
1618 4370 1879 4423 unitatem
1916 4369 1992 4422 fe-

428 4449 572 4508 cere,
609 4450 773 4508 quam
807 4438 1057 4506 specioso
1085 4437 1396 4506 οἰκονομίας
1422 4439 1577 4491 titulo
1608 4441 1990 4508 pl‘aatexeiinnt.

432 4501 640 4578 Verum'
651 4501 918 4578 adversus
945 4501 1501 4578 hancAeeplialorum
1542 4501 1800 4561 unitatem
1842 4525 1994 4578 egre-

426 4577 573 4645 gium
609 4576 804 4647 librum
830 4578 1050 4644 scripsit
1083 4576 1343 4646 Eulogius
1363 4577 1653 4647 episcopus
1679 4576 1995 4632 Alexandri-

425 4662 566 4718 nus,
606 4646 660 4699 in
690 4662 800 4718 quo
830 4662 1079 4715 quietiam
1116 4657 1262 4701 esset
1295 4646 1601 4701 oeconomia
1641 4664 1734 4702 seu
1771 4650 1992 4718 dispen-

427 4717 568 4770 satio
604 4717 996 4780 ecclesiastica,
1027 4728 1080 4771 et
1109 4728 1240 4785 quot
1273 4719 1392 4786 ejus
1421 4720 1629 4787 species
1663 4717 1875 4782 essent,
1903 4734 1994 4772 ac-

427 4796 614 4840 curate
643 4787 970 4852 observavit,
1012 4797 1070 4841 ut
1099 4788 1282 4840 videre
1308 4799 1390 4842 est
1419 4787 1470 4840 in
1497 4787 1825 4842 Bibliotheca
1852 4787 1997 4842 Pho-

429 4855 488 4908 tii
531 4871 650 4929 cap.
683 4856 808 4910 227.
859 4856 1103 4910 Primum
1139 4858 1302 4923 igitur
1354 4867 1501 4929 notat
1547 4857 1841 4929 Eulogius,
1887 4875 1992 4913 non

427 4927 997 5000 omnibuspromiscue
1009 4929 1170 5000 licere
1183 4927 1462 5000 οἰκονομίᾳ
1481 4944 1577 4984 seu
1591 4927 1996 5000 dispensatione

425 4996 527 5056 uti,
553 4997 645 5049 sed
677 4997 742 5050 iis
773 4996 1037 5068 duntaxat
1065 4999 1156 5066 qui
1190 4996 1426 5052 ministri
1456 5011 1583 5053 sunt
1609 4996 1997 5068 ac’dispensa-

426 5066 986 5137 toresmysteriorum
1005 5067 1121 5132 Dei,
1144 5069 1467 5137 praesidibus
1489 5071 1694 5124 scilicet
1720 5066 1990 5124 Ecclesiae.

429 5134 632 5210 l_)_einde
659 5143 842 5210 notat,
879 5134 1162 5210 nunquam
1191 5138 1369 5210 locum
1401 5153 1522 5193 esse
1550 5142 1867 5194 (nt-ouomia:
1899 5157 1993 5195 seu

426 5203 842 5277 dispensationi,
872 5206 978 5277 nisi
1005 5203 1408 5277 salva__prorsus
1440 5219 1603 5277 atque
1639 5209 1844 5262 illibata
1875 5225 1994 5277 per-

428 5282 681 5347 manente
706 5275 831 5329 lldei
852 5275 1122 5330 doctrina.
1150 5275 1243 5330 liis
1271 5277 1481 5346 positis,
1511 5275 1771 5347 Eulogius
1799 5275 1994 5347 triplex

427 5343 713 5414 distinguit
757 5361 928 5413 genus
955 5343 1710 5403 mconomiat'ccclesiastiue.
1754 5343 1992 5402 Primum

427 5415 681 5470 consistit
717 5415 773 5470 in
805 5415 989 5481 rebus,
1019 5417 1316 5472 secundum
1348 5419 1402 5472 in
1436 5420 1752 5474 nominibus
1782 5435 1845 5473 ac
1872 5434 1991 5472 ver-

2104 3952 2187 4006 bis
2211 3991 2225 4014 ,
2267 3951 2498 4021 tertium,
2529 3949 2584 4004 in
2617 3953 2884 4021 personis.
2935 3949 3057 4005 llaec
3087 3951 3346 4021 Eulogius
3391 3950 3441 4002 in
3477 3967 3680 4018 supra-

2103 4021 2433 4092 dictorlibro
2480 4019 2658 4076 fusius
2712 4022 3076 4092 persequitur.
3128 4019 3321 4075 Verum
3367 4022 3680 4086 interpres,

2105 4091 2186 4144 vir
2227 4091 2429 4160 alioqui
2471 4092 2666 4146 doctus
2710 4100 2762 4145 et
2810 4091 3115 4146 de’litteris
3162 4093 3366 4160 optime
3411 4093 3678 4152 meritus,

2104 4163 2534 4231 pulcherrimum
2583 4170 2635 4216 et
2685 4163 3036 4216 utilissimum
3085 4173 3373 4216 tractatum
3406 4160 3680 4230 interpre-

2107 4232 2308 4285 tatione
2339 4248 2438 4286 sua
2467 4232 2681 4300 penitus
2709 4232 3052 4294 obscuravit,
3085 4231 3396 4302 οἰκονομίαν
3422 4231 3566 4283 enim
3601 4233 3681 4284 in-

2104 4304 2464 4354 carnationem
2499 4302 2702 4370 ubique
2729 4302 2842 4356 fere
2874 4303 3260 4370 interpretatus
3290 4308 3373 4354 est
3399 4318 3412 4351 :
3448 4316 3560 4368 quo
3593 4303 3675 4354 ni-

2103 4373 2177 4424 liil
2209 4373 2338 4440 fingi
2371 4382 2551 4440 potest
2586 4371 2900 4426 absurdius.
2937 4371 3094 4437 Quod
3126 4387 3247 4426 cum
3284 4386 3384 4439 ego
3412 4382 3537 4424 ante
3571 4387 3676 4423 an-

2032 4481 2070 4532 D
2103 4458 2201 4521 nos
2247 4443 2466 4524 triginta
2499 4449 2568 4525 ,ει
2595 4440 3158 4532 ampliusl‘rIancisro
3188 4440 3462 4532 Florenti,
3509 4442 3677 4495 docto

2103 4512 2370 4580 imprimis
2405 4513 2800 4581 jurisconsulto
2847 4513 3175 4568 iudicassem
3198 4555 3212 4575 ,
3247 4513 3300 4581 id
3327 4511 3415 4563 ille
3450 4511 3502 4563 in
3537 4526 3676 4564 sues

2095 4582 2236 4649 juris
2259 4579 2508 4637 canonici
2531 4584 2956 4637 commentarios
2988 4584 3186 4648 retulit,
3217 4592 3269 4636 et
3291 4579 3673 4634 Praefationem

2103 4653 2366 4722 integram
2399 4654 2466 4707 de
2507 4654 3009 4722 dispensationibus
3055 4652 3438 4707 ecclesiasticis
3468 4669 3530 4702 cx
3580 4652 3676 4703 illa

2099 4721 2312 4792 Eulogii
2342 4722 2462 4776 loco
2489 4721 2857 4788 concinnavit,
2890 4739 2978 4777 me
3003 4737 3035 4777 a
3063 4739 3172 4793 quo
3204 4724 3336 4777 illud
3362 4734 3672 4791 acceperat.

2098 4807 2166 4845 ne
2197 4793 2477 4846 nominato
2507 4794 2750 4861 quidem.

2170 4864 2281 4930 (59}
2318 4863 2634 4916 Thcodorit.
2664 4863 2701 4915 l.
2733 4880 2793 4927 ιι,
2821 4878 2868 4915 c.
2908 4861 3006 4916 ult.

2169 4929 2281 5002 (40)
2315 4933 2527 5000 Ζήλων
2546 4931 3050 5000 ὑπερϐάλλεσθαι.
3085 4929 3142 4985 In
3176 4933 3546 5002 manurscripto
3580 4947 3675 4984 co-

2098 5001 2217 5074 dice
2263 5001 2518 5057 Bocharti
2560 5004 2819 5058 scribitur
2869 5002 3289 5074 ύπερϐαλέσθαι.
3329 5001 3432 5074 Sed
3475 5017 3670 5071 parum

2098 5073 2264 5127 refert
2295 5083 2416 5127 utro
2452 5074 2612 5127 modo
2639 5074 2908 5127 scribatur
2930 5071 3033 5126 hoc
3064 5074 3310 5125 verbum.
3342 5071 3454 5124 Vox
3486 5082 3668 5124 autem

2101 5142 2279 5215 ζήλων
2309 5146 2498 5212 procul
2540 5143 2704 5215 dubio
2739 5143 3058 5215 corrigenda
3087 5150 3173 5195 est
3204 5143 3324 5215 hoc
3344 5142 3503 5195 modo
3535 5161 3548 5194 :
3592 5141 3672 5208 τῷ

2103 5212 2561 5284 ὀξυρρεπεστὰτῳ
2592 5212 2755 5283 ζήλῳ.
2791 5213 3000 5284 Similis
3024 5227 3189 5284 error
3205 5213 3400 5280 sacpius
3427 5223 3673 5264 occurrat

2101 5285 2152 5337 in
2173 5282 2256 5338 his
2277 5284 2448 5346 libris,
2468 5288 2559 5352 qui
2583 5282 2652 5335 ex
2675 5299 2738 5336 eo
2763 5282 3033 5350 proﬂuxit,
3052 5283 3197 5352 quod
3223 5291 3427 5335 veteres
3459 5299 3475 5333 t
3504 5297 3674 5334 asi-ri-

2098 5354 2225 5408 bere
2261 5354 2511 5407 solebant
2554 5353 2620 5406 ad
2655 5352 2798 5406 latus
2844 5353 3039 5407 litterae
3066 5367 3172 5406 non
3207 5362 3389 5406 autem
3424 5353 3671 5405 subscri-

2099 5423 2248 5489 bere,
2281 5435 2339 5479 ut
2365 5439 2511 5478 nunc
2547 5423 2798 5477 facimus.

1883 5557 2209 5604 VARIORUM
2217 5591 2230 5602 .

497 5675 1169 5754 (a)_ﬂgoo:q.rto.l¢y:rdrst
1205 5683 1258 5736 δ’
1305 5687 1507 5751 αὐτοῖς
1538 5688 1636 5740 καὶ
1679 5686 1793 5754 τὴν
1829 5685 1995 5750 Κύζὶ-

589 5747 724 5803 Male
756 5747 1002 5805 Valesius
1034 5768 1222 5808 vocem
1259 5755 1442 5818 αὐτοῖς
1472 5747 1538 5812 de
1565 5747 1806 5810 Eudoxio
1837 5747 1994 5812 intel-

423 5815 587 5884 lcxit;
623 5835 746 5876 cum
779 5823 922 5875 enim
956 5824 1025 5876 sit
1051 5826 1258 5879 numeri
1298 5815 1536 5894 pluralis,
1571 5828 1635 5881 dc
1656 5829 1799 5882 clero
1831 5829 1990 5898 Cyzi-

2104 5703 2236 5743 ceno
2278 5691 2591 5758 exponenda
2627 5702 2709 5747 est
2734 5733 2748 5753 ,
2784 5693 2874 5760 qui
2917 5691 3228 5745 inimicitias
3261 5704 3382 5742 cum
3422 5687 3673 5760 Eudoxio

2101 5773 2494 5880 Exercluerunt,
2549 5772 2605 5814 ιιι
2647 5757 2904 5817 narratur
2950 5778 3066 5832 cap.
3118 5765 3135 5814 ι
3173 5761 3335 5829 hujus
3375 5760 3518 5814 libri.
3577 5757 3669 5813 β’.

2147 5839 2298 5880 owti.

2147 5839 2298 5880 owtli.
