3828 6306
409 395 515 451 539

1783 403 2264 464 PlllLOSTORGll

3547 413 3660 471 5+8

409 514 709 580 praebuisse
759 517 1147 586 Spectantibus.
1190 518 1436 591 Cumque
1481 522 1648 577 herba
1697 523 1765 578 ad
1812 526 1973 596 pedes

2088 531 2218 584 κατά
2241 529 2366 592 τοὺς
2397 529 2560 592 πόδας
2596 529 2948 600 ἀναφυείσης,
2982 530 3302 602 νοσημάτων
3335 532 3434 602 μὲν
3479 533 3658 586 ἀπάν-

409 604 715 663 Servatoris
739 619 918 675 enata,
943 611 1204 666 adversus
1228 613 1448 668 morbos
1471 628 1681 680 omnes,
1708 619 1975 687 przecipue

407 713 539 751 vero
559 699 818 754 adversus
838 701 1013 754 tabem
1032 700 1466 756 eﬂicacissimum
1487 714 1630 757 esset
1654 707 1974 772 remedium,

409 805 572 842 causa
600 788 760 858 hujus
788 790 861 843 rei
896 790 1096 859 inquiri
1129 793 1312 862 carpit.
1340 792 1624 864 Temporis
1643 795 1787 849 enim
1821 797 1975 866 lapsu

413 879 676 933 memoria
709 880 1022 944 exciderat,
1054 890 1110 935 et
1148 882 1432 952 cujusnam
1464 900 1526 938 ea
1570 885 1770 954 elligies
1800 896 1976 950 esset,

409 981 464 1024 et
498 985 661 1040 quam
685 971 756 1024 ob
787 986 1008 1026 causam
1040 971 1216 1027 fuerat
1240 975 1520 1029 collocata.
1549 976 1758 1046 Quippe
1786 975 1978 1030 Serva-

407 1072 496 1114 tor
524 1061 626 1115 su'b
653 1061 744 1116 dio
775 1071 926 1117 stans
956 1063 1276 1133 nudusque,
1311 1065 1456 1120 haud
1493 1068 1686 1137 exigua
1731 1067 1977 1136 corporis

409 1166 561 1221 parte
587 1153 814 1207 obrutus
842 1152 1036 1218 fuerat,
1063 1164 1202 1208 terra
1227 1156 1484 1212 continue
1509 1173 1571 1211 es
1602 1157 1976 1226 superioribus

403 1244 560 1310 locis,
591 1245 826 1299 maxime
857 1261 985 1300 vero
1023 1247 1328 1315 pluviarum
1366 1258 1607 1318 tempore
1640 1248 1708 1302 ad
1741 1257 1973 1304 statuam

403 1349 644 1406 aggesta,
668 1354 789 1407 qua:
819 1339 1122 1392 litterarum
1151 1341 1352 1408 quibus
1376 1340 1588 1410 singula
1613 1341 1976 1394 narrabantur

405 1425 653 1480 notitiam
705 1427 1109 1482 obliteraverat.
1162 1427 1297 1482 Cum
1341 1428 1504 1498 igitur
1550 1428 1782 1498 diligens
1825 1429 1977 1484 ὕει-ει

404 1519 719 1587 inquisitio,
768 1536 894 1588 pars
924 1521 1142 1590 quidem
1179 1530 1370 1575 statuae
1409 1537 1530 1590 quae
1566 1523 1734 1580 humo
1779 1524 1971 1576 obruta

403 1617 542 1669 erat,
575 1608 771 1662 effossa
803 1618 907 1673 est,
939 1611 1128 1664 littera:
1158 1626 1286 1663 vero
1314 1621 1537 1678 repertm
1565 1620 1710 1674 sunt,
1744 1623 1864 1680 qua:
1891 1620 1972 1664 ιο·

405 1711 512 1753 tam
537 1701 612 1755 rei
647 1709 808 1770 gestae
850 1703 1046 1756 seriem
1078 1703 1406 1756 indicabant.
1439 1703 1516 1754 Ae
1542 1704 1725 1772 planta
1753 1705 1969 1773 quidem

402 1807 468 1845 ex
503 1806 568 1846 eo
597 1803 840 1860 tempore
882 1807 988 1845 non
1019 1794 1252 1862 amplius
1289 1795 1400 1848 visa
1431 1803 1533 1854 est,
1585 1809 1683 1848 nec
1734 1795 1827 1858 ibi,
1871 1810 1973 1850 nec

2075 636 2202 681 των,
2233 619 2462 688 μάλιστα
2497 619 2553 671 δέ
2580 620 2676 689 τῆς
2707 611 2976 688 φθινάδος,
3021 621 3175 690 ῐαμα,
3221 621 3312 673 καὶ
3349 621 3658 692 ζητούντων

2074 708 2172 769 τὴν
2195 707 2370 760 αἰτίαν
2401 707 2662 777 (ἐλελήθει
2691 708 2799 777 γὰρ
2821 707 2898 778 τῷ
2923 709 3096 779 χρόνῳ
3126 711 3217 762 καὶ
3243 703 3446 773 οὗτινος
3487 710 3657 780 ἔφερε

2078 800 2312 870 μορφὴν,
2345 801 2438 852 καὶ
2472 801 2504 869 ἡ
2533 798 2728 869 πρᾶξις
2769 799 2836 852 δι’
2863 801 2928 870 ἣν
2969 801 3326 870 ἀνεστήλωτο.
3369 801 3456 853 Ἑν
3487 800 3655 854 ὑπαι-

2076 891 2189 961 θρῳ
2217 891 2324 959 γὰρ
2353 889 2557 960 γυμνὸς
2601 888 2791 955 ἑστὼς,
2840 891 2926 943 ἐπ’
2971 892 3071 944 οὐκ
3117 891 3294 958 ὀλίγον
3339 889 3656 960 συνεχώσθη

2074 981 2169 1035 τοῦ
2208 981 2475 1051 σώματος,
2509 982 2613 1051 γῆς
2655 983 2743 1034 ἐπ’
2781 982 2942 1034 αὑτὸν
2970 985 3034 1036 ἐκ
3059 982 3166 1036 τῶν
3187 982 3530 1053 ὑψηλοτέρων
3565 982 3658 1036 ἀεὶ

2074 1073 2252 1126 τόπων
2277 1073 2336 1126 ἐν
2357 1076 2469 1137 τοῖς
2497 1072 2604 1126 τῶν
2633 1072 2857 1144 ὄμϐρων
2887 1074 3117 1144 μάλιστα
3156 1076 3363 1145 καιροῖς
3395 1077 3658 1145 ἐπιφεροε

2079 1163 2267 1234 μένης,
2299 1163 2390 1232 ὑφ’
2418 1159 2486 1234 ἧς
2512 1165 2548 1234 ἡ
2574 1162 2682 1216 τῶν
2703 1164 3045 1234 γραμμάτων
3070 1164 3175 1218 τῶν
3208 1165 3411 1218 ἐκαστα
3438 1165 3661 1236 δηλούνρ

2075 1271 2182 1309 των
2233 1253 2498 1324 ⁴Ινιεῖιάνιστο
2545 1254 2766 1326 γνῶσις)
2793 1272 2808 1287 ο
2842 1253 2942 1326 τῆς
2991 1251 3082 1310 οὖν
3131 1257 3406 1329 ζητήσεως
3448 1257 3658 1326 ταύτης

2075 1343 2410 1413 ἐπιστάσης,
2456 1342 2739 1416 ἀνωρύχθη
2795 1345 2893 1416 μὲν
2938 1346 2996 1399 τὸ
3044 1346 3522 1417 συγκεχωσμένον,
3565 1347 3660 1399 εὖ·

2075 1433 2208 1506 ρέθη
2259 1433 2318 1486 δέ
2377 1433 2678 1505 γράμματα
2725 1435 2822 1506 τὴν
2877 1437 3114 1507 ἱστορίαν
3170 1439 3348 1491 πᾶσαν
3403 1438 3661 1491 ἀναδιδά-

2075 1541 2293 1578 σκοντα.
2318 1525 2428 1578 Καὶ
2451 1527 2483 1595 ἡ
2510 1526 2616 1579 πόα
2645 1527 2742 1596 μὲν
2770 1527 2872 1580 οὐκ
2911 1526 2988 1579 ἔτι
3017 1529 3132 1598 μετ’
3156 1529 3358 1582 ἐκεῖνον
3380 1527 3534 1598 ὤφθη
3563 1529 3663 1582 τὸν

2074 1616 2284 1686 χρόνον,
2306 1615 2431 1668 οὔτε
2463 1617 2595 1679 ἐκεῖ,
2629 1615 2752 1668 οὔτε
2790 1616 3070 1687 ἀλλαχόθι·
3121 1617 3212 1670 τὸν
3254 1618 3310 1670 δὲ
3364 1619 3662 1689 ἀνδριάντα

2077 1705 2539 1774 μεταστησάμενοι
2564 1705 2622 1756 ὲν
2655 1705 2732 1774 τῷ
2755 1705 2854 1774 τῆς
2877 1705 3171 1777 ἐκκλησίας
3199 1707 3486 1778 διακονικῷ
3514 1709 3658 1780 (46),

2073 1794 2140 1846 τὰ
2189 1793 2464 1865 πρέποντα
2510 1793 2860 1864 ἐθεράπευον,
2908 1796 3156 1859 σέϐοντες
3196 1796 3293 1867 μὲν
3331 1797 3363 1868 ἢ
3411 1811 3658 1871 προσκυ-

403 1883 513 1936 alio
555 1885 608 1936 in
647 1883 798 1947 loco;
842 1893 1080 1938 statuam
1128 1900 1256 1939 vero
1303 1885 1354 1939 in
1401 1886 1685 1940 diaconieo
1731 1887 1972 1942 ecclesia:

2088 1883 2287 1947 ιοῦντες
2329 1883 2577 1955 οὐδαμῶς
2611 1885 2691 1953 (οὐ
2732 1884 2841 1955 γὰρ
2871 1881 2938 1956 ἦν
2973 1886 3129 1956 θέμις
3177 1886 3379 1958 χαλκῆν
3417 1890 3450 1958 ἦ
3486 1889 3664 1959 ἄλλην

403 1975 772 2036 collocarunt,
811 1986 1203 2044 competentem
1251 1978 1298 2031 ei
1344 1992 1532 2031 curam
1577 1986 1738 2045 atque
1783 1978 1970 2032 obser-

401 2066 638 2120 vantiam
667 2065 989 2130 deterentes,
1013 2082 1356 2137 nequaquam
1384 2078 1564 2122 tamen
1588 2083 1708 2122 eam
1733 2069 1973 2140 colentes

400 2164 496 2208 aut
528 2154 837 2210 adorantes.
886 2156 1070 2227 Neque
1117 2159 1263 2212 enim
1316 2158 1397 2212 fas
1453 2167 1571 2213 erat
1616 2174 1820 2214 teneam
1876 2169 1969 2214 aut

404 2249 566 2301 aliam
608 2249 906 2317 quamlibet
937 2251 1219 2304 materiam
1267 2249 1528 2318 adorare,
1578 2253 1670 2307 sed
1708 2254 1809 2308 hoc
1840 2269 1968 2319 uno,

401 2341 546 2408 quod
603 2356 724 2394 eam
770 2341 1116 2396 honoratiore
1167 2342 1220 2396 in
1280 2343 1401 2396 loco
1451 2345 1877 2409 collocaverant,
1921 2355 1975 2400 et

399 2434 545 2501 quod
576 2433 853 2501 spectandi
890 2449 1052 2487 causa
1083 2434 1148 2488 ad
1181 2449 1302 2488 cum
1340 2436 1516 2489 locum
1550 2437 1744 2506 cupide
1775 2437 1974 2490 adven-

399 2533 600 2587 tarent,
633 2540 872 2578 amorem
911 2526 1084 2594 ipsius
1120 2527 1399 2596 archetypi
1431 2528 1790 2583 declarantes.
1820 2529 1970 2583 llanc

401 2614 566 2684 igitur
583 2624 840 2680 statuam,
863 2626 1122 2683 regnante
1143 2616 1382 2683 Juliano,
1419 2619 1642 2688 gentiles
1671 2620 1763 2688 qui
1801 2617 1976 2673 Pane-

399 2705 555 2758 adem
585 2706 912 2771 incolebant,
943 2707 1008 2759 ad
1039 2707 1370 2776 impietatem
1404 2708 1634 2772 incitati,
1667 2725 1696 2762 a
1729 2710 1842 2763 basi
1871 2725 1970 2764 sua

400 2798 672 2851 revulsam
693 2839 706 2859 ,
735 2797 956 2851 funibus
984 2799 1049 2852 ad
1083 2799 1244 2867 pedes
1279 2799 1671 2868 circumligatis
1690 2841 1705 2863 ,
1733 2817 1826 2870 per
1856 2819 1971 2856 me-

401 2889 546 2940 diam
579 2889 811 2957 plateam
855 2899 1174 2952 traxernnt;
1225 2902 1344 2959 post
1387 2892 1499 2944 haec
1543 2893 1808 2961 reliquum
1852 2895 1972 2961 qui-

400 2981 522 3033 dem
558 2995 760 3048 corpns
799 2981 1164 3036 distrahentcs
1197 2982 1612 3053 confregerunt;
1648 2995 1810 3054 caput
1841 3001 1972 3040 vero

402 3071 545 3124 inter
576 3071 899 3125 trahendum
939 3087 966 3125 a
1004 3070 1216 3125 cervice
1248 3073 1606 3139 disiunctum,
1638 3075 1882 3128 nonnulli
1920 3075 1971 3128 id

402 3164 546 3228 quod
579 3163 738 3216 liebat
761 3179 901 3232 (egre
931 3162 1164 3217 ferentes
1187 3204 1202 3224 ,
1231 3163 1480 3218 clanculo
1512 3165 1888 3235 abripuerunt,
1919 3174 1973 3220 et

2076 1976 2206 2047 ὓλην
2230 1979 2597 2047 προσκυνεῖν),
2617 1978 2748 2031 αὐτὸ
2769 1978 2826 2032 δὲ
2844 1978 3003 2032 τοῦτο
3019 1979 3152 2045 (47),
3178 1981 3360 2032 στάσει
3382 1997 3441 2034 τε
3464 1997 3664 2051 σεμνο-

2071 2069 2228 2138 τέρα,
2265 2070 2358 2122 καὶ⁸
2396 2070 2454 2122 τὸ
2491 2069 2607 2138 μεθ’
2637 2069 2826 2140 ἡδονῆς
2851 2070 3131 2140 ἐπιφοιτᾷν
3154 2069 3232 2140 τῷ
3255 2071 3404 2140 τόπῳ
3432 2071 3493 2123 τὺ
3517 2067 3664 2134 εἶδος

2074 2160 2575 2231 θεραπευσομένους
2633 2160 2860 2229 (48),τὺν
2905 2161 3033 2230 περὶ
3067 2160 3127 2212 τὸ
3160 2160 3464 2230 ἀρχέτυπον
3492 2160 3661 2213 πόθον

2073 2252 2525 2322 ἐπιδεικνύμενοι.
2545 2250 2715 2304 Τοῦτο
2733 2252 2792 2303 τὸ
2820 2251 3041 2321 ἄγαλμα
3065 2251 3202 2304 κατὰ
3223 2251 3344 2313 τοὺς
3360 2249 3661 2302 Ἰουλιανοῦ

2073 2345 2317 2414 χρόνους,
2371 2345 2432 2396 τὸ
2472 2341 2776 2414 Ἑλληνικὸν
2832 2342 2940 2412 (49)
2987 2345 3065 2405 εἰς
3113 2340 3361 2395 ἀσέϐειαν
3407 2341 3664 2409 ἀναςλε-

2073 2435 2288 2504 χθέντες
2327 2435 2377 2487 οἱ
2423 2432 2520 2504 τὴν
2553 2433 2799 2486 Πανεάδα
2829 2431 3123 2495 οἰκοῦντες,
3151 2430 3257 2484 τῶν
3290 2430 3506 2501 βάθρων
3535 2431 3664 2483 ἀνα.-

2075 2527 2430 2596 σπασάμενοι,
2456 2525 2550 2578 καὶ
2588 2524 2696 2576 τῶν
2733 2523 2906 2576 ποδῶν
2947 2522 3324 2593 ἐκδησάμενοι,
3365 2520 3453 2573 διὰ
3483 2521 3662 2591 μέσης

2072 2619 2263 2689 ἔσυρον
2287 2617 2384 2686 τῆς
2414 2615 2719 2684 λεωφόρου·
2755 2617 2841 2683 ἐφ’
2864 2607 2906 2682 ᾧ
2941 2614 3049 2683 (50)
3083 2612 3143 2665 τὸ
3185 2613 3281 2682 μὲν
3322 2611 3450 2666 ἄλλο
3499 2613 3664 2681 σῶμα

2071 2707 2434 2775 διασπώμενοι
2474 2703 2832 2765 κατέκλασαν,
2863 2703 2958 2772 τὴν
3005 2703 3060 2754 δέ
3101 2701 3342 2770 κεφαλὴν
3367 2703 3424 2754 ἐν
3452 2700 3531 2770 τῷ
3560 2702 3626 2753 σύ
3644 2730 3661 2740 ο

2076 2799 2277 2869 ρεσθαι,
2314 2797 2408 2849 τοῦ
2440 2797 2662 2865 αὐχένος
2695 2795 3058 2864 διαζυγεῖσαν,
3091 2795 3232 2855 τινὲς
3269 2794 3521 2856 λαθόντες
3548 2793 3662 2846 τῶν

2073 2889 2449 2957 ἐπαλγοῦντων
2487 2892 2595 2952 τοῖς
2637 2887 2954 2960 δρωμένοις,
2986 2885 3302 2938 ἀνελάὁοντό
3339 2901 3396 2936 τε
3437 2885 3534 2936 καὶ
3583 2884 3662 2947 ὼς

2071 2981 2332 3051 ἠδύναντο
2369 2979 2716 3036 διεσώσαντο.
2761 2979 2868 3032 Καί
2920 2995 3050 3047 φησι
3100 2977 3302 3046 ταύτην
3349 2976 3444 3028 καὶ
3494 2976 3662 3038 αὐτὸς

2073 3072 2390 3126 θεάσασθαι.
2440 3073 2501 3125 Ἡ
2537 3073 2719 3143 μέντοι
2759 3087 2822 3139 γε
2869 3069 3076 3132 Πανεὰς
3124 3069 3228 3120 Δάν
3271 3067 3666 3136 ἐπωνομάζετο

2075 3164 2134 3216 τὸ
2163 3163 2508 3226 παλαίτατον,
2531 3163 2628 3233 τὴν
2663 3161 3034 3233 προσηγορίαν
3076 3161 3182 3212 ἀπὸ
3219 3159 3310 3212 τοῦ
3339 3159 3528 3222 παιδὸς
3560 3159 3661 3212 τοῦ

401 3257 580 3323 quoad
614 3255 728 3309 ﬁeri
764 3255 940 3324 potuit
974 3265 1390 3309 conservarunt.
1429 3256 1594 3325 quue
1637 3274 1667 3310 a
1703 3273 1760 3312 se
1795 3261 1967 3312 visum

2088 3253 2275 3308 Ἰακὼὸ
2307 3255 2413 3306 Δάν
2455 3253 2820 3324 ἐλκυσαμένη.
2867 3253 2960 3306 τοῦ
3007 3252 3281 3321 φυλάρχου
3329 3251 3437 3304 τῶν
3481 3250 3666 3322 ταύτῃ

404 3348 574 3400 fuisse
599 3357 828 3401 testatur
857 3345 1275 3418 Philostorgius.
1307 3346 1572 3401 Cancrum
1602 3347 1810 3403 Paucas
1839 3349 1968 3403 olim

403 3436 517 3490 Dan
548 3437 862 3504 vocabatur,
890 3452 957 3492 ex
987 3439 1209 3493 nomine
1231 3437 1344 3493 Dan
1369 3439 1464 3492 lilii
1487 3438 1676 3504 Jacob,
1703 3441 1795 3508 qui
1824 3440 1970 3506 prin-

2073 3347 2361 3400 οἰκούντων
2399 3347 2509 3415 (5i)
2548 3346 2688 3398 τότε.
2737 3341 2866 3397 Εἶτα
2912 3344 2966 3396 δὲ
3014 3343 3316 3411 Καισάρεια
3365 3344 3397 3411 ὴ
3452 3343 3666 3394 Φιλίπσ-

2077 3457 2177 3491 που
2237 3439 2316 3508 (α)
2373 3437 2727 3509 ἐπεκέκλητο.
2785 3437 2905 3490 Τῶν
2958 3437 3016 3490 δέ
3070 3435 3423 3507 Ἑλληνιστῶν
3481 3435 3667 3497 Πανὸς

1629 3633 1871 3676 VALESII
1901 3632 2404 3678 ANNOTATIONES.

475 3762 585 3833 ($6)
605 3761 1134 3831 Καταστησάμενοι
1164 3762 1235 3815 ἐν
1260 3760 1338 3826 τῷ
1358 3761 1469 3828 τῆς
1493 3762 1828 3831 ἐκκλησίας
1856 3762 1979 3816 δια-

405 3833 642 3898 κονικῴ.
688 3833 858 3902 Magis
900 3834 1070 3902 probo
1119 3835 1445 3900 scripturam
1490 3833 1694 3887 codicis
1733 3833 1980 3885 Bochar'

405 3905 560 3963 tiani,
598 3906 650 3956 in
679 3918 788 3973 quo
823 3905 895 3955 ita
934 3904 1150 3972 legitur.
1176 3903 1267 3954 τὸν
1294 3902 1349 3954 δὲ
1371 3902 1666 3973 ἀνδριάντα
1699 3919 1976 3973 μεταστη-

408 3977 629 4044 σάμενοι
668 4013 682 4037 ,
742 3983 845 4027 etc.
897 3976 1074 4041 Atque
1127 3974 1198 4025 ita
1251 3987 1469 4044 quoque
1517 3973 1777 4044 scribitur
1835 3973 1976 4040 apud

406 4041 768 4111 Nicephorum
803 4045 857 4096 in
885 4044 1024 4096 libro
1060 4058 1112 4107 ι,
1141 4059 1261 4110 cap.
1291 4042 1378 4094 ὅθ.
1413 4041 1484 4111 De
1515 4043 1770 4096 Ecclesia:
1796 4043 1973 4096 diaco-

408 4110 730 4166 nicomnlta
764 4112 855 4166 hic
882 4113 1093 4166 erudite
1143 4114 1396 4166 observat
1425 4110 1660 4165 Jacobus
1690 4112 1980 4166 Gothofre-

408 4185 532 4246 dus,
558 4182 609 4234 id
638 4197 778 4245 esse,
798 4185 939 4250 quod
961 4182 1136 4236 Latini
1161 4183 1288 4236 olim
1314 4183 1665 4236 secretarium
1694 4183 1977 4244 vocabant,

412 4269 512 4305 nos
570 4253 870 4305 sacristiam
911 4255 1144 4308 dicimus
1171 4294 1184 4315 ,
1226 4252 1318 4305 ubi
1372 4267 1501 4305 vasa
1552 4268 1615 4305 ac
1660 4255 1978 4306 vestimenta

411 4337 566 4375 sacra
596 4332 962 4377 assert-antur.
989 4323 1093 4375 Sed
1120 4321 1264 4391 quod
1301 4331 1460 4391 negat
1487 4321 1825 4375 diaConieum
1858 4338 1980 4377 esse

411 4402 614 4462 partem
640 4393 900 4462 ecclesias,
948 4393 1001 4446 in
1038 4407 1103 4446 eo
1139 4390 1394 4462 graviter
1418 4390 1640 4445 fallitur.
1686 4391 1980 4446 Verebatur

411 4464 618 4516 scilicet
639 4461 1006 4518 Gothofredus
1030 4504 1043 4526 ,
1080 4461 1223 4516 ne’si
1279 4461 1621 4515 diaconicum
1651 4477 1775 4530 pars
1803 4463 1980 4517 eccle-

412 4534 506 4584 sia:
535 4543 699 4595 esset,
725 4533 1017 4586 Christiani
1049 4542 1261 4586 statuas
1285 4542 1447 4600 atque
1490 4531 1754 4600 imagines
1776 4532 1980 4588 Christi

411 4605 539 4655 olim
585 4604 638 4656 in
668 4604 914 4657 ecclesiis
947 4604 1201 4657 habuisse
1227 4602 1558 4656 viderentur.
1593 4601 1667 4655 De
1699 4602 1984 4656 diaconico

410 4674 650 4740 loquitur
673 4673 913 4726 Joannes
946 4673 1198 4726 Moschus
1236 4673 1286 4724 in
1323 4672 1505 4731 Prata.
1532 4673 1707 4738 capite
1735 4673 1825 4735 9.5,
1859 4674 1985 4725 Εἰσ-

409 4743 572 4812 ῆλθεν
617 4748 673 4795 ἐν
719 4743 794 4812 τῷ
827 4743 1116 4813 διακονικῴ
1165 4743 1367 4796 κλαίων
1394 4743 1507 4813 *καὶ
1550 4743 1760 4812 ῥίπτων
1794 4743 1984 4796 ἑαυτὸν

412 4811 506 4866 ἐπὶ
537 4811 843 4884 πρόσωπον.
873 4811 1141 4882 lutei-pres
1165 4815 1351 4867 vertit:
1385 4811 1663 4881 Ingressus
1691 4822 1767 4866 est
1797 4829 1984 4866 sacra-

412 4885 548 4936 rium
586 4884 820 4951 plorans,
865 4887 1162 4954 corruitque
1183 4885 1237 4936 in
1265 4885 1455 4951 faciem
1481 4899 1655 4938 suam.

486 4954 596 5022 (i7)
648 4955 795 5008 Αὐτὸ
831 4954 898 5006 δὲ
931 4951 1127 5008 τοῦτο.
1175 4955 1533 5009 διειίιιεηιιιιιιι
1584 4962 1668 5008 est
1724 4951 1873 5021 αὐτῷ
1928 4952 1984 5006 δὲ

411 5025 610 5094 τούτῳ,
639 5025 826 5093 supple
854 5026 1145 5094 τιμῶντες.
1170 5025 1338 5078 Paulo
1365 5031 1488 5092 post
1528 5025 1690 5078 etiam
1733 5027 1982 5078 scriben-

414 5092 678 5179 ιιιιιιιιχκαὶ
705 5092 782 5162 τῷ
811 5092 926 5179 μεθ⁴
961 5095 1157 5179 ἡδονῄς
1177 5135 1210 5175 ._
1223 5107 1332 5179 etc.

488 5163 596 5233 (ιε)
627 5163 1061 5230 Θεασαμένοὺς.
1097 5163 1454 5218 Scribendum
1483 5175 1566 5220 est
1594 5165 1784 5234 procul
1814 5164 1982 5218 dubio

415 5233 802 5302 θεασομένους.
830 5234 1027 5288 Verum
1055 5239 1105 5288 in
1142 5237 1327 5288 codice
1355 5233 1608 5290 Bocharti
1639 5237 1797 5302 longe
1827 5235 1983 5289 aliter

415 5305 675 5356 s--ribitur
709 5306 792 5356 hic
821 5305 997 5364 locus,
1034 5305 1134 5359 hoc
1166 5307 1371 5374 scilicet
1408 5308 1606 5359 modo:
1639 5307 1747 5357 Καὶ
1778 5305 1839 5357 τὸ
1865 5305 1982 5374 μεθ’

415 5374 606 5447 ἡδονῆς
630 5376 1014 5447 ἐπιφοιτᾷντῷ
1038 5376 1194 5447 τόπῳ,
1212 5375 1279 5447 τὸ
1304 5372 1438 5440 εἶδος
1461 5372 1981 5447 θεραπευσομένους,

413 5445 505 5518 τὸν
532 5447 677 5518 Απερὶῗ
705 5448 765 5496 τί)
798 5445 1104 5518 ἀρχέτυπον
1133 5445 1294 5499 πόθον
1327 5445 1774 5516 ἐπιδεικνύμενοι.
1811 5446 1982 5518 Qnanl

414 5511 633 5584 quidem
667 5511 949 5569 lectionem
983 5517 1318 5570 verisimam
1345 5534 1463 5572 esse
1495 5511 1766 5570 existimo.
1804 5518 1875 5568 Τὸ
1909 5511 1984 5567 εἶ-

2083 3763 2170 3825 δος
2205 3762 2667 3833 θεραπευσόμενοι
2694 3801 2711 3824 ,
2747 3761 2798 3815 ἰιΙ
2828 3769 2911 3816 est
2934 3802 2949 3825 ,
2979 3760 3258 3883 imaginem
3299 3760 3444 3813 illam
3484 3764 3672 3817 obser-

2085 3834 2278 3883 vaturi.
2335 3832 2496 3883 Certe
2549 3831 2946 3883 Philostomius
3005 3848 3063 3883 σε
3104 3830 3276 3883 ασαόν
3327 3832 3550 3883 quidem
3611 3846 3665 3883 et

2085 3830 2281 3885 vaturi.
2335 3832 2496 3885 Certe
2549 3831 2946 3902 Philostorgius
3003 3830 3276 3902 σεδασμόν
3327 3832 3550 3899 quidem
3611 3846 3665 3888 et

2085 3903 2452 3974 προσκύνησιν
2479 3902 2672 3974 statuis
2701 3911 2755 3956 et
2776 3901 3101 3974 imaginibus
3127 3914 3466 3974 nequaquam
3492 3903 3666 3974 adhi-

2088 3971 2321 4026 bendam
2352 3971 2475 4026 esse
2501 3971 2749 4038 allirmat,
2769 3971 3063 4042 θεραπείαν
3095 3985 3244 4034 vero,
3271 3971 3444 4042 idest,
3476 3972 3670 4026 obser-

2083 4043 2318 4095 cantiam
2350 4056 2461 4112 non
2484 4042 2742 4112 denegat.
2768 4041 2901 4095 Nam
2938 4042 3096 4112 paulo
3141 4050 3266 4112 ante
3289 4041 3422 4094 dixit
3449 4042 3515 4112 de
3557 4045 3668 4098 hac

2084 4123 2265 4166 statua
2293 4151 2307 4174 ,
2333 4112 2423 4164 τὸν
2448 4111 2506 4165 δὲ
2533 4110 2825 4182 ἀνδριάντα
2858 4110 3321 4182 μεταστησάμενοι
3353 4113 3408 4163 ἐν
3433 4110 3507 4180 τῷ
3541 4113 3668 4168 διαο

2083 4182 2284 4252 κονικῷ
2314 4182 2382 4235 τὰ
2417 4179 2698 4253 πρέποντα
2736 4179 3096 4253 ἐθεράπευον(
3123 4179 3248 4234 Haec
3275 4197 3430 4250 porro
3458 4179 3667 4237 Obser-

2083 4255 2263 4308 vantia
2297 4254 2349 4305 in
2402 4269 2468 4308 eo
2507 4254 2874 4320 consistebat,
2909 4263 2966 4306 ιιι
2997 4261 3175 4306 statua
3209 4266 3368 4319 quam
3419 4253 3668 4308 maxime

2083 4326 2298 4384 niteret,
2330 4337 2431 4378 nec
2463 4324 2681 4392 pulvere
2709 4335 2802 4377 aut
2846 4323 3100 4378 sordibus
3129 4332 3224 4392 aut
3271 4322 3528 4392 rubigine
3550 4323 3668 4377 im-

2085 4394 2340 4464 pleretur.
2394 4391 2868 4464 lnimanuscripto
2898 4391 3482 4464 quoque‘Scoriacensi
3516 4391 3667 4463 legi-

2085 4475 2172 4534 tur
2201 4462 2668 4534 ἐπιδεικνύμενοι,
2700 4460 2808 4518 non
2845 4460 3302 4519 ut'Gothofredus
3331 4461 3494 4516 edidit
3531 4460 3668 4516 ἐπι-

2083 4533 2261 4586 δεικνυ
2271 4533 2486 4603 μένους.

2159 4601 2280 4672 149)
2331 4604 2477 4668 Τοὺς
2530 4603 3095 4668 ἐκκλησιαστικούς.
3161 4601 3511 4657 Scribendum
3579 4615 3669 4657 est

2103 4674 2276 4727 ποευι
2325 4674 2494 4728 dubio
2524 4674 2584 4726 τὸ
2643 4673 2991 4737 Ἑλληνικόν,
3029 4683 3088 4726 ιιι
3138 4673 3331 4737 legitur
3374 4673 3424 4724 in
3462 4672 3668 4728 codice

2113 4691 2276 4727 II‘OCUI
2325 4691 2494 4728 unmo
2524 4691 2584 4726 το
2661 4691 2766 4725 ιιλΑ
2807 4691 2991 4737 νικον,
3029 4691 3088 4726 ιιι
3138 4691 3186 4726 ιε
3225 4691 3331 4725 ιιιιι·
3374 4691 3424 4724 ιιι
3462 4691 3668 4728 conice

2113 4743 2476 4806 iochartiano,
2518 4753 2573 4796 et
2598 4745 2739 4811 apud
2764 4691 3150 4813 Nicephorum.
3185 4691 3402 4796 ﬁlii-asis
3423 4741 3668 4813 aestPhi—

2088 4814 2357 4883 Iostorgii,
2391 4829 2496 4883 qua
2523 4829 2656 4868 usus
2691 4824 2774 4868 est
2807 4811 2968 4882 paulo
3009 4824 3134 4866 ante
3166 4812 3218 4865 in
3251 4827 3371 4879 cap.
3414 4811 3449 4864 ‘2
3489 4813 3671 4883 hujus

2087 4885 2232 4938 libri.
2264 4878 2434 4938 Paulo
2471 4892 2595 4953 post
2621 4900 2686 4938 ex
2717 4878 2907 4939 iisdem
2937 4883 3218 4937 codicibus
3244 4878 3528 4937 emendavi
3570 4878 3668 4937 ἐκ·

2086 4954 2402 5024 δησάμενοι.

2173 5016 2286 5095 (50)
2338 5025 2457 5093 Ἐφ’
2509 5016 2576 5090 ᾧ.
2621 5025 2678 5078 In
2731 5028 3104 5095 manuscrith
3156 5023 3340 5095 codice
3388 5019 3670 5078 Samuelis

2089 5090 2344 5149 Bocha'rti
2380 5090 2644 5164 scriptum
2681 5096 2861 5149 inveni
2893 5096 2950 5148 ἐν
3074 5094 3140 5148 Ει
3164 5093 3464 5164 statimpro
3485 5095 3669 5148 verbo

2093 5165 2369 5235 μάσασθαι
2395 5163 2538 5234 quod
2569 5169 2725 5219 nauci
2759 5176 2864 5228 est,
2893 5163 3033 5220 idem
3062 5165 3232 5219 codex
3261 5163 3519 5230 scriptum
3561 5165 3666 5218 ha-

2091 5240 2178 5290 bet
2225 5236 2559 5297 θεάσασθαι,
2595 5238 2800 5305 optime
2830 5239 3019 5305 procul
3059 5236 3258 5299 dubio,
3299 5235 3666 5305 quemadmo-

2089 5309 2217 5358 dum
2268 5309 2430 5360 etiam
2463 5304 2844 5375 conjeceram,
2873 5317 3166 5378 antequam
3216 5304 3456 5360 codicem
3500 5304 3667 5360 illum

2095 5389 2286 5430 IlaClUS
2323 5393 2520 5431 essem.

2183 5448 2292 5516 (5i)
2339 5446 2461 5500 Τῶν
2513 5447 2700 5514 ταύτῃ
2760 5450 3104 5502 οἰκούντων.
3169 5447 3350 5500 Codex
3409 5443 3670 5500 Bocharti

2093 5522 2354 5584 scriptum
2391 5518 2551 5572 habet
2587 5518 2694 5570 τῶν
2723 5517 2927 5588 ταύτην
2958 5517 3269 5573 οἰκούντων.

1875 5667 2220 5713 VARIORUM.

489 5778 564 5846 (α)
591 5780 908 5848 Καισάρεια
939 5784 976 5850 ἡ
999 5784 1316 5837 Φιλίππου.
1347 5781 1488 5836 Idem
1515 5781 1979 5850 scribitJosephus

418 5847 496 5903 De
538 5851 671 5905 bello
705 5847 834 5906 Ind.
872 5847 973 5909 lib.
1002 5871 1062 5919 ιι,
1091 5871 1138 5909 c.
1176 5855 1238 5908 l5
1263 5895 1275 5920 ,
1303 5853 1556 5911 Φίλιππος
1590 5866 1692 5930 (sc.
1756 5847 1978 5908 Herodis

2090 5783 2158 5837 M.
2195 5783 2371 5849 lilins‘)
2405 5783 2650 5836 Πανεάδα
2676 5783 2773 5854 τὴν
2813 5784 2944 5854 πρὸς
2971 5787 3086 5850 ταῖς
3120 5785 3318 5850 πηγαῖς
3347 5782 3441 5854 rei
3466 5781 3672 5851 Ἰορδά-

2090 5871 2176 5907 νον
2247 5857 2656 5918 κατασκευάσας
2710 5850 2958 5927 ὀνομάζει
2998 5854 3326 5926 Καισάρειαν
3400 5850 3548 5908 Unde
3609 5858 3673 5907 et
