3828 6370
191 469 294 528 ιδιι

1228 455 1788 514 ECCI.ESIASTICA§
1827 450 2170 508 lllSTORl/E
2213 449 2344 504 LIB.
2379 447 2486 502 Vll.
3357 437 3464 494 5-ξῖ

191 579 385 642 ξόανον
427 575 564 646 αὐτῇ
611 570 1071 643 καθιδρυσάντων,
1117 573 1196 634 εἰς
1232 571 1330 642 τὴν
1366 572 1466 640 τῆς
1517 568 1786 632 Πανεάδος

1903 581 2020 636 :eps
2050 565 2154 620 fuit
2177 565 2342 620 unius
2369 563 2577 626 tribus,
2614 574 2739 629 qua:
2767 559 2822 612 in
2855 558 2940 612 liis
2974 557 3108 610 locis
3137 564 3265 608 tunc
3305 555 3462 610 sedes

193 667 522 735 ἐπωνυμίαν
551 661 864 734 μετέϐαλεν.

1891 659 2160 718 habebat.
2191 656 2240 710 id
2277 659 2698 726 cognomentum
2741 649 2986 704 trahens.
3023 644 3238 702 Seeutis
3281 655 3462 700 autem

193 762 541 832 temporibus
565 759 813 815 Caesarea
845 758 1076 830 Philippi
1107 759 1492 830 cognominata
1529 766 1633 814 est.
1667 757 1772 813 Sed
1810 772 1934 812 cum
1959 755 2190 827 gentiles
2226 754 2390 808 Panis
2427 751 2786 809 simulacrum
2840 747 2895 802 in
2953 762 3017 801 ea
3073 745 3460 806 collocassent,

195 859 253 912 in
283 855 553 910 l‘aneadis
579 855 906 910 vocabulum
939 856 1176 910 transiit.

266 949 334 1002 δ’.
368 947 496 1000 Ὅτι
527 945 638 1000 τῶν
681 947 1040 1018 Ἑλληνιστῶν
1067 948 1134 1001 τὰ
1161 946 1488 1014 ἀτοπώτατα
1521 947 1661 1000 κατά
1682 945 1788 1000 τῶν

199 1040 556 1112 Χριστιανῶν
585 1039 863 1110 πανταχοῦ
896 1040 1336 1110 παλαμωμένων,
1374 1039 1650 1093 καὶτοῦτο
1675 1043 1789 1102 τοῖς

203 1130 439 1184 ἀσεϐέσι
493 1129 637 1184 κατά
689 1130 1052 1200 Παλαιστίνην
1099 1117 1662 1201 δεδραματούργηται.¹
1709 1129 1790 1181 Τὰ

199 1219 302 1271 τοῦ
347 1221 628 1290 προφήτου
675 1217 974 1271 Ἐλισσαίου
1020 1219 1154 1272 ὀστᾶ
1203 1220 1297 1272 καὶ
1345 1213 1436 1272 τοῦ
1485 1207 1788 1272 Βαπτιᾶτοῦ

213 1311 473 1364 Ἰωάννου
498 1311 574 1380 (a)
630 1311 782 1380 (ἐκεῖ
833 1311 940 1382 γὰρ
971 1312 1138 1381 ἄμφω
1180 1311 1478 1382 ἐτέθαπτο)
1527 1311 1636 1364 τῶν
1690 1310 1788 1382 θη-

204 1400 322 1453 κῶν
359 1403 700 1472 ἐξελόμενοι,
746 1403 840 1456 καὶ
875 1401 1025 1467 ζώων
1061 1404 1238 1467 ὀστοῖς
1280 1403 1488 1470 ἀλόγων
1513 1419 1788 1471 συγκατα-

199 1493 467 1561 μίξαντες
487 1533 501 1550 .
533 1493 666 1562 ὁμοῦ
699 1495 834 1564 πρὸς
869 1495 1014 1546 κόνιν
1042 1495 1386 1548 κατέκαυσαν
1411 1534 1426 1558 ,
1457 1495 1552 1550 καὶ
1589 1497 1668 1559 είς
1695 1495 1788 1547 τὸν

195 1583 344 1653 ἀέρα
373 1583 768 1654 διεσπείραντο.
790 1586 900 1637 Καὶ
925 1587 1051 1647 τοὺς
1071 1585 1548 1656 Χριστιανίζοντας
1580 1586 1638 1639 δὲ
1665 1585 1788 1638 συλ-

195 1674 574 1744 λαμϐάνοντες
599 1715 612 1736 ,
645 1673 792 1727 ἔστιν
847 1677 934 1729 ὅτε
967 1681 1080 1740 τοῖς
1133 1677 1334 1748 βωμοῖς
1389 1678 1786 1748 ἀνατεταμένοις

193 1765 276 1827 ὡς
311 1768 488 1832 ἱερεῖα
522 1765 840 1818 ἐπετίθεσαν
865 1785 878 1795 ·
915 1769 1008 1820 καὶ
1041 1769 1122 1831 είς
1165 1769 1366 1840 πολλὴν
1409 1769 1576 1839 ἄλλην
1613 1771 1786 1841 ἀρρη-

195 1857 466 1924 τουργίαν
495 1855 988 1928 ἐξεϐακχεύθησαν.
1019 1859 1198 1930 "Amp
1241 1860 1527 1923 Ἰουλιανὸς
1557 1861 1781 1914 ἐπιστά-

199 1963 370 2017 μενος
394 1949 492 2016 οὐχ
520 1949 664 2012 ὅπως
701 1949 898 2018 ἦχθετο
916 1989 929 2012 ,
964 1949 1102 2004 ἀλλὰ
1129 1952 1224 2004 καὶ
1253 1951 1618 2022 διαφερόντως
1643 1953 1790 2022 ἔκαι-

199 2056 322 2109 ρεν,
375 2041 466 2092 καὶ
498 2038 598 2107 τῆς
637 2040 735 2108 μὲν
763 2040 873 2108 (59.)
913 2042 1006 2094 ἐπὶ
1035 2045 1149 2104 τοῖς
1175 2041 1467 2114 δρωμένοις
1505 2043 1788 2107 δυσκλείας

195 2133 282 2192 εἰς
315 2131 538 2200 ἐτέρους
567 2130 821 2200 ἀνιούσης
845 2171 858 2194 ,
885 2132 986 2202 τῆς
1009 2133 1052 2186 δ’
1080 2133 1243 2185 αὑτοῦ
1273 2133 1496 2206 γνώμης
1516 2137 1628 2196 τοῖς
1648 2135 1792 2188 ὲκεί-

197 2239 312 2274 νων
343 2221 527 2289 ἔργοις
554 2223 976 2294 περκιουμένης.
1015 2223 1245 2277 Συνιδὼν
1299 2226 1356 2278 δὲ
1383 2265 1396 2286 ,
1435 2225 1521 2278 διὰ
1569 2227 1670 2296 τῆς
1698 2245 1788 2280 το-

197 2313 418 2380 σαύτης
477 2311 673 2380 μανίας
723 2313 874 2364 οὐδὲν
913 2307 988 2366 ὧν
1045 2314 1294 2369 ἐϐούλετο
1352 2319 1744 2388 περαινόμενον
1773 2333 1786 2346 ·

201 2402 417 2473 μᾶλλον
447 2403 556 2472 γὰρ
588 2403 650 2456 τὸ
669 2405 1009 2474 Χριστιανῶν
1039 2407 1490 2480 πολιορκούμενον
1515 2409 1790 2482 ὲπερρὡν-

197 2511 336 2546 νυτο
361 2497 652 2566 φρόνημα’
697 2499 1004 2568 μηχανᾶται
1039 2499 1164 2562 τοὺς
1198 2503 1257 2554 ὲν
1298 2501 1498 2564 αἰτίαις
1534 2503 1790 2573 ἐκϐεϐλη-

201 2583 411 2652 μένους
441 2587 554 2654 (53)
583 2587 692 2641 τῶν
731 2589 1042 2641 ἐπισκόπων
1067 2629 1082 2653 ,
1120 2592 1213 2644 καὶ
1260 2593 1385 2655 τοὺς
1422 2594 1537 2646 ἀντ’
1568 2594 1790 2648 ἐκείνων

197 2677 440 2744 ἔχοντας
487 2680 616 2742 τοὺς
644 2681 900 2750 θρόνους,
950 2684 1028 2744 είς
1082 2683 1316 2754 πόλεμον
1358 2686 1642 2757 συρῤἀξαι.
1683 2689 1790 2740 Καὶ

197 2768 272 2838 δὴ
307 2769 490 2840 πάσης
517 2771 766 2837 ἐξουσίας
801 2775 1039 2846 ἑκατέρα
1072 2777 1235 2848 μοίρᾳ
1273 2779 1541 2848 μετεδίδου
1565 2822 1580 2844 ,
1614 2782 1787 2852 πράτ-

199 2879 324 2914 τειν
361 2863 462 2914 ὅσα
498 2866 592 2916 καὶ
623 2864 827 2917 δυνατὰ
861 2867 1043 2929 αὐτοῖς
1095 2869 1178 2937 εἴη
1222 2872 1302 2932 είς
1334 2869 1430 2940 τὴν
1460 2871 1664 2923 οἰκείαν
1699 2873 1792 2924 σύ·

201 2953 408 3005 στασίν
441 2971 498 3006 τε
551 2957 646 3008 καὶ
687 2957 1006 3025 ἀσφάλειαν.
1052 2958 1144 3023 Ἐξ
1180 2953 1254 3012 ὧν
1309 2963 1502 3015 ἐκεῖνοι
1535 2965 1668 3033 πρὸς
1701 2965 1790 3018 ἀλ-

201 3044 414 3114 λήλους
445 3047 877 3116 συρῤηγνύμενοι
901 3047 972 3117 (b)
1001 3087 1016 3111 ,
1055 3049 1255 3120 πολλὴν
1286 3052 1670 3124 ἀσχημοσύνην
1700 3055 1794 3108 καὶ

205 3134 430 3204 μέμψιν
449 3175 464 3196 ,
497 3135 634 3205 ὅπερ
661 3132 728 3206 ἦν
755 3135 832 3206 τῷ
867 3138 1149 3209 ἀποστάτῃ
1184 3139 1505 3212 σπούδασμα
1534 3183 1548 3205 ,
1622 3161 1790 3214 προσ-

1956 957 2010 1012 4.
2039 957 2270 1012 Gentiles
2320 957 2377 1010 in
2419 965 2630 1010 sanctos
2671 963 2906 1007 mortuos
2951 952 3190 1022 vivosque
3218 951 3460 1006 sweiunt.

1893 1047 2147 1102 Julianus
2174 1050 2438 1118 episcopos
2472 1047 2611 1100 inter
2641 1062 2695 1099 se
2722 1044 3026 1099 committit.
3044 1042 3264 1098 —Cum
3293 1041 3464 1096 multa

1887 1139 2090 1193 atrocia
2120 1141 2345 1208 gentiles
2373 1138 2636 1191 adversus
2665 1135 3005 1191 Christianos
3037 1133 3238 1204 ubique
3273 1148 3464 1203 perpe-

1889 1240 2123 1294 trarunt,
2157 1241 2270 1283 tum
2300 1231 2442 1284 istud
2475 1229 2687 1283 facinus
2717 1229 2786 1282 ab
2815 1227 3008 1282 iisdem
3052 1225 3346 1280 admissum
3381 1233 3465 1279 est

1892 1323 1946 1376 iit
1982 1322 2290 1376 Palaestina.
2333 1320 2508 1374 Elisaai
2547 1321 2819 1389 prophetas
2854 1316 3160 1372 et-Joannis
3211 1315 3465 1384 Baptista:

1891 1429 2059 1481 ossa,
2117 1431 2148 1468 e
2185 1414 2378 1468 loculis
2418 1414 2534 1468 suis
2565 1421 2841 1466 extracta;
2883 1411 2996 1465 illic
3041 1410 3185 1464 enim
3237 1419 3464 1478 uterque

1889 1521 2078 1560 eorum
2116 1507 2361 1575 sepultus
2417 1504 2622 1558 fuerat:
2657 1504 2938 1556 brutornm
2973 1499 3288 1553 animalium
3317 1497 3465 1552 ossi-

1893 1596 1994 1650 bus
2022 1596 2411 1665 permiscentes
2432 1634 2446 1656 ,
2501 1593 2610 1662 igni
2645 1591 2980 1646 tradiderunt
3009 1631 3017 1640 .
3048 1599 3103 1643 et
3139 1590 3192 1642 in
3223 1588 3462 1642 cinerem

1889 1691 2108 1741 redacta
2139 1695 2457 1756 sparserunt
2505 1685 2558 1736 in
2597 1693 2837 1736 ventum.
2887 1680 3172 1735 Nonnullis
3199 1680 3363 1734 etiam
3407 1678 3462 1733 in

1891 1779 2026 1833 locis
2071 1779 2414 1832 Christianos
2443 1793 2566 1832 eum
2603 1773 3176 1845 eompreliendissent,
3226 1771 3337 1826 aris
3377 1770 3465 1824 in-

1890 1877 2068 1928 censis
2101 1881 2356 1940 tanquam
2405 1870 2650 1924 victimas
2693 1868 3098 1936 imposuerunt;
3131 1863 3300 1916 multa
3329 1875 3467 1932 quo-

1893 1979 2000 2034 que
2035 1963 2136 2016 alia
2171 1963 2318 2016 dictu
2355 1961 2622 2016 horrenda
2645 2001 2661 2022 ,
2696 1959 2844 2013 velut
2875 1955 3060 2010 furore
3089 1953 3278 2024 perciti
3309 1967 3463 2007 com-

1894 2053 2178 2106 miserunt.
2229 2051 2363 2117 Quin
2406 2065 2530 2104 cum
2577 2047 2830 2102 Julianus
2875 2045 3042 2114 probe
3097 2049 3322 2104 nosset,
3355 2055 3464 2094 non

1893 2146 2056 2198 modo
2086 2145 2396 2210 indignatus
2456 2157 2562 2194 non
2621 2149 2702 2194 est
2737 2178 2754 2203 ,
2807 2153 2994 2191 verum
3049 2133 3214 2188 etiam
3270 2131 3466 2203 gaudio

1889 2236 2204 2296 exsultavit,
2223 2247 2346 2288 cum
2379 2231 2600 2286 infamia
2627 2231 2846 2300 quidem
2872 2227 3136 2282 atrocium
3161 2225 3466 2279 facinorum

1891 2342 2058 2394 penes
2084 2326 2222 2378 alios
2254 2333 2431 2390 esset;
2459 2322 2629 2391 ipsius
2653 2329 2836 2376 autem
2887 2319 3141 2373 voluntas
3179 2314 3340 2368 factis
3366 2326 3466 2368 eo-

1891 2431 2008 2470 rum
2036 2415 2440 2484 adimpleretur.
2476 2411 2581 2468 Sed
2613 2427 2736 2466 cum
2759 2407 3238 2468 animadverteret,
3275 2400 3464 2470 hujus-

1891 2507 2035 2562 modi
2065 2506 2350 2561 atrocitate
2385 2505 2516 2558 nihil
2566 2518 2754 2558 eorum
2787 2515 2910 2571 quae
2934 2497 3218 2567 cupiebat.
3249 2494 3316 2550 ad
3347 2493 3465 2548 exi—

1891 2607 2005 2654 tum
2041 2597 2294 2668 perduci:
2323 2597 2523 2668 quippe
2561 2595 2998 2650 Christianorum
3025 2605 3167 2660 quos
3191 2599 3470 2658 oppugna-

1891 2690 2027 2754 bat,
2065 2689 2282 2743 animus
2339 2687 2514 2757 magis
2565 2702 2630 2741 ac
2679 2686 2852 2756 magis
2908 2680 3370 2740 confirmabatur,
3407 2675 3460 2730 id

1891 2787 2232 2835 commentus
2259 2787 2341 2832 est
2365 2817 2380 2843 ,
2417 2787 2476 2830 ut
2503 2778 2790 2846 episcopos
2832 2774 2925 2844 qui
2955 2773 3024 2827 ob
3061 2771 3240 2826 varias
3268 2779 3469 2822 causas

1891 2870 2104 2940 expulsi
2137 2871 2353 2924 fuerant
2376 2909 2392 2931 ,
2419 2882 2622 2938 eosque
2649 2867 2741 2936 qui
2775 2866 2827 2919 in
2873 2865 3090 2918 illorum
3129 2862 3309 2916 locum
3339 2858 3472 2914 sub-

1893 2963 2065 3018 stituti
2112 2971 2310 3024 erant,
2350 2961 2492 3013 inter
2533 2974 2592 3013 se
2637 2957 3020 3012 committeret.
3050 2951 3278 3020 Utrique
3307 2948 3472 3020 igitur

1891 3055 2033 3123 parti
2085 3051 2360 3107 licentiam
2389 3049 2538 3104 dedit
2580 3047 2812 3104 faciendi
2857 3059 3194 3118 quaecunque
3247 3047 3476 3112 possent

1895 3146 1960 3198 ad
2003 3144 2398 3198 restitutionem
2439 3155 2594 3196 suam
2644 3154 2709 3195 ac
2751 3137 3144 3194 defensionem.
3191 3133 3365 3201 Quam
3401 3131 3479 3184 ols

203 3223 499 3295 ετρίϐοντο
535 3227 600 3296 τῇ
625 3225 894 3298 εὐσεϐείᾳ.
926 3227 1039 3280 Καὶ
1064 3227 1201 3281 ἄλλα
1223 3225 1281 3280 δὲ
1311 3229 1412 3299 τῆς
1439 3231 1604 3300 αὐτῆς
1627 3249 1792 3285 κακο-

1903 3251 2122 3288 causam
2179 3233 2253 3287 illi
2301 3233 2442 3286 inter
2474 3247 2534 3286 se
2571 3231 2746 3286 collisi
2773 3271 2789 3294 ,
2819 3231 3009 3298 ingens
3041 3227 3275 3282 dedecus
3307 3231 3479 3293 atque

203 3315 437 3384 τεχνίας
487 3315 760 3385 συνεπῆγε
789 3331 802 3345 ⁸
844 3317 971 3380 τούς
1019 3334 1080 3370 τε
1127 3318 1234 3390 γὰρ
1272 3319 1330 3372 ὲν
1379 3317 1570 3391 κλήρῳ
1608 3338 1792 3376 κατει-

203 3407 520 3477 λεγμένους
549 3410 628 3470 εἰς
647 3409 746 3478 τὴν
771 3408 882 3461 τῶν
913 3409 1212 3480 βουλευτῶν
1233 3411 1532 3482 ἀνέστρεφε
1561 3412 1794 3486 λειτουρ-

205 3498 369 3566 γίαν,
387 3498 480 3550 καὶ
501 3497 610 3552 τῶν
641 3499 974 3569 Ἑκκλησιῶν
1000 3499 1072 3554 τὰ
1098 3501 1384 3573 σιτηρέσια
1408 3505 1522 3566 τοῖς
1536 3503 1643 3556 τῶν
1678 3504 1794 3558 δαι-

207 3589 428 3660 μονίων
453 3590 814 3661 θεραπευταῖς
856 3593 1126 3662 μετεδίδου
1147 3633 1165 3658 ,
1200 3595 1294 3647 καὶ
1323 3595 1501 3649 πάντα
1536 3596 1795 3670 πράττειν

207 3687 316 3739 οὐκ
351 3686 585 3740 ἐνεδίδου
606 3703 622 3717 ⁸
656 3687 718 3751 ἐξ
766 3681 838 3740 ὧν
868 3689 934 3741 τὰ
975 3689 1072 3758 μὲν
1106 3691 1329 3763 ἀκμάσῃ
1361 3689 1430 3742 τὰ
1461 3691 1566 3744 τῶν
1603 3692 1794 3760 δαιμό-

207 3797 348 3841 νων,
371 3779 439 3830 τὰ
463 3777 518 3830 δὲ
540 3779 638 3848 τῆς
668 3779 949 3842 εὐσεϐείας
965 3823 978 3846 ,
1004 3779 1077 3843 ὡς
1097 3779 1362 3850 ἐνόμιζεν,
1389 3783 1467 3845 εἰς
1492 3782 1793 3854 ἀφανισμὸν

211 3886 282 3922 σε
300 3870 568 3942 ιελκυείη.

289 4136 358 4190 ε’.
389 4135 550 4196 Ὅτι,
581 4135 714 4204 φησὶ
734 4176 746 4198 ,
777 4135 884 4188 τῶν
915 4136 1252 4206 πραγμάτων
1285 4135 1428 4190 οὕτω
1459 4138 1796 4207 φερομένων,

213 4233 302 4290 εἰς
337 4229 564 4298 μνήμην
611 4227 860 4291 Εὑδόξιος
912 4227 1149 4280 ἀνελθὼν
1180 4227 1287 4280 τῶν
1339 4230 1515 4300 ὅρκων
1571 4230 1664 4283 καὶ
1693 4230 1800 4282 τῶν

213 4320 577 4389 ὑποσχέσεων
607 4318 671 4381 ἃς
701 4320 842 4389 ὑπὲρ
883 4321 1088 4372 Ἀετίου
1130 4321 1265 4392 πρὸς
1309 4321 1570 4391 Εὐνόμιον
1620 4323 1803 4375 ἀνεδέ-

219 4413 394 4476 ξατο,
445 4409 658 4462 σύνοδον
711 4411 1012 4464 ἐπιστέλλει
1066 4411 1141 4482 τῷ
1200 4412 1523 4484 Ἀντιοχείας
1579 4415 1803 4484 Εὺζωΐῳ

1894 3325 2270 3393 opprobrium,
2296 3321 2756 3392 quemadmodum
2790 3325 3049 3387 apostata:
3078 3317 3132 3370 in
3158 3315 3302 3370 votis
3331 3323 3468 3380 erat,

1895 3412 2141 3482 religioni
2179 3423 2379 3465 nostra:
2411 3409 2732 3464 intulerunt.
2769 3409 2892 3462 Alia
2939 3421 3158 3476 quoque
3207 3403 3292 3459 bis
3323 3404 3474 3473 adje-

1895 3505 1970 3558 cit
2005 3520 2110 3557 non
2139 3503 2422 3558 dissimilis
2454 3500 2854 3572 malignitatis;
2897 3513 2994 3554 eos
3025 3499 3170 3552 enim
3199 3495 3294 3565 qui
3323 3497 3472 3550 clero

1897 3595 2120 3662 ascripti
2167 3605 2356 3658 erant,
2391 3595 2458 3648 ad
2510 3593 2758 3664 publicas
2788 3592 3138 3647 decurionum
3170 3589 3475 3643 functiones

1899 3690 2145 3750 retraxit,
2180 3697 2234 3741 et
2280 3687 2652 3742 Eeelesiarum
2683 3701 2931 3740 annonas
2961 3682 3227 3740 ministris
3273 3681 3474 3735 daemo-

1901 3798 2029 3835 num
2060 3782 2298 3836 tradidit.
2335 3780 2577 3850 Denique
2605 3779 2788 3834 omnia
2849 3777 3028 3831 facere
3060 3787 3126 3828 ac
3153 3772 3332 3826 moliri
3367 3787 3471 3826 non

1901 3873 2138 3937 destitit,
2171 3881 2231 3926 ut
2277 3872 2588 3926 daemonum
2619 3871 2838 3940 quidem
2877 3866 3190 3937 superstitio
3223 3865 3466 3928 ﬂoreret;

1901 3973 2084 4017 nostra
2117 3975 2292 4016 autem
2331 3961 2522 4030 religio
2557 3997 2572 4024 ,
2607 3961 2763 4015 sicuti
2799 3959 3083 4030 sperabat,
3139 3956 3352 4026 penitus
3382 3970 3472 4007 et-

1899 4054 2281 4120 stingueretur.

1971 4144 2021 4198 5.
2057 4142 2288 4198 Eudoxii
2327 4155 2376 4198 et
2409 4143 2598 4198 Eusoii
2621 4145 2684 4198 de
2728 4143 2878 4198 Aetio
2924 4141 3067 4194 rixa.
3106 4169 3176 4177 —
3206 4136 3342 4190 Dum
3389 4150 3474 4188 res

1903 4239 2010 4292 lioc
2031 4237 2084 4290 in
2123 4247 2265 4292 statu
2299 4246 2484 4292 essent
2505 4278 2520 4300 ,
2555 4235 2832 4289 Eudoxins
2862 4233 2916 4287 in
2969 4227 3288 4285 memoriam
3321 4239 3474 4280 revo-

1905 4343 2034 4382 cans
2065 4327 2448 4398 jusjurandum
2482 4335 2536 4379 et
2583 4325 2908 4393 sponsiones
2937 4319 3136 4391 quibus
3173 4331 3292 4372 sese
3334 4314 3473 4382 apt.d

1906 4415 2229 4470 Eunomium
2269 4415 2636 4470 obstrinxerat
2681 4413 2734 4467 in
2785 4411 3011 4481 gratiam
3051 4406 3226 4469 Aetii,
3273 4405 3478 4458 litteras

217 4501 618 4571 συναθροίσαι,
653 4501 718 4554 δι’
755 4497 822 4574 ἧς
867 4502 974 4556 ἔδει
1010 4502 1102 4555 τὸν
1151 4503 1352 4557 Ἀέτιον
1381 4504 1480 4575 τῆς
1509 4505 1799 4558 καταδικα-

1907 4507 2124 4577 scripsit
2147 4509 2212 4562 ad
2236 4507 2498 4562 Euzoium
2517 4505 2938 4560 Antiochenscm
2961 4499 3302 4571 episcopum,
3326 4509 3478 4548 mat;-

1455 4675 1696 4720 VALESII
1733 4681 1770 4720 Α
1779 4677 1862 4722 NN
1869 4679 2134 4723 OTATION
2140 4679 2210 4722 ES
2219 4709 2231 4720 .

303 4805 418 4874 (59.)
453 4806 696 4874 Ἔχαιρε
715 4803 816 4857 καὶ
842 4803 952 4870 τῆς
973 4803 1108 4873 μέν.
1151 4802 1306 4868 Quod
1337 4803 1390 4856 in
1425 4801 1803 4874 Annotationi-

221 4872 336 4930 lius
385 4876 454 4930 ad
503 4872 792 4943 Evagrium
845 4872 1160 4936 observavi,
1212 4875 1264 4926 in
1321 4872 1592 4926 veteribus
1651 4874 1804 4927 libris

217 4961 376 5013 saepe
429 4945 523 4998 καί
557 4947 796 5013 positum
844 4959 966 4998 esse
1009 4961 1105 5012 pro
1143 4944 1256 5006 ὡς,
1307 4943 1446 4996 idem
1475 4957 1708 5013 quoque
1749 4943 1801 4996 in

219 5011 586 5084 l’tt’iloslorgii
617 5015 770 5068 libris
814 5011 1051 5066 erratum
1085 5013 1432 5082 deprehendi.
1473 5011 1618 5084 Lego
1643 5013 1805 5084 igitur

221 5093 340 5142 hoc
385 5083 537 5140 loco,
564 5085 782 5155 ἔχαιρεν
830 5085 904 5147 ὡς
935 5085 1034 5154 τῆς
1083 5083 1180 5153 μὲν
1233 5084 1324 5135 ἐπὶ
1371 5084 1483 5145 τοῖς
1510 5083 1805 5152 δρωμένοις

1909 4806 2211 4868 δυσκλείας,
2244 4815 2347 4859 etc.
2383 4803 2552 4858 Paulo
2583 4811 2706 4870 post
2737 4800 3078 4856 scribendum
3107 4812 3197 4870 est,
3220 4799 3479 4870 Χριστια-

1911 4877 2014 4929 νῶν
2040 4877 2530 4946 πολιορκουμένων,
2565 4869 2707 4942 quod
2733 4875 2902 4925 miror
2933 4887 2962 4925 a
2996 4869 3329 4926 Gotltofredo
3355 4869 3478 4922 ani-

1913 4945 2256 4998 madversum
2293 4961 2396 4997 non
2438 4945 2626 4997 fuisse.

1983 5018 2093 5083 (55)
2125 5015 2268 5080 Τοὺς
2292 5016 2362 5066 ἐν
2385 5018 2599 5078 αἰτίαις
2619 5011 3106 5080 ἐκϐεϐλημένους.
3122 5007 3480 5064 Scribcudutn

1911 5095 1992 5139 est
2010 5087 2198 5154 procul
2229 5087 2394 5139 dubio
2421 5086 2508 5136 ἐπ’
2541 5083 2761 5146 αἰτίαις.

1695 5210 2036 5257 VARIORUM.

221 5327 453 5386 Plinius
501 5324 598 5377 lib.
643 5339 695 5384 γ,
730 5337 850 5391 cap.
897 5321 983 5374 15.
1017 5319 1290 5391 Jordaues
1333 5333 1503 5391 amnis
1551 5317 1724 5391 oritur
1782 5335 1808 5371 e

221 5404 384 5472 [ante
419 5393 698 5472 Pepeade,
732 5388 1133 5472 quincoguomen
1173 5389 1314 5472 dedit
1349 5388 1620 5472 Cresurete:
1641 5388 1804 5468 'Quod

219 5459 424 5526 autem
479 5464 692 5517 Paneas
743 5459 777 5514 Va
827 5459 986 5515 Panis
1043 5461 1336 5516 simulacro
1401 5459 1530 5510 olim
1583 5459 1652 5510 ibi
1713 5475 1811 5526 po-

221 5545 348 5596 sito
395 5533 776 5602 cognominata
829 5533 1021 5594 fuerit,
1066 5544 1256 5602 Anemo
1315 5535 1807 5602 veterum_praeter

229 5595 416 5664 unum
440 5595 862 5670 Pliilostorgium
891 5600 1153 5670 prodidit,
1197 5608 1257 5652 ut
1280 5599 1530 5654 observat
1559 5595 1680 5649 Jac.
1713 5596 1810 5651 Go-

233 5677 522 5744 thofredus
546 5676 600 5726 in
625 5671 763 5744 hunc
785 5672 976 5744 locum.

313 5736 394 5816 (ἓι)
425 5741 768 5799 Baiano-'10?)
807 5739 1094 5816 Ἰωάννου.
1115 5739 1188 5816 De
1215 5739 1380 5816 liujus
1403 5737 1622 5816 ossibus
1649 5736 1810 5816 disje-

233 5809 356 5872 ms
379 5809 742 5880 Philoswrgio
769 5812 1116 5866 consentiunt
1145 5809 1372 5880 ltutiuus
1403 5809 1438 5862 ι.
1471 5822 1683 5880 ιμ’(τεψ.
1708 5810 1810 5880 28;

229 5885 567 5946 Tlteodorit.
605 5877 696 5936 lib.
731 5897 787 5934 ιιι
815 5922 826 5946 ,
859 5897 976 5947 cap.
1013 5881 1064 5944 7,
1091 5889 1142 5934 et
1169 5879 1460 5934 Clirouicon
1493 5877 1810 5930 Alexandri-

1914 5339 2059 5374 num.
2093 5320 2165 5375 De
2189 5319 2379 5374 Elisuw
2411 5329 2609 5376 tacent.

1987 5393 2062 5461 (b)
2099 5393 2192 5455 Ἐξ
2220 5385 2305 5444 ὧν
2323 5390 2560 5464 ἐκεῖνος.
2589 5389 2758 5464 πρὸς·
2786 5387 3100 5464 ἀλεὶήτλους
3145 5395 3484 5464 συῤῥηγνύ.

1911 5457 2096 5530 μενοι.
2139 5465 2264 5514 Am.
2317 5459 2666 5514 Marcellinus
2712 5457 2818 5522 ait,
2852 5457 3125 5514 lulianum
3169 5457 3482 5516 dissidentes

1914 5530 2338 5584 Christianorum
2364 5531 2626 5582 antistites
2662 5530 2925 5600 monuisse
2949 5571 2962 5594 ,
2999 5541 3055 5582 ut
3096 5533 3307 5600 quisque
3334 5533 3482 5586 nullo

1913 5611 2115 5654 vetante
2150 5601 2394 5668 religioni
2421 5616 2530 5652 sua:
2555 5599 2771 5651 serviret
2799 5599 3113 5668 intrepidus.
3157 5599 3309 5666 Quod
3331 5641 3346 5664 ,
3407 5603 3478 5656 in-

1913 5674 2060 5740 quit,
2095 5671 2279 5740 agebat
2305 5671 2430 5722 ideo
2453 5669 2763 5740 obstinate,
2786 5678 2840 5720 ut
2875 5669 3228 5722 dissensiones
3264 5681 3482 5740 augente

1913 5728 2160 5808 ficetum",
2209 5757 2310 5792 non
2365 5741 2566 5792 timeret
2603 5728 2995 5790 unanimantem
3028 5749 3208 5805 postea
3257 5728 3474 5808 plebem.

1919 5805 2018 5862 Lilt
2047 5827 2178 5874 xm,
2213 5829 2334 5879 (τῳ.
2473 5809 2592 5863 Vid.
2627 5807 2757 5864 Sus.
2789 5809 2878 5861 lib.
2915 5825 2964 5872 ν,
2997 5825 3116 5878 Cap.
3144 5810 3200 5861 5.
