3828 6300
233 193 339 250 545

1227 190 1786 250 ECCLESIASTI‘CE
1826 193 2174 250 HISTORIA:
2215 197 2340 252 LIB.
2383 196 2496 252 VH.

3365 205 3470 262 540

231 316 544 388 παραλύσας
570 295 666 369 τοῦ
700 315 1028 387 ἀξιώματος,
1054 316 1133 378 εἰς
1152 314 1334 386 Θήϐας
1356 314 1456 378 τάς
1476 315 1790 384 Αἰγυπτίους

1901 335 2063 387 quam
2089 319 2366 376 dimovere
2389 319 2678 390 potuisset,
2694 320 2954 390 dignitate
2974 325 3238 393 privatum
3257 325 3471 384 Thebas

229 410 540 479 φυγαδεύει.
569 410 771 464 Τοῦτόν
796 428 958 479 φασιν
983 450 997 473 ,
1025 409 1184 480 ἡνίκα
1209 411 1584 472 Κωνστάντιος
1613 408 1796 461 ἐϐασία

227 504 435 566 λευσεν,
474 503 601 555 ἰδεῖν
632 520 753 556 τινα
786 502 894 556 τῶν
927 501 1235 572 λεγομένων
1269 501 1668 572 Σιλεντιαρίων,
1704 518 1798 554 πυ-

227 592 318 664 ρὸς
360 593 527 661 φλόγα
559 593 652 646 τοῦ
705 594 966 666 στόματος
1018 593 1272 660 ἀφιέντα·
1313 593 1436 645 ἰδεῖν
1488 592 1544 646 δὲ
1571 593 1709 646 κατά
1739 594 1798 646 τὸ

223 685 443 739 δειλινὸν
471 686 612 756 (61),
645 686 809 756 ἡνίκα
862 683 999 756 μετά
1037 685 1240 757 τροφὴν
1278 684 1370 737 τὸν
1417 684 1582 737 ὕπνον
1620 684 1799 756 αἱρούο

227 776 393 848 μεθα·
440 780 536 830 καὶ
585 777 759 832 ταῦτα
816 776 1074 849 σημηνῶν
1108 777 1219 848 (62)
1272 775 1654 846 Κωνσταντίῳ.
1690 774 1798 829 Καὶ

223 871 329 939 γὰρ
363 871 568 923 ἐκείνου
611 870 926 939 πέμψαντος
953 868 1113 922 αὑτὸν
1149 869 1237 922 διά
1265 886 1386 922 τινα
1414 869 1602 940 χρείαν
1634 885 1796 938 μετα-

224 961 550 1012 καλέσασθαι
591 960 682 1013 τὸν
712 960 1150 1014 Οὐαλεντινιανὸν
1170 1001 1184 1023 ,
1230 961 1539 1029 περιτυχεῖν
1566 958 1644 1028 τῷ
1673 959 1794 1011 θεά-

226 1069 374 1120 ματι.
415 1053 474 1105 ’0
521 1053 576 1105 δὲ
606 1054 982 1116 Κωνστάντιος
1013 1055 1078 1124 τῇ
1135 1051 1363 1122 ἀγγελίᾳ
1415 1053 1494 1115 είς
1543 1052 1794 1104 ὑπόνοιαν

227 1144 322 1211 μὲν
351 1145 444 1197 καὶ
469 1143 588 1208 δέος
635 1145 868 1216 κατέστη
891 1161 906 1176 ο
934 1145 1086 1198 οὐδέν
1121 1145 1185 1212 γέ
1229 1162 1281 1196 τι
1320 1143 1674 1212 παρελύπησε
1705 1144 1794 1197 τὸν

221 1233 390 1304 ἀνδρα
411 1252 424 1263 ·
466 1235 954 1306 παραμυθούμενος
987 1236 1041 1288 δὲ
1077 1236 1138 1288 τὸ
1167 1237 1363 1288 οἰκεῖον
1383 1234 1498 1298 δέος
1516 1275 1529 1297 ,
1577 1235 1701 1306 περὶ
1729 1235 1798 1288 τὰ

223 1327 454 1398 φρούρια
496 1331 594 1399 τῆς
637 1323 1062 1400 Μεσοποταμίας
1093 1328 1407 1398 ἐκπέμπει,
1449 1327 1662 1397 φύλακα
1691 1329 1825 1399 τῶν.

223 1421 400 1471 ἐκεῖσε
431 1420 610 1472 τόπων
636 1419 911 1488 ἐσόμενον,
947 1421 1040 1473 καὶ
1071 1420 1168 1484 τὰς
1195 1419 1302 1472 τῶν
1331 1419 1557 1490 Περσῶν
1591 1419 1796 1490 ἐπιδρο-

224 1511 330 1582 μάς
358 1513 765 1566 ἀναστέλλοντα.

291 1612 360 1674 η’.
397 1605 518 1657 Ὀτι
561 1605 629 1658 τὰ
681 1607 809 1678 περὶ
842 1605 934 1659 τοῦ
994 1605 1268 1678 μάρτυρος
1310 1605 1522 1658 Βαϐύλα
1549 1606 1661 1673 (a),
1695 1605 1792 1660 ὅσα
1821 1641 1832 1653 ι

1901 409 2183 482 Egyptias
2204 413 2464 484 relegavit
2490 413 2624 483 (65).
2650 411 2805 468 Hunc
2838 415 3001 480 olim,
3039 417 3164 470 dum
3202 417 3470 472 Constan-

1898 501 2006 556 tius
2042 504 2266 572 imperio
2292 505 2589 573 potiretur,
2621 504 2842 576 quidam
2877 523 2941 560 ex
2995 507 3179 561 schola
3217 506 3472 564 Silentia-

1898 594 2126 658 riorum,
2156 594 2426 648 flammam
2460 611 2522 650 ex
2572 611 2666 650 ore
2696 606 2999 651 vomentem
3034 599 3234 653 vidisse
3264 599 3468 667 fertur;

1899 695 2012 736 erat
2042 692 2219 738 autem
2262 685 2618 740 meridianum
2665 695 2876 757 tempus
2904 730 2918 753 ,
2951 687 3170 757 quando
3216 707 3468 746 somnum

1899 791 2091 843 capere
2140 777 2379 832 solemus
2431 787 2554 847 post
2597 779 2811 843 cibum;
2846 779 3005 848 idque
3034 778 3355 835 Constantio
3386 799 3470 833 re-

1899 869 2195 922 nuntiasse.
2241 868 2322 920 Ab
2348 883 2412 922 eo
2446 870 2588 923 enim
2618 871 2818 925 missus
2843 873 2907 924 ad
2945 874 3332 927 accersendum
3366 871 3470 925 Va-

1899 958 2252 1012 lentinianum
2299 961 2580 1030 cujusdam
2631 963 2830 1032 negotii
2864 979 3027 1016 causa
3053 1002 3068 1026 ,
3105 963 3229 1016 huic
3261 974 3468 1032 specta-

1898 1049 2021 1103 culo
2051 1049 2463 1105 interfuerat.At
2483 1054 2856 1115 Constantius,
2881 1069 2942 1106 ea
2978 1069 3034 1106 re
3064 1053 3161 1120 ipsi
3199 1056 3467 1118 nuntiata,

1899 1142 1950 1194 in
1982 1143 2343 1212 suspicionem
2391 1159 2455 1198 ac
2485 1153 2688 1198 metum
2739 1145 3018 1214 conjectus
3051 1157 3165 1210 est;
3215 1148 3359 1201 nulla
3395 1158 3470 1203 ta-

1897 1249 2019 1286 men
2061 1235 2308 1288 molestia
2341 1234 2778 1289 Valentinianum
2823 1237 3019 1290 affet-it.
3059 1236 3255 1291 Verum
3303 1249 3361 1293 ut
3400 1243 3470 1294 ti-

1897 1338 2100 1378 morem
2135 1341 2292 1380 suum
2316 1327 2546 1390 Sedaret,
2581 1327 2646 1380 ad
2671 1329 2889 1382 castella
2905 1326 3308 1398 Mesopotamia:
3339 1345 3466 1386 eum

1898 1415 2079 1478 nii~it,
2105 1425 2163 1468 ut
2200 1416 2266 1470 iis
2307 1417 2440 1470 locis
2473 1418 2723 1485 praesidio
2751 1430 2931 1484 esset,
2967 1429 3019 1472 et
3051 1416 3338 1474 Persarum
3373 1438 3469 1477 ex-

1897 1508 2177 1560 cursiones
2205 1507 2606 1575 comprimeret.

1967 1597 2020 1652 8.
2056 1596 2308 1667 Babylas.
2337 1629 2406 1638 —
2444 1597 2521 1653 De
2545 1598 2742 1669 Babyla
2773 1609 3028 1672 martyre,
3056 1611 3188 1671 quot
3217 1609 3270 1656 et
3295 1619 3470 1671 quan-

220 1715 276 1750 τε
303 1698 589 1762 Ἰουλιανὸς
619 1701 698 1763 εἰς
722 1700 782 1752 τὸ
809 1701 1140 1772 μαρτυρικὸν
1162 1702 1336 1755 ὲκεῖνο
1360 1700 1515 1772 σῶμα
1542 1701 1786 1773 παρῴνηο

1900 1688 1964 1740 tis
1999 1689 2342 1743 contumeliis
2399 1703 2612 1743 sacrum
2642 1691 2760 1758 ejus
2787 1705 2988 1758 corpus
3035 1691 3274 1747 all‘ecerit
3305 1692 3471 1748 Julia-

223 1807 310 1841 σεν
336 1832 349 1848 .
386 1792 486 1843 ὅσα
515 1803 573 1843 τε
599 1794 772 1844 εἰπεῖν
798 1791 1084 1860 ἐξεϐιάσθη
1108 1791 1176 1845 τὰ
1203 1792 1456 1862 δαιμόνια
1473 1831 1487 1854 ,
1529 1793 1621 1844 καὶ
1646 1793 1790 1857 ὅπως

220 1881 471 1951 κεραυνῷ
500 1882 560 1934 τὸ
584 1882 676 1934 τοῦ
713 1883 1043 1946 ’Λπόλλωνος
1073 1883 1220 1952 αὐτῷ
1290 1879 1645 1954 καθιδρύματι
1679 1883 1790 1954 (65)

218 1972 584 2043 ἀπετεφρὼθη
612 1975 837 2043 τέμενος
857 2014 871 2036 ,
906 1977 1000 2028 καὶ
1021 1976 1122 2028 ὅσα
1150 1975 1283 2029 ἄλλα
1309 1974 1450 2028 κατά
1475 1975 1792 2044 ἀνθρώπους

217 2082 273 2117 τε
305 2066 403 2118 καὶ
454 2065 595 2136 ὑπὲρ
638 2065 954 2137 ἀνθρώπους
1004 2065 1508 2138 παρεδοξοποιήθη,
1543 2067 1642 2119 οὐκ
1699 2067 1791 2119 ἐπὶ

221 2157 360 2226 μέγα
393 2159 837 2229 παραλλάττοντα
862 2163 974 2224 τοῖς
996 2160 1175 2223 ἄλλοις
1195 2155 1350 2223 οὗτος
1383 2161 1604 2230 ἱστορεῖ.
1629 2161 1790 2228 Λέγει

216 2250 270 2302 δὲ
303 2252 652 2323 μαρτυρῆσαι
685 2252 774 2305 τὸν
822 2253 965 2322 ἱερὸν
995 2253 1239 2306 Βαϐύλαν
1291 2253 1387 2306 σὺν
1419 2253 1564 2324 τρισὶ
1613 2252 1788 2313 παισὶ,

218 2339 414 2411 κομιδῇ
448 2341 546 2410 μὲν
570 2342 738 2406 νέοις,
767 2343 828 2394 τὸ
866 2343 1020 2410 γένος
1052 2343 1096 2394 δ’
1128 2342 1375 2411 ἀδελφοῖς
1401 2359 1412 2372 ·
1455 2341 1515 2394 τὸ
1557 2341 1612 2394 δὲ
1654 2358 1791 2410 μαρ-

217 2430 404 2500 τύριον
437 2433 731 2503 ἀπ’άρχῆς
753 2433 1004 2504 τοιαύτης
1038 2433 1305 2504 προϐῆναι
1326 2449 1339 2463 °
1373 2433 1700 2494 Ἐπίσκοπος
1725 2427 1792 2502 ἦν

215 2521 314 2591 τῆς
353 2523 684 2591 Ἀντιοχείας
709 2526 738 2577 ό
760 2523 1024 2588 Βαϐύλας.
1064 2522 1424 2595 Νουμεριανῴ
1452 2523 1507 2576 δὲ
1539 2521 1616 2592 τῷ
1657 2523 1791 2576 Ῥω-

222 2615 399 2683 μαίων
430 2615 657 2684 βασιλεῖ,
692 2617 725 2686 ῆ
751 2617 825 2679 ὼς
855 2616 982 2670 ἔνιοι
1018 2618 1191 2688 Δεκίῳ
1225 2617 1378 2686 φασὶ,
1409 2616 1550 2670 κατά
1577 2616 1640 2686 δή
1674 2633 1792 2669 τινα

217 2706 450 2777 δαίμονα
476 2707 701 2779 γνώμην
735 2711 1013 2779 ἐμπεσεῖν,
1068 2709 1416 2780 πληθυούσης
1449 2709 1564 2780 τῆς
1594 2708 1796 2778 ἐκκλη-

221 2797 342 2861 σίας
366 2799 630 2852 είσελθεῖν
660 2801 718 2852 ὲν
746 2801 900 2870 αὐτῇ.
930 2799 1033 2852 Τὸν
1057 2799 1116 2852 δέ
1154 2816 1218 2867 γε
1249 2798 1342 2852 τοῦ
1364 2797 1498 2852 Θεοῦ
1532 2797 1792 2868 ἀρχιερέα

221 2884 362 2936 κατά
408 2883 480 2937 τά
535 2884 848 2954 προπύλαια
901 2885 1098 2938 στάντα
1129 2883 1222 2936 τοῦ
1268 2881 1406 2947 νεὼ,
1456 2882 1553 2952 τὴν
1593 2881 1793 2933 εἴσοδον

1897 1797 2000 1836 nus
2027 1823 2040 1845 ,
2082 1797 2202 1850 qua:
2234 1783 2357 1835 item
2407 1782 2588 1837 dicere
2617 1785 2789 1838 coacti
2825 1783 3024 1839 fuerint
3062 1785 3340 1842 daemOnes
3365 1828 3379 1850 ,
3415 1802 3469 1842 et

1895 1875 2350 1943 quemadmodum
2388 1875 2654 1944 Apollinis
2685 1879 2945 1946 templum
3003 1894 3106 1932 una
3139 1891 3261 1933 cum
3297 1881 3468 1934 simu~

1896 1966 2064 2028 lacro,
2091 1964 2316 2020 fulmine
2347 1967 2512 2020 ictum
2547 1969 2982 2038 conﬂagraverit,
3001 1969 3211 2039 reliqua
3237 1972 3470 2041 denique

1895 2056 2253 2120 admiranda,
2296 2074 2417 2126 qme
2467 2059 2665 2126 partim
2730 2060 2969 2113 humano
3029 2077 3218 2128 more,
3271 2066 3466 2132 partial

1895 2163 2058 2214 supra
2092 2148 2358 2202 humanas
2387 2149 2531 2202 vires
2561 2157 2689 2202 tunc
2715 2160 2862 2218 gesta
2897 2160 3063 2215 sunt,
3103 2169 3208 2206 non
3238 2156 3468 2208 multum

1895 2239 1963 2292 ab
1987 2240 2106 2293 aliis
2131 2236 2346 2294 diversa
2379 2250 2561 2294 narrat
2586 2239 2984 2310 Philostorgius
3013 2244 3147 2312 (66).
3184 2243 3276 2297 Ait
3303 2261 3467 2314 porro

1896 2340 2142 2384 sanetum
2192 2329 2446 2400 Babylam
2495 2333 2754 2402 martyrio
2787 2334 3129 2402 perfunctum
3185 2351 3308 2388 esse
3360 2352 3466 2390 una

1895 2438 2018 2475 cum
2058 2422 2232 2476 tribus
2266 2425 2450 2492 pueris
2501 2423 2764 2479 fratribus
2789 2465 2804 2490 ,
2833 2427 3120 2480 admodum
3159 2428 3469 2483 adolescen-

1897 2513 2072 2577 tibus;
2101 2515 2417 2585 martyrium
2450 2531 2578 2570 vero
2620 2532 2687 2570 ex
2726 2517 3039 2586 liujusmodi
3071 2535 3234 2574 causa
3277 2535 3467 2588 prove-

1895 2607 2065 2661 nisse.
2099 2606 2226 2661 Erat
2267 2608 2498 2680 Babylas
2525 2610 2812 2680 episcopus
2845 2613 3162 2667 Antiochiae.
3219 2612 3466 2680 Quodam

1897 2699 2060 2768 igitur
2107 2709 2350 2770 tempore
2402 2700 2793 2758 Numer-ianum
2846 2703 3008 2759 Rom.
3061 2708 3466 2777 imperatorem,

1897 2791 2030 2852 sive,
2067 2801 2127 2844 ut
2149 2791 2238 2844 alii
2268 2793 2476 2857 dicunt,
2506 2793 2726 2849 Decium
2748 2835 2763 2860 ,
2794 2811 2824 2849 a
2858 2799 3101 2852 daemone
3131 2799 3343 2854 invecta
3370 2816 3467 2855 cu-

1897 2883 2098 2953 piditas
2128 2883 2351 2937 incessit
2385 2884 2721 2953 ingrediendi
2778 2887 2830 2939 in
2882 2886 3169 2942 ecclesiam
3203 2886 3470 2943 Christia-

220 2976 608 3045 ἀποτειχίζειν,
641 2977 944 3046 φάσκοντα,
972 2977 1070 3030 ὅσα
1099 2992 1162 3044 γε
1193 2976 1413 3040 δυνατὸς
1447 2975 1531 3045 εἴη
1553 3015 1566 3035 ,
1598 2974 1672 3044 μὴ
1703 2989 1790 3025 πε-

1900 2987 2118 3036 norum,
2155 2987 2276 3026 cum
2313 2973 2545 3042 p0pulus
2585 2975 2650 3027 ad
2687 2989 2806 3028 eam
2839 2976 3313 3045 frequentissimus
3343 2992 3469 3032 con-

222 3066 507 3137 ριόψεσθαι
558 3067 720 3121 λύκον
769 3068 847 3139 τῷ
889 3069 1123 3139 ποιμνίῳ
1175 3068 1650 3139 παρεισδυόμενον.
1684 3065 1790 3117 Καὶ

1901 3063 2153 3117 venisset.
2183 3061 2382 3118 Verum
2416 3068 2669 3120 sacerdos
2707 3065 2801 3121 Dei
2855 3069 2919 3122 ad
2953 3069 3194 3123 ecclesia:
3231 3069 3466 3124 vestibu-

216 3160 308 3214 τὸν
332 3161 438 3230 μὲν
457 3161 654 3214 αὐτίκα
679 3161 777 3230 τῆς
797 3161 974 3232 ὁρμῆς
995 3159 1450 3231 ἀνακῳυσθῆναι,
1474 3157 1583 3214 εἴτε
1609 3157 1790 3210 στάσιν

1900 3155 2004 3208 lum
2050 3164 2242 3216 stans.
2301 3157 2506 3210 aditum
2555 3157 2602 3212 ei
2648 3157 2992 3224 interclusit,
3045 3175 3299 3214 asserens
3356 3174 3467 3214 non

219 3253 595 3323 ὕπειδόμενον,
623 3253 734 3307 εἴτε
759 3255 854 3308 καὶ
879 3253 1052 3318 άλλως
1081 3252 1648 3326 μεταϐουλευσάμενον
1665 3266 1678 3279 ο
1705 3249 1790 3302 τὸν

1900 3263 2180 3316 passurum
2210 3265 2288 3315 se,
2318 3259 2582 3319 quantum
2611 3252 2830 3320 quidem
2865 3253 2919 3306 in
2959 3254 3076 3322 ipso
3105 3264 3243 3318 erat,
3287 3264 3347 3307 ut
3377 3251 3465 3307 lu-

219 3346 520 3399 ἐπίσκοπον
558 3345 750 3418 πρῶτα
806 3347 903 3417 μὲν
933 3345 1043 3415 (64)
1085 3346 1185 3414 τῆς
1236 3346 1435 3414 τόλμης
1483 3341 1790 3406 αἰτιᾶσθαι,

1900 3355 1996 3408 pus
2026 3341 2078 3392 in
2110 3341 2252 3395 ovile
2285 3341 2564 3410 irreperet.
2597 3341 2894 3411 Imperator
2929 3359 3094 3406 vero,
3131 3345 3310 3398 statim
3343 3345 3468 3412 qui-

218 3439 416 3492 ἔπειτα
449 3439 506 3492 δὲ
534 3439 773 3492 κελεύειν
807 3439 896 3491 τὸν
935 3439 1080 3491 ὅσιον
1106 3439 1218 3500 τοῖς
1246 3437 1459 3507 δαίμοσι
1485 3435 1632 3488 θύειν
1655 3449 1669 3463 ο
1703 3432 1790 3502 μό-

1900 3432 2015 3486 dem
2052 3433 2121 3486 ab
2153 3432 2368 3501 incepto
2392 3433 2618 3500 destitit,
2642 3449 2736 3488 seu
2772 3436 2914 3504 quod
2939 3436 3260 3491 seditionem
3290 3435 3464 3490 refor-

219 3550 315 3601 νην
353 3530 468 3601 γὰρ
496 3529 631 3583 εἶναι
658 3530 756 3602 τὴν
783 3528 1059 3595 ὲξοσίωσιν
1085 3529 1306 3600 ταύτην,
1336 3529 1488 3582 λύσιν
1512 3545 1570 3582 τε
1601 3526 1790 3597 ἐγκλή-

1900 3523 2154 3586 midaret,
2185 3539 2280 3578 seu
2312 3525 2383 3577 ob
2414 3525 2576 3579 aliam
2628 3527 2942 3594 quampiam
2999 3541 3220 3580 causam
3258 3532 3465 3580 mutata

223 3641 395 3693 ματος
422 3664 436 3684 ,
469 3623 562 3676 καὶ
587 3623 684 3693 τῆς
713 3623 849 3692 μετὰ
878 3622 1049 3675 ταῦτα
1081 3621 1244 3691 τιμῆς
1272 3636 1332 3673 τε
1361 3622 1454 3674 καὶ
1481 3619 1636 3690 δόξης
1665 3619 1790 3690 πρός

1900 3616 2194 3682 sententia;
2218 3617 2532 3686 episc0pum
2565 3631 2694 3672 vero
2721 3659 2735 3681 ,
2777 3619 3011 3688 primum
3047 3617 3262 3687 quidem
3296 3626 3466 3672 teme-

221 3713 394 3777 ξενον.
430 3712 533 3764 Τὸν
559 3712 638 3775 δὲ,
675 3712 937 3781 γενναίως
969 3711 1105 3783 πρὸς
1137 3713 1344 3766 ἕκαστα
1373 3711 1482 3764 τῶν
1520 3727 1790 3780 προτεινο-

1900 3709 2065 3764 ritatis
2091 3710 2390 3775 accusavit,
2417 3710 2612 3764 deinde
2639 3710 2981 3764 daemonibus
3001 3709 3314 3764 sacrificare
3335 3709 3458 3778 jus-

225 3804 408 3873 μένων
435 3803 903 3874 ἀντιταττόμενον,
931 3803 1024 3856 τὸν
1061 3800 1398 3873 μαρτυρικὸν
1425 3801 1790 3872 ἀναδήσασθαι

1900 3801 1995 3854 sit:
2029 3816 2194 3854 unum
2227 3801 2370 3855 enim
2403 3802 2455 3854 id
2483 3801 2812 3855 sacrificium
2837 3817 2957 3856 esse
2982 3840 2996 3865 ,
3028 3815 3138 3868 quo
3171 3809 3225 3855 et
3250 3799 3461 3854 crimen

223 3895 507 3964 στέφανον.
1887 3907 2045 3946 suum
2071 3891 2293 3954 diluere,
2327 3900 2382 3945 et
2416 3892 2469 3944 in
2497 3899 2771 3959 posterum
2805 3894 3066 3946 honorem
3105 3891 3208 3945 sibi
3240 3905 3305 3945 ac
3331 3889 3453 3960 glo-

222 3989 360 4042 riam
393 3999 710 4058 comparare
750 3995 953 4057 posset.
1001 3987 1300 4056 Episcopus
1331 4000 1461 4040 vero
1487 4023 1505 4050 ,
1555 4001 1678 4040 cum
1723 3986 1791 4042 iis
1828 4000 1949 4056 qua:
2005 3984 2109 4054 ipsi
2138 3985 2611 4054 proponebantur,
2644 3984 2767 4040 forti
2833 4001 2898 4042 ac
2947 3999 3212 4058 generoso
3275 3983 3465 4040 animo

220 4082 534 4148 restitisset,
571 4082 816 4152 martyrii
851 4095 1106 4137 coronam
1139 4081 1364 4150 adeptus
1403 4090 1506 4137 est.

290 4177 358 4232 θ’.
397 4177 521 4230 Ὀτι
546 4177 672 4240 τοὺς
713 4175 807 4230 τοῦ
831 4176 1098 4247 ξΣωτῆρος
1131 4177 1412 4247 χρησμοὺς
1436 4216 1450 4240 ,
1483 4175 1534 4229 οἳ
1561 4175 1660 4246 τὴν
1692 4176 1790 4230 Ἰε-

1951 4171 2003 4227 9.
2018 4172 2503 4242 Hierosolymorum
2527 4173 2845 4226 instauratio
2876 4173 3080 4242 {rustra
3121 4183 3462 4244 suscepta.—

226 4269 514 4344 ρουσαλὴμ
539 4269 942 4341 ἀνατετράφθαι
969 4269 1216 4339 λέγουσιν
1237 4308 1251 4336 ,
1289 4268 1428 4322 ὥστε
1472 4267 1602 4338 μηδὲ
1642 4266 1787 4320 λίθον

1900 4265 2154 4334 Apostata
2183 4263 2434 4321 Julianus
2457 4304 2474 4328 ,
2505 4263 2816 4320 Servatoris
2840 4265 3013 4321 nostri
3044 4267 3300 4334 oracula,
3332 4267 3458 4340 qui-

1348 4407 1364 4426 °
1447 4421 1685 4465 VALESII
1723 4418 2220 4464 ANNOTATIONES.

289 4536 433 4610 (61)Δ
454 4535 616 4610 Κατὰ
672 4535 738 4588 τὸ
780 4531 1060 4610 δειλινόν.
1095 4527 1252 4610 Circo
1289 4543 1594 4610 uesperam:
1629 4526 1787 4608 vertit

1900 4524 2362 4610 θὲἱεῗημῆἕαιι,
2417 4595 2430 4610 ,
2546 4609 2551 4610 ,
2909 4607 2939 4610 _

223 4591 635 4668 Gothofredus,
705 4613 922 4676 secutus
982 4591 1489 4676 interpretationem
1561 4597 1787 4676 Joannis
1906 4591 3170 4676 (63)Αὖτῷκαθιᾷρύμαςι.[1ιιιιοιοᾳιιιιιτεειίιιιῑ
3187 4605 3252 4646 ex
3267 4605 3458 4676 manu-

224 4661 394 4748 ἰσαιιεί
420 4717 436 4739 ,
466 4679 568 4748 qui
704 4674 842 4748 libro
888 4661 1176 4748 undeciqu
1205 4667 1489 4748 Nieephori
1517 4667 1664 4748 ,_ubi
1701 4668 1788 4722 hic
1885 4661 2088 4748 serlpto
2109 4661 2294 4748 «ionice
2312 4661 2579 4748 sam'uelis
2599 4663 2938 4748 chhartizjn
2960 4661 3452 4748 quo-itascrigbiturs

1883 4733 2032 4807 αὑτῷ
2053 4734 2434 4805 καθιδρύματι.
2463 4735 2519 4788 In
2545 4734 2965 4807 eodemeodice
2979 4733 3239 4807 scriptum
3250 4732 3452 4807 juveni

1882 4800 2108 4876 γνώμην
2121 4800 2403 4876 ἐμπεσεῖν,
2416 4819 2524 4859 non
2539 4805 2874 4876 ὲκπεσεῐνῃιι
2884 4802 3052 4876 edidit
3065 4800 3454 4876 Gothofredus.

1960 4871 2075 4946 (64)
2095 4871 2216 4946 -Τὸν
2238 4875 2576 4946 ἐπίσκοπον
2601 4871 2804 4946 πρῷτα
2824 4871 3126 4946 βέῃ-Αηιο
3155 4871 3270 4946 haec
3291 4871 3453 4946 verba

1889 4940 2254 5017 ponendaes‘t
2279 4943 2788 5017 llnalisdistinctio:
2822 4940 3024 5017 Deinde
3047 4940 3352 5017 supplenda
3369 4955 3452 4997 est

1891 5011 2200 5084 coniunctio
2223 5014 2327 5068 hoc
2352 5012 2654 5084 m0d0,7ftbv
2677 5011 2734 5064 δὲ
2763 5011 3080 5079 ἐπίσκοπον,
3095 5019 3228 5079 etc.,
3253 5020 3314 5066 ut
3336 5011 3452 5066 hac

1890 5083 2260 5154 respondeant
2290 5083 2680 5164 superioribus.

1963 5154 2078 5226 (βξ)
2101 5151 2412 5226 ’[Ιιθοιίοτιι.
2440 5154 2476 5208 l.
2501 5166 2593 5226 ιιι,
2627 5169 2678 5208 c.
2711 5151 2778 5207 16

1963 5191 2078 5296 ὶξὲς
2112 5191 2476 5302 usus;
2495 5191 2792 5291 ἐὲὶξὶὶῖἔξ

223 4736 573 4817 ΡΙιίιῖιειοιῖιςὶἰ
607 4746 759 4800 locus
787 4740 1246 4817 describitu_r,_ita_
1260 4736 1512 4817 verterat.
1528 4736 1790 4817 Egovero

224 4823 367 4874 circa
417 4809 684 4872 meridiem
730 4821 940 4868 vertere
987 4811 1173 4865 malui.
1229 4809 1282 4863 Id
1330 4809 1474 4863 enim
1521 4809 1791 4877 significat

225 4890 416 4946 Graeca
440 4901 567 4948 vos.
599 4898 658 4962 ut
679 4893 906 4940 testatur
933 4880 1205 4962 Suidasin
1233 4878 1410 4948 δείλη,
1437 4893 1559 4946 qua!
1585 4887 1792 4932 utrum-

259 4971 332 5015 ne
361 4968 467 5013 tem
512 4973 576 5013 us
603 4958 842 5020 denotat,
871 4964 979 5009 tam
1009 4951 1364 5006 meridianum
1433 4964 1555 5002 nam
1579 4962 1790 5017 vesper-

224 4975 423 5086 tinum.
461 4974 660 5082 eorum
713 5025 893 5099 es__iis
946 5037 1069 5094 qua:
1119 5021 1340 5099 subjici}
1369 4963 1789 5099 Diilgstorgius,

225 5101 363 5156 satis
392 5106 615 5168 apparet
641 5088 1000 5168 meridianum
1033 5088 1245 5168 tempus
1270 5089 1356 5168 hic
1381 5088 1626 5168 intelligi.
1647 5155 1676 5168 Α.

298 5157 778 5241 (ϐεγὲημηνῶῃ-
792 5164 883 5220 Sic
916 5165 1079 5218 etiam
1112 5157 1168 5216 iri
1202 5159 1389 5241 codice
1429 5157 1790 5241 Bocbartiano

226 5226 724 5309 scriptum‘in'veai.
756 5233 868 5292 Lex
901 5242 1080 5288 tamen
1103 5228 1454 5303 grammatica
1483 5227 1649 5282 scribi
1690 5226 1780 5296 ju-

1681 5384 2010 5431 VARIORUII
2019 5415 2034 5429 .

300 5509 374 5575 ta)
402 5506 543 5575 Περὶ
574 5505 682 5559 τοῦ
709 5501 1011 5572 μάρτυρος
1038 5491 1641 5577 Βαϐύλρ.“οε,ἰιιξὶεηε
1682 5491 1786 5547 hoc

1900 5491 2112 5577 ξαρρψ,
2140 5502 2270 5577 ιοιιι.
2301 5489 2368 5577 Y,
2391 5490 2522 5577 edit.
2556 5485 2866 5557 Savilianae,
2895 5495 2950 5544 et
2979 5485 3206 5544 Suidam
3231 5483 3291 5541 in
3315 5497 3450 5542 voce

231 5560 504 5648 martyre:
538 5560 956 5644 quem-passum
987 5560 1117 5625 esse
1169 5567 1274 5622 sub
1307 5563 1471 5619 Decio
1510 5560 1641 5632 imp.
1679 5577 1786 5616 non

230 5654 333 5704 sub
387 5647 718 5702 Numeriano
761 5650 991 5697 constat.
1037 5637 1156 5693 νεά.
1197 5636 1477 5707 Chrysost.
1518 5642 1657 5688 orat.
1713 5633 1790 5687 De

1900 5560 2149 5626 Βαόὖλας.
2181 5560 2270 5616 W.
2313 5560 2514 5616 Lowth.
