3842 6302
356 172 459 232 5-H

1726 160 1948 215 PHILOE

2052 159 2204 214 lRGll
3503 167 3609 221 3&8

359 289 460 344 btts
492 283 863 356 Hierosolyma
893 285 964 339 ita
995 298 1245 338 eversum
1290 282 1352 335 iri
1390 279 1746 348 praedixerat,
1784 287 1842 331 ut
1873 292 1938 330 ne

2052 277 2131 330 ἐπὶ
2183 275 2314 346 λίθῳ
2363 279 2574 346 μεῖναι,
2630 276 2840 338 τούτοις
2889 277 2917 328 ό
2951 276 3261 346 ἀποστάτης
3312 276 3391 338 είς
3418 276 3613 344 ψεῦδος

358 379 496 448 lapis
524 377 745 448 quidem
771 392 934 445 supra
965 376 1194 444 lapidem
1220 382 1364 426 esset
1395 385 1772 429 remansurus,
1811 367 1931 421 falsi

355 471 683 525 convincere
711 468 955 530 molitus,
982 481 1088 519 non
1115 464 1276 518 modo
1301 478 1488 516 eorum
1519 477 1639 529 qua“
1657 461 1934 513 studuerat

357 562 492 616 nihil
527 561 783 629 perfecit:
831 559 941 611 itno
991 557 1152 610 etiam
1209 554 1569 609 certissimam
1617 553 1930 604 eorunulem

359 651 638 705 veritatem
673 649 874 702 invitus
927 648 1050 700 licet
1091 645 1433 699 enntirmavit
1477 643 1611 710 (67).
1647 640 1780 694 Nam
1808 658 1932 694 cum

360 753 551 792 omnes
584 737 824 805 undique
862 734 1080 789 Judaeos
1108 735 1445 804 collegisset,
1476 742 1529 786 et
1554 733 1813 802 pecunias
1842 732 1936 786 iis-

359 829 480 883 dem
515 845 580 882 οι
609 829 806 882 aerario
833 843 897 882 ac
925 827 1139 896 reliqua
1171 827 1412 880 subsidia
1442 825 1782 894 praebuisset,
1810 840 1938 892 prte-

361 922 501 988 cepit
532 920 614 974 eis
649 927 708 972 ut
734 919 994 988 templum
1035 920 1423 972 instanrarent.
1469 915 1666 971 Verum
1703 926 1936 970 terrores

362 1011 626 1066 divinitus
651 1010 906 1076 immissi,
939 1025 1078 1079 quos
1113 1009 1259 1062 nulla
1298 1009 1379 1062 vis
1406 1007 1729 1077 eloquentia:
1763 1007 1938 1076 expli-

361 1117 490 1158 care
518 1102 720 1172 possit,
747 1117 856 1156 non
911 1101 1074 1156 modo
1125 1100 1384 1169 impetum
1416 1099 1634 1154 illorum
1662 1113 1940 1167 compres-

296 1201 300 1206 '
363 1204 585 1261 serunt,
621 1195 716 1249 sed
763 1194 926 1248 etiam
973 1202 1086 1248 tum
1142 1192 1523 1262 imperatorem
1581 1191 1791 1260 ipsum,
1822 1196 1937 1243 tum

360 1282 574 1338 Iudaeos
597 1325 612 1347 ,
645 1284 710 1337 ad
749 1283 985 1353 inopiam
1017 1282 1229 1337 consilii
1267 1281 1510 1336 redactos
1538 1321 1553 1346 ,
1594 1295 1807 1334 summo
1849 1280 1941 1334 de-

361 1378 558 1433 decore
583 1377 894 1432 all'ecernnt.
933 1375 1069 1431 llinc
1097 1375 1247 1440 enim.
1275 1375 1412 1444 ignis
1459 1392 1552 1430 eos
1591 1375 1684 1444 qui
1717 1389 1938 1428 manum

360 1469 512 1539 operi
565 1469 856 1523 admovere
905 1467 1021 1522 ausi
1064 1467 1318 1532 fuerant,
1355 1467 1613 1536 depastus
1663 1478 1777 1532 est;
1817 1466 1944 1520 hinc

361 1571 519 1615 terra:
551 1570 733 1615 motus
765 1559 983 1626 obruit;
1029 1560 1168 1613 alios
1217 1559 1335 1612 alia:
1377 1559 1712 1612 calamitates
1740 1558 1945 1610 exstin-

2036 371 2278 439 ἐλέγχειν
2305 368 2626 438 διανοηθεὶς,
2659 370 2718 421 οὐ
2751 369 2908 438 μόνον
2929 369 3078 421 οὐδὲν
3099 369 3292 439 ἤνυσεν
3316 361 3390 420 ὧν
3415 368 3615 421 ὲσπού-

2035 462 2195 513 δασεν
2215 503 2230 525 ,
2255 460 2391 513 ἀλλὰ
2416 459 2476 512 τὸ
2501 462 2558 512 ὲν
2587 462 2695 523 τοῖς
2739 463 3036 531 χρησμοῖς,
3067 463 3113 512 εἰ
3152 461 3245 512 xui.
3273 460 3422 513 ἄκων
3443 499 3458 523 ,
3496 460 3617 513 ἐϐε-

2036 550 2265 603 ϐαίωσεν
2314 551 2723 619 ἀμετάπτωτον.
2783 551 2840 603 '0
2877 551 2976 622 μὲν
3021 551 3129 621 γὰρ
3181 552 3305 613 τοὺς
3358 550 3613 621 πανταχῆ

2037 643 2362 713 συναγείρας
2425 644 2706 707 Ἰουδαίους
2732 686 2746 708 ,
2789 644 2879 698 καὶ
2933 644 3142 697 οἴκοθεν
3201 646 3460 714 χρήματα
3521 646 3617 696 καὶ

2036 733 2264 802 δύναμιν
2294 732 2460 803 ἄλλην
2490 737 2790 804 παρασχὼν
2809 774 2824 796 ,
2859 733 3226 797 ἀνακαινίζειν
3257 735 3528 804 ἐπέτρεπε
3557 734 3617 786 τὸ

2040 827 2204 895 ἱερόν.
2234 826 2476 896 Δείματα
2519 827 2574 879 δὲ
2609 826 2842 896 θεήλατα
2871 827 3131 895 γεγονότα
3163 828 3414 897 διήγησιν
3447 829 3617 899 ὐπερ-

2039 917 2291 970 ϐαίνοντα
2314 956 2328 978 ,
2363 917 2423 968 οὐ
2477 916 2635 985 μόνον
2675 916 2908 968 ἔσϐεσεν·
2928 917 3105 968 αὐτῶν
3135 916 3232 988 τὴν
3279 918 3614 989 προθυμίαν,

2037 1008 2171 1060 ἀλλὰ
2227 1007 2322 1060 καὶ
2378 992 2539 1061 αὐτδν
2595 1009 2852 1073 καὶτοὺς
2907 1009 3190 1073 Ἰουδαίους
3245 1013 3324 1074 είς
3379 1013 3618 1080 ἐσχάτην

2039 1097 2345 1168 ἀμηχανίαν
2374 1100 2468 1150 καὶ
2511 1097 2772 1168 αἰσχύνην
2815 1101 3268 1171 κατεστρέψαντο.
3309 1100 3480 1154 Τοῦτο
3517 1103 3617 1171 μὲν

2039 1188 2178 1259 γάρ,
2212 1186 2323 1260 πῦρ
2372 1188 2669 1260 ἐπενέμετο
2725 1190 2850 1254 τοὺς
2890 1191 3214 1262 ἐργάζεσθαι
3261 1191 3613 1262 τολμῶντας*

2039 1281 2196 1333 τοῦτο
2226 1280 2282 1333 δὲ
2305 1321 2319 1343 ,
2357 1281 2578 1351 σεισμὸς
2615 1279 2879 1352 ἐχώννυεν
2899 1299 2912 1313 ·
2941 1283 3035 1336 καὶ
3077 1283 3268 1347 ἄλλους
3303 1285 3438 1338 ἄλλα
3469 1286 3615 1356 πάθη

2042 1370 2451 1440 κατεμερίζετο,
2475 1371 2571 1423 xui
2594 1372 2627 1442 ή
2649 1371 3029 1441 καταισχύνειν
3053 1373 3120 1424 τὰ
3141 1373 3437 1426 δεσποτικὰ
3457 1373 3617 1440 λόγια

2046 1464 2382 1534 μελετήσασα
2429 1463 2632 1534 τόλμα,
2664 1464 2724 1516 τὸ
2770 1465 2992 1517 ἐκείνων
3039 1467 3471 1536 ἀκαταίσχυντον
3523 1468 3619 1520 καὶ

2046 1555 2485 1626 σεϐασμιώτατον
2506 1556 2724 1627 λέληθεν
2751 1557 2948 1628 ἑαυτὴν
2970 1558 3434 1627 άνακηρύττουσα.

361 1671 514 1712 xcre.
572 1657 665 1711 Sic
716 1657 947 1711 audacia
996 1672 1118 1726 qua:
1159 1655 1378 1710 ornenla
1418 1655 1632 1709 Domini
1669 1653 1841 1708 nostri
1899 1653 2192 1722 ignominia
2235 1651 2443 1706 allicere
2487 1661 2820 1719 tentaverat,
2871 1653 3187 1707 eornnnlem
3244 1653 3616 1709 inviolabilem

361 1765 427 1803 ac
451 1750 814 1804 venerandam
855 1750 1148 1805 efﬁcaciam
1185 1750 1503 1820 imprudens
1538 1751 1713 1820 palam
1753 1749 2080 1819 praedicavit.

437 1864 527 1919 l0.
579 1865 790 1919 Iuliani
855 1867 1100 1934 comitis,
1154 1865 1384 1928 Felicis,
1449 1866 1649 1936 Elpidii
1700 1866 2020 1931 horrendi];

361 1960 537 2012 exitus
555 1957 764 2029 (68).—
789 1957 925 2013 Cum
951 1959 1102 2013 multi
1119 1975 1182 2012 ex
1202 1957 1269 2012 iis
1294 1957 1386 2028 qtti
1404 1956 1944 2012 adversusCitristia-

364 2067 465 2106 nos
493 2059 547 2105 et
574 2059 764 2106 contra
800 2051 1114 2120 religionem
1153 2032 1474 2106 debaecb’ati
1505 2049 1742 2112 fuerant,
1777 2050 1944 2103 nteri-

363 2151 450 2198 tas
481 2157 671 2210 poenas
723 2142 1033 2208 dederunt,
1085 2152 1199 2195 tum
1255 2141 1698 2197 manifestissime
1744 2150 1798 2195 et
1843 2141 1945 2195 sub

365 2235 609 2288 omnium
638 2245 931 2303 conspectu
960 2247 1252 2304 praesentes
1284 2234 1564 2288 solverunt
1591 2249 1782 2303 pinnas
1805 2274 1818 2296 ,
1849 2231 1947 2285 Ju-

367 2324 546 2380 lianus
578 2338 763 2380 comes
786 2322 1054 2390 Orientis,
1083 2324 1385 2378 avunculus
1412 2326 1686 2394 Apostatae
1722 2322 1944 2388 Juliani,

366 2423 422 2470 et
451 2414 601 2469 Felix
627 2431 813 2471 comes
843 2415 1196 2486 largitionum
1221 2457 1235 2481 ,
1261 2425 1312 2469 et
1342 2414 1584 2484 Elpidius
1626 2417 1946 2485 praepositus

367 2507 564 2562 domus
601 2507 761 2578 regia:
789 2547 803 2570 ,
835 2522 977 2579 quos
1010 2505 1240 2561 Romani
1286 2523 1478 2561 vocare
1513 2508 1690 2560 solent
1717 2508 1946 2561 comites

370 2613 552 2652 rerum
581 2599 936 2668 privatarum.
973 2597 1058 2651 lli.
1080 2615 1241 2666 porro
1275 2607 1384 2652 tres
1436 2609 1592 2652 erant
1621 2615 1686 2652 ex
1719 2613 1948 2652 numero

368 2705 558 2745 eorum
585 2689 678 2758 qtti
703 2689 757 2742 in
789 2689 1133 2758 imperatoris
1160 2689 1385 2757 gratiam
1419 2705 1449 2742 a
1473 2689 1731 2758 religione
1764 2698 1948 2741 nostra

371 2783 738 2838 desciverant.
772 2781 851 2836 Ac
878 2781 1030 2835 Felix
1058 2781 1276 2850 quidem
1298 2821 1314 2843 ,
1337 2795 1460 2834 cum
1499 2758 1773 2834 nulla-alia
1809 2795 1948 2848 pra:-

374 2875 634 2930 cessisset
682 2889 890 2939 causa,
940 2889 1045 2926 una
1095 2889 1161 2926 ex
1214 2873 1563 2926 interioribus
1630 2873 1782 2925 venis
1829 2887 1950 2940 qme

376 2967 622 3024 omnium
648 2967 886 3020 maxima
915 2965 1218 3029 est,subit0
1247 2975 1425 3033 rupta,
1462 2965 1745 3034 sanguinis
1775 2965 1948 3018 rivum

376 3077 445 3117 ex
475 3075 569 3116 ore
601 3058 790 3114 effudit
816 3100 830 3123 ,
861 3069 914 3114 et
962 3059 1292 3113 horrendum
1345 3059 1557 3113 cunctis
1603 3060 1692 3128 qtti
1725 3060 2000 3114 aderant.

377 3152 744 3224 spectaculum
792 3151 1039 3223 prazbens
1063 3191 1077 3214 ,
1115 3166 1182 3205 ne
1215 3151 1355 3204 diem
1407 3150 1622 3220 quidem
1653 3160 1822 3205 totum
1860 3167 1953 3205 sn-

2123 1871 2173 1919 ι’.
2209 1866 2330 1919 ’Ὀτι
2375 1864 2559 1919 πολλοὶ
2589 1868 2686 1936 μὲν
2715 1865 2821 1920 τῶν
2854 1869 2933 1930 είς
2981 1867 3107 1930 τοὺς
3141 1866 3499 1938 Χριστιανοὺς
3529 1867 3625 1919 καὶ

2045 1955 2143 2028 τὴν
2166 1957 2444 2013 εὐσέϐειαν
2469 1959 2832 2028 ἐκμανέντων,
2856 1959 3009 2023 δίκας
3043 1959 3226 2011 ἔτισαν
3245 1960 3306 2011 οὐ
3339 1959 3621 2029 μεμπτὰς·

2045 2051 2124 2112 εἰς
2169 2048 2230 2102 τὸ
2266 2049 2724 2120 περιφανέστατον
2766 2050 2821 2104 δὲ
2853 2051 2946 2104 xui
2975 2053 3289 2120 ἐπιφανεῖς,
3337 2049 3624 2112 Ἰουλιανπ

2044 2159 2102 2193 τε
2123 2129 2182 2193 ’ό
2213 2141 2310 2211 τῆς
2343 2139 2485 2211 ἑῴας
2532 2141 2714 2212 ἄρχων
2740 2180 2755 2204 ,
2806 2141 2948 2205 θεῖος
2977 2141 3050 2194 ὢν
3089 2142 3228 2195 κατὰ
3258 2142 3318 2194 τὸ
3368 2140 3627 2212 μητρῷον

2045 2232 2199 2300 γένος
2230 2232 2325 2284 τοῦ
2376 2234 2681 2287 άποστάτου
2726 2232 3014 2287 Ἰουλιανοῦ
3037 2275 3050 2300 ,
3085 2236 3180 2288 xui.
3211 2233 3377 2304 Φήλιξ
3424 2233 3453 2284 ό
3498 2234 3629 2296 τοὺς

2046 2311 2352 2396 θησαυροὺς
2398 2325 2865 2396 ἐπιτετραμμένος
2891 2366 2906 2388 ,
2936 2327 3031 2379 xui
3088 2325 3352 2388 Ἐλπίδιος
3392 2324 3492 2394 τῆς
3531 2323 3631 2392 βα-

2049 2413 2262 2483 σιλικῆς
2289 2413 2466 2476 οἰκίας
2492 2411 2795 2484 προεστώς·
2829 2414 3073 2484 κόμητας
3095 2416 3403 2486 πριουάτων
3428 2416 3460 2484 ἡ
3493 2414 3630 2465 Ῥω-

2051 2503 2225 2574 μαίων
2246 2502 2462 2572 γλῶττα
2483 2504 2658 2557 καλεῖ.
2688 2498 2845 2557 Οὗτοι
2869 2504 2911 2556 δ’
2937 2507 2985 2557 οί
3016 2507 3165 2576 τρεῖς
3192 2507 3299 2559 τῶν
3329 2504 3632 2576 ἐξαρνησα-

2053 2597 2226 2667 μένων
2279 2596 2377 2668 τὴν
2414 2596 2694 2648 εὐσέϐειαν
2748 2599 2826 2658 είς
2870 2597 2946 2665 τῷ
2997 2596 3204 2666 βασιλεί
3231 2597 3633 2668 κεχαρισμένον

2047 2684 2210 2759 ἦσαν.
2247 2689 2302 2740 'U
2330 2689 2426 2758 μὲν
2451 2685 2543 2741 οὖν
2571 2687 2735 2759 Φήλιξ
2766 2686 2824 2752 ἐξ
2851 2690 3102 2758 οὐδεμιᾶς
3127 2688 3400 2758 ἐμφανοῦς
3425 2689 3632 2750 αἰτίας,

2048 2779 2156 2832 τῶν
2185 2782 2241 2832 ἐν
2273 2779 2426 2850 βάθει
2457 2778 2666 2848 φλεϐῶν
2703 2781 2832 2848 μιᾶς
2863 2781 2961 2850 τῆς
2999 2779 3261 2848 μεγίστης
3301 2779 3630 2849 ἀναρραγεί-

2053 2887 2152 2940 σης
2176 2909 2190 2934 ,
2221 2871 2449 2940 αἵματός
2482 2888 2542 2923 τε
2588 2870 2748 2923 αὐλὸν
2779 2869 3080 2940 ἐξέπεμψεν
3113 2872 3176 2922 ἐκ
3215 2869 3306 2923 τοῦ
3341 2871 3632 2939 στόματος.

2053 2962 2148 3029 xui.
2185 2961 2363 3032 θέαμα
2397 2964 2508 3024 τοῖς
2555 2961 2721 3032 ὁρῶσι
2763 2961 3052 3030 γενόμενος
3096 2961 3322 3031 φοϐερὸν
3349 3001 3363 3024 ,
3399 2961 3517 3013 οὐδὲ
3562 2961 3632 3012 δι’

2052 3055 2179 3125 ὅλης
2219 3056 2437 3126 ἡμέρας
2476 3055 2710 3127 ἡρκεσεν
2735 3071 2748 3084 ο
2775 3053 2910 3107 ἀλλὰ
2950 3055 3078 3126 περὶ
3117 3054 3294 3124 δείλην
3327 3053 3485 3122 ὀψίαν
3537 3053 3632 3106 τοῦ

2053 3149 2285 3219 αἵματος
2320 3148 2691 3210 ἐπιλείποντος
2735 3147 2880 3217 (69),
2931 3148 3022 3199 xui
3065 3147 3160 3216 τὴν
3203 3146 3378 3216 ψυχὴν
3435 3161 3638 3198 συναπο

380 3243 601 3315 perluit,
627 3244 720 3298 sed
751 3244 854 3298 sub
879 3257 1183 3313 vesperam,
1218 3243 1498 3297 deficiente
1527 3245 1813 3314 sanguine,
1833 3245 1948 3297 ani-

2056 3241 2237 3294 έϐαλε.
2275 3243 2332 3294 '0
2360 3241 2417 3294 δέ
2453 3259 2518 3309 γε
2559 3240 2840 3304 Ἰουλιανὸς
2861 3242 3105 3312 ἀργαλέα
3130 3242 3222 3294 xui
3244 3240 3640 3310 δυστεκμάρτῳ

381 3352 530 3392 mam
561 3335 725 3390 simul
771 3334 988 3390 elllavit.
1021 3333 1270 3388 Juiianus
1299 3349 1426 3388 vero
1451 3334 1648 3389 dillicili
1679 3345 1733 3390 et
1767 3336 1951 3405 ignoto

380 3433 666 3496 correptus
705 3427 898 3482 morbo
924 3468 940 3494 ,
995 3435 1136 3482 totos
1188 3425 1546 3497 quadraginta
1576 3427 1690 3482 dies
1723 3427 1950 3496 supinus

378 3519 572 3589 iacuit,
603 3533 704 3574 nec
735 3519 966 3589 loquens
997 3520 1316 3588 quidquam,
1353 3534 1452 3572 nec
1481 3534 1642 3572 sensu
1676 3520 1784 3572 ullo
1817 3537 1954 3587 prae-

384 3611 563 3678 ditus;
587 3619 772 3680 postea
803 3626 930 3665 vero
957 3627 1079 3664 cum
1111 3611 1272 3680 paulo
1300 3610 1640 3665 commodius
1666 3626 1724 3664 se
1755 3611 1910 3664 habet
1921 3626 1952 3665 e

383 3703 676 3774 cmpisset,
712 3703 938 3773 impium
991 3701 1205 3758 facinus
1235 3705 1380 3773 quod
1409 3704 1736 3765 admiserat,
1771 3703 1956 3758 identi-

382 3795 505 3851 dem
535 3794 852 3859 damnavit,
884 3809 1115 3864 eamque
1144 3796 1214 3849 ob
1265 3810 1489 3850 causam
1526 3795 1577 3850 id
1628 3795 1952 3863 supplicium

385 3885 488 3942 sibi
543 3885 840 3954 irrogatum
892 3900 1011 3940 esse
1061 3885 1345 3941 confessus
1405 3894 1523 3953 est;
1581 3894 1635 3940 et
1692 3885 1954 3940 hactenus

387 3975 581 4031 morbo
607 3976 851 4039 levatus,
896 3977 1074 4046 qu0ad
1103 3991 1276 4045 usque
1301 3992 1414 4031 sua!
1460 3977 1630 4046 ipsius
1662 3977 1956 4046 impietatis

389 4067 542 4122 testis
569 4065 887 4132 exstitisset,
903 4068 1050 4122 omni
1083 4068 1325 4122 ulcerum
1351 4083 1546 4138 genere
1567 4077 1806 4122 ventrem
1836 4068 1958 4137 ejus

383 4159 736 4224 dilacerante,
761 4158 996 4214 animam
1029 4161 1168 4214 inter
1189 4162 1464 4216 cruciatus
1487 4159 1779 4215 exhalavit.
1798 4158 1950 4229 Elpi-

384 4251 518 4306 dius,
540 4247 794 4318 denique,
825 4250 950 4306 licet
976 4252 1153 4307 serius
1180 4269 1345 4323 quam
1374 4252 1587 4323 reliqui,
1621 4261 1798 4306 tamen
1825 4267 1952 4307 cum

2059 3334 2274 3404 βληθεὶς
2309 3332 2486 3404 νόσῳ,
2541 3335 2634 3386 ἐπὶ
2660 3335 3069 3404 τεσσαράκοντα
3110 3333 3208 3395 τὰς
3250 3333 3378 3394 ὅλας
3423 3331 3640 3401 ἡμέρας

2057 3424 2330 3494 ἀποτάδην
2361 3423 2537 3477 ἔκειτο
2564 3424 2676 3495 (70)
2697 3465 2711 3486 .
2746 3427 2881 3495 μήτε
2907 3424 3270 3493 φθεγγόμενος
3292 3463 3308 3489 ,
3343 3424 3477 3492 μήτε
3511 3427 3637 3473 τινα

2061 3513 2409 3584 συναίσθησιν
2441 3515 2578 3587 ἔχων
2601 3533 2614 3544 ·
2657 3516 2851 3586 μικρὸν
2883 3516 2939 3568 δέ
2969 3533 3085 3578 πως
3125 3515 3460 3584 ὐποῤῥαῖσας
3495 3513 3634 3583 (71),

2060 3609 2230 3664 πολλὰ
2281 3611 2378 3679 μὲν
2430 3612 2830 3676 κατεγίνωσκεν
2871 3609 3062 3661 ἐαυτὸν
3094 3609 3190 3678 τῆς
3219 3607 3475 3677 ἀθεμίτου
3517 3607 3642 3660 τόλ-

2063 3719 2170 3773 μης
2189 3743 2204 3768 ,
2234 3703 2326 3754 καὶ
2354 3702 2450 3770 τὴν
2478 3701 2632 3771 δίκην
2673 3701 2880 3754 ἐκεῖθεν
2913 3701 3060 3771 αὐτῷ
3100 3701 3446 3769 συναίσθησιν
3473 3699 3638 3752 ἔλαϐε

2061 3795 2476 3866 καταρραγῆναι
2497 3811 2510 3824 ·
2563 3796 2654 3847 xui
2687 3795 2845 3867 μέχρι
2873 3794 2966 3847 τοῦ
3019 3794 3267 3865 μάρτυρα
3295 3793 3452 3845 αὐτὸν
3509 3793 3641 3845 ἑαυο

2059 3884 2153 3937 τοῦ
2181 3886 2280 3954 τῆς
2305 3885 2686 3956 ἀνοσιουργίας
2723 3885 2978 3954 γενέσθαι
3005 3883 3340 3953 ἀνενεγκὼν,
3373 3883 3642 3936 παντοδα-

2063 3982 2184 4041 ποῖς
2213 3977 2393 4030 ἕλκεσι
2417 3977 2516 4048 τὴν
2545 3978 2785 4046 γαστέρα
2821 3976 3082 4040 σπασθεὶς
3102 4017 3116 4040 ,
3149 3975 3510 4046 ωνδιερῤάγη
3539 3975 3640 4027 καὶ

2061 4065 2159 4136 τὴν
2187 4065 2384 4135 ψυχήν.
2417 4067 2525 4118 Καὶ
2566 4069 2594 4118 ό
2633 4067 2896 4130 Ἐλπίδιος
2932 4067 2988 4120 δὲ
3013 4105 3027 4127 ,
3065 4068 3112 4119 εί
3160 4066 3254 4120 xui.
3301 4064 3411 4117 τῶν
3458 4065 3640 4117 ἄλλων

2063 4156 2424 4230 βραδύτερον,
2479 4157 2593 4210 ἀλλ’
2631 4154 2725 4212 οὖν
2779 4162 2843 4230 τῇ
2878 4158 2971 4212 τοῦ
3005 4157 3309 4230 Προκοπίου
3358 4157 3638 4228 τυραννίδι

2062 4247 2430 4319 συμπράττων
2462 4250 2772 4322 φωραθεὶς,
2820 4251 2880 4316 ὃς
2911 4252 3181 4321 ἐπανέστη
3227 4249 3306 4320 τῷ
3350 4249 3634 4313 Οὐάλεντι,

1604 4424 1846 4469 VALESII
1886 4424 2384 4470 ANNOTATIONES.
2439 4401 2453 4419 '

455 4575 568 4645 (67)
597 4573 910 4630 Theodorit.
939 4576 978 4630 l.
1016 4591 1100 4641 tn,
1130 4591 1181 4631 e.
1207 4575 1296 4631 20.

479 4646 568 4714 68)
599 4645 806 4717 Theod.
837 4646 931 4700 lib.
963 4662 1042 4711 Ill,
1072 4661 1193 4717 cap.
1228 4647 1316 4710 l2,
1351 4648 1436 4702 l3.

477 4717 567 4790 69)
605 4716 734 4790 [οὗ
766 4717 1016 4790 αἳματος
1042 4716 1482 4790 ἐπιλείποντος.
1537 4718 1592 4772 In
1640 4718 1825 4774 codice
1855 4718 1956 4790 Sa-

605 4786 859 4842 Bocharti
894 4787 1090 4858 legitur
1124 4788 1504 4858 ὲπιλείψαντος
1529 4791 1624 4842 καὶ
1655 4791 1754 4860 τὴν
1775 4789 1954 4860 ψυχὴν

527 4876 560 4911 α
594 4874 641 4911 ε.

527 4874 620 4911 αΑε
627 4897 641 4911 ο

454 4929 568 5000 (70)
616 4927 954 5000 Ἐπομὰδην
996 4927 1206 5000 ἔκειτο.
1235 4927 1391 5000 Hunc
1421 4929 1599 4984 locum
1627 4929 1838 4984 correxi
1862 4999 1865 5000 ν
1887 4945 1954 4984 ex

379 4996 754 5064 manuscripto
781 4999 967 5053 codice
996 4996 1264 5054 Samuelis
1283 4999 1540 5055 Bocltarti
1567 5039 1582 5063 ,
1637 5008 1691 5054 et
1722 5017 1789 5054 ex
1817 4999 1956 5054 libro

380 5069 595 5124 decimo
622 5064 910 5134 Nieepltori
947 5070 1126 5134 capite
1148 5069 1218 5123 29
1243 5111 1257 5134 ,
1303 5071 1397 5134 qui
1444 5070 1644 5126 diserte
1691 5070 1954 5134 scriptum

487 5085 595 5122 imo
622 5085 910 5134 meepnort
947 5085 1126 5135 capite
1148 5085 1218 5123 zu
1243 5111 1257 5135 ,
1303 5086 1397 5135 qut
1444 5085 1644 5126 diserte
1691 5085 1954 5135 scriptum

381 5085 595 5124 aectmo
622 5085 910 5134 meepnort
947 5085 1126 5139 capite
1148 5085 1218 5123 zu
1243 5111 1257 5135 ,
1303 5086 1397 5138 qut
1444 5085 1644 5126 diserte
1691 5085 1954 5140 scriptum

381 5137 908 5210 μῦθοι-ἀποτάδην.
942 5136 1296 5209 Repudianda
1320 5149 1403 5195 est
1442 5142 1608 5210 igitur
1639 5142 1954 5210 conjectura

379 5207 541 5264 Lucae
567 5205 856 5279 Holstenii,
883 5211 977 5279 qui
1009 5205 1076 5264 ad
1127 5226 1280 5265 oram
1315 5211 1401 5266 sui
1436 5205 1640 5266 codicis
1674 5205 1955 5266 annotavit

378 5278 726 5352 scribendum
753 5278 977 5334 omnino
997 5295 1119 5336 esse
1149 5280 1464 5352 ὲπωμάδην,
1490 5296 1612 5350 quae
1634 5283 1794 5336 lectio
1821 5282 1949 5336 ferri

379 5350 530 5405 nullo
561 5348 722 5402 modo
744 5357 939 5417 potest.

453 5419 566 5490 (71.)
593 5417 822 5490 Μικρὸν
864 5417 932 5471 δὲ
962 5421 1350 5490 ὑπορῤαΐσας.
1383 5419 1625 5478 Pessime
1659 5420 1947 5477 Gothofre-

379 5487 482 5545 dus
518 5487 662 5544 hunc
711 5487 890 5543 locum
928 5487 1089 5546 vertit
1114 5487 1236 5548 'hoc
1283 5492 1485 5547 modo:
1517 5491 1790 5546 Paulatim
1829 5509 1945 5546 vero

380 5559 638 5628 dt‘ﬂiuens.
667 5555 854 5632 Longe
885 5560 1081 5620 melius
1107 5560 1347 5620 Joannes
1372 5561 1591 5635 Langus
1638 5565 1750 5620 haec
1778 5565 1943 5621 verba

2065 4583 2454 4652 interpretatus
2485 4592 2568 4640 est
2595 4585 2650 4638 in
2683 4583 2858 4654 capite
2882 4583 2952 4638 29
3001 4583 3122 4638 libri
3155 4600 3187 4637 ι
3246 4583 3508 4654 historia:
3531 4581 3629 4637 Ni-

2063 4655 2282 4724 cepltori
2303 4695 2317 4718 ,
2351 4655 2441 4708 tibi
2469 4654 2655 4709 eadem
2688 4653 2851 4708 verba
2889 4655 3135 4722 leguntur
3164 4669 3227 4707 cx
3262 4653 3631 4736 Philostorgio

2061 4724 2376 4796 desumpta:
2411 4725 2606 4796 μικρὸν
2633 4724 2689 4776 δὲ
2713 4724 2850 4788 τέως
2887 4725 3188 4796 ὐῖποραῖσας
3212 4766 3229 4789 ,
3254 4734 3304 4778 et
3324 4725 3636 4796 _val_etudm¢

2061 4794 2335 4862 paululum
2371 4793 2703 4864 recuperata,
2740 4804 2844 4850 etc.
2888 4793 3280 4864 llarpocration
3321 4794 3374 4848 in
3408 4793 3630 4859 Lexico,

2064 4865 2297 4938 putaui,
2325 4865 2533 4938 inquit,
2577 4865 2698 4918 ἀντὶ
2730 4866 2838 4938 τοῦ-
2857 4867 3000 4938 ρᾴως
3028 4866 3179 4938 ἔχων
3217 4868 3280 4938 ἐκ
3311 4864 3412 4938 τῆς
3450 4867 3632 4918 νόσου·

2053 4934 2402 5005 Δημοσθένης
2423 4937 2786 4999 Φιλιππικοῖς.
2817 4934 2994 4991 Locus
3028 4934 3426 4998 Demosthenis,
3464 4950 3629 5005 quem

2056 5003 2653 5075 indicatllarpocratio,
2679 5016 2858 5060 exstat
2879 5007 2933 5060 in
2966 5007 3141 5075 prima
3172 5003 3510 5075 Olynthium,
3537 5006 3630 5059 ubi

2056 5074 2140 5147 de
2171 5073 2422 5147 Philippo
2456 5076 2748 5131 Macedooe
2800 5077 2870 5130 ita
2901 5073 3129 5147 scribit,
3161 5073 3428 5147 ἠσθένησε
3469 5075 3634 5147 πάλιν

2057 5145 2374 5217 ῥαΐσας-οὐκ
2411 5146 2504 5198 ἐπὶ
2551 5146 2612 5200 τὸ
2641 5147 2904 5217 ῥᾳθυμεῖν
2945 5145 3226 5200 ἀπέκλινε.
3249 5148 3328 5202 Ad
3355 5145 3524 5217 quem
3554 5146 3633 5198 lo~

2055 5213 2176 5288 cum
2203 5213 2654 5288 Ulpianuﬁsrnotat'
2683 5213 2908 5271 verbum
2947 5219 3140 5288 ῥαΐσας
3162 5233 3274 5288 non
3321 5213 3634 5288 significare

2055 5285 2284 5353 ὑγιάνας
2309 5327 2324 5349 ,
2357 5287 2448 5359 sed
2479 5287 2771 5359 idem_es_se
2805 5285 2959 5359 qugd
3001 5287 3329 5359 κουφότερον
3367 5289 3504 5355 ἔχων
3530 5327 3546 5351 ,
3579 5286 3632 5338 id

2052 5364 2155 5418 est,
2187 5356 2507 5410 commodius
2537 5373 2591 5410 se
2620 5356 2832 5411 habens.
2864 5356 3179 5412 Eustathius
3220 5356 3287 5412 ad
3316 5357 3518 5411 librum
3578 5371 3630 5410 tv

2053 5423 2303 5498 Odyssea!
2338 5441 2462 5498 pag.
2498 5427 2635 5481 l509
2661 5469 2676 5494 ,
2707 5426 2922 5497 λέγεται
2951 5427 3039 5493 δὲ,
3081 5428 3294 5496 inquit,
3339 5427 3434 5481 xui
3478 5427 3632 5497 ῥᾴων

2049 5496 2630 5622 ἓῲὶᾌενόσουξύγιὴςς,
2665 5498 2758 5552 xui
2783 5496 3000 5568 ῥαῒζειν
3045 5498 3107 5554 τὸ
3141 5499 3250 5553 ἀπὸ
3281 5498 3434 5552 νόσου
3494 5496 3630 5552 ἱνα-

2257 5585 2320 5622 ιν.

2050 5581 2321 5635 σφάλλειν.
