3842 6316
185 203 288 258 om

1173 193 1729 253 ECCLESIASTICIE
1767 189 2114 248 HISTORIAZ
2157 192 2285 247 LIB.
2329 189 2441 252 νη.

3347 207 3454 262 550

187 320 293 374 τῶν
343 336 400 372 τε
452 319 753 391 χρημάτων
795 317 1107 390 γυμνωθεὶς
1133 357 1147 380 ,
1193 318 1288 370 καὶ
1319 318 1563 388 εἱρκταῖς
1595 333 1757 369 κατα-

1871 312 2121 382 Proc0pii
2156 314 2248 383 qui
2277 314 2538 368 adversus
2561 312 2838 371 Valentem
2864 317 3236 386 rebellaverat,
3265 333 3453 395 tyraa-

188 409 338 471 ϐιοὺς
358 450 374 472 ,
400 410 612 474 ἀκλεῶς
641 410 1014 483 καταστρέφει
1043 409 1134 462 τὸν
1164 409 1299 479 βίον,
1332 409 1607 480 ἐπάρατος
1634 410 1768 462 πᾶσι

187 501 424 568 γεγονὼς
449 543 465 567 ,
518 503 614 556 καὶ
663 504 692 555 ό
731 501 899 572 θύτης
957 500 1222 563 Ἐλπίδιος
1277 499 1765 571 ἐπονομαζόμενος.

158 630 166 656 -,
191 591 382 656 ’Δλλος
404 593 463 646 δέ
497 611 582 657 τις
628 591 986 646 συνεισελθὼν
1010 594 1122 655 τοῖς
1149 590 1461 661 εἰρημένοις
1494 592 1552 642 ὲν
1577 591 1642 659 τῇ
1679 590 1769 641 ὲκ-

187 683 384 756 κλησία
404 724 419 748 ,
462 685 533 754 ἢν
565 685 832 758 ἐπόρθουν
871 685 964 738 καὶ
996 683 1285 737 ἀπεσύλων
1316 681 1387 735 τὰ
1418 681 1765 752 ἀναθήματα,

183 777 278 829 καί
314 777 387 830 τά
417 777 678 848 κειμήλια
719 774 1283 848 λαφυραγωγοῦντες,
1340 773 1430 827 τὸν
1482 775 1540 826 ὲν
1586 774 1767 836 αὐτοῖς

187 869 624 941 θεραπευόμενον
662 869 981 941 ἐξύϐριζονο
1017 863 1170 932 οὗτος
1227 867 1291 939 δὴ
1349 867 1769 938 προσανασυρά-

186 978 344 1032 μενος
375 962 474 1034 τὴν
526 962 732 1033 ἐσθῆτα
758 1002 774 1025 ,
823 961 901 1032 τῷ
947 961 1318 1032 θυσιαστηρίῳ
1367 958 1765 1027 ὲνασελγαίνων

186 1056 526 1128 ἐναπούρησε
557 1099 573 1123 ,
607 1059 704 1111 καὶ
755 1057 1073 1128 παραυτίκα
1129 1057 1323 1124 ποινὴν
1373 1054 1616 1126 χαλεπὴν
1673 1055 1766 1107 καὶ

182 1147 358 1213 ὀξεῖαν
389 1149 644 1204 ἀπέτισε.
682 1152 760 1203 Δι’
790 1143 864 1204 ὧν
907 1148 1018 1221 γὰρ
1074 1147 1264 1219 ὕϐρισε
1311 1148 1517 1218 μορίων
1543 1188 1557 1212 ,
1591 1145 1766 1199 ταῦτα

188 1239 346 1312 μέχρι
377 1240 488 1294 τῶν
521 1241 755 1312 ἐντέρων
808 1239 1095 1303 διασαπεὶς
1121 1279 1134 1303 ,
1171 1239 1265 1292 καὶ
1297 1237 1596 1308 σκωλήκων
1651 1237 1767 1291 ἀδι·

185 1331 385 1402 ήγητον
409 1332 602 1404 χρῆμα
627 1331 904 1395 τεκνώσας
928 1372 943 1396 ,
968 1329 1201 1402 οἰκτρῶς
1233 1330 1371 1398 ἄγαν
1399 1329 1494 1382 καὶ
1523 1329 1629 1382 οὐδ’
1658 1329 1763 1397 ἀφ-

183 1422 436 1491 ηγησεως
462 1422 663 1489 ἀξίως,
713 1422 1083 1494 καταστρέφει
1128 1420 1220 1473 τὸν
1263 1420 1392 1490 βίον.
1433 1420 1544 1474 Καὶ
1574 1419 1671 1490 μὲν
1702 1420 1764 1490 δὴ

180 1511 270 1563 καὶ
297 1511 478 1582 ἕτεροι
509 1511 866 1583 παραπλήσια
893 1510 1286 1582 τετολμηκότες
1312 1509 1642 1581 ὲφαμίλλους
1666 1509 1765 1572 τὰς

177 1605 464 1676 τιμωρίας
485 1603 812 1659 δεδώκασιν.

245 1873 338 1922 ια’.
375 1867 503 1921 Ὀτι
544 1866 835 1938 Ῥωμαίων
861 1868 889 1921 ὁ
922 1865 1177 1937 βασιλεὺς
1230 1866 1535 1940 Ἀδριανὸς,
1571 1867 1630 1932 ὃς
1668 1867 1764 1921 Αί-

177 1959 285 2023 λιος
314 1960 676 2032 ὲπωνόμαστο
701 1999 716 2024 ,
761 1960 829 2030 τά
877 1960 1225 2033 Ἱεροσόλυμα
1257 1961 1445 2015 Αἰλίαν
1475 1960 1534 2026 ἐξ
1567 1962 1760 2016 ἑαυτοῦ

180 2053 582 2123 μετεκαλέσατο
601 2069 616 2083 ⁸
649 2054 725 2118 ὡς
749 2053 815 2107 ἂν
845 2053 1159 2107 παντάπασι
1199 2054 1261 2106 τὸ
1297 2054 1566 2108 Ἰουδαίων
1590 2054 1763 2124 αὐτῆς

175 2143 324 2208 ἔθνος
356 2146 647 2218 ἀποστήσῃ
677 2146 770 2200 καὶ
795 2143 1106 2218 ἀπορρήξῃ,
1136 2146 1229 2199 καί
1260 2146 1382 2217 μηδ’
1410 2148 1474 2200 ὲκ
1501 2146 1604 2217 τῆς
1631 2147 1762 2216 κλή-

177 2255 310 2302 σεως
361 2238 444 2303 ῶς
496 2237 758 2310 πατρίδος
811 2239 980 2309 αὐτῆς
1026 2237 1424 2308 ἀντιποιεῖσθαι
1486 2238 1761 2309 πρόφασιν

175 2332 404 2403 ἐχούσης
435 2330 571 2404 (72).
615 2329 832 2384 Ἐδεδίει
861 2328 971 2401 γὰρ
999 2328 1177 2382 αὐτῶν
1213 2328 1273 2381 τὸ
1302 2327 1640 2400 θερμουργὸν
1667 2330 1761 2382 καὶ

176 2423 571 2494 ῥιψοκίνδυνον,
607 2423 704 2493 μὴ,
742 2422 1188 2492 συναγειρόμενοι
1225 2421 1370 2474 κατά
1397 2423 1673 2493 πρόφασιν
1704 2424 1761 2494 ἐν

172 2514 235 2584 τῇ
264 2512 427 2568 πόλει
447 2511 729 2586 λατρείας,
763 2511 1067 2584 πράγματα
1100 2510 1391 2582 Ῥωμαίοις
1428 2511 1757 2582 παρέξωσιν.

240 2777 330 2850 ιβ.
365 2778 498 2834 Ὀτι
521 2819 538 2841 ,
565 2777 699 2851 φησί
723 2819 738 2841 ,
765 2778 986 2835 Βαϐύλα
1005 2780 1100 2834 τοῦ
1131 2781 1407 2854 μάρτυρος
1438 2781 1546 2835 τῶν
1574 2782 1760 2854 λειψά-

173 2891 272 2927 νων
301 2871 735 2944 μετατεθέντων.
769 2872 840 2926 τὰ
864 2872 972 2926 τῶν
1007 2874 1276 2946 Ἐλλήνων
1307 2876 1635 2946 χρηστήρια,
1666 2877 1756 2929 τοῦ

172 2963 310 3018 κατά
335 2964 562 3034 Δάφνην
595 2962 928 3035 ἀρξαμένου,
964 2965 1248 3036 χρησμοὺς
1274 2965 1513 3018 ἀνεδίδου
1547 2968 1642 3020 καὶ
1668 2968 1754 3021 λόυ

173 3074 295 3124 για,
327 3023 447 3128 τῆς.
467 3023 924 3125 θείαςῇρονοίας.
953 3023 1288 3126 ιρθέγγεσθαι
1326 3057 1424 3128 μὲν
1449 3059 1632 3122 αὐτοῖς
1675 3023 1831 3114 év-‘C

170 3147 452 3221 διδούσης,
505 3146 815 3219 τρεπούσης
855 3147 912 3200 δὲ
966 3148 1066 3219 τὴν
1130 3151 1188 3213 ἐς
1243 3149 1410 3221 τιμὴν
1441 3153 1522 3221 (a)
1577 3151 1760 3216 αὐτοῖς

172 3241 338 3313 δρῶσι
374 3241 614 3312 σπουδὴν
655 3243 734 3302 εἰς
765 3241 1027 3314 αἰσχύνην
1059 3241 1284 3311 ἄφατον.
1319 3243 1428 3297 Καὶ
1459 3244 1568 3316 γὰρ
1601 3246 1659 3311 ἐξ
1685 3239 1760 3322 {bu

174 3331 539 3397 ἐσπουδάζετο
579 3332 643 3386 τὸ
686 3332 996 3404 Ἑλληνικὸν
1027 3335 1224 3405 κιχρᾷν
1257 3334 1326 3388 τὰ
1373 3335 1626 3406 δαιμόνια
1646 3378 1660 3402 ,
1691 3337 1758 3391 ἵν’

175 3423 342 3496 ἔχοιεν
379 3425 478 3478 ἐπὶ
503 3423 702 3496 μᾶλλον
731 3423 968 3488 θειάζειν
1001 3425 1160 3488 αὐτὰ,
1187 3427 1251 3479 ὲκ
1280 3425 1486 3481 τούτων
1509 3427 1570 3480 τὸ
1598 3428 1760 3482 ἀσθε-

172 3516 258 3580 νὲς
277 3516 463 3570 αὐτῶν
489 3516 586 3569 καὶ
613 3515 1027 3588 πεπλανημένον
1047 3516 1348 3589 διελέγχειν
1369 3521 1437 3590 τῇ
1471 3517 1592 3592 θείᾳ
1617 3521 1758 3592 Προ-

174 3606 287 3677 vulg.
314 3605 738 3677 συνηλαύνοντο.
778 3604 1008 3668 Ψευδεῖς
1040 3604 1150 3676 γὰρ
1183 3605 1278 3660 καὶ
1302 3606 1580 3660 ἀτέλεστοι
1615 3607 1758 3662 κατά

173 3712 234 3765 γε
281 3697 345 3751 τὸ
382 3696 854 3767 περιφανέστατον
898 3696 947 3748 οί
979 3695 1189 3750 ἐκεῖθεν
1239 3697 1480 3769 χρησμοὶ
1527 3698 1758 3772 ἐγνωρί-

175 3785 354 3853 ζοντο·
397 3786 525 3841 ὅθεν
553 3787 650 3841 καί⁸
693 3786 1174 3858 πῳθεσπισάντων
1219 3787 1338 3859 ἅμα
1381 3790 1599 3844 πάντων
1632 3792 1778 3845 καθ’·

172 3879 403 3936 ικαστον
437 3880 547 3933 τῶν
583 3881 869 3951 μαντείων,
896 3879 972 3945 ὡς
1004 3880 1290 3946 Ἰουλιανὸς
1310 3883 1339 3935 ό
1361 3880 1454 3936 τοῦ
1491 3882 1754 3954 βασιλέως

174 3972 309 4038 θεῖος
340 3973 519 4027 νοσῶν
547 3973 609 4025 ού
643 3971 960 4043 τεθνήξεται
986 4013 1000 4038 ,
1033 3974 1091 4026 ὲν
1121 3973 1309 4038 αὑταῖς
1349 3974 1458 4028 τῶν
1489 3976 1754 4048 χρησμῶν

171 4065 546 4135 ἀναγνώσεσιν
565 4105 580 4130 ,
609 4062 842 4137 οἰκτρῶς
884 4064 1089 4130 ἐκεῖνος
1119 4064 1216 4120 καὶ
1243 4065 1488 4132 ἐλεεινῶς
1511 4067 1601 4123 τὸν
1639 4068 1754 4140 βίον

173 4157 507 4232 ἀπέρρηξεν.
940 4227 943 4230 _
1079 4181 1081 4184 ‘

243 4337 496 4408 ιτ.ο⁹οτι
517 4373 534 4402 ,
564 4335 731 4407 φησὶν
749 4375 764 4401 ,
795 4334 1022 4407 Ἥρωνά
1048 4351 1169 4387 τινα
1202 4335 1267 4387 ὲκ
1299 4334 1491 4406 Θηϐῶν
1519 4336 1628 4391 τῶν
1658 4339 1753 4392 Αἰ-

172 4430 420 4498 γυπτίων
453 4426 772 4501 ὁρμώμενον
791 4468 808 4495 ,
831 4427 926 4481 καὶ
957 4426 1038 4490 εἰς
1077 4426 1407 4492 ἐπισκόπους
1434 4428 1748 4498 τελέσαντα,

175 4517 290 4576 εἶτα
337 4521 485 4594 πρὸς
543 4519 896 4592 Ἐλληνισμδν
948 4517 1318 4592 μεταϐαλόντα
1343 4562 1360 4586 ,
1411 4524 1752 4596 παραχρῆμα

174 4615 322 4679 νόσος
362 4613 740 4687 σηπεδονόὴης
793 4611 1034 4666 ἀπέλαϐε
1058 4651 1074 4677 ,
1129 4612 1224 4665 καί
1273 4614 1380 4666 πᾶν
1408 4615 1753 4690 καταϐοσκη-

175 4705 322 4762 θεῖσα
351 4707 419 4762 τὸ
472 4705 669 4778 σῶμα,
722 4703 996 4776 βδέλυγμα
1034 4707 1201 4760 πᾶσιν
1244 4705 1544 4771 ὑπέδειξεν.
1590 4708 1648 4764 ’0
1692 4711 1752 4765 δὲ

175 4798 511 4872 πανταχόθεν
534 4797 906 4870 ἀπορούμενος
931 4797 990 4850 ὲν
1019 4801 1136 4860 τοῖς
1155 4796 1418 4867 ἀμφόδοις
1446 4799 1750 4870 κατέκειτο,

178 4894 296 4966 μηδ’
346 4896 534 4948 ὅντινα
562 4886 656 4945 οὖν
702 4887 1015 4961 μηδαμόθεν
1058 4889 1229 4943 ἕλκων
1283 4889 1430 4944 ἔλεον
1455 4908 1469 4924 ο
1494 4893 1604 4947 τῶν
1653 4896 1754 4967 μὲν

176 4984 516 5057 Χριστιανῶν
547 4981 825 5045 παντελῶς
849 4980 1012 5035 αὑτὸν
1039 4982 1476 5053 ἐκτρεπομένων,
1503 4985 1612 5039 τῶν
1643 4989 1751 5043 Ἐλ.

1873 407 1986 460 nidi
2018 408 2220 462 favisse
2253 410 2627 478 deprehensus
2652 411 2866 479 fuisset,
2902 415 3062 494 bouis
3088 419 3376 488 spoliatus,
3403 433 3456 478 et

1871 499 1924 553 in
1955 500 2268 554 carceribus
2301 510 2560 570 perpetuo
2589 502 2791 573 degens
2818 547 2833 572 ,
2879 523 3002 561 cum
3050 524 3266 566 summa
3299 513 3455 584 igno-

1870 590 2038 644 minia
2070 591 2237 645 vitam
2271 593 2462 655 liuivit,
2498 595 2753 650 omnibus
2776 612 2899 650 eum
2927 598 3328 657 detestantibus
3350 643 3362 666 ,
3399 615 3454 659 et

1870 682 2292 736 sacrilicatorem
2355 682 2625 753 Elpidium
2702 689 3229 756 coguomiuantibus.
3297 694 3452 750 Alius

1870 784 2130 842 praeterea
2161 777 2384 844 quidam
2423 794 2528 831 una
2572 795 2694 833 cum
2726 785 3052 852 supradictis
3085 787 3365 858 ingressus
3395 792 3447 845 in

1869 864 2178 929 ecclesiam,
2208 883 2370 936 quam
2407 868 2482 921 illi
2504 871 2792 927 vastabant
2819 890 2885 930 ac
2910 878 3253 945 spoliabant,
3291 898 3448 937 sacra

1870 968 1995 1007 vasa
2023 969 2086 1008 ac
2108 955 2332 1010 donaria
2360 958 2758 1028 deprzedautes,
2782 961 3062 1034 Deumque
3085 969 3175 1036 qui
3210 985 3304 1038 per
3332 972 3448 1026 haec

1868 1047 2148 1101 colebatur
2170 1089 2183 1109 ,
2217 1052 2546 1105 contumelia
2571 1052 2897 1110 allicientes:
2935 1058 3023 1112 hic
3047 1099 3059 1118 ,
3089 1061 3339 1130 inquam,
3377 1067 3448 1119 le-

1866 1148 1990 1193 vata
2020 1151 2169 1195 veste
2198 1145 2500 1210 petulanter
2532 1147 2582 1199 in
2619 1147 2790 1202 altare
2815 1149 3119 1232 immipxit;
3154 1157 3448 1226 statimque

1867 1233 2248 1290 acerbissimas
2280 1251 2343 1289 ac
2388 1249 2682 1306 praesentes
2715 1256 2902 1309 preuas
2934 1246 3212 1312 persolvit.
3250 1248 3444 1304 lisdcm

1865 1324 2010 1378 enim
2029 1327 2287 1383 membris
2305 1329 2504 1398 quibus
2525 1333 2592 1384 ad
2615 1335 2998 1388 contumeliam
3021 1336 3224 1393 abusus
3246 1338 3444 1408 fuerat,

1867 1416 1931 1468 ad
1959 1416 2216 1472 interiora
2242 1437 2414 1489 usque
2438 1421 2648 1478 viscera
2677 1425 3017 1493 putrefactis,
3041 1437 3094 1482 et
3117 1429 3441 1486 immensam

1868 1507 2132 1562 vermium
2167 1511 2571 1566 multitudinem
2614 1513 2990 1584 gignentibus,
3023 1533 3249 1587 prorsus
3277 1523 3444 1575 mise-

1866 1598 2020 1652 rabili
2046 1600 2215 1667 exitu,
2243 1610 2293 1656 et
2321 1604 2415 1672 qui
2438 1619 2504 1658 ne
2525 1603 2713 1660 referri
2744 1606 2962 1676 quidem
2991 1621 3249 1676 meretur,
3274 1613 3444 1668 inter-

1794 1677 1834 1734 Β
1868 1689 1946 1744 iit.
1990 1689 2094 1746 Sed
2131 1703 2186 1746 et
2245 1694 2334 1748 alii
2371 1695 2555 1765 plures
2589 1697 2683 1768 qui
2725 1698 2992 1768 ejusmodi
3036 1701 3279 1758 facinora
3321 1721 3446 1775 per-

1863 1789 2081 1850 petrare
2113 1785 2234 1838 ausi
2265 1784 2499 1853 fuerant,
2534 1805 2639 1842 non
2667 1790 2910 1846 minores
2944 1807 3135 1862 pmnas
3160 1796 3443 1852 dederunt.

1933 1873 2021 1926 Η.
2043 1873 2156 1944 (73)
2187 1875 2556 1948 Hierosolyma
2584 1879 2737 1934 Αῖιὶα
2763 1883 2932 1937 dicta.
2952 1916 3020 1924 —
3039 1885 3314 1942 Adrianus
3347 1889 3449 1943 im-

1860 1976 2080 2034 perator
2109 1965 2480 2024 Romanorum
2503 2011 2517 2033 ,
2556 1973 2650 2040 qui
2682 1971 2863 2028 Elius
2893 1974 3176 2030 dicebatur
3198 2019 3213 2044 ,
3251 1980 3442 2035 urbem

1864 2054 2291 2128 Hierosolymam
2327 2077 2392 2114 ex
2423 2077 2524 2116 suo
2556 2065 2780 2120 nomine
2810 2064 3010 2121 Eliam
3038 2071 3350 2140 appellavit,
3379 2089 3446 2128 eo

1863 2149 2092 2204 consilio
2122 2160 2181 2205 ut
2207 2149 2521 2208 Iudaeorum
2550 2167 2764 2226 gentem
2796 2159 2868 2214 ab
2895 2175 2960 2214 ea
2995 2164 3211 2231 penitus
3236 2178 3447 2222 arceret
3549 2228 3558 2236 ,

1863 2248 2025 2306 atque
2051 2241 2405 2309 excluderet,
2445 2261 2514 2300 ne
2543 2247 2626 2301 vel
2651 2263 2717 2302 ex
2755 2249 2872 2318 ipsa
2905 2252 3267 2320 appellatione
3305 2272 3445 2325 prte-

1863 2338 2071 2386 textum
2096 2333 2359 2390 baberent
2390 2334 2563 2392 Judeei
2589 2380 2604 2404 ,
2629 2355 2746 2395 eam
2779 2351 3036 2412 tanquam
3081 2347 3308 2413 patriam
3339 2350 3443 2403 sibi

1861 2421 2196 2477 vindicandi.
2247 2423 2458 2496 Quippe
2499 2427 2774 2485 Adrianus
2803 2430 3070 2487 fervidum
3124 2435 3339 2490 illorum
3381 2457 3446 2493 ac

1863 2515 2212 2569 temerarium
2237 2517 2512 2587 ingenium
2558 2521 2973 2590 reformidabat,
3005 2542 3072 2582 ne
3099 2526 3238 2584 forte
3270 2533 3445 2586 sacri-

1863 2606 2059 2660 ticandi
2093 2608 2272 2677 specie
2300 2611 2353 2663 in
2380 2626 2445 2665 ea
2475 2611 2607 2666 urbe
2639 2617 2974 2687 congregati,
3009 2621 3289 2690 negotium
3331 2625 3442 2676 ltu-

1862 2698 2042 2752 manis
2072 2698 2428 2755 facesserent.

1901 2788 2019 2843 '12.
2061 2789 2296 2846 Oracula
2324 2793 2591 2862 ['alsidica.
2625 2825 2696 2836 -—
2721 2796 2852 2853 Post
2879 2800 3294 2858 translationem
3326 2807 3446 2860 reb-

1861 2882 2116 2951 quiarum
2141 2885 2403 2956 martyris
2427 2885 2663 2958 Babylm,
2697 2891 2982 2959 gentilium
3007 2897 3251 2961 oracula,
3286 2899 3445 2952 initio

1863 2974 2009 3030 facto
2040 2977 2109 3031 ab
2137 2993 2203 3033 eo
2239 2980 2383 3049 quod
2416 2990 2534 3035 erat
2582 2984 2724 3052 apud
2767 2983 3052 3056 Daphnen,
3084 3003 3343 3060 responsa
3380 3009 3445 3048 ac

1862 3069 2118 3124 vaticinia
2143 3070 2470 3139 ediderunt,
2523 3089 2647 3129 cum
2679 3075 2860 3131 divina
2891 3077 3234 3135 Providentia
3271 3084 3352 3138 eis
3388 3094 3446 3140 ut

1860 3161 2218 3230 loquerentur
2256 3165 2475 3233 quidem
2535 3169 2913 3237 permisisset,
2962 3173 3203 3229 studium
3235 3192 3362 3232 vero
3390 3188 3444 3234 et

1857 3255 2066 3309 cultum
2102 3256 2235 3325 ipsis
2269 3272 2459 3312 eorum
2488 3260 2793 3318 cultoribus
2820 3263 2873 3318 in
2897 3279 3173 3321 summum
3206 3269 3442 3327 dedecus

1863 3347 2223 3403 convertisset
2253 3349 2386 3420 (74).
2442 3349 2656 3416 Quanto
2712 3354 2856 3410 enim
2905 3357 3214 3416 ardentiore
3264 3363 3443 3419 studio

1860 3438 2089 3507 gentiles
2121 3440 2452 3497 studuerunt
2486 3453 2546 3499 ut
2572 3446 2847 3503 daemones
2881 3451 3103 3506 oracula
3133 3453 3438 3520 redderent,

1867 3545 1978 3600 quo
1997 3529 2288 3601 justiorem
2321 3551 2544 3592 causam
2581 3538 2842 3594 haberent
2890 3556 2987 3598 eos
3030 3544 3231 3601 divinis
3266 3547 3441 3603 hono-

1857 3621 2006 3678 ribus
2036 3622 2341 3692 alliciendi,
2397 3643 2464 3684 eo
2495 3631 2669 3702 magis
2721 3633 3089 3691 infirmitatem
3143 3653 3333 3693 eorum
3376 3656 3442 3696 ac

1856 3714 2124 3772 fallaciam
2159 3719 2564 3788 deprehendere
2589 3726 2856 3794 compulsi
2876 3737 3004 3782 sunt
3028 3744 3056 3783 a
3089 3729 3272 3785 divina
3289 3729 3435 3787 Pro-

1857 3806 2110 3863 videntia.
2147 3809 2360 3881 Quippe
2413 3815 2632 3869 oracula
2672 3832 2794 3886 quae
2855 3819 2981 3874 inde
3037 3821 3434 3890 proﬂuxerunt.

1855 3896 1992 3954 falsa
2019 3909 2184 3970 atque
2207 3900 2521 3970 imperfecta
2549 3919 2849 3975 apparuere
2877 3926 2890 3962 :
2921 3921 3067 3964 certe
3094 3927 3219 3968 cum
3248 3919 3435 3975 omnia

1856 3987 2172 4060 singillatim
2219 3994 2443 4048 oracula
2476 3997 2883 4066 respondissent
2911 4041 2926 4066 ,
2955 3999 3232 4060 lulianum
3267 4009 3434 4080 impe-

1856 4082 2055 4138 ratoris
2085 4085 2417 4140 avunculum
2441 4127 2456 4152 ,
2489 4088 2582 4157 qui
2613 4097 2729 4144 tum
2763 4092 2957 4148 morbo
2991 4095 3304 4166 laborabat,
3338 4117 3437 4157 ne-

1856 4188 2132 4244 quaquam
2164 4190 2288 4231 esse
2313 4179 2664 4246 moriturum,
2705 4182 2836 4238 dum
2871 4199 2934 4240 ea
2975 4189 3092 4257 ipsa
3125 4189 3436 4262 legerentur

1857 4262 2103 4330 oracula,
2141 4264 2381 4319 animam
2409 4267 2794 4325 miserabiliter
2821 4273 3113 4330 exhalavit.

1784 4376 1827 4433 υ
1928 4355 2018 4411 15.
2055 4355 2166 4430 (75)
2197 4357 2469 4426 Αροδιαιιε
2505 4360 2610 4415 duo
2655 4365 2842 4420 misere
2876 4377 3112 4435 pereunt.
3150 4399 3221 4409 —
3251 4369 3432 4428 Heron

1856 4447 2075 4517 quidam
2127 4465 2195 4504 ex
2238 4452 2373 4507 urbe
2403 4451 2621 4526 IEgypti
2650 4454 2852 4514 Thebis
2881 4460 3146 4518 oriundus
3170 4502 3186 4528 ,
3235 4473 3291 4520 et
3334 4467 3429 4536 qui

1855 4541 2230 4612 episcopatum
2260 4557 2542 4616 gesserat,
2579 4564 2704 4605 cum
2748 4560 2936 4620 postea
2972 4553 3040 4609 ad
3085 4557 3431 4626 superstitio-

1856 4642 1980 4682 nem
2005 4631 2289 4700 gentilium
2317 4635 2657 4704 descivisset,
2673 4650 2892 4710 repente
2914 4643 3218 4712 putredinis
3239 4648 3430 4705 morbo

1856 4730 2140 4791 correptus
2189 4735 2301 4781 est:
2335 4742 2457 4797 qua:
2509 4738 2682 4785 totum
2733 4733 2879 4788 illius
2931 4748 3131 4806 corpus
3179 4737 3426 4809 depasta,

1859 4809 2282 4869 abominabilem
2340 4817 2493 4872 illum
2541 4821 2812 4888 praestitit.
2853 4819 3104 4894 Undique
3163 4825 3330 4898 igitur
3360 4831 3429 4886 ad

1859 4918 2130 4958 summam
2156 4907 2405 4961 redactus
2441 4908 2704 4978 inopiam,
2735 4911 2791 4966 in
2818 4912 3010 4982 plateis
3033 4914 3269 4985 jacebat,
3301 4933 3426 4976 cum

1857 5011 2020 5051 nemo
2054 4997 2206 5052 illum
2251 4999 2620 5057 misericordia
2653 5003 2761 5060 ulla
2807 5019 3268 5082 prosequeretur;
3297 5028 3426 5070 nam

1408 5117 1650 5166 VALESII
1689 5126 1775 5172 AN
1779 5128 2093 5177 ΝΟΤΛΤῙΟΝ
2098 5134 2169 5178 ES
2179 5165 2190 5175 .

245 5221 354 5298 (72)
382 5221 696 5298 Πρόφασιν
720 5223 1005 5298 ἐχούσης.
1045 5219 1212 5298 Leges
1246 5224 1634 5298 grantrpgtica_
1648 5245 1746 5298 ρο-

175 5289 380 5374 stulant
411 5300 474 5346 ut
497 5289 810 5374 scribamus
835 5291 1108 5374 πρόφασιν
1124 5289 1562 5374 ἔχον,-νθί.ἒξον.
1603 5289 1747 5374 Sub-

176 5362 394 5435 auditur
421 5361 568 5435 enjm
598 5359 1074 5435 ’Iouaatwv'éevoc.
1120 5359 1305 5416 Potest
1337 5361 1501 5435 etiam
1550 5369 1741 5435 scribi,

174 5432 446 5506 πρόφασιν
479 5431 644 5502 ἔχωσι
664 5473 681 5498 ,
709 5447 942 5502 eamque
971 5432 1297 5502 scripturam
1335 5434 1512 5505 magis
1544 5431 1739 5507 probo.

1926 5237 2038 5320 (ἓξ)
2069 5238 2268 5320 E99“).-
2296 5241 2434 5320 Ηίειε
2477 5244 2512 5301 ¹ο
2549 5261 2621 5312 ιν,
2649 5264 2766 5320 cap.
2795 5250 2855 5308 6.

1950 5306 2025 5362 74'
2070 5308 2385 5370 Tbeodorit.
2421 5316 2458 5372 l.
2490 5333 2572 5384 ιιι,
2602 5306 2652 5374 ιι.
2696 5306 2781 5376 ιὐ,

1950 5312 2036 5454 7Βῖ
2067 5380 2425 5454 Theophanes
2453 5389 2508 5444 in
2534 5389 2781 5448 Chronico

1842 5412 1850 5418 -
1921 5379 2035 5454 (75)
2067 5380 2425 5456 Theophanes
2453 5389 2508 5444 in
2534 5379 2814 5462 Chronico,
2847 5410 2966 5467 pag.
2995 5398 3052 5455 ὅ.

1639 5569 1990 5620 νΔΒΙΟΒυΜ.

244 5667 325 5740 (α)
383 5671 476 5740 Ἐς
504 5670 700 5740 τιμήν.
745 5671 1004 5744 Ἑντιμήν
1040 5671 1170 5740 legit
1197 5670 1588 5737 GotltofredtIS.
1630 5678 1720 5740 W.
1753 5681 1953 5740 Lawth.
