3842 6338
437 193 537 250 κει

1810 182 2302 239 Ριιιιοετθιὶϐιι

3587 189 3687 243 55?.

436 305 732 362 Christiani
764 304 984 377 quidem
1011 319 1134 359 eum
1163 303 1382 373 penitus
1417 303 1812 358 aversabantur
1832 344 1848 367 ,
1879 319 2010 373 geu—

2117 303 2290 374 λήνων
2323 303 2380 356 δὲ
2422 304 2577 376 μέχρι
2639 301 2731 358 τοῦ
2773 303 3171 358 καθυποϐαλεῖν
3216 303 3375 358 αὑτὸν
3413 307 3480 374 τῇ
3515 306 3689 378 πλάνῃ

438 399 560 454 tiles
592 413 722 452 vero
754 413 879 452 eum
915 397 1178 450 hactenus
1208 405 1438 458 norant,
1474 406 1746 464 quatenus
1777 395 1829 448 in
1863 411 2014 449 erro-

439 492 518 545 ris
547 491 861 545 societatem
892 505 1016 543 eum
1055 489 1431 543 traduxerant.
1481 487 1548 541 Et
1580 487 1760 542 Heron
1794 489 2011 557 quidem

439 581 515 636 ita
556 582 754 636 acerbo
793 591 956 649 atque
988 580 1190 634 infelici
1222 580 1582 649 exituperiit.
1615 581 1718 636 Sed
1751 592 1804 636 et
1840 581 2016 636 Theo-

440 683 633 728 tecnns
657 673 878 741 quidam
909 672 974 725 ad
1008 671 1290 741 gentilium
1339 673 1782 741 superstitionem
1835 684 2012 727 trans-

441 782 681 836 gressus,
726 774 946 832 repcnte
978 772 1091 817 toto
1115 778 1347 832 corpore
1375 763 1678 832 putrefacto
1702 804 1716 827 ,
1748 765 2012 819 vermium

441 859 842 928 receptaculum
876 857 1050 911 factus
1078 866 1183 912 est.
1217 856 1320 922 Qui
1353 873 1476 909 cum
1505 858 1693 912 oculos
1719 859 1765 912 ei
1795 857 2016 912 eﬂ‘odis-

426 935 593 1012 sent,
630 950 697 1002 ad
727 959 1030 1002 extremum
1082 950 1294 1003 insania
1346 959 1630 1018 correptus
1678 960 1794 1014 est,
1835 959 1889 1004 et
1917 966 2014 1004 sua

439 1042 614 1112 ipsius
655 1042 834 1111 lingua
890 1043 1111 1096 concisa
1165 1051 1218 1096 et
1251 1057 1504 1103 comesa,
1538 1059 1602 1096 ex
1645 1043 2015 1098 acerbissimis

439 1135 725 1188 tormentis
750 1135 814 1186 a'l
849 1136 1019 1187 lllllllO
1047 1135 1294 1203 graviora
1325 1135 1587 1202 supplicia
1612 1144 1693 1188 est
1727 1135 2016 1188 transmis-

439 1237 551 1276 sus.
583 1221 750 1276 Multa
778 1223 1092 1290 hujusmodi
1123 1224 1364 1293 prodigia
1396 1222 1541 1278 Deus
1568 1233 1696 1278 tunc
1729 1224 1918 1286 edidit,
1948 1224 2017 1277 ab

444 1313 512 1366 iis
543 1315 636 1382 qui
674 1315 1015 1382 impudenter
1062 1330 1092 1366 a
1143 1315 1341 1382 pietate
1375 1314 1755 1378 desciverant,
1792 1314 2017 1369 meritas

438 1421 628 1461 eorum
663 1407 852 1459 sceleri
887 1405 1280 1474 respondentes
1307 1407 1532 1476 exigens
1560 1422 1767 1475 pmnas.

512 1498 601 1554 14.
629 1499 742 1568 (76)
779 1499 844 1552 Β.
868 1497 1096 1552 Joannis
1132 1498 1476 1569 Evangelium
1518 1499 1898 1570 Hierosolymis
1933 1517 2014 1553 re-

437 1603 664 1660 pertum.
702 1621 771 1632 —
799 1589 1072 1653 Julianus,
1103 1606 1225 1644 cum
1250 1592 1436 1645 urbem
1471 1591 1894 1662 Hierosolymam
1927 1592 2013 1646 in-

440 1683 676 1738 staurari
720 1682 1014 1752 iussisset,
1061 1697 1130 1736 eo
1154 1683 1388 1738 consilio
1421 1692 1480 1737 ut
1505 1682 1719 1738 Domini
1751 1684 1920 1739 nostri
1948 1686 2015 1738 de

447 1776 538 1830 illa
569 1775 948 1844 przedictiones
982 1773 1166 1828 irritas
1199 1789 1322 1830 esse
1375 1775 1751 1842 convinceret,
1787 1789 2013 1844 prorsus

444 1866 782 1921 contrarium
815 1866 881 1919 iis
905 1864 1027 1934 qua:
1051 1866 1377 1920 moliebatur
1396 1865 1592 1922 effecit.
1613 1866 1746 1920 Nam
1769 1876 1822 1922 et
1846 1867 2012 1922 multa

440 1959 546 2012 alia
577 1958 821 2026 prodigia
851 1957 1066 2012 caelitus
1119 1957 1364 2012 immissa
1416 1973 1555 2028 Opus
1600 1967 2012 2028 represserunt;

437 2058 638 2104 etcum
677 2049 1025 2102 fundamenta
1063 2058 1415 2117 pararentur,
1461 2066 1604 2104 unus
1641 2066 1706 2104 ex
1742 2051 2015 2120 lapidibus

439 2142 534 2211 qui
581 2141 635 2194 in
671 2140 777 2194 ima
823 2140 939 2194 basi
994 2140 1404 2206 collocabatur,
1446 2157 1547 2196 suo
1597 2143 1718 2197 loco
1743 2144 2011 2208 demotus,

441 2234 640 2288 ostium
671 2232 812 2286 antri
852 2231 1142 2300 cujusdam
1167 2234 1400 2301 aperuit,
1434 2234 1577 2302 quod
1608 2234 1660 2287 in
1688 2250 1819 2304 rupe
1851 2251 2014 2290 exca-

442 2334 623 2378 vatum
652 2333 787 2378 erat.
818 2322 920 2376 Sed
952 2339 1074 2376 cum
1110 2324 1180 2378 ob
1213 2323 1635 2392 profunditatem
1671 2340 1733 2379 ea
1779 2341 1900 2395 qua:
1933 2327 2017 2380 in-

438 2426 527 2470 tus
555 2425 710 2469 erant
742 2428 962 2469 cernere
1003 2414 1218 2469 dillicile
1250 2427 1396 2469 esset
1420 2455 1436 2478 ,
1471 2424 1755 2470 curatores
1784 2432 2011 2487 operum

439 2509 518 2562 rei
543 2506 936 2576 cognoscenda:
963 2506 1168 2574 cupidi,
1188 2506 1480 2574 quemdam
1506 2522 1571 2561 ex
1599 2509 1863 2576 operariis
1888 2525 2016 2578 pro-

413 2599 550 2652 lixo
610 2596 724 2651 funi
796 2597 1078 2650 astrictum
1143 2596 1503 2651 demiserunt.
1569 2596 1667 2652 Hic
1718 2600 2010 2667 demissus,

439 2705 637 2760 aquam
670 2690 722 2742 in
759 2697 916 2744 antro
946 2690 1176 2742 residem
1225 2690 1294 2742 ad
1325 2689 1503 2743 media
1526 2706 1701 2760 usque
1730 2708 1889 2746 crura
1925 2709 2014 2748 re-

441 2783 600 2851 perit,
630 2790 830 2834 etcum
865 2781 1103 2849 titulique
1134 2781 1316 2835 locum
1349 2781 1662 2846 circuisset,
1694 2792 1749 2836 et
1781 2784 2013 2851 parietes

441 2871 854 2936 contrectasset,
883 2880 1100 2924 antrum
1135 2869 1463 2940 quadratum
1487 2886 1608 2926 esse
1637 2873 2008 2941 deprehendit.

441 2961 716 3017 Reversus
742 2963 970 3027 deinde,
1014 2978 1138 3017 cum
1176 2963 1228 3016 in
1280 2963 1461 3017 medio
1508 2965 1872 3032 constitisset,
1921 2982 2013 3021 co-
2039 2991 2080 3047 ρ

441 3054 684 3109 lumnam
743 3055 1034 3124 quamdam
1070 3053 1296 3108 oil‘endit
1351 3070 1472 3123 qua:
1516 3056 1801 3124 paululum
1851 3073 2013 3128 supra

441 3161 638 3214 aquam
667 3147 937 3200 exstabat.
972 3144 1145 3212 Quam
1179 3159 1304 3200 cum
1333 3160 1497 3198 manu
1547 3149 2012 3216 apprehendisset,

442 3235 644 3290 librum
681 3235 728 3289 ei
765 3235 1081 3304 impositum
1115 3234 1356 3304 reperit,
1390 3235 1712 3290 tenuissimo
1747 3253 1811 3291 ac
1835 3238 2016 3308 puris-

444 3327 586 3382 simo
616 3329 782 3380 linteo
819 3327 1140 3380 involutum.
1185 3327 1433 3396 Cumque
1471 3343 1594 3382 eum
1623 3329 1701 3382 uti
1737 3331 2015 3384 invenerat

447 3418 776 3478 sustulisset,
809 3418 1020 3486 signum
1046 3418 1194 3471 dedit
1231 3427 1288 3470 ut
1316 3419 1492 3487 ipsum
1522 3421 1882 3474 retraherent.
1910 3421 2016 3475 Re-

445 3516 651 3563 tractus
685 3510 847 3578 igitur
875 3509 1112 3563 ostendit
1135 3509 1356 3574 librum,
1387 3519 1442 3563 ct
1467 3511 1750 3566 universos
1775 3513 2013 3566 admira-

445 3602 592 3654 tione
632 3601 897 3670 perculit,
941 3601 1009 3654 ob
1041 3600 1089 3654 id
1130 3601 1367 3654 maxime
1417 3602 1563 3670 quod
1596 3617 1788 3658 recens
1836 3604 2013 3660 adhuc

445 3702 608 3760 atque
638 3693 874 3746 intactus
904 3691 1209 3756 videbatur,
1249 3701 1304 3745 et
1330 3692 1477 3760 quod
1501 3692 1554 3744 in
1586 3707 1651 3746 eo
1684 3693 1803 3748 loco
1827 3709 2012 3764 reper-

444 3793 535 3840 tus
571 3783 780 3839 fuisset.
811 3783 908 3838 llic
931 3784 1095 3854 igitur
1117 3783 1254 3839 liber
1274 3824 1290 3850 ,
1324 3785 1470 3854 quod
1506 3785 1798 3856 gentilibus
1825 3802 1890 3842 ac
1919 3786 2013 3842 Ju-

444 3877 577 3932 dazis
602 3876 792 3946 majori
815 3875 995 3930 adhuc
1017 3874 1366 3929 admirationi
1391 3874 1517 3943 fuit,
1545 3875 1832 3932 confestim
1857 3891 2013 3947 aper-

445 3977 536 4022 tus
559 4008 574 4032 ,
605 3967 659 4020 in
703 3966 908 4036 capite,
941 3965 1046 4019 hoc
1074 3965 1310 4021 habebat
1331 3967 1595 4036 scriptum
1632 3968 2012 4037 grandioribus

448 4059 673 4114 litteris:
712 4057 778 4112 In
826 4058 1088 4128 principio
1107 4067 1220 4112 erat
1262 4057 1523 4125 Verbum,
1555 4068 1604 4112 et
1647 4058 1866 4117 Verbum
1898 4071 2010 4114 erat

444 4149 588 4219 apud
628 4149 812 4212 Deum,
843 4160 892 4203 et
921 4149 1061 4203 Deus
1109 4157 1223 4202 erat
1266 4149 1508 4203 Verbum.
1537 4148 1877 4219 Prorsusque
1923 4151 2011 4206 hic

443 4239 582 4297 Liber
611 4241 877 4312 integrum
914 4241 1045 4295 illud
1078 4241 1392 4297 continebat
1437 4241 1784 4312 Evangelium
1811 4281 1828 4307 ,
1865 4242 2008 4312 quod

2117 397 2276 465 μόνον
2297 396 2456 450 αὐτὸν
2500 397 2837 465 ἐγνωκότων.
2865 397 3005 450 Ἀλλ’
3033 402 3061 451 ὁ
3107 398 3207 470 μὲν
3245 397 3433 468 Ἥρων
3478 397 3688 470 πικρῶς

2113 488 2254 541 οὕτω
2305 489 2402 542 καὶ
2448 489 2760 554 παναθλίως
2814 490 2916 559 τῆς
2967 487 3114 558 ζωῆς
3169 489 3530 561 ἀπελήλαται.
3586 491 3689 543 Kal

2112 581 2403 644 Θεότεκνος
2433 581 2490 634 δέ
2537 600 2623 646 τις
2654 582 2790 653 πρὸς
2832 583 2922 634 τὸν
2969 581 3318 653 Ἐλληνισμὺν
3370 581 3686 654 ἀπορρυεὶς,

2114 675 2296 726 πᾶσαν
2328 673 2539 745 ἀθρόως
2571 673 2669 745 τὴν
2716 676 2892 746 σάρκα
2937 675 3222 736 διασαπεὶς
3267 673 3361 726 καὶ
3389 672 3686 743 σκωλήκων

2115 764 2213 834 ὕλη
2247 763 2489 832 γεγονὼς
2509 807 2523 829 ,
2553 766 2648 818 καὶ
2676 765 2740 834 δὴ
2772 767 2866 818 καὶ
2901 766 3028 828 τοὺς
3056 764 3366 834 ὀφθαλμοὺς
3395 763 3487 815 ὑπ’
3513 762 3687 814 αὐτῶν

2113 857 2452 927 ἑξορυχθεὶς,
2496 857 2762 910 τελευτῶν
2813 858 2892 921 είς
2929 857 3124 928 μανίαν
3169 856 3415 927 ἐτράπη.
3467 855 3564 907 καὶ
3594 855 3688 925 τὴν

2115 949 2307 1002 ἑαυτοῦ
2339 950 2585 1017 γλῶτταν
2617 949 2969 1018 καταφαγὼν,
3000 951 3064 1002 ὲκ
3091 949 3302 1020 πικρῶν
3332 948 3585 1020 βασάνων
3613 947 3687 1009 εἰς

2115 1041 2250 1094 πολὺ
2272 1041 2628 1114 χαλεπώτερα
2645 1041 3016 1112 παρεπέμφθη
3031 1040 3380 1109 κολαστήρια.
3398 1039 3510 1092 Kal
3527 1037 3686 1090 πο).λᾶ

2114 1131 2337 1185 τοιαῦτα
2365 1132 2428 1185 τὸ
2445 1131 2597 1184 Θεῖον
2625 1131 3027 1202 ὲτερατούργει,
3057 1131 3418 1200 ἀντιρρόπους
3445 1128 3548 1190 τὰς
3573 1145 3684 1180 ποι-

2115 1225 2212 1289 νὰς
2241 1229 2390 1298 παρά
2419 1226 2527 1280 τῶν
2553 1227 2777 1297 ἀναίδην
2806 1225 3144 1280 ἀσεϐούντων
3170 1223 3652 1295 είσπραττόμενον.

2188 1488 2266 1542 ιδ’.
2297 1488 2419 1541 ’Ότι
2445 1487 2754 1560 προστάξας
2773 1527 2788 1548 ,
2819 1487 3002 1557 φησὶν,
3050 1485 3332 1549 Ἰουλιανὸς
3360 1484 3428 1537 τὰ
3460 1481 3683 1553 Ἱεροσό-

2114 1579 2259 1649 λυμα
2287 1579 2772 1648 ἀνοικοδομεῖσθαι,
2802 1578 2878 1640 ὡς
2907 1578 2972 1632 ἂν
3000 1577 3100 1642 τὰς
3138 1579 3265 1648 περὶ
3295 1575 3476 1630 αὐτῶν
3497 1575 3683 1628 δεσπο-

2114 1671 2271 1733 τικάς
2309 1671 2641 1740 προρρήσεις
2672 1668 2909 1740 ἀκύρους
2936 1668 3127 1738 ἐλέγξῃ
3149 1708 3162 1730 ,
3192 1667 3500 1721 τούναντίον
3544 1667 3684 1720 ἅπαν

2113 1755 2188 1814 ὧν
2221 1761 2582 1823 ἐσπούδασεν,
2621 1760 2995 1830 ἐξειργάσατο.
3030 1759 3201 1812 Ἀλλα
3229 1776 3286 1811 τε
3331 1759 3441 1829 γὰρ
3485 1757 3685 1828 τέρατα

2115 1853 2364 1924 ὑπερφυῆ
2389 1853 2450 1905 τὸ
2476 1852 2634 1924 ἔργον
2663 1852 3086 1923 κατασκήψαντα
3119 1851 3318 1920 ἐπέσχε
3339 1867 3352 1880 ·
3379 1851 3477 1902 καὶ
3500 1849 3565 1920 δὴ
3595 1848 3684 1901 καὶ

2113 1943 2221 1997 τῶν
2261 1942 2526 2013 θεμελίων
2555 1942 3026 2015 εὐτρεπιζομένων
3049 1985 3063 2010 ,
3097 1937 3179 2006 εἷς
3219 1942 3327 1995 τῶν
3379 1940 3576 2003 λίθων,
3607 1942 3683 2004 είς

2113 2037 2212 2108 τὴν
2241 2037 2475 2107 ἐσχάτην
2506 2037 2745 2106 κρηπῖδα
2772 2035 3122 2106 τεταγμένων
3155 2033 3431 2106 κινηθεὶς,
3467 2033 3684 2102 στόμιον

2114 2131 2310 2200 ἄντρου
2357 2129 2500 2191 τινος
2534 2128 2850 2199 παρέδειξεν
2875 2170 2890 2192 ,
2921 2129 3342 2200 ὲνειργασμένου
3380 2129 3448 2196 τῇ
3489 2126 3678 2196 πέτρα.

2127 2224 2212 2286 Ὠς
2241 2223 2284 2276 δ’
2318 2223 2520 2294 ἄπορος
2549 2217 2616 2292 ἦν
2646 2221 2758 2291 (77)
2803 2221 2892 2273 διὰ
2932 2221 2994 2273 τὸ
3024 2219 3187 2288 βάθος
3229 2220 3356 2273 ἰδεῖν
3398 2220 3468 2272 τὰ
3517 2219 3679 2281 ἔνδον,

2117 2314 2424 2385 βουλόμενοι
2447 2312 2647 2381 γνῶναι
2693 2311 2754 2364 τὸ
2793 2310 2961 2380 σαφὲς
2993 2311 3040 2363 oi
3073 2313 3184 2373 τοῖς
3221 2310 3404 2380 ἔργοις
3443 2310 3680 2378 ἐφεστῶ-

2113 2425 2244 2471 τες,
2301 2403 2532 2459 καθιῶσί
2577 2420 2698 2456 τινα
2750 2401 2858 2455 τῶν
2909 2401 3156 2478 ἐργατῶν
3208 2401 3415 2472 σχοίνου
3473 2403 3681 2474 μακρᾶς

2114 2497 2491 2570 ἐκδησάμενοι.
2542 2496 2598 2548 '0
2629 2495 2686 2548 δὲ
2717 2492 3069 2565 καθιμηθεὶς,
3103 2494 3246 2565 ὕδωρ
3289 2495 3387 2563 μὲν
3418 2490 3578 2565 εὗρεν
3607 2496 3679 2557 εἰς

2117 2591 2287 2661 μέσας
2317 2589 2527 2659 κνήμας
2549 2585 2688 2639 κατά
2716 2585 2774 2638 τὸ
2800 2585 2992 2657 ἄντρον
3035 2587 3392 2655 συνεστηκός·
3419 2588 3680 2655 πανταχοῖ

2113 2684 2169 2736 δὲ
2193 2679 2487 2753 περιελθὼν
2518 2677 2734 2732 καὶτῶν
2765 2676 2959 2747 τοίχων
2986 2677 3333 2748 ἐφαψάμενος
3357 2717 3373 2740 ,
3403 2677 3677 2748 τετράγω-

2097 2774 2202 2828 ⁴νον
2246 2775 2344 2844 μὲν
2370 2773 2431 2826 τὸ
2461 2773 2654 2844 ἄντρον
2685 2772 2846 2842 ἒγνω.
2903 2769 3283 2841 Ἀναστρέφων
3312 2769 3369 2822 δὲ
3397 2770 3494 2822 καὶ
3544 2769 3679 2822 κατά

2112 2869 2174 2920 τὸ
2202 2868 2366 2938 μέσον
2402 2864 2642 2935 γεγονὼς
2665 2904 2680 2930 ,
2721 2864 3038 2935 ἐντυγχάνει
3090 2863 3258 2933 στήλῃ
3306 2863 3456 2926 τινὶ,
3509 2861 3676 2932 βραχὺ

2114 2959 2362 3031 διεχούσῃ
2386 2959 2478 3012 τοῦ
2507 2957 2696 3021 ὓδατος
2717 2976 2731 2990 ο
2772 2952 2806 3033 ᾗ
2833 2957 2928 3028 τὴν
2955 2958 3112 3027 χεῖρα
3140 2955 3410 3009 ἐπιϐαλὼν
3440 2955 3677 3025 εὑρίσκει

2119 3052 2317 3122 βιϐλίον
2350 3052 2484 3121 αὐτῇ
2517 3050 2879 3120 ἐπικείμενον,
2905 3049 3214 3118 λεπτοτάτῳ
3249 3048 3342 3101 καὶ
3382 3046 3679 3118 καθαροτάο

2114 3161 2192 3216 τῳ
2241 3144 2652 3216 περιειλημένον
2699 3143 2970 3213 ήμιτυϐίῳ
3001 3143 3077 3212 (a)
3100 3161 3113 3172 ο
3163 3140 3488 3211 ἀνελόμενος
3522 3140 3577 3193 δὲ
3609 3139 3678 3202 ὡς

2115 3233 2239 3308 εὗρε
2283 3237 2344 3290 τὸ
2373 3235 2575 3307 βιϐλίον
2600 3275 2616 3300 ,
2663 3235 2914 3305 σημαίνει
2946 3235 3054 3289 δεῖν
3098 3234 3257 3288 αὑτὸν
3307 3233 3674 3303 ἀνακομίζειν.

2129 3328 2538 3400 Ἀνακομισθεὶς
2581 3327 2646 3399 δὴ
2693 3327 3024 3380 ἐπιδείκνυσι
3067 3326 3127 3379 τὸ
3177 3325 3376 3396 βιϐλίον
3403 3365 3418 3389 ,
3466 3327 3559 3380 καὶ
3603 3326 3676 3386 εἰς

2071 3491 2074 3494 ,
2116 3421 2322 3491 θάμϐος
2368 3422 2612 3484 ἅπαντας
2644 3421 2805 3489 ἄγει,
2845 3420 3079 3491 μάλιστα
3105 3419 3148 3472 δ’
3177 3420 3258 3472 ὅτι
3287 3419 3383 3471 καὶ
3426 3417 3676 3489 νεουργὸν

2115 3512 2210 3565 καὶ¹
2238 3510 2401 3587 ἀθιγῆ
2433 3510 2545 3580 (78)
2576 3513 2802 3582 παρεῖχε
2831 3510 2928 3581 τὴν
2968 3511 3094 3564 θέαν
3113 3548 3131 3573 ,
3160 3510 3254 3563 καὶ
3282 3509 3357 3571 ὡς
3388 3510 3447 3562 ὲν
3493 3508 3675 3578 ἐκείνῳ

2114 3601 2181 3656 ἂν
2213 3602 2430 3672 εὑρεθὲν
2481 3601 2557 3673 τῷ
2586 3603 2786 3675 χωρίῳ.
2819 3603 2891 3654 Τὸ
2923 3601 2978 3655 δὲ
3025 3602 3133 3673 ἄρα
3175 3602 3238 3654 τὸ
3271 3600 3497 3670 βιϐλίον,
3526 3600 3555 3653 ὃ
3589 3600 3674 3652 καὶ

2115 3694 2277 3747 πλέον
2307 3693 2654 3766 Ἑλληνιστάς
2685 3696 2780 3748 καὶ
2820 3695 3103 3758 Ἰουδαίους
3136 3692 3496 3765 κατέπληξεν,
3521 3692 3675 3755 εὐθὺς

2115 3787 2233 3842 κατ’
2265 3785 2439 3858 ἀρχὰς
2471 3787 2832 3857 ἀναπτυχθὲν,
2870 3787 3126 3858 μεγάλοις
3154 3785 3304 3854 ἔλεγε
3333 3785 3671 3855 γράμμασιν,

2127 3861 2224 3934 Ἓν
2251 3879 2408 3950 ἀρχῇ
2437 3875 2519 3949 ἦν
2555 3882 2588 3933 ό
2615 3881 2806 3948 Λόγος
2825 3919 2839 3943 ,
2870 3879 2968 3932 καὶ
3003 3881 3036 3932 ὁ
3063 3879 3254 3947 Λόγος
3279 3873 3360 3946 ἦν
3386 3877 3539 3943 πρὸς
3573 3872 3673 3927 τὸν

2117 3970 2300 4035 Θεὸν,
2333 3969 2432 4023 καί
2474 3968 2620 4032 Θεὸς
2659 3965 2737 4038 ἦν
2767 3971 2800 4022 ὀ
2830 3969 3038 4038 Λόγος.
3078 3969 3190 4020 Kal
3219 3965 3405 4028 ἁπλῶς
3452 3963 3671 4032 ὁλόκλη-

2119 4079 2209 4134 ρον
2235 4064 2268 4132 ἡ
2291 4061 2476 4132 γραφὴ
2504 4060 2565 4113 τὸ
2591 4060 2918 4129 Εὑαγγέλιον
2939 4058 3167 4121 ἐδείκνυ,
3197 4061 3331 4129 ὅπερ
3362 4057 3397 4128 ἡ
3430 4054 3670 4122 θεολόγος

2113 4154 2207 4208 τοῦ
2244 4153 2485 4224 μαθητοῦ
2534 4153 2628 4206 καὶ
2674 4151 2941 4224 παρθένου
2992 4149 3382 4224 εὐηγγελίσατο
3433 4147 3666 4217 γλῶσσα.

2115 4249 2331 4320 Ἐδήλου
2357 4248 2414 4302 δὲ
2445 4248 2552 4318 ἄρα
2585 4245 2724 4318 μετὰ
2761 4245 2867 4300 τῶν
2896 4244 3069 4301 ἄλλων
3096 4243 3408 4315 παραδόξων
3438 4243 3609 4314 ἔργων
3634 4239 3671 4295 ἃ.

446 4348 600 4389 sacra
649 4333 900 4403 discipuli
952 4334 1286 4403 virginisque
1338 4333 1520 4404 lingua
1571 4336 2006 4392 annuntiaverat.

2117 4345 2234 4396 κατ’
2263 4343 2438 4395 έκεῖνο
2463 4337 2657 4410 καιροῦ
2681 4336 2972 4410 οὐρανόθεν
2997 4335 3278 4406 ἐπεδείχθη
3298 4375 3313 4400 ,
3356 4335 3431 4406 μὴ
3459 4334 3526 4387 ἀν
3547 4347 3669 4386 ποτε

449 4424 617 4480 Porro
650 4425 755 4480 hoc
783 4425 1105 4479 miraculum
1137 4440 1243 4478 una
1277 4439 1402 4479 cum
1448 4424 1572 4479 aliis
1598 4425 1857 4495 prodigiis
1887 4441 2010 4496 qua:

449 4527 581 4574 tunc
632 4518 847 4573 coalitus
886 4525 1104 4572 ostensa
1155 4526 1311 4580 sunt,
1374 4517 1654 4588 perspicue
1712 4517 2007 4582 indicabat,

448 4626 726 4681 nunquam
762 4611 816 4664 in
848 4609 1060 4664 irritum
1098 4624 1350 4663 casuram
1395 4624 1514 4664 esse
1545 4609 1868 4663 sententiam
1900 4607 2010 4664 Do-

447 4703 604 4770 mini,
634 4719 755 4774 quae
784 4702 968 4773 templi
1004 4702 1363 4758 vastationem
1398 4711 1660 4772 perpetuo
1693 4717 2006 4756 mansuram

445 4795 783 4864 praedixerat.
811 4793 972 4850 Liber
1014 4795 1158 4850 enim
1211 4793 1343 4859 ille,
1387 4807 1512 4848 eum
1548 4792 1642 4863 qui
1686 4792 1788 4846 ista
1839 4792 2008 4846 multo

2111 4433 2388 4486 διαπεσεῖν
2414 4429 2738 4500 δεσποτικὴν
2766 4413 3039 4497 ἀπόφασιν
3064 4466 3080 4490 ,
3117 4426 3239 4496 ἥτις
3280 4424 3379 4494 τὴν
3407 4424 3490 4486 είς
3524 4421 3668 4482 τέλος

2113 4522 2393 4592 ἐρήμωσιν
2417 4517 2512 4572 τοῦ
2545 4518 2649 4573 νεὼ
2683 4520 2994 4588 προανεῖπε.
3025 4518 3133 4571 Καὶ
3159 4514 3266 4586 γὰρ
3291 4514 3422 4567 Θεόν
3442 4530 3504 4566 τε
3529 4511 3666 4565 ὲθεο-

2113 4611 2263 4678 λόγει
2291 4609 2352 4663 τὸ
2383 4608 2584 4680 βιϐλίον
2614 4609 2704 4663 τὸν
2746 4607 2917 4662 ταῦτα
2958 4606 3420 4680 προτεθεσπικότα
3454 4605 3549 4658 καὶ
3579 4602 3668 4672 δη-

2117 4700 2374 4772 μιουργὸν
2405 4701 2689 4755 ἁπάντωψ
2721 4700 2815 4754 xal
2839 4699 3060 4770 ἔλεγχος
3080 4695 3148 4770 ἦν
3188 4696 3282 4752 τοῦ
3327 4695 3507 4767 μάτην
3537 4689 3667 4746 ὲκεί-

2114 4809 2235 4856 νους
2279 4792 2407 4864 περὶ
2453 4792 2550 4863 τὴν
2604 4790 2892 4864 οἰκοδομὴν
2919 4791 3186 4846 ποιεῖσθαι
3217 4790 3326 4862 (79)
3346 4827 3365 4854 ,
3394 4789 3495 4859 τῆς
3529 4784 3666 4844 θείας

1662 4914 1904 4966 νΑιεειι
1942 4921 2438 4968 ANNOTA'I‘IONES.

517 5027 628 5170 $76)
659 5027 855 5098 Supra,
887 5045 934 5084 c.
965 5027 1014 5083 9.
1215 5097 1225 5107 ο
1948 5093 1959 5105 ο

541 5101 630 5165 77)
672 5101 920 5170 ᾎπορος
968 5095 1066 5168 ἦν.
1111 5094 1467 5151 Scribendum
1504 5101 1588 5149 est
1616 5093 1803 5163 procul
1831 5093 1959 5148 dubi

541 5093 630 5165 77)
672 5093 920 5168 ᾎίπορος
968 5095 1066 5168 ἦν.
1111 5094 1467 5151 Scribendum
1504 5101 1588 5149 est
1616 5093 1803 5163 procul
1831 5093 1999 5148 dubio

665 5165 964 5308 113:2».er
1008 5236 1106 5290 καὶ
1147 5233 1347 5303 amni.
1395 5231 1476 5287 Ex
1513 5231 1704 5288 codice
1751 5231 2003 5288 Bocharti

2106 5025 2417 5096 emendavi,
2439 5025 2534 5078 καὶ
2565 5025 2749 5096 ἀθιγῆ.

2178 5094 2292 5165 (79)
2308 5086 2536 5165 ῨΜᾶτην
2557 5086 2828 5161 ἐκείνους
2845 5094 2979 5163 περὶ
3002 5093 3118 5160 τὴν
3142 5091 3466 5163 οἰκοδομὴν
3495 5086 3661 5145 ποιεῖ·

2105 5164 2276 5220 σθαι.
2300 5164 2658 5222 Scribendum
2684 5167 2896 5222 videtur
2920 5165 3217 5219 πονεῖσθαι.

1895 5343 2223 5394 VARIORUM
2232 5379 2246 5392 .

515 5460 597 5530 (al
643 5459 970 5523 Ἡμιτυσίῳ.
1002 5458 1125 5530 limo
1164 5472 1274 5530 τοι
1318 5453 1559 5530 occurrit
1603 5453 1776 5530 intra,
1803 5455 1898 5509 lib.
1926 5471 1996 5530 tt,

446 5524 568 5599 cap.
605 5530 656 5584 l.
685 5529 780 5583 Est
806 5539 984 5599 autem
1014 5527 1298 5599 ἡμιτύϐιον
1327 5525 1898 5599 linteum,sudarium,
1921 5524 2002 5579 fa-

445 5595 583 5668 scia,
616 5600 831 5659 sindon.
876 5597 983 5653 Hac
1035 5595 1165 5654 rocc
1196 5598 1306 5665 jam
1350 5595 1479 5649 olim
1521 5595 1603 5649 usi
1639 5605 1766 5651 sunt
1798 5595 2003 5650 Aristo-

2100 5461 2309 5584 phqnes
2332 5502 2347 5528 ,
2385 5458 2759 5532 Hippocrates,
2786 5457 3110 5515 Plutarchus
3135 5493 3150 5524 ,
3180 5462 3301 5511 Jac.
3357 5448 3653 5524 Gallicini.

2103 5547 2153 5584 ιη
2209 5547 2288 5584 υε.

2103 5547 2153 5585 ιη
2190 5547 2288 5585 toc.
