  <div class='ocr_page' id='page_1' title='image "/cluster/home/n/w/nwhite01/storage/ocr_20150623/65/hvd.32044014812317/282.png"; bbox 0 0 3842 6352; ppageno 0'>
   <div class='ocr_carea' id='block_1_1' title="bbox 157 345 256 402">
    <p class='ocr_par' dir='ltr' id='par_1_1' title="bbox 157 345 256 402">
     <span class='ocr_line' id='line_1_1' title="bbox 157 345 256 402; baseline -0.01 0"><span class='ocrx_word' id='word_1_1' title='bbox 157 345 256 402; x_wconf 80' lang='grc'><strong>553</strong></span> 
     </span>
    </p>
   </div>
   <div class='ocr_carea' id='block_1_2' title="bbox 1158 351 2416 421">
    <p class='ocr_par' dir='ltr' id='par_1_2' title="bbox 1158 351 2416 421">
     <span class='ocr_line' id='line_1_2' title="bbox 1158 351 2416 421; baseline 0.007 -9"><span class='ocrx_word' id='word_1_2' title='bbox 1158 357 1717 416; x_wconf 70' lang='lat' dir='ltr'><strong>ECCLESIASTlCIE</strong></span> <span class='ocrx_word' id='word_1_3' title='bbox 1759 359 2110 418; x_wconf 65' lang='lat' dir='ltr'><strong>HlSTORl/E</strong></span> <span class='ocrx_word' id='word_1_4' title='bbox 2138 351 2268 421; x_wconf 83' lang='lat' dir='ltr'><strong>LIB.</strong></span> <span class='ocrx_word' id='word_1_5' title='bbox 2302 363 2416 421; x_wconf 72' lang='lat' dir='ltr'><strong>V&#39;ll.</strong></span> 
     </span>
    </p>
   </div>
   <div class='ocr_carea' id='block_1_3' title="bbox 3320 371 3426 427">
    <p class='ocr_par' dir='ltr' id='par_1_3' title="bbox 3320 371 3426 427">
     <span class='ocr_line' id='line_1_3' title="bbox 3320 371 3426 427; baseline 0.028 -3"><span class='ocrx_word' id='word_1_6' title='bbox 3320 371 3426 427; x_wconf 70' lang='grc'><strong>554</strong></span> 
     </span>
    </p>
   </div>
   <div class='ocr_carea' id='block_1_4' title="bbox 154 465 1741 548">
    <p class='ocr_par' dir='ltr' id='par_1_4' title="bbox 154 465 1741 545">
     <span class='ocr_line' id='line_1_4' title="bbox 154 465 1741 545; baseline 0.008 -28"><span class='ocrx_word' id='word_1_7' title='bbox 154 466 244 518; x_wconf 80' lang='grc' dir='ltr'>καὶ</span> <span class='ocrx_word' id='word_1_8' title='bbox 293 465 636 535; x_wconf 76' lang='grc' dir='ltr'><strong>ἀμεταθέτου</strong></span> <span class='ocrx_word' id='word_1_9' title='bbox 670 468 854 540; x_wconf 78' lang='grc' dir='ltr'>ψήφου</span> <span class='ocrx_word' id='word_1_10' title='bbox 901 472 988 525; x_wconf 82' lang='grc' dir='ltr'><strong>τὸν</strong></span> <span class='ocrx_word' id='word_1_11' title='bbox 1022 474 1098 536; x_wconf 88' lang='grc' dir='ltr'><strong>εἰς</strong></span> <span class='ocrx_word' id='word_1_12' title='bbox 1126 473 1278 537; x_wconf 81' lang='grc' dir='ltr'><strong>τέλος</strong></span> <span class='ocrx_word' id='word_1_13' title='bbox 1324 475 1418 527; x_wconf 79' lang='grc' dir='ltr'>τοῦ</span> <span class='ocrx_word' id='word_1_14' title='bbox 1465 475 1570 528; x_wconf 88' lang='grc' dir='ltr'><strong>νεὼ</strong></span> <span class='ocrx_word' id='word_1_15' title='bbox 1604 478 1741 545; x_wconf 75' lang='grc' dir='ltr'>ἀφαε</span> 
     </span>
    </p>
   </div>
   <div class='ocr_carea' id='block_1_5' title="bbox 1855 465 3429 548">
    <p class='ocr_par' dir='ltr' id='par_1_5' title="bbox 1855 477 3429 548">
     <span class='ocr_line' id='line_1_5' title="bbox 1855 477 3429 548; baseline 0.009 -18"><span class='ocrx_word' id='word_1_16' title='bbox 1855 487 1978 532; x_wconf 85' lang='lat' dir='ltr'><strong>ante</strong></span> <span class='ocrx_word' id='word_1_17' title='bbox 2010 481 2493 548; x_wconf 91' lang='lat' dir='ltr'><strong>pronuntiaverat,</strong></span> <span class='ocrx_word' id='word_1_18' title='bbox 2521 477 2575 532; x_wconf 73' lang='lat' dir='ltr'><strong>D.</strong></span> <span class='ocrx_word' id='word_1_19' title='bbox 2598 495 2688 534; x_wconf 92' lang='lat' dir='ltr'><strong>um</strong></span> <span class='ocrx_word' id='word_1_20' title='bbox 2729 490 2775 535; x_wconf 90' lang='lat' dir='ltr'><strong>et</strong></span> <span class='ocrx_word' id='word_1_21' title='bbox 2824 482 3062 540; x_wconf 90' lang='lat' dir='ltr'><strong>universi</strong></span> <span class='ocrx_word' id='word_1_22' title='bbox 3091 485 3429 544; x_wconf 78' lang='lat' dir='ltr'><strong>conditorem</strong></span> 
     </span>
    </p>
   </div>
   <div class='ocr_carea' id='block_1_6' title="bbox 154 558 1745 639">
    <p class='ocr_par' dir='ltr' id='par_1_6' title="bbox 154 558 1745 639">
     <span class='ocr_line' id='line_1_6' title="bbox 154 558 1745 639; baseline 0.008 -30"><span class='ocrx_word' id='word_1_23' title='bbox 154 558 345 628; x_wconf 83' lang='grc' dir='ltr'>νισμὸν</span> <span class='ocrx_word' id='word_1_24' title='bbox 404 559 956 634; x_wconf 64' lang='grc' dir='ltr'>καταψηφισαμένης.</span> <span class='ocrx_word' id='word_1_25' title='bbox 994 563 1074 617; x_wconf 82' lang='grc' dir='ltr'>Τὰ</span> <span class='ocrx_word' id='word_1_26' title='bbox 1130 564 1314 635; x_wconf 87' lang='grc' dir='ltr'>μέντοι</span> <span class='ocrx_word' id='word_1_27' title='bbox 1372 566 1745 639; x_wconf 81' lang='grc' dir='ltr'>Ἰεροσόλυμα,</span> 
     </span>
    </p>
   </div>
   <div class='ocr_carea' id='block_1_7' title="bbox 153 645 1745 727">
    <p class='ocr_par' dir='ltr' id='par_1_7' title="bbox 153 645 1745 727">
     <span class='ocr_line' id='line_1_7' title="bbox 153 645 1745 727; baseline 0.009 -29"><span class='ocrx_word' id='word_1_28' title='bbox 153 645 358 710; x_wconf 74' lang='grc' dir='ltr'>ἰεὸοὺς</span> <span class='ocrx_word' id='word_1_29' title='bbox 417 649 682 720; x_wconf 87' lang='grc' dir='ltr'>πρότερον</span> <span class='ocrx_word' id='word_1_30' title='bbox 730 652 976 705; x_wconf 78' lang='grc' dir='ltr'>ἐκαλεῖτο</span> <span class='ocrx_word' id='word_1_31' title='bbox 1003 694 1016 718; x_wconf 83' lang='grc'><strong>,</strong></span> <span class='ocrx_word' id='word_1_32' title='bbox 1077 653 1184 706; x_wconf 84' lang='grc' dir='ltr'>τῶν</span> <span class='ocrx_word' id='word_1_33' title='bbox 1225 655 1328 725; x_wconf 83' lang='grc' dir='ltr'>τῆς</span> <span class='ocrx_word' id='word_1_34' title='bbox 1375 655 1745 727; x_wconf 77' lang='grc' dir='ltr'><strong>Βενιαμίτιδος</strong></span> 
     </span>
    </p>
   </div>
   <div class='ocr_carea' id='block_1_8' title="bbox 152 737 1744 818">
    <p class='ocr_par' dir='ltr' id='par_1_8' title="bbox 152 737 1744 818">
     <span class='ocr_line' id='line_1_8' title="bbox 152 737 1744 818; baseline 0.008 -28"><span class='ocrx_word' id='word_1_35' title='bbox 152 737 330 808; x_wconf 75' lang='grc' dir='ltr'>φυλῆς</span> <span class='ocrx_word' id='word_1_36' title='bbox 357 738 565 810; x_wconf 82' lang='grc' dir='ltr'>ταύτην</span> <span class='ocrx_word' id='word_1_37' title='bbox 590 741 964 806; x_wconf 76' lang='grc' dir='ltr'>ἐνοικούντων,</span> <span class='ocrx_word' id='word_1_38' title='bbox 1006 745 1135 815; x_wconf 79' lang='grc' dir='ltr'>πρὶν</span> <span class='ocrx_word' id='word_1_39' title='bbox 1166 745 1198 815; x_wconf 82' lang='grc' dir='ltr'>ἢ</span> <span class='ocrx_word' id='word_1_40' title='bbox 1233 745 1397 798; x_wconf 79' lang='grc' dir='ltr'>Δαὸἰδ</span> <span class='ocrx_word' id='word_1_41' title='bbox 1428 748 1456 800; x_wconf 89' lang='grc' dir='ltr'><strong>ό</strong></span> <span class='ocrx_word' id='word_1_42' title='bbox 1489 747 1744 818; x_wconf 79' lang='grc' dir='ltr'>βασιλεὺς</span> 
     </span>
    </p>
   </div>
   <div class='ocr_carea' id='block_1_9' title="bbox 152 830 1739 907">
    <p class='ocr_par' dir='ltr' id='par_1_9' title="bbox 152 830 1739 907">
     <span class='ocr_line' id='line_1_9' title="bbox 152 830 1739 907; baseline 0.008 -25"><span class='ocrx_word' id='word_1_43' title='bbox 152 830 450 902; x_wconf 75' lang='grc' dir='ltr'>ὑποσχέσει</span> <span class='ocrx_word' id='word_1_44' title='bbox 485 834 822 904; x_wconf 82' lang='grc' dir='ltr'><strong>στρατηγίας</strong></span> <span class='ocrx_word' id='word_1_45' title='bbox 853 836 991 888; x_wconf 81' lang='grc' dir='ltr'>ἐλὼν</span> <span class='ocrx_word' id='word_1_46' title='bbox 1021 836 1193 907; x_wconf 74' lang='grc' dir='ltr'>αὐτὴν</span> <span class='ocrx_word' id='word_1_47' title='bbox 1236 837 1324 892; x_wconf 82' lang='grc' dir='ltr'>διὰ</span> <span class='ocrx_word' id='word_1_48' title='bbox 1373 838 1467 891; x_wconf 81' lang='grc' dir='ltr'>τοῦ</span> <span class='ocrx_word' id='word_1_49' title='bbox 1512 841 1739 894; x_wconf 82' lang='grc' dir='ltr'>Ἰοάὸου.</span> 
     </span>
    </p>
   </div>
   <div class='ocr_carea' id='block_1_10' title="bbox 151 924 1744 998">
    <p class='ocr_par' dir='ltr' id='par_1_10' title="bbox 151 924 1744 998">
     <span class='ocr_line' id='line_1_10' title="bbox 151 924 1744 998; baseline 0.006 -22"><span class='ocrx_word' id='word_1_50' title='bbox 151 924 380 995; x_wconf 80' lang='grc' dir='ltr'>Ἐκείνῳ</span> <span class='ocrx_word' id='word_1_51' title='bbox 402 942 462 978; x_wconf 88' lang='grc' dir='ltr'><strong>τε</strong></span> <span class='ocrx_word' id='word_1_52' title='bbox 498 926 597 996; x_wconf 82' lang='grc' dir='ltr'>τὴν</span> <span class='ocrx_word' id='word_1_53' title='bbox 630 927 926 998; x_wconf 80' lang='grc' dir='ltr'><strong>ὑπόσχεσιν</strong></span> <span class='ocrx_word' id='word_1_54' title='bbox 954 927 1029 992; x_wconf 85' lang='grc' dir='ltr'>ὡς</span> <span class='ocrx_word' id='word_1_55' title='bbox 1076 928 1370 996; x_wconf 80' lang='grc' dir='ltr'>ὑπεδέξατο</span> <span class='ocrx_word' id='word_1_56' title='bbox 1402 929 1617 997; x_wconf 87' lang='grc' dir='ltr'>δίδωσι,</span> <span class='ocrx_word' id='word_1_57' title='bbox 1650 932 1744 985; x_wconf 80' lang='grc' dir='ltr'>καὶ</span> 
     </span>
    </p>
   </div>
   <div class='ocr_carea' id='block_1_11' title="bbox 151 1018 1743 1096">
    <p class='ocr_par' dir='ltr' id='par_1_11' title="bbox 151 1018 1743 1096">
     <span class='ocr_line' id='line_1_11' title="bbox 151 1018 1743 1096; baseline 0.004 -25"><span class='ocrx_word' id='word_1_58' title='bbox 151 1018 316 1082; x_wconf 75' lang='grc' dir='ltr'>αὐτὸς</span> <span class='ocrx_word' id='word_1_59' title='bbox 366 1018 521 1072; x_wconf 79' lang='grc' dir='ltr'>πόλιν</span> <span class='ocrx_word' id='word_1_60' title='bbox 568 1021 626 1072; x_wconf 82' lang='grc' dir='ltr'>ὲν</span> <span class='ocrx_word' id='word_1_61' title='bbox 659 1020 796 1091; x_wconf 79' lang='grc' dir='ltr'>αὐτῇ</span> <span class='ocrx_word' id='word_1_62' title='bbox 847 1020 1214 1093; x_wconf 80' lang='grc' dir='ltr'><strong>δειμάμενος,</strong></span> <span class='ocrx_word' id='word_1_63' title='bbox 1264 1023 1597 1096; x_wconf 80' lang='grc' dir='ltr'><strong>μητρόπολιν</strong></span> <span class='ocrx_word' id='word_1_64' title='bbox 1649 1023 1743 1078; x_wconf 81' lang='grc' dir='ltr'>τοῦ</span> 
     </span>
    </p>
   </div>
   <div class='ocr_carea' id='block_1_12' title="bbox 152 1109 1440 1186">
    <p class='ocr_par' dir='ltr' id='par_1_12' title="bbox 152 1109 1440 1186">
     <span class='ocr_line' id='line_1_12' title="bbox 152 1109 1440 1186; baseline 0.004 -22"><span class='ocrx_word' id='word_1_65' title='bbox 152 1109 362 1173; x_wconf 82' lang='grc' dir='ltr'>παντὸς</span> <span class='ocrx_word' id='word_1_66' title='bbox 387 1109 576 1174; x_wconf 75' lang='grc' dir='ltr'>ἔθνους</span> <span class='ocrx_word' id='word_1_67' title='bbox 608 1109 718 1164; x_wconf 84' lang='grc' dir='ltr'>τῶν</span> <span class='ocrx_word' id='word_1_68' title='bbox 753 1111 1023 1184; x_wconf 83' lang='grc' dir='ltr'>Ἐϐραίων</span> <span class='ocrx_word' id='word_1_69' title='bbox 1047 1113 1440 1186; x_wconf 85' lang='grc' dir='ltr'>ἀπειργάσατο.</span> 
     </span>
    </p>
   </div>
   <div class='ocr_carea' id='block_1_13' title="bbox 1852 570 3427 643">
    <p class='ocr_par' dir='ltr' id='par_1_13' title="bbox 1852 570 3427 643">
     <span class='ocr_line' id='line_1_13' title="bbox 1852 570 3427 643; baseline 0.006 -19"><span class='ocrx_word' id='word_1_70' title='bbox 1852 584 1976 625; x_wconf 84' lang='lat' dir='ltr'><strong>esse</strong></span> <span class='ocrx_word' id='word_1_71' title='bbox 2032 571 2380 639; x_wconf 76' lang='lat' dir='ltr'><strong>praedicabat.</strong></span> <span class='ocrx_word' id='word_1_72' title='bbox 2435 570 2927 643; x_wconf 88' lang='lat' dir='ltr'><strong>Certissimumque</strong></span> <span class='ocrx_word' id='word_1_73' title='bbox 2973 583 3090 630; x_wconf 84' lang='lat' dir='ltr'><strong>erat</strong></span> <span class='ocrx_word' id='word_1_74' title='bbox 3144 576 3427 642; x_wconf 87' lang='lat' dir='ltr'><strong>indicium.</strong></span> 
     </span>
    </p>
   </div>
   <div class='ocr_carea' id='block_1_14' title="bbox 1852 660 3430 733">
    <p class='ocr_par' dir='ltr' id='par_1_14' title="bbox 1852 660 3430 733">
     <span class='ocr_line' id='line_1_14' title="bbox 1852 660 3430 733; baseline 0.008 -18"><span class='ocrx_word' id='word_1_75' title='bbox 1852 660 2053 717; x_wconf 80' lang='lat' dir='ltr'><strong>frustra</strong></span> <span class='ocrx_word' id='word_1_76' title='bbox 2088 677 2184 718; x_wconf 89' lang='lat' dir='ltr'><strong>eos</strong></span> <span class='ocrx_word' id='word_1_77' title='bbox 2212 663 2266 718; x_wconf 91' lang='lat' dir='ltr'><strong>in</strong></span> <span class='ocrx_word' id='word_1_78' title='bbox 2301 664 2620 718; x_wconf 77' lang='lat' dir='ltr'><strong>a‘dillcando</strong></span> <span class='ocrx_word' id='word_1_79' title='bbox 2644 664 2893 722; x_wconf 91' lang='lat' dir='ltr'><strong>laborare</strong></span> <span class='ocrx_word' id='word_1_80' title='bbox 2917 709 2932 733; x_wconf 91' lang='lat'><strong>,</strong></span> <span class='ocrx_word' id='word_1_81' title='bbox 2955 682 3080 722; x_wconf 91' lang='lat' dir='ltr'><strong>cum</strong></span> <span class='ocrx_word' id='word_1_82' title='bbox 3118 667 3430 727; x_wconf 64' lang='lat' dir='ltr'><strong>immulabi-r</strong></span> 
     </span>
    </p>
   </div>
   <div class='ocr_carea' id='block_1_15' title="bbox 1852 751 3433 827">
    <p class='ocr_par' dir='ltr' id='par_1_15' title="bbox 1852 751 3433 827">
     <span class='ocr_line' id='line_1_15' title="bbox 1852 751 3433 827; baseline 0.008 -21"><span class='ocrx_word' id='word_1_83' title='bbox 1852 751 1920 808; x_wconf 92' lang='lat' dir='ltr'><strong>lis</strong></span> <span class='ocrx_word' id='word_1_84' title='bbox 1964 751 2059 809; x_wconf 89' lang='lat' dir='ltr'><strong>Dei</strong></span> <span class='ocrx_word' id='word_1_85' title='bbox 2115 754 2382 809; x_wconf 88' lang='lat' dir='ltr'><strong>sententia</strong></span> <span class='ocrx_word' id='word_1_86' title='bbox 2447 756 2704 824; x_wconf 78' lang='lat' dir='ltr'><strong>templum</strong></span> <span class='ocrx_word' id='word_1_87' title='bbox 2761 767 3018 827; x_wconf 83' lang='lat' dir='ltr'><strong>perpetua</strong></span> <span class='ocrx_word' id='word_1_88' title='bbox 3077 758 3433 819; x_wconf 88' lang='lat' dir='ltr'><strong>subversione</strong></span> 
     </span>
    </p>
   </div>
   <div class='ocr_carea' id='block_1_16' title="bbox 1850 843 3432 920">
    <p class='ocr_par' dir='ltr' id='par_1_16' title="bbox 1850 843 3432 920">
     <span class='ocr_line' id='line_1_16' title="bbox 1850 843 3432 920; baseline 0.008 -22"><span class='ocrx_word' id='word_1_89' title='bbox 1850 843 2186 900; x_wconf 74' lang='lat' dir='ltr'><strong>damnasset.</strong></span> <span class='ocrx_word' id='word_1_90' title='bbox 2213 845 2332 916; x_wconf 88' lang='lat' dir='ltr'><strong>ipsa</strong></span> <span class='ocrx_word' id='word_1_91' title='bbox 2360 845 2575 916; x_wconf 87' lang='lat' dir='ltr'><strong>quidem</strong></span> <span class='ocrx_word' id='word_1_92' title='bbox 2604 847 2735 902; x_wconf 87' lang='lat' dir='ltr'><strong>urbs</strong></span> <span class='ocrx_word' id='word_1_93' title='bbox 2764 846 3138 920; x_wconf 82' lang='lat' dir='ltr'><strong>Hierosolyma</strong></span> <span class='ocrx_word' id='word_1_94' title='bbox 3165 860 3322 908; x_wconf 84' lang='lat' dir='ltr'><strong>antea</strong></span> <span class='ocrx_word' id='word_1_95' title='bbox 3341 854 3432 910; x_wconf 65' lang='grc' dir='ltr'>,ἰθε-</span> 
     </span>
    </p>
   </div>
   <div class='ocr_carea' id='block_1_17' title="bbox 1853 936 3432 1010">
    <p class='ocr_par' dir='ltr' id='par_1_17' title="bbox 1853 936 3432 1010">
     <span class='ocr_line' id='line_1_17' title="bbox 1853 936 3432 1010; baseline 0.007 -19"><span class='ocrx_word' id='word_1_96' title='bbox 1853 936 1958 991; x_wconf 86' lang='lat' dir='ltr'><strong>bus</strong></span> <span class='ocrx_word' id='word_1_97' title='bbox 1990 939 2288 993; x_wconf 73' lang='lat' dir='ltr'><strong>vocabatur</strong></span> <span class='ocrx_word' id='word_1_98' title='bbox 2314 982 2328 1003; x_wconf 91' lang='lat'><strong>,</strong></span> <span class='ocrx_word' id='word_1_99' title='bbox 2360 939 2652 994; x_wconf 86' lang='lat' dir='ltr'><strong>tribulibus</strong></span> <span class='ocrx_word' id='word_1_100' title='bbox 2688 939 3058 1010; x_wconf 73' lang='lat' dir='ltr'><strong>Benjamtticae</strong></span> <span class='ocrx_word' id='word_1_101' title='bbox 3099 943 3274 1002; x_wconf 90' lang='lat' dir='ltr'><strong>tribus</strong></span> <span class='ocrx_word' id='word_1_102' title='bbox 3305 960 3432 1002; x_wconf 88' lang='lat' dir='ltr'><strong>eam</strong></span> 
     </span>
    </p>
   </div>
   <div class='ocr_carea' id='block_1_18' title="bbox 1853 1029 3429 1105">
    <p class='ocr_par' dir='ltr' id='par_1_18' title="bbox 1853 1029 3429 1105">
     <span class='ocr_line' id='line_1_18' title="bbox 1853 1029 3429 1105; baseline 0.009 -24"><span class='ocrx_word' id='word_1_103' title='bbox 1853 1029 2239 1097; x_wconf 87' lang='lat' dir='ltr'><strong>incolentibus,</strong></span> <span class='ocrx_word' id='word_1_104' title='bbox 2259 1033 2574 1102; x_wconf 82' lang='lat' dir='ltr'><strong>priusquam</strong></span> <span class='ocrx_word' id='word_1_105' title='bbox 2597 1049 2694 1088; x_wconf 74' lang='lat' dir='ltr'><strong>rex</strong></span> <span class='ocrx_word' id='word_1_106' title='bbox 2717 1032 2907 1099; x_wconf 81' lang='lat' dir='ltr'><strong>David,</strong></span> <span class='ocrx_word' id='word_1_107' title='bbox 2933 1035 3286 1105; x_wconf 86' lang='lat' dir='ltr'><strong>operaJoabi,</strong></span> <span class='ocrx_word' id='word_1_108' title='bbox 3305 1053 3429 1095; x_wconf 90' lang='lat' dir='ltr'><strong>eam</strong></span> 
     </span>
    </p>
   </div>
   <div class='ocr_carea' id='block_1_19' title="bbox 1853 1122 3426 1198">
    <p class='ocr_par' dir='ltr' id='par_1_19' title="bbox 1853 1122 3426 1198">
     <span class='ocr_line' id='line_1_19' title="bbox 1853 1122 3426 1198; baseline 0.007 -23"><span class='ocrx_word' id='word_1_109' title='bbox 1853 1122 2110 1190; x_wconf 87' lang='lat' dir='ltr'><strong>cepisset.</strong></span> <span class='ocrx_word' id='word_1_110' title='bbox 2142 1123 2243 1178; x_wconf 87' lang='lat' dir='ltr'><strong>Cui</strong></span> <span class='ocrx_word' id='word_1_111' title='bbox 2278 1139 2405 1179; x_wconf 89' lang='lat' dir='ltr'><strong>cum</strong></span> <span class='ocrx_word' id='word_1_112' title='bbox 2437 1125 2710 1180; x_wconf 80' lang='lat' dir='ltr'><strong>exercitus</strong></span> <span class='ocrx_word' id='word_1_113' title='bbox 2741 1125 3029 1196; x_wconf 86' lang='lat' dir='ltr'><strong>imperium</strong></span> <span class='ocrx_word' id='word_1_114' title='bbox 3062 1128 3426 1198; x_wconf 88' lang='lat' dir='ltr'><strong>promisisset,</strong></span> 
     </span>
    </p>
   </div>
   <div class='ocr_carea' id='block_1_20' title="bbox 151 1205 3434 1288">
    <p class='ocr_par' dir='ltr' id='par_1_20' title="bbox 151 1205 3434 1288">
     <span class='ocr_line' id='line_1_20' title="bbox 151 1205 3434 1288; baseline 0.007 -28"><span class='ocrx_word' id='word_1_115' title='bbox 151 1205 191 1260; x_wconf 90' lang='lat' dir='ltr'><strong>si</strong></span> <span class='ocrx_word' id='word_1_116' title='bbox 227 1219 293 1260; x_wconf 86' lang='lat' dir='ltr'><strong>ea</strong></span> <span class='ocrx_word' id='word_1_117' title='bbox 329 1205 466 1261; x_wconf 86' lang='lat' dir='ltr'><strong>urbe</strong></span> <span class='ocrx_word' id='word_1_118' title='bbox 494 1205 798 1276; x_wconf 84' lang='lat' dir='ltr'><strong>potiretur,</strong></span> <span class='ocrx_word' id='word_1_119' title='bbox 833 1207 971 1262; x_wconf 89' lang='lat' dir='ltr'><strong>urbe</strong></span> <span class='ocrx_word' id='word_1_120' title='bbox 1023 1217 1214 1278; x_wconf 85' lang='lat' dir='ltr'><strong>capta,</strong></span> <span class='ocrx_word' id='word_1_121' title='bbox 1267 1207 1319 1263; x_wconf 89' lang='lat' dir='ltr'><strong>id</strong></span> <span class='ocrx_word' id='word_1_122' title='bbox 1349 1210 1494 1279; x_wconf 87' lang='lat' dir='ltr'><strong>quod</strong></span> <span class='ocrx_word' id='word_1_123' title='bbox 1558 1211 1607 1266; x_wconf 91' lang='lat' dir='ltr'><strong>ei</strong></span> <span class='ocrx_word' id='word_1_124' title='bbox 1655 1213 1982 1280; x_wconf 83' lang='lat' dir='ltr'><strong>promiserat</strong></span> <span class='ocrx_word' id='word_1_125' title='bbox 2041 1219 2282 1274; x_wconf 84' lang='lat' dir='ltr'><strong>tradidit.</strong></span> <span class='ocrx_word' id='word_1_126' title='bbox 2326 1217 2445 1288; x_wconf 86' lang='lat' dir='ltr'><strong>Ipse</strong></span> <span class='ocrx_word' id='word_1_127' title='bbox 2496 1219 2550 1272; x_wconf 92' lang='lat' dir='ltr'><strong>in</strong></span> <span class='ocrx_word' id='word_1_128' title='bbox 2589 1220 2780 1274; x_wconf 91' lang='lat' dir='ltr'><strong>eodem</strong></span> <span class='ocrx_word' id='word_1_129' title='bbox 2843 1220 2962 1276; x_wconf 90' lang='lat' dir='ltr'><strong>loco</strong></span> <span class='ocrx_word' id='word_1_130' title='bbox 3013 1223 3201 1279; x_wconf 88' lang='lat' dir='ltr'><strong>urbem</strong></span> <span class='ocrx_word' id='word_1_131' title='bbox 3261 1226 3434 1282; x_wconf 64' lang='lat' dir='ltr'><strong>aedifi-</strong></span> 
     </span>
    </p>
   </div>
   <div class='ocr_carea' id='block_1_21' title="bbox 151 1297 2125 1372">
    <p class='ocr_par' dir='ltr' id='par_1_21' title="bbox 151 1297 2125 1372">
     <span class='ocr_line' id='line_1_21' title="bbox 151 1297 2125 1372; baseline 0.006 -20"><span class='ocrx_word' id='word_1_132' title='bbox 151 1312 310 1362; x_wconf 84' lang='lat' dir='ltr'><strong>cans,</strong></span> <span class='ocrx_word' id='word_1_133' title='bbox 351 1298 622 1354; x_wconf 73' lang='lat' dir='ltr'><strong>universae</strong></span> <span class='ocrx_word' id='word_1_134' title='bbox 651 1299 828 1370; x_wconf 81' lang='lat' dir='ltr'><strong>gentis</strong></span> <span class='ocrx_word' id='word_1_135' title='bbox 860 1297 1213 1355; x_wconf 69' lang='lat' dir='ltr'><strong>Hebraeorum</strong></span> <span class='ocrx_word' id='word_1_136' title='bbox 1250 1303 1594 1372; x_wconf 86' lang='lat' dir='ltr'><strong>metropolim</strong></span> <span class='ocrx_word' id='word_1_137' title='bbox 1622 1320 1740 1358; x_wconf 85' lang='lat' dir='ltr'><strong>eam</strong></span> <span class='ocrx_word' id='word_1_138' title='bbox 1783 1320 1906 1363; x_wconf 88' lang='lat' dir='ltr'><strong>esse</strong></span> <span class='ocrx_word' id='word_1_139' title='bbox 1938 1310 2125 1364; x_wconf 86' lang='lat' dir='ltr'><strong>voluit.</strong></span> 
     </span>
    </p>
   </div>
   <div class='ocr_carea' id='block_1_22' title="bbox 224 1392 1744 1467">
    <p class='ocr_par' dir='ltr' id='par_1_22' title="bbox 224 1392 1744 1467">
     <span class='ocr_line' id='line_1_22' title="bbox 224 1392 1744 1467; baseline 0.005 -24"><span class='ocrx_word' id='word_1_140' title='bbox 224 1392 313 1446; x_wconf 85' lang='grc' dir='ltr'>ιε’.</span> <span class='ocrx_word' id='word_1_141' title='bbox 354 1393 476 1444; x_wconf 83' lang='grc' dir='ltr'>Ὀτι</span> <span class='ocrx_word' id='word_1_142' title='bbox 506 1395 621 1456; x_wconf 83' lang='grc' dir='ltr'>τοῖς</span> <span class='ocrx_word' id='word_1_143' title='bbox 649 1393 990 1463; x_wconf 81' lang='grc' dir='ltr'>πανταχόθεν</span> <span class='ocrx_word' id='word_1_144' title='bbox 1025 1395 1295 1465; x_wconf 80' lang='grc' dir='ltr'>χρησμοῖς</span> <span class='ocrx_word' id='word_1_145' title='bbox 1324 1394 1434 1449; x_wconf 84' lang='grc' dir='ltr'><strong>τῶν</strong></span> <span class='ocrx_word' id='word_1_146' title='bbox 1474 1395 1744 1467; x_wconf 82' lang='grc' dir='ltr'>Ἑλλήνιον</span> 
     </span>
    </p>
   </div>
   <div class='ocr_carea' id='block_1_23' title="bbox 148 1481 1743 1559">
    <p class='ocr_par' dir='ltr' id='par_1_23' title="bbox 148 1481 1743 1559">
     <span class='ocr_line' id='line_1_23' title="bbox 148 1481 1743 1559; baseline 0.006 -27"><span class='ocrx_word' id='word_1_147' title='bbox 148 1483 174 1532; x_wconf 84' lang='grc' dir='ltr'><strong>ὁ</strong></span> <span class='ocrx_word' id='word_1_148' title='bbox 202 1481 543 1552; x_wconf 77' lang='grc' dir='ltr'>Παραϐάτης</span> <span class='ocrx_word' id='word_1_149' title='bbox 571 1481 921 1546; x_wconf 75' lang='grc' dir='ltr'>ἀναπεισθεὶς</span> <span class='ocrx_word' id='word_1_150' title='bbox 953 1483 1028 1546; x_wconf 83' lang='grc' dir='ltr'>ὠς</span> <span class='ocrx_word' id='word_1_151' title='bbox 1049 1484 1261 1555; x_wconf 78' lang='grc' dir='ltr'>ἄμαχον</span> <span class='ocrx_word' id='word_1_152' title='bbox 1289 1485 1400 1550; x_wconf 77' lang='grc' dir='ltr'>ἔξει</span> <span class='ocrx_word' id='word_1_153' title='bbox 1427 1485 1488 1539; x_wconf 78' lang='grc' dir='ltr'>τὸ</span> <span class='ocrx_word' id='word_1_154' title='bbox 1521 1488 1743 1559; x_wconf 88' lang='grc' dir='ltr'>κράτος,</span> 
     </span>
    </p>
   </div>
   <div class='ocr_carea' id='block_1_24' title="bbox 1917 1401 3435 1478">
    <p class='ocr_par' dir='ltr' id='par_1_24' title="bbox 1917 1401 3435 1478">
     <span class='ocr_line' id='line_1_24' title="bbox 1917 1401 3435 1478; baseline 0.005 -24"><span class='ocrx_word' id='word_1_155' title='bbox 1917 1401 2006 1456; x_wconf 76' lang='grc'><strong>15.</strong></span> <span class='ocrx_word' id='word_1_156' title='bbox 2050 1402 2306 1458; x_wconf 81' lang='lat' dir='ltr'><strong>Julianus</strong></span> <span class='ocrx_word' id='word_1_157' title='bbox 2355 1405 2484 1473; x_wconf 90' lang='lat' dir='ltr'><strong>imp.</strong></span> <span class='ocrx_word' id='word_1_158' title='bbox 2545 1404 2818 1460; x_wconf 79' lang='lat' dir='ltr'><strong>Persidem</strong></span> <span class='ocrx_word' id='word_1_159' title='bbox 2874 1407 3124 1462; x_wconf 73' lang='lat' dir='ltr'><strong>invadens</strong></span> <span class='ocrx_word' id='word_1_160' title='bbox 3182 1409 3435 1478; x_wconf 84' lang='lat' dir='ltr'><strong>perit.—</strong></span> 
     </span>
    </p>
   </div>
   <div class='ocr_carea' id='block_1_25' title="bbox 1847 1490 3434 1563">
    <p class='ocr_par' dir='ltr' id='par_1_25' title="bbox 1847 1490 3434 1563">
     <span class='ocr_line' id='line_1_25' title="bbox 1847 1490 3434 1563; baseline 0.004 -20"><span class='ocrx_word' id='word_1_161' title='bbox 1847 1490 2104 1561; x_wconf 84' lang='lat' dir='ltr'><strong>Apostata</strong></span> <span class='ocrx_word' id='word_1_162' title='bbox 2134 1491 2387 1548; x_wconf 88' lang='lat' dir='ltr'><strong>Julianus</strong></span> <span class='ocrx_word' id='word_1_163' title='bbox 2419 1493 2635 1549; x_wconf 86' lang='lat' dir='ltr'><strong>cunctis</strong></span> <span class='ocrx_word' id='word_1_164' title='bbox 2660 1494 2903 1560; x_wconf 89' lang='lat' dir='ltr'><strong>undique</strong></span> <span class='ocrx_word' id='word_1_165' title='bbox 2922 1495 3206 1563; x_wconf 81' lang='lat' dir='ltr'><strong>gentilium</strong></span> <span class='ocrx_word' id='word_1_166' title='bbox 3235 1509 3434 1550; x_wconf 79' lang='lat' dir='ltr'><strong>oracu~</strong></span> 
     </span>
    </p>
   </div>
   <div class='ocr_carea' id='block_1_26' title="bbox 149 1573 1741 1652">
    <p class='ocr_par' dir='ltr' id='par_1_26' title="bbox 149 1573 1741 1652">
     <span class='ocr_line' id='line_1_26' title="bbox 149 1573 1741 1652; baseline 0.006 -26"><span class='ocrx_word' id='word_1_167' title='bbox 149 1574 294 1627; x_wconf 83' lang='grc' dir='ltr'><strong>κατὰ</strong></span> <span class='ocrx_word' id='word_1_168' title='bbox 333 1573 561 1645; x_wconf 84' lang='grc' dir='ltr'>Περσῶν</span> <span class='ocrx_word' id='word_1_169' title='bbox 583 1575 958 1647; x_wconf 83' lang='grc' dir='ltr'>ὲκστρατεύει.</span> <span class='ocrx_word' id='word_1_170' title='bbox 1002 1576 1185 1648; x_wconf 81' lang='grc' dir='ltr'>Γέρων</span> <span class='ocrx_word' id='word_1_171' title='bbox 1224 1577 1280 1630; x_wconf 89' lang='grc' dir='ltr'><strong>δέ</strong></span> <span class='ocrx_word' id='word_1_172' title='bbox 1326 1595 1410 1640; x_wconf 80' lang='grc' dir='ltr'><strong>τις</strong></span> <span class='ocrx_word' id='word_1_173' title='bbox 1450 1579 1558 1634; x_wconf 84' lang='grc' dir='ltr'><strong>τῶν</strong></span> <span class='ocrx_word' id='word_1_174' title='bbox 1597 1581 1741 1652; x_wconf 85' lang='grc' dir='ltr'><strong>παρά</strong></span> 
     </span>
    </p>
   </div>
   <div class='ocr_carea' id='block_1_27' title="bbox 1855 1573 3431 1652">
    <p class='ocr_par' dir='ltr' id='par_1_27' title="bbox 1855 1576 3431 1652">
     <span class='ocr_line' id='line_1_27' title="bbox 1855 1576 3431 1652; baseline 0.004 -18"><span class='ocrx_word' id='word_1_175' title='bbox 1855 1576 1917 1636; x_wconf 86' lang='lat' dir='ltr'><strong>lis</strong></span> <span class='ocrx_word' id='word_1_176' title='bbox 1962 1582 2228 1647; x_wconf 82' lang='lat' dir='ltr'><strong>conlisus,</strong></span> <span class='ocrx_word' id='word_1_177' title='bbox 2277 1583 2422 1652; x_wconf 90' lang='lat' dir='ltr'><strong>quod</strong></span> <span class='ocrx_word' id='word_1_178' title='bbox 2481 1584 2737 1638; x_wconf 80' lang='lat' dir='ltr'><strong>invictam</strong></span> <span class='ocrx_word' id='word_1_179' title='bbox 2772 1584 2882 1636; x_wconf 85' lang='lat' dir='ltr'><strong>vim</strong></span> <span class='ocrx_word' id='word_1_180' title='bbox 2935 1591 3082 1638; x_wconf 82' lang='lat' dir='ltr'><strong>esset</strong></span> <span class='ocrx_word' id='word_1_181' title='bbox 3121 1583 3431 1652; x_wconf 85' lang='lat' dir='ltr'><strong>habiturus,</strong></span> 
     </span>
    </p>
   </div>
   <div class='ocr_carea' id='block_1_28' title="bbox 149 1667 1742 1744">
    <p class='ocr_par' dir='ltr' id='par_1_28' title="bbox 149 1667 1742 1744">
     <span class='ocr_line' id='line_1_28' title="bbox 149 1667 1742 1744; baseline 0.003 -23"><span class='ocrx_word' id='word_1_182' title='bbox 149 1667 395 1738; x_wconf 77' lang='grc' dir='ltr'>Πέρσαις</span> <span class='ocrx_word' id='word_1_183' title='bbox 441 1669 541 1739; x_wconf 82' lang='grc' dir='ltr'>τῆς</span> <span class='ocrx_word' id='word_1_184' title='bbox 584 1668 877 1740; x_wconf 78' lang='grc' dir='ltr'>στρατείας</span> <span class='ocrx_word' id='word_1_185' title='bbox 911 1670 1222 1740; x_wconf 84' lang='grc' dir='ltr'>ἀφειμένων</span> <span class='ocrx_word' id='word_1_186' title='bbox 1250 1669 1350 1742; x_wconf 71' lang='grc' dir='ltr'>ήδη</span> <span class='ocrx_word' id='word_1_187' title='bbox 1381 1670 1591 1742; x_wconf 85' lang='grc' dir='ltr'>ἀπέστη</span> <span class='ocrx_word' id='word_1_188' title='bbox 1631 1671 1742 1744; x_wconf 89' lang='grc'><strong>(80)</strong></span> 
     </span>
    </p>
   </div>
   <div class='ocr_carea' id='block_1_29' title="bbox 1849 1671 3434 1749">
    <p class='ocr_par' dir='ltr' id='par_1_29' title="bbox 1849 1671 3434 1749">
     <span class='ocr_line' id='line_1_29' title="bbox 1849 1671 3434 1749; baseline 0.003 -23"><span class='ocrx_word' id='word_1_189' title='bbox 1849 1673 2112 1728; x_wconf 86' lang='lat' dir='ltr'><strong>adversus</strong></span> <span class='ocrx_word' id='word_1_190' title='bbox 2139 1671 2336 1729; x_wconf 85' lang='lat' dir='ltr'><strong>Persas</strong></span> <span class='ocrx_word' id='word_1_191' title='bbox 2372 1673 2770 1742; x_wconf 79' lang='lat' dir='ltr'><strong>expeditionem</strong></span> <span class='ocrx_word' id='word_1_192' title='bbox 2796 1674 3059 1744; x_wconf 90' lang='lat' dir='ltr'><strong>suscepit.</strong></span> <span class='ocrx_word' id='word_1_193' title='bbox 3099 1673 3276 1730; x_wconf 85' lang='lat' dir='ltr'><strong>Senex</strong></span> <span class='ocrx_word' id='word_1_194' title='bbox 3301 1689 3434 1749; x_wconf 74' lang='lat' dir='ltr'><strong>vero</strong></span> 
     </span>
    </p>
   </div>
   <div class='ocr_carea' id='block_1_30' title="bbox 150 1760 1741 1861">
    <p class='ocr_par' dir='ltr' id='par_1_30' title="bbox 150 1760 1741 1835">
     <span class='ocr_line' id='line_1_30' title="bbox 150 1760 1741 1835; baseline 0.002 -22"><span class='ocrx_word' id='word_1_195' title='bbox 150 1761 482 1832; x_wconf 82' lang='grc' dir='ltr'>μετέρχεται</span> <span class='ocrx_word' id='word_1_196' title='bbox 523 1762 614 1814; x_wconf 88' lang='grc' dir='ltr'><strong>τὸν</strong></span> <span class='ocrx_word' id='word_1_197' title='bbox 649 1760 981 1833; x_wconf 78' lang='grc' dir='ltr'>Παραόάτην</span> <span class='ocrx_word' id='word_1_198' title='bbox 1016 1763 1075 1815; x_wconf 88' lang='grc' dir='ltr'>ὲν</span> <span class='ocrx_word' id='word_1_199' title='bbox 1120 1763 1340 1834; x_wconf 82' lang='grc' dir='ltr'>Περσίδι</span> <span class='ocrx_word' id='word_1_200' title='bbox 1379 1763 1741 1835; x_wconf 83' lang='grc' dir='ltr'>στρατευόμε-</span> 
     </span>
    </p>
   </div>
   <div class='ocr_carea' id='block_1_31' title="bbox 1855 1760 3437 1861">
    <p class='ocr_par' dir='ltr' id='par_1_31' title="bbox 1855 1761 3437 1834">
     <span class='ocr_line' id='line_1_31' title="bbox 1855 1761 3437 1834; baseline 0.001 -18"><span class='ocrx_word' id='word_1_201' title='bbox 1855 1761 2072 1831; x_wconf 86' lang='lat' dir='ltr'><strong>quidam</strong></span> <span class='ocrx_word' id='word_1_202' title='bbox 2113 1763 2206 1832; x_wconf 90' lang='lat' dir='ltr'><strong>qui</strong></span> <span class='ocrx_word' id='word_1_203' title='bbox 2259 1763 2586 1834; x_wconf 84' lang='lat' dir='ltr'><strong>jampridem</strong></span> <span class='ocrx_word' id='word_1_204' title='bbox 2640 1764 2905 1821; x_wconf 84' lang='lat' dir='ltr'><strong>missione</strong></span> <span class='ocrx_word' id='word_1_205' title='bbox 2966 1765 3205 1820; x_wconf 87' lang='lat' dir='ltr'><strong>donatus</strong></span> <span class='ocrx_word' id='word_1_206' title='bbox 3255 1763 3437 1820; x_wconf 81' lang='lat' dir='ltr'><strong>fuerat</strong></span> 
     </span>
    </p>
   </div>
   <div class='ocr_carea' id='block_1_32' title="bbox 147 1847 1741 1926">
    <p class='ocr_par' dir='ltr' id='par_1_32' title="bbox 147 1847 1741 1920">
     <span class='ocr_line' id='line_1_32' title="bbox 147 1847 1741 1920; baseline 0.006 -23"><span class='ocrx_word' id='word_1_207' title='bbox 147 1864 240 1898; x_wconf 77' lang='grc' dir='ltr'><strong>νον</strong></span> <span class='ocrx_word' id='word_1_208' title='bbox 263 1862 276 1875; x_wconf 83' lang='lat'><strong><em>°</em></strong></span> <span class='ocrx_word' id='word_1_209' title='bbox 298 1848 395 1899; x_wconf 85' lang='grc' dir='ltr'><strong>καὶ</strong></span> <span class='ocrx_word' id='word_1_210' title='bbox 415 1847 676 1920; x_wconf 78' lang='grc' dir='ltr'>ἐρημίαις</span> <span class='ocrx_word' id='word_1_211' title='bbox 701 1849 758 1901; x_wconf 84' lang='grc' dir='ltr'>ὲν</span> <span class='ocrx_word' id='word_1_212' title='bbox 778 1848 962 1913; x_wconf 84' lang='grc' dir='ltr'>τόποις</span> <span class='ocrx_word' id='word_1_213' title='bbox 979 1850 1070 1903; x_wconf 71' lang='grc' dir='ltr'><strong>καὶ</strong></span> <span class='ocrx_word' id='word_1_214' title='bbox 1092 1851 1396 1920; x_wconf 86' lang='grc' dir='ltr'>ἀμηχάνοις</span> <span class='ocrx_word' id='word_1_215' title='bbox 1424 1851 1741 1920; x_wconf 85' lang='grc' dir='ltr'>συγκλείσας</span> 
     </span>
    </p>
   </div>
   <div class='ocr_carea' id='block_1_33' title="bbox 1855 1847 3436 1926">
    <p class='ocr_par' dir='ltr' id='par_1_33' title="bbox 1855 1849 3436 1926">
     <span class='ocr_line' id='line_1_33' title="bbox 1855 1849 3436 1926; baseline 0.004 -22"><span class='ocrx_word' id='word_1_216' title='bbox 1855 1851 1994 1920; x_wconf 89' lang='lat' dir='ltr'><strong>apud</strong></span> <span class='ocrx_word' id='word_1_217' title='bbox 2038 1849 2256 1918; x_wconf 87' lang='lat' dir='ltr'><strong>Persas,</strong></span> <span class='ocrx_word' id='word_1_218' title='bbox 2297 1853 2426 1908; x_wconf 91' lang='lat' dir='ltr'><strong>dolo</strong></span> <span class='ocrx_word' id='word_1_219' title='bbox 2455 1868 2520 1912; x_wconf 86' lang='lat' dir='ltr'><strong>ac</strong></span> <span class='ocrx_word' id='word_1_220' title='bbox 2551 1855 2774 1924; x_wconf 69' lang='lat' dir='ltr'><strong>perfidia</strong></span> <span class='ocrx_word' id='word_1_221' title='bbox 2805 1854 3165 1912; x_wconf 81' lang='lat' dir='ltr'><strong>circumvenit</strong></span> <span class='ocrx_word' id='word_1_222' title='bbox 3199 1854 3436 1926; x_wconf 82' lang='lat' dir='ltr'><strong>Aposta-</strong></span> 
     </span>
    </p>
   </div>
   <div class='ocr_carea' id='block_1_34' title="bbox 148 1935 1751 2015">
    <p class='ocr_par' dir='ltr' id='par_1_34' title="bbox 148 1935 1751 2015">
     <span class='ocr_line' id='line_1_34' title="bbox 148 1935 1751 2015; baseline 0.006 -25"><span class='ocrx_word' id='word_1_223' title='bbox 148 1939 435 2009; x_wconf 80' lang='grc' dir='ltr'>ἀπορίαις,</span> <span class='ocrx_word' id='word_1_224' title='bbox 454 1941 513 1992; x_wconf 83' lang='grc' dir='ltr'>ὲν</span> <span class='ocrx_word' id='word_1_225' title='bbox 538 1935 620 2004; x_wconf 75' lang='grc' dir='ltr'>οἷς</span> <span class='ocrx_word' id='word_1_226' title='bbox 644 1940 707 1992; x_wconf 80' lang='grc' dir='ltr'>τὸ</span> <span class='ocrx_word' id='word_1_227' title='bbox 737 1940 986 1995; x_wconf 87' lang='grc' dir='ltr'>πλεῖστον</span> <span class='ocrx_word' id='word_1_228' title='bbox 1011 1942 1102 1994; x_wconf 80' lang='grc' dir='ltr'><strong>τοῦ</strong></span> <span class='ocrx_word' id='word_1_229' title='bbox 1123 1941 1254 1995; x_wconf 82' lang='grc' dir='ltr'>λαοῦ</span> <span class='ocrx_word' id='word_1_230' title='bbox 1294 1941 1582 2015; x_wconf 75' lang='grc' dir='ltr'>διεφθάρη,</span> <span class='ocrx_word' id='word_1_231' title='bbox 1611 1944 1751 1998; x_wconf 75' lang='grc' dir='ltr'>ἐτοι-</span> 
     </span>
    </p>
   </div>
   <div class='ocr_carea' id='block_1_35' title="bbox 150 2031 1752 2108">
    <p class='ocr_par' dir='ltr' id='par_1_35' title="bbox 150 2031 1752 2108">
     <span class='ocr_line' id='line_1_35' title="bbox 150 2031 1752 2108; baseline 0.004 -24"><span class='ocrx_word' id='word_1_232' title='bbox 150 2048 251 2100; x_wconf 84' lang='grc' dir='ltr'><strong>μον</strong></span> <span class='ocrx_word' id='word_1_233' title='bbox 285 2031 516 2103; x_wconf 85' lang='grc' dir='ltr'>θήραμα</span> <span class='ocrx_word' id='word_1_234' title='bbox 545 2033 672 2096; x_wconf 77' lang='grc' dir='ltr'>τοὺς</span> <span class='ocrx_word' id='word_1_235' title='bbox 703 2034 997 2104; x_wconf 88' lang='grc' dir='ltr'>πολεμίους</span> <span class='ocrx_word' id='word_1_236' title='bbox 1029 2037 1143 2097; x_wconf 85' lang='grc' dir='ltr'>τοῖς</span> <span class='ocrx_word' id='word_1_237' title='bbox 1183 2035 1473 2108; x_wconf 62' lang='grc' dir='ltr'>ὁμοφύλοις</span> <span class='ocrx_word' id='word_1_238' title='bbox 1512 2037 1752 2108; x_wconf 82' lang='grc' dir='ltr'>παρέχε-</span> 
     </span>
    </p>
   </div>
   <div class='ocr_carea' id='block_1_36' title="bbox 147 2105 1752 2196">
    <p class='ocr_par' dir='ltr' id='par_1_36' title="bbox 147 2105 1752 2196">
     <span class='ocr_line' id='line_1_36' title="bbox 147 2105 1752 2196; baseline 0.001 -20"><span class='ocrx_word' id='word_1_239' title='bbox 147 2141 261 2177; x_wconf 84' lang='grc' dir='ltr'>ται.</span> <span class='ocrx_word' id='word_1_240' title='bbox 291 2124 338 2176; x_wconf 89' lang='grc' dir='ltr'>Τ</span> <span class='ocrx_word' id='word_1_241' title='bbox 340 2123 371 2176; x_wconf 79' lang='grc' dir='ltr'><strong>ὸ</strong></span> <span class='ocrx_word' id='word_1_242' title='bbox 395 2123 453 2177; x_wconf 82' lang='grc' dir='ltr'>δὲ</span> <span class='ocrx_word' id='word_1_243' title='bbox 474 2124 745 2196; x_wconf 81' lang='grc' dir='ltr'>Περσικὸν</span> <span class='ocrx_word' id='word_1_244' title='bbox 767 2123 1055 2178; x_wconf 82' lang='grc' dir='ltr'>ἐπελαύνει</span> <span class='ocrx_word' id='word_1_245' title='bbox 1084 2123 1195 2195; x_wconf 78' lang='lat'><strong>(81)</strong></span> <span class='ocrx_word' id='word_1_246' title='bbox 1227 2105 1347 2179; x_wconf 70' lang='grc' dir='ltr'>κατ’</span> <span class='ocrx_word' id='word_1_247' title='bbox 1367 2125 1546 2180; x_wconf 80' lang='grc' dir='ltr'>αὐτῶν</span> <span class='ocrx_word' id='word_1_248' title='bbox 1565 2168 1580 2192; x_wconf 90' lang='grc'><strong>,</strong></span> <span class='ocrx_word' id='word_1_249' title='bbox 1628 2144 1752 2180; x_wconf 80' lang='grc' dir='ltr'>συν-</span> 
     </span>
    </p>
   </div>
   <div class='ocr_carea' id='block_1_37' title="bbox 148 2216 1749 2292">
    <p class='ocr_par' dir='ltr' id='par_1_37' title="bbox 148 2216 1749 2292">
     <span class='ocr_line' id='line_1_37' title="bbox 148 2216 1749 2292; baseline 0.003 -24"><span class='ocrx_word' id='word_1_250' title='bbox 148 2217 504 2286; x_wconf 79' lang='grc' dir='ltr'>επαγόμενον</span> <span class='ocrx_word' id='word_1_251' title='bbox 525 2218 620 2270; x_wconf 61' lang='grc' dir='ltr'><strong>καὶ⁹</strong></span> <span class='ocrx_word' id='word_1_252' title='bbox 647 2219 772 2281; x_wconf 83' lang='grc' dir='ltr'>τοὺς</span> <span class='ocrx_word' id='word_1_253' title='bbox 795 2216 1162 2281; x_wconf 80' lang='grc' dir='ltr'>ὑποσπόνδους</span> <span class='ocrx_word' id='word_1_254' title='bbox 1187 2219 1545 2290; x_wconf 83' lang='grc' dir='ltr'>κοντοφόρους</span> <span class='ocrx_word' id='word_1_255' title='bbox 1570 2221 1643 2273; x_wconf 91' lang='grc' dir='ltr'>Σα</span> <span class='ocrx_word' id='word_1_256' title='bbox 1653 2237 1749 2292; x_wconf 86' lang='grc' dir='ltr'>ρα-</span> 
     </span>
    </p>
   </div>
   <div class='ocr_carea' id='block_1_38' title="bbox 147 2300 1748 2382">
    <p class='ocr_par' dir='ltr' id='par_1_38' title="bbox 147 2300 1748 2382">
     <span class='ocr_line' id='line_1_38' title="bbox 147 2300 1748 2382; baseline 0.002 -21"><span class='ocrx_word' id='word_1_257' title='bbox 147 2307 354 2378; x_wconf 87' lang='grc' dir='ltr'>κηνούς</span> <span class='ocrx_word' id='word_1_258' title='bbox 376 2323 390 2336; x_wconf 88' lang='grc'><strong>·</strong></span> <span class='ocrx_word' id='word_1_259' title='bbox 425 2300 501 2361; x_wconf 81' lang='grc' dir='ltr'>ὧν</span> <span class='ocrx_word' id='word_1_260' title='bbox 532 2303 614 2372; x_wconf 78' lang='grc' dir='ltr'>εἷς</span> <span class='ocrx_word' id='word_1_261' title='bbox 644 2309 734 2362; x_wconf 72' lang='grc' dir='ltr'>ἐπὶ</span> <span class='ocrx_word' id='word_1_262' title='bbox 759 2308 852 2363; x_wconf 73' lang='grc' dir='ltr'>τὸν</span> <span class='ocrx_word' id='word_1_263' title='bbox 891 2309 1177 2363; x_wconf 83' lang='grc' dir='ltr'>’Ῑουλιανὸν</span> <span class='ocrx_word' id='word_1_264' title='bbox 1207 2311 1268 2363; x_wconf 79' lang='grc' dir='ltr'>τὸ</span> <span class='ocrx_word' id='word_1_265' title='bbox 1297 2311 1425 2382; x_wconf 71' lang='grc' dir='ltr'>δόρυ</span> <span class='ocrx_word' id='word_1_266' title='bbox 1465 2313 1712 2376; x_wconf 76' lang='grc' dir='ltr'>ἐκτείνας</span> <span class='ocrx_word' id='word_1_267' title='bbox 1733 2351 1748 2376; x_wconf 94' lang='grc'><strong>,</strong></span> 
     </span>
    </p>
   </div>
   <div class='ocr_carea' id='block_1_39' title="bbox 147 2401 1747 2474">
    <p class='ocr_par' dir='ltr' id='par_1_39' title="bbox 147 2401 1747 2474">
     <span class='ocr_line' id='line_1_39' title="bbox 147 2401 1747 2474; baseline 0.003 -22"><span class='ocrx_word' id='word_1_268' title='bbox 147 2401 386 2471; x_wconf 77' lang='grc' dir='ltr'>πλήττει</span> <span class='ocrx_word' id='word_1_269' title='bbox 434 2401 534 2472; x_wconf 81' lang='grc' dir='ltr'><strong>μὲν</strong></span> <span class='ocrx_word' id='word_1_270' title='bbox 580 2401 742 2456; x_wconf 78' lang='grc' dir='ltr'>αὐτὸν</span> <span class='ocrx_word' id='word_1_271' title='bbox 785 2403 842 2454; x_wconf 80' lang='grc' dir='ltr'><strong>ἐν</strong></span> <span class='ocrx_word' id='word_1_272' title='bbox 893 2401 1038 2472; x_wconf 80' lang='grc' dir='ltr'>ἰσχύϊ</span> <span class='ocrx_word' id='word_1_273' title='bbox 1087 2402 1230 2456; x_wconf 72' lang='grc' dir='ltr'>κατὰ</span> <span class='ocrx_word' id='word_1_274' title='bbox 1279 2403 1340 2455; x_wconf 78' lang='grc' dir='ltr'>τὸ</span> <span class='ocrx_word' id='word_1_275' title='bbox 1383 2404 1747 2474; x_wconf 84' lang='grc' dir='ltr'>περιτόναιον.</span> 
     </span>
    </p>
   </div>
   <div class='ocr_carea' id='block_1_40' title="bbox 150 2492 1757 2565">
    <p class='ocr_par' dir='ltr' id='par_1_40' title="bbox 150 2492 1757 2565">
     <span class='ocr_line' id='line_1_40' title="bbox 150 2492 1757 2565; baseline 0.004 -21"><span class='ocrx_word' id='word_1_276' title='bbox 150 2493 306 2562; x_wconf 69' lang='grc' dir='ltr'>’Ἅμα</span> <span class='ocrx_word' id='word_1_277' title='bbox 337 2492 397 2546; x_wconf 87' lang='grc' dir='ltr'><strong>δὲ</strong></span> <span class='ocrx_word' id='word_1_278' title='bbox 432 2495 499 2564; x_wconf 81' lang='grc' dir='ltr'>τῇ</span> <span class='ocrx_word' id='word_1_279' title='bbox 535 2495 712 2564; x_wconf 72' lang='grc' dir='ltr'>αἰχμῇ</span> <span class='ocrx_word' id='word_1_280' title='bbox 763 2492 1090 2564; x_wconf 80' lang='grc' dir='ltr'>ὲξελκομένῃ</span> <span class='ocrx_word' id='word_1_281' title='bbox 1115 2536 1128 2556; x_wconf 89' lang='grc'><strong>,</strong></span> <span class='ocrx_word' id='word_1_282' title='bbox 1173 2494 1266 2547; x_wconf 75' lang='grc' dir='ltr'><strong>καὶ</strong></span> <span class='ocrx_word' id='word_1_283' title='bbox 1309 2496 1512 2565; x_wconf 82' lang='grc' dir='ltr'>κόπρος</span> <span class='ocrx_word' id='word_1_284' title='bbox 1539 2514 1620 2559; x_wconf 90' lang='grc' dir='ltr'><strong>τις</strong></span> <span class='ocrx_word' id='word_1_285' title='bbox 1654 2498 1757 2552; x_wconf 83' lang='grc' dir='ltr'>ἐπ-</span> 
     </span>
    </p>
   </div>
   <div class='ocr_carea' id='block_1_41' title="bbox 144 2581 1752 2659">
    <p class='ocr_par' dir='ltr' id='par_1_41' title="bbox 144 2581 1752 2659">
     <span class='ocr_line' id='line_1_41' title="bbox 144 2581 1752 2659; baseline 0.004 -23"><span class='ocrx_word' id='word_1_286' title='bbox 144 2581 494 2654; x_wconf 82' lang='grc' dir='ltr'>ηκολούθησε</span> <span class='ocrx_word' id='word_1_287' title='bbox 530 2585 988 2655; x_wconf 83' lang='grc' dir='ltr'>συνεπισπωμένη</span> <span class='ocrx_word' id='word_1_288' title='bbox 1015 2585 1094 2654; x_wconf 81' lang='grc' dir='ltr'>τῷ</span> <span class='ocrx_word' id='word_1_289' title='bbox 1125 2586 1340 2657; x_wconf 76' lang='grc' dir='ltr'>αἵματι.</span> <span class='ocrx_word' id='word_1_290' title='bbox 1373 2583 1504 2641; x_wconf 73' lang='grc' dir='ltr'>Εἶτα</span> <span class='ocrx_word' id='word_1_291' title='bbox 1527 2588 1616 2641; x_wconf 87' lang='grc' dir='ltr'><strong>τὸν</strong></span> <span class='ocrx_word' id='word_1_292' title='bbox 1653 2590 1752 2659; x_wconf 83' lang='grc' dir='ltr'><strong>μὲν</strong></span> 
     </span>
    </p>
   </div>
   <div class='ocr_carea' id='block_1_42' title="bbox 149 2667 1753 2750">
    <p class='ocr_par' dir='ltr' id='par_1_42' title="bbox 149 2667 1753 2750">
     <span class='ocr_line' id='line_1_42' title="bbox 149 2667 1753 2750; baseline 0.007 -27"><span class='ocrx_word' id='word_1_293' title='bbox 149 2672 390 2741; x_wconf 80' lang='grc' dir='ltr'>βαλόντα</span> <span class='ocrx_word' id='word_1_294' title='bbox 420 2673 740 2745; x_wconf 75' lang='grc' dir='ltr'>Σαρακηνὸν</span> <span class='ocrx_word' id='word_1_295' title='bbox 769 2669 850 2738; x_wconf 77' lang='grc' dir='ltr'>εἷς</span> <span class='ocrx_word' id='word_1_296' title='bbox 873 2674 980 2727; x_wconf 83' lang='grc' dir='ltr'><strong>τῶν</strong></span> <span class='ocrx_word' id='word_1_297' title='bbox 1015 2675 1331 2748; x_wconf 78' lang='grc' dir='ltr'>δυρυφόρων</span> <span class='ocrx_word' id='word_1_298' title='bbox 1360 2667 1622 2742; x_wconf 77' lang='grc' dir='ltr'>ἐπελθὼν,</span> <span class='ocrx_word' id='word_1_299' title='bbox 1653 2680 1753 2750; x_wconf 77' lang='grc' dir='ltr'>τῆς</span> 
     </span>
    </p>
   </div>
   <div class='ocr_carea' id='block_1_43' title="bbox 147 2753 1749 2841">
    <p class='ocr_par' dir='ltr' id='par_1_43' title="bbox 147 2753 1749 2841">
     <span class='ocr_line' id='line_1_43' title="bbox 147 2753 1749 2841; baseline 0.005 -24"><span class='ocrx_word' id='word_1_300' title='bbox 147 2767 402 2837; x_wconf 71' lang='grc' dir='ltr'>κεφαλῆς</span> <span class='ocrx_word' id='word_1_301' title='bbox 455 2753 778 2838; x_wconf 73' lang='grc' dir='ltr'>ἀποτέμνει.</span> <span class='ocrx_word' id='word_1_302' title='bbox 814 2767 1105 2839; x_wconf 87' lang='grc' dir='ltr'>Τρωθέντα</span> <span class='ocrx_word' id='word_1_303' title='bbox 1136 2769 1192 2822; x_wconf 89' lang='grc' dir='ltr'>δὲ</span> <span class='ocrx_word' id='word_1_304' title='bbox 1235 2770 1456 2841; x_wconf 85' lang='grc' dir='ltr'>καιρίαν</span> <span class='ocrx_word' id='word_1_305' title='bbox 1485 2771 1576 2825; x_wconf 76' lang='grc' dir='ltr'><strong>τὸν</strong></span> <span class='ocrx_word' id='word_1_306' title='bbox 1618 2773 1749 2825; x_wconf 88' lang='grc' dir='ltr'>’1ου-</span> 
     </span>
    </p>
   </div>
   <div class='ocr_carea' id='block_1_44' title="bbox 145 2856 1749 2928">
    <p class='ocr_par' dir='ltr' id='par_1_44' title="bbox 145 2856 1749 2928">
     <span class='ocr_line' id='line_1_44' title="bbox 145 2856 1749 2928; baseline 0.004 -20"><span class='ocrx_word' id='word_1_307' title='bbox 145 2856 427 2922; x_wconf 52' lang='lat' dir='ltr'><strong>lavdi/,0!</strong></span> <span class='ocrx_word' id='word_1_308' title='bbox 459 2859 653 2910; x_wconf 85' lang='grc' dir='ltr'>οἰκεῖοι</span> <span class='ocrx_word' id='word_1_309' title='bbox 681 2856 769 2911; x_wconf 84' lang='grc' dir='ltr'>διὰ</span> <span class='ocrx_word' id='word_1_310' title='bbox 790 2858 991 2928; x_wconf 80' lang='grc' dir='ltr'>τάχους</span> <span class='ocrx_word' id='word_1_311' title='bbox 1009 2857 1372 2926; x_wconf 74' lang='grc' dir='ltr'>ἀναλαϐόντες</span> <span class='ocrx_word' id='word_1_312' title='bbox 1395 2861 1481 2912; x_wconf 81' lang='grc' dir='ltr'>ἐπ’</span> <span class='ocrx_word' id='word_1_313' title='bbox 1504 2860 1749 2925; x_wconf 89' lang='grc' dir='ltr'>ἀσπίδος,</span> 
     </span>
    </p>
   </div>
   <div class='ocr_carea' id='block_1_45' title="bbox 146 2946 1754 3021">
    <p class='ocr_par' dir='ltr' id='par_1_45' title="bbox 146 2946 1754 3021">
     <span class='ocr_line' id='line_1_45' title="bbox 146 2946 1754 3021; baseline 0.002 -19"><span class='ocrx_word' id='word_1_314' title='bbox 146 2952 230 3012; x_wconf 80' lang='grc' dir='ltr'>εἰς</span> <span class='ocrx_word' id='word_1_315' title='bbox 260 2950 367 3020; x_wconf 78' lang='grc' dir='ltr'>τὴν</span> <span class='ocrx_word' id='word_1_316' title='bbox 402 2949 612 3021; x_wconf 83' lang='grc' dir='ltr'>σκηνὴν</span> <span class='ocrx_word' id='word_1_317' title='bbox 652 2946 982 3020; x_wconf 86' lang='grc' dir='ltr'>ἀνεχώρουν.</span> <span class='ocrx_word' id='word_1_318' title='bbox 1021 2951 1131 3003; x_wconf 78' lang='grc' dir='ltr'>Καὶ</span> <span class='ocrx_word' id='word_1_319' title='bbox 1173 2953 1284 3014; x_wconf 86' lang='grc' dir='ltr'>τοῖς</span> <span class='ocrx_word' id='word_1_320' title='bbox 1318 2949 1533 3016; x_wconf 86' lang='grc' dir='ltr'>πολλοῖς</span> <span class='ocrx_word' id='word_1_321' title='bbox 1568 2952 1654 3006; x_wconf 76' lang='grc' dir='ltr'>διὰ</span> <span class='ocrx_word' id='word_1_322' title='bbox 1694 2954 1754 3006; x_wconf 79' lang='grc' dir='ltr'>τὸ</span> 
     </span>
    </p>
   </div>
   <div class='ocr_carea' id='block_1_46' title="bbox 145 3041 1751 3115">
    <p class='ocr_par' dir='ltr' id='par_1_46' title="bbox 145 3041 1751 3115">
     <span class='ocr_line' id='line_1_46' title="bbox 145 3041 1751 3115; baseline 0.001 -19"><span class='ocrx_word' id='word_1_323' title='bbox 145 3042 358 3115; x_wconf 82' lang='grc' dir='ltr'>ἀθρόον</span> <span class='ocrx_word' id='word_1_324' title='bbox 379 3041 476 3095; x_wconf 68' lang='grc' dir='ltr'>καὶ</span> <span class='ocrx_word' id='word_1_325' title='bbox 501 3043 572 3096; x_wconf 85' lang='grc' dir='ltr'>δι’</span> <span class='ocrx_word' id='word_1_326' title='bbox 589 3041 771 3111; x_wconf 85' lang='grc' dir='ltr'>ὀλίγου</span> <span class='ocrx_word' id='word_1_327' title='bbox 801 3042 1077 3114; x_wconf 79' lang='grc' dir='ltr'>συμϐῆναι</span> <span class='ocrx_word' id='word_1_328' title='bbox 1113 3044 1210 3113; x_wconf 84' lang='grc' dir='ltr'>τὴν</span> <span class='ocrx_word' id='word_1_329' title='bbox 1245 3042 1481 3113; x_wconf 86' lang='grc' dir='ltr'>πληγὴν,</span> <span class='ocrx_word' id='word_1_330' title='bbox 1507 3046 1602 3099; x_wconf 78' lang='grc' dir='ltr'><strong>καὶ</strong></span> <span class='ocrx_word' id='word_1_331' title='bbox 1629 3047 1751 3115; x_wconf 77' lang='grc' dir='ltr'>μηδ’</span> 
     </span>
    </p>
   </div>
   <div class='ocr_carea' id='block_1_47' title="bbox 143 3117 1821 3212">
    <p class='ocr_par' dir='ltr' id='par_1_47' title="bbox 143 3117 1821 3212">
     <span class='ocr_line' id='line_1_47' title="bbox 143 3117 1821 3212; baseline -0.001 -24"><span class='ocrx_word' id='word_1_332' title='bbox 143 3135 275 3188; x_wconf 81' lang='grc' dir='ltr'>ὅθεν</span> <span class='ocrx_word' id='word_1_333' title='bbox 312 3134 446 3188; x_wconf 85' lang='grc' dir='ltr'><strong>ἰδεῖν</strong></span> <span class='ocrx_word' id='word_1_334' title='bbox 487 3117 718 3205; x_wconf 77' lang='grc' dir='ltr'>ἠνέχθη,</span> <span class='ocrx_word' id='word_1_335' title='bbox 762 3133 916 3206; x_wconf 79' lang='grc' dir='ltr'>παρά</span> <span class='ocrx_word' id='word_1_336' title='bbox 951 3133 1061 3189; x_wconf 79' lang='grc' dir='ltr'><strong>τῶν</strong></span> <span class='ocrx_word' id='word_1_337' title='bbox 1115 3135 1332 3187; x_wconf 77' lang='grc' dir='ltr'>οἰκείων</span> <span class='ocrx_word' id='word_1_338' title='bbox 1373 3134 1633 3206; x_wconf 76' lang='grc' dir='ltr'>ἐνομίσθη</span> <span class='ocrx_word' id='word_1_339' title='bbox 1687 3137 1749 3190; x_wconf 79' lang='grc' dir='ltr'>τὸ</span> <span class='ocrx_word' id='word_1_340' title='bbox 1779 3154 1821 3212; x_wconf 67' lang='grc' dir='ltr'><em>α</em></span> 
     </span>
    </p>
   </div>
   <div class='ocr_carea' id='block_1_48' title="bbox 145 3222 1748 3294">
    <p class='ocr_par' dir='ltr' id='par_1_48' title="bbox 145 3222 1748 3294">
     <span class='ocr_line' id='line_1_48' title="bbox 145 3222 1748 3294; baseline -0.001 -17"><span class='ocrx_word' id='word_1_341' title='bbox 145 3224 327 3288; x_wconf 82' lang='grc' dir='ltr'>πάθος</span> <span class='ocrx_word' id='word_1_342' title='bbox 355 3223 662 3294; x_wconf 82' lang='grc' dir='ltr'>προελθεῖν.</span> <span class='ocrx_word' id='word_1_343' title='bbox 708 3223 844 3278; x_wconf 82' lang='grc' dir='ltr'>Ἀλλ’</span> <span class='ocrx_word' id='word_1_344' title='bbox 875 3225 904 3278; x_wconf 86' lang='grc' dir='ltr'>ὅ</span> <span class='ocrx_word' id='word_1_345' title='bbox 934 3240 998 3293; x_wconf 89' lang='grc' dir='ltr'><strong>γε</strong></span> <span class='ocrx_word' id='word_1_346' title='bbox 1024 3222 1258 3286; x_wconf 81' lang='grc' dir='ltr'>δείλαιος</span> <span class='ocrx_word' id='word_1_347' title='bbox 1305 3223 1621 3289; x_wconf 78' lang='grc' dir='ltr'>Ἰουλιανὸς,</span> <span class='ocrx_word' id='word_1_348' title='bbox 1654 3224 1748 3277; x_wconf 73' lang='grc' dir='ltr'>τοῦ</span> 
     </span>
    </p>
   </div>
   <div class='ocr_carea' id='block_1_49' title="bbox 145 3309 1750 3389">
    <p class='ocr_par' dir='ltr' id='par_1_49' title="bbox 145 3309 1750 3389">
     <span class='ocr_line' id='line_1_49' title="bbox 145 3309 1750 3389; baseline -0.001 -20"><span class='ocrx_word' id='word_1_349' title='bbox 145 3316 480 3389; x_wconf 80' lang='grc' dir='ltr'>τραύματος</span> <span class='ocrx_word' id='word_1_350' title='bbox 504 3317 627 3378; x_wconf 88' lang='grc' dir='ltr'>ταῖς</span> <span class='ocrx_word' id='word_1_351' title='bbox 658 3315 850 3386; x_wconf 84' lang='grc' dir='ltr'>χερσὶν</span> <span class='ocrx_word' id='word_1_352' title='bbox 885 3314 1283 3386; x_wconf 81' lang='grc' dir='ltr'>ὑποδεχόμενος</span> <span class='ocrx_word' id='word_1_353' title='bbox 1327 3313 1389 3368; x_wconf 80' lang='grc' dir='ltr'>τὸ</span> <span class='ocrx_word' id='word_1_354' title='bbox 1420 3309 1581 3385; x_wconf 78' lang='grc' dir='ltr'>αἷμα,</span> <span class='ocrx_word' id='word_1_355' title='bbox 1614 3314 1750 3384; x_wconf 73' lang='grc' dir='ltr'>πρὸς</span> 
     </span>
    </p>
   </div>
   <div class='ocr_carea' id='block_1_50' title="bbox 143 3405 1746 3478">
    <p class='ocr_par' dir='ltr' id='par_1_50' title="bbox 143 3405 1746 3478">
     <span class='ocr_line' id='line_1_50' title="bbox 143 3405 1746 3478; baseline -0.001 -19"><span class='ocrx_word' id='word_1_356' title='bbox 143 3406 245 3460; x_wconf 77' lang='grc' dir='ltr'><strong>τὸν</strong></span> <span class='ocrx_word' id='word_1_357' title='bbox 284 3405 442 3476; x_wconf 76' lang='grc' dir='ltr'>ἥλιον</span> <span class='ocrx_word' id='word_1_358' title='bbox 471 3405 797 3477; x_wconf 81' lang='grc' dir='ltr'>ἀπέρῤαινε.</span> <span class='ocrx_word' id='word_1_359' title='bbox 830 3405 1132 3478; x_wconf 75' lang='grc' dir='ltr'>διαρρήδην</span> <span class='ocrx_word' id='word_1_360' title='bbox 1167 3406 1302 3478; x_wconf 82' lang='grc' dir='ltr'>πρὸς</span> <span class='ocrx_word' id='word_1_361' title='bbox 1346 3405 1506 3459; x_wconf 82' lang='grc' dir='ltr'>αὑτὸν</span> <span class='ocrx_word' id='word_1_362' title='bbox 1535 3405 1710 3474; x_wconf 90' lang='grc' dir='ltr'>λέγων</span> <span class='ocrx_word' id='word_1_363' title='bbox 1734 3421 1746 3435; x_wconf 92' lang='grc'><strong>·</strong></span> 
     </span>
    </p>
   </div>
   <div class='ocr_carea' id='block_1_51' title="bbox 145 3497 1748 3568">
    <p class='ocr_par' dir='ltr' id='par_1_51' title="bbox 145 3497 1748 3568">
     <span class='ocr_line' id='line_1_51' title="bbox 145 3497 1748 3568; baseline -0.001 -15"><span class='ocrx_word' id='word_1_364' title='bbox 145 3498 512 3567; x_wconf 78' lang='grc' dir='ltr'>Κορέσθητι.</span> <span class='ocrx_word' id='word_1_365' title='bbox 543 3497 650 3552; x_wconf 75' lang='grc' dir='ltr'><strong>Ναὶ</strong></span> <span class='ocrx_word' id='word_1_366' title='bbox 679 3497 742 3568; x_wconf 81' lang='grc' dir='ltr'>δὴ</span> <span class='ocrx_word' id='word_1_367' title='bbox 771 3499 867 3553; x_wconf 67' lang='grc' dir='ltr'><strong>καὶ</strong></span> <span class='ocrx_word' id='word_1_368' title='bbox 890 3499 1017 3563; x_wconf 82' lang='grc' dir='ltr'>τοὺς</span> <span class='ocrx_word' id='word_1_369' title='bbox 1053 3497 1243 3561; x_wconf 79' lang='grc' dir='ltr'>ἄλλους</span> <span class='ocrx_word' id='word_1_370' title='bbox 1281 3499 1435 3562; x_wconf 79' lang='grc' dir='ltr'>θεοὺς</span> <span class='ocrx_word' id='word_1_371' title='bbox 1465 3499 1669 3562; x_wconf 87' lang='grc' dir='ltr'>κακούς</span> <span class='ocrx_word' id='word_1_372' title='bbox 1693 3517 1748 3552; x_wconf 82' lang='grc' dir='ltr'><strong>τε</strong></span> 
     </span>
    </p>
   </div>
   <div class='ocr_carea' id='block_1_52' title="bbox 145 3588 1752 3660">
    <p class='ocr_par' dir='ltr' id='par_1_52' title="bbox 145 3588 1752 3660">
     <span class='ocr_line' id='line_1_52' title="bbox 145 3588 1752 3660; baseline 0 -18"><span class='ocrx_word' id='word_1_373' title='bbox 145 3591 248 3643; x_wconf 71' lang='grc' dir='ltr'><strong>καὶ</strong></span> <span class='ocrx_word' id='word_1_374' title='bbox 292 3590 568 3659; x_wconf 83' lang='grc' dir='ltr'>όλετῆρας</span> <span class='ocrx_word' id='word_1_375' title='bbox 613 3589 817 3643; x_wconf 78' lang='grc' dir='ltr'>ἐκάλει.</span> <span class='ocrx_word' id='word_1_376' title='bbox 873 3588 1097 3660; x_wconf 78' lang='grc' dir='ltr'>’ἰατρῶν</span> <span class='ocrx_word' id='word_1_377' title='bbox 1145 3589 1328 3659; x_wconf 88' lang='grc' dir='ltr'>μέντοι</span> <span class='ocrx_word' id='word_1_378' title='bbox 1383 3605 1442 3657; x_wconf 86' lang='grc' dir='ltr'><strong>γε</strong></span> <span class='ocrx_word' id='word_1_379' title='bbox 1478 3588 1752 3660; x_wconf 77' lang='grc' dir='ltr'>ἄριστοςό</span> 
     </span>
    </p>
   </div>
   <div class='ocr_carea' id='block_1_53' title="bbox 145 3678 1750 3752">
    <p class='ocr_par' dir='ltr' id='par_1_53' title="bbox 145 3678 1750 3752">
     <span class='ocr_line' id='line_1_53' title="bbox 145 3678 1750 3752; baseline -0.002 -17"><span class='ocrx_word' id='word_1_380' title='bbox 145 3681 326 3744; x_wconf 80' lang='grc' dir='ltr'>Λυδὸς</span> <span class='ocrx_word' id='word_1_381' title='bbox 393 3678 710 3752; x_wconf 77' lang='grc' dir='ltr'>Ὀριὸάσιος</span> <span class='ocrx_word' id='word_1_382' title='bbox 748 3678 896 3749; x_wconf 82' lang='grc' dir='ltr'>αὐτῷ</span> <span class='ocrx_word' id='word_1_383' title='bbox 941 3679 1105 3750; x_wconf 79' lang='grc' dir='ltr'>συνῆν</span> <span class='ocrx_word' id='word_1_384' title='bbox 1135 3680 1162 3731; x_wconf 86' lang='grc' dir='ltr'>ὁ</span> <span class='ocrx_word' id='word_1_385' title='bbox 1210 3681 1274 3731; x_wconf 76' lang='grc' dir='ltr'>ἐκ</span> <span class='ocrx_word' id='word_1_386' title='bbox 1312 3679 1561 3751; x_wconf 84' lang='grc' dir='ltr'>Σάρδεων</span> <span class='ocrx_word' id='word_1_387' title='bbox 1586 3698 1597 3709; x_wconf 90' lang='grc'>·</span> <span class='ocrx_word' id='word_1_388' title='bbox 1635 3679 1750 3734; x_wconf 79' lang='grc' dir='ltr'>ἀλλ’</span> 
     </span>
    </p>
   </div>
   <div class='ocr_carea' id='block_1_54' title="bbox 145 3769 1750 3843">
    <p class='ocr_par' dir='ltr' id='par_1_54' title="bbox 145 3769 1750 3843">
     <span class='ocr_line' id='line_1_54' title="bbox 145 3769 1750 3843; baseline 0.001 -20"><span class='ocrx_word' id='word_1_389' title='bbox 145 3775 183 3843; x_wconf 88' lang='grc' dir='ltr'>ἠ</span> <span class='ocrx_word' id='word_1_390' title='bbox 234 3771 425 3842; x_wconf 83' lang='grc' dir='ltr'>πληγὴ</span> <span class='ocrx_word' id='word_1_391' title='bbox 462 3772 643 3824; x_wconf 83' lang='grc' dir='ltr'>πᾶσαν</span> <span class='ocrx_word' id='word_1_392' title='bbox 681 3770 1018 3841; x_wconf 85' lang='grc' dir='ltr'>χλευάζουσα</span> <span class='ocrx_word' id='word_1_393' title='bbox 1070 3769 1398 3842; x_wconf 84' lang='grc' dir='ltr'>Θεραπείαν,</span> <span class='ocrx_word' id='word_1_394' title='bbox 1449 3771 1532 3823; x_wconf 79' lang='grc' dir='ltr'><strong>διὰ</strong></span> <span class='ocrx_word' id='word_1_395' title='bbox 1582 3771 1750 3842; x_wconf 71' lang='grc' dir='ltr'>τριῶν</span> 
     </span>
    </p>
   </div>
   <div class='ocr_carea' id='block_1_55' title="bbox 147 3860 1750 3935">
    <p class='ocr_par' dir='ltr' id='par_1_55' title="bbox 147 3860 1750 3935">
     <span class='ocr_line' id='line_1_55' title="bbox 147 3860 1750 3935; baseline -0.001 -18"><span class='ocrx_word' id='word_1_396' title='bbox 147 3863 384 3935; x_wconf 76' lang='grc' dir='ltr'>ἡμερῶν</span> <span class='ocrx_word' id='word_1_397' title='bbox 407 3862 503 3916; x_wconf 83' lang='grc' dir='ltr'><strong>τόν</strong></span> <span class='ocrx_word' id='word_1_398' title='bbox 549 3863 832 3917; x_wconf 64' lang='grc' dir='ltr'>Ἰουλιανόν</span> <span class='ocrx_word' id='word_1_399' title='bbox 877 3862 1211 3928; x_wconf 81' lang='grc' dir='ltr'>ἀπαλλάττει</span> <span class='ocrx_word' id='word_1_400' title='bbox 1255 3860 1350 3913; x_wconf 78' lang='grc' dir='ltr'><strong>τοῦ</strong></span> <span class='ocrx_word' id='word_1_401' title='bbox 1393 3860 1530 3932; x_wconf 83' lang='grc' dir='ltr'>βίου,</span> <span class='ocrx_word' id='word_1_402' title='bbox 1564 3863 1622 3914; x_wconf 83' lang='grc' dir='ltr'>ἐν</span> <span class='ocrx_word' id='word_1_403' title='bbox 1653 3863 1750 3932; x_wconf 83' lang='grc' dir='ltr'><strong>μὲν</strong></span> 
     </span>
    </p>
   </div>
   <div class='ocr_carea' id='block_1_56' title="bbox 144 3951 1752 4026">
    <p class='ocr_par' dir='ltr' id='par_1_56' title="bbox 144 3951 1752 4026">
     <span class='ocr_line' id='line_1_56' title="bbox 144 3951 1752 4026; baseline -0.004 -17"><span class='ocrx_word' id='word_1_404' title='bbox 144 3955 230 4026; x_wconf 83' lang='grc' dir='ltr'>τῷ</span> <span class='ocrx_word' id='word_1_405' title='bbox 252 3953 350 4008; x_wconf 78' lang='grc' dir='ltr'>τοῦ</span> <span class='ocrx_word' id='word_1_406' title='bbox 383 3953 662 4025; x_wconf 80' lang='grc' dir='ltr'>Καίσαρος</span> <span class='ocrx_word' id='word_1_407' title='bbox 692 3954 934 4024; x_wconf 82' lang='grc' dir='ltr'>σχήματι</span> <span class='ocrx_word' id='word_1_408' title='bbox 959 3953 1118 4006; x_wconf 83' lang='grc' dir='ltr'>πέντε</span> <span class='ocrx_word' id='word_1_409' title='bbox 1145 3953 1449 4014; x_wconf 77' lang='grc' dir='ltr'>ἐνιαυτοὺς,</span> <span class='ocrx_word' id='word_1_410' title='bbox 1488 3953 1543 4003; x_wconf 82' lang='grc' dir='ltr'><strong>ἐν</strong></span> <span class='ocrx_word' id='word_1_411' title='bbox 1577 3951 1634 4004; x_wconf 83' lang='grc' dir='ltr'>δὲ</span> <span class='ocrx_word' id='word_1_412' title='bbox 1673 3953 1752 4023; x_wconf 84' lang='grc' dir='ltr'><strong>τῷ</strong></span> 
     </span>
    </p>
   </div>
   <div class='ocr_carea' id='block_1_57' title="bbox 144 4042 1750 4120">
    <p class='ocr_par' dir='ltr' id='par_1_57' title="bbox 144 4042 1750 4120">
     <span class='ocr_line' id='line_1_57' title="bbox 144 4042 1750 4120; baseline -0.006 -17"><span class='ocrx_word' id='word_1_413' title='bbox 144 4050 452 4120; x_wconf 77' lang='grc' dir='ltr'>διαδήματι</span> <span class='ocrx_word' id='word_1_414' title='bbox 491 4046 634 4116; x_wconf 84' lang='grc' dir='ltr'>μετὰ</span> <span class='ocrx_word' id='word_1_415' title='bbox 669 4046 760 4099; x_wconf 83' lang='grc' dir='ltr'><strong>τὸν</strong></span> <span class='ocrx_word' id='word_1_416' title='bbox 811 4045 1192 4100; x_wconf 84' lang='grc' dir='ltr'>Κωνσταντίου</span> <span class='ocrx_word' id='word_1_417' title='bbox 1241 4043 1491 4105; x_wconf 85' lang='grc' dir='ltr'>θάνατον,</span> <span class='ocrx_word' id='word_1_418' title='bbox 1526 4042 1620 4096; x_wconf 91' lang='grc' dir='ltr'><strong>δύο</strong></span> <span class='ocrx_word' id='word_1_419' title='bbox 1659 4043 1750 4096; x_wconf 76' lang='grc' dir='ltr'><strong>καὶ</strong></span> 
     </span>
    </p>
   </div>
   <div class='ocr_carea' id='block_1_58' title="bbox 146 4127 1750 4207">
    <p class='ocr_par' dir='ltr' id='par_1_58' title="bbox 146 4127 1750 4207">
     <span class='ocr_line' id='line_1_58' title="bbox 146 4127 1750 4207; baseline -0.002 -17"><span class='ocrx_word' id='word_1_420' title='bbox 146 4137 326 4207; x_wconf 70' lang='grc' dir='ltr'>ἥμισυ</span> <span class='ocrx_word' id='word_1_421' title='bbox 357 4134 689 4188; x_wconf 89' lang='grc' dir='ltr'>διανύσαντα</span> <span class='ocrx_word' id='word_1_422' title='bbox 732 4135 846 4207; x_wconf 81' lang='grc' dir='ltr'>ἔτη.</span> <span class='ocrx_word' id='word_1_423' title='bbox 879 4135 988 4188; x_wconf 81' lang='grc' dir='ltr'>Καὶ</span> <span class='ocrx_word' id='word_1_424' title='bbox 1027 4127 1179 4199; x_wconf 73' lang='grc' dir='ltr'>οὗτος</span> <span class='ocrx_word' id='word_1_425' title='bbox 1213 4134 1313 4204; x_wconf 87' lang='grc' dir='ltr'>μὲν</span> <span class='ocrx_word' id='word_1_426' title='bbox 1357 4134 1437 4198; x_wconf 90' lang='grc' dir='ltr'><strong>εἰς</strong></span> <span class='ocrx_word' id='word_1_427' title='bbox 1484 4133 1575 4186; x_wconf 84' lang='grc' dir='ltr'><strong>τὸν</strong></span> <span class='ocrx_word' id='word_1_428' title='bbox 1599 4132 1750 4203; x_wconf 83' lang='grc' dir='ltr'>ἦλιον</span> 
     </span>
    </p>
   </div>
   <div class='ocr_carea' id='block_1_59' title="bbox 144 4221 1750 4300">
    <p class='ocr_par' dir='ltr' id='par_1_59' title="bbox 144 4221 1750 4300">
     <span class='ocr_line' id='line_1_59' title="bbox 144 4221 1750 4300; baseline -0.003 -18"><span class='ocrx_word' id='word_1_429' title='bbox 144 4228 515 4300; x_wconf 72' lang='grc' dir='ltr'>ἀπορραίνειν</span> <span class='ocrx_word' id='word_1_430' title='bbox 537 4227 598 4279; x_wconf 85' lang='grc' dir='ltr'><strong>τὸ</strong></span> <span class='ocrx_word' id='word_1_431' title='bbox 639 4221 802 4297; x_wconf 73' lang='grc' dir='ltr'>αἷμα,</span> <span class='ocrx_word' id='word_1_432' title='bbox 840 4227 933 4280; x_wconf 80' lang='grc' dir='ltr'>καὶ</span> <span class='ocrx_word' id='word_1_433' title='bbox 970 4229 1096 4289; x_wconf 80' lang='grc' dir='ltr'>τοὺς</span> <span class='ocrx_word' id='word_1_434' title='bbox 1124 4224 1288 4278; x_wconf 81' lang='grc' dir='ltr'>αὑτοῦ</span> <span class='ocrx_word' id='word_1_435' title='bbox 1330 4225 1486 4288; x_wconf 74' lang='grc' dir='ltr'>θεοὺς</span> <span class='ocrx_word' id='word_1_436' title='bbox 1521 4225 1750 4278; x_wconf 89' lang='grc' dir='ltr'>κακολο-</span> 
     </span>
    </p>
   </div>
   <div class='ocr_carea' id='block_1_60' title="bbox 147 4317 1751 4390">
    <p class='ocr_par' dir='ltr' id='par_1_60' title="bbox 147 4317 1751 4390">
     <span class='ocr_line' id='line_1_60' title="bbox 147 4317 1751 4390; baseline -0.003 -16"><span class='ocrx_word' id='word_1_437' title='bbox 147 4324 267 4390; x_wconf 85' lang='grc' dir='ltr'>γεῖν</span> <span class='ocrx_word' id='word_1_438' title='bbox 291 4338 306 4352; x_wconf 89' lang='grc'><strong>·</strong></span> <span class='ocrx_word' id='word_1_439' title='bbox 334 4322 388 4373; x_wconf 85' lang='grc' dir='ltr'>οἱ</span> <span class='ocrx_word' id='word_1_440' title='bbox 413 4320 473 4373; x_wconf 81' lang='grc' dir='ltr'>δὲ</span> <span class='ocrx_word' id='word_1_441' title='bbox 503 4320 749 4373; x_wconf 85' lang='grc' dir='ltr'>πλεῖστοι</span> <span class='ocrx_word' id='word_1_442' title='bbox 782 4319 890 4373; x_wconf 83' lang='grc' dir='ltr'><strong>τῶν</strong></span> <span class='ocrx_word' id='word_1_443' title='bbox 934 4321 1290 4390; x_wconf 77' lang='grc' dir='ltr'>ἱστορούντων</span> <span class='ocrx_word' id='word_1_444' title='bbox 1325 4319 1406 4381; x_wconf 91' lang='grc' dir='ltr'><strong>εἰς</strong></span> <span class='ocrx_word' id='word_1_445' title='bbox 1432 4317 1522 4370; x_wconf 84' lang='grc' dir='ltr'><strong>τὸν</strong></span> <span class='ocrx_word' id='word_1_446' title='bbox 1546 4317 1751 4388; x_wconf 82' lang='grc' dir='ltr'>Κύριον</span> 
     </span>
    </p>
   </div>
   <div class='ocr_carea' id='block_1_61' title="bbox 145 4407 1751 4485">
    <p class='ocr_par' dir='ltr' id='par_1_61' title="bbox 145 4407 1751 4485">
     <span class='ocr_line' id='line_1_61' title="bbox 145 4407 1751 4485; baseline -0.004 -18"><span class='ocrx_word' id='word_1_447' title='bbox 145 4413 308 4485; x_wconf 75' lang='grc' dir='ltr'>ἡμῶν</span> <span class='ocrx_word' id='word_1_448' title='bbox 363 4411 574 4482; x_wconf 79' lang='grc' dir='ltr'>Ἰησοῦν</span> <span class='ocrx_word' id='word_1_449' title='bbox 604 4412 856 4484; x_wconf 82' lang='grc' dir='ltr'>Χριστὸν,</span> <span class='ocrx_word' id='word_1_450' title='bbox 887 4411 978 4465; x_wconf 80' lang='grc' dir='ltr'><strong>τὸν</strong></span> <span class='ocrx_word' id='word_1_451' title='bbox 1025 4408 1276 4482; x_wconf 81' lang='grc' dir='ltr'>ἀληθινὸν</span> <span class='ocrx_word' id='word_1_452' title='bbox 1300 4407 1454 4473; x_wconf 74' lang='grc' dir='ltr'>Θεὸν,</span> <span class='ocrx_word' id='word_1_453' title='bbox 1490 4408 1751 4480; x_wconf 79' lang='grc' dir='ltr'>ἑκάτερον</span> 
     </span>
    </p>
   </div>
   <div class='ocr_carea' id='block_1_62' title="bbox 146 4499 880 4576">
    <p class='ocr_par' dir='ltr' id='par_1_62' title="bbox 146 4499 880 4576">
     <span class='ocr_line' id='line_1_62' title="bbox 146 4499 880 4576; baseline -0.004 -17"><span class='ocrx_word' id='word_1_454' title='bbox 146 4507 465 4576; x_wconf 77' lang='grc' dir='ltr'>γράφουσιν</span> <span class='ocrx_word' id='word_1_455' title='bbox 491 4499 880 4574; x_wconf 73' lang='grc' dir='ltr'>ὲναπορῤἰψαι.</span> 
     </span>
    </p>
   </div>
   <div class='ocr_carea' id='block_1_63' title="bbox 1857 1943 3438 2019">
    <p class='ocr_par' dir='ltr' id='par_1_63' title="bbox 1857 1943 3438 2019">
     <span class='ocr_line' id='line_1_63' title="bbox 1857 1943 3438 2019; baseline 0.005 -22"><span class='ocrx_word' id='word_1_456' title='bbox 1857 1953 1970 1998; x_wconf 89' lang='lat' dir='ltr'><strong>tam</strong></span> <span class='ocrx_word' id='word_1_457' title='bbox 2000 1945 2054 1998; x_wconf 91' lang='lat' dir='ltr'><strong>in</strong></span> <span class='ocrx_word' id='word_1_458' title='bbox 2076 1943 2301 2002; x_wconf 88' lang='lat' dir='ltr'><strong>Perside</strong></span> <span class='ocrx_word' id='word_1_459' title='bbox 2329 1947 2529 2002; x_wconf 89' lang='lat' dir='ltr'><strong>bellum</strong></span> <span class='ocrx_word' id='word_1_460' title='bbox 2561 1960 2836 2019; x_wconf 78' lang='lat' dir='ltr'><strong>gerentem</strong></span> <span class='ocrx_word' id='word_1_461' title='bbox 2861 1948 2996 2017; x_wconf 73' lang='grc'><strong>(82).</strong></span> <span class='ocrx_word' id='word_1_462' title='bbox 3027 1949 3132 2015; x_wconf 86' lang='lat' dir='ltr'><strong>Qui</strong></span> <span class='ocrx_word' id='word_1_463' title='bbox 3166 1964 3292 2005; x_wconf 91' lang='lat' dir='ltr'><strong>cum</strong></span> <span class='ocrx_word' id='word_1_464' title='bbox 3326 1948 3438 2005; x_wconf 80' lang='lat' dir='ltr'><strong>Ro-</strong></span> 
     </span>
    </p>
   </div>
   <div class='ocr_carea' id='block_1_64' title="bbox 1854 2035 3437 2108">
    <p class='ocr_par' dir='ltr' id='par_1_64' title="bbox 1854 2035 3437 2108">
     <span class='ocr_line' id='line_1_64' title="bbox 1854 2035 3437 2108; baseline 0.004 -21"><span class='ocrx_word' id='word_1_465' title='bbox 1854 2049 2048 2090; x_wconf 91' lang='lat' dir='ltr'><strong>manos</strong></span> <span class='ocrx_word' id='word_1_466' title='bbox 2076 2035 2130 2093; x_wconf 91' lang='lat' dir='ltr'><strong>in</strong></span> <span class='ocrx_word' id='word_1_467' title='bbox 2158 2036 2360 2092; x_wconf 84' lang='lat' dir='ltr'><strong>inviam</strong></span> <span class='ocrx_word' id='word_1_468' title='bbox 2387 2039 2681 2108; x_wconf 83' lang='lat' dir='ltr'><strong>quamdam</strong></span> <span class='ocrx_word' id='word_1_469' title='bbox 2705 2039 3075 2106; x_wconf 82' lang='lat' dir='ltr'><strong>solitudinem,</strong></span> <span class='ocrx_word' id='word_1_470' title='bbox 3104 2048 3158 2096; x_wconf 90' lang='lat' dir='ltr'><strong>et</strong></span> <span class='ocrx_word' id='word_1_471' title='bbox 3181 2040 3236 2096; x_wconf 92' lang='lat' dir='ltr'><strong>in</strong></span> <span class='ocrx_word' id='word_1_472' title='bbox 3260 2041 3437 2095; x_wconf 80' lang='lat' dir='ltr'><strong>maxi-</strong></span> 
     </span>
    </p>
   </div>
   <div class='ocr_carea' id='block_1_65' title="bbox 1853 2126 3435 2202">
    <p class='ocr_par' dir='ltr' id='par_1_65' title="bbox 1853 2126 3435 2202">
     <span class='ocr_line' id='line_1_65' title="bbox 1853 2126 3435 2202; baseline 0.005 -23"><span class='ocrx_word' id='word_1_473' title='bbox 1853 2141 1973 2182; x_wconf 90' lang='lat' dir='ltr'><strong>mas</strong></span> <span class='ocrx_word' id='word_1_474' title='bbox 2005 2126 2346 2184; x_wconf 82' lang='lat' dir='ltr'><strong>diﬂieultates</strong></span> <span class='ocrx_word' id='word_1_475' title='bbox 2375 2129 2720 2200; x_wconf 79' lang='lat' dir='ltr'><strong>conjecisset,</strong></span> <span class='ocrx_word' id='word_1_476' title='bbox 2740 2130 2794 2185; x_wconf 91' lang='lat' dir='ltr'><strong>in</strong></span> <span class='ocrx_word' id='word_1_477' title='bbox 2822 2131 3020 2201; x_wconf 89' lang='lat' dir='ltr'><strong>quibus</strong></span> <span class='ocrx_word' id='word_1_478' title='bbox 3038 2130 3274 2186; x_wconf 83' lang='lat' dir='ltr'><strong>maxima</strong></span> <span class='ocrx_word' id='word_1_479' title='bbox 3305 2145 3435 2202; x_wconf 82' lang='lat' dir='ltr'><strong>pars</strong></span> 
     </span>
    </p>
   </div>
   <div class='ocr_carea' id='block_1_66' title="bbox 1851 2215 3436 2289">
    <p class='ocr_par' dir='ltr' id='par_1_66' title="bbox 1851 2215 3436 2289">
     <span class='ocr_line' id='line_1_66' title="bbox 1851 2215 3436 2289; baseline 0.003 -20"><span class='ocrx_word' id='word_1_480' title='bbox 1851 2215 2128 2270; x_wconf 84' lang='lat' dir='ltr'><strong>exercitus</strong></span> <span class='ocrx_word' id='word_1_481' title='bbox 2176 2216 2364 2286; x_wconf 88' lang='lat' dir='ltr'><strong>periit,</strong></span> <span class='ocrx_word' id='word_1_482' title='bbox 2401 2218 2588 2274; x_wconf 87' lang='lat' dir='ltr'><strong>hostes</strong></span> <span class='ocrx_word' id='word_1_483' title='bbox 2638 2219 2789 2273; x_wconf 85' lang='lat' dir='ltr'><strong>velut</strong></span> <span class='ocrx_word' id='word_1_484' title='bbox 2841 2219 3078 2289; x_wconf 70' lang='lat' dir='ltr'><strong>prae-lam</strong></span> <span class='ocrx_word' id='word_1_485' title='bbox 3127 2219 3436 2274; x_wconf 84' lang='lat' dir='ltr'><strong>venaticam</strong></span> 
     </span>
    </p>
   </div>
   <div class='ocr_carea' id='block_1_67' title="bbox 1852 2305 3436 2375">
    <p class='ocr_par' dir='ltr' id='par_1_67' title="bbox 1852 2305 3436 2375">
     <span class='ocr_line' id='line_1_67' title="bbox 1852 2305 3436 2375; baseline 0.005 -18"><span class='ocrx_word' id='word_1_486' title='bbox 1852 2305 2208 2375; x_wconf 85' lang='lat' dir='ltr'><strong>popularibus</strong></span> <span class='ocrx_word' id='word_1_487' title='bbox 2239 2309 2356 2364; x_wconf 89' lang='lat' dir='ltr'><strong>suis</strong></span> <span class='ocrx_word' id='word_1_488' title='bbox 2397 2308 2638 2364; x_wconf 88' lang='lat' dir='ltr'><strong>tradidit.</strong></span> <span class='ocrx_word' id='word_1_489' title='bbox 2674 2307 2858 2364; x_wconf 65' lang='lat' dir='ltr'><strong>Persae</strong></span> <span class='ocrx_word' id='word_1_490' title='bbox 2891 2310 3039 2364; x_wconf 90' lang='lat' dir='ltr'><strong>enim</strong></span> <span class='ocrx_word' id='word_1_491' title='bbox 3074 2309 3129 2364; x_wconf 90' lang='lat' dir='ltr'><strong>in</strong></span> <span class='ocrx_word' id='word_1_492' title='bbox 3157 2307 3436 2365; x_wconf 81' lang='lat' dir='ltr'><strong>Romanos</strong></span> 
     </span>
    </p>
   </div>
   <div class='ocr_carea' id='block_1_68' title="bbox 1853 2395 3438 2469">
    <p class='ocr_par' dir='ltr' id='par_1_68' title="bbox 1853 2395 3438 2469">
     <span class='ocr_line' id='line_1_68' title="bbox 1853 2395 3438 2469; baseline 0.006 -21"><span class='ocrx_word' id='word_1_493' title='bbox 1853 2395 2149 2464; x_wconf 89' lang='lat' dir='ltr'><strong>irruerunt,</strong></span> <span class='ocrx_word' id='word_1_494' title='bbox 2174 2397 2401 2468; x_wconf 76' lang='lat' dir='ltr'><strong>adjectis</strong></span> <span class='ocrx_word' id='word_1_495' title='bbox 2428 2400 2534 2456; x_wconf 89' lang='lat' dir='ltr'><strong>sibi</strong></span> <span class='ocrx_word' id='word_1_496' title='bbox 2579 2399 2856 2457; x_wconf 84' lang='lat' dir='ltr'><strong>foederatis</strong></span> <span class='ocrx_word' id='word_1_497' title='bbox 2893 2400 3172 2469; x_wconf 85' lang='lat' dir='ltr'><strong>equitibus</strong></span> <span class='ocrx_word' id='word_1_498' title='bbox 3207 2401 3438 2458; x_wconf 83' lang='lat' dir='ltr'><strong>Sarace-</strong></span> 
     </span>
    </p>
   </div>
   <div class='ocr_carea' id='block_1_69' title="bbox 1852 2485 3436 2568">
    <p class='ocr_par' dir='ltr' id='par_1_69' title="bbox 1852 2485 3436 2568">
     <span class='ocr_line' id='line_1_69' title="bbox 1852 2485 3436 2568; baseline 0.004 -30"><span class='ocrx_word' id='word_1_499' title='bbox 1852 2486 1938 2541; x_wconf 90' lang='lat' dir='ltr'><strong>nis</strong></span> <span class='ocrx_word' id='word_1_500' title='bbox 1957 2485 2050 2556; x_wconf 88' lang='lat' dir='ltr'><strong>qui</strong></span> <span class='ocrx_word' id='word_1_501' title='bbox 2084 2495 2276 2544; x_wconf 90' lang='lat' dir='ltr'><strong>contos</strong></span> <span class='ocrx_word' id='word_1_502' title='bbox 2298 2489 2603 2560; x_wconf 75' lang='lat' dir='ltr'><strong>gestabant.</strong></span> <span class='ocrx_word' id='word_1_503' title='bbox 2623 2487 2862 2555; x_wconf 84' lang='lat' dir='ltr'><strong>Quorum</strong></span> <span class='ocrx_word' id='word_1_504' title='bbox 2892 2504 3038 2546; x_wconf 88' lang='lat' dir='ltr'><strong>unus</strong></span> <span class='ocrx_word' id='word_1_505' title='bbox 3063 2505 3187 2547; x_wconf 91' lang='lat' dir='ltr'><strong>cum</strong></span> <span class='ocrx_word' id='word_1_506' title='bbox 3220 2489 3436 2568; x_wconf 74' lang='lat' dir='ltr'><strong>hastam</strong></span> 
     </span>
    </p>
   </div>
   <div class='ocr_carea' id='block_1_70' title="bbox 1853 2577 3437 2652">
    <p class='ocr_par' dir='ltr' id='par_1_70' title="bbox 1853 2577 3437 2652">
     <span class='ocr_line' id='line_1_70' title="bbox 1853 2577 3437 2652; baseline 0.003 -22"><span class='ocrx_word' id='word_1_507' title='bbox 1853 2578 1905 2631; x_wconf 93' lang='lat' dir='ltr'><strong>in</strong></span> <span class='ocrx_word' id='word_1_508' title='bbox 1941 2577 2218 2634; x_wconf 87' lang='lat' dir='ltr'><strong>Julianum</strong></span> <span class='ocrx_word' id='word_1_509' title='bbox 2254 2581 2581 2646; x_wconf 84' lang='lat' dir='ltr'><strong>intorsisset,</strong></span> <span class='ocrx_word' id='word_1_510' title='bbox 2609 2597 2734 2636; x_wconf 86' lang='lat' dir='ltr'><strong>eum</strong></span> <span class='ocrx_word' id='word_1_511' title='bbox 2769 2583 2822 2637; x_wconf 90' lang='lat' dir='ltr'><strong>in</strong></span> <span class='ocrx_word' id='word_1_512' title='bbox 2869 2580 3081 2640; x_wconf 85' lang='lat' dir='ltr'><strong>femore</strong></span> <span class='ocrx_word' id='word_1_513' title='bbox 3111 2583 3260 2639; x_wconf 88' lang='lat' dir='ltr'><strong>circa</strong></span> <span class='ocrx_word' id='word_1_514' title='bbox 3289 2581 3437 2652; x_wconf 89' lang='lat' dir='ltr'><strong>peri-</strong></span> 
     </span>
    </p>
   </div>
   <div class='ocr_carea' id='block_1_71' title="bbox 1857 2673 3440 2746">
    <p class='ocr_par' dir='ltr' id='par_1_71' title="bbox 1857 2673 3440 2746">
     <span class='ocr_line' id='line_1_71' title="bbox 1857 2673 3440 2746; baseline 0.003 -22"><span class='ocrx_word' id='word_1_515' title='bbox 1857 2681 2093 2724; x_wconf 77' lang='lat' dir='ltr'><strong>tomcum</strong></span> <span class='ocrx_word' id='word_1_516' title='bbox 2121 2674 2407 2740; x_wconf 85' lang='lat' dir='ltr'><strong>percussit.</strong></span> <span class='ocrx_word' id='word_1_517' title='bbox 2428 2673 2494 2727; x_wconf 81' lang='lat' dir='ltr'><strong>Et</strong></span> <span class='ocrx_word' id='word_1_518' title='bbox 2521 2690 2643 2730; x_wconf 85' lang='lat' dir='ltr'><strong>cum</strong></span> <span class='ocrx_word' id='word_1_519' title='bbox 2670 2677 2856 2746; x_wconf 90' lang='lat' dir='ltr'><strong>cuspis</strong></span> <span class='ocrx_word' id='word_1_520' title='bbox 2882 2675 3280 2740; x_wconf 77' lang='lat' dir='ltr'><strong>extraheretur,</strong></span> <span class='ocrx_word' id='word_1_521' title='bbox 3300 2683 3440 2730; x_wconf 84' lang='lat' dir='ltr'><strong>ster-</strong></span> 
     </span>
    </p>
   </div>
   <div class='ocr_carea' id='block_1_72' title="bbox 1854 2765 3434 2835">
    <p class='ocr_par' dir='ltr' id='par_1_72' title="bbox 1854 2765 3434 2835">
     <span class='ocr_line' id='line_1_72' title="bbox 1854 2765 3434 2835; baseline 0.005 -21"><span class='ocrx_word' id='word_1_522' title='bbox 1854 2775 1951 2814; x_wconf 89' lang='lat' dir='ltr'><strong>cus</strong></span> <span class='ocrx_word' id='word_1_523' title='bbox 1991 2774 2210 2831; x_wconf 90' lang='lat' dir='ltr'><strong>quoque</strong></span> <span class='ocrx_word' id='word_1_524' title='bbox 2239 2778 2347 2816; x_wconf 93' lang='lat' dir='ltr'><strong>una</strong></span> <span class='ocrx_word' id='word_1_525' title='bbox 2399 2779 2522 2818; x_wconf 90' lang='lat' dir='ltr'><strong>cum</strong></span> <span class='ocrx_word' id='word_1_526' title='bbox 2557 2767 2822 2835; x_wconf 79' lang='lat' dir='ltr'><strong>sanguine</strong></span> <span class='ocrx_word' id='word_1_527' title='bbox 2867 2775 3117 2820; x_wconf 88' lang='lat' dir='ltr'><strong>secutum</strong></span> <span class='ocrx_word' id='word_1_528' title='bbox 3156 2765 3434 2835; x_wconf 81' lang='lat' dir='ltr'><strong>proﬂuxit.</strong></span> 
     </span>
    </p>
   </div>
   <div class='ocr_carea' id='block_1_73' title="bbox 1853 2850 3441 2928">
    <p class='ocr_par' dir='ltr' id='par_1_73' title="bbox 1853 2850 3441 2928">
     <span class='ocr_line' id='line_1_73' title="bbox 1853 2850 3441 2928; baseline 0.005 -26"><span class='ocrx_word' id='word_1_529' title='bbox 1853 2850 1930 2904; x_wconf 84' lang='lat' dir='ltr'><strong>Ae</strong></span> <span class='ocrx_word' id='word_1_530' title='bbox 1956 2853 2262 2918; x_wconf 89' lang='lat' dir='ltr'><strong>percussori</strong></span> <span class='ocrx_word' id='word_1_531' title='bbox 2304 2853 2524 2923; x_wconf 87' lang='lat' dir='ltr'><strong>quidem</strong></span> <span class='ocrx_word' id='word_1_532' title='bbox 2581 2856 2888 2922; x_wconf 88' lang='lat' dir='ltr'><strong>Saraceno,</strong></span> <span class='ocrx_word' id='word_1_533' title='bbox 2929 2872 3073 2912; x_wconf 88' lang='lat' dir='ltr'><strong>unus</strong></span> <span class='ocrx_word' id='word_1_534' title='bbox 3103 2871 3173 2912; x_wconf 77' lang='lat' dir='ltr'><strong>ex</strong></span> <span class='ocrx_word' id='word_1_535' title='bbox 3201 2856 3441 2928; x_wconf 88' lang='lat' dir='ltr'><strong>impera-</strong></span> 
     </span>
    </p>
   </div>
   <div class='ocr_carea' id='block_1_74' title="bbox 1855 2941 3434 3019">
    <p class='ocr_par' dir='ltr' id='par_1_74' title="bbox 1855 2941 3434 3019">
     <span class='ocr_line' id='line_1_74' title="bbox 1855 2941 3434 3019; baseline 0.006 -27"><span class='ocrx_word' id='word_1_536' title='bbox 1855 2941 1990 2996; x_wconf 90' lang='lat' dir='ltr'><strong>toris</strong></span> <span class='ocrx_word' id='word_1_537' title='bbox 2020 2944 2418 3012; x_wconf 76' lang='lat' dir='ltr'><strong>protecrorihus</strong></span> <span class='ocrx_word' id='word_1_538' title='bbox 2458 2946 2510 2999; x_wconf 93' lang='lat' dir='ltr'><strong>in</strong></span> <span class='ocrx_word' id='word_1_539' title='bbox 2539 2961 2662 3000; x_wconf 91' lang='lat' dir='ltr'><strong>eum</strong></span> <span class='ocrx_word' id='word_1_540' title='bbox 2695 2947 2932 3013; x_wconf 90' lang='lat' dir='ltr'><strong>irruens,</strong></span> <span class='ocrx_word' id='word_1_541' title='bbox 2966 2955 3134 3019; x_wconf 90' lang='lat' dir='ltr'><strong>caput</strong></span> <span class='ocrx_word' id='word_1_542' title='bbox 3177 2947 3434 3002; x_wconf 90' lang='lat' dir='ltr'><strong>abscidit.</strong></span> 
     </span>
    </p>
   </div>
   <div class='ocr_carea' id='block_1_75' title="bbox 1852 3029 3442 3108">
    <p class='ocr_par' dir='ltr' id='par_1_75' title="bbox 1852 3029 3442 3108">
     <span class='ocr_line' id='line_1_75' title="bbox 1852 3029 3442 3108; baseline 0.005 -24"><span class='ocrx_word' id='word_1_543' title='bbox 1852 3029 2131 3088; x_wconf 72' lang='lat' dir='ltr'><strong>Iulianum</strong></span> <span class='ocrx_word' id='word_1_544' title='bbox 2179 3050 2307 3088; x_wconf 89' lang='lat' dir='ltr'><strong>vero</strong></span> <span class='ocrx_word' id='word_1_545' title='bbox 2341 3035 2484 3090; x_wconf 90' lang='lat' dir='ltr'><strong>letali</strong></span> <span class='ocrx_word' id='word_1_546' title='bbox 2540 3037 2765 3093; x_wconf 88' lang='lat' dir='ltr'><strong>vulnere</strong></span> <span class='ocrx_word' id='word_1_547' title='bbox 2812 3053 3129 3108; x_wconf 89' lang='lat' dir='ltr'><strong>percussum</strong></span> <span class='ocrx_word' id='word_1_548' title='bbox 3154 3080 3170 3105; x_wconf 95' lang='lat'><strong>,</strong></span> <span class='ocrx_word' id='word_1_549' title='bbox 3203 3037 3442 3094; x_wconf 82' lang='lat' dir='ltr'><strong>Romani</strong></span> 
     </span>
    </p>
   </div>
   <div class='ocr_carea' id='block_1_76' title="bbox 1853 3122 3442 3200">
    <p class='ocr_par' dir='ltr' id='par_1_76' title="bbox 1853 3122 3442 3200">
     <span class='ocr_line' id='line_1_76' title="bbox 1853 3122 3442 3200; baseline 0.006 -25"><span class='ocrx_word' id='word_1_550' title='bbox 1853 3122 2140 3179; x_wconf 80' lang='lat' dir='ltr'><strong>confestim</strong></span> <span class='ocrx_word' id='word_1_551' title='bbox 2173 3137 2330 3180; x_wconf 91' lang='lat' dir='ltr'><strong>scuto</strong></span> <span class='ocrx_word' id='word_1_552' title='bbox 2362 3128 2678 3198; x_wconf 83' lang='lat' dir='ltr'><strong>impositum</strong></span> <span class='ocrx_word' id='word_1_553' title='bbox 2707 3129 2760 3184; x_wconf 92' lang='lat' dir='ltr'><strong>in</strong></span> <span class='ocrx_word' id='word_1_554' title='bbox 2785 3130 3200 3186; x_wconf 85' lang='lat' dir='ltr'><strong>tabernaculum</strong></span> <span class='ocrx_word' id='word_1_555' title='bbox 3240 3145 3442 3200; x_wconf 88' lang='lat' dir='ltr'><strong>aspor-</strong></span> 
     </span>
    </p>
   </div>
   <div class='ocr_carea' id='block_1_77' title="bbox 1855 3216 3440 3289">
    <p class='ocr_par' dir='ltr' id='par_1_77' title="bbox 1855 3216 3440 3289">
     <span class='ocr_line' id='line_1_77' title="bbox 1855 3216 3440 3289; baseline 0.005 -19"><span class='ocrx_word' id='word_1_556' title='bbox 1855 3225 2059 3271; x_wconf 87' lang='lat' dir='ltr'><strong>tarunt.</strong></span> <span class='ocrx_word' id='word_1_557' title='bbox 2111 3216 2372 3289; x_wconf 82' lang='lat' dir='ltr'><strong>Multique</strong></span> <span class='ocrx_word' id='word_1_558' title='bbox 2410 3235 2441 3274; x_wconf 86' lang='lat' dir='ltr'><strong>a</strong></span> <span class='ocrx_word' id='word_1_559' title='bbox 2479 3220 2738 3276; x_wconf 77' lang='lat' dir='ltr'><strong>liornanis</strong></span> <span class='ocrx_word' id='word_1_560' title='bbox 2784 3221 2836 3276; x_wconf 91' lang='lat' dir='ltr'><strong>id</strong></span> <span class='ocrx_word' id='word_1_561' title='bbox 2875 3221 3092 3278; x_wconf 84' lang='lat' dir='ltr'><strong>facinus</strong></span> <span class='ocrx_word' id='word_1_562' title='bbox 3135 3221 3440 3278; x_wconf 84' lang='lat' dir='ltr'><strong>admissum</strong></span> 
     </span>
    </p>
   </div>
   <div class='ocr_carea' id='block_1_78' title="bbox 1851 3309 3440 3384">
    <p class='ocr_par' dir='ltr' id='par_1_78' title="bbox 1851 3309 3440 3384">
     <span class='ocr_line' id='line_1_78' title="bbox 1851 3309 3440 3384; baseline 0.004 -20"><span class='ocrx_word' id='word_1_563' title='bbox 1851 3323 1972 3364; x_wconf 86' lang='lat' dir='ltr'><strong>esse</strong></span> <span class='ocrx_word' id='word_1_564' title='bbox 2003 3309 2406 3376; x_wconf 85' lang='lat' dir='ltr'><strong>existimarunt,</strong></span> <span class='ocrx_word' id='word_1_565' title='bbox 2453 3327 2520 3366; x_wconf 93' lang='lat' dir='ltr'><strong>eo</strong></span> <span class='ocrx_word' id='word_1_566' title='bbox 2567 3313 2710 3382; x_wconf 86' lang='lat' dir='ltr'><strong>quod</strong></span> <span class='ocrx_word' id='word_1_567' title='bbox 2765 3323 2986 3384; x_wconf 87' lang='lat' dir='ltr'><strong>repente</strong></span> <span class='ocrx_word' id='word_1_568' title='bbox 3046 3327 3112 3370; x_wconf 88' lang='lat' dir='ltr'><strong>ac</strong></span> <span class='ocrx_word' id='word_1_569' title='bbox 3160 3321 3440 3370; x_wconf 86' lang='lat' dir='ltr'><strong>momento</strong></span> 
     </span>
    </p>
   </div>
   <div class='ocr_carea' id='block_1_79' title="bbox 1853 3399 3436 3469">
    <p class='ocr_par' dir='ltr' id='par_1_79' title="bbox 1853 3399 3436 3469">
     <span class='ocr_line' id='line_1_79' title="bbox 1853 3399 3436 3469; baseline 0.008 -18"><span class='ocrx_word' id='word_1_570' title='bbox 1853 3399 2114 3466; x_wconf 81' lang='lat' dir='ltr'><strong>temporis</strong></span> <span class='ocrx_word' id='word_1_571' title='bbox 2143 3399 2194 3454; x_wconf 91' lang='lat' dir='ltr'><strong>id</strong></span> <span class='ocrx_word' id='word_1_572' title='bbox 2225 3400 2423 3455; x_wconf 89' lang='lat' dir='ltr'><strong>vulnus</strong></span> <span class='ocrx_word' id='word_1_573' title='bbox 2460 3401 2724 3458; x_wconf 80' lang='lat' dir='ltr'><strong>inflictum</strong></span> <span class='ocrx_word' id='word_1_574' title='bbox 2754 3403 2952 3469; x_wconf 84' lang='lat' dir='ltr'><strong>fuerat,</strong></span> <span class='ocrx_word' id='word_1_575' title='bbox 2979 3421 3080 3462; x_wconf 90' lang='lat' dir='ltr'><strong>nec</strong></span> <span class='ocrx_word' id='word_1_576' title='bbox 3110 3405 3252 3462; x_wconf 88' lang='lat' dir='ltr'><strong>unde</strong></span> <span class='ocrx_word' id='word_1_577' title='bbox 3287 3405 3436 3462; x_wconf 78' lang='lat' dir='ltr'><strong>inﬂi-</strong></span> 
     </span>
    </p>
   </div>
   <div class='ocr_carea' id='block_1_80' title="bbox 1851 3491 3436 3562">
    <p class='ocr_par' dir='ltr' id='par_1_80' title="bbox 1851 3491 3436 3562">
     <span class='ocr_line' id='line_1_80' title="bbox 1851 3491 3436 3562; baseline 0.006 -18"><span class='ocrx_word' id='word_1_578' title='bbox 1851 3499 1999 3544; x_wconf 91' lang='lat' dir='ltr'><strong>ctum</strong></span> <span class='ocrx_word' id='word_1_579' title='bbox 2027 3500 2142 3546; x_wconf 89' lang='lat' dir='ltr'><strong>erat</strong></span> <span class='ocrx_word' id='word_1_580' title='bbox 2173 3491 2465 3562; x_wconf 84' lang='lat' dir='ltr'><strong>quisquam</strong></span> <span class='ocrx_word' id='word_1_581' title='bbox 2493 3495 2715 3551; x_wconf 86' lang='lat' dir='ltr'><strong>sciebat.</strong></span> <span class='ocrx_word' id='word_1_582' title='bbox 2743 3499 2812 3550; x_wconf 79' lang='lat' dir='ltr'><strong>At</strong></span> <span class='ocrx_word' id='word_1_583' title='bbox 2841 3513 2969 3553; x_wconf 85' lang='lat' dir='ltr'><strong>vero</strong></span> <span class='ocrx_word' id='word_1_584' title='bbox 2999 3499 3166 3555; x_wconf 91' lang='lat' dir='ltr'><strong>miser</strong></span> <span class='ocrx_word' id='word_1_585' title='bbox 3185 3498 3436 3554; x_wconf 86' lang='lat' dir='ltr'><strong>Julianus</strong></span> 
     </span>
    </p>
   </div>
   <div class='ocr_carea' id='block_1_81' title="bbox 1852 3585 3439 3658">
    <p class='ocr_par' dir='ltr' id='par_1_81' title="bbox 1852 3585 3439 3658">
     <span class='ocr_line' id='line_1_81' title="bbox 1852 3585 3439 3658; baseline 0.004 -20"><span class='ocrx_word' id='word_1_586' title='bbox 1852 3597 2104 3638; x_wconf 88' lang='lat' dir='ltr'><strong>cruorem</strong></span> <span class='ocrx_word' id='word_1_587' title='bbox 2135 3599 2202 3638; x_wconf 84' lang='lat' dir='ltr'><strong>ex</strong></span> <span class='ocrx_word' id='word_1_588' title='bbox 2229 3585 2452 3642; x_wconf 87' lang='lat' dir='ltr'><strong>vulnere</strong></span> <span class='ocrx_word' id='word_1_589' title='bbox 2482 3588 2736 3644; x_wconf 89' lang='lat' dir='ltr'><strong>manibus</strong></span> <span class='ocrx_word' id='word_1_590' title='bbox 2759 3588 2876 3644; x_wconf 89' lang='lat' dir='ltr'><strong>suis</strong></span> <span class='ocrx_word' id='word_1_591' title='bbox 2906 3588 3207 3658; x_wconf 76' lang='lat' dir='ltr'><strong>excipiens,</strong></span> <span class='ocrx_word' id='word_1_592' title='bbox 3240 3589 3309 3644; x_wconf 90' lang='lat' dir='ltr'><strong>ad</strong></span> <span class='ocrx_word' id='word_1_593' title='bbox 3343 3604 3439 3644; x_wconf 85' lang='lat' dir='ltr'><strong>so-</strong></span> 
     </span>
    </p>
   </div>
   <div class='ocr_carea' id='block_1_82' title="bbox 1853 3673 3442 3744">
    <p class='ocr_par' dir='ltr' id='par_1_82' title="bbox 1853 3673 3442 3744">
     <span class='ocr_line' id='line_1_82' title="bbox 1853 3673 3442 3744; baseline 0.005 -17"><span class='ocrx_word' id='word_1_594' title='bbox 1853 3673 1958 3729; x_wconf 90' lang='lat' dir='ltr'><strong>lem</strong></span> <span class='ocrx_word' id='word_1_595' title='bbox 1994 3673 2258 3744; x_wconf 81' lang='lat' dir='ltr'><strong>projecit,</strong></span> <span class='ocrx_word' id='word_1_596' title='bbox 2295 3675 2436 3732; x_wconf 89' lang='lat' dir='ltr'><strong>elata</strong></span> <span class='ocrx_word' id='word_1_597' title='bbox 2474 3692 2608 3734; x_wconf 86' lang='lat' dir='ltr'><strong>voce</strong></span> <span class='ocrx_word' id='word_1_598' title='bbox 2657 3680 2845 3736; x_wconf 90' lang='lat' dir='ltr'><strong>dicens</strong></span> <span class='ocrx_word' id='word_1_599' title='bbox 2885 3699 2898 3734; x_wconf 77' lang='grc' dir='ltr'>ε</span> <span class='ocrx_word' id='word_1_600' title='bbox 2949 3679 3186 3735; x_wconf 70' lang='lat' dir='ltr'><strong>Saliare.</strong></span> <span class='ocrx_word' id='word_1_601' title='bbox 3244 3679 3348 3735; x_wconf 89' lang='lat' dir='ltr'><strong>Sed</strong></span> <span class='ocrx_word' id='word_1_602' title='bbox 3383 3689 3442 3736; x_wconf 94' lang='lat' dir='ltr'><strong>et</strong></span> 
     </span>
    </p>
   </div>
   <div class='ocr_carea' id='block_1_83' title="bbox 1855 3765 3438 3842">
    <p class='ocr_par' dir='ltr' id='par_1_83' title="bbox 1855 3765 3438 3842">
     <span class='ocr_line' id='line_1_83' title="bbox 1855 3765 3438 3842; baseline 0.005 -24"><span class='ocrx_word' id='word_1_603' title='bbox 1855 3765 1989 3822; x_wconf 87' lang='lat' dir='ltr'><strong>alios</strong></span> <span class='ocrx_word' id='word_1_604' title='bbox 2021 3765 2152 3822; x_wconf 83' lang='lat' dir='ltr'><strong>deos</strong></span> <span class='ocrx_word' id='word_1_605' title='bbox 2185 3767 2359 3824; x_wconf 88' lang='lat' dir='ltr'><strong>malos</strong></span> <span class='ocrx_word' id='word_1_606' title='bbox 2413 3777 2575 3840; x_wconf 86' lang='lat' dir='ltr'><strong>atque</strong></span> <span class='ocrx_word' id='word_1_607' title='bbox 2613 3770 2862 3827; x_wconf 81' lang='lat' dir='ltr'><strong>exitiales</strong></span> <span class='ocrx_word' id='word_1_608' title='bbox 2889 3770 3196 3842; x_wconf 85' lang='lat' dir='ltr'><strong>appellavit.</strong></span> <span class='ocrx_word' id='word_1_609' title='bbox 3229 3769 3358 3826; x_wconf 87' lang='lat' dir='ltr'><strong>Erat</strong></span> <span class='ocrx_word' id='word_1_610' title='bbox 3379 3771 3438 3826; x_wconf 87' lang='lat' dir='ltr'><strong>in</strong></span> 
     </span>
    </p>
   </div>
   <div class='ocr_carea' id='block_1_84' title="bbox 1857 3858 3439 3930">
    <p class='ocr_par' dir='ltr' id='par_1_84' title="bbox 1857 3858 3439 3930">
     <span class='ocr_line' id='line_1_84' title="bbox 1857 3858 3439 3930; baseline 0.004 -19"><span class='ocrx_word' id='word_1_611' title='bbox 1857 3858 1979 3928; x_wconf 86' lang='lat' dir='ltr'><strong>ejus</strong></span> <span class='ocrx_word' id='word_1_612' title='bbox 2037 3859 2301 3915; x_wconf 89' lang='lat' dir='ltr'><strong>comitatu</strong></span> <span class='ocrx_word' id='word_1_613' title='bbox 2360 3863 2850 3930; x_wconf 69' lang='lat' dir='ltr'><strong>praestantissimus</strong></span> <span class='ocrx_word' id='word_1_614' title='bbox 2883 3865 3217 3920; x_wconf 87' lang='lat' dir='ltr'><strong>medicorum</strong></span> <span class='ocrx_word' id='word_1_615' title='bbox 3249 3864 3439 3920; x_wconf 84' lang='lat' dir='ltr'><strong>Oriba-</strong></span> 
     </span>
    </p>
   </div>
   <div class='ocr_carea' id='block_1_85' title="bbox 1852 3949 3437 4025">
    <p class='ocr_par' dir='ltr' id='par_1_85' title="bbox 1852 3949 3437 4025">
     <span class='ocr_line' id='line_1_85' title="bbox 1852 3949 3437 4025; baseline 0.004 -22"><span class='ocrx_word' id='word_1_616' title='bbox 1852 3950 1990 4013; x_wconf 89' lang='lat' dir='ltr'><strong>sius,</strong></span> <span class='ocrx_word' id='word_1_617' title='bbox 2013 3949 2282 4007; x_wconf 89' lang='lat' dir='ltr'><strong>oriundus</strong></span> <span class='ocrx_word' id='word_1_618' title='bbox 2312 3966 2377 4005; x_wconf 76' lang='lat' dir='ltr'><strong>ex</strong></span> <span class='ocrx_word' id='word_1_619' title='bbox 2413 3949 2676 4008; x_wconf 86' lang='lat' dir='ltr'><strong>Sardibus</strong></span> <span class='ocrx_word' id='word_1_620' title='bbox 2707 3953 2910 4025; x_wconf 69' lang='lat' dir='ltr'><strong>Lydim.</strong></span> <span class='ocrx_word' id='word_1_621' title='bbox 2933 3953 3041 4011; x_wconf 89' lang='lat' dir='ltr'><strong>Sed</strong></span> <span class='ocrx_word' id='word_1_622' title='bbox 3061 3955 3260 4013; x_wconf 91' lang='lat' dir='ltr'><strong>vulnus</strong></span> <span class='ocrx_word' id='word_1_623' title='bbox 3282 3955 3437 4011; x_wconf 87' lang='lat' dir='ltr'><strong>omni</strong></span> 
     </span>
    </p>
   </div>
   <div class='ocr_carea' id='block_1_86' title="bbox 1854 4041 3435 4112">
    <p class='ocr_par' dir='ltr' id='par_1_86' title="bbox 1854 4041 3435 4112">
     <span class='ocr_line' id='line_1_86' title="bbox 1854 4041 3435 4112; baseline 0.004 -16"><span class='ocrx_word' id='word_1_624' title='bbox 1854 4041 2139 4097; x_wconf 74' lang='lat' dir='ltr'><strong>medicinae</strong></span> <span class='ocrx_word' id='word_1_625' title='bbox 2170 4051 2286 4097; x_wconf 89' lang='lat' dir='ltr'><strong>arte</strong></span> <span class='ocrx_word' id='word_1_626' title='bbox 2318 4042 2590 4112; x_wconf 89' lang='lat' dir='ltr'><strong>superius,</strong></span> <span class='ocrx_word' id='word_1_627' title='bbox 2619 4042 2837 4100; x_wconf 84' lang='lat' dir='ltr'><strong>Juliano</strong></span> <span class='ocrx_word' id='word_1_628' title='bbox 2881 4046 3022 4101; x_wconf 89' lang='lat' dir='ltr'><strong>intra</strong></span> <span class='ocrx_word' id='word_1_629' title='bbox 3076 4046 3317 4102; x_wconf 88' lang='lat' dir='ltr'><strong>triduum</strong></span> <span class='ocrx_word' id='word_1_630' title='bbox 3350 4047 3435 4103; x_wconf 89' lang='lat' dir='ltr'><strong>vi-</strong></span> 
     </span>
    </p>
   </div>
   <div class='ocr_carea' id='block_1_87' title="bbox 1826 4132 3436 4211">
    <p class='ocr_par' dir='ltr' id='par_1_87' title="bbox 1826 4132 3436 4211">
     <span class='ocr_line' id='line_1_87' title="bbox 1826 4132 3436 4211; baseline 0.006 -25"><span class='ocrx_word' id='word_1_631' title='bbox 1826 4137 1964 4187; x_wconf 80' lang='lat' dir='ltr'><strong>‘tam</strong></span> <span class='ocrx_word' id='word_1_632' title='bbox 1997 4132 2222 4198; x_wconf 87' lang='lat' dir='ltr'><strong>ademit,</strong></span> <span class='ocrx_word' id='word_1_633' title='bbox 2255 4149 2379 4190; x_wconf 91' lang='lat' dir='ltr'><strong>cum</strong></span> <span class='ocrx_word' id='word_1_634' title='bbox 2405 4133 2638 4192; x_wconf 79' lang='lat' dir='ltr'><strong>Caesaris</strong></span> <span class='ocrx_word' id='word_1_635' title='bbox 2668 4135 2890 4206; x_wconf 91' lang='lat' dir='ltr'><strong>quidem</strong></span> <span class='ocrx_word' id='word_1_636' title='bbox 2926 4137 3245 4209; x_wconf 79' lang='lat' dir='ltr'><strong>dignitatem</strong></span> <span class='ocrx_word' id='word_1_637' title='bbox 3274 4139 3436 4211; x_wconf 88' lang='lat' dir='ltr'><strong>quin-</strong></span> 
     </span>
    </p>
   </div>
   <div class='ocr_carea' id='block_1_88' title="bbox 1852 4223 3434 4298">
    <p class='ocr_par' dir='ltr' id='par_1_88' title="bbox 1852 4223 3434 4298">
     <span class='ocr_line' id='line_1_88' title="bbox 1852 4223 3434 4298; baseline 0.005 -22"><span class='ocrx_word' id='word_1_638' title='bbox 1852 4224 2114 4292; x_wconf 89' lang='lat' dir='ltr'><strong>quennio,</strong></span> <span class='ocrx_word' id='word_1_639' title='bbox 2146 4223 2448 4293; x_wconf 82' lang='lat' dir='ltr'><strong>Augustum</strong></span> <span class='ocrx_word' id='word_1_640' title='bbox 2499 4234 2680 4279; x_wconf 88' lang='lat' dir='ltr'><strong>autem</strong></span> <span class='ocrx_word' id='word_1_641' title='bbox 2715 4227 3007 4298; x_wconf 89' lang='lat' dir='ltr'><strong>imperium</strong></span> <span class='ocrx_word' id='word_1_642' title='bbox 3040 4242 3165 4298; x_wconf 88' lang='lat' dir='ltr'><strong>post</strong></span> <span class='ocrx_word' id='word_1_643' title='bbox 3202 4239 3434 4286; x_wconf 91' lang='lat' dir='ltr'><strong>mortem</strong></span> 
     </span>
    </p>
   </div>
   <div class='ocr_carea' id='block_1_89' title="bbox 1853 4311 3438 4386">
    <p class='ocr_par' dir='ltr' id='par_1_89' title="bbox 1853 4311 3438 4386">
     <span class='ocr_line' id='line_1_89' title="bbox 1853 4311 3438 4386; baseline 0.002 -20"><span class='ocrx_word' id='word_1_644' title='bbox 1853 4311 2158 4367; x_wconf 86' lang='lat' dir='ltr'><strong>Constantii</strong></span> <span class='ocrx_word' id='word_1_645' title='bbox 2213 4312 2429 4367; x_wconf 87' lang='lat' dir='ltr'><strong>duobus</strong></span> <span class='ocrx_word' id='word_1_646' title='bbox 2481 4311 2642 4368; x_wconf 90' lang='lat' dir='ltr'><strong>annis</strong></span> <span class='ocrx_word' id='word_1_647' title='bbox 2684 4327 2749 4368; x_wconf 90' lang='lat' dir='ltr'><strong>ac</strong></span> <span class='ocrx_word' id='word_1_648' title='bbox 2783 4314 3025 4385; x_wconf 56' lang='lat' dir='ltr'><strong>dimidio</strong></span> <span class='ocrx_word' id='word_1_649' title='bbox 3055 4317 3334 4386; x_wconf 76' lang='lat' dir='ltr'><strong>gessisset.</strong></span> <span class='ocrx_word' id='word_1_650' title='bbox 3369 4315 3438 4370; x_wconf 87' lang='lat' dir='ltr'><strong>Et</strong></span> 
     </span>
    </p>
   </div>
   <div class='ocr_carea' id='block_1_90' title="bbox 1854 4403 3435 4475">
    <p class='ocr_par' dir='ltr' id='par_1_90' title="bbox 1854 4403 3435 4475">
     <span class='ocr_line' id='line_1_90' title="bbox 1854 4403 3435 4475; baseline 0.001 -17"><span class='ocrx_word' id='word_1_651' title='bbox 1854 4403 2254 4475; x_wconf 76' lang='lat' dir='ltr'><strong>Philostorgius</strong></span> <span class='ocrx_word' id='word_1_652' title='bbox 2294 4404 2513 4474; x_wconf 89' lang='lat' dir='ltr'><strong>quidem</strong></span> <span class='ocrx_word' id='word_1_653' title='bbox 2568 4404 2673 4460; x_wconf 92' lang='lat' dir='ltr'><strong>hoc</strong></span> <span class='ocrx_word' id='word_1_654' title='bbox 2732 4406 2854 4461; x_wconf 87' lang='lat' dir='ltr'><strong>loco</strong></span> <span class='ocrx_word' id='word_1_655' title='bbox 2899 4406 3123 4472; x_wconf 84' lang='lat' dir='ltr'><strong>scribit,</strong></span> <span class='ocrx_word' id='word_1_656' title='bbox 3154 4406 3435 4462; x_wconf 71' lang='lat' dir='ltr'><strong>lulianum</strong></span> 
     </span>
    </p>
   </div>
   <div class='ocr_carea' id='block_1_91' title="bbox 1782 4492 3435 4565">
    <p class='ocr_par' dir='ltr' id='par_1_91' title="bbox 1782 4492 3435 4565">
     <span class='ocr_line' id='line_1_91' title="bbox 1782 4492 3435 4565; baseline 0.001 -17"><span class='ocrx_word' id='word_1_657' title='bbox 1782 4492 1824 4548; x_wconf 79' lang='grc' dir='ltr'><strong>Ι)</strong></span> <span class='ocrx_word' id='word_1_658' title='bbox 1856 4501 2109 4549; x_wconf 90' lang='lat' dir='ltr'><strong>haustum</strong></span> <span class='ocrx_word' id='word_1_659' title='bbox 2139 4495 2463 4565; x_wconf 78' lang='lat' dir='ltr'><strong>sanguinem</strong></span> <span class='ocrx_word' id='word_1_660' title='bbox 2483 4493 2537 4548; x_wconf 91' lang='lat' dir='ltr'><strong>in</strong></span> <span class='ocrx_word' id='word_1_661' title='bbox 2568 4496 2737 4549; x_wconf 80' lang='lat' dir='ltr'><strong>solem</strong></span> <span class='ocrx_word' id='word_1_662' title='bbox 2764 4495 3078 4565; x_wconf 87' lang='lat' dir='ltr'><strong>projecisse,</strong></span> <span class='ocrx_word' id='word_1_663' title='bbox 3106 4504 3160 4550; x_wconf 92' lang='lat' dir='ltr'><strong>et</strong></span> <span class='ocrx_word' id='word_1_664' title='bbox 3188 4496 3292 4550; x_wconf 91' lang='lat' dir='ltr'><strong>diis</strong></span> <span class='ocrx_word' id='word_1_665' title='bbox 3316 4496 3435 4550; x_wconf 84' lang='lat' dir='ltr'><strong>suis</strong></span> 
     </span>
    </p>
   </div>
   <div class='ocr_carea' id='block_1_92' title="bbox 149 4581 3436 4665">
    <p class='ocr_par' dir='ltr' id='par_1_92' title="bbox 149 4581 3436 4665">
     <span class='ocr_line' id='line_1_92' title="bbox 149 4581 3436 4665; baseline -0.003 -12"><span class='ocrx_word' id='word_1_666' title='bbox 149 4598 524 4654; x_wconf 85' lang='lat' dir='ltr'><strong>conviciatum</strong></span> <span class='ocrx_word' id='word_1_667' title='bbox 557 4609 698 4650; x_wconf 89' lang='lat' dir='ltr'><strong>esse.</strong></span> <span class='ocrx_word' id='word_1_668' title='bbox 736 4593 986 4665; x_wconf 85' lang='lat' dir='ltr'><strong>Plerique</strong></span> <span class='ocrx_word' id='word_1_669' title='bbox 1035 4602 1215 4648; x_wconf 88' lang='lat' dir='ltr'><strong>tamen</strong></span> <span class='ocrx_word' id='word_1_670' title='bbox 1260 4594 1502 4648; x_wconf 60' lang='lat' dir='ltr'><strong>historiae</strong></span> <span class='ocrx_word' id='word_1_671' title='bbox 1545 4592 1860 4663; x_wconf 80' lang='lat' dir='ltr'><strong>scriptores,</strong></span> <span class='ocrx_word' id='word_1_672' title='bbox 1915 4581 2209 4659; x_wconf 77' lang='lat' dir='ltr'><strong>utrumque</strong></span> <span class='ocrx_word' id='word_1_673' title='bbox 2241 4591 2434 4644; x_wconf 90' lang='lat' dir='ltr'><strong>horum</strong></span> <span class='ocrx_word' id='word_1_674' title='bbox 2475 4604 2505 4642; x_wconf 88' lang='lat' dir='ltr'><strong>a</strong></span> <span class='ocrx_word' id='word_1_675' title='bbox 2557 4587 2776 4644; x_wconf 83' lang='lat' dir='ltr'><strong>Juliano</strong></span> <span class='ocrx_word' id='word_1_676' title='bbox 2801 4587 3004 4644; x_wconf 85' lang='lat' dir='ltr'><strong>factum</strong></span> <span class='ocrx_word' id='word_1_677' title='bbox 3033 4604 3155 4646; x_wconf 89' lang='lat' dir='ltr'><strong>esse</strong></span> <span class='ocrx_word' id='word_1_678' title='bbox 3211 4589 3436 4645; x_wconf 80' lang='lat' dir='ltr'><strong>tradunt</strong></span> 
     </span>
    </p>
   </div>
   <div class='ocr_carea' id='block_1_93' title="bbox 151 4685 2091 4752">
    <p class='ocr_par' dir='ltr' id='par_1_93' title="bbox 151 4685 2091 4752">
     <span class='ocr_line' id='line_1_93' title="bbox 151 4685 2091 4752; baseline -0.006 -3"><span class='ocrx_word' id='word_1_679' title='bbox 151 4696 420 4752; x_wconf 82' lang='lat' dir='ltr'><strong>adversus</strong></span> <span class='ocrx_word' id='word_1_680' title='bbox 451 4691 743 4747; x_wconf 88' lang='lat' dir='ltr'><strong>Dominum</strong></span> <span class='ocrx_word' id='word_1_681' title='bbox 784 4698 1032 4747; x_wconf 89' lang='lat' dir='ltr'><strong>nostrum</strong></span> <span class='ocrx_word' id='word_1_682' title='bbox 1059 4706 1122 4745; x_wconf 90' lang='lat' dir='ltr'><strong>ac</strong></span> <span class='ocrx_word' id='word_1_683' title='bbox 1146 4688 1314 4746; x_wconf 91' lang='lat' dir='ltr'><strong>Deum</strong></span> <span class='ocrx_word' id='word_1_684' title='bbox 1343 4705 1531 4745; x_wconf 89' lang='lat' dir='ltr'><strong>verum</strong></span> <span class='ocrx_word' id='word_1_685' title='bbox 1559 4687 1746 4744; x_wconf 85' lang='lat' dir='ltr'><strong>Jesum</strong></span> <span class='ocrx_word' id='word_1_686' title='bbox 1786 4685 2091 4744; x_wconf 89' lang='lat' dir='ltr'><strong>Christum.</strong></span> 
     </span>
    </p>
   </div>
   <div class='ocr_carea' id='block_1_94' title="bbox 477 4805 1423 4862">
    <p class='ocr_par' dir='ltr' id='par_1_94' title="bbox 477 4805 1423 4862">
     <span class='ocr_line' id='line_1_94' title="bbox 477 4805 1423 4862; baseline -0.006 0"><span class='ocrx_word' id='word_1_687' title='bbox 477 4809 572 4862; x_wconf 83' lang='grc' dir='ltr'><strong>ΕΚ</strong></span> <span class='ocrx_word' id='word_1_688' title='bbox 609 4808 746 4860; x_wconf 80' lang='grc' dir='ltr'><strong>ΤΗΣ</strong></span> <span class='ocrx_word' id='word_1_689' title='bbox 777 4806 1043 4861; x_wconf 84' lang='grc' dir='ltr'><strong>ΟΓΔΟΗΣ</strong></span> <span class='ocrx_word' id='word_1_690' title='bbox 1088 4805 1423 4860; x_wconf 84' lang='grc' dir='ltr'><strong>ΙΣΤΟΡῘΑΣ.</strong></span> 
     </span>
    </p>
   </div>
   <div class='ocr_carea' id='block_1_95' title="bbox 226 4889 1745 4971">
    <p class='ocr_par' dir='ltr' id='par_1_95' title="bbox 226 4889 1745 4971">
     <span class='ocr_line' id='line_1_95' title="bbox 226 4889 1745 4971; baseline -0.007 -14"><span class='ocrx_word' id='word_1_691' title='bbox 226 4905 293 4956; x_wconf 87' lang='grc' dir='ltr'>α’.</span> <span class='ocrx_word' id='word_1_692' title='bbox 336 4904 464 4954; x_wconf 85' lang='grc' dir='ltr'><strong>Ὅτι</strong></span> <span class='ocrx_word' id='word_1_693' title='bbox 483 4903 551 4971; x_wconf 81' lang='grc' dir='ltr'>τῇ</span> <span class='ocrx_word' id='word_1_694' title='bbox 580 4897 842 4970; x_wconf 75' lang='grc' dir='ltr'>ἐπαύριον</span> <span class='ocrx_word' id='word_1_695' title='bbox 868 4897 961 4951; x_wconf 76' lang='grc' dir='ltr'><strong>τοῦ</strong></span> <span class='ocrx_word' id='word_1_696' title='bbox 990 4891 1455 4966; x_wconf 80' lang='grc' dir='ltr'>διαφθαρῆναιτὺν</span> <span class='ocrx_word' id='word_1_697' title='bbox 1493 4889 1745 4948; x_wconf 74' lang='grc' dir='ltr'>Ἀποστά-</span> 
     </span>
    </p>
   </div>
   <div class='ocr_carea' id='block_1_96' title="bbox 2086 4789 3214 4853">
    <p class='ocr_par' dir='ltr' id='par_1_96' title="bbox 2086 4789 3214 4853">
     <span class='ocr_line' id='line_1_96' title="bbox 2086 4789 3214 4853; baseline 0.002 -2"><span class='ocrx_word' id='word_1_698' title='bbox 2086 4794 2178 4851; x_wconf 81' lang='lat' dir='ltr'><strong>EX</strong></span> <span class='ocrx_word' id='word_1_699' title='bbox 2246 4794 2452 4852; x_wconf 83' lang='lat' dir='ltr'><strong>LIBRO</strong></span> <span class='ocrx_word' id='word_1_700' title='bbox 2511 4796 2789 4852; x_wconf 79' lang='lat' dir='ltr'><strong>OCTAVO</strong></span> <span class='ocrx_word' id='word_1_701' title='bbox 2844 4789 3214 4853; x_wconf 63' lang='lat' dir='ltr'><strong>HISTORIA).</strong></span> 
     </span>
    </p>
   </div>
   <div class='ocr_carea' id='block_1_97' title="bbox 1925 4887 3436 4958">
    <p class='ocr_par' dir='ltr' id='par_1_97' title="bbox 1925 4887 3436 4958">
     <span class='ocr_line' id='line_1_97' title="bbox 1925 4887 3436 4958; baseline 0.001 -13"><span class='ocrx_word' id='word_1_702' title='bbox 1925 4892 1976 4945; x_wconf 79' lang='grc'>1.</span> <span class='ocrx_word' id='word_1_703' title='bbox 2008 4888 2266 4945; x_wconf 73' lang='lat' dir='ltr'><strong>Iovianus</strong></span> <span class='ocrx_word' id='word_1_704' title='bbox 2312 4890 2439 4958; x_wconf 86' lang='lat' dir='ltr'><strong>imp.</strong></span> <span class='ocrx_word' id='word_1_705' title='bbox 2481 4918 2552 4958; x_wconf 73' lang='grc' dir='ltr'><strong>τ-</strong></span> <span class='ocrx_word' id='word_1_706' title='bbox 2591 4889 2718 4945; x_wconf 84' lang='lat' dir='ltr'><strong>Post</strong></span> <span class='ocrx_word' id='word_1_707' title='bbox 2776 4890 2985 4944; x_wconf 90' lang='lat' dir='ltr'><strong>obitum</strong></span> <span class='ocrx_word' id='word_1_708' title='bbox 3018 4887 3241 4957; x_wconf 85' lang='lat' dir='ltr'><strong>Juliani,</strong></span> <span class='ocrx_word' id='word_1_709' title='bbox 3274 4904 3436 4950; x_wconf 77' lang='lat' dir='ltr'><strong>exer-</strong></span> 
     </span>
    </p>
   </div>
   <div class='ocr_carea' id='block_1_98' title="bbox 1385 5062 2166 5110">
    <p class='ocr_par' dir='ltr' id='par_1_98' title="bbox 1385 5062 2166 5110">
     <span class='ocr_line' id='line_1_98' title="bbox 1385 5062 2166 5110; baseline -0.004 -1"><span class='ocrx_word' id='word_1_710' title='bbox 1385 5063 1631 5110; x_wconf 78' lang='lat' dir='ltr'><strong>VALESII</strong></span> <span class='ocrx_word' id='word_1_711' title='bbox 1673 5062 2166 5110; x_wconf 77' lang='lat' dir='ltr'><strong>ANNOTATIONES.</strong></span> 
     </span>
    </p>
   </div>
   <div class='ocr_carea' id='block_1_99' title="bbox 232 5166 1740 5251">
    <p class='ocr_par' dir='ltr' id='par_1_99' title="bbox 232 5166 1740 5251">
     <span class='ocr_line' id='line_1_99' title="bbox 232 5166 1740 5251; baseline -0.011 -15"><span class='ocrx_word' id='word_1_712' title='bbox 232 5182 347 5251; x_wconf 84' lang='lat'><strong>(80)</strong></span> <span class='ocrx_word' id='word_1_713' title='bbox 392 5178 549 5251; x_wconf 58' lang='grc' dir='ltr'>ῗΗδη</span> <span class='ocrx_word' id='word_1_714' title='bbox 580 5177 837 5251; x_wconf 63' lang='grc' dir='ltr'>ἀπέστη.</span> <span class='ocrx_word' id='word_1_715' title='bbox 882 5175 936 5227; x_wconf 85' lang='grc' dir='ltr'>1η</span> <span class='ocrx_word' id='word_1_716' title='bbox 985 5171 1173 5251; x_wconf 80' lang='lat' dir='ltr'><strong>codice</strong></span> <span class='ocrx_word' id='word_1_717' title='bbox 1222 5168 1598 5251; x_wconf 76' lang='lat' dir='ltr'><strong>manuscripto</strong></span> <span class='ocrx_word' id='word_1_718' title='bbox 1642 5166 1740 5221; x_wconf 82' lang='lat' dir='ltr'><strong>Sa-</strong></span> 
     </span>
    </p>
   </div>
   <div class='ocr_carea' id='block_1_100' title="bbox 154 5242 1737 5312">
    <p class='ocr_par' dir='ltr' id='par_1_100' title="bbox 154 5242 1737 5312">
     <span class='ocr_line' id='line_1_100' title="bbox 154 5242 1737 5312; baseline -0.013 -4"><span class='ocrx_word' id='word_1_719' title='bbox 154 5242 356 5308; x_wconf 73' lang='lat' dir='ltr'><strong>muelis</strong></span> <span class='ocrx_word' id='word_1_720' title='bbox 392 5242 649 5304; x_wconf 34' lang='lat' dir='ltr'><strong>Boch‘arti</strong></span> <span class='ocrx_word' id='word_1_721' title='bbox 684 5247 752 5301; x_wconf 90' lang='lat' dir='ltr'><strong>ad</strong></span> <span class='ocrx_word' id='word_1_722' title='bbox 784 5242 972 5300; x_wconf 88' lang='lat' dir='ltr'><strong>vocem</strong></span> <span class='ocrx_word' id='word_1_723' title='bbox 1028 5242 1239 5312; x_wconf 83' lang='grc' dir='ltr'>ἀπέστη</span> <span class='ocrx_word' id='word_1_724' title='bbox 1295 5242 1592 5312; x_wconf 81' lang='lat' dir='ltr'><strong>asteriscus</strong></span> <span class='ocrx_word' id='word_1_725' title='bbox 1630 5253 1737 5312; x_wconf 86' lang='lat' dir='ltr'><strong>_no-</strong></span> 
     </span>
    </p>
   </div>
   <div class='ocr_carea' id='block_1_101' title="bbox 155 5307 1733 5384">
    <p class='ocr_par' dir='ltr' id='par_1_101' title="bbox 155 5307 1733 5384">
     <span class='ocr_line' id='line_1_101' title="bbox 155 5307 1733 5384; baseline -0.011 -8"><span class='ocrx_word' id='word_1_726' title='bbox 155 5307 306 5376; x_wconf 71' lang='lat' dir='ltr'><strong>tatus</strong></span> <span class='ocrx_word' id='word_1_727' title='bbox 336 5329 446 5382; x_wconf 73' lang='lat' dir='ltr'><strong>est,</strong></span> <span class='ocrx_word' id='word_1_728' title='bbox 471 5329 526 5374; x_wconf 90' lang='lat' dir='ltr'><strong>et</strong></span> <span class='ocrx_word' id='word_1_729' title='bbox 546 5317 613 5372; x_wconf 89' lang='lat' dir='ltr'><strong>ad</strong></span> <span class='ocrx_word' id='word_1_730' title='bbox 643 5315 943 5384; x_wconf 75' lang='lat' dir='ltr'><strong>marginem</strong></span> <span class='ocrx_word' id='word_1_731' title='bbox 968 5313 1206 5384; x_wconf 79' lang='lat' dir='ltr'><strong>ascripta</strong></span> <span class='ocrx_word' id='word_1_732' title='bbox 1225 5307 1366 5384; x_wconf 50' lang='lat' dir='ltr'><strong>:sunt</strong></span> <span class='ocrx_word' id='word_1_733' title='bbox 1387 5310 1502 5384; x_wconf 53' lang='lat' dir='ltr'><strong>haec</strong></span> <span class='ocrx_word' id='word_1_734' title='bbox 1533 5307 1692 5363; x_wconf 86' lang='lat' dir='ltr'><strong>verba</strong></span> <span class='ocrx_word' id='word_1_735' title='bbox 1722 5324 1733 5358; x_wconf 94' lang='lat'>:</span> 
     </span>
    </p>
   </div>
   <div class='ocr_carea' id='block_1_102' title="bbox 149 5378 1739 5461">
    <p class='ocr_par' dir='ltr' id='par_1_102' title="bbox 149 5378 1739 5461">
     <span class='ocr_line' id='line_1_102' title="bbox 149 5378 1739 5461; baseline -0.01 -15"><span class='ocrx_word' id='word_1_736' title='bbox 149 5391 305 5446; x_wconf 76' lang='lat' dir='ltr'><strong>locus</strong></span> <span class='ocrx_word' id='word_1_737' title='bbox 347 5378 454 5444; x_wconf 68' lang='lat' dir='ltr'><strong>uari</strong></span> <span class='ocrx_word' id='word_1_738' title='bbox 505 5378 927 5461; x_wconf 40' lang='lat' dir='ltr'><strong>sanus.‘0_cinde</strong></span> <span class='ocrx_word' id='word_1_739' title='bbox 968 5378 1615 5461; x_wconf 51' lang='lat' dir='ltr'><strong>emen‘dationesaliquae</strong></span> <span class='ocrx_word' id='word_1_740' title='bbox 1643 5391 1739 5461; x_wconf 71' lang='lat' dir='ltr'><strong>ap-</strong></span> 
     </span>
    </p>
   </div>
   <div class='ocr_carea' id='block_1_103' title="bbox 238 5445 1738 5529">
    <p class='ocr_par' dir='ltr' id='par_1_103' title="bbox 238 5445 1738 5529">
     <span class='ocr_line' id='line_1_103' title="bbox 238 5445 1738 5529; baseline -0.011 -14"><span class='ocrx_word' id='word_1_741' title='bbox 238 5471 439 5515; x_wconf 90' lang='lat' dir='ltr'><strong>nuntur</strong></span> <span class='ocrx_word' id='word_1_742' title='bbox 465 5459 605 5513; x_wconf 87' lang='lat' dir='ltr'><strong>adeo</strong></span> <span class='ocrx_word' id='word_1_743' title='bbox 649 5454 916 5517; x_wconf 79' lang='lat' dir='ltr'><strong>infelices,</strong></span> <span class='ocrx_word' id='word_1_744' title='bbox 962 5461 1022 5507; x_wconf 88' lang='lat' dir='ltr'><strong>ut</strong></span> <span class='ocrx_word' id='word_1_745' title='bbox 1064 5448 1475 5529; x_wconf 67' lang='lat' dir='ltr'><strong>eas__conjec_tor</strong></span> <span class='ocrx_word' id='word_1_746' title='bbox 1505 5445 1622 5517; x_wconf 82' lang='lat' dir='ltr'><strong>ipse</strong></span> <span class='ocrx_word' id='word_1_747' title='bbox 1645 5445 1738 5529; x_wconf 80' lang='lat' dir='ltr'><strong>de—</strong></span> 
     </span>
    </p>
   </div>
   <div class='ocr_carea' id='block_1_104' title="bbox 181 5517 1744 5599">
    <p class='ocr_par' dir='ltr' id='par_1_104' title="bbox 181 5517 1744 5599">
     <span class='ocr_line' id='line_1_104' title="bbox 181 5517 1744 5599; baseline -0.011 -14"><span class='ocrx_word' id='word_1_748' title='bbox 181 5532 372 5586; x_wconf 87' lang='lat' dir='ltr'><strong>everit.</strong></span> <span class='ocrx_word' id='word_1_749' title='bbox 401 5530 516 5599; x_wconf 79' lang='lat' dir='ltr'><strong>Ego</strong></span> <span class='ocrx_word' id='word_1_750' title='bbox 555 5542 688 5599; x_wconf 70' lang='lat' dir='ltr'><strong>vero</strong></span> <span class='ocrx_word' id='word_1_751' title='bbox 727 5533 1022 5599; x_wconf 84' lang='lat' dir='ltr'><strong>antequam</strong></span> <span class='ocrx_word' id='word_1_752' title='bbox 1055 5517 1314 5599; x_wconf 67' lang='lat' dir='ltr'><strong>codicem</strong></span> <span class='ocrx_word' id='word_1_753' title='bbox 1359 5517 1513 5599; x_wconf 63' lang='lat' dir='ltr'><strong>illum</strong></span> <span class='ocrx_word' id='word_1_754' title='bbox 1552 5525 1744 5599; x_wconf 63' lang='lat' dir='ltr'><strong>nactus</strong></span> 
     </span>
    </p>
   </div>
   <div class='ocr_carea' id='block_1_105' title="bbox 149 5585 1746 5656">
    <p class='ocr_par' dir='ltr' id='par_1_105' title="bbox 149 5585 1746 5656">
     <span class='ocr_line' id='line_1_105' title="bbox 149 5585 1746 5656; baseline -0.013 0"><span class='ocrx_word' id='word_1_755' title='bbox 149 5585 358 5656; x_wconf 58' lang='lat' dir='ltr'><strong>cessem.</strong></span> <span class='ocrx_word' id='word_1_756' title='bbox 386 5585 540 5655; x_wconf 51' lang='lat' dir='ltr'><strong>buvnc</strong></span> <span class='ocrx_word' id='word_1_757' title='bbox 567 5597 750 5651; x_wconf 92' lang='lat' dir='ltr'><strong>locum</strong></span> <span class='ocrx_word' id='word_1_758' title='bbox 775 5595 846 5648; x_wconf 88' lang='lat' dir='ltr'><strong>ita</strong></span> <span class='ocrx_word' id='word_1_759' title='bbox 874 5585 1294 5648; x_wconf 77' lang='lat' dir='ltr'><strong>emendaveram</strong></span> <span class='ocrx_word' id='word_1_760' title='bbox 1322 5605 1335 5642; x_wconf 87' lang='lat'><strong>:</strong></span> <span class='ocrx_word' id='word_1_761' title='bbox 1368 5586 1551 5656; x_wconf 87' lang='grc' dir='ltr'>Γέρων</span> <span class='ocrx_word' id='word_1_762' title='bbox 1576 5585 1746 5656; x_wconf 24' lang='grc' dir='ltr'>δέλτις</span> 
     </span>
    </p>
   </div>
   <div class='ocr_carea' id='block_1_106' title="bbox 148 5642 1743 5802">
    <p class='ocr_par' dir='ltr' id='par_1_106' title="bbox 148 5642 1743 5802">
     <span class='ocr_line' id='line_1_106' title="bbox 148 5642 1743 5742; baseline -0.002 -18"><span class='ocrx_word' id='word_1_763' title='bbox 148 5642 750 5742; x_wconf 44' lang='grc' dir='ltr'><strong>θ”ἐὲαὲἴῐιέᾖὲἆὶξ</strong></span> <span class='ocrx_word' id='word_1_764' title='bbox 775 5642 1236 5731; x_wconf 44' lang='lat' dir='ltr'><strong>&quot;agitantia:</strong></span> <span class='ocrx_word' id='word_1_765' title='bbox 1262 5642 1572 5726; x_wconf 70' lang='grc' dir='ltr'>ἀφειμένων</span> <span class='ocrx_word' id='word_1_766' title='bbox 1607 5642 1743 5725; x_wconf 66' lang='grc' dir='ltr'>ῆδηζ</span> 
     </span>
     <span class='ocr_line' id='line_1_107' title="bbox 154 5729 1576 5802; baseline -0.005 -10"><span class='ocrx_word' id='word_1_767' title='bbox 154 5741 386 5802; x_wconf 70' lang='grc' dir='ltr'>ἀπιστία</span> <span class='ocrx_word' id='word_1_768' title='bbox 422 5739 748 5802; x_wconf 85' lang='grc' dir='ltr'>μετέρχεται</span> <span class='ocrx_word' id='word_1_769' title='bbox 771 5734 861 5787; x_wconf 80' lang='grc' dir='ltr'><strong>τὸν</strong></span> <span class='ocrx_word' id='word_1_770' title='bbox 888 5729 1240 5802; x_wconf 80' lang='grc' dir='ltr'>Παραϐάτην.</span> <span class='ocrx_word' id='word_1_771' title='bbox 1314 5796 1349 5802; x_wconf 91' lang='lat'><strong><em>_</em></strong></span> <span class='ocrx_word' id='word_1_772' title='bbox 1451 5797 1464 5802; x_wconf 92' lang='lat'><em>_</em></span> <span class='ocrx_word' id='word_1_773' title='bbox 1565 5796 1576 5802; x_wconf 34' lang='lat'><strong>-</strong></span> 
     </span>
    </p>
   </div>
   <div class='ocr_carea' id='block_1_107' title="bbox 210 5757 1240 5794">
    <p class='ocr_par' dir='ltr' id='par_1_107' title="bbox 210 5757 1240 5794">
     <span class='ocr_line' id='line_1_108' title="bbox 210 5757 1240 5794; baseline -0.009 -4"><span class='ocrx_word' id='word_1_774' title='bbox 210 5757 386 5794; x_wconf 80' lang='grc' dir='ltr'>πιστια</span> <span class='ocrx_word' id='word_1_775' title='bbox 422 5757 748 5794; x_wconf 62' lang='grc' dir='ltr'>μετέρχεται</span> <span class='ocrx_word' id='word_1_776' title='bbox 771 5757 861 5787; x_wconf 81' lang='grc' dir='ltr'><strong>τον</strong></span> <span class='ocrx_word' id='word_1_777' title='bbox 889 5757 1240 5794; x_wconf 72' lang='grc' dir='ltr'>ιιαραυατην.</span> 
     </span>
    </p>
   </div>
   <div class='ocr_carea' id='block_1_108' title="bbox 221 5754 1743 5882">
    <p class='ocr_par' dir='ltr' id='par_1_108' title="bbox 221 5754 1743 5882">
     <span class='ocr_line' id='line_1_109' title="bbox 221 5754 1576 5810; baseline -0.01 -18"><span class='ocrx_word' id='word_1_778' title='bbox 221 5755 386 5796; x_wconf 66' lang='grc' dir='ltr'>τιστια</span> <span class='ocrx_word' id='word_1_779' title='bbox 422 5754 748 5810; x_wconf 84' lang='grc' dir='ltr'>μετερχεται</span> <span class='ocrx_word' id='word_1_780' title='bbox 771 5754 861 5787; x_wconf 85' lang='grc' dir='ltr'><strong>τον</strong></span> <span class='ocrx_word' id='word_1_781' title='bbox 889 5754 1240 5802; x_wconf 78' lang='grc' dir='ltr'>ιιαραυατην.</span> <span class='ocrx_word' id='word_1_782' title='bbox 1451 5797 1464 5810; x_wconf 47' lang='grc'><strong>⁹</strong></span> <span class='ocrx_word' id='word_1_783' title='bbox 1565 5796 1576 5807; x_wconf 45' lang='grc'><strong>.</strong></span> 
     </span>
     <span class='ocr_line' id='line_1_110' title="bbox 221 5796 1743 5882; baseline -0.011 -17"><span class='ocrx_word' id='word_1_784' title='bbox 221 5797 459 5882; x_wconf 76' lang='grc' dir='ltr'><strong>,(81)’Τὸ</strong></span> <span class='ocrx_word' id='word_1_785' title='bbox 487 5806 559 5860; x_wconf 82' lang='grc' dir='ltr'>δὲ</span> <span class='ocrx_word' id='word_1_786' title='bbox 597 5803 897 5872; x_wconf 77' lang='grc' dir='ltr'>Περσικὸν</span> <span class='ocrx_word' id='word_1_787' title='bbox 929 5801 1280 5859; x_wconf 71' lang='grc' dir='ltr'>ἀπελαύνει.</span> <span class='ocrx_word' id='word_1_788' title='bbox 1314 5796 1537 5854; x_wconf 77' lang='lat' dir='ltr'><strong>Rectius</strong></span> <span class='ocrx_word' id='word_1_789' title='bbox 1565 5811 1617 5850; x_wconf 80' lang='lat' dir='ltr'><strong>in</strong></span> <span class='ocrx_word' id='word_1_790' title='bbox 1649 5807 1743 5849; x_wconf 82' lang='lat' dir='ltr'><strong>co-</strong></span> 
     </span>
    </p>
   </div>
   <div class='ocr_carea' id='block_1_109' title="bbox 443 5892 1080 5962">
    <p class='ocr_par' dir='ltr' id='par_1_109' title="bbox 443 5892 1080 5962">
     <span class='ocr_line' id='line_1_111' title="bbox 443 5892 1080 5962; baseline -0.014 0"><span class='ocrx_word' id='word_1_791' title='bbox 443 5900 718 5962; x_wconf 65' lang='lat' dir='ltr'><strong>Pamon.</strong></span> <span class='ocrx_word' id='word_1_792' title='bbox 762 5895 878 5960; x_wconf 82' lang='lat' dir='ltr'><strong>GR.</strong></span> <span class='ocrx_word' id='word_1_793' title='bbox 909 5892 1080 5954; x_wconf 82' lang='lat' dir='ltr'><strong>LXV.</strong></span> 
     </span>
    </p>
   </div>
   <div class='ocr_carea' id='block_1_110' title="bbox 1848 5127 3426 5226">
    <p class='ocr_par' dir='ltr' id='par_1_110' title="bbox 1848 5127 3426 5226">
     <span class='ocr_line' id='line_1_112' title="bbox 1848 5127 3426 5226; baseline 0.004 -6"><span class='ocrx_word' id='word_1_794' title='bbox 1848 5166 1967 5220; x_wconf 89' lang='lat' dir='ltr'><strong>dice</strong></span> <span class='ocrx_word' id='word_1_795' title='bbox 2003 5163 2276 5220; x_wconf 84' lang='lat' dir='ltr'><strong>Samuelis</strong></span> <span class='ocrx_word' id='word_1_796' title='bbox 2307 5127 2555 5218; x_wconf 82' lang='lat' dir='ltr'><strong>Bocharti</strong></span> <span class='ocrx_word' id='word_1_797' title='bbox 2597 5165 2856 5220; x_wconf 89' lang='lat' dir='ltr'><strong>scribitur</strong></span> <span class='ocrx_word' id='word_1_798' title='bbox 2890 5165 2979 5223; x_wconf 90' lang='lat' dir='ltr'><strong>hic</strong></span> <span class='ocrx_word' id='word_1_799' title='bbox 3011 5167 3164 5224; x_wconf 84' lang='lat' dir='ltr'><strong>locus</strong></span> <span class='ocrx_word' id='word_1_800' title='bbox 3194 5167 3250 5223; x_wconf 93' lang='lat' dir='ltr'><strong>in</strong></span> <span class='ocrx_word' id='word_1_801' title='bbox 3277 5169 3426 5226; x_wconf 86' lang='lat' dir='ltr'><strong>hunc</strong></span> 
     </span>
    </p>
   </div>
   <div class='ocr_carea' id='block_1_111' title="bbox 1848 5234 3456 5306">
    <p class='ocr_par' dir='ltr' id='par_1_111' title="bbox 1848 5234 3456 5306">
     <span class='ocr_line' id='line_1_113' title="bbox 1848 5234 3456 5306; baseline 0.005 -18"><span class='ocrx_word' id='word_1_802' title='bbox 1848 5235 2070 5306; x_wconf 88' lang='lat' dir='ltr'><strong>modum</strong></span> <span class='ocrx_word' id='word_1_803' title='bbox 2099 5253 2111 5306; x_wconf 69' lang='grc' dir='ltr'><strong>ι</strong></span> <span class='ocrx_word' id='word_1_804' title='bbox 2140 5234 2208 5306; x_wconf 80' lang='grc' dir='ltr'>τὸ</span> <span class='ocrx_word' id='word_1_805' title='bbox 2230 5234 2286 5288; x_wconf 83' lang='grc' dir='ltr'>δὲ</span> <span class='ocrx_word' id='word_1_806' title='bbox 2310 5235 2580 5306; x_wconf 68' lang='grc' dir='ltr'>Περσικδν</span> <span class='ocrx_word' id='word_1_807' title='bbox 2609 5234 2894 5306; x_wconf 61' lang='grc' dir='ltr'>ἐπελαύνει</span> <span class='ocrx_word' id='word_1_808' title='bbox 2942 5237 3064 5291; x_wconf 76' lang='grc' dir='ltr'>κατ’</span> <span class='ocrx_word' id='word_1_809' title='bbox 3090 5237 3290 5303; x_wconf 83' lang='grc' dir='ltr'>αὐτῶν,</span> <span class='ocrx_word' id='word_1_810' title='bbox 3314 5249 3423 5304; x_wconf 86' lang='lat' dir='ltr'><strong>etc.</strong></span> <span class='ocrx_word' id='word_1_811' title='bbox 3453 5265 3456 5268; x_wconf 62' lang='grc'><strong>’</strong></span> 
     </span>
    </p>
   </div>
   <div class='ocr_carea' id='block_1_112' title="bbox 1845 5302 3424 5374">
    <p class='ocr_par' dir='ltr' id='par_1_112' title="bbox 1845 5302 3424 5374">
     <span class='ocr_line' id='line_1_114' title="bbox 1845 5302 3424 5374; baseline 0.004 -15"><span class='ocrx_word' id='word_1_812' title='bbox 1845 5305 1988 5374; x_wconf 86' lang='lat' dir='ltr'><strong>quod</strong></span> <span class='ocrx_word' id='word_1_813' title='bbox 2019 5305 2241 5374; x_wconf 91' lang='lat' dir='ltr'><strong>quidem</strong></span> <span class='ocrx_word' id='word_1_814' title='bbox 2259 5302 2430 5359; x_wconf 83' lang='lat' dir='ltr'><strong>miror</strong></span> <span class='ocrx_word' id='word_1_815' title='bbox 2447 5305 2516 5359; x_wconf 88' lang='lat' dir='ltr'><strong>ab</strong></span> <span class='ocrx_word' id='word_1_816' title='bbox 2536 5302 2816 5361; x_wconf 88' lang='lat' dir='ltr'><strong>llolstenio</strong></span> <span class='ocrx_word' id='word_1_817' title='bbox 2839 5302 3283 5365; x_wconf 78' lang='lat' dir='ltr'><strong>animadversum</strong></span> <span class='ocrx_word' id='word_1_818' title='bbox 3313 5302 3424 5365; x_wconf 78' lang='lat' dir='ltr'><strong>non</strong></span> 
     </span>
    </p>
   </div>
   <div class='ocr_carea' id='block_1_113' title="bbox 1845 5373 3022 5448">
    <p class='ocr_par' dir='ltr' id='par_1_113' title="bbox 1845 5373 3022 5448">
     <span class='ocr_line' id='line_1_115' title="bbox 1845 5373 3022 5448; baseline 0.003 -20"><span class='ocrx_word' id='word_1_819' title='bbox 1845 5373 2225 5448; x_wconf 52' lang='lat' dir='ltr'><strong>fuis_se{Paulo</strong></span> <span class='ocrx_word' id='word_1_820' title='bbox 2252 5383 2376 5448; x_wconf 81' lang='lat' dir='ltr'><strong>post</strong></span> <span class='ocrx_word' id='word_1_821' title='bbox 2407 5374 2498 5429; x_wconf 89' lang='lat' dir='ltr'><strong>ubi</strong></span> <span class='ocrx_word' id='word_1_822' title='bbox 2535 5375 2775 5448; x_wconf 78' lang='lat' dir='ltr'><strong>legitur,_</strong></span> <span class='ocrx_word' id='word_1_823' title='bbox 2797 5376 3022 5448; x_wconf 76' lang='grc' dir='ltr'>πλήττει</span> 
     </span>
    </p>
   </div>
   <div class='ocr_carea' id='block_1_114' title="bbox 1848 5377 3426 5530">
    <p class='ocr_par' dir='ltr' id='par_1_114' title="bbox 1848 5377 3426 5530">
     <span class='ocr_line' id='line_1_116' title="bbox 1848 5377 3426 5448; baseline 0.003 -20"><span class='ocrx_word' id='word_1_824' title='bbox 1848 5377 2034 5429; x_wconf 84' lang='lat' dir='ltr'><strong>fuisse.</strong></span> <span class='ocrx_word' id='word_1_825' title='bbox 2055 5377 2225 5429; x_wconf 88' lang='lat' dir='ltr'><strong>Paulo</strong></span> <span class='ocrx_word' id='word_1_826' title='bbox 2252 5383 2376 5444; x_wconf 91' lang='lat' dir='ltr'><strong>post</strong></span> <span class='ocrx_word' id='word_1_827' title='bbox 2407 5377 2498 5429; x_wconf 89' lang='lat' dir='ltr'><strong>ubi</strong></span> <span class='ocrx_word' id='word_1_828' title='bbox 2535 5377 2750 5442; x_wconf 79' lang='lat' dir='ltr'><strong>legitur,</strong></span> <span class='ocrx_word' id='word_1_829' title='bbox 2797 5377 3022 5448; x_wconf 81' lang='grc' dir='ltr'>πλήττει</span> <span class='ocrx_word' id='word_1_830' title='bbox 3089 5377 3148 5432; x_wconf 84' lang='grc' dir='ltr'>ὲν</span> <span class='ocrx_word' id='word_1_831' title='bbox 3179 5377 3343 5432; x_wconf 77' lang='grc' dir='ltr'>αὐτὸν</span> <span class='ocrx_word' id='word_1_832' title='bbox 3363 5383 3426 5434; x_wconf 75' lang='grc' dir='ltr'>ἑν</span> 
     </span>
     <span class='ocr_line' id='line_1_117' title="bbox 1848 5395 3423 5530; baseline 0.005 -34"><span class='ocrx_word' id='word_1_833' title='bbox 1848 5444 1992 5530; x_wconf 44' lang='lat' dir='ltr'><strong>texe:</strong></span> <span class='ocrx_word' id='word_1_834' title='bbox 2037 5444 2406 5530; x_wconf 46' lang='lat' dir='ltr'><strong>idemLcodeit</strong></span> <span class='ocrx_word' id='word_1_835' title='bbox 2444 5445 2924 5530; x_wconf 54' lang='lat' dir='ltr'><strong>scriptumnhabet</strong></span> <span class='ocrx_word' id='word_1_836' title='bbox 2953 5449 3011 5502; x_wconf 77' lang='grc' dir='ltr'>ἐν</span> <span class='ocrx_word' id='word_1_837' title='bbox 3038 5395 3202 5530; x_wconf 52' lang='grc' dir='ltr'>ίὲχύξί.</span> <span class='ocrx_word' id='word_1_838' title='bbox 3244 5451 3423 5530; x_wconf 67' lang='lat' dir='ltr'><strong>Atque</strong></span> 
     </span>
    </p>
   </div>
   <div class='ocr_carea' id='block_1_115' title="bbox 1853 5512 3421 5598">
    <p class='ocr_par' dir='ltr' id='par_1_115' title="bbox 1853 5512 3421 5598">
     <span class='ocr_line' id='line_1_118' title="bbox 1853 5512 3421 5598; baseline 0.003 -30"><span class='ocrx_word' id='word_1_839' title='bbox 1853 5512 1944 5598; x_wconf 28' lang='lat' dir='ltr'><strong>ita:</strong></span> <span class='ocrx_word' id='word_1_840' title='bbox 1963 5513 2074 5598; x_wconf 75' lang='lat' dir='ltr'><strong>fere</strong></span> <span class='ocrx_word' id='word_1_841' title='bbox 2097 5512 2694 5598; x_wconf 44' lang='lat' dir='ltr'><strong>c&#39;odegtIScoriacensis.</strong></span> <span class='ocrx_word' id='word_1_842' title='bbox 2717 5514 2838 5598; x_wconf 52' lang='lat' dir='ltr'><strong>Ego</strong></span> <span class='ocrx_word' id='word_1_843' title='bbox 2859 5527 3042 5598; x_wconf 64' lang='lat' dir='ltr'><strong>tamen</strong></span> <span class='ocrx_word' id='word_1_844' title='bbox 3070 5512 3421 5598; x_wconf 77' lang='lat' dir='ltr'><strong>scribendum</strong></span> 
     </span>
    </p>
   </div>
   <div class='ocr_carea' id='block_1_116' title="bbox 1854 5584 3420 5661">
    <p class='ocr_par' dir='ltr' id='par_1_116' title="bbox 1854 5584 3420 5661">
     <span class='ocr_line' id='line_1_119' title="bbox 1854 5584 3420 5661; baseline 0.005 -23"><span class='ocrx_word' id='word_1_845' title='bbox 1854 5593 1985 5653; x_wconf 91' lang='lat' dir='ltr'><strong>puto</strong></span> <span class='ocrx_word' id='word_1_846' title='bbox 2027 5584 2202 5661; x_wconf 65' lang='grc' dir='ltr'>ἰσχίῳ,</span> <span class='ocrx_word' id='word_1_847' title='bbox 2241 5584 2294 5661; x_wconf 79' lang='lat' dir='ltr'><strong>id</strong></span> <span class='ocrx_word' id='word_1_848' title='bbox 2327 5593 2412 5661; x_wconf 88' lang='lat' dir='ltr'><strong>e_st</strong></span> <span class='ocrx_word' id='word_1_849' title='bbox 2436 5625 2450 5650; x_wconf 93' lang='lat'><strong>,</strong></span> <span class='ocrx_word' id='word_1_850' title='bbox 2477 5584 2553 5661; x_wconf 82' lang='lat' dir='ltr'><strong>_i_n</strong></span> <span class='ocrx_word' id='word_1_851' title='bbox 2598 5584 2813 5641; x_wconf 57' lang='lat' dir='ltr'><strong>lumbis.</strong></span> <span class='ocrx_word' id='word_1_852' title='bbox 2859 5585 2938 5644; x_wconf 92' lang='lat' dir='ltr'><strong>lta</strong></span> <span class='ocrx_word' id='word_1_853' title='bbox 2975 5587 3171 5661; x_wconf 71' lang='lat' dir='ltr'><strong>glossae</strong></span> <span class='ocrx_word' id='word_1_854' title='bbox 3207 5595 3420 5646; x_wconf 81' lang='lat' dir='ltr'><strong>veteres</strong></span> 
     </span>
    </p>
   </div>
   <div class='ocr_carea' id='block_1_117' title="bbox 1851 5653 2550 5724">
    <p class='ocr_par' dir='ltr' id='par_1_117' title="bbox 1851 5653 2550 5724">
     <span class='ocr_line' id='line_1_120' title="bbox 1851 5653 2550 5724; baseline -0.004 -15"><span class='ocrx_word' id='word_1_855' title='bbox 1851 5653 2130 5724; x_wconf 59' lang='lat' dir='ltr'><strong>exponunt</strong></span> <span class='ocrx_word' id='word_1_856' title='bbox 2156 5653 2550 5724; x_wconf 57' lang='grc' dir='ltr'>ἰσχίονλιιιιιίιὶ.</span> 
     </span>
    </p>
   </div>
   <div class='ocr_carea' id='block_1_118' title="bbox 1923 5722 2885 5795">
    <p class='ocr_par' dir='ltr' id='par_1_118' title="bbox 1923 5722 2885 5795">
     <span class='ocr_line' id='line_1_121' title="bbox 1923 5722 2885 5795; baseline 0.004 -17"><span class='ocrx_word' id='word_1_857' title='bbox 1923 5722 2035 5795; x_wconf 74' lang='grc'><strong>(82)</strong></span> <span class='ocrx_word' id='word_1_858' title='bbox 2074 5722 2388 5780; x_wconf 68' lang='grc' dir='ltr'>Τιιθοιίοιὶι.</span> <span class='ocrx_word' id='word_1_859' title='bbox 2417 5725 2453 5778; x_wconf 94' lang='lat' dir='ltr'><strong>l.</strong></span> <span class='ocrx_word' id='word_1_860' title='bbox 2483 5739 2542 5779; x_wconf 92' lang='grc' dir='ltr'><strong>ιιι</strong></span> <span class='ocrx_word' id='word_1_861' title='bbox 2595 5740 2645 5781; x_wconf 93' lang='lat' dir='ltr'><strong>c.</strong></span> <span class='ocrx_word' id='word_1_862' title='bbox 2676 5725 2766 5793; x_wconf 70' lang='lat'><strong>2|,</strong></span> <span class='ocrx_word' id='word_1_863' title='bbox 2796 5724 2885 5782; x_wconf 71' lang='grc'><strong>25.</strong></span> 
     </span>
    </p>
   </div>
   <div class='ocr_carea' id='block_1_119' title="bbox 3075 5882 3148 5947">
    <p class='ocr_par' dir='ltr' id='par_1_119' title="bbox 3075 5882 3148 5947">
     <span class='ocr_line' id='line_1_122' title="bbox 3075 5882 3148 5947; baseline -0.027 0"><span class='ocrx_word' id='word_1_864' title='bbox 3075 5882 3148 5947; x_wconf 78' lang='grc'><strong>18</strong></span> 
     </span>
    </p>
   </div>
  </div>
