3842 6328
325 261 444 320 ’559

1758 262 2245 321 PlIlLOSTORCll

3517 268 3620 326 560

340 381 586 456 epistolae
639 379 915 452 synodica:
966 388 1156 435 contra
1191 378 1411 435 Aetium
1451 381 1798 438 subscribere
1847 399 1924 438 re-

2042 383 2118 454 τῷ
2147 401 2208 452 γε
2239 361 2393 452 Φόϐῳ
2428 380 2832 452 κοινωσάμενος
2875 379 2990 452 (92)
3025 376 3227 453 (si;,6é
3260 381 3353 438 καὶ
3379 376 3533 449 οὗτος
3554 377 3617 457 ἦν

340 483 588 532 eusasset
606 490 621 539 ;
641 473 737 528 sed
765 481 895 526 tunc
934 472 1342 527 communicato
1359 472 1590 527 consilio
1611 489 1737 528 cum
1765 473 1928 531 Phoe-

339 565 435 632 bo,
475 564 566 634 qui
615 571 670 618 et
710 563 826 632 ipse
863 575 1008 616 unus
1047 569 1167 614 erat
1206 575 1270 615 ex
1317 576 1550 616 numero
1596 577 1787 619 eorum
1832 564 1926 632 qtti

343 655 562 709 Aetium
595 653 958 707 condemnare
981 650 1308 716 noluerant;
1337 649 1577 705 amicum
1618 666 1748 707 vero
1775 651 1927 707 illum

339 742 635 800 Theodosii
666 740 942 804 eli'ecerat,
982 751 1098 794 tum
1125 746 1282 795 vetus
1311 741 1670 806 consuetudo,
1701 750 1815 796 tum
1853 743 1928 799 si-

343 835 594 893 militudo
621 835 746 888 vitae
778 832 1058 904 ﬂagitiosae
1085 853 1097 888 :
1129 832 1291 887 ambo
1336 833 1504 903 igitur
1532 834 1792 904 adjuncto
1822 835 1926 890 sibi

341 927 674 993 Auxidiano,
692 926 785 996 qui
803 934 855 980 et
877 925 993 995 ipse
1018 924 1309 994 episcopus
1331 935 1446 981 erat
1476 927 1698 996 perinde
1719 941 1785 983 ac
1815 927 1925 993 illi;

346 1021 615 1076 adversus
677 1017 896 1074 Aetium
947 1029 1003 1072 et
1052 1017 1354 1073 Candidum
1407 1017 1634 1074 insidias
1679 1002 1923 1074 struunt.

325 1112 588 1182 -Aliisqtte
605 1119 874 1181 praeterea
902 1125 997 1165 sex
1023 1109 1293 1180 episcopis
1317 1109 1371 1163 in
1411 1125 1581 1164 unum
1628 1124 1930 1180 congrega-

343 1203 438 1268 tis,
473 1201 614 1256 facta
646 1200 878 1273 synodo,
911 1200 1119 1256 litteras
1149 1200 1430 1256 communi
1459 1201 1692 1256 consilio
1721 1202 1787 1256 ad
1825 1202 1928 1256 liu-

339 1295 566 1351 doxium
583 1304 636 1347 et
656 1291 846 1347 Marim
877 1293 1212 1347 direxerunt.
1230 1291 1286 1346 In
1313 1291 1514 1361 quibus
1531 1292 1926 1347 ordinationem

340 1387 484 1442 Aetii
513 1385 669 1441 velut
713 1384 990 1454 illegitime
1027 1383 1226 1438 factam
1282 1383 1631 1450 incusabant,
1664 1394 1717 1440 et
1743 1385 1930 1455 praeci-

309 1497 448 1552 pue
497 1479 643 1550 quod
681 1478 782 1532 ille
804 1485 933 1547 post
977 1475 1373 1546 depositionem
1399 1491 1429 1530 a
1455 1475 1768 1540 diaconatu,
1802 1492 1926 1530 cum

342 1572 422 1626 illi
450 1571 542 1642 qui
579 1584 702 1626 eum
736 1569 1123 1638 deposuerant,
1147 1567 1476 1623 sententiam
1514 1583 1668 1622 suam
1703 1567 1929 1622 minime

307 1671 716 1730 -revocassent,
749 1675 815 1717 ex
863 1675 929 1714 eo
959 1660 1129 1729 gradu
1180 1660 1524 1724 exturbatus,
1574 1660 1640 1712 ad
1678 1660 1929 1729 superio-

2034 475 2142 527 τῶν
2189 475 2287 545 οὐχ
2341 474 2612 544 ἑλομένων
2657 473 3142 543 καταψηφίσασθαι
3179 473 3431 530 Ἀετίου·
3473 477 3617 545 φίλον

2034 567 2248 621 δἀὐτὸν
2276 566 2482 621 παλαιά
2503 583 2562 619 τε
2596 567 2852 638 συνήθεια
2877 566 3071 633 ἐποίει,
3105 568 3200 622 καὶ
3224 569 3322 640 τῆς
3354 567 3618 642 ἐκθέσμου

2036 658 2311 721 πολιτείας
2346 658 2407 712 τὸ
2451 658 2919 731 ἀπαράλλακτον),
2954 651 3102 714 οὗτοι
3136 660 3200 733 δή
3242 660 3339 715 καί⁸
3371 655 3628 726 Αὐξιδιας

2034 750 2124 803 νὸν
2162 751 2572 821 ἐταιρισάμενοι
2611 747 2629 816 (
2641 751 2942 815 ἐπίσκοπος
2971 751 3018 805 δ’
3036 747 3105 824 ἦν
3127 752 3222 806 καὶ
3255 743 3414 816 οὗτος
3437 752 3619 825 ὥσπερ

2035 841 2334 908 κάκεῖνοι),
2368 841 2512 894 κατὰ
2539 840 2602 912 δὴ
2649 840 2746 896 τοῦ
2790 843 2996 896 Ἀετίου
3035 842 3132 896 καὶ
3172 843 3282 896 τῶν
3313 843 3442 915 περὶ
3479 844 3620 897 Κάν-

2033 931 2176 985 διδον
2207 931 2654 996 συσκευάζονται.
2685 933 2796 986 Καὶ
2831 932 2895 1004 δὴ
2927 933 3022 986 καὶ
3049 932 3274 1004 ἐτέρους
3299 933 3412 1004 (93)
3437 932 3499 998 ἓξ
3514 933 3620 988 τῶν

2035 1023 2356 1078 ἐπισκόπων
2382 1024 2862 1097 συναγειράμενοι,
2904 1021 3000 1078 καὶ
3035 1024 3318 1097 συνέδριον
3361 1026 3618 1080 καθίσαν-

2032 1132 2157 1178 τες,
2192 1118 2346 1187 κοινῇ
2390 1115 2557 1188 ψήφῳ
2587 1116 2822 1190 γράμμα
2875 1119 2987 1181 τοῖς
3037 1117 3166 1188 περὶ
3226 1116 3480 1182 Εὐδόξιον
3529 1118 3619 1172 καὶ

2034 1204 2216 1276 Μάριν
2247 1204 2669 1276 διαπέμπονται.
2705 1204 2778 1258 Τὸ
2811 1203 2868 1258 δὲ
2891 1205 3127 1276 γράμμα
3161 1205 3264 1276 τήν
3290 1220 3351 1257 τε
3385 1220 3622 1276 χειροτο-

2033 1295 2152 1349 νίαν
2167 1295 2360 1367 Ἀετίῳ
2382 1295 2642 1349 ἐπεκάλει
2660 1294 2810 1348 ὥσπε
2818 1313 2850 1368 ρ
2869 1295 3070 1367 θεσμὸν
3089 1295 3466 1367 γεγενημένην
3486 1295 3618 1366 (94),

2037 1388 2275 1458 μάλιστά
2303 1405 2368 1458 γε
2399 1389 2492 1442 καὶ
2519 1390 2599 1442 ὅτι
2651 1389 2791 1460 μετὰ
2819 1389 2918 1459 τὴν
2953 1387 3276 1458 καθαίρεσιν
3303 1389 3404 1460 τῆς
3439 1388 3618 1443 διαχορ

2033 1479 2171 1542 νίας.
2207 1479 2315 1533 τῶν
2349 1478 2687 1533 καθελόντων
2715 1481 2775 1532 οὐ
2808 1479 3126 1550 λυσαμένων
3152 1477 3252 1550 τὴν
3279 1466 3484 1550 ψῆφον,
3506 1481 3533 1532 ὁ
3562 1479 3618 1532 δὲ

2034 1567 2440 1638 καθελκόμενος
2470 1567 2582 1638 (95’)
2629 1568 2842 1622 ἐκεῖθεν
2891 1569 3045 1638 ὅμως
3088 1566 3185 1620 καὶ
3228 1567 3368 1638 πρὸς
3416 1568 3620 1638 βαθμὸν

2033 1659 2341 1730 ἀνεπήδησε
2378 1659 2620 1731 μείζονα.
2657 1659 2768 1712 Καὶ
2799 1659 2905 1730 μὴν
2937 1659 3032 1712 καὶ
3070 1658 3173 1722 τὰς
3197 1658 3327 1730 περὶ
3360 1659 3619 1713 Κάνδιδον

304 1777 308 1782 ·
341 1773 459 1814 rem
495 1754 848 1811 nihilominus
883 1752 1109 1823 gradum
1161 1752 1526 1823 prosiluisset.
1563 1750 1666 1806 Sed
1707 1761 1756 1807 et
1786 1752 1924 1806 Can-

2042 1755 2366 1826 ίειροτονίας
2407 1754 2834 1826 ἀπεδοκίμαζεν,
2865 1754 2941 1817 ὡς
2981 1753 3134 1826 παρὰ
3163 1753 3263 1825 τὴν
3292 1753 3477 1826 κοινὴν
3509 1753 3623 1823 (96)

343 1849 646 1918 didiatque
672 1845 891 1900 Arriani
914 1845 1289 1900 ordinationes
1316 1843 1717 1913 improbabant.
1743 1851 1929 1912 utpote

309 1959 314 1970 λ
344 1949 468 2006 quae
495 1935 632 1990 citra
665 1947 1016 1989 communem
1058 1947 1390 1988 consensum
1422 1941 1626 1986 temere
1659 1947 1928 2001 prorsum—

309 2039 452 2098 aptae
481 2025 714 2082 fuissent
745 2025 934 2090 ;alias
964 2024 1092 2079 item
1125 2039 1264 2094 quas
1303 2023 1495 2079 Aetius
1536 2023 1924 2079 eelebt'averat.

323 2119 631 2176 ‘Eudoxius
673 2133 810 2174 vero
849 2133 974 2172 cum
1034 2118 1178 2172 hanc
1229 2117 1513 2186 epistolam
1570 2117 1928 2172 libentissime

344 2210 692 2281 accepisset,
726 2220 1071 2265 sacramenta
1123 2207 1347 2278 quidem
1401 2206 1603 2277 quibus
1657 2207 1929 2264 Eunomio

343 2317 468 2358 sese
502 2301 898 2364 obstrinxerat,
927 2311 982 2354 et
1010 2299 1216 2353 litteras
1243 2313 1382 2369 quas
1411 2299 1477 2353 ad
1502 2298 1766 2354 Euzoium
1794 2300 1932 2354 scri-

332 2399 552 2465 pserat,
605 2393 910 2462 multasque
943 2402 996 2446 et
1031 2391 1213 2444 varias
1254 2388 1677 2458 pollicitationes
1728 2391 1930 2461 quibus

334 2487 505 2542 ﬁdem
550 2500 706 2541 suam
763 2485 1122 2555 obligaverat,
1155 2484 1467 2540 nullatenus
1501 2486 1555 2538 in
1605 2484 1927 2538 memoriam

330 2593 500 2634 suam
525 2577 824 2633 revocavit.
869 2576 951 2630 Ad
977 2575 1347 2631 Theodosium
1382 2585 1562 2630 autem
1593 2590 1802 2644 eosque
1836 2575 1929 2645 qui

2031 1847 2486 1920 νεωτερισθείσας
2519 1847 2747 1920 γνώμην
2768 1864 2782 1877 '
2817 1848 2955 1903 ἀλλὰ
2978 1849 3087 1918 γὰρ
3129 1848 3223 1902 καὶ
3247 1847 3346 1911 τὰς
3370 1847 3537 1910 ἄλλας
3553 1849 3620 1910 ἃς

2031 1939 2080 1992 οἱ
2103 1940 2230 2010 περὶ
2263 1938 2466 1992 Ἀέτιον
2496 1938 2837 1992 ἐτελέσαντο.
2870 1937 3180 2008 Δεξάμενος
3197 1937 3254 1990 δὲ
3274 1935 3373 2006 τὴν
3405 1937 3624 1988 ἐπιπο-

2030 2028 2127 2100 λὴν
2145 2029 2379 2100 ἄσμενος
2409 2029 2437 2081 ὁ
2470 2029 2746 2097 Εὒωξιος,
2773 2027 2883 2082 τῶν
2913 2028 3012 2098 μὲν
3042 2029 3220 2099 ὅρκων
3241 2025 3336 2090 οὓς
3372 2025 3625 2096 Εὐνομίφ

2031 2119 2344 2193 όμώμοστο,
2383 2121 2478 2175 καὶ
2512 2121 2621 2174 τῶν
2662 2120 2799 2192 πρὸς
2833 2118 3073 2184 Εὐζὼῖον
3118 2118 3488 2190 γραμμάτων,
3529 2117 3651 2170 acab

2031 2212 2141 2266 τῶν
2169 2212 2378 2266 πολλῶν
2408 2211 2574 2266 αὑτοῦ
2598 2214 2693 2266 καὶ
2731 2212 2994 2266 ποικίλων
3018 2201 3388 2283 ὑποσχέσεων,
3407 2209 3623 2263 τούτων

2033 2303 2185 2357 οὐδὲν
2215 2303 2309 2357 ἐπὶ
2337 2302 2462 2357 νοῦν
2505 2303 2814 2375 ἐλάμϐανεν
2838 2343 2852 2366 ,
2882 2303 3207 2375 ἀντιγράφει
3237 2302 3296 2356 δὲ
3329 2301 3465 2373 πρὸς
3499 2301 3625 2364 τοὺς

2034 2396 2162 2464 περὶ
2191 2394 2490 2460 Θεοδόσιον,
2537 2394 2851 2467 ἐποτρύνων
2895 2394 3095 2455 αὐτοὺς
3128 2395 3209 2457 είς
3250 2393 3351 2462 τὴν
3398 2393 3621 2462 πρᾶξιν.

2038 2487 2240 2557 μᾶλλον
2282 2486 2339 2539 δὲ
2387 2486 2779 2557 ὑποτιθέμενος
2827 2488 3028 2558 χωρεῖν
3081 2486 3226 2540 κατὰ
3281 2484 3392 2539 τῶν
3444 2499 3623 2555 παρα-

2036 2575 2295 2647 σχόντων,
2328 2577 2361 2648 ἥ
2383 2577 2492 2629 τῶν
2521 2576 2836 2646 δεξαμένων
2863 2575 2962 2638 τὰς
2989 2575 3350 2648 χειροτονίας.

342 2685 471 2726 cum
501 2669 595 2724 illo
623 2677 782 2724 erant
803 2669 1108 2738 rescripsit,
1142 2669 1380 2724 incitans
1428 2668 1554 2724 illos
1584 2668 1651 2722 ad
1681 2682 1796 2722 rem
1845 2676 2068 2724 strenue
2112 2668 2544 2738 exsequendum,
2598 2683 2942 2738 monensque
2998 2677 3056 2722 ιιι
3097 2668 3150 2721 iu
3181 2683 3276 2722 eos
3324 2676 3505 2737 potius
3528 2663 3623 2738 (iiii

335 2763 731 2820 ordinationes
771 2761 1033 2827 fecerant,
1065 2778 1230 2833 quam
1275 2763 1331 2817 in
1377 2762 1500 2817 illos
1531 2763 1626 2832 qui
1682 2773 2058 2832 susceperant,
2087 2763 2605 2836 animadverterent.

401 2856 470 2912 5.
504 2855 761 2912 Iovianus
793 2857 924 2924 imp.
955 2856 1202 2910 ecclesias
1235 2855 1490 2909 restituit.
1519 2883 1591 2894 —-
1621 2854 1925 2926 Imperator

341 2949 607 3006 Jovianus
644 2948 937 3019 pristinum
966 2948 1174 3003 cultum
1221 2945 1458 3002 restituit
1483 2945 1748 3011 ecclesiis,
1778 2947 1924 3002 omni

2100 2861 2162 2908 ε’.
2187 2854 2310 2908 Ὅτι
2339 2856 2367 2906 ὁ
2387 2853 2642 2924 βασιλεὺς
2674 2851 2946 2916 Ἰωϐιανὸς
2967 2851 3060 2906 τὸν
3074 2852 3300 2923 ἀρχαῖον
3321 2851 3524 2923 κόσμον
3540 2854 3622 2921 (α)

2029 2945 2436 3016 ἀποκαθίστησι
2474 2948 2597 3009 ταῖς
2617 2944 2989 3014 Ἐκκλησίαις.
3023 2945 3202 3015 πάσης
3249 2941 3419 3006 αὐτὰς
3449 2943 3624 2998 ἀπαλ-

341 3058 439 3099 eas
463 3042 750 3098 vexatione
783 3041 1034 3095 liberans
1060 3054 1224 3108 quam
1273 3039 1531 3108 Apostata
1571 3036 1818 3093 Julianus
1849 3040 1924 3108 ip-

2042 3037 2202 3104 λάξας
2226 3035 2511 3106 ἐπηρείας,
2533 3037 2666 3105 ὅσην
2701 3036 2886 3097 αὐταῖς
2899 3037 2926 3088 ό
2941 3035 3274 3103 Ἀποστᾶτης
3292 3035 3618 3105 ἐπήνεγκεν.

345 3134 424 3190 sis
453 3132 731 3188 intulerat.
773 3129 1072 3185 Revocavit
1101 3131 1263 3185 etiam
1295 3130 1365 3184 ab
1404 3129 1602 3185 exsilio
1649 3145 1928 3199 quoscun-

342 3240 452 3295 que
490 3224 585 3280 ille
611 3223 968 3294 relegaverat,
1001 3235 1283 3291 prepterea
1327 3221 1472 3292 quod
1518 3221 1772 3291 pietatem
1805 3236 1933 3289 pro-

343 3317 475 3373 dere
519 3315 826 3371 noluissent
858 3331 872 3369 :
901 3329 1134 3383 quorum
1179 3329 1244 3368 ex
1282 3329 1511 3368 numero
1559 3312 1660 3367 fuit
1698 3312 1934 3368 Valenti-

316 3409 567 3475 .nianus,
600 3406 692 3478 qui
723 3417 835 3461 tum
873 3421 904 3460 a
936 3403 1138 3461 Thebis
1179 3404 1450 3477 Egyptiis
1479 3420 1733 3462 reversus
1773 3416 1875 3460 est.

2051 3127 2430 3183 Ἀνακαλείται
2475 3127 2534 3182 δὲ
2578 3128 2672 3181 καὶ
2702 3125 2797 3191 οὓς
2843 3128 3051 3190 ἐκεῖνος
3097 3127 3198 3196 τῆς
3240 3125 3523 3191 εὐσεσείας
3557 3128 3623 3182 οὐ

2043 3219 2401 3291 μεθιεμένους
2431 3219 2768 3288 ἐφυγάδευσε
2791 3235 2806 3248 ·
2829 3218 3035 3272 τούτων
3057 3219 3152 3300 καὶ
3177 3218 3624 3283 Οὐαλεντινιανδς

2038 3309 2129 3384 ἦν,
2160 3312 2269 3368 ἀπὸ
2283 3312 2479 3383 Θηϐῶν
2508 3312 2616 3366 τῶν
2656 3310 2968 3380 Αἰγυπτίων
2993 3310 3477 3383 ἀνακομιζόμενος.

1578 3579 1822 3624 VALESII
1860 3578 2366 3624 ANNGTATIONES.

321 3695 488 3753 κατὰ
528 3694 732 3750 Ἀετίου
764 3692 930 3763 τόμον
958 3690 1223 3758 nominat;
1247 3691 1470 3763 perinde
1499 3691 1634 3763 asin
1658 3691 1762 3763 hoc
1783 3690 1923 3745 loco.

345 3766 688 3838 T6pov_enim
729 3761 1203 3838 vocaresolebattt
1236 3762 1542 3838 epistolam.
1583 3761 1676 3816 Sic
1703 3762 1755 3814 in
1795 3776 1923 3838 con-

345 3831 475 3892 cilio
507 3833 1220 3914 Chalcedpnensinepoistola
1274 3831 1476 3914 Leonis
1517 3845 1691 3914 papae"
1721 3831 1925 3912 passim

345 3919 528 3962 tomus
577 3903 900 3984 appellatur.
948 3900 1110 3984 Et'itt
1153 3902 1460 3984 canonibus
1501 3900 1694 3972 synodi
1740 3901 1929 3980 prima:

341 3977 450 4033 CP.
475 3985 657 4031 tomus
683 3971 1115 4028 Occtdentaltttm
1152 3974 1287 4026 nthtl
1327 3970 1475 4026 altud
1515 3980 1598 4026 est
1626 3986 1788 4039 quam
1815 3986 1929 4038 ept-

336 4017 1367 4114 ἔιὶὶἴὸὀῖιῖεέἶιιὲιῖεεξῖιἱῖὲὶἰιίῖηοίιιῖί
1392 4017 1447 4096 tit
1468 4017 1930 4096 Auitoi'ationtb’us

336 4117 414 4170 ad
452 4114 863 4170 Theodoritum.

417 4185 533 4268 (92>
557 4184 728 4268 ,ςάδφ
753 4177 1922 4268 ectrwedierss-Asssnwr993399919:

339 4251 440 4324 qui
475 4251 653 4324 Φοίδῳ
680 4253 1009 4324 emendavit,
1035 4261 1090 4324 et
1126 4251 1392 4324 Ifhmbum
1426 4253 1574 4324 hunc
1601 4251 1920 4324 episcopum

340 4317 518 4379 fuisse
549 4317 941 4378 Poluchalandi
969 4322 1122 4376 urbis
1142 4321 1327 4388 Lydiae
1355 4319 1568 4375 monuit
1591 4317 1658 4373 ex
1682 4317 1922 4388 Epipha-

346 4394 462 4449 nio.
488 4391 596 4448 Sed
627 4391 774 4449 quod
813 4391 956 4446 idem
1001 4389 1372 4446 Gothofredus
1411 4390 1562 4444 addit
1593 4389 1647 4442 in
1685 4389 1922 4443 Annota-

2036 3691 2204 3772 igitur
2233 3692 2347 3745 haec
2381 3689 2628 3761 synodus
2656 3688 3036 3771 episcoporum
3076 3705 3271 3746 novem
3325 3691 3626 3772 provincia

2032 3760 2236 3832 Lydiae.
2274 3758 2783 3832 NamATheodosnts
2817 3776 3090 3832 una_cum
3128 3760 3338 3816 Phoebo
3358 3771 3411 3815 et
3445 3761 3622 3816 Auxa-

2032 3828 2199 3902 diano
2227 3845 2321 3902 sex
2359 3830 2498 3902 alios
2529 3829 2818 3902 episcopus
2839 3844 2902 3883 ex
2939 3828 3133 3902 Lydia,
3155 3842 3252 3886 aut
3274 3847 3340 3887 ex
3371 3832 3626 3887 ﬁnitimis

2031 3901 2329 3969 provinciis
2360 3901 2414 3954 in
2445 3915 2610 3954 unum
2641 3900 2999 3970 collegerant.

2101 3970 2213 4040 (94)
2253 3971 2479 4040 Ὥσπερ
2525 3969 2752 4040 θεσμὸν
2798 3969 3227 4040 γεγενημένην.
3258 3969 3620 4027 Scrihendum

2031 4039 2537 4113 estproculdubio
2568 4039 2644 4113 ᾡς
2681 4039 3063 4113 παρὰ-θεσμὸν
3101 4043 3502 4113 γεγενημένην.
3538 4043 3621 4097 Ita

2033 4108 2433 4180 Philostorgius
2459 4110 2704 4180 loquitur
2738 4108 2901 4179 paulo
2932 4108 3056 4180 post
3081 4108 3147 4165 de
3176 4108 3623 4168 Ordinationilms

2031 4179 2260 4254 candidi
2295 4177 2348 4233 et
2376 4177 2605 4254 _Arriani
2633 4197 2647 4233 :
2677 4177 2752 4243 ὡς
2801 4177 2951 4250 παρᾶ
2992 4180 3093 4251 τὴν
3137 4181 3322 4250 κοινὴν
3369 4198 3624 4254 νεωτερι-

2034 4249 2263 4322 elisisse
2291 4247 2538 4322 γνώμην-

2102 4319 2238 4391 (95)_
2252 4320 2305 4371 '0
2337 4318 2483 4391 δέον
2501 4319 2962 4391 καθεᾼκόμενος.
2983 4319 3048 4391 ln
3069 4321 3456 4391 manuscriptis
3472 4322 3626 4377 codi-

2029 4389 2185 4445 cibus
2210 4389 2553 4444 Scoriacensi
2575 4399 2629 4443 et
2652 4389 3016 4445 Bochartiano
3041 4390 3127 4446 hic
3157 4393 3308 4446 locus
3325 4389 3398 4445 ita
3422 4393 3624 4448 scribi-

347 4462 611 4527 tionibus,
635 4453 904 4531 Phoebum
939 4461 1083 4514 hunc
1109 4460 1346 4514 amicum
1388 4460 1558 4531 fuisse
1584 4457 1748 4531 Aetii,
1777 4470 1923 4531 errat
1955 4453 1998 4507 D
2031 4471 2150 4514 tur:
2172 4459 2708 4531 ὁδὲκαθελκόμενος,
2731 4469 2860 4526 etc.,
2888 4461 3062 4531 magis
3090 4471 3270 4516 tamen
3305 4467 3480 4531 probo
3500 4463 3628 4517 vul-

348 4542 465 4587 toto
492 4533 652 4588 coelo.
681 4529 871 4600 Neque
907 4531 1053 4584 enim
1080 4531 1272 4600 AAetii,
1315 4529 1412 4585 sed
1445 4527 1740 4584 Theodosii
1781 4530 1922 4583 ami-

347 4618 471 4659 cum
505 4604 658 4658 illum
692 4598 865 4656 fuisse
914 4600 1046 4655 dicit
1073 4598 1472 4670 Philostorgius
1493 4637 1508 4663 ,
1536 4607 1648 4652 tttm
1680 4601 1925 4670 obvete-

346 4688 462 4728 rem
497 4671 974 4732 consuetudinem,
1009 4677 1124 4724 tum
1152 4671 1222 4724 ob
1253 4669 1374 4725 vitae
1402 4684 1467 4723 ac
1497 4683 1711 4722 morum
1739 4669 1929 4722 simili-

335 4743 617 4797 tudinem.
658 4739 715 4795 l‘d
761 4741 912 4796 enim
953 4740 1263 4808 signiﬁcant
1304 4741 1418 4795 haec
1461 4739 1662 4808 verba,
1695 4739 1790 4808 καὶ
1826 4737 1926 4808 τῆς

329 4811 619 4882 εέκθέσμου
665 4807 1049 4882 πολιτείοις-τδ-
1089 4809 1527 4882 ἀπαράλλακτον.
1574 4807 1707 4872 Quae
1739 4807 1927 4882 Philo-

331 4877 537 4951 storgii
563 4881 727 4936 verba
755 4878 1122 4951 Gothofredus
1146 4877 1604 4951 in'prodigiosurn
1635 4877 1926 4951 quemdam

345 4947 571 5074 iens'um
613 4951 864 5017 deletsit,
899 4963 956 5004 ut
979 4950 1162 5003 videre
1187 4947 1270 5003 est
1308 4951 1361 5003 in
1392 4947 1512 5018 ejus
1538 4947 1925 5002 Annotationt~

389 5035 469 5074 us.

389 5035 469 5074 US.

427 5088 544 5169 (95)
586 5089 690 5169 Kal
826 5089 924 5169 real
954 5087 1194 5169 ἐτέρους
1215 5084 1477 5167 615.11}th
1501 5087 1677 5169 locum
1711 5103 1774 5169 ett
1804 5101 1923 5169 ma-

344 5155 650 5226 nuscriptis
685 5155 988 5224 codicibus,
1034 5155 1378 5213 Scoriacensi
1412 5157 1683 5226 rvidelicet
1725 5166 1780 5212 et
1820 5155 1926 5208 Bo-

346 5225 654 5293 chartiano,
681 5229 966 5284 emendavi
1028 5228 1082 5281 in
1119 5227 1267 5282 hunc
1300 5225 1519 5279 modum
1552 5245 1564 5279 :
1601 5227 1693 5280 καὶ
1729 5225 1925 5296 δὴῌκαὶ

345 5295 570 5368 ἑτέρους
602 5297 661 5362 ἒξ
677 5297 784 5351 τῶν
816 5297 1128 5350 ἐπισκόπων
1157 5297 1630 5367 συναγειράμενοι,
1665 5294 1839 5350 ειο.Ἑ
1847 5297 1923 5349 uit

2068 4539 2213 4602 atam
2250 4530 2599 4602 scripturam,
2633 4545 2824 4602 quam
2847 4532 2926 4585 sic
2971 4530 3319 4600 interpretor.
3361 4530 3620 4602 Episcopi

2032 4548 2213 4652 Emam
2250 4548 2599 4598 scripturam,
2633 4548 2798 4599 quam
2847 4548 2926 4585 src
2971 4548 3319 4600 Interpretor.
3361 4548 3620 4602 LPISCOPI

2086 4600 2631 4672 ydiaeurdinationem
2650 4601 2787 4654 Aetii
2814 4600 3158 4672 incusabant.
3180 4609 3293 4655 tum
3316 4604 3464 4671 quod
3490 4618 3624 4656 con-

2035 4670 2117 4724 tra
2133 4685 2372 4724 canones
2390 4670 2536 4741 facta
2550 4678 2718 4736 esset,
2757 4678 2870 4741 tum
2897 4670 3168 4741 praecipue
3183 4685 3248 4724 eo
3265 4670 3410 4741 quod
3424 4673 3620 4728 Aetius

2037 4749 2161 4808 post
2213 4739 2575 4808 depositionis
2624 4739 2951 4794 sententiain
3001 4741 3055 4793 in
3091 4739 3617 4810 ipsum'prolatam,

2033 4819 2327 4878 antequam
2383 4810 2627 4879 episcopi
2677 4811 2770 4878 qui
2822 4825 2950 4864 eum
2994 4810 3284 4864 diaeonatu
3323 4824 3616 4875 exuerant,

2036 4879 2213 4947 ipsum
2266 4878 2661 4944 restituisseut,
2695 4879 2854 4933 sicuti
2899 4881 3014 4934 fieri
3055 4882 3367 4947 oportebat,
3413 4883 3621 4935 nihilo-

2036 4949 2217 5002 minus
2240 4947 2308 5001 ad
2335 4948 2593 5018 majorem
2624 4948 2851 5017 gradum
2871 4958 3155 5017 promotus
3176 4947 3390 5006 fuisset.
3415 4953 3481 5004 ⁸0
3495 4951 3620 5006 δέον

2034 5017 2210 5088 ἱεὶιυιῖ
2229 5018 2368 5071 idem
2396 5019 2540 5072 valet
2568 5033 2653 5081 ac,
2681 5018 2817 5088 ὅπερ
2852 5019 2980 5071 ἔδει.

2107 5087 2220 5157 (96)
2265 5088 2358 5154 Ὠς
2392 5088 2524 5158 περί
2559 5087 2674 5154 τὴν
2710 5086 2945 5155 κοινήν.
2993 5086 3048 5140 In
3084 5091 3461 5158 manuscripto
3513 5107 3616 5146 co-

2033 5155 2154 5211 dice
2177 5159 2449 5212 Samuelis
2493 5157 2749 5212 Bocharti
2776 5159 2842 5212 ad
2875 5159 3173 5227 marginem
3205 5155 3463 5213 notantur
3496 5160 3623 5216 bzec

2032 5227 2218 5290 verba,
2249 5226 2378 5308 ἴσως
2424 5229 2594 5308 παρά.
2629 5228 2760 5293 Quae
2792 5226 3020 5299 quidem
3042 5230 3351 5284 emendatio
3387 5244 3622 5300 prorsus

2034 5307 2342 5353 necessaria
2372 5307 2475 5352 est.

1817 5430 2143 5476 VARIORUM
2153 5462 2166 5476 .

416 5536 496 5609 (a)
525 5535 636 5592 Τὸν
661 5535 912 5609 ἀρχαῖος
939 5535 1190 5609 κόσμον.
1228 5532 1478 5609 intelligit
1511 5549 1619 5609 non
1649 5531 1813 5588 modo
1834 5549 1920 5586 ve-

2042 5547 2096 5609 tt)
2127 5534 2403 5609 _l_3c_cles_iis
2462 5534 2940 5609 abstulerat_.__Vid.
2986 5536 3118 5591 Zoz.
3160 5539 3254 5594 lib.
3289 5553 3365 5603 Vl,
3399 5553 3514 5607 cap.
3548 5537 3615 5593 ‘5.

342 5604 507 5663 mem
526 5604 772 5662 ornatum
796 5608 850 5662 in
871 5604 1146 5660 Ecclesias
1171 5604 1460 5672 collatum;
1492 5605 1586 5660 sed
1607 5613 1660 5657 et
1673 5617 1918 5672 annonae

343 5678 717 5749 praebitiouem
759 5690 813 5736 et
845 5675 1255 5746 immunitates;
1285 5689 1408 5745 quae
1448 5671 1636 5731 Omnia
1663 5671 1914 5729 Julianus

2029 5603 2101 5659 De
2127 5604 2512 5679 Valentiniano
2537 5621 2736 5679 supra,
2759 5606 2856 5679 ιη).
2883 5623 2980 5666 vn.
3013 5623 3133 5679 cap.
3172 5609 3222 5676 7,
3263 5619 3318 5666 et
3349 5603 3616 5666 $01.11!}.

2022 5689 2096 5744 vt,
2128 5690 2246 5746 cap.
2285 5673 2339 5734 6,
2373 5673 2495 5730 Jac.
2535 5673 2911 5745 Gotlwfred.in
2949 5679 3050 5731 loc.
