  <div class='ocr_page' id='page_1' title='image "/cluster/home/n/w/nwhite01/storage/ocr_20150623/65/hvd.32044014812317/287.png"; bbox 0 0 3842 6306; ppageno 0'>
   <div class='ocr_carea' id='block_1_1' title="bbox 336 305 447 365">
    <p class='ocr_par' dir='ltr' id='par_1_1' title="bbox 336 305 447 365">
     <span class='ocr_line' id='line_1_1' title="bbox 336 305 447 365; baseline -0.018 -1"><span class='ocrx_word' id='word_1_1' title='bbox 336 305 447 365; x_wconf 77' lang='lat'><strong>5&#39;35</strong></span> 
     </span>
    </p>
   </div>
   <div class='ocr_carea' id='block_1_2' title="bbox 1736 300 2223 362">
    <p class='ocr_par' dir='ltr' id='par_1_2' title="bbox 1736 300 2223 362">
     <span class='ocr_line' id='line_1_2' title="bbox 1736 300 2223 362; baseline 0.006 -6"><span class='ocrx_word' id='word_1_2' title='bbox 1736 300 2223 362; x_wconf 80' lang='lat' dir='ltr'><strong>PHILOSTORGII</strong></span> 
     </span>
    </p>
   </div>
   <div class='ocr_carea' id='block_1_3' title="bbox 3506 299 3609 356">
    <p class='ocr_par' dir='ltr' id='par_1_3' title="bbox 3506 299 3609 356">
     <span class='ocr_line' id='line_1_3' title="bbox 3506 299 3609 356; baseline 0 0"><span class='ocrx_word' id='word_1_3' title='bbox 3506 299 3609 356; x_wconf 62' lang='grc'><strong>568</strong></span> 
     </span>
    </p>
   </div>
   <div class='ocr_carea' id='block_1_4' title="bbox 335 416 1949 494">
    <p class='ocr_par' dir='ltr' id='par_1_4' title="bbox 335 417 1949 491">
     <span class='ocr_line' id='line_1_4' title="bbox 335 417 1949 491; baseline -0.001 -16"><span class='ocrx_word' id='word_1_4' title='bbox 335 421 607 491; x_wconf 85' lang='lat' dir='ltr'><strong>positum,</strong></span> <span class='ocrx_word' id='word_1_5' title='bbox 661 425 722 474; x_wconf 87' lang='lat' dir='ltr'><strong>ut</strong></span> <span class='ocrx_word' id='word_1_6' title='bbox 781 425 1089 474; x_wconf 82' lang='lat' dir='ltr'><strong>consortem</strong></span> <span class='ocrx_word' id='word_1_7' title='bbox 1139 417 1351 488; x_wconf 90' lang='lat' dir='ltr'><strong>imperii</strong></span> <span class='ocrx_word' id='word_1_8' title='bbox 1413 419 1515 473; x_wconf 87' lang='lat' dir='ltr'><strong>sibi</strong></span> <span class='ocrx_word' id='word_1_9' title='bbox 1571 418 1949 489; x_wconf 34' lang='lat' dir='ltr'><strong>adjungereth</strong></span> 
     </span>
    </p>
   </div>
   <div class='ocr_carea' id='block_1_5' title="bbox 2065 416 3615 494">
    <p class='ocr_par' dir='ltr' id='par_1_5' title="bbox 2065 416 3615 494">
     <span class='ocr_line' id='line_1_5' title="bbox 2065 416 3615 494; baseline -0.003 -20"><span class='ocrx_word' id='word_1_10' title='bbox 2065 423 2166 494; x_wconf 80' lang='grc' dir='ltr'>ειρὶ</span> <span class='ocrx_word' id='word_1_11' title='bbox 2189 421 2292 492; x_wconf 85' lang='grc' dir='ltr'>μὲν</span> <span class='ocrx_word' id='word_1_12' title='bbox 2318 423 2476 494; x_wconf 79' lang='grc' dir='ltr'>σιγᾷν</span> <span class='ocrx_word' id='word_1_13' title='bbox 2497 421 2695 486; x_wconf 74' lang='grc' dir='ltr'>αὐτοὺς</span> <span class='ocrx_word' id='word_1_14' title='bbox 2730 419 3038 491; x_wconf 77' lang='grc' dir='ltr'><strong>ἐπιτρέπει,</strong></span> <span class='ocrx_word' id='word_1_15' title='bbox 3077 418 3293 490; x_wconf 77' lang='grc' dir='ltr'>ἀτρέμα</span> <span class='ocrx_word' id='word_1_16' title='bbox 3313 417 3371 470; x_wconf 78' lang='grc' dir='ltr'>δὲ</span> <span class='ocrx_word' id='word_1_17' title='bbox 3403 416 3498 468; x_wconf 72' lang='grc' dir='ltr'>καὶ</span> <span class='ocrx_word' id='word_1_18' title='bbox 3516 416 3615 486; x_wconf 78' lang='grc' dir='ltr'><strong>βσ-</strong></span> 
     </span>
    </p>
   </div>
   <div class='ocr_carea' id='block_1_6' title="bbox 338 509 1910 582">
    <p class='ocr_par' dir='ltr' id='par_1_6' title="bbox 338 509 1910 582">
     <span class='ocr_line' id='line_1_6' title="bbox 338 509 1910 582; baseline -0.001 -18"><span class='ocrx_word' id='word_1_19' title='bbox 338 511 660 582; x_wconf 85' lang='lat' dir='ltr'><strong>imperator,</strong></span> <span class='ocrx_word' id='word_1_20' title='bbox 686 510 900 566; x_wconf 86' lang='lat' dir='ltr'><strong>sublata</strong></span> <span class='ocrx_word' id='word_1_21' title='bbox 925 509 1288 574; x_wconf 86' lang='lat' dir='ltr'><strong>manu,silere</strong></span> <span class='ocrx_word' id='word_1_22' title='bbox 1317 525 1410 564; x_wconf 86' lang='lat' dir='ltr'><strong>eos</strong></span> <span class='ocrx_word' id='word_1_23' title='bbox 1433 509 1617 580; x_wconf 89' lang='lat' dir='ltr'><strong>jussit,</strong></span> <span class='ocrx_word' id='word_1_24' title='bbox 1651 525 1749 564; x_wconf 90' lang='lat' dir='ltr'><strong>nec</strong></span> <span class='ocrx_word' id='word_1_25' title='bbox 1776 510 1910 563; x_wconf 83' lang='lat' dir='ltr'><strong>ulla-</strong></span> 
     </span>
    </p>
   </div>
   <div class='ocr_carea' id='block_1_7' title="bbox 340 601 1916 672">
    <p class='ocr_par' dir='ltr' id='par_1_7' title="bbox 340 601 1916 672">
     <span class='ocr_line' id='line_1_7' title="bbox 340 601 1916 672; baseline 0 -16"><span class='ocrx_word' id='word_1_26' title='bbox 340 613 500 660; x_wconf 87' lang='lat' dir='ltr'><strong>tenus</strong></span> <span class='ocrx_word' id='word_1_27' title='bbox 530 602 878 668; x_wconf 88' lang='lat' dir='ltr'><strong>conterritus,</strong></span> <span class='ocrx_word' id='word_1_28' title='bbox 910 601 1174 672; x_wconf 77' lang='lat' dir='ltr'><strong>imperiali</strong></span> <span class='ocrx_word' id='word_1_29' title='bbox 1213 603 1518 657; x_wconf 72' lang='lat' dir='ltr'><strong>constantia</strong></span> <span class='ocrx_word' id='word_1_30' title='bbox 1551 603 1629 658; x_wconf 90' lang='lat' dir='ltr'><strong>sic</strong></span> <span class='ocrx_word' id='word_1_31' title='bbox 1654 617 1748 658; x_wconf 92' lang='lat' dir='ltr'><strong>eos</strong></span> <span class='ocrx_word' id='word_1_32' title='bbox 1781 602 1916 657; x_wconf 89' lang='lat' dir='ltr'><strong>allo-</strong></span> 
     </span>
    </p>
   </div>
   <div class='ocr_carea' id='block_1_8' title="bbox 341 691 1912 764">
    <p class='ocr_par' dir='ltr' id='par_1_8' title="bbox 341 691 1912 764">
     <span class='ocr_line' id='line_1_8' title="bbox 341 691 1912 764; baseline -0.002 -15"><span class='ocrx_word' id='word_1_33' title='bbox 341 704 500 750; x_wconf 93' lang='lat' dir='ltr'><strong>cutus</strong></span> <span class='ocrx_word' id='word_1_34' title='bbox 532 705 613 750; x_wconf 89' lang='lat' dir='ltr'><strong>est</strong></span> <span class='ocrx_word' id='word_1_35' title='bbox 642 711 657 749; x_wconf 89' lang='lat'><strong>:</strong></span> <span class='ocrx_word' id='word_1_36' title='bbox 687 693 862 749; x_wconf 82' lang='lat' dir='ltr'><strong>Vestri</strong></span> <span class='ocrx_word' id='word_1_37' title='bbox 902 693 1121 764; x_wconf 88' lang='lat' dir='ltr'><strong>quidem</strong></span> <span class='ocrx_word' id='word_1_38' title='bbox 1155 693 1368 748; x_wconf 85' lang='lat' dir='ltr'><strong>arbitrii</strong></span> <span class='ocrx_word' id='word_1_39' title='bbox 1403 708 1467 746; x_wconf 91' lang='lat' dir='ltr'><strong>ac</strong></span> <span class='ocrx_word' id='word_1_40' title='bbox 1513 692 1754 762; x_wconf 68' lang='lat' dir='ltr'><strong>suffragii</strong></span> <span class='ocrx_word' id='word_1_41' title='bbox 1789 691 1912 757; x_wconf 89' lang='lat' dir='ltr'><strong>fuit,</strong></span> 
     </span>
    </p>
   </div>
   <div class='ocr_carea' id='block_1_9' title="bbox 339 785 1918 856">
    <p class='ocr_par' dir='ltr' id='par_1_9' title="bbox 339 785 1918 856">
     <span class='ocr_line' id='line_1_9' title="bbox 339 785 1918 856; baseline -0.001 -15"><span class='ocrx_word' id='word_1_42' title='bbox 339 797 402 842; x_wconf 93' lang='lat' dir='ltr'><strong>ut</strong></span> <span class='ocrx_word' id='word_1_43' title='bbox 429 803 514 841; x_wconf 88' lang='lat' dir='ltr'><strong>me</strong></span> <span class='ocrx_word' id='word_1_44' title='bbox 545 803 611 841; x_wconf 77' lang='lat' dir='ltr'><strong>ex</strong></span> <span class='ocrx_word' id='word_1_45' title='bbox 655 787 868 856; x_wconf 89' lang='lat' dir='ltr'><strong>privato</strong></span> <span class='ocrx_word' id='word_1_46' title='bbox 907 786 1290 855; x_wconf 79' lang='lat' dir='ltr'><strong>imperatorem</strong></span> <span class='ocrx_word' id='word_1_47' title='bbox 1333 786 1628 848; x_wconf 83' lang='lat' dir='ltr'><strong>crearetis;</strong></span> <span class='ocrx_word' id='word_1_48' title='bbox 1663 785 1918 854; x_wconf 85' lang='lat' dir='ltr'><strong>deinceps</strong></span> 
     </span>
    </p>
   </div>
   <div class='ocr_carea' id='block_1_10' title="bbox 339 876 1918 946">
    <p class='ocr_par' dir='ltr' id='par_1_10' title="bbox 339 876 1918 946">
     <span class='ocr_line' id='line_1_10' title="bbox 339 876 1918 946; baseline 0.003 -20"><span class='ocrx_word' id='word_1_49' title='bbox 339 892 470 932; x_wconf 77' lang='lat' dir='ltr'><strong>vero</strong></span> <span class='ocrx_word' id='word_1_50' title='bbox 497 877 629 946; x_wconf 92' lang='lat' dir='ltr'><strong>quid</strong></span> <span class='ocrx_word' id='word_1_51' title='bbox 656 876 966 932; x_wconf 85' lang='lat' dir='ltr'><strong>faciendum</strong></span> <span class='ocrx_word' id='word_1_52' title='bbox 991 877 1062 932; x_wconf 89' lang='lat' dir='ltr'><strong>sit</strong></span> <span class='ocrx_word' id='word_1_53' title='bbox 1093 876 1359 946; x_wconf 87' lang='lat' dir='ltr'><strong>dispicere</strong></span> <span class='ocrx_word' id='word_1_54' title='bbox 1384 892 1446 930; x_wconf 90' lang='lat' dir='ltr'><strong>ac</strong></span> <span class='ocrx_word' id='word_1_55' title='bbox 1473 876 1784 943; x_wconf 81' lang='lat' dir='ltr'><strong>disponere,</strong></span> <span class='ocrx_word' id='word_1_56' title='bbox 1811 892 1918 930; x_wconf 90' lang='lat' dir='ltr'><strong>non</strong></span> 
     </span>
    </p>
   </div>
   <div class='ocr_carea' id='block_1_11' title="bbox 340 965 1922 1037">
    <p class='ocr_par' dir='ltr' id='par_1_11' title="bbox 340 965 1922 1037">
     <span class='ocr_line' id='line_1_11' title="bbox 340 965 1922 1037; baseline 0.001 -19"><span class='ocrx_word' id='word_1_57' title='bbox 340 980 531 1019; x_wconf 91' lang='lat' dir='ltr'><strong>eorum</strong></span> <span class='ocrx_word' id='word_1_58' title='bbox 573 966 667 1036; x_wconf 90' lang='lat' dir='ltr'><strong>qui</strong></span> <span class='ocrx_word' id='word_1_59' title='bbox 711 966 942 1036; x_wconf 90' lang='lat' dir='ltr'><strong>imperio</strong></span> <span class='ocrx_word' id='word_1_60' title='bbox 975 966 1202 1037; x_wconf 85' lang='lat' dir='ltr'><strong>subjecti</strong></span> <span class='ocrx_word' id='word_1_61' title='bbox 1246 975 1395 1026; x_wconf 92' lang='lat' dir='ltr'><strong>sunt,</strong></span> <span class='ocrx_word' id='word_1_62' title='bbox 1435 966 1526 1020; x_wconf 91' lang='lat' dir='ltr'><strong>sed</strong></span> <span class='ocrx_word' id='word_1_63' title='bbox 1578 965 1922 1034; x_wconf 89' lang='lat' dir='ltr'><strong>imperatoris</strong></span> 
     </span>
    </p>
   </div>
   <div class='ocr_carea' id='block_1_12' title="bbox 342 1050 1919 1128">
    <p class='ocr_par' dir='ltr' id='par_1_12' title="bbox 342 1050 1919 1128">
     <span class='ocr_line' id='line_1_12' title="bbox 342 1050 1919 1128; baseline -0.001 -18"><span class='ocrx_word' id='word_1_64' title='bbox 342 1050 578 1111; x_wconf 84' lang='lat' dir='ltr'><strong>olﬁcium</strong></span> <span class='ocrx_word' id='word_1_65' title='bbox 637 1067 740 1113; x_wconf 86' lang='lat' dir='ltr'><strong>est.</strong></span> <span class='ocrx_word' id='word_1_66' title='bbox 794 1055 1078 1128; x_wconf 84' lang='lat' dir='ltr'><strong>Ingressus</strong></span> <span class='ocrx_word' id='word_1_67' title='bbox 1130 1067 1312 1112; x_wconf 88' lang='lat' dir='ltr'><strong>autem</strong></span> <span class='ocrx_word' id='word_1_68' title='bbox 1366 1055 1919 1126; x_wconf 89' lang='lat' dir='ltr'><strong>Constantinopolim,</strong></span> 
     </span>
    </p>
   </div>
   <div class='ocr_carea' id='block_1_13' title="bbox 343 1147 1928 1218">
    <p class='ocr_par' dir='ltr' id='par_1_13' title="bbox 343 1147 1928 1218">
     <span class='ocr_line' id='line_1_13' title="bbox 343 1147 1928 1218; baseline -0.001 -14"><span class='ocrx_word' id='word_1_69' title='bbox 343 1148 566 1207; x_wconf 84' lang='lat' dir='ltr'><strong>fratrem</strong></span> <span class='ocrx_word' id='word_1_70' title='bbox 597 1165 757 1205; x_wconf 87' lang='lat' dir='ltr'><strong>suum</strong></span> <span class='ocrx_word' id='word_1_71' title='bbox 785 1147 1064 1204; x_wconf 72' lang='lat' dir='ltr'><strong>Valentem</strong></span> <span class='ocrx_word' id='word_1_72' title='bbox 1091 1150 1145 1203; x_wconf 93' lang='lat' dir='ltr'><strong>in</strong></span> <span class='ocrx_word' id='word_1_73' title='bbox 1172 1150 1506 1205; x_wconf 87' lang='lat' dir='ltr'><strong>consortium</strong></span> <span class='ocrx_word' id='word_1_74' title='bbox 1535 1149 1752 1218; x_wconf 88' lang='lat' dir='ltr'><strong>imperii</strong></span> <span class='ocrx_word' id='word_1_75' title='bbox 1783 1149 1928 1203; x_wconf 87' lang='lat' dir='ltr'><strong>asci-</strong></span> 
     </span>
    </p>
   </div>
   <div class='ocr_carea' id='block_1_14' title="bbox 2017 508 3615 584">
    <p class='ocr_par' dir='ltr' id='par_1_14' title="bbox 2017 508 3615 584">
     <span class='ocr_line' id='line_1_14' title="bbox 2017 508 3615 584; baseline -0.003 -19"><span class='ocrx_word' id='word_1_76' title='bbox 2017 512 2211 583; x_wconf 84' lang='grc' dir='ltr'>σιλικῷ</span> <span class='ocrx_word' id='word_1_77' title='bbox 2237 513 2317 584; x_wconf 83' lang='grc' dir='ltr'>τῷ</span> <span class='ocrx_word' id='word_1_78' title='bbox 2369 514 2679 584; x_wconf 82' lang='grc' dir='ltr'><strong>φρονήματι</strong></span> <span class='ocrx_word' id='word_1_79' title='bbox 2717 512 2822 583; x_wconf 78' lang='grc' dir='ltr'><strong>ἔφη</strong></span> <span class='ocrx_word' id='word_1_80' title='bbox 2843 531 2856 546; x_wconf 85' lang='grc'><strong>·</strong></span> <span class='ocrx_word' id='word_1_81' title='bbox 2879 511 3112 565; x_wconf 82' lang='grc' dir='ltr'>Βασιλέα</span> <span class='ocrx_word' id='word_1_82' title='bbox 3165 510 3277 581; x_wconf 78' lang='grc' dir='ltr'>μὲν,</span> <span class='ocrx_word' id='word_1_83' title='bbox 3306 508 3407 580; x_wconf 71' lang='grc' dir='ltr'><strong>ἐμὲ</strong></span> <span class='ocrx_word' id='word_1_84' title='bbox 3439 510 3615 560; x_wconf 81' lang='grc' dir='ltr'>ποιεῖν</span> 
     </span>
    </p>
   </div>
   <div class='ocr_carea' id='block_1_15' title="bbox 2019 602 3606 678">
    <p class='ocr_par' dir='ltr' id='par_1_15' title="bbox 2019 602 3606 678">
     <span class='ocr_line' id='line_1_15' title="bbox 2019 602 3606 678; baseline -0.003 -21"><span class='ocrx_word' id='word_1_85' title='bbox 2019 603 2080 669; x_wconf 76' lang='grc' dir='ltr'><strong>ἐξ</strong></span> <span class='ocrx_word' id='word_1_86' title='bbox 2111 603 2319 658; x_wconf 78' lang='grc' dir='ltr'><strong>ἰδιώτου</strong></span> <span class='ocrx_word' id='word_1_87' title='bbox 2354 607 2387 676; x_wconf 82' lang='grc' dir='ltr'>ἡ</span> <span class='ocrx_word' id='word_1_88' title='bbox 2430 605 2671 678; x_wconf 83' lang='grc' dir='ltr'>ὑμετέρα</span> <span class='ocrx_word' id='word_1_89' title='bbox 2704 604 2882 676; x_wconf 77' lang='grc' dir='ltr'>ψῆφος</span> <span class='ocrx_word' id='word_1_90' title='bbox 2906 605 2966 658; x_wconf 78' lang='grc' dir='ltr'>τὸ</span> <span class='ocrx_word' id='word_1_91' title='bbox 2990 602 3155 673; x_wconf 82' lang='grc' dir='ltr'>κῦρος</span> <span class='ocrx_word' id='word_1_92' title='bbox 3191 603 3428 672; x_wconf 79' lang='grc' dir='ltr'>ἐπεῖχεν·</span> <span class='ocrx_word' id='word_1_93' title='bbox 3464 605 3606 657; x_wconf 66' lang='grc' dir='ltr'>ἐκεῖ.</span> 
     </span>
    </p>
   </div>
   <div class='ocr_carea' id='block_1_16' title="bbox 2021 693 3615 770">
    <p class='ocr_par' dir='ltr' id='par_1_16' title="bbox 2021 693 3615 770">
     <span class='ocr_line' id='line_1_16' title="bbox 2021 693 3615 770; baseline -0.003 -21"><span class='ocrx_word' id='word_1_94' title='bbox 2021 696 2112 749; x_wconf 89' lang='grc' dir='ltr'><strong>θεν</strong></span> <span class='ocrx_word' id='word_1_95' title='bbox 2140 695 2196 750; x_wconf 84' lang='grc' dir='ltr'>δὲ</span> <span class='ocrx_word' id='word_1_96' title='bbox 2227 696 2286 749; x_wconf 83' lang='grc' dir='ltr'>τὸ</span> <span class='ocrx_word' id='word_1_97' title='bbox 2310 696 2582 770; x_wconf 75' lang='grc' dir='ltr'><strong>πρακτέον</strong></span> <span class='ocrx_word' id='word_1_98' title='bbox 2615 700 2838 751; x_wconf 84' lang='grc' dir='ltr'><strong>σκοπεῖν</strong></span> <span class='ocrx_word' id='word_1_99' title='bbox 2865 695 2960 750; x_wconf 76' lang='grc' dir='ltr'>καὶ</span> <span class='ocrx_word' id='word_1_100' title='bbox 2998 693 3316 756; x_wconf 86' lang='grc' dir='ltr'>διευθετεῖν,</span> <span class='ocrx_word' id='word_1_101' title='bbox 3353 695 3477 764; x_wconf 74' lang='grc' dir='ltr'>οὐχὶ</span> <span class='ocrx_word' id='word_1_102' title='bbox 3504 694 3615 746; x_wconf 84' lang='grc' dir='ltr'><strong>τῶν</strong></span> 
     </span>
    </p>
   </div>
   <div class='ocr_carea' id='block_1_17' title="bbox 2025 787 3614 860">
    <p class='ocr_par' dir='ltr' id='par_1_17' title="bbox 2025 787 3614 860">
     <span class='ocr_line' id='line_1_17' title="bbox 2025 787 3614 860; baseline -0.002 -18"><span class='ocrx_word' id='word_1_103' title='bbox 2025 789 2478 860; x_wconf 83' lang='grc' dir='ltr'>βασιλευομένων,</span> <span class='ocrx_word' id='word_1_104' title='bbox 2500 790 2590 844; x_wconf 81' lang='grc' dir='ltr'>τοῦ</span> <span class='ocrx_word' id='word_1_105' title='bbox 2613 790 2669 843; x_wconf 82' lang='grc' dir='ltr'>δὲ</span> <span class='ocrx_word' id='word_1_106' title='bbox 2693 789 3069 860; x_wconf 83' lang='grc' dir='ltr'>βασιλεύοντος</span> <span class='ocrx_word' id='word_1_107' title='bbox 3090 789 3124 859; x_wconf 80' lang='grc' dir='ltr'>ἡ</span> <span class='ocrx_word' id='word_1_108' title='bbox 3150 787 3330 858; x_wconf 79' lang='grc' dir='ltr'>κρίσις</span> <span class='ocrx_word' id='word_1_109' title='bbox 3351 787 3614 856; x_wconf 75' lang='grc' dir='ltr'><strong>ὑπάρχει.</strong></span> 
     </span>
    </p>
   </div>
   <div class='ocr_carea' id='block_1_18' title="bbox 2037 876 3618 952">
    <p class='ocr_par' dir='ltr' id='par_1_18' title="bbox 2037 876 3618 952">
     <span class='ocr_line' id='line_1_18' title="bbox 2037 876 3618 952; baseline -0.004 -18"><span class='ocrx_word' id='word_1_110' title='bbox 2037 881 2262 944; x_wconf 78' lang='grc' dir='ltr'>Ἐπιϐἁς</span> <span class='ocrx_word' id='word_1_111' title='bbox 2294 881 2350 934; x_wconf 79' lang='grc' dir='ltr'>δὲ</span> <span class='ocrx_word' id='word_1_112' title='bbox 2391 884 2458 952; x_wconf 83' lang='grc' dir='ltr'><strong>τῇ</strong></span> <span class='ocrx_word' id='word_1_113' title='bbox 2487 879 3082 942; x_wconf 83' lang='grc' dir='ltr'>Κωνσταντινουπόλει,</span> <span class='ocrx_word' id='word_1_114' title='bbox 3107 876 3365 931; x_wconf 79' lang='grc' dir='ltr'>κοινωνὸν</span> <span class='ocrx_word' id='word_1_115' title='bbox 3398 877 3494 946; x_wconf 80' lang='grc' dir='ltr'>μὲν</span> <span class='ocrx_word' id='word_1_116' title='bbox 3517 876 3618 944; x_wconf 77' lang='grc' dir='ltr'>τῆς</span> 
     </span>
    </p>
   </div>
   <div class='ocr_carea' id='block_1_19' title="bbox 2032 969 3624 1040">
    <p class='ocr_par' dir='ltr' id='par_1_19' title="bbox 2032 969 3624 1040">
     <span class='ocr_line' id='line_1_19' title="bbox 2032 969 3624 1040; baseline -0.007 -16"><span class='ocrx_word' id='word_1_117' title='bbox 2032 969 2306 1040; x_wconf 80' lang='grc' dir='ltr'>βασιλείας</span> <span class='ocrx_word' id='word_1_118' title='bbox 2338 970 2428 1024; x_wconf 85' lang='grc' dir='ltr'>τὸν</span> <span class='ocrx_word' id='word_1_119' title='bbox 2462 970 2684 1040; x_wconf 78' lang='grc' dir='ltr'>ἀδελφὸν</span> <span class='ocrx_word' id='word_1_120' title='bbox 2718 971 2993 1025; x_wconf 80' lang='grc' dir='ltr'>Οὐάλεντα</span> <span class='ocrx_word' id='word_1_121' title='bbox 3034 971 3266 1021; x_wconf 83' lang='grc' dir='ltr'>ποιεῖται</span> <span class='ocrx_word' id='word_1_122' title='bbox 3292 985 3305 996; x_wconf 73' lang='grc' dir='ltr'><strong>ο</strong></span> <span class='ocrx_word' id='word_1_123' title='bbox 3337 981 3624 1036; x_wconf 79' lang='grc' dir='ltr'>συμπαρα.</span> 
     </span>
    </p>
   </div>
   <div class='ocr_carea' id='block_1_20' title="bbox 2031 1053 3622 1133">
    <p class='ocr_par' dir='ltr' id='par_1_20' title="bbox 2031 1053 3622 1133">
     <span class='ocr_line' id='line_1_20' title="bbox 2031 1053 3622 1133; baseline -0.005 -20"><span class='ocrx_word' id='word_1_124' title='bbox 2031 1059 2212 1114; x_wconf 73' lang='grc' dir='ltr'>λαϐὼν</span> <span class='ocrx_word' id='word_1_125' title='bbox 2236 1060 2279 1114; x_wconf 77' lang='grc' dir='ltr'>δ’</span> <span class='ocrx_word' id='word_1_126' title='bbox 2298 1060 2456 1114; x_wconf 82' lang='grc' dir='ltr'>αὐτὸν</span> <span class='ocrx_word' id='word_1_127' title='bbox 2483 1061 2644 1133; x_wconf 85' lang='grc' dir='ltr'>μέχρι</span> <span class='ocrx_word' id='word_1_128' title='bbox 2669 1061 2902 1132; x_wconf 83' lang='grc' dir='ltr'>Σερμίου</span> <span class='ocrx_word' id='word_1_129' title='bbox 2933 1060 3024 1113; x_wconf 71' lang='grc' dir='ltr'><strong>ἐπὶ</strong></span> <span class='ocrx_word' id='word_1_130' title='bbox 3041 1055 3320 1130; x_wconf 83' lang='grc' dir='ltr'>τὴνἝσπέ</span> <span class='ocrx_word' id='word_1_131' title='bbox 3330 1071 3428 1127; x_wconf 87' lang='grc' dir='ltr'><strong>ραν</strong></span> <span class='ocrx_word' id='word_1_132' title='bbox 3458 1053 3622 1108; x_wconf 72' lang='grc' dir='ltr'><strong>ἀπαει-</strong></span> 
     </span>
    </p>
   </div>
   <div class='ocr_carea' id='block_1_21' title="bbox 2029 1147 3622 1224">
    <p class='ocr_par' dir='ltr' id='par_1_21' title="bbox 2029 1147 3622 1224">
     <span class='ocr_line' id='line_1_21' title="bbox 2029 1147 3622 1224; baseline -0.004 -19"><span class='ocrx_word' id='word_1_133' title='bbox 2029 1169 2132 1224; x_wconf 90' lang='grc' dir='ltr'>ρει.</span> <span class='ocrx_word' id='word_1_134' title='bbox 2177 1153 2264 1204; x_wconf 86' lang='grc' dir='ltr'>Ἐν</span> <span class='ocrx_word' id='word_1_135' title='bbox 2291 1153 2345 1206; x_wconf 87' lang='grc' dir='ltr'>δὲ</span> <span class='ocrx_word' id='word_1_136' title='bbox 2373 1151 2451 1223; x_wconf 79' lang='grc' dir='ltr'>τῷ</span> <span class='ocrx_word' id='word_1_137' title='bbox 2492 1155 2712 1224; x_wconf 86' lang='grc' dir='ltr'>Σερμίῳ</span> <span class='ocrx_word' id='word_1_138' title='bbox 2742 1153 2808 1206; x_wconf 70' lang='grc' dir='ltr'><strong>τὰ</strong></span> <span class='ocrx_word' id='word_1_139' title='bbox 2847 1153 2948 1223; x_wconf 80' lang='grc' dir='ltr'>τῆς</span> <span class='ocrx_word' id='word_1_140' title='bbox 2982 1150 3262 1222; x_wconf 80' lang='grc' dir='ltr'>βασιλείας</span> <span class='ocrx_word' id='word_1_141' title='bbox 3298 1148 3437 1218; x_wconf 78' lang='grc' dir='ltr'>πρὸς</span> <span class='ocrx_word' id='word_1_142' title='bbox 3462 1147 3622 1200; x_wconf 79' lang='grc' dir='ltr'>αὑτὸν</span> 
     </span>
    </p>
   </div>
   <div class='ocr_carea' id='block_1_22' title="bbox 343 1237 1949 1315">
    <p class='ocr_par' dir='ltr' id='par_1_22' title="bbox 343 1238 1928 1310">
     <span class='ocr_line' id='line_1_22' title="bbox 343 1238 1928 1310; baseline 0.001 -16"><span class='ocrx_word' id='word_1_143' title='bbox 343 1240 445 1306; x_wconf 87' lang='lat' dir='ltr'><strong>vit,</strong></span> <span class='ocrx_word' id='word_1_144' title='bbox 474 1251 865 1310; x_wconf 85' lang='lat' dir='ltr'><strong>assumptoque</strong></span> <span class='ocrx_word' id='word_1_145' title='bbox 886 1254 952 1295; x_wconf 94' lang='lat' dir='ltr'><strong>eo</strong></span> <span class='ocrx_word' id='word_1_146' title='bbox 997 1239 1256 1294; x_wconf 90' lang='lat' dir='ltr'><strong>Sirmium</strong></span> <span class='ocrx_word' id='word_1_147' title='bbox 1291 1255 1484 1308; x_wconf 90' lang='lat' dir='ltr'><strong>usque,</strong></span> <span class='ocrx_word' id='word_1_148' title='bbox 1534 1240 1588 1294; x_wconf 91' lang='lat' dir='ltr'><strong>in</strong></span> <span class='ocrx_word' id='word_1_149' title='bbox 1617 1238 1928 1296; x_wconf 87' lang='lat' dir='ltr'><strong>Occidentis</strong></span> 
     </span>
    </p>
   </div>
   <div class='ocr_carea' id='block_1_23' title="bbox 2065 1237 3622 1315">
    <p class='ocr_par' dir='ltr' id='par_1_23' title="bbox 2065 1237 3622 1315">
     <span class='ocr_line' id='line_1_23' title="bbox 2065 1237 3622 1315; baseline -0.003 -19"><span class='ocrx_word' id='word_1_150' title='bbox 2065 1245 2442 1314; x_wconf 82' lang='grc' dir='ltr'>ιανειμάμενος</span> <span class='ocrx_word' id='word_1_151' title='bbox 2473 1244 2570 1315; x_wconf 80' lang='grc'>(1),</span> <span class='ocrx_word' id='word_1_152' title='bbox 2611 1245 2785 1299; x_wconf 80' lang='grc' dir='ltr'>ὁπόσα</span> <span class='ocrx_word' id='word_1_153' title='bbox 2834 1247 2914 1308; x_wconf 82' lang='grc' dir='ltr'>εἰς</span> <span class='ocrx_word' id='word_1_154' title='bbox 2954 1243 3159 1310; x_wconf 86' lang='grc' dir='ltr'>κόσμον</span> <span class='ocrx_word' id='word_1_155' title='bbox 3188 1241 3284 1294; x_wconf 78' lang='grc' dir='ltr'>καὶ</span> <span class='ocrx_word' id='word_1_156' title='bbox 3319 1239 3421 1310; x_wconf 79' lang='grc' dir='ltr'>τὴν</span> <span class='ocrx_word' id='word_1_157' title='bbox 3455 1237 3622 1306; x_wconf 72' lang='grc' dir='ltr'>ἄλλην</span> 
     </span>
    </p>
   </div>
   <div class='ocr_carea' id='block_1_24' title="bbox 344 1329 1949 1407">
    <p class='ocr_par' dir='ltr' id='par_1_24' title="bbox 344 1330 1932 1402">
     <span class='ocr_line' id='line_1_24' title="bbox 344 1330 1932 1402; baseline 0 -15"><span class='ocrx_word' id='word_1_158' title='bbox 344 1343 530 1402; x_wconf 84' lang='lat' dir='ltr'><strong>partes</strong></span> <span class='ocrx_word' id='word_1_159' title='bbox 562 1334 815 1402; x_wconf 83' lang='lat' dir='ltr'><strong>perrexit.</strong></span> <span class='ocrx_word' id='word_1_160' title='bbox 866 1330 1053 1386; x_wconf 91' lang='lat' dir='ltr'><strong>Sirmii</strong></span> <span class='ocrx_word' id='word_1_161' title='bbox 1104 1346 1232 1386; x_wconf 84' lang='lat' dir='ltr'><strong>vero</strong></span> <span class='ocrx_word' id='word_1_162' title='bbox 1277 1331 1536 1386; x_wconf 87' lang='lat' dir='ltr'><strong>omnibus</strong></span> <span class='ocrx_word' id='word_1_163' title='bbox 1593 1332 1932 1388; x_wconf 87' lang='lat' dir='ltr'><strong>ornamentis</strong></span> 
     </span>
    </p>
   </div>
   <div class='ocr_carea' id='block_1_25' title="bbox 2065 1329 3624 1407">
    <p class='ocr_par' dir='ltr' id='par_1_25' title="bbox 2065 1329 3624 1407">
     <span class='ocr_line' id='line_1_25' title="bbox 2065 1329 3624 1407; baseline -0.003 -20"><span class='ocrx_word' id='word_1_164' title='bbox 2065 1336 2210 1388; x_wconf 82' lang='grc' dir='ltr'>τέλει</span> <span class='ocrx_word' id='word_1_165' title='bbox 2247 1335 2565 1406; x_wconf 84' lang='grc' dir='ltr'>θεραπείαν,</span> <span class='ocrx_word' id='word_1_166' title='bbox 2604 1337 2694 1390; x_wconf 83' lang='grc' dir='ltr'>τὸν</span> <span class='ocrx_word' id='word_1_167' title='bbox 2738 1336 2837 1407; x_wconf 76' lang='grc' dir='ltr'>μὲν</span> <span class='ocrx_word' id='word_1_168' title='bbox 2883 1337 2963 1399; x_wconf 84' lang='grc' dir='ltr'><strong>είς</strong></span> <span class='ocrx_word' id='word_1_169' title='bbox 3013 1333 3420 1388; x_wconf 82' lang='grc' dir='ltr'>Κωνσταντίνου</span> <span class='ocrx_word' id='word_1_170' title='bbox 3471 1329 3624 1383; x_wconf 80' lang='grc' dir='ltr'>πόλιν</span> 
     </span>
    </p>
   </div>
   <div class='ocr_carea' id='block_1_26' title="bbox 347 1422 1949 1500">
    <p class='ocr_par' dir='ltr' id='par_1_26' title="bbox 347 1422 1932 1494">
     <span class='ocr_line' id='line_1_26' title="bbox 347 1422 1932 1494; baseline 0.001 -16"><span class='ocrx_word' id='word_1_171' title='bbox 347 1424 589 1494; x_wconf 90' lang='lat' dir='ltr'><strong>imperii,</strong></span> <span class='ocrx_word' id='word_1_172' title='bbox 636 1433 689 1478; x_wconf 91' lang='lat' dir='ltr'><strong>et</strong></span> <span class='ocrx_word' id='word_1_173' title='bbox 727 1438 1070 1494; x_wconf 64' lang='lat' dir='ltr'><strong>quaecunque</strong></span> <span class='ocrx_word' id='word_1_174' title='bbox 1107 1423 1172 1478; x_wconf 85' lang='lat' dir='ltr'><strong>ad</strong></span> <span class='ocrx_word' id='word_1_175' title='bbox 1210 1423 1480 1492; x_wconf 89' lang='lat' dir='ltr'><strong>reliquum</strong></span> <span class='ocrx_word' id='word_1_176' title='bbox 1507 1422 1712 1477; x_wconf 86' lang='lat' dir='ltr'><strong>cultum</strong></span> <span class='ocrx_word' id='word_1_177' title='bbox 1747 1439 1810 1478; x_wconf 90' lang='lat' dir='ltr'><strong>ac</strong></span> <span class='ocrx_word' id='word_1_178' title='bbox 1841 1424 1932 1479; x_wconf 68' lang='lat' dir='ltr'><strong>sa-</strong></span> 
     </span>
    </p>
   </div>
   <div class='ocr_carea' id='block_1_27' title="bbox 2065 1422 3624 1500">
    <p class='ocr_par' dir='ltr' id='par_1_27' title="bbox 2065 1423 3624 1500">
     <span class='ocr_line' id='line_1_27' title="bbox 2065 1423 3624 1500; baseline -0.004 -20"><span class='ocrx_word' id='word_1_179' title='bbox 2065 1429 2374 1499; x_wconf 77' lang='grc' dir='ltr'>ιποπέμπει,</span> <span class='ocrx_word' id='word_1_180' title='bbox 2402 1429 2502 1499; x_wconf 73' lang='grc' dir='ltr'>τῆς</span> <span class='ocrx_word' id='word_1_181' title='bbox 2527 1428 2668 1500; x_wconf 77' lang='grc' dir='ltr'>ἑῴας</span> <span class='ocrx_word' id='word_1_182' title='bbox 2696 1431 2891 1500; x_wconf 83' lang='grc' dir='ltr'>μοῖραν</span> <span class='ocrx_word' id='word_1_183' title='bbox 2914 1426 3229 1499; x_wconf 75' lang='grc' dir='ltr'>ἐγχειρίσας</span> <span class='ocrx_word' id='word_1_184' title='bbox 3254 1425 3390 1493; x_wconf 81' lang='grc' dir='ltr'>ὅσης</span> <span class='ocrx_word' id='word_1_185' title='bbox 3409 1423 3438 1474; x_wconf 82' lang='grc'>6</span> <span class='ocrx_word' id='word_1_186' title='bbox 3464 1423 3624 1474; x_wconf 83' lang='grc' dir='ltr'>Κων-</span> 
     </span>
    </p>
   </div>
   <div class='ocr_carea' id='block_1_28' title="bbox 347 1511 1933 1603">
    <p class='ocr_par' dir='ltr' id='par_1_28' title="bbox 347 1511 1933 1603">
     <span class='ocr_line' id='line_1_28' title="bbox 347 1511 1933 1603; baseline 0 -36"><span class='ocrx_word' id='word_1_187' title='bbox 347 1513 596 1603; x_wconf 60' lang='grc' dir='ltr'><strong>ῑοὶιίιὶδῐη</strong></span> <span class='ocrx_word' id='word_1_188' title='bbox 629 1522 896 1584; x_wconf 81' lang='lat' dir='ltr'><strong>spectant,</strong></span> <span class='ocrx_word' id='word_1_189' title='bbox 926 1523 1049 1568; x_wconf 87' lang='lat' dir='ltr'><strong>cum</strong></span> <span class='ocrx_word' id='word_1_190' title='bbox 1106 1511 1272 1566; x_wconf 86' lang='lat' dir='ltr'><strong>fratre</strong></span> <span class='ocrx_word' id='word_1_191' title='bbox 1317 1511 1529 1579; x_wconf 83' lang='lat' dir='ltr'><strong>divisis,</strong></span> <span class='ocrx_word' id='word_1_192' title='bbox 1559 1528 1681 1566; x_wconf 89' lang='lat' dir='ltr'><strong>eum</strong></span> <span class='ocrx_word' id='word_1_193' title='bbox 1713 1514 1933 1581; x_wconf 85' lang='lat' dir='ltr'><strong>quidem</strong></span> 
     </span>
    </p>
   </div>
   <div class='ocr_carea' id='block_1_29' title="bbox 348 1601 1935 1673">
    <p class='ocr_par' dir='ltr' id='par_1_29' title="bbox 348 1601 1935 1673">
     <span class='ocr_line' id='line_1_29' title="bbox 348 1601 1935 1673; baseline 0.001 -16"><span class='ocrx_word' id='word_1_194' title='bbox 348 1601 877 1673; x_wconf 77' lang='lat' dir='ltr'><strong>Constantinopolim</strong></span> <span class='ocrx_word' id='word_1_195' title='bbox 917 1603 1146 1664; x_wconf 88' lang='lat' dir='ltr'><strong>remisit,</strong></span> <span class='ocrx_word' id='word_1_196' title='bbox 1192 1601 1435 1657; x_wconf 87' lang='lat' dir='ltr'><strong>Orientis</strong></span> <span class='ocrx_word' id='word_1_197' title='bbox 1468 1611 1678 1670; x_wconf 88' lang='lat' dir='ltr'><strong>partem</strong></span> <span class='ocrx_word' id='word_1_198' title='bbox 1729 1603 1775 1657; x_wconf 93' lang='lat' dir='ltr'><strong>ei</strong></span> <span class='ocrx_word' id='word_1_199' title='bbox 1824 1614 1935 1658; x_wconf 91' lang='lat' dir='ltr'><strong>tra-</strong></span> 
     </span>
    </p>
   </div>
   <div class='ocr_carea' id='block_1_30' title="bbox 2038 1512 3627 1591">
    <p class='ocr_par' dir='ltr' id='par_1_30' title="bbox 2038 1512 3627 1591">
     <span class='ocr_line' id='line_1_30' title="bbox 2038 1512 3627 1591; baseline -0.004 -21"><span class='ocrx_word' id='word_1_200' title='bbox 2038 1519 2280 1582; x_wconf 82' lang='grc' dir='ltr'>στάντιος</span> <span class='ocrx_word' id='word_1_201' title='bbox 2315 1520 2555 1591; x_wconf 80' lang='grc' dir='ltr'>ἐπῆρχεν</span> <span class='ocrx_word' id='word_1_202' title='bbox 2575 1537 2587 1551; x_wconf 82' lang='grc'><em>’</em></span> <span class='ocrx_word' id='word_1_203' title='bbox 2612 1519 2774 1584; x_wconf 77' lang='grc' dir='ltr'>αὐτὸς</span> <span class='ocrx_word' id='word_1_204' title='bbox 2801 1519 2856 1573; x_wconf 82' lang='grc' dir='ltr'>δὲ</span> <span class='ocrx_word' id='word_1_205' title='bbox 2890 1519 2986 1583; x_wconf 78' lang='grc' dir='ltr'><strong>τὰς</strong></span> <span class='ocrx_word' id='word_1_206' title='bbox 3018 1517 3212 1580; x_wconf 82' lang='grc' dir='ltr'>λοιπὰς</span> <span class='ocrx_word' id='word_1_207' title='bbox 3243 1516 3336 1569; x_wconf 75' lang='grc' dir='ltr'>δύο</span> <span class='ocrx_word' id='word_1_208' title='bbox 3359 1513 3459 1577; x_wconf 72' lang='grc' dir='ltr'>τὰς</span> <span class='ocrx_word' id='word_1_209' title='bbox 3483 1512 3627 1566; x_wconf 73' lang='grc' dir='ltr'>κατὰ</span> 
     </span>
    </p>
   </div>
   <div class='ocr_carea' id='block_1_31' title="bbox 2037 1605 3630 1682">
    <p class='ocr_par' dir='ltr' id='par_1_31' title="bbox 2037 1605 3630 1682">
     <span class='ocr_line' id='line_1_31' title="bbox 2037 1605 3630 1682; baseline -0.003 -21"><span class='ocrx_word' id='word_1_210' title='bbox 2037 1608 2187 1663; x_wconf 82' lang='grc' dir='ltr'>δύσιν</span> <span class='ocrx_word' id='word_1_211' title='bbox 2225 1610 2762 1682; x_wconf 83' lang='grc' dir='ltr'>ἀποκληρωσὰμενος</span> <span class='ocrx_word' id='word_1_212' title='bbox 2786 1612 2885 1682; x_wconf 76' lang='grc' dir='ltr'>τῆς</span> <span class='ocrx_word' id='word_1_213' title='bbox 2916 1609 3186 1682; x_wconf 80' lang='grc' dir='ltr'>Ἐσπέρας</span> <span class='ocrx_word' id='word_1_214' title='bbox 3212 1607 3496 1661; x_wconf 73' lang='grc' dir='ltr'>ἐϐασίλευε</span> <span class='ocrx_word' id='word_1_215' title='bbox 3520 1605 3630 1657; x_wconf 78' lang='grc' dir='ltr'><strong>πά-</strong></span> 
     </span>
    </p>
   </div>
   <div class='ocr_carea' id='block_1_32' title="bbox 349 1694 1949 1773">
    <p class='ocr_par' dir='ltr' id='par_1_32' title="bbox 349 1694 1940 1767">
     <span class='ocr_line' id='line_1_32' title="bbox 349 1694 1940 1767; baseline 0 -17"><span class='ocrx_word' id='word_1_216' title='bbox 349 1694 485 1752; x_wconf 89' lang='lat' dir='ltr'><strong>dens</strong></span> <span class='ocrx_word' id='word_1_217' title='bbox 511 1710 851 1767; x_wconf 75' lang='lat' dir='ltr'><strong>quaecunque</strong></span> <span class='ocrx_word' id='word_1_218' title='bbox 878 1695 982 1751; x_wconf 90' lang='lat' dir='ltr'><strong>sub</strong></span> <span class='ocrx_word' id='word_1_219' title='bbox 1011 1695 1222 1749; x_wconf 91' lang='lat' dir='ltr'><strong>ditione</strong></span> <span class='ocrx_word' id='word_1_220' title='bbox 1250 1694 1430 1750; x_wconf 80' lang='lat' dir='ltr'><strong>fuerat</strong></span> <span class='ocrx_word' id='word_1_221' title='bbox 1457 1694 1796 1760; x_wconf 85' lang='lat' dir='ltr'><strong>Constantii;</strong></span> <span class='ocrx_word' id='word_1_222' title='bbox 1825 1697 1940 1764; x_wconf 89' lang='lat' dir='ltr'><strong>ipse</strong></span> 
     </span>
    </p>
   </div>
   <div class='ocr_carea' id='block_1_33' title="bbox 2065 1694 3631 1773">
    <p class='ocr_par' dir='ltr' id='par_1_33' title="bbox 2065 1697 3631 1773">
     <span class='ocr_line' id='line_1_33' title="bbox 2065 1697 3631 1773; baseline -0.004 -20"><span class='ocrx_word' id='word_1_223' title='bbox 2065 1715 2162 1766; x_wconf 68' lang='grc' dir='ltr'>ῖης.</span> <span class='ocrx_word' id='word_1_224' title='bbox 2190 1701 2322 1753; x_wconf 86' lang='grc' dir='ltr'>Μετ’</span> <span class='ocrx_word' id='word_1_225' title='bbox 2355 1703 2413 1754; x_wconf 76' lang='grc' dir='ltr'>οὐ</span> <span class='ocrx_word' id='word_1_226' title='bbox 2451 1701 2586 1754; x_wconf 82' lang='grc' dir='ltr'>πολὺ</span> <span class='ocrx_word' id='word_1_227' title='bbox 2616 1701 2671 1754; x_wconf 85' lang='grc' dir='ltr'>δὲ</span> <span class='ocrx_word' id='word_1_228' title='bbox 2706 1701 2872 1755; x_wconf 82' lang='grc' dir='ltr'>παῖδα</span> <span class='ocrx_word' id='word_1_229' title='bbox 2909 1701 2947 1754; x_wconf 87' lang='grc' dir='ltr'><strong><em>Γ</em></strong></span> <span class='ocrx_word' id='word_1_230' title='bbox 2952 1699 3204 1773; x_wconf 84' lang='grc' dir='ltr'>ρατιανδν</span> <span class='ocrx_word' id='word_1_231' title='bbox 3230 1699 3310 1752; x_wconf 73' lang='grc' dir='ltr'>ἔτι</span> <span class='ocrx_word' id='word_1_232' title='bbox 3347 1697 3631 1770; x_wconf 76' lang='grc' dir='ltr'>μειράκιον</span> 
     </span>
    </p>
   </div>
   <div class='ocr_carea' id='block_1_34' title="bbox 351 1772 1949 1864">
    <p class='ocr_par' dir='ltr' id='par_1_34' title="bbox 351 1785 1940 1856">
     <span class='ocr_line' id='line_1_34' title="bbox 351 1785 1940 1856; baseline 0.002 -17"><span class='ocrx_word' id='word_1_233' title='bbox 351 1800 482 1841; x_wconf 87' lang='lat' dir='ltr'><strong>vero</strong></span> <span class='ocrx_word' id='word_1_234' title='bbox 509 1787 748 1856; x_wconf 89' lang='lat' dir='ltr'><strong>reliquas</strong></span> <span class='ocrx_word' id='word_1_235' title='bbox 779 1787 916 1841; x_wconf 90' lang='lat' dir='ltr'><strong>duas</strong></span> <span class='ocrx_word' id='word_1_236' title='bbox 954 1785 1019 1840; x_wconf 90' lang='lat' dir='ltr'><strong>ad</strong></span> <span class='ocrx_word' id='word_1_237' title='bbox 1076 1801 1333 1841; x_wconf 83' lang='lat' dir='ltr'><strong>occasum</strong></span> <span class='ocrx_word' id='word_1_238' title='bbox 1395 1786 1531 1841; x_wconf 86' lang='lat' dir='ltr'><strong>sitas</strong></span> <span class='ocrx_word' id='word_1_239' title='bbox 1573 1786 1818 1850; x_wconf 90' lang='lat' dir='ltr'><strong>sortitus,</strong></span> <span class='ocrx_word' id='word_1_240' title='bbox 1857 1795 1940 1842; x_wconf 81' lang='lat' dir='ltr'><strong>to-</strong></span> 
     </span>
    </p>
   </div>
   <div class='ocr_carea' id='block_1_35' title="bbox 2065 1772 3631 1864">
    <p class='ocr_par' dir='ltr' id='par_1_35' title="bbox 2065 1772 3631 1864">
     <span class='ocr_line' id='line_1_35' title="bbox 2065 1772 3631 1864; baseline -0.001 -22"><span class='ocrx_word' id='word_1_241' title='bbox 2065 1792 2368 1856; x_wconf 74' lang='grc' dir='ltr'>πιϐιϐάσας</span> <span class='ocrx_word' id='word_1_242' title='bbox 2421 1796 2487 1864; x_wconf 81' lang='grc' dir='ltr'>τῇ</span> <span class='ocrx_word' id='word_1_243' title='bbox 2555 1792 2800 1864; x_wconf 73' lang='grc' dir='ltr'>βασιλεία</span> <span class='ocrx_word' id='word_1_244' title='bbox 2853 1772 3077 1856; x_wconf 11' lang='grc' dir='ltr'>εἱςγτδν</span> <span class='ocrx_word' id='word_1_245' title='bbox 3121 1791 3315 1846; x_wconf 78' lang='grc' dir='ltr'>ἑαυτοῦ</span> <span class='ocrx_word' id='word_1_246' title='bbox 3369 1789 3631 1857; x_wconf 73' lang='grc' dir='ltr'>συνήσκει</span> 
     </span>
    </p>
   </div>
   <div class='ocr_carea' id='block_1_36' title="bbox 355 1872 1939 1944">
    <p class='ocr_par' dir='ltr' id='par_1_36' title="bbox 355 1872 1939 1944">
     <span class='ocr_line' id='line_1_36' title="bbox 355 1872 1939 1944; baseline 0.003 -19"><span class='ocrx_word' id='word_1_247' title='bbox 355 1872 466 1928; x_wconf 91' lang='lat' dir='ltr'><strong>tius</strong></span> <span class='ocrx_word' id='word_1_248' title='bbox 496 1873 803 1929; x_wconf 88' lang='lat' dir='ltr'><strong>Occidentis</strong></span> <span class='ocrx_word' id='word_1_249' title='bbox 855 1875 1144 1944; x_wconf 88' lang='lat' dir='ltr'><strong>imperium</strong></span> <span class='ocrx_word' id='word_1_250' title='bbox 1177 1874 1432 1928; x_wconf 91' lang='lat' dir='ltr'><strong>obtinuit.</strong></span> <span class='ocrx_word' id='word_1_251' title='bbox 1471 1872 1582 1928; x_wconf 86' lang='lat' dir='ltr'><strong>Nec</strong></span> <span class='ocrx_word' id='word_1_252' title='bbox 1611 1875 1783 1929; x_wconf 91' lang='lat' dir='ltr'><strong>multo</strong></span> <span class='ocrx_word' id='word_1_253' title='bbox 1818 1890 1939 1944; x_wconf 83' lang='lat' dir='ltr'><strong>post</strong></span> 
     </span>
    </p>
   </div>
   <div class='ocr_carea' id='block_1_37' title="bbox 2045 1882 2266 1952">
    <p class='ocr_par' dir='ltr' id='par_1_37' title="bbox 2045 1882 2266 1952">
     <span class='ocr_line' id='line_1_37' title="bbox 2045 1882 2266 1952; baseline 0 -18"><span class='ocrx_word' id='word_1_254' title='bbox 2045 1882 2266 1952; x_wconf 90' lang='grc' dir='ltr'>τρόπον,</span> 
     </span>
    </p>
   </div>
   <div class='ocr_carea' id='block_1_38' title="bbox 355 1964 3632 2046">
    <p class='ocr_par' dir='ltr' id='par_1_38' title="bbox 355 1964 3632 2046">
     <span class='ocr_line' id='line_1_38' title="bbox 355 1964 3632 2046; baseline 0.001 -26"><span class='ocrx_word' id='word_1_255' title='bbox 355 1964 678 2022; x_wconf 66' lang='lat' dir='ltr'><strong>Gratianum</strong></span> <span class='ocrx_word' id='word_1_256' title='bbox 719 1968 890 2022; x_wconf 90' lang='lat' dir='ltr'><strong>tilium</strong></span> <span class='ocrx_word' id='word_1_257' title='bbox 931 1984 1111 2031; x_wconf 88' lang='lat' dir='ltr'><strong>suum,</strong></span> <span class='ocrx_word' id='word_1_258' title='bbox 1141 1967 1318 2022; x_wconf 89' lang='lat' dir='ltr'><strong>adhuc</strong></span> <span class='ocrx_word' id='word_1_259' title='bbox 1354 1966 1773 2034; x_wconf 87' lang='lat' dir='ltr'><strong>adolescentem,</strong></span> <span class='ocrx_word' id='word_1_260' title='bbox 1809 1983 1933 2024; x_wconf 91' lang='lat' dir='ltr'><strong>cum</strong></span> <span class='ocrx_word' id='word_1_261' title='bbox 1980 1978 2047 2027; x_wconf 88' lang='lat' dir='ltr'><strong>ad</strong></span> <span class='ocrx_word' id='word_1_262' title='bbox 2089 1976 2378 2046; x_wconf 88' lang='lat' dir='ltr'><strong>imperium</strong></span> <span class='ocrx_word' id='word_1_263' title='bbox 2423 1976 2806 2046; x_wconf 82' lang='lat' dir='ltr'><strong>promovisset,</strong></span> <span class='ocrx_word' id='word_1_264' title='bbox 2854 1977 2922 2032; x_wconf 91' lang='lat' dir='ltr'><strong>ad</strong></span> <span class='ocrx_word' id='word_1_265' title='bbox 2963 1991 3177 2031; x_wconf 88' lang='lat' dir='ltr'><strong>morum</strong></span> <span class='ocrx_word' id='word_1_266' title='bbox 3211 1988 3438 2030; x_wconf 87' lang='lat' dir='ltr'><strong>suorum</strong></span> <span class='ocrx_word' id='word_1_267' title='bbox 3481 1970 3632 2026; x_wconf 88' lang='lat' dir='ltr'><strong>simi-</strong></span> 
     </span>
    </p>
   </div>
   <div class='ocr_carea' id='block_1_39' title="bbox 355 2059 961 2116">
    <p class='ocr_par' dir='ltr' id='par_1_39' title="bbox 355 2059 961 2116">
     <span class='ocr_line' id='line_1_39' title="bbox 355 2059 961 2116; baseline -0.002 -1"><span class='ocrx_word' id='word_1_268' title='bbox 355 2059 639 2116; x_wconf 78' lang='lat' dir='ltr'><strong>ltudinem</strong></span> <span class='ocrx_word' id='word_1_269' title='bbox 685 2060 961 2115; x_wconf 80' lang='lat' dir='ltr'><strong>formavit.</strong></span> 
     </span>
    </p>
   </div>
   <div class='ocr_carea' id='block_1_40' title="bbox 426 2152 1940 2226">
    <p class='ocr_par' dir='ltr' id='par_1_40' title="bbox 426 2152 1940 2226">
     <span class='ocr_line' id='line_1_40' title="bbox 426 2152 1940 2226; baseline 0.001 -17"><span class='ocrx_word' id='word_1_270' title='bbox 426 2153 480 2210; x_wconf 90' lang='lat'><strong>9.</strong></span> <span class='ocrx_word' id='word_1_271' title='bbox 520 2153 754 2224; x_wconf 67' lang='lat' dir='ltr'><strong>Hypatio</strong></span> <span class='ocrx_word' id='word_1_272' title='bbox 811 2154 1117 2224; x_wconf 71' lang='lat' dir='ltr'><strong>philosopha</strong></span> <span class='ocrx_word' id='word_1_273' title='bbox 1155 2155 1274 2223; x_wconf 77' lang='grc' dir='ltr'>(ι’).</span> <span class='ocrx_word' id='word_1_274' title='bbox 1309 2184 1381 2194; x_wconf 89' lang='grc'><strong><em>-</em></strong></span> <span class='ocrx_word' id='word_1_275' title='bbox 1422 2152 1706 2226; x_wconf 79' lang='lat' dir='ltr'><strong>Hypatiam</strong></span> <span class='ocrx_word' id='word_1_276' title='bbox 1766 2153 1940 2211; x_wconf 82' lang='lat' dir='ltr'><strong>Theo-</strong></span> 
     </span>
    </p>
   </div>
   <div class='ocr_carea' id='block_1_41' title="bbox 356 2244 1945 2318">
    <p class='ocr_par' dir='ltr' id='par_1_41' title="bbox 356 2244 1945 2318">
     <span class='ocr_line' id='line_1_41' title="bbox 356 2244 1945 2318; baseline 0.001 -18"><span class='ocrx_word' id='word_1_277' title='bbox 356 2246 441 2302; x_wconf 88' lang='lat' dir='ltr'><strong>nis</strong></span> <span class='ocrx_word' id='word_1_278' title='bbox 477 2244 640 2300; x_wconf 84' lang='lat' dir='ltr'><strong>filiam</strong></span> <span class='ocrx_word' id='word_1_279' title='bbox 663 2246 738 2300; x_wconf 85' lang='lat' dir='ltr'><strong>ait</strong></span> <span class='ocrx_word' id='word_1_280' title='bbox 764 2245 1158 2316; x_wconf 80' lang='lat' dir='ltr'><strong>Philustorgius</strong></span> <span class='ocrx_word' id='word_1_281' title='bbox 1201 2247 1254 2300; x_wconf 92' lang='lat' dir='ltr'><strong>in</strong></span> <span class='ocrx_word' id='word_1_282' title='bbox 1279 2247 1681 2302; x_wconf 86' lang='lat' dir='ltr'><strong>mathematicis</strong></span> <span class='ocrx_word' id='word_1_283' title='bbox 1708 2247 1945 2318; x_wconf 85' lang='lat' dir='ltr'><strong>discipli-</strong></span> 
     </span>
    </p>
   </div>
   <div class='ocr_carea' id='block_1_42' title="bbox 358 2336 1938 2409">
    <p class='ocr_par' dir='ltr' id='par_1_42' title="bbox 358 2336 1938 2409">
     <span class='ocr_line' id='line_1_42' title="bbox 358 2336 1938 2409; baseline 0.001 -18"><span class='ocrx_word' id='word_1_284' title='bbox 358 2336 446 2392; x_wconf 91' lang='lat' dir='ltr'><strong>nis</strong></span> <span class='ocrx_word' id='word_1_285' title='bbox 472 2351 502 2390; x_wconf 91' lang='lat' dir='ltr'><strong>a</strong></span> <span class='ocrx_word' id='word_1_286' title='bbox 533 2346 686 2407; x_wconf 91' lang='lat' dir='ltr'><strong>patre</strong></span> <span class='ocrx_word' id='word_1_287' title='bbox 740 2337 1044 2392; x_wconf 87' lang='lat' dir='ltr'><strong>institutam</strong></span> <span class='ocrx_word' id='word_1_288' title='bbox 1092 2336 1263 2393; x_wconf 81' lang='lat' dir='ltr'><strong>fuisse</strong></span> <span class='ocrx_word' id='word_1_289' title='bbox 1289 2379 1302 2402; x_wconf 92' lang='lat'><strong>,</strong></span> <span class='ocrx_word' id='word_1_290' title='bbox 1342 2339 1436 2392; x_wconf 89' lang='lat' dir='ltr'><strong>sed</strong></span> <span class='ocrx_word' id='word_1_291' title='bbox 1473 2339 1632 2409; x_wconf 82' lang='lat' dir='ltr'><strong>longe</strong></span> <span class='ocrx_word' id='word_1_292' title='bbox 1672 2349 1938 2408; x_wconf 74' lang='lat' dir='ltr'><strong>praestan-</strong></span> 
     </span>
    </p>
   </div>
   <div class='ocr_carea' id='block_1_43' title="bbox 359 2429 1946 2500">
    <p class='ocr_par' dir='ltr' id='par_1_43' title="bbox 359 2429 1946 2500">
     <span class='ocr_line' id='line_1_43' title="bbox 359 2429 1946 2500; baseline 0.001 -17"><span class='ocrx_word' id='word_1_293' title='bbox 359 2429 555 2485; x_wconf 90' lang='lat' dir='ltr'><strong>tiorem</strong></span> <span class='ocrx_word' id='word_1_294' title='bbox 595 2430 861 2500; x_wconf 87' lang='lat' dir='ltr'><strong>magistro</strong></span> <span class='ocrx_word' id='word_1_295' title='bbox 889 2445 990 2484; x_wconf 87' lang='lat' dir='ltr'><strong>suo</strong></span> <span class='ocrx_word' id='word_1_296' title='bbox 1013 2429 1310 2493; x_wconf 78' lang='lat' dir='ltr'><strong>exstitisse,</strong></span> <span class='ocrx_word' id='word_1_297' title='bbox 1347 2431 1647 2499; x_wconf 79' lang='lat' dir='ltr'><strong>praesertim</strong></span> <span class='ocrx_word' id='word_1_298' title='bbox 1683 2431 1736 2485; x_wconf 90' lang='lat' dir='ltr'><strong>in</strong></span> <span class='ocrx_word' id='word_1_299' title='bbox 1770 2440 1946 2486; x_wconf 85' lang='lat' dir='ltr'><strong>astro-</strong></span> 
     </span>
    </p>
   </div>
   <div class='ocr_carea' id='block_1_44' title="bbox 362 2521 1940 2591">
    <p class='ocr_par' dir='ltr' id='par_1_44' title="bbox 362 2521 1940 2591">
     <span class='ocr_line' id='line_1_44' title="bbox 362 2521 1940 2591; baseline -0.001 -16"><span class='ocrx_word' id='word_1_300' title='bbox 362 2521 562 2589; x_wconf 86' lang='lat' dir='ltr'><strong>nomia,</strong></span> <span class='ocrx_word' id='word_1_301' title='bbox 579 2523 824 2578; x_wconf 89' lang='lat' dir='ltr'><strong>etmultis</strong></span> <span class='ocrx_word' id='word_1_302' title='bbox 844 2523 1257 2577; x_wconf 81' lang='lat' dir='ltr'><strong>mathematicas</strong></span> <span class='ocrx_word' id='word_1_303' title='bbox 1278 2521 1598 2591; x_wconf 80' lang='lat' dir='ltr'><strong>disciplinas</strong></span> <span class='ocrx_word' id='word_1_304' title='bbox 1631 2522 1940 2578; x_wconf 87' lang='lat' dir='ltr'><strong>tradidisse.</strong></span> 
     </span>
    </p>
   </div>
   <div class='ocr_carea' id='block_1_45' title="bbox 366 2611 1945 2682">
    <p class='ocr_par' dir='ltr' id='par_1_45' title="bbox 366 2611 1945 2682">
     <span class='ocr_line' id='line_1_45' title="bbox 366 2611 1945 2682; baseline 0.002 -16"><span class='ocrx_word' id='word_1_305' title='bbox 366 2611 655 2668; x_wconf 87' lang='lat' dir='ltr'><strong>Eeamdem</strong></span> <span class='ocrx_word' id='word_1_306' title='bbox 704 2628 882 2668; x_wconf 86' lang='lat' dir='ltr'><strong>tamen</strong></span> <span class='ocrx_word' id='word_1_307' title='bbox 920 2614 1226 2682; x_wconf 77' lang='lat' dir='ltr'><strong>principatu</strong></span> <span class='ocrx_word' id='word_1_308' title='bbox 1270 2611 1560 2667; x_wconf 84' lang='lat' dir='ltr'><strong>Theodosii</strong></span> <span class='ocrx_word' id='word_1_309' title='bbox 1599 2612 1843 2668; x_wconf 81' lang='lat' dir='ltr'><strong>Junioris</strong></span> <span class='ocrx_word' id='word_1_310' title='bbox 1877 2614 1945 2669; x_wconf 90' lang='lat' dir='ltr'><strong>ab</strong></span> 
     </span>
    </p>
   </div>
   <div class='ocr_carea' id='block_1_46' title="bbox 366 2691 1942 2773">
    <p class='ocr_par' dir='ltr' id='par_1_46' title="bbox 366 2691 1942 2773">
     <span class='ocr_line' id='line_1_46' title="bbox 366 2691 1942 2773; baseline 0.001 -15"><span class='ocrx_word' id='word_1_311' title='bbox 366 2703 745 2758; x_wconf 83' lang='lat' dir='ltr'><strong>bomousianis</strong></span> <span class='ocrx_word' id='word_1_312' title='bbox 789 2705 1115 2773; x_wconf 88' lang='lat' dir='ltr'><strong>discerptam</strong></span> <span class='ocrx_word' id='word_1_313' title='bbox 1145 2691 1264 2758; x_wconf 76' lang='lat' dir='ltr'><strong>esse</strong></span> <span class='ocrx_word' id='word_1_314' title='bbox 1309 2703 1511 2773; x_wconf 87' lang='lat' dir='ltr'><strong>impius</strong></span> <span class='ocrx_word' id='word_1_315' title='bbox 1543 2704 1644 2758; x_wconf 81' lang='lat' dir='ltr'><strong>iste</strong></span> <span class='ocrx_word' id='word_1_316' title='bbox 1690 2704 1942 2759; x_wconf 81' lang='lat' dir='ltr'><strong>afﬁrmat.</strong></span> 
     </span>
    </p>
   </div>
   <div class='ocr_carea' id='block_1_47' title="bbox 439 2793 1950 2864">
    <p class='ocr_par' dir='ltr' id='par_1_47' title="bbox 439 2793 1950 2864">
     <span class='ocr_line' id='line_1_47' title="bbox 439 2793 1950 2864; baseline 0.003 -18"><span class='ocrx_word' id='word_1_317' title='bbox 439 2793 524 2847; x_wconf 69' lang='lat'><strong>10.</strong></span> <span class='ocrx_word' id='word_1_318' title='bbox 554 2795 940 2864; x_wconf 79' lang='lat' dir='ltr'><strong>Pliilostorgius</strong></span> <span class='ocrx_word' id='word_1_319' title='bbox 982 2805 1030 2848; x_wconf 89' lang='lat' dir='ltr'><strong>et</strong></span> <span class='ocrx_word' id='word_1_320' title='bbox 1074 2796 1199 2864; x_wconf 80' lang='lat' dir='ltr'><strong>ﬁlii,</strong></span> <span class='ocrx_word' id='word_1_321' title='bbox 1242 2795 1449 2849; x_wconf 86' lang='lat' dir='ltr'><strong>medici.</strong></span> <span class='ocrx_word' id='word_1_322' title='bbox 1489 2828 1557 2838; x_wconf 95' lang='lat'><strong>—</strong></span> <span class='ocrx_word' id='word_1_323' title='bbox 1587 2796 1830 2852; x_wconf 77' lang='lat' dir='ltr'><strong>Valentis</strong></span> <span class='ocrx_word' id='word_1_324' title='bbox 1885 2812 1950 2851; x_wconf 89' lang='lat' dir='ltr'><strong>ac</strong></span> 
     </span>
    </p>
   </div>
   <div class='ocr_carea' id='block_1_48' title="bbox 373 2883 1950 2960">
    <p class='ocr_par' dir='ltr' id='par_1_48' title="bbox 373 2883 1950 2960">
     <span class='ocr_line' id='line_1_48' title="bbox 373 2883 1950 2960; baseline 0.004 -23"><span class='ocrx_word' id='word_1_325' title='bbox 373 2883 730 2939; x_wconf 82' lang='lat' dir='ltr'><strong>Valentiniani</strong></span> <span class='ocrx_word' id='word_1_326' title='bbox 769 2889 1104 2957; x_wconf 89' lang='lat' dir='ltr'><strong>temporibus</strong></span> <span class='ocrx_word' id='word_1_327' title='bbox 1150 2888 1574 2960; x_wconf 79' lang='lat' dir='ltr'><strong>Philostorgium</strong></span> <span class='ocrx_word' id='word_1_328' title='bbox 1627 2890 1830 2946; x_wconf 76' lang='lat' dir='ltr'><strong>vixisse</strong></span> <span class='ocrx_word' id='word_1_329' title='bbox 1862 2905 1950 2944; x_wconf 89' lang='lat' dir='ltr'><strong>re-</strong></span> 
     </span>
    </p>
   </div>
   <div class='ocr_carea' id='block_1_49' title="bbox 2123 2155 3635 2230">
    <p class='ocr_par' dir='ltr' id='par_1_49' title="bbox 2123 2155 3635 2230">
     <span class='ocr_line' id='line_1_49' title="bbox 2123 2155 3635 2230; baseline -0.004 -17"><span class='ocrx_word' id='word_1_330' title='bbox 2123 2159 2186 2213; x_wconf 86' lang='lat'><strong>0&#39;.</strong></span> <span class='ocrx_word' id='word_1_331' title='bbox 2239 2163 2359 2215; x_wconf 82' lang='grc' dir='ltr'>Ὀτι</span> <span class='ocrx_word' id='word_1_332' title='bbox 2413 2155 2568 2226; x_wconf 69' lang='grc' dir='ltr'>οὗτος</span> <span class='ocrx_word' id='word_1_333' title='bbox 2625 2161 2891 2216; x_wconf 82' lang='grc' dir='ltr'>’Υπατίαν</span> <span class='ocrx_word' id='word_1_334' title='bbox 2943 2160 3041 2230; x_wconf 79' lang='grc' dir='ltr'>τὴν</span> <span class='ocrx_word' id='word_1_335' title='bbox 3093 2158 3302 2222; x_wconf 83' lang='grc' dir='ltr'>Θέωνος</span> <span class='ocrx_word' id='word_1_336' title='bbox 3357 2155 3635 2227; x_wconf 75' lang='grc' dir='ltr'>θυγατέρα</span> 
     </span>
    </p>
   </div>
   <div class='ocr_carea' id='block_1_50' title="bbox 2052 2247 3636 2324">
    <p class='ocr_par' dir='ltr' id='par_1_50' title="bbox 2052 2247 3636 2324">
     <span class='ocr_line' id='line_1_50' title="bbox 2052 2247 3636 2324; baseline -0.007 -18"><span class='ocrx_word' id='word_1_337' title='bbox 2052 2253 2203 2324; x_wconf 77' lang='grc' dir='ltr'>παρὰ</span> <span class='ocrx_word' id='word_1_338' title='bbox 2228 2253 2329 2323; x_wconf 86' lang='grc' dir='ltr'>μὲν</span> <span class='ocrx_word' id='word_1_339' title='bbox 2353 2252 2445 2306; x_wconf 82' lang='grc' dir='ltr'>τοῦ</span> <span class='ocrx_word' id='word_1_340' title='bbox 2479 2253 2683 2324; x_wconf 81' lang='grc' dir='ltr'>πατρὸς</span> <span class='ocrx_word' id='word_1_341' title='bbox 2713 2251 3013 2321; x_wconf 81' lang='grc' dir='ltr'>ὲξασκῆσαι</span> <span class='ocrx_word' id='word_1_342' title='bbox 3041 2249 3189 2317; x_wconf 82' lang='grc' dir='ltr'>λέγει</span> <span class='ocrx_word' id='word_1_343' title='bbox 3208 2248 3274 2302; x_wconf 82' lang='grc' dir='ltr'>τὰ</span> <span class='ocrx_word' id='word_1_344' title='bbox 3310 2247 3636 2318; x_wconf 80' lang='grc' dir='ltr'>μαθήματα·</span> 
     </span>
    </p>
   </div>
   <div class='ocr_carea' id='block_1_51' title="bbox 2052 2336 3635 2418">
    <p class='ocr_par' dir='ltr' id='par_1_51' title="bbox 2052 2336 3635 2418">
     <span class='ocr_line' id='line_1_51' title="bbox 2052 2336 3635 2418; baseline -0.006 -20"><span class='ocrx_word' id='word_1_345' title='bbox 2052 2345 2229 2415; x_wconf 83' lang='grc' dir='ltr'>πολλῷ</span> <span class='ocrx_word' id='word_1_346' title='bbox 2257 2343 2312 2398; x_wconf 84' lang='grc' dir='ltr'>δὲ</span> <span class='ocrx_word' id='word_1_347' title='bbox 2353 2346 2585 2418; x_wconf 82' lang='grc' dir='ltr'>κρείττω</span> <span class='ocrx_word' id='word_1_348' title='bbox 2605 2343 2861 2414; x_wconf 83' lang='grc' dir='ltr'>γενέσθαι</span> <span class='ocrx_word' id='word_1_349' title='bbox 2882 2342 2976 2395; x_wconf 80' lang='grc' dir='ltr'>τοῦ</span> <span class='ocrx_word' id='word_1_350' title='bbox 3002 2339 3342 2400; x_wconf 81' lang='grc' dir='ltr'>διδασκάλου,</span> <span class='ocrx_word' id='word_1_351' title='bbox 3362 2338 3455 2392; x_wconf 73' lang='grc' dir='ltr'>καὶ</span> <span class='ocrx_word' id='word_1_352' title='bbox 3483 2336 3635 2408; x_wconf 70' lang='grc' dir='ltr'>μάλι-</span> 
     </span>
    </p>
   </div>
   <div class='ocr_carea' id='block_1_52' title="bbox 2051 2428 3637 2508">
    <p class='ocr_par' dir='ltr' id='par_1_52' title="bbox 2051 2428 3637 2508">
     <span class='ocr_line' id='line_1_52' title="bbox 2051 2428 3637 2508; baseline -0.004 -19"><span class='ocrx_word' id='word_1_353' title='bbox 2051 2437 2152 2492; x_wconf 85' lang='grc' dir='ltr'>στά</span> <span class='ocrx_word' id='word_1_354' title='bbox 2183 2453 2245 2504; x_wconf 90' lang='grc' dir='ltr'><strong>γε</strong></span> <span class='ocrx_word' id='word_1_355' title='bbox 2276 2436 2404 2507; x_wconf 78' lang='grc' dir='ltr'>περὶ</span> <span class='ocrx_word' id='word_1_356' title='bbox 2438 2435 2538 2508; x_wconf 83' lang='grc' dir='ltr'>τὴν</span> <span class='ocrx_word' id='word_1_357' title='bbox 2572 2435 2981 2506; x_wconf 81' lang='grc' dir='ltr'>ἀστροθεάμονα</span> <span class='ocrx_word' id='word_1_358' title='bbox 3011 2433 3227 2502; x_wconf 79' lang='grc' dir='ltr'>τέχνην,</span> <span class='ocrx_word' id='word_1_359' title='bbox 3259 2431 3353 2484; x_wconf 72' lang='grc' dir='ltr'>καὶ</span> <span class='ocrx_word' id='word_1_360' title='bbox 3383 2428 3637 2500; x_wconf 79' lang='grc' dir='ltr'>καθηγή-</span> 
     </span>
    </p>
   </div>
   <div class='ocr_carea' id='block_1_53' title="bbox 2051 2519 3637 2594">
    <p class='ocr_par' dir='ltr' id='par_1_53' title="bbox 2051 2519 3637 2594">
     <span class='ocr_line' id='line_1_53' title="bbox 2051 2519 3637 2594; baseline -0.005 -16"><span class='ocrx_word' id='word_1_361' title='bbox 2051 2525 2245 2579; x_wconf 87' lang='grc' dir='ltr'>σασθαι</span> <span class='ocrx_word' id='word_1_362' title='bbox 2272 2525 2329 2580; x_wconf 83' lang='grc' dir='ltr'>δὲ</span> <span class='ocrx_word' id='word_1_363' title='bbox 2358 2525 2568 2579; x_wconf 87' lang='grc' dir='ltr'>πολλῶν</span> <span class='ocrx_word' id='word_1_364' title='bbox 2589 2528 2646 2578; x_wconf 80' lang='grc' dir='ltr'>ἐν</span> <span class='ocrx_word' id='word_1_365' title='bbox 2674 2526 2783 2588; x_wconf 81' lang='grc' dir='ltr'>τοῖς</span> <span class='ocrx_word' id='word_1_366' title='bbox 2815 2522 3119 2594; x_wconf 73' lang='grc' dir='ltr'>μαθήμασι.</span> <span class='ocrx_word' id='word_1_367' title='bbox 3143 2522 3302 2589; x_wconf 83' lang='grc' dir='ltr'>Λέγει</span> <span class='ocrx_word' id='word_1_368' title='bbox 3325 2520 3369 2572; x_wconf 80' lang='grc' dir='ltr'>δ’</span> <span class='ocrx_word' id='word_1_369' title='bbox 3395 2522 3423 2572; x_wconf 88' lang='grc' dir='ltr'>ὁ</span> <span class='ocrx_word' id='word_1_370' title='bbox 3452 2519 3637 2571; x_wconf 66' lang='lat' dir='ltr'><strong>ous-se-</strong></span> 
     </span>
    </p>
   </div>
   <div class='ocr_carea' id='block_1_54' title="bbox 2049 2612 3639 2689">
    <p class='ocr_par' dir='ltr' id='par_1_54' title="bbox 2049 2612 3639 2689">
     <span class='ocr_line' id='line_1_54' title="bbox 2049 2612 3639 2689; baseline -0.003 -19"><span class='ocrx_word' id='word_1_371' title='bbox 2049 2619 2169 2689; x_wconf 74' lang='grc' dir='ltr'>ϐῆς,</span> <span class='ocrx_word' id='word_1_372' title='bbox 2199 2618 2478 2672; x_wconf 80' lang='grc' dir='ltr'>Θεοδοσίου</span> <span class='ocrx_word' id='word_1_373' title='bbox 2505 2618 2599 2671; x_wconf 81' lang='grc' dir='ltr'>τοῦ</span> <span class='ocrx_word' id='word_1_374' title='bbox 2622 2618 2761 2671; x_wconf 84' lang='grc' dir='ltr'>Νέου</span> <span class='ocrx_word' id='word_1_375' title='bbox 2801 2615 3205 2687; x_wconf 78' lang='grc' dir='ltr'>βασιλεύοντος,</span> <span class='ocrx_word' id='word_1_376' title='bbox 3239 2612 3639 2683; x_wconf 76' lang='grc' dir='ltr'>διασπασθῆναι</span> 
     </span>
    </p>
   </div>
   <div class='ocr_carea' id='block_1_55' title="bbox 2051 2704 3487 2778">
    <p class='ocr_par' dir='ltr' id='par_1_55' title="bbox 2051 2704 3487 2778">
     <span class='ocr_line' id='line_1_55' title="bbox 2051 2704 3487 2778; baseline -0.001 -16"><span class='ocrx_word' id='word_1_377' title='bbox 2051 2709 2112 2762; x_wconf 83' lang='grc' dir='ltr'>τὸ</span> <span class='ocrx_word' id='word_1_378' title='bbox 2138 2709 2358 2778; x_wconf 83' lang='grc' dir='ltr'>γύναιον</span> <span class='ocrx_word' id='word_1_379' title='bbox 2387 2710 2491 2762; x_wconf 79' lang='grc' dir='ltr'><strong>ὑπὸ</strong></span> <span class='ocrx_word' id='word_1_380' title='bbox 2515 2707 2622 2761; x_wconf 91' lang='grc' dir='ltr'><strong>τῶν</strong></span> <span class='ocrx_word' id='word_1_381' title='bbox 2653 2708 2713 2760; x_wconf 73' lang='grc' dir='ltr'>τὸ</span> <span class='ocrx_word' id='word_1_382' title='bbox 2732 2704 3020 2778; x_wconf 80' lang='grc' dir='ltr'>όμοούσιον</span> <span class='ocrx_word' id='word_1_383' title='bbox 3049 2704 3487 2775; x_wconf 76' lang='grc' dir='ltr'>πρεσϐευόντων.</span> 
     </span>
    </p>
   </div>
   <div class='ocr_carea' id='block_1_56' title="bbox 2127 2795 3644 2866">
    <p class='ocr_par' dir='ltr' id='par_1_56' title="bbox 2127 2795 3644 2866">
     <span class='ocr_line' id='line_1_56' title="bbox 2127 2795 3644 2866; baseline -0.006 -12"><span class='ocrx_word' id='word_1_384' title='bbox 2127 2808 2179 2854; x_wconf 89' lang='grc' dir='ltr'><strong>ι’.</strong></span> <span class='ocrx_word' id='word_1_385' title='bbox 2214 2803 2333 2855; x_wconf 84' lang='grc' dir='ltr'>Ὅτι</span> <span class='ocrx_word' id='word_1_386' title='bbox 2361 2801 2503 2855; x_wconf 82' lang='grc' dir='ltr'>κατὰ</span> <span class='ocrx_word' id='word_1_387' title='bbox 2540 2799 2815 2854; x_wconf 75' lang='grc' dir='ltr'>Οὐάλεντα</span> <span class='ocrx_word' id='word_1_388' title='bbox 2852 2799 2946 2851; x_wconf 73' lang='grc' dir='ltr'>καὶ</span> <span class='ocrx_word' id='word_1_389' title='bbox 2968 2797 3414 2851; x_wconf 83' lang='grc' dir='ltr'>Οὐαλεντινιανὸν</span> <span class='ocrx_word' id='word_1_390' title='bbox 3439 2795 3644 2866; x_wconf 83' lang='grc' dir='ltr'>ἱστορεῖ</span> 
     </span>
    </p>
   </div>
   <div class='ocr_carea' id='block_1_57' title="bbox 2054 2883 3640 2961">
    <p class='ocr_par' dir='ltr' id='par_1_57' title="bbox 2054 2883 3640 2961">
     <span class='ocr_line' id='line_1_57' title="bbox 2054 2883 3640 2961; baseline -0.006 -18"><span class='ocrx_word' id='word_1_391' title='bbox 2054 2891 2146 2943; x_wconf 76' lang='grc' dir='ltr'><strong>τὸν</strong></span> <span class='ocrx_word' id='word_1_392' title='bbox 2167 2890 2544 2961; x_wconf 79' lang='grc' dir='ltr'>Φιλοστόργιον</span> <span class='ocrx_word' id='word_1_393' title='bbox 2565 2887 2838 2958; x_wconf 86' lang='grc' dir='ltr'>γενέσθαι,</span> <span class='ocrx_word' id='word_1_394' title='bbox 2857 2886 2915 2950; x_wconf 88' lang='grc' dir='ltr'>ὃς</span> <span class='ocrx_word' id='word_1_395' title='bbox 2941 2887 3160 2953; x_wconf 78' lang='grc' dir='ltr'>ἀριστος</span> <span class='ocrx_word' id='word_1_396' title='bbox 3185 2883 3383 2954; x_wconf 83' lang='grc' dir='ltr'>ίατρῶν</span> <span class='ocrx_word' id='word_1_397' title='bbox 3403 2885 3640 2952; x_wconf 79' lang='grc' dir='ltr'>ὑπῆρχε,</span> 
     </span>
    </p>
   </div>
   <div class='ocr_carea' id='block_1_58' title="bbox 367 2972 1949 3067">
    <p class='ocr_par' dir='ltr' id='par_1_58' title="bbox 367 2972 1949 3049">
     <span class='ocr_line' id='line_1_58' title="bbox 367 2972 1949 3049; baseline 0.003 -21"><span class='ocrx_word' id='word_1_398' title='bbox 367 2972 476 3030; x_wconf 91' lang='lat' dir='ltr'><strong>fert</strong></span> <span class='ocrx_word' id='word_1_399' title='bbox 499 2975 589 3031; x_wconf 90' lang='lat' dir='ltr'><strong>hic</strong></span> <span class='ocrx_word' id='word_1_400' title='bbox 616 2977 874 3046; x_wconf 89' lang='lat' dir='ltr'><strong>scriptor,</strong></span> <span class='ocrx_word' id='word_1_401' title='bbox 915 2978 1007 3048; x_wconf 87' lang='lat' dir='ltr'><strong>qui</strong></span> <span class='ocrx_word' id='word_1_402' title='bbox 1041 2979 1376 3034; x_wconf 90' lang='lat' dir='ltr'><strong>medicorum</strong></span> <span class='ocrx_word' id='word_1_403' title='bbox 1411 2981 1654 3034; x_wconf 90' lang='lat' dir='ltr'><strong>omnium</strong></span> <span class='ocrx_word' id='word_1_404' title='bbox 1686 2990 1949 3049; x_wconf 68' lang='lat' dir='ltr'><strong>praestau-</strong></span> 
     </span>
    </p>
   </div>
   <div class='ocr_carea' id='block_1_59' title="bbox 2065 2972 3645 3067">
    <p class='ocr_par' dir='ltr' id='par_1_59' title="bbox 2065 2974 3645 3053">
     <span class='ocr_line' id='line_1_59' title="bbox 2065 2974 3645 3053; baseline -0.007 -17"><span class='ocrx_word' id='word_1_405' title='bbox 2065 2984 2152 3036; x_wconf 75' lang='grc' dir='ltr'>καὶ</span> <span class='ocrx_word' id='word_1_406' title='bbox 2174 2983 2367 3046; x_wconf 83' lang='grc' dir='ltr'>παῖδας</span> <span class='ocrx_word' id='word_1_407' title='bbox 2388 2981 2552 3050; x_wconf 79' lang='grc' dir='ltr'>φῦσαι</span> <span class='ocrx_word' id='word_1_408' title='bbox 2567 2980 2851 3053; x_wconf 82' lang='grc' dir='ltr'>Φιλάγριόν</span> <span class='ocrx_word' id='word_1_409' title='bbox 2870 2997 2929 3033; x_wconf 86' lang='grc' dir='ltr'><strong>τε</strong></span> <span class='ocrx_word' id='word_1_410' title='bbox 2946 2979 3039 3034; x_wconf 77' lang='grc' dir='ltr'>καὶ</span> <span class='ocrx_word' id='word_1_411' title='bbox 3057 2975 3432 3031; x_wconf 83' lang='grc' dir='ltr'>Ποσειδώνιον·</span> <span class='ocrx_word' id='word_1_412' title='bbox 3452 2974 3645 3027; x_wconf 77' lang='grc' dir='ltr'>θεάσα-</span> 
     </span>
    </p>
   </div>
   <div class='ocr_carea' id='block_1_60' title="bbox 368 3065 1962 3140">
    <p class='ocr_par' dir='ltr' id='par_1_60' title="bbox 368 3065 1962 3140">
     <span class='ocr_line' id='line_1_60' title="bbox 368 3065 1962 3140; baseline 0.004 -22"><span class='ocrx_word' id='word_1_413' title='bbox 368 3065 618 3121; x_wconf 85' lang='lat' dir='ltr'><strong>tissimus</strong></span> <span class='ocrx_word' id='word_1_414' title='bbox 671 3065 809 3134; x_wconf 89' lang='lat' dir='ltr'><strong>fuit;</strong></span> <span class='ocrx_word' id='word_1_415' title='bbox 862 3068 1003 3124; x_wconf 80' lang='lat' dir='ltr'><strong>filios</strong></span> <span class='ocrx_word' id='word_1_416' title='bbox 1061 3079 1240 3124; x_wconf 87' lang='lat' dir='ltr'><strong>autem</strong></span> <span class='ocrx_word' id='word_1_417' title='bbox 1309 3069 1496 3125; x_wconf 88' lang='lat' dir='ltr'><strong>habuit</strong></span> <span class='ocrx_word' id='word_1_418' title='bbox 1531 3069 1864 3140; x_wconf 75' lang='lat' dir='ltr'><strong>Philagrium</strong></span> <span class='ocrx_word' id='word_1_419' title='bbox 1908 3079 1962 3124; x_wconf 84' lang='lat' dir='ltr'><strong>et</strong></span> 
     </span>
    </p>
   </div>
   <div class='ocr_carea' id='block_1_61' title="bbox 371 3155 1960 3228">
    <p class='ocr_par' dir='ltr' id='par_1_61' title="bbox 371 3155 1960 3228">
     <span class='ocr_line' id='line_1_61' title="bbox 371 3155 1960 3228; baseline 0.004 -20"><span class='ocrx_word' id='word_1_420' title='bbox 371 3155 765 3212; x_wconf 88' lang='lat' dir='ltr'><strong>Posidonium:</strong></span> <span class='ocrx_word' id='word_1_421' title='bbox 814 3173 882 3213; x_wconf 77' lang='lat' dir='ltr'><strong>ex</strong></span> <span class='ocrx_word' id='word_1_422' title='bbox 914 3159 1115 3228; x_wconf 85' lang='lat' dir='ltr'><strong>quibus</strong></span> <span class='ocrx_word' id='word_1_423' title='bbox 1175 3159 1529 3215; x_wconf 83' lang='lat' dir='ltr'><strong>Posidonium</strong></span> <span class='ocrx_word' id='word_1_424' title='bbox 1583 3162 1652 3215; x_wconf 89' lang='lat' dir='ltr'><strong>ab</strong></span> <span class='ocrx_word' id='word_1_425' title='bbox 1695 3177 1752 3216; x_wconf 92' lang='lat' dir='ltr'><strong>se</strong></span> <span class='ocrx_word' id='word_1_426' title='bbox 1782 3161 1960 3215; x_wconf 89' lang='lat' dir='ltr'><strong>visum</strong></span> 
     </span>
    </p>
   </div>
   <div class='ocr_carea' id='block_1_62' title="bbox 373 3251 1959 3315">
    <p class='ocr_par' dir='ltr' id='par_1_62' title="bbox 373 3251 1959 3315">
     <span class='ocr_line' id='line_1_62' title="bbox 373 3251 1959 3315; baseline 0.004 -13"><span class='ocrx_word' id='word_1_427' title='bbox 373 3262 495 3303; x_wconf 84' lang='lat' dir='ltr'><strong>esse</strong></span> <span class='ocrx_word' id='word_1_428' title='bbox 521 3256 773 3315; x_wconf 87' lang='lat' dir='ltr'><strong>testatur,</strong></span> <span class='ocrx_word' id='word_1_429' title='bbox 797 3251 851 3305; x_wconf 85' lang='lat' dir='ltr'><strong>in</strong></span> <span class='ocrx_word' id='word_1_430' title='bbox 879 3260 997 3306; x_wconf 88' lang='lat' dir='ltr'><strong>arte</strong></span> <span class='ocrx_word' id='word_1_431' title='bbox 1021 3253 1226 3306; x_wconf 89' lang='lat' dir='ltr'><strong>medica</strong></span> <span class='ocrx_word' id='word_1_432' title='bbox 1251 3255 1623 3308; x_wconf 79' lang='lat' dir='ltr'><strong>excellentem.</strong></span> <span class='ocrx_word' id='word_1_433' title='bbox 1656 3253 1756 3308; x_wconf 85' lang='lat' dir='ltr'><strong>llic</strong></span> <span class='ocrx_word' id='word_1_434' title='bbox 1780 3265 1959 3308; x_wconf 82' lang='lat' dir='ltr'><strong>tamen</strong></span> 
     </span>
    </p>
   </div>
   <div class='ocr_carea' id='block_1_63' title="bbox 370 3337 1958 3407">
    <p class='ocr_par' dir='ltr' id='par_1_63' title="bbox 370 3337 1958 3407">
     <span class='ocr_line' id='line_1_63' title="bbox 370 3337 1958 3407; baseline 0.003 -13"><span class='ocrx_word' id='word_1_435' title='bbox 370 3337 704 3396; x_wconf 85' lang='lat' dir='ltr'><strong>Posidonius</strong></span> <span class='ocrx_word' id='word_1_436' title='bbox 732 3341 870 3397; x_wconf 83' lang='lat' dir='ltr'><strong>falso</strong></span> <span class='ocrx_word' id='word_1_437' title='bbox 903 3345 1204 3407; x_wconf 82' lang='lat' dir='ltr'><strong>asserebat,</strong></span> <span class='ocrx_word' id='word_1_438' title='bbox 1240 3345 1487 3400; x_wconf 86' lang='lat' dir='ltr'><strong>homines</strong></span> <span class='ocrx_word' id='word_1_439' title='bbox 1509 3362 1614 3400; x_wconf 87' lang='lat' dir='ltr'><strong>non</strong></span> <span class='ocrx_word' id='word_1_440' title='bbox 1651 3345 1958 3399; x_wconf 67' lang='lat' dir='ltr'><strong>daemonum</strong></span> 
     </span>
    </p>
   </div>
   <div class='ocr_carea' id='block_1_64' title="bbox 374 3431 1958 3506">
    <p class='ocr_par' dir='ltr' id='par_1_64' title="bbox 374 3431 1958 3506">
     <span class='ocr_line' id='line_1_64' title="bbox 374 3431 1958 3506; baseline 0.003 -21"><span class='ocrx_word' id='word_1_441' title='bbox 374 3431 617 3501; x_wconf 74' lang='lat' dir='ltr'><strong>imptﬂsu</strong></span> <span class='ocrx_word' id='word_1_442' title='bbox 665 3432 957 3500; x_wconf 84' lang='lat' dir='ltr'><strong>bacchari;</strong></span> <span class='ocrx_word' id='word_1_443' title='bbox 995 3437 1088 3490; x_wconf 58' lang='lat' dir='ltr'><strong>md</strong></span> <span class='ocrx_word' id='word_1_444' title='bbox 1144 3438 1410 3491; x_wconf 83' lang='lat' dir='ltr'><strong>malorum</strong></span> <span class='ocrx_word' id='word_1_445' title='bbox 1446 3439 1808 3506; x_wconf 81' lang='lat' dir='ltr'><strong>quorumdam</strong></span> <span class='ocrx_word' id='word_1_446' title='bbox 1855 3440 1958 3492; x_wconf 87' lang='lat' dir='ltr'><strong>hu-</strong></span> 
     </span>
    </p>
   </div>
   <div class='ocr_carea' id='block_1_65' title="bbox 374 3524 1959 3598">
    <p class='ocr_par' dir='ltr' id='par_1_65' title="bbox 374 3524 1959 3598">
     <span class='ocr_line' id='line_1_65' title="bbox 374 3524 1959 3598; baseline 0.004 -22"><span class='ocrx_word' id='word_1_447' title='bbox 374 3536 591 3579; x_wconf 89' lang='lat' dir='ltr'><strong>morum</strong></span> <span class='ocrx_word' id='word_1_448' title='bbox 622 3524 984 3580; x_wconf 89' lang='lat' dir='ltr'><strong>redundantia</strong></span> <span class='ocrx_word' id='word_1_449' title='bbox 1021 3527 1073 3581; x_wconf 88' lang='lat' dir='ltr'><strong>id</strong></span> <span class='ocrx_word' id='word_1_450' title='bbox 1107 3527 1254 3590; x_wconf 83' lang='lat' dir='ltr'><strong>fieri;</strong></span> <span class='ocrx_word' id='word_1_451' title='bbox 1285 3544 1460 3598; x_wconf 81' lang='lat' dir='ltr'><strong>neque</strong></span> <span class='ocrx_word' id='word_1_452' title='bbox 1480 3530 1623 3582; x_wconf 88' lang='lat' dir='ltr'><strong>enim</strong></span> <span class='ocrx_word' id='word_1_453' title='bbox 1649 3529 1959 3584; x_wconf 67' lang='lat' dir='ltr'><strong>daemonum</strong></span> 
     </span>
    </p>
   </div>
   <div class='ocr_carea' id='block_1_66' title="bbox 377 3614 1962 3698">
    <p class='ocr_par' dir='ltr' id='par_1_66' title="bbox 377 3614 1962 3698">
     <span class='ocr_line' id='line_1_66' title="bbox 377 3614 1962 3698; baseline 0.005 -33"><span class='ocrx_word' id='word_1_454' title='bbox 377 3614 490 3669; x_wconf 83' lang='lat' dir='ltr'><strong>vim</strong></span> <span class='ocrx_word' id='word_1_455' title='bbox 519 3615 682 3670; x_wconf 90' lang='lat' dir='ltr'><strong>ullam</strong></span> <span class='ocrx_word' id='word_1_456' title='bbox 725 3630 867 3680; x_wconf 90' lang='lat' dir='ltr'><strong>esse,</strong></span> <span class='ocrx_word' id='word_1_457' title='bbox 899 3632 1020 3686; x_wconf 62' lang='lat' dir='ltr'><strong>quin</strong></span> <span class='ocrx_word' id='word_1_458' title='bbox 1049 3617 1330 3698; x_wconf 75' lang='lat' dir='ltr'><strong>hominum</strong></span> <span class='ocrx_word' id='word_1_459' title='bbox 1359 3635 1529 3688; x_wconf 81' lang='lat' dir='ltr'><strong>genus</strong></span> <span class='ocrx_word' id='word_1_460' title='bbox 1564 3629 1806 3674; x_wconf 83' lang='lat' dir='ltr'><strong>vexaret.</strong></span> <span class='ocrx_word' id='word_1_461' title='bbox 1839 3619 1962 3673; x_wconf 87' lang='lat' dir='ltr'><strong>Flo-</strong></span> 
     </span>
    </p>
   </div>
   <div class='ocr_carea' id='block_1_67' title="bbox 375 3708 1958 3780">
    <p class='ocr_par' dir='ltr' id='par_1_67' title="bbox 375 3708 1958 3780">
     <span class='ocr_line' id='line_1_67' title="bbox 375 3708 1958 3780; baseline 0 -16"><span class='ocrx_word' id='word_1_462' title='bbox 375 3711 490 3764; x_wconf 90' lang='lat' dir='ltr'><strong>ruit</strong></span> <span class='ocrx_word' id='word_1_463' title='bbox 520 3709 684 3763; x_wconf 86' lang='lat' dir='ltr'><strong>etiam</strong></span> <span class='ocrx_word' id='word_1_464' title='bbox 720 3708 910 3763; x_wconf 90' lang='lat' dir='ltr'><strong>iisdem</strong></span> <span class='ocrx_word' id='word_1_465' title='bbox 954 3710 1292 3779; x_wconf 89' lang='lat' dir='ltr'><strong>temporibus</strong></span> <span class='ocrx_word' id='word_1_466' title='bbox 1326 3710 1669 3764; x_wconf 76' lang='lat' dir='ltr'><strong>Alexandriae</strong></span> <span class='ocrx_word' id='word_1_467' title='bbox 1706 3709 1958 3780; x_wconf 78' lang='lat' dir='ltr'><strong>Magnus,</strong></span> 
     </span>
    </p>
   </div>
   <div class='ocr_carea' id='block_1_68' title="bbox 375 3799 1379 3872">
    <p class='ocr_par' dir='ltr' id='par_1_68' title="bbox 375 3799 1379 3872">
     <span class='ocr_line' id='line_1_68' title="bbox 375 3799 1379 3872; baseline 0.002 -20"><span class='ocrx_word' id='word_1_468' title='bbox 375 3800 484 3870; x_wconf 83' lang='lat' dir='ltr'><strong>qui°</strong></span> <span class='ocrx_word' id='word_1_469' title='bbox 507 3799 753 3853; x_wconf 90' lang='lat' dir='ltr'><strong>eamdem</strong></span> <span class='ocrx_word' id='word_1_470' title='bbox 789 3809 961 3855; x_wconf 89' lang='lat' dir='ltr'><strong>artem</strong></span> <span class='ocrx_word' id='word_1_471' title='bbox 1004 3801 1379 3872; x_wconf 78' lang='lat' dir='ltr'><strong>proﬁtebatur.</strong></span> 
     </span>
    </p>
   </div>
   <div class='ocr_carea' id='block_1_69' title="bbox 449 3888 1962 3962">
    <p class='ocr_par' dir='ltr' id='par_1_69' title="bbox 449 3888 1962 3962">
     <span class='ocr_line' id='line_1_69' title="bbox 449 3888 1962 3962; baseline 0.003 -19"><span class='ocrx_word' id='word_1_472' title='bbox 449 3890 533 3944; x_wconf 83' lang='grc' dir='ltr'>Η.</span> <span class='ocrx_word' id='word_1_473' title='bbox 571 3889 742 3943; x_wconf 81' lang='lat' dir='ltr'><strong>Basil.</strong></span> <span class='ocrx_word' id='word_1_474' title='bbox 791 3888 949 3960; x_wconf 83' lang='lat' dir='ltr'><strong>Greg.</strong></span> <span class='ocrx_word' id='word_1_475' title='bbox 977 3888 1120 3945; x_wconf 79' lang='lat' dir='ltr'><strong>Naz.</strong></span> <span class='ocrx_word' id='word_1_476' title='bbox 1153 3892 1503 3960; x_wconf 78' lang='lat' dir='ltr'><strong>Apollinaris.</strong></span> <span class='ocrx_word' id='word_1_477' title='bbox 1527 3923 1594 3931; x_wconf 95' lang='lat'><strong>—</strong></span> <span class='ocrx_word' id='word_1_478' title='bbox 1622 3891 1823 3962; x_wconf 88' lang='lat' dir='ltr'><strong>Impius</strong></span> <span class='ocrx_word' id='word_1_479' title='bbox 1859 3893 1962 3947; x_wconf 86' lang='lat' dir='ltr'><strong>iste</strong></span> 
     </span>
    </p>
   </div>
   <div class='ocr_carea' id='block_1_70' title="bbox 377 3980 1963 4052">
    <p class='ocr_par' dir='ltr' id='par_1_70' title="bbox 377 3980 1963 4052">
     <span class='ocr_line' id='line_1_70' title="bbox 377 3980 1963 4052; baseline -0.003 -16"><span class='ocrx_word' id='word_1_480' title='bbox 377 3980 628 4049; x_wconf 78' lang='lat' dir='ltr'><strong>scriptor,</strong></span> <span class='ocrx_word' id='word_1_481' title='bbox 662 3981 788 4034; x_wconf 89' lang='lat' dir='ltr'><strong>licet</strong></span> <span class='ocrx_word' id='word_1_482' title='bbox 832 3981 1059 4046; x_wconf 87' lang='lat' dir='ltr'><strong>invitus,</strong></span> <span class='ocrx_word' id='word_1_483' title='bbox 1095 3981 1353 4037; x_wconf 86' lang='lat' dir='ltr'><strong>Basilium</strong></span> <span class='ocrx_word' id='word_1_484' title='bbox 1392 3981 1641 4052; x_wconf 82' lang='lat' dir='ltr'><strong>Magnum</strong></span> <span class='ocrx_word' id='word_1_485' title='bbox 1680 3992 1733 4036; x_wconf 84' lang='lat' dir='ltr'><strong>et</strong></span> <span class='ocrx_word' id='word_1_486' title='bbox 1759 3981 1963 4050; x_wconf 80' lang='lat' dir='ltr'><strong>Grego-</strong></span> 
     </span>
    </p>
   </div>
   <div class='ocr_carea' id='block_1_71' title="bbox 378 4069 1959 4143">
    <p class='ocr_par' dir='ltr' id='par_1_71' title="bbox 378 4069 1959 4143">
     <span class='ocr_line' id='line_1_71' title="bbox 378 4069 1959 4143; baseline 0.002 -19"><span class='ocrx_word' id='word_1_487' title='bbox 378 4070 519 4124; x_wconf 89' lang='lat' dir='ltr'><strong>rium</strong></span> <span class='ocrx_word' id='word_1_488' title='bbox 575 4069 908 4141; x_wconf 82' lang='lat' dir='ltr'><strong>Theologum</strong></span> <span class='ocrx_word' id='word_1_489' title='bbox 964 4075 1242 4143; x_wconf 80' lang='lat' dir='ltr'><strong>sapientiae</strong></span> <span class='ocrx_word' id='word_1_490' title='bbox 1286 4089 1450 4128; x_wconf 89' lang='lat' dir='ltr'><strong>causa</strong></span> <span class='ocrx_word' id='word_1_491' title='bbox 1496 4074 1816 4128; x_wconf 90' lang='lat' dir='ltr'><strong>admiratur.</strong></span> <span class='ocrx_word' id='word_1_492' title='bbox 1849 4072 1959 4127; x_wconf 81' lang='lat' dir='ltr'><strong>Na-</strong></span> 
     </span>
    </p>
   </div>
   <div class='ocr_carea' id='block_1_72' title="bbox 381 4161 1958 4233">
    <p class='ocr_par' dir='ltr' id='par_1_72' title="bbox 381 4161 1958 4233">
     <span class='ocr_line' id='line_1_72' title="bbox 381 4161 1958 4233; baseline 0.003 -20"><span class='ocrx_word' id='word_1_493' title='bbox 381 4162 630 4213; x_wconf 74' lang='lat' dir='ltr'><strong>zianzum</strong></span> <span class='ocrx_word' id='word_1_494' title='bbox 682 4175 811 4214; x_wconf 88' lang='lat' dir='ltr'><strong>vero</strong></span> <span class='ocrx_word' id='word_1_495' title='bbox 841 4164 1068 4230; x_wconf 89' lang='lat' dir='ltr'><strong>patriam</strong></span> <span class='ocrx_word' id='word_1_496' title='bbox 1112 4162 1379 4233; x_wconf 79' lang='lat' dir='ltr'><strong>Gregorii,</strong></span> <span class='ocrx_word' id='word_1_497' title='bbox 1420 4161 1761 4218; x_wconf 86' lang='lat' dir='ltr'><strong>Nadiandum</strong></span> <span class='ocrx_word' id='word_1_498' title='bbox 1793 4165 1958 4219; x_wconf 89' lang='lat' dir='ltr'><strong>etiam</strong></span> 
     </span>
    </p>
   </div>
   <div class='ocr_carea' id='block_1_73' title="bbox 382 4250 1961 4326">
    <p class='ocr_par' dir='ltr' id='par_1_73' title="bbox 382 4250 1961 4326">
     <span class='ocr_line' id='line_1_73' title="bbox 382 4250 1961 4326; baseline 0.003 -21"><span class='ocrx_word' id='word_1_499' title='bbox 382 4252 645 4308; x_wconf 88' lang='lat' dir='ltr'><strong>nominat.</strong></span> <span class='ocrx_word' id='word_1_500' title='bbox 670 4250 1034 4322; x_wconf 79' lang='lat' dir='ltr'><strong>Apollinarem</strong></span> <span class='ocrx_word' id='word_1_501' title='bbox 1059 4263 1236 4310; x_wconf 89' lang='lat' dir='ltr'><strong>tamen</strong></span> <span class='ocrx_word' id='word_1_502' title='bbox 1264 4255 1648 4317; x_wconf 84' lang='lat' dir='ltr'><strong>Laodicenum,</strong></span> <span class='ocrx_word' id='word_1_503' title='bbox 1674 4257 1816 4326; x_wconf 92' lang='lat' dir='ltr'><strong>quod</strong></span> <span class='ocrx_word' id='word_1_504' title='bbox 1838 4257 1961 4325; x_wconf 90' lang='lat' dir='ltr'><strong>qui-</strong></span> 
     </span>
    </p>
   </div>
   <div class='ocr_carea' id='block_1_74' title="bbox 2063 3066 3642 3142">
    <p class='ocr_par' dir='ltr' id='par_1_74' title="bbox 2063 3066 3642 3142">
     <span class='ocr_line' id='line_1_74' title="bbox 2063 3066 3642 3142; baseline -0.006 -14"><span class='ocrx_word' id='word_1_505' title='bbox 2063 3075 2184 3128; x_wconf 86' lang='grc' dir='ltr'>σθαι</span> <span class='ocrx_word' id='word_1_506' title='bbox 2213 3074 2269 3128; x_wconf 74' lang='grc' dir='ltr'>δὲ.</span> <span class='ocrx_word' id='word_1_507' title='bbox 2296 3074 2386 3127; x_wconf 79' lang='grc' dir='ltr'>τὸν</span> <span class='ocrx_word' id='word_1_508' title='bbox 2409 3072 2761 3127; x_wconf 83' lang='grc' dir='ltr'>Ποσειδώνιον</span> <span class='ocrx_word' id='word_1_509' title='bbox 2807 3075 2864 3125; x_wconf 85' lang='grc' dir='ltr'>ὲν</span> <span class='ocrx_word' id='word_1_510' title='bbox 2895 3074 3111 3142; x_wconf 80' lang='grc' dir='ltr'>ἰατρικῇ</span> <span class='ocrx_word' id='word_1_511' title='bbox 3129 3068 3514 3140; x_wconf 77' lang='grc' dir='ltr'>διαπρέποντα.</span> <span class='ocrx_word' id='word_1_512' title='bbox 3535 3066 3642 3119; x_wconf 83' lang='grc' dir='ltr'><strong>Λέ-</strong></span> 
     </span>
    </p>
   </div>
   <div class='ocr_carea' id='block_1_75' title="bbox 2063 3157 3643 3234">
    <p class='ocr_par' dir='ltr' id='par_1_75' title="bbox 2063 3157 3643 3234">
     <span class='ocr_line' id='line_1_75' title="bbox 2063 3157 3643 3234; baseline -0.006 -15"><span class='ocrx_word' id='word_1_513' title='bbox 2063 3183 2178 3234; x_wconf 87' lang='grc' dir='ltr'>γειν</span> <span class='ocrx_word' id='word_1_514' title='bbox 2198 3165 2242 3218; x_wconf 77' lang='grc' dir='ltr'>δ’</span> <span class='ocrx_word' id='word_1_515' title='bbox 2269 3163 2430 3218; x_wconf 84' lang='grc' dir='ltr'>αὑτὸν</span> <span class='ocrx_word' id='word_1_516' title='bbox 2449 3165 2599 3234; x_wconf 84' lang='grc' dir='ltr'>ὅμως</span> <span class='ocrx_word' id='word_1_517' title='bbox 2617 3163 2716 3216; x_wconf 79' lang='grc' dir='ltr'>οὐκ</span> <span class='ocrx_word' id='word_1_518' title='bbox 2736 3162 2932 3233; x_wconf 82' lang='grc' dir='ltr'>ὀρθῶς,</span> <span class='ocrx_word' id='word_1_519' title='bbox 2955 3162 3074 3231; x_wconf 57' lang='grc' dir='ltr'><strong>οὐχὶ⁵</strong></span> <span class='ocrx_word' id='word_1_520' title='bbox 3095 3159 3366 3230; x_wconf 85' lang='grc' dir='ltr'>δαιμόνων</span> <span class='ocrx_word' id='word_1_521' title='bbox 3397 3157 3643 3210; x_wconf 79' lang='grc' dir='ltr'>ὲπιθέσει</span> 
     </span>
    </p>
   </div>
   <div class='ocr_carea' id='block_1_76' title="bbox 2061 3251 3643 3325">
    <p class='ocr_par' dir='ltr' id='par_1_76' title="bbox 2061 3251 3643 3325">
     <span class='ocr_line' id='line_1_76' title="bbox 2061 3251 3643 3325; baseline -0.005 -15"><span class='ocrx_word' id='word_1_522' title='bbox 2061 3259 2186 3319; x_wconf 76' lang='grc' dir='ltr'>τοὺς</span> <span class='ocrx_word' id='word_1_523' title='bbox 2204 3255 2522 3325; x_wconf 80' lang='grc' dir='ltr'>ἀνθρώπους</span> <span class='ocrx_word' id='word_1_524' title='bbox 2535 3253 2985 3322; x_wconf 77' lang='grc' dir='ltr'>ὲκϐακχεύεσθαι,</span> <span class='ocrx_word' id='word_1_525' title='bbox 3005 3251 3189 3322; x_wconf 82' lang='grc' dir='ltr'>ὑγρῶν</span> <span class='ocrx_word' id='word_1_526' title='bbox 3211 3251 3266 3304; x_wconf 82' lang='grc' dir='ltr'><strong>δέ</strong></span> <span class='ocrx_word' id='word_1_527' title='bbox 3287 3267 3448 3303; x_wconf 83' lang='grc' dir='ltr'>τινων</span> <span class='ocrx_word' id='word_1_528' title='bbox 3471 3266 3643 3303; x_wconf 81' lang='grc' dir='ltr'>κακο-</span> 
     </span>
    </p>
   </div>
   <div class='ocr_carea' id='block_1_77' title="bbox 2062 3339 3648 3420">
    <p class='ocr_par' dir='ltr' id='par_1_77' title="bbox 2062 3339 3648 3420">
     <span class='ocr_line' id='line_1_77' title="bbox 2062 3339 3648 3420; baseline -0.004 -18"><span class='ocrx_word' id='word_1_529' title='bbox 2062 3368 2127 3420; x_wconf 80' lang='grc' dir='ltr'><strong>χυ</strong></span> <span class='ocrx_word' id='word_1_530' title='bbox 2137 3349 2263 3419; x_wconf 88' lang='grc' dir='ltr'>μίαν</span> <span class='ocrx_word' id='word_1_531' title='bbox 2281 3349 2339 3400; x_wconf 85' lang='grc' dir='ltr'><strong>τὺ</strong></span> <span class='ocrx_word' id='word_1_532' title='bbox 2364 3347 2534 3410; x_wconf 81' lang='grc' dir='ltr'>πάθος</span> <span class='ocrx_word' id='word_1_533' title='bbox 2553 3345 2879 3418; x_wconf 75' lang='grc' dir='ltr'>ἐργάζεσθαι</span> <span class='ocrx_word' id='word_1_534' title='bbox 2903 3363 2914 3374; x_wconf 79' lang='grc'><em>’</em></span> <span class='ocrx_word' id='word_1_535' title='bbox 2941 3344 3072 3415; x_wconf 80' lang='grc' dir='ltr'>μηδὲ</span> <span class='ocrx_word' id='word_1_536' title='bbox 3093 3344 3200 3416; x_wconf 80' lang='grc' dir='ltr'>γὰρ</span> <span class='ocrx_word' id='word_1_537' title='bbox 3223 3339 3362 3396; x_wconf 80' lang='grc' dir='ltr'>εἶναι</span> <span class='ocrx_word' id='word_1_538' title='bbox 3389 3342 3448 3396; x_wconf 76' lang='grc' dir='ltr'>τὸ</span> <span class='ocrx_word' id='word_1_539' title='bbox 3467 3342 3648 3413; x_wconf 80' lang='grc' dir='ltr'>παρᾶ-</span> 
     </span>
    </p>
   </div>
   <div class='ocr_carea' id='block_1_78' title="bbox 2063 3434 3643 3508">
    <p class='ocr_par' dir='ltr' id='par_1_78' title="bbox 2063 3434 3643 3508">
     <span class='ocr_line' id='line_1_78' title="bbox 2063 3434 3643 3508; baseline -0.003 -17"><span class='ocrx_word' id='word_1_540' title='bbox 2063 3457 2168 3492; x_wconf 88' lang='grc' dir='ltr'><strong>παν</strong></span> <span class='ocrx_word' id='word_1_541' title='bbox 2211 3441 2362 3508; x_wconf 73' lang='grc' dir='ltr'>ἰσχὺν</span> <span class='ocrx_word' id='word_1_542' title='bbox 2388 3439 2678 3508; x_wconf 88' lang='grc' dir='ltr'>δαιμόνων,</span> <span class='ocrx_word' id='word_1_543' title='bbox 2695 3435 2998 3508; x_wconf 81' lang='grc' dir='ltr'>ἀνθρώπων</span> <span class='ocrx_word' id='word_1_544' title='bbox 3023 3435 3183 3505; x_wconf 76' lang='grc' dir='ltr'>φύσιν</span> <span class='ocrx_word' id='word_1_545' title='bbox 3210 3434 3643 3506; x_wconf 76' lang='grc' dir='ltr'>ἐπηρεάζουσαν.</span> 
     </span>
    </p>
   </div>
   <div class='ocr_carea' id='block_1_79' title="bbox 2063 3525 3648 3599">
    <p class='ocr_par' dir='ltr' id='par_1_79' title="bbox 2063 3525 3648 3599">
     <span class='ocr_line' id='line_1_79' title="bbox 2063 3525 3648 3599; baseline -0.003 -17"><span class='ocrx_word' id='word_1_546' title='bbox 2063 3529 2383 3599; x_wconf 80' lang='grc' dir='ltr'>Εὑδοκιμεῖν</span> <span class='ocrx_word' id='word_1_547' title='bbox 2413 3527 2470 3581; x_wconf 84' lang='grc' dir='ltr'>δὲ</span> <span class='ocrx_word' id='word_1_548' title='bbox 2501 3529 2595 3582; x_wconf 75' lang='grc' dir='ltr'>καὶ</span> <span class='ocrx_word' id='word_1_549' title='bbox 2619 3528 2837 3596; x_wconf 82' lang='grc' dir='ltr'>Μάγνον</span> <span class='ocrx_word' id='word_1_550' title='bbox 2883 3529 2940 3581; x_wconf 80' lang='grc' dir='ltr'>ἐν</span> <span class='ocrx_word' id='word_1_551' title='bbox 2993 3526 3391 3599; x_wconf 68' lang='grc' dir='ltr'>Ἀλεξανδρείᾳ..</span> <span class='ocrx_word' id='word_1_552' title='bbox 3423 3525 3519 3596; x_wconf 80' lang='grc' dir='ltr'>τὴν</span> <span class='ocrx_word' id='word_1_553' title='bbox 3545 3527 3648 3578; x_wconf 72' lang='grc' dir='ltr'>αό-</span> 
     </span>
    </p>
   </div>
   <div class='ocr_carea' id='block_1_80' title="bbox 2062 3618 2943 3692">
    <p class='ocr_par' dir='ltr' id='par_1_80' title="bbox 2062 3618 2943 3692">
     <span class='ocr_line' id='line_1_80' title="bbox 2062 3618 2943 3692; baseline 0 -20"><span class='ocrx_word' id='word_1_554' title='bbox 2062 3623 2157 3691; x_wconf 81' lang='grc' dir='ltr'>τὴν</span> <span class='ocrx_word' id='word_1_555' title='bbox 2189 3621 2384 3690; x_wconf 85' lang='grc' dir='ltr'>τέχνην</span> <span class='ocrx_word' id='word_1_556' title='bbox 2409 3618 2943 3692; x_wconf 81' lang='grc' dir='ltr'>μεταχειριζόμενον.</span> 
     </span>
    </p>
   </div>
   <div class='ocr_carea' id='block_1_81' title="bbox 2137 3879 3650 3950">
    <p class='ocr_par' dir='ltr' id='par_1_81' title="bbox 2137 3879 3650 3950">
     <span class='ocr_line' id='line_1_81' title="bbox 2137 3879 3650 3950; baseline -0.001 -15"><span class='ocrx_word' id='word_1_557' title='bbox 2137 3889 2224 3937; x_wconf 86' lang='grc' dir='ltr'>ια’.</span> <span class='ocrx_word' id='word_1_558' title='bbox 2263 3883 2384 3934; x_wconf 88' lang='grc' dir='ltr'>’Ότι</span> <span class='ocrx_word' id='word_1_559' title='bbox 2417 3881 2510 3934; x_wconf 68' lang='grc' dir='ltr'>καὶ</span> <span class='ocrx_word' id='word_1_560' title='bbox 2559 3881 2706 3934; x_wconf 79' lang='grc' dir='ltr'>ἄκων</span> <span class='ocrx_word' id='word_1_561' title='bbox 2753 3881 2781 3932; x_wconf 82' lang='grc' dir='ltr'><strong>ό</strong></span> <span class='ocrx_word' id='word_1_562' title='bbox 2809 3879 3096 3950; x_wconf 79' lang='grc' dir='ltr'>δυσσεϐὴς,</span> <span class='ocrx_word' id='word_1_563' title='bbox 3137 3879 3414 3933; x_wconf 84' lang='grc' dir='ltr'>Βασίλειόν</span> <span class='ocrx_word' id='word_1_564' title='bbox 3453 3897 3513 3933; x_wconf 87' lang='grc' dir='ltr'><strong>τε</strong></span> <span class='ocrx_word' id='word_1_565' title='bbox 3555 3880 3650 3933; x_wconf 78' lang='grc' dir='ltr'><strong>τὸν</strong></span> 
     </span>
    </p>
   </div>
   <div class='ocr_carea' id='block_1_82' title="bbox 2069 3970 3654 4044">
    <p class='ocr_par' dir='ltr' id='par_1_82' title="bbox 2069 3970 3654 4044">
     <span class='ocr_line' id='line_1_82' title="bbox 2069 3970 3654 4044; baseline -0.003 -15"><span class='ocrx_word' id='word_1_566' title='bbox 2069 3975 2261 4044; x_wconf 84' lang='grc' dir='ltr'>μέγαν,</span> <span class='ocrx_word' id='word_1_567' title='bbox 2287 3975 2381 4027; x_wconf 73' lang='grc' dir='ltr'>καὶ</span> <span class='ocrx_word' id='word_1_568' title='bbox 2411 3972 2502 4026; x_wconf 83' lang='grc' dir='ltr'>τὸν</span> <span class='ocrx_word' id='word_1_569' title='bbox 2543 3970 2802 4040; x_wconf 85' lang='grc' dir='ltr'>Θεολόγον</span> <span class='ocrx_word' id='word_1_570' title='bbox 2842 3971 3140 4042; x_wconf 78' lang='grc' dir='ltr'>Γρηγόριον</span> <span class='ocrx_word' id='word_1_571' title='bbox 3161 4013 3174 4035; x_wconf 93' lang='grc'><strong>,</strong></span> <span class='ocrx_word' id='word_1_572' title='bbox 3206 3973 3298 4024; x_wconf 72' lang='grc' dir='ltr'>ἐπὶ</span> <span class='ocrx_word' id='word_1_573' title='bbox 3339 3970 3498 4042; x_wconf 70' lang='grc' dir='ltr'>σοφίᾳ</span> <span class='ocrx_word' id='word_1_574' title='bbox 3525 3971 3654 4026; x_wconf 80' lang='grc' dir='ltr'>θαυ-</span> 
     </span>
    </p>
   </div>
   <div class='ocr_carea' id='block_1_83' title="bbox 2068 4061 3646 4137">
    <p class='ocr_par' dir='ltr' id='par_1_83' title="bbox 2068 4061 3646 4137">
     <span class='ocr_line' id='line_1_83' title="bbox 2068 4061 3646 4137; baseline -0.003 -18"><span class='ocrx_word' id='word_1_575' title='bbox 2068 4065 2247 4137; x_wconf 77' lang='grc' dir='ltr'>μάζει.</span> <span class='ocrx_word' id='word_1_576' title='bbox 2279 4061 2571 4117; x_wconf 83' lang='grc' dir='ltr'>Ναδιανδὸν</span> <span class='ocrx_word' id='word_1_577' title='bbox 2600 4061 2657 4114; x_wconf 82' lang='grc' dir='ltr'>δὲ</span> <span class='ocrx_word' id='word_1_578' title='bbox 2693 4062 2788 4114; x_wconf 74' lang='grc' dir='ltr'>καὶ</span> <span class='ocrx_word' id='word_1_579' title='bbox 2820 4061 3125 4126; x_wconf 79' lang='grc' dir='ltr'>Ναζιανζὺν</span> <span class='ocrx_word' id='word_1_580' title='bbox 3173 4061 3505 4132; x_wconf 80' lang='grc' dir='ltr'>ἐξονομάζει.</span> <span class='ocrx_word' id='word_1_581' title='bbox 3533 4063 3646 4115; x_wconf 75' lang='grc' dir='ltr'>Τὸν</span> 
     </span>
    </p>
   </div>
   <div class='ocr_carea' id='block_1_84' title="bbox 2069 4141 3652 4230">
    <p class='ocr_par' dir='ltr' id='par_1_84' title="bbox 2069 4141 3652 4230">
     <span class='ocr_line' id='line_1_84' title="bbox 2069 4141 3652 4230; baseline -0.004 -18"><span class='ocrx_word' id='word_1_582' title='bbox 2069 4159 2250 4230; x_wconf 83' lang='grc' dir='ltr'>μέντοι</span> <span class='ocrx_word' id='word_1_583' title='bbox 2289 4175 2351 4226; x_wconf 90' lang='grc' dir='ltr'><strong>γε</strong></span> <span class='ocrx_word' id='word_1_584' title='bbox 2382 4153 2702 4216; x_wconf 81' lang='grc' dir='ltr'>Λαοδικείας</span> <span class='ocrx_word' id='word_1_585' title='bbox 2736 4141 3162 4224; x_wconf 74' lang='grc' dir='ltr'>Ἀπολλινάριον,</span> <span class='ocrx_word' id='word_1_586' title='bbox 3194 4156 3295 4208; x_wconf 82' lang='grc' dir='ltr'>ὅσα</span> <span class='ocrx_word' id='word_1_587' title='bbox 3341 4171 3403 4222; x_wconf 91' lang='grc' dir='ltr'><strong>γε</strong></span> <span class='ocrx_word' id='word_1_588' title='bbox 3435 4157 3516 4218; x_wconf 85' lang='grc' dir='ltr'><strong>είς</strong></span> <span class='ocrx_word' id='word_1_589' title='bbox 3550 4154 3652 4222; x_wconf 77' lang='grc' dir='ltr'>τὴν</span> 
     </span>
    </p>
   </div>
   <div class='ocr_carea' id='block_1_85' title="bbox 2069 4244 3652 4322">
    <p class='ocr_par' dir='ltr' id='par_1_85' title="bbox 2069 4244 3652 4322">
     <span class='ocr_line' id='line_1_85' title="bbox 2069 4244 3652 4322; baseline -0.005 -18"><span class='ocrx_word' id='word_1_590' title='bbox 2069 4249 2222 4322; x_wconf 84' lang='grc' dir='ltr'>ίερὰν</span> <span class='ocrx_word' id='word_1_591' title='bbox 2247 4247 2481 4319; x_wconf 81' lang='grc' dir='ltr'>μάθησιν</span> <span class='ocrx_word' id='word_1_592' title='bbox 2507 4245 2581 4316; x_wconf 68' lang='lat'><strong>(2)</strong></span> <span class='ocrx_word' id='word_1_593' title='bbox 2626 4245 2888 4317; x_wconf 77' lang='grc' dir='ltr'>ἑκατέρου</span> <span class='ocrx_word' id='word_1_594' title='bbox 2933 4247 3235 4316; x_wconf 80' lang='grc' dir='ltr'>προτάττει.</span> <span class='ocrx_word' id='word_1_595' title='bbox 3286 4246 3422 4316; x_wconf 80' lang='grc' dir='ltr'>Φησὶ</span> <span class='ocrx_word' id='word_1_596' title='bbox 3471 4244 3528 4298; x_wconf 80' lang='grc' dir='ltr'>δὲ</span> <span class='ocrx_word' id='word_1_597' title='bbox 3568 4245 3652 4308; x_wconf 66' lang='lat'><strong>(&#39;9;</strong></span> 
     </span>
    </p>
   </div>
   <div class='ocr_carea' id='block_1_86' title="bbox 1622 4356 2398 4406">
    <p class='ocr_par' dir='ltr' id='par_1_86' title="bbox 1622 4356 2398 4406">
     <span class='ocr_line' id='line_1_86' title="bbox 1622 4356 2398 4406; baseline -0.012 0"><span class='ocrx_word' id='word_1_598' title='bbox 1622 4364 1863 4406; x_wconf 72' lang='lat' dir='ltr'><strong>VALESII</strong></span> <span class='ocrx_word' id='word_1_599' title='bbox 1898 4356 2398 4406; x_wconf 79' lang='lat' dir='ltr'><strong>ANNOTATIONES.</strong></span> 
     </span>
    </p>
   </div>
   <div class='ocr_carea' id='block_1_87' title="bbox 454 4436 1949 4523">
    <p class='ocr_par' dir='ltr' id='par_1_87' title="bbox 454 4441 1949 4523">
     <span class='ocr_line' id='line_1_87' title="bbox 454 4441 1949 4523; baseline 0.002 -27"><span class='ocrx_word' id='word_1_600' title='bbox 454 4443 529 4512; x_wconf 85' lang='grc' dir='ltr'><strong>(Ι)</strong></span> <span class='ocrx_word' id='word_1_601' title='bbox 568 4442 660 4523; x_wconf 53' lang='grc' dir='ltr'><strong>Ὶζι.</strong></span> <span class='ocrx_word' id='word_1_602' title='bbox 688 4441 1178 4523; x_wconf 40' lang='grc' dir='ltr'>τῆς-’,Βασιλείας</span> <span class='ocrx_word' id='word_1_603' title='bbox 1222 4447 1610 4523; x_wconf 47' lang='grc' dir='ltr'><strong>ε’τρρεχιιὺ-τὸξρ</strong></span> <span class='ocrx_word' id='word_1_604' title='bbox 1660 4446 1949 4523; x_wconf 63' lang='grc' dir='ltr'>διανειμάε</span> 
     </span>
    </p>
   </div>
   <div class='ocr_carea' id='block_1_88' title="bbox 2065 4436 3651 4523">
    <p class='ocr_par' dir='ltr' id='par_1_88' title="bbox 2071 4436 3651 4523">
     <span class='ocr_line' id='line_1_88' title="bbox 2071 4436 3651 4523; baseline -0.002 -26"><span class='ocrx_word' id='word_1_605' title='bbox 2071 4457 2122 4497; x_wconf 92' lang='lat' dir='ltr'><strong>et</strong></span> <span class='ocrx_word' id='word_1_606' title='bbox 2146 4440 2482 4523; x_wconf 42' lang='lat' dir='ltr'><strong>auxiliorum</strong></span> <span class='ocrx_word' id='word_1_607' title='bbox 2502 4450 2814 4523; x_wconf 38' lang='lat' dir='ltr'><strong>&#39;z‘postrema</strong></span> <span class='ocrx_word' id='word_1_608' title='bbox 2849 4439 2950 4493; x_wconf 88' lang='lat' dir='ltr'><strong>fuit</strong></span> <span class='ocrx_word' id='word_1_609' title='bbox 2979 4436 3173 4518; x_wconf 66' lang='lat' dir='ltr'><strong>divisio</strong></span> <span class='ocrx_word' id='word_1_610' title='bbox 3202 4437 3548 4523; x_wconf 40' lang='lat' dir='ltr'><strong>palatiilf‘acta</strong></span> <span class='ocrx_word' id='word_1_611' title='bbox 3594 4439 3651 4495; x_wconf 89' lang='lat' dir='ltr'><strong>in</strong></span> 
     </span>
    </p>
   </div>
   <div class='ocr_carea' id='block_1_89' title="bbox 377 4511 1959 4583">
    <p class='ocr_par' dir='ltr' id='par_1_89' title="bbox 377 4511 1959 4583">
     <span class='ocr_line' id='line_1_89' title="bbox 377 4511 1959 4583; baseline 0.001 -16"><span class='ocrx_word' id='word_1_612' title='bbox 377 4511 582 4583; x_wconf 76' lang='grc' dir='ltr'>μενος.</span> <span class='ocrx_word' id='word_1_613' title='bbox 615 4511 996 4583; x_wconf 81' lang='lat' dir='ltr'><strong>Hunclocum</strong></span> <span class='ocrx_word' id='word_1_614' title='bbox 1027 4530 1132 4569; x_wconf 91' lang='lat' dir='ltr'><strong>non</strong></span> <span class='ocrx_word' id='word_1_615' title='bbox 1169 4511 1431 4570; x_wconf 69' lang='lat' dir='ltr'><strong>intellexit</strong></span> <span class='ocrx_word' id='word_1_616' title='bbox 1475 4511 1867 4581; x_wconf 69' lang='lat' dir='ltr'><strong>Gethofredus,</strong></span> <span class='ocrx_word' id='word_1_617' title='bbox 1897 4526 1959 4570; x_wconf 93' lang='lat' dir='ltr'><strong>ut</strong></span> 
     </span>
    </p>
   </div>
   <div class='ocr_carea' id='block_1_90' title="bbox 381 4582 1960 4654">
    <p class='ocr_par' dir='ltr' id='par_1_90' title="bbox 381 4582 1960 4654">
     <span class='ocr_line' id='line_1_90' title="bbox 381 4582 1960 4654; baseline 0.001 -16"><span class='ocrx_word' id='word_1_618' title='bbox 381 4582 450 4638; x_wconf 78' lang='lat' dir='ltr'><strong>ex</strong></span> <span class='ocrx_word' id='word_1_619' title='bbox 467 4582 1040 4654; x_wconf 83' lang='lat' dir='ltr'><strong>interpretationecjus</strong></span> <span class='ocrx_word' id='word_1_620' title='bbox 1051 4599 1274 4654; x_wconf 89' lang='lat' dir='ltr'><strong>apparet</strong></span> <span class='ocrx_word' id='word_1_621' title='bbox 1311 4587 1400 4641; x_wconf 85' lang='lat' dir='ltr'><strong>Sic</strong></span> <span class='ocrx_word' id='word_1_622' title='bbox 1413 4589 1556 4641; x_wconf 88' lang='lat' dir='ltr'><strong>enim</strong></span> <span class='ocrx_word' id='word_1_623' title='bbox 1574 4587 1751 4641; x_wconf 88' lang='lat' dir='ltr'><strong>vertit.</strong></span> <span class='ocrx_word' id='word_1_624' title='bbox 1770 4585 1960 4640; x_wconf 86' lang='lat' dir='ltr'><strong>Sirmii</strong></span> 
     </span>
    </p>
   </div>
   <div class='ocr_carea' id='block_1_91' title="bbox 383 4652 1964 4725">
    <p class='ocr_par' dir='ltr' id='par_1_91' title="bbox 383 4652 1964 4725">
     <span class='ocr_line' id='line_1_91' title="bbox 383 4652 1964 4725; baseline 0.002 -18"><span class='ocrx_word' id='word_1_625' title='bbox 383 4667 501 4707; x_wconf 83' lang='lat' dir='ltr'><strong>vero</strong></span> <span class='ocrx_word' id='word_1_626' title='bbox 519 4652 584 4706; x_wconf 79' lang='lat' dir='ltr'><strong>iis</strong></span> <span class='ocrx_word' id='word_1_627' title='bbox 601 4667 728 4725; x_wconf 58' lang='lat' dir='ltr'><strong>qua;</strong></span> <span class='ocrx_word' id='word_1_628' title='bbox 747 4653 816 4705; x_wconf 90' lang='lat' dir='ltr'><strong>ad</strong></span> <span class='ocrx_word' id='word_1_629' title='bbox 831 4652 1110 4725; x_wconf 80' lang='lat' dir='ltr'><strong>imperium</strong></span> <span class='ocrx_word' id='word_1_630' title='bbox 1126 4652 1480 4720; x_wconf 73' lang='lat' dir='ltr'><strong>pertinebant,</strong></span> <span class='ocrx_word' id='word_1_631' title='bbox 1503 4657 1796 4724; x_wconf 76' lang='lat' dir='ltr'><strong>dispositis,</strong></span> <span class='ocrx_word' id='word_1_632' title='bbox 1820 4673 1964 4725; x_wconf 78' lang='lat' dir='ltr'><strong>qua:-</strong></span> 
     </span>
    </p>
   </div>
   <div class='ocr_carea' id='block_1_92' title="bbox 283 4722 1963 4797">
    <p class='ocr_par' dir='ltr' id='par_1_92' title="bbox 283 4722 1963 4797">
     <span class='ocr_line' id='line_1_92' title="bbox 283 4722 1963 4797; baseline 0.001 -22"><span class='ocrx_word' id='word_1_633' title='bbox 283 4741 286 4744; x_wconf 94' lang='grc'>·</span> <span class='ocrx_word' id='word_1_634' title='bbox 384 4738 586 4797; x_wconf 68' lang='lat' dir='ltr'><strong>cunque</strong></span> <span class='ocrx_word' id='word_1_635' title='bbox 613 4722 810 4797; x_wconf 66' lang='lat' dir='ltr'><strong>scilicet</strong></span> <span class='ocrx_word' id='word_1_636' title='bbox 848 4723 918 4784; x_wconf 83' lang='lat' dir='ltr'><strong>ad</strong></span> <span class='ocrx_word' id='word_1_637' title='bbox 953 4733 1278 4797; x_wconf 78' lang='lat' dir='ltr'><strong>ornatum_et</strong></span> <span class='ocrx_word' id='word_1_638' title='bbox 1300 4722 1963 4797; x_wconf 68' lang='lat' dir='ltr'><strong>reliquumministerium</strong></span> 
     </span>
    </p>
   </div>
   <div class='ocr_carea' id='block_1_93' title="bbox 386 4791 1958 4866">
    <p class='ocr_par' dir='ltr' id='par_1_93' title="bbox 386 4791 1958 4866">
     <span class='ocr_line' id='line_1_93' title="bbox 386 4791 1958 4866; baseline 0.003 -23"><span class='ocrx_word' id='word_1_639' title='bbox 386 4792 712 4866; x_wconf 70' lang='lat' dir='ltr'><strong>specialiant.</strong></span> <span class='ocrx_word' id='word_1_640' title='bbox 752 4791 875 4866; x_wconf 83' lang='lat' dir='ltr'><strong>_Ego</strong></span> <span class='ocrx_word' id='word_1_641' title='bbox 914 4808 1042 4848; x_wconf 90' lang='lat' dir='ltr'><strong>vero</strong></span> <span class='ocrx_word' id='word_1_642' title='bbox 1068 4794 1134 4866; x_wconf 84' lang='lat' dir='ltr'><strong>de</strong></span> <span class='ocrx_word' id='word_1_643' title='bbox 1169 4794 1364 4866; x_wconf 80' lang='lat' dir='ltr'><strong>olliciis</strong></span> <span class='ocrx_word' id='word_1_644' title='bbox 1392 4791 1578 4866; x_wconf 83' lang='lat' dir='ltr'><strong>palatii</strong></span> <span class='ocrx_word' id='word_1_645' title='bbox 1610 4804 1664 4850; x_wconf 89' lang='lat' dir='ltr'><strong>et</strong></span> <span class='ocrx_word' id='word_1_646' title='bbox 1695 4796 1760 4848; x_wconf 90' lang='lat' dir='ltr'><strong>de</strong></span> <span class='ocrx_word' id='word_1_647' title='bbox 1792 4796 1958 4866; x_wconf 65' lang='lat' dir='ltr'><strong>corni-</strong></span> 
     </span>
    </p>
   </div>
   <div class='ocr_carea' id='block_1_94' title="bbox 382 4861 1965 4934">
    <p class='ocr_par' dir='ltr' id='par_1_94' title="bbox 382 4861 1965 4934">
     <span class='ocr_line' id='line_1_94' title="bbox 382 4861 1965 4934; baseline 0.001 -19"><span class='ocrx_word' id='word_1_648' title='bbox 382 4861 534 4934; x_wconf 70' lang='lat' dir='ltr'><strong>tibus</strong></span> <span class='ocrx_word' id='word_1_649' title='bbox 563 4861 712 4934; x_wconf 81' lang='lat' dir='ltr'><strong>hunc</strong></span> <span class='ocrx_word' id='word_1_650' title='bbox 752 4861 931 4916; x_wconf 73' lang='lat' dir='ltr'><strong>locum</strong></span> <span class='ocrx_word' id='word_1_651' title='bbox 953 4865 1346 4934; x_wconf 74' lang='lat' dir='ltr'><strong>accipiendum</strong></span> <span class='ocrx_word' id='word_1_652' title='bbox 1385 4861 1506 4921; x_wconf 72' lang='lat' dir='ltr'><strong>esse</strong></span> <span class='ocrx_word' id='word_1_653' title='bbox 1532 4867 1640 4926; x_wconf 91' lang='lat' dir='ltr'><strong>aio,</strong></span> <span class='ocrx_word' id='word_1_654' title='bbox 1673 4877 1813 4933; x_wconf 91' lang='lat' dir='ltr'><strong>quos</strong></span> <span class='ocrx_word' id='word_1_655' title='bbox 1859 4863 1965 4917; x_wconf 83' lang='lat' dir='ltr'><strong>Va-</strong></span> 
     </span>
    </p>
   </div>
   <div class='ocr_carea' id='block_1_95' title="bbox 386 4929 1960 5005">
    <p class='ocr_par' dir='ltr' id='par_1_95' title="bbox 386 4929 1960 5005">
     <span class='ocr_line' id='line_1_95' title="bbox 386 4929 1960 5005; baseline 0.003 -23"><span class='ocrx_word' id='word_1_656' title='bbox 386 4929 721 5005; x_wconf 71' lang='lat' dir='ltr'><strong>lentinianus</strong></span> <span class='ocrx_word' id='word_1_657' title='bbox 769 4945 894 4985; x_wconf 91' lang='lat' dir='ltr'><strong>cum</strong></span> <span class='ocrx_word' id='word_1_658' title='bbox 945 4929 1109 5005; x_wconf 76' lang='lat' dir='ltr'><strong>fratre</strong></span> <span class='ocrx_word' id='word_1_659' title='bbox 1154 4949 1256 5005; x_wconf 88' lang='lat' dir='ltr'><strong>suo</strong></span> <span class='ocrx_word' id='word_1_660' title='bbox 1310 4933 1531 4990; x_wconf 87' lang='lat' dir='ltr'><strong>Valente</strong></span> <span class='ocrx_word' id='word_1_661' title='bbox 1582 4929 1814 5005; x_wconf 78' lang='lat' dir='ltr'><strong>partitus</strong></span> <span class='ocrx_word' id='word_1_662' title='bbox 1857 4944 1960 4988; x_wconf 79' lang='lat' dir='ltr'><strong>est.</strong></span> 
     </span>
    </p>
   </div>
   <div class='ocr_carea' id='block_1_96' title="bbox 385 4999 1962 5069">
    <p class='ocr_par' dir='ltr' id='par_1_96' title="bbox 385 4999 1962 5069">
     <span class='ocr_line' id='line_1_96' title="bbox 385 4999 1962 5069; baseline 0.001 -15"><span class='ocrx_word' id='word_1_663' title='bbox 385 4999 552 5069; x_wconf 88' lang='lat' dir='ltr'><strong>quue</strong></span> <span class='ocrx_word' id='word_1_664' title='bbox 587 5008 818 5069; x_wconf 87' lang='lat' dir='ltr'><strong>testatur</strong></span> <span class='ocrx_word' id='word_1_665' title='bbox 848 5003 1166 5069; x_wconf 72' lang='lat' dir='ltr'><strong>Ammianus</strong></span> <span class='ocrx_word' id='word_1_666' title='bbox 1199 5004 1545 5059; x_wconf 79' lang='lat' dir='ltr'><strong>Marcellinus</strong></span> <span class='ocrx_word' id='word_1_667' title='bbox 1583 4999 1648 5057; x_wconf 58' lang='lat' dir='ltr'><strong>&#39;in</strong></span> <span class='ocrx_word' id='word_1_668' title='bbox 1684 5004 1777 5057; x_wconf 90' lang='lat' dir='ltr'><strong>lib.</strong></span> <span class='ocrx_word' id='word_1_669' title='bbox 1811 5019 1962 5065; x_wconf 77' lang='lat' dir='ltr'><strong>xxvr,</strong></span> 
     </span>
    </p>
   </div>
   <div class='ocr_carea' id='block_1_97' title="bbox 386 5068 1963 5142">
    <p class='ocr_par' dir='ltr' id='par_1_97' title="bbox 386 5068 1963 5142">
     <span class='ocr_line' id='line_1_97' title="bbox 386 5068 1963 5142; baseline 0.004 -22"><span class='ocrx_word' id='word_1_670' title='bbox 386 5068 511 5138; x_wconf 69' lang='lat' dir='ltr'><strong>pag.</strong></span> <span class='ocrx_word' id='word_1_671' title='bbox 688 5068 932 5142; x_wconf 51' lang='lat' dir='ltr'><strong>Nassum</strong></span> <span class='ocrx_word' id='word_1_672' title='bbox 954 5073 1292 5137; x_wconf 84' lang='lat' dir='ltr'><strong>advenerunt,</strong></span> <span class='ocrx_word' id='word_1_673' title='bbox 1317 5074 1404 5126; x_wconf 86' lang='lat' dir='ltr'><strong>ubi</strong></span> <span class='ocrx_word' id='word_1_674' title='bbox 1424 5075 1476 5127; x_wconf 88' lang='lat' dir='ltr'><strong>in</strong></span> <span class='ocrx_word' id='word_1_675' title='bbox 1501 5073 1802 5127; x_wconf 84' lang='lat' dir='ltr'><strong>suburbano</strong></span> <span class='ocrx_word' id='word_1_676' title='bbox 1826 5076 1963 5142; x_wconf 88' lang='lat' dir='ltr'><strong>quod</strong></span> 
     </span>
    </p>
   </div>
   <div class='ocr_carea' id='block_1_98' title="bbox 390 5137 1964 5210">
    <p class='ocr_par' dir='ltr' id='par_1_98' title="bbox 390 5137 1964 5210">
     <span class='ocr_line' id='line_1_98' title="bbox 390 5137 1964 5210; baseline 0.004 -21"><span class='ocrx_word' id='word_1_677' title='bbox 390 5137 687 5206; x_wconf 76' lang='lat' dir='ltr'><strong>appellatur</strong></span> <span class='ocrx_word' id='word_1_678' title='bbox 713 5138 960 5193; x_wconf 79' lang='lat' dir='ltr'><strong>Mediana</strong></span> <span class='ocrx_word' id='word_1_679' title='bbox 979 5179 992 5203; x_wconf 90' lang='lat'><strong>,</strong></span> <span class='ocrx_word' id='word_1_680' title='bbox 1021 5159 1051 5195; x_wconf 91' lang='lat' dir='ltr'><strong>a</strong></span> <span class='ocrx_word' id='word_1_681' title='bbox 1080 5144 1290 5196; x_wconf 84' lang='lat' dir='ltr'><strong>civitate</strong></span> <span class='ocrx_word' id='word_1_682' title='bbox 1325 5145 1478 5198; x_wconf 85' lang='lat' dir='ltr'><strong>tertio</strong></span> <span class='ocrx_word' id='word_1_683' title='bbox 1508 5143 1683 5209; x_wconf 82' lang='lat' dir='ltr'><strong>lapide</strong></span> <span class='ocrx_word' id='word_1_684' title='bbox 1717 5137 1964 5210; x_wconf 77' lang='lat' dir='ltr'><strong>dispara-</strong></span> 
     </span>
    </p>
   </div>
   <div class='ocr_carea' id='block_1_99' title="bbox 393 5210 1966 5280">
    <p class='ocr_par' dir='ltr' id='par_1_99' title="bbox 393 5210 1966 5280">
     <span class='ocr_line' id='line_1_99' title="bbox 393 5210 1966 5280; baseline 0.005 -22"><span class='ocrx_word' id='word_1_685' title='bbox 393 5215 522 5280; x_wconf 69' lang='lat' dir='ltr'><strong>tum,</strong></span> <span class='ocrx_word' id='word_1_686' title='bbox 556 5210 708 5275; x_wconf 78' lang='lat' dir='ltr'><strong>quasi</strong></span> <span class='ocrx_word' id='word_1_687' title='bbox 749 5223 870 5280; x_wconf 74' lang='lat' dir='ltr'><strong>mox</strong></span> <span class='ocrx_word' id='word_1_688' title='bbox 895 5214 1207 5280; x_wconf 70' lang='lat' dir='ltr'><strong>separandi,</strong></span> <span class='ocrx_word' id='word_1_689' title='bbox 1253 5215 1440 5280; x_wconf 82' lang='lat' dir='ltr'><strong>partiti</strong></span> <span class='ocrx_word' id='word_1_690' title='bbox 1470 5223 1590 5267; x_wconf 82' lang='lat' dir='ltr'><strong>sunt</strong></span> <span class='ocrx_word' id='word_1_691' title='bbox 1623 5213 1860 5265; x_wconf 78' lang='lat' dir='ltr'><strong>comites.</strong></span> <span class='ocrx_word' id='word_1_692' title='bbox 1901 5212 1966 5266; x_wconf 87' lang='lat' dir='ltr'><strong>Et</strong></span> 
     </span>
    </p>
   </div>
   <div class='ocr_carea' id='block_1_100' title="bbox 390 5275 1965 5350">
    <p class='ocr_par' dir='ltr' id='par_1_100' title="bbox 390 5275 1965 5350">
     <span class='ocr_line' id='line_1_100' title="bbox 390 5275 1965 5350; baseline 0.004 -22"><span class='ocrx_word' id='word_1_693' title='bbox 390 5275 554 5343; x_wconf 88' lang='lat' dir='ltr'><strong>paulo</strong></span> <span class='ocrx_word' id='word_1_694' title='bbox 581 5287 736 5350; x_wconf 78' lang='lat' dir='ltr'><strong>pos_t:</strong></span> <span class='ocrx_word' id='word_1_695' title='bbox 778 5275 978 5350; x_wconf 62' lang='lat' dir='ltr'><strong>Quibus</strong></span> <span class='ocrx_word' id='word_1_696' title='bbox 1020 5281 1094 5333; x_wconf 91' lang='lat' dir='ltr'><strong>ita</strong></span> <span class='ocrx_word' id='word_1_697' title='bbox 1119 5275 1356 5350; x_wconf 58' lang='lat' dir='ltr'><strong>digestis,</strong></span> <span class='ocrx_word' id='word_1_698' title='bbox 1386 5292 1435 5335; x_wconf 87' lang='lat' dir='ltr'><strong>et</strong></span> <span class='ocrx_word' id='word_1_699' title='bbox 1479 5283 1737 5337; x_wconf 80' lang='lat' dir='ltr'><strong>militares</strong></span> <span class='ocrx_word' id='word_1_700' title='bbox 1777 5283 1965 5350; x_wconf 86' lang='lat' dir='ltr'><strong>partiti</strong></span> 
     </span>
    </p>
   </div>
   <div class='ocr_carea' id='block_1_101' title="bbox 389 5345 1964 5421">
    <p class='ocr_par' dir='ltr' id='par_1_101' title="bbox 389 5345 1964 5421">
     <span class='ocr_line' id='line_1_101' title="bbox 389 5345 1964 5421; baseline 0.004 -22"><span class='ocrx_word' id='word_1_701' title='bbox 389 5345 615 5421; x_wconf 77' lang='lat' dir='ltr'><strong>numeri.</strong></span> <span class='ocrx_word' id='word_1_702' title='bbox 657 5345 861 5421; x_wconf 25' lang='lat' dir='ltr'><strong>Et‘post</strong></span> <span class='ocrx_word' id='word_1_703' title='bbox 891 5348 1000 5421; x_wconf 67' lang='lat' dir='ltr'><strong>luet:</strong></span> <span class='ocrx_word' id='word_1_704' title='bbox 1025 5366 1140 5421; x_wconf 78' lang='lat' dir='ltr'><strong>eum</strong></span> <span class='ocrx_word' id='word_1_705' title='bbox 1173 5345 1327 5404; x_wconf 73' lang='lat' dir='ltr'><strong>ambo</strong></span> <span class='ocrx_word' id='word_1_706' title='bbox 1357 5353 1552 5421; x_wconf 79' lang='lat' dir='ltr'><strong>fratres</strong></span> <span class='ocrx_word' id='word_1_707' title='bbox 1587 5345 1843 5421; x_wconf 69' lang='lat' dir='ltr'><strong>Sirmitim</strong></span> <span class='ocrx_word' id='word_1_708' title='bbox 1876 5353 1964 5405; x_wconf 85' lang='lat' dir='ltr'><strong>in-</strong></span> 
     </span>
    </p>
   </div>
   <div class='ocr_carea' id='block_1_102' title="bbox 392 5416 1966 5491">
    <p class='ocr_par' dir='ltr' id='par_1_102' title="bbox 392 5416 1966 5491">
     <span class='ocr_line' id='line_1_102' title="bbox 392 5416 1966 5491; baseline 0.004 -22"><span class='ocrx_word' id='word_1_709' title='bbox 392 5416 659 5491; x_wconf 71' lang='lat' dir='ltr'><strong>troissent,</strong></span> <span class='ocrx_word' id='word_1_710' title='bbox 685 5418 1182 5491; x_wconf 35' lang='lat' dir='ltr'><strong>dirisopalatiotut</strong></span> <span class='ocrx_word' id='word_1_711' title='bbox 1201 5416 1396 5489; x_wconf 76' lang='lat' dir='ltr'><strong>potiori</strong></span> <span class='ocrx_word' id='word_1_712' title='bbox 1423 5422 1730 5491; x_wconf 84' lang='lat' dir='ltr'><strong>placuerat;</strong></span> <span class='ocrx_word' id='word_1_713' title='bbox 1772 5419 1966 5475; x_wconf 80' lang='lat' dir='ltr'><strong>Valea-</strong></span> 
     </span>
    </p>
   </div>
   <div class='ocr_carea' id='block_1_103' title="bbox 393 5485 1962 5562">
    <p class='ocr_par' dir='ltr' id='par_1_103' title="bbox 393 5485 1962 5562">
     <span class='ocr_line' id='line_1_103' title="bbox 393 5485 1962 5562; baseline 0.004 -24"><span class='ocrx_word' id='word_1_714' title='bbox 393 5485 1272 5562; x_wconf 62' lang='lat' dir='ltr'><strong>tinianu_s__1llediolanum,_Constn</strong></span> <span class='ocrx_word' id='word_1_715' title='bbox 1283 5485 1596 5562; x_wconf 77' lang='lat' dir='ltr'><strong>ntinopolim</strong></span> <span class='ocrx_word' id='word_1_716' title='bbox 1636 5491 1821 5562; x_wconf 68' lang='lat' dir='ltr'><strong>Valens</strong></span> <span class='ocrx_word' id='word_1_717' title='bbox 1851 5493 1930 5562; x_wconf 86' lang='lat' dir='ltr'><strong>dis</strong></span> <span class='ocrx_word' id='word_1_718' title='bbox 1943 5521 1962 5533; x_wconf 64' lang='grc' dir='ltr'><strong>ο</strong></span> 
     </span>
    </p>
   </div>
   <div class='ocr_carea' id='block_1_104' title="bbox 392 5555 1962 5635">
    <p class='ocr_par' dir='ltr' id='par_1_104' title="bbox 392 5555 1962 5635">
     <span class='ocr_line' id='line_1_104' title="bbox 392 5555 1962 5635; baseline 0.006 -30"><span class='ocrx_word' id='word_1_719' title='bbox 392 5555 566 5635; x_wconf 64' lang='lat' dir='ltr'><strong>eessit.</strong></span> <span class='ocrx_word' id='word_1_720' title='bbox 596 5555 701 5612; x_wconf 86' lang='lat' dir='ltr'><strong>Ubi</strong></span> <span class='ocrx_word' id='word_1_721' title='bbox 740 5556 1197 5635; x_wconf 55' lang='lat' dir='ltr'><strong>videstriplicem</strong></span> <span class='ocrx_word' id='word_1_722' title='bbox 1239 5555 1577 5635; x_wconf 77' lang='lat' dir='ltr'><strong>divisionem</strong></span> <span class='ocrx_word' id='word_1_723' title='bbox 1599 5562 1742 5617; x_wconf 88' lang='lat' dir='ltr'><strong>inter</strong></span> <span class='ocrx_word' id='word_1_724' title='bbox 1771 5559 1962 5615; x_wconf 85' lang='lat' dir='ltr'><strong>Valen-</strong></span> 
     </span>
    </p>
   </div>
   <div class='ocr_carea' id='block_1_105' title="bbox 392 5623 1960 5698">
    <p class='ocr_par' dir='ltr' id='par_1_105' title="bbox 392 5623 1960 5698">
     <span class='ocr_line' id='line_1_105' title="bbox 392 5623 1960 5698; baseline 0.005 -21"><span class='ocrx_word' id='word_1_725' title='bbox 392 5623 656 5698; x_wconf 79' lang='lat' dir='ltr'><strong>tinianum</strong></span> <span class='ocrx_word' id='word_1_726' title='bbox 708 5623 1099 5698; x_wconf 12' lang='lat' dir='ltr'><strong>acrYalentem</strong></span> <span class='ocrx_word' id='word_1_727' title='bbox 1153 5631 1509 5698; x_wconf 89' lang='lat' dir='ltr'><strong>imperatores</strong></span> <span class='ocrx_word' id='word_1_728' title='bbox 1554 5632 1752 5687; x_wconf 84' lang='lat' dir='ltr'><strong>factam</strong></span> <span class='ocrx_word' id='word_1_729' title='bbox 1797 5645 1960 5686; x_wconf 88' lang='lat' dir='ltr'><strong>esse:</strong></span> 
     </span>
    </p>
   </div>
   <div class='ocr_carea' id='block_1_106' title="bbox 395 5693 1964 5769">
    <p class='ocr_par' dir='ltr' id='par_1_106' title="bbox 395 5693 1964 5769">
     <span class='ocr_line' id='line_1_106' title="bbox 395 5693 1964 5769; baseline 0.005 -22"><span class='ocrx_word' id='word_1_730' title='bbox 395 5693 566 5763; x_wconf 79' lang='lat' dir='ltr'><strong>prima</strong></span> <span class='ocrx_word' id='word_1_731' title='bbox 588 5705 672 5769; x_wconf 87' lang='lat' dir='ltr'><strong>e_s_t</strong></span> <span class='ocrx_word' id='word_1_732' title='bbox 691 5695 886 5769; x_wconf 64' lang='lat' dir='ltr'><strong>divisio</strong></span> <span class='ocrx_word' id='word_1_733' title='bbox 905 5698 1190 5769; x_wconf 80' lang='lat' dir='ltr'><strong>comit-um,</strong></span> <span class='ocrx_word' id='word_1_734' title='bbox 1212 5693 1332 5768; x_wconf 71' lang='lat' dir='ltr'><strong>qua:</strong></span> <span class='ocrx_word' id='word_1_735' title='bbox 1360 5701 1498 5755; x_wconf 83' lang='lat' dir='ltr'><strong>facta</strong></span> <span class='ocrx_word' id='word_1_736' title='bbox 1525 5713 1608 5756; x_wconf 90' lang='lat' dir='ltr'><strong>est</strong></span> <span class='ocrx_word' id='word_1_737' title='bbox 1625 5701 1795 5764; x_wconf 86' lang='lat' dir='ltr'><strong>Naisi,</strong></span> <span class='ocrx_word' id='word_1_738' title='bbox 1817 5702 1964 5769; x_wconf 88' lang='lat' dir='ltr'><strong>quod</strong></span> 
     </span>
    </p>
   </div>
   <div class='ocr_carea' id='block_1_107' title="bbox 397 5766 1962 5838">
    <p class='ocr_par' dir='ltr' id='par_1_107' title="bbox 397 5766 1962 5838">
     <span class='ocr_line' id='line_1_107' title="bbox 397 5766 1962 5838; baseline 0.004 -18"><span class='ocrx_word' id='word_1_739' title='bbox 397 5771 480 5820; x_wconf 83' lang='lat' dir='ltr'><strong>est</strong></span> <span class='ocrx_word' id='word_1_740' title='bbox 505 5766 759 5834; x_wconf 89' lang='lat' dir='ltr'><strong>oppidum</strong></span> <span class='ocrx_word' id='word_1_741' title='bbox 791 5766 1000 5832; x_wconf 56' lang='lat' dir='ltr'><strong>Dacia;</strong></span> <span class='ocrx_word' id='word_1_742' title='bbox 1037 5766 1273 5823; x_wconf 85' lang='lat' dir='ltr'><strong>secunda</strong></span> <span class='ocrx_word' id='word_1_743' title='bbox 1319 5769 1419 5824; x_wconf 84' lang='lat' dir='ltr'><strong>fuit</strong></span> <span class='ocrx_word' id='word_1_744' title='bbox 1452 5771 1647 5828; x_wconf 77' lang='lat' dir='ltr'><strong>divisio</strong></span> <span class='ocrx_word' id='word_1_745' title='bbox 1685 5766 1962 5838; x_wconf 78' lang='lat' dir='ltr'><strong>legionum</strong></span> 
     </span>
    </p>
   </div>
   <div class='ocr_carea' id='block_1_108' title="bbox 2077 4507 3655 4578">
    <p class='ocr_par' dir='ltr' id='par_1_108' title="bbox 2077 4507 3655 4578">
     <span class='ocr_line' id='line_1_108' title="bbox 2077 4507 3655 4578; baseline -0.004 -11"><span class='ocrx_word' id='word_1_746' title='bbox 2077 4514 2211 4567; x_wconf 90' lang='lat' dir='ltr'><strong>urbe</strong></span> <span class='ocrx_word' id='word_1_747' title='bbox 2241 4511 2466 4564; x_wconf 85' lang='lat' dir='ltr'><strong>Sirmio.</strong></span> <span class='ocrx_word' id='word_1_748' title='bbox 2502 4507 2603 4563; x_wconf 81' lang='lat' dir='ltr'><strong>Per</strong></span> <span class='ocrx_word' id='word_1_749' title='bbox 2631 4510 2890 4578; x_wconf 85' lang='lat' dir='ltr'><strong>palatium</strong></span> <span class='ocrx_word' id='word_1_750' title='bbox 2926 4523 3055 4578; x_wconf 87' lang='lat' dir='ltr'><strong>vero</strong></span> <span class='ocrx_word' id='word_1_751' title='bbox 3089 4507 3329 4574; x_wconf 82' lang='lat' dir='ltr'><strong>intelligo</strong></span> <span class='ocrx_word' id='word_1_752' title='bbox 3359 4507 3532 4578; x_wconf 79' lang='lat' dir='ltr'><strong>ollicia</strong></span> <span class='ocrx_word' id='word_1_753' title='bbox 3560 4524 3655 4576; x_wconf 82' lang='lat' dir='ltr'><strong>pa—</strong></span> 
     </span>
    </p>
   </div>
   <div class='ocr_carea' id='block_1_109' title="bbox 2074 4576 3649 4650">
    <p class='ocr_par' dir='ltr' id='par_1_109' title="bbox 2074 4576 3649 4650">
     <span class='ocr_line' id='line_1_109' title="bbox 2074 4576 3649 4650; baseline -0.003 -15"><span class='ocrx_word' id='word_1_754' title='bbox 2074 4583 2236 4637; x_wconf 89' lang='lat' dir='ltr'><strong>latina</strong></span> <span class='ocrx_word' id='word_1_755' title='bbox 2278 4595 2400 4650; x_wconf 64' lang='lat' dir='ltr'><strong>quae</strong></span> <span class='ocrx_word' id='word_1_756' title='bbox 2432 4590 2588 4650; x_wconf 77' lang='lat' dir='ltr'><strong>erant</strong></span> <span class='ocrx_word' id='word_1_757' title='bbox 2620 4576 2723 4634; x_wconf 77' lang='lat' dir='ltr'><strong>sub</strong></span> <span class='ocrx_word' id='word_1_758' title='bbox 2761 4577 3119 4650; x_wconf 79' lang='lat' dir='ltr'><strong>dispositione</strong></span> <span class='ocrx_word' id='word_1_759' title='bbox 3162 4576 3406 4650; x_wconf 77' lang='lat' dir='ltr'><strong>magistri</strong></span> <span class='ocrx_word' id='word_1_760' title='bbox 3441 4577 3649 4650; x_wconf 74' lang='lat' dir='ltr'><strong>allicia-</strong></span> 
     </span>
    </p>
   </div>
   <div class='ocr_carea' id='block_1_110' title="bbox 2072 4647 3653 4714">
    <p class='ocr_par' dir='ltr' id='par_1_110' title="bbox 2072 4647 3653 4714">
     <span class='ocr_line' id='line_1_110' title="bbox 2072 4647 3653 4714; baseline -0.003 -8"><span class='ocrx_word' id='word_1_761' title='bbox 2072 4668 2218 4713; x_wconf 91' lang='lat' dir='ltr'><strong>rum,</strong></span> <span class='ocrx_word' id='word_1_762' title='bbox 2240 4647 2418 4705; x_wconf 37' lang='lat' dir='ltr'><strong>et&#39;sub</strong></span> <span class='ocrx_word' id='word_1_763' title='bbox 2448 4648 2725 4703; x_wconf 87' lang='lat' dir='ltr'><strong>Castrensi</strong></span> <span class='ocrx_word' id='word_1_764' title='bbox 2757 4649 2897 4703; x_wconf 86' lang='lat' dir='ltr'><strong>sacri</strong></span> <span class='ocrx_word' id='word_1_765' title='bbox 2938 4647 3118 4714; x_wconf 89' lang='lat' dir='ltr'><strong>palatii</strong></span> <span class='ocrx_word' id='word_1_766' title='bbox 3149 4665 3160 4698; x_wconf 92' lang='lat'><strong>:</strong></span> <span class='ocrx_word' id='word_1_767' title='bbox 3192 4647 3335 4713; x_wconf 82' lang='lat' dir='ltr'><strong>quod</strong></span> <span class='ocrx_word' id='word_1_768' title='bbox 3360 4647 3653 4702; x_wconf 84' lang='lat' dir='ltr'><strong>conﬁrmat</strong></span> 
     </span>
    </p>
   </div>
   <div class='ocr_carea' id='block_1_111' title="bbox 2073 4717 3653 4789">
    <p class='ocr_par' dir='ltr' id='par_1_111' title="bbox 2073 4717 3653 4789">
     <span class='ocr_line' id='line_1_111' title="bbox 2073 4717 3653 4789; baseline -0.003 -15"><span class='ocrx_word' id='word_1_769' title='bbox 2073 4720 2478 4789; x_wconf 13' lang='lat' dir='ltr'><strong>Philostorgius,</strong></span> <span class='ocrx_word' id='word_1_770' title='bbox 2504 4719 2586 4773; x_wconf 89' lang='lat' dir='ltr'><strong>his</strong></span> <span class='ocrx_word' id='word_1_771' title='bbox 2607 4718 2790 4789; x_wconf 81' lang='lat' dir='ltr'><strong>verbis</strong></span> <span class='ocrx_word' id='word_1_772' title='bbox 2822 4737 2834 4772; x_wconf 92' lang='lat'>:</span> <span class='ocrx_word' id='word_1_773' title='bbox 2869 4719 3042 4772; x_wconf 80' lang='grc' dir='ltr'>ὁπόσα</span> <span class='ocrx_word' id='word_1_774' title='bbox 3071 4719 3149 4780; x_wconf 82' lang='grc' dir='ltr'><strong>εἰς</strong></span> <span class='ocrx_word' id='word_1_775' title='bbox 3177 4717 3404 4786; x_wconf 81' lang='grc' dir='ltr'>κόσμον,</span> <span class='ocrx_word' id='word_1_776' title='bbox 3431 4719 3525 4769; x_wconf 80' lang='grc' dir='ltr'>καὶ</span> <span class='ocrx_word' id='word_1_777' title='bbox 3547 4719 3653 4789; x_wconf 81' lang='grc' dir='ltr'>τὴν</span> 
     </span>
    </p>
   </div>
   <div class='ocr_carea' id='block_1_112' title="bbox 2071 4787 2776 4861">
    <p class='ocr_par' dir='ltr' id='par_1_112' title="bbox 2071 4787 2776 4861">
     <span class='ocr_line' id='line_1_112' title="bbox 2071 4787 2776 4861; baseline -0.006 -15"><span class='ocrx_word' id='word_1_778' title='bbox 2071 4791 2236 4861; x_wconf 79' lang='grc' dir='ltr'>ἄλλην</span> <span class='ocrx_word' id='word_1_779' title='bbox 2263 4789 2432 4861; x_wconf 66' lang='grc' dir='ltr'>ἐτέλει</span> <span class='ocrx_word' id='word_1_780' title='bbox 2463 4788 2667 4858; x_wconf 87' lang='grc' dir='ltr'>θεραπε</span> <span class='ocrx_word' id='word_1_781' title='bbox 2676 4787 2776 4861; x_wconf 70' lang='grc' dir='ltr'>ίαν.</span> 
     </span>
    </p>
   </div>
   <div class='ocr_carea' id='block_1_113' title="bbox 2143 4859 2734 4929">
    <p class='ocr_par' dir='ltr' id='par_1_113' title="bbox 2143 4859 2734 4929">
     <span class='ocr_line' id='line_1_113' title="bbox 2143 4859 2734 4929; baseline -0.01 -15"><span class='ocrx_word' id='word_1_782' title='bbox 2143 4859 2241 4929; x_wconf 72' lang='grc' dir='ltr'><strong>(Γ)</strong></span> <span class='ocrx_word' id='word_1_783' title='bbox 2275 4860 2486 4913; x_wconf 80' lang='lat' dir='ltr'><strong>Socrat.</strong></span> <span class='ocrx_word' id='word_1_784' title='bbox 2518 4873 2612 4929; x_wconf 81' lang='lat' dir='ltr'><strong>vn,</strong></span> <span class='ocrx_word' id='word_1_785' title='bbox 2649 4859 2734 4910; x_wconf 78' lang='lat'><strong>15.</strong></span> 
     </span>
    </p>
   </div>
   <div class='ocr_carea' id='block_1_114' title="bbox 2147 4923 3651 5000">
    <p class='ocr_par' dir='ltr' id='par_1_114' title="bbox 2147 4923 3651 5000">
     <span class='ocr_line' id='line_1_114' title="bbox 2147 4923 3651 5000; baseline -0.002 -17"><span class='ocrx_word' id='word_1_786' title='bbox 2147 4923 2234 5000; x_wconf 53' lang='lat' dir='ltr'><strong>(Si</strong></span> <span class='ocrx_word' id='word_1_787' title='bbox 2258 4931 2415 4983; x_wconf 84' lang='grc' dir='ltr'>Ὅσα</span> <span class='ocrx_word' id='word_1_788' title='bbox 2445 4945 2510 4997; x_wconf 75' lang='grc' dir='ltr'><strong>γε</strong></span> <span class='ocrx_word' id='word_1_789' title='bbox 2547 4927 2660 4994; x_wconf 77' lang='grc' dir='ltr'><strong>τὴν</strong></span> <span class='ocrx_word' id='word_1_790' title='bbox 2681 4931 2774 5000; x_wconf 13' lang='grc' dir='ltr'>κείς</span> <span class='ocrx_word' id='word_1_791' title='bbox 2808 4927 2921 5000; x_wconf 73' lang='grc' dir='ltr'>τὴν</span> <span class='ocrx_word' id='word_1_792' title='bbox 2964 4925 3449 5000; x_wconf 28' lang='grc' dir='ltr'><strong>ἱερὰν-Αμᾴθηοζινς</strong></span> <span class='ocrx_word' id='word_1_793' title='bbox 3483 4923 3651 5000; x_wconf 59' lang='lat' dir='ltr'><strong>Prius</strong></span> 
     </span>
    </p>
   </div>
   <div class='ocr_carea' id='block_1_115' title="bbox 2072 4995 3652 5072">
    <p class='ocr_par' dir='ltr' id='par_1_115' title="bbox 2072 4995 3652 5072">
     <span class='ocr_line' id='line_1_115' title="bbox 2072 4995 3652 5072; baseline -0.003 -18"><span class='ocrx_word' id='word_1_794' title='bbox 2072 4995 2172 5072; x_wconf 80' lang='grc' dir='ltr'>τήν</span> <span class='ocrx_word' id='word_1_795' title='bbox 2200 4995 2354 5072; x_wconf 84' lang='lat' dir='ltr'><strong>deest</strong></span> <span class='ocrx_word' id='word_1_796' title='bbox 2381 5002 2432 5052; x_wconf 85' lang='lat' dir='ltr'><strong>in</strong></span> <span class='ocrx_word' id='word_1_797' title='bbox 2454 4995 2567 5052; x_wconf 37' lang='lat' dir='ltr'><strong>&#39;ms.</strong></span> <span class='ocrx_word' id='word_1_798' title='bbox 2593 4999 2779 5072; x_wconf 76' lang='lat' dir='ltr'><strong>codice</strong></span> <span class='ocrx_word' id='word_1_799' title='bbox 2810 4997 3082 5072; x_wconf 56' lang='lat' dir='ltr'><strong>Samuelis</strong></span> <span class='ocrx_word' id='word_1_800' title='bbox 3122 4997 3394 5072; x_wconf 67' lang='lat' dir='ltr'><strong>Bucharti.</strong></span> <span class='ocrx_word' id='word_1_801' title='bbox 3428 4995 3483 5048; x_wconf 91' lang='lat' dir='ltr'><strong>ln</strong></span> <span class='ocrx_word' id='word_1_802' title='bbox 3515 4995 3652 5072; x_wconf 75' lang='lat' dir='ltr'><strong>Sco-</strong></span> 
     </span>
    </p>
   </div>
   <div class='ocr_carea' id='block_1_116' title="bbox 2074 5066 3650 5136">
    <p class='ocr_par' dir='ltr' id='par_1_116' title="bbox 2074 5066 3650 5136">
     <span class='ocr_line' id='line_1_116' title="bbox 2074 5066 3650 5136; baseline -0.003 -14"><span class='ocrx_word' id='word_1_803' title='bbox 2074 5066 2306 5125; x_wconf 60' lang='lat' dir='ltr'><strong>riEicensi</strong></span> <span class='ocrx_word' id='word_1_804' title='bbox 2336 5077 2515 5121; x_wconf 85' lang='lat' dir='ltr'><strong>autem</strong></span> <span class='ocrx_word' id='word_1_805' title='bbox 2543 5068 2728 5122; x_wconf 92' lang='lat' dir='ltr'><strong>codice</strong></span> <span class='ocrx_word' id='word_1_806' title='bbox 2754 5068 3014 5136; x_wconf 87' lang='lat' dir='ltr'><strong>scriptum</strong></span> <span class='ocrx_word' id='word_1_807' title='bbox 3049 5066 3299 5128; x_wconf 87' lang='lat' dir='ltr'><strong>habetur,</strong></span> <span class='ocrx_word' id='word_1_808' title='bbox 3325 5067 3424 5118; x_wconf 83' lang='grc' dir='ltr'>ὅσα</span> <span class='ocrx_word' id='word_1_809' title='bbox 3448 5083 3511 5133; x_wconf 86' lang='grc' dir='ltr'><strong>γε</strong></span> <span class='ocrx_word' id='word_1_810' title='bbox 3532 5069 3650 5128; x_wconf 77' lang='grc' dir='ltr'>τοῖς</span> 
     </span>
    </p>
   </div>
   <div class='ocr_carea' id='block_1_117' title="bbox 2071 5135 3648 5210">
    <p class='ocr_par' dir='ltr' id='par_1_117' title="bbox 2071 5135 3648 5210">
     <span class='ocr_line' id='line_1_117' title="bbox 2071 5135 3648 5210; baseline -0.003 -18"><span class='ocrx_word' id='word_1_811' title='bbox 2071 5141 2151 5204; x_wconf 87' lang='grc' dir='ltr'><strong>εἰς</strong></span> <span class='ocrx_word' id='word_1_812' title='bbox 2181 5141 2300 5210; x_wconf 83' lang='grc' dir='ltr'>τήν,</span> <span class='ocrx_word' id='word_1_813' title='bbox 2331 5149 2437 5210; x_wconf 69' lang='lat' dir='ltr'><strong>etc.</strong></span> <span class='ocrx_word' id='word_1_814' title='bbox 2473 5138 2652 5210; x_wconf 80' lang='lat' dir='ltr'><strong>Quare</strong></span> <span class='ocrx_word' id='word_1_815' title='bbox 2684 5135 3028 5210; x_wconf 81' lang='lat' dir='ltr'><strong>scribendum</strong></span> <span class='ocrx_word' id='word_1_816' title='bbox 3077 5136 3306 5198; x_wconf 87' lang='lat' dir='ltr'><strong>videtur,</strong></span> <span class='ocrx_word' id='word_1_817' title='bbox 3339 5135 3537 5210; x_wconf 29' lang='grc' dir='ltr'>ὅσα.γὲ</span> <span class='ocrx_word' id='word_1_818' title='bbox 3562 5153 3648 5210; x_wconf 72' lang='grc' dir='ltr'><strong>τοι</strong></span> 
     </span>
    </p>
   </div>
   <div class='ocr_carea' id='block_1_118' title="bbox 2072 5205 3647 5279">
    <p class='ocr_par' dir='ltr' id='par_1_118' title="bbox 2072 5205 3647 5279">
     <span class='ocr_line' id='line_1_118' title="bbox 2072 5205 3647 5279; baseline -0.005 -16"><span class='ocrx_word' id='word_1_819' title='bbox 2072 5213 2151 5273; x_wconf 88' lang='grc' dir='ltr'><strong>είς</strong></span> <span class='ocrx_word' id='word_1_820' title='bbox 2184 5205 2282 5279; x_wconf 75' lang='grc' dir='ltr'>τῆν</span> <span class='ocrx_word' id='word_1_821' title='bbox 2334 5208 2484 5278; x_wconf 83' lang='grc' dir='ltr'>ἱερὰν</span> <span class='ocrx_word' id='word_1_822' title='bbox 2519 5206 2773 5279; x_wconf 83' lang='grc' dir='ltr'>μάθησιν.</span> <span class='ocrx_word' id='word_1_823' title='bbox 2810 5207 2863 5261; x_wconf 89' lang='lat' dir='ltr'><strong>Id</strong></span> <span class='ocrx_word' id='word_1_824' title='bbox 2910 5217 3013 5272; x_wconf 85' lang='lat' dir='ltr'><strong>est,</strong></span> <span class='ocrx_word' id='word_1_825' title='bbox 3040 5205 3540 5279; x_wconf 3' lang='lat' dir='ltr'><strong>quantumpquidcm</strong></span> <span class='ocrx_word' id='word_1_826' title='bbox 3573 5207 3647 5256; x_wconf 88' lang='lat' dir='ltr'><strong>ad</strong></span> 
     </span>
    </p>
   </div>
   <div class='ocr_carea' id='block_1_119' title="bbox 2072 5274 3649 5347">
    <p class='ocr_par' dir='ltr' id='par_1_119' title="bbox 2072 5274 3649 5347">
     <span class='ocr_line' id='line_1_119' title="bbox 2072 5274 3649 5347; baseline -0.006 -14"><span class='ocrx_word' id='word_1_827' title='bbox 2072 5274 2250 5334; x_wconf 54' lang='lat' dir='ltr'><strong>sacra!</strong></span> <span class='ocrx_word' id='word_1_828' title='bbox 2271 5274 2564 5346; x_wconf 70' lang='lat' dir='ltr'><strong>Scriptura:</strong></span> <span class='ocrx_word' id='word_1_829' title='bbox 2589 5274 2990 5347; x_wconf 85' lang='lat' dir='ltr'><strong>intelligentiam</strong></span> <span class='ocrx_word' id='word_1_830' title='bbox 3022 5277 3262 5347; x_wconf 64' lang='lat' dir='ltr'><strong>pertinet,</strong></span> <span class='ocrx_word' id='word_1_831' title='bbox 3289 5274 3649 5347; x_wconf 61' lang='lat' dir='ltr'><strong>Apollinarem</strong></span> 
     </span>
    </p>
   </div>
   <div class='ocr_carea' id='block_1_120' title="bbox 2073 5343 3647 5416">
    <p class='ocr_par' dir='ltr' id='par_1_120' title="bbox 2073 5343 3647 5416">
     <span class='ocr_line' id='line_1_120' title="bbox 2073 5343 3647 5416; baseline -0.004 -13"><span class='ocrx_word' id='word_1_832' title='bbox 2073 5360 2293 5416; x_wconf 87' lang='lat' dir='ltr'><strong>utroque</strong></span> <span class='ocrx_word' id='word_1_833' title='bbox 2309 5343 2731 5416; x_wconf 66' lang='lat' dir='ltr'><strong>praestantiorem</strong></span> <span class='ocrx_word' id='word_1_834' title='bbox 2755 5343 2918 5416; x_wconf 75' lang='lat' dir='ltr'><strong>fuisse</strong></span> <span class='ocrx_word' id='word_1_835' title='bbox 2937 5343 3647 5416; x_wconf 30' lang='lat' dir='ltr'><strong>aitPhilostorgiussVerba</strong></span> 
     </span>
    </p>
   </div>
   <div class='ocr_carea' id='block_1_121' title="bbox 2072 5367 3648 5489">
    <p class='ocr_par' dir='ltr' id='par_1_121' title="bbox 2072 5367 3648 5489">
     <span class='ocr_line' id='line_1_121' title="bbox 2073 5367 3647 5416; baseline -0.004 -13"><span class='ocrx_word' id='word_1_836' title='bbox 2073 5367 2191 5403; x_wconf 88' lang='lat' dir='ltr'><strong>utro</strong></span> <span class='ocrx_word' id='word_1_837' title='bbox 2232 5367 2293 5402; x_wconf 88' lang='lat' dir='ltr'><strong>ue</strong></span> <span class='ocrx_word' id='word_1_838' title='bbox 2309 5367 2731 5416; x_wconf 76' lang='lat' dir='ltr'><strong>prwstanuorem</strong></span> <span class='ocrx_word' id='word_1_839' title='bbox 2755 5367 2918 5416; x_wconf 67' lang='lat' dir='ltr'><strong>[uiue</strong></span> <span class='ocrx_word' id='word_1_840' title='bbox 2937 5367 3013 5400; x_wconf 79' lang='lat' dir='ltr'><strong>att</strong></span> <span class='ocrx_word' id='word_1_841' title='bbox 3037 5367 3441 5414; x_wconf 72' lang='lat' dir='ltr'><strong>rnuoswrgtus.</strong></span> <span class='ocrx_word' id='word_1_842' title='bbox 3477 5367 3647 5397; x_wconf 71' lang='lat' dir='ltr'><strong>verna</strong></span> 
     </span>
     <span class='ocr_line' id='line_1_122' title="bbox 2072 5367 3648 5489; baseline -0.005 -16"><span class='ocrx_word' id='word_1_843' title='bbox 2072 5367 2554 5489; x_wconf 41' lang='lat' dir='ltr'><strong>ipsaii‘hilostorgii</strong></span> <span class='ocrx_word' id='word_1_844' title='bbox 2574 5427 2789 5489; x_wconf 62' lang='lat' dir='ltr'><strong>exstant</strong></span> <span class='ocrx_word' id='word_1_845' title='bbox 2811 5418 2954 5489; x_wconf 82' lang='lat' dir='ltr'><strong>apud</strong></span> <span class='ocrx_word' id='word_1_846' title='bbox 2986 5415 3206 5471; x_wconf 85' lang='lat' dir='ltr'><strong>Suidam</strong></span> <span class='ocrx_word' id='word_1_847' title='bbox 3227 5417 3281 5489; x_wconf 74' lang='lat' dir='ltr'><strong>in</strong></span> <span class='ocrx_word' id='word_1_848' title='bbox 3297 5428 3436 5489; x_wconf 76' lang='lat' dir='ltr'><strong>voce</strong></span> <span class='ocrx_word' id='word_1_849' title='bbox 3452 5413 3648 5489; x_wconf 73' lang='grc' dir='ltr'>Ἀπολ-</span> 
     </span>
    </p>
   </div>
   <div class='ocr_carea' id='block_1_122' title="bbox 2071 5483 3649 5561">
    <p class='ocr_par' dir='ltr' id='par_1_122' title="bbox 2071 5483 3649 5561">
     <span class='ocr_line' id='line_1_123' title="bbox 2071 5483 3649 5561; baseline -0.003 -18"><span class='ocrx_word' id='word_1_850' title='bbox 2071 5483 2330 5561; x_wconf 73' lang='grc' dir='ltr'>λινάριος.</span> <span class='ocrx_word' id='word_1_851' title='bbox 2389 5483 2509 5561; x_wconf 30' lang='lat' dir='ltr'><strong>Exi</strong></span> <span class='ocrx_word' id='word_1_852' title='bbox 2529 5488 2729 5561; x_wconf 79' lang='lat' dir='ltr'><strong>quibus</strong></span> <span class='ocrx_word' id='word_1_853' title='bbox 2786 5483 3050 5561; x_wconf 81' lang='lat' dir='ltr'><strong>discimus</strong></span> <span class='ocrx_word' id='word_1_854' title='bbox 3095 5500 3211 5561; x_wconf 78' lang='lat' dir='ltr'><strong>cur_</strong></span> <span class='ocrx_word' id='word_1_855' title='bbox 3250 5483 3649 5561; x_wconf 72' lang='lat' dir='ltr'><strong>Philostorgius</strong></span> 
     </span>
    </p>
   </div>
   <div class='ocr_carea' id='block_1_123' title="bbox 2071 5553 3648 5628">
    <p class='ocr_par' dir='ltr' id='par_1_123' title="bbox 2071 5553 3648 5628">
     <span class='ocr_line' id='line_1_124' title="bbox 2071 5553 3648 5628; baseline -0.005 -13"><span class='ocrx_word' id='word_1_856' title='bbox 2071 5553 2291 5621; x_wconf 78' lang='lat' dir='ltr'><strong>dixerit,</strong></span> <span class='ocrx_word' id='word_1_857' title='bbox 2345 5561 2400 5612; x_wconf 93' lang='lat' dir='ltr'><strong>in</strong></span> <span class='ocrx_word' id='word_1_858' title='bbox 2449 5553 2763 5628; x_wconf 80' lang='lat' dir='ltr'><strong>Apollinare</strong></span> <span class='ocrx_word' id='word_1_859' title='bbox 2821 5558 3085 5628; x_wconf 75' lang='lat' dir='ltr'><strong>majorem</strong></span> <span class='ocrx_word' id='word_1_860' title='bbox 3138 5555 3308 5628; x_wconf 70' lang='lat' dir='ltr'><strong>fuisse</strong></span> <span class='ocrx_word' id='word_1_861' title='bbox 3357 5553 3648 5628; x_wconf 76' lang='lat' dir='ltr'><strong>scientiam</strong></span> 
     </span>
    </p>
   </div>
   <div class='ocr_carea' id='block_1_124' title="bbox 2073 5622 3649 5702">
    <p class='ocr_par' dir='ltr' id='par_1_124' title="bbox 2073 5622 3649 5702">
     <span class='ocr_line' id='line_1_125' title="bbox 2073 5622 3649 5702; baseline -0.004 -17"><span class='ocrx_word' id='word_1_862' title='bbox 2073 5622 2712 5702; x_wconf 44' lang='lat' dir='ltr'><strong>scripturarum—quam“</strong></span> <span class='ocrx_word' id='word_1_863' title='bbox 2736 5627 2791 5681; x_wconf 92' lang='lat' dir='ltr'><strong>in</strong></span> <span class='ocrx_word' id='word_1_864' title='bbox 2826 5622 3036 5702; x_wconf 68' lang='lat' dir='ltr'><strong>Basilio</strong></span> <span class='ocrx_word' id='word_1_865' title='bbox 3069 5640 3131 5702; x_wconf 90' lang='lat' dir='ltr'><strong>a_c</strong></span> <span class='ocrx_word' id='word_1_866' title='bbox 3170 5625 3223 5679; x_wconf 91' lang='lat' dir='ltr'><strong>in</strong></span> <span class='ocrx_word' id='word_1_867' title='bbox 3256 5622 3541 5702; x_wconf 57' lang='lat' dir='ltr'><strong>gregorio,</strong></span> <span class='ocrx_word' id='word_1_868' title='bbox 3574 5638 3649 5702; x_wconf 79' lang='lat' dir='ltr'><strong>e_o</strong></span> 
     </span>
    </p>
   </div>
   <div class='ocr_carea' id='block_1_125' title="bbox 2071 5693 3650 5825">
    <p class='ocr_par' dir='ltr' id='par_1_125' title="bbox 2071 5693 3650 5825">
     <span class='ocr_line' id='line_1_126' title="bbox 2071 5693 3650 5825; baseline -0.003 -73"><span class='ocrx_word' id='word_1_869' title='bbox 2071 5693 2215 5825; x_wconf 63' lang='grc' dir='ltr'><strong>ἶμὶοῗ</strong></span> <span class='ocrx_word' id='word_1_870' title='bbox 2260 5698 2508 5756; x_wconf 84' lang='lat' dir='ltr'><strong>videlicet</strong></span> <span class='ocrx_word' id='word_1_871' title='bbox 2541 5693 2870 5770; x_wconf 59' lang='lat' dir='ltr'><strong>Apollinaris</strong></span> <span class='ocrx_word' id='word_1_872' title='bbox 2908 5697 3224 5755; x_wconf 82' lang='lat' dir='ltr'><strong>liebraicam</strong></span> <span class='ocrx_word' id='word_1_873' title='bbox 3255 5695 3495 5766; x_wconf 75' lang='lat' dir='ltr'><strong>linguam</strong></span> <span class='ocrx_word' id='word_1_874' title='bbox 3529 5693 3650 5750; x_wconf 81' lang='lat' dir='ltr'><strong>cal-</strong></span> 
     </span>
     <span class='ocr_line' id='line_1_127' title="bbox 2091 5785 2232 5824; baseline 0 0"><span class='ocrx_word' id='word_1_875' title='bbox 2091 5787 2120 5824; x_wconf 91' lang='lat' dir='ltr'><strong>e</strong></span> <span class='ocrx_word' id='word_1_876' title='bbox 2161 5785 2188 5823; x_wconf 88' lang='lat' dir='ltr'><strong>a</strong></span> <span class='ocrx_word' id='word_1_877' title='bbox 2218 5806 2232 5824; x_wconf 93' lang='lat'><strong>.</strong></span> 
     </span>
    </p>
   </div>
   <div class='ocr_carea' id='block_1_126' title="bbox 2091 5779 2232 5824">
    <p class='ocr_par' dir='ltr' id='par_1_126' title="bbox 2091 5779 2232 5824">
     <span class='ocr_line' id='line_1_128' title="bbox 2091 5779 2232 5824; baseline 0 0"><span class='ocrx_word' id='word_1_878' title='bbox 2091 5779 2232 5824; x_wconf 86' lang='lat' dir='ltr'><strong>ebat.</strong></span> 
     </span>
    </p>
   </div>
  </div>
