3842 6310
379 255 486 314 687
1798 244 2282 304 PHILOSTOBCH
3524 239 3632 296 568

379 389 445 428 ea
475 387 597 443 qua:
630 369 700 426 ab
746 368 982 424 Eusebio
1016 368 1278 423 adversus
1311 365 1560 422 eumdem
1596 365 1957 438 Porphyrium

2077 367 2184 418 κατ’
2218 361 2384 417 αὐτοῦ
2405 378 2419 394 ο
2451 360 2589 416 ἀλλά
2616 359 2708 413 καὶ
2733 358 2841 412 τῶν
2871 355 3134 413 Μεθοδίου
3167 354 3307 408 κατά
3330 353 3429 425 τῆς
3465 353 3631 424 αὐτῆς

383 464 586 534 scripta
630 469 779 526 sunt,
817 461 980 531 longo
1020 459 1303 514 intervallo
1345 459 1660 528 superavit:
1701 458 1955 513 Methodii

2077 454 2374 518 βποθέσεως
2404 451 2853 521 σπουδασμάτων.

383 569 602 626 quoque
627 553 795 609 libros
829 552 1071 623 ejusdem
1116 551 1422 622 argumenti
1450 549 1589 605 intra
1619 565 1679 606 se
1718 550 1954 620 reliquit.

455 645 542 701 15.
577 646 669 701 Alt
703 655 983 715 praeterea,
1015 643 1158 713 quod
1189 644 1407 713 quidem
1444 645 1628 698 nescio
1658 644 1798 698 unde
1822 643 1960 697 hau-

2119 647 2198 694 ιε’.
2229 639 2390 707 Λέγει
2421 638 2466 690 δ’
2495 632 2610 701 οὖν,
2635 637 2736 689 οὐκ
2753 631 2859 707 ,οἶδ’
2886 633 3008 688 ὅθεν
3033 631 3237 696 λαϐὼν,
3264 631 3356 684 τὸν
3377 627 3630 683 mmm-

379 737 536 804 serit,
572 738 937 808 Apollinarem
960 738 1272 806 episcopum
1306 736 1496 802 fuisse,
1521 747 1576 792 et
1602 735 1866 792 Novatum
1891 751 1957 791 ex

2077 733 2244 803 ράριον
2275 731 2572 783 ἐπίσκοπον
2601 727 2678 799 (6)
2709 726 2872 791 εἶναι,
2908 726 3003 780 καὶ
3034 725 3124 779 τὸν
3147 724 3353 779 Οὐάτον
3374 725 3440 777 ὲκ
3462 721 3634 794 φυλῆς

385 829 657 902 Phrygum
698 838 860 900 gente
889 830 1152 900 originem
1185 829 1428 885 duxisse.

2077 821 2332 894 lppdcﬂat
2363 820 2472 874 τῶν
2499 818 2747 892 Φρυγῶν.

459 920 548 976 16.
577 921 778 977 Scribit
801 921 1223 993 Philostorgius,
1253 922 1630 977 Valentiniano
1665 939 1728 976 ac
1746 921 1959 976 Valenti

2125 921 2222 979 ις’.
2258 914 2381 966 Ὅτι
2422 910 2866 964 Οὐαλεντινιανὸν
2912 909 3007 962 καὶ
3035 905 3312 962 Οὐάλεντα
3337 903 3439 975 τὴν
3463 904 3633 957 Kme-

384 1013 613 1086 patriam
651 1013 822 1071 fuisse
851 1015 1102 1070 Cibalim.

2077 1016 2143 1052 ttv
2175 999 2358 1070 λαχεῖν
2386 999 2694 1069 ἀναγράφει
2725 996 2976 1069 πατρίδα.

454 1105 544 1160 17.
591 1105 931 1177 ὐμοιουσίου
958 1123 1243 1176 prwcones.
1271 1137 1343 1147 —-
1375 1107 1519 1161 Inter
1548 1122 1643 1179 eos
1684 1105 1775 1175 qui
1817 1106 1963 1161 simi-

2136 1090 2219 1156 ιζ’.
2257 1092 2380 1144 Ὅτι
2407 1090 2514 1143 τῶν
2534 1090 2595 1142 τὸ
2609 1088 2893 1160 όμοούσιον
2911 1087 2987 1158 (α)
3012 1083 3341 1152 δοξαζόντων
3361 1082 3634 1153 Θεόδωρος

384 1197 490 1252 lem
514 1198 816 1254 secundum
844 1198 1206 1254 substantiam
1243 1197 1438 1253 Filium
1466 1207 1840 1263 asscruerunt,
1867 1213 1960 1251 ee-

2077 1183 2186 1251 αὲν,
2242 1183 2428 1253 φησιν,
2479 1181 2832 1252 ὲκδηλότατος
2879 1178 3141 1248 ἐγεγόνει,
3190 1177 3290 1247 τῆς
3340 1177 3401 1228 ὲν
3451 1175 3634 1246 Θρᾴκῃ

383 1288 736 1345 leberrimum
772 1290 848 1344 ait
875 1289 1048 1345 fuisse
1088 1289 1462 1353 Theodorum,
1505 1289 1820 1358 episcopum
1857 1285 1959 1342 He-

2077 1271 2345 1343 ἐφορεύων
2391 1272 2744 1343 Ἡρακλείας,
2797 1271 2892 1324 καὶ
2931 1269 3203 1340 Γεώργιος
3247 1267 3326 1331 δὲ,
3395 1265 3635 1330 Ἀλεξαν-

382 1377 580 1433 ι-ιιοὶεω
609 1393 732 1448 qua:
761 1387 844 1434 est
880 1380 932 1433 iu
965 1378 1218 1445 Thracia,
1242 1387 1296 1434 et
1331 1355 1624 1449 Georgium
1646 1355 1960 1447 episcopum

2077 1361 2223 1434 Ξρεύς
2254 1363 2352 1434 μὲν
2384 1363 2445 1416 τὸ
2469 1363 2645 1432 γένος,
2676 1363 2771 1416 καὶ
2799 1361 2909 1415 τῶν
2937 1362 3002 1414 ὲκ
3042 1357 3360 1430 φιλοσοφίας
3383 1355 3636 1449 ὁρμωμέ-

381 1446 668 1523 Laodiceaa
701 1466 755 1522 in
779 1466 958 1538 Syria,
985 1469 1416 1523 Alexandrinum
1446 1446 1664 1540 genere,
1683 1446 1787 1537 qui
1811 1468 1963 1536 prius

2077 1469 2194 1518 νων,
2243 1453 2345 1523 τῆς
2383 1455 2442 1508 δὲ
2500 1453 2641 1507 κατά
2690 1452 2890 1524 Συρίαν
2941 1449 3262 1513 Λαοδικείας
3311 1446 3634 1501 ἐπιστατῶν.

382 1559 742 1631 philosophiae
780 1535 1002 1630 operam
1049 1560 1292 1616 dederat.
1342 1561 1426 1616 Ab
1451 1535 1543 1618 his
1577 1535 1964 1616 secundiifue-

2077 1544 2320 1616 Δεύτεροι
2367 1545 2481 1616 μετ’
2529 1545 2726 1607 αὐτοὺς
2757 1541 2835 1613 τῷ
2869 1542 3044 1614 χρόνῳ
3086 1537 3384 1602 Εὐστάθιος
3413 1535 3636 1606 γηραιὸς

381 1627 515 1704 runt
559 1627 616 1705 et
641 1627 1189 1720 aetate'posteripres,
1226 1651 1544 1708 Eustathius
1593 1668 1780 1719 senex,
1819 1653 1962 1722 apud

2077 1638 2224 1709 ἀνὴρ,
2259 1639 2354 1692 καὶ
2385 1638 2464 1710 τῷ
2494 1637 2688 1708 πλήθει
2727 1636 2928 1700 αἰδοῖός
2963 1651 3023 1688 τε
3047 1634 3141 1688 καὶ
3178 1630 3423 1694 πιθανὸς,
3450 1629 3545 1682 καὶ
3579 1627 3637 1697 δὴ

299 1802 318 1818 ,
383 1742 583 1814 vulgus
609 1741 937 1799 venerabilis
965 1743 1103 1799 etad
1128 1745 1564 1814 persuadendum
1588 1743 1837 1799 idoneus.
1864 1743 1965 1798 Ba-

2077 1731 2159 1785 καὶ
2187 1730 2488 1799 Βασίλειος,
2518 1729 2654 1784 ἀλλά
2670 1728 2780 1800 γάρ
2811 1729 2904 1782 καὶ
2929 1725 3270 1788 Μακεδόνιος
3299 1725 3327 1777 6
3361 1723 3642 1775 Κώνσταν-

383 1833 544 1895 silius
572 1832 704 1888 item
741 1841 795 1889 et
827 1829 1177 1890 Macedonius
1201 1833 1710 1904 Constantinopolis
1749 1834 1964 1901 episco-

2077 1823 2442 1888 τινουπόλεως,
2489 1824 2584 1878 καὶ
2611 1825 2641 1876 6
2685 1821 2927 1887 Κυζίκου
2979 1819 3278 1881 ἐπίσκοπος
3334 1814 3637 1877 Ἐλεύσιος·

382 1939 507 1996 pus,
552 1934 608 1981 et
648 1923 903 1983 Eleusius
947 1925 1152 1998 Cyziei.
1181 1925 1431 1996 Cumque
1474 1928 1558 1984 his
1591 1926 1965 1985 Marathonius

2077 1913 2190 1983 μεθ’
2217 1909 2292 1968 ὦν
2319 1913 2681 1986 Μαραθώνιος
2705 1914 2801 1966 καὶ
2825 1911 3129 1982 Μαξιμῖνος
3150 1913 3251 1983 τῆς
3274 1911 3334 1964 ὲν
3355 1911 3640 1964 Κώνσταν-

383 2027 438 2073 et
480 2017 829 2087 Maximinus,
873 2019 1492 2090 Constantinopolitanae
1535 2020 1791 2078 Ecclesiae
1841 2037 1965 2091 pre-

2077 2005 2370 2059 τινουπόλει
2413 2004 2741 2076 Ἐκκλησίας
2767 2002 3150 2076 πρεσϐύτεροι.

386 2109 613 2181 shyteri.

455 2196 548 2254 18.
579 2196 875 2254 Eunomius
912 2200 1061 2255 Aetio
1091 2198 1335 2256 collatus.
1371 2230 1442 2242 —
1474 2198 1803 2256 Eunomium
1839 2216 1963 2256 cum

2135 2196 2224 2261 ιη’.
2262 2189 2384 2243 Ὀτι
2437 2186 2803 2260 παραϐάλλων
2851 2186 2946 2241 τὸν
2993 2186 3257 2256 Εὐνόμιον
3303 2185 3516 2256 ’Δετίῳ,
3566 2187 3641 2250 είς

383 2288 543 2346 Aetio
569 2304 898 2361 comparans
944 2289 1365 2362 Philostorgius,
1401 2292 1545 2361 quod
1581 2291 1802 2360 quidem
1843 2307 1965 2360 spe-

2077 2288 2168 2353 μὲν
2216 2282 2369 2353 ίσχύν
2417 2279 2746 2345 ἀποδείξεων
2815 2281 2911 2334 καὶ
2965 2279 3292 2351 ἑτοιμότητα
3343 2279 3455 2332 τῶν
3509 2281 3639 2350 πρὸς

384 2390 497 2439 ctat
526 2383 593 2437 ad
620 2383 731 2437 vim
754 2382 1281 2438 demonstrationum
1315 2390 1369 2437 et
1392 2383 1458 2437 ad
1488 2383 1700 2455 singula
1735 2398 1964 2453 respon-

2077 2375 2271 2430 ἕκαστα
2307 2373 2697 2444 ἀπαντήσεων,
2751 2370 3040 2442 προτάττει
3108 2371 3346 2424 Ἀέτιον·
3406 2370 3639 2439 ἀτεχνῶς

384 2473 546 2528 dendi
605 2483 913 2544 promptam
977 2473 1327 2539 facultatem,
1382 2474 1598 2529 Aetium
1663 2476 1962 2545 anteponit.

2077 2467 2174 2538 γάρ
2209 2483 2372 2538 φησιν
2405 2465 2498 2517 ἐπὶ
2545 2465 2645 2535 τῆς
2691 2462 2938 2534 γλώττης
2991 2463 3158 2534 ἄκρας
3213 2460 3378 2515 αὐτοῦ
3432 2463 3638 2515 ἅπαντα

383 2563 622 2620 Prorsus
661 2564 808 2620 enim
837 2565 891 2619 in
922 2564 1163 2635 primore
1190 2564 1311 2634 ejus
1349 2565 1530 2636 lingua
1565 2575 1761 2621 cuncta
1803 2567 1965 2621 simul

2077 2558 2242 2611 5οκεῖν
2287 2555 2460 2630 ἀθρόα
2493 2555 2742 2610 κεῖσθαι*
2779 2553 3050 2626 σαφηνείᾳ
3080 2553 3136 2606 δὲ
3165 2551 3516 2614 διδασκαλίας
3553 2553 3640 2605 καὶ

383 2664 637 2713 conserta
661 2656 848 2726 jacere
879 2656 1224 2711 videbantur.
1253 2655 1530 2723 Quantum
1569 2673 1698 2713 vero
1732 2657 1797 2712 ad
1847 2674 1965 2728 per-

2077 2649 2401 2720 συμμετρία,
2427 2647 2520 2700 καὶ
2545 2645 2624 2716 τῷ
2648 2644 2784 2715 πρὸς
2809 2645 2936 2707 τοὺς
2967 2641 3382 2715 μαθησομένους
3414 2640 3642 2712 μάλιστα

385 2748 734 2818 spicuitatem
775 2748 831 2804 in
864 2749 1112 2805 docendo
1138 2759 1192 2804 et
1231 2749 1297 2804 ad
1331 2751 1776 2817 concinnitatem,
1819 2760 1874 2805 et
1899 2750 1965 2805 ad

2077 2738 2460 2811 ἀρμοδιωτάτῳ
2489 2737 2580 2790 τὸν
2609 2735 2895 2806 Εὐνόμιον.

384 2840 601 2896 dicendi
641 2855 814 2912 genus
849 2839 1188 2898 discentibus
1231 2843 1602 2913 aptissimum,
1635 2840 1966 2900 Eunomium

384 2931 624 3004 praefert.

690 3044 782 3100 ΕΧ
823 3043 1028 3100 LIBRO
1063 3043 1250 3101 NONO
1288 3044 1658 3102 lllSTORI/E.
1957 2995 1965 3008 ‘

2361 2999 2454 3053 ΕΚ
2488 2997 2625 3051 ΤΗΣ
2657 2995 2985 3050 ΕΝΝΑΤΗΣ
3019 2992 3352 3051 ΙΣΤΟΡΙΑΣ.

2142 3108 2186 3136 ,ο
2247 3111 2364 3136 ~n_.
2401 3108 2478 3136 ,ε
2512 3106 2877 3136 .u..~.-----..:.a.
2920 3108 2948 3136 λ
2999 3105 3212 3136 κ.,......,.ρ
3241 3104 3352 3136 λιι...

2139 3108 2208 3165 α’.
2247 3111 2368 3164 Ὀτι
2401 3108 2480 3180 τῷ
2512 3106 2879 3180 Φιλοστοργίῳ
2920 3108 2949 3160 6
2996 3105 3212 3168 ἐννατος
3241 3104 3400 3173 λόγος
3441 3103 3636 3157 ’Λετίου

2065 3202 2264 3274 χειρῶν
2309 3201 2562 3273 ὑπερφυῆ
2616 3199 2777 3273 ἔργα,
2822 3199 3090 3270 Εὐνομίου
3141 3213 3199 3250 τε
3251 3197 3346 3250 καὶ
3393 3196 3637 3250 Λεοντίου

2063 3293 2410 3348 διαπλάττει’
2441 3293 2534 3347 καὶ
2561 3291 2624 3363 δὴ
2659 3291 2751 3346 καὶ
2797 3290 3060 3344 Κανδίδου
3103 3291 3198 3344 καὶ
3240 3287 3517 3360 Εὐαγρίου
3551 3287 3636 3340 καὶ

2079 3384 2362 3457 Ἀρριανοῦ
2387 3385 2481 3438 καὶ
2499 3382 2861 3454 Φλωρεντίου,
2897 3381 2992 3436 καὶ
3022 3381 3256 3452 μάλιστά
3293 3397 3357 3449 γε
3385 3379 3634 3448 Θεοφίλου

2066 3474 2158 3528 τοῦ
2187 3474 2371 3540 Ἰνδοῦ,
2399 3474 2494 3526 καί
2520 3490 2682 3527 τινων
2704 3471 3012 3537 ἀλλων,οὒς
3042 3473 3075 3543 ὴ
3103 3471 3242 3542 αὐτὴ
3275 3471 3372 3541 τῆς
3395 3469 3636 3534 ἀσεὸείας

2066 3566 2238 3620 λύσσα
2284 3566 2649 3638 θερμοτέρους
2683 3565 2990 3620 ἐπεδείκνυ.
3032 3565 3142 3619 Καὶ
3185 3563 3358 3617 ταῦτα
3416 3561 3555 3618 κατά
3585 3561 3639 3615 τὸ

2067 3656 2478 3712 ἀπιθανώτατον
2503 3657 2904 3712 ἀναπλάττοντι
2931 3656 3152 3730 οὐδεμία
3180 3658 3364 3728 παρῆν
3396 3655 3640 3726 αἴσθησις

2067 3748 2165 3812 τῆς
2198 3747 2425 3812 ἀτοπίας
2452 3747 2916 3818 άνακουφίζουσα.

455 3161 508 3215 1.
547 3159 802 3216 Ηιενειίεί
851 3161 1302 3231 θαυματοποιοί.
1374 3192 1433 3202 -—
1483 3159 1673 3218 Nonus
1724 3163 1966 3218 historiae

366 3251 524 3336 ,iib.er
555 3253 820 3323 stupenda
847 3253 1097 3323 quaedam
1131 3253 1270 3308 Aetii
1300 3262 1353 3308 et
1383 3253 1635 3308 Eunomii
1668 3269 1732 3310 ac
1752 3254 1964 3310 Leontii

345 3332 651 3400 'iniracula
697 3347 962 3410 continet,
1013 3361 1042 3400 a
1089 3343 1457 3416 Philostorgio
1502 3347 1771 3414 conﬁcta;
1824 3347 1966 3403 Can-

382 3425 498 3491 didi
528 3436 654 3492 item
679 3446 733 3492 et
762 3435 978 3509 Evagrii
1011 3448 1064 3494 et
1082 3438 1300 3494 Arriani
1323 3448 1488 3510 atque
1511 3439 1796 3506 Florentii,
1827 3455 1967 3510 prae-

379 3527 546 3608 ;cipue
585 3541 715 3581 vero
745 3525 1033 3598 Theophili
1066 3527 1205 3594 ludi,
1235 3539 1290 3584 et
1312 3531 1545 3585 aliorum
1577 3531 1967 3601 quorumdam,

379 3615 524 3690 fquos
561 3619 804 3690 ejusdem
841 3621 1135 3692 impietatis
1185 3620 1340 3677 furor
1387 3622 1708 3679 fervidiores
1759 3624 1969 3679 caeteris

378 3700 715 3820 .bstentahat.
753 3714 932 3786 Atque
970 3715 1083 3770 haec
1124 3729 1248 3818 cum
1288 3714 1516 3786 lingeret
1549 3714 1966 3783 Philostorgius,

377 3806 568 3864 Lnnllus
614 3823 740 3864 eum
788 3821 984 3865 sensus
1033 3806 1204 3862 subiit
1258 3807 1614 3863 absurditatis
1658 3807 1751 3879 qui
1790 3807 1969 3877 ipsum

377 3900 724 3971 reprimeret.

451 3993 508 4048 2.
538 3992 740 4051 Jannes
772 4001 822 4047 et
848 3989 1119 4050 Jambm.
1147 4021 1214 4034 -
1243 3989 1442 4056 Moses,
1464 3998 1524 4045 ut
1551 3990 1627 4045 ait
1668 3989 1965 4044 Philostor-

2141 4001 2204 4072 β’.
2251 4002 2370 4055 ὀτι
2426 4002 2654 4072 Μωσῆς.
2715 4001 2871 4073 φησὶ,
2921 4002 3049 4066 τοὺς
3099 4002 3228 4072 περὶ
3291 4001 3503 4072 Ἰαννὴν
3556 4001 3638 4054 καὶ

383 4086 530 4159 gius,
563 4101 689 4141 cum
727 4083 957 4141 Jannem
998 4093 1052 4138 et
1079 4081 1354 4137 Jambrem
1394 4082 1673 4138 ulceribus
1703 4080 1965 4136 divinitus

2079 4093 2337 4166 Ἰαμϐρὴν
2371 4094 2429 4147 ὲν
2475 4094 2658 4146 ἕλκεσι
2701 4094 3092 4164 κολασάμενος,
3129 4094 3223 4146 καὶ
3266 4093 3366 4164 τὴν
3414 4092 3635 4164 θατέρου

382 4177 614 4233 invectis
659 4177 949 4252 puniisset,
983 4184 1214 4231 matrem
1246 4190 1466 4247 quoque
1514 4175 1741 4232 alterius
1772 4189 1965 4232 eorum

2077 4169 2268 4240 τούτὼν
2302 4186 2516 4257 μητέρα
2547 4185 2626 4257 τῷ
2656 4185 2872 4255 θανάτῳ
2903 4203 2969 4238 πε
2980 4185 3320 4257 ρεπέμψατο.

379 4269 546 4324 morti
569 4269 810 4325 tradidit.

451 4359 506 4413 3.
537 4357 813 4413 Eudoxius
839 4369 887 4414 et
920 4359 1157 4414 Euzoius
1201 4359 1459 4414 Eunomia
1496 4359 1857 4414 adversantur.
1889 4389 1960 4400 --

2133 4375 2204 4437 γ’.
2241 4369 2364 4423 ’Ὀτι
2419 4369 2652 4441 Οὐάλης,
2705 4370 2892 4442 φησὶν,
2937 4369 3003 4424 ἐκ
3041 4367 3150 4422 τῶν
3215 4365 3492 4438 Ἰλλυριῶν
3551 4363 3634 4417 ἐπὶ

380 4449 604 4519 Valens,
659 4459 721 4507 ut
767 4453 959 4508 scribit
1008 4451 1424 4524 Philostorgius,
1469 4469 1595 4508 cum
1634 4468 1699 4508 ex
1753 4452 1963 4524 lllyrico

2077 4461 2161 4533 τὴν
2193 4461 2769 4516 Κωνσταντινούπολιν
2799 4462 3152 4532 ἀφικόμενος,
3187 4459 3274 4513 διὰ
3299 4459 3470 4528 τιμῆς
3500 4451 3633 4525 εἶχεν

379 4541 906 4613 Constantinopolim
945 4559 1194 4600 reversus
1230 4552 1398 4605 esset,
1435 4543 1737 4600 Eudoxium
1771 4545 1963 4614 praeci-

2077 4552 2311 4617 Εὐδόξιον
2332 4567 2347 4583 ο
2372 4552 2467 4604 καὶ
2495 4550 2790 4622 δυνάμενος
2809 4551 3045 4622 μάλιστα
3066 4552 3187 4612 ταῖς
3216 4548 3353 4618 πρὸς
3381 4547 3632 4615 Εὐνόμιον

377 4647 488 4702 puo
516 4633 724 4690 honore
745 4633 933 4692 coluit.
963 4637 1210 4706 Cumque
1236 4633 1519 4689 Eudoxius
1544 4651 1606 4688 ea
1631 4649 1751 4704 quae
1781 4633 1964 4688 Enno-

2077 4639 2388 4709 lrtooxécsat
2423 4640 2597 4711 πέρας
2637 4639 2928 4701 ἐπιθεῖναι,
2973 4640 3079 4710 τὴν
3124 4637 3349 4708 γνώμην
3381 4637 3485 4689 οὐκ
3529 4631 3630 4703 εἶχε

378 4725 492 4782 mio
520 4726 875 4798 promiserat,
911 4727 1068 4784 facile
1103 4736 1286 4801 posset
1325 4727 1569 4799 implere,
1598 4726 1846 4783 voluntas
1879 4739 1961 4782 ta-

2077 4731 2455 4803 τυντρέχουσαν
2477 4733 2505 4785 6
2523 4729 2768 4794 Εὐδόξιος
2793 4729 2866 4801 (b)
2889 4744 2901 4757 °
2939 4729 3076 4783 ἀλλά
3103 4729 3195 4783 καὶ
3216 4728 3444 4799 Εὐζωῖῳ
3463 4725 3630 4796 παρῆν

1612 4901 1858 4946 VALESII
1899 4901 2028 4948 ANN
2034 4903 2301 4948 ΟΤΔἸῚΟΝ
2308 4903 2401 4946 ES.

449 5028 528 5100 (6)
559 5031 1008 5100 Ἀπολλινάριον
1029 5030 1762 5086 ἐπίσκοπον.ϐοῑιιοΐιέόυε
1785 5030 1838 5084 in
1851 5032 1954 5100 An-

2077 5032 2199 5084 stola
2242 5031 2494 5100 synodica
2547 5030 2616 5082 ad
2651 5028 2937 5082 Eusebium
2978 5037 3030 5100 et
3068 5026 3392 5100 Luciferum,
3442 5028 3635 5084 diserta

376 5098 752 5182 natationibus
777 5098 996 5182 unicum
1029 5102 1234 5182 profert
1263 5102 1638 5182 testimonium
1665 5100 1810 5181 beati
1833 5099 1954 5156 Hie—
2059 5098 2428 5182 épollin'arem
2465 5099 2782 5182 episcopum
2839 5098 3072 5182 appellat
3098 5114 3244 5182 _pag.
3289 5098 3436 5182 5§0z
3488 5100 3635 5182 Παρ-

378 5171 615 5241 ronymi,
658 5169 754 5238 qui
800 5167 1165 5240 Apollinarem
1217 5171 1584 5226 Laodicenum
1632 5171 1948 5241 episcopum

375 5249 556 5296 vocat.
591 5239 793 5294 Verum
819 5251 942 5295 ante
969 5240 1358 5297 Hieronvmum
1385 5241 1719 5297 Athanasius
1745 5241 1798 5296 in
1826 5240 1956 5311 Epi-

2077 5167 2199 5242 ἦσαν
2229 5171 2286 5226 δὲ
2315 5171 2409 5226 καί
2431 5167 2575 5234 τινες
2591 5167 2999 5240 Ἀπολλιναρίου
3031 5167 3126 5222 τοῦ
3160 5167 3459 5226 ἐπισκόπου
3483 5167 3636 5242 tun/d-

2077 5242 2270 5306 ζοντες.
2309 5243 2438 5312 παρ’
2471 5239 2636 5295 αὐτοῦ
2671 5241 2752 5305 είς
2775 5239 2934 5296 τοῦτο
2963 5237 3324 5312 πεμφθέντες.

1843 5417 2194 5472 νΛΒΙΟΒΰδΣ.

451 5526 526 5654 ((9
562 5527 1013 5614 τάδμοούᾳιον.
1050 5527 1844 5616 Legendum.6.potouctov..lta
1880 5531 1956 5587 le-

451 5614 477 5654 n
520 5615 613 5654 um
644 5601 807 5654 Infra.
842 5599 935 5654 1th.
971 5614 1024 5654 ι.
1063 5613 1184 5654 rat).
1210 5600 1263 5654 5.
1301 5603 1392 5654 ubi
1426 5618 1477 5654 In
1515 5619 1798 5654 nnnressts
1826 5606 1956 5654 ouo-

2133 5530 2209 5604 (b)
2247 5531 2365 5600 Τὴν
2393 5529 2637 5600 γνώμην
2650 5530 2780 5614 “oux
2812 5525 2932 5602 εἶχε
2967 5529 3432 5654 οξυιὲρέχουσαγ
3468 5531 3502 5584 ό
3529 5529 3634 5610 Εὐ-

2077 5603 2282 5654 ςόειορ.
2333 5599 2410 5654 De
2456 5599 2685 5654 Eudoxn
2720 5609 2776 5654 et
2827 5601 3017 5654 Enzon
3108 5610 3228 5654 lctis
3283 5600 3549 5654 facttsaue
3581 5615 3627 5654 ιη

375 5599 613 5674 gendum
644 5599 807 5674 infra,
842 5599 935 5655 lib.
957 5614 1024 5674 _x,
1063 5600 1392 5674 rap._3,__ubi
1422 5599 1477 5674 in
1515 5603 1798 5674 impressis
1826 5606 1956 5674 ὀμο-

2077 5599 2282 5669 Βόξιος.
2333 5599 2685 5674 De_Eudox_ii
2720 5609 2776 5657 et
2827 5599 3017 5674 E'nzoii
3069 5599 3228 5657 dictis
3283 5600 3549 5672 factisque
3581 5600 3627 5674 in

375 5667 558 5726 οὐσιον
585 5671 798 5742 legitur,
834 5679 893 5726 ut
919 5667 1230 5726 observavit
1255 5669 1525 5728 Valesius.
1575 5667 1659 5728 νγ.
1689 5667 1894 5729 Lowtli.
2060 5667 2278 5732 Aetium
2327 5679 2383 5730 et
2414 5669 2750 5730 Eunomium
2801 5673 2962 5731 toties
3009 5667 3500 5748 tamquegoperos'e
3526 5670 3628 5742 agit
