3842 6348
428 287 528 344 571

1819 293 2013 352 PHILC

2123 295 2313 355 ORCll
3349 371 3352 374 ,
3590 305 3668 364 572

420 416 532 472 quo
556 405 626 458 ab
653 403 788 460 urbe
831 404 1032 476 Cyzico
1058 407 1406 476 migraverat,
1439 416 1551 462 toto
1596 409 1851 482 deinceps
1876 411 2002 466 vitae

2119 430 2193 467 δον
2211 413 2533 486 (14),ἦψατο·
2559 414 2739 469 καίτοι
2769 433 2876 470 των
2895 415 3164 488 ὁμοδόξων
3183 417 3496 471 ἐπισκόπων
3523 418 3668 482 οὗύεῖς

421 509 536 548 suze
588 503 857 566 tempore,
891 513 957 553 ne
992 514 1148 553 sacra
1184 502 1406 570 quidem
1458 502 1721 573 mysteria
1764 518 2005 573 unquam

421 581 752 652 celebravit,
801 587 1053 656 quamvis
1103 590 1485 658 episcoporum
1539 591 1786 662 ejusdem
1845 602 2008 649 secta“:

421 673 606 730 nullus
641 686 806 740 esset,
848 678 941 746 qui
983 680 1191 749 absque
1225 681 1345 750 ejus
1386 683 1660 738 sententia
1708 684 2008 755 quidquam

421 779 485 819 ex
517 767 679 821 rebus
701 769 1090 827 ecclesiasticis
1116 783 1418 846 perageret.

492 855 548 910 5.
584 855 879 928 Procopius
903 868 1184 930 tyrannus.
1213 896 1284 904 —
1317 863 1516 920 Valens
1542 865 1763 920 tertium
1792 865 2008 935 imperii

421 945 504 1002 sui
526 961 733 1002 annum
763 948 1070 1020 ingressus,
1088 953 1489 1023 expeditionem
1518 955 1781 1010 adversus
1813 954 2009 1011 Persas

419 1039 678 1109 suscepit;
726 1055 840 1111 quo
875 1042 1097 1113 quidem
1138 1054 1383 1115 tempore
1428 1045 1730 1116 Procopius
1787 1061 2009 1116 quoque

418 1127 896 1202 Constantinopoli
951 1137 1298 1206 tyrannidem
1359 1137 1610 1207 arripuit.
1680 1138 1852 1192 Porro
1919 1137 2009 1192 hic

417 1217 718 1291 Procopius
776 1224 1189 1296 prOpinquitate
1237 1227 1453 1298 generis
1515 1229 1848 1297 coniunctus
1893 1237 2011 1282 erat

416 1309 665 1381 Juliano,
696 1316 977 1388 multaque
1020 1319 1304 1373 hominum
1341 1319 1548 1390 judicia
1574 1319 1640 1375 de
1669 1321 1760 1374 illo
1784 1321 2008 1386 flebant,

418 1407 621 1476 quibus
641 1407 929 1478 imperium
951 1410 1002 1464 ei
1021 1411 1392 1466 deferebatur.
1407 1412 1537 1478 Quae
1557 1411 1776 1481 quidem
1799 1413 2008 1481 judicia

416 1497 632 1554 crebris
686 1501 1038 1556 sermonibus
1087 1503 1506 1574 evulgabantur.
1545 1503 1720 1568 Quam
1773 1504 1846 1558 ob
1895 1519 2007 1558 rem

415 1587 651 1646 Joviano
701 1591 770 1647 ad
823 1593 1113 1662 imperium
1165 1606 1377 1660 erecto,
1440 1595 1744 1666 Procopius
1788 1607 2009 1666 arrepta

420 1682 550 1754 fuga
581 1682 1032 1755 MesOpotamiam
1067 1687 1307 1757 reliquit,
1341 1697 1395 1743 et
1419 1704 1525 1743 una
1556 1703 1683 1743 cum
1703 1704 1872 1743 uxore
1889 1703 2010 1744 sese

2109 497 2196 571 ἦν,
2221 502 2278 566 ὃς
2297 502 2397 573 τῆς
2420 505 2630 557 ἐκείνου
2652 504 2876 577 γνώμης
2901 506 3071 578 χωρὶς
3099 505 3248 560 οὐδὲν
3266 506 3374 559 τῶν
3401 506 3667 578 ἐκκλησια-

2112 590 2311 644 στικῶν
2337 591 2708 664 διεπράττετο.

2179 865 2240 910 ε’.
2300 858 2420 912 Ὅτι
2457 857 2642 929 τρίτου
2676 857 2777 928 τῆς
2811 859 3091 930 βασιλείας
3123 859 3275 924 ἔτους
3325 861 3538 930 Οὐάλης
3568 865 3668 916 ὲπι-

2111 948 2234 1013 ϐάς.
2271 951 2364 1003 ἐπὶ
2395 950 2610 1021 Πέρσας
2638 951 2999 1020 ἐστράτευσε·
3031 951 3152 1004 καθ’
3183 952 3241 1005 δν
3268 953 3460 1025 καιρὸν
3494 955 3570 1026 (a)
3596 957 3669 1009 καὶ

2110 1040 2417 1111 Προκόπιος
2460 1040 2558 1112 τὴν
2606 1041 2900 1113 τυραννίδα
2942 1041 3083 1094 κατά
3123 1043 3668 1099 Κωνσταντινούπολιν

2109 1132 2473 1186 ὲσκευάσατο.
2519 1132 2577 1184 Ὀ
2607 1131 2664 1184 δὲ
2701 1132 3006 1200 Προκόπιος
3039 1126 3194 1196 οὗτος
3227 1135 3305 1198 εἰς
3332 1135 3393 1188 τὸ
3423 1135 3515 1188 τοῦ
3562 1137 3668 1189 Ἰου-

2108 1225 2294 1278 λιανοῦ
2341 1225 2499 1294 γένος
2531 1226 2825 1296 ἀνεφέρετο
2845 1241 2858 1255 ·
2892 1225 2988 1278 καὶ
3014 1226 3201 1280 πολλοὶ
3231 1228 3577 1282 άνεκινοῦντο
3599 1229 3669 1280 λο-

2109 1316 2319 1386 γισμοὶ,
2347 1318 2446 1386 τὴν
2480 1315 2760 1386 βασιλείαν
2794 1318 2943 1390 αύτῷ
2975 1319 3392 1390 περιάπτοντες.
3437 1320 3543 1372 Καὶ
3567 1321 3670 1383 τοὺς

2108 1408 2404 1478 λογισμοὺς
2445 1410 2538 1462 καὶ
2576 1409 2722 1478 λόγοι
2765 1411 3031 1480 διέφερον.
3069 1409 3169 1463 Διὰ
3207 1409 3365 1462 τοῦτο
3419 1410 3670 1464 Ἰωϐιανοῦ

2113 1502 2538 1573 βασιλεύσαντος
2581 1504 2680 1573 τῆς
2740 1504 3170 1573 Μεσοποταμίας
3222 1498 3376 1566 οὗτος
3427 1504 3669 1575 ἀποδρὰς,

2110 1597 2205 1650 καὶ
2232 1595 2460 1658 πολλοὺς
2489 1597 2546 1648 ὲν
2575 1595 2924 1666 ταλαιπωρίᾳ
2946 1595 3148 1658 τόπους
3177 1594 3441 1663 ἀμείψας,
3477 1594 3669 1662 φεύγων

2111 1706 2171 1742 τε
2203 1689 2340 1760 μετὰ
2367 1688 2468 1759 τῆς
2495 1687 2757 1758 γυναικὸς
2777 1688 2872 1740 καὶ
2893 1688 3290 1758 κρυπτόμενος,
3320 1687 3396 1749 ὡς
3427 1687 3670 1756 ἀπείρηκε

417 1774 722 1839 occultans,
765 1775 1044 1846 variisque
1072 1777 1306 1832 subinde
1339 1778 1691 1832 commutatis
1724 1777 1862 1832 locis
1887 1791 1996 1831 non

2119 1781 2471 1850 τλανὼμενος,
2501 1779 2594 1834 τὸν
2624 1778 2852 1849 ἔσχατον
2871 1818 2886 1839 ,
2922 1778 3110 1849 φησὶν,
3143 1777 3466 1850 ἀναῤῥίπτει
3507 1777 3671 1831 κύϐον.

419 1865 539 1921 sine
562 1869 770 1936 ingenti
802 1868 1120 1926 difﬁcultate
1167 1886 1232 1927 ac
1265 1871 1510 1935 miseria,
1547 1885 1798 1925 errorum
1839 1886 1904 1926 ac
1924 1871 2006 1926 la-

418 1960 700 2016 tebrarum
753 1970 1041 2032 pertaesus,
1102 1963 1320 2019 tandem
1360 1971 1686 2029 extremam,
1740 1973 1800 2018 ut
1830 1963 2005 2032 aiunt,

418 2053 591 2108 aleam
620 2053 777 2124 jecit.
808 2053 1208 2111 Chalcedonem
1243 2057 1407 2127 igitur
1444 2055 1744 2127 profectus,
1788 2056 1843 2110 in
1900 2057 2010 2110 Eu-

417 2142 593 2197 nomii
628 2159 760 2214 agro
814 2146 907 2216 qui
959 2155 1112 2201 extra
1163 2147 1352 2202 urbem
1414 2148 1552 2204 situs
1591 2156 1730 2211 erat,
1784 2147 2010 2201 absente

419 2243 550 2289 tunc
589 2235 835 2302 domino,
869 2238 1103 2293 delituit.
1165 2238 1318 2293 Unde
1351 2255 1477 2296 cum
1511 2240 1824 2309 trajecisset
1862 2239 2009 2294 Conw

419 2327 864 2409 stantinopolim,
899 2331 1110 2401 absque
1138 2332 1244 2385 ttlla
1278 2333 1424 2387 caade
1456 2333 1748 2402 imperium
1772 2348 2010 2403 occupa-

415 2419 514 2472 vit.
570 2418 681 2474 Nec
731 2424 906 2476 multo
942 2433 1067 2492 post
1098 2425 1292 2494 prmlio
1321 2431 1444 2479 cum
1475 2425 1699 2480 Valente
1747 2441 2008 2496 congres-

416 2525 534 2572 sus,
582 2510 785 2566 ducum
843 2528 1094 2577 suorum,
1127 2513 1374 2570 Gomarii
1413 2525 1468 2570 et
1501 2516 1769 2586 Agilonis,
1833 2516 2012 2586 prodi-

417 2601 566 2655 tione
615 2614 907 2672 superatus
963 2615 1044 2660 est
1080 2624 1092 2660 :
1131 2615 1456 2676 arreptaque
1495 2607 1620 2677 fuga
1674 2606 1910 2662 Nicaeam
1951 2624 2010 2664 se

417 2694 640 2763 recepit.
681 2694 952 2754 Postridie
994 2711 1123 2751 vero
1154 2713 1279 2751 cum
1315 2699 1442 2752 inde
1468 2698 1749 2753 discedere
1781 2698 2012 2753 medita~

418 2795 592 2851 retur,
630 2802 660 2840 a
687 2784 986 2850 Florentio,
1020 2789 1108 2842 cui
1148 2791 1298 2845 urbis
1330 2790 1477 2846 illius
1516 2792 1825 2846 custodiam
1855 2807 2010 2845 com-

420 2878 671 2942 miserat,
706 2880 1214 2947 comprehenditur,
1271 2883 1601 2951 vinetusque
1629 2883 1697 2936 ad
1729 2881 2010 2936 Valentem

419 2971 758 3041 perducitur.
805 2971 868 3026 Et
901 2971 1204 3041 Procopius
1230 2972 1450 3042 quidem
1481 2990 1605 3027 mox
1636 2975 1814 3043 capite
1851 2983 2010 3028 trun-

420 3072 576 3118 catus
597 3073 704 3129 est,
737 3077 861 3118 ett-tn
895 3081 991 3119 sex
1026 3065 1298 3120 mensium
1335 3065 1513 3135 spatio
1537 3064 1886 3136 tyrannidem
1909 3080 2008 3118 ex-

421 3154 726 3222 ercuisset;
784 3154 1063 3210 Florentio
1118 3172 1276 3218 vero.
1323 3173 1390 3210 ne
1441 3157 1506 3211 ad
1565 3157 1728 3210 vitam
1792 3157 2009 3224 quidem

423 3246 597 3315 ipsius
632 3247 960 3301 servandam
990 3245 1206 3302 suﬁ'ecit
1240 3249 1500 3318 proditio,
1534 3249 1626 3303 sed
1664 3247 1865 3302 milites
1888 3263 2012 3301 eum

423 3337 677 3392 incendio
725 3339 1090 3402 tradiderunt,
1145 3339 1217 3393 oh
1277 3351 1513 3394 veterem
1574 3340 1910 3394 simultatem
1968 3339 2015 3392 ei

2111 1876 2222 1928 Καὶ
2252 1873 2352 1945 τὴν
2378 1871 2702 1942 Καλχηδόνα
2727 1870 3075 1933 καταλαϐὼν,
3107 1870 3164 1922 ἐν
3192 1869 3269 1940 τῷ
3301 1868 3396 1922 τοῦ
3428 1869 3673 1939 Εύνομίου

2111 1965 2301 2038 ἀγρῷ,
2350 1965 2451 2033 τῆς
2481 1964 2690 2026 πόλεως
2731 1961 2931 2027 ἔξωθεν
2958 1960 3311 2032 διακειμένῳ,
3363 1961 3475 2015 οὐδ’
3512 1963 3676 2033 ἐπιδη.

2115 2056 2340 2128 μοῦντος
2365 2053 2458 2108 τοῦ
2497 2053 2783 2116 δεσπότου,
2816 2051 3008 2105 ἑαυτὸν
3038 2051 3452 2124 κατακρύπτει·
3488 2051 3675 2104 ἐκεῖθεν

2110 2150 2163 2202 δὲ
2192 2151 2273 2213 είς
2303 2148 2401 2220 τὴν
2440 2146 2592 2201 πόλιν
2619 2145 2831 2217 διάρας,
2867 2143 3147 2214 ἐγκρατὴς
3172 2143 3447 2214 ἀναιμωτὶ
3475 2144 3574 2213 τῆς
3595 2143 3674 2212 βα-

2113 2241 2314 2304 σιλείας
2358 2239 2587 2307 γίνεται.
2633 2235 2765 2291 Εἶτα
2797 2239 2913 2308 μετ’
2943 2239 3002 2290 ού
3045 2237 3213 2289 πολὺν
3244 2235 3437 2306 χρόνον
3473 2235 3677 2304 πολέμῳ

2113 2333 2413 2404 συρῤαγεὶς
2445 2331 2730 2396 Οὐάλεντι,
2760 2330 3022 2403 προδοσίᾳ
3047 2329 3154 2383 τῶν
3177 2329 3341 2383 αὑτοῦ
3374 2326 3677 2399 στρατηγῶν

2111 2425 2382 2495 Γομαρίου
2413 2425 2507 2476 καὶ
2548 2421 2814 2490 Ἀγελίου,
2844 2424 3110 2493 ήττᾶταυ
3141 2422 3236 2474 καὶ
3279 2419 3498 2489 φεύγων
3533 2435 3680 2473 καταο

2111 2518 2377 2589 λαμϐάνει
2426 2499 2525 2586 τὴν
2571 2517 2829 2570 Νίκαιαν.
2873 2516 2951 2586 Τῇ
2980 2515 3038 2568 δὲ
3084 2513 3344 2583 ἐπαύριον
3391 2511 3678 2583 διανοηθεὶς

2111 2611 2322 2665 ὲκεῖΟεν
2371 2610 2652 2680 ἀπαίρειν,
2701 2610 2807 2662 ὑπὸ
2833 2606 3196 2678 Φλωρεντίου,
3241 2607 3299 2668 ὃς
3350 2604 3681 2678 φρούραρχος

2113 2703 2203 2755 ὑπ’
2248 2699 2414 2754 αὐτοῦ
2445 2700 2545 2770 τῆς
2577 2699 2788 2761 πόλεως
2825 2698 3088 2767 κατέστη,
3119 2696 3577 2767 συλλαμϐάνεται,
3603 2697 3680 2748 καὶ

2111 2788 2398 2860 δεσμώτην
2429 2788 2590 2840 αὐτὸν
2616 2789 2644 2840 ὁ
2685 2785 2964 2840 συλλαϐὼν
2999 2785 3134 2856 πρὸς
3168 2785 3382 2854 Οὑάλην
3409 2784 3556 2852 ἄγει.
3586 2782 3683 2838 Καὶ

2113 2882 2419 2954 Προκὸπιος
2448 2881 2548 2952 μὲν
2575 2881 2675 2950 τῆς
2700 2880 2942 2950 κεφαλῆς
2972 2879 3360 2949 ἀποτέμνεται,
3397 2878 3490 2929 ἐπὶ
3520 2877 3683 2947 μῆνας

2113 2973 2173 3039 ἒξ
2211 2973 2600 3045 μετεωρισθεὶς
2649 2976 2717 3044 τῇ
2753 2971 3056 3043 τυραννίδι·
3112 2970 3432 3040 Φλωρεντίῳ
3479 2969 3536 3022 δὲ
3576 2967 3683 3020 οὐδὲ

2114 3068 2348 3139 ἤρκεσεν
2382 3067 2414 3136 ἡ
2444 3066 2709 3136 σωτήριος
2737 3063 2998 3136 προδοσία
3027 3062 3162 3133 (15),
3187 3062 3322 3116 ἀλλὰ
3358 3064 3491 3134 πυρὶ
3525 3060 3686 3114 διδόα-

2123 3175 2205 3212 σιν
2234 3155 2398 3209 αύτδν
2419 3157 2446 3208 ὁ
2471 3155 2703 3226 στρατὸς
2734 3156 2856 3208 κατ’
2892 3155 3060 3225 ὀργὴν
3083 3151 3342 3213 παλαιὰν,
3369 3151 3506 3204 διότι
3532 3167 3684 3221 φρου-

2125 3249 2232 3320 ρῶν
2276 3249 2481 3311 ἐκεῖνος
2531 3245 2634 3300 ὑπὸ
2683 3246 2989 3318 Προκοπίου
3037 3245 3136 3315 τὴν
3191 3243 3424 3297 Νίκαιαν
3475 3241 3687 3301 πολλοὺς

2125 3340 2306 3392 αὐτῶν
2342 3339 2622 3392 ἐκάκωσεν
2653 3337 3008 3409 αἱρουμένους
3031 3335 3101 3391 τά
3122 3335 3438 3398 Οὐάλεντος.

426 3430 648 3499 infensi,
682 3443 963 3502 propterea
989 3435 1137 3503 quod
1158 3435 1357 3490 missus
1384 3451 1412 3488 a
1449 3433 1714 3504 ProcOpio
1748 3435 1816 3490 ad
1877 3435 2291 3489 custodiendam
2327 3434 2584 3497 Nicaeam,
2639 3435 2842 3488 inultos
2897 3435 3140 3503 ipsorum
3185 3432 3326 3486 male
3387 3429 3686 3491 multasset,

429 3535 616 3597 utpote
647 3528 738 3596 qui
776 3526 1016 3584 Valentis
1050 3530 1294 3600 partibus
1327 3529 1590 3585 faverent.

497 3620 548 3673 6.
577 3620 718 3674 Aetii
756 3619 956 3675 obitus.
986 3651 1055 3661 —
1085 3621 1204 3688 Quo
1237 3631 1480 3692 tempore
1507 3619 1811 3692 Procopius
1839 3621 2019 3676 adhuc

428 3714 770 3785 tyrannidem
823 3715 1146 3778 exercebat,
1199 3714 1502 3769 Eunomius
1545 3715 1610 3768 ad
1661 3731 1786 3770 eum
1835 3716 2018 3786 Cyzici

429 3814 542 3858 tum
574 3805 858 3876 degentem
891 3807 1058 3860 venit.
1084 3804 1257 3862 Porro
1287 3806 1551 3861 adventus
1584 3800 1860 3871 Eunomii,
1890 3809 2021 3861 lihe-

426 3897 697 3952 rationem
725 3899 1037 3968 p0stulahat
1067 3916 1256 3954 eorum
1292 3899 1381 3969 qtti
1434 3915 1464 3954 a
1505 3899 1773 3970 l'rocOpio
1809 3900 1861 3953 in
1899 3900 2019 3953 vin-

429 3989 569 4044 culis
593 3989 1012 4058 detinebantur;
1046 3993 1283 4061 conjecli
1308 4001 1487 4046 autem
1538 4001 1696 4046 erant
1719 3993 1771 4046 in
1798 3992 2013 4046 vincula

429 4096 497 4135 co
522 4079 668 4150 quod
720 4079 967 4138 Valentis
1011 4094 1191 4152 partes
1240 4084 1476 4153 amplexi
1541 4092 1766 4148 essent;
1822 4083 2016 4137 horum

432 4171 723 4242 propinqui
755 4171 1081 4227 Eunomium
1108 4182 1418 4244 coegerant,
1444 4183 1501 4227 ut
1527 4174 1666 4227 hanc
1695 4174 2019 4244 legationem

2189 3627 2262 3685 ς’.
2302 3621 2422 3674 Ὅτι
2449 3620 2739 3691 Προκοπίῳ
2765 3619 2844 3672 ἔτι
2867 3621 2965 3690 τῆς
2994 3617 3302 3690 τυραννίδος
3323 3619 3690 3686 ἐποχουμενῳ,

2116 3713 2380 3782 Εὖνόμιος
2429 3713 2566 3782 πρδς
2613 3712 2774 3764 αὐτὸν
2805 3713 2861 3763 ὲν
2902 3699 3126 3777 Κυζίκῳ
3159 3709 3416 3776 διάγοντα
3459 3705 3688 3778 παραγί-

2114 3822 2286 3858 νεται.
2331 3805 2395 3856 Ἥ
2440 3803 2495 3856 δὲ
2551 3803 2736 3872 ἄφιξις
2776 3801 2928 3855 λύσιν
2959 3801 3196 3872 ἔπραττε
3241 3799 3352 3854 τῶν
3385 3803 3444 3852 ἐν
3483 3799 3692 3869 (Scapti;

2115 3898 2206 3950 ὑπ’
2258 3895 2424 3950 αὐτοῦ
2462 3894 2845 3966 κατεχομένων
2863 3911 2878 3967 ᾔ
2911 3893 2940 3945 ὁ
2982 3893 3180 3963 δεσμὸς
3210 3891 3268 3945 δὲ
3299 3891 3523 3954 τούτους
3556 3889 3691 3943 ὲπίε-

2117 3988 2207 4052 ζεν
2241 4027 2256 4050 ,
2286 3988 2480 4056 ὅτιπερ
2516 3986 2773 4055 ἔστεργον
2804 3985 2874 4038 τά
2914 3984 3241 4046 Οὐάλεντος⁹
3277 3983 3370 4036 καὶ
3397 3985 3444 4035 οἱ
3476 3982 3583 4036 τῶν
3615 3982 3693 4034 δε-

2120 4078 2294 4148 σμίων
2321 4079 2603 4145 συγγενεῖς
2625 4075 2978 4142 ἐξεϐιάσαντο
3030 4074 3121 4126 τὸν
3151 4073 3413 4143 Εὐνόμιον
3442 4072 3541 4142 τὴν
3564 4087 3693 4142 πρε-
3788 4143 3789 4152 γ

2122 4171 2309 4224 σϐείαν
2346 4169 2619 4223 ὑπελθεῖν.
2668 4169 2728 4222 Ὀ
2765 4167 2845 4231 δὲ,
2900 4165 3146 4220 ὑπελθὼν
3185 4165 3278 4219 καὶ
3324 4166 3452 4227 τοὺς
3503 4162 3698 4233 ἄνδρας

1666 4346 1909 4390 VALESII
1936 4343 2434 4389 ANNOTATIONES.

435 4458 1048 4543 reliqueratnperpetno
1087 4458 1420 4512 abstinuisse
1453 4467 1685 4512 testatur
1713 4457 2016 4538 Philostor-
2053 4461 2092 4515 D
2123 4457 2263 4543 alius
2297 4453 2726 4543 quoqueali'erri
2759 4465 2951 4543 sensus
2986 4451 3178 4543 horum
3200 4449 3518 4543 lverborum,

435 4527 579 4599 gius.
619 4527 1030 4599 Sic_EusehittS
1072 4540 1256 4582 noster
1285 4544 1404 4580 ram
1458 4544 1645 4599 vocent
1701 4537 1929 4599 usurpat
1959 4527 2014 4599 in

435 4597 579 4655 libro
619 4615 674 4654 tv
717 4597 790 4651 De
816 4599 923 4650 vita
957 4597 1292 4652 Constantini
1339 4614 1459 4667 cap.
1497 4599 1586 4661 45,
1623 4598 1836 4660 Θυσίαις
1866 4597 2018 4650 ἀναί-

515 4688 562 4734 ις
587 4669 680 4722 καὶ
717 4672 1007 4741 μυστικαῖς
1056 4669 1389 4741 ἱερουργίαις
1418 4669 1483 4741 to
1525 4668 1676 4721 Θείον
1714 4669 2016 4741 ἱλάσκοντο.

515 4688 562 4734 ις
587 4687 680 4722 και
717 4687 1007 4740 μυστικαις
1056 4687 1389 4741 ιερουργιαις
1418 4687 1479 4721 το
1525 4687 1676 4721 σειον
1715 4687 2016 4723 ιΑασκοντο.

438 4687 640 4795 verum
697 4739 951 4796 sacrificii
1007 4756 1204 4793 nomen
1241 4740 1414 4808 potuit
1463 4739 1695 4794 fortasse
1730 4739 2020 4808 displicere

439 4810 795 4876 Gothofredo,
827 4811 1028 4881 quippe
1055 4811 1148 4880 qui
1177 4811 1385 4865 Calviui
1420 4810 1667 4864 ha'rcsim
1695 4819 2015 4881 sectaretur.

440 4881 762 4936 llolstenius
798 4878 1176 4950 vero—[utpote
1210 4881 1513 4935 catholicus
1548 4920 1561 4943 ,
1616 4881 1850 4934 retinere
1887 4878 2020 4932 illud

438 4951 648 5023 debuit.
681 4949 982 5005 Fatendum
1018 4949 1198 5005 tamen
1227 4961 1310 5007 est
1351 4950 1660 5023 ἱερουργίαν
1697 4951 2023 5023 generaliter

441 5021 587 5074 sumi
639 5035 801 5088 posse
848 5036 947 5090 pro
991 5024 1168 5077 oiiieio
1211 5019 1553 5077 sacerdotali.
1588 5022 1677 5075 Sic
1702 5019 1854 5076 cnim
1890 5019 2020 5073 Phi-

441 5090 736 5162 lostorgius
765 5091 820 5143 in
857 5107 979 5161 cap.
1015 5094 1101 5154 10,
1149 5107 1270 5146 eam
1303 5109 1490 5146 vocem
1535 5103 1762 5162 usurpat
1799 5105 1898 5161 pro
1933 5105 2024 5143 or-

441 5159 743 5214 diuatione.

513 5231 626 5302 (H)
656 5231 846 5302 Ὅσον
872 5230 1077 5285 ἐνεϐίω
1103 5233 1344 5302 χρόνον.
1378 5232 1518 5290 Olim
1569 5231 1786 5302 quidem
1830 5230 2021 5285 existi-

443 5301 589 5372 mavi
627 5300 1109 5372 scribendumhic
1133 5300 1253 5357 esse
1283 5305 1507 5369 ἐπεϐίω,
1541 5300 1818 5372 (ιίιοιι-ιοιιο
1853 5303 2018 5356 etiam

444 5370 590 5426 hunc
639 5371 818 5426 locum
869 5371 1133 5427 intellexit
1184 5370 1787 5428 GothofredusLPotest
1837 5381 2018 5426 tamen

2121 4529 2267 4581 dicat
2297 4519 2628 4580 Eunominm
2667 4537 2774 4577 non
2817 4522 2978 4575 modo
3009 4530 3131 4590 post
3164 4519 3560 4574 abdicationem
3585 4520 3697 4586 cpi-

2118 4608 2372 4667 scopatus
2402 4596 2679 4668 Cyziceni,
2707 4592 3079 4668 verumetiam
3107 4602 3264 4646 antea
3289 4601 3400 4643 toto
3431 4590 3555 4668 vitae
3587 4602 3698 4642 suae

2120 4660 2363 4736 tempore
2392 4709 2407 4732 ,
2450 4660 2631 4723 'sacra
2687 4663 2943 4736 mysteria
2975 4676 3317 4736 _nunquamu
3363 4660 3694 4736 celebrasse.

2118 4731 2470 4808 Qui-quidem
2513 4750 2710 4791 sensus
2747 4731 2940 4808 iverbis
2975 4731 3320 4808 l’hilostorgii
3354 4731 3534 4808 aptius
3569 4743 3701 4808 con-

2119 4800 2288 4862 v'enit'.
2332 4808 2490 4864 Certe
2523 4803 2839 4863 llolstenius
2875 4804 3020 4858 hunc
3050 4805 3227 4858 locum
3257 4805 3330 4856 ita
3373 4801 3587 4855 videtur
3619 4800 3697 4851 in-

2121 4879 2415 4950 tellexisse.
2597 4948 2605 4950 _
2919 4947 2934 4950 _
3035 4945 3045 4950 _
3140 4943 3159 4950 _
3349 4943 3360 4950 ,
3385 4941 3398 4950 ,
3637 4938 3648 4950 .

2194 4950 2306 5018 (15)
2351 4949 2418 5004 Ἡ
2448 4948 2740 5019 σωτήριος
2790 4945 3104 5019 προδοσία.
3133 4941 3491 5019 βθῐῐρλιπῇιξςη]
3523 4941 3702 5006 conje-

2121 5011 2301 5073 cerant
2328 5011 2678 5074 Seriheudum
2713 5011 2846 5076 esse
2872 5015 3191 5088 Φλωρεντίῳ
3228 5013 3286 5067 δὲ
3315 5011 3436 5065 οὐδὲ
3465 5012 3700 5088 ἡρκεσξν

2121 5093 2200 5152 εἰς
2256 5092 2594 5164 σωτηρίανή
2625 5089 2905 5164 προδοσία.
2950 5081 3308 5164 ίξὸεξεδξνέτρ
3335 5081 3528 5136 nactus
3554 5081 3702 5134 codi-

2120 5176 2237 5234 cem
2273 5155 2549 5234 matiuscri
2561 5155 2711 5234 ptum
2755 5159 3030 5234 Samuelis
3053 5155 3480 5234 BOt'lZlal'll,.03!ﬂ
3510 5165 3701 5234 einen:

2120 5231 2397 5286 (lationem
2439 5233 2491 5285 in
2541 5223 2799 5302 margine
2828 5229 3126 5302 ascriptam
3176 5223 3486 5302 invenialn
3547 5229 3700 5302 textu

2119 5317 2256 5387 vero
2286 5302 2357 5386 ita
2397 5287 2689 5372 scripturn”
2717 5301 2878 5356 habet
2927 5287 3069 5354 idem
3120 5296 3288 5352 codex
3313 5334 3328 5360 ,
3383 5294 3415 5362 ή
3458 5287 3702 5360 σωτηρία

2121 5387 2400 5442 προοοσια,

1911 5505 1990 5547 VA
1998 5505 2259 5548 RIORUM.

518 5608 595 5677 (a)
645 5611 784 5662 Ka0‘
833 5608 905 5662 ὃν
949 5611 1178 5676 καιρόν.
1226 5607 1424 5662 Contra
1482 5607 1624 5662 hanc
1667 5605 2016 5677 Philoslorgii

446 5676 856 5747 chronologiam
919 5687 1164 5733 statuunt
1195 5678 1390 5744 l’agius
1412 5689 1463 5732 ct
1492 5677 1858 5732 Gothofredus
1879 5676 2015 5731 Pro-

448 5761 731 5819 COp:anatn
765 5751 1106 5820 tyrannidem
1131 5750 1424 5819 contigisse
1460 5765 1602 5804 anno
1633 5748 1736 5805 565
1784 5747 1857 5803 De
1883 5747 2015 5803 Pro-

2126 5607 2428 5734 c0pi08vid.
2472 5605 2626 5664 Socr.
2663 5609 2758 5664 lih.
2805 5623 2878 5675 tv,
2933 5621 3054 5677 cap.
3109 5606 3171 5672 3;
3223 5614 3277 5661 et
3311 5603 3435 5659 Soz.
3491 5601 3589 5657 lib.
3625 5611 3707 5668 vt,

2126 5695 2244 5734 can.
2317 5719 2332 5734 .

2125 5695 2244 5749 cap.
2276 5695 2332 5735 δ.
