3842 6308
153 305 264 366 575

1169 305 1742 364 ECCLESIASTICJE
1777 307 2132 364 IIISTORIA‘]
2159 308 2307 380 ‘LIB.
2349 307 2444 364 IX.

3337 311 3448 370 5ἳὸ

149 423 346 486 λύσας,
370 421 568 476 θᾶττον
592 421 888 492 ἐπανῆκεν.
924 420 1061 474 Ὑπὸ
1079 421 1136 474 δὲ
1159 422 1288 485 τοὺς
1306 422 1503 485 αὐτοὺς
1516 422 1734 492 χρόνους

1857 423 2041 478 abiret.
2083 421 2387 478 Eunomius
2441 421 2606 493 igitur
2661 422 2766 477 hac
2823 421 3100 494 legatione
3153 433 3440 494 suscepta,

147 517 243 570 καὶ
297 495 511 570 Ἆέτιον
559 517 589 568 ό
631 515 732 585 τῆς
784 515 949 584 νήσου
990 513 1068 586 (α)
1120 514 1271 586 παρὰ
1301 512 1395 567 τοῦ
1439 514 1748 585 Προκοπίου

149 603 378 669 σταλεὶς
408 605 623 679 ἄρχειν,
672 603 1033 676 διαϐληθέντα
1068 603 1222 677 παρὰ
1271 603 1378 659 τῶν
1437 605 1748 678 ἐπιχωρίων

147 699 216 752 τὰ
253 697 562 762 Οὐάλεντος
594 699 892 770 αἱρεῖσθαι,
916 699 996 763 εἰς
1027 681 1210 768 κρίσιν
1239 691 1388 764 εἷλκε
1409 713 1420 725 ·
1456 697 1550 751 καὶ
1580 697 1748 751 θάνα-

145 804 240 850 τος
289 787 360 842 ἂν
411 787 589 860 βίαιος
634 787 907 853 διεδέξαντο
951 787 1050 861 τὴν
1099 788 1374 860 διαϐολὴν,
1427 789 1476 842 εί
1535 789 1609 860 μή
1663 805 1747 852 τις

147 877 492 948 ἀφικόμενος
523 879 645 932 κατ’
681 881 862 932 ὲκεῖνο
885 877 1077 949 καιροῦ
1103 877 1211 930 τῶν
1244 875 1747 948 παραδυναστευόν-

147 986 259 1024 των
291 971 612 1044 Προκοιπίῳ,
643 971 735 1025 τὸν
776 971 980 1024 Ἀέτιον
1003 970 1094 1024 τοῦ
1124 971 1312 1039 ξίφους
1344 969 1601 1041 ἁρπάζει.
1636 971 1746 1023 Καὶ

145 1061 260 1132 γὰρ
309 1061 452 1132 πρὸς
480 1061 669 1130 γένους
709 1060 785 1114 ὢν
823 1061 852 1113 ό
883 1061 1301 1130 καταπεμφθεὶς
1340 1063 1404 1112 ἐκ
1439 1059 1746 1132 Προκοπίου

158 1151 518 1224 Ἐρῤενιανοῦ
549 1153 642 1206 καὶ
671 1150 1066 1225 Γερῤεσιανοῦο
1101 1152 1324 1222 ἀδελφοὶ
1367 1152 1423 1204 δὲ
1457 1153 1626 1222 ἤστην
1658 1144 1747 1204 οὗ·-

145 1261 254 1304 τοι,
293 1245 392 1298 καὶ
419 1244 500 1316 τῷ
524 1244 776 1316 Εὐνομίῳ
803 1244 1046 1314 συνῆσαν
1072 1262 1130 1298 τε
1153 1246 1245 1298 καὶ
1277 1243 1742 1312 συνδιεϐἑὸληντο.

145 1335 345 1398 Οὕτως
375 1335 490 1406 (16)
523 1336 664 1391 κατὰ
695 1335 897 1408 πολλὴν
931 1336 1182 1402 ἐξουσίαν
1213 1337 1418 1391 καὶτὸν
1455 1337 1746 1390 καταδικα-

147 1427 395 1498 σάμενον
427 1427 628 1492 αὐτοὺς
670 1429 998 1502 ἀπειλήσας,
1045 1430 1138 1482 καὶ
1173 1428 1270 1500 τὴν
1303 1430 1390 1483 ἐπ’
1421 1429 1622 1492 αὐτοὺς
1652 1429 1746 1481 θα-

145 1520 463 1590 νατηφόρον
497 1521 920 1591 ἀνασωσάμενος
963 1521 1165 1592 ψῆφον,
1211 1521 1486 1592 καθαροὺς
1519 1521 1745 1574 ἀπολύει

141 1607 257 1660 τῶν
293 1609 725 1680 ἐπικληθέντων.
784 1611 843 1664 '0
893 1610 949 1663 δὲ
1011 1611 1238 1676 Ἀέτιος,
1290 1607 1419 1674 τρὺξ
1463 1611 1574 1682 (17)
1625 1612 1743 1682 μεθ’

142 1698 350 1754 ἑαυτοῦ
385 1699 793 1764 συναναλαϐὼν,
829 1703 924 1756 ἐπὶ
974 1703 1076 1773 τὴν
1121 1703 1538 1758 Κωνσταντίνου
1589 1703 1745 1758 πόλιν

1852 530 1977 570 cum
2013 513 2166 568 viros
2183 513 2310 569 illos
2341 513 2592 569 custodia
2625 513 2940 576 liberasset,
2974 512 3158 568 statim
3187 528 3445 570 reversus

1851 615 1954 662 est.
1989 605 2105 660 Sub
2139 605 2282 660 idem
2319 615 2534 676 tempus
2589 606 2638 660 is
2686 605 2780 676 qui
2829 621 2860 660 a
2907 603 3180 675 Proc0pio
3233 605 3442 663 missus

1851 693 2032 751 fuerat
2064 703 2126 750 ut
2156 695 2390 752 insulam
2419 695 2848 764 administraret,
2883 695 3104 752 Aetium
3137 711 3354 767 quoque
3383 697 3442 754 in

1847 788 2117 858 judicium
2153 789 2343 856 traxit,
2377 797 2699 846 accusatum
2730 790 2798 845 ab
2831 789 3026 846 incolis
3059 790 3204 860 quod
3241 788 3444 844 Valen-

1851 883 1921 935 tis
1951 882 2200 950 partibus
2249 881 2492 949 faveret;
2547 891 2600 938 et
2649 883 2888 936 violenta
2924 897 3072 938 mors
3110 882 3442 936 calumniam

1851 973 1994 1028 haud
2021 974 2187 1029 dubie
2221 976 2518 1030 subsecuta
2554 983 2724 1040 esset,
2759 975 2864 1030 nisi
2893 975 3118 1045 quidam
3149 989 3216 1029 ex
3255 973 3321 1028 iis
3349 973 3442 1043 qui

1851 1066 1906 1120 in
1944 1067 2071 1122 aula
2108 1067 2362 1138 Procopii
2393 1069 2691 1138 plurimum
2723 1077 2994 1138 poterant,
3029 1083 3094 1122 eo
3143 1067 3264 1138 ipso
3303 1076 3443 1122 tem-

1849 1174 1982 1230 pore
2013 1161 2428 1230 superveniens,
2456 1160 2676 1216 Aetium
2717 1159 2902 1240 gladio
2925 1159 3311 1215 subtraxisset.
3344 1157 3441 1212 Et-

1848 1251 1994 1306 enim
2035 1252 2082 1306 is
2107 1253 2200 1321 qui
2225 1255 2428 1308 missus
2465 1252 2644 1308 fuerat
2665 1268 2695 1307 a
2725 1251 3010 1323 Procopio,
3033 1261 3300 1323 cognatus
3324 1257 3446 1308 erat

1850 1341 2180 1396 Ilerenniani
2203 1353 2256 1398 et
2285 1344 2598 1399 Gcrresiani
2625 1363 2637 1398 :
2677 1345 2732 1412 bi
2764 1353 2944 1398 autem
2967 1343 3166 1399 fratres
3193 1345 3444 1410 erant,et

1849 1446 1972 1485 cum
1991 1429 2263 1486 Eunaomio
2275 1433 2474 1487 versati
2491 1430 2728 1498 fuerant,
2743 1443 2795 1488 et
2811 1448 2918 1488 una
2931 1449 3054 1488 cum
3070 1433 3162 1488 illo
3175 1432 3440 1506 accusati.

1849 1519 1949 1576 Hic
1972 1521 2136 1592 igitur
2172 1537 2270 1592 pro
2303 1538 2364 1576 ea
2383 1539 2488 1592 qua
2514 1522 2775 1592 praeditus
2801 1530 2920 1576 erat
2943 1530 3228 1592 potestate,
3247 1537 3370 1576 cum
3387 1530 3444 1576 et

1843 1613 2016 1684 judici
2066 1615 2160 1684 qui
2213 1629 2308 1670 eos
2359 1616 2819 1670 condemnaverat
2881 1615 3120 1668 minatus
3172 1621 3342 1678 esset,
3386 1623 3442 1668 et

1848 1705 2136 1775 capitalem
2170 1705 2496 1761 sententiam
2518 1721 2641 1776 quae
2672 1706 2727 1759 in
2756 1705 2879 1760 illos
2915 1706 3025 1758 lata
3055 1703 3235 1758 fuerat
3265 1703 3442 1760 resci-

139 1789 399 1862 ἁπαίρει,
459 1792 621 1844 κάκεῖ
668 1793 833 1864 συνῆν
867 1794 1120 1865 Εὑνομίῳ
1153 1812 1212 1847 τε
1265 1796 1358 1848 καὶ
1399 1794 1734 1866 Φλωρεντίῳ.

1857 1796 2038 1864 disset,
2072 1812 2169 1852 eos
2199 1813 2230 1850 a
2264 1797 2590 1852 criminibus
2620 1797 2852 1867 objectis
2893 1812 3062 1867 puros
3099 1807 3264 1867 atque
3297 1798 3440 1854 inte-

140 1883 258 1937 Καὶ
293 1885 416 1954 μετ’
451 1885 511 1938 ού
555 1885 723 1940 πολὺν
772 1887 967 1957 χρόνον
999 1887 1246 1960 τελευτᾷ,
1283 1889 1552 1960 Εὑνομίου
1589 1889 1650 1942 τό
1681 1907 1742 1943 τε

141 1975 658 2046 στόμασυνελόντος
680 1978 812 2048 (18),
835 1980 1063 2043 καὶτοὺς
1079 1980 1390 2052 ὀφθαλμοὺς
1414 1983 1526 2044 τοῖς
1543 1981 1742 2035 δακτύ-

141 2065 259 2132 λοις
290 2067 759 2140 περιστείλαντος,
810 2071 905 2124 καί
945 2088 1008 2140 γε
1052 2074 1146 2126 καὶ
1185 2073 1282 2145 τὴν
1316 2073 1481 2144 ἄλλην
1513 2073 1738 2146 κηδείαν

143 2157 426 2228 μετὰτῶν
471 2159 791 2232 όμοφρόνων
829 2160 1194 2234 τελεσαμὲνου
1231 2163 1366 2238 πρὸς
1393 2164 1454 2217 τὸ
1493 2163 1743 2235 λαμπρό-

139 2267 330 2308 τατον.

209 2518 280 2584 ζ’.
336 2519 461 2573 Ὀτι
499 2520 642 2574 κατὰ
689 2521 1176 2592 Μαρκιανούπολιν
1215 2523 1470 2591 Εύδοξίου
1529 2530 1740 2583 συνδια-

141 2609 432 2682 τρίϐοντας
454 2610 534 2682 τῷ
559 2611 843 2677 Οὐάλεντι,
872 2615 900 2667 ὁ
931 2615 988 2668 ὲν
1021 2615 1594 2674 Κωνσταντινουπόλει
1620 2621 1742 2693 κλῆ-

143 2701 592 2774 ροςψηφίζονται
615 2705 820 2776 ταύτης
845 2706 1252 2763 ἀπελαύνεσθαι
1283 2710 1372 2763 τδν
1405 2711 1614 2768 Ἀέτιον
1640 2715 1734 2786 ψ).

151 2791 212 2846 ὐ
259 2793 324 2847 δὲ
359 2793 464 2866 τὴν
497 2796 816 2868 Καλχηδόνα
851 2799 1174 2856 καταλαὸὼν
1197 2843 1211 2866 ,
1276 2805 1478 2876 γράφει
1520 2807 1582 2861 τὸ
1616 2827 1774 2862 συν--

138 2884 368 2956 ινεχθὲν
399 2886 656 2958 Εύδοξίῳ.
701 2889 759 2942 '0
793 2890 850 2943 δὲ
874 2891 934 2944 οὐ
959 2877 1116 2962 μόνον
1147 2895 1247 2947 οὐκ
1271 2897 1595 2969 ἀπεστράφη
1629 2902 1739 2963 τοῖς

141 2977 563 3051 γεγραμμένοις
613 2981 748 3050 (19),
795 2981 912 3035 ἀλλ’
953 2985 1036 3037 ὅτι
1075 2985 1150 3056 μὴ
1196 2987 1290 3039 καὶ
1347 2987 1522 3059 μείζω
1575 2991 1738 3046 πάθοι

140 3067 518 3141 δυσχεραίνων
553 3072 902 3128 ἐπεδείκνυτο
935 3075 1071 3148 (20).

211 3325 287 3400 ηδ.
342 3332 470 3384 Ὅτι
523 3335 944 3403 συκοφαντοῦσι,
985 3337 1169 3409 φησιν,
1217 3339 1502 3412 Εὐνόμιον,
1552 3345 1610 3396 ἐν
1660 3343 1737 3416 τῷ

141 3424 334 3494 οἰκείῳ
363 3423 524 3496 ἀγρῷ
555 3429 908 3498 κατακρύψαι
942 3430 1034 3484 τὸν
1073 3432 1377 3504 Προκόπιον
1409 3435 1506 3508 τὴν
1539 3455 1738 3509 τυραν-

141 3517 260 3569 νίδα
295 3517 728 3589 παλαμώμενον.
781 3523 891 3576 Καὶ
936 3523 1090 3594 μόλις
1134 3527 1298 3590 αὐτὸς
1341 3529 1440 3594 τὰς
1484 3531 1736 3597 διαϐολὰς

143 3609 240 3660 καὶ
273 3608 372 3662 τὸν
406 3610 619 3664 ἐκεῖθεν
660 3612 1018 3685 διεκρούσατο
1047 3615 1299 3674 θάνατον.
1345 3623 1664 3698 Ὑπερόριος
1691 3627 1737 3680 δ’

141 3695 238 3753 οὖν
267 3703 354 3765 εἰς
395 3703 495 3774 τὴν
535 3706 892 3776 Μαυρουσίδα
939 3709 1043 3780 γῆν
1077 3713 1446 3784 ἐκπέμπεται,
1479 3695 1736 3785 Ᾰύξονίου

142 3793 238 3847 τοῦ
277 3794 390 3850 τῶν
419 3800 770 3870 πραιτωρίων
811 3801 1058 3874 ἐπάρχου
1087 3805 1186 3876 τὴν
1226 3807 1403 3880 φυγὴν
1433 3811 1582 3881 αὐτῷ
1612 3815 1734 3866 ἐπι-

144 3885 424 3952 όαλόντος.
483 3888 622 3942 Ἀλλ’
653 3893 680 3943 ό
710 3891 807 3962 μὲν
843 3893 1110 3964 χειμῶνος
1143 3896 1294 3960 ὄντος
1317 3900 1554 3969 ἐπήγετο
1585 3901 1695 3972 (21)
1718 3921 1730 3932 ·

1846 1903 1974 1959 gros
2027 1891 2258 1947 dimisit.
2307 1891 2500 1946 Aetius
2554 1905 2683 1947 vero
2719 1891 2842 1948 istis
2875 1907 3060 1946 secum
3114 1895 3437 1962 assumptis,

1845 1981 2377 2053 Constantinopolim
2419 1985 2719 2055 navigavit,
2751 1994 2916 2054 atque
2967 1984 3042 2038 ibi
3089 2000 3214 2040 cum
3249 1985 3442 2042 Euno—

1847 2077 1958 2132 mio
1991 2093 2055 2132 ac
2087 2075 2365 2132 Florentio
2393 2078 2548 2132 vixit.
2585 2077 2697 2134 Nec
2729 2079 2906 2132 multo
2937 2089 3063 2150 post
3109 2078 3366 2134 discessit
3409 2092 3443 2134 e

1847 2169 1976 2234 vita,
1993 2167 2265 2224 Eunomio
2291 2185 2356 2224 os
2382 2169 2432 2224 ei
2453 2169 2798 2236 occludente,
2827 2178 2878 2226 et
2903 2171 3097 2226 oculos
3119 2171 3307 2240 digitis
3325 2171 3441 2226 suis

1845 2259 2262 2328 comprimente,
2319 2269 2374 2314 et
2421 2261 2630 2329 reliqua
2665 2275 2788 2329 quae
2837 2260 2904 2314 ad
2939 2259 3106 2314 funus
3147 2259 3440 2328 pertinent,

1845 2367 1954 2406 una
1987 2367 2114 2406 cum
2160 2351 2406 2422 ejusdem
2463 2352 2739 2422 cpinionis
2789 2352 3156 2408 sectatoribus
3196 2350 3443 2421 splendi-

1843 2443 2075 2498 dissime
2119 2451 2474 2512 procurante.

1870 2531 1882 2543 ’
1917 2535 1968 2588 7.
1997 2533 2292 2587 Eunomius
2329 2531 2792 2603 Constantinopoli
2823 2533 3030 2602 pulsus.
3071 2562 3142 2572 —
3169 2533 3305 2585 Dum
3331 2529 3444 2585 Eu-

1842 2625 2040 2680 doxius
2087 2623 2474 2694 Marcianolioli
2511 2634 2818 2680 moraretur
2859 2641 2962 2678 una
3013 2641 3138 2680 eum
3189 2623 3438 2690 Valente,

1842 2719 2023 2772 clerus
2049 2715 2308 2771 Ecclesiae
2335 2716 2952 2785 Constantinopolitanae
2995 2716 3325 2770 Eunomium
3361 2731 3432 2769 ex

1843 2807 1976 2862 urbe
2001 2807 2147 2877 regia
2172 2807 2481 2876 pellendum
2506 2823 2626 2862 esse
2653 2808 2913 2863 decrevit.
2939 2806 3241 2863 Eutiomius
3275 2807 3445 2877 igitur

1841 2899 2250 2955 Chalcedonem
2277 2899 2580 2970 profectus,
2607 2901 2854 2956 Eudoxio
2875 2902 2924 2956 id
2960 2901 3109 2971 quod
3141 2900 3438 2967 acciderat,

1839 3007 1936 3061 per
1985 2992 2196 3046 litteras
2245 2993 2593 3062 significavit.
2628 2993 2726 3049 llic
2753 3010 2880 3048 vero
2918 2994 2986 3050 iis
3053 3010 3175 3062 quae
3227 2993 3438 3062 scripta

1843 3082 2059 3138 fuerant
2089 3101 2196 3140 non
2225 3087 2390 3140 modo
2417 3097 2730 3144 conuuotus
2762 3103 2872 3141 non
2905 3097 3007 3151 est,
3051 3102 3240 3141 verum
3271 3086 3436 3142 etiam

1847 3177 2026 3246 palam
2053 3178 2318 3241 ostendit,
2373 3195 2516 3250 aegre
2569 3179 2712 3234 ferre
2743 3195 2802 3235 se
2833 3179 2978 3249 quod
3025 3181 3274 3250 graviora
3316 3193 3440 3248 pcr-

1845 3283 2044 3338 pessus
2075 3285 2184 3324 non
2222 3269 2438 3326 fuisset.

1915 3359 1967 3413 8.
1992 3359 2242 3415 Eunomii
2266 3361 2532 3415 exsilium.
2555 3359 2830 3416 Eudoxius
2853 3357 3435 3426 maritum—Quidam,

1844 3461 1900 3505 nt
1917 3453 1992 3506 ait
2009 3451 2430 3525 Philostorgius,
2451 3452 2780 3508 Eunomium
2801 3453 3116 3509 calumniati
3131 3459 3278 3516 sunt,
3293 3450 3438 3520 quod

1845 3541 1898 3596 in
1932 3558 2064 3614 agro
2087 3559 2189 3600 suo
2212 3543 2538 3615 Procopium
2565 3545 2911 3611 occultasset,
2945 3543 3282 3616 tyrannidem
3307 3541 3443 3596 arri-

1843 3647 1972 3701 pere
2003 3636 2375 3691 meditantem.
2413 3634 2588 3703 Quam
2617 3636 2968 3702 calumniam,
3000 3643 3338 3702 mortemque
3367 3631 3439 3684 ob

1845 3723 1896 3777 id
1925 3726 2268 3793 intentatam,
2301 3744 2442 3799 aegre
2462 3729 2756 3782 admodum
2783 3727 2969 3798 effugit
2990 3726 3314 3780 Eunomius.
3343 3725 3438 3778 Ex-

1842 3814 1926 3867 aul
1959 3823 2136 3869 tamen
2163 3817 2366 3872 missus
2399 3825 2484 3872 est
2509 3817 2564 3871 in
2599 3816 3004 3881 Mauritaniam,
3029 3814 3278 3870 Ausonio
3301 3829 3440 3884 prae-

1842 3905 1980 3960 fecto
1997 3908 2233 3976 praetorii
2259 3909 2399 3965 hanc
2415 3910 2464 3965 ei
2491 3924 2708 3980 poenam
2738 3910 3028 3981 irrogante.
3053 3909 3118 3963 Et
3137 3905 3438 3962 Eunomius

1394 4075 1635 4120 VALESII
1675 4078 2176 4126 ANNOTATIONES.

217 4209 333 4280 (I6)
359 4210 658 4288 Qﬁttogﬁé
682 4208 884 4288 (ξιξτοςἶ
937 4213 1296 4288 Scribendum
1329 4229 1462 4288 puto
1486 4217 1640 4286 οὗτος
1674 4223 1732 4276 δὲ

145 4275 414 4357 οὖν-κατὰ
456 4275 976 4357 πολλὴν-ἐξουσίαν.
1025 4285 1129 4340 Sed
1167 4298 1220 4342 et
1267 4275 1429 4357 paulo
1479 4275 1730 4346 ante-ubi

145 4350 344 4427 legitur
384 4353 480 4405 καὶ
515 4350 897 4427 τῷἘὺνομίῳ
945 4357 1182 4427 συνῆσάν
1221 4350 1278 4412 τέ
1319 4361 1440 4417 καὶ.
1464 4362 1735 4416 συνδιεϐἑ-

147 4421 378 4505 εξληντο,
425 4421 642 4505 melius,
682 4431 742 4505 ut
777 4421 996 4505 opinor,
1039 4421 1372 4505 scriberetur
1399 4430 1476 4505 τῷ
1517 4434 1727 4505 Ἀετίῳ.

145 4495 456 4571 accusatus
478 4495 648 4571 enim,
682 4495 996 4571 Iicet__fa_lso,_
1019 4499 1163 4571 apud
1201 4495 1526 4571 Procopium
1555 4495 1734 4559 fuerat

145 4561 546 4643 Aetius,_quod
579 4574 763 4643 partes
793 4561 1395 4643 valentis_foveret,_ut
1419 4574 1581 4643 paulo
1607 4586 1732 4632 ante

147 4635 330 4703 retulit
365 4632 789 4703 PIdlostorgius.
827 4635 1097 4693 Eunomio
1137 4632 1357 4695 vero—id
1389 4632 1596 4698 crimen
1633 4647 1734 4700 ob-

147 4701 350 4784 iectum
377 4719 490 4784 non
525 4701 742 4784 fuerat;
761 4704 882 4772 Quo
897 4709 1043 4784 enim
1065 4709 1232 4784 modo
1265 4711 1316 4765 id
1341 4713 1506 4784 objiei
1535 4718 1735 4784 potuis-

147 4783 232 4827 set
253 4773 550 4852 Eunomia,
582 4776 674 4843 qui
705 4775 1029 4852 Procopium
1064 4781 1118 4852 in
1151 4797 1280 4852 agro
1311 4773 1738 4841 suo-Chalcedo-

149 4847 300 4922 nensi
339 4846 741 4922 occultaverat,
765 4846 1226 4922 etquiCyzicum
1259 4853 1539 4922 profectus
1562 4855 1737 4914 fuerat

149 4915 217 4966 ad
250 4915 610 4987 Procopium,
639 4932 737 4987 pro
761 4915 991 4987 captivis
1017 4915 1446 4980 intercesSurus.

189 5055 198 5066 ‘
223 4987 356 5066 417).
381 4986 446 5040 ’0
466 4985 538 5038 δὲ
567 4985 799 5066 Ἀέτιος,
821 4985 994 5066 τοὺς.
1016 4989 1376 5066 Scribendum
1411 4998 1598 5065 procul
1631 4998 1734 5052 du-

147 5054 241 5135 bio
265 5054 530 5121 τούτους,
569 5057 621 5135 i_d
661 5054 1203 5135 estpHerrrnianum
1233 5073 1284 5118 et
1326 5054 1731 5135 Gerresianum,

149 5128 244 5194 qui
277 5143 390 5182 una
419 5143 544 5182 cum
576 5128 696 5196 ipso
717 5131 960 5186 accusati
989 5131 1204 5188 fuerant
1231 5135 1409 5190 Aetio.

223 5197 332 5280 (18)
375 5200 448 5252 Τό
483 5215 544 5251 τε
578 5199 778 5280 στόμια
803 5203 1234 5280 συνζελθιίντος.
1274 5206 1494 5280 [lectius
1540 5214 1591 5266 iu
1622 5229 1728 5268 ma-

151 5267 434 5340 nuscripto
490 5269 682 5325 codice
709 5267 986 5328 Samuelis
1041 5267 1299 5333 Boebarti
1327 5283 1584 5339 scribitur
1611 5267 1736 5338 συν-

1841 4227 2076 4289 ελὸντος.

1910 4297 2046 4369 (l9).
2101 4300 2223 4369 Οὐκ
2259 4297 2618 4369 ἀπεστράφη
2656 4298 2784 4364 τοῖς
2818 4297 3266 4367 γεγραμμένοις.
3313 4297 3432 4352 Non

1841 4366 2030 4439 dubito
2063 4368 2194 4434 quin
2241 4366 2702 4424 scribeu'tluin‘sit
2736 4369 2837 4420 οὑκ
2867 4366 3206 4439 ὲπεστράςςη.
3247 4369 3298 4420 Id
3327 4378 3432 4434 est,

1843 4435 2120 4492 Eu'loaaius
2165 4455 2283 4493 vero
2304 4457 2366 4494 ea
2401 4456 2519 4512 quae
2551 4441 2614 4494 ab
2641 4441 2792 4512 Aetio
2821 4441 2890 4491 ad
2917 4440 3088 4512 ipsum
3113 4435 3312 4512 scriptu
3341 4439 3434 4512 [ιιτ

1839 4517 2022 4570 erant,
2059 4526 2162 4563 non
2203 4513 2358 4565 modo
2412 4510 2517 4564 non
2561 4511 2826 4568 attendit,
2864 4511 2939 4561 vel
2981 4525 3084 4561 non
3113 4511 3336 4563 curavit.
3377 4510 3431 4564 Id

1839 4580 1984 4702 anim
2011 4580 2284 4651 signiﬁcat
2319 4583 2545 4638 verbum
2564 4579 3014 4651 ἐπιστρέφεσθαι,
3042 4589 3099 4634 ut
3127 4580 3284 4632 docet
3311 4580 3436 4634 Sui-

1883 4665 1958 4702 as.

1883 4665 1958 4703 38.

1926 4720 2039 4790 (‘20)
2095 4721 2280 4782 Μείζω
2338 4721 2530 4788 πάθος
2563 4719 2980 4790 δυσχεραίνων
3012 4719 3427 4790 ᾀπεδείκνυτο.

1845 4787 2029 4860 ΙΙυῙιιε
2057 4791 2162 4846 1οεί
2192 4787 2517 4848 emendatio
2546 4787 2776 4846 debetur
2813 4790 2984 4843 codici
3019 4787 3291 4845 Samuelis
3329 4791 3432 4844 Bo-

1844 4862 2040 4932 cliarti.
2089 4863 2261 4927 Quem
2311 4879 2412 4930 ego
2467 4873 2760 4932 antequam
2791 4869 2982 4932 nactus
3029 4873 3236 4932 essem,
3265 4861 3432 4915 πάθοι

1843 4931 2281 5055 emendlaveram.
2321 4929 2399 4986 Ita
2449 4929 2626 4988 enitar
2651 4931 2935 5002 legendum
2969 4945 3090 4985 esse
3147 4929 3264 5000 ipsa
3297 4947 3428 5002 syn-

1844 5011 1987 5055 latXIs
2050 5011 2190 5055 ocet.

1844 5003 1987 5056 laxis
2011 5003 2190 5056 docet.

1917 5072 2030 5143 ('21)
2073 5072 2368 5142 Χειμῶνος
2395 5073 2570 5138 ὄντος
2597 5071 2874 5143 ἐπήγετο,
2918 5069 3280 5143 Scribcndum
3315 5087 3433 5142 pro.

1843 5141 1934 5268 gul
1958 5142 2124 5198 dubio
2149 5141 2232 5198 est
2261 5144 2544 5215 ἀπήγετο,
2573 5145 2625 5200 id
2661 5141 2766 5210 est,
2805 5146 2861 5199 in
2904 5143 3154 5200 exsilium
3197 5141 3428 5199 abduce-

1876 5223 2016 5266 atur.
3097 5255 3108 5264 .

1876 5223 2016 5266 atur.

1628 5437 1956 5484 VARIORUM
1966 5469 1979 5482 .

227 5561 302 5632 (η)
364 5557 480 5632 τῆς
539 5553 758 5632 νήσου.
803 5551 983 5632 Insula
1029 5553 1150 5632 lianc
1201 5567 1318 5632 erat
1353 5556 1584 5628 Lesbos,
1625 5577 1737 5631 (ιιιο

149 5623 356 5694 Aetius,
381 5623 567 5683 relicta
591 5623 1085 5702 tionslantiuopoli,
1119 5628 1450 5698 navigasset,
1482 5641 1540 5686 ut
1568 5623 1736 5702 supra

149 5712 402 5758 narratur
424 5715 548 5768 cap.
579 5697 633 5751 4.

225 5771 299 5842 (ιι)
329 5770 440 5828 Τὸν
489 5764 740 5825 Ἃέτιον.
793 5764 910 5824 Non
943 5767 1102 5826 video
1151 5785 1248 5826 cur
1283 5769 1530 5830 Valesius
1557 5773 1645 5830 hic
1681 5775 1734 5831 in

1846 5581 1942 5630 sua
1969 5566 2416 5639 interpretatione
2437 5567 2754 5623 Eunomium
2777 5584 2876 5639 pro
2897 5570 3052 5626 Aetio
3075 5571 3336 5638 posuerit,
3355 5571 3424 5624 de

1844 5637 2136 5714 ιμιο-ιιῌιίιΔ
2162 5639 2452 5714 "innititur
2488 5640 2653 5704 notis,
2683 5637 2792 5714 imo
2825 5643 2933 5698 illic
2955 5645 3022 5700 dc
3054 5637 3212 5700 Aetio
3247 5645 3424 5714 (atque

1848 5723 1912 5766 ac
1934 5707 2330 5780 Gothofredus)
2374 5710 2486 5766 haec
2523 5711 2750 5782 accepit.
