3842 6302
449 319 558 376 κτο

1841 316 2324 376 PIIILOSTORGII

3619 325 3726 381 580

451 439 504 494 id
531 437 675 493 enim
709 445 826 493 crat
857 437 1207 508 protestatio;
1239 446 1293 492 ct
1322 436 1646 492 Eunomium
1683 446 1796 490 tum
1827 437 2030 492 oratio-

2148 455 2263 501 κους
2289 437 2467 491 αὐτῶν
2497 437 2566 491 τὰ
2599 439 2919 510 μαθήματα,
2948 440 3052 493 ὑπὸ
3087 440 3178 511 τὴν
3203 441 3372 512 αὐτὴν
3399 443 3538 515 ἀράν
3566 461 3725 518 ποιη-

452 530 634 595 nibus,
665 541 777 585 tum
810 531 1028 600 scriptis
1057 529 1273 599 publice
1299 529 1623 586 Anommum
1647 530 2027 600 appellassent,

451 621 722 692 fidemque
756 637 943 677 eorum
989 633 1044 677 et
1075 631 1304 679 cunctos
1350 623 1443 693 qui
1492 638 1680 678 eorum
1726 622 2028 677 doctrinam

451 715 927 782 amplecterentur,
995 714 1169 769 eidem
1231 715 1565 770 anathemati
1633 713 2028 784 subjecissent,

456 807 670 860 tandem
690 805 941 876 Cyziceni
963 806 1358 861 ordinationem
1382 808 1737 869 admiserunt,
1758 808 2030 861 neminem

2141 530 2412 600 σαμένων,
2458 530 2780 598 ὑφίστανται
2829 531 2930 602 τὴν
2975 533 3345 603 χειροτονίανο
3391 535 3491 604 οὐχ
3535 536 3725 606 ἕτερον

2138 636 2258 671 τινα
2288 618 2493 688 ταύτην
2525 618 2699 672 ἐλθεῖν
2739 619 2854 688 (51)
2886 621 3270 691 ἀνασχόμενοι,
3313 623 3428 676 ἀλλ’
3457 623 3516 676 ὃν
3538 625 3724 702 αὐτῶν

2139 713 2194 764 αἱ
2219 711 2387 781 ψῆφοι
2429 711 2818 782 προσέταττον.
2860 713 2922 764 '0
2955 712 3011 764 δέ
3060 729 3123 780 γε
3166 714 3588 784 χειροτονηθεξ,
3636 715 3724 769 εὐ-

2139 804 2236 865 θὺς
2264 803 2534 874 λαμπρῶς
2569 804 2835 874 ἐκήρυττε
2867 804 2928 856 τὸ
2962 805 3074 873 (ὅῖ)
3099 797 3406 874 όμοούσιον.

453 901 621 954 alium
664 900 730 955 ad
752 900 1125 971 episcopatum
1173 902 1478 972 promo‘teri
1518 903 1702 973 passi,
1736 903 1842 957 nisi
1873 917 2036 973 quem
2077 900 2320 970 ipsorum
2368 898 2620 968 suﬂragia
2672 899 3058 968 praetulissent.
3111 897 3380 956 Cmterum
3413 901 3459 955 is
3493 901 3588 970 qui
3632 915 3722 955 or-

451 991 673 1045 dinatus
728 1001 831 1055 est,
870 992 1012 1046 illico
1057 994 1574 1050 consubstantialem
1606 994 1804 1048 Filium
1853 994 2033 1064 palam
2068 990 2404 1061 praedicavit.

523 1083 608 1137 14.
649 1082 944 1136 Dorotheus
968 1098 1049 1152 cp.
1095 1085 1337 1140 Antioch.
1363 1084 1660 1140 —Mortuo
1695 1085 1900 1139 Euzoio
1924 1084 2031 1138 An—

453 1174 716 1230 tiochensi
749 1175 1028 1246 episcopo,
1066 1174 1371 1233 Dorothens
1399 1192 1466 1231 ex
1500 1176 1754 1231 lleraelea
1778 1175 2028 1231 Thracia:

452 1268 505 1320 in
541 1269 659 1336 ejus
689 1267 871 1322 sedem
909 1268 1209 1324 translatus
1241 1276 1345 1324 est.
1373 1267 1676 1340 Utrumque
1708 1284 1894 1338 porro,
1917 1278 2026 1322 tam

450 1359 853 1425 DemOphilum,
906 1377 1069 1430 quam
1125 1361 1456 1417 Dorotheum
1491 1363 1804 1433 perstringit
1844 1362 2029 1416 Philo-

449 1451 710 1522 storgius,
745 1453 890 1507 hunc
935 1452 1154 1522 quidem
1193 1453 1554 1508 vanissimum
1602 1453 1898 1523 appellans,
1929 1450 2030 1507 De-

449 1541 751 1612 mophilum
783 1558 914 1596 vero
977 1543 1206 1598 miscere
1236 1545 1420 1598 omnia
1452 1553 1505 1598 et
1533 1543 1868 1599 confun'dere
1897 1544 2028 1600 soli-

449 1641 588 1698 tum,
638 1650 702 1689 ac
736 1634 1007 1704 praecipue
1054 1636 1422 1691 ecclesiastica
1464 1636 1715 1706 dogmata
1750 1654 1763 1691 :
1798 1637 1932 1692 adeo
1971 1646 2032 1692 ut

449 1724 686 1792 quodam
720 1733 983 1794 tempore,
1021 1727 1148 1779 dum
1174 1741 1480 1780 sermonem
1516 1727 1743 1782 haberet
1778 1726 1844 1780 ad
1870 1742 2031 1797 p0pu-
2067 1707 2105 1761 Β

449 1813 562 1866 lum
605 1815 1118 1884 Constantinopoli,
1165 1815 1368 1870 dixerit
1411 1829 1612 1886 corpus
1648 1815 1852 1871 Christi
1909 1833 2032 1887 per-

449 1903 675 1957 mistum
712 1904 984 1958 divinitati
1038 1907 1253 1972 penitus
1281 1908 1590 1970 evanuisse,
1634 1921 1699 1961 eo
1726 1907 1889 1962 modo
1924 1923 2034 1978 quo

450 1992 605 2047 lactis
630 1994 902 2049 sextarius
931 1993 981 2046 in
1021 1995 1336 2049 universum
1371 1996 1539 2049 maris
1561 1995 1884 2050 elementum
1903 2011 2035 2050 cen-

444 2083 623 2153 jectus
655 2085 949 2140 evanescit.
984 2087 1255 2138 Ctl‘lel'lllll
1283 2083 1636 2155 Demophilus
1657 2095 1813 2140 ortus
1838 2085 1938 2140 fuit
1967 2101 2033 2140 ex

451 2177 585 2230 urbe
641 2176 1070 2240 Thessalonica,
1126 2193 1322 2248 genere
1377 2178 1520 2232 haud
1563 2177 1826 2248 ignobili.
1885 2177 2032 2233 idem

449 2267 810 2324 Eunomianis
849 2270 1144 2324 admodum
1198 2269 1444 2325 infensus
1479 2269 1822 2341 gravissimis
1876 2269 2035 2324 malis

447 2374 546 2417 eos
579 2360 779 2418 aﬂ‘ecit.

520 2454 608 2508 15.
644 2453 718 2508 De
752 2453 989 2507 Valentis
1048 2469 1343 2508 successore
1400 2453 1639 2507 oracula.
1689 2484 1759 2494 —
1792 2452 2034 2508 Valentis

449 2547 809 2617 temporibus,
851 2546 1136 2616 gentilium
1193 2546 1414 2600 oracula
1448 2546 1517 2601 iis
1552 2546 1643 2615 qtti
1683 2545 1798 2615 ipsa
1830 2560 2034 2599 consu-

451 2637 683 2699 luerant,
739 2635 976 2690 calculos
1028 2633 1294 2705 quosdam
1324 2636 1610 2711 dederunt
1639 2637 1806 2690 certis
1844 2635 2035 2689 litteris

450 2723 762 2792 insignitos.
828 2721 1048 2779 Littera:
1098 2724 1239 2778 inter
1295 2725 1601 2794 sejunctas,
1635 2725 1754 2780 aliis
1784 2723 2035 2779 Theodo-

450 2816 616 2878 sium,
653 2815 775 2870 aliis
805 2813 1144 2870 Theodulum
1186 2827 1280 2871 aut
1305 2815 1654 2872 Theodorum
1676 2859 1690 2884 ,
1729 2818 1842 2872 sive
1869 2818 2034 2872 alium

449 2908 762 2977 quempiam
805 2905 1089 2978 designare
1124 2907 1448 2962 videbantur
1487 2908 1620 2976 (55).
1661 2906 1798 2962 Nam
1851 2909 2038 2980 ﬁgurae

449 2995 754 3052 litterarum
781 3000 847 3052 ad
877 2997 906 3050 δ
948 3014 1121 3069 usque
1148 2999 1662 3068 progrediebantur,
1695 2999 2036 3056 daemonibus

448 3089 693 3160 obliqua,
729 3098 790 3145 ut
821 3091 1018 3156 solent,
1054 3105 1317 3160 responsa
1337 3089 1614 3154 dantibus,
1648 3089 1701 3142 in
1736 3089 2032 3159 perniciem

450 3198 642 3238 eorum
674 3184 768 3254 qui
827 3183 986 3238 ﬁdem
1025 3183 1132 3237 illis
1181 3183 1402 3247 habent,
1436 3191 1488 3236 et
1513 3182 1580 3237 ad
1609 3182 1868 3252 ell'ugium
1907 3183 2034 3236 mali

450 3261 700 3331 eventus.
735 3273 889 3329 Unde
918 3282 972 3329 et
999 3273 1322 3329 Theodorus
1353 3274 1574 3343 quidam
1619 3276 1760 3344 apud
1785 3274 1952 3346 Syros
1981 3275 2034 3328 in

452 3366 702 3423 fraudem
736 3367 1013 3431 inductus,
1043 3383 1166 3422 cum
1195 3367 1532 3438 tyrannidem
1563 3365 1817 3420 invadere
1840 3368 2038 3436 cmpis-

452 3470 558 3523 set,
594 3461 780 3515 statim
807 3475 930 3515 cum
952 3459 1018 3515 iis
1041 3461 1134 3530 qui
1160 3459 1336 3530 ipsum
1367 3461 1538 3515 secuti
1562 3458 1797 3526 fuerant,
1828 3459 2038 3514 exstin-

453 3560 576 3606 ctus
612 3561 731 3615 est;
763 3566 889 3607 cum
920 3551 1028 3607 illis
1055 3567 1185 3606 vero
1231 3551 1434 3606 multos
1473 3566 1692 3621 quoque
1719 3551 2038 3606 innocentes

455 3641 654 3699 Valens
714 3645 984 3715 supplicio
1019 3644 1223 3711 affecit,
1259 3659 1324 3699 eo
1347 3644 1494 3714 quod
1534 3645 1777 3714 ipsorum
1813 3645 2040 3699 nomina

451 3735 524 3791 ab
552 3735 639 3792 his
665 3737 862 3792 litteris
891 3737 1244 3808 incipiebant.

529 3829 614 3882 16.
657 3828 1062 3884 Valentinianus
1103 3828 1228 3886 Sen.
1254 3830 1404 3894 obiit,
1428 3828 1620 3883 Junior
1641 3829 1689 3883 ei
1715 3829 2040 3885 succedit.—

455 3919 871 3977 Valentinianus
906 3923 1202 3991 imperator
1236 3921 1486 3985 moritur,
1529 3936 1653 3976 cum
1695 3937 1868 3976 annos
1906 3923 2043 3976 duo-

454 4013 629 4067 decim
677 4014 1020 4083 imperasset,
1079 4024 1132 4070 et.
1165 4013 1486 4069 Gratianum
1546 4013 1717 4068 [illum
1770 4013 2036 4068 haeredem

457 4104 671 4174 imperii
703 4106 949 4175 reliquit.
975 4105 1220 4176 Iicliquit
1255 4108 1418 4161 etiam
1460 4105 1598 4160 duos
1639 4106 1774 4160 alios
1815 4106 2037 4170 liberos,

457 4192 669 4250 Gallam
726 4196 938 4251 scilicet
979 4199 1166 4259 liliam,
1202 4207 1256 4252 et
1287 4196 1724 4250 Valentinianum
1755 4195 2036 4251 .luniorcm

2212 1081 2292 1134 ιδ’.
2325 1081 2447 1132 ’Ὁτι
2494 1079 2918 1151 τελευτήσαντος
2944 1078 3183 1145 Εὐζωῒου
3219 1079 3315 1133 τοῦ
3365 1081 3723 1151 Ἀντιοχείας,

2135 1173 2163 1223 6
2193 1172 2471 1242 Δωρόθεος
2501 1170 2577 1241 (tt)
2611 1171 2670 1235 ἐξ
2705 1171 3033 1242 Ἡρακλείας
3066 1173 3166 1243 τῆς
3204 1173 3428 1246 Θρᾴκης
3460 1175 3601 1245 πρὸς
3627 1178 3724 1246 μὲν

2135 1263 2226 1316 τὸν
2280 1263 2490 1316 ἐκείνου
2541 1263 2862 1333 μεθίσταται
2904 1263 3126 1336 θρόνον,
3169 1264 3415 1336 διασύρει
3445 1266 3501 1319 δὲ
3530 1267 3633 1319 τόν
3664 1285 3720 1320 τε

2136 1354 2443 1425 Δημόφιλον
2467 1357 2561 1408 καὶ
2592 1355 2868 1427 Δωρόθεον
2891 1359 2918 1409 6
2938 1359 3310 1427 συγγραφεὺς,
3332 1358 3424 1411 τὸν
3455 1359 3552 1430 μὲν
3593 1360 3724 1413 ἁλαο

2136 1447 2455 1511 ζονέστατον
2483 1447 2681 1515 λέγων,
2711 1449 2801 1501 τὸν
2827 1449 2882 1500 δὲ
2909 1449 3214 1518 Δημόφιλον
3235 1449 3429 1520 φύρειν
3449 1440 3521 1503 τέ’
3537 1452 3723 1505 πάντα

2138 1541 2232 1592 καὶ
2268 1543 2489 1609 συγχεῖν
2515 1540 2941 1611 ἀκρατέστατον,
2971 1541 3063 1594 καὶ
3088 1541 3325 1611 μάλιστά
3340 1560 3401 1611 γε
3431 1543 3497 1596 τά
3517 1544 3723 1614 ἐκκλη-

2141 1631 2396 1684 σιαστικά
2428 1632 2672 1701 δόγματα
2700 1648 2713 1662 ⁶
2775 1631 2916 1684 ὥστε
2949 1632 3078 1684 ποτὲ
3126 1633 3220 1686 καὶ
3252 1634 3395 1686 κατά
3431 1635 3723 1687 Κωνσταν-

2135 1722 2440 1776 τινούπολιν
2473 1723 2906 1792 ἐκκλησιάζοντα
2945 1723 3130 1792 φάναι,
3155 1724 3216 1776 τὸ
3248 1724 3407 1795 σῶμα
3435 1725 3529 1778 τοῦ
3563 1726 3719 1788 Υἱοῦ,

2134 1815 2442 1886 ἀνακραθὲν
2502 1817 2568 1886 τῇ
2624 1814 2859 1885 θεότητι,
2891 1816 2970 1879 είς
2998 1816 3060 1868 τὸ
3102 1815 3432 1884 ἀδηλότατον
3464 1835 3723 1890 κεχωρη-

2134 1906 2312 1968 κέναι,
2339 1907 2398 1959 ὂν
2435 1906 2635 1977 τρόπον
2665 1907 2758 1960 καὶ
2797 1907 3066 1975 γάλακτος
3098 1907 3291 1979 ξέστης
3322 1908 3402 1979 τῷ
3430 1910 3597 1962 παντὶ
3625 1910 3723 1980 τῆς

2135 1996 2410 2067 θαλάσσης
2429 1997 2749 2070 ’ἐπιϐληθεὶς
2779 2000 3103 2069 συστήματι.
3123 2000 3327 2070 Πατρὶς
3349 2000 3395 2052 δ’
3522 2003 3558 2071 ἡ
3587 2000 3724 2054 Θεσ-

2136 2086 2391 2158 σαλονίκη
2453 2088 2534 2158 τῷ
2593 2089 2894 2159 Δημοφίλῳ
2933 2089 3029 2157 (b),
3060 2090 3154 2143 καὶ
3181 2089 3240 2142 τὸ
3266 2091 3394 2145 ἄλλο
3426 2093 3590 2159 γένος
3625 2093 3724 2146 οὐκ

2133 2178 2367 2249 ἄσημον.
2400 2179 2554 2233 Κατά
2590 2181 2646 2232 δὲ
2675 2181 2785 2234 τῶν
2813 2182 3124 2254 λεγομένων
3153 2185 3501 2254 Εὐνομιανῶν
3549 2186 3726 2248 πολὺς

2135 2271 2286 2343 ἔρρει
2311 2275 2432 2336 ταῖς
2469 2272 2776 2327 κακώσεσιν
2805 2275 2833 2326 6
2862 2269 3192 2347 Δημόφιλος.

2225 2461 2306 2508 ιε’.
2334 2455 2476 2519 Ὅτι,
2509 2454 2650 2508 κατά
2680 2457 2807 2519 τοὺς
2839 2457 3139 2521 Οὐάλεντος
3173 2461 3418 2530 χρόνους,
3452 2463 3562 2516 τῶν
3610 2463 3725 2515 Ἐλ-

2142 2547 2378 2618 ληνικῶν
2396 2547 2744 2620 χρηστηρίων
2769 2551 2882 2612 τοῖς
2900 2549 3214 2620 προσιοῦσιν
3233 2552 3531 2606 ἀνεδίδοντο
3547 2554 3724 2624 ψῆφοι

2135 2640 2488 2693 κατάστικτοι
2535 2641 2883 2712 γράμμασιν.
2937 2641 3004 2693 Ἀ
3055 2643 3412 2714 συντιθέμενα
3456 2646 3572 2708 τοῖς
3627 2647 3726 2716 μὲν

2136 2731 2226 2783 τὸν
2257 2731 2535 2784 Θεοδόσιον
2571 2732 2744 2786 ἐδόκει
2795 2733 3011 2804 δηλοῦν,
3055 2738 3168 2799 τοῖς
3195 2735 3251 2788 δὲ
3277 2737 3368 2790 τὸν
3404 2737 3724 2806 Θεόδουλον,

2136 2823 2169 2893 ἢ
2207 2823 2296 2875 τὸν
2342 2822 2638 2894 Θεόδωρον,
2673 2825 2706 2894 ἦ
2739 2842 2862 2878 τινα
2916 2825 3074 2879 ἄλλον
3113 2828 3514 2899 παραπλήσιον.
3535 2831 3727 2902 Μέχρι

2138 2916 2247 2986 γὰρ
2278 2915 2370 2968 τοῦ
2404 2916 2564 2969 δέλτα
2598 2917 2705 2969 τῶν
2738 2918 3080 2988 γραμμάτων
3112 2921 3161 2973 οἱ
3199 2921 3358 2974 τύποι
3396 2923 3724 2992 προήγοντο,

2138 3006 2296 3072 ληξάς
2340 3006 2448 3058 τῶν
2501 3007 2791 3078 δαιμόνων,
2851 3009 2926 3072 ὡς
2956 3009 3230 3076 εἰώθασιν,
3259 3012 3344 3064 ἐπ’
3375 3012 3584 3083 ὀλέθρῳ
3618 3013 3728 3066 τῶν

2139 3102 2476 3173 πειθομένων
2495 3104 2588 3156 καὶ
2615 3105 2960 3175 ἀναχωρήσει
2989 3105 3086 3175 τῆς
3117 3107 3417 3177 ἀποτυχίας
3437 3109 3530 3172 τὰς
3557 3111 3729 3181 ἀναρ-

2139 3197 2326 3265 ρήσεις
2353 3197 2711 3266 ποιουμένων.
2733 3199 2824 3250 Διὸ
2847 3199 2940 3252 καὶ
2965 3197 3241 3268 Θεόδωρός
3262 3216 3346 3262 τις
3379 3202 3732 3272 παρασυρεὶς

2137 3291 2201 3357 τῇ
2243 3287 2448 3358 ἀπάτῃ.
2511 3286 2606 3340 καὶ
2652 3289 2971 3359 τυραννίδος
3032 3289 3336 3343 ὲπιὸαίνειν
3395 3291 3728 3363 ἀρξάμενος,

2140 3379 2332 3432 θᾶττον
2391 3381 2488 3432 σὺν
2542 3384 2654 3444 τοῖς
2705 3381 2990 3451 ἑπομένοις
3039 3380 3318 3435 ἀπώλετο*
3365 3381 3482 3453 μεθ’
3518 3376 3605 3436 ὧν
3640 3385 3734 3438 καὶ

2138 3470 2250 3526 τῶν
2310 3473 2566 3526 ἀναιτίων
2606 3474 2704 3526 οὐκ
2738 3473 2952 3542 ὀλίγους
2996 3472 3110 3544 (δι)
3153 3473 3308 3538 δίκας
3355 3475 3568 3545 Οὐάλης
3627 3475 3734 3528 ἀπ-

2134 3559 2336 3631 ῄτησεν
2355 3605 2370 3626 ,
2400 3561 2581 3638 ὅτιπερ
2617 3567 2800 3630 αὐτοῖς
2833 3568 2866 3638 ή
2909 3567 3052 3638 ἀρχὴ
3077 3566 3172 3620 τοῦ
3205 3567 3469 3640 ὀνόματος
3487 3567 3555 3621 δι’
3585 3569 3734 3622 ὲκεί-

2142 3670 2249 3707 νων
2280 3651 2390 3708 τῶν
2419 3656 2767 3726 γραμμάτων
2799 3656 3212 3725 ἀνεγινώσκετο.

2218 3842 2318 3900 ις’.
2356 3835 2476 3889 ’Ὁτι
2514 3835 2958 3899 Οὑαλεντινιανὸς
2986 3835 3231 3906 τελευτᾷ,
3267 3835 3600 3906 βασιλεύσας
3639 3838 3732 3907 ἔτη

2143 3927 2487 3987 δυοκαίδεκα.
2549 3930 2640 3980 καὶ
2691 3929 3028 4000 κληρονόμον
3068 3929 3168 3999 τῆς
3214 3929 3390 4000 ἀρχῆς
3429 3931 3734 4001 Γρατιανὸν

2143 4017 2234 4069 τὸν
2274 4017 2436 4070 παῖδα
2488 4018 2830 4072 καταλείπει.
2859 4019 3134 4074 Κατέλιπε
3166 4019 3223 4072 δὲ
3261 4020 3354 4074 καὶ
3383 4021 3607 4092 ἐτέρους
3643 4022 3734 4075 δύο

2145 4105 2365 4172 παῖδας,
2407 4109 2615 4163 Γάλλαν
2662 4128 2722 4163 τε
2769 4111 3076 4182 θυγατέρα,
3125 4112 3218 4164 καὶ
3261 4111 3733 4172 Οὐαλεντινιανδν,

2140 4202 2376 4272 τέτταρά
2406 4218 2506 4254 που
2524 4203 2786 4271 γεγονότα
2807 4202 3049 4272 ἔτηίόὅ),
3077 4203 3135 4255 ὂν
3163 4203 3363 4257 αὐτίκα
3389 4204 3424 4274 ἥ
3452 4220 3510 4256 τε
3540 4205 3736 4276 μήτηρ

1687 4329 1928 4373 VALESH
1961 4331 2460 4378 ANNOTATIONES.

531 4411 642 4482 (5i)
674 4414 797 4482 Οὐχ
821 4412 1028 4480 ἕτερόν
1056 4430 1185 4465 τινα
1225 4415 1450 4482 ταύτην
1483 4411 1702 4468 ἐλθεῖν.
1736 4411 1934 4466 Deesse
1964 4414 2036 4464 vi-

2221 4416 2332 4484 (55)
2375 4414 2632 4483 Τἐτταρὰ
2658 4412 2976 4481 που...ἕτη.
3005 4412 3176 4470 lnms.
3213 4415 3400 4470 codice
3449 4413 3734 4470 Samuelis

458 4483 620 4555 detur
633 4485 964 4555 praepositio,
998 4499 1119 4555 quae
1136 4485 1373 4552 suppleri
1397 4495 1574 4555 potest
1590 4486 1693 4537 hoc
1717 4485 1907 4537 modo:
1931 4484 2044 4552 Οὐχ

455 4553 644 4625 ἔτερόν
684 4571 804 4606 τινα
838 4553 971 4625 πρὸς
1006 4553 1207 4625 ταύτην
1227 4553 1408 4608 ἐλθεῖν
1426 4555 1804 4625 ἀνασχόμενοι.

531 4622 642 4697 (52)
673 4622 967 4694 Λαμπρῶς
1009 4622 1383 4697 eximunt-:20.
1431 4622 1611 4697 Codei
1641 4622 2046 4697 iliochat'tiau-

457 4696 596 4750 ctior
623 4692 717 4750 hic
754 4692 924 4750 est—et
966 4695 1327 4751 ernendatior.
1363 4696 1454 4752 Sic
1482 4696 1628 4752 enim
1671 4694 1854 4758 habet,
1885 4692 2046 4755 εὐθὺς

457 4767 724 4838 ἐκήρυττε
752 4766 811 4820 τὸ
833 4765 1141 4838 όμοούσιον.

555 4832 646 4906 3'5)
692 4832 973 4892 Soerflib.
1010 4853 1084 4898 tv,
1120 4852 1240 4905 cap.
1271 4837 1368 4902 19;
1407 4837 1533 4892 Soz.
1571 4836 1664 4891 lib.
1691 4849 1767 4906 vi,
1797 4849 1916 4903 cap.

555 4841 646 4906 33)
692 4841 847 4892 Socr.
882 4841 973 4890 lib.
1010 4853 1084 4898 tv,
1120 4852 1240 4905 cap.
1271 4841 1368 4902 19;
1407 4841 1533 4892 Soz.
1571 4841 1664 4891 lib.
1691 4849 1767 4895 vt,
1797 4849 1916 4903 cap.
1953 4841 2044 4887 55.

530 4841 644 4976 ξω)
666 4908 774 4961 Καὶ
815 4907 934 4961 τῶν
949 4908 1240 4961 ἐναντίων
1267 4911 1379 4962 οὐκ
1407 4909 1672 4979 ὀλίγους.
1709 4903 1827 4979 Non
1853 4905 2044 4979 dubito

501 4975 592 5032 uin
621 4975 972 5034 Scribendutn
1005 4981 1074 5032 sit
1101 4980 1202 5034 hoc
1225 4979 1367 5042 loco,
1399 4975 1525 5031 τῶν
1545 4975 1822 5031 ἀναιτίων.
1857 4975 1910 5028 Id
1941 4985 2046 5036 est,

514 5065 581 5100 na
614 5066 731 5101 cum
764 5049 872 5102 illis
909 5049 1100 5102 multos
1130 5066 1332 5119 quoque
1365 5051 1662 5103 innocentes
1708 5044 1893 5119 volens
1927 5061 2050 5112 snp-

460 5118 622 5186 plicio
647 5120 844 5187 a/fecit.
873 5117 1324 5174 Emeudationetn
1353 5130 1596 5174 nostram
1633 5117 1918 5187 conlirtnat
1944 5133 2047 5168 ms.

461 5184 635 5260 codex
681 5184 977 5252 'Bocltarti,
1033 5191 1085 5244 in
1130 5206 1241 5260 quo
1300 5191 1562 5257 scriptum
1624 5197 1708 5241 est
1755 5184 1862 5238 τῶν
1895 5187 2051 5238 ἀναι-

459 5259 613 5326 τίων,
649 5269 811 5327 prout
838 5260 1126 5330 legendum
1153 5259 1279 5315 esse
1307 5263 1675 5316 conieceram.

2148 4487 2401 4540 Boeharti
2459 4488 2724 4555 scriptum
2774 4487 2974 4550 inveni,
3023 4486 3256 4557 τέτταρά
3308 4502 3394 4538 πω
3421 4485 3541 4555 ἐτη,
3578 4487 3733 4555 quod

2146 4557 2271 4610 licet
2300 4558 2558 4626 exiguum
2607 4557 2698 4620 sit,
2739 4557 2878 4611 haud
2909 4570 3185 4625 quaquam
3235 4565 3413 4609 tamen
3449 4557 3734 4626 negligen-

2144 4627 2274 4680 dum
2309 4624 2516 4695 putavi.
2549 4626 2819 4680 Caeterum
2851 4624 3105 4681 tle’wtatc
3137 4626 3498 4680 Valentiniani
3529 4624 3734 4678 Junio-

2147 4698 2243 4758 ris,
2274 4697 2549 4752 consentit
2577 4697 2738 4750 etiam
2763 4697 3085 4750 Ammianus
3114 4695 3460 4750 Marcellinus
3494 4695 3548 4749 in
3587 4695 3733 4751 libro

2148 4768 2449 4831 tricesimo,
2491 4767 2596 4820 sub
2649 4768 2838 4831 linem;
2870 4776 2924 4821 et
2958 4767 3191 4821 Victoris
3228 4765 3495 4834 Epitmne,
3532 4774 3583 4818 et
3628 4766 3735 4819 Zo-

2147 4838 2322 4890 simus
2379 4853 2442 4891 ac
2476 4835 2741 4890 Zonaras.
2775 4835 2944 4892 Natus
2977 4846 3063 4891 est
3115 4837 3278 4904 igitur
3315 4835 3734 4904 Valentinianus

2153 4907 2347 4961 Junior
2377 4923 2522 4961 anno
2549 4907 2752 4961 Christi
2800 4906 2923 4961 571.
2957 4903 3224 4962 Caeterum
3251 4906 3319 4960 ab
3349 4907 3452 4960 hoc
3488 4903 3734 4960 Valenti-

2148 4978 2314 5032 niano
2339 4976 2588 5040 Juniore,
2621 4977 2714 5044 qui
2751 4976 2896 5031 ﬁlius
2932 4976 3036 5031 fuit
3077 4976 3302 5044 majoris
3337 4974 3730 5036 Valentiniani.

2147 5048 2664 5116 distinguendusest
2688 5045 3105 5101 Valentinianus
3130 5047 3286 5112 alter,
3319 5046 3463 5100 ﬁlius
3492 5044 3732 5101 Valentis

2149 5120 2402 5188 Augusti,
2441 5127 2499 5172 ut
2545 5118 2660 5187 jam
2716 5117 2926 5188 pridem
2956 5117 3270 5188 observavi,
3304 5127 3418 5171 tum
3453 5117 3507 5171 in
3535 5118 3732 5188 Anno-

2151 5186 2452 5242 tationibns
2479 5186 2558 5241 ad
2577 5187 2928 5241 Ammianum
2952 5186 3356 5255 Marcellinum,
3387 5197 3501 5242 tum
3531 5187 3583 5240 in
3620 5187 3730 5240 Λιιο

2155 5259 2531 5313 notationibus
2555 5259 2621 5313 ad
2655 5258 2960 5313 Socratem.

1939 5364 2288 5408 VARIORUM.

533 5481 608 5551 (ιι)
653 5478 717 5529 '0
741 5474 1053 5551 Δωρόθεος.
1088 5473 1233 5527 ldem
1288 5472 1380 5542 qui
1423 5470 1744 5551 Theodorus
1765 5512 1796 5551 ,_
1813 5471 2045 5551 _in_verso

462 5541 686 5604 nomine
715 5545 1048 5617 promiscue,
1077 5554 1150 5617 ut
1190 5541 1378 5612 supra,
1407 5558 1527 5617 cap.
1582 5542 1667 5617 19,
1697 5550 1750 5596 et
1780 5541 2044 5617 l5__l_tujus

462 5619 559 5675 lib.
597 5630 650 5674 et
675 5611 817 5688 apud
855 5613 1011 5670 Socr.
1032 5616 1126 5688 lib.
1162 5631 1234 5679 tv,
1261 5611 1381 5682 cap.
1409 5611 1820 5688 35»,_et_S_ozom.
1853 5611 1947 5688 lib.
1971 5626 2043 5688 vt,

459 5705 582 5760 cap.
611 5679 724 5755 57,-
756 5688 809 5741 in
839 5688 966 5760 lin.,_
995 5697 1046 5740 ct
1068 5686 1161 5760 lib.
1188 5701 1284 5746 \‘ll,
1317 5679 1814 5760 é.att_._16._lliorte_tn
1843 5679 2046 5760 _Euzoii

462 5751 630 5816 reicit
660 5751 912 5815 Socrates
958 5757 1059 5811 loc.
1101 5757 1197 5810 cit.
1239 5771 1368 5809 ann.
1405 5753 1536 5808 Chr.
1572 5752 1697 5808 ΞΠ.
1729 5751 2043 5821 Gut/torreri.

2220 5470 2296 5541 (ὁ)
2325 5469 2540 5539 Πατρὶς
2563 5468 2636 5541 δέ
2664 5465 2794 5537 ἦνή
2829 5471 3246 5536 Θεσσαλονίκη
3282 5466 3362 5533 τῷ
3387 5466 3726 5541 [lupae-sure.

2149 5538 2371 5595 Berr'tea
2403 5538 2570 5609 prope
2596 5539 3042 5595 Thessalonicam
3081 5542 3232 5594 locus
3260 5549 3380 5604 erat
3408 5547 3499 5590 aut
3528 5538 3728 5589 nativi-

2150 5612 2295 5675 tatis,
2337 5622 2430 5664 aut
2455 5612 2645 5664 saltem
2674 5612 3021 5679 episcopatus
3051 5609 3375 5679 Demophili,
3402 5617 3460 5660 ut
3489 5615 3633 5676 patet
3661 5622 3727 5660 ex

2150 5683 2357 5762 capp.8
2381 5691 2433 5734 et
2465 5681 2528 5735 19
2560 5678 2839 5757 hujuslib.
2867 5678 2945 5736 De
2973 5678 3288 5749 Demophilo
3313 5678 3579 5746 vid..plura
3596 5690 3728 5730 tuo:

2150 5769 2203 5806 in
2237 5751 2563 5808 Fraamento
2589 5767 2618 5804 e
2654 5748 2834 5804 Sunia.

2149 5769 2203 5806 tn
2237 5764 2563 5822 r'ragmento
2589 5767 2618 5804 e
2654 5764 2834 5804 Sutua.
