3842 6308
141 329 244 387 εει

1163 311 1730 375 ΕΟΕΜΞὸΙΑΒΤΙΟίΕ
1773 311 2130 370 IIISTORUE
2173 310 2306 366 LIB.
2351 311 2442 366 IX.

3333 312 3440 368 582

153 442 448 502 Ἰουστίνα,
477 440 572 493 καὶ
595 436 778 492 όκατὰ
797 435 1057 490 Παιονίαν
1081 434 1309 504 στρατὸς
1331 432 1554 503 βασιλέα
1581 433 1746 484 ποιεῖ.

1889 437 2088 484 natuor
2105 427 2322 483 circiter
2341 441 2517 482 annos
2545 433 2752 480 natum.
2776 423 2949 491 Quem
2977 425 3120 482 illico
3139 435 3250 482 tum
3266 439 3441 484 mater

141 533 452 604 Γρατιανὺς
490 532 672 602 μέντοι
695 547 758 599 γε
783 531 882 600 τὴν
909 525 1272 598 ἀναγόρευσιν
1305 524 1514 598 μαθὼν,
1556 525 1638 577 ὅτι
1673 523 1747 594 μὴ

143 629 236 684 διά
263 627 500 700 γνώμης
539 625 707 680 αὑτοῦ
731 625 978 692 γέγονεν,
1005 623 1107 676 ούκ
1135 621 1421 692 ἐπῄνεσεν.
1463 618 1622 672 Ἀλλά
1656 618 1748 671 καί

144 733 308 780 τινας
337 715 446 768 τῶν
473 713 638 769 αὑτοῦ
671 711 1114 784 νεωτερισάντων
1149 711 1283 780 (35')
1323 709 1624 764 ὲκολάσατο
1649 709 1747 778 (α).

147 809 350 876 Ὅμως
381 804 604 877 ἔστερξε
635 805 728 858 τὸν
773 802 1005 872 ἀδελφὸν
1047 801 1192 872 ἔχειν
1229 799 1582 870 βασιλεύοντα
1614 799 1748 870 (56),

149 901 248 954 καὶ
281 901 492 972 πατρὸς
517 899 670 970 αύτῴ
695 898 850 965 τάξιν
886 895 1262 968 ἀποπληροῦν.

230 1169 324 1234 ιζ’.
357 1169 484 1232 ’ΌτιΔ
525 1169 574 1220 οί
619 1165 794 1238 πέραν
844 1165 939 1218 τοῦ
985 1165 1200 1235 Ἴστρου
1249 1162 1450 1217 Σκύθαι
1503 1165 1608 1234 (θ),
1647 1162 1756 1216 τῶν

157 1263 384 1318 Οὖννων
423 1261 609 1322 αὐτοῖς
656 1259 1223 1330 ἐπιστρατευσάντων,
1267 1257 1559 1310 ἀνάστατοι
1596 1254 1758 1323 γεγό-

155 1375 306 1418 νασι,
327 1355 426 1408 καὶ
441 1353 576 1425 πρὸς
591 1352 690 1424 τὴν
707 1351 994 1421 Ῥωμαίων
1016 1349 1121 1420 γῆν
1141 1349 1274 1420 πρὸς
1297 1348 1480 1418 φιλίαν
1498 1345 1762 1418 ἐπεραιώ-

157 1452 359 1522 θησαν.
397 1445 520 1501 Εἶεν
539 1447 582 1500 δ’
607 1446 673 1500 ἂν
713 1447 764 1499 οἱ
820 1440 1035 1509 Οὗννοι,
1064 1443 1156 1506 οὒς
1183 1444 1233 1496 οί
1265 1441 1488 1496 παλαιοὶ
1517 1441 1761 1512 Νεδροὺς

161 1540 546 1612 ὲπωνόμαζον,
572 1539 666 1592 καὶ
699 1537 850 1606 παρά
877 1537 948 1588 τὰ
971 1537 1194 1588 Ῥιπαῖα
1225 1533 1606 1604 κατῳκημένοι
1635 1533 1759 1604 om,

161 1634 226 1698 ἐξ
260 1629 340 1688 ὧν
369 1635 398 1686 ὁ
435 1631 638 1694 Τάναϊς
673 1631 752 1692 είς
781 1629 882 1698 τὴν
918 1624 1202 1680 Μαιώτιδα
1235 1624 1430 1696 λίμνην
1455 1624 1763 1694 κατασυρό-

165 1740 332 1796 μενος
364 1721 428 1774 τὸ
461 1720 676 1791 ῥεῖθρον
712 1717 1090 1770 ἐκδίδωσιν.οί
1115 1715 1170 1768 δέ
1199 1731 1263 1783 γε
1287 1713 1492 1767 Σκύθαι
1521 1730 1756 1783 μετανα-

1850 516 2088 580 Justitta,
2127 528 2243 573 tum
2269 518 2545 572 exercitus
2579 516 2670 586 qui
2703 517 2755 570 in
2783 515 3065 570 Pannonia
3091 525 3234 582 erat,
3267 517 3441 588 impe-

1853 621 2090 666 ratorem
2137 619 2412 666 crearunt.
2457 609 2522 663 Et
2547 608 2839 664 Gratianus
2878 608 3094 678 quidem
3131 609 3275 664 hanc
3299 625 3444 666 nun-

1853 705 2201 776 cupationem
2255 719 2378 760 cum
2423 702 2726 770 didicisset,
2769 717 2834 758 eo
2865 703 3012 772 quod
3065 701 3272 773 absque
3303 718 3440 758 con-

1854 815 2020 854 sensu
2057 797 2234 868 ipsius
2283 797 2428 853 facta
2471 797 2668 862 fuerat,
2705 811 2812 850 non
2855 797 3124 867 probavit.
3164 796 3442 864 Quosdam

1856 893 2020 946 etiam
2043 891 2137 960 qui
2167 889 2220 944 id
2255 899 2466 944 tentare
2513 890 2632 944 ausi
2667 887 2903 958 fuerant,
2936 889 3208 960 supplicio
3239 889 3440 945 affecit.

1857 983 2104 1038 Fratrem
2173 982 2534 1039 nihilominus
2608 991 2920 1037 consortem
2975 982 3188 1052 imperii
3243 983 3446 1037 habere

1859 1091 1968 1129 non
1999 1073 2198 1138 renuit,
2227 1081 2282 1128 et
2318 1073 2490 1142 patris
2531 1087 2659 1142 erga
2683 1087 2811 1126 eum
2849 1072 3024 1126 vicem
3052 1071 3313 1140 implevit.

1931 1164 2018 1217 i7.
2037 1161 2226 1218 Valens
2267 1162 2402 1216 be:’lo
2435 1162 2680 1232 Scythico
2708 1163 2863 1232 perit.
2893 1161 3216 1218 Theodosius
3245 1163 3450 1231 imp.—

1863 1256 2078 1328 Scythze
2125 1258 2214 1326 qui
2269 1265 2426 1310 trans
2479 1256 2675 1310 Istrum
2729 1256 2892 1326 positi
2917 1265 3065 1322 sunt,
3117 1255 3187 1310 ab
3239 1253 3452 1310 llunnis

1861 1347 2004 1401 bello
2037 1347 2282 1416 appetiti,
2312 1355 2364 1400 et
2403 1347 2623 1400 sedzbus
2653 1345 2768 1401 suis
2811 1347 3044 1415 crpulsi,
3079 1345 3134 1401 in
3173 1344 3458 1400 Romano-

1865 1454 1986 1492 runt
2038 1438 2300 1491 ditionem
2361 1439 2542 1503 specie
2577 1437 2832 1492 amicitiae
2885 1439 3240 1508 traiecerunt.
3284 1437 3456 1492 Porro

1865 1529 2048 1583 Ilunni
2113 1529 2276 1584 iidem
2309 1530 2562 1584 videntur
2601 1545 2722 1584 esse
2749 1530 2842 1600 qui
2875 1530 2944 1584 ab
3001 1530 3244 1599 antiquis
3287 1527 3454 1584 Neuri

1867 1625 2223 1690 vocabantur,
2251 1623 2318 1676 ad
2349 1623 2566 1692 Itipreos
2597 1635 2810 1678 montes
2845 1625 2959 1688 siti,
2990 1639 3053 1678 ex
3082 1625 3280 1693 quibus
3302 1633 3456 1679 ortus

1868 1715 2070 1771 Tanais
2120 1715 2340 1781 ﬂuvius,
2387 1717 2442 1770 in
2487 1716 2792 1772 Maeotidetn
2839 1718 3090 1788 paludem
3122 1733 3292 1786 aquas
3325 1731 3455 1776 suae

165 1815 424 1881 στάντες,
447 1811 552 1864 ἀπὸ
590 1809 682 1864 τοῦ
717 1808 926 1880 μέτριοι
969 1807 1036 1861 τά
1081 1805 1274 1878 πρῶτα
1303 1801 1444 1858 εἶναι
1477 1808 1588 1868 τοῖς
1625 1806 1758 1858 Ῥω-

1882 1810 2090 1864 evolvit.
2128 1808 2344 1881 Scythae
2381 1825 2512 1865 vero
2543 1812 2594 1864 in
2647 1811 3023 1866 [tertianorum
3069 1811 3246 1866 solum
3274 1819 3456 1868 trans-

167 1909 376 1979 μαίοις,
412 1907 491 1968 είς
523 1904 584 1956 τὸ
625 1901 909 1974 λῃστεύειν
951 1901 1254 1972 ἐτράποντο
1279 1915 1292 1928 ·
1325 1895 1444 1952 εἶτα
1476 1900 1570 1952 καὶ
1606 1899 1764 1952 πόλε-

169 2019 272 2072 μον
301 2000 613 2070 ἀκήρυκτον
643 1997 866 2048 εἴλοντο.
884 1995 1096 2065 Οὐάλης
1113 1991 1168 2047 δὲ
1190 1992 1364 2046 ταῦτα
1391 1993 1764 2062 πεπυσμένος,

163 2093 226 2158 ἐξ
255 2090 593 2160 Ἀντιοχείας
623 2089 871 2160 ἀπαίρει.
901 2087 1008 2140 Καὶ
1037 2087 1178 2141 κατά
1195 2086 1606 2140 Κωνσταντινού
1619 2086 1766 2139 πολιν

163 2181 413 2252 γεγονὼς
445 2182 536 2234 ἐπὶ
569 2180 792 2252 Θρᾴκην
825 2179 1060 2234 ἐλαύνει.
1094 2179 1206 2232 Καὶ
1244 2177 1390 2250 μάχῃ
1424 2178 1769 2248 συμπλακεὶς

163 2280 283 2338 τοῖς
311 2275 630 2346 βαρϐάροις,
682 2274 775 2326 καὶ
819 2265 1046 2334 πολλοὺς
1088 2269 1400 2332 ἀποϐαλὼν,
1431 2269 1534 2323 ἀνά
1567 2270 1770 2338 κράτος

166 2369 390 2438 φεύγει.
433 2367 544 2420 Καὶ
591 2366 743 2438 πάσῃ
779 2364 1064 2435 συσχεθεὶς
1090 2365 1373 2436 ἀμηχανίᾳ
1411 2365 1508 2416 καὶ
1543 2364 1767 2435 ἀπορία,

167 2465 226 2516 ἔν
255 2479 368 2515 τινι
408 2459 518 2514 τῶν
551 2459 694 2512 κατὰ
722 2459 923 2531 ἀγροὺς
954 2457 1272 2528 οἰκημάτων
1307 2455 1498 2527 χόρτον
1526 2455 1768 2526 φέροντι,

169 2557 274 2610 σὺν
312 2553 518 2622 ὀλίγοις
562 2555 674 2616 τοῖς
722 2551 1010 2621 ἑπομένοις
1049 2549 1428 2620 κατακρύπτει
1457 2547 1666 2600 ἑαυτόν,
1705 2548 1769 2599 Oi

167 2647 226 2702 δὲ
253 2645 528 2718 βάρϐαροι
575 2642 1024 2706 καταδιώκοντες,
1055 2639 1244 2710 ὥσπερ
1279 2639 1346 2692 τὰ
1399 2639 1532 2694 ἄλλα
1576 2638 1684 2692 τῶν
1712 2639 1770 2690 ἐν

169 2741 359 2802 ποσὶν,
388 2739 534 2792 οὕτω
585 2739 681 2792 καὶ
715 2737 776 2789 τὸ
799 2737 1008 2806 οἴκημα
1040 2733 1209 2804 πυρὸς
1241 2732 1488 2803 δαπάνην
1510 2729 1768 2798 ἐτίθεντο,

167 2833 438 2902 οὐδεμίαν
474 2829 626 2902 παρά
651 2827 746 2882 τοῦ
781 2826 1041 2898 βασιλέως
1067 2825 1176 2894 (57)
1207 2823 1463 2887 λαϐόντες
1495 2823 1770 2876 ὑπόνοιαν.

183 2925 334 2980 Ἀλλ’
369 2927 398 2978 ὁ
455 2925 550 2996 μὲν
607 2921 780 2985 οὕτως
819 2920 1138 2990 ἠφάνισται,
1184 2918 1243 2970 τδ
1285 2917 1535 2970 πλεῖστόν
1581 2934 1637 2970 τε
1679 2915 1776 2969 καὶ

173 3021 474 3092 κράτιστον
517 3017 616 3086 τῆς
651 3014 967 3085 Ῥωμαῖκῆς
992 3012 1166 3083 ἀρχῆς
1202 3011 1772 3083 συναποκειράμενος⁹

171 3113 224 3164 οἱ
253 3111 316 3164 δὲ
368 3107 636 3180 βάρϐαροι
687 3109 870 3160 πᾶσαν
895 3104 1069 3167 ἀδεῶς
1099 3102 1197 3174 τὴν
1227 3102 1450 3174 Θρᾴκην
1475 3102 1773 3174 ἐληΐζοντο,

1869 1902 2068 1972 gressi,
2097 1917 2219 1956 cum
2253 1903 2410 1956 initio
2446 1903 2726 1959 moderate
2772 1921 2832 1958 se
2861 1904 3161 1973 gessissent
3192 1920 3316 1972 erga
3347 1904 3458 1958 Ro-

1871 2011 2080 2060 manos,
2115 1995 2333 2049 tandem
2368 1997 2434 2050 ad
2487 1997 2924 2052 latrocinandum
2985 1999 3236 2052 c0nversi
3299 2006 3456 2064 sunt,

1870 2104 1934 2142 ac
1957 2087 2154 2142 deinde
2188 2089 2388 2143 bellum
2433 2089 2500 2144 iis
2557 2089 2880 2152 intulerunt,
2927 2091 3076 2145 nullo
3107 2091 3256 2160 prius
3290 2093 3460 2146 misso

1871 2180 1964 2246 qui
2001 2179 2197 2234 bellum
2243 2179 2525 2234 indiceret.
2556 2177 2688 2246 Qua:
2735 2195 2860 2236 cum
2895 2183 3196 2250 accepisset
3229 2181 3454 2248 Valens,

1883 2267 2068 2326 statim
2102 2272 2396 2326 Antiochia
2443 2271 2726 2342 digressus
2775 2281 2878 2328 est.
2937 2271 3186 2342 Cumque
3223 2275 3464 2330 venisset

1883 2363 2440 2434 Constantinopolim,
2468 2363 2524 2418 in
2556 2362 2850 2419 Thraciam
2885 2365 3145 2435 perrexit.
3179 2363 3282 2420 Ubi
3319 2381 3466 2436 prat-

1873 2457 1948 2511 lio
2001 2471 2333 2528 congressus
2389 2471 2514 2511 cum
2556 2455 2846 2521 barbaris,
2897 2456 3194 2527 multisque
3235 2473 3464 2514 suorum

1874 2549 2118 2614 amissis,
2173 2557 2433 2604 contento
2495 2565 2658 2604 cursu
2713 2549 2898 2620 fugam
2961 2549 3216 2620 arripuit.
3261 2547 3466 2607 Ultima

1873 2643 2092 2696 tandem
2147 2643 2478 2696 necessitate
2505 2656 2822 2710 oppressus,
2867 2651 2922 2697 et
2951 2642 3018 2696 ad
3057 2643 3298 2712 inopiam
3331 2659 3466 2698 con-

1875 2735 1982 2790 silii
2007 2735 2284 2800 redactus,
2345 2735 2398 2788 in
2457 2735 2660 2804 agresti
2699 2734 2936 2804 quadam
2977 2749 3104 2790 casa
3137 2750 3244 2805 qua
3281 2735 3466 2792 fenum

1875 2826 2160 2880 conditum
2189 2836 2330 2892 erat,
2381 2843 2488 2882 una
2540 2841 2665 2881 cum
2714 2827 2904 2896 paucis
2931 2827 3025 2898 qui
3059 2827 3238 2896 ipsum
3271 2843 3470 2900 seque-

1876 2919 2098 2984 bantur,
2133 2933 2254 2974 sese
2302 2919 2614 2974 occultavit.
2655 2919 2726 2972 At
2783 2919 3000 2974 barbari
3033 2921 3128 2990 qui
3167 2935 3294 2976 eunt
3349 2937 3472 2992 per-

1879 3010 2273 3078 sequebantur,
2328 3019 2442 3066 tum
2501 3011 2661 3066 obvia
2712 3027 2974 3082 quaeque,
3027 3022 3141 3066 tum
3185 3015 3468 3082 tugurium

1879 3103 2012 3158 illud
2049 3103 2426 3166 incenderunt,
2481 3103 2618 3158 nihil
2653 3105 2870 3174 penitus
2912 3105 2978 3160 de
3020 3107 3346 3176 imperatore
3377 3122 3473 3162 su-

169 3201 568 3275 Φριτιγέρνους
607 3201 804 3263 αὐτοὺς
847 3199 1094 3266 ἄγοντος.
1137 3197 1194 3247 ’0
1235 3195 1290 3248 δὲ
1327 3195 1620 3266 Γρατιανός
1651 3197 1775 3248 ἐκόο

1883 3199 2098 3268 spicati.
2137 3198 2204 3252 Et
2233 3196 2432 3253 Valens
2461 3197 2680 3268 quidem
2703 3198 2850 3254 hunc
2879 3199 2934 3252 in
2965 3199 3190 3255 modum
3221 3199 3471 3258 sublatus

169 3299 320 3368 ψατο
353 3296 454 3366 μὲν
483 3293 576 3346 τὸν
610 3293 774 3354 θεῖον,
811 3290 1080 3361 ἐθρήνησε
1105 3287 1162 3340 δὲ
1193 3287 1292 3358 τὴν
1325 3287 1614 3350 Ῥωμαίων
1637 3303 1774 3358 συμ-

173 3390 354 3462 cpt)in
379 3407 392 3418 ·
421 3385 699 3440 Θεοδόσιον
737 3383 792 3436 δὲ
841 3381 1060 3452 βασιλέα
1103 3380 1512 3450 χειροτονήσας,
1561 3380 1640 3441 εἰς
1673 3377 1772 3448 τὴν

171 3483 268 3536 τοῦ
299 3481 448 3535 θείου
490 3475 769 3549 βασιλείαν
811 3473 1148 3542 ἀναπέμπει.
1189 3471 1246 3522 '0
1285 3469 1340 3523 δὲ
1367 3469 1646 3532 Θεοδόσιος
1675 3471 1776 3532 τὰς

183 3573 470 3636 Ἱσπανίας
499 3572 596 3643 μὲν
621 3567 734 3639 εἶχε
763 3567 1018 3637 πατρίδα,
1041 3564 1108 3627 ἃς
1127 3563 1224 3616 νῦν
1253 3561 1490 3633 Ἰϐηρίας
1521 3559 1768 3622 καλοῦσι,

173 3666 272 3722 τοῦ
293 3667 362 3720 δι’
394 3663 574 3718 αὐτῶν
601 3662 812 3730 ῥέοντος
832 3659 1050 3730 Ἴϐηρος
1075 3653 1466 3727 παταμοῦ,τὴν
1499 3653 1772 3725 προτέραν

177 3755 450 3826 ἑκνικήσα
463 3769 576 3816 ιτος
603 3749 920 3820 ὀνομασίαν.

1881 3299 1984 3354 est,
2009 3290 2457 3346 numerosissima
2521 3307 2586 3346 ac
2629 3291 2926 3348 fortiSsima
2971 3291 3206 3348 Romani
3253 3295 3472 3364 imperii

1841 3441 1844 3446 _
1885 3391 2036 3451 parte
2055 3383 2217 3438 simul
2253 3377 2504 3452 'amissa;
2537 3383 2754 3442 barbari
2791 3399 2921 3440 vero
2949 3385 3262 3441 universam
3295 3385 3475 3442 Thra-

1883 3474 2024 3529 ciam
2085 3476 2294 3547 absque
2356 3477 2468 3532 ullo
2519 3477 2780 3548 deinceps
2845 3487 2990 3532 metu
3047 3487 3471 3549 pervastarunt,

1885 3572 2025 3622 duce
2059 3567 2390 3640 Fritigerno.
2427 3569 2600 3626 Porro
2641 3569 2938 3626 Gratianus
2965 3581 3224 3641 patruum
3253 3571 3472 3640 quidem

1879 3673 2038 3714 suum
2073 3661 2230 3728 luxit,
2287 3672 2342 3717 et
2389 3663 2766 3719 Romanorum
2825 3663 3192 3719 calamitatem
3217 3663 3474 3730 deﬂevit;

1881 3751 2247 3810 Theodosium
2290 3771 2420 3811 vero
2463 3770 2588 3812 cum
2645 3739 3034 3826 imperatorem
3096 3759 3476 3814 renuntiasset

177 3849 246 3904 ad
269 3844 571 3918 regendum
599 3842 776 3912 patrui
805 3839 1092 3910 imperium
1118 3836 1292 3892 misit.
1317 3833 1415 3890 llic
1433 3834 1780 3893 Theodosius
1815 3843 2048 3910 patriam
2109 3845 2300 3900 habuit
2342 3844 2681 3916 Hispaniam,
2713 3862 2835 3916 qua:
2867 3862 3012 3902 nunc
3045 3845 3213 3904 Iberia
3283 3851 3474 3918 appel-

133 3995 136 3998 .
177 3943 356 4004 latur;
393 3935 548 3990 Ibero
567 3931 960 3988 scilicetlluvio
983 3931 1076 4002 qui
1100 3945 1196 4002 per
1223 3945 1343 3985 eam
1373 3928 1511 3990 ﬂuit,
1537 3931 1774 3999 priorem
1818 3937 2237 4005 appellationem
2281 3939 2554 3994 abolente.

251 4037 346 4100 ιη’.
387 4031 534 4092 Ὅτι,
581 4026 1009 4097 τελευτήσαντος
1059 4021 1352 4077 Θεοδούλου
1381 4021 1478 4074 τοῦ
1503 4022 1612 4075 ἀπὸ
1641 4023 1781 4076 Χαι-

182 4123 440 4196 ρετάπων
501 4121 642 4191 (τῆς
693 4117 1057 4187 Παλαιστίνης
1107 4113 1153 4168 δ’
1184 4106 1340 4178 οὗτος
1399 4113 1695 4167 ἐπεσκόπει
1725 4113 1778 4184 ),

177 4216 228 4269 ol
253 4214 400 4285 ἀμφὶ
431 4213 526 4266 τὺν
551 4211 818 4282 Εὐνόμιον
855 4209 1160 4281 Καρτέριον
1199 4205 1364 4260 αὑτοῦ
1391 4207 1777 4278 χειροτονοῦσι.

181 4309 290 4361 Τοῦ
319 4307 378 4360 δὲ
397 4305 594 4359 θᾶττον
619 4301 1019 4365 τελειωθέντος,
1051 4300 1308 4370 Ἰωάννην
1335 4298 1775 4353 άντικαθιστῶσιο

183 4402 276 4453 καὶ
309 4400 410 4452 σὺν
453 4395 606 4466 αὐτῷ
669 4395 777 4448 ἀπ’]
829 4389 1460 4454 Κωνσταντινουπόλεως
1515 4391 1676 4454 αὐτός
1719 4409 1780 4444 τε

183 4491 456 4562 Εύνόμιος
489 4490 585 4542 καὶ
627 4485 906 4560 Ἀρριανὸς
931 4485 1022 4538 καὶ
1062 4485 1358 4554 Εὐφρόνιος
1397 4484 1489 4536 ἐπὶ
1515 4485 1614 4555 τὴν
1641 4485 1780 4556 ἑῴαν

183 4581 566 4651 ἀφικνοῦνται,
613 4579 688 4642 ὡς
735 4579 912 4630 ἐκεῖσε
971 4575 1059 4628 τόν
1122 4593 1180 4628 τε
1242 4575 1526 4628 Ίουλιανὺν
1569 4578 1633 4630 ἐκ
1681 4579 1782 4649 τῆς

1961 4027 2048 4081 18.
2083 4027 2410 4083 Eunomiam’
2424 4032 2671 4102 epist-api.
2695 4063 2762 4072 —
2781 4031 2998 4088 Mortuo
3016 4033 3300 4092 Theodnlo
3323 4037 3470 4094 Cha:-

1889 4123 2184 4191 retapeusi,
2211 4123 2303 4190 qui
2329 4121 2634 4178 Palaestina:
2670 4134 2787 4178 erat
2815 4125 3128 4196 episcopus,
3171 4127 3475 4186 Eunomius

1887 4213 2192 4269 Cazterium
2225 4215 2280 4270 in
2313 4217 2432 4286 ejus
2481 4217 2654 4274 locum
2687 4217 2982 4272 ordinavit.
3017 4219 3120 4287 Qui
3167 4237 3291 4277 cum
3322 4223 3472 4279 brevi

1885 4316 2070 4374 postea
2089 4323 2154 4362 ex
2185 4309 2286 4361 hac
2311 4308 2433 4364 luce
2451 4311 2762 4381 migrasset,
2787 4311 3028 4368 Joannes
3059 4313 3110 4368 in
3141 4315 3261 4384 ejus
3289 4315 3470 4370 locum

1887 4398 2217 4467 subrogatus
2257 4411 2360 4455 est.
2383 4401 2522 4456 Cum
2557 4403 2662 4457 hoc
2683 4400 2897 4458 Joanne
2923 4403 3064 4458 idem
3095 4404 3400 4461 Eunomius
3421 4419 3476 4464 et

1888 4489 2156 4546 Arrianus
2173 4501 2336 4562 atque
2361 4491 2734 4564 Euphronius,
2763 4494 2952 4549 relicta
2975 4495 3472 4566 Constantinopoli,

1891 4581 1944 4634 in
1981 4583 2252 4637 Orientem
2289 4583 2688 4654 profectisunt,
2721 4595 2781 4640 ut
2805 4594 2858 4642 et
2883 4584 3158 4641 Julianum
3189 4603 3254 4643 ex
3283 4586 3474 4642 Cilicia

1427 4705 1672 4750 \‘ALESII
1701 4707 2184 4756 ANNOTATIONES
2195 4742 2206 4754 .

251 4819 394 4888 (ὅδ’)
427 4817 598 4888 de;
649 4814 769 4888 τῶν
807 4812 1010 4888 αὐτοῦῌ
1047 4809 1547 4888 νεωτερισάντων.
1569 4813 1775 4888 Cotho-

1885 4817 2015 4881 illic,
2045 4819 2095 4874 id
2120 4829 2221 4884 est,
2255 4821 2309 4872 in
2347 4821 2646 4878 Pannonia.

185 4883 383 4947 fredus’
421 4883 622 4958 legisse
668 4887 902 4958 videtur,
941 4883 1066 4958 ‘rd'tv
1085 4883 1244 4934 τοῦτο
1286 4885 1727 4958 νεωτερισάντων
1761 4903 1774 4918 ·

185 4964 264 5018 sic
281 4961 434 5016 enim
461 4953 622 5012 vertit
653 4973 666 5008 :
704 4955 808 5010 Sed
836 4964 884 5008 et
901 4955 1178 5024 quosdam,
1206 4954 1294 5022 qui
1319 4953 1371 5004 id
1409 4957 1642 5022 aggressi
1663 4957 1780 5024 [tte-

187 5045 332 5094 rant,
361 5030 594 5098 punivit.
639 5025 864 5098 Visetur
913 5025 1132 5094 aliquod
1171 5025 1425 5098 mendum
1472 5027 1558 5078 hic
1587 5027 1776 5098 latore,

187 5119 246 5159 ac
279 5092 518 5158 fortasse
558 5097 909 5154 scribendum
934 5092 1020 5149 est
1037 5135 1051 5155 ,
1087 5095 1204 5146 κατ’
1233 5092 1396 5147 αὐτοῦ
1424 5092 1779 5164 νεωτερισάνὲ

181 5191 314 5238 των,
365 5179 504 5235 etc.,
567 5167 676 5224 nisi
732 5167 900 5220 αὑτοῦ
963 5175 1217 5220 sumatur
1269 5163 1652 5222 adverbialiter
1682 5183 1779 5237 pro

1961 4889 2074 4960 (56)
2137 4892 2345 4959 Ἔχειν
2390 4893 2828 4956 βασιλεύοντα.
2901 4895 3094 4952 Melius
3142 4899 3474 4954 scriberetur

1887 4958 2029 5028 ἔχειν
2057 4958 2126 5012 συ
2134 4958 2549 5028 μϐασιλεύοντα.

1963 5030 2076 5096 (57)
2105 5031 2405 5106 Οὐδεμίαν
2432 5035 2594 5102 παρὰ
2615 5037 2719 5088 τοῦ
2741 5037 3070 5106 βασιλέως.
3109 5039 3474 5100 Scribcntlum

1886 5109 1970 5181 est
2025 5103 2214 5181 procul
2277 5105 2444 5160 dubio
2483 5106 2737 5177 οὐδεμίαν
2792 5109 2923 5179 περὶ
2961 5103 3054 5162 τοῦ
3088 5111 3352 5181 βασιλέως
3379 5114 3477 5168 λα-

1888 5169 2074 5235 ϐόντες
2108 5172 2383 5234 ὑπόνοιαν.

1669 5301 1750 5344 VA
1757 5302 1999 5349 RIORUM
2009 5336 2020 5348 .

259 5393 336 5462 (α)
369 5395 542 5456 Τινας
571 5419 640 5462 -τ
667 5387 1028 5462 ἐκολάσατο.
1065 5384 1180 5462 lloc
1210 5383 1782 5462 unus_Phi_Iostorgius

187 5455 374 5520 habet.
409 5455 594 5528 Quare
627 5461 744 5516 haec
783 5461 923 5513 inter
953 5459 1089 5512 alias
1117 5455 1240 5526 ejus
1267 5458 1320 5510 in
1345 5455 1778 5528 Gratianumfca-

191 5536 402 5590 Iumuia
423 5527 696 5587 censenda
719 5541 804 5585 est
831 5547 844 5596 ;
873 5531 928 5583 in
963 5543 1124 5599 quem
1167 5527 1502 5599 cazteroquin
1544 5527 1784 5598 iniquior

191 5604 294 5661 fuit
341 5606 416 5660 ob
472 5603 714 5658 rationes
767 5603 944 5655 dictas
980 5597 1088 5652 lib.
1117 5614 1210 5652 VIII
1268 5613 1388 5667 cap.
1426 5597 1479 5662 8,
1507 5606 1562 5651 et
1598 5597 1693 5654 lib.
1727 5617 1778 5664 κ,

191 5691 310 5748 cap.
471 5671 786 5748 Gotttofred.
821 5673 892 5725 De
923 5669 1082 5748 phitu
1119 5667 1482 5748 Vialentiniani
1535 5669 1781 5748 Senio_ri_s

192 5740 300 5802 viil.
345 5745 504 5800 Socr.
539 5740 894 5810 lib.'tv,.t‘ap.
923 5741 1010 5804 3t,
1041 5749 1094 5792 et
1136 5740 1260 5810 §oz.
1303 5741 1396 5794 lib.
1435 5755 1504 5810 γι,
1535 5757 1654 5810 cap.
1690 5742 1777 5794 56.

263 5821 338 5886 (ιι)
373 5816 620 5870 Σκύθαι.
659 5813 733 5870 De
759 5807 976 5884 Scy‘this
1006 5826 1102 5867 seu
1125 5807 1320 5866 Gothis
1347 5813 1415 5866 ab
1447 5807 1657 5866 llutttris
1687 5813 1780 5868 de-

1889 5393 2071 5474 victis,
2129 5405 2182 5450 et
2245 5397 2634 5474 addiemaan
2667 5399 3285 5474 confugientibusivid.
3317 5402 3476 5474 sorr.

1887 5463 1982 5541 lib.
2009 5483 2094 5541 tv,
2127 5481 2244 5536 cap.
2288 5467 2377 5532 '55,
2429 5469 2518 5534 54,
2563 5469 2692 5524 Soz.
2729 5463 2932 5536 lib.'v1,
2966 5487 3084 5541 cap.
3119 5471 3220 5536 37;
3257 5473 3324 5526 de
3375 5463 3480 5528 Va;

1894 5537 2054 5609 lentis
2100 5541 2363 5609 adversus
2413 5553 2508 5593 eos
2563 5541 2902 5609 profectione
2943 5551 2996 5596 et
3034 5537 3278 5602 interitu,
3319 5541 3479 5600 Socr.

1892 5605 2007 5680 lib.
2031 5622 2102 5680 Iv,
2127 5623 2175 5662 c.
2204 5608 2272 5662 58
2299 5623 2311 5672 ;
2347 5609 2475 5662 Snz.
2507 5605 2599 5666 lib.
2635 5627 2708 5674 γι,
2753 5627 2872 5680 cap.
2899 5611 2990 5675 59,
3017 5611 3114 5678 40;
3141 5613 3208 5666 de
3235 5613 3480 5668 Theudo-

1891 5679 2046 5749 tlosio
2081 5679 2134 5730 in
2172 5682 2508 5734 consortium
2539 5683 2746 5749 imperii
2777 5679 3094 5738 a’Gt'atiano
3123 5685 3294 5740 ascito
3315 5685 3478 5742 Socr.

1891 5746 1983 5801 lib.
2023 5764 2075 5814 ν,
2101 5765 2222 5820 cap.
2247 5749 2300 5813 2,
2341 5749 2468 5806 Soz.
2499 5753 2589 5806 lib.
2615 5746 2718 5818 ὶίι,
2752 5768 2872 5822 cap.
2909 5761 2960 5805 2.
