3842 6310
375 310 484 368 583

1764 305 2245 362 PHILOSTORGII

3544 311 3651 368 εει

383 424 513 479 illnc
542 419 896 482 adducerent,
922 429 977 474 et
1024 416 1388 498 Theophilum
1435 416 1627 472 lndum
1655 417 1958 473 Antiochia:

2075 418 2316 495 Κιλικίας
2351 417 2590 485 ἄξοντες.
2619 418 2713 472 καὶ
2747 416 3005 487 Θεόφιλον
3029 417 3120 472 τὸν
3152 417 3310 472 Ἰνδὸν
3333 420 3393 474 ἐν
3420 423 3486 492 τῇ
3534 424 3652 476 ’Δν-

374 514 753 580 convenirent,
785 523 840 566 ct
887 511 1052 566 totius
1090 509 1330 566 Orientis
1342 519 1568 638 vstatum
1613 512 1954 566 ordinarcnt.

449 691 537 747 19.
583 689 921 753 Theodosius,
963 687 1112 741 victis
1150 687 1416 752 barbaris,
1452 685 1843 742 Homousianos
1869 703 1955 742 re-

377 785 572 840 stituit.
602 815 672 824 —
696 781 1039 836 Theodosius
1098 779 1396 850 imperator
1421 780 1578 852 juxta
1603 781 1793 836 urbem
1835 779 1953 834 Sir-

377 879 546 933 mium
604 889 942 945 congressus,
977 888 1102 928 cum
1154 872 1406 927 barbaris
1443 886 1457 922 :
1493 885 1559 927 eo
1607 872 1751 927 enim
1791 871 1956 928 simul

377 981 541 1040 atque
568 968 857 1038 imperium
905 965 1231 1036 accepisset,
1264 964 1497 1019 utilitate
1517 963 1731 1034 publica
1761 962 1814 1018 id
1842 962 1957 1017 exi-

377 1071 572 1134 gente,
629 1060 904 1131 proiectus
950 1057 1128 1112 fuerat
1181 1073 1195 1110 :
1251 1056 1412 1112 victis
1461 1056 1653 1126 praelio
1707 1054 1957 1110 barbaris

375 1154 571 1208 exinde
618 1149 1280 1219 Constantinopolitanam
1335 1148 1529 1202 urbem
1582 1162 1708 1202 cum
1749 1145 1955 1217 ingenti

376 1259 574 1316 pompa
625 1244 906 1314 ingressus
940 1250 1043 1297 est.
1082 1241 1148 1296 Et
1187 1239 1578 1295 llomousianis
1606 1239 1825 1309 quidem
1855 1239 1957 1293 Ec-

375 1337 662 1391 clesiarum
689 1350 876 1390 curam
904 1333 1217 1401 commisit;
1249 1331 1484 1386 Arianos
1514 1346 1645 1385 vero
1676 1340 1730 1386 et
1771 1329 1956 1386 Euno-

377 1431 590 1484 mianos
617 1429 749 1484 urbe
775 1427 1002 1497 expulit.
1029 1425 1108 1480 Ex
1131 1441 1365 1496 quorum
1398 1437 1628 1478 numero
1656 1420 1757 1476 fuit
1789 1422 1954 1476 etiam

376 1521 731 1591 Demophilus
771 1535 784 1572 :
816 1519 911 1588 qui
940 1533 1066 1572 cum
1106 1516 1311 1584 ejectns
1340 1514 1550 1580 fuisset,
1583 1513 1648 1568 ad
1681 1513 1954 1569 civitatem

375 1628 531 1668 suam
559 1611 836 1666 Berrteam
869 1625 926 1664 se
952 1607 1202 1663 contulit.
1238 1604 1504 1676 Hypatius
1532 1619 1752 1674 quoque
1775 1603 1956 1659 Nicaea

373 1703 656 1772 expulsus,
702 1700 904 1771 Cyrum
961 1699 1134 1770 Syriae
1183 1713 1250 1752 ex
1297 1712 1405 1767 qua
1441 1705 1559 1751 erat
1592 1695 1859 1752 oriundus
1897 1711 1957 1752 se

2062 510 2272 582 τιοχείᾳ
2313 508 2774 580 καταληψόμενοι,
2836 510 2932 564 καὶ
3004 510 3075 563 τά
3128 509 3229 580 τῆς
3284 510 3456 582 ἄλλης
3509 513 3653 583 ἐῴας

2063 603 2551 673 καταστησόμενοι.

2137 695 2222 749 ιϐ’.
2260 695 2383 748 Ὀτι
2422 675 2699 759 Θεοδόσιος
2726 696 2754 747 ό
2791 693 3050 765 βασιλεὺς
3093 695 3232 749 κατὰ
3285 696 3511 768 Σίρμιον
3538 701 3652 762 τοῖς

2065 787 2362 860 βαρϐάροις
2384 787 2676 859 συμϐαλὼν
2704 789 2782 858 (α)
2814 789 2955 857 (ἐκεῖ
2987 789 3095 858 γὰρ
3127 789 3327 843 αὐτίκα
3352 789 3447 842 τοῦ
3468 789 3653 844 λαϐεῖν

2063 882 2161 953 τὴν
2185 882 2380 954 ἀρχὴν,
2417 883 2515 953 τῆς
2545 881 2736 953 χρείας
2767 881 3128 952 ἀπαιτούσης,
3160 883 3540 954 παρεγένετο),
3561 887 3654 938 καὶ

2064 976 2292 1046 νικήσας
2326 975 2496 1046 μάχῃ,
2544 973 2752 1028 ἐκεῖθεν
2797 973 3067 1047 λαμπρῶς
3090 975 3183 1028 ἐπὶ
3220 976 3320 1047 τὴν
3356 977 3654 1030 Κωνσταν-

2063 1067 2372 1122 τινούπολιν
2423 1068 2617 1122 ἄνεισι.
2663 1067 2776 1120 Καὶ
2811 1069 2926 1130 τοῖς
2961 1067 3062 1138 μὲν
3099 1066 3158 1121 τὸ
3191 1067 3477 1138 όμοούσιον
3511 1085 3650 1139 φρο-

2064 1160 2216 1216 νοῦσι
2277 1161 2386 1215 τῶν
2432 1159 2741 1231 ἐκκλησιῶν
2804 1161 3092 1232 ἐπιτρέπει
3143 1160 3244 1228 τὴν
3287 1160 3650 1230 ἐπιμέλειαν⁸

2078 1251 2387 1322 Ἀρειανοὺς
2405 1251 2460 1304 δέ
2483 1252 2576 1305 καὶ
2600 1252 2968 1322 Εύνομιανοὺς
2989 1251 3282 1305 ἀπελαύνει
3302 1251 3404 1322 τῆς
3419 1251 3649 1316 πόλεως.

2065 1335 2164 1394 Ὧν
2188 1337 2269 1405 εἷς
2287 1338 2355 1413 ἦν
2375 1343 2469 1396 καὶ
2493 1344 2522 1396 ό
2543 1342 2869 1413 Δημόφιλος·
2900 1342 3194 1408 ἀπελαθεὶς
3219 1343 3300 1412 δὲ,
3329 1344 3431 1416 τὴν
3455 1344 3650 1398 ἑαυτοῦ

2065 1435 2220 1488 πόλιν
2269 1435 2679 1506 καταλαμϐάνει
2731 1436 2830 1508 τὴν
2878 1436 3162 1507 Βέρροιαν.
3226 1438 3336 1490 Καὶ
3394 1437 3655 1500 ’Υπάτιος

2093 1527 2119 1578 ὲ
2150 1525 2251 1596 τῆς
2280 1525 2512 1588 Νικαίας
2546 1524 2924 1596 ἀποδιωχθεὶς,
2957 1525 3093 1597 πρὸς
3121 1527 3220 1596 τὴν
3239 1527 3654 1599 γεννησαμένην

2066 1619 2250 1691 Κῦρον
2281 1618 2380 1689 τὴν
2427 1620 2485 1671 ἐν
2517 1618 2685 1691 Συρίᾳ
2725 1619 3109 1690 παραγίνεται.
3164 1619 3322 1672 Ἀλλά
3357 1621 3453 1673 καὶ
3475 1620 3656 1690 Δωρὸ-

2064 1713 2185 1776 θεος
2233 1713 2334 1784 τῆς
2369 1713 2715 1782 Ἀντιοχείας¹
2749 1713 3064 1778 ἀπελαθεὶς,
3106 1712 3205 1784 τὴν
3257 1714 3503 1786 Θρᾴκην.
3528 1712 3656 1766 ὅθεν

376 1794 600 1864 recepit.
666 1792 772 1846 Sed
820 1801 875 1846 et
928 1791 1235 1846 Dorotheus
1289 1789 1581 1844 Antiochia
1620 1788 1847 1859 ejectus,
1902 1790 1954 1843 iu

2075 1808 2326 1877 ίγεγόνει,
2355 1806 2677 1862 κατέλαϐεν.
2720 1807 2829 1860 Καὶ
2861 1806 3013 1860 ἄλλοι
3041 1806 3096 1860 δὲ
3135 1805 3394 1876 ἀλλαχόθι
3425 1805 3656 1858 διεσπά-

377 1884 667 1940 Thraciam
697 1883 841 1939 unde
865 1883 1130 1954 originem
1171 1882 1425 1949 ducebat,
1459 1881 1802 1952 demigravit.
1851 1879 1958 1935 Alii

375 1977 614 2048 denique
647 1977 700 2030 in
741 1975 846 2030 alia
878 1976 1113 2046 dispersi
1139 1984 1268 2030 sunt
1301 1976 1443 2031 loca.

640 2090 732 2145 EX
776 2089 982 2145 [ΑΒΒο
1013 2089 1268 2145 DECIMO
1307 2087 1683 2144 HISTORUE.

445 2208 496 2262 ‘l.
520 2207 662 2263 Cleri
689 2206 1000 2262 Antiocheni
1034 2206 1104 2260 ad
1145 2203 1467 2258 Eunomium
1501 2203 1726 2274 legatio.
1759 2233 1828 2244 -—
1863 2201 1963 2270 Do-

374 2299 600 2355 rotheus
627 2298 874 2369 quidem,
894 2296 973 2352 uti
995 2311 1161 2365 supra
1179 2295 1385 2350 dictum
1413 2303 1516 2363 est,
1554 2293 1847 2350 Antiochia
1877 2301 1963 2348 est

374 2391 672 2460 expulsus;
721 2389 1024 2461 presbyteri
1060 2403 1190 2443 Vero
1231 2387 1476 2458 ejusdem
1525 2387 1680 2443 urbis
1716 2386 1962 2442 Asterius

373 2495 428 2540 et
458 2484 771 2555 Crispinus,
803 2490 858 2538 et
912 2482 1157 2552 reliquus
1194 2481 1396 2544 clerus,
1435 2480 1666 2536 collecto
1705 2479 1960 2544 concilio,

375 2579 464 2633 cui
483 2576 732 2632 nonnulli
757 2576 923 2631 etiam
947 2591 1013 2630 ex
1053 2575 1248 2630 vicinis
1270 2573 1541 2645 episcopis
1574 2572 1960 2638 interfuerunt,

375 2672 443 2726 ad
481 2669 812 2725 Eunomium
854 2682 1061 2738 eosque
1087 2657 1180 2736 qui
1212 2682 1336 2720 cum
1378 2667 1471 2720 illo
1493 2674 1650 2720 erant
1673 2665 1960 2728 miserunt,

377 2761 820 2819 communionem
858 2773 1048 2813 eorum
1095 2759 1458 2829 postulantes.
1497 2755 1563 2811 Hi
1589 2772 1718 2812 vero
1753 2773 1849 2828 per
1877 2757 1966 2811 lit-

376 2865 521 2911 teras
570 2853 993 2923 responderunt,
1029 2867 1139 2906 non
1177 2852 1284 2906 alia
1315 2851 1633 2906 conditione
1672 2867 1792 2907 sese
1843 2851 1966 2907 illos

378 2956 730 3019 suscepturos
778 2961 921 3012 esse,
951 2961 1118 3016 quam
1154 2946 1200 3002 si
1230 2945 1602 3000 damnationis
1639 2945 1964 3001 sententiam

377 3043 434 3097 in
466 3041 680 3107 Aetium
706 3039 935 3109 ejusque
963 3038 1174 3108 scripta
1218 3038 1348 3093 olim
1392 3038 1557 3093 latam
1591 3037 1964 3102 rescidissent,

2065 1917 2269 1972 ρησαν.

2365 2099 2458 2154 ΕΚ
2497 2099 2634 2152 ΤΗΣ
2663 2099 2986 2152 ΔΕΚΑΤΗΣ
3017 2098 3354 2154 ΙΣΤΟΡΙΛΣ.

2133 2219 2203 2268 α’.
2238 2213 2360 2266 Ὅτι
2387 2212 2664 2285 Δωρόθεος
2690 2212 2811 2284 μὲν,
2829 2211 2904 2276 ὡς
2925 2211 3154 2284 ἐρρήθη,
3184 2211 3284 2282 τῆς
3319 2211 3659 2282 Ἀντιοχείας

2063 2307 2276 2378 ⁴ἠλάθη⁸
2343 2307 2393 2359 οἱ
2455 2306 2512 2360 δὲ
2570 2305 2776 2377 ταύτης
2838 2303 3204 2376 πρεσϐύτεροι
3241 2303 3521 2374 Ἀστέριος
3564 2304 3661 2356 καὶ

2065 2403 2391 2473 Κρισπῖνος,
2439 2399 2533 2454 καὶ
2573 2400 2633 2452 τὸ
2662 2398 2791 2453 ἄλλο
2841 2398 3117 2470 πλήρωμα
3171 2397 3658 2470 συνεδριόωαντες,

2067 2494 2468 2566 συμπαρόντων
2522 2492 2704 2555 αὐτοῖς
2744 2489 2838 2544 καί
2883 2507 3045 2543 τινων
3085 2488 3194 2542 τῶν
3224 2487 3384 2560 πέριξ
3447 2489 3660 2543 πόλεων

2065 2587 2401 2648 ἐπισκόπων,
2430 2585 2707 2653 πέμπουσι
2744 2583 2880 2654 πρὸς
2908 2583 3034 2646 τοὺς
3067 2582 3212 2653 ἀμφὶ
3240 2581 3328 2635 τὸν
3366 2581 3660 2652 Εὐνόμιον,

2065 2679 2162 2750 τὴν
2214 2678 2497 2732 κοινωνίαν
2548 2676 2728 2731 αὐτῶν
2775 2675 3181 2747 ἐπιζητοῦντες.
3219 2677 3284 2730 Οί
3325 2675 3383 2730 δὲ
3428 2677 3662 2731 ἀντεπι-

2069 2769 2369 2834 στέλλουσι,
2423 2769 2498 2842 μὴ
2540 2770 2715 2834 ἄλλως
2753 2769 2955 2834 αὐτοὺς
2999 2768 3438 2841 παραδέξασθαι,
3487 2769 3538 2822 εί
3584 2769 3662 2840 μὴ

2066 2866 2164 2938 τὴν
2195 2866 2283 2919 ἐπ’
2323 2865 2514 2934 ’Λετίῳ
2549 2863 2644 2916 καὶ
2697 2865 2810 2927 τοῖς
2846 2861 3012 2915 αὐτοῦ
3053 2861 3452 2933 συγγράμμασι
3487 2879 3664 2916 κατα-

2066 2954 2403 3028 χειροτονίαν
2436 2953 2895 3025 ἀπόψηφίσωνται
2923 2969 2936 2983 ·
2982 2951 3061 3006 ἔτι
3112 2953 3168 3006 δὲ
3208 2953 3302 3006 καὶ
3355 2951 3666 3026 διακάθαρ-

2071 3065 2154 3100 σιν
2189 3046 2300 3118 (581
2337 3044 2580 3117 ἀπῄτουν
2623 3043 2718 3098 τοῦ
2775 3043 2928 3115 βίου’
2985 3044 3350 3116 συνεφύροντο
3407 3046 3520 3118 γὰρ
3564 3049 3665 3100 καί

378 3133 473 3189 sed
501 3142 554 3188 et
586 3133 713 3186 νίιαι
735 3146 926 3187 eorum
951 3129 1393 3186 emendationem
1430 3130 1782 3202 requirebant
1807 3132 1958 3201 ;qni-

2075 3156 2208 3194 rtaw
2241 3139 2302 3192 οὐ
2336 3139 2599 3212 καθαροῖς
2643 3139 3014 3210 διαιτήμασιν.
3065 3139 3127 3192 Ol
3157 3139 3216 3192 δὲ
3263 3140 3386 3194 τότε
3428 3142 3529 3212 μὲν
3557 3142 3667 3215 τὴν

378 3223 610 3281 busdam
637 3223 784 3278 enim
824 3222 967 3278 haud
994 3223 1149 3292 puris
1175 3223 1388 3278 actibus
1416 3221 1966 3278 erantcontaminati.

379 3316 448 3371 At
480 3315 578 3379 illi,
615 3325 729 3369 tum
767 3314 990 3384 quidem
1041 3313 1417 3368 conditionem
1464 3313 1704 3368 oblatam
1739 3329 1844 3368 non
1877 3313 1970 3367 ad-

380 3403 681 3468 miserunt;
728 3410 917 3471 postea
973 3416 1102 3456 vero
1153 3416 1221 3456 eo
1275 3417 1450 3472 usque
1494 3403 1768 3473 pregressi
1819 3402 1967 3468 sunt,

382 3504 442 3551 ut
479 3491 534 3550 et
555 3493 885 3548 Eunomium
911 3502 965 3549 et
990 3507 1086 3549 eos
1103 3493 1197 3564 qui
1231 3509 1357 3549 cum
1378 3494 1471 3549 illo
1493 3504 1669 3562 erant,
1702 3495 1754 3549 in
1782 3495 1968 3550 Eccle-

380 3587 462 3642 sia
517 3584 952 3657 proscinderent,
1003 3584 1453 3657 μετεωρολέσχας
1511 3602 1608 3642 eos
1668 3597 1966 3653 vocantes,

379 3680 669 3750 plerosque
695 3677 1096 3748 desperationis
1125 3693 1190 3733 ac
1209 3679 1464 3745 vesaniae,
1499 3694 1564 3734 eo
1586 3679 1729 3748 quod
1759 3679 1970 3736 scilicet

381 3768 690 3838 hujusmodi
721 3768 1090 3824 conditionem
1118 3768 1252 3838 ipsis
1284 3768 1426 3824 ferre
1455 3770 1576 3824 ausi
1603 3769 1859 3825 fuissent.

448 3860 504 3914 2.
536 3860 656 3915 Arii
717 3859 991 3928 dogmata.
1023 3859 1310 3915 —Arium
1368 3861 1667 3931 impietatis
1723 3864 1971 3933 ipsorum

377 3951 798 4021 antesignanum
859 3959 1084 4006 accusat
1133 3949 1573 4024 Philostorgius,
1619 3954 1767 4024 quod
1809 3953 1973 4023 hujus

379 4044 624 4098 universi
655 4041 823 4097 Deum
850 4058 916 4097 ex
949 4043 1137 4098 multis
1170 4045 1418 4114 partibus
1451 4049 1815 4118 compositum
1851 4062 1972 4103 esse

381 4136 602 4190 dixerit.
628 4135 717 4187 Ait
737 4134 881 4188 enim
900 4132 1090 4187 Arium
1111 4137 1436 4201 asseruisse,
1460 4153 1584 4193 eum
1606 4154 1714 4192 non
1733 4147 1972 4208 quantus

379 4239 464 4284 est
483 4228 869 4298 comprehendi
911 4242 1095 4296 posse,
1121 4229 1215 4284 sed
1246 4229 1301 4284 in
1332 4240 1596 4301 quantum
1617 4232 1972 4303 uniuscujus-

381 4336 487 4391 que
502 4321 588 4376 vis
605 4319 1064 4389 comprehendere
1083 4321 1250 4388 valet;
1269 4324 1519 4378 eumdem
1537 4340 1752 4397 quoque
1769 4326 1972 4383 sensis-

381 4428 463 4478 se,
482 4411 652 4467 Deum
681 4425 858 4480 neque
882 4411 1244 4468 substantiam
1269 4429 1603 4486 esse,neque
1627 4418 1968 4488 hypostasin,

2073 3233 2375 3304 πρόκλησιν
2435 3233 2496 3286 οὐ
2550 3233 2899 3305 προσήκαντο
2933 3232 3081 3304 (39)·
3135 3233 3312 3306 χρόνῳ
3350 3235 3396 3288 δ’
3429 3234 3666 3308 ὕστερον

2072 3329 2168 3383 καὶ
2206 3331 2285 3392 είς
2323 3328 2384 3382 τὸ
2416 3327 2664 3392 κακίζειν
2711 3329 2798 3382 ἐπ’
2842 3329 3140 3400 ἐκκλησίας
3177 3330 3272 3383 τόν
3299 3346 3359 3384 τε
3393 3331 3666 3401 Εὐνόμιον

2074 3420 2166 3474 καὶ
2197 3421 2325 3483 τοὺς
2357 3421 2453 3472 σὺν
2489 3418 2639 3490 αὐτῷ
2681 3418 3165 3491 προεληλύθεισαν,
3215 3420 3667 3492 μετεωρολέσχας

2072 3513 2266 3575 αὐτοὺς
2284 3511 2600 3576 καλοῦντες,
2626 3512 2720 3566 καὶ
2751 3511 2980 3584 πλήρεις
3014 3511 3272 3577 ἀπονοίας
3291 3514 3384 3567 καὶ
3405 3513 3668 3584 σκαιότης

2072 3621 2182 3667 τος,
2210 3604 2327 3658 ἀνθ’
2362 3596 2436 3659 ὧν
2466 3604 2649 3667 αὐτοῖς
2677 3603 2905 3658 τοιαῦτα
2939 3605 3244 3677 προτείνειν
3266 3604 3536 3674 ἔγνωσαν.

2147 3863 2212 3934 β’.
2241 3864 2364 3917 Ὅτι
2398 3864 2486 3917 τὸν
2517 3863 2758 3936 ἀρχηγὸν
2803 3864 2983 3920 αὐτῶν
3019 3866 3117 3937 τῆς
3156 3866 3410 3932 ἀσεϐείας
3441 3869 3668 3942 ’Δρειον

2072 3957 2100 4009 ὁ
2126 3958 2474 4028 συγγραφεὺς
2502 3955 2800 4023 διαϐάλλει,
2844 3957 2919 4020 ὡς
2955 3957 3241 4030 πολυμερῆ
3272 3961 3367 4012 καὶ
3395 3961 3668 4014 πολυσύνο

2075 4047 2227 4101 θετον
2250 4047 2479 4116 λέγοντα
2509 4047 2602 4101 τὸν
2631 4047 2765 4100 Θεὸν
2787 4047 2896 4101 τῶν
2918 4048 3073 4102 ὅλων.
3109 4050 3183 4101 Οὐ
3215 4049 3323 4120 γὰρ
3350 4049 3475 4104 ὅσον
3513 4051 3668 4105 ἐστιν

2072 4142 2100 4193 ὁ
2155 4140 2289 4204 Θεὸς
2333 4138 2874 4212 καταλαμϐάνεσθαι,
2930 4141 3248 4213 κηρύσσειν,
3284 4142 3399 4197 ἀλλ’
3452 4145 3581 4198 ὅσον
3625 4147 3661 4215 ἡ

2075 4232 2306 4285 ἑκάστου
2335 4231 2565 4304 δύναμις
2597 4232 2734 4304 πρὸς
2763 4234 3069 4306 κατάληψιν
3099 4236 3336 4309 ἔρρωται
3356 4253 3370 4268 ⁸
3397 4237 3493 4292 καὶ
3519 4241 3663 4309 μήτε

2073 4322 2129 4376 δὲ
2158 4323 2348 4378 οὐσίαν
2382 4325 2544 4378 αὐτὸν
2580 4321 2722 4380 εἶναι
2755 4325 3126 4396 δογματίζειν,
3175 4327 3312 4399 μήτε
3337 4328 3664 4390 ὑπόστασιν.

2078 4417 2213 4485 μήτε
2236 4415 2363 4470 ἄλλο
2399 4417 2564 4486 μηδὲν
2619 4411 2694 4471 ὧν
2729 4418 3056 4489 ὀνομάζεται
3084 4435 3100 4448 ·
3142 4419 3238 4472 καὶ
3267 4419 3364 4491 τὴν
3396 4423 3455 4475 ἐν
3512 4421 3664 4490 ’Δρι-

380 4519 558 4576 neque
569 4502 714 4557 aliud
729 4502 1027 4573 quidquam
1041 4518 1231 4559 eorum
1247 4521 1368 4576 qua:
1379 4507 1446 4563 de
1462 4507 1551 4562 illo
1563 4509 1819 4564 dicuntur
1833 4511 1958 4584 (40);

2079 4508 2217 4579 μίνῳ
2249 4508 2306 4562 δὲ
2343 4507 2557 4562 σύνοδον
2588 4509 2682 4564 καὶ
2730 4511 2831 4581 τὴν
2882 4512 2940 4564 ἐν
2989 4511 3554 4566 Κωνσταντινουπόλει
3593 4514 3664 4565 τὰ

379 4598 474 4656 sed
488 4604 542 4652 et
553 4594 952 4650 Ariminensem
969 4595 1233 4667 synodum
1245 4608 1297 4653 et
1310 4599 1966 4670 Constantinopolitanam

2075 4602 2214 4656 αὐτά
2255 4602 2520 4670 δοξάζειν,
2569 4603 2692 4673 ἥτις
2721 4603 2820 4673 τὴν
2871 4601 2966 4656 τοῦ
3011 4602 3348 4672 Μονογενοῦς
3406 4602 3663 4674 γέννησιν

1613 4774 1856 4820 VALESII
1882 4776 2382 4822 ANNOTATIONES.

448 4884 562 4954 (58)
578 4884 994 4953 Διακάθαρσιν.
1019 4885 1078 4939 ln
1103 4886 1476 4954 manuscripto
1493 4885 1681 4942 codice
1704 4887 1956 4943 Bocharti

375 4954 576 5029 legitur
606 4956 877 5029 distinctis
908 4957 1157 5029 vocibus,
1182 4956 1276 5029 διὰ
1315 4954 1611 5029 κάθαρσιν.
1649 4955 1804 5029 Unde
1831 4962 1959 5029 quis

375 5025 643 5102 suspicari
707 5026 885 5102 possit
937 5027 1290 5081 scribendum
1339 5025 1501 5092 esse,
1546 5027 1651 5098 ἰδία
1689 5025 1958 5102 κάθαρσιν

374 5093 617 5162 ἀπῄτουν
640 5095 733 5146 τοῦ
759 5094 896 5164 βίον.
1062 5128 1080 5144 ο

449 5165 561 5234 (ὑθ)
604 5163 721 5231 Τὴν
762 5163 1124 5232 πρόκλησιν
1181 5169 1252 5222 οὐ
1303 5166 1715 5236 πρυσήκαντο.
1767 5167 1959 5226 Laudo

2067 4890 2381 4945 versionem
2441 4888 2788 4954 Guthofredi,
2827 4890 2921 4960 qui
2970 4891 3051 4946 sic
3082 4890 3472 4958 interpretatur
3515 4891 3659 4946 hunc

2067 4961 2252 5031 locum
2281 4980 2294 5014 :
2321 4960 2690 5015 Conditionem
2715 4977 2816 5014 non
2833 4962 3183 5015 admiserunt.
3214 4962 3366 5025 Vide,
3387 4961 3434 5017 si
3456 4963 3654 5031 placet,

2065 5047 2192 5155 (bna:
2226 5030 2294 5113 de
2326 5031 2428 5085 hac
2467 5046 2601 5086 voce
2647 5031 2833 5086 notavi
2867 5032 2937 5086 ad
2983 5032 3182 5087 librum
3232 5030 3468 5088 nonum
3496 5032 3659 5103 hujus

2127 5119 2170 5154 ιδ
2199 5118 2349 5155 ονιω.

2127 5119 2349 5155 tstortw.

2147 5172 2258 5244 (40)
2293 5171 2420 5227 Soz.
2449 5171 2546 5226 lib.
2579 5187 2654 5240 iv,
2679 5186 2800 5242 cap.
2835 5173 2925 5226 24.

1853 5321 2185 5368 VARIORUM
2195 5353 2208 5367 .

445 5421 522 5495 (τι)
557 5420 1042 5498 Κατὰωξῇιζρμιον-
1073 5422 1564 5498 τοῖς-βαρᾴὶροις
1609 5427 1954 5498 συμϐαλών.

377 5489 533 5547 Errat
573 5495 662 5547 hic
719 5489 1137 5562 Philostorgius.
1176 5489 1334 5550 Nam'
1368 5489 1710 5553 'l‘heodosius
1768 5497 1957 5553 S.rmii

373 5563 590 5633 quidem
628 5565 922 5633 imperator
946 5561 1122 5620 iactus
1151 5563 1272 5630 fuit,
1305 5575 1362 5620 at
1387 5568 1527 5621 idem
1557 5569 1608 5622 in
1639 5567 1958 5624 Macedonia

373 5631 1134 5690 constitutusThessalonicae
1158 5635 1367 5692 Gothos
1401 5637 1770 5694 devicit.lllud
1807 5651 1955 5694 recte

375 5703 772 5776 lfhilostorgius
800 5719 924 5776 cum
953 5707 1185 5770 caeteris,
1238 5708 1380 5776 quod
1416 5706 1709 5764 Theodosii
1743 5710 1809 5764 de
1842 5708 1954 5764 Go-

375 5774 484 5828 this
505 5774 789 5831 victoriam
823 5773 888 5829 ad
921 5783 1133 5846 tempus
1168 5773 1354 5844 refcrt,
1383 5793 1492 5847 quo
1512 5778 1624 5848 jam
1653 5780 1953 5851 imperator

2069 5430 2416 5508 renuntiatus
2447 5441 2581 5508 erat.
2602 5430 2738 5508 Male
2772 5433 2918 5508 enim
2946 5432 3333 5508 Theodoritus,
3355 5436 3450 5508 qui
3477 5436 3572 5495 lib.
3601 5457 3653 5501 γ,

2066 5503 2282 5573 cap._5,
2316 5511 2443 5573 ante
2486 5504 2606 5571 ejus
2665 5505 2952 5573 imperium
3004 5506 3058 5561 id
3110 5507 3312 5561 factum
3364 5503 3653 5565 memorat.

2063 5570 2373 5642 Proﬂigatis
2401 5570 2650 5628 barbaris
2683 5570 2831 5628 venit
2881 5575 3224 5631 Theodosius
3257 5577 3650 5634 Constantino-

2062 5644 2229 5714 polim
2249 5684 2264 5707 ,
2337 5645 2633 5714 statimque
2665 5643 2940 5701 Ecclesias
2969 5649 3212 5703 restituit
3237 5645 3649 5714 Homousianis,

2063 5715 2371 5837 iocantium
2425 5715 2552 5769 anni
2609 5714 2734 5783 380,
2793 5716 2970 5788 inquit
3018 5716 3142 5774 Jac.
3188 5717 3545 5788 Gothofredus
3591 5723 3646 5773 in

2085 5801 2114 5837 ο
2244 5820 2259 5837 .
3190 5814 3198 5821 -

2085 5799 2259 5839 acum.
3190 5814 3198 5821 ·
