  <div class='ocr_page' id='page_1' title='image "/cluster/home/n/w/nwhite01/storage/ocr_20150623/65/hvd.32044014812317/300.png"; bbox 0 0 3842 6312; ppageno 0'>
   <div class='ocr_carea' id='block_1_1' title="bbox 129 337 236 392">
    <p class='ocr_par' dir='ltr' id='par_1_1' title="bbox 129 337 236 392">
     <span class='ocr_line' id='line_1_1' title="bbox 129 337 236 392; baseline 0 0"><span class='ocrx_word' id='word_1_1' title='bbox 129 337 236 392; x_wconf 76' lang='lat'><strong>589</strong></span> 
     </span>
    </p>
   </div>
   <div class='ocr_carea' id='block_1_2' title="bbox 197 454 1764 536">
    <p class='ocr_par' dir='ltr' id='par_1_2' title="bbox 197 454 1764 536">
     <span class='ocr_line' id='line_1_2' title="bbox 197 454 1764 536; baseline -0.011 -15"><span class='ocrx_word' id='word_1_2' title='bbox 197 473 268 536; x_wconf 89' lang='grc' dir='ltr'>η’.</span> <span class='ocrx_word' id='word_1_3' title='bbox 302 464 422 520; x_wconf 83' lang='grc' dir='ltr'>Ὀτι</span> <span class='ocrx_word' id='word_1_4' title='bbox 447 463 719 525; x_wconf 78' lang='grc' dir='ltr'><strong>Θεοδόσιος</strong></span> <span class='ocrx_word' id='word_1_5' title='bbox 751 463 890 514; x_wconf 76' lang='grc' dir='ltr'>κατὰ</span> <span class='ocrx_word' id='word_1_6' title='bbox 932 459 1328 527; x_wconf 65' lang='grc' dir='ltr'><strong>Θεσσαλονίκην</strong></span> <span class='ocrx_word' id='word_1_7' title='bbox 1356 456 1432 526; x_wconf 80' lang='grc' dir='ltr'>τῷ</span> <span class='ocrx_word' id='word_1_8' title='bbox 1457 454 1690 508; x_wconf 80' lang='grc' dir='ltr'>Οὑαλεν-</span> <span class='ocrx_word' id='word_1_9' title='bbox 1723 462 1764 511; x_wconf 68' lang='grc' dir='ltr'>Α</span> 
     </span>
    </p>
   </div>
   <div class='ocr_carea' id='block_1_3' title="bbox 129 543 1694 628">
    <p class='ocr_par' dir='ltr' id='par_1_3' title="bbox 129 543 1694 628">
     <span class='ocr_line' id='line_1_3' title="bbox 129 543 1694 628; baseline -0.01 -19"><span class='ocrx_word' id='word_1_10' title='bbox 129 556 346 628; x_wconf 82' lang='grc' dir='ltr'>τινιανῷ</span> <span class='ocrx_word' id='word_1_11' title='bbox 373 553 681 622; x_wconf 69' lang='grc' dir='ltr'>συναφθεὶς,</span> <span class='ocrx_word' id='word_1_12' title='bbox 713 551 994 622; x_wconf 72' lang='grc' dir='ltr'>στρατεύει</span> <span class='ocrx_word' id='word_1_13' title='bbox 1035 551 1174 604; x_wconf 78' lang='grc' dir='ltr'><strong>κατά</strong></span> <span class='ocrx_word' id='word_1_14' title='bbox 1207 548 1460 616; x_wconf 84' lang='grc' dir='ltr'>Μαξίμου</span> <span class='ocrx_word' id='word_1_15' title='bbox 1489 543 1580 596; x_wconf 75' lang='grc' dir='ltr'>τοῦ</span> <span class='ocrx_word' id='word_1_16' title='bbox 1603 561 1694 595; x_wconf 87' lang='grc' dir='ltr'>τυ-</span> 
     </span>
    </p>
   </div>
   <div class='ocr_carea' id='block_1_4' title="bbox 1147 321 2370 388">
    <p class='ocr_par' dir='ltr' id='par_1_4' title="bbox 1147 321 2370 388">
     <span class='ocr_line' id='line_1_4' title="bbox 1147 321 2370 388; baseline -0.009 1"><span class='ocrx_word' id='word_1_17' title='bbox 1147 325 1706 388; x_wconf 59' lang='lat' dir='ltr'><strong>ECCLESIASTlC-AL</strong></span> <span class='ocrx_word' id='word_1_18' title='bbox 1745 325 2090 382; x_wconf 58' lang='grc' dir='ltr'>ιιιδτοιιιίιε</span> <span class='ocrx_word' id='word_1_19' title='bbox 2131 323 2259 379; x_wconf 74' lang='lat' dir='ltr'><strong>LIB.</strong></span> <span class='ocrx_word' id='word_1_20' title='bbox 2301 321 2370 378; x_wconf 77' lang='grc' dir='ltr'><strong>Χ.</strong></span> 
     </span>
    </p>
   </div>
   <div class='ocr_carea' id='block_1_5' title="bbox 3261 317 3366 369">
    <p class='ocr_par' dir='ltr' id='par_1_5' title="bbox 3261 317 3366 369">
     <span class='ocr_line' id='line_1_5' title="bbox 3261 317 3366 369; baseline -0.01 0"><span class='ocrx_word' id='word_1_21' title='bbox 3261 317 3366 369; x_wconf 78' lang='lat'><strong>500</strong></span> 
     </span>
    </p>
   </div>
   <div class='ocr_carea' id='block_1_6' title="bbox 1864 435 3370 516">
    <p class='ocr_par' dir='ltr' id='par_1_6' title="bbox 1864 435 3370 516">
     <span class='ocr_line' id='line_1_6' title="bbox 1864 435 3370 516; baseline -0.006 -13"><span class='ocrx_word' id='word_1_22' title='bbox 1864 449 1916 503; x_wconf 88' lang='lat'><strong>8.</strong></span> <span class='ocrx_word' id='word_1_23' title='bbox 1953 449 2223 502; x_wconf 75' lang='lat' dir='ltr'><strong>Max-imus</strong></span> <span class='ocrx_word' id='word_1_24' title='bbox 2266 457 2540 516; x_wconf 71' lang='lat' dir='ltr'><strong>tyrannus.</strong></span> <span class='ocrx_word' id='word_1_25' title='bbox 2563 472 2632 480; x_wconf 85' lang='lat'><strong>——-</strong></span> <span class='ocrx_word' id='word_1_26' title='bbox 2664 437 3004 494; x_wconf 86' lang='lat' dir='ltr'><strong>Theodosius</strong></span> <span class='ocrx_word' id='word_1_27' title='bbox 3034 437 3175 508; x_wconf 75' lang='lat' dir='ltr'><strong>apud</strong></span> <span class='ocrx_word' id='word_1_28' title='bbox 3201 435 3370 494; x_wconf 83' lang='lat' dir='ltr'><strong>Thes-</strong></span> 
     </span>
    </p>
   </div>
   <div class='ocr_carea' id='block_1_7' title="bbox 1799 530 3369 609">
    <p class='ocr_par' dir='ltr' id='par_1_7' title="bbox 1799 530 3369 609">
     <span class='ocr_line' id='line_1_7' title="bbox 1799 530 3369 609; baseline -0.006 -13"><span class='ocrx_word' id='word_1_29' title='bbox 1799 541 2096 596; x_wconf 89' lang='lat' dir='ltr'><strong>salonicam</strong></span> <span class='ocrx_word' id='word_1_30' title='bbox 2131 539 2302 609; x_wconf 90' lang='lat' dir='ltr'><strong>c0piis</strong></span> <span class='ocrx_word' id='word_1_31' title='bbox 2334 537 2448 592; x_wconf 87' lang='lat' dir='ltr'><strong>suis</strong></span> <span class='ocrx_word' id='word_1_32' title='bbox 2488 551 2608 590; x_wconf 86' lang='lat' dir='ltr'><strong>cum</strong></span> <span class='ocrx_word' id='word_1_33' title='bbox 2643 532 3018 587; x_wconf 84' lang='lat' dir='ltr'><strong>Valentiniano</strong></span> <span class='ocrx_word' id='word_1_34' title='bbox 3038 530 3369 598; x_wconf 84' lang='lat' dir='ltr'><strong>conjunctis,</strong></span> 
     </span>
    </p>
   </div>
   <div class='ocr_carea' id='block_1_8' title="bbox 133 621 1718 719">
    <p class='ocr_par' dir='ltr' id='par_1_8' title="bbox 133 621 1696 719">
     <span class='ocr_line' id='line_1_8' title="bbox 133 621 1696 719; baseline -0.012 -17"><span class='ocrx_word' id='word_1_35' title='bbox 133 621 344 719; x_wconf 41' lang='lat' dir='ltr'><strong>pdwou&#39;.</strong></span> <span class='ocrx_word' id='word_1_36' title='bbox 377 643 488 700; x_wconf 73' lang='grc' dir='ltr'><strong>Καὶ</strong></span> <span class='ocrx_word' id='word_1_37' title='bbox 510 621 662 714; x_wconf 34' lang='lat' dir='ltr'><strong>(ape</strong></span> <span class='ocrx_word' id='word_1_38' title='bbox 687 621 968 714; x_wconf 82' lang='grc' dir='ltr'>τύραννος,</span> <span class='ocrx_word' id='word_1_39' title='bbox 996 641 1093 711; x_wconf 84' lang='grc' dir='ltr'><strong>τὴν</strong></span> <span class='ocrx_word' id='word_1_40' title='bbox 1125 637 1420 710; x_wconf 80' lang='grc' dir='ltr'>Γρατιανοῦ</span> <span class='ocrx_word' id='word_1_41' title='bbox 1453 635 1696 704; x_wconf 79' lang='grc' dir='ltr'>κατέχων</span> 
     </span>
    </p>
   </div>
   <div class='ocr_carea' id='block_1_9' title="bbox 1827 621 3374 719">
    <p class='ocr_par' dir='ltr' id='par_1_9' title="bbox 1831 621 3374 700">
     <span class='ocr_line' id='line_1_9' title="bbox 1831 621 3374 700; baseline -0.007 -13"><span class='ocrx_word' id='word_1_42' title='bbox 1831 643 1988 686; x_wconf 91' lang='lat' dir='ltr'><strong>ontra</strong></span> <span class='ocrx_word' id='word_1_43' title='bbox 2013 631 2308 686; x_wconf 80' lang='lat' dir='ltr'><strong>Maximum</strong></span> <span class='ocrx_word' id='word_1_44' title='bbox 2346 639 2632 700; x_wconf 82' lang='lat' dir='ltr'><strong>tyrannum</strong></span> <span class='ocrx_word' id='word_1_45' title='bbox 2663 623 2937 694; x_wconf 81' lang='lat' dir='ltr'><strong>profectus</strong></span> <span class='ocrx_word' id='word_1_46' title='bbox 2968 631 3070 676; x_wconf 89' lang='lat' dir='ltr'><strong>est.</strong></span> <span class='ocrx_word' id='word_1_47' title='bbox 3109 621 3374 676; x_wconf 80' lang='lat' dir='ltr'><strong>Maximus</strong></span> 
     </span>
    </p>
   </div>
   <div class='ocr_carea' id='block_1_10' title="bbox 132 724 1694 808">
    <p class='ocr_par' dir='ltr' id='par_1_10' title="bbox 132 724 1694 808">
     <span class='ocr_line' id='line_1_10' title="bbox 132 724 1694 808; baseline -0.011 -16"><span class='ocrx_word' id='word_1_48' title='bbox 132 737 322 808; x_wconf 79' lang='grc' dir='ltr'>ἀρχὴν,</span> <span class='ocrx_word' id='word_1_49' title='bbox 355 737 606 790; x_wconf 85' lang='grc' dir='ltr'>διενοεῖτο</span> <span class='ocrx_word' id='word_1_50' title='bbox 641 724 962 805; x_wconf 71' lang='grc' dir='ltr'>προσλαϐεῖν</span> <span class='ocrx_word' id='word_1_51' title='bbox 989 735 1082 786; x_wconf 75' lang='grc' dir='ltr'><strong>καὶ</strong></span> <span class='ocrx_word' id='word_1_52' title='bbox 1113 731 1210 802; x_wconf 81' lang='grc' dir='ltr'><strong>τὴν</strong></span> <span class='ocrx_word' id='word_1_53' title='bbox 1235 724 1694 782; x_wconf 78' lang='grc' dir='ltr'>Οὑαλεντινιανοῦ.</span> 
     </span>
    </p>
   </div>
   <div class='ocr_carea' id='block_1_11' title="bbox 145 817 1699 898">
    <p class='ocr_par' dir='ltr' id='par_1_11' title="bbox 145 817 1699 898">
     <span class='ocr_line' id='line_1_11' title="bbox 145 817 1699 898; baseline -0.008 -16"><span class='ocrx_word' id='word_1_54' title='bbox 145 827 516 898; x_wconf 82' lang='grc' dir='ltr'>Ἑκπέμπουσι</span> <span class='ocrx_word' id='word_1_55' title='bbox 541 825 598 878; x_wconf 81' lang='grc' dir='ltr'><strong>δὲ</strong></span> <span class='ocrx_word' id='word_1_56' title='bbox 622 826 670 878; x_wconf 82' lang='grc' dir='ltr'>οἱ</span> <span class='ocrx_word' id='word_1_57' title='bbox 697 825 934 894; x_wconf 73' lang='grc' dir='ltr'>βασιλεῖς</span> <span class='ocrx_word' id='word_1_58' title='bbox 960 823 1078 876; x_wconf 81' lang='grc' dir='ltr'>κατ’</span> <span class='ocrx_word' id='word_1_59' title='bbox 1111 820 1274 875; x_wconf 75' lang='grc' dir='ltr'>αὑτοῦ</span> <span class='ocrx_word' id='word_1_60' title='bbox 1299 820 1580 890; x_wconf 83' lang='grc' dir='ltr'>Τιμάσιον,</span> <span class='ocrx_word' id='word_1_61' title='bbox 1606 817 1699 870; x_wconf 74' lang='grc' dir='ltr'><strong>καὶ</strong></span> 
     </span>
    </p>
   </div>
   <div class='ocr_carea' id='block_1_12' title="bbox 159 909 1699 990">
    <p class='ocr_par' dir='ltr' id='par_1_12' title="bbox 159 909 1699 990">
     <span class='ocr_line' id='line_1_12' title="bbox 159 909 1699 990; baseline -0.007 -18"><span class='ocrx_word' id='word_1_62' title='bbox 159 919 490 990; x_wconf 82' lang='grc' dir='ltr'>Ρυχόμηριν,</span> <span class='ocrx_word' id='word_1_63' title='bbox 525 919 620 971; x_wconf 71' lang='grc' dir='ltr'><strong>καὶ</strong></span> <span class='ocrx_word' id='word_1_64' title='bbox 655 916 954 988; x_wconf 83' lang='grc' dir='ltr'>Πρόμοτον,</span> <span class='ocrx_word' id='word_1_65' title='bbox 997 916 1090 968; x_wconf 72' lang='grc' dir='ltr'><strong>καὶ</strong></span> <span class='ocrx_word' id='word_1_66' title='bbox 1139 911 1532 984; x_wconf 77' lang='grc' dir='ltr'>Ἀρεογάστην,</span> <span class='ocrx_word' id='word_1_67' title='bbox 1578 909 1699 970; x_wconf 76' lang='grc' dir='ltr'>τοὺς</span> 
     </span>
    </p>
   </div>
   <div class='ocr_carea' id='block_1_13' title="bbox 137 1001 1698 1082">
    <p class='ocr_par' dir='ltr' id='par_1_13' title="bbox 137 1001 1698 1082">
     <span class='ocr_line' id='line_1_13' title="bbox 137 1001 1698 1082; baseline -0.005 -20"><span class='ocrx_word' id='word_1_68' title='bbox 137 1009 490 1082; x_wconf 73' lang='grc' dir='ltr'>στρατηγούς.</span> <span class='ocrx_word' id='word_1_69' title='bbox 513 1009 575 1060; x_wconf 82' lang='grc' dir='ltr'><strong>Οἱ</strong></span> <span class='ocrx_word' id='word_1_70' title='bbox 591 1007 647 1061; x_wconf 83' lang='grc' dir='ltr'>δὲ</span> <span class='ocrx_word' id='word_1_71' title='bbox 675 1007 1047 1078; x_wconf 76' lang='grc' dir='ltr'><strong>παραστάντες</strong></span> <span class='ocrx_word' id='word_1_72' title='bbox 1067 1005 1224 1059; x_wconf 76' lang='grc' dir='ltr'>αὑτὸν</span> <span class='ocrx_word' id='word_1_73' title='bbox 1241 1002 1564 1068; x_wconf 76' lang='grc' dir='ltr'><strong>ἐξαπιναίως</strong></span> <span class='ocrx_word' id='word_1_74' title='bbox 1587 1001 1698 1071; x_wconf 67' lang='grc'>(54)</span> 
     </span>
    </p>
   </div>
   <div class='ocr_carea' id='block_1_14' title="bbox 137 1095 1702 1174">
    <p class='ocr_par' dir='ltr' id='par_1_14' title="bbox 137 1095 1702 1174">
     <span class='ocr_line' id='line_1_14' title="bbox 137 1095 1702 1174; baseline -0.006 -18"><span class='ocrx_word' id='word_1_75' title='bbox 137 1103 222 1156; x_wconf 76' lang='grc' dir='ltr'>τοῦ</span> <span class='ocrx_word' id='word_1_76' title='bbox 269 1120 330 1154; x_wconf 85' lang='grc' dir='ltr'><strong>τε</strong></span> <span class='ocrx_word' id='word_1_77' title='bbox 376 1101 566 1174; x_wconf 79' lang='grc' dir='ltr'>θρόνου</span> <span class='ocrx_word' id='word_1_78' title='bbox 614 1099 953 1156; x_wconf 83' lang='grc' dir='ltr'>κατασπῶσι.</span> <span class='ocrx_word' id='word_1_79' title='bbox 991 1099 1084 1152; x_wconf 76' lang='grc' dir='ltr'>καὶ</span> <span class='ocrx_word' id='word_1_80' title='bbox 1134 1097 1241 1150; x_wconf 86' lang='grc' dir='ltr'>τῶν</span> <span class='ocrx_word' id='word_1_81' title='bbox 1287 1098 1385 1168; x_wconf 82' lang='grc' dir='ltr'><strong>τῆς</strong></span> <span class='ocrx_word' id='word_1_82' title='bbox 1431 1095 1702 1165; x_wconf 79' lang='grc' dir='ltr'>βασιλείας</span> 
     </span>
    </p>
   </div>
   <div class='ocr_carea' id='block_1_15' title="bbox 136 1183 1703 1264">
    <p class='ocr_par' dir='ltr' id='par_1_15' title="bbox 136 1183 1703 1264">
     <span class='ocr_line' id='line_1_15' title="bbox 136 1183 1703 1264; baseline -0.006 -17"><span class='ocrx_word' id='word_1_83' title='bbox 136 1195 422 1264; x_wconf 72' lang='grc' dir='ltr'><strong>ἐπισήμων</strong></span> <span class='ocrx_word' id='word_1_84' title='bbox 453 1192 767 1248; x_wconf 78' lang='grc' dir='ltr'>ἀποδύουσι.</span> <span class='ocrx_word' id='word_1_85' title='bbox 805 1193 898 1244; x_wconf 68' lang='grc' dir='ltr'>καὶ</span> <span class='ocrx_word' id='word_1_86' title='bbox 935 1194 1044 1253; x_wconf 88' lang='grc' dir='ltr'>τοῖς</span> <span class='ocrx_word' id='word_1_87' title='bbox 1077 1188 1352 1260; x_wconf 78' lang='grc' dir='ltr'>βασιλεῦσι</span> <span class='ocrx_word' id='word_1_88' title='bbox 1377 1188 1515 1240; x_wconf 76' lang='grc' dir='ltr'>κατὰ</span> <span class='ocrx_word' id='word_1_89' title='bbox 1557 1183 1703 1240; x_wconf 78' lang='grc' dir='ltr'>ἰδιώ-</span> 
     </span>
    </p>
   </div>
   <div class='ocr_carea' id='block_1_16' title="bbox 141 1277 1704 1359">
    <p class='ocr_par' dir='ltr' id='par_1_16' title="bbox 141 1277 1704 1359">
     <span class='ocr_line' id='line_1_16' title="bbox 141 1277 1704 1359; baseline -0.008 -18"><span class='ocrx_word' id='word_1_90' title='bbox 141 1305 232 1359; x_wconf 85' lang='grc' dir='ltr'><strong>την</strong></span> <span class='ocrx_word' id='word_1_91' title='bbox 259 1287 627 1358; x_wconf 73' lang='grc' dir='ltr'>προσάγουσιο</span> <span class='ocrx_word' id='word_1_92' title='bbox 685 1283 959 1338; x_wconf 75' lang='grc' dir='ltr'>κάνταῦθα</span> <span class='ocrx_word' id='word_1_93' title='bbox 1009 1283 1258 1352; x_wconf 77' lang='grc' dir='ltr'><strong>Μάξιμος</strong></span> <span class='ocrx_word' id='word_1_94' title='bbox 1305 1281 1402 1351; x_wconf 84' lang='grc' dir='ltr'><strong>τῆς</strong></span> <span class='ocrx_word' id='word_1_95' title='bbox 1464 1277 1704 1348; x_wconf 77' lang='grc' dir='ltr'><strong>κεφαλῆς</strong></span> 
     </span>
    </p>
   </div>
   <div class='ocr_carea' id='block_1_17' title="bbox 137 1371 1627 1450">
    <p class='ocr_par' dir='ltr' id='par_1_17' title="bbox 137 1371 1627 1450">
     <span class='ocr_line' id='line_1_17' title="bbox 137 1371 1627 1450; baseline -0.007 -17"><span class='ocrx_word' id='word_1_96' title='bbox 137 1379 520 1450; x_wconf 74' lang='grc' dir='ltr'>ἀποτέμνεται,</span> <span class='ocrx_word' id='word_1_97' title='bbox 549 1379 889 1448; x_wconf 78' lang='grc' dir='ltr'>τυραννήσας</span> <span class='ocrx_word' id='word_1_98' title='bbox 913 1377 1072 1430; x_wconf 80' lang='grc' dir='ltr'>πέντε</span> <span class='ocrx_word' id='word_1_99' title='bbox 1096 1377 1162 1428; x_wconf 78' lang='grc' dir='ltr'>τὰ</span> <span class='ocrx_word' id='word_1_100' title='bbox 1193 1375 1480 1445; x_wconf 83' lang='grc' dir='ltr'>σύμπαντα</span> <span class='ocrx_word' id='word_1_101' title='bbox 1511 1371 1627 1442; x_wconf 74' lang='grc' dir='ltr'>ἐτη.</span> 
     </span>
    </p>
   </div>
   <div class='ocr_carea' id='block_1_18' title="bbox 203 1635 1708 1708">
    <p class='ocr_par' dir='ltr' id='par_1_18' title="bbox 203 1635 1708 1708">
     <span class='ocr_line' id='line_1_18' title="bbox 203 1635 1708 1708; baseline 0 -20"><span class='ocrx_word' id='word_1_102' title='bbox 203 1635 268 1688; x_wconf 86' lang='grc' dir='ltr'>θ’.</span> <span class='ocrx_word' id='word_1_103' title='bbox 299 1637 425 1690; x_wconf 68' lang='lat' dir='ltr'><strong>&quot;Uti</strong></span> <span class='ocrx_word' id='word_1_104' title='bbox 455 1635 594 1707; x_wconf 77' lang='grc' dir='ltr'>μετὰ</span> <span class='ocrx_word' id='word_1_105' title='bbox 619 1637 718 1708; x_wconf 81' lang='grc' dir='ltr'><strong>τὴν</strong></span> <span class='ocrx_word' id='word_1_106' title='bbox 731 1637 871 1690; x_wconf 82' lang='grc' dir='ltr'>κατὰ</span> <span class='ocrx_word' id='word_1_107' title='bbox 901 1635 1153 1706; x_wconf 77' lang='grc' dir='ltr'>Μαξίμου</span> <span class='ocrx_word' id='word_1_108' title='bbox 1177 1636 1352 1706; x_wconf 86' lang='grc' dir='ltr'>νίκην,</span> <span class='ocrx_word' id='word_1_109' title='bbox 1385 1636 1478 1690; x_wconf 70' lang='grc' dir='ltr'><strong>καὶ</strong></span> <span class='ocrx_word' id='word_1_110' title='bbox 1503 1636 1708 1707; x_wconf 47' lang='lat' dir='ltr'><strong>enim</strong></span> 
     </span>
    </p>
   </div>
   <div class='ocr_carea' id='block_1_19' title="bbox 145 1725 1710 1800">
    <p class='ocr_par' dir='ltr' id='par_1_19' title="bbox 145 1725 1710 1800">
     <span class='ocr_line' id='line_1_19' title="bbox 145 1725 1710 1800; baseline -0.003 -19"><span class='ocrx_word' id='word_1_111' title='bbox 145 1727 362 1800; x_wconf 82' lang='grc' dir='ltr'><strong>Ῥώμην</strong></span> <span class='ocrx_word' id='word_1_112' title='bbox 414 1728 670 1780; x_wconf 73' lang='grc' dir='ltr'>ἐπάνοδον</span> <span class='ocrx_word' id='word_1_113' title='bbox 710 1731 810 1798; x_wconf 91' lang='lat' dir='ltr'><strong>(a),</strong></span> <span class='ocrx_word' id='word_1_114' title='bbox 845 1725 1148 1794; x_wconf 75' lang='grc' dir='ltr'>ἐξελαύνειν</span> <span class='ocrx_word' id='word_1_115' title='bbox 1206 1727 1375 1796; x_wconf 78' lang='grc' dir='ltr'>αὐτῆς</span> <span class='ocrx_word' id='word_1_116' title='bbox 1427 1725 1710 1797; x_wconf 86' lang='grc' dir='ltr'>μέλλοντος</span> 
     </span>
    </p>
   </div>
   <div class='ocr_carea' id='block_1_20' title="bbox 1795 711 3374 784">
    <p class='ocr_par' dir='ltr' id='par_1_20' title="bbox 1795 711 3374 784">
     <span class='ocr_line' id='line_1_20' title="bbox 1795 711 3374 784; baseline -0.009 -6"><span class='ocrx_word' id='word_1_117' title='bbox 1795 724 1943 778; x_wconf 89' lang='lat' dir='ltr'><strong>enim</strong></span> <span class='ocrx_word' id='word_1_118' title='bbox 1974 739 2098 778; x_wconf 90' lang='lat' dir='ltr'><strong>cum</strong></span> <span class='ocrx_word' id='word_1_119' title='bbox 2129 721 2374 776; x_wconf 86' lang='lat' dir='ltr'><strong>Gratiani</strong></span> <span class='ocrx_word' id='word_1_120' title='bbox 2427 718 2714 782; x_wconf 80' lang='lat' dir='ltr'><strong>imperium</strong></span> <span class='ocrx_word' id='word_1_121' title='bbox 2747 723 3103 784; x_wconf 86' lang='lat' dir='ltr'><strong>occupasset,</strong></span> <span class='ocrx_word' id='word_1_122' title='bbox 3133 711 3374 768; x_wconf 78' lang='lat' dir='ltr'><strong>Valenti-</strong></span> 
     </span>
    </p>
   </div>
   <div class='ocr_carea' id='block_1_21' title="bbox 1801 805 3372 884">
    <p class='ocr_par' dir='ltr' id='par_1_21' title="bbox 1801 805 3372 884">
     <span class='ocr_line' id='line_1_21' title="bbox 1801 805 3372 884; baseline -0.006 -15"><span class='ocrx_word' id='word_1_123' title='bbox 1801 816 1948 870; x_wconf 80' lang='lat' dir='ltr'><strong>niani</strong></span> <span class='ocrx_word' id='word_1_124' title='bbox 1974 828 2190 884; x_wconf 86' lang='lat' dir='ltr'><strong>quoque</strong></span> <span class='ocrx_word' id='word_1_125' title='bbox 2207 813 2466 866; x_wconf 89' lang='lat' dir='ltr'><strong>ditionem</strong></span> <span class='ocrx_word' id='word_1_126' title='bbox 2492 809 2591 864; x_wconf 84' lang='lat' dir='ltr'><strong>sibi</strong></span> <span class='ocrx_word' id='word_1_127' title='bbox 2611 807 2903 878; x_wconf 82' lang='lat' dir='ltr'><strong>adjungere</strong></span> <span class='ocrx_word' id='word_1_128' title='bbox 2923 805 3240 860; x_wconf 89' lang='lat' dir='ltr'><strong>conabatur.</strong></span> <span class='ocrx_word' id='word_1_129' title='bbox 3261 807 3372 875; x_wconf 84' lang='lat'><strong>(58)</strong></span> 
     </span>
    </p>
   </div>
   <div class='ocr_carea' id='block_1_22' title="bbox 1803 897 3376 974">
    <p class='ocr_par' dir='ltr' id='par_1_22' title="bbox 1803 897 3376 974">
     <span class='ocr_line' id='line_1_22' title="bbox 1803 897 3376 974; baseline -0.008 -14"><span class='ocrx_word' id='word_1_130' title='bbox 1803 907 2020 960; x_wconf 80' lang='lat' dir='ltr'><strong>Mittunt</strong></span> <span class='ocrx_word' id='word_1_131' title='bbox 2055 905 2220 974; x_wconf 81' lang='lat' dir='ltr'><strong>igitur</strong></span> <span class='ocrx_word' id='word_1_132' title='bbox 2257 903 2617 972; x_wconf 84' lang='lat' dir='ltr'><strong>imperatores</strong></span> <span class='ocrx_word' id='word_1_133' title='bbox 2642 909 2830 954; x_wconf 87' lang='lat' dir='ltr'><strong>contra</strong></span> <span class='ocrx_word' id='word_1_134' title='bbox 2861 909 3173 968; x_wconf 83' lang='lat' dir='ltr'><strong>tyrannum,</strong></span> <span class='ocrx_word' id='word_1_135' title='bbox 3202 897 3376 968; x_wconf 81' lang='lat' dir='ltr'><strong>magi-</strong></span> 
     </span>
    </p>
   </div>
   <div class='ocr_carea' id='block_1_23' title="bbox 1803 989 3373 1056">
    <p class='ocr_par' dir='ltr' id='par_1_23' title="bbox 1803 989 3373 1056">
     <span class='ocr_line' id='line_1_23' title="bbox 1803 989 3373 1056; baseline -0.006 -2"><span class='ocrx_word' id='word_1_136' title='bbox 1803 1007 1945 1054; x_wconf 89' lang='lat' dir='ltr'><strong>stros</strong></span> <span class='ocrx_word' id='word_1_137' title='bbox 1973 998 2206 1051; x_wconf 88' lang='lat' dir='ltr'><strong>militum</strong></span> <span class='ocrx_word' id='word_1_138' title='bbox 2261 991 2562 1050; x_wconf 87' lang='lat' dir='ltr'><strong>Timasium</strong></span> <span class='ocrx_word' id='word_1_139' title='bbox 2599 1001 2652 1048; x_wconf 90' lang='lat' dir='ltr'><strong>et</strong></span> <span class='ocrx_word' id='word_1_140' title='bbox 2686 991 3108 1056; x_wconf 78' lang='lat' dir='ltr'><strong>Richomerem;</strong></span> <span class='ocrx_word' id='word_1_141' title='bbox 3149 989 3373 1044; x_wconf 83' lang='lat' dir='ltr'><strong>Promo-</strong></span> 
     </span>
    </p>
   </div>
   <div class='ocr_carea' id='block_1_24' title="bbox 1807 1085 3379 1160">
    <p class='ocr_par' dir='ltr' id='par_1_24' title="bbox 1807 1085 3379 1160">
     <span class='ocr_line' id='line_1_24' title="bbox 1807 1085 3379 1160; baseline -0.004 -16"><span class='ocrx_word' id='word_1_142' title='bbox 1807 1101 1920 1144; x_wconf 86' lang='lat' dir='ltr'><strong>tum</strong></span> <span class='ocrx_word' id='word_1_143' title='bbox 1975 1091 2100 1144; x_wconf 91' lang='lat' dir='ltr'><strong>item</strong></span> <span class='ocrx_word' id='word_1_144' title='bbox 2153 1099 2206 1144; x_wconf 92' lang='lat' dir='ltr'><strong>et</strong></span> <span class='ocrx_word' id='word_1_145' title='bbox 2238 1089 2621 1160; x_wconf 80' lang='lat' dir='ltr'><strong>Arbogastem.</strong></span> <span class='ocrx_word' id='word_1_146' title='bbox 2658 1085 2762 1152; x_wconf 86' lang='lat' dir='ltr'><strong>Qui</strong></span> <span class='ocrx_word' id='word_1_147' title='bbox 2806 1101 2930 1140; x_wconf 90' lang='lat' dir='ltr'><strong>eum</strong></span> <span class='ocrx_word' id='word_1_148' title='bbox 2976 1101 3040 1140; x_wconf 81' lang='lat' dir='ltr'><strong>ex</strong></span> <span class='ocrx_word' id='word_1_149' title='bbox 3083 1085 3379 1154; x_wconf 85' lang='lat' dir='ltr'><strong>improviso</strong></span> 
     </span>
    </p>
   </div>
   <div class='ocr_carea' id='block_1_25' title="bbox 1809 1177 3381 1251">
    <p class='ocr_par' dir='ltr' id='par_1_25' title="bbox 1809 1177 3381 1251">
     <span class='ocr_line' id='line_1_25' title="bbox 1809 1177 3381 1251; baseline -0.003 -15"><span class='ocrx_word' id='word_1_150' title='bbox 1809 1181 2272 1251; x_wconf 83' lang='lat' dir='ltr'><strong>supervenissent,</strong></span> <span class='ocrx_word' id='word_1_151' title='bbox 2300 1195 2425 1234; x_wconf 90' lang='lat' dir='ltr'><strong>eum</strong></span> <span class='ocrx_word' id='word_1_152' title='bbox 2467 1189 2688 1248; x_wconf 86' lang='lat' dir='ltr'><strong>repente</strong></span> <span class='ocrx_word' id='word_1_153' title='bbox 2732 1193 2796 1233; x_wconf 85' lang='lat' dir='ltr'><strong>ex</strong></span> <span class='ocrx_word' id='word_1_154' title='bbox 2827 1177 2966 1231; x_wconf 91' lang='lat' dir='ltr'><strong>solio</strong></span> <span class='ocrx_word' id='word_1_155' title='bbox 2996 1177 3301 1242; x_wconf 84' lang='lat' dir='ltr'><strong>deturbant,</strong></span> <span class='ocrx_word' id='word_1_156' title='bbox 3325 1185 3381 1231; x_wconf 88' lang='lat' dir='ltr'><strong>et</strong></span> 
     </span>
    </p>
   </div>
   <div class='ocr_carea' id='block_1_26' title="bbox 1805 1268 3380 1342">
    <p class='ocr_par' dir='ltr' id='par_1_26' title="bbox 1805 1268 3380 1342">
     <span class='ocr_line' id='line_1_26' title="bbox 1805 1268 3380 1342; baseline -0.001 -18"><span class='ocrx_word' id='word_1_157' title='bbox 1805 1273 2014 1342; x_wconf 89' lang='lat' dir='ltr'><strong>imperii</strong></span> <span class='ocrx_word' id='word_1_158' title='bbox 2055 1272 2362 1341; x_wconf 78' lang='lat' dir='ltr'><strong>insignibus</strong></span> <span class='ocrx_word' id='word_1_159' title='bbox 2408 1279 2643 1340; x_wconf 76' lang='lat' dir='ltr'><strong>exuunt,</strong></span> <span class='ocrx_word' id='word_1_160' title='bbox 2697 1284 2762 1323; x_wconf 89' lang='lat' dir='ltr'><strong>ac</strong></span> <span class='ocrx_word' id='word_1_161' title='bbox 2809 1268 3022 1338; x_wconf 87' lang='lat' dir='ltr'><strong>privato</strong></span> <span class='ocrx_word' id='word_1_162' title='bbox 3063 1269 3248 1322; x_wconf 90' lang='lat' dir='ltr'><strong>habitu</strong></span> <span class='ocrx_word' id='word_1_163' title='bbox 3299 1269 3380 1322; x_wconf 90' lang='lat' dir='ltr'><strong>in-</strong></span> 
     </span>
    </p>
   </div>
   <div class='ocr_carea' id='block_1_27' title="bbox 1809 1359 3382 1432">
    <p class='ocr_par' dir='ltr' id='par_1_27' title="bbox 1809 1359 3382 1432">
     <span class='ocr_line' id='line_1_27' title="bbox 1809 1359 3382 1432; baseline 0 -17"><span class='ocrx_word' id='word_1_164' title='bbox 1809 1365 1998 1416; x_wconf 89' lang='lat' dir='ltr'><strong>dutum</strong></span> <span class='ocrx_word' id='word_1_165' title='bbox 2051 1362 2474 1432; x_wconf 87' lang='lat' dir='ltr'><strong>imperatoribus</strong></span> <span class='ocrx_word' id='word_1_166' title='bbox 2532 1359 2881 1424; x_wconf 87' lang='lat' dir='ltr'><strong>obtulerunt;</strong></span> <span class='ocrx_word' id='word_1_167' title='bbox 2943 1371 3070 1416; x_wconf 90' lang='lat' dir='ltr'><strong>tunc</strong></span> <span class='ocrx_word' id='word_1_168' title='bbox 3115 1360 3382 1415; x_wconf 80' lang='lat' dir='ltr'><strong>Maximus</strong></span> 
     </span>
    </p>
   </div>
   <div class='ocr_carea' id='block_1_28' title="bbox 1807 1454 3384 1524">
    <p class='ocr_par' dir='ltr' id='par_1_28' title="bbox 1807 1454 3384 1524">
     <span class='ocr_line' id='line_1_28' title="bbox 1807 1454 3384 1524; baseline -0.002 -17"><span class='ocrx_word' id='word_1_169' title='bbox 1807 1455 1984 1524; x_wconf 78' lang='lat' dir='ltr'><strong>capite</strong></span> <span class='ocrx_word' id='word_1_170' title='bbox 2013 1464 2300 1510; x_wconf 87' lang='lat' dir='ltr'><strong>truncatus</strong></span> <span class='ocrx_word' id='word_1_171' title='bbox 2323 1462 2428 1518; x_wconf 89' lang='lat' dir='ltr'><strong>est,</strong></span> <span class='ocrx_word' id='word_1_172' title='bbox 2457 1469 2580 1508; x_wconf 90' lang='lat' dir='ltr'><strong>cum</strong></span> <span class='ocrx_word' id='word_1_173' title='bbox 2611 1469 2706 1522; x_wconf 88' lang='lat' dir='ltr'><strong>per</strong></span> <span class='ocrx_word' id='word_1_174' title='bbox 2729 1467 2902 1508; x_wconf 87' lang='lat' dir='ltr'><strong>annos</strong></span> <span class='ocrx_word' id='word_1_175' title='bbox 2931 1454 3172 1523; x_wconf 88' lang='lat' dir='ltr'><strong>quinque</strong></span> <span class='ocrx_word' id='word_1_176' title='bbox 3203 1463 3384 1524; x_wconf 80' lang='lat' dir='ltr'><strong>tyran-</strong></span> 
     </span>
    </p>
   </div>
   <div class='ocr_carea' id='block_1_29' title="bbox 1809 1547 2378 1602">
    <p class='ocr_par' dir='ltr' id='par_1_29' title="bbox 1809 1547 2378 1602">
     <span class='ocr_line' id='line_1_29' title="bbox 1809 1547 2378 1602; baseline -0.002 -1"><span class='ocrx_word' id='word_1_177' title='bbox 1809 1548 1991 1602; x_wconf 88' lang='lat' dir='ltr'><strong>nidem</strong></span> <span class='ocrx_word' id='word_1_178' title='bbox 2021 1547 2378 1602; x_wconf 81' lang='lat' dir='ltr'><strong>exercuisset.</strong></span> 
     </span>
    </p>
   </div>
   <div class='ocr_carea' id='block_1_30' title="bbox 1883 1621 3444 1690">
    <p class='ocr_par' dir='ltr' id='par_1_30' title="bbox 1883 1621 3444 1690">
     <span class='ocr_line' id='line_1_30' title="bbox 1883 1621 3444 1690; baseline -0.001 0"><span class='ocrx_word' id='word_1_179' title='bbox 1883 1637 1934 1690; x_wconf 91' lang='lat'><strong>9.</strong></span> <span class='ocrx_word' id='word_1_180' title='bbox 1967 1635 2129 1690; x_wconf 82' lang='lat' dir='ltr'><strong>Sidus</strong></span> <span class='ocrx_word' id='word_1_181' title='bbox 2187 1653 2394 1690; x_wconf 81' lang='lat' dir='ltr'><strong>norunt.</strong></span> <span class='ocrx_word' id='word_1_182' title='bbox 2428 1634 2650 1689; x_wconf 86' lang='lat' dir='ltr'><strong>-—Post</strong></span> <span class='ocrx_word' id='word_1_183' title='bbox 2709 1635 2992 1690; x_wconf 82' lang='lat' dir='ltr'><strong>victoriam</strong></span> <span class='ocrx_word' id='word_1_184' title='bbox 3038 1635 3104 1688; x_wconf 89' lang='lat' dir='ltr'><strong>de</strong></span> <span class='ocrx_word' id='word_1_185' title='bbox 3151 1633 3386 1688; x_wconf 76' lang='lat' dir='ltr'><strong>Maximo</strong></span> <span class='ocrx_word' id='word_1_186' title='bbox 3433 1621 3444 1632; x_wconf 69' lang='grc'><strong>’</strong></span> 
     </span>
    </p>
   </div>
   <div class='ocr_carea' id='block_1_31' title="bbox 1811 1726 3388 1796">
    <p class='ocr_par' dir='ltr' id='par_1_31' title="bbox 1811 1726 3388 1796">
     <span class='ocr_line' id='line_1_31' title="bbox 1811 1726 3388 1796; baseline -0.001 -14"><span class='ocrx_word' id='word_1_187' title='bbox 1811 1729 2058 1786; x_wconf 89' lang='lat' dir='ltr'><strong>relatam.</strong></span> <span class='ocrx_word' id='word_1_188' title='bbox 2089 1736 2144 1782; x_wconf 89' lang='lat' dir='ltr'><strong>et</strong></span> <span class='ocrx_word' id='word_1_189' title='bbox 2169 1737 2286 1796; x_wconf 91' lang='lat' dir='ltr'><strong>post</strong></span> <span class='ocrx_word' id='word_1_190' title='bbox 2321 1728 2616 1782; x_wconf 83' lang='lat' dir='ltr'><strong>adventum</strong></span> <span class='ocrx_word' id='word_1_191' title='bbox 2651 1726 2943 1781; x_wconf 88' lang='lat' dir='ltr'><strong>Theodosii</strong></span> <span class='ocrx_word' id='word_1_192' title='bbox 2977 1727 3028 1780; x_wconf 93' lang='lat' dir='ltr'><strong>in</strong></span> <span class='ocrx_word' id='word_1_193' title='bbox 3059 1727 3248 1780; x_wconf 81' lang='lat' dir='ltr'><strong>urbem</strong></span> <span class='ocrx_word' id='word_1_194' title='bbox 3279 1727 3388 1780; x_wconf 78' lang='lat' dir='ltr'><strong>Ro-</strong></span> 
     </span>
    </p>
   </div>
   <div class='ocr_carea' id='block_1_32' title="bbox 137 1793 1718 1890">
    <p class='ocr_par' dir='ltr' id='par_1_32' title="bbox 137 1793 1709 1890">
     <span class='ocr_line' id='line_1_32' title="bbox 137 1793 1709 1890; baseline -0.004 -16"><span class='ocrx_word' id='word_1_195' title='bbox 137 1819 226 1874; x_wconf 78' lang='grc' dir='ltr'>τοῦ</span> <span class='ocrx_word' id='word_1_196' title='bbox 251 1793 538 1890; x_wconf 55' lang='grc' dir='ltr'>θασιλέως,</span> <span class='ocrx_word' id='word_1_197' title='bbox 569 1793 744 1890; x_wconf 80' lang='grc' dir='ltr'>ἀστὴρ</span> <span class='ocrx_word' id='word_1_198' title='bbox 765 1793 906 1872; x_wconf 79' lang='grc' dir='ltr'><strong>κατά</strong></span> <span class='ocrx_word' id='word_1_199' title='bbox 935 1819 1023 1872; x_wconf 74' lang='grc' dir='ltr'>τὸν</span> <span class='ocrx_word' id='word_1_200' title='bbox 1041 1815 1265 1889; x_wconf 74' lang='grc' dir='ltr'>οὐρανὸν</span> <span class='ocrx_word' id='word_1_201' title='bbox 1293 1793 1448 1888; x_wconf 58' lang='grc' dir='ltr'>ὤφθη</span> <span class='ocrx_word' id='word_1_202' title='bbox 1476 1817 1709 1888; x_wconf 83' lang='grc' dir='ltr'>παράδο-</span> 
     </span>
    </p>
   </div>
   <div class='ocr_carea' id='block_1_33' title="bbox 1827 1793 3390 1890">
    <p class='ocr_par' dir='ltr' id='par_1_33' title="bbox 1827 1815 3390 1885">
     <span class='ocr_line' id='line_1_33' title="bbox 1827 1815 3390 1885; baseline -0.001 -15"><span class='ocrx_word' id='word_1_203' title='bbox 1827 1832 1984 1880; x_wconf 88' lang='lat' dir='ltr'><strong>mam,</strong></span> <span class='ocrx_word' id='word_1_204' title='bbox 2013 1831 2136 1870; x_wconf 88' lang='lat' dir='ltr'><strong>cum</strong></span> <span class='ocrx_word' id='word_1_205' title='bbox 2161 1817 2456 1885; x_wconf 89' lang='lat' dir='ltr'><strong>imperator</strong></span> <span class='ocrx_word' id='word_1_206' title='bbox 2489 1815 2640 1870; x_wconf 88' lang='lat' dir='ltr'><strong>illinc</strong></span> <span class='ocrx_word' id='word_1_207' title='bbox 2669 1815 3016 1884; x_wconf 78' lang='lat' dir='ltr'><strong>digressurus</strong></span> <span class='ocrx_word' id='word_1_208' title='bbox 3045 1824 3209 1880; x_wconf 85' lang='lat' dir='ltr'><strong>esset,</strong></span> <span class='ocrx_word' id='word_1_209' title='bbox 3239 1816 3390 1868; x_wconf 86' lang='lat' dir='ltr'><strong>sidus</strong></span> 
     </span>
    </p>
   </div>
   <div class='ocr_carea' id='block_1_34' title="bbox 137 1907 1706 1980">
    <p class='ocr_par' dir='ltr' id='par_1_34' title="bbox 137 1907 1706 1980">
     <span class='ocr_line' id='line_1_34' title="bbox 137 1907 1706 1980; baseline -0.004 -17"><span class='ocrx_word' id='word_1_210' title='bbox 137 1911 222 1974; x_wconf 76' lang='grc' dir='ltr'><strong>ξος</strong></span> <span class='ocrx_word' id='word_1_211' title='bbox 253 1911 352 1963; x_wconf 73' lang='grc' dir='ltr'>καὶ</span> <span class='ocrx_word' id='word_1_212' title='bbox 384 1909 560 1979; x_wconf 79' lang='grc' dir='ltr'>ἀήθης</span> <span class='ocrx_word' id='word_1_213' title='bbox 583 1925 596 1938; x_wconf 80' lang='grc'><strong><em>⁸</em></strong></span> <span class='ocrx_word' id='word_1_214' title='bbox 629 1909 881 1980; x_wconf 77' lang='grc' dir='ltr'>μεγάλων</span> <span class='ocrx_word' id='word_1_215' title='bbox 914 1908 968 1960; x_wconf 79' lang='grc' dir='ltr'><strong>δὲ</strong></span> <span class='ocrx_word' id='word_1_216' title='bbox 1001 1908 1107 1980; x_wconf 83' lang='grc' dir='ltr'>ἄρα</span> <span class='ocrx_word' id='word_1_217' title='bbox 1156 1907 1340 1961; x_wconf 80' lang='grc' dir='ltr'>κακῶν</span> <span class='ocrx_word' id='word_1_218' title='bbox 1374 1907 1600 1976; x_wconf 78' lang='grc' dir='ltr'>ἄγγελος</span> <span class='ocrx_word' id='word_1_219' title='bbox 1641 1909 1706 1976; x_wconf 84' lang='grc' dir='ltr'>τῇ</span> 
     </span>
    </p>
   </div>
   <div class='ocr_carea' id='block_1_35' title="bbox 135 1999 1708 2074">
    <p class='ocr_par' dir='ltr' id='par_1_35' title="bbox 135 1999 1708 2074">
     <span class='ocr_line' id='line_1_35' title="bbox 135 1999 1708 2074; baseline -0.001 -20"><span class='ocrx_word' id='word_1_220' title='bbox 135 2001 428 2074; x_wconf 77' lang='grc' dir='ltr'>οἰκουμένῃ</span> <span class='ocrx_word' id='word_1_221' title='bbox 468 2003 788 2073; x_wconf 79' lang='grc' dir='ltr'>γενήσεσθαι</span> <span class='ocrx_word' id='word_1_222' title='bbox 810 1999 1048 2072; x_wconf 78' lang='grc' dir='ltr'>ἔμελλεν.</span> <span class='ocrx_word' id='word_1_223' title='bbox 1082 2001 1379 2071; x_wconf 80' lang='grc' dir='ltr'>Ἐξέλαμψε</span> <span class='ocrx_word' id='word_1_224' title='bbox 1413 2001 1469 2054; x_wconf 82' lang='grc' dir='ltr'><strong>δὲ</strong></span> <span class='ocrx_word' id='word_1_225' title='bbox 1496 2000 1708 2072; x_wconf 82' lang='grc' dir='ltr'>πρῶτον</span> 
     </span>
    </p>
   </div>
   <div class='ocr_carea' id='block_1_36' title="bbox 139 2090 1710 2165">
    <p class='ocr_par' dir='ltr' id='par_1_36' title="bbox 139 2090 1710 2165">
     <span class='ocr_line' id='line_1_36' title="bbox 139 2090 1710 2165; baseline -0.003 -17"><span class='ocrx_word' id='word_1_226' title='bbox 139 2097 272 2150; x_wconf 73' lang='grc' dir='ltr'>κατὰ</span> <span class='ocrx_word' id='word_1_227' title='bbox 303 2097 482 2165; x_wconf 81' lang='grc' dir='ltr'>μέσας</span> <span class='ocrx_word' id='word_1_228' title='bbox 511 2094 710 2158; x_wconf 75' lang='grc' dir='ltr'>νύκτας</span> <span class='ocrx_word' id='word_1_229' title='bbox 735 2095 958 2165; x_wconf 82' lang='grc' dir='ltr'>πλησίον</span> <span class='ocrx_word' id='word_1_230' title='bbox 975 2090 1066 2146; x_wconf 82' lang='grc' dir='ltr'>τοῦ</span> <span class='ocrx_word' id='word_1_231' title='bbox 1093 2092 1389 2163; x_wconf 72' lang='grc' dir='ltr'>ἑωσφόρον,</span> <span class='ocrx_word' id='word_1_232' title='bbox 1408 2095 1528 2146; x_wconf 81' lang='grc' dir='ltr'>κατ’</span> <span class='ocrx_word' id='word_1_233' title='bbox 1549 2091 1710 2144; x_wconf 78' lang='grc' dir='ltr'>αὐτὸν</span> 
     </span>
    </p>
   </div>
   <div class='ocr_carea' id='block_1_37' title="bbox 137 2183 1712 2256">
    <p class='ocr_par' dir='ltr' id='par_1_37' title="bbox 137 2183 1712 2256">
     <span class='ocr_line' id='line_1_37' title="bbox 137 2183 1712 2256; baseline -0.004 -15"><span class='ocrx_word' id='word_1_234' title='bbox 137 2187 198 2256; x_wconf 75' lang='grc' dir='ltr'>δὴ</span> <span class='ocrx_word' id='word_1_235' title='bbox 247 2189 340 2240; x_wconf 70' lang='grc' dir='ltr'>τὸν</span> <span class='ocrx_word' id='word_1_236' title='bbox 387 2187 722 2256; x_wconf 79' lang='grc' dir='ltr'>καλούμενον</span> <span class='ocrx_word' id='word_1_237' title='bbox 755 2185 1025 2239; x_wconf 76' lang='grc' dir='ltr'>Ζωδιακδν</span> <span class='ocrx_word' id='word_1_238' title='bbox 1067 2183 1283 2246; x_wconf 76' lang='grc' dir='ltr'>κύκλον,</span> <span class='ocrx_word' id='word_1_239' title='bbox 1321 2183 1490 2253; x_wconf 73' lang='grc' dir='ltr'>μέγας</span> <span class='ocrx_word' id='word_1_240' title='bbox 1519 2183 1576 2236; x_wconf 83' lang='grc' dir='ltr'>δὲ</span> <span class='ocrx_word' id='word_1_241' title='bbox 1619 2183 1712 2236; x_wconf 71' lang='grc' dir='ltr'><strong>καὶ</strong></span> 
     </span>
    </p>
   </div>
   <div class='ocr_carea' id='block_1_38' title="bbox 139 2273 1710 2350">
    <p class='ocr_par' dir='ltr' id='par_1_38' title="bbox 139 2273 1710 2350">
     <span class='ocr_line' id='line_1_38' title="bbox 139 2273 1710 2350; baseline -0.003 -20"><span class='ocrx_word' id='word_1_242' title='bbox 139 2279 414 2350; x_wconf 68' lang='grc' dir='ltr'>ἐκφεγγὴς</span> <span class='ocrx_word' id='word_1_243' title='bbox 447 2281 567 2342; x_wconf 80' lang='grc' dir='ltr'>ταῖς</span> <span class='ocrx_word' id='word_1_244' title='bbox 595 2279 1006 2348; x_wconf 78' lang='grc' dir='ltr'>μαρμαρυγαῖς,</span> <span class='ocrx_word' id='word_1_245' title='bbox 1033 2277 1092 2328; x_wconf 84' lang='grc' dir='ltr'><strong>οὐ</strong></span> <span class='ocrx_word' id='word_1_246' title='bbox 1112 2273 1288 2344; x_wconf 82' lang='grc' dir='ltr'>πολλῷ</span> <span class='ocrx_word' id='word_1_247' title='bbox 1311 2274 1404 2327; x_wconf 82' lang='grc' dir='ltr'>τοῦ</span> <span class='ocrx_word' id='word_1_248' title='bbox 1435 2275 1710 2345; x_wconf 75' lang='grc' dir='ltr'>ἑωσφόρον</span> 
     </span>
    </p>
   </div>
   <div class='ocr_carea' id='block_1_39' title="bbox 149 2363 1712 2440">
    <p class='ocr_par' dir='ltr' id='par_1_39' title="bbox 149 2363 1712 2440">
     <span class='ocr_line' id='line_1_39' title="bbox 149 2363 1712 2440; baseline -0.006 -16"><span class='ocrx_word' id='word_1_249' title='bbox 149 2371 493 2440; x_wconf 83' lang='grc' dir='ltr'>λειπόμενος.</span> <span class='ocrx_word' id='word_1_250' title='bbox 545 2369 772 2420; x_wconf 83' lang='grc' dir='ltr'>Ἔπειτα</span> <span class='ocrx_word' id='word_1_251' title='bbox 803 2365 1073 2436; x_wconf 81' lang='grc' dir='ltr'>συνδρομὴ</span> <span class='ocrx_word' id='word_1_252' title='bbox 1105 2363 1436 2434; x_wconf 81' lang='grc' dir='ltr'>πανταχόθεν</span> <span class='ocrx_word' id='word_1_253' title='bbox 1473 2363 1712 2434; x_wconf 83' lang='grc' dir='ltr'>ἀστέρων</span> 
     </span>
    </p>
   </div>
   <div class='ocr_carea' id='block_1_40' title="bbox 139 2456 1712 2534">
    <p class='ocr_par' dir='ltr' id='par_1_40' title="bbox 139 2456 1712 2534">
     <span class='ocr_line' id='line_1_40' title="bbox 139 2456 1712 2534; baseline -0.006 -15"><span class='ocrx_word' id='word_1_254' title='bbox 139 2465 404 2520; x_wconf 75' lang='grc' dir='ltr'>ὲπάὑτὸν</span> <span class='ocrx_word' id='word_1_255' title='bbox 421 2461 820 2534; x_wconf 75' lang='grc' dir='ltr'>ἀθροιζομένων</span> <span class='ocrx_word' id='word_1_256' title='bbox 836 2460 1061 2528; x_wconf 74' lang='grc' dir='ltr'>ἐγίνετο·</span> <span class='ocrx_word' id='word_1_257' title='bbox 1077 2457 1320 2518; x_wconf 75' lang='grc' dir='ltr'>εἰκάσαις</span> <span class='ocrx_word' id='word_1_258' title='bbox 1333 2456 1398 2508; x_wconf 84' lang='grc' dir='ltr'>ἂν</span> <span class='ocrx_word' id='word_1_259' title='bbox 1415 2456 1712 2530; x_wconf 77' lang='grc' dir='ltr'><strong>σμήνῃ(55)</strong></span> 
     </span>
    </p>
   </div>
   <div class='ocr_carea' id='block_1_41' title="bbox 147 2548 1711 2628">
    <p class='ocr_par' dir='ltr' id='par_1_41' title="bbox 147 2548 1711 2628">
     <span class='ocr_line' id='line_1_41' title="bbox 147 2548 1711 2628; baseline -0.004 -18"><span class='ocrx_word' id='word_1_260' title='bbox 147 2555 410 2628; x_wconf 80' lang='grc' dir='ltr'>μελιττῶν</span> <span class='ocrx_word' id='word_1_261' title='bbox 427 2571 500 2606; x_wconf 85' lang='grc' dir='ltr'><strong>πα</strong></span> <span class='ocrx_word' id='word_1_262' title='bbox 509 2553 575 2622; x_wconf 77' lang='grc' dir='ltr'><strong>ρά</strong></span> <span class='ocrx_word' id='word_1_263' title='bbox 584 2553 674 2605; x_wconf 76' lang='grc' dir='ltr'><strong>τὸν</strong></span> <span class='ocrx_word' id='word_1_264' title='bbox 692 2551 990 2622; x_wconf 78' lang='grc' dir='ltr'>ἡγούμενον</span> <span class='ocrx_word' id='word_1_265' title='bbox 1010 2567 1138 2619; x_wconf 78' lang='grc' dir='ltr'>σφαι</span> <span class='ocrx_word' id='word_1_266' title='bbox 1146 2566 1239 2621; x_wconf 82' lang='grc' dir='ltr'><strong>ρον</strong></span> <span class='ocrx_word' id='word_1_267' title='bbox 1249 2549 1421 2619; x_wconf 84' lang='grc' dir='ltr'>μένων</span> <span class='ocrx_word' id='word_1_268' title='bbox 1437 2549 1498 2601; x_wconf 85' lang='grc' dir='ltr'><strong>τὸ</strong></span> <span class='ocrx_word' id='word_1_269' title='bbox 1515 2548 1711 2620; x_wconf 77' lang='grc' dir='ltr'>θέαμα’</span> 
     </span>
    </p>
   </div>
   <div class='ocr_carea' id='block_1_42' title="bbox 141 2641 1714 2715">
    <p class='ocr_par' dir='ltr' id='par_1_42' title="bbox 141 2641 1714 2715">
     <span class='ocr_line' id='line_1_42' title="bbox 141 2641 1714 2715; baseline -0.003 -16"><span class='ocrx_word' id='word_1_270' title='bbox 141 2647 436 2702; x_wconf 73' lang='grc' dir='ltr'>κάντεῦθεν</span> <span class='ocrx_word' id='word_1_271' title='bbox 455 2646 618 2699; x_wconf 71' lang='grc' dir='ltr'>οἱονεὶ</span> <span class='ocrx_word' id='word_1_272' title='bbox 659 2643 759 2714; x_wconf 84' lang='grc' dir='ltr'>τῆς</span> <span class='ocrx_word' id='word_1_273' title='bbox 785 2644 921 2715; x_wconf 80' lang='grc' dir='ltr'>πρὸς</span> <span class='ocrx_word' id='word_1_274' title='bbox 951 2643 1212 2714; x_wconf 86' lang='grc' dir='ltr'>ἀλλήλους</span> <span class='ocrx_word' id='word_1_275' title='bbox 1247 2641 1568 2708; x_wconf 68' lang='grc' dir='ltr'>συνελίψεως</span> <span class='ocrx_word' id='word_1_276' title='bbox 1601 2641 1714 2712; x_wconf 73' lang='lat'><strong>(56)</strong></span> 
     </span>
    </p>
   </div>
   <div class='ocr_carea' id='block_1_43' title="bbox 147 2733 1718 2809">
    <p class='ocr_par' dir='ltr' id='par_1_43' title="bbox 147 2733 1718 2809">
     <span class='ocr_line' id='line_1_43' title="bbox 147 2733 1718 2809; baseline -0.003 -17"><span class='ocrx_word' id='word_1_277' title='bbox 147 2739 505 2809; x_wconf 72' lang='grc' dir='ltr'>βιασαμένης,</span> <span class='ocrx_word' id='word_1_278' title='bbox 559 2736 620 2790; x_wconf 83' lang='grc' dir='ltr'>τὺ</span> <span class='ocrx_word' id='word_1_279' title='bbox 665 2736 774 2788; x_wconf 81' lang='grc' dir='ltr'>τῶν</span> <span class='ocrx_word' id='word_1_280' title='bbox 837 2735 1088 2789; x_wconf 81' lang='grc' dir='ltr'>ἁπάντων</span> <span class='ocrx_word' id='word_1_281' title='bbox 1119 2733 1233 2802; x_wconf 78' lang='grc' dir='ltr'>φῶς</span> <span class='ocrx_word' id='word_1_282' title='bbox 1287 2735 1366 2797; x_wconf 85' lang='grc' dir='ltr'>εἰς</span> <span class='ocrx_word' id='word_1_283' title='bbox 1425 2735 1552 2804; x_wconf 92' lang='grc' dir='ltr'>μίαν</span> <span class='ocrx_word' id='word_1_284' title='bbox 1597 2735 1718 2788; x_wconf 81' lang='grc' dir='ltr'>τινὰ</span> 
     </span>
    </p>
   </div>
   <div class='ocr_carea' id='block_1_44' title="bbox 147 2823 1718 2901">
    <p class='ocr_par' dir='ltr' id='par_1_44' title="bbox 147 2823 1718 2901">
     <span class='ocr_line' id='line_1_44' title="bbox 147 2823 1718 2901; baseline -0.003 -19"><span class='ocrx_word' id='word_1_285' title='bbox 147 2827 452 2901; x_wconf 81' lang='grc' dir='ltr'>συγκραθὲν</span> <span class='ocrx_word' id='word_1_286' title='bbox 485 2825 766 2896; x_wconf 86' lang='grc' dir='ltr'>ἀνέλαμπε</span> <span class='ocrx_word' id='word_1_287' title='bbox 797 2825 991 2894; x_wconf 82' lang='grc' dir='ltr'>φλόγα.</span> <span class='ocrx_word' id='word_1_288' title='bbox 1025 2823 1136 2877; x_wconf 74' lang='grc' dir='ltr'>Καὶ</span> <span class='ocrx_word' id='word_1_289' title='bbox 1161 2823 1436 2894; x_wconf 81' lang='grc' dir='ltr'>μαχαίρας</span> <span class='ocrx_word' id='word_1_290' title='bbox 1463 2824 1718 2896; x_wconf 79' lang='grc' dir='ltr'>ἄντικρυς</span> 
     </span>
    </p>
   </div>
   <div class='ocr_carea' id='block_1_45' title="bbox 147 2912 1718 2992">
    <p class='ocr_par' dir='ltr' id='par_1_45' title="bbox 147 2912 1718 2992">
     <span class='ocr_line' id='line_1_45' title="bbox 147 2912 1718 2992; baseline -0.004 -18"><span class='ocrx_word' id='word_1_291' title='bbox 147 2923 438 2992; x_wconf 79' lang='grc' dir='ltr'>ἁμφὴκους</span> <span class='ocrx_word' id='word_1_292' title='bbox 473 2919 587 2988; x_wconf 86' lang='grc'>(57)</span> <span class='ocrx_word' id='word_1_293' title='bbox 617 2917 856 2988; x_wconf 81' lang='grc' dir='ltr'>μεγάλης</span> <span class='ocrx_word' id='word_1_294' title='bbox 886 2917 979 2970; x_wconf 72' lang='grc' dir='ltr'><strong>καὶ</strong></span> <span class='ocrx_word' id='word_1_295' title='bbox 1013 2913 1248 2986; x_wconf 77' lang='grc' dir='ltr'>φοϐερᾶς</span> <span class='ocrx_word' id='word_1_296' title='bbox 1281 2915 1612 2968; x_wconf 84' lang='grc' dir='ltr'>ἀπετέλεσαν</span> <span class='ocrx_word' id='word_1_297' title='bbox 1641 2912 1718 2968; x_wconf 76' lang='grc' dir='ltr'><strong>εἷο</strong></span> 
     </span>
    </p>
   </div>
   <div class='ocr_carea' id='block_1_46' title="bbox 147 3006 1719 3081">
    <p class='ocr_par' dir='ltr' id='par_1_46' title="bbox 147 3006 1719 3081">
     <span class='ocr_line' id='line_1_46' title="bbox 147 3006 1719 3081; baseline -0.003 -17"><span class='ocrx_word' id='word_1_298' title='bbox 147 3015 248 3076; x_wconf 76' lang='grc' dir='ltr'>6ος,</span> <span class='ocrx_word' id='word_1_299' title='bbox 277 3009 592 3081; x_wconf 86' lang='grc' dir='ltr'>πληκτικῆς</span> <span class='ocrx_word' id='word_1_300' title='bbox 611 3008 1069 3078; x_wconf 76' lang='grc' dir='ltr'>ὲξαυγαςομένης,</span> <span class='ocrx_word' id='word_1_301' title='bbox 1094 3006 1200 3060; x_wconf 86' lang='grc' dir='ltr'><strong>τῶν</strong></span> <span class='ocrx_word' id='word_1_302' title='bbox 1227 3007 1325 3077; x_wconf 86' lang='grc' dir='ltr'><strong>μὲν</strong></span> <span class='ocrx_word' id='word_1_303' title='bbox 1348 3007 1522 3060; x_wconf 76' lang='grc' dir='ltr'>ἄλλων</span> <span class='ocrx_word' id='word_1_304' title='bbox 1545 3009 1719 3061; x_wconf 79' lang='grc' dir='ltr'>ἀπάν-</span> 
     </span>
    </p>
   </div>
   <div class='ocr_carea' id='block_1_47' title="bbox 147 3095 1716 3170">
    <p class='ocr_par' dir='ltr' id='par_1_47' title="bbox 147 3095 1716 3170">
     <span class='ocr_line' id='line_1_47' title="bbox 147 3095 1716 3170; baseline -0.006 -14"><span class='ocrx_word' id='word_1_305' title='bbox 147 3121 248 3158; x_wconf 84' lang='grc' dir='ltr'><strong>των</strong></span> <span class='ocrx_word' id='word_1_306' title='bbox 299 3102 552 3170; x_wconf 76' lang='grc' dir='ltr'>ἀστέρων</span> <span class='ocrx_word' id='word_1_307' title='bbox 605 3101 686 3162; x_wconf 85' lang='grc' dir='ltr'><strong>είς</strong></span> <span class='ocrx_word' id='word_1_308' title='bbox 735 3098 892 3152; x_wconf 79' lang='grc' dir='ltr'>τοῦτο</span> <span class='ocrx_word' id='word_1_309' title='bbox 942 3097 1370 3167; x_wconf 83' lang='grc' dir='ltr'>μεταπεσόντων,</span> <span class='ocrx_word' id='word_1_310' title='bbox 1415 3095 1516 3166; x_wconf 77' lang='grc' dir='ltr'><strong>τῆς</strong></span> <span class='ocrx_word' id='word_1_311' title='bbox 1557 3095 1716 3160; x_wconf 86' lang='grc' dir='ltr'>θέας·</span> 
     </span>
    </p>
   </div>
   <div class='ocr_carea' id='block_1_48' title="bbox 149 3185 1726 3262">
    <p class='ocr_par' dir='ltr' id='par_1_48' title="bbox 149 3185 1726 3262">
     <span class='ocr_line' id='line_1_48' title="bbox 149 3185 1726 3262; baseline -0.006 -13"><span class='ocrx_word' id='word_1_312' title='bbox 149 3197 260 3259; x_wconf 74' lang='grc' dir='ltr'>ἑνὸς</span> <span class='ocrx_word' id='word_1_313' title='bbox 285 3195 344 3248; x_wconf 81' lang='grc' dir='ltr'>δὲ</span> <span class='ocrx_word' id='word_1_314' title='bbox 381 3193 479 3247; x_wconf 75' lang='grc' dir='ltr'><strong>καὶ</strong></span> <span class='ocrx_word' id='word_1_315' title='bbox 509 3193 672 3262; x_wconf 88' lang='grc' dir='ltr'>μόνου</span> <span class='ocrx_word' id='word_1_316' title='bbox 695 3189 790 3243; x_wconf 75' lang='grc' dir='ltr'>τοῦ</span> <span class='ocrx_word' id='word_1_317' title='bbox 817 3188 1033 3260; x_wconf 84' lang='grc' dir='ltr'>πρώτου</span> <span class='ocrx_word' id='word_1_318' title='bbox 1076 3187 1460 3258; x_wconf 87' lang='grc' dir='ltr'>θεωρηθέντος,</span> <span class='ocrx_word' id='word_1_319' title='bbox 1491 3189 1548 3240; x_wconf 82' lang='grc' dir='ltr'>ὲν</span> <span class='ocrx_word' id='word_1_320' title='bbox 1575 3185 1726 3252; x_wconf 87' lang='grc' dir='ltr'>τάξει</span> 
     </span>
    </p>
   </div>
   <div class='ocr_carea' id='block_1_49' title="bbox 155 3279 1726 3356">
    <p class='ocr_par' dir='ltr' id='par_1_49' title="bbox 155 3279 1726 3356">
     <span class='ocr_line' id='line_1_49' title="bbox 155 3279 1726 3356; baseline -0.005 -18"><span class='ocrx_word' id='word_1_321' title='bbox 155 3285 302 3356; x_wconf 70' lang='grc' dir='ltr'>ῥίζης</span> <span class='ocrx_word' id='word_1_322' title='bbox 333 3284 536 3354; x_wconf 83' lang='grc' dir='ltr'>τινὺςῆ</span> <span class='ocrx_word' id='word_1_323' title='bbox 569 3282 724 3346; x_wconf 73' lang='grc' dir='ltr'>λαδὶς</span> <span class='ocrx_word' id='word_1_324' title='bbox 750 3282 822 3352; x_wconf 77' lang='lat' dir='ltr'><strong>(b)</strong></span> <span class='ocrx_word' id='word_1_325' title='bbox 849 3281 927 3352; x_wconf 84' lang='grc' dir='ltr'><strong>τῷ</strong></span> <span class='ocrx_word' id='word_1_326' title='bbox 970 3282 1132 3333; x_wconf 80' lang='grc' dir='ltr'>παντὶ</span> <span class='ocrx_word' id='word_1_327' title='bbox 1159 3280 1400 3350; x_wconf 85' lang='grc' dir='ltr'>σχήματι</span> <span class='ocrx_word' id='word_1_328' title='bbox 1433 3279 1726 3347; x_wconf 74' lang='grc' dir='ltr'>ὑποφαινο-</span> 
     </span>
    </p>
   </div>
   <div class='ocr_carea' id='block_1_50' title="bbox 157 3367 1732 3444">
    <p class='ocr_par' dir='ltr' id='par_1_50' title="bbox 157 3367 1732 3444">
     <span class='ocr_line' id='line_1_50' title="bbox 157 3367 1732 3444; baseline -0.007 -15"><span class='ocrx_word' id='word_1_329' title='bbox 157 3377 332 3444; x_wconf 74' lang='grc' dir='ltr'>μένου,</span> <span class='ocrx_word' id='word_1_330' title='bbox 383 3375 480 3429; x_wconf 73' lang='grc' dir='ltr'><strong>καὶ</strong></span> <span class='ocrx_word' id='word_1_331' title='bbox 511 3369 622 3426; x_wconf 80' lang='grc' dir='ltr'>οἷον</span> <span class='ocrx_word' id='word_1_332' title='bbox 655 3373 715 3426; x_wconf 81' lang='grc' dir='ltr'>τὸ</span> <span class='ocrx_word' id='word_1_333' title='bbox 740 3375 848 3425; x_wconf 73' lang='grc' dir='ltr'>πᾶν</span> <span class='ocrx_word' id='word_1_334' title='bbox 877 3371 970 3423; x_wconf 76' lang='grc' dir='ltr'>τοῦ</span> <span class='ocrx_word' id='word_1_335' title='bbox 1007 3367 1308 3439; x_wconf 81' lang='grc' dir='ltr'>δειχθέντος</span> <span class='ocrx_word' id='word_1_336' title='bbox 1343 3367 1570 3438; x_wconf 87' lang='grc' dir='ltr'>ἀστέρος</span> <span class='ocrx_word' id='word_1_337' title='bbox 1597 3368 1732 3419; x_wconf 87' lang='grc' dir='ltr'>ἀπο-</span> 
     </span>
    </p>
   </div>
   <div class='ocr_carea' id='block_1_51' title="bbox 155 3457 1730 3532">
    <p class='ocr_par' dir='ltr' id='par_1_51' title="bbox 155 3457 1730 3532">
     <span class='ocr_line' id='line_1_51' title="bbox 155 3457 1730 3532; baseline -0.006 -14"><span class='ocrx_word' id='word_1_338' title='bbox 155 3467 426 3527; x_wconf 84' lang='grc' dir='ltr'>τίκτοντος</span> <span class='ocrx_word' id='word_1_339' title='bbox 483 3465 644 3527; x_wconf 85' lang='grc' dir='ltr'>σέλας</span> <span class='ocrx_word' id='word_1_340' title='bbox 665 3479 680 3494; x_wconf 90' lang='grc'><strong>·</strong></span> <span class='ocrx_word' id='word_1_341' title='bbox 715 3463 790 3525; x_wconf 85' lang='grc' dir='ltr'>ὡς</span> <span class='ocrx_word' id='word_1_342' title='bbox 820 3461 884 3515; x_wconf 84' lang='grc' dir='ltr'><strong>ἂν</strong></span> <span class='ocrx_word' id='word_1_343' title='bbox 905 3463 970 3514; x_wconf 85' lang='grc' dir='ltr'><strong>ἐκ</strong></span> <span class='ocrx_word' id='word_1_344' title='bbox 1003 3459 1195 3532; x_wconf 83' lang='grc' dir='ltr'>λύχνου</span> <span class='ocrx_word' id='word_1_345' title='bbox 1241 3459 1384 3521; x_wconf 83' lang='grc' dir='ltr'>τινὸς</span> <span class='ocrx_word' id='word_1_346' title='bbox 1419 3457 1730 3529; x_wconf 83' lang='grc' dir='ltr'>θρυαλλίδος</span> 
     </span>
    </p>
   </div>
   <div class='ocr_carea' id='block_1_52' title="bbox 155 3548 1730 3628">
    <p class='ocr_par' dir='ltr' id='par_1_52' title="bbox 155 3548 1730 3628">
     <span class='ocr_line' id='line_1_52' title="bbox 155 3548 1730 3628; baseline -0.006 -17"><span class='ocrx_word' id='word_1_347' title='bbox 155 3559 248 3628; x_wconf 69' lang='grc' dir='ltr'>τῆς</span> <span class='ocrx_word' id='word_1_348' title='bbox 279 3556 481 3628; x_wconf 79' lang='grc' dir='ltr'>φλογὸς</span> <span class='ocrx_word' id='word_1_349' title='bbox 537 3555 673 3627; x_wconf 83' lang='grc' dir='ltr'>πρὸς</span> <span class='ocrx_word' id='word_1_350' title='bbox 717 3553 850 3624; x_wconf 66' lang='grc' dir='ltr'>ὕψος</span> <span class='ocrx_word' id='word_1_351' title='bbox 902 3551 1256 3622; x_wconf 82' lang='grc' dir='ltr'>ὲξαιρομένης</span> <span class='ocrx_word' id='word_1_352' title='bbox 1281 3567 1293 3580; x_wconf 78' lang='grc' dir='ltr'><strong><em>ο</em></strong></span> <span class='ocrx_word' id='word_1_353' title='bbox 1323 3549 1383 3601; x_wconf 84' lang='grc' dir='ltr'><strong>τὸ</strong></span> <span class='ocrx_word' id='word_1_354' title='bbox 1431 3549 1529 3620; x_wconf 85' lang='grc' dir='ltr'>μὲν</span> <span class='ocrx_word' id='word_1_355' title='bbox 1563 3548 1730 3618; x_wconf 81' lang='grc' dir='ltr'>φανὲν</span> 
     </span>
    </p>
   </div>
   <div class='ocr_carea' id='block_1_53' title="bbox 155 3641 1723 3719">
    <p class='ocr_par' dir='ltr' id='par_1_53' title="bbox 155 3641 1723 3719">
     <span class='ocr_line' id='line_1_53' title="bbox 155 3641 1723 3719; baseline -0.003 -19"><span class='ocrx_word' id='word_1_356' title='bbox 155 3648 292 3702; x_wconf 74' lang='grc' dir='ltr'>οὕτω</span> <span class='ocrx_word' id='word_1_357' title='bbox 321 3647 628 3719; x_wconf 83' lang='grc' dir='ltr'>παράδοξον</span> <span class='ocrx_word' id='word_1_358' title='bbox 657 3648 881 3718; x_wconf 81' lang='grc' dir='ltr'>παρεῖχε</span> <span class='ocrx_word' id='word_1_359' title='bbox 923 3644 1020 3716; x_wconf 82' lang='grc' dir='ltr'>τὴν</span> <span class='ocrx_word' id='word_1_360' title='bbox 1047 3643 1196 3696; x_wconf 86' lang='grc' dir='ltr'>θέαν.</span> <span class='ocrx_word' id='word_1_361' title='bbox 1219 3641 1327 3695; x_wconf 67' lang='grc' dir='ltr'>Καὶ</span> <span class='ocrx_word' id='word_1_362' title='bbox 1361 3644 1394 3712; x_wconf 84' lang='grc' dir='ltr'><strong>ἡ</strong></span> <span class='ocrx_word' id='word_1_363' title='bbox 1423 3641 1636 3712; x_wconf 81' lang='grc' dir='ltr'>κίνησις</span> <span class='ocrx_word' id='word_1_364' title='bbox 1667 3641 1723 3695; x_wconf 82' lang='grc' dir='ltr'>δὲ</span> 
     </span>
    </p>
   </div>
   <div class='ocr_carea' id='block_1_54' title="bbox 159 3731 1726 3812">
    <p class='ocr_par' dir='ltr' id='par_1_54' title="bbox 159 3731 1726 3812">
     <span class='ocr_line' id='line_1_54' title="bbox 159 3731 1726 3812; baseline -0.006 -20"><span class='ocrx_word' id='word_1_365' title='bbox 159 3741 288 3812; x_wconf 75' lang='grc' dir='ltr'>πρὸς</span> <span class='ocrx_word' id='word_1_366' title='bbox 317 3739 501 3794; x_wconf 80' lang='grc' dir='ltr'>πάντα</span> <span class='ocrx_word' id='word_1_367' title='bbox 545 3737 920 3810; x_wconf 78' lang='grc' dir='ltr'>παρήλλαττεν</span> <span class='ocrx_word' id='word_1_368' title='bbox 967 3733 1194 3804; x_wconf 85' lang='grc' dir='ltr'>ἀστέρος</span> <span class='ocrx_word' id='word_1_369' title='bbox 1235 3731 1430 3806; x_wconf 79' lang='grc' dir='ltr'>δρόμον</span> <span class='ocrx_word' id='word_1_370' title='bbox 1453 3749 1466 3762; x_wconf 71' lang='grc'><strong><em>⁸</em></strong></span> <span class='ocrx_word' id='word_1_371' title='bbox 1493 3733 1591 3804; x_wconf 83' lang='grc' dir='ltr'>τὴν</span> <span class='ocrx_word' id='word_1_372' title='bbox 1617 3732 1726 3804; x_wconf 75' lang='grc' dir='ltr'><strong>γὰρ</strong></span> 
     </span>
    </p>
   </div>
   <div class='ocr_carea' id='block_1_55' title="bbox 159 3825 1726 3904">
    <p class='ocr_par' dir='ltr' id='par_1_55' title="bbox 159 3825 1726 3904">
     <span class='ocr_line' id='line_1_55' title="bbox 159 3825 1726 3904; baseline -0.006 -18"><span class='ocrx_word' id='word_1_373' title='bbox 159 3831 476 3904; x_wconf 69' lang='grc' dir='ltr'>ἀρχὴνσόθεν</span> <span class='ocrx_word' id='word_1_374' title='bbox 509 3831 722 3902; x_wconf 77' lang='grc' dir='ltr'>εἴρηται</span> <span class='ocrx_word' id='word_1_375' title='bbox 756 3828 1008 3898; x_wconf 78' lang='grc' dir='ltr'>φανῆναι,</span> <span class='ocrx_word' id='word_1_376' title='bbox 1043 3827 1137 3878; x_wconf 67' lang='grc' dir='ltr'><strong>καὶ</strong></span> <span class='ocrx_word' id='word_1_377' title='bbox 1164 3825 1259 3894; x_wconf 79' lang='grc' dir='ltr'><strong>τῆς</strong></span> <span class='ocrx_word' id='word_1_378' title='bbox 1288 3827 1552 3894; x_wconf 86' lang='grc' dir='ltr'>κινήσεως</span> <span class='ocrx_word' id='word_1_379' title='bbox 1570 3841 1726 3895; x_wconf 81' lang='grc' dir='ltr'>ποιη-</span> 
     </span>
    </p>
   </div>
   <div class='ocr_carea' id='block_1_56' title="bbox 163 3914 1726 3998">
    <p class='ocr_par' dir='ltr' id='par_1_56' title="bbox 163 3914 1726 3998">
     <span class='ocr_line' id='line_1_56' title="bbox 163 3914 1726 3998; baseline -0.007 -20"><span class='ocrx_word' id='word_1_380' title='bbox 163 3931 414 3998; x_wconf 71' lang='grc' dir='ltr'>σάμενος,</span> <span class='ocrx_word' id='word_1_381' title='bbox 463 3924 810 3992; x_wconf 85' lang='grc' dir='ltr'>συνανίσχετο</span> <span class='ocrx_word' id='word_1_382' title='bbox 861 3921 960 3991; x_wconf 87' lang='grc' dir='ltr'>μὲν</span> <span class='ocrx_word' id='word_1_383' title='bbox 1005 3919 1072 3970; x_wconf 84' lang='grc' dir='ltr'>τὰ</span> <span class='ocrx_word' id='word_1_384' title='bbox 1117 3917 1306 3988; x_wconf 80' lang='grc' dir='ltr'>πρῶτα</span> <span class='ocrx_word' id='word_1_385' title='bbox 1337 3914 1414 3986; x_wconf 85' lang='grc' dir='ltr'>τῷ</span> <span class='ocrx_word' id='word_1_386' title='bbox 1446 3915 1726 3986; x_wconf 75' lang='grc' dir='ltr'>ἑωσφόρῳ,</span> 
     </span>
    </p>
   </div>
   <div class='ocr_carea' id='block_1_57' title="bbox 161 4005 1729 4085">
    <p class='ocr_par' dir='ltr' id='par_1_57' title="bbox 161 4005 1729 4085">
     <span class='ocr_line' id='line_1_57' title="bbox 161 4005 1729 4085; baseline -0.005 -17"><span class='ocrx_word' id='word_1_387' title='bbox 161 4019 248 4070; x_wconf 76' lang='grc' dir='ltr'><strong>καὶ</strong></span> <span class='ocrx_word' id='word_1_388' title='bbox 297 4013 716 4085; x_wconf 79' lang='grc' dir='ltr'>συγκατεδύετο.</span> <span class='ocrx_word' id='word_1_389' title='bbox 753 4005 981 4065; x_wconf 80' lang='grc' dir='ltr'>Ἔπειτα</span> <span class='ocrx_word' id='word_1_390' title='bbox 1025 4009 1101 4072; x_wconf 87' lang='grc' dir='ltr'><strong>δὲ,</strong></span> <span class='ocrx_word' id='word_1_391' title='bbox 1150 4009 1270 4061; x_wconf 82' lang='grc' dir='ltr'>κατ’</span> <span class='ocrx_word' id='word_1_392' title='bbox 1298 4007 1474 4074; x_wconf 81' lang='grc' dir='ltr'>ὀλίγον</span> <span class='ocrx_word' id='word_1_393' title='bbox 1524 4005 1729 4060; x_wconf 84' lang='grc' dir='ltr'>διιστά-</span> 
     </span>
    </p>
   </div>
   <div class='ocr_carea' id='block_1_58' title="bbox 165 4099 1733 4178">
    <p class='ocr_par' dir='ltr' id='par_1_58' title="bbox 165 4099 1733 4178">
     <span class='ocr_line' id='line_1_58' title="bbox 165 4099 1733 4178; baseline -0.006 -17"><span class='ocrx_word' id='word_1_394' title='bbox 165 4125 338 4178; x_wconf 82' lang='grc' dir='ltr'>μενος,</span> <span class='ocrx_word' id='word_1_395' title='bbox 399 4107 494 4159; x_wconf 72' lang='grc' dir='ltr'><strong>ἐπὶ</strong></span> <span class='ocrx_word' id='word_1_396' title='bbox 539 4106 639 4168; x_wconf 72' lang='grc' dir='ltr'>τὰς</span> <span class='ocrx_word' id='word_1_397' title='bbox 683 4105 918 4175; x_wconf 81' lang='grc' dir='ltr'>ἄρκτους</span> <span class='ocrx_word' id='word_1_398' title='bbox 953 4103 1106 4172; x_wconf 85' lang='grc' dir='ltr'>ἀνῄει</span> <span class='ocrx_word' id='word_1_399' title='bbox 1137 4101 1296 4172; x_wconf 82' lang='grc' dir='ltr'>σχολῇ</span> <span class='ocrx_word' id='word_1_400' title='bbox 1335 4117 1392 4154; x_wconf 88' lang='grc' dir='ltr'><strong>τε</strong></span> <span class='ocrx_word' id='word_1_401' title='bbox 1441 4099 1532 4152; x_wconf 76' lang='grc' dir='ltr'><strong>καὶ</strong></span> <span class='ocrx_word' id='word_1_402' title='bbox 1569 4099 1733 4170; x_wconf 73' lang='grc' dir='ltr'>βάδην</span> 
     </span>
    </p>
   </div>
   <div class='ocr_carea' id='block_1_59' title="bbox 167 4192 1735 4272">
    <p class='ocr_par' dir='ltr' id='par_1_59' title="bbox 167 4192 1735 4272">
     <span class='ocr_line' id='line_1_59' title="bbox 167 4192 1735 4272; baseline -0.006 -20"><span class='ocrx_word' id='word_1_403' title='bbox 167 4202 499 4270; x_wconf 74' lang='grc' dir='ltr'>κινούμενος,</span> <span class='ocrx_word' id='word_1_404' title='bbox 541 4198 636 4250; x_wconf 76' lang='grc' dir='ltr'><strong>καὶ</strong></span> <span class='ocrx_word' id='word_1_405' title='bbox 691 4194 1125 4272; x_wconf 39' lang='grc' dir='ltr'>ὲγκαρσίωςςὼς</span> <span class='ocrx_word' id='word_1_406' title='bbox 1155 4193 1241 4244; x_wconf 75' lang='grc' dir='ltr'><strong>ἐπ’</strong></span> <span class='ocrx_word' id='word_1_407' title='bbox 1268 4193 1559 4262; x_wconf 82' lang='grc' dir='ltr'>ἀριστερᾶς</span> <span class='ocrx_word' id='word_1_408' title='bbox 1598 4192 1735 4262; x_wconf 81' lang='grc' dir='ltr'>πρὸς</span> 
     </span>
    </p>
   </div>
   <div class='ocr_carea' id='block_1_60' title="bbox 1816 1908 3390 1979">
    <p class='ocr_par' dir='ltr' id='par_1_60' title="bbox 1816 1908 3390 1979">
     <span class='ocr_line' id='line_1_60' title="bbox 1816 1908 3390 1979; baseline -0.001 -17"><span class='ocrx_word' id='word_1_409' title='bbox 1816 1909 2085 1979; x_wconf 83' lang='lat' dir='ltr'><strong>quoddam</strong></span> <span class='ocrx_word' id='word_1_410' title='bbox 2143 1924 2344 1963; x_wconf 86' lang='lat' dir='ltr'><strong>novum</strong></span> <span class='ocrx_word' id='word_1_411' title='bbox 2395 1915 2558 1978; x_wconf 87' lang='lat' dir='ltr'><strong>atque</strong></span> <span class='ocrx_word' id='word_1_412' title='bbox 2601 1909 2922 1962; x_wconf 88' lang='lat' dir='ltr'><strong>inusitatum</strong></span> <span class='ocrx_word' id='word_1_413' title='bbox 2971 1909 3024 1962; x_wconf 87' lang='lat' dir='ltr'><strong>in</strong></span> <span class='ocrx_word' id='word_1_414' title='bbox 3051 1908 3194 1964; x_wconf 73' lang='lat' dir='ltr'><strong>cado</strong></span> <span class='ocrx_word' id='word_1_415' title='bbox 3213 1908 3390 1962; x_wconf 88' lang='lat' dir='ltr'><strong>visum</strong></span> 
     </span>
    </p>
   </div>
   <div class='ocr_carea' id='block_1_61' title="bbox 1815 1999 3390 2070">
    <p class='ocr_par' dir='ltr' id='par_1_61' title="bbox 1815 1999 3390 2070">
     <span class='ocr_line' id='line_1_61' title="bbox 1815 1999 3390 2070; baseline 0 -16"><span class='ocrx_word' id='word_1_416' title='bbox 1815 2009 1938 2054; x_wconf 90' lang='lat' dir='ltr'><strong>est:</strong></span> <span class='ocrx_word' id='word_1_417' title='bbox 1965 1999 2110 2070; x_wconf 89' lang='lat' dir='ltr'><strong>quod</strong></span> <span class='ocrx_word' id='word_1_418' title='bbox 2142 2001 2360 2070; x_wconf 87' lang='lat' dir='ltr'><strong>quidem</strong></span> <span class='ocrx_word' id='word_1_419' title='bbox 2401 1999 2666 2055; x_wconf 78' lang='lat' dir='ltr'><strong>maximas</strong></span> <span class='ocrx_word' id='word_1_420' title='bbox 2704 2001 3042 2056; x_wconf 88' lang='lat' dir='ltr'><strong>calamitates</strong></span> <span class='ocrx_word' id='word_1_421' title='bbox 3071 2001 3194 2053; x_wconf 81' lang='lat' dir='ltr'><strong>orbi</strong></span> <span class='ocrx_word' id='word_1_422' title='bbox 3217 2009 3390 2054; x_wconf 84' lang='lat' dir='ltr'><strong>terra-</strong></span> 
     </span>
    </p>
   </div>
   <div class='ocr_carea' id='block_1_62' title="bbox 1820 2091 3388 2160">
    <p class='ocr_par' dir='ltr' id='par_1_62' title="bbox 1820 2091 3388 2160">
     <span class='ocr_line' id='line_1_62' title="bbox 1820 2091 3388 2160; baseline -0.003 -14"><span class='ocrx_word' id='word_1_423' title='bbox 1820 2107 1939 2146; x_wconf 90' lang='lat' dir='ltr'><strong>rum</strong></span> <span class='ocrx_word' id='word_1_424' title='bbox 1979 2092 2284 2146; x_wconf 86' lang='lat' dir='ltr'><strong>nuntiabat.</strong></span> <span class='ocrx_word' id='word_1_425' title='bbox 2314 2091 2580 2160; x_wconf 85' lang='lat' dir='ltr'><strong>Apparuit</strong></span> <span class='ocrx_word' id='word_1_426' title='bbox 2604 2107 2730 2148; x_wconf 84' lang='lat' dir='ltr'><strong>vero</strong></span> <span class='ocrx_word' id='word_1_427' title='bbox 2747 2093 2976 2160; x_wconf 88' lang='lat' dir='ltr'><strong>primum</strong></span> <span class='ocrx_word' id='word_1_428' title='bbox 3007 2091 3184 2146; x_wconf 87' lang='lat' dir='ltr'><strong>media</strong></span> <span class='ocrx_word' id='word_1_429' title='bbox 3215 2104 3388 2156; x_wconf 69' lang='lat' dir='ltr'><strong>noete,</strong></span> 
     </span>
    </p>
   </div>
   <div class='ocr_carea' id='block_1_63' title="bbox 1813 2179 3393 2250">
    <p class='ocr_par' dir='ltr' id='par_1_63' title="bbox 1813 2179 3393 2250">
     <span class='ocr_line' id='line_1_63' title="bbox 1813 2179 3393 2250; baseline 0.001 -16"><span class='ocrx_word' id='word_1_430' title='bbox 1813 2181 1970 2250; x_wconf 82' lang='lat' dir='ltr'><strong>juxta</strong></span> <span class='ocrx_word' id='word_1_431' title='bbox 1995 2180 2305 2244; x_wconf 75' lang='lat' dir='ltr'><strong>luciferum,</strong></span> <span class='ocrx_word' id='word_1_432' title='bbox 2336 2180 2388 2233; x_wconf 92' lang='lat' dir='ltr'><strong>in</strong></span> <span class='ocrx_word' id='word_1_433' title='bbox 2447 2181 2564 2250; x_wconf 88' lang='lat' dir='ltr'><strong>ipso</strong></span> <span class='ocrx_word' id='word_1_434' title='bbox 2590 2180 2798 2234; x_wconf 87' lang='lat' dir='ltr'><strong>circulo</strong></span> <span class='ocrx_word' id='word_1_435' title='bbox 2825 2183 2916 2250; x_wconf 90' lang='lat' dir='ltr'><strong>qui</strong></span> <span class='ocrx_word' id='word_1_436' title='bbox 2961 2179 3230 2236; x_wconf 79' lang='lat' dir='ltr'><strong>Zodiaeus</strong></span> <span class='ocrx_word' id='word_1_437' title='bbox 3259 2182 3393 2236; x_wconf 85' lang='lat' dir='ltr'><strong>dici-</strong></span> 
     </span>
    </p>
   </div>
   <div class='ocr_carea' id='block_1_64' title="bbox 1820 2273 3390 2342">
    <p class='ocr_par' dir='ltr' id='par_1_64' title="bbox 1820 2273 3390 2342">
     <span class='ocr_line' id='line_1_64' title="bbox 1820 2273 3390 2342; baseline 0.002 -17"><span class='ocrx_word' id='word_1_438' title='bbox 1820 2281 1945 2339; x_wconf 90' lang='lat' dir='ltr'><strong>tur;</strong></span> <span class='ocrx_word' id='word_1_439' title='bbox 1991 2287 2248 2342; x_wconf 83' lang='lat' dir='ltr'><strong>magnum</strong></span> <span class='ocrx_word' id='word_1_440' title='bbox 2299 2287 2462 2340; x_wconf 87' lang='lat' dir='ltr'><strong>porro</strong></span> <span class='ocrx_word' id='word_1_441' title='bbox 2490 2282 2608 2326; x_wconf 85' lang='lat' dir='ltr'><strong>erat</strong></span> <span class='ocrx_word' id='word_1_442' title='bbox 2645 2287 2708 2326; x_wconf 91' lang='lat' dir='ltr'><strong>ac</strong></span> <span class='ocrx_word' id='word_1_443' title='bbox 2743 2273 3084 2342; x_wconf 89' lang='lat' dir='ltr'><strong>splendidum</strong></span> <span class='ocrx_word' id='word_1_444' title='bbox 3131 2273 3180 2328; x_wconf 92' lang='lat' dir='ltr'><strong>id</strong></span> <span class='ocrx_word' id='word_1_445' title='bbox 3217 2275 3390 2335; x_wconf 87' lang='lat' dir='ltr'><strong>sidus,</strong></span> 
     </span>
    </p>
   </div>
   <div class='ocr_carea' id='block_1_65' title="bbox 1821 2363 3397 2424">
    <p class='ocr_par' dir='ltr' id='par_1_65' title="bbox 1821 2363 3397 2424">
     <span class='ocr_line' id='line_1_65' title="bbox 1821 2363 3397 2424; baseline 0.005 -8"><span class='ocrx_word' id='word_1_446' title='bbox 1821 2379 1919 2417; x_wconf 90' lang='lat' dir='ltr'><strong>nec</strong></span> <span class='ocrx_word' id='word_1_447' title='bbox 1952 2364 2123 2418; x_wconf 92' lang='lat' dir='ltr'><strong>multo</strong></span> <span class='ocrx_word' id='word_1_448' title='bbox 2157 2363 2388 2419; x_wconf 80' lang='lat' dir='ltr'><strong>inferius</strong></span> <span class='ocrx_word' id='word_1_449' title='bbox 2421 2365 2672 2418; x_wconf 79' lang='lat' dir='ltr'><strong>lucifero.</strong></span> <span class='ocrx_word' id='word_1_450' title='bbox 2711 2363 2900 2419; x_wconf 84' lang='lat' dir='ltr'><strong>Postea</strong></span> <span class='ocrx_word' id='word_1_451' title='bbox 2927 2381 3058 2420; x_wconf 87' lang='lat' dir='ltr'><strong>vero</strong></span> <span class='ocrx_word' id='word_1_452' title='bbox 3091 2383 3397 2424; x_wconf 81' lang='lat' dir='ltr'><strong>concursus</strong></span> 
     </span>
    </p>
   </div>
   <div class='ocr_carea' id='block_1_66' title="bbox 1822 2456 3394 2530">
    <p class='ocr_par' dir='ltr' id='par_1_66' title="bbox 1822 2456 3394 2530">
     <span class='ocr_line' id='line_1_66' title="bbox 1822 2456 3394 2530; baseline 0.003 -21"><span class='ocrx_word' id='word_1_453' title='bbox 1822 2467 2092 2510; x_wconf 87' lang='lat' dir='ltr'><strong>astrorum</strong></span> <span class='ocrx_word' id='word_1_454' title='bbox 2115 2456 2355 2525; x_wconf 78' lang='lat' dir='ltr'><strong>undique</strong></span> <span class='ocrx_word' id='word_1_455' title='bbox 2381 2457 2447 2510; x_wconf 92' lang='lat' dir='ltr'><strong>ad</strong></span> <span class='ocrx_word' id='word_1_456' title='bbox 2479 2457 2610 2510; x_wconf 90' lang='lat' dir='ltr'><strong>illud</strong></span> <span class='ocrx_word' id='word_1_457' title='bbox 2653 2456 2830 2512; x_wconf 79' lang='lat' dir='ltr'><strong>factus</strong></span> <span class='ocrx_word' id='word_1_458' title='bbox 2857 2467 2938 2512; x_wconf 89' lang='lat' dir='ltr'><strong>est</strong></span> <span class='ocrx_word' id='word_1_459' title='bbox 2979 2478 2992 2512; x_wconf 93' lang='lat'>:</span> <span class='ocrx_word' id='word_1_460' title='bbox 3021 2459 3194 2514; x_wconf 86' lang='lat' dir='ltr'><strong>instar</strong></span> <span class='ocrx_word' id='word_1_461' title='bbox 3229 2475 3394 2530; x_wconf 89' lang='lat' dir='ltr'><strong>apum</strong></span> 
     </span>
    </p>
   </div>
   <div class='ocr_carea' id='block_1_67' title="bbox 1821 2547 3394 2618">
    <p class='ocr_par' dir='ltr' id='par_1_67' title="bbox 1821 2547 3394 2618">
     <span class='ocr_line' id='line_1_67' title="bbox 1821 2547 3394 2618; baseline 0.002 -17"><span class='ocrx_word' id='word_1_462' title='bbox 1821 2547 2086 2601; x_wconf 73' lang='lat' dir='ltr'><strong>examinis</strong></span> <span class='ocrx_word' id='word_1_463' title='bbox 2116 2547 2391 2616; x_wconf 63' lang='lat' dir='ltr'><strong>quatcirca</strong></span> <span class='ocrx_word' id='word_1_464' title='bbox 2417 2563 2592 2618; x_wconf 84' lang='lat' dir='ltr'><strong>regem</strong></span> <span class='ocrx_word' id='word_1_465' title='bbox 2609 2564 2768 2602; x_wconf 92' lang='lat' dir='ltr'><strong>suum</strong></span> <span class='ocrx_word' id='word_1_466' title='bbox 2801 2549 2852 2602; x_wconf 91' lang='lat' dir='ltr'><strong>in</strong></span> <span class='ocrx_word' id='word_1_467' title='bbox 2869 2550 3054 2604; x_wconf 89' lang='lat' dir='ltr'><strong>orbem</strong></span> <span class='ocrx_word' id='word_1_468' title='bbox 3076 2550 3394 2618; x_wconf 75' lang='lat' dir='ltr'><strong>densentur;</strong></span> 
     </span>
    </p>
   </div>
   <div class='ocr_carea' id='block_1_68' title="bbox 1823 2637 3397 2711">
    <p class='ocr_par' dir='ltr' id='par_1_68' title="bbox 1823 2637 3397 2711">
     <span class='ocr_line' id='line_1_68' title="bbox 1823 2637 3397 2711; baseline 0.004 -21"><span class='ocrx_word' id='word_1_469' title='bbox 1823 2637 2040 2698; x_wconf 75' lang='lat' dir='ltr'><strong>exinde.</strong></span> <span class='ocrx_word' id='word_1_470' title='bbox 2099 2638 2262 2692; x_wconf 87' lang='lat' dir='ltr'><strong>veluti</strong></span> <span class='ocrx_word' id='word_1_471' title='bbox 2321 2648 2506 2691; x_wconf 87' lang='lat' dir='ltr'><strong>mutua</strong></span> <span class='ocrx_word' id='word_1_472' title='bbox 2540 2639 2822 2694; x_wconf 85' lang='lat' dir='ltr'><strong>collisione</strong></span> <span class='ocrx_word' id='word_1_473' title='bbox 2875 2650 3119 2711; x_wconf 90' lang='lat' dir='ltr'><strong>cogente,</strong></span> <span class='ocrx_word' id='word_1_474' title='bbox 3151 2643 3397 2697; x_wconf 89' lang='lat' dir='ltr'><strong>omnium</strong></span> 
     </span>
    </p>
   </div>
   <div class='ocr_carea' id='block_1_69' title="bbox 1824 2731 3397 2798">
    <p class='ocr_par' dir='ltr' id='par_1_69' title="bbox 1824 2731 3397 2798">
     <span class='ocr_line' id='line_1_69' title="bbox 1824 2731 3397 2798; baseline 0.004 -14"><span class='ocrx_word' id='word_1_475' title='bbox 1824 2738 2094 2784; x_wconf 88' lang='lat' dir='ltr'><strong>astrorum</strong></span> <span class='ocrx_word' id='word_1_476' title='bbox 2138 2731 2228 2784; x_wconf 80' lang='lat' dir='ltr'><strong>lux</strong></span> <span class='ocrx_word' id='word_1_477' title='bbox 2257 2732 2310 2784; x_wconf 91' lang='lat' dir='ltr'><strong>in</strong></span> <span class='ocrx_word' id='word_1_478' title='bbox 2350 2747 2512 2785; x_wconf 90' lang='lat' dir='ltr'><strong>unam</strong></span> <span class='ocrx_word' id='word_1_479' title='bbox 2537 2731 2810 2786; x_wconf 87' lang='lat' dir='ltr'><strong>ﬂammam</strong></span> <span class='ocrx_word' id='word_1_480' title='bbox 2837 2735 3126 2789; x_wconf 87' lang='lat' dir='ltr'><strong>commista</strong></span> <span class='ocrx_word' id='word_1_481' title='bbox 3173 2737 3397 2798; x_wconf 85' lang='lat' dir='ltr'><strong>eﬂulsit,</strong></span> 
     </span>
    </p>
   </div>
   <div class='ocr_carea' id='block_1_70' title="bbox 1825 2805 3399 2902">
    <p class='ocr_par' dir='ltr' id='par_1_70' title="bbox 1825 2805 3399 2902">
     <span class='ocr_line' id='line_1_70' title="bbox 1825 2805 3399 2902; baseline 0.003 -20"><span class='ocrx_word' id='word_1_482' title='bbox 1825 2837 1878 2882; x_wconf 91' lang='lat' dir='ltr'><strong>et</strong></span> <span class='ocrx_word' id='word_1_483' title='bbox 1904 2829 2158 2899; x_wconf 86' lang='lat' dir='ltr'><strong>ancipitis</strong></span> <span class='ocrx_word' id='word_1_484' title='bbox 2203 2830 2390 2900; x_wconf 78' lang='lat' dir='ltr'><strong>gladii,</strong></span> <span class='ocrx_word' id='word_1_485' title='bbox 2442 2830 2624 2900; x_wconf 81' lang='lat' dir='ltr'><strong>magni</strong></span> <span class='ocrx_word' id='word_1_486' title='bbox 2651 2805 3264 2902; x_wconf 45' lang='lat' dir='ltr'><strong>aeterribilis‘tiguram</strong></span> <span class='ocrx_word' id='word_1_487' title='bbox 3301 2849 3399 2887; x_wconf 76' lang='lat' dir='ltr'><strong>ex-</strong></span> 
     </span>
    </p>
   </div>
   <div class='ocr_carea' id='block_1_71' title="bbox 1827 2917 3402 2990">
    <p class='ocr_par' dir='ltr' id='par_1_71' title="bbox 1827 2917 3402 2990">
     <span class='ocr_line' id='line_1_71' title="bbox 1827 2917 3402 2990; baseline 0.004 -20"><span class='ocrx_word' id='word_1_488' title='bbox 1827 2919 2049 2987; x_wconf 86' lang='lat' dir='ltr'><strong>pressit.</strong></span> <span class='ocrx_word' id='word_1_489' title='bbox 2087 2917 2152 2972; x_wconf 85' lang='lat' dir='ltr'><strong>Et</strong></span> <span class='ocrx_word' id='word_1_490' title='bbox 2181 2935 2246 2973; x_wconf 83' lang='lat' dir='ltr'><strong>ex</strong></span> <span class='ocrx_word' id='word_1_491' title='bbox 2303 2920 2426 2973; x_wconf 88' lang='lat' dir='ltr'><strong>aliis</strong></span> <span class='ocrx_word' id='word_1_492' title='bbox 2453 2919 2671 2988; x_wconf 87' lang='lat' dir='ltr'><strong>quidem</strong></span> <span class='ocrx_word' id='word_1_493' title='bbox 2717 2919 2988 2974; x_wconf 86' lang='lat' dir='ltr'><strong>sideribus</strong></span> <span class='ocrx_word' id='word_1_494' title='bbox 3021 2937 3143 2990; x_wconf 75' lang='lat' dir='ltr'><strong>quae</strong></span> <span class='ocrx_word' id='word_1_495' title='bbox 3183 2923 3235 2974; x_wconf 85' lang='lat' dir='ltr'><strong>ir.</strong></span> <span class='ocrx_word' id='word_1_496' title='bbox 3269 2923 3402 2976; x_wconf 86' lang='lat' dir='ltr'><strong>illud</strong></span> 
     </span>
    </p>
   </div>
   <div class='ocr_carea' id='block_1_72' title="bbox 1829 3010 3400 3082">
    <p class='ocr_par' dir='ltr' id='par_1_72' title="bbox 1829 3010 3400 3082">
     <span class='ocr_line' id='line_1_72' title="bbox 1829 3010 3400 3082; baseline 0.003 -20"><span class='ocrx_word' id='word_1_497' title='bbox 1829 3019 2033 3064; x_wconf 82' lang='lat' dir='ltr'><strong>astrum</strong></span> <span class='ocrx_word' id='word_1_498' title='bbox 2059 3010 2290 3064; x_wconf 87' lang='lat' dir='ltr'><strong>conﬂata</strong></span> <span class='ocrx_word' id='word_1_499' title='bbox 2337 3021 2510 3076; x_wconf 88' lang='lat' dir='ltr'><strong>erant,</strong></span> <span class='ocrx_word' id='word_1_500' title='bbox 2563 3010 2656 3064; x_wconf 80' lang='lat' dir='ltr'><strong>lux</strong></span> <span class='ocrx_word' id='word_1_501' title='bbox 2706 3011 2968 3076; x_wconf 87' lang='lat' dir='ltr'><strong>emicans,</strong></span> <span class='ocrx_word' id='word_1_502' title='bbox 2997 3012 3144 3067; x_wconf 82' lang='lat' dir='ltr'><strong>ensis</strong></span> <span class='ocrx_word' id='word_1_503' title='bbox 3165 3015 3400 3082; x_wconf 86' lang='lat' dir='ltr'><strong>speciem</strong></span> 
     </span>
    </p>
   </div>
   <div class='ocr_carea' id='block_1_73' title="bbox 1831 3101 3398 3176">
    <p class='ocr_par' dir='ltr' id='par_1_73' title="bbox 1831 3101 3398 3176">
     <span class='ocr_line' id='line_1_73' title="bbox 1831 3101 3398 3176; baseline 0.005 -22"><span class='ocrx_word' id='word_1_504' title='bbox 1831 3101 2185 3171; x_wconf 68' lang='lat' dir='ltr'><strong>praeferebat;</strong></span> <span class='ocrx_word' id='word_1_505' title='bbox 2214 3117 2356 3158; x_wconf 91' lang='lat' dir='ltr'><strong>unus</strong></span> <span class='ocrx_word' id='word_1_506' title='bbox 2393 3117 2521 3156; x_wconf 89' lang='lat' dir='ltr'><strong>vero</strong></span> <span class='ocrx_word' id='word_1_507' title='bbox 2567 3102 2656 3156; x_wconf 90' lang='lat' dir='ltr'><strong>ille</strong></span> <span class='ocrx_word' id='word_1_508' title='bbox 2685 3103 2778 3172; x_wconf 87' lang='lat' dir='ltr'><strong>qui</strong></span> <span class='ocrx_word' id='word_1_509' title='bbox 2815 3104 3026 3172; x_wconf 87' lang='lat' dir='ltr'><strong>primus</strong></span> <span class='ocrx_word' id='word_1_510' title='bbox 3052 3115 3398 3176; x_wconf 84' lang='lat' dir='ltr'><strong>apparuerat.</strong></span> 
     </span>
    </p>
   </div>
   <div class='ocr_carea' id='block_1_74' title="bbox 1829 3195 3404 3265">
    <p class='ocr_par' dir='ltr' id='par_1_74' title="bbox 1829 3195 3404 3265">
     <span class='ocr_line' id='line_1_74' title="bbox 1829 3195 3404 3265; baseline 0.004 -19"><span class='ocrx_word' id='word_1_511' title='bbox 1829 3195 1999 3248; x_wconf 88' lang='lat' dir='ltr'><strong>instar</strong></span> <span class='ocrx_word' id='word_1_512' title='bbox 2032 3195 2210 3264; x_wconf 90' lang='lat' dir='ltr'><strong>capuli</strong></span> <span class='ocrx_word' id='word_1_513' title='bbox 2237 3195 2558 3264; x_wconf 74' lang='lat' dir='ltr'><strong>supradicta:</strong></span> <span class='ocrx_word' id='word_1_514' title='bbox 2579 3195 2766 3265; x_wconf 70' lang='lat' dir='ltr'><strong>ﬁgura:</strong></span> <span class='ocrx_word' id='word_1_515' title='bbox 2787 3197 3087 3258; x_wconf 81' lang='lat' dir='ltr'><strong>videbatur.</strong></span> <span class='ocrx_word' id='word_1_516' title='bbox 3113 3207 3208 3252; x_wconf 88' lang='lat' dir='ltr'><strong>aut</strong></span> <span class='ocrx_word' id='word_1_517' title='bbox 3229 3197 3404 3252; x_wconf 87' lang='lat' dir='ltr'><strong>instar</strong></span> 
     </span>
    </p>
   </div>
   <div class='ocr_carea' id='block_1_75' title="bbox 1830 3285 3400 3358">
    <p class='ocr_par' dir='ltr' id='par_1_75' title="bbox 1830 3285 3400 3358">
     <span class='ocr_line' id='line_1_75' title="bbox 1830 3285 3400 3358; baseline 0.004 -20"><span class='ocrx_word' id='word_1_518' title='bbox 1830 3285 2029 3340; x_wconf 85' lang='lat' dir='ltr'><strong>radicis</strong></span> <span class='ocrx_word' id='word_1_519' title='bbox 2082 3285 2368 3354; x_wconf 89' lang='lat' dir='ltr'><strong>cujusdam</strong></span> <span class='ocrx_word' id='word_1_520' title='bbox 2403 3302 2524 3356; x_wconf 78' lang='lat' dir='ltr'><strong>qua:</strong></span> <span class='ocrx_word' id='word_1_521' title='bbox 2559 3287 2870 3342; x_wconf 85' lang='lat' dir='ltr'><strong>universam</strong></span> <span class='ocrx_word' id='word_1_522' title='bbox 2922 3290 3231 3358; x_wconf 86' lang='lat' dir='ltr'><strong>apparentis</strong></span> <span class='ocrx_word' id='word_1_523' title='bbox 3269 3295 3400 3346; x_wconf 86' lang='lat' dir='ltr'><strong>astri</strong></span> 
     </span>
    </p>
   </div>
   <div class='ocr_carea' id='block_1_76' title="bbox 1829 3376 3404 3450">
    <p class='ocr_par' dir='ltr' id='par_1_76' title="bbox 1829 3376 3404 3450">
     <span class='ocr_line' id='line_1_76' title="bbox 1829 3376 3404 3450; baseline 0.002 -21"><span class='ocrx_word' id='word_1_524' title='bbox 1829 3376 2005 3430; x_wconf 91' lang='lat' dir='ltr'><strong>lucem</strong></span> <span class='ocrx_word' id='word_1_525' title='bbox 2041 3391 2106 3430; x_wconf 82' lang='lat' dir='ltr'><strong>ex</strong></span> <span class='ocrx_word' id='word_1_526' title='bbox 2158 3392 2217 3430; x_wconf 89' lang='lat' dir='ltr'><strong>se</strong></span> <span class='ocrx_word' id='word_1_527' title='bbox 2261 3377 2554 3446; x_wconf 83' lang='lat' dir='ltr'><strong>gignebat;</strong></span> <span class='ocrx_word' id='word_1_528' title='bbox 2593 3376 2833 3442; x_wconf 85' lang='lat' dir='ltr'><strong>ﬂamma,</strong></span> <span class='ocrx_word' id='word_1_529' title='bbox 2866 3378 3014 3432; x_wconf 87' lang='lat' dir='ltr'><strong>velut</strong></span> <span class='ocrx_word' id='word_1_530' title='bbox 3040 3394 3106 3434; x_wconf 85' lang='lat' dir='ltr'><strong>ex</strong></span> <span class='ocrx_word' id='word_1_531' title='bbox 3131 3379 3404 3450; x_wconf 84' lang='lat' dir='ltr'><strong>ellychnio</strong></span> 
     </span>
    </p>
   </div>
   <div class='ocr_carea' id='block_1_77' title="bbox 1831 3467 3402 3536">
    <p class='ocr_par' dir='ltr' id='par_1_77' title="bbox 1831 3467 3402 3536">
     <span class='ocr_line' id='line_1_77' title="bbox 1831 3467 3402 3536; baseline 0.001 -16"><span class='ocrx_word' id='word_1_532' title='bbox 1831 3467 2115 3536; x_wconf 89' lang='lat' dir='ltr'><strong>cujusdam</strong></span> <span class='ocrx_word' id='word_1_533' title='bbox 2173 3467 2431 3528; x_wconf 72' lang='lat' dir='ltr'><strong>lucernae,</strong></span> <span class='ocrx_word' id='word_1_534' title='bbox 2462 3483 2682 3522; x_wconf 88' lang='lat' dir='ltr'><strong>sursum</strong></span> <span class='ocrx_word' id='word_1_535' title='bbox 2724 3469 3038 3536; x_wconf 83' lang='lat' dir='ltr'><strong>provolante</strong></span> <span class='ocrx_word' id='word_1_536' title='bbox 3067 3486 3079 3521; x_wconf 97' lang='lat'>:</span> <span class='ocrx_word' id='word_1_537' title='bbox 3109 3479 3164 3524; x_wconf 90' lang='lat' dir='ltr'><strong>et</strong></span> <span class='ocrx_word' id='word_1_538' title='bbox 3195 3479 3402 3526; x_wconf 85' lang='lat' dir='ltr'><strong>astrum</strong></span> 
     </span>
    </p>
   </div>
   <div class='ocr_carea' id='block_1_78' title="bbox 1833 3558 3406 3634">
    <p class='ocr_par' dir='ltr' id='par_1_78' title="bbox 1833 3558 3406 3634">
     <span class='ocr_line' id='line_1_78' title="bbox 1833 3558 3406 3634; baseline 0.005 -24"><span class='ocrx_word' id='word_1_539' title='bbox 1833 3558 2049 3626; x_wconf 86' lang='lat' dir='ltr'><strong>quidem</strong></span> <span class='ocrx_word' id='word_1_540' title='bbox 2081 3559 2222 3628; x_wconf 91' lang='lat' dir='ltr'><strong>quod</strong></span> <span class='ocrx_word' id='word_1_541' title='bbox 2251 3566 2382 3614; x_wconf 89' lang='lat' dir='ltr'><strong>tunc</strong></span> <span class='ocrx_word' id='word_1_542' title='bbox 2415 3561 2684 3630; x_wconf 87' lang='lat' dir='ltr'><strong>apparuit,</strong></span> <span class='ocrx_word' id='word_1_543' title='bbox 2713 3561 2848 3614; x_wconf 89' lang='lat' dir='ltr'><strong>adeo</strong></span> <span class='ocrx_word' id='word_1_544' title='bbox 2881 3577 3078 3616; x_wconf 85' lang='lat' dir='ltr'><strong>novum</strong></span> <span class='ocrx_word' id='word_1_545' title='bbox 3118 3573 3282 3634; x_wconf 90' lang='lat' dir='ltr'><strong>atque</strong></span> <span class='ocrx_word' id='word_1_546' title='bbox 3309 3564 3406 3618; x_wconf 89' lang='lat' dir='ltr'><strong>ad-</strong></span> 
     </span>
    </p>
   </div>
   <div class='ocr_carea' id='block_1_79' title="bbox 1833 3649 3404 3724">
    <p class='ocr_par' dir='ltr' id='par_1_79' title="bbox 1833 3649 3404 3724">
     <span class='ocr_line' id='line_1_79' title="bbox 1833 3649 3404 3724; baseline 0.003 -21"><span class='ocrx_word' id='word_1_547' title='bbox 1833 3650 2077 3706; x_wconf 68' lang='lat' dir='ltr'><strong>mirabile</strong></span> <span class='ocrx_word' id='word_1_548' title='bbox 2101 3649 2470 3720; x_wconf 88' lang='lat' dir='ltr'><strong>spectaculum</strong></span> <span class='ocrx_word' id='word_1_549' title='bbox 2498 3651 2746 3721; x_wconf 74' lang='lat' dir='ltr'><strong>praebuit.</strong></span> <span class='ocrx_word' id='word_1_550' title='bbox 2773 3651 2950 3708; x_wconf 84' lang='lat' dir='ltr'><strong>Motus</strong></span> <span class='ocrx_word' id='word_1_551' title='bbox 2973 3667 3102 3708; x_wconf 87' lang='lat' dir='ltr'><strong>vero</strong></span> <span class='ocrx_word' id='word_1_552' title='bbox 3135 3669 3168 3708; x_wconf 92' lang='lat' dir='ltr'><strong>a</strong></span> <span class='ocrx_word' id='word_1_553' title='bbox 3197 3654 3404 3724; x_wconf 87' lang='lat' dir='ltr'><strong>reliquo</strong></span> 
     </span>
    </p>
   </div>
   <div class='ocr_carea' id='block_1_80' title="bbox 1833 3739 3404 3810">
    <p class='ocr_par' dir='ltr' id='par_1_80' title="bbox 1833 3739 3404 3810">
     <span class='ocr_line' id='line_1_80' title="bbox 1833 3739 3404 3810; baseline 0.003 -15"><span class='ocrx_word' id='word_1_554' title='bbox 1833 3739 2108 3796; x_wconf 89' lang='lat' dir='ltr'><strong>stellarum</strong></span> <span class='ocrx_word' id='word_1_555' title='bbox 2138 3757 2300 3796; x_wconf 89' lang='lat' dir='ltr'><strong>cursu</strong></span> <span class='ocrx_word' id='word_1_556' title='bbox 2325 3741 2484 3810; x_wconf 88' lang='lat' dir='ltr'><strong>longe</strong></span> <span class='ocrx_word' id='word_1_557' title='bbox 2514 3741 2764 3798; x_wconf 87' lang='lat' dir='ltr'><strong>diversus</strong></span> <span class='ocrx_word' id='word_1_558' title='bbox 2795 3743 2932 3810; x_wconf 82' lang='lat' dir='ltr'><strong>fuit;</strong></span> <span class='ocrx_word' id='word_1_559' title='bbox 2967 3759 3090 3798; x_wconf 88' lang='lat' dir='ltr'><strong>nam</strong></span> <span class='ocrx_word' id='word_1_560' title='bbox 3125 3761 3248 3800; x_wconf 89' lang='lat' dir='ltr'><strong>cum</strong></span> <span class='ocrx_word' id='word_1_561' title='bbox 3279 3747 3404 3800; x_wconf 89' lang='lat' dir='ltr'><strong>inde</strong></span> 
     </span>
    </p>
   </div>
   <div class='ocr_carea' id='block_1_81' title="bbox 1835 3830 3450 3905">
    <p class='ocr_par' dir='ltr' id='par_1_81' title="bbox 1835 3830 3450 3905">
     <span class='ocr_line' id='line_1_81' title="bbox 1835 3830 3450 3905; baseline 0.003 -19"><span class='ocrx_word' id='word_1_562' title='bbox 1835 3830 1979 3886; x_wconf 91' lang='lat' dir='ltr'><strong>unde</strong></span> <span class='ocrx_word' id='word_1_563' title='bbox 2003 3831 2262 3898; x_wconf 75' lang='lat' dir='ltr'><strong>diximus,</strong></span> <span class='ocrx_word' id='word_1_564' title='bbox 2303 3847 2564 3902; x_wconf 88' lang='lat' dir='ltr'><strong>apparere</strong></span> <span class='ocrx_word' id='word_1_565' title='bbox 2611 3848 2676 3888; x_wconf 88' lang='lat' dir='ltr'><strong>ac</strong></span> <span class='ocrx_word' id='word_1_566' title='bbox 2699 3835 2904 3888; x_wconf 86' lang='lat' dir='ltr'><strong>moveri</strong></span> <span class='ocrx_word' id='word_1_567' title='bbox 2935 3835 3210 3905; x_wconf 67' lang='lat' dir='ltr'><strong>erupisset,</strong></span> <span class='ocrx_word' id='word_1_568' title='bbox 3245 3836 3404 3891; x_wconf 90' lang='lat' dir='ltr'><strong>initio</strong></span> <span class='ocrx_word' id='word_1_569' title='bbox 3441 3847 3450 3860; x_wconf 84' lang='lat'>‘</span> 
     </span>
    </p>
   </div>
   <div class='ocr_carea' id='block_1_82' title="bbox 1835 3922 3400 3990">
    <p class='ocr_par' dir='ltr' id='par_1_82' title="bbox 1835 3922 3400 3990">
     <span class='ocr_line' id='line_1_82' title="bbox 1835 3922 3400 3990; baseline 0.002 -14"><span class='ocrx_word' id='word_1_570' title='bbox 1835 3922 2050 3990; x_wconf 87' lang='lat' dir='ltr'><strong>quidem</strong></span> <span class='ocrx_word' id='word_1_571' title='bbox 2106 3922 2383 3976; x_wconf 76' lang='lat' dir='ltr'><strong>oriebatur</strong></span> <span class='ocrx_word' id='word_1_572' title='bbox 2413 3931 2466 3976; x_wconf 88' lang='lat' dir='ltr'><strong>et</strong></span> <span class='ocrx_word' id='word_1_573' title='bbox 2511 3922 2794 3978; x_wconf 88' lang='lat' dir='ltr'><strong>occidebat</strong></span> <span class='ocrx_word' id='word_1_574' title='bbox 2841 3939 2948 3978; x_wconf 85' lang='lat' dir='ltr'><strong>una</strong></span> <span class='ocrx_word' id='word_1_575' title='bbox 2994 3939 3118 3980; x_wconf 90' lang='lat' dir='ltr'><strong>cum</strong></span> <span class='ocrx_word' id='word_1_576' title='bbox 3153 3925 3400 3981; x_wconf 79' lang='lat' dir='ltr'><strong>lucifero.</strong></span> 
     </span>
    </p>
   </div>
   <div class='ocr_carea' id='block_1_83' title="bbox 1837 4009 3404 4087">
    <p class='ocr_par' dir='ltr' id='par_1_83' title="bbox 1837 4009 3404 4087">
     <span class='ocr_line' id='line_1_83' title="bbox 1837 4009 3404 4087; baseline 0.008 -26"><span class='ocrx_word' id='word_1_577' title='bbox 1837 4009 2028 4064; x_wconf 85' lang='lat' dir='ltr'><strong>Postea</strong></span> <span class='ocrx_word' id='word_1_578' title='bbox 2094 4025 2220 4066; x_wconf 80' lang='lat' dir='ltr'><strong>vero</strong></span> <span class='ocrx_word' id='word_1_579' title='bbox 2274 4011 2532 4080; x_wconf 87' lang='lat' dir='ltr'><strong>paulatim</strong></span> <span class='ocrx_word' id='word_1_580' title='bbox 2571 4014 2852 4080; x_wconf 86' lang='lat' dir='ltr'><strong>recedens,</strong></span> <span class='ocrx_word' id='word_1_581' title='bbox 2885 4016 2954 4071; x_wconf 89' lang='lat' dir='ltr'><strong>ad</strong></span> <span class='ocrx_word' id='word_1_582' title='bbox 2979 4019 3404 4087; x_wconf 85' lang='lat' dir='ltr'><strong>septentrionem</strong></span> 
     </span>
    </p>
   </div>
   <div class='ocr_carea' id='block_1_84' title="bbox 1835 4103 3406 4182">
    <p class='ocr_par' dir='ltr' id='par_1_84' title="bbox 1835 4103 3406 4182">
     <span class='ocr_line' id='line_1_84' title="bbox 1835 4103 3406 4182; baseline 0.006 -26"><span class='ocrx_word' id='word_1_583' title='bbox 1835 4103 2183 4166; x_wconf 78' lang='lat' dir='ltr'><strong>ascendebat,</strong></span> <span class='ocrx_word' id='word_1_584' title='bbox 2207 4105 2408 4158; x_wconf 89' lang='lat' dir='ltr'><strong>sensim</strong></span> <span class='ocrx_word' id='word_1_585' title='bbox 2441 4121 2506 4160; x_wconf 89' lang='lat' dir='ltr'><strong>ac</strong></span> <span class='ocrx_word' id='word_1_586' title='bbox 2533 4106 2678 4162; x_wconf 90' lang='lat' dir='ltr'><strong>lente</strong></span> <span class='ocrx_word' id='word_1_587' title='bbox 2709 4109 3082 4180; x_wconf 78' lang='lat' dir='ltr'><strong>progrediens,</strong></span> <span class='ocrx_word' id='word_1_588' title='bbox 3105 4123 3160 4166; x_wconf 89' lang='lat' dir='ltr'><strong>et</strong></span> <span class='ocrx_word' id='word_1_589' title='bbox 3185 4111 3406 4182; x_wconf 79' lang='lat' dir='ltr'><strong>oblique</strong></span> 
     </span>
    </p>
   </div>
   <div class='ocr_carea' id='block_1_85' title="bbox 1838 4195 3404 4270">
    <p class='ocr_par' dir='ltr' id='par_1_85' title="bbox 1838 4195 3404 4270">
     <span class='ocr_line' id='line_1_85' title="bbox 1838 4195 3404 4270; baseline 0.007 -23"><span class='ocrx_word' id='word_1_590' title='bbox 1838 4204 2094 4264; x_wconf 90' lang='lat' dir='ltr'><strong>tanquam</strong></span> <span class='ocrx_word' id='word_1_591' title='bbox 2129 4195 2194 4248; x_wconf 90' lang='lat' dir='ltr'><strong>ad</strong></span> <span class='ocrx_word' id='word_1_592' title='bbox 2261 4195 2470 4264; x_wconf 73' lang='lat' dir='ltr'><strong>laevam,</strong></span> <span class='ocrx_word' id='word_1_593' title='bbox 2497 4207 2742 4267; x_wconf 79' lang='lat' dir='ltr'><strong>respectu</strong></span> <span class='ocrx_word' id='word_1_594' title='bbox 2787 4201 3004 4270; x_wconf 90' lang='lat' dir='ltr'><strong>quidem</strong></span> <span class='ocrx_word' id='word_1_595' title='bbox 3057 4203 3404 4268; x_wconf 87' lang='lat' dir='ltr'><strong>intuentium,</strong></span> 
     </span>
    </p>
   </div>
   <div class='ocr_carea' id='block_1_86' title="bbox 1383 4369 2153 4419">
    <p class='ocr_par' dir='ltr' id='par_1_86' title="bbox 1383 4369 2153 4419">
     <span class='ocr_line' id='line_1_86' title="bbox 1383 4369 2153 4419; baseline 0.003 -5"><span class='ocrx_word' id='word_1_596' title='bbox 1383 4369 1626 4414; x_wconf 73' lang='lat' dir='ltr'><strong>VALESII</strong></span> <span class='ocrx_word' id='word_1_597' title='bbox 1659 4371 2153 4419; x_wconf 71' lang='lat' dir='ltr'><strong>ANNOTATIONES.</strong></span> 
     </span>
    </p>
   </div>
   <div class='ocr_carea' id='block_1_87' title="bbox 171 4501 1718 4588">
    <p class='ocr_par' dir='ltr' id='par_1_87' title="bbox 171 4501 1718 4588">
     <span class='ocr_line' id='line_1_87' title="bbox 171 4501 1718 4588; baseline -0.003 -25"><span class='ocrx_word' id='word_1_598' title='bbox 171 4577 180 4586; x_wconf 89' lang='lat'><em>_</em></span> <span class='ocrx_word' id='word_1_599' title='bbox 233 4508 344 4578; x_wconf 66' lang='lat'><strong>(54)</strong></span> <span class='ocrx_word' id='word_1_600' title='bbox 367 4504 792 4588; x_wconf 61' lang='grc' dir='ltr'>Παρᾳσςάντες</span> <span class='ocrx_word' id='word_1_601' title='bbox 815 4505 1024 4588; x_wconf 38' lang='grc' dir='ltr'><strong>,αὐτὸν</strong></span> <span class='ocrx_word' id='word_1_602' title='bbox 1055 4501 1472 4588; x_wconf 39' lang='lat' dir='ltr'><strong>{grta—thymum</strong></span> <span class='ocrx_word' id='word_1_603' title='bbox 1492 4501 1718 4588; x_wconf 53' lang='grc' dir='ltr'><strong>,Πυρρος</strong></span> 
     </span>
    </p>
   </div>
   <div class='ocr_carea' id='block_1_88' title="bbox 1827 4501 3404 4588">
    <p class='ocr_par' dir='ltr' id='par_1_88' title="bbox 1835 4505 3404 4588">
     <span class='ocr_line' id='line_1_88' title="bbox 1835 4505 3404 4588; baseline 0.006 -30"><span class='ocrx_word' id='word_1_604' title='bbox 1835 4505 2098 4588; x_wconf 74' lang='lat' dir='ltr'><strong>etiamin</strong></span> <span class='ocrx_word' id='word_1_605' title='bbox 2147 4506 2392 4576; x_wconf 84' lang='lat' dir='ltr'><strong>margine</strong></span> <span class='ocrx_word' id='word_1_606' title='bbox 2436 4509 2638 4566; x_wconf 89' lang='lat' dir='ltr'><strong>codicis</strong></span> <span class='ocrx_word' id='word_1_607' title='bbox 2693 4509 3039 4566; x_wconf 81' lang='lat' dir='ltr'><strong>Bocliartiani</strong></span> <span class='ocrx_word' id='word_1_608' title='bbox 3089 4513 3404 4568; x_wconf 88' lang='lat' dir='ltr'><strong>adnotatum</strong></span> 
     </span>
    </p>
   </div>
   <div class='ocr_carea' id='block_1_89' title="bbox 169 4571 1728 4646">
    <p class='ocr_par' dir='ltr' id='par_1_89' title="bbox 169 4571 1728 4646">
     <span class='ocr_line' id='line_1_89' title="bbox 169 4571 1728 4646; baseline -0.003 -17"><span class='ocrx_word' id='word_1_609' title='bbox 169 4577 216 4630; x_wconf 89' lang='lat' dir='ltr'><strong>in</strong></span> <span class='ocrx_word' id='word_1_610' title='bbox 239 4571 628 4646; x_wconf 72' lang='lat' dir='ltr'><strong>manuscriptis</strong></span> <span class='ocrx_word' id='word_1_611' title='bbox 653 4575 934 4646; x_wconf 85' lang='lat' dir='ltr'><strong>codicibus</strong></span> <span class='ocrx_word' id='word_1_612' title='bbox 965 4574 1222 4646; x_wconf 80' lang='lat' dir='ltr'><strong>scribitur</strong></span> <span class='ocrx_word' id='word_1_613' title='bbox 1253 4571 1605 4646; x_wconf 66' lang='grc' dir='ltr'>ἐξαπιναίως.</span> <span class='ocrx_word' id='word_1_614' title='bbox 1623 4573 1728 4646; x_wconf 78' lang='lat' dir='ltr'><strong>Sed</strong></span> 
     </span>
    </p>
   </div>
   <div class='ocr_carea' id='block_1_90' title="bbox 171 4643 1728 4714">
    <p class='ocr_par' dir='ltr' id='par_1_90' title="bbox 171 4643 1728 4714">
     <span class='ocr_line' id='line_1_90' title="bbox 171 4643 1728 4714; baseline -0.004 -13"><span class='ocrx_word' id='word_1_615' title='bbox 171 4657 418 4712; x_wconf 63' lang='lat' dir='ltr'><strong>pmterea</strong></span> <span class='ocrx_word' id='word_1_616' title='bbox 451 4643 808 4714; x_wconf 76' lang='lat' dir='ltr'><strong>corrigendus</strong></span> <span class='ocrx_word' id='word_1_617' title='bbox 841 4643 1222 4698; x_wconf 82' lang='lat' dir='ltr'><strong>videturlocus</strong></span> <span class='ocrx_word' id='word_1_618' title='bbox 1255 4643 1648 4714; x_wconf 17' lang='lat' dir='ltr'><strong>hocﬂmodotol</strong></span> <span class='ocrx_word' id='word_1_619' title='bbox 1671 4643 1728 4696; x_wconf 82' lang='grc' dir='ltr'>δὲ</span> 
     </span>
    </p>
   </div>
   <div class='ocr_carea' id='block_1_91' title="bbox 169 4713 1731 4786">
    <p class='ocr_par' dir='ltr' id='par_1_91' title="bbox 169 4713 1731 4786">
     <span class='ocr_line' id='line_1_91' title="bbox 169 4713 1731 4786; baseline -0.003 -18"><span class='ocrx_word' id='word_1_620' title='bbox 169 4719 476 4782; x_wconf 72' lang='grc' dir='ltr'>ἐπιστάντες</span> <span class='ocrx_word' id='word_1_621' title='bbox 501 4713 650 4786; x_wconf 81' lang='grc' dir='ltr'>αὑτῷ</span> <span class='ocrx_word' id='word_1_622' title='bbox 665 4715 1014 4786; x_wconf 77' lang='grc' dir='ltr'>ἐξαπιναίως,</span> <span class='ocrx_word' id='word_1_623' title='bbox 1045 4725 1148 4766; x_wconf 90' lang='lat' dir='ltr'><strong>etc.</strong></span> <span class='ocrx_word' id='word_1_624' title='bbox 1177 4714 1286 4766; x_wconf 75' lang='grc' dir='ltr'><strong>Καὶ</strong></span> <span class='ocrx_word' id='word_1_625' title='bbox 1312 4713 1418 4767; x_wconf 86' lang='grc' dir='ltr'><strong>τῶν</strong></span> <span class='ocrx_word' id='word_1_626' title='bbox 1444 4715 1543 4784; x_wconf 85' lang='grc' dir='ltr'>τῆς</span> <span class='ocrx_word' id='word_1_627' title='bbox 1575 4713 1731 4784; x_wconf 84' lang='grc' dir='ltr'>βασι-</span> 
     </span>
    </p>
   </div>
   <div class='ocr_carea' id='block_1_92' title="bbox 167 4783 1012 4858">
    <p class='ocr_par' dir='ltr' id='par_1_92' title="bbox 167 4783 1012 4858">
     <span class='ocr_line' id='line_1_92' title="bbox 167 4783 1012 4858; baseline -0.002 -21"><span class='ocrx_word' id='word_1_628' title='bbox 167 4787 304 4850; x_wconf 85' lang='grc' dir='ltr'>λείας</span> <span class='ocrx_word' id='word_1_629' title='bbox 327 4807 404 4840; x_wconf 88' lang='grc' dir='ltr'><strong>πα</strong></span> <span class='ocrx_word' id='word_1_630' title='bbox 411 4790 550 4858; x_wconf 53' lang='lat' dir='ltr'><strong>paci;</strong></span> <span class='ocrx_word' id='word_1_631' title='bbox 560 4783 691 4858; x_wconf 45' lang='lat' dir='ltr'><strong>mea</strong></span> <span class='ocrx_word' id='word_1_632' title='bbox 703 4788 738 4839; x_wconf 86' lang='grc' dir='ltr'><strong>ἀ</strong></span> <span class='ocrx_word' id='word_1_633' title='bbox 748 4783 935 4858; x_wconf 81' lang='grc' dir='ltr'>ποδύου</span> <span class='ocrx_word' id='word_1_634' title='bbox 943 4802 992 4836; x_wconf 88' lang='grc' dir='ltr'><strong>σι</strong></span> <span class='ocrx_word' id='word_1_635' title='bbox 1002 4824 1012 4836; x_wconf 94' lang='grc'><strong>.</strong></span> 
     </span>
    </p>
   </div>
   <div class='ocr_carea' id='block_1_93' title="bbox 233 4852 1735 4938">
    <p class='ocr_par' dir='ltr' id='par_1_93' title="bbox 233 4852 1735 4938">
     <span class='ocr_line' id='line_1_93' title="bbox 233 4852 1735 4938; baseline -0.005 -23"><span class='ocrx_word' id='word_1_636' title='bbox 233 4859 348 4938; x_wconf 42' lang='grc' dir='ltr'><strong>(ξ’)ὅ).</strong></span> <span class='ocrx_word' id='word_1_637' title='bbox 373 4852 644 4938; x_wconf 47' lang='lat' dir='ltr'><strong>suasa;</strong></span> <span class='ocrx_word' id='word_1_638' title='bbox 664 4855 741 4910; x_wconf 84' lang='grc' dir='ltr'>ἂν</span> <span class='ocrx_word' id='word_1_639' title='bbox 771 4855 995 4938; x_wconf 49' lang='grc' dir='ltr'>οξμήξζῃ.</span> <span class='ocrx_word' id='word_1_640' title='bbox 1021 4852 1242 4938; x_wconf 61' lang='grc' dir='ltr'>βθοιὶυδ</span> <span class='ocrx_word' id='word_1_641' title='bbox 1267 4853 1318 4906; x_wconf 92' lang='lat' dir='ltr'><strong>in</strong></span> <span class='ocrx_word' id='word_1_642' title='bbox 1349 4853 1735 4938; x_wconf 39' lang='lat' dir='ltr'><strong>ttianuscri&#39;pt’is</strong></span> 
     </span>
    </p>
   </div>
   <div class='ocr_carea' id='block_1_94' title="bbox 169 4923 1734 4985">
    <p class='ocr_par' dir='ltr' id='par_1_94' title="bbox 169 4923 1734 4985">
     <span class='ocr_line' id='line_1_94' title="bbox 169 4923 1734 4985; baseline -0.001 -7"><span class='ocrx_word' id='word_1_643' title='bbox 169 4923 440 4982; x_wconf 83' lang='lat' dir='ltr'><strong>codicibus</strong></span> <span class='ocrx_word' id='word_1_644' title='bbox 461 4923 882 4981; x_wconf 42' lang='lat' dir='ltr'><strong>Scoriacensi&#39;et</strong></span> <span class='ocrx_word' id='word_1_645' title='bbox 907 4924 1270 4978; x_wconf 85' lang='lat' dir='ltr'><strong>Bochartiano</strong></span> <span class='ocrx_word' id='word_1_646' title='bbox 1289 4923 1566 4985; x_wconf 86' lang='lat' dir='ltr'><strong>scribitur,</strong></span> <span class='ocrx_word' id='word_1_647' title='bbox 1587 4925 1734 4976; x_wconf 83' lang='grc' dir='ltr'>εἰκά-</span> 
     </span>
    </p>
   </div>
   <div class='ocr_carea' id='block_1_95' title="bbox 173 4993 1737 5066">
    <p class='ocr_par' dir='ltr' id='par_1_95' title="bbox 173 4993 1737 5066">
     <span class='ocr_line' id='line_1_95' title="bbox 173 4993 1737 5066; baseline -0.003 -18"><span class='ocrx_word' id='word_1_648' title='bbox 173 5013 300 5062; x_wconf 80' lang='grc' dir='ltr'>σαις,</span> <span class='ocrx_word' id='word_1_649' title='bbox 327 4999 424 5052; x_wconf 88' lang='lat' dir='ltr'><strong>sed</strong></span> <span class='ocrx_word' id='word_1_650' title='bbox 457 5005 514 5050; x_wconf 87' lang='lat' dir='ltr'><strong>et</strong></span> <span class='ocrx_word' id='word_1_651' title='bbox 541 4999 738 5066; x_wconf 82' lang='grc' dir='ltr'>σμήνει</span> <span class='ocrx_word' id='word_1_652' title='bbox 786 4997 1130 5049; x_wconf 88' lang='lat' dir='ltr'><strong>scribendum</strong></span> <span class='ocrx_word' id='word_1_653' title='bbox 1152 5003 1262 5066; x_wconf 84' lang='lat' dir='ltr'><strong>_est</strong></span> <span class='ocrx_word' id='word_1_654' title='bbox 1305 5007 1400 5066; x_wconf 80' lang='lat' dir='ltr'><strong>pro</strong></span> <span class='ocrx_word' id='word_1_655' title='bbox 1424 4993 1650 5066; x_wconf 54' lang='lat' dir='ltr'><strong>canym</strong></span> <span class='ocrx_word' id='word_1_656' title='bbox 1681 5001 1737 5045; x_wconf 82' lang='lat' dir='ltr'><strong>et</strong></span> 
     </span>
    </p>
   </div>
   <div class='ocr_carea' id='block_1_96' title="bbox 173 5062 1736 5188">
    <p class='ocr_par' dir='ltr' id='par_1_96' title="bbox 173 5062 1736 5188">
     <span class='ocr_line' id='line_1_96' title="bbox 173 5062 1736 5188; baseline -0.001 -70"><span class='ocrx_word' id='word_1_657' title='bbox 173 5067 288 5188; x_wconf 42' lang='lat'><strong>£129“:</strong></span> <span class='ocrx_word' id='word_1_658' title='bbox 344 5069 437 5122; x_wconf 81' lang='grc' dir='ltr'><strong>τὸν</strong></span> <span class='ocrx_word' id='word_1_659' title='bbox 491 5062 815 5138; x_wconf 78' lang='grc' dir='ltr'>ἡγούμενον,</span> <span class='ocrx_word' id='word_1_660' title='bbox 863 5080 968 5121; x_wconf 89' lang='lat' dir='ltr'><strong>non</strong></span> <span class='ocrx_word' id='word_1_661' title='bbox 1023 5063 1190 5134; x_wconf 79' lang='grc' dir='ltr'>παρά,</span> <span class='ocrx_word' id='word_1_662' title='bbox 1220 5073 1280 5117; x_wconf 91' lang='lat' dir='ltr'><strong>ut</strong></span> <span class='ocrx_word' id='word_1_663' title='bbox 1319 5063 1486 5116; x_wconf 88' lang='lat' dir='ltr'><strong>edidit</strong></span> <span class='ocrx_word' id='word_1_664' title='bbox 1531 5062 1736 5116; x_wconf 80' lang='lat' dir='ltr'><strong>Getho-</strong></span> 
     </span>
     <span class='ocr_line' id='line_1_97' title="bbox 195 5153 368 5188; baseline 0 0"><span class='ocrx_word' id='word_1_665' title='bbox 195 5153 368 5188; x_wconf 69' lang='lat' dir='ltr'><strong>reius.</strong></span> 
     </span>
    </p>
   </div>
   <div class='ocr_carea' id='block_1_97' title="bbox 195 5139 368 5192">
    <p class='ocr_par' dir='ltr' id='par_1_97' title="bbox 195 5139 368 5192">
     <span class='ocr_line' id='line_1_98' title="bbox 195 5139 368 5192; baseline 0.023 -4"><span class='ocrx_word' id='word_1_666' title='bbox 195 5139 276 5190; x_wconf 90' lang='lat' dir='ltr'><strong>red</strong></span> <span class='ocrx_word' id='word_1_667' title='bbox 283 5154 368 5192; x_wconf 88' lang='lat' dir='ltr'><strong>us.</strong></span> 
     </span>
    </p>
   </div>
   <div class='ocr_carea' id='block_1_98' title="bbox 235 5201 1732 5276">
    <p class='ocr_par' dir='ltr' id='par_1_98' title="bbox 235 5201 1732 5276">
     <span class='ocr_line' id='line_1_99' title="bbox 235 5201 1732 5276; baseline -0.003 -14"><span class='ocrx_word' id='word_1_668' title='bbox 235 5207 344 5272; x_wconf 82' lang='lat'><strong>(56)</strong></span> <span class='ocrx_word' id='word_1_669' title='bbox 373 5209 776 5276; x_wconf 67' lang='grc' dir='ltr'>Συνελῐψεως.</span> <span class='ocrx_word' id='word_1_670' title='bbox 824 5203 1258 5276; x_wconf 30' lang='grc' dir='ltr'>Ιιοιειοιιίυεηοᾴ</span> <span class='ocrx_word' id='word_1_671' title='bbox 1309 5204 1450 5258; x_wconf 87' lang='lat' dir='ltr'><strong>latus</strong></span> <span class='ocrx_word' id='word_1_672' title='bbox 1483 5201 1564 5254; x_wconf 89' lang='lat' dir='ltr'><strong>sui</strong></span> <span class='ocrx_word' id='word_1_673' title='bbox 1609 5202 1732 5276; x_wconf 84' lang='lat' dir='ltr'><strong>cod.</strong></span> 
     </span>
    </p>
   </div>
   <div class='ocr_carea' id='block_1_99' title="bbox 175 5273 1735 5348">
    <p class='ocr_par' dir='ltr' id='par_1_99' title="bbox 175 5273 1735 5348">
     <span class='ocr_line' id='line_1_100' title="bbox 175 5273 1735 5348; baseline -0.001 -20"><span class='ocrx_word' id='word_1_674' title='bbox 175 5281 444 5332; x_wconf 72' lang='lat' dir='ltr'><strong>annotavit</strong></span> <span class='ocrx_word' id='word_1_675' title='bbox 495 5273 778 5348; x_wconf 74' lang='lat' dir='ltr'><strong>legendum</strong></span> <span class='ocrx_word' id='word_1_676' title='bbox 848 5293 970 5334; x_wconf 89' lang='lat' dir='ltr'><strong>esse</strong></span> <span class='ocrx_word' id='word_1_677' title='bbox 1037 5273 1394 5342; x_wconf 73' lang='grc' dir='ltr'>συνϐλίψεως,</span> <span class='ocrx_word' id='word_1_678' title='bbox 1458 5274 1735 5343; x_wconf 86' lang='lat' dir='ltr'><strong>quomodo</strong></span> 
     </span>
    </p>
   </div>
   <div class='ocr_carea' id='block_1_100' title="bbox 1837 4591 2038 4629">
    <p class='ocr_par' dir='ltr' id='par_1_100' title="bbox 1837 4591 2038 4629">
     <span class='ocr_line' id='line_1_101' title="bbox 1837 4591 2038 4629; baseline -0.005 0"><span class='ocrx_word' id='word_1_679' title='bbox 1837 4591 2038 4629; x_wconf 82' lang='lat' dir='ltr'><strong>Inveni.</strong></span> 
     </span>
    </p>
   </div>
   <div class='ocr_carea' id='block_1_101' title="bbox 1907 4645 3410 4723">
    <p class='ocr_par' dir='ltr' id='par_1_101' title="bbox 1907 4645 3410 4723">
     <span class='ocr_line' id='line_1_102' title="bbox 1907 4645 3410 4723; baseline 0.005 -24"><span class='ocrx_word' id='word_1_680' title='bbox 1907 4645 2019 4715; x_wconf 75' lang='lat'><strong>(57)</strong></span> <span class='ocrx_word' id='word_1_681' title='bbox 2042 4645 2152 4723; x_wconf 70' lang='lat' dir='ltr'><strong>Kal</strong></span> <span class='ocrx_word' id='word_1_682' title='bbox 2174 4649 2774 4723; x_wconf 57' lang='lat' dir='ltr'><strong>gazalpagdwtxpvc</strong></span> <span class='ocrx_word' id='word_1_683' title='bbox 2808 4652 3106 4720; x_wconf 61' lang='grc' dir='ltr'>ἀμφήκας.</span> <span class='ocrx_word' id='word_1_684' title='bbox 3143 4652 3260 4706; x_wconf 83' lang='lat' dir='ltr'><strong>Jam</strong></span> <span class='ocrx_word' id='word_1_685' title='bbox 3297 4655 3410 4723; x_wconf 82' lang='lat' dir='ltr'><strong>pri-</strong></span> 
     </span>
    </p>
   </div>
   <div class='ocr_carea' id='block_1_102' title="bbox 1838 4715 3411 4793">
    <p class='ocr_par' dir='ltr' id='par_1_102' title="bbox 1838 4715 3411 4793">
     <span class='ocr_line' id='line_1_103' title="bbox 1838 4715 3411 4793; baseline 0.005 -23"><span class='ocrx_word' id='word_1_686' title='bbox 1838 4715 1960 4770; x_wconf 87' lang='lat' dir='ltr'><strong>dem</strong></span> <span class='ocrx_word' id='word_1_687' title='bbox 1994 4715 2336 4785; x_wconf 72' lang='lat' dir='ltr'><strong>eonjccet&#39;am</strong></span> <span class='ocrx_word' id='word_1_688' title='bbox 2365 4715 2712 4793; x_wconf 27' lang='lat' dir='ltr'><strong>&#39;seribfnduin</strong></span> <span class='ocrx_word' id='word_1_689' title='bbox 2733 4715 2858 4793; x_wconf 67' lang='lat' dir='ltr'><strong>esse</strong></span> <span class='ocrx_word' id='word_1_690' title='bbox 2877 4715 3186 4793; x_wconf 61' lang='grc' dir='ltr'>ἇμῲήδίους.</span> <span class='ocrx_word' id='word_1_691' title='bbox 3217 4715 3411 4778; x_wconf 79' lang='lat' dir='ltr'><strong>Postra</strong></span> 
     </span>
    </p>
   </div>
   <div class='ocr_carea' id='block_1_103' title="bbox 1838 4787 3412 4858">
    <p class='ocr_par' dir='ltr' id='par_1_103' title="bbox 1838 4787 3412 4858">
     <span class='ocr_line' id='line_1_104' title="bbox 1838 4787 3412 4858; baseline 0.008 -20"><span class='ocrx_word' id='word_1_692' title='bbox 1838 4801 1968 4840; x_wconf 87' lang='lat' dir='ltr'><strong>vero</strong></span> <span class='ocrx_word' id='word_1_693' title='bbox 2025 4797 2452 4858; x_wconf 76' lang='lat' dir='ltr'><strong>manuscriptutn</strong></span> <span class='ocrx_word' id='word_1_694' title='bbox 2495 4787 2746 4843; x_wconf 85' lang='lat' dir='ltr'><strong>Bocharti</strong></span> <span class='ocrx_word' id='word_1_695' title='bbox 2793 4787 3032 4845; x_wconf 75' lang='lat' dir='ltr'><strong>codiceni</strong></span> <span class='ocrx_word' id='word_1_696' title='bbox 3083 4807 3296 4858; x_wconf 69' lang='lat' dir='ltr'><strong>naeuus,</strong></span> <span class='ocrx_word' id='word_1_697' title='bbox 3335 4795 3412 4850; x_wconf 88' lang='lat' dir='ltr'><strong>ita</strong></span> 
     </span>
    </p>
   </div>
   <div class='ocr_carea' id='block_1_104' title="bbox 1843 4857 3414 4929">
    <p class='ocr_par' dir='ltr' id='par_1_104' title="bbox 1843 4857 3414 4929">
     <span class='ocr_line' id='line_1_105' title="bbox 1843 4857 3414 4929; baseline 0.006 -21"><span class='ocrx_word' id='word_1_698' title='bbox 1843 4857 2154 4929; x_wconf 80' lang='lat' dir='ltr'><strong>prorsusin</strong></span> <span class='ocrx_word' id='word_1_699' title='bbox 2187 4873 2250 4929; x_wconf 72' lang='lat' dir='ltr'><strong>eo</strong></span> <span class='ocrx_word' id='word_1_700' title='bbox 2291 4859 2550 4929; x_wconf 89' lang='lat' dir='ltr'><strong>scriptum</strong></span> <span class='ocrx_word' id='word_1_701' title='bbox 2587 4859 2789 4922; x_wconf 78' lang='lat' dir='ltr'><strong>inveni,</strong></span> <span class='ocrx_word' id='word_1_702' title='bbox 2827 4862 2902 4914; x_wconf 89' lang='lat' dir='ltr'><strong>uti</strong></span> <span class='ocrx_word' id='word_1_703' title='bbox 2927 4857 3291 4929; x_wconf 81' lang='lat' dir='ltr'><strong>conjeceram.</strong></span> <span class='ocrx_word' id='word_1_704' title='bbox 3317 4863 3414 4918; x_wconf 82' lang='lat' dir='ltr'><strong>Est</strong></span> 
     </span>
    </p>
   </div>
   <div class='ocr_carea' id='block_1_105' title="bbox 1838 4927 3409 5006">
    <p class='ocr_par' dir='ltr' id='par_1_105' title="bbox 1838 4927 3409 5006">
     <span class='ocr_line' id='line_1_106' title="bbox 1838 4927 3409 5006; baseline 0.006 -27"><span class='ocrx_word' id='word_1_705' title='bbox 1838 4935 2018 5006; x_wconf 66' lang='lat' dir='ltr'><strong>autem</strong></span> <span class='ocrx_word' id='word_1_706' title='bbox 2061 4927 2326 5006; x_wconf 64' lang='grc' dir='ltr'>ἀμφήκης</span> <span class='ocrx_word' id='word_1_707' title='bbox 2357 4928 2620 4998; x_wconf 80' lang='grc' dir='ltr'>μάχαιρα,</span> <span class='ocrx_word' id='word_1_708' title='bbox 2648 4931 2680 4998; x_wconf 78' lang='grc' dir='ltr'><strong>ἡ</strong></span> <span class='ocrx_word' id='word_1_709' title='bbox 2714 4927 3050 5006; x_wconf 71' lang='grc' dir='ltr'>ἑκατέρωθεν</span> <span class='ocrx_word' id='word_1_710' title='bbox 3075 4933 3409 5006; x_wconf 74' lang='grc' dir='ltr'>ἠκονημένη,</span> 
     </span>
    </p>
   </div>
   <div class='ocr_carea' id='block_1_106' title="bbox 1841 4996 3414 5069">
    <p class='ocr_par' dir='ltr' id='par_1_106' title="bbox 1841 4996 3414 5069">
     <span class='ocr_line' id='line_1_107' title="bbox 1841 4996 3414 5069; baseline 0.008 -23"><span class='ocrx_word' id='word_1_711' title='bbox 1841 4996 1892 5069; x_wconf 81' lang='lat' dir='ltr'><strong>id</strong></span> <span class='ocrx_word' id='word_1_712' title='bbox 1924 5003 2039 5069; x_wconf 81' lang='lat' dir='ltr'><strong>est,</strong></span> <span class='ocrx_word' id='word_1_713' title='bbox 2077 4999 2320 5069; x_wconf 69' lang='lat' dir='ltr'><strong>utrinque</strong></span> <span class='ocrx_word' id='word_1_714' title='bbox 2351 4996 2540 5069; x_wconf 67' lang='lat' dir='ltr'><strong>acuto,</strong></span> <span class='ocrx_word' id='word_1_715' title='bbox 2587 5009 2643 5052; x_wconf 91' lang='lat' dir='ltr'><strong>ut</strong></span> <span class='ocrx_word' id='word_1_716' title='bbox 2669 4996 2930 5069; x_wconf 74' lang='lat' dir='ltr'><strong>exposuit</strong></span> <span class='ocrx_word' id='word_1_717' title='bbox 2961 4996 3156 5056; x_wconf 76' lang='lat' dir='ltr'><strong>Suidas</strong></span> <span class='ocrx_word' id='word_1_718' title='bbox 3197 4996 3414 5060; x_wconf 49' lang='lat' dir='ltr'><strong>in&#39;voc&#39;e</strong></span> 
     </span>
    </p>
   </div>
   <div class='ocr_carea' id='block_1_107' title="bbox 1839 5065 3414 5134">
    <p class='ocr_par' dir='ltr' id='par_1_107' title="bbox 1839 5065 3414 5134">
     <span class='ocr_line' id='line_1_108' title="bbox 1839 5065 3414 5134; baseline 0.009 -18"><span class='ocrx_word' id='word_1_719' title='bbox 1839 5066 2124 5134; x_wconf 78' lang='grc' dir='ltr'>ἀμφήκης.</span> <span class='ocrx_word' id='word_1_720' title='bbox 2162 5067 2231 5119; x_wconf 85' lang='lat' dir='ltr'><strong>At</strong></span> <span class='ocrx_word' id='word_1_721' title='bbox 2261 5065 2435 5121; x_wconf 89' lang='lat' dir='ltr'><strong>Lucas</strong></span> <span class='ocrx_word' id='word_1_722' title='bbox 2467 5065 2778 5124; x_wconf 38' lang='lat' dir='ltr'><strong>l‘lolstcnius</strong></span> <span class='ocrx_word' id='word_1_723' title='bbox 2811 5073 2876 5124; x_wconf 92' lang='lat' dir='ltr'><strong>ad</strong></span> <span class='ocrx_word' id='word_1_724' title='bbox 2912 5074 3054 5126; x_wconf 80' lang='lat' dir='ltr'><strong>latus</strong></span> <span class='ocrx_word' id='word_1_725' title='bbox 3090 5076 3172 5127; x_wconf 88' lang='lat' dir='ltr'><strong>sui</strong></span> <span class='ocrx_word' id='word_1_726' title='bbox 3208 5077 3414 5130; x_wconf 72' lang='lat' dir='ltr'><strong>codicis</strong></span> 
     </span>
    </p>
   </div>
   <div class='ocr_carea' id='block_1_108' title="bbox 1839 5135 3414 5214">
    <p class='ocr_par' dir='ltr' id='par_1_108' title="bbox 1839 5135 3414 5214">
     <span class='ocr_line' id='line_1_109' title="bbox 1839 5135 3414 5214; baseline 0.008 -27"><span class='ocrx_word' id='word_1_727' title='bbox 1839 5136 2093 5214; x_wconf 60' lang='lat' dir='ltr'><strong>concludat</strong></span> <span class='ocrx_word' id='word_1_728' title='bbox 2116 5135 2369 5214; x_wconf 76' lang='grc' dir='ltr'>ἄμφηκος</span> <span class='ocrx_word' id='word_1_729' title='bbox 2408 5154 2473 5190; x_wconf 80' lang='lat' dir='ltr'><strong>ex</strong></span> <span class='ocrx_word' id='word_1_730' title='bbox 2516 5139 3089 5214; x_wconf 79' lang='lat' dir='ltr'><strong>codiceScoriacensi,</strong></span> <span class='ocrx_word' id='word_1_731' title='bbox 3115 5153 3174 5198; x_wconf 92' lang='lat' dir='ltr'><strong>ut</strong></span> <span class='ocrx_word' id='word_1_732' title='bbox 3199 5148 3414 5214; x_wconf 85' lang='lat' dir='ltr'><strong>Opinor.</strong></span> 
     </span>
    </p>
   </div>
   <div class='ocr_carea' id='block_1_109' title="bbox 1843 5203 3088 5281">
    <p class='ocr_par' dir='ltr' id='par_1_109' title="bbox 1843 5203 3088 5281">
     <span class='ocr_line' id='line_1_110' title="bbox 1843 5203 3088 5281; baseline 0.009 -24"><span class='ocrx_word' id='word_1_733' title='bbox 1843 5203 2042 5281; x_wconf 55' lang='lat' dir='ltr'><strong>Verum</strong></span> <span class='ocrx_word' id='word_1_734' title='bbox 2057 5203 2189 5281; x_wconf 74' lang='lat' dir='ltr'><strong>_l_ia:c</strong></span> <span class='ocrx_word' id='word_1_735' title='bbox 2211 5203 2482 5281; x_wconf 79' lang='lat' dir='ltr'><strong>scriptura</strong></span> <span class='ocrx_word' id='word_1_736' title='bbox 2508 5209 2724 5262; x_wconf 73' lang='lat' dir='ltr'><strong>tolerari</strong></span> <span class='ocrx_word' id='word_1_737' title='bbox 2759 5227 2864 5263; x_wconf 92' lang='lat' dir='ltr'><strong>non</strong></span> <span class='ocrx_word' id='word_1_738' title='bbox 2893 5203 3088 5281; x_wconf 76' lang='lat' dir='ltr'><strong>potest.</strong></span> 
     </span>
    </p>
   </div>
   <div class='ocr_carea' id='block_1_110' title="bbox 1911 5273 2996 5352">
    <p class='ocr_par' dir='ltr' id='par_1_110' title="bbox 1911 5273 2996 5352">
     <span class='ocr_line' id='line_1_111' title="bbox 1911 5273 2996 5352; baseline 0.007 -24"><span class='ocrx_word' id='word_1_739' title='bbox 1911 5275 2024 5346; x_wconf 83' lang='lat'><strong>(58)</strong></span> <span class='ocrx_word' id='word_1_740' title='bbox 2057 5273 2372 5332; x_wconf 85' lang='lat' dir='ltr'><strong>Theodoril.</strong></span> <span class='ocrx_word' id='word_1_741' title='bbox 2409 5277 2503 5332; x_wconf 84' lang='lat' dir='ltr'><strong>lib.</strong></span> <span class='ocrx_word' id='word_1_742' title='bbox 2539 5295 2591 5344; x_wconf 90' lang='lat' dir='ltr'><strong>v,</strong></span> <span class='ocrx_word' id='word_1_743' title='bbox 2635 5295 2756 5352; x_wconf 88' lang='lat' dir='ltr'><strong>cap.</strong></span> <span class='ocrx_word' id='word_1_744' title='bbox 2795 5273 2996 5346; x_wconf 48' lang='lat'><strong>12,-1.5.</strong></span> 
     </span>
    </p>
   </div>
   <div class='ocr_carea' id='block_1_111' title="bbox 1629 5379 1976 5432">
    <p class='ocr_par' dir='ltr' id='par_1_111' title="bbox 1629 5379 1976 5432">
     <span class='ocr_line' id='line_1_112' title="bbox 1629 5379 1976 5432; baseline 0.012 -6"><span class='ocrx_word' id='word_1_745' title='bbox 1629 5379 1954 5432; x_wconf 73' lang='lat' dir='ltr'><strong>VARIORUM</strong></span> <span class='ocrx_word' id='word_1_746' title='bbox 1963 5419 1976 5430; x_wconf 91' lang='lat'><strong>.</strong></span> 
     </span>
    </p>
   </div>
   <div class='ocr_carea' id='block_1_112' title="bbox 237 5489 1730 5562">
    <p class='ocr_par' dir='ltr' id='par_1_112' title="bbox 237 5489 1730 5562">
     <span class='ocr_line' id='line_1_113' title="bbox 237 5489 1730 5562; baseline -0.001 -17"><span class='ocrx_word' id='word_1_747' title='bbox 237 5493 310 5554; x_wconf 83' lang='lat' dir='ltr'><strong>(tt)</strong></span> <span class='ocrx_word' id='word_1_748' title='bbox 351 5493 471 5558; x_wconf 75' lang='grc' dir='ltr'><strong>Τὴν</strong></span> <span class='ocrx_word' id='word_1_749' title='bbox 485 5493 582 5546; x_wconf 72' lang='grc' dir='ltr'><strong>ἐπὶ</strong></span> <span class='ocrx_word' id='word_1_750' title='bbox 614 5493 836 5562; x_wconf 79' lang='grc' dir='ltr'>Ῥώμην</span> <span class='ocrx_word' id='word_1_751' title='bbox 862 5491 1180 5548; x_wconf 75' lang='grc' dir='ltr'>ἐπάνοδον.</span> <span class='ocrx_word' id='word_1_752' title='bbox 1205 5489 1414 5562; x_wconf 81' lang='lat' dir='ltr'><strong>Dehoc</strong></span> <span class='ocrx_word' id='word_1_753' title='bbox 1440 5491 1730 5562; x_wconf 85' lang='lat' dir='ltr'><strong>Theodosii</strong></span> 
     </span>
    </p>
   </div>
   <div class='ocr_carea' id='block_1_113' title="bbox 175 5561 1726 5630">
    <p class='ocr_par' dir='ltr' id='par_1_113' title="bbox 175 5561 1726 5630">
     <span class='ocr_line' id='line_1_114' title="bbox 175 5561 1726 5630; baseline 0.001 -18"><span class='ocrx_word' id='word_1_754' title='bbox 175 5563 396 5616; x_wconf 77' lang='lat' dir='ltr'><strong>adventu</strong></span> <span class='ocrx_word' id='word_1_755' title='bbox 429 5565 481 5620; x_wconf 84' lang='lat' dir='ltr'><strong>in</strong></span> <span class='ocrx_word' id='word_1_756' title='bbox 503 5566 690 5618; x_wconf 86' lang='lat' dir='ltr'><strong>urbem</strong></span> <span class='ocrx_word' id='word_1_757' title='bbox 714 5561 944 5617; x_wconf 69' lang='lat' dir='ltr'><strong>limitant</strong></span> <span class='ocrx_word' id='word_1_758' title='bbox 975 5565 1082 5618; x_wconf 80' lang='lat' dir='ltr'><strong>\‘id.</strong></span> <span class='ocrx_word' id='word_1_759' title='bbox 1117 5563 1266 5616; x_wconf 80' lang='lat' dir='ltr'><strong>Socr.</strong></span> <span class='ocrx_word' id='word_1_760' title='bbox 1293 5561 1385 5616; x_wconf 82' lang='lat' dir='ltr'><strong>lib.</strong></span> <span class='ocrx_word' id='word_1_761' title='bbox 1409 5577 1460 5622; x_wconf 78' lang='grc' dir='ltr'><strong>ν,</strong></span> <span class='ocrx_word' id='word_1_762' title='bbox 1495 5577 1612 5630; x_wconf 84' lang='lat' dir='ltr'><strong>cap.</strong></span> <span class='ocrx_word' id='word_1_763' title='bbox 1643 5561 1726 5624; x_wconf 67' lang='lat' dir='ltr'><strong>l4;</strong></span> 
     </span>
    </p>
   </div>
   <div class='ocr_carea' id='block_1_114' title="bbox 177 5630 1728 5703">
    <p class='ocr_par' dir='ltr' id='par_1_114' title="bbox 177 5630 1728 5703">
     <span class='ocr_line' id='line_1_115' title="bbox 177 5630 1728 5703; baseline 0 -19"><span class='ocrx_word' id='word_1_764' title='bbox 177 5633 290 5703; x_wconf 47' lang='lat' dir='ltr'><strong>ora.</strong></span> <span class='ocrx_word' id='word_1_765' title='bbox 325 5635 420 5688; x_wconf 72' lang='lat' dir='ltr'><strong>lib.</strong></span> <span class='ocrx_word' id='word_1_766' title='bbox 477 5651 572 5696; x_wconf 81' lang='lat' dir='ltr'><strong>vn,</strong></span> <span class='ocrx_word' id='word_1_767' title='bbox 597 5651 716 5703; x_wconf 84' lang='lat' dir='ltr'><strong>cap.</strong></span> <span class='ocrx_word' id='word_1_768' title='bbox 757 5635 842 5687; x_wconf 65' lang='lat' dir='ltr'><strong>li.</strong></span> <span class='ocrx_word' id='word_1_769' title='bbox 882 5635 952 5688; x_wconf 86' lang='lat' dir='ltr'><strong>De</strong></span> <span class='ocrx_word' id='word_1_770' title='bbox 1005 5634 1178 5703; x_wconf 84' lang='lat' dir='ltr'><strong>sidere</strong></span> <span class='ocrx_word' id='word_1_771' title='bbox 1213 5647 1372 5703; x_wconf 84' lang='lat' dir='ltr'><strong>novo,</strong></span> <span class='ocrx_word' id='word_1_772' title='bbox 1403 5630 1728 5700; x_wconf 79' lang='lat' dir='ltr'><strong>Pliilostorg.</strong></span> 
     </span>
    </p>
   </div>
   <div class='ocr_carea' id='block_1_115' title="bbox 178 5699 1732 5774">
    <p class='ocr_par' dir='ltr' id='par_1_115' title="bbox 178 5699 1732 5774">
     <span class='ocr_line' id='line_1_116' title="bbox 178 5699 1732 5774; baseline 0 -20"><span class='ocrx_word' id='word_1_773' title='bbox 178 5699 326 5774; x_wconf 54' lang='lat' dir='ltr'><strong>infra.</strong></span> <span class='ocrx_word' id='word_1_774' title='bbox 357 5721 474 5774; x_wconf 85' lang='lat' dir='ltr'><strong>cap.</strong></span> <span class='ocrx_word' id='word_1_775' title='bbox 519 5705 599 5774; x_wconf 79' lang='grc' dir='ltr'>ῌ,</span> <span class='ocrx_word' id='word_1_776' title='bbox 652 5699 702 5758; x_wconf 71' lang='lat' dir='ltr'><strong>et</strong></span> <span class='ocrx_word' id='word_1_777' title='bbox 751 5705 845 5758; x_wconf 89' lang='lat' dir='ltr'><strong>lib.</strong></span> <span class='ocrx_word' id='word_1_778' title='bbox 874 5721 931 5768; x_wconf 87' lang='lat' dir='ltr'><strong>ll,</strong></span> <span class='ocrx_word' id='word_1_779' title='bbox 965 5721 1084 5770; x_wconf 78' lang='lat' dir='ltr'><strong>cap.</strong></span> <span class='ocrx_word' id='word_1_780' title='bbox 1115 5701 1164 5754; x_wconf 91' lang='lat'><strong>7.</strong></span> <span class='ocrx_word' id='word_1_781' title='bbox 1211 5702 1262 5754; x_wconf 85' lang='lat' dir='ltr'><strong>Id</strong></span> <span class='ocrx_word' id='word_1_782' title='bbox 1391 5699 1732 5774; x_wconf 65' lang='lat' dir='ltr'><strong>consulatum</strong></span> 
     </span>
    </p>
   </div>
   <div class='ocr_carea' id='block_1_116' title="bbox 177 5770 1732 5845">
    <p class='ocr_par' dir='ltr' id='par_1_116' title="bbox 177 5770 1732 5845">
     <span class='ocr_line' id='line_1_117' title="bbox 177 5770 1732 5845; baseline 0.004 -21"><span class='ocrx_word' id='word_1_783' title='bbox 177 5770 394 5831; x_wconf 66' lang='grc' dir='ltr'>ἰἰιιιλιεὶἰ</span> <span class='ocrx_word' id='word_1_784' title='bbox 427 5770 488 5831; x_wconf 77' lang='lat' dir='ltr'><strong>et</strong></span> <span class='ocrx_word' id='word_1_785' title='bbox 533 5773 771 5829; x_wconf 70' lang='lat' dir='ltr'><strong>Pt&#39;omoti</strong></span> <span class='ocrx_word' id='word_1_786' title='bbox 807 5775 920 5845; x_wconf 89' lang='lat' dir='ltr'><strong>(qui</strong></span> <span class='ocrx_word' id='word_1_787' title='bbox 965 5775 1068 5828; x_wconf 84' lang='lat' dir='ltr'><strong>fuit</strong></span> <span class='ocrx_word' id='word_1_788' title='bbox 1089 5787 1265 5827; x_wconf 83' lang='lat' dir='ltr'><strong>annus</strong></span> <span class='ocrx_word' id='word_1_789' title='bbox 1291 5771 1418 5826; x_wconf 82' lang='lat' dir='ltr'><strong>Chr.</strong></span> <span class='ocrx_word' id='word_1_790' title='bbox 1444 5771 1572 5843; x_wconf 79' lang='grc'><strong>589)</strong></span> <span class='ocrx_word' id='word_1_791' title='bbox 1595 5770 1732 5830; x_wconf 72' lang='lat' dir='ltr'><strong>refe-</strong></span> 
     </span>
    </p>
   </div>
   <div class='ocr_carea' id='block_1_117' title="bbox 1839 5495 3415 5562">
    <p class='ocr_par' dir='ltr' id='par_1_117' title="bbox 1839 5495 3415 5562">
     <span class='ocr_line' id='line_1_118' title="bbox 1839 5495 3415 5562; baseline 0.007 -15"><span class='ocrx_word' id='word_1_792' title='bbox 1839 5505 1964 5549; x_wconf 88' lang='lat' dir='ltr'><strong>runt</strong></span> <span class='ocrx_word' id='word_1_793' title='bbox 2011 5495 2356 5554; x_wconf 84' lang='lat' dir='ltr'><strong>Marcellinus</strong></span> <span class='ocrx_word' id='word_1_794' title='bbox 2397 5499 2450 5554; x_wconf 90' lang='lat' dir='ltr'><strong>in</strong></span> <span class='ocrx_word' id='word_1_795' title='bbox 2511 5500 2788 5562; x_wconf 78' lang='lat' dir='ltr'><strong>Chronico,</strong></span> <span class='ocrx_word' id='word_1_796' title='bbox 2843 5499 2996 5554; x_wconf 77' lang='lat' dir='ltr'><strong>Fasti</strong></span> <span class='ocrx_word' id='word_1_797' title='bbox 3049 5501 3312 5562; x_wconf 81' lang='lat' dir='ltr'><strong>Idaciani.</strong></span> <span class='ocrx_word' id='word_1_798' title='bbox 3364 5513 3415 5558; x_wconf 82' lang='lat' dir='ltr'><strong>ct</strong></span> 
     </span>
    </p>
   </div>
   <div class='ocr_carea' id='block_1_118' title="bbox 1841 5565 2958 5639">
    <p class='ocr_par' dir='ltr' id='par_1_118' title="bbox 1841 5565 2958 5639">
     <span class='ocr_line' id='line_1_119' title="bbox 1841 5565 2958 5639; baseline 0.004 -19"><span class='ocrx_word' id='word_1_799' title='bbox 1841 5565 2138 5639; x_wconf 79' lang='lat' dir='ltr'><strong>Chronicon</strong></span> <span class='ocrx_word' id='word_1_800' title='bbox 2174 5569 2612 5625; x_wconf 73' lang='lat' dir='ltr'><strong>Alexandrinum.</strong></span> <span class='ocrx_word' id='word_1_801' title='bbox 2649 5571 2958 5639; x_wconf 71' lang='lat' dir='ltr'><strong>Gallio/red.</strong></span> 
     </span>
    </p>
   </div>
   <div class='ocr_carea' id='block_1_119' title="bbox 1843 5638 3414 5762">
    <p class='ocr_par' dir='ltr' id='par_1_119' title="bbox 1843 5638 3414 5762">
     <span class='ocr_line' id='line_1_120' title="bbox 1843 5638 3414 5762; baseline 0.003 -66"><span class='ocrx_word' id='word_1_802' title='bbox 1843 5638 2356 5762; x_wconf 39' lang='lat' dir='ltr'><strong>w(_bl)lg;£‘fh..2a6’lc.</strong></span> <span class='ocrx_word' id='word_1_803' title='bbox 2441 5639 2752 5710; x_wconf 83' lang='lat' dir='ltr'><strong>Legendqu</strong></span> <span class='ocrx_word' id='word_1_804' title='bbox 2819 5638 3031 5698; x_wconf 86' lang='lat' dir='ltr'><strong>videtur</strong></span> <span class='ocrx_word' id='word_1_805' title='bbox 3081 5643 3112 5712; x_wconf 84' lang='grc' dir='ltr'>ἢ</span> <span class='ocrx_word' id='word_1_806' title='bbox 3182 5640 3414 5710; x_wconf 73' lang='grc' dir='ltr'>λαϐίδσς.</span> 
     </span>
    </p>
   </div>
  </div>
