3842 6306
467 346 562 405 591

1854 340 2331 398 PlllLOSTOllGll

3601 346 3700 404 59?.

469 463 750 533 proprium
781 479 1004 519 cursum
1037 462 1354 524 instituens;
1395 475 1738 515 communem
1770 476 1900 515 vero
1926 463 2033 516 cir-

2143 462 2257 525 τοὺς
2287 460 2588 530 θεωμένους
2611 461 2805 526 εἰπεῖν,
2832 461 2930 532 τὴν
2955 460 3084 514 ἰδίαν
3115 462 3335 533 πορείαν
3368 464 3695 536 ποιούμενος*

439 556 766 610 cuitionem
824 557 1066 611 eamdem
1131 554 1320 608 habuit
1375 569 1536 622 quam
1590 552 1812 620 reliquae
1873 553 2040 608 stella:

467 647 622 718 juxta
655 661 792 716 quas
817 645 1148 701 ambulabat.
1175 645 1439 698 Czrterum
1461 657 1585 698 cum
1609 644 1889 713 proprium
1918 659 2042 698 cur-

469 755 591 795 sum
643 738 1000 809 quadraginta
1043 737 1255 792 dierum
1311 737 1488 806 Spatio
1534 734 1938 804 complevisset,
1986 735 2040 788 in

468 831 702 885 mediam
736 830 996 899 majorem
1025 843 1208 883 ursam
1243 842 1300 881 se
1330 826 1561 895 conjecit
1583 844 1596 890 ;
1619 835 1671 880 et
1694 827 1748 878 in
1789 827 1908 896 ipso
1924 825 2042 894 ejus

468 921 769 975 meditullio
785 927 1120 991 postremum
1139 929 1338 976 risum,
1360 915 1560 970 ibidem
1587 916 1910 971 exstinctum
1935 923 2038 971 est.

468 1009 656 1080 Neque
687 1024 817 1064 vero
844 1011 949 1064 hoc
975 1008 1174 1073 solum,
1221 1008 1315 1061 sed
1361 1007 1532 1060 multa
1560 1021 1774 1076 quoque
1809 1005 1914 1060 alia
1945 1007 2041 1061 ad-

469 1101 720 1156 miranda
747 1099 814 1155 de
841 1101 944 1154 hoc
971 1099 1148 1154 sidere
1172 1097 1333 1168 gladii
1353 1100 1586 1168 speciem
1618 1097 1884 1154 referente
1907 1099 2041 1154 scri-

469 1192 548 1248 bit
575 1189 996 1260 Philostorgius.

541 1281 630 1336 10.
660 1282 750 1335 Ait
804 1279 1223 1349 Philostorgius,
1251 1292 1310 1332 se
1339 1292 1560 1348 quoque
1588 1287 1778 1332 contra
1800 1275 2038 1348 Porphy-

469 1371 613 1426 rium
645 1370 932 1440 scripsisse
970 1383 1068 1438 pro
1095 1368 1444 1423 Christianis.

542 1462 631 1516 Η.
669 1461 924 1515 Homines
969 1460 1278 1529 portentosi.
1310 1487 1379 1498 —
1413 1457 1613 1514 Eodem
1665 1467 1906 1530 tempore
1931 1474 2040 1529 quo

470 1556 624 1612 sidus
653 1553 782 1608 illud
814 1551 1111 1607 eusiferum
1151 1551 1422 1623 apparuit,
1451 1551 1565 1605 visa
1595 1565 1722 1606 sunt
1747 1551 1908 1605 etiam
1931 1551 2040 1606 duo

469 1661 699 1716 corpora
754 1645 990 1698 humana
1021 1681 1038 1709 ,
1066 1642 1295 1696 alterum
1341 1642 1557 1711 quidem
1599 1642 1652 1696 in
1715 1640 1891 1712 Syria,
1939 1641 2038 1696 liu-

470 1753 648 1793 manae
691 1745 914 1791 statura:
949 1735 1329 1804 proceritatem
1365 1735 1592 1790 multum
1623 1734 1924 1800 excedens;
1962 1735 2034 1788 al-

2141 553 2241 622 τὴν
2284 551 2529 622 μέντοιγε
2581 553 2762 622 κοινὴν
2825 553 3070 623 περίοδον
3107 553 3202 624 τὴν
3253 556 3422 626 αὐτὴν
3451 551 3565 627 εἶχε
3595 563 3695 623 τοῖς

2142 643 2318 704 ἄλλοις
2338 641 2458 694 καθ’
2483 641 2575 705 οὓς
2621 641 2686 694 ἂν
2719 641 2918 710 γίνοιτο
2946 645 3326 714 πορευόμενος.
3361 644 3484 699 Ἐπὶ
3510 664 3694 702 τεσσα-

2144 732 2377 804 ράκοντα
2397 732 2451 784 δὲ
2477 733 2689 802 ἡμέρας
2716 736 2813 803 τῆς
2844 733 2977 796 ἰδίας
3001 734 3164 788 αὑτοῦ
3189 736 3411 806 πορείας
3434 738 3693 792 ἐπιτελοιδ⁹

2145 824 2332 894 μένης,
2365 824 2443 886 είς
2479 824 2650 893 μέσην
2691 823 2786 894 τὴν
2825 825 3069 896 μεγάλην
3101 827 3298 897 ἄρκτον
3337 827 3578 893 ἐνέϐαλε,
3605 833 3696 882 κὰν

2140 913 2218 984 τῷ
2251 915 2561 984 μεσαιτάτῳ
2593 915 2761 986 αὐτῆς
2784 916 2852 969 τὰ
2884 917 3169 971 τελευταῖα
3188 921 3374 987 φανεὶς
3411 921 3575 974 αὑτοῦ
3605 941 3693 976 που

2141 1006 2380 1076 ἀπέσϐη.
2411 1006 2484 1058 Ού
2536 1007 2708 1061 ταῦτα
2738 1009 2795 1062 δέ
2829 1010 3007 1079 μόνον,
3047 1010 3180 1064 ἀλλὰ
3215 1013 3306 1066 καὶ
3351 1014 3492 1069 ἄλλα
3541 1018 3696 1073 πολλὰ

2142 1097 2419 1168 παράδοξα
2454 1097 2578 1168 περὶ
2616 1098 2708 1151 τοῦ
2751 1097 3042 1169 ξιφοειδοῦς
3090 1102 3278 1156 τούτου
3319 1104 3511 1158 δίεισιν
3549 1109 3693 1162 ἁστέ.

2146 1205 2235 1262 ρος
2255 1191 2387 1260 (60).

2213 1289 2264 1335 ι’.
2309 1285 2427 1336 Ὅτι
2453 1281 2591 1335 κατὰ
2614 1283 2925 1355 Πορφυρίου
2963 1287 3093 1357 φησὶ
3125 1288 3215 1340 καὶ
3241 1279 3395 1352 οὗτος
3418 1291 3448 1342 ὁ
3479 1306 3694 1364 συγγρα-

2141 1374 2274 1441 φεὺς
2307 1372 2446 1442 ὑπὲρ
2485 1372 2827 1441 Χριστιανῶν
2857 1372 3072 1441 ἀγῶνας
3103 1375 3452 1431 καταθέσθαι.

2212 1467 2299 1515 ια’.
2339 1464 2457 1514 Ὅτι
2490 1463 2611 1516 καθ’
2637 1462 2731 1526 οὒς
2759 1463 2979 1534 χρόνους
3029 1467 3056 1517 ὁ
3098 1467 3497 1539 μαχαιροφόρος
3535 1471 3694 1544 ἀστὴρ

2139 1555 2332 1624 ἐφάνη,
2365 1555 2458 1609 καὶ
2493 1553 2717 1625 σώματα
2745 1554 3044 1626 ἀνθρώπων
3080 1557 3236 1627 ὤφθη
3271 1558 3363 1612 δύο
3387 1576 3402 1590 ·
3441 1563 3503 1614 ἓν
3530 1563 3624 1634 μὲν
3645 1567 3694 1617 ἐν

2139 1649 2202 1717 τῇ
2231 1646 2418 1717 Συρίᾳ,
2441 1647 2540 1717 τὴν
2578 1645 2924 1718 ἀνθρωπίνην
2965 1647 3124 1716 ᾳύσιν
3149 1653 3228 1713 εἰς
3267 1652 3495 1720 μέγεθος
3522 1654 3695 1708 ἐκϐαῖ-

2139 1756 2230 1792 νον
2253 1757 2266 1770 ’
2309 1738 2533 1809 θάτερον
2555 1739 2610 1792 δὲ
2637 1740 2694 1792 ἐν
2723 1739 3000 1810 Αἰγύπτῳ,
3024 1743 3102 1805 εἰς
3139 1744 3360 1798 ἄπιστον
3392 1745 3696 1820 βραχύτητα

472 1840 648 1884 terum
681 1843 809 1882 vero
840 1827 893 1880 iu
913 1825 1146 1896 Egypto
1173 1826 1506 1881 incredibilis
1537 1826 1834 1881 brevitatis.
1869 1825 2035 1897 Syrus

2143 1829 2467 1901 καταλῆγον.
2499 1829 2558 1882 '0
2590 1830 2688 1900 μὲν
2714 1827 2807 1885 οὖν
2841 1831 3009 1900 Σύρος
3039 1835 3384 1905 πεντάπηχυς
3411 1833 3480 1908 ἦν
3517 1838 3579 1891 τὸ
3610 1842 3692 1908 μέ.

471 1921 691 1989 quidem
719 1926 926 1973 statura
957 1927 1075 1972 erat
1102 1919 1344 1988 quinque
1360 1919 1670 1974 cubitorum
1712 1919 2036 1985 altitudinis,

471 2011 688 2082 adjecto
713 2010 937 2080 insuper
961 2010 1160 2080 palmo,
1191 2011 1440 2079 quamvis
1456 2011 1619 2081 pedes
1637 2012 1858 2081 reliqua:
1875 2014 2039 2068 totius

469 2102 718 2172 corporis
769 2102 1079 2171 proceritati
1117 2102 1338 2156 minime
1381 2103 1805 2174 responderent;
1840 2105 1933 2159 sed
1961 2106 2041 2158 in-

469 2200 710 2245 trorsum
769 2192 953 2246 retorti
991 2191 1214 2261 varique
1255 2201 1478 2247 essent:
1511 2209 1706 2248 nomen
1754 2195 1881 2250 huic
1924 2206 2042 2251 erat

468 2281 726 2335 Antonio.
765 2279 1052 2352 Egyptius
1079 2297 1214 2338 vero
1239 2283 1292 2336 in
1325 2291 1530 2336 tantam
1581 2294 1892 2340 contractus
1923 2296 2039 2341 erat

470 2371 810 2437 brevitatem,
833 2362 892 2426 ut
927 2372 1164 2428 inclusas
1197 2373 1249 2427 in
1280 2375 1461 2430 caveis
1488 2375 1732 2444 perdices
1754 2393 1862 2430 non
1893 2378 2040 2432 inve-

471 2472 630 2517 nuste
669 2463 997 2528 imitaretur,
1037 2475 1204 2534 utque
1233 2465 1478 2535 perdices
1506 2481 1630 2521 cum
1654 2467 1747 2522 illo
1772 2468 1838 2521 ad
1864 2468 2038 2522 rixam

472 2572 645 2625 usque
663 2556 1016 2610 colluderent.
1036 2556 1190 2623 Quod
1211 2573 1338 2613 vero
1353 2557 1727 2614 admirabilius
1745 2567 1850 2626 est,
1868 2559 2042 2615 inerat

469 2648 518 2702 ei
554 2646 860 2717 prudentia,
881 2648 1002 2702 hrev
1014 2650 1140 2703 itate
1153 2653 1394 2719 corporis
1410 2650 1719 2706 nullatenus
1731 2652 2039 2718 imminuta;

471 2753 598 2794 nam
631 2754 808 2809 neque
833 2754 963 2794 voce
985 2751 1102 2794 erat
1133 2743 1272 2804 rudi,
1320 2751 1372 2797 et
1403 2757 1684 2799 sermones
1718 2744 1824 2798 vim
1856 2744 2044 2798 intelli-

471 2830 628 2900 gendi
646 2845 753 2900 qua
772 2831 1079 2899 prmstabat,
1105 2833 1237 2887 satis
1255 2833 1864 2905 declarabant.Uterque
1881 2851 2042 2905 porro

471 2936 662 2977 eorum
697 2923 975 2977 hominum
1017 2925 1148 2978 vixit
1177 2925 1515 2994 temporibus
1544 2925 1915 2996 Philostorgii,
1945 2941 2044 2981 nec

477 3013 548 3066 ita
578 3015 690 3068 cito
709 3029 772 3069 ex
803 3014 1041 3069 hacluce
1071 3015 1342 3085 migravit.
1367 3013 1499 3068 Nam
1529 3031 1788 3086 procerus
1823 3016 2042 3085 quidem

474 3107 583 3174 ille,
607 3118 724 3177 post
763 3123 965 3161 annum
987 3106 1161 3162 aetatis
1182 3108 1432 3175 quintum
1467 3122 1531 3161 ac
1560 3107 1877 3164 vicesimum
1911 3110 2045 3165 abiit

470 3214 504 3257 ο
534 3200 666 3266 vita,
691 3199 951 3253 minimus
981 3200 1138 3266 alter,
1175 3200 1244 3253 ab
1273 3200 1376 3255 hoc
1411 3199 1530 3255 vita:
1568 3201 1741 3270 spatio
1769 3217 1875 3256 non
1904 3203 2041 3257 mul-
2068 3189 2109 3246 ο

471 3303 586 3346 tum
619 3291 810 3346 abfuit.
837 3291 1004 3346 Multa
1039 3277 1257 3362 quoque
1289 3291 1392 3345 alia
1419 3292 1660 3363 prodigia
1687 3294 1791 3348 hoc
1813 3293 1930 3349 loco
1955 3309 2040 3350 re-

471 3382 1000 3453 fertPhilostorgius,
1030 3399 1151 3452 qua:
1170 3384 1253 3438 vel
1281 3383 1472 3438 iisdem
1493 3385 1824 3454 temporibus
1840 3386 2038 3456 quibus

470 3489 637 3544 supra
661 3483 958 3527 memorata
983 3473 1247 3543 prodigia,
1269 3473 1351 3528 vel
1381 3475 1645 3543 superiori
1673 3479 1934 3532 memoria
1955 3493 2038 3536 ac-

467 3567 735 3622 ciderant.

539 3660 629 3714 12.
661 3658 936 3712 Eudoxius
956 3657 1253 3728 jejunator.
1277 3687 1346 3698 —
1369 3658 1480 3727 (59)
1514 3656 1789 3729 Jejunium
1830 3671 2037 3731 quarta:

468 3760 525 3806 et
553 3759 722 3806 sextae
768 3749 950 3814 feriae,
993 3765 1105 3804 non
1152 3749 1209 3804 in
1251 3749 1366 3804 sola
1410 3750 1654 3804 carnium
1708 3751 2058 3832 abstinentia

468 3844 706 3915 positum
734 3859 856 3899 esse
888 3843 965 3897 ait
1008 3841 1419 3912 Philostorgius,
1455 3840 1550 3897 sed
1577 3844 1880 3900 canonibus
1903 3845 2035 3899 deli-

471 3937 645 3990 nitum
687 3951 830 4000 esse,
865 3949 934 3990 ne
961 3933 1258 4004 quidquam
1281 3934 1505 3988 omnino
1531 3934 1638 3990 cibi
1665 3936 1733 3989 ad
1760 3951 2032 4006 vesperam

469 4042 645 4096 usque
683 4037 952 4081 sumatur.
984 4025 1118 4080 Nam
1150 4025 1216 4080 de
1245 4024 1491 4080 Eudoxio
1524 4026 1756 4094 quodam
1791 4025 2032 4096 ejusdem

470 4116 696 4172 haeresis
717 4124 1005 4181 seclatore,
1033 4116 1127 4185 qui
1153 4114 1321 4186 gradu
1354 4115 1570 4185 quidem
1593 4117 1873 4186 presbyter
1896 4103 2031 4180 erat‘,

470 4207 695 4261 orbatus
721 4216 902 4260 autem
938 4206 1286 4278 genitalibus,
1323 4206 1395 4259 ita
1426 4206 1614 4261 scribit
1643 4225 1657 4260 :
1697 4205 2030 4261 adeoAuteui

463 4297 748 4368 jejunandi
784 4296 1061 4352 studiosus
1101 4295 1222 4362 fuit,
1265 4305 1323 4350 ut
1351 4306 1464 4352 toto
1498 4297 1620 4350 vita:
1651 4304 1894 4366 tempore
1923 4311 2030 4350 non

469 4389 632 4443 modo
661 4404 757 4445 eos
785 4391 904 4444 dies
925 4390 1018 4459 qui
1038 4405 1100 4444 ex
1132 4399 1398 4460 praecepto
1429 4390 1742 4454 memoriam
1765 4389 2034 4460 passionis

467 4478 766 4536 Dominicaz
790 4488 1028 4537 servant.
1073 4519 1087 4535 .
1129 4519 1145 4536 .
1191 4517 1205 4533 .
1247 4517 1266 4534 .

537 4697 650 4766 (ὅθ)
687 4697 842 4753 Socr.
879 4713 998 4767 pag.
1027 4695 1155 4760 295,
1203 4713 1259 4751 n.
1291 4696 1341 4752 ὁ.
1376 4764 1420 4767 μ
1617 4713 1635 4767 _'

539 4761 650 4838 (δυ)
680 4768 843 4837 Παρὰ
873 4761 977 4822 τοῦ
1005 4767 1342 4836 ξιφοειδοῦς
1361 4764 1579 4838 δίεισιν
1595 4761 1866 4838 ἀστέρος.
1884 4763 2032 4838 Scri‘.

454 4834 699 4907 bcudum
727 4834 811 4894 est
862 4834 1248 4907 proculdubio
1275 4834 1556 4907 περὶτοῦ,
1584 4843 1728 4907 quod
1767 4836 1934 4907 miror
1963 4835 2032 4888 ab

464 4906 747 4962 Holstenio
771 4906 1208 4964 animadversum
1233 4923 1338 4960 uou
1358 4906 1546 4960 fuisse.
1565 4906 1765 4958 Δίεισιν
1790 4906 2027 4974 positum

461 4987 546 5031 est
578 4993 674 5046 pro
705 4978 974 5042 διέξεισιν.

536 5041 646 5117 (61)
691 5041 843 5102 Ἀλλ’
875 5049 1020 5103 εἵσω
1050 5047 1145 5101 καὶ
1173 5049 1322 5114 πρὸς
1351 5045 1416 5098 τὸ
1447 5045 1629 5109 βλ....
1659 5041 1813 5117 Hunc
1843 5043 2024 5117 locum

460 5132 528 5170 ex
544 5113 946 5188 ‘mauuscriptis
989 5113 1266 5172 codicibus
1282 5117 1634 5188 rSeoriacensi
1654 5124 1741 5188 “et
1781 5113 2023 5188 Bcchar-

462 5188 609 5240 tiano
642 5183 1011 5255 supplevimus
1039 5189 1140 5242 hoc
1171 5187 1358 5241 modo:
1391 5187 1529 5255 πρὸς
1557 5185 1618 5238 τὸ
1648 5183 1862 5254 βλαισὸν
1893 5186 2025 5238 ὑποο

458 5257 878 5327 καμπτομένων.
921 5256 1126 5312 Glossze
1166 5269 1372 5327 veteres
1414 5255 1836 5310 Graec-Latina!
1885 5257 2023 5327 hanc

455 5325 745 5398 vocemri‘ta
784 5329 1225 5395 interpretantur.
1277 5326 1637 5398 βλαισήπους,
1667 5341 1916 5398 scaurus.
1965 5325 2018 5378 In

455 5397 579 5508 aliis
608 5397 806 5468 glossis
863 5395 1283 5452 Latino'Greecis
1311 5395 1495 5468 valgus
1533 5397 1825 5466 exponitur
1869 5395 2018 5464 βλαιο

456 5483 563 5508 6):“-

456 5483 565 5528 σος.

526 5537 637 5608 {62)
696 5537 844 5605 Μηδ’
881 5539 1260 5607 ἀχαρίστους.
1312 5536 1366 5593 1η
1425 5536 1793 5605 manuscriplo
1837 5535 2022 5591 codice

455 5607 726 5663 Samuelis
788 5608 1076 5671 Boebarti,
1124 5611 1187 5662 ad
1241 5609 1537 5677 marginem
1587 5609 1879 5677 ascriptum
1937 5616 2020 5660 est

424 5673 636 5750 ‘eadem
681 5695 874 5746 manu,
919 5681 1047 5742 ἴσως
1079 5673 1403 5750 ἀχαρίστως.
1443 5677 1515 5750 lta
1562 5673 1778 5746 quoque
1809 5675 2018 5750 llolste-

455 5750 578 5802 eius
611 5749 888 5820 legendum
917 5766 1036 5804 esse
1067 5747 1341 5804 adnutavit
1388 5749 1453 5802 ad
1486 5750 1626 5801 latus
1661 5750 1745 5802 sui
1789 5747 2013 5802 codicis.

2139 1922 2298 1992 γεθος
2347 1923 2442 1976 καὶ
2495 1921 2770 1994 σπιθαμὴν
2819 1922 2977 1994 ἔφερε
3025 1924 3358 1998 προσθήκην,
3396 1929 3572 1982 καίτοι
3598 1931 3693 1982 τῶν

2141 2013 2316 2068 ποδῶν
2361 2013 2522 2068 αὑτοῦ
2565 2014 2700 2086 πρὸς
2733 2014 2792 2068 τὸ
2823 2014 2951 2067 ἄλλο
2971 2015 3066 2068 τοῦ
3091 2015 3340 2087 σώματος
3375 2020 3451 2090 μὴ
3481 2037 3694 2092 συνομο-

2139 2107 2438 2177 λογούντων
2459 2107 2519 2160 τὸ
2549 2107 2679 2176 ὕψος
2701 2123 2713 2137 ·
2738 2107 2850 2161 ἀλλ’
2869 2106 2998 2161 εἴσω
3017 2109 3253 2178 καὶπρὸς
3278 2111 3336 2164 τὸ
3355 2110 3574 2181 βλαισὸν
3594 2115 3694 2182 (61)

2143 2201 2686 2272 ύποκαμπτομένων⁹
2758 2201 3039 2266 ’Λντώνιος
3089 2199 3155 2274 ἦν
3205 2203 3282 2274 τῷ
3325 2206 3598 2278 ἀνθρώπῳ
3645 2208 3696 2260 τὸ

2139 2294 2330 2367 ὄνομα.
2368 2293 2426 2345 '0
2485 2293 2540 2345 δὲ
2570 2293 2867 2361 Αἰγύπτιος
2915 2292 3057 2348 οὕτω
3085 2297 3537 2367 κατεὸραχύνετο,
3563 2299 3695 2352 ὥστε

2145 2383 2278 2458 μηδἸ
2296 2384 2602 2454 ἀχαρίστως
2639 2383 2750 2454 (62)
2797 2385 2922 2449 τοὺς
2956 2387 3013 2438 ἐν
3040 2389 3151 2450 τοῖς
3179 2386 3421 2451 κλουὸοἰς
3445 2389 3694 2459 πέρδικας

2142 2476 2514 2548 ἐκμιμεῖσθαι,
2532 2477 2626 2530 καὶ
2648 2475 2965 2547 συναθύρειν
2983 2477 3127 2548 αύτῷ
3147 2477 3278 2549 πρὸς
3302 2477 3417 2550 ἔριν
3441 2481 3694 2544 ἐκείνους.

2143 2570 2217 2622 Τὸ
2268 2569 2325 2622 δὲ
2376 2568 2826 2640 παραδοξότερον,
2860 2569 2942 2622 ὅτι
2977 2571 3070 2622 καὶ
3097 2572 3130 2640 ἡ
3165 2569 3419 2641 φρόνησις
3464 2573 3590 2643 ἐνῆν
3627 2572 3694 2644 τῷ

2141 2659 2238 2713 ἀνθ
2247 2659 2432 2731 ρώπῳ,
2453 2659 2605 2713 οὐδὲν
2621 2661 2648 2712 ὑ
2658 2661 2723 2713 πὸ
2737 2661 2834 2732 τῆς
2853 2661 3185 2732 βραχύτητος
3197 2663 3693 2737 καταδλαπτομένη·

2143 2749 2237 2802 καὶ
2268 2749 2376 2820 γὰρ
2403 2751 2493 2802 καὶ
2532 2750 2591 2803 τὸ
2626 2750 2845 2822 φθέγμα
2883 2753 2982 2805 οὐκ
2998 2754 3233 2822 ἄμουσος
3261 2749 3348 2824 ἦν,
3379 2757 3472 2809 καὶ
3491 2759 3538 2810 οἱ
3556 2758 3692 2826 λόγοι

2140 2839 2234 2893 τοῦ
2269 2839 2359 2892 νοῦ
2380 2842 2638 2911 παρεῖχον
2660 2842 2884 2912 ὁρᾶσθαι
2903 2843 3000 2914 τὴν
3021 2846 3388 2916 γενναιότητα.
3413 2847 3691 2919 Ἑκάτερο.

2139 2930 2197 2984 δὲ
2234 2930 2341 2983 τῶν
2405 2933 2710 3003 εἰρημένων
2754 2935 2867 2996 τοῖς
2910 2934 3002 2987 τοῦ
3067 2937 3424 3006 συγγραφέως
3489 2939 3693 3008 χρόνοις

2140 3025 2440 3098 ὲνὴκμασε,
2477 3031 2570 3082 καὶ
2623 3025 2682 3082 οὐ
2733 3027 2926 3085 θᾶττον
2945 3033 3172 3105 μετῆλθε
3194 3027 3285 3082 τὸν
3315 3027 3452 3097 βίον,
3520 3031 3579 3084 Ὀ
3604 3034 3694 3100 μὲν

2142 3117 2250 3190 γὰρ
2296 3119 2552 3189 μέγιστος
2595 3120 2665 3174 τά
2707 3121 2878 3175 εἴκοσι
2904 3125 3061 3176 πέντε
3081 3123 3293 3192 ,διεξιὼν
3318 3125 3409 3197 ἔτη
3442 3126 3654 3180 ἀπεείω
3677 3143 3690 3158 ·

2142 3213 2169 3263 ὀ
2183 3210 2227 3263 δ’
2243 3211 2526 3281 ἐλάχιστος
2541 3215 2640 3267 οὐκ
2661 3214 2825 3288 ὀλίγῳ
2847 3216 3154 3270 καὶτούτων
3167 3216 3500 3289 λειπόμενος.
3520 3220 3692 3273 Πολλά

2141 3299 2200 3354 δὲ
2226 3304 2320 3355 καὶ
2341 3303 2504 3376 ἐτερα
2529 3305 2751 3378 τέρατα,
2789 3307 2858 3360 τὰ
2905 3309 3002 3378 μὲν
3048 3312 3161 3373 τοῖς
3217 3311 3525 3382 εἰρημένοις
3569 3313 3688 3383 δμὸι

2143 3409 2328 3462 χρονα,
2370 3395 2438 3448 τὰ
2488 3395 2544 3449 δὲ
2599 3397 2692 3449 καὶ
2739 3399 3214 3471 προγεγενημένα,
3294 3405 3412 3465 ταῖς
3441 3405 3691 3476 ἱστορίαις

2141 3481 2307 3536 αὑτοῦ
2335 3483 2828 3555 καταστρώννυσιν.

2215 3654 2300 3724 ιβ’.
2339 3653 2459 3708 Ὅτι
2500 3656 2600 3726 τῆς
2645 3659 2901 3730 τετράδος
2931 3663 3026 3715 καὶ
3065 3665 3410 3737 παρασκευῆς
3458 3667 3558 3735 τὴν
3603 3687 3686 3741 νη-

2140 3746 2323 3799 στείαν
2345 3749 2372 3799 ὁ
2399 3747 2780 3822 Φιλοστόργιός
2803 3769 2967 3823 φησιν
2997 3755 3096 3807 οὐκ
3127 3757 3186 3807 ἐν
3217 3757 3352 3830 μόνῃ
3381 3756 3494 3811 τῶν
3527 3760 3691 3832 κρεῶν

2133 3840 2313 3910 ἀποχῇ
2344 3840 2772 3911 περιορίζεσθαι,
2799 3844 2932 3898 ἀλλὰ
2962 3847 3055 3899 καὶ
3087 3845 3146 3900 τὸ
3169 3849 3302 3920 μηδὲ
3334 3851 3540 3922 τροφῆς
3565 3854 3688 3916 ὅλως

2137 3931 2405 3985 ἅπτεσθαι
2461 3933 2622 4003 μέχρι
2658 3934 2759 4004 τῆς
2799 3937 3074 4007 ἑσπέρας,
3107 3941 3500 4005 κανονίζεσθαι.
3536 3946 3687 4014 Λέγει

2135 4021 2243 4092 γάρ
2279 4021 2407 4094 περί
2439 4040 2584 4087 τινος
2625 4024 2897 4090 Εύδοξίου,
2955 4029 3368 4100 συναιρεσιὼτου
3399 4033 3530 4101 μὲν,
3569 4050 3686 4106 πρεο

2136 4113 2396 4183 σ6υτέρου
2450 4113 2506 4166 δὲ
2556 4114 2654 4186 τὴν
2711 4115 2900 4182 τάξιν,
2963 4118 3293 4188 ἐψιλωμένου
3350 4121 3407 4174 δὲ
3461 4123 3568 4178 τῶν
3626 4123 3685 4176 δι’

2133 4197 2207 4254 ὧν
2233 4203 2344 4273 (65)
2380 4203 2413 4272 ἡ
2450 4202 2668 4275 διαδοχὴ
2710 4205 2802 4258 τοῦ
2829 4207 3041 4273 γένους,
3083 4209 3290 4262 τοιάδε·
3332 4211 3685 4283 Νηστευτικός

2133 4312 2191 4348 τε
2222 4294 2394 4358 οὕτως
2427 4291 2524 4366 ἦν,
2568 4296 2644 4360 ὼς
2675 4298 2770 4349 καὶ
2804 4299 2932 4370 παρ’
2963 4299 3081 4352 ὅλον
3129 4301 3225 4371 μὲν
3266 4302 3357 4354 τὸν
3390 4303 3580 4372 χρόνον
3619 4303 3684 4373 μὴ

2136 4388 2296 4458 μόνον
2336 4389 2432 4451 τὰς
2461 4388 2603 4442 κατὰ
2634 4390 2877 4457 διάταξιν
2905 4391 3000 4463 τὴν
3031 4395 3251 4464 μνήμην
3292 4393 3385 4447 τοῦ
3418 4395 3682 4465 Κυριακώ

2137 4478 2343 4542 πάθους
2368 4479 2640 4551 φερούσας
2677 4481 2812 4552 (64).
2857 4521 2871 4535 .
2916 4522 2930 4534 .
2974 4522 2988 4536 .

1682 4611 1924 4656 VALESIJ
1969 4611 2471 4672 ΑΝΝΟἸᾺἸἸΟΝΕΞ.⁸

2069 4698 2110 4751 D
2208 4693 2320 4763 (65)
2369 4694 2772 4762 Ἐψιλωμένου
2805 4694 2874 4748 δὲ
2904 4694 3021 4748 τῶν
3046 4695 3207 4748 διῶν.
3239 4695 3392 4751 Hunc
3421 4695 3601 4751 locum
3623 4712 3679 4752 ex

2141 4764 2526 4830 manuscriptis
2552 4764 2833 4818 codicibus
2878 4767 3182 4829 emendavi,
3208 4765 3309 4819 hoc
3344 4765 3544 4820 modo:
3575 4767 3680 4819 Τῶν

2135 4831 2201 4884 δι’
2229 4827 2303 4886 ὧν
2336 4834 2368 4903 η
2400 4827 2618 4904 διαδοχὴ
2651 4833 2744 4887 τοῦ
2766 4835 2986 4902 γένους’
3018 4837 3069 4888 id
3104 4827 3204 4900 est,
3238 4838 3326 4904 qui
3347 4838 3559 4890 orbatus
3582 4850 3680 4890 erat

2136 4904 2200 4974 iis
2225 4905 2456 4973 corporis
2489 4906 2746 4973 partibus,
2769 4906 2954 4974 quibus
2985 4905 3137 4958 liberi
3173 4917 3533 4974 procreantur.
3561 4908 3678 4971 Qui-

2133 4972 2236 5028 bus
2270 4972 2448 5046 verbis
2477 4972 2665 5046 Spado,
2701 4972 2814 5030 sive
2843 4977 3127 5030 eunuchus
3159 4972 3488 5046 designatur.
3529 4975 3680 5030 Miror

2133 5055 2309 5097 tamen
2346 5042 2546 5098 Lucam
2595 5043 2932 5101 Holstenium
2971 5046 3083 5100 haec
3126 5042 3300 5102 verba'
3319 5063 3427 5099 non
3485 5047 3677 5100 intelle-

2126 5115 2292 5186 xisse.
2330 5113 2419 5168 Sic
2453 5117 2596 5168 enim
2626 5116 2714 5170 ille
2749 5118 2893 5171 hunc
2926 5118 3102 5172 locum
3155 5119 3536 5186 interpretatus
3564 5127 3673 5172 est:

2130 5184 2360 5257 Orbratus
2387 5187 2642 5257 cognatis,
2672 5197 2720 5240 et
2752 5187 3076 5257 successione
3104 5184 3321 5257 generis.

2197 5254 2306 5324 (64)
2345 5255 2454 5307 Τοῦ
2483 5256 2780 5323 ΚιῬιακοῦ
2820 5256 3048 5322 πάθους
3079 5254 3396 5325 ῥερούσιις.
3427 5255 3554 5312 Post
3581 5258 3678 5310 lure

2123 5326 2287 5378 verba
2311 5326 2363 5378 in
2398 5340 2498 5379 nis.
2525 5327 2643 5380 eod.
2674 5326 3018 5381 Seoriaceusi
3045 5331 3233 5381 lacuna
3259 5337 3359 5388 est,
3387 5338 3439 5381 et
3470 5339 3673 5381 notarur

2123 5397 2312 5450 deesse
2333 5407 2599 5469 _quatuor_
2615 5397 2764 5469 folia,
2789 5396 2975 5469 λείπει
3011 5397 3244 5469 τέτταρα
3273 5397 3466 5468 φύλλα,
3509 5409 3566 5452 ut
3591 5409 3670 5469 μισ

2131 5475 2303 5537 statur
2333 5464 2511 5537 lfucas
2557 5465 2894 5522 Holsteuius.
2929 5469 2986 5520 lu
3039 5464 3331 5537 exemplari
3368 5483 3546 5520 autem
3586 5464 3672 5537 $3-

2131 5535 2611 5608 muelis_Boeharti
2657 5547 2880 5592 notatur
2907 5539 2972 5591 ad
3025 5535 3341 5608 marginem,
3374 5538 3562 5591 deesse
3595 5535 3669 5587 hic

2129 5608 2266 5679 ultra
2309 5605 2588 5679 dimidiam
2654 5610 2927 5679 paginam,
2981 5624 3103 5676 qua:
3145 5605 3309 5661 nostri
3349 5607 3673 5679 codicistma

2126 5676 2236 5755 fere
2284 5677 2525 5756 .pagellas
2549 5671 2814 5744 coutiniet,
2865 5671 2922 5733 in
2968 5671 3074 5750 qua
3111 5689 3222 5734 erat
3262 5678 3527 5734 undecimi
3565 5671 3672 5729 libri

2123 5761 2473 5817 prmCIptum.
