3842 6366
399 287 502 349 509

396 528 466 540 —
493 498 806 570 Eutropius,
835 514 893 558 ut
921 506 995 559 ait
1019 505 1435 579 Philostorgius,
1460 511 1696 568 Caesario
1716 515 1807 584 qui
1838 527 1959 586 post

401 589 655 646 Ruﬁnum
674 593 1047 662 prmfecturam
1074 600 1310 666 praetorii
1341 601 1778 670 administrabat,
1805 621 1960 661 man-

399 680 576 745 davit,
632 692 690 737 ut
741 683 1064 741 Eunomium
1095 705 1159 744 ex
1215 706 1346 760 agro
1409 694 1718 751 Dacoroeno
1774 697 1956 770 Tyana

402 777 739 842 transferret,
768 792 797 831 a
837 781 1116 836 monachis
1148 785 1243 853 qui
1279 785 1388 838 illic
1420 797 1576 840 erant
1606 794 1954 847 servandum.

399 861 647 919 invidens
680 867 878 936 quippe
922 869 1174 925 Eunomii
1226 873 1429 942 gloriae,
1462 891 1529 931 ne
1571 879 1800 934 cadaver
1831 883 1954 951 qui-

402 955 519 1008 dem
547 954 666 1024 ejus
692 972 982 1015 commune
1006 978 1130 1016 cum
1154 965 1414 1034 magistro
1437 969 1743 1038 sepulcrum
1771 975 1956 1029 sortiri

396 1047 660 1114 permisit,
700 1049 861 1119 idque
904 1053 1027 1106 licet
1055 1055 1273 1122 plurimi
1313 1057 1367 1112 id
1403 1058 1564 1114 enixe
1601 1049 1953 1132 ﬂagitassent.

399 1136 505 1191 Sed
549 1148 602 1192 et
649 1139 818 1194 libros
869 1143 1112 1210 ejusdem
1162 1143 1456 1214 Eunomii,
1500 1150 1730 1220 publicis
1764 1153 1958 1211 edictis

391 1230 558 1298 jussit
582 1231 808 1288 aboleri.

464 1319 517 1374 6.
554 1322 776 1380 Arcadii
798 1324 924 1393 imp.
955 1341 1106 1382 uxor.
1155 1327 1440 1399 Eutropius
1470 1333 1644 1400 capite
1663 1334 1868 1402 plexus.
1887 1366 1956 1375 —

394 1415 659 1478 Arcadius
683 1416 996 1484 imperator,
1028 1429 1150 1490 post
1181 1423 1348 1490 patris
1370 1424 1597 1491 obitum,
1626 1426 1791 1481 ﬁliam
1816 1427 1956 1484 Bau-

396 1507 538 1563 tonis
565 1507 723 1563 duxit
749 1525 994 1565 uxorem.
1027 1511 1154 1567 Erat
1175 1523 1353 1568 autem
1386 1515 1558 1571 Bauto
1588 1519 1805 1574 natione
1831 1521 1956 1575 bar-

397 1599 584 1666 barus,
612 1611 666 1656 et
687 1602 999 1671 magisterio
1027 1606 1260 1660 militum
1291 1608 1344 1662 in
1373 1605 1679 1667 Occidentis
1710 1613 1955 1682 partibus

397 1691 715 1760 perfunctus
749 1695 948 1752 fuerat.
983 1697 1154 1752 Porro
1189 1699 1384 1754 mulier
1417 1699 1572 1770 longe
1615 1717 1648 1756 a
1675 1703 1777 1756 viri
1805 1703 1950 1759 desi-

1745 308 2218 371 PHILOSTORGH

469 409 523 463 5.
555 407 804 464 Eunomii
825 429 1011 483 corpus
1045 401 1541 488 sepulcro'motum,
1582 421 1804 494 librique
1832 428 1958 480 usti.
1989 442 2037 496 Α

2134 437 2194 484 ε’.
2233 431 2375 492 Ὅτι,
2405 428 2589 498 φησὶν,
2637 427 2932 496 Εύτρὸπιος
2975 429 3296 499 προστάττει
3346 432 3625 505 Καισαρίῳ

2060 523 2156 593 τὴν
2195 523 2472 591 Ῥουιρίνου
2507 518 2872 590 διαδεξαμένῳ
2903 520 3094 591 ἀρχὴν,
3135 523 3400 593 Εὐνόμιον
3428 526 3492 577 ἐκ
3522 526 3624 580 τῶν

2061 611 2412 683 Δακοροηνῶν
2458 615 2549 665 ἐπὶ
2595 613 2777 666 Τύανα
2833 614 3186 683 μεταστῆσαι,
3225 614 3330 668 ὑπὸ
3364 616 3478 668 τῶν
3519 619 3627 672 ἐκεῖ

2063 702 2341 774 μοναστῶν
2390 703 2780 773 τηρησόμενον.
2831 703 3146 760 Βασκαίνων
3205 707 3312 778 γὰρ
3353 709 3506 776 αὐτῷ
3537 709 3626 762 τοῦ

2060 795 2266 857 κλέους,
2291 795 2408 848 οὐδὲ
2435 795 2526 848 τὸν
2555 795 2744 866 νεκρὸν
2773 796 2936 849 αὑτοῦ
2966 798 3140 868 ταφῆς
3160 802 3341 869 τυχεῖν
3366 801 3468 868 τῆς
3497 803 3628 869 μετά

2057 886 2150 939 τοῦ
2176 886 2492 940 διδασκάλου
2527 887 2842 956 συνεχώρει,
2871 888 3042 941 καίτοι
3076 889 3242 942 πολλὰ
3272 891 3486 943 πολλῶν
3511 891 3626 962 δεη-

2059 978 2291 1031 θέντων·
2354 977 2489 1030 ἀλλὰ
2545 978 2640 1032 κα)⁵
2702 981 2798 1042 τὰς
2864 978 3081 1048 βίϐλους
3140 981 3305 1034 αὑτοῦ
3353 982 3626 1052 δημοσίοις

2060 1068 2376 1138 γράμμασιν
2413 1069 2767 1137 ἀφανίζεσθαι
2797 1071 3076 1137 διετάξατο
3098 1070 3198 1143 (a).

2129 1338 2201 1396 ς’.
2236 1329 2380 1394 ”Οτι,
2407 1333 2590 1402 φησὶν,
2627 1332 2905 1403 Ἀρκάδιος
2939 1337 2967 1389 ὁ
3003 1334 3274 1405 βασιλεὺς,
3301 1335 3626 1406 μετά-θάνα-

2054 1443 2145 1479 τον
2169 1425 2262 1478 τοῦ
2294 1427 2519 1497 πατρὸς,
2543 1425 2817 1498 θυγατέρα
2837 1427 3112 1494 Βαύδωνος
3145 1428 3339 1497 ἄγεται
3360 1430 3594 1495 γυναῖκα
3610 1445 3624 1460 ’

2055 1517 2160 1571 ὁδὲ
2198 1516 2470 1589 βάρϐαρος
2501 1517 2597 1587 μὲν
2621 1513 2688 1587 ἦν
2735 1518 2796 1570 τὸ
2842 1519 3018 1586 γένος,
3063 1517 3365 1588 στρατηγίᾳ
3397 1517 3458 1570 δὲ
3493 1518 3625 1568 κατὰ

2054 1607 2150 1679 τὴν
2179 1608 2438 1679 ἑσπερίαν
2465 1608 2786 1680 διαπρέψας.
2832 1609 2905 1662 Τὸ
2943 1609 3000 1662 δὲ
3023 1609 3244 1678 γύναιον
3267 1611 3329 1662 οὐ
3363 1608 3509 1662 κατὰ
3535 1609 3626 1678 τὴι

2055 1699 2146 1752 τοῦ
2194 1699 2384 1774 άνδρδς
2428 1700 2662 1754 διέκειτο
2702 1701 2968 1762 νωθείαν.
3021 1701 3135 1756 ἀλλ’
3180 1701 3305 1772 ὲνῆν
3357 1701 3497 1772 αὐτῇ
3537 1700 3626 1752 τοῦ

397 1785 483 1839 dia
515 1801 580 1841 ac
625 1787 875 1865 socordia
906 1789 1178 1855 distabat;
1211 1790 1388 1846 inerat
1417 1792 1559 1846 enim
1607 1793 1656 1848 ei
1709 1794 1955 1849 nonnihil

2069 1788 2392 1862 3ap6aptxoii
2423 1790 2660 1863 θράσους
2699 1792 2799 1844 οὐκ
2825 1792 3023 1862 ὀλίγον.
3057 1791 3204 1863 Αὕτη
3241 1792 3296 1845 δὲ
3328 1791 3629 1862 θυγατέρας

396 1875 689 1932 barbaricae
719 1879 978 1936 audaciae.
1004 1881 1328 1951 Susceperat
1350 1883 1461 1953 jam
1489 1900 1551 1938 ex
1583 1899 1645 1939 ea
1688 1885 1954 1942 Arcadius

394 1967 532 2022 tilias
565 1968 729 2034 duas,
769 1968 1109 2046 Pulcheriam
1151 1983 1204 2028 et
1246 1973 1569 2038 Arcadiam;
1606 1979 1951 2046 postmodum

395 2072 523 2115 vero
564 2059 825 2116 Marinum
851 2079 1068 2135 quoque
1095 2077 1149 2120 et
1187 2065 1549 2123 Theodosium
1599 2069 1770 2125 ﬁlium
1795 2086 1861 2126 ex
1890 2087 1953 2126 ea

395 2153 632 2207 sustulit.
653 2151 806 2210 Tunc
831 2155 994 2224 igitur
1019 2173 1142 2211 cum
1170 2159 1401 2212 duorum
1430 2170 1637 2214 tantum
1659 2161 1952 2216 liberorum

397 2263 596 2316 parens
612 2258 776 2315 esset,
809 2251 879 2306 ab
928 2250 1190 2321 Eutmpio
1222 2254 1551 2308 contumelia
1595 2253 1820 2322 affecta,
1852 2255 1954 2308 mi-

396 2347 556 2394 natus
579 2341 722 2395 enim
755 2342 804 2395 ei
836 2341 1010 2398 fuerat
1041 2342 1359 2413 Eutropius,
1383 2359 1440 2399 se
1462 2345 1660 2416 palatio
1680 2360 1798 2401 eam
1825 2361 1952 2417 pro-

395 2430 606 2498 pediem
637 2433 938 2502 ejecturum
963 2450 1106 2498 esse,
1138 2435 1341 2491 liberos
1368 2453 1496 2492 suos
1523 2438 1784 2494 ambabus
1811 2439 1954 2494 ulnis

395 2525 695 2594 complexa,
725 2527 868 2581 sicut
914 2537 1052 2593 erat,
1085 2529 1151 2582 ad
1197 2529 1450 2583 maritum
1498 2530 1750 2596 accessit,
1782 2540 1838 2585 et
1875 2531 1954 2585 la-

397 2627 648 2673 mentans
675 2619 837 2674 simul
870 2633 935 2674 ac
971 2620 1168 2675 liberos
1196 2622 1553 2691 praetendens,
1591 2623 1952 2692 lacrymarum

396 2710 624 2765 imbrem
667 2711 922 2780 profudit.
968 2713 1087 2767 Alia
1122 2713 1250 2767 item
1293 2713 1519 2782 adjecit,
1551 2730 1670 2783 quae
1703 2715 1954 2771 mulieres

396 2802 550 2856 irata:
601 2802 852 2856 muliebri
904 2811 1018 2856 arte
1050 2801 1230 2857 facere
1269 2804 1478 2868 solent,
1529 2803 1727 2873 quibus
1771 2804 1952 2858 mariti

396 2893 638 2945 animum
680 2893 746 2946 ad
793 2893 1198 2948 miserationem
1239 2893 1612 2949 vehementius
1656 2896 1949 2951 concitent.

396 2983 536 3037 Tum
565 2999 695 3038 vero
723 2984 1010 3050 Arcadius,
1037 2993 1092 3039 et
1120 2986 1467 3041 miseratione
1498 2986 1782 3041 infantium
1806 3001 1955 3043 com-

397 3083 578 3128 motus
615 3083 720 3141 est,
749 3076 840 3144 qui
875 3077 1106 3131 naturali
1139 3079 1372 3146 quodam
1417 3080 1652 3149 impulsu
1689 3097 1795 3135 una
1828 3096 1950 3136 cum

2059 1883 2159 1953 ήδη
2207 1881 2283 1954 τῷ
2345 1881 2613 1954 Ἀρκαδίῳ
2653 1883 2766 1952 δύο,
2815 1884 3146 1955 Πουλχερίαν
3201 1886 3294 1938 καὶ
3343 1883 3628 1955 Ἀρκαδίαν

2059 1973 2304 2040 ἐγείνατο
2323 1991 2336 2003 ·
2367 1972 2591 2046 ὓστερον
2612 1973 2670 2028 δὲ
2705 1975 2800 2028 καὶ
2829 1976 3100 2046 Μαρῖναν,
3139 1975 3232 2027 καὶ
3263 1974 3376 2027 υἱὸν
3405 1974 3629 2026 ὲπέτεκε

2058 2066 2352 2120 Θεοδόσιον.
2384 2067 2516 2120 Τότε
2541 2067 2586 2121 δ’
2622 2064 2714 2120 οὖν
2751 2067 2857 2120 τῶν
2892 2068 2985 2122 δύο
3023 2069 3225 2122 παίδων
3259 2068 3444 2139 μήτηρ
3475 2063 3631 2130 οὖσα,

2060 2159 2210 2228 παρὰ
2262 2159 2562 2230 Εὐτροπίου
2615 2159 3084 2230 περιυϐρισθεῖσα,
3131 2160 3205 2222 ὡς
3255 2160 3350 2212 καὶ
3400 2159 3633 2228 ἀπειλὴν

2057 2249 2193 2319 αὐτῇ
2239 2251 2590 2318 ἐπενεγκεῖν,
2638 2252 2746 2304 τῶν
2802 2251 3086 2321 βασιλείων
3134 2251 3325 2304 θᾶττον
3373 2249 3626 2318 ἀποπέμ-

2057 2341 2262 2410 ψασθαι
2282 2358 2293 2370 '
2321 2341 2394 2405 ὡς
2415 2337 2580 2412 εἶχεν,
2611 2341 3018 2414 ἀγκαλισαμένη
3048 2341 3114 2394 τὰ
3137 2341 3321 2394 παιδία
3340 2339 3431 2393 διά
3450 2340 3625 2410 χειρὸς

2058 2435 2345 2504 ἑκατέρας,
2381 2434 2742 2506 προσέρχεται
2767 2433 2844 2505 τῷ
2888 2433 3038 2508 ἀνδρί
3061 2450 3076 2463 °
3108 2433 3199 2486 καὶ
3241 2430 3537 2484 κωκύουσά
3570 2447 3624 2480 τε

2059 2529 2208 2597 ἅμα,
2237 2527 2331 2580 καὶ
2387 2526 2456 2580 τὰ
2506 2526 2678 2599 βρέφη
2731 2526 3152 2597 προτεινομένη,
3196 2524 3450 2597 δακρύων
3481 2521 3624 2592 ἠφίει

2057 2619 2297 2683 λιϐάδας,
2329 2619 2421 2673 καὶ
2453 2618 2619 2673 τᾶλλα
2659 2619 2827 2672 ἐποίει
2870 2619 2972 2672 ὅσα
3011 2611 3145 2702 γυνὴ
3198 2617 3622 2687 φλεγμαίνουσα,

2059 2713 2344 2784 γυναικείᾳ
2371 2713 2531 2783 τέχνῃ
2555 2712 2688 2783 πρὸς
2706 2711 2767 2764 τὸ
2792 2711 3238 2782 παθητικώτερον
3265 2709 3628 2778 ἐφελκύσαιτο

2057 2809 2148 2861 τὸν
2194 2806 2378 2876 ἄνδρα.
2428 2803 2518 2874 Τῷ
2553 2803 2609 2856 δὲ
2655 2803 2922 2874 Ἀρκαδίῳ
2951 2799 3126 2867 οἶκτός
3175 2819 3234 2855 τε
3274 2802 3384 2855 τῶν
3427 2801 3628 2853 παίδων

2059 2896 2249 2968 εἰσῄει,
2281 2898 2344 2949 ὲκ
2368 2896 2466 2966 τῆς
2495 2893 2630 2965 πρὸς
2658 2892 2754 2964 τὴν
2783 2893 2991 2963 μητέρα
3015 2891 3357 2964 συμπαθείας
3385 2891 3625 2962 βραυκα-

2059 2990 2296 3059 νομένων
2319 2989 2451 3058 (85),
2482 2989 2577 3040 καὶ
2611 2987 2750 3060 ὀργὴ
2778 2987 3015 3058 ἀνήφθη.
3037 2985 3144 3038 Καὶ
3175 2984 3238 3054 δὴ
3275 2984 3396 3036 τότε
3424 2984 3539 3045 τοῖς
3569 2999 3625 3034 τε

2061 3081 2251 3151 θυμοῖς
2306 3082 2398 3133 καὶ
2442 3083 2508 3152 τῇ
2550 3080 2618 3132 δι’
2676 3080 2856 3134 αὐτῶν
2909 3067 3196 3149 ἐμϐριθείᾳ
3239 3076 3347 3128 τῶν
3383 3075 3558 3143 λόγων
3600 3076 3630 3124 ὁ

400 3175 572 3222 matre
595 3169 893 3238 ejulabant,
920 3178 974 3224 et
1004 3171 1083 3225 ira
1113 3174 1332 3227 exarsit.
1362 3173 1440 3228 Ac
1470 3181 1583 3227 tum
1613 3174 1828 3228 demum
1855 3174 1958 3228 Ar-

2074 3149 2355 3241 Ἀρκάδιος
2388 3149 2640 3238 βασιλεὺς
2674 3165 2762 3239 ἦν.
2792 3169 2955 3220 Ὅθεν
2982 3165 3180 3220 αὐτίκα
3212 3163 3302 3217 τὸν
3335 3164 3632 3231 Εύτρὸπιον

397 3260 606 3325 (:adius,
639 3261 718 3315 ira
747 3276 872 3316 eunt
908 3264 1276 3319 inﬂammante
1313 3275 1365 3320 et
1394 3266 1680 3320 verborum
1719 3265 1954 3336 rigorem

395 3351 444 3404 ei
471 3362 810 3422 suggerente,
829 3353 1120 3419 imperator
1150 3355 1416 3423 apparuit.
1448 3355 1558 3426 (82)
1578 3353 1770 3432 Statim
1797 3356 1960 3426 igitur

401 3442 716 3512 Eutropium
743 3444 891 3498 omni
922 3443 1182 3512 dignitate
1214 3445 1640 3516 exuit,0pesque
1670 3447 1716 3500 ei
1739 3446 1958 3510 ademit,

397 3543 453 3590 ct
497 3535 553 3589 in
601 3534 836 3604 Cyprum
872 3535 1102 3590 insulam
1148 3552 1271 3592 eum
1309 3537 1580 3603 relegavit.
1630 3536 1739 3592 Nec
1789 3521 1959 3602 multo

399 3635 541 3696 post,
567 3643 690 3683 cum
726 3627 972 3682 nonnulli
1009 3644 1130 3683 eum
1179 3638 1547 3693 accusassent,
1576 3629 1718 3699 quod
1769 3631 1962 3683 consul

402 3718 576 3774 factus
628 3721 965 3774 ornamentis
1012 3721 1078 3775 iis
1121 3737 1252 3777 usus
1293 3731 1455 3786 esset,
1509 3721 1708 3790 quibus
1756 3721 1959 3775 nemini

401 3821 592 3880 praeter
613 3812 993 3882 imperatorem
1019 3813 1095 3865 uti
1123 3813 1338 3874 licebat,
1364 3830 1429 3867 ex
1471 3811 1650 3882 Cypro
1677 3823 1963 3867 revocatus

2062 3261 2226 3332 τιμῆς
2246 3278 2304 3313 τε
2324 3261 2540 3331 ἁπάσης
2562 3261 2825 3331 περιδύει,
2839 3261 2931 3312 καὶ
2944 3258 3034 3312 τὸν
3056 3257 3281 3310 πλοῦτον
3299 3257 3632 3327 ἀφαιρεῖται,

2066 3354 2161 3407 καὶ
2189 3355 2266 3416 είς
2296 3352 2520 3424 Κύπρον
2559 3351 2657 3422 τὴν
2698 3355 2860 3423 νῆσον
2893 3349 3203 3420 φυγαδεύει.
3240 3349 3371 3402 Μετ’
3399 3348 3462 3400 οὐ
3503 3347 3632 3399 πολὺ

2065 3445 2122 3498 δέ
2149 3462 2308 3498 τινων
2343 3445 2762 3511 ἀπενεγκάντων
2801 3444 2920 3496 κατ’
2956 3442 3119 3496 αὑτοῦ
3158 3440 3394 3512 γραφὴν,
3438 3440 3514 3503 ὡς
3539 3441 3633 3492 ὁπ-

2064 3536 2191 3588 όταν
2225 3533 2427 3597 ὕπατος
2459 3535 2730 3602 ἐγεγόνει,
2770 3533 3102 3604 βοσκήμασιν
3134 3534 3485 3603 ἀπεχρήσατο
3504 3533 3631 3601 (85),

2065 3623 2145 3691 οἷς
2179 3626 2355 3680 οὐδενὶ
2378 3626 2485 3679 τῶν
2530 3626 2705 3682 ἄλλων
2735 3628 2881 3698 ἐξῆν,
3021 3629 3101 3680 ὅτι
3127 3645 3190 3695 γε
3229 3627 3375 3698 μόνῳ
3410 3627 3632 3695 βασιλεῖ,

2071 3718 2456 3789 μετάπεμπτος
2511 3718 2620 3771 ἀπὸ
2669 3719 2895 3789 Κύπρου
2943 3720 3162 3788 γίνεται.
3211 3718 3313 3771 Καὶ
3363 3719 3636 3789 συνεδρίου

2071 3810 2213 3862 κατὰ
2261 3811 2322 3862 τὸ
2370 3809 2702 3881 καλούμενον
2761 3811 3048 3881 Παντίχιον
3084 3811 3192 3882 t85)
3243 3811 3634 3871 καθεσθέντοςο

1625 3986 1700 4028 VA
1709 3985 1864 4028 LESII
1893 3984 2291 4029 ΑΝΝΟΤΑἸἹΟΝ
2297 3985 2368 4029 ES
2377 4017 2387 4028 .

475 4095 588 4164 (82)
626 4093 778 4147 Socr.
809 4092 902 4146 lib.
930 4108 1005 4164 vi,
1047 4093 1253 4164 cap.75;
1289 4091 1414 4146 Soz.
1443 4093 1537 4147 lib.
1566 4108 1684 4159 vni,
1709 4107 1829 4162 cap.
1861 4091 1911 4164 ἶ.

474 4158 586 4236 (85)
614 4158 1136 4236 Βραῦκανομένωνῖ
1159 4163 1223 4236 _ln
1260 4164 1630 4236 manuscripto
1650 4158 1966 4236 codicesa-

404 4233 595 4292 muelis
637 4233 882 4304 ﬁocharti
929 4235 1124 4302 legitur
1153 4233 1602 4304 βραυκανομένων
1635 4248 1757 4287 cum
1805 4233 1965 4302 dipli-

403 4309 621 4376 thongo.
639 4301 704 4357 Et
735 4304 806 4376 ad
822 4305 1120 4376 marginem
1146 4301 1439 4376 uacriptuni
1465 4313 1547 4357 est
1567 4304 1753 4376 eadem
1777 4301 1963 4364 manu,

405 4371 1037 4446 ίσωξκραυγαςομένων.
1213 4373 1346 4446 nihi_l
1377 4389 1514 4442 opus
1542 4382 1625 4427 Cal
1657 4374 1753 4446 hac
1778 4389 1966 4428 emen-

403 4442 640 4508 datione,
670 4461 793 4498 cum
824 4443 1276 4513 βρκυκανομὲνων
1302 4442 1486 4496 Graeca
1519 4459 1615 4495 vox
1662 4443 1750 4513 sit,
1797 4451 1854 4496 ut
1887 4451 1966 4496 te-

2075 4100 2174 4154 ret,
2213 4108 2346 4146 usus
2387 4091 2582 4147 fuerat.

2142 4162 2457 4234 (8511(αῴ
2494 4163 2559 4234 τὸ
2609 4164 2986 4232 καλούμενον
3020 4164 3379 4231 Παιοτυχιόν.
3420 4163 3636 4219 Rectius

2072 4233 2126 4286 in
2153 4230 2357 4287 codice
2405 4230 2654 4286 Bocharti
2695 4230 2957 4301 scriptum
2992 4245 3074 4288 est
3121 4230 3442 4303 Παντίχιον,
3492 4245 3546 4288 et
3574 4235 3639 4290 ad.

2073 4304 2367 4374 marginem
2405 4303 2721 4356 adnotatum
2755 4304 2944 4358 eadem
2995 4320 3154 4357 manu
3191 4323 3203 4356 :
3246 4307 3329 4358 vel
3363 4305 3635 4374 Πανίχιον.

2075 4371 2218 4425 Nam
2251 4373 2397 4442 prior
2429 4374 2638 4442 quidem
2674 4375 2938 4442 scriptura
2967 4383 3080 4427 erat
3113 4391 3229 4426 cum
3257 4392 3320 4437 τ;
3346 4375 3436 4427 sed
3461 4371 3641 4442 postea

2072 4443 2479 4514 mediuntﬂinter
2507 4459 2537 4494 τ
2565 4456 2610 4496 et
2649 4460 2664 4495 t
2705 4444 2956 4496 insertum
3002 4453 3078 4514 est
3109 4444 3516 4514 longiusculum.
3565 4444 3636 4498 Ex

405 4527 579 4572 statur
633 4514 931 4585 Hesychius
975 4513 1069 4600 his
1107 4512 1297 4600 νεξιιιιίς
1335 4531 1346 4565 :
1380 4512 1817 4600 ῐξραυκανᾶσθαι,
1873 4515 1960 4594 ἐπὶ

2069 4529 2175 4600 Ἧιο
2206 4513 2477 4598 conjicere
2512 4515 2655 4600 licet,
2685 4515 2962 4600 Iscriptnm
3011 4513 3178 4568 fuisse
3203 4512 3276 4600 lin
3318 4516 3420 4600 hoc
3451 4516 3636 4595 codice

402 4589 507 4641 τῶν
543 4583 837 4640 κλαιόντων
873 4583 1096 4636 παιδίων
1131 4583 1366 4654 λέγεται,
1398 4584 1728 4654 ὼςγμίμημα
1758 4585 1960 4654 φωνῆς.

476 4659 584 4725 (84)
619 4654 1015 4725 Βοσκήμασρρ
1040 4653 1445 4722 ἀπεχρήσατο.
1476 4653 1659 4723 Longe
1690 4654 1880 4707 melius
1901 4653 1963 4706 in

400 4722 584 4783 codice
631 4722 900 4780 Samuelis
965 4722 1216 4779 Bocharti
1279 4725 1534 4778 scribitur
1594 4722 1963 4794 κοσμήμασιν.

400 4798 573 4864 Quam
613 4799 938 4860 scripturam
970 4795 1251 4848 conﬁrmat
1294 4794 1628 4864 Ncephorus
1664 4797 1714 4846 in
1751 4810 1872 4862 cap.
1907 4796 1962 4853 4,

405 4870 524 4923 lihri
553 4885 663 4923 xm.
696 4868 785 4920 ubi
823 4870 966 4919 hunc
985 4864 1330 4935 Philostorgii
1359 4866 1536 4918 locum
1562 4869 1638 4935 ita
1654 4867 1960 4935 expressit:

405 4940 640 5009 Κόσμοις
664 4939 791 5006 παρ’
822 4937 977 5009 ᾁξίαν
1005 4933 1297 5009 ἐχρήσατό,
1324 4935 1414 5009 οὓς
1446 4936 1588 5009 μόνῳ
1617 4933 1790 5009 ἔξεστι
1815 4934 1968 5003 βασι-

400 5010 484 5062 λεῖ
523 5005 944 5078 ἀμφιέννυσθαι.
999 5005 1294 5078 [ξω-ραταιιι
1333 5007 1496 5071 igitur
1550 5005 1824 5078 intelligo,
1861 5020 1966 5078 qua

404 5075 695 5147 Eutropius
726 5076 982 5132 Kalendis
1007 5075 1287 5140 Januarii,
1319 5078 1446 5130 dum
1483 5077 1674 5130 consul
1709 5075 1967 5145 procede-

2075 4583 2391 4653 Παντείχιον
2434 4599 2554 4637 cum
2588 4585 2957 4653 diphthongo,
2995 4585 3452 4653 quemadmodum
3508 4589 3638 4638 scri-

2075 4654 2218 4706 bitur
2249 4655 2389 4722 apud
2419 4655 2784 4724 Sozomenutii
2820 4655 3046 4723 in_libro
3093 4671 3188 4718 ιιι,
3209 4670 3327 4724 cap.
3359 4655 3448 4707 21.
3493 4654 3638 4709 Dieta

2072 4733 2155 4778 est
2189 4734 2364 4778 autem
2390 4741 2452 4778 ea
2487 4723 2650 4778 statio
2673 4723 3037 4787 Pantichium,
3062 4740 3126 4779 eo
3157 4723 3298 4794 quod
3334 4726 3468 4794 nihil
3496 4726 3636 4779 aliud

2075 4794 2295 4848 haberet
2324 4810 2487 4862 quam
2527 4811 2766 4848 murum.
2796 4795 2878 4847 Ah
2909 4796 3099 4846 eadem
3134 4791 3298 4848 causa
3334 4791 3639 4850 Panormus

2073 4865 2200 4917 olim
2252 4867 2528 4918 nominata
2589 4873 2704 4929 est,
2763 4865 2891 4918 lll‘llS
2948 4865 3163 4917 bicilim.
3210 4863 3475 4919 Caeterum
3537 4881 3639 4920 non

2077 4933 2350 4990 assentior
2379 4934 2733 4999 GoIhofredo,
2767 4936 2857 5004 qui
2884 4935 3158 5005 συνέδριον
3194 4938 3294 4988 hoc
3327 4936 3442 4988 loco
3477 4937 3640 4988 inter-

2076 5015 2316 5072 pretatur
2375 5005 2782 5059 consistorium.
2831 5007 2991 5072 Atqui
3041 5005 3314 5074 συνέδριον
3363 5022 3637 5075 nunquam

2075 5076 2460 5130 consistorium
2502 5076 2790 5146 signiﬁcat,
2827 5077 2930 5130 nisi
2979 5077 3186 5146 aliquid
3228 5077 3460 5144 amplius
3495 5075 3638 5130 addi-

1864 5210 2214 5253 VARIORUM.

472 5319 548 5389 (a)
590 5318 700 5389 Τὰς
745 5320 1016 5389 ,βίϐλους⁸
1046 5316 1250 5389 αὐτο-ᾇ-
1276 5315 1588 5384 δημοσίοις
1637 5315 1974 5389 γράμμασιν

404 5385 789 5460 ἀφανίζεσθαι
830 5386 1158 5460 διετάξατο.
1211 5385 1322 5439 Hoc
1361 5388 1973 5460 ipsuingconstitulione

406 5456 505 5515 sua
535 5461 798 5514 Arcadius
825 5461 888 5511 ad
923 5456 1315 5526 Eutychianum
1348 5456 1567 5510 Gesarii
1598 5471 1970 5510 successorem

409 5534 573 5585 inissa
625 5545 768 5583 anno
823 5527 952 5582 Chr.
999 5526 1100 5582 398
1150 5527 1414 5588 sancivit,
1465 5527 1558 5579 lib.
1611 5541 1797 5586 xxxrv,
1847 5527 1968 5580 cod.

408 5600 614 5656 Theod.
652 5599 728 5652 De
772 5600 1053 5652 Itan-eticis.
1094 5596 1310 5652 Codices
1345 5614 1471 5650 sane
1520 5613 1698 5649 eorum
1749 5595 1971 5663 (Euno-

411 5673 750 5732 uiianorum,
781 5670 918 5730 etc.)
975 5668 1227 5721 scelerum
1279 5670 1508 5719 omnium
1562 5667 1860 5718 doetrinam
1911 5685 1972 5720 ac

413 5743 686 5795 materiam
724 5742 1045 5796 continentes
1096 5755 1300 5792 summa
1334 5739 1621 5807 sagacitate
1652 5753 1774 5790 mox
1807 5740 1973 5806 qua'ri

2081 5332 2141 5369 ac
2180 5315 2332 5385 prodi
2365 5327 2543 5370 exerta
2578 5315 2897 5370 auctoritate
2927 5316 3260 5376 mandamus,
3297 5313 3388 5366 sub
3421 5315 3635 5385 aspecti-

2082 5383 2380 5439 busrcorum
2403 5388 2760 5454 judicantium
2792 5388 3029 5440 incendio
3065 5402 3183 5438 mox
3213 5388 3538 5437 cremandos.
3565 5383 3638 5454 Et;

2081 5457 2264 5523 quibus
2319 5458 2362 5509 si
2406 5453 2524 5526 quis
2560 5458 2693 5525 forte
2739 5459 2938 5527 aliquid
2979 5456 3207 5526 qualibet
3255 5458 3529 5507 occasione
3569 5453 3638 5508 trct'

2082 5528 2268 5594 fraude
2297 5528 2584 5580 occultasse
2613 5545 2702 5579 nec
2724 5529 3015 5595 prodidisse
3045 5529 3400 5588 conuincetur,
3432 5527 3638 5578 sciat-se

2081 5596 2214 5650 velut
2246 5599 2521 5650 noxiorum
2551 5600 2788 5650 codicum
2818 5613 2863 5650 et
2899 5599 3140 5657 maleﬁcii
3172 5598 3387 5650 crimine
3419 5597 3634 5650 constri‘

2083 5677 2287 5736 ptornm
2316 5667 2683 5723 occultatorem
2717 5671 2887 5738 capite
2930 5684 3042 5724 esse
3059 5667 3408 5737 plectendum.

3522 313 3722 376 600.
