3842 6320
147 337 236 394 6M

1119 341 1675 399 ECCLESIASTICJE
1717 341 2064 404 HISTORIA:
2105 345 2231 400 LIB.
2270 345 2358 400 XI.

3271 345 3379 402 002

143 449 488 522 (Αὐρηλιανὸς
527 449 570 504 δ’
603 453 631 504 ὁ
680 452 921 525 ὕπαρχος
972 455 1064 508 καὶ
1103 453 1278 528 ἕτεροι
1330 456 1440 509 τῶν
1489 457 1547 509 ὲν
1589 457 1673 509 ταί

1783 465 1914 516 .est.
1955 458 2199 529 Cumque
2249 457 2460 528 iudices
2505 457 2559 513 in
2613 457 2894 515 Pantichio
2953 459 3370 530 consedissent,

141 544 322 614 ἀρχαῖς
371 543 652 613 ἐπιφανῶν
689 545 967 619 ἀρχόντων
1009 546 1332 600 διεσκόπουν
1360 547 1429 601 τά
1473 564 1712 618 κατηγο-

1813 549 2140 606 Aurelianus
2187 567 2319 606 vero
2366 549 2652 622 praefectus
2705 552 2980 621 prattorio,
3030 559 3086 606 et
3132 552 3223 607 alii
3277 553 3375 624 qui

141 636 414 708 ρούμενα),
448 638 648 702 αίτίαις
688 640 716 692 ὁ
753 639 1054 712 Εὑτρόπιος
1099 641 1259 706 ἁλοὺς
1309 643 1408 713 τὴν
1469 642 1673 712 κεφαλὴ

1811 643 2124 710 praecipuos.
2165 642 2514 712 magistratus
2569 642 2862 711 gerebant,
2908 643 2974 698 ad
3012 645 3372 700 exercendam

135 729 460 800 ἀφαιρεῖται.
505 731 643 782 Ἀλλ’
669 731 697 782 ὁ
727 730 826 802 μὲν
855 732 1228 804 Φιλοστόργιος
1251 732 1422 786 ταῦτα
1447 733 1575 803 περὶ
1607 733 1710 786 Εὑ-

1808 733 2162 800 quaestionem
2195 731 2472 788 constituti
2500 741 2678 787 essent
2703 773 2720 800 ,
2764 732 3056 804 Eutropius
3086 735 3374 791 convictus

133 819 350 890 τροπίου
405 819 572 889 λέγει.
623 821 840 894 Ἕτεροι
893 823 950 876 δὲ
1001 823 1164 887 ἄλλας
1209 822 1422 886 αἰτίας,
1473 822 1564 876 καὶ
1611 839 1670 874 το

1806 825 2055 880 criminis
2085 825 2244 894 cujus
2274 825 2653 888 accusabatur,
2688 825 2863 895 capite
2888 841 3076 896 pcenas
3109 827 3272 883 dedit.
3304 828 3372 883 Et

135 913 510 984 παραλυθῆναι
548 915 648 984 τῆς
676 915 876 986 ἀρχῆς,
909 916 1003 970 καὶ
1029 917 1126 989 τῆς
1162 917 1479 988 ὑπερορίας,
1515 915 1608 968 καὶ
1639 914 1673 968 δ·

1804 915 2197 985 Philostorgius
2227 917 2445 987 quidem
2479 915 2547 972 de
2586 915 2844 987 EutrOpio
2883 919 2986 974 ista
3018 919 3226 974 scribit.
3261 919 3367 975 Alii

131 1007 218 1060 καὶ
240 1007 332 1060 τοῦ
366 1008 599 1062 Θανάτου
629 1007 1023 1079 ἁνιστοροῦσιν.

188 1287 252 1354 ζ’.
307 1291 470 1356 Ὅτι,
521 1293 674 1362 φησὶ,
715 1293 808 1346 καὶ
861 1295 988 1357 τοὺς
1030 1295 1116 1348 ἐπ’
1161 1293 1260 1364 ἐμὲ
1300 1293 1696 1366 γεγενημένους

1801 1022 1931 1062 vero
1962 1008 2097 1063 alias
2127 1023 2325 1063 causas
2363 1009 2638 1075 referunt,
2671 1011 2742 1064 ob
2779 1025 2916 1080 quas
2954 1010 3245 1082 Eutropius
3283 1012 3370 1066 di-

1799 1099 2002 1168 gnitate
2037 1101 2272 1156 nudatus
2315 1115 2379 1156 ac
2426 1101 2718 1172 relegatus,
2759 1111 2814 1156 et
2869 1111 3142 1172 postremo
3190 1105 3368 1176 capite

1799 1193 2063 1248 multatus
2098 1203 2200 1247 est.
3285 1243 3294 1248 -

1867 1283 1920 1338 7.
1959 1285 2302 1340 Calamitales
2329 1285 2664 1356 publicw.—
2696 1287 2784 1342 Ait
2819 1285 3234 1359 Philostorgius,
3262 1303 3362 1343 sua

123 1379 342 1450 χρόνους
386 1379 622 1452 τοσαύτη
677 1381 853 1454 φθορά
900 1384 1122 1452 γέγονεν
1179 1381 1511 1456 ἀνθρώπων,
1564 1383 1673 1455 ὃσηε

1795 1375 1976 1431 adhuc
2023 1385 2180 1432 aetate
2230 1387 2434 1432 tantam
2509 1379 2790 1434 hominum
2857 1379 2999 1434 luem
3047 1381 3359 1447 exstitisse,

119 1473 290 1537 οὐδεὶς
330 1475 524 1546 χρόνος
568 1475 625 1542 ἐξ
657 1478 850 1541 αίῶνος
880 1477 1020 1546 ἔγνω
1041 1495 1054 1508 ’
1096 1479 1187 1532 καὶ
1228 1477 1430 1548 ταύτην
1459 1474 1567 1550 ἄρα
1599 1481 1673 1530 κα

1794 1477 2000 1539 quanta
2061 1483 2342 1539 nunquam
2413 1471 2679 1542 superiori
2743 1472 3006 1528 memoria
3053 1473 3358 1529 exstiterat.

117 1566 202 1619 τὸν
229 1565 422 1635 ξιφίαν
464 1569 749 1639 σημαίνειν
787 1571 1011 1643 ἀστέρα.
1045 1569 1121 1624 Οὑ
1156 1568 1264 1640 γάρ
1305 1569 1463 1639 μόνον
1494 1570 1554 1622 τὸ
1584 1571 1673 1640 μά-

1792 1559 1970 1630 Atque
1995 1559 2099 1616 hoc
2127 1561 2202 1616 ait
2231 1562 2571 1632 portendisse
2598 1563 2806 1618 stellam
2841 1579 2964 1634 quae
2989 1563 3159 1619 instar
3195 1565 3358 1636 gladii

117 1671 294 1724 χιμον,
316 1653 507 1728 ὥσπερ
535 1657 701 1711 πάλαι
735 1659 876 1712 κατὰ
902 1660 1028 1724 τοὺς
1056 1657 1366 1730 ἔμπροσθεν
1402 1659 1688 1732 πολέμους,

115 1747 482 1818 ἀπανηλώθη,
538 1749 644 1802 οὐδ’
687 1750 742 1802 ὲν
774 1751 930 1822 μέρει
971 1751 1074 1822 γῆς
1120 1753 1187 1806 τὰ
1233 1751 1378 1822 πάθη
1423 1752 1686 1824 συνέστη·

113 1836 241 1890 ἀλλὰ
275 1840 460 1892 πάντα
494 1841 592 1910 μὲν
627 1841 966 1914 διεφθείρετο
994 1844 1146 1915 γένη,
1170 1846 1318 1897 πᾶσα
1343 1844 1386 1897 δ’
1414 1844 1689 1898 ἀπόλωλεν

1792 1662 2136 1721 apparuerat.
2181 1651 2370 1724 Neque
2412 1657 2557 1710 enim
2609 1655 2870 1711 militares
2903 1656 3072 1726 copiae
3121 1665 3352 1722 tantum,

1795 1755 1852 1800 ut
1878 1745 2253 1815 superioribus
2283 1745 2477 1812 hellis,
2519 1757 2858 1819 consumpta:
2888 1757 3053 1817 sunt,
3094 1765 3268 1818 neque
3302 1751 3356 1805 in

1790 1848 1942 1906 parte
1979 1839 2160 1908 aliqua
2204 1839 2354 1893 orbis
2401 1850 2663 1894 terrarum
2713 1840 3052 1896 calamitates
3099 1841 3355 1896 substite-

113 1931 142 1999 ἡ
181 1929 452 2002 Εὐρώπη,
499 1933 594 1985 καὶ
635 1934 733 2005 τῆς
779 1935 960 1999 Ἀσίας
993 1936 1094 1988 οὑκ
1126 1935 1280 2006 ὀλίγη
1320 1937 1482 2007 μοῖρα
1516 1936 1673 1989 συνδι-

1787 1939 1950 1996 runt;
1991 1945 2180 1986 verum
2212 1932 2589 2002 cujuscunque
2625 1934 2952 1988 conditionis
2983 1935 3230 1990 homines
3266 1933 3354 1988 in-
3399 1979 3409 1988 .

111 2020 345 2092 εφθάρη.
383 2021 545 2075 Ἀλλά
570 2025 663 2077 καὶ
687 2024 786 2095 τῆς
808 2025 1014 2096 Λιϐύης
1047 2027 1078 2095 ή
1104 2025 1292 2097 πολλὴ,
1328 2028 1422 2080 καὶ
1455 2027 1673 2099 μάλιστά

1787 2023 2073 2090 terierunt,
2102 2034 2157 2080 et
2193 2035 2306 2080 tum
2353 2026 2606 2082 universa
2651 2027 2886 2098 Europa,
2925 2038 3038 2082 tum
3069 2027 3211 2082 Asia:
3245 2042 3355 2082 non

109 2129 166 2180 γε
195 2113 301 2182 ὅση
339 2115 636 2185 Ῥωμαίοις
680 2116 946 2170 ὑποτελεῖ.
993 2115 1310 2190 Βαρὸαρικὴ
1361 2118 1458 2189 μὲν
1491 2119 1596 2192 γὰρ
1628 2121 1688 2173 τὸ

107 2203 200 2274 τῆς
226 2203 442 2274 φθορᾶς
477 2205 679 2276 πλῆθος
707 2207 992 2278 εἰργάζετο
1022 2209 1294 2281 μάχαιρα·
1327 2209 1482 2280 λιμὸς
1509 2210 1565 2263 δὲ
1595 2212 1686 2264 καὶ

106 2295 330 2367 λοιμὸς,
368 2299 462 2352 καὶ
510 2300 715 2371 θηρίων
762 2301 970 2372 ἀγρίων
1011 2303 1202 2371 ἀγέλαι
1251 2303 1681 2357 συνεπετίθεντο.

105 2387 328 2458 Σεισμοί
365 2407 427 2442 τε
464 2389 713 2458 ἐξαίσιοι,
758 2392 938 2457 πόλεις
973 2395 1066 2447 καὶ
1105 2393 1280 2458 οἰκίας
1336 2395 1685 2458 ἀνασπῶντες

103 2482 162 2532 ὲκ
189 2480 440 2553 βάθρων,
475 2485 557 2547 είς
583 2483 644 2536 τὸ
683 2485 1055 2553 ἀφυκτότατον
1091 2487 1181 2540 τὸν
1214 2486 1432 2559 ὄλεθρον
1471 2488 1685 2558 ὲναφίε-

103 2591 214 2629 σαν.
246 2573 360 2628 Καὶ
407 2577 662 2648 χάσματα
699 2578 755 2631 δὲ
795 2579 899 2648 γῆς
944 2580 1179 2650 ὲνιαχόθι
1217 2584 1328 2644 τοῖς
1373 2583 1684 2653 οἰκήτορσιν

102 2667 600 2740 επδρῤηγνυμένης
632 2670 800 2737 τάφος
839 2667 908 2742 ἦν
937 2673 1314 2742 αὐτοσχέδιος·
1353 2673 1682 2744 ἐπικλυσμοί

97 2774 152 2810 τε
197 2759 314 2812 τῶν
363 2759 422 2826 ἐξ
468 2761 632 2833 ἀέρος
666 2763 892 2826 ὑδάτων,
945 2765 1039 2817 καὶ
1091 2767 1210 2818 κατ’
1239 2764 1430 2830 ἄλλους
1482 2767 1682 2836 αὐχμοὶ

97 2849 434 2919 φλογῶδεις,
493 2855 805 2926 πρηστῆρες
847 2873 908 2909 τε
955 2856 1102 2909 ἔστιν
1135 2851 1216 2921 οἷς
1267 2857 1677 2928 ὲμὸαλλόμενοι,

96 2943 344 2997 ποικίλον
371 2961 432 2996 τε
453 2944 515 2998 τὸ
548 2943 718 2999 δεινὸν
766 2947 981 3000 ἐποίουν
1028 2949 1120 3002 καὶ
1153 2949 1441 3020 ἀφόρητον.
1475 2947 1585 3000 Καὶ
1614 2947 1679 3020 δὴ

95 3037 186 3088 καὶ
232 3036 450 3106 χάλαζα
484 3037 746 3108 μείζωνῆ
802 3040 942 3093 κατὰ
977 3041 1223 3110 χερμάδα
1267 3039 1530 3110 πολλαχοῦ
1575 3041 1678 3110 γῆς

1786 2115 2008 2170 minima
2034 2132 2160 2186 pars
2190 2117 2434 2172 funditus
2455 2118 2646 2189 periit;
2664 2118 2862 2174 Africae
2883 2129 3136 2190 praeterea
3159 2125 3354 2191 magna

1783 2203 1931 2276 pars,
1965 2221 2030 2261 ac
2073 2209 2343 2277 praecipue
2377 2223 2439 2262 ea
2477 2225 2598 2279 qua:
2646 2209 2907 2264 Romanis
2949 2209 3187 2278 parebat.
3214 2206 3352 2262 Nam

1783 2305 1837 2352 et
1883 2299 2202 2355 barbaricus
2248 2299 2396 2354 ensis
2437 2303 2730 2354 maximam
2781 2301 3062 2356 hominum
3103 2299 3348 2354 multitu-

1782 2389 1961 2443 dinem
1992 2388 2224 2454 delevit;
2255 2398 2309 2444 et
2336 2389 2644 2458 pestilentia
2667 2406 2729 2444 ac
2754 2389 2949 2451 fames,
2973 2399 3026 2444 et
3052 2389 3350 2458 agrestium

1782 2481 2020 2536 ferarum
2054 2497 2246 2552 greges
2288 2481 2452 2538 simul
2487 2483 2870 2537 incubuerunt.
2903 2483 2984 2536 Ad
3017 2482 3132 2537 haec
3162 2492 3349 2537 terra:-

1783 2585 1964 2629 motus
2006 2574 2335 2645 gravissimi,
2367 2575 2529 2630 urbes
2562 2589 2626 2630 ac
2673 2575 2868 2630 domos
2900 2590 2930 2629 a
2984 2574 3350 2631 fundamentis

1783 2665 1918 2735 ipsis
1946 2675 2269 2732 evertentes,
2303 2667 2355 2719 in
2387 2666 2610 2721 exitium
2640 2667 2948 2722 inevitabile
2975 2668 3340 2737 projecerunt.

1783 2755 1974 2811 Hiatus
2000 2771 2218 2827 quoque
2249 2765 2408 2812 terra:
2437 2758 2491 2812 in
2534 2759 2859 2827 quibusdam
2905 2758 3041 2813 locis
3083 2767 3256 2828 rupta:
3283 2773 3350 2814 ac

1779 2846 2129 2910 dehiscentis,
2156 2847 2499 2902 subitaneum
2535 2851 2845 2918 sepulcrum
2876 2848 3066 2904 incolis
3098 2849 3345 2918 prazbuit.

1777 2938 2056 3008 Aquarum
2086 2941 2213 2993 item
2241 2955 2270 2993 e
2298 2940 2437 2994 coelo
2461 2939 2769 2994 cadentium
2787 2940 2994 3000 diluvia
3020 2942 3346 3011 quibusdam

1778 3030 1832 3083 in
1880 3030 2050 3085 locis:
2101 3030 2230 3085 alibi
2287 3045 2417 3085 vero
2461 3032 2736 3087 siccitates
2775 3031 3054 3094 ﬂammeae.
3101 3043 3154 3088 et
3207 3034 3349 3104 ignis

95 3127 464 3198 κατεφέρετο·
525 3129 655 3200 ἄχρι
691 3129 798 3200 γὰρ
852 3132 946 3185 καὶ
1012 3130 1156 3185 ὀκτὼ
1199 3131 1307 3186 τῶν
1367 3133 1673 3203 λεγομένων

1783 3120 2025 3175 turbines
2053 3122 2268 3176 ctelitus
2313 3122 2569 3188 immissi,
2613 3125 2962 3195 multiplicem
3000 3137 3160 3198 atque
3203 3128 3348 3183 into-

93 3218 292 3290 λιτρῶν
321 3221 560 3276 ἕλκουσα
607 3221 772 3294 βάρος
813 3222 970 3296 ὤφθη
1016 3225 1431 3298 κατασκήψασα.
1482 3227 1671 3290 Χιόνος

91 3311 143 3364 δὲ
183 3313 394 3383 πλῆθος
431 3315 526 3367 καὶ
575 3316 802 3387 κρυμῶν
833 3317 1149 3388 ὑπερϐολαὶ,
1175 3317 1265 3382 οὓς
1311 3319 1444 3390 άλλη
1490 3317 1670 3389 πληγὴ

91 3404 148 3454 ού
183 3407 609 3478 προ-ανήρπασε,
641 3409 860 3472 τούτους
891 3410 1404 3482 καταλαμϐάνουσαι
1429 3411 1522 3465 τοῦ
1551 3411 1669 3482 βίου

91 3497 406 3567 ἐξήλαυνον,
429 3499 524 3550 καὶ
552 3499 741 3569 σαφῶς
762 3501 858 3572 τὴν
882 3501 1030 3556 θείαν
1057 3505 1424 3575 ἀνεκήρυττον
1453 3504 1672 3574 ἀγανά-

89 3583 392 3659 κτησιν.οὗ
423 3591 546 3644 καθ’
577 3591 808 3646 ἕκαστον
837 3593 1143 3659 ἐπεξελθεῖν
1171 3596 1303 3668 (86),
1332 3597 1470 3669 ὑπὲρ
1492 3598 1670 3652 πᾶσαν

93 3681 454 3754 ἀνθρωπίνην
487 3684 554 3738 ἂν
590 3684 675 3756 εἴη
711 3685 962 3758 δύναμιν.

151 3953 224 4017 η’.
285 3945 411 3998 Ὀτι
463 3945 570 3998 τῶν
601 3945 838 4012 υὺννων,
887 3946 1071 4015 φησὶν,
1107 3947 1155 3998 oi
1214 3945 1347 4022 usv',
1387 3945 1481 4016 τῆς
1521 3945 1669 4008 ἐντὸς

87 4039 308 4107 Ἴστρου
340 4035 580 4100 Σκυθίας
615 4036 714 4106 τὴν
742 4036 942 4108 πολλὴν
991 4037 1386 4109 χειρωσάμενοι
1428 4038 1523 4091 καὶ
1555 4037 1670 4090 δια-

83 4130 418 4201 φθείραντες
461 4131 747 4201 πρότερον,
786 4129 976 4184 ἔπειτα
1005 4131 1248 4200 παγέντα
1291 4131 1382 4184 τὸν
1427 4132 1670 4202 ποταμὸν

81 4217 392 4280 διαϐάντες,
437 4218 649 4288 ἀθρόως
679 4221 758 4282 εἰς
799 4219 902 4292 τὴν
941 4219 1156 4292 Ῥώμην
1209 4221 1498 4292 είσὴλασαν
1523 4238 1534 4250 ·
1576 4224 1668 4274 καὶ

81 4309 230 4360 κατά
269 4311 454 4362 πᾶσαν
497 4309 825 4380 ἀναχθέντες
856 4313 952 4381 τὴν
984 4313 1226 4385 Θρᾴκην,
1261 4313 1388 4384 ὅλην
1425 4313 1525 4384 τὴν
1566 4315 1670 4366 Εὑ-

84 4397 277 4468 ρὼπην
301 4397 611 4468 ὲληῖσαντο.
656 4401 718 4452 Oi
755 4401 812 4452 δὲ
853 4401 988 4473 πρὸς
1034 4401 1182 4472 ἥλιον
1225 4403 1540 4473 ἀνίσχοντα,
1579 4403 1668 4455 τὸν

1776 3211 2049 3267 lcrabilem
2085 3213 2384 3268 intulerunt
2431 3215 2816 3272 calamitatem.
2867 3217 2972 3273 Sed
3024 3228 3078 3274 et
3117 3219 3344 3290 grando,

1772 3304 1950 3375 lapide
1987 3321 2210 3360 manum
2245 3306 2502 3377 implente
2535 3309 2729 3376 major,
2765 3311 2950 3367 multis
2981 3313 3034 3366 in
3071 3313 3206 3368 locis
3249 3313 3347 3368 de-

1773 3397 1935 3462 cidit;
1967 3397 2301 3467 deprehensa
2332 3399 2478 3454 enim
2513 3410 2596 3455 est
2617 3400 2836 3466 alicubi,
2865 3417 2986 3472 quae
3025 3413 3150 3460 octo
3178 3403 3348 3458 libra-

1772 3505 1918 3557 rum,
1943 3501 2002 3546 ut
2032 3501 2249 3558 vocant,
2275 3493 2490 3562 pondus
2537 3505 2793 3564 aequaret.
2827 3493 3040 3551 Nivium
3085 3507 3347 3567 praeterea

1771 3582 1855 3638 vis
1894 3592 1948 3636 et
1973 3581 2190 3652 frigoris
2226 3584 2565 3653 immanitas,
2607 3601 2701 3642 eos
2739 3602 2879 3657 quos
2915 3587 3018 3642 alia
3062 3588 3348 3643 calamitas

1772 3687 1880 3725 non
1914 3673 2291 3742 prmripuerat,
2333 3675 2657 3744 corripiens,
2689 3677 2797 3732 vita
2825 3678 3079 3748 privavit,
3121 3677 3215 3732 Dei
3257 3679 3342 3732 in-

1773 3759 2135 3830 dignationem
2169 3762 2456 3818 manifeste
2502 3765 2850 3821 denuntians.
2887 3765 3088 3821 Vernm
3127 3768 3344 3838 singula

1771 3865 2224 3918 commemorare,
2262 3853 2518 3909 humanis
2552 3855 2761 3910 viribus
2795 3855 2972 3926 majus
3003 3857 3232 3912 videtur.

1841 3941 1894 3995 8.
1917 3941 2278 3997 Barbarorum
2301 3955 2496 3998 motus.
2525 3943 2864 4016 Tribigildus.
2882 3945 3073 4002 Gaina.
3095 3947 3338 4005 Fravita.

1771 4063 1839 4074 -—
1860 4033 1974 4105 (88)
1993 4035 2170 4090 llunni
2193 4038 2284 4107 qui
2316 4035 2591 4108 Scythiam
2606 4053 2728 4108 quae
2750 4051 2900 4095 trans
2916 4037 3110 4094 Istrum
3133 4041 3235 4096 sita
3259 4049 3342 4096 est

1773 4135 2170 4197 Occnpaverant
2203 4130 2354 4198 prius
2383 4145 2446 4183 ac
2474 4129 2846 4199 devastarant,
2878 4143 3087 4202 postea,
3124 4147 3341 4188 amnem

1772 4219 1894 4288 gelu
1922 4218 2278 4274 constrictum
2309 4219 2660 4290 trajicientes.
2695 4221 2749 4276 in
2781 4221 3148 4280 Romanorum
3181 4224 3343 4279 ditio-

1772 4325 1895 4364 nem
1922 4311 2230 4379 irruperunt
2254 4327 2267 4376 ;
2295 4321 2348 4366 et
2369 4327 2463 4382 per
2489 4314 2798 4369 universam
2825 4315 3111 4372 Thraciam
3133 4315 3336 4380 diii'usi,

1775 4415 1962 4476 totam-
1995 4401 2267 4473 Europam
2319 4404 2627 4474 depopulati
2696 4418 2843 4462 sunt.
2911 4407 3091 4463 Hunni
3155 4419 3340 4466 autem

81 4489 284 4543 Τάναϊν
311 4490 560 4560 ποταμὸν
577 4490 878 4557 διαϐάντες,
904 4495 995 4546 καὶ
1009 4495 1074 4565 τῇ
1134 4491 1242 4564 ἐῴᾳ
1264 4493 1663 4564 ὲπεισρυέντες,

1783 4495 2080 4561 )rientales,
2127 4495 2354 4565 trajeeto
2396 4512 2556 4552 amne
2600 4497 2790 4566 Tanai,
2827 4501 2881 4554 in
2923 4499 3158 4556 Orientis
3205 4515 3334 4572 pro-

79 4580 146 4634 δι’
191 4582 488 4656 Ἀρμενίας
515 4583 756 4656 μεγάλης
787 4587 867 4650 εἰς
887 4587 985 4657 τὴν
1020 4585 1356 4657 καλουμένην
1382 4585 1665 4658 Μελιτινὴν

81 4677 534 4747 κατερῤάγησαν.
575 4677 670 4729 Ἐκ
718 4676 924 4748 ταύτης
967 4677 1022 4731 δὲ
1061 4676 1440 4748 Εύφρατησίαν
1475 4695 1532 4731 τε
1567 4679 1664 4732 ὲπ-

79 4767 276 4820 ἐῦεσαν
311 4769 450 4840 ι87),
489 4769 581 4821 καὶ
619 4767 778 4839 μέχρι
823 4767 924 4839 τῆς
965 4769 1151 4840 κοίλης
1189 4769 1389 4840 Συρίας
1435 4769 1661 4840 ἠλασαν,

77 4859 174 4910 καὶ
223 4857 320 4930 τὴν
371 4859 628 4913 Κιλικίαν
667 4861 1106 4932 καταδραμόντες
1153 4861 1310 4932 φόνον
1359 4861 1664 4932 ἀνθρώπων

1771 4589 1981 4643 vincias
2015 4587 2193 4652 eﬂ'usi,
2229 4604 2324 4658 per
2351 4589 2610 4660 majorem
2637 4591 2946 4647 Armeniam
2977 4592 3030 4647 in
3063 4593 3338 4662 regionem

1770 4697 1892 4750 qua:
1921 4679 2160 4734 Melitine
2188 4679 2405 4745 dicitur,
2445 4682 2738 4736 irruerunt.
2765 4682 2968 4737 Exinde
2999 4681 3338 4752 Euphraten-

1770 4785 1882 4827 sem
1924 4769 2186 4840 aggressi,
2235 4771 2304 4824 ad
2349 4772 2703 4843 lecsyriam
2751 4789 2923 4843 usque
2951 4783 3342 4843 penetrarunt,

1769 4871 1822 4918 et
1861 4877 2118 4933 percursa
2167 4861 2376 4930 Cilicia,
2411 4864 2782 4919 increiibilem
2815 4865 3096 4919 hominum
3133 4865 3340 4922 caedem

1309 5039 1550 5083 VALESII
1581 5035 2070 5112 ΔΝῌΟΤΔΤῙΟΝΕδτ

73 5169 248 5222 deris.
287 5169 401 5242 Sic,
423 5170 478 5223 in
509 5168 760 5242 Hesychii
790 5170 988 5226 Lexico
1029 5171 1234 5242 legitur
1261 5172 1648 5241 κονσιστόριον,

75 5243 226 5292 θεῖον
257 5241 551 5311 συνέδριον.
576 5239 972 5296 Consistorium
1006 5239 1168 5310 porro
1188 5241 1292 5295 dici
1323 5257 1428 5295 non
1455 5239 1649 5310 potest,

75 5313 184 5364 nisi
217 5315 268 5363 in
304 5325 416 5383 quo
449 5311 702 5380 princeps
725 5312 954 5380 judicat,
985 5313 1351 5368 assidentibus
1381 5313 1655 5383 judicibus

71 5381 522 5442 consistorianis.
553 5389 610 5434 ut
633 5383 760 5435 alibi
791 5383 992 5437 notavi.

143 5447 388 5518 (86)_045
425 5451 556 5507 καθ’
582 5451 845 5506 ἕκαστον
881 5451 1255 5516 ὑπεξελθεῖν.
1299 5451 1658 5508 Scribendum

71 5515 338 5591 puio,dw
371 5520 432 5573 τὸ
461 5521 586 5576 καθ’
616 5523 844 5576 ’ἑκαστον
880 5515 1204 5588 ἐπεξελθεῖν.
1258 5523 1431 5590 Quam
1473 5524 1660 5580 lectio-

75 5607 207 5646 nem
239 5591 531 5664 confirmat
559 5593 899 5656 Nicephorus
930 5595 985 5647 in
1011 5610 1133 5664 cap.
1158 5593 1248 5658 56,
1279 5595 1396 5648 libri
1425 5610 1542 5664 x_m,
1567 5595 1656 5650 ubi

71 5663 231 5718 imm.
249 5661 602 5735 Philostorgii
627 5665 804 5718 locum
835 5665 905 5719 ita
937 5657 1201 5734 expréssit
1227 5681 1242 5716 :
1273 5665 1408 5735 Περὶ
1435 5657 1508 5718 ὧν
1531 5657 1660 5718 καθ’

71 5735 310 5806 ξκαστον
353 5733 688 5806 ἐπεξελθεῖν,
721 5737 858 5806 ὑπὲρ
891 5733 1070 5787 πᾶσαν
1099 5733 1443 5806 ἀνθρωπίνην
1473 5737 1537 5789 ἂν
1577 5735 1660 5804 εἴη

73 5805 331 5873 iii-mpm.
357 5802 542 5860 Potest
579 5807 740 5860 etiam
773 5802 958 5872 scribi,
981 5806 1012 5859 ἃ
1047 5807 1164 5860 καθ’
1195 5802 1422 5859 ἕκαστον
1445 5802 1660 5870 ἐπεξελὲ

1759 5171 1892 5237 Θεῖν,
1924 5181 2028 5227 etc.
2055 5169 2112 5223 in
2146 5186 2248 5224 ms.
2284 5170 2470 5226 codice
2502 5167 2754 5226 Bocharti
2786 5169 3122 5224 καθέκαστον
3145 5172 3336 5228 scribi-

1763 5253 1848 5296 tur
1881 5259 1988 5296 una
2023 5256 2174 5305 voce,
2207 5257 2310 5294 non
2347 5243 2504 5297 male.

1836 5313 1952 5381 (87)
1989 5312 2417 5381 Εὐφρατησιαν
2437 5329 2498 5365 τε
2525 5310 2840 5366 ἐπέθεσαν.
2868 5311 3223 5366 Scribendum
3249 5323 3330 5370 est

1765 5386 1956 5454 procul
2003 5385 2168 5454 dubio
2208 5383 2596 5454 Εὑφρατησία,
2640 5383 3096 5454 quemadmodum
3139 5384 3192 5436 in
3225 5399 3329 5440 ms.

1765 5452 2058 5523 exemplari
2097 5453 2367 5508 Samuelis
2409 5452 2670 5524 Bocharti
2697 5455 2763 5509 ad
2799 5453 3111 5524 marginem,
3147 5469 3326 5524 emen-

1766 5521 1952 5602 datum
1983 5525 2240 5602 _inveni._
2271 5524 2345 5602 De
2395 5524 2498 5602 hac
2549 5521 3329 5602 Hunnorum-irruptioni}:

1767 5595 2062 5650 orientales
2095 5593 2401 5664 provincias
2429 5595 2637 5662 imperii
2672 5593 2925 5660 Romani,
2975 5593 3330 5664 pra:te_r__scri—

1766 5677 1948 5734 ptores
1978 5683 2004 5719 a
2040 5659 2370 5736 Grotlinfredo
2396 5659 2660 5736 laudatos,
2687 5667 2925 5736 loquitur
2946 5659 3105 5718 etiam
3135 5659 3326 5718 lliero-

1768 5733 1961 5806 nynius
1994 5739 2044 5788 in
2079 5733 2364 5804 Epitaphio
2389 5735 2639 5790 Fabiolae.

1845 5808 1956 5876 (88)
1997 5805 2118 5862 θοι.
2153 5807 2244 5860 lib.
2275 5822 2392 5872 vm,
2427 5821 2546 5876 cap.
2575 5808 2622 5860 l.
