3842 6306
478 284 586 343 ωδ

1839 282 2321 339 PHILOSTORCII

3627 281 3744 346 εει

479 409 882 472 perpetrarent.
917 398 1147 454 Mazices
1193 407 1452 467 praeterea
1505 405 1558 450 et
1607 396 1925 461 Ausoriani,
1962 399 2052 467 qui

2162 398 2485 467 εἰργάσαντο
2514 397 2885 468 ἀνιστόρητον.
2919 396 2993 449 Οὐ
3029 395 3195 466 μόνον,
3215 395 3291 457 δέ,
3328 394 3460 449 ἀλλὰ
3492 394 3582 447 καὶ
3615 397 3736 449 Μά-

479 491 623 546 inter
648 487 889 543 Africam
924 504 987 543 ac
1017 486 1237 557 Libyam
1271 488 1430 542 sedes
1464 485 1688 546 habent.
1716 486 1784 540 ab
1805 487 2055 541 orientali

480 581 700 650 quidem
754 581 994 650 ipsorum
1057 579 1214 649 plaga
1278 578 1501 650 Libyam
1544 579 1934 643 devastarunt,
2004 589 2056 635 et

480 673 699 745 Egypti
736 673 879 728 haud
913 673 1160 743 exiguam
1197 681 1402 742 partem
1441 671 1609 727 simul
1647 686 2056 742 oppresserunt.

478 767 563 820 Ab
596 764 916 821 occidentali
951 774 1130 818 autem
1169 765 1321 833 plaga
1359 762 1521 819 Afros
1567 764 1832 835 aggressi,
1891 765 2057 820 simili

480 858 633 912 clade
671 855 989 911 affecerunt.
1025 857 1137 926 (89)
1178 855 1377 911 Prater
1412 857 1511 911 hos
1551 871 1742 912 omnes
1770 857 2059 923 barbaros,

481 947 819 1017 Trihigildus
851 962 1101 1018 quoque,
1135 947 1216 1002 vir
1247 947 1468 1002 natione
1503 945 1729 1018 Scytha,
1767 963 1832 1003 ex
1863 948 1930 1004 iis
1964 949 2058 1020 qui

480 1055 627 1096 nunc
671 1039 832 1095 Gothi
869 1039 1254 1106 nominantur;
1306 1039 1508 1095 horum.
1536 1039 1680 1093 enim
1732 1039 2056 1111 Scytharum

479 1142 668 1203 gentes
695 1141 823 1187 sunt
862 1147 1090 1186 numero
1125 1131 1372 1201 plurima:
1403 1147 1466 1186 ac
1509 1131 1882 1202 discrepantes
1914 1151 1927 1187 :
1970 1132 2058 1188 hic

481 1227 650 1295 igitur
680 1241 805 1280 cum
843 1225 1199 1278 barbarorum
1226 1225 1410 1293 copias
1439 1223 1586 1278 circa
1637 1239 1694 1278 se
1719 1224 1964 1288 haberet,
1995 1233 2049 1279 et

481 1316 718 1373 Nacoliac
747 1319 801 1372 in
829 1317 1060 1387 Phrygia
1099 1315 1382 1378 resideret,
1419 1315 1634 1371 comitis
1667 1316 1928 1386 dignitate
1961 1317 2058 1372 de-

483 1420 703 1464 coratus
724 1450 740 1473 ,
771 1425 838 1463 ex
866 1409 1044 1463 amico
1076 1415 1296 1479 repente
1337 1407 1507 1464 hostis
1543 1408 1914 1463 Romanorum
1943 1407 2059 1464 elli-

482 1501 644 1556 citur.
670 1500 737 1555 Et
761 1501 829 1556 ab
860 1501 977 1570 ipsa
1006 1515 1236 1556 exorsus
1255 1498 1495 1562 Nacolia,
1521 1501 1786 1569 plurimas
1812 1501 2060 1572 Phrygia:

481 1594 645 1649 urbes
700 1593 1020 1664 occupavit,
1077 1608 1440 1664 magnamque
1491 1593 1772 1648 hominum
1821 1604 2057 1665 stragem

481 1686 628 1742 fecit.
663 1685 864 1745 Contra
903 1686 1048 1740 hunc
1078 1687 1282 1741 missus
1310 1684 1480 1739 Gaina
1512 1685 1768 1756 magister
1805 1687 2059 1750 militum,

480 1777 598 1847 ipse
626 1793 842 1848 quoque
880 1776 1102 1831 natione
1147 1776 1435 1842 barbarus,
1481 1776 1767 1831 victoriam
1801 1777 2057 1846 prodidit,

481 1886 605 1923 cum
646 1878 700 1924 et
746 1869 860 1938 ipse
916 1870 1068 1938 paria
1122 1868 1385 1924 adversus
1431 1867 1708 1924 Romanos
1755 1869 2066 1928 moliretur.

484 1960 690 2014 Exinde
721 1960 1072 2031 Tribigildus,
1109 1961 1267 2031 quasi
1303 1961 1529 2017 Gainam
1567 1960 1801 2032 fugiens,
1835 1963 1888 2016 in
1919 1961 2062 2017 Pisi-

482 2050 626 2104 diam
663 2066 726 2104 ac
764 2049 1138 2122 Pamphyliam
1177 2051 1412 2117 invasit,
1450 2067 1653 2122 easque
1701 2053 2060 2124 depopulatus

481 2154 593 2205 ist;
633 2141 758 2195 dein
789 2141 954 2196 variis
994 2141 1239 2196 locorum
1283 2141 1693 2197 difﬁcultatibus
1723 2153 1778 2198 et
1806 2141 2062 2199 lsauricis

481 2233 690 2302 prmliis
737 2233 986 2298 attritus,
1033 2238 1252 2287 tandem
1308 2234 1360 2287 in
1417 2233 1826 2304 Hellespontum
1867 2236 2058 2292 evasit.

483 2323 637 2379 Unde
668 2341 792 2379 cum
827 2325 880 2378 in
916 2325 1206 2380 Thraciam
1237 2325 1565 2394 traiecisset,
1603 2343 1710 2382 non
1743 2329 1915 2384 multo
1942 2338 2063 2399 post

479 2417 784 2471 exstinctus
813 2424 916 2472 est.
945 2417 1015 2472 At
1039 2416 1212 2472 Gaina
1236 2429 1359 2488 post
1389 2420 1750 2490 proditionem
1783 2437 1906 2476 cum
1943 2439 2063 2476 man

484 2509 638 2579 gistri
670 2510 903 2564 militum
932 2511 1197 2581 dignitate
1225 2527 1481 2568 reversus
1505 2513 2068 2586 Constantinopolim,

480 2615 601 2654 eam
629 2615 897 2670 occupare
919 2610 1149 2656 conatus
1185 2610 1288 2656 est.
1333 2601 1531 2656 Verunt
1567 2603 1804 2660 cwlestis
1838 2605 2060 2676 quidam

482 2691 792 2764 exercitus,
829 2701 1158 2761 conspectus
1187 2693 1255 2746 ab
1304 2693 1372 2748 iis
1407 2694 1502 2764 qui
1559 2711 1671 2749 rem
1721 2698 2061 2752 exsccutioni

484 2784 742 2838 mandare
805 2785 1047 2854 aggressi
1105 2795 1283 2849 erant,
1347 2803 1470 2842 cum
1522 2803 1616 2842 eos
1661 2791 2059 2860 perterruissct,

484 2875 673 2930 urbem
743 2877 962 2946 quidem
1016 2879 1433 2948 expugnationis
1489 2880 1726 2948 periculo
1775 2882 2062 2951 liberavit;

484 2969 606 3024 illos
640 2983 768 3023 vero
807 2969 1196 3038 deprehensos,
1233 2971 1511 3026 hominum
1540 2973 1790 3029 vindictae
1817 2976 2058 3034 tradidit.

2094 1747 2134 1800 Β

2160 490 2308 553 ζικες
2336 490 2430 542 καὶ
2453 488 2784 560 Αύξωριανοὶ
2819 492 2833 554 (
2854 489 3056 559 μεταξὺ
3077 489 3131 542 δέ
3155 489 3358 559 Λιϐύης
3383 487 3477 542 καὶ
3507 488 3740 558 Ἄφρων

2159 573 2304 633 οὗτοι
2334 581 2646 650 νέμονται),
2688 579 2830 634 κατὰ
2866 581 2963 650 μὲν
2993 580 3051 632 τὸ
3095 581 3312 634 ἑωθινὸν
3347 580 3527 633 αὐτῶν
3563 580 3737 650 κλίμα

2158 672 2258 742 τὴν
2297 671 2501 744 Λιϐύην
2538 672 2930 744 ἐξηρήμωσαν,
2967 671 3194 740 καὶτῆς
3232 671 3504 739 Αἰγύπτου
3540 673 3739 744 μοῖραν

2159 763 2259 815 οὐκ
2289 763 2577 834 ἐλαχίστην
2609 765 2992 827 συνδιώλεσαν,
3027 766 3256 834 Ἀςρροις
3299 781 3356 816 τε
3404 763 3738 834 ἐμϐαλόντες

2159 857 2300 908 κατὰ
2325 857 2584 926 δυόμενον
2605 857 2756 926 ἣλιον
2800 858 2865 910 τὰ
2895 856 3250 928 παραπλήσια
3296 856 3547 927 ἔδρασαν.
3598 855 3737 908 Ἀλλ’

2159 947 2254 999 ἐπ)⁸
2280 947 2486 1014 τούτοις
2523 951 2655 1002 πᾶσι
2698 950 2793 1002 καὶ
2821 949 3192 1021 Τριγιϐίλδος,
3227 949 3363 1021 ἀνὴρ
3393 949 3608 1020 Σκύθης
3643 948 3737 1019 μέν

2159 1039 2336 1106 γένος,
2360 1040 2467 1092 τῶν
2504 1040 2600 1095 νῦν
2627 1041 3074 1112 ἐπικαλουμένων
3097 1040 3308 1095 Γότθων
3330 1058 3343 1072 ο
3373 1041 3603 1093 πλεῖστα
3633 1041 3738 1110 γὰρ

2161 1134 2256 1187 καὶ
2293 1133 2523 1206 διάφορα
2567 1134 2773 1188 τούτων
2826 1135 2943 1186 ἐστὶ
2992 1133 3215 1186 Σκυθῶν
3257 1134 3426 1204 γένη·
3474 1130 3630 1196 οὗτος
3677 1135 3736 1204 δὴ

2159 1225 2386 1296 δύναμιν
2429 1225 2767 1298 βαρϐαρικὴν
2805 1225 2974 1296 ἔχων,
3031 1225 3250 1296 καὶτῆς
3293 1225 3534 1296 Φρυγίας
3583 1227 3642 1277 ἐν
3674 1229 3735 1292 τῇ

2160 1316 2452 1388 Νακωλεία
2483 1317 2867 1388 καθεζόμενος,
2898 1318 2990 1370 καὶ
3019 1317 3257 1388 κόμητος
3291 1316 3428 1385 ἔχων
3460 1317 3650 1386 τιμὴν,
3680 1316 3739 1368 ἐκ

2162 1407 2343 1476 φιλίας
2377 1410 2458 1472 εἰς
2484 1407 2684 1480 ἔχθραν
2721 1409 3007 1480 Ῥωμαίων
3042 1409 3397 1481 άπορῤαγείς,
3427 1409 3547 1460 Ἀπ’
3573 1408 3741 1478 αὐτῆς

2161 1501 2482 1564 Νακωλείας
2511 1501 2834 1573 ἀρξάμενος,
2873 1501 3130 1565 πλείστας
3157 1519 3216 1554 τε
3252 1501 3436 1564 πόλεις
3463 1500 3564 1570 τῆς
3603 1501 3742 1572 Φρυο

2161 1591 2284 1660 γίας
2319 1587 2466 1655 εἷλε,
2512 1593 2603 1646 καὶ
2646 1592 2811 1646 πολὺν
2866 1592 3025 1660 φόνον
3073 1591 3375 1664 ἀνθρώπων
3427 1592 3739 1663 εἰργάσατο.

2175 1683 2290 1754 Ἐφ’
2318 1685 2378 1738 ὃν
2412 1685 2608 1747 Γαϊνᾶς
2647 1686 2675 1737 ὁ
2723 1686 3024 1756 στρατηγὸς
3058 1685 3418 1755 ἐκπεμφθεὶς,
3471 1683 3743 1756 βάρϐαρος

2160 1777 2204 1831 δ’
2232 1773 2326 1830 οὖν
2379 1776 2474 1830 καὶ
2507 1776 2692 1840 αὐτὸς,
2739 1775 3018 1847 προύδωκε
3066 1775 3163 1846 τὴν
3206 1775 3382 1844 νίκην,
3417 1774 3487 1827 τὰ
3527 1775 3620 1827 ἴσα
3654 1775 3744 1827 καὶ

2163 1871 2324 1934 αὐτὸς
2378 1868 2674 1940 Ῥωμαίοις
2723 1868 2916 1939 δράσαι
2970 1867 3368 1938 διανοούμενος.
3422 1865 3668 1919 Ἐκεῖθεν
3718 1867 3743 1916 ὁ

2162 1961 2522 2034 Τριγιϐίλδος,
2552 1961 2628 2025 ὡς
2667 1962 2826 2034 δῆθεν
2857 1962 2947 2014 τὸν
2978 1962 3174 2015 Γαῖνᾶν
3215 1957 3515 2029 διαφυγὼν,
3547 1959 3653 2029 τήν
3685 1975 3742 2009 τε

2163 2055 2408 2108 Πισιδίαν
2447 2055 2541 2108 καὶ
2577 2054 2676 2126 τὴν
2720 2053 3046 2126 Παμφυλίαν
3094 2051 3264 2106 ἐπιὼν
3297 2052 3741 2125 κατελυμήνατο·

2163 2140 2282 2198 εἶτα
2313 2145 2529 2209 πολλαῖς
2557 2147 2651 2199 καὶ
2687 2144 2848 2207 αὐτὸς
2884 2143 3148 2216 πρότερον
3177 2143 3509 2214 δυσχωρίαις
3553 2160 3615 2196 τε
3650 2144 3743 2197 καί⁵

2175 2239 2505 2308 Ἰσαυρικαῖς
2537 2236 2736 2307 μάχαις
2771 2234 3190 2308 περιθραυσθεὶς
3223 2234 3322 2305 τὴν
3352 2233 3507 2304 ἰσχὺν
3534 2234 3633 2288 ἐπὶ
3659 2235 3743 2286 τον

2175 2331 2566 2403 Ἑλλήσποντον
2612 2329 2969 2394 διασώζεται·
3002 2329 3098 2382 καὶ
3144 2327 3473 2400 περαιωθεὶς
3504 2327 3602 2382 ἐπὶ
3649 2328 3746 2398 τὴν

2163 2424 2384 2495 Θρᾴκην
2412 2423 2470 2474 οὺ
2506 2421 2644 2491 μετὰ
2673 2421 2808 2474 πολὺ
2849 2420 3248 2492 διαφθείρεται.
3294 2421 3489 2483 Γαῖνᾶς
3517 2421 3575 2474 δέ
3610 2423 3744 2491 μετὰ

2163 2515 2260 2587 τὴν
2295 2515 2604 2587 προδοσίαν,
2643 2517 2697 2567 ἐν
2749 2513 2828 2584 τῷ
2861 2513 2955 2567 τοῦ
3003 2512 3310 2584 στρατηγοῦ
3338 2514 3581 2584 σχήματι
3615 2515 3744 2584 πρὸς

2161 2608 2260 2680 τὴν
2294 2605 2856 2660 Κωνσταντινούπολιν
2895 2603 3224 2664 ἐπανελθὼν,
3265 2607 3343 2668 είς
3379 2605 3612 2675 μελέτην
3644 2603 3742 2677 ἧκε

2163 2700 2364 2771 ταύτην
2397 2699 2875 2770 παραστήσασθαι.
2912 2697 3150 2769 Οὐρανία
3173 2696 3227 2750 δέ
3259 2713 3341 2760 τις
3380 2697 3605 2760 ἔνοπλος
3632 2698 3743 2749 ἐπιο

2164 2794 2395 2861 φανεῖσα
2419 2791 2666 2862 δύναμις,
2709 2790 2804 2843 καὶ
2834 2791 2958 2853 τοὺς
2989 2788 3264 2841 ἐπιϐαλεῖν
3308 2788 3655 2859 ὁρμηθέντας

2167 2883 2361 2954 πράξει
2386 2881 2790 2952 δειματώσασα,
2806 2881 2905 2952 τὴν
2935 2881 3032 2951 μὲν
3052 2879 3204 2933 πόλιν
3225 2880 3323 2950 τῆς
3345 2879 3600 2942 ἁλώσεως
3621 2882 3742 2949 ῥύε-

2163 2993 2274 3037 ται,
2303 2976 2541 3038 ἐκείνους
2562 2975 2618 3027 δὲ
2648 2973 3002 3045 φωραθέντας
3023 2975 3140 3035 ταῖς
3174 2971 3543 3042 ἀνθρωπίναις
3570 2971 3743 3033 δίκαις

484 3058 676 3129 lugens
707 3060 888 3129 itaque
932 3075 1121 3115 eorum
1173 3061 1348 3116 caedes
1388 3073 1696 3133 perpetrata
1745 3075 1848 3136 est.
1889 3065 2058 3122 Gaina

2168 3067 2436 3129 ἐκδίδωσι,
2455 3065 2549 3117 καὶ
2581 3065 2738 3135 φόνος
2763 3063 2940 3116 αὐτῶν
2964 3061 3137 3134 ἐρρύη
3166 3061 3352 3125 πολύς.
3386 3062 3443 3114 '0
3467 3061 3521 3114 δέ
3547 3062 3587 3112 Γ
3591 3066 3744 3124 αἰνᾶς

483 3167 612 3207 vero
669 3163 818 3207 tanto
872 3163 1014 3208 metu
1066 3155 1350 3224 perculsus
1392 3155 1518 3224 fuit,
1568 3166 1629 3212 ut
1679 3160 1862 3213 statim
1907 3171 2062 3215 nocte

485 3247 922 3314 superveniente,
963 3261 1087 3300 cum
1124 3246 1190 3301 iis
1229 3263 1368 3317 quos
1411 3249 1666 3319 colligere
1699 3252 1895 3321 potuit,
1938 3268 2063 3322 pora

485 3349 666 3390 tarum
725 3338 980 3392 custodes
1035 3339 1086 3392 vi
1149 3338 1290 3394 facta
1340 3356 1740 3411 perrumpens,
1805 3359 1870 3398 ex
1930 3345 2063 3398 urbe

486 3445 744 3500 egressus
780 3430 871 3484 sit.
898 3429 1168 3496 Quoniam
1197 3447 1326 3486 vero
1346 3431 1577 3488 Thracia
1609 3436 1822 3504 penitus
1852 3446 2062 3494 vastata

485 3530 625 3586 erat,
657 3537 722 3576 ac
759 3537 934 3592 neque
980 3524 1413 3578 necessariorum
1463 3523 1760 3595 quidquam
1801 3526 2061 3595 praebere,

485 3628 662 3682 neque
699 3613 861 3666 aliam
892 3613 1350 3680 depraedationem
1389 3615 1661 3670 sustinere
1684 3615 1796 3686 jam
1828 3625 2061 3686 poterat,

485 3705 656 3759 Gaina
711 3705 763 3759 in
821 3705 1225 3761 Chersonesum
1283 3706 1530 3776 trajecit,
1580 3709 1790 3764 ratibus
1826 3708 1950 3764 inde
2006 3710 2059 3766 in

487 3798 666 3852 Asiam
729 3797 1086 3854 transfretare
1139 3800 1404 3870 cogitans.
1466 3799 1624 3868 Quod
1670 3803 1888 3872 quidem
1940 3802 2061 3874 ejus

483 3889 770 3945 consilium
824 3906 948 3944 cum
1009 3892 1305 3959 imperator
1352 3892 1669 3959 didicisset,
1716 3895 1920 3951 missus
1978 3904 2064 3951 est

483 3990 674 4036 contra
727 3983 878 4036 illum
942 3982 1158 4039 Fravita
1224 3985 1484 4056 magister
1539 3987 1782 4051 militiae,
1849 3987 2060 4047 Gothus

481 4075 704 4142 quidem
733 4074 974 4138 natione,
999 4075 1092 4130 sed
1126 4074 1385 4147 religione
1420 4093 1684 4146 paganus,
1711 4078 1852 4134 [idus
1879 4089 2056 4134 autem

485 4163 766 4229 Romanis,
798 4173 850 4219 et
899 4165 979 4219 rei
1029 4165 1282 4220 militaris
1322 4167 1709 4236 peritissimus.
1736 4168 1836 4224 llic
1873 4168 2056 4240 igitur,

482 4257 612 4311 dum
667 4256 838 4312 Gaina
888 4260 1188 4313 exercitum
1229 4275 1388 4314 suum
1437 4261 1490 4313 in
1541 4262 1847 4331 oppositam
1881 4261 2062 4316 couti-

486 4356 702 4403 nentem
750 4348 962 4404 ratibus
1003 4350 1296 4419 trajiceret,
1332 4352 1558 4405 navibus
1601 4352 1825 4407 armatis
1873 4352 1926 4405 in
1965 4365 2060 4405 eas

2165 3161 2246 3222 εἰς
2286 3157 2539 3211 τοσοῦτον
2577 3156 2812 3227 κατέστη
2845 3156 3018 3221 δέους,
3070 3154 3145 3217 ὡς
3189 3154 3392 3207 αὐτίκα
3422 3156 3619 3217 νυκτὸς
3651 3159 3744 3208 ἐπ-

2164 3251 2413 3323 εχούσης,
2445 3249 2562 3322 μεθ’
2591 3251 2730 3302 ὅσων
2759 3247 2990 3318 ἠδύνατο
3019 3248 3145 3312 τοὺς
3163 3248 3253 3300 ἐπὶ
3275 3246 3383 3299 τῶν
3416 3247 3602 3299 πυλῶν
3626 3248 3741 3318 3m-

2166 3347 2418 3416 σάμενος,
2456 3343 2732 3410 ἐξελαύνει
2779 3343 2879 3412 τῆς
2914 3341 3142 3404 πόλεως.
3193 3341 3343 3393 Ἐπεὶ
3378 3340 3435 3392 δέ
3470 3342 3502 3411 ἡ
3556 3340 3741 3412 Θρᾴκη

2160 3437 2506 3508 ἐξηρήμωτο,
2538 3436 2631 3488 καὶ
2659 3433 2781 3505 οὔτε
2815 3435 3076 3504 παρέχειν
3104 3451 3155 3485 τι
3187 3432 3296 3485 τῶν
3327 3431 3652 3501 ἐπιτηδείων
3679 3427 3741 3501 ἦν

2161 3529 2382 3599 δυνατὴ,
2410 3528 2532 3581 οὔτε
2564 3527 2769 3598 φθορὰν
2799 3526 2966 3596 ἄλλην
2991 3528 3253 3594 ἐνεγκεῖν,
3279 3524 3371 3578 ἐπὶ
3397 3526 3739 3595 Χερρόνησον

2162 3622 2189 3672 ὁ
2223 3620 2419 3682 Fuit/5.;
2465 3617 2770 3680 στέλλεται,
2809 3617 3046 3687 σχεδίαις
3083 3616 3464 3687 διανοούμενος
3510 3617 3604 3668 ἐπὶ
3647 3616 3740 3684 τὴν

2174 3712 2358 3765 Ἀσίαν
2397 3709 2873 3782 διαπεραιοῦσθαι.
2905 3708 3342 3779 Διαγνωσθείοης
3381 3709 3438 3762 δὲ
3473 3708 3554 3779 τῷ
3594 3708 3739 3778 βασι-

2161 3801 2242 3854 λεῖ
2271 3803 2368 3872 τῆς
2398 3802 2563 3854 αὑτοῦ
2593 3803 2852 3866 διανοίας,
2878 3801 3155 3872 πέμπεται
3181 3800 3484 3870 στρατηγὸς
3505 3802 3628 3852 κατ’
3651 3802 3738 3853 αὖε

2162 3892 2254 3946 τοῦ
2281 3893 2577 3964 Φραυῖτας,
2625 3893 2820 3956 Γότθος
2853 3892 2952 3963 μὲν
2991 3892 3050 3944 τὸ
3078 3891 3254 3958 γένος,
3301 3891 3503 3962 Ἕλλην
3542 3892 3597 3944 δὲ
3644 3892 3737 3961 τὴν

2161 3985 2336 4050 δόξαν,
2373 3987 2562 4050 πιστὸς
2588 3986 2631 4039 δ’
2654 3981 2746 4040 οὖν
2786 3985 3096 4056 Ῥωμαίοις,
3129 3985 3222 4037 καὶ
3253 3984 3322 4037 τὰ
3346 3983 3578 4054 πολέμια
3603 3984 3734 4054 κρα-

2163 4093 2364 4139 τιστος.
2391 4071 2579 4144 Οὗτος,
2617 4080 2672 4131 ἐν
2702 4071 2746 4146 ᾧ
2771 4078 2970 4140 Γαῖνᾶς
3007 4077 3328 4148 προέπεμπε
3352 4077 3443 4130 τὸν
3479 4077 3572 4129 ὑπ’
3595 4076 3735 4145 αὐτῷ

2164 4167 2393 4238 στρατὸν
2430 4170 2551 4230 ταῖς
2597 4167 2835 4237 σχεδίαις
2880 4166 3348 4240 διαπεραιοῦσθαι,
3379 4166 3536 4238 νηΐτῃ
3573 4167 3735 4235 στόλῳ

2165 4258 2535 4326 συμπλέκεται
2560 4259 2805 4324 ταύταις,
2834 4259 2928 4313 καὶ
2951 4261 3012 4313 ἐκ
3042 4258 3134 4313 τοῦ
3163 4261 3362 4330 ῥᾴστου
3385 4260 3591 4320 πάντας
3612 4260 3732 4319 tos;

2164 4351 2538 4420 συμπλέοντας
2561 4353 2681 4415 ταῖς
2716 4352 2954 4423 σχεδίαις
2982 4351 3307 4422 διαφθείρει.
3349 4349 3439 4415 Ἐξ
3465 4343 3526 4403 οὗ
3545 4351 3733 4409 Γαῐνᾶς

484 4440 752 4505 invectus,
781 4440 883 4494 levi
927 4444 1145 4511 negotio
1182 4453 1412 4500 cunctos
1439 4446 1533 4515 qui
1579 4445 1686 4500 illis
1721 4446 2058 4501 vehebantur

2162 4445 2226 4496 τὰ
2258 4443 2379 4496 καθ’
2414 4444 2606 4496 ἐαυτὸν
2660 4445 2952 4512 ἀπογνοὺς,
2989 4445 3069 4507 εἰς
3113 4443 3180 4497 τὰ
3210 4445 3306 4514 τῆς
3349 4444 3569 4515 Θρᾴκης
3599 4445 3731 4495 ἀνω-

483 4533 734 4589 confecit.
779 4532 958 4600 Quare
1002 4533 1174 4589 Caina
1221 4537 1424 4590 nullam
1455 4539 1559 4592 sibi
1609 4555 1760 4608 spem
1809 4539 2053 4594 relictam

483 4628 694 4694 videns,
756 4629 809 4682 in
849 4631 1130 4698 superiora
1183 4628 1430 4684 Thracia:
1483 4631 1600 4686 loca
1658 4632 1889 4703 aufugit.
1948 4629 2058 4688 Nec

486 4721 657 4775 multo
690 4729 812 4791 post
857 4719 1036 4775 Hunni
1063 4722 1284 4791 quidam
1321 4723 1523 4792 impetu
1561 4723 1704 4779 facto
1734 4740 1857 4778 eum
1885 4725 2056 4780 inter-

483 4812 758 4873 fecerunt.
781 4823 1052 4884 caputque
1081 4813 1202 4884 ejus
1255 4815 1369 4870 sale
1405 4817 1685 4871 conditum
1741 4817 2058 4872 Constanti-

483 4905 722 4974 n0politn
779 4906 1047 4975 perlatum
1106 4915 1208 4962 est.
1267 4905 1470 4963 Prmter
1529 4909 1628 4964 has
1679 4909 2050 4974 calamitates,

481 4994 792 5051 lsaurorum
825 5014 956 5068 gens
985 5000 1163 5055 varias
1194 5001 1376 5056 clades
1403 5002 1588 5057 intulit
1615 5001 1892 5058 Romanis.
1917 5001 2052 5057 Nam

486 5086 552 5140 ad
589 5088 718 5144 solis
752 5091 972 5160 quidem
1027 5102 1207 5148 ortum
1249 5092 1495 5150 Ciliciam
1545 5104 1958 5165 percursaruut,
2001 5105 2055 5151 et

486 5179 772 5236 finitimam
811 5182 1047 5255 Syriam,
1073 5200 1180 5238 non
1215 5201 1337 5240 eam
1373 5186 1550 5242 solum
1587 5201 1710 5256 qua:
1743 5185 1893 5243 Coele
1921 5187 2056 5243 dici-

2159 4535 2302 4605 τὲρω
2332 4535 2552 4602 φεύγει,
2585 4536 2678 4588 καί
2711 4553 2854 4598 τινες
2884 4534 2994 4587 τῶν
3024 4534 3239 4587 Οὖννων
3267 4534 3328 4586 ού
3371 4533 3562 4585 πολλοῦ
3585 4533 3730 4603 διαρ-

2161 4626 2380 4696 ρυέντος
2419 4627 2612 4697 χρόνον
2653 4627 2973 4692 ἐπελθόντες
3013 4628 3174 4682 αὑτὸν
3221 4626 3532 4696 ἀναιροῦσι·
3575 4627 3667 4677 καὶ
3701 4629 3728 4694 η
3785 4669 3787 4676 .

2161 4719 2374 4790 κεφαλὴ
2402 4720 2786 4792 ταριχευθεῖσα
2817 4723 2898 4783 είς
2944 4717 3516 4773 Κωνσταντινούπολιν
3547 4717 3730 4786 ἐκομί·

2163 4813 2283 4887 σθη.
2305 4813 2488 4884 Χωρὶς
2507 4813 2562 4866 δὲ
2591 4813 2699 4866 τῶν
2725 4813 3028 4884 εἰρημένων
3053 4810 3237 4864 κακῶν
3262 4811 3356 4863 καὶ
3386 4809 3446 4862 τὸ
3482 4809 3728 4879 ἰσαύρων
3779 4845 3783 4854 .

2137 4909 2316 4976 ’γένος
2366 4906 2741 4969 παντοδαποὺς
2796 4906 3098 4976 ἐπήνεγκεν
3143 4903 3422 4974 ὀλέθρους.
3463 4903 3600 4972 Πρὸς
3637 4899 3729 4972 μὲν
3775 4915 3781 4976 ς

2162 5003 2271 5073 γὰρ
2300 5001 2452 5072 ἥλιον
2485 5001 2772 5071 ἀνίσχοντα
2817 5006 2914 5070 τὴν
2959 5017 3016 5052 τε
3061 4997 3314 5051 Κιλικίαν
3368 4997 3722 5066 κατέδραμον.

2163 5097 2257 5148 καὶ
2288 5094 2386 5163 τὴν
2438 5096 2635 5164 ὅμορον
2667 5093 2868 5164 Συρίαν
2889 5133 2903 5156 ,
2948 5093 3006 5144 οὐ
3049 5091 3146 5160 τὴν
3176 5091 3362 5162 κοίλην
3397 5090 3563 5161 μόνον,
3597 5087 3725 5141 ἀλλὰ

2164 5188 2258 5240 κα)⁸
2279 5187 2374 5259 τὴν
2405 5187 2570 5257 ἄλλην
2594 5185 2755 5257 μέχρι
2785 5184 3008 5256 Περσῶν
3032 5183 3212 5237 αὐτῶν
3242 5183 3568 5254 ἀφικομένην
3596 5180 3720 5247 {90).

1699 5381 1941 5425 VALESII
1971 5382 2469 5430 ANNOTATIONES.

557 5526 670 5597 (89)
713 5525 838 5599 So_z.
873 5527 968 5582 lib.
995 5543 1114 5599 vm,
1144 5545 1262 5599 cap.
1295 5529 1348 5583 4.

560 5600 673 5667 (9η)
701 5597 885 5668 Μέχρι
911 5597 1158 5668 Περσῶν
1179 5597 1374 5655 αὐτῶν
1397 5598 1784 5669 ἀφικομένην.
1811 5597 1926 5654 Non
1953 5599 2055 5654 «ιυ-

492 5669 604 5742 b_itu
627 5670 756 5742 quin
779 5671 1121 5725 scribendum
1149 5672 1236 5734 sit,
1263 5672 1606 5742 ἀφικόμενοι,
1630 5671 1818 5739 supple
1852 5670 2048 5742 Isauri.

493 5738 650 5794 Certe
678 5740 729 5794 in
765 5756 867 5796 ms.
903 5742 1090 5796 codice
1123 5757 1230 5813 quo
1262 5738 1392 5798 usus
1423 5738 1502 5798 est
1527 5738 1854 5806 Bochartus,
1887 5739 2054 5813 scrip-

2161 5542 2274 5586 tum
2315 5533 2748 5611 cra_t_dt:ptx6ps,
2801 5545 3030 5590 accentu
3082 5537 3135 5611 in
3183 5533 3722 5611 antepenultitna,_et
3761 5607 3763 5610 Ι

2161 5619 2325 5678 supra
2365 5605 2879 5678 ultimamilitteraut
2917 5606 3209 5678 apponitur
3243 5605 3455 5678 mque
3483 5612 3606 5657 nota
3641 5605 3716 5654 in-
3761 5607 3763 5664 Ξ

2160 5675 2342 5730 dicare
2377 5675 2506 5730 tnihi
2547 5677 2756 5732 videtur
2786 5675 3046 5748 syllabam
3070 5694 3170 5730 νοι.
