3842 6312
170 351 278 412 505

1149 357 1700 416 ECCLESlASTICzE
1743 357 2084 414 ιιιδτοιιιΑξ
2126 359 2249 415 LIB.
2291 359 2404 416 XII.

3305 357 3410 414 605

171 470 328 524 Κατὰ
359 471 416 526 δὲ
450 473 676 543 Ἰάπυγα
726 475 926 547 ἄνεμον
961 477 1054 530 καὶ
1084 478 1195 546 (9|)
1235 477 1536 550 Θρασκίαν,
1583 477 1738 546 Παμ-

1851 485 1960 542 tur,
1991 478 2082 532 sed
2115 487 2168 532 et
2197 495 2316 532 eam
2343 495 2462 548 qua:
2491 477 2555 532 ad
2601 478 2794 534 Persas
2823 491 2995 547 usque
3023 475 3296 547 pertingit.
3325 477 3407 532 Ad

171 561 366 628 φυλίαν
398 581 456 617 τε
487 565 740 638 ἐπῆλθον,
771 569 864 621 καὶ
897 569 1128 634 Λυκίους
1164 569 1466 640 διέφθειρον
1487 587 1500 598 ·
1527 569 1746 638 Κύπρον

169 671 226 706 τε
281 653 378 724 τὴν
418 657 580 726 νῆσον
627 659 1161 730 καταστρεψάμενοι·
1215 659 1494 722 Λυκάονας
1549 675 1606 711 τε
1655 659 1748 711 καὶ

171 743 398 808 Πισίδας
431 747 837 828 ᾐχμαλώτισαν.
877 751 986 802 Καὶ
1010 750 1378 812 Καππαδόκας
1412 750 1470 802 τὸ
1502 747 1748 802 πλεῖστον

167 834 575 906 ἀναστήσαντες
617 837 752 908 (9⁸2ι,
783 838 911 910 ἄχρι
945 840 1040 893 καὶ
1079 841 1171 894 ἐπὶ
1198 839 1290 892 τὸν
1324 840 1515 892 πόντον
1554 841 1748 893 διεκιν-

165 923 434 979 δύνευσαν
455 945 468 957 ·
493 928 588 980 καὶ
615 929 720 982 τῶν
745 929 918 984 ἄλλων
944 931 1233 1002 βαρϐάρων
1260 931 1328 986 τὰ
1355 931 1598 1002 χείριστα
1623 935 1746 995 τοὺς

163 1015 568 1088 ἁλισκομένους
599 1015 744 1075 οὗτοι
766 1022 1020 1078 διέθεντο.

423 1221 518 1274 ΕΚ
557 1223 691 1274 ΤΗΣ
727 1223 1131 1278 ΔΩΔΕΚΑΤΗΣ
1171 1225 1496 1280 ΙΣΤΟΡΙΛΣ.

247 1336 324 1383 α’.
357 1331 480 1384 Ὀτι
519 1333 916 1406 Φιλοστόργιος,
953 1337 1046 1390 καὶ
1077 1339 1136 1390 ὲν
1173 1337 1350 1400 ἄλλοις
1379 1337 1590 1400 πολλοῖς
1615 1337 1746 1388 Στε-

159 1419 394 1490 λίχωνος
425 1426 778 1496 κατατρέχων
798 1466 813 1490 ,
849 1428 943 1480 καὶ
967 1429 1283 1500 τυραννίδος
1305 1429 1488 1498 ἔνοχον
1519 1429 1742 1498 γράφει.

161 1513 278 1566 Καὶ
329 1515 408 1578 ὠς
463 1516 756 1586 Ὀλύμπιος
787 1535 872 1582 τις
913 1519 1021 1572 τῶν
1056 1520 1401 1590 μαγίστρων,
1450 1521 1745 1592 φερόμενον

159 1604 308 1658 κατὰ
331 1605 428 1658 τοῦ
457 1605 719 1676 βασιλέως
740 1609 797 1662 ὲν
817 1609 896 1680 τῷ
921 1610 1168 1682 παλατίῳ
1190 1612 1252 1664 τὺ
1273 1609 1422 1681 ξίφος
1446 1610 1745 1666 ἀντιλαϐὼν

153 1697 224 1764 τῇ
261 1697 446 1769 χειρὶ,
480 1701 672 1756 ἑαυτὸν
704 1703 804 1772 μὲν
833 1702 1156 1774 ἐλυμήνατο,
1185 1704 1278 1758 τὸν
1312 1703 1536 1774 βασιλέα
1567 1703 1624 1756 δὲ
1663 1703 1743 1756 δι-

1851 569 2096 641 lapygem
2130 579 2308 624 autem
2359 579 2412 627 et
2441 569 2754 626 Thrasciam
2797 579 3008 632 ventos,
3033 567 3407 640 Pamphyliam

1851 662 2188 724 invaserunt,
2226 671 2278 716 et
2307 662 2521 734 Lyciam
2551 663 2790 731 populati
2821 669 2966 716 sunt.
2999 659 3234 732 Cyprum
3267 677 3412 730 quo-

1849 767 1956 820 que
1992 752 2226 806 insulam
2263 761 2572 818 vastarunt;
2609 751 2892 822 Lycaonas
2935 753 3060 807 item
3094 768 3156 808 ac
3199 750 3410 807 Pisidas

1849 842 1902 895 in
1959 849 2272 898 servitutem
2341 843 2704 898 abduxerunt.
2769 844 3016 913 Cumque
3059 844 3410 914 Cappadocas

1849 936 2068 991 sedibus
2125 937 2240 991 suis
2285 937 2620 1006 expulissent
2660 945 2713 990 et
2748 936 2989 1006 captivos
3038 937 3309 1006 egissent,
3340 938 3408 991 ad

1847 1025 2077 1082 Pontum
2125 1043 2297 1097 usque
2349 1029 2622 1099 progressi
2673 1037 2820 1094 sunt,
2857 1035 2911 1082 et
2959 1027 3197 1084 atrocius
3245 1041 3409 1098 quam

1847 1119 2042 1190 reliqui
2081 1120 2296 1174 barbari
2327 1120 2380 1173 in
2412 1121 2655 1190 captivos
2691 1121 3002 1176 saevierunt.

2042 1233 2132 1290 EX
2172 1233 2374 1290 LIBRO
2411 1235 2805 1292 DUODECIMO
2837 1232 3207 1290 HISTORIA}.

1917 1346 1968 1398 1.
2004 1343 2311 1400 Stilicltonis
2332 1347 2516 1402 carries.
2535 1377 2606 1387 —
2623 1347 3016 1418 Philostorgius
3045 1362 3168 1402 cum
3208 1345 3278 1400 ob
3304 1345 3410 1400 alia

1848 1433 2015 1487 multa
2036 1433 2386 1490 Stilichonem
2406 1437 2639 1504 graviter
2661 1437 2992 1506 perstringit,
3013 1445 3123 1489 tum
3153 1435 3413 1490 affectatae

1847 1524 2150 1595 tyrannidis
2200 1541 2352 1581 reum
2409 1525 2575 1582 fuisse
2621 1528 2832 1582 scribit.
2870 1526 3055 1582 Refert
3087 1527 3247 1583 etiam
3271 1541 3412 1596 quo-

1844 1615 2006 1670 modo
2036 1616 2313 1687 Olympius
2349 1618 2568 1688 quidam
2617 1619 2894 1689 magister,
2920 1618 3156 1688 gladium
3182 1617 3274 1687 qui
3314 1616 3412 1672 ad-

1843 1722 2036 1762 versus
2065 1707 2442 1778 imperatorem
2483 1709 2704 1765 stt-ictus
2743 1719 2860 1765 erat
2901 1711 2954 1764 in
2987 1708 3206 1778 palatio,
3245 1722 3410 1762 manu

155 1785 360 1852 έσωσε,
391 1792 486 1844 καὶ
511 1792 774 1864 συνεργὸς
797 1793 948 1864 αὐτῷ
971 1795 1207 1866 κατέστη
1237 1795 1373 1866 πρὸς
1400 1795 1498 1866 τὴν
1527 1796 1738 1868 ἀναίρε-

1850 1813 1946 1854 sua
1971 1799 2296 1869 corripiens,
2325 1802 2562 1872 seipsum
2595 1803 2810 1872 quidem
2863 1803 3082 1865 laeserit,
3123 1802 3413 1871 imperato-

155 1894 246 1932 σιν
299 1880 658 1952 Στελίχωνος,
688 1885 829 1938 κατὰ
873 1887 973 1956 τὴν
1033 1885 1320 1942 Ῥάϐενναν
1354 1887 1740 1960 διατρίϐοντος.

158 1970 354 2024 Ἀλλοι
372 1973 430 2026 δὲ
451 1975 554 2028 οὐκ
595 1975 910 2048 Ὀλύμπιον,
935 1977 1050 2032 ἀλλ’
1087 1977 1524 2050 Ὀλυμπιόδωρόν
1553 1998 1738 2050 φασιν·

151 2058 268 2110 οὐδ’
322 2061 604 2132 ἐπαμῦναι
642 2064 720 2135 τῷ
769 2065 1002 2134 βασιλεῖ,
1055 2066 1168 2120 ἀλλ’
1229 2067 1610 2124 ἐπιϐουλεῦσαι
1664 2071 1742 2143 τῷ

151 2151 430 2225 εὐεργέτῃ
473 2154 784 2225 Στελὶχωνι,
827 2157 922 2210 καὶ
963 2159 1044 2221 εἰς
1080 2159 1368 2230 τυραννίδα
1400 2161 1738 2232 συκοφαντῆ-

153 2258 246 2296 aut
305 2245 490 2300 αὐτόν.
531 2249 641 2300 Καὶ
694 2248 814 2302 οὐδὲ
873 2250 1172 2322 μάγιστρον
1210 2251 1508 2320 τηνικαῦτα
1563 2249 1736 2320 εἶναι,

149 2331 274 2386 ἀλλ’
309 2333 565 2404 ὕστερον,
595 2335 733 2406 μετὰ
759 2337 848 2390 τὸν
873 2337 1056 2391 ἄδικον
1083 2336 1177 2389 τοῦ
1203 2336 1528 2406 Στελίχωνος
1559 2339 1736 2408 φόνον,

151 2423 398 2480 ἔπαθλον
433 2428 534 2498 τὴν
561 2427 720 2493 ἀξίαν
755 2429 959 2482 λαϐεῖν.
1000 2429 1138 2482 Ἀλλ’
1168 2429 1269 2482 οὐκ
1299 2430 1378 2492 εἰς
1407 2431 1622 2502 μακρὰν
1649 2433 1741 2485 καὶ

151 2517 326 2570 αὑτὸν
357 2521 616 2588 ῥοπάλοις
645 2522 1002 2592 ἀναιρεθέντα
1045 2521 1145 2592 τῆς
1181 2522 1490 2592 μιαιφονίας
1523 2523 1622 2594 τὴν
1665 2523 1741 2578 δί-

151 2625 258 2678 κην
295 2611 552 2663 ἀποτῖσαι
581 2611 658 2680 τῷ
689 2612 998 2682 Στελίχωνι.

1843 1905 1956 1944 rem
1986 1905 2110 1944 vero
2139 1892 2388 1958 servarit,
2413 1893 2570 1963 eique
2596 1893 2662 1948 ad
2687 1893 3040 1949 occidendum
3062 1891 3412 1950 Stilichonem

1841 1981 1934 2050 qui
1969 1989 2098 2036 tunc
2130 1981 2402 2038 Ravenna
2445 1985 2778 2049 morabatur,
2803 1999 3022 2054 Operam
3069 1999 3133 2038 ac
3167 1982 3414 2038 ministe-

1841 2072 1984 2126 rium
2029 2089 2189 2128 suum
2243 2074 2686 2130 commodaverit.
2736 2075 2840 2129 Alii
2882 2075 3027 2130 hunc
3079 2091 3186 2130 non
3229 2074 3414 2145 Olymv

1839 2163 2013 2232 pium,
2053 2164 2146 2218 sed
2201 2161 2644 2235 Olympiodorum
2687 2166 3004 2232 nominant;
3046 2181 3144 2221 nec
3183 2165 3417 2234 impera—

1843 2254 1948 2308 tori
1971 2256 2242 2324 suppetias
2265 2272 2384 2310 eum
2412 2257 2600 2313 tulisse
2627 2257 2833 2322 dicunt,
2859 2257 2953 2313 sed
2977 2255 3258 2312 Stilichoni
3279 2255 3417 2310 bene

1845 2341 1911 2397 de
1957 2358 2015 2398 se
2062 2344 2259 2400 merito
2307 2345 2532 2402 insidias
2581 2348 2866 2410 struxisse,
2898 2361 3132 2416 eumque
3155 2345 3416 2400 aﬂectata:

1841 2435 2144 2503 tyrannidis
2173 2437 2311 2492 falso
2341 2453 2650 2494 accusasse.
2691 2436 2802 2494 Nec
2835 2438 3153 2508 magistrum
3179 2451 3245 2492 eo
3279 2445 3416 2492 tem-

1841 2541 1970 2595 pore
1998 2528 2176 2582 adhuc
2209 2529 2380 2585 fuisse
2409 2531 2675 2594 scribunt,
2705 2530 2800 2586 sed
2831 2539 2948 2600 post
2980 2529 3238 2598 injustam
3268 2525 3417 2580 Stili-

1841 2615 2033 2671 chonis
2075 2619 2296 2684 caedem,
2331 2635 2448 2672 eam
2477 2619 2794 2690 dignitatem
2849 2617 3056 2689 praemii
3101 2617 3222 2672 loco
3263 2630 3417 2670 acce-

153 2707 328 2770 pisse.
383 2706 646 2761 Eumdem
695 2717 876 2762 tamen
927 2708 1070 2762 haud
1119 2709 1288 2763 multo
1329 2717 1448 2778 post
1501 2705 1735 2762 fustibus
1765 2709 2146 2778 interfectum,
2191 2713 2413 2768 nefariae
2459 2714 2622 2770 catdis
2675 2729 2865 2784 ptenas
2911 2711 3230 2784 pependisse
3265 2707 3416 2764 Stili-

149 2795 348 2851 cltoni.

223 2888 296 2958 β’.
336 2889 460 2942 Ὅτι
496 2888 636 2942 κατὰ
671 2890 798 2953 τοὺς
831 2888 1263 2960 προειρημένους
1303 2888 1528 2960 χρόνους
1574 2887 1736 2941 Ἀλά-

151 2996 312 3049 palo;
349 2978 546 3042 Γότοος
585 2983 646 3032 τὸ
695 2979 890 3048 γένος,
938 2979 1067 3050 περὶ
1118 2978 1187 3031 τὰ
1217 2979 1316 3048 τῆς
1360 2979 1580 3050 Θρᾴκης
1626 2977 1738 3032 ἄνω

1913 2886 1964 2940 2.
2005 2885 2250 2938 Alaricus
2279 2887 2332 2939 in
2373 2885 2668 2939 Romanum
2699 2887 2874 2940 orbem
2919 2887 3188 2954 irrumpit.
3218 2916 3286 2926 —
3315 2887 3420 2944 Iis-

1843 2979 1964 3034 dem
2022 2979 2354 3048 temporibus
2406 2980 2674 3043 Alaricus,
2729 2979 2948 3033 natione
2992 2977 3226 3042 Gothus,
3272 2978 3416 3034 circa

153 3071 304 3140 μέρη
327 3069 560 3140 δύναμιν
594 3071 873 3143 ἀθροίσας,
905 3070 1108 3142 ἐπῆλθε
1143 3073 1207 3142 τῇ
1245 3071 1473 3136 Ἑλλάδι,
1510 3072 1604 3126 καὶ
1640 3071 1738 3134 τὰς

1850 3074 2150 3142 superiores
2199 3073 2445 3128 Thracia:
2496 3083 2678 3142 partes
2745 3071 2967 3126 collecto
3019 3071 3300 3136 exercitu,
3361 3071 3418 3126 in

161 3163 404 3233 Ἀθήνας
445 3159 592 3227 εἷλε,
633 3164 728 3216 καὶ
779 3165 1094 3228 Μακεδόνας
1150 3165 1240 3218 καὶ
1277 3164 1404 3227 τοὺς
1453 3165 1739 3233 προσεχεῖς

149 3255 450 3322 Δαλμάτας
495 3255 770 3325 ἐληῖσατο.
826 3255 1056 3327 Ἐπῆλθε
1088 3256 1144 3310 δὲ
1183 3255 1277 3308 καὶ
1309 3255 1407 3324 τὴν
1455 3255 1736 3326 Ἰλλυρίδα,

151 3347 252 3400 καὶ
279 3347 380 3408 τὰς
411 3347 636 3410 ’Ἄλπεις
665 3346 854 3410 διαϐὰς
881 3350 1000 3411 ταῖς
1040 3347 1288 3410 Ἰταλίαις
1319 3347 1536 3400 ἐνέϐαλε
1559 3363 1572 3376 υ
1607 3347 1735 3400 Στε-

149 3439 346 3510 λίχωνι
379 3439 436 3490 δὲ
457 3481 472 3504 ,
507 3439 584 3501 ὡς
617 3434 768 3504 οὗτος
802 3439 972 3508 λέγει,
1005 3441 1164 3504 («LV-ct
1199 3441 1588 3511 μετάπεμπτος
1626 3439 1736 3510 (93)

145 3529 238 3604 ἦν.
277 3535 374 3595 Ὃς
405 3531 554 3602 αὑτῷ
591 3533 685 3586 καὶ
717 3533 818 3597 τὰς
859 3532 968 3586 τῶν
997 3533 1244 3586 ’Λλπεων
1281 3525 1452 3595 πύλας
1484 3532 1736 3602 διήνοιξε.

149 3625 266 3678 Καὶ
293 3625 404 3692 γὰρ
433 3623 726 3687 ἐπιϐουλὰς
763 3625 942 3688 πάσας
968 3625 1274 3694 Στελίχωνα
1303 3623 1446 3678 κατᾶ
1476 3623 1738 3694 βασιλέως

147 3713 546 3784 παλαμᾶσθαι,
587 3715 682 3767 καὶ
725 3715 846 3786 μηδ’
887 3715 969 3768 ὅτι
999 3714 1249 3785 γαμϐρὸν
1299 3715 1460 3768 αὐτὸν
1488 3711 1630 3784 εἶχεν
1662 3715 1738 3782 (a)

149 3805 248 3858 ἐπὶ
277 3805 512 3876 θυγατρὶ
545 3805 928 3866 δυσωπεῖσθαι,
970 3805 1106 3860 ἀλλὰ
1137 3807 1232 3859 καὶ
1269 3806 1560 3877 φάρμακον
1592 3805 1740 3876 αὐτῷ

149 3901 396 3970 ἀγωνίας
409 3904 810 3977 ἐγκεράσασθαι
849 3899 993 3968 (94Γ
1025 3897 1266 3968 ἐλελήθει
1295 3898 1350 3952 δὲ
1379 3899 1488 3968 ἄρα
1521 3897 1731 3959 ἑαυτὸν,

149 3987 212 4038 ἐν
243 3985 322 4056 τῷ
349 3984 672 4048 σπουδάζειν
696 3985 786 4038 τὸν
816 3987 926 4039 υἱὸν
955 3986 1212 4058 Εὐχέριον
1242 3985 1604 4056 ἀνακηρύξειν
1632 4002 1736 4038 πα-

1844 3165 2101 3220 Acbaiaut
2141 3167 2354 3235 irrupit,
2381 3175 2433 3219 et
2468 3165 2704 3219 Athenas
2734 3164 2875 3234 cepit
2899 3180 2912 3228 ;
2941 3162 3260 3218 Macedonas
3289 3177 3420 3232 quo-

1843 3269 1950 3324 que
1975 3262 2030 3308 et
2061 3253 2322 3308 (initiatos
2369 3253 2643 3309 Dalmatas
2675 3255 2962 3323 populatus
3006 3263 3106 3307 est:
3138 3252 3250 3324 (95)
3291 3251 3418 3325 Illy-

1841 3347 2016 3400 ricum
2067 3356 2325 3416 praetcrea
2371 3347 2589 3411 invasit,
2634 3355 2688 3400 et
2731 3346 2893 3415 Alpes
2941 3353 3314 3414 transgressus
3359 3343 3412 3396 in

1844 3436 2050 3491 Italiam
2093 3437 2333 3504 intravit,
2361 3454 2389 3492 a
2414 3437 2710 3492 Stilichone
2741 3437 2832 3508 qui
2867 3446 2995 3491 tunc
3025 3435 3204 3490 adhuc
3224 3448 3416 3504 super—

1841 3537 1950 3581 stes
1975 3537 2112 3592 crat,
2138 3538 2417 3590 evocatus.
2447 3539 2506 3582 ut
2531 3529 2604 3583 ait
2631 3527 3046 3596 Philostorgius.
3073 3525 3176 3592 Qui
3198 3525 3412 3595 quidem

1839 3619 2054 3688 Alpium
2115 3620 2278 3674 etiam
2332 3622 2568 3676 claustra
2626 3621 2675 3675 ei
2725 3620 3004 3676 reseravit.
3047 3617 3218 3672 Omne
3268 3617 3413 3671 enim

1842 3711 2162 3765 insidiarum
2199 3727 2368 3784 genus
2417 3711 2676 3766 adversus
2732 3712 3111 3780 imperatorem
3151 3709 3416 3764 struxisse

1843 3806 1918 3858 ait
1966 3801 2344 3868 Stilichonem,
2401 3819 2500 3859 nec
2546 3803 2614 3858 ob
2650 3803 2700 3858 id
2730 3804 2919 3858 saltem
2964 3800 3255 3856 reveritum
3295 3814 3417 3856 esse

1840 3889 1984 3965 quod
2026 3910 2282 3963 generum
2341 3895 2490 3948 illum
2536 3895 2778 3957 haberet,
2813 3894 2938 3947 data
2995 3893 3070 3946 illi
3123 3893 3176 3946 in
3227 3889 3418 3945 matri-

1842 3987 2086 4041 monium
2118 3987 2262 4052 lilia;
2297 3989 2389 4042 sed
2423 3987 2696 4057 potionem
2720 3988 2766 4042 ei
2803 3985 3119 4058 praebuisse,
3148 4001 3253 4057 qua
3293 3997 3417 4056 pro-

1387 4162 1628 4206 "ALESII
1657 4162 2149 4208 ANNOTATIONES.

226 4294 340 4364 (91)
377 4295 549 4364 Kata
590 4293 658 4364 δὲ
691 4294 889 4348 ἇπυτα
919 4294 995 4348 ἂν
1037 4291 1182 4350 ἐκεῖ.
1212 4291 1394 4364 Longe
1443 4293 1642 4348 rectius
1681 4293 1735 4346 in

1850 4293 2151 4364 emendavit
2187 4293 2289 4350 hoc
2317 4295 2476 4349 modo
2507 4313 2519 4348 :
2561 4293 2627 4347 Et
2652 4292 3047 4362 Cappadocibus
3077 4291 3318 4364 uastatis,
3347 4290 3416 4346 ad

149 4385 258 4422 ms.
294 4363 488 4432 codice
519 4363 790 4420 Samuelis
841 4365 1090 4420 Bocharti
1129 4363 1352 4432 legitur’
1379 4365 1484 4432 hoc
1523 4366 1685 4418 modo
1719 4381 1733 4416 :

151 4437 314 4492 Κατὰ
331 4431 392 4488 δὲ
424 4433 648 4504 Ἰάπυγα
675 4437 876 4506 ἄνεμον
908 4437 1002 4489 καὶ
1033 4431 1332 4506 Θρασκίαν.
1369 4431 1460 4489 Sic
1489 4434 1650 4506 etiam
1680 4433 1734 4487 in

149 4507 500 4562 Scoriacensi
531 4503 720 4560 codice
746 4503 1006 4574 scriptum
1052 4503 1222 4559 fuisse
1253 4513 1483 4558 testatur
1523 4503 1734 4558 Holste-

149 4581 312 4638 nius,
349 4579 444 4646 qui
483 4576 730 4646 Latinam
768 4576 1088 4630 Cothon-edi
1126 4575 1624 4646 interpretationem
1665 4575 1734 4628 ita

151 4643 392 4702 correxit
426 4667 438 4700 :
471 4647 552 4701 Ad
575 4644 826 4717 Iapygem
852 4657 1028 4700 autem
1049 4655 1098 4699 et
1139 4643 1448 4717 Thrusciam
1475 4654 1682 4717 ventum
1717 4663 1734 4698 :

151 4721 256 4774 hoc
287 4727 412 4780 est,
453 4719 522 4770 ad
561 4716 802 4772 occasum
845 4716 1284 4786 a'quinoctialem,
1329 4725 1376 4768 et
1422 4716 1734 4782 septentrio-

151 4807 268 4844 nem
293 4807 496 4842 versus.
526 4787 658 4840 lude
691 4791 830 4841 enim
859 4785 1012 4840 carus
1043 4795 1092 4840 et
1130 4787 1318 4840 cwcias
1343 4785 1568 4852 spirant.

223 4860 340 4928 (92)
377 4859 484 4912 Καὶ
547 4858 954 4922 Καππαδόκας
999 4856 1498 4928 ἀναστήσαντες,
1527 4855 1586 4908 In
1637 4870 1737 4910 nus.

147 4926 346 4984 codice
375 4929 646 4984 Samuelis
673 4929 926 4983 Bocltat-ti
952 4927 1040 4980 hic
1069 4928 1222 4981 locus
1247 4928 1458 4980 auctior
1489 4926 1738 4979 habetur.

147 5003 244 5056 Sic
281 5001 432 5055 enim
467 5001 638 5054 codex
675 5001 764 5052 ille
805 5017 818 5052 :
864 4999 960 5051 καὶ
998 4996 1372 5058 Καππαδόκας
1401 4995 1462 5048 τὸ
1491 4995 1744 5049 πλεῖστον

145 5073 586 5140 ἀναστήσαντες,
623 5079 730 5124 etc.
766 5069 822 5123 Id
863 5084 968 5140 est,
1009 5067 1076 5120 Et
1105 5067 1518 5140 .Cappadocibus
1553 5083 1746 5136 magna

145 5159 216 5196 ea;
243 5135 400 5210 parte
441 5143 495 5194 in
539 5143 838 5194 servitutem
874 5139 1116 5192 abductis
1139 5179 1156 5204 ,
1197 5135 1265 5210 ad
1299 5135 1530 5210 Pontum
1579 5151 1740 5210 usque

145 5207 418 5282 progressi
465 5221 608 5264 sunt.
663 5211 1094 5282 ’Avastiqo‘avseg
1127 5209 1272 5264 enim
1310 5209 1449 5282 idem
1482 5207 1738 5282 es_t__quod

143 5277 496 5344 ἀναστάτους
529 5277 1068 5352 ποιήσαντες.’ριιυιι
1096 5295 1239 5352 cum
1277 5293 1384 5332 non
1421 5277 1742 5347 intelligeret

145 5353 544 5412 Gothofredus.
577 5351 724 5406 hunc
749 5353 925 5404 locum
965 5351 1199 5420 pessime
1229 5351 1736 5420 ittterpretatusqest.

143 5424 332 5494 Cujus
381 5425 690 5478 versionun
745 5417 1060 5476 llolstettius
1113 5422 1179 5474 ad
1217 5417 1482 5474 latussui
1534 5417 1742 5472 codicis

1841 4363 2074 4416 Pontum
2095 4381 2257 4430 usque
2279 4367 2538 4434 progressi
2559 4375 2680 4418 sunt
2705 4381 2722 4417 :
2745 4365 3010 4434 modisque
3023 4363 3288 4433 pessimis,
3309 4377 3419 4430 pra:

1841 4434 2238 4504 aliisbarbaris
2275 4438 2504 4502 captivos
2539 4436 2639 4504 ipsi
2661 4436 2957 4504 aﬂ’ixerunt.

1914 4503 2028 4572 (93)
2071 4503 2254 4558 Ζῶντι
2283 4501 2724 4574 μετάπεμπτοᾷ
2761 4504 2818 4558 In
2851 4521 2952 4558 ms.
2983 4503 3168 4574 codice
3191 4501 3418 4554 Samue-

1841 4571 2182 4630 lis'Bo'charti
2209 4571 2427 4629 verbum
2455 4571 2798 4632 additurltoc
2815 4575 3008 4628 modo:
3032 4571 3418 4643 μετάπεμπτος

1839 4643 1930 4716 ἦν.
1962 4643 2116 4710 Quod
2143 4645 2354 4699 idcirco
2391 4647 2601 4712 monui,
2637 4661 2704 4699 ne
2732 4645 3030 4716 quisforte
3057 4643 3412 4704 existimaret,

1841 4715 1944 4771 nos
1971 4731 2033 4768 ex
2068 4717 2378 4786 conjectura
2411 4719 2704 4786 quidquam
2726 4715 3079 4786 supplevisse.

1918 4785 2030 4856 (94)
2089 4779 2406 4854 Φάρμακον
2427 4779 2614 4852 ἀὺτῷ
2648 4779 2916 4856 (inuri—ag
2961 4779 3415 4856 ἐγκεράσασςραι.

1847 4851 2442 4911 11ιιίιοἸοοιιιιιίεογνεκί
2475 4872 2538 4910 es
2574 4851 2951 4921 manuscriptis
2985 4851 3418 4921 eodtcibusSco-

1848 4929 2094 4981 riaccnsi.
2113 4935 2166 4980 et
2203 4925 2572 4980 Bochartiano
2599 4963 2614 4986 ,
2644 4924 2696 4976 in
2731 4920 2929 4991 quibus
2963 4921 3184 4988 ἁγονίας
3218 4920 3417 4991 diserte

1849 4999 2112 5066 scriptum
2143 4997 2393 5066 habetur.
2443 4996 2623 5062 Quare
2653 4990 2979 5066 illolstenius
3019 4990 3420 5066 interpretatio-

1853 5061 1978 5122 nem
2017 5065 2334 5121 Gotltofredi
2381 5061 2616 5122 correxit
2651 5065 2752 5118 hoc
2787 5063 2947 5118 modo
2982 5080 2994 5115 :
3032 5061 3134 5116 Sed
3183 5071 3230 5114 et
3267 5077 3418 5115 vene-

1849 5155 1974 5192 num
2000 5141 2136 5207 quod
2171 5137 2336 5205 prolis
2363 5136 2701 5207 procreanda:
2722 5133 3028 5207 facultatem
3045 5133 3420 5200 exstingueret,

1847 5205 2138 5277 potandum
2191 5207 2508 5263 exitibuissc.
2563 5205 2752 5261 Melius
2797 5205 3253 5261 medicamentum
3306 5217 3421 5258 ver-

1851 5281 2024 5334 tisset.

1922 5350 2034 5420 (93)
2070 5351 2194 5404 Soz.
2237 5349 2329 5406 lib.
2363 5365 2478 5414 vnt,
2507 5364 2625 5418 cap.
2657 5347 2748 5414 25,
2775 5356 2828 5402 et
2859 5346 2955 5402 lib.
2995 5363 3071 5414 ts,
3106 5359 3226 5414 cap.
3259 5343 3312 5400 4.

1631 5576 1960 5621 ΫΑΚῘΟΒΓΜ
1971 5608 1981 5618 .

223 5709 302 5780 (α)
341 5709 474 5764 ὐτι
509 5707 774 5778 γαμϐρὸν
821 5707 1006 5762 αὑτὸν
1043 5705 1226 5778 εἶχεν.
1269 5705 1396 5780 Post
1431 5703 1726 5780 Eudosiam

149 5775 352 5854 quippe
373 5775 708 5844 defunctam,
734 5782 966 5836 duxerat
991 5775 1262 5840 Honorius
1281 5777 1461 5848 primo
1483 5775 1732 5842 Mariam,

1838 5701 2032 5843 deisde
2061 5701 2488 5764 Thcrmautiam,
2523 5700 2840 5756 Stilichonis
2882 5697 3038 5754 ﬁlias.
3070 5693 3190 5750 Jac.
3223 5691 3420 5750 Cotho-

1871 5789 1924 5826 re
1967 5813 1980 5830 .

1871 5789 1980 5830 rea.
