3842 6310
174 309 282 366 659

1152 303 1706 362 ECCLESIASTICIE
1743 302 2088 362 HISTORUE
2130 302 2256 358 LIB.
2296 302 2409 360 XII.

3317 298 3424 359 610

172 425 399 482 ἀοιιοδύει
460 427 559 497 μὲν
601 426 698 496 τῆς
753 423 1030 494 βασιλεως
1060 421 1158 477 ’τὸν
1201 423 1497 478 Ἀτταλονθ
1548 425 1598 476 ol
1649 421 1731 489 usi

1849 422 2154 477 redimeret.
2193 421 2364 476 Sarus
2403 435 2557 486 vero,
2588 419 2675 476 cui
2705 425 2830 490 post
2869 417 3188 475 Stilichonis
3228 434 3421 477 necem

171 534 328 585 φασι,
382 517 457 586 μὴ
508 515 695 569 εὔνουν
748 511 886 568 εἶναι
937 513 1324 584 διαϐληθέντα·
1369 514 1418 567 οἱ
1463 513 1557 576 δὲ,
1607 512 1739 566 διότι

172 607 409 670 σπονδὰς
436 607 688 660 διενοεῖτο
723 606 834 675 (72)
859 605 994 676 πρὸς
1037 603 1289 676 Ὀνώριον
1319 603 1525 667 Θέσθαι,
1556 605 1650 658 καὶ
1683 604 1742 658 τὸ
1769 659 1778 670 κ

167 695 366 750 δοκοῦν
402 694 650 765 ἐμποδὼν
685 694 926 758 ἑστάναι,
966 693 1083 746 δέον
1117 694 1302 763 ἡγεῖτο
1329 694 1740 764 προαποσκευά-

170 789 392 844 σασθαι.
457 789 611 842 Μετὰ
652 788 808 842 τοῦτο
854 787 992 858 πρὸς
1043 786 1330 839 Ῥάϐενναν
1377 786 1405 837 ὁ
1466 785 1744 855 Ἀλὰριχος

167 879 510 944 ἐπανελθὼν,
535 882 628 933 καὶ
651 879 883 943 σπονδὰς
910 878 1224 949 προτείνων,
1248 877 1353 930 ὑπὸ
1373 877 1466 931 τοῦ
1490 894 1744 949 προειρη-

171 973 338 1044 μένου
353 972 678 1044 διεκρούσθη
700 971 895 1042 Σάρου,
919 970 1161 1040 φαμένου
1183 971 1273 1023 τὸν
1293 969 1446 1033 δίκας
1463 969 1742 1038 ὀφείλοντα

164 1063 278 1116 τῶν
299 1062 702 1134 τολμηθέντων,
741 1061 814 1132 μὴ
841 1060 907 1113 ἂν
938 1052 1228 1128 ἄξιον’(75)
1261 1055 1396 1112 εἶναι
1423 1059 1595 1129 φίλοις
1620 1075 1742 1111 συν·

163 1154 488 1208 τάττεσθαι.
527 1153 765 1206 Ἐκεῖθεν
801 1151 1083 1223 Ἀλάριχος
1103 1151 1380 1223 ὀργισθεὶς
1407 1150 1544 1221 μετὰ
1568 1153 1740 1204 ὲνιαυο

163 1247 259 1300 τὸν
285 1247 388 1317 τῆς
410 1246 681 1318 προτέρας
704 1246 796 1298 ἐπὶ
819 1246 913 1298 τὸν
934 1245 1131 1315 πόρτον
1153 1245 1362 1313 ἐφόδου,
1383 1243 1458 1307 ὡς
1487 1241 1742 1313 πολέμιον

164 1339 457 1392 ἐπελαύνει
491 1339 603 1409 (74)
631 1341 697 1410 τῇ
751 1337 960 1409 Ῥώμῃ.
1001 1338 1110 1390 Καὶ
1143 1336 1208 1388 τὸ
1239 1335 1485 1389 ἐντεῦθεν
1517 1335 1616 1406 τῆς
1651 1350 1742 1387 το-

163 1434 378 1498 σαύτης
413 1432 570 1502 δόξης
600 1431 660 1484 τὸ
704 1429 950 1500 μέγεθος,
991 1431 1084 1483 καὶ
1115 1429 1177 1482 τὸ
1207 1429 1304 1500 τῆς
1334 1428 1611 1498 δυνάμεως
1646 1444 1742 1480 πε-

165 1523 466 1593 ριώνυμον,
516 1521 807 1589 ἀλλόφυλον
846 1520 955 1591 πῦρ
997 1521 1092 1573 καὶ
1118 1518 1269 1590 ξίφος
1321 1519 1597 1589 πολέμιον,
1648 1519 1742 1572 καὶ

159 1616 516 1686 αὶχμαλωσία
537 1614 923 1686 κατεμερίζετο
949 1613 1240 1685 βάρϐαρος.
1286 1613 1376 1665 Ἑν
1398 1612 1657 1682 ἐρειπίοις
1684 1611 1741 1666 δὲ

157 1708 262 1776 τῆς
293 1706 506 1770 πόλεως
531 1705 808 1777 κειμένης,
847 1704 1128 1775 Ἀλάριχος
1147 1704 1216 1756 τὰ
1239 1703 1380 1757 κατά
1408 1703 1740 1774 Καμπανίαν

159 1799 438 1869 ἐληῖζετο,
474 1799 633 1852 κάκεῖ
665 1797 804 1868 νόσῳ
840 1797 1139 1869 φθείρεται.

1846 514 2118 572 Honorius
2143 515 2517 585 magisterium
2549 513 2626 568 rei
2662 514 2912 570 militaris
2931 517 3255 581 contulerat,
3286 512 3421 569 inito

1845 607 2106 664 adversus
2149 607 2426 662 Alaricum
2477 605 2694 677 prmlio,
2747 623 2869 662 eum
2918 607 3212 678 superavit,
3251 617 3306 663 et
3349 607 3421 660 ab

1845 699 1978 754 urbe
2008 698 2262 752 Ravenna
2298 697 2512 767 longius
2549 695 2771 768 fugavit.
2805 697 2941 754 Tum
2975 714 3103 753 vero
3149 699 3416 764 Alaricus,

1843 799 2108 860 occupato
2139 799 2317 860 portu,
2351 788 2592 842 Attalum
2640 790 2869 858 imperio
2900 790 3088 856 exuit;
3127 791 3241 845 sive
3271 789 3418 859 quod

1844 889 2131 937 accusatus
2165 879 2343 934 fuerat
2388 880 2546 950 quasi
2594 881 2857 936 malevolo
2899 881 3082 934 animo
3113 891 3256 936 esset
3291 895 3418 950 erga

1843 971 2115 1027 Alaricum
2135 1009 2152 1037 ,
2190 972 2322 1036 sive,
2362 979 2421 1024 ut
2463 971 2552 1026 alii
2582 971 2790 1038 dicunt,
2823 987 2889 1026 eo
2915 969 3059 1041 quod
3089 971 3335 1026 Alaricus
3361 971 3416 1025 in

1844 1068 2028 1116 mente
2066 1061 2295 1116 habebat
2345 1061 2522 1117 foedus
2559 1076 2682 1116 cum
2715 1061 2957 1116 Honorio
2992 1063 3148 1124 inire,
3176 1077 3239 1116 ac
3266 1062 3418 1131 prius

1841 1167 1873 1207 e
1898 1153 2079 1208 medio
2115 1155 2406 1209 tollendum
2447 1169 2566 1210 esse
2610 1155 2843 1210 ducebat
2885 1170 3009 1210 eum
3056 1155 3147 1224 qui
3188 1155 3416 1225 impedi-

1843 1251 2028 1298 mento
2061 1258 2185 1300 esse
2207 1245 2510 1299 videbatur.
2538 1243 2666 1300 Post
2693 1245 2809 1300 hac
2831 1245 3077 1302 Alaricus
3102 1245 3415 1302 Ravennam

1841 1351 2114 1398 reversus,
2159 1352 2282 1391 cum
2337 1335 2516 1393 foedus
2561 1336 2842 1392 obtulisset
2880 1337 3138 1401 Honorio,
3173 1353 3202 1392 a
3250 1352 3412 1407 supra

1840 1437 2142 1485 memorato
2173 1427 2312 1483 Saro
2341 1427 2590 1499 repulsus
2621 1437 2722 1494 est,
2749 1445 2872 1484 eum
2901 1430 2992 1500 qui
3035 1429 3273 1484 audaciae
3301 1444 3416 1484 sua:

1839 1535 2031 1590 pinnas
2073 1521 2203 1575 dare
2244 1520 2538 1588 debuisset,
2586 1521 2864 1590 indignum
2931 1536 3052 1577 esse
3109 1520 3416 1576 afﬁrmante

1839 1612 1934 1681 qui
1964 1612 2104 1667 inter
2133 1611 2340 1667 amicos
2368 1621 2764 1668 numeraretur.
2807 1613 2984 1668 Iratus
3027 1613 3097 1667 ob
3135 1613 3249 1668 haec
3289 1613 3404 1666 Ala-

1840 1705 2012 1770 ricus,
2058 1719 2203 1759 anno
2247 1712 2371 1775 post
2412 1707 2642 1774 primam
2694 1705 3050 1775 irruptionem
3092 1706 3146 1760 in
3194 1715 3411 1774 portum

1768 1791 1810 1846 Β
1840 1797 1990 1852 urbis
2017 1795 2222 1861 Romae,
2256 1805 2513 1866 tanquam
2544 1797 2716 1853 hostis
2745 1797 2958 1852 infestis
2991 1797 3162 1867 signis
3183 1794 3412 1850 Romam

156 1909 360 1949 versus
389 1893 685 1949 contendit.
723 1891 926 1945 Exinde
957 1907 1086 1957 vero
1119 1899 1280 1944 tantm
1320 1891 1503 1962 gloria:
1531 1889 1957 1962 magnitudinem
2019 1905 2083 1946 ac
2110 1892 2364 1960 potentia:
2429 1892 2629 1946 famam
2669 1900 2928 1946 externus
2994 1891 3157 1961 ignis,
3215 1901 3269 1946 et
3313 1890 3413 1946 ho-

156 1991 308 2047 stilis
341 1989 577 2060 gladius,
597 1998 652 2043 et
680 1987 962 2043 barbarica
995 1987 1301 2056 captivitas,
1347 1988 1502 2057 quasi
1547 1987 1741 2042 sortito
1779 1987 1918 2042 inter
1965 2002 2023 2042 se
2065 1987 2386 2043 diviserunt.
2457 1987 2592 2044 Dum
2641 1989 2770 2044 urbs
2813 1987 2984 2043 Roma
3041 1989 3098 2044 in
3128 1989 3415 2046 ruderibus

153 2093 329 2148 esset,
371 2083 620 2137 Alaricus
652 2081 1004 2152 Campaniam
1061 2079 1401 2151 deprazdatus
1439 2091 1543 2144 est,
1579 2089 1741 2153 atque
1780 2081 1892 2137 illic
1919 2080 2111 2136 morbo
2141 2091 2421 2152 correptus
2449 2082 2721 2137 occubuit.

225 2181 296 2235 δ’.
347 2180 408 2232 Ὀ
449 2178 506 2232 δὲ
536 2179 630 2248 τῆς
664 2177 826 2232 αὐτοῦ
861 2176 1116 2246 γυναικὸς
1157 2176 1382 2246 ἀδελφός
1421 2176 1556 2246 (75).
1602 2215 1615 2228 .
1660 2217 1675 2232 .
1719 2216 1736 2232 .

406 2298 412 2304 ’
620 2313 822 2367 Desunt
853 2313 936 2366 hic
963 2313 1081 2366 duce
1107 2313 1278 2368 linem.

155 2449 508 2523 βαρϐαρικοῦ
531 2449 641 2521 γὰρ
661 2449 851 2519 γένους
872 2447 963 2501 τοῦ
989 2445 1352 2518 Σαυροματῶν
1375 2445 1488 2516 (76)
1521 2463 1736 2518 χρημα-

153 2543 330 2608 τξζειν
360 2541 552 2610 αὐτὴν,
580 2542 674 2595 καὶ
703 2540 1037 2609 συναφθῆναι
1066 2538 1187 2592 τότε
1216 2538 1292 2609 τῷ
1316 2538 1618 2610 ὀστρακίνῳ
1654 2539 1733 2607 τὲ-

151 2650 236 2685 νει
271 2633 389 2701 (77)
410 2632 503 2684 τὸν
525 2633 590 2684 ἐκ
613 2630 828 2701 σιδήρου
852 2629 951 2700 τὴν
972 2629 1184 2696 γένεσιν
1204 2627 1448 2682 ἕλκοντα.
1482 2629 1554 2682 Οὐ
1576 2629 1733 2682 τοῦτο

1912 2175 1966 2231 4.
1993 2176 2255 2245 Adaulfus
2283 2176 2498 2230 Alarico
2523 2173 2772 2230 succedit.
2792 2207 2859 2216 —
2876 2173 3238 2233 Constantius.
3271 2175 3413 2231 Uxo-

1841 2266 1919 2322 ris
1961 2275 2140 2320 autem
2190 2266 2309 2335 ejus
2352 2264 2520 2321 frater
2564 2265 2828 2322 Adaulfus
2875 2265 2925 2321 ei
2978 2269 3258 2322 successit.
3307 2266 3410 2333 Qui

1840 2354 2132 2410 Placidiam
2174 2355 2397 2410 Honorii
2432 2371 2697 2421 sororem,
2741 2371 2902 2425 quam
2947 2357 3196 2411 Alaricus
3239 2357 3412 2426 capti-

1839 2464 1959 2502 vam
1991 2449 2058 2502 ab
2090 2447 2223 2503 urbe
2261 2446 2432 2502 Roma
2457 2462 2639 2503 secum
2675 2447 2992 2513 abduxerat,
3023 2462 3278 2516 sponsam
3313 2462 3408 2502 ac-

1840 2539 2012 2609 cepit;
2037 2538 2313 2608 repudiata
2347 2539 2526 2608 priore
2565 2554 2753 2603 uxore,
2786 2554 2909 2608 qua:
2935 2554 2998 2593 ex
3032 2537 3406 2593 Sarmatarum

1839 2640 1996 2700 gente
2023 2638 2140 2685 erat
2170 2630 2418 2684 oriunda.
2449 2629 2526 2684 Ac
2553 2639 2681 2685 tunc
2702 2631 2918 2686 demum
2959 2638 3192 2685 testaceo
3223 2629 3406 2700 generi

1389 2799 1630 2844 VALESII
1660 2801 2155 2845 ANNOTATIONES.

154 2909 436 2962 Ravenna:
484 2906 791 2976 adiecisset.
837 2904 942 2960 Sed
981 2914 1035 2960 et
1069 2906 1183 2974 ipsa
1230 2920 1408 2959 rerum
1452 2916 1726 2976 gestarum

153 2980 333 3035 series
356 2992 480 3046 quae
502 2977 589 3031 hic
611 2993 642 3030 a
669 2975 1030 3046 Poilostorgio
1059 2982 1370 3046 narrantur,
1397 2975 1473 3030 sai
1483 2977 1530 3031 is
1552 2986 1732 3030 osten-

152 3051 238 3104 dit
296 3045 515 3117 portum
565 3047 718 3102 urbis
757 3045 959 3102 Romae
984 3047 1072 3099 hic
1107 3045 1361 3117 intelligi,
1393 3061 1512 3117 non;
1547 3058 1726 3100 autem

1838 2907 2426 2979 manuscriptocodice
2449 2907 2719 2964 Samuelis
2750 2908 3000 2964 Bocharti
3027 2923 3255 2965 vacuum
3279 2925 3406 2979 spa-

1835 2977 1969 3030 tium
2025 2977 2112 3048 hic
2162 2978 2408 3048 relictum
2457 2987 2538 3032 est
2597 2995 2787 3034 novem
2844 2980 3130 3043 linearum,
3182 2977 3407 3048 perinde

1834 3059 2011 3131 atque.
2032 3046 2083 3100 in
2119 3048 2308 3102 codice
2328 3047 2668 3130 Gotliol'redi.
2703 3049 2833 3131 Eam
2863 3046 3398 3131 lacunamnsupplcr-e

154 3114 380 3190 portum
423 3117 707 3190 Ravennae.
738 3117 985 3170 Alaricns
1033 3114 1176 3190 enim
1203 3126 1330 3190 post
1377 3115 1610 3190 Attalum
1638 3117 1735 3190 im-
1760 3122 1802 3177 C.
1835 3114 2015 3172 conati
2051 3131 2238 3190 sumus
2282 3133 2349 3173 ex
2385 3119 2695 3188 conjectura
2729 3124 2766 3175 :'
2792 3121 2863 3174 de
2909 3136 3015 3190 qua
3050 3114 3230 3174 velim'
3252 3114 3406 3190 judi-

152 3185 311 3259 pcrio
332 3199 580 3246 exutum,
609 3186 918 3259 Ravennam
948 3186 1158 3240 venisse
1185 3185 1382 3259 dicitur
1403 3205 1418 3259 ς
1447 3186 1732 3259 quodqui-

152 3254 279 3314 dem
310 3261 640 3312 conlirmant
672 3257 832 3312 etiam
863 3255 1198 3310 Sozomenus
1217 3269 1279 3308 ac
1292 3254 1560 3311 Zosiin’us.
1575 3254 1733 3311 certe

152 3330 504 3383 Sozomenus
539 3329 740 3382 diserte
785 3327 993 3388 scribit,
1035 3324 1308 3378 Alaricum
1361 3336 1572 3394 portum
1626 3328 1732 3380 Ra-

152 3415 350 3453 vennae
386 3400 479 3467 qui
519 3397 723 3452 Classis
751 3397 971 3461 dicitur,
1005 3408 1300 3462 occupasse
1330 3405 1448 3466 post
1474 3406 1731 3451 exaucto-

151 3472 427 3524 rationem
465 3469 624 3524 Attali
664 3467 760 3537 (α).

224 3538 345 3607 (Ὶῖ)
373 3533 1000 3603 Σπονδὰςΰιενοεῑτο.
1045 3536 1273 3593 Fallitur
1316 3535 1406 3590 hic
1445 3533 1730 3607 Gothofre-

150 3606 282 3670 dus,
311 3606 410 3677 qui
446 3610 562 3662 huic
609 3607 952 3678 l’bilostorgii
985 3611 1146 3662 verba
1181 3609 1249 3662 de
1289 3607 1468 3661 Attalo
1499 3606 1725 3675 accepit,

151 3696 281 3734 cum
336 3689 405 3732 ne
449 3679 664 3733 Alarico
711 3678 1056 3747 intelligenda
1098 3679 1226 3733 sint.
1275 3677 1529 3747 Alaricus
1582 3677 1728 3730 enim

151 3765 282 3803 cum
317 3749 374 3802 in
419 3750 603 3802 animo
645 3748 866 3802 haberet
895 3746 1089 3816 pacem
1139 3749 1279 3803 inire
1309 3763 1432 3801 cum
1487 3746 1729 3800 Honorio

150 3821 510 3888 imperatore,
548 3818 786 3872 Attalmn
817 3820 908 3886 qui
958 3819 1085 3872 huic
1115 3818 1345 3888 consilio
1378 3817 1732 3886 impedimen-

151 3887 270 3943 tum
326 3889 595 3942 allatuius
641 3888 942 3950 videbatur,
975 3903 1005 3941 e
1040 3889 1217 3943 medio
1259 3887 1554 3942 tollendum
1607 3901 1729 3940 esse

151 3960 372 4014 statuit.
411 3957 613 4028 Neque;
639 3963 781 4011 enim
828 3973 1014 4028 pacem
1049 3973 1286 4028 unquam
1340 3957 1577 4028 initurus
1613 3965 1730 4010 crat

147 4045 280 4084 cum
317 4025 538 4083 Alarico
569 4025 864 4090 Honorius,
899 4025 1004 4081 nisi
1053 4025 1232 4083 Attalo
1270 4027 1421 4098 prius
1471 4035 1727 4080 exaucto-

151 4108 299 4154 rato.

224 4170 345 4239 (73)
384 4167 480 4235 Μὴ
513 4166 785 4232 ἀνάξιον.
816 4165 874 4220 In
901 4167 1272 4236 manuscripto
1293 4166 1478 4223 codice
1502 4164 1731 4239 Samue-

149 4235 245 4294 lis'
281 4235 561 4302 Bocharti,
614 4239 681 4292 ad
727 4239 1022 4307 marginem
1067 4235 1363 4306 ascriptum
1411 4244 1496 4291 est
1537 4235 1726 4307 eadem

149 4326 320 4366 manu
346 4325 361 4372 ;
394 4311 513 4379 lego
543 4309 617 4379 μὴ
644 4309 711 4362 ἂν
737 4305 905 4379 ᾄξιον,
931 4309 1013 4379 vel
1037 4308 1111 4378 μὴ
1133 4305 1483 4379 ἄξιοι-Ρτὶοτ
1507 4305 1726 4379 quidem

149 4376 469 4434 emendatio
518 4376 716 4448 placuit
762 4378 920 4432 Luca:
967 4376 1266 4448 Hills—lenio.
1299 4376 1431 4432 Eam
1479 4376 1623 4430 enim
1657 4376 1723 4430 ad

1836 3197 1960 3241 cent
1996 3187 2211 3240 eruditi.

1905 3256 2014 3327 (76)
2047 3257 2416 3326 Βαρϐαρικοῦ
2458 3257 2569 3327 γὰρ
2595 3257 2808 3329 γένους
2832 3259 2939 3314 τοῦ
2985 3258 3400 3329 Σαυροματῶν.

1834 3325 1957 3382 Ηειὲο
1985 3325 2051 3382 de
2078 3325 2260 3397 priore
2291 3325 2503 3384 Adaulli
2530 3325 2719 3384 ‘usore
2767 3325 3116 3397 intelligenda
3151 3325 3272 3384 esse
3310 3345 3401 3384 ar-

1830 3399 2022 3460 bitror,
2046 3414 2208 3466 quam
2233 3398 2497 3456 Adnnlfus
2527 3399 2849 3468 repudiavit,
2871 3398 3237 3455 utPlacidiam
3266 3415 3402 3456 uxo-

1830 3483 1944 3538 rem
1989 3468 2228 3522 duceret.
2271 3467 2447 3525 Causa
2497 3467 2674 3524 autem
2716 3471 2922 3538 repudii
2969 3471 3056 3524 hic
3107 3468 3334 3524 affertur
3367 3486 3399 3526 a

1830 3536 2216 3610 Philostorgio,
2254 3541 2396 3610 quod
2436 3555 2502 3595 ex
2555 3536 2791 3594 barbara
2829 3551 2986 3610 gente
3027 3539 3401 3610 Sarmatarum

1830 3609 2059 3679 oriunda
2092 3608 2463 3664 esset.’Porro
2495 3627 2561 3664 ex
2594 3611 2696 3664 hac
2722 3608 2902 3679 priore
2933 3611 3162 3679 conjuge
3194 3609 3400 3664 Adaul-

1832 3677 1920 3733 fus
1963 3679 2158 3749 liberos
2206 3690 2536 3749 susceperat,
2566 3696 2703 3749 quos
2723 3677 3051 3749 'Sigericbus
3095 3677 3278 3748 postea
3329 3679 3398 3734 ad

1830 3763 2057 3818 regnum
2077 3817 2085 3818 ί
2105 3748 2409 3803 Gothorum
2443 3748 2663 3805 evectus
2691 3748 2982 3805 crudeliter
3014 3749 3305 3810 interfecit,
3339 3759 3399 3802 ut

1831 3817 2018 3872 narrat
2064 3817 2501 3889 Olympiodorus.
2545 3819 2660 3873 Non
2712 3819 3070 3874 dissimulabo
3109 3829 3288 3872 tamen
3340 3820 3398 3872 in

1831 3889 2205 3956 manuscripto
2230 3890 2522 3957 exemplari
2559 3889 2805 3942 Bocharti
2831 3890 3091 3957 scriptum
3123 3903 3242 3943 esse
3265 3904 3400 3958 χρη-

1837 3958 2080 4030 ματίζειν
2109 3958 2324 4030 attitude.
2344 3959 2528 4030 Quam
2560 3961 2843 4013 lectionem
2868 3960 2914 4030 si
2942 3973 3396 4030 sequamur,_non

1829 4029 1896 4097 de
1946 4043 2113 4081 uxore
2151 4027 2363 4083 Adnulfi
2405 4029 2519 4083 haec
2565 4039 2726 4083 erunt
2764 4027 3144 4097 intelligenda,
3187 4027 3280 4082 sed
3330 4029 3398 4082 dc

1831 4095 1949 4170 ipso
1986 4097 2216 4170 Adaulfo
2248 4107 2300 4170 et
2328 4098 2395 4170 de
2435 4098 2649 4163 Gothis,
2683 4114 2823 4169 quos
2862 4095 3073 4170 origine
3119 4097 3396 4153 Sarmatas
3449 4105 3452 4108 ’

1829 4166 2003 4240 fuisse
2031 4167 2219 4240 scribit
2253 4167 2667 4240 Pliilostorgius.

1898 4236 2011 4306 (³17)
2043 4237 2152 4290 Kal
2179 4234 2561 4307 συναφθῆνιῇ
2588 4241 2720 4292 τότε
2747 4237 2827 4304 τῷ
2860 4237 3193 4304 ὀστρακινῳ
3217 4234 3392 4307 γένει.

1829 4305 2034 4378 Alludit
2082 4305 2477 4378 i’hilostorgius
2518 4311 2584 4363 ad
2634 4313 2904 4364 somnium
2947 4309 3075 4363 illud
3111 4305 3254 4376 regis
3286 4305 3395 4361 Na-

1831 4377 2272 4448 buchodonosor,
2331 4380 2474 4448 quod
2529 4378 2759 4434 refertur
2811 4379 2865 4433 in
2927 4382 3101 4448 capite
3154 4379 3396 4433 secundo

151 4450 299 4532 latus
330 4452 417 4540 sui
451 4445 654 4504 codicis
689 4449 962 4519 apposuit.
999 4447 1358 4503 Posteriorem
1389 4459 1567 4500 tamen
1602 4460 1720 4499 ma-
1759 4486 1802 4540 Β
1834 4445 2211 4540 Haliiielis,miibi
2265 4445 2428 4540 pedJes
2476 4459 2669 4505 statuae
2711 4451 2855 4540 illius
2890 4445 3054 4540 quam
3087 4448 3140 4540 in
3190 4449 3398 4540 sum-nis

189 4522 235 4575 is
263 4523 458 4575 nrobo.

150 4537 481 4659 ΒΙἏῚΓἝᾎ-
505 4589 796 4659 πολέμιον
835 4587 1173 4659 ἐπελαύνει.
1206 4586 1261 4659 In
1292 4603 1396 4643 ms.
1423 4585 1611 4659 codice
1633 4585 1732 4640 Bo-

148 4655 331 4716 charti
391 4655 669 4716 scribitur'
708 4659 985 4729 ὑπολέμης
1017 4657 1326 4729 ἐπελαύνει
1393 4659 1458 4728 τῇ
1496 4655 1726 4729 βΡὼμῃ.

153 4731 319 4786 Forte
353 4731 703 4786 scribendum
725 4739 808 4784 est
841 4727 915 4793 ὥς
944 4727 1219 4798 πολέμιος.
1250 4727 1357 4783 Nec
1377 4728 1568 4782 dubito
1594 4727 1726 4797 quin

149 4803 554 4871 Pbilostorgius
581 4803 654 4871 ita
684 4801 942 4871 scriptum
979 4799 1278 4871 reliquerit.

222 4872 339 4942 (75)
394 4865 460 4924 ’ὅ
479 4871 549 4925 δὲ
580 4869 690 4939 τῆς
729 4865 918 4942 αὗτοῦ
959 4865 1242 4942 γυνάικιές
1285 4867 1566 4942 ἀδενέφόςο
1590 4865 1726 4942 Ροξι

152 4937 267 4997 hac
304 4937 472 4996 verba
511 4945 564 4996 in
595 4937 700 4995 ms.
735 4941 952 5012 quidem
967 4937 1375 5012 'c0iliceJacobi
1397 4937 1722 4993 Gothofredi

147 5012 381 5067 deerant
418 5027 611 5066 novem
646 5009 824 5076 linem,
857 5021 916 5065 ut
945 5012 1056 5079 ipse
1078 5009 1449 5064 Gothofredus
1472 5020 1720 5066 testatur.

149 5082 336 5138 Lucas
364 5093 544 5138 tamen
578 5081 890 5137 Holstcnius
918 5083 971 5134 in
1003 5081 1247 5150 margine
1279 5081 1363 5135 sui
1396 5079 1600 5133 codicis
1624 5095 1724 5132 no-

151 5155 306 5216 tavit,
349 5153 400 5206 in
437 5154 808 5222 manuscripto
855 5153 1042 5206 codice
1082 5150 1422 5204 Scoriacensi
1455 5150 1543 5203 hic
1571 5150 1723 5202 lacu-

150 5239 277 5277 nam
315 5239 460 5278 esse.
488 5223 684 5278 Verum
724 5221 792 5276 ex
835 5221 1013 5276 verbis
1040 5235 1159 5290 quae
1187 5222 1433 5290 proxime
1482 5235 1723 5288 sequun-

152 5304 264 5359 tur,
313 5295 453 5348 satis
498 5305 743 5364 apparel,
779 5292 949 5346 multa
984 5292 1073 5346 hic
1115 5291 1432 5347 desiderari.
1468 5291 1628 5345 Certe
1667 5291 1722 5343 in

1834 4518 2039 4589 vidr_rat
2083 4515 2608 4584 Nabuchodonosor,
2656 4523 2852 4589 partim
2899 4515 2962 4589 ex
3006 4529 3167 4581 testa,
3199 4519 3394 4586 partim

1830 4603 1896 4642 ex
1934 4587 2078 4642 ferro
2123 4590 2341 4643 conflati
2377 4589 2545 4644 fuisse
2575 4587 2853 4645 dic—untur.
2892 4588 3044 4644 Hanc
3071 4589 3232 4656 igitur
3263 4601 3394 4654 pro-

1829 4659 2065 4728 phetiam
2096 4657 2492 4728 Philostorgius
2521 4658 2746 4714 Honorii
2776 4660 3110 4728 temporibus
3133 4657 3216 4728 his
3244 4670 3394 4708 com-

1829 4725 2043 4799 pletam
2067 4744 2188 4783 esse
2228 4725 2393 4783 dicit:
2413 4729 2476 4784 Et
2522 4731 2696 4799 primo
2733 4725 2972 4798 quidem,
3002 4725 3220 4799 quando
3246 4739 3396 4778 com-

1869 4799 1971 4853 leta
2020 4795 2216 4860 fuerat,
2273 4795 2670 4854 relatum—erat
2731 4795 2784 4852 in
2847 4795 3127 4866 superiore
3179 4797 3390 4848 lacuna.

1855 4879 2028 4938 terum
2089 4884 2217 4922 vero
2277 4869 2621 4938 adimpletam
2675 4883 2794 4923 esse
2840 4868 3042 4938 subdit,
3086 4875 3222 4938 tunc
3268 4881 3393 4919 cum

1825 4937 2091 4992 Adaulfus
2125 4936 2544 4993 Gothorunfrex
2577 4938 2866 4992 Placidiam
2897 4936 3119 4991 Honorii
3150 4949 3391 4989 sororem

1821 5009 2172 5078 matrimonio
2213 5008 2316 5062 sibi
2362 5009 2607 5064 sociavit.
2657 5008 2775 5062 Jam
2826 5009 2987 5078 igitur
3035 5006 3389 5078 divinandum

1825 5077 2137 5148 nobisﬂest,
2177 5079 2398 5147 quando
2438 5080 2670 5148 primum
2716 5076 3037 5148 completam
3085 5091 3207 5132 esse
3253 5076 3397 5148 hanc

1823 5147 2063 5219 Danielis
2104 5144 2453 5218 pro'phetiaui'
2477 5150 2754 5219 scripserit
2794 5144 3220 5218 Pbilostorgius.
3252 5144 3394 5219 Olim

1823 5217 2441 5290 qiiidemconjeceram,
2481 5217 2901 5290 Philostorgium
2942 5217 3223 5274 censuisse
3256 5217 3396 5290 hanc

1822 5286 2162 5359 prophetiam
2178 5289 2413 5359 primum
2441 5289 2716 5360 impletam
2735 5286 2878 5357 esse,
2901 5300 3030 5346 tunc
3051 5305 3176 5345 cuin
3199 5286 3396 5344 Adaul-

1616 5445 1943 5489 VARIORUM
1951 5475 1964 5487 .

219 5557 299 5627 (α)
339 5553 676 5611 Gothofredo
741 5554 1068 5627 astipulatur
1111 5553 1238 5626 Pagi
1288 5554 1528 5627 ad‘ann.
1590 5552 1721 5607 Chr.

151 5623 372 5690 410,'n.
424 5629 480 5690 6,
523 5628 576 5680 5.
636 5627 776 5680 Idem
833 5623 986 5680 locus
1031 5626 1124 5694 qui
1175 5623 1313 5694 apud
1361 5623 1724 5678 Sozomenuni

156 5713 206 5768 p.
225 5698 352 5761 575,
377 5697 650 5760 κλάσσεις
673 5697 986 5768 appellatur,
1011 5707 1067 5768 ut
1093 5693 1271 5750 locum
1293 5693 1728 5768 feliciter‘emen-

157 5764 297 5824 ilavit
322 5769 630 5832 Cluverius,
666 5765 792 5821 Ital.
821 5768 999 5835 Antiq.
1036 5767 1130 5820 lib.
1165 5782 1203 5831 ι,
1234 5782 1279 5820 c.
1319 5764 1408 5831 28,
1445 5765 1533 5819 ubi
1558 5765 1718 5834 vulgo

1823 5553 1923 5616 τὰς
1955 5555 2177 5619 ’Ἄλπεις
2208 5555 2424 5626 legitur,
2458 5555 2609 5612 nullo
2655 5571 2840 5613 sensu.
2889 5554 3092 5626 Classis
3135 5553 3394 5626 nimirum

1826 5635 1911 5679 est
1936 5625 2191 5694 oppidum
2224 5622 2286 5680 iii
2310 5637 2465 5696 portu
2495 5625 2767 5682 Ravenna:
2789 5627 2974 5684 situm.
2999 5625 3057 5681 in
3080 5625 3274 5696 eodem
3295 5622 3389 5678 So-

1829 5696 2043 5768 zomeni
2083 5695 2332 5768 locogpro
2354 5696 2622 5768 ἐξήκοντα
2647 5698 2854 5767 στάδια,
2890 5697 3031 5754 idem
3071 5696 3200 5766 legit
3224 5695 3396 5749 εἴκοσι

1827 5767 1921 5819 καὶ
1953 5767 2077 5836 τρία
2109 5767 2316 5823 στάδια.
2352 5766 2669 5834 νγζιοιοιίι.
