3842 6306
486 269 589 325 (ῙΗ

1861 273 2311 330 Ριιιιοδτοηοι

3625 280 3721 338 θη

488 389 795 462 copulatam
823 405 941 446 esse
974 393 1048 447 ait
1081 391 1472 462 Pliilostorgius
1501 411 1623 450 eum
1664 397 1757 466 qui
1787 412 1851 451 ex
1883 397 2056 451 terrea

2169 395 2214 448 Ξὲ
2255 397 2442 466 μόνον,
2476 397 2610 451 ἀλλὰ
2643 400 2736 451 καὶ
2787 399 2949 468 ἡνίκα
2989 399 3147 454 πάλιν
3203 399 3521 469 Ἀδαοῦλφος
3558 416 3721 470 γαμι-

487 484 653 553 stirpe
697 492 810 538 erat
857 484 1140 539 oriundus.
1205 484 1389 557 Neque
1435 496 1562 542 tunc
1612 490 1810 553 solum,
1857 489 1950 542 sed
2002 498 2056 542 et

488 591 680 632 rursus
723 585 851 629 tunc
890 591 1012 630 cum
1061 576 1324 632 Adaulfus
1366 579 1698 634 matrimonii
1725 579 1848 648 jure
1877 579 2054 634 Placi-

483 669 628 722 diam
661 668 764 722 sibi
798 667 1060 732 sociavit;
1098 677 1226 724 tunc
1255 671 1397 723 enim
1444 679 1674 724 testacea
1703 680 1892 725 natura
1925 687 2056 726 con-

482 758 667 826 juncta
706 769 786 812 est
819 757 1024 813 ferreae.
1059 759 1163 813 Sed
1193 761 1448 829 quoniam
1482 759 1760 830 Scriptura
1793 762 1922 816 dicit
1948 779 2054 816 non

484 849 574 901 diu
612 863 1017 916 pcrmansuram
1054 865 1173 902 esse
1216 865 1333 902 eam
1367 851 1822 918 conjunctionem,
1855 851 2056 906 idcirco

485 936 835 992 Constantius
872 939 966 1008 qui
1018 937 1312 994 Placidiam
1364 941 1671 1003 adamabat,
1723 941 1861 997 hanc
1905 956 2054 1011 spem

483 1030 665 1082 animo
702 1040 1041 1098 conceperat,
1090 1045 1166 1093 se,
1202 1029 1247 1084 si
1287 1029 1578 1084 Adaull‘um
1632 1029 1774 1083 bello
1812 1043 2058 1098 supr-ras-

486 1130 588 1183 set,
621 1119 912 1175 Placidiam
941 1122 1044 1175 sibi
1087 1137 1342 1190 Sponsam
1388 1132 1735 1192 accepturum
1771 1137 1910 1176 esse.
1951 1121 2058 1176 Nec

486 1213 655 1268 multo
701 1223 822 1283 post
847 1213 1131 1279 Adaull‘us,
1181 1230 1302 1268 cum
1361 1215 1526 1268 multa
1578 1215 1761 1284 gravia
1817 1213 2053 1268 facinora

488 1304 762 1358 iracundia
792 1305 964 1373 ipsum
1007 1306 1316 1373 impellente
1350 1314 1731 1375 perpetrasset,
1766 1321 1795 1358 a
1822 1305 2054 1373 quodam

487 1396 787 1449 dom‘estico
840 1413 940 1450 suo
985 1398 1320 1451 interficitur.
1364 1397 1569 1451 Exinde
1611 1397 1828 1452 barbari
1880 1395 2058 1450 foedus

485 1501 609 1540 cum
660 1484 901 1540 Honorio
928 1497 1334 1556 percusserunt,
1382 1497 1435 1542 et
1480 1488 1774 1542 Placidiam
1814 1502 2055 1542 sororem

485 1587 648 1647 atque
677 1578 917 1632 Attalum
948 1578 1258 1646 imperatori
1283 1577 1523 1633 Honorio
1547 1577 1901 1642 tradiderunt,
1932 1591 2054 1630 cum

489 1671 642 1738 prius
673 1669 775 1737 ipsi
807 1684 1052 1724 annonas
1079 1669 1148 1723 ab
1179 1669 1526 1738 imperatore,
1557 1678 1610 1723 et
1640 1677 1843 1739 partem
1875 1667 2057 1723 Galliae

490 1762 555 1814 ad
585 1776 743 1830 agros
768 1761 1091 1816 excolendos
1119 1763 1473 1832 accepissent.

557 1850 610 1904 5.
671 1849 835 1904 Roma
883 1851 1202 1904 instaurata.
1232 1881 1302 1892 —
1332 1853 1500 1906 Attali
1551 1869 1718 1922 pmna.
1764 1851 1893 1908 Post
1940 1854 2056 1908 hazc

488 1950 670 1995 autem
721 1939 890 1994 Roma
935 1956 964 1994 a
1016 1941 1351 2011 gravissimis
1388 1943 1544 1998 malis
1583 1944 1859 2012 paululum
1895 1945 2063 2014 respi-

489 2049 640 2094 rans,
677 2033 868 2087 incolis
897 2031 1226 2102 frequentari
1275 2034 1459 2102 coepit.
1500 2033 1566 2088 Et
1613 2034 1903 2104 imperator
1936 2051 2058 2088 cum

487 2140 552 2177 eo
581 2123 907 2188 advenisset,
945 2139 1106 2176 manu
1148 2124 1311 2178 simul
1349 2133 1403 2179 et
1438 2125 1616 2196 lingua
1653 2125 2058 2181 aediﬁcationem

491 2217 640 2271 urbis
675 2216 1067 2286 comprobavit.
1106 2215 1351 2286 Cumque
1397 2231 1558 2285 supra
1603 2217 1835 2270 tribunal
1871 2233 2060 2272 ascen—

2157 490 2281 550 καίς
2330 488 2565 559 ὁμιλίαις
2595 493 2660 560 τῇ
2697 490 2960 561 Πλακιδία
2999 491 3278 544 συνείπετο
3313 487 3458 560 (78)·
3488 491 3589 561 τὴν
3622 493 3721 564 γὰρ

2155 581 2478 654 ὀστρακίνην
2514 583 2674 652 φύσιν
2705 582 2815 653 (79)
2863 621 2878 636 .
2923 622 2936 634 .
2983 622 2996 634 .
3039 623 3054 635 .
3099 622 3114 638 .

2575 714 2778 768 Desunt
2812 714 2897 767 hic
2923 730 3098 766 norem
3125 714 3292 768 lineae.

2157 852 2376 915 ἐλπίδας
2409 851 2642 922 τρέφων,
2676 851 2750 914 ὡς
2780 851 2942 913 αὐτὸς
2975 849 3437 919 καταπολεμήσας
3473 848 3715 901 Ἀδαοῦλ-

2157 963 2255 1015 (ρον
2273 944 2502 1008 (80-90),
2530 945 2628 1015 τὴν
2642 943 2934 998 Πλακιδξαν
2951 941 3336 1012 νυμφεύσαιτο.
3353 943 3426 995 Οὐ
3446 942 3582 995 πολὺ
3595 942 3651 994 δὲ
3667 943 3716 994 τὸ

2161 1036 2341 1106 μέσον,
2366 1037 2460 1089 καὶ
2486 1034 2654 1088 πολλὰ
2677 1034 3186 1106 δραματουργήσας,
3205 1031 3263 1096 ἐξ
3283 1033 3452 1104 ὀργῆς
3477 1028 3716 1086 Ἀδαοῦλ-

2158 1146 2255 1198 φος
2284 1129 2387 1181 ὑπό
2418 1146 2560 1191 τινος
2583 1128 2689 1182 τῶν
2711 1127 2924 1182 οἰκείων
2950 1127 3371 1195 ἀποσφάττεται.
3413 1126 3509 1178 Ἐκ
3534 1127 3713 1177 τούτου

2155 1219 2216 1272 τὸ
2246 1219 2519 1292 βάρϐαρον
2560 1219 2694 1290 πρὸς
2739 1217 2991 1290 Ὀνώριον
3033 1218 3344 1276 σπένδεται.
3381 1218 3476 1270 καὶ
3518 1217 3621 1287 τὴν
3645 1219 3713 1269 οξ-

2157 1314 2310 1366 κείαν
2345 1313 2608 1383 ἀδελφὴν,
2651 1313 2743 1365 καὶ
2771 1311 2861 1364 τὸν
2897 1310 3154 1363 Ἀτταλον
3193 1309 3272 1379 τῷ
3306 1309 3513 1378 βασιλεῖ
3546 1326 3713 1377 παραυ

2155 1405 2392 1460 τίθενται
2422 1406 2593 1469 αὐτοὶ,
2645 1403 2888 1474 σιτήσεσί
2917 1402 3362 1467 τεδεξιωοέντες,
3398 1403 3490 1454 καὶ
3531 1401 3716 1470 μοῖράν

2154 1515 2274 1551 τινα
2303 1498 2399 1568 τῆς
2428 1497 2538 1550 τῶν
2569 1496 2824 1551 Γαλατῶν
2854 1493 3036 1565 χώρας
3079 1496 3155 1557 εἰς
3185 1493 3456 1565 γεωργίαν
3487 1493 3716 1560 ἀποκλη-

2160 1587 2484 1658 ρωσάμενοι.

2232 1857 2291 1903 ε’.
2332 1849 2484 1904 Μετὰ
2526 1846 2698 1901 ταῦτα
2727 1847 2783 1901 δὲ
2813 1849 2905 1900 καὶ
2938 1849 2970 1918 ἡ
3014 1846 3200 1917 Ῥώμη
3237 1846 3345 1900 τῶν
3374 1847 3584 1901 πολλῶν
3628 1865 3719 1902 κα-

2161 1942 2272 1996 κῶν
2325 1940 2631 2012 ἁνασχοῦσα
2680 1939 3042 2004 συνοικίζεται
3088 1940 3164 2010 (a)
3193 1957 3206 1970 ’
3241 1939 3334 1991 καὶ
3390 1941 3419 1992 ὁ
3475 1939 3719 2010 βασιλεὺς

2161 2036 2295 2104 αὐτῇ
2327 2030 2713 2105 παραγεγονὼς
2734 2072 2749 2096 ,
2781 2033 2925 2101 χειρὶ
2953 2031 3048 2084 καὶ
3090 2030 3302 2102 γλώττῃ
3337 2030 3449 2101 (9|)
3482 2033 3576 2085 τὸν
3609 2051 3720 2086 cav-

2158 2127 2404 2197 οικισμὸν
2436 2126 2742 2197 ἐπεκρότει.
2787 2124 2956 2195 Ὑπὲρ
3003 2124 3057 2176 δὲ
3103 2123 3196 2176 τοῦ
3227 2123 3464 2194 βήματος
3497 2124 3717 2186 ἁναὸὰς.

2159 2221 2187 2272 ὁ
2213 2219 2308 2290 τὴν
2340 2218 2560 2290 πρώτην
2601 2217 2747 2289 αὐτῷ
2783 2216 3014 2289 βαθμίδα
3050 2215 3157 2287 (92)
3196 2216 3284 2269 τὸν
3322 2216 3584 2269 ΙἌτταλον
3623 2218 3724 2270 διαί

1704 2329 1943 2372 V'ALESII
1971 2329 2466 2374 ANNOTATIONES.

491 2411 577 2466 fus
608 2409 901 2464 Placidiam
933 2409 1033 2464 sibi
1067 2409 1355 2480 despondit
1385 2426 1634 2464 uxorem.
1660 2409 1765 2463 Sed
1805 2426 1970 2474 nunc,
1998 2426 2055 2464 re

491 2484 751 2536 attentius
801 2482 1133 2544 examinata,
1178 2483 1292 2533 haec
1330 2481 1639 2551 conjectura
1684 2495 1788 2532 non
1843 2481 2052 2548 placet:

493 2567 616 2605 nam
655 2552 928 2620 sponsalia
962 2561 1015 2604 et
1057 2551 1284 2619 nuptiie,
1321 2566 1443 2602 cum
1484 2551 1557 2620 ad
1595 2565 1756 2604 unam
1783 2551 2054 2604 eamdem-

490 2637 599 2689 que
623 2619 736 2675 rem
780 2630 1042 2690 spectent,
1088 2637 1183 2689 pro
1212 2621 1425 2673 duobus
1465 2619 1695 2674 diversis
1743 2620 1905 2673 unius
1935 2635 2058 2689 pro-

493 2693 684 2760 phetia-
713 2692 1118 2758 complementis
1152 2690 1321 2758 accipi
1364 2705 1469 2760 non
1501 2698 1744 2758 possunt.
1773 2690 1931 2743 Aliud
1959 2690 2056 2759 igi-

497 2758 582 2813 tur
613 2761 948 2829 inquiramus
982 2775 1203 2814 necesse
1242 2770 1341 2812 est.
1381 2758 1615 2812 Promde
1653 2759 1906 2814 existimo
1931 2758 2058 2813 Phi-

496 2831 808 2896 lostorgium
835 2831 885 2881 in
920 2831 1094 2899 priore
1125 2829 1212 2882 illa
1258 2829 1448 2883 lacuna
1484 2830 1788 2898 scripsisse,
1825 2831 2057 2899 prephe-

496 2901 626 2953 tiam
663 2899 898 2953 Danielis
943 2905 1174 2967 primum
1217 2899 1560 2966 aditnpletam
1593 2915 1735 2961 esse,
1775 2909 1904 2954 tunc
1934 2916 2056 2954 cum

496 2970 758 3024 Adaultns
784 2970 1082 3025 Gothorum
1123 2985 1212 3021 rex
1246 2984 1430 3038 paCein
1463 2969 1588 3022 fecit
1633 2985 1755 3023 cum
1797 2970 2055 3033 lloiiorio,

496 3049 549 3092 et
580 3040 764 3094 relicta
805 3039 950 3092 Italia
983 3040 1035 3092 in
1071 3039 1272 3108 Gallias
1308 3055 1366 3093 sc
1404 3040 1620 3107 rect-pit.
1650 3041 1804 3106 Quod
1838 3041 2054 3108 quidem

2152 2412 2408 2482 ἐπέμφθη
2459 2412 2578 2463 κατ’
2627 2409 3046 2482 αὑτοῦγέλπίδας
3090 2411 3323 2482 τρέφων,
3344 2420 3469 2482 _etc.
3505 2413 3564 2466 Si
3621 2431 3718 2470 non

2151 2479 2337 2556 eadem
2369 2479 2553 2556 verba,
2601 2483 2688 2556 hic
2734 2481 2922 2556 saltem
2968 2479 3299 2556 sensus_l'uit
3343 2479 3717 2556 Pliilostorgii,

2152 2567 2273 2620 quae
2307 2551 2498 2604 Latine
2537 2550 2745 2604 reddita
2778 2551 2847 2603 ita
2884 2559 3121 2602 sonant:
3170 2549 3377 2602 Testam
3419 2554 3559 2605 enim
3595 2549 3719 2609 Fili-

2153 2622 2437 2690 lostorgius
2454 2622 2538 2690 fuit
2577 2635 2682 2673 esse
2714 2621 2986 2687 imperium
3021 2620 3353 2690 Romanum;
3391 2621 3593 2688 ferrum
3629 2643 3718 2677 an-

2157 2700 2257 2744 tem
2284 2689 2394 2744 esse
2437 2689 2722 2743 Gothorum
2751 2692 3035 2742 nationem.
3068 2689 3192 2741 Post
3231 2693 3340 2741 licet:
3381 2708 3497 2743 cum
3519 2696 3720 2748 Adaul-

2157 2761 2241 2829 [us
2286 2777 2463 2829 pacem
2493 2777 2648 2829 quam
2686 2776 2800 2811 cum
2841 2757 3089 2811 Romanis
3125 2761 3410 2827 pepigerat,
3457 2763 3717 2827 violasset,

2157 2831 2494 2883 Constantius
2536 2831 2782 2895 magister
2826 2831 3052 2881 militum
3085 2833 3329 2882 adversus
3368 2847 3488 2883 eum
3533 2837 3718 2888 missus

2155 2912 2227 2951 est
2257 2916 2374 2953 cum
2399 2901 2625 2952 exercitu
2653 2916 2669 2952 :
2695 2902 2829 2951 hanc
2850 2915 2990 2967 spem
3011 2899 3165 2951 tacite.
3191 2901 3368 2951 animo
3394 2901 3597 2968 fovens,
3619 2915 3715 2959 etc.

2156 2970 2229 3023 Ει
2264 2971 2345 3024 his
2376 2980 2517 3036 patet
2547 2979 2878 3038 quantopere
2916 2970 3084 3023 falsus
3134 2969 3294 3022 fuerit
3327 2968 3716 3036 Gothofredus.

2159 3041 2434 3115 quipaulo
2459 3049 2587 3115 ante
2615 3055 2710 3108 pro
2731 3039 3032 3115 ὀστρακίνῳ
3053 3039 3198 3115 γένει
3220 3041 3526 3115 emendavit
3548 3044 3721 3115 ἀπρο-

496 3125 641 3164 anno
671 3109 875 3180 Christi.
913 3109 1036 3164 412.
1076 3107 1274 3180 factum
1323 3125 1443 3163 esse
1485 3100 1692 3163 cénsetv
1715 3100 1968 3180 Sigonius
2001 3111 2054 3164 in
2084 3100 2124 3156 C
2160 3100 2410 3180 Ῠοτσίνῳ.
2451 3108 2567 3175 Qua
2615 3100 3016 3180 emendatione
3047 3100 3180 3161 nihil
3227 3108 3350 3178 ﬁngi
3401 3123 3580 3178 potest
3610 3100 3718 3167 irie-

497 3183 634 3234 libro
675 3195 725 3233 xi
754 3179 828 3232 De
852 3182 1066 3247 imperio
1096 3179 1429 3232 occidentali.

568 3249 680 3319 (78)
720 3249 798 3318 Τῇ
831 3250 1119 3316 Πλακιδίςι
1147 3251 1484 3302 συνείπετο.
1518 3247 1874 3319 Scribendum
1911 3249 2059 3302 vide-

499 3317 589 3390 tur
641 3317 953 3390 συνήπτετο,
1013 3321 1066 3372 In
1121 3321 1492 3388 manuscripto
1541 3319 1727 3373 codice
1787 3317 2058 3373 Samuelis

498 3389 836 3444 Bocbartiad
861 3390 1156 3458 marginem
1193 3391 1485 3457 ascriptum
1509 3399 1608 3451 est,
1636 3390 1764 3451 ἴσως
1788 3391 2056 3459 συνῆπτο·

501 3461 556 3512 ln
588 3469 730 3530 testu
762 3470 939 3513 autem
969 3459 1227 3526 scriptum
1263 3469 1345 3530 est
1365 3459 1831 3530 συνήπετο.Ρονι-ο
1857 3461 1924 3512 de
1953 3476 2058 3530 una

503 3532 624 3598 ptiis
651 3529 897 3584 Placidia:
938 3541 990 3584 et
1017 3531 1226 3583 Adanlli
1258 3528 1584 3583 dissentiunt
1625 3531 1936 3598 scriptores.
1976 3528 2053 3582 Si-

500 3602 689 3668 gonius
713 3603 927 3668 quidem
953 3600 1140 3653 scribit
1167 3598 1476 3661 Adaull‘um,
1502 3613 1622 3651 cum
1657 3601 1708 3652 in
1738 3602 1915 3653 locum
1943 3599 2062 3652 Ala-

502 3670 622 3731 rici,
655 3685 744 3723 rex
791 3669 1092 3723 Gothorum
1124 3680 1337 3724 creatus
1361 3678 1522 3731 esset,
1553 3680 1677 3723 ante
1709 3673 1893 3723 omnia
1935 3669 2059 3722 Pla-

500 3741 697 3793 cidiam
733 3740 832 3794 Sibi
874 3740 1246 3808 despondisse,
1279 3755 1423 3792 anno
1454 3739 1654 3792 Christi
1689 3740 1784 3792 411
1815 3757 1828 3804 ;
1867 3741 2061 3793 deinde

501 3812 818 3862 subesitnm
841 3811 1081 3879 ejusdem
1109 3810 1258 3870 anni,
1278 3810 1415 3877 apud
1443 3810 1619 3861 lorum
1639 3809 1871 3864 Cornelii
1900 3810 2059 3862 {limi-

503 3881 586 3934 liae
635 3881 906 3933 civitatem
941 3883 1156 3946 nuptias
1200 3894 1323 3932 cum
1369 3880 1602 3931 l’lacidia
1643 3881 1967 3934 celebrasse.
2005 3879 2059 3932 In

501 3966 610 4017 quo
640 3948 891 4004 Jordanis
924 3958 1244 4018 sententiam
1272 3951 1538 4016 sequitur,
1563 3950 1654 4018 qui
1687 3951 1739 4002 in
1776 3958 1938 4004 rebus
1961 3949 2062 4003 Ge-

504 4015 624 4073 ticis
653 4021 789 4074 idem
821 4020 1029 4074 scribit.
1058 4019 1159 4071 Sed
1192 4015 1608 4088 Olyinpiodurus
1647 4021 1699 4072 in
1733 4021 1870 4074 libro
1895 4021 2061 4072 unde-

501 4090 644 4142 cimo
678 4088 950 4152 Historiae,
985 4101 1038 4142 et.
1090 4088 1290 4142 ldatius
1317 4091 1368 4141 in
1415 4088 1692 4154 Chronico,
1720 4106 1812 4144 eas
1849 4094 2062 4157 nuptias

505 4158 754 4212 Narbone
805 4160 856 4211 in
902 4159 1068 4213 Gallia
1124 4159 1420 4213 Celebratas
1469 4175 1589 4213 esse
1635 4161 1875 4224 tradunt,
1919 4174 2062 4212 anno

503 4229 706 4281 Christi
744 4229 1276 4299 quadringentesimo
1314 4229 1652 4283 duodecimo.
1681 4229 1799 4294 Quo
1844 4229 2061 4298 quidem

510 4311 748 4366 tempore
776 4298 994 4352 alteram
1022 4298 1256 4352 Danielis
1279 4299 1613 4368 prOphetiam
1639 4301 1910 4368 impletam
1943 4313 2064 4352 esse

509 4369 584 4421 .iit
613 4370 834 4429 ldatius.
870 4385 975 4437 qua
1005 4369 1317 4438 praedictum
1355 4378 1490 4432 erat,
1517 4370 1678 4422 tiliam
1711 4374 1850 4438 regis
1891 4369 2060 4422 austri

513 4439 819 4494 sociandain
844 4453 964 4492 esse
998 4440 1106 4508 regi
1139 4440 1428 4506 aquilonis.

579 4509 688 4577 (79)
717 4509 833 4576 Τὴν
858 4510 966 4578 γὰρ
990 4507 1353 4575 carpenti-nr
1376 4509 1580 4577 φύσιν.
1617 4507 1737 4562 Ροει
1763 4508 1878 4562 lucc
1899 4509 2062 4562 verba

514 4580 645 4634 duas
681 4582 850 4633 lineas
884 4579 1180 4632 desiderari
1214 4581 1264 4630 in
1293 4594 1392 4632 suo
1415 4581 1599 4633 codice
1630 4580 1839 4630 monuit
1860 4578 2065 4632 Gotho-

513 4649 713 4704 fredus.
746 4649 940 4704 Verum
967 4652 1018 4702 in
1041 4650 1244 4702 nostris
1273 4649 1693 4716 exemplaribus,
1724 4646 2064 4702 Scoriacensi

510 4721 755 4774 videlicet
775 4732 826 4773 et
851 4719 1229 4782 Bochartiami,
1257 4721 1450 4772 desunt
1471 4727 1592 4772 octo
1621 4720 1832 4772 circiter
1863 4719 1942 4772 vel
1967 4733 2067 4772 no-

509 4806 627 4844 vem
682 4792 870 4852 lIIICiB;
933 4807 1070 4859 quas
1114 4793 1328 4858 quidem
1383 4790 1452 4841 ita
1505 4791 1787 4859 commode
1832 4789 2070 4859 stippleri

510 4877 668 4930 posse
715 4857 1000 4920 existimo,
1051 4857 1150 4929 τὴν
1197 4860 1303 4929 γὰρ
1343 4858 1664 4930 ὀστρακίνην
1724 4857 2070 4930 φιρσινεῖναι

506 4929 605 5001 τὴν
632 4932 916 5002 Ῥωμαίων
930 4931 1132 5002 Ϋὰρχὴν,
1149 4930 1327 5002 τὴνόε
1343 4930 1406 4981 ἐκ
1423 4929 1537 5002 eiEi;
1548 4945 1638 4999 ρου
1653 4930 1712 5002 τὸ
1727 4929 1848 5002 τῶνΔ
1863 4931 1899 4980 Γ
1902 4931 2070 5002 ότϐων

509 4999 683 5068 γένος,
741 4999 876 5072 μετὰ
922 5001 996 5072 δὲ)
1023 4999 1194 5072 tanta
1249 4999 1587 5072 ’A6aod).<pou_
1614 4999 1712 5062 τὰς
1759 4999 1894 5070 πρὸς
1935 5001 2069 5072 Ῥω-

514 5072 704 5141 union;
726 5070 956 5133 άπονδὰς
977 5070 1344 5132 διαλύσαντος,
1371 5070 1740 5134 Κωνστάντιος
1771 5070 2071 5142 στρατηγὸς

2164 3181 2330 3249 ptius,
2361 3178 2484 3234 cum
2511 3187 2645 3234 testa
2677 3178 2787 3241 illa,
2816 3189 2876 3231 ut
2897 3194 3057 3246 supra
3090 3180 3346 3241 vidimus,
3381 3196 3489 3233 non
3523 3181 3718 3238 ϐοιὴος

2163 3251 2429 3319 designet,
2466 3251 2559 3304 sed
2618 3251 2797 3319 potius
2843 3249 3142 3319 Romanos,
3179 3264 3243 3302 eo
3286 3251 3431 3318 quod
3482 3253 3719 3308 imbelles

2165 3318 2304 3375 tunc,
2333 3329 2516 3374 essent
2549 3327 2713 3387 atque
2762 3318 2982 3387 inlirmi.
3013 3319 3160 3373 Adde
3207 3323 3350 3385 quod
3399 3319 3590 3376 Grece
3621 3325 3718 3376 dici

2164 3406 2271 3442 non
2325 3385 3011 3460 ροιθειᾲόστρογοτοθίνῳ·
3049 3389 3335 3443 dicendum
3386 3391 3535 3444 enim
3589 3405 3717 3457 erat,

2163 3458 2563 3530 ὀστρογοθηκῷ.
2613 3458 2660 3530 __
2782 3527 2792 3530 Α
2957 3527 2968 3530 _
3033 3527 3048 3530 _
3146 3529 3157 3530 γ
3361 3479 3366 3482 '

2243 3527 2455 3598 (ΒΟ-90)
2475 3527 2635 3583 Κατὰ
2647 3527 2930 3598 πολέμιον
2956 3527 3348 3598 Ἀδαοῦλφον.
3379 3528 3534 3584 llunc
3552 3531 3718 3586 locum

2165 3600 2443 3671 emendavi
2491 3614 2556 3671 ex
2587 3597 2954 3671 manuscripto
2993 3597 3176 3671 codice
3215 3602 3587 3671 Scoriacensi,
3633 3605 3718 3671 qui

2163 3670 2365 3723 diserte
2395 3670 2656 3738 scriptum
2697 3669 2856 3722 habet
2883 3669 3356 3738 καταπολεμήσας.
3398 3670 3450 3721 In
3479 3669 3718 3728 manuSc.

2165 3739 2350 3793 codice
2373 3738 2640 3792 Samuelis
2670 3738 2920 3792 Bocharti
2953 3739 3145 3806 legitur
3191 3739 3330 3790 κατὰ
3356 3739 3640 3808 πολεμίας,
3674 3755 3721 3795 et

2166 3809 2499 3880 ininiargine
2528 3810 2826 3876 ascriptqu
2851 3818 2934 3862 est
2961 3813 3146 3861 eadem
3176 3825 3361 3874 manu,
3394 3809 3532 3880 Lego
3563 3829 3721 3865 κατα-

2167 3879 2291 3931 πολε
2302 3881 2476 3949 μήσας
2485 3921 2496 3932 .

2236 3946 2349 4019 (9i)
2382 3949 2538 4016 Χειρὶ
2571 3946 2668 4001 καὶ
2698 3947 2946 4019 γλώττῃ.
2979 3946 3155 4013 ριιωτί
3184 3948 3372 4001 merito
3399 3952 3718 4017 potestquid

2168 4017 2607 4089 signiticetﬁquod
2649 4028 2725 4071 ait
2762 4017 3182 4084 Pliilostorgius,
3219 4020 3520 4073 Horiorium
3556 4022 3719 4089 impe-

2167 4102 2400 4143 ratorem
2435 4088 2661 4141 Romam
2687 4089 3012 4157 ingressum,
3045 4104 3204 4140 manu
3229 4099 3281 4141 et
3311 4089 3493 4159 lingua
3525 4088 3722 4144 instauo

2166 4160 2432 4214 rationein
2471 4159 2620 4211 urbis
2648 4159 3027 4225 comprobasse
3055 4177 3067 4211 :
3099 4174 3166 4210 an
3201 4175 3294 4227 per
3323 4175 3541 4212 manum
3579 4163 3723 4215 intel-

2164 4230 2284 4300 ligit
2310 4229 2624 4300 signnnrab
2662 4228 2898 4300 Honorio
2926 4229 3119 4300 datum
3140 4239 3382 4296 protenta
3435 4246 3623 4296 manu;
3658 4247 3719 4284 an

2168 4297 2348 4368 potius
2370 4297 2816 4353 constitutionem
2850 4297 3072 4351 Honorii
3112 4299 3379 4367 intelligit,
3411 4300 3533 4367 ejus
3568 4317 3721 4354 manu

2167 4371 2552 4436 subscriptam,
2601 4383 2706 4437 qua
2757 4368 2902 4422 cives
2950 4368 3224 4423 [tertianos
3273 4371 3340 4422 ad
3379 4371 3722 4424 instauranda

2095 4450 2137 4504 υ
2167 4437 2317 4494 urliis
2348 4439 2546 4492 muenia
2584 4438 2864 4492 incitabat.

2237 4509 2351 4579 (με)
2393 4507 2605 4579 ὀτὴν
2651 4508 2890 4579 πρώτην
2915 4504 3075 4579 αὐτῷ
3109 4506 3391 4575 βίιθμίδα.
3427 4508 3721 4565 llolstenim

2166 4580 2220 4634 in
2248 4577 2355 4633 suo
2375 4578 2563 4632 codice
2607 4578 2831 4638 notavit,
2870 4593 2969 4645 pro
3003 4577 3030 4627 ὁ
3067 4579 3204 4630 forte
3235 4580 3582 4634 scribendum
3610 4597 3724 4635 esse

2167 4651 2263 4712 ὡς.
2297 4647 2362 4701 Ει
2391 4646 3203 4718 (ξονι-υιιιίεεὶηηιιιᾟϐυνιιιυΐιξεόἰ
3233 4649 3722 4718 interpretationem

2170 4718 2404 4774 restituit
2450 4721 2551 4771 hoc
2596 4719 2805 4771 modo:
2861 4715 3114 4768 Tribunal
3170 4734 3285 4770 vero
3335 4715 3721 4782 conscensurus,

2170 4790 2327 4858 primi
2349 4789 2541 4857 gradus
2560 4787 2685 4861 loco
2712 4787 2951 4861 Attalum
2973 4789 3420 4841 conscendendum
3446 4796 3720 4861 supposuit.

2175 4860 2286 4928 Ego
2322 4874 2450 4932 vero
2465 4858 2759 4932 articulum
2784 4859 2811 4908 ὁ
2837 4861 3253 4932 expungi-nilum
3294 4858 3518 4932 censeo,
3544 4858 3724 4932 utpote

2178 4930 2528 4997 super-linum.
2573 4929 2703 4980 lllud
2735 4943 2954 4996 quoque
2985 4930 3036 4981 in
3084 4928 3342 4982 |I0l5tellii
3375 4928 3623 4987 versione
3643 4950 3722 4985 re-

2179 5000 2434 5072 prehendi
2459 5007 2653 5072 potest,
2684 4998 2828 5066 quod
2855 5000 3072 5052 verbum
3109 4998 3312 5062 ἀναϐάς
3352 5002 3721 5072 interpretatus

2177 5079 2262 5122 est
2297 5068 2551 5122 Tribuual
2589 5084 2985 5132 conscensurus,
3023 5085 3146 5122 cum
3187 5078 3362 5123 tamen
3414 5068 3596 5129 Graeca
3627 5090 3722 5127 vox

1959 5187 2283 5231 VARIORUM
2293 5217 2306 5230 .

586 5269 658 5341 (a)
697 5272 756 5324 Ἠ
789 5270 978 5340 Ῥώμη
1003 5268 1418 5341 συνοικίζεται.
1446 5272 1520 5324 lta
1543 5271 1702 5324 etiam
1727 5269 2073 5340 Olympiodo-

515 5339 644 5394 rus:
682 5341 806 5396 Post
847 5339 1065 5395 Romam
1098 5358 1129 5392 a
1161 5339 1343 5394 Cat/tis
1393 5353 1620 5410 captam,
1671 5339 1897 5393 Albinus
1928 5344 2072 5396 urbis

513 5413 808 5480 praefectus.
843 5411 981 5481 quod
997 5412 1112 5479 jam
1139 5411 1318 5464 eadem
1341 5414 1407 5464 ad
1431 5413 1712 5480 pristinum
1743 5413 1934 5464 rediret
1962 5424 2074 5466 sta-

514 5494 644 5545 tum,
687 5483 893 5551 scripsit
923 5497 1025 5533 non
1068 5482 1293 5550 sufﬁcere
1321 5484 1596 5550 praebitam
1645 5487 1831 5548 populo
1869 5497 2071 5550 partem

515 5555 613 5617 (se.
652 5553 905 5605 lrunienti
960 5552 1159 5620 publici
1193 5561 1336 5620 quod
1375 5555 1572 5619 viritim
1601 5555 1798 5620 populo
1829 5551 2075 5608 Romano

515 5623 981 5694 distril‘niebatur),
1005 5624 1343 5676 multitudine
1362 5624 1475 5692 jam
1523 5633 1678 5675 aucta
1724 5624 1955 5684 civitate,
1983 5626 2078 5678 ad-

512 5695 698 5762 ditque
731 5709 837 5745 uno
863 5695 947 5747 die
983 5709 1267 5747 numerum
1318 5696 1509 5747 initum
1546 5710 1665 5748 esse
1700 5695 1897 5769 civium
1937 5711 2042 5764 qua

2175 5271 2473 5326 tuordecim
2520 5270 2769 5324 millium.
2801 5269 3028 5323 Albinus
3060 5278 3237 5322 autem
3282 5271 3385 5322 hoc
3418 5287 3561 5322 anno
3587 5266 3722 5336 (416)

2177 5342 2501 5432 malum:
2524 5338 3716 5432 uitiatas..."alia"?__9§-_‘ss;.r_";.929;

2188 5407 2383 5468 l‘lieod.
2427 5411 2504 5463 De
2547 5409 2909 5471 naviculariis,
2937 5425 3044 5478 qua
3092 5424 3318 5462 annona:
3362 5407 3514 5464 urbis
3555 5407 3720 5478 Romae

2181 5483 2450 5538 Honorius
2480 5482 2771 5540 consuluit,
2797 5477 3262 5548 idquenccasione
3292 5496 3516 5533 suorum
3546 5477 3720 5530 Vicere

2179 5557 2402 5608 nalinni.
2429 5553 2589 5604 Attali
2620 5549 2940 5619 supplicium
2966 5563 3019 5606 et
3043 5551 3293 5602 exsilium
3318 5550 3484 5603 rell-rt
3508 5548 3721 5617 Presper

2179 5629 2232 5677 in
2263 5623 2519 5679 Chronico
2549 5623 2614 5676 ad
2647 5618 2774 5674 ann.
2803 5618 2931 5675 Chr.
2968 5621 3090 5686 418,
3125 5621 3216 5689 qui
3251 5622 3406 5674 nobis
3429 5630 3512 5676 est
3539 5619 3651 5672 416.
