3842 6310
147 338 260 394 617

1157 339 1718 398 ΕεειεδιΑδτιωΕ
1759 341 2110 397 ΙΙΙΒἸὉΒΙᾸΞ
2151 342 2280 398 LIB.
2320 343 2433 401 XII.

3319 352 3422 408 περ

142 449 449 522 προῦϐαινε
483 451 846 522 πορευόμενος
880 453 972 505 ἐπὶ
999 454 1228 524 δυσμάς.
1279 455 1430 508 Ἐπεὶ
1456 456 1514 510 δὲ
1549 455 1701 526 διεμέ

1837 455 2008 509 cauda
2045 453 2200 510 Ursae
2245 457 2405 511 sitam
2459 466 2825 529 transgressa,
2871 461 3130 530 paulatim
3167 462 3232 517 ad
3267 479 3425 519 occa-

136 560 268 617 τρει
293 543 387 597 τὸν
418 545 666 614 οὐρανὸν,
704 546 915 617 ἀφανὴς
941 543 1040 618 ἦν,
1065 549 1285 612 πλείους
1315 550 1596 620 τεσσάρων
1629 566 1732 619 μη-

135 637 254 693 νῶν
296 636 683 707 ἐξανυσθείσης
716 638 864 710 αὐτῷ
894 641 994 710 τῆς
1026 641 1270 713 πορείας.
1330 643 1392 694 Ἢ
1421 643 1477 695 δὲ
1518 643 1730 712 κορυφὴ

133 723 236 776 τοῦ
269 724 544 792 φέγγους,
572 725 667 778 νῦν
697 727 795 796 μὲν
832 730 912 792 είς
952 730 1126 800 μῆκος
1163 730 1304 801 μέγα
1348 730 1602 796 ὼξύνετο,
1655 730 1731 792 ὡς

131 816 420 869 ὲκὸαίνειν
457 818 582 880 τοὺς
623 817 718 871 τοῦ
759 817 934 872 κώνου
980 821 1205 890 λόγουςο
1255 819 1348 873 νῦν
1390 821 1448 874 δὲ
1497 821 1634 893 πρὸς
1671 820 1730 874 τὸ

130 905 357 957 ἐκείνου
407 906 604 980 μέτρον
640 910 1038 966 συνεστέλλετο.
1075 913 1184 966 Καὶ
1225 911 1358 966 ἄλλα
1397 912 1455 965 δὲ
1497 914 1728 982 παρεῖχε

126 983 422 1067 τερατώδη
451 997 720 1069 θεάματα,
754 1001 822 1053 δι’
855 997 930 1054 ὦν
956 1003 1054 1072 τῆς
1084 1003 1192 1056 τῶν
1224 1003 1468 1075 συνήθων
1505 1003 1727 1072 φασμά-

124 1105 243 1141 των
276 1089 633 1158 ἐξηλλάττετο
671 1091 908 1160 φύσεως.
949 1093 1188 1166 Ἤρξατο
1222 1095 1280 1147 δὲ
1315 1094 1423 1148 ἀπὸ
1446 1094 1611 1165 μέσου
1635 1093 1726 1146 θέ-

131 1195 270 1249 ρους
302 1180 488 1249 σχεδόν
521 1198 573 1234 τε
605 1182 768 1253 μέχρι
809 1184 910 1253 τῆς
937 1183 1030 1237 τοῦ
1076 1185 1395 1255 μετοπώρου
1440 1182 1721 1253 τελευτῆς.

128 1269 336 1338 Γέγονε
366 1272 426 1324 δὲ
455 1272 562 1343 ἄρα
590 1274 684 1326 καὶ
716 1273 876 1327 τοῦτο
909 1278 1133 1345 σημεῖον
1164 1275 1415 1346 πολέμων
1447 1274 1720 1345 μεγάλων,

125 1365 226 1414 καὶ
273 1362 480 1434 φθορᾶς
525 1364 830 1436 ἀνθρώπων
875 1367 936 1418 οὗ
981 1368 1170 1437 ῥητῆς.
1208 1366 1299 1437 Τῷ
1341 1367 1399 1420 δὲ
1441 1367 1567 1437 ἑξῆς
1612 1366 1722 1420 ἔτει

121 1453 375 1525 ἤρξαντο
401 1455 638 1525 σεισμοὶ,
665 1456 725 1508 οὐ
751 1457 916 1528 ῥᾴους
941 1457 1094 1521 ὄντες
1117 1461 1231 1522 τοῖς
1261 1458 1592 1529 προλαϐοῦσι
1621 1478 1724 1513 παι

1834 563 1955 602 sum
2010 549 2296 616 processit.
2340 549 2635 621 Postquam
2686 567 2815 608 vero
2866 555 3179 609 univrrsum
3223 555 3425 612 malum

1833 653 2117 709 permensa
2159 652 2262 706 est,
2293 643 2510 698 tandem
2559 644 2857 714 disparuit,
2891 663 3016 701 cum
3059 664 3256 704 cursus
3304 651 3428 719 ejus

1833 732 1952 800 plus
2001 748 2163 801 quam
2217 743 2455 803 quatuor
2493 751 2710 790 menses
2757 738 3030 794 durasset.
3079 737 3250 794 Porro
3305 742 3426 811 ejus

1831 833 2057 891 vertex,
2126 842 2274 881 nunc
2337 828 2553 897 quidem
2614 829 2669 884 in
2723 846 2974 900 magnam
3030 832 3424 901 longitudinem

1836 918 2154 982 acuebatur,
2188 919 2322 973 adeo
2355 931 2414 974 ut
2435 921 2558 974 coni
2588 922 2811 976 modum
2842 938 2905 977 ac
2929 939 3240 978 mensuram
3266 939 3429 980 exce-

1829 1012 2011 1075 deret;
2049 1027 2194 1066 nunc
2227 1028 2355 1067 vero
2386 1012 2454 1067 ad
2490 1014 2613 1068 coni
2645 1030 2958 1070 mensuram
3003 1015 3235 1071 redibat.
3274 1017 3426 1073 Alias

1827 1110 2087 1170 praeterea
2112 1103 2453 1173 prodigiosas
2493 1106 2703 1174 species
2737 1106 2913 1162 oculis
2946 1106 3204 1178 subjecit,
3235 1123 3359 1178 qua:
3393 1124 3425 1164 a

1826 1191 2132 1261 vulgarium
2177 1193 2460 1264 signorum
2491 1205 2686 1251 natura
2724 1196 2867 1250 illam
2907 1197 3125 1253 diﬂerre
3169 1198 3425 1254 ostende-

1827 1280 1984 1336 bant.
2025 1280 2203 1352 Coepit
2235 1295 2418 1338 autem
2454 1300 2484 1338 a
2531 1284 2710 1340 media
2751 1294 2960 1350 aestate,
2999 1295 3054 1341 et
3095 1285 3164 1342 ad
3211 1287 3420 1342 exitum

1826 1371 2000 1428 ferme
2045 1375 2294 1428 autumni
2337 1377 2724 1444 perseveravit.
2768 1376 3004 1446 Fuitque
3039 1379 3256 1449 signum
3295 1394 3422 1450 gra-

1823 1464 1971 1518 vium
2013 1464 2280 1520 bellorum
2315 1477 2370 1522 et
2408 1469 2757 1524 mortalitatis
2793 1471 3079 1526 hominum
3128 1473 3424 1528 incredibi-

123 1546 417 1616 ρασαλείν.
443 1547 568 1610 Τοῖς
589 1548 646 1601 δὲ
673 1551 918 1618 σεισμοῖς
945 1550 1039 1602 καὶ
1069 1548 1180 1621 πῦρ
1211 1549 1499 1620 οὐρανόθεν
1523 1567 1713 1619 συγκα-

1833 1546 1908 1610 lis.
1941 1557 2248 1626 Insequenti
2282 1573 2430 1614 anno
2469 1569 2625 1614 terra).
2658 1571 2842 1616 motus
2873 1576 3110 1630 cmpere,
3152 1562 3248 1632 qui
3291 1577 3417 1618 cum

118 1636 606 1709 ταρῤηγνύμενον,
638 1640 821 1692 πᾶσαν
846 1639 1037 1692 ὲλπίδα
1069 1640 1338 1710 σωτηρίας
1367 1641 1716 1712 περιέκοπτε·

120 1730 274 1800 πλήν
316 1748 384 1798 γε
415 1730 622 1802 φθορὰν
661 1731 967 1802 ἀνθρώπων
1001 1733 1103 1786 οὐκ
1135 1733 1515 1804 ἐνειργάσατο.
1577 1733 1718 1787 Ἀλλ’

1820 1648 2194 1718 superioribus
2248 1650 2393 1706 haud
2448 1650 2608 1706 facile
2656 1652 2896 1708 conferri
2952 1655 3184 1724 possint.
3242 1653 3421 1711 Simul

1821 1748 2001 1795 autem
2034 1757 2154 1796 cum
2188 1750 2347 1798 terrae
2375 1745 2616 1800 motibus
2658 1745 2798 1818 ignis
2824 1763 3044 1818 quoque
3083 1763 3115 1803 e
3146 1749 3289 1806 coelo
3325 1751 3422 1806 de-

119 1822 153 1889 ἡ
188 1820 320 1873 θεία
364 1800 625 1890 εὐμένεια
665 1800 884 1892 πνεῦμα
928 1822 1160 1893 σφοδρὸν
1195 1800 1443 1876 καθιεῖσα
1465 1865 1480 1888 ,
1513 1823 1610 1876 καὶ
1658 1822 1713 1876 τὸ

1833 1830 2058 1898 missus,
2102 1847 2320 1888 omnem
2401 1836 2596 1892 salutis
2643 1852 2795 1907 spem
2839 1839 3154 1908 praeclusit;
3211 1841 3419 1897 nullam

119 1911 237 1983 πῦρ
294 1911 636 1981 πανταχόθεν
676 1912 1071 1985 περιελάσασα,
1110 1915 1254 1968 κατὰ
1295 1917 1393 1986 τῆς
1443 1915 1722 1986 θαλάσσης

118 2004 432 2076 ἀπέρριψε.
457 2004 568 2058 Καὶ
593 1999 660 2076 ἦν
691 2003 818 2058 ἰδεῖν
844 2005 1002 2075 ξένην
1030 2005 1180 2068 θέαν,
1207 2006 1314 2058 τῶν
1341 2006 1598 2076 κυμάτων
1628 2008 1721 2060 ἐπὶ

119 2097 390 2151 πλεῖστον
430 2096 508 2168 (9)
545 2096 735 2168 ὥσπερ
764 2096 928 2152 τινῶν
967 2097 1169 2152 λασίων
1218 2099 1434 2169 χωρίων
1468 2098 1546 2169 τῷ
1587 2098 1721 2170 πυρὶ

117 2190 651 2261 καταφλεγομένων,
681 2189 809 2260 ἄχρι
843 2189 1068 2251 τελείως
1103 2189 1163 2244 τὸ
1202 2189 1400 2258 φλέγον
1443 2189 1718 2261 ἐναπέσϐη

116 2281 200 2353 τῷ
233 2282 498 2349 πελάγει.

192 2570 266 2623 θ’.
307 2570 436 2622 Ὅτι
463 2567 608 2622 κατὰ
629 2567 856 2632 πολλοὺς
879 2567 1077 2631 τόπους
1101 2568 1211 2621 τῶν
1233 2569 1472 2640 σεισμῶν
1494 2571 1722 2640 γενομέ-

118 2680 252 2725 νων,
279 2659 547 2730 ὢςρθησαν
575 2658 770 2730 ὀροφαὶ
791 2659 977 2712 οἰκιῶν
999 2660 1092 2712 ἀπ’
1115 2659 1360 2730 ἀλλήλων
1384 2661 1522 2731 μετὰ
1553 2662 1722 2729 μεγά-

116 2753 230 2807 λων
264 2753 535 2820 πατάγων
561 2750 654 2804 xui.
676 2750 980 2822 ὰρῤαγμῶν
1005 2751 1504 2823 (10·1)διαστᾶσαι,
1530 2754 1607 2818 ὼς
1629 2755 1722 2808 καὶ

116 2849 248 2910 τοὺς
277 2845 430 2898 ἔνδον
471 2843 882 2916 παρατυχόντας
913 2843 1167 2914 καθαρῶς
1193 2847 1258 2914 τῇ
1287 2844 1406 2913 ὄψει
1431 2845 1523 2898 τὸν
1553 2847 1722 2917 οὐρα-

117 2939 210 2991 νὸν
246 2935 605 2990 ὑποϐάλλειν.
647 2935 758 2987 Καὶ
803 2933 942 3005 μετὰ
983 2934 1082 3004 τὴν
1116 2934 1386 3004 τοσαύτην
1421 2935 1722 3001 διάστασιν,

115 3029 268 3082 οὕτω
303 3027 470 3080 πάλιν
506 3025 830 3096 ἁρμοθετσαί
866 3042 924 3078 τε
964 3026 1058 3077 καὶ
1096 3025 1468 3094 συναφθείσαι,
1508 3027 1582 3090 ὡς
1617 3045 1725 3099 μη·-

116 3118 321 3190 δεμίαν
367 3115 625 3186 αἴσθησιν
671 3114 767 3168 τοῦ
809 3113 1259 3185 νεωτερισθέντος
1315 3113 1503 3186 μηδενὶ
1547 3134 1726 3188 παρα-

119 3215 297 3282 σχεῖν.
338 3209 416 3262 Τὸ
450 3209 582 3261 αὐτὸ
614 3207 670 3260 δὲ
705 3207 862 3261 τοῦτο
906 3207 1097 3269 πάθος,
1135 3207 1230 3260 καὶ
1263 3207 1393 3277 περὶ
1437 3207 1508 3260 τὸ.
1552 3208 1725 3279 ἐδάφη

118 3302 406 3372 πολλαχοῦ
454 3298 775 3370 συνηνέχθη.
820 3296 925 3352 Καὶ
971 3297 1081 3368 γὰρ
1129 3298 1417 3351 σιτοϐόλων
1468 3297 1545 3369 (2)
1599 3301 1725 3363 τοὺς

117 3395 376 3452 κάτωθεν
393 3391 678 3454 οἰκοῦντας
700 3389 1027 3456 ἀπέπνιξαν,
1047 3389 1138 3442 τὸν
1165 3393 1310 3443 σῖτον
1326 3391 1511 3454 αὐτοῖς
1529 3389 1725 3462 ἀθρόον

115 3489 484 3560 ὲπιχεάμενοι
513 3484 601 3538 διά
621 3485 730 3537 τῶν
756 3483 941 3537 πάλων
966 3482 1042 3553 (ὅ)
1063 3499 1076 3512 ·
1103 3482 1198 3536 καὶ
1223 3481 1385 3537 πάλιν
1409 3481 1553 3536 οὕτω
1581 3500 1722 3554 παρ-

119 3582 287 3651 έσχον
324 3578 386 3631 τὸ
413 3577 609 3645 ἔδαφος
641 3574 1008 3647 ἡρμοσμένον,
1039 3574 1114 3638 ὡς
1140 3574 1429 3644 ὲξαπορεῖν
1475 3575 1722 3639 ἅπαντας

117 3673 291 3726 ⁴πόθεν
321 3674 352 3725 ὁ
379 3671 575 3738 φονεὺς
596 3668 846 3740 ἀπερρύη
871 3669 1016 3731 σῖτος
1040 3667 1138 3738 (4).
1172 3667 1283 3720 Καὶ
1313 3667 1447 3721 ἄλλα
1471 3667 1529 3720 δὲ
1550 3686 1721 3721 τοιου-

116 3766 370 3836 τότροπα
411 3761 558 3834 πάθη
592 3759 894 3831 τηνικαῦτα
936 3758 1291 3830 ὲνεωχμώθη,
1321 3760 1610 3812 δεικνύντα
1646 3761 1720 3830 μὴ

117 3858 331 3927 φυσικῇ
393 3871 501 3907 τινι
552 3853 724 3906 ταῦτα
767 3851 1050 3922 προελθεῖν
1081 3849 1394 3922 ἀκολουθίᾳ,
1425 3851 1501 3913 ὡς
1535 3851 1724 3921 Ἐλλή-

118 3967 228 4002 νων
260 3947 456 4009 παῖδες
488 3944 767 4015 ληροῦσιν,
797 3943 932 3997 ἀλλὰ
963 3942 1114 4006 θείας
1145 3942 1576 4012 ἀγανακτήσεως
1620 3941 1726 4012 μά-

123 4057 324 4110 στιγας
358 4037 728 4107 ἐπαφεθῆναι.

1824 1931 2004 1978 tamen
2033 1925 2351 1980 hominibus
2379 1926 2586 1982 cladem
2625 1929 2829 1984 intulit.
2866 1930 3059 1986 Divina
3087 1932 3230 1987 enim
3261 1933 3420 1988 beni-

1823 2017 2022 2088 gnitas,
2053 2017 2302 2074 immisso
2335 2019 2647 2076 vehementi
2680 2031 2839 2076 vento
2868 2038 2992 2078 cum
3035 2027 3216 2094 ignem
3257 2025 3418 2080 undi-

1823 2123 1931 2180 que
1971 2108 2232 2180 fugasset,
2264 2110 2317 2164 in
2373 2126 2526 2168 mare
2561 2114 2778 2169 tandem
2831 2115 3082 2186 proiecit.
3128 2115 3194 2170 Et
3233 2117 3450 2182 videre,

1823 2211 1943 2257 erat
1976 2217 2176 2258 novum
2211 2204 2484 2274 quoddam
2537 2208 2930 2274 spectaculum,
2963 2209 3132 2264 maris
3165 2209 3420 2266 videlicet

1822 2293 2024 2350 ﬂuctus
2064 2295 2220 2365 quasi
2269 2296 2443 2351 saltus
2496 2298 2762 2367 quosdam
2811 2315 2875 2354 ac
2920 2300 3107 2364 silvas,
3153 2301 3417 2357 diuturno

1823 2390 2069 2452 tempore
2095 2384 2451 2455 conflagrare,
2485 2387 2659 2443 donec
2697 2387 2914 2444 ﬂamma
2943 2391 3160 2461 penitus
3192 2392 3248 2448 in
3275 2393 3414 2448 mari

1823 2474 2094 2527 exstincta
2121 2485 2287 2529 esset.

1896 2563 1949 2618 9.
1988 2563 2159 2620 Porro
2193 2565 2380 2620 multis
2408 2568 2460 2622 in
2492 2567 2628 2622 locis
2654 2583 2778 2624 cum
2806 2578 2948 2624 terra
2981 2570 3266 2638 movisset,
3296 2571 3414 2626 visa

1825 2663 1952 2710 sunt
1987 2655 2184 2709 aedium
2219 2657 2458 2710 culmina
2494 2673 2691 2728 magno
2724 2675 2847 2714 cuni
2884 2659 3099 2730 fragore
3125 2676 3189 2716 ac
3229 2662 3415 2716 sonitu

1825 2745 2110 2816 disrumpi,
2145 2747 2282 2801 adeo
2315 2757 2375 2802 ut
2406 2749 2441 2802 ii
2475 2749 2568 2818 qui
2605 2751 2747 2805 intra
2784 2750 2978 2806 domos
3004 2764 3184 2816 erant,
3211 2753 3414 2808 coelum

1826 2839 2002 2908 ipsum
2032 2839 2207 2894 oculis
2237 2839 2352 2894 suis
2380 2850 2684 2895 cernerent.
2719 2841 2843 2896 Post
2884 2842 3199 2913 hujusmodi
3233 2854 3416 2899 autem

1825 2931 2188 2986 divulsionem
2221 2931 2293 2985 ita
2334 2947 2528 2986 rursus
2554 2932 2742 3002 juncta
2769 2942 2824 2988 et
2858 2937 3237 3006 compagiuata
3264 2949 3414 3004 sunt,

1828 3030 1887 3076 ut
1919 3022 2129 3076 nullum
2169 3023 2292 3092 ejus
2341 3023 2418 3078 rei
2467 3040 2589 3094 quae
2620 3025 2918 3089 acciderat,
2948 3028 3207 3084 indicium
3244 3030 3414 3085 relin-

1752 3137 1796 3195 ρ
1828 3125 2110 3184 queretur.
2155 3113 2300 3170 hiem
2345 3132 2565 3187 quoque
2609 3119 2935 3188 pavimentis
2975 3120 3174 3176 aedium
3219 3122 3416 3178 accidit

1827 3206 2057 3261 diversis
2090 3207 2146 3260 in
2189 3207 2348 3263 locis.
2382 3205 2517 3262 Nam
2569 3218 2624 3264 et
2670 3209 2866 3266 horrea
2901 3227 2997 3267 eos
3025 3213 3119 3284 qui
3149 3215 3250 3268 sub
3279 3217 3416 3286 ipsis

1828 3296 2151 3352 habitabant
2195 3309 2608 3369 oppresserunt,
2661 3300 2921 3358 frumenti
2958 3320 3229 3361 acervum
3280 3307 3416 3377 ipsis

1827 3392 2271 3459 super-fundentia
2297 3408 2393 3462 per
2419 3393 2633 3448 subitos
2665 3393 2848 3450 hiatus
2873 3414 2888 3450 :
2918 3411 2984 3451 ac
3009 3413 3206 3454 rursus
3233 3399 3414 3454 solum

1833 3482 1908 3536 ita
1935 3483 2161 3546 coaluit,
2196 3492 2256 3537 ut
2289 3485 2472 3540 cuncti
2501 3485 2839 3556 ambigerem
2866 3489 3136 3544 undenam
3169 3488 3416 3545 frumen-

1829 3583 1944 3628 tum
1972 3573 2103 3629 illud
2127 3575 2322 3630 lethalc
2342 3575 2677 3631 deﬂuxisset.
2697 3578 2800 3631 Alii
2820 3587 3080 3648 praterea
3100 3581 3415 3650 hujusmodi

1828 3681 1992 3720 casus
2023 3667 2146 3720 novi
2187 3677 2351 3737 atque
2397 3667 2596 3722 insueti
2645 3683 2710 3723 eo
2755 3681 2999 3738 tempore
3047 3672 3413 3742 contigerunt,

1827 3757 1922 3827 qui
1953 3756 2172 3827 quidem
2207 3757 2651 3814 manifestissime
2696 3761 3080 3828 ostendebant,
3110 3777 3218 3816 non
3253 3773 3416 3817 natu-

1828 3848 1929 3904 rali
1953 3847 2114 3902 modo
2135 3858 2300 3918 atque
2327 3849 2516 3904 ordine
2543 3851 2643 3904 ista
2668 3851 2904 3916 evenire,
2944 3861 3004 3906 ut
3025 3852 3252 3919 gentiles
3272 3852 3414 3909 falso

1823 3940 2154 4010 opinantur;
2186 3940 2282 3993 sed
2316 3939 2514 3995 divinae
2543 3941 2932 4011 indignationis
2959 3942 3170 4015 ﬂagella
3216 3945 3272 3999 in
3306 3945 3411 4000 ho-

1824 4035 2000 4090 mines
2025 4034 2272 4090 immissa
2303 4049 2444 4092 esse.

1373 4148 1616 4194 VALESII
1643 4149 2144 4198 ΑΝΝΟΤΛΤΙΟΝΕδ.

193 4266 274 4332 (9)
338 4263 475 4318 ἐπὶ
525 4263 834 4318 πλεῖστον.
871 4261 986 4315 Non
1019 4261 1189 4331 probo
1223 4261 1722 4329 interpretationem

121 4331 322 4404 Latagi,
351 4335 447 4404 qui
481 4343 652 4387 totum
698 4335 843 4388 hunc
883 4334 1060 4387 locum
1099 4332 1171 4386 ita
1202 4333 1364 4385 vertit
1400 4349 1413 4385 :
1449 4331 1514 4404 Et
1552 4333 1726 4386 videre

118 4402 628 4473 erat-spectaculum
660 4421 866 4483 novatn,
901 4404 1092 4483 ﬂuctus
1124 4405 1264 4483 ipsos
1300 4402 1514 4483 perinde
1545 4419 1606 4456 ac
1621 4419 1724 4483 Ie-

1836 4263 1981 4334 Malei
2006 4263 2168 4331 igitur
2189 4279 2242 4317 in
2272 4261 2576 4334 Nicephorn
2609 4278 2874 4320 excusum
2900 4271 2984 4334 est
3013 4263 3107 4318 καί
3127 4281 3274 4329 τινες
3303 4266 3416 4322 τῶν

1837 4333 2126 4386 σιτοϐόλων
2149 4348 2247 4402 pro
2273 4333 2658 4389 ωτοὸολώνων.
2693 4336 2894 4390 Auctor
2932 4333 3067 4388 Vim
3091 4334 3158 4390 B.
3177 4336 3415 4391 Athana-

1832 4405 1899 4458 sii
1926 4403 2218 4486 δημοσίου-ς
2251 4404 2623 4486 6LTO6ONB‘3‘ai
2639 4414 2798 4486 vocat
2822 4405 3035 4486 publica
3066 4406 3281 4486 horrea:
3303 4405 3416 4486 _Ui_i-

122 4471 306 4545 giones
340 4475 872 4545 quasdaiumarinas
904 4471 1204 4545 plurimum
1239 4473 1350 4545 igni
1382 4474 1585 4545 ardere.
1616 4471 1724 4527 Go-
1756 4476 1799 4530 D
1831 4485 1917 4545 tur
1963 4471 2126 4528 etiam
2179 4475 2460 4545 hacivoce
2512 4473 2788 4530 Palladius
2822 4471 2883 4528 in
2916 4473 3200 4538 Lausiaca,
3227 4477 3316 4530 ubi
3346 4478 3415 4532 de

123 4541 421 4600 ihofredus
453 4559 583 4597 vero
617 4544 1114 4613 interpretationem
1158 4541 1326 4612 Langi
1382 4543 1449 4595 ita
1487 4543 1727 4612 interpo-

123 4617 258 4670 lavu
291 4636 305 4670 :
339 4614 412 4668 Et
444 4614 622 4667 uidere
649 4625 761 4667 erat
809 4615 1004 4666 mirum
1047 4613 1427 4681 speczaculum.
1467 4614 1725 4680 procellas

124 4700 180 4740 ut
216 4686 517 4754 plurimum
563 4687 701 4737 velut
750 4685 982 4755 regiones
1027 4683 1286 4755 quasdam
1332 4683 1570 4755 marinas
1616 4685 1725 4755 igni

125 4753 399 4810 ardentes.
422 4755 587 4820 Atqui
615 4755 707 4806 ἐπὶ
729 4753 976 4807 πλεῖστον
1008 4753 1278 4820 signiticat
1305 4753 1558 4806 diuturno
1589 4753 1725 4808 tein-

123 4843 272 4896 pore,
299 4826 386 4880 vel
421 4837 596 4896 certe,
625 4841 717 4892 per
754 4822 1412 4896 laiigissimum_spatiuut.
1439 4823 1544 4896 Aut
1579 4826 1722 4880 enim

124 4891 461 4952 subauditur
500 4891 724 4965 χρόνον,
758 4891 861 4947 θυι
895 4893 1078 4947 τόπον.
1124 4891 1391 4965 Praeterea
1432 4893 1609 4965 verba
1636 4895 1721 4949 illa

125 4972 317 5038 ὥσπερ
343 4963 549 5020 λασίων
588 4964 825 5035 χωρίων,
871 4979 977 5017 non
998 4971 1151 5038 sunt_
1176 4963 1423 5038 regiones
1476 4963 1721 5038 marimp,

126 5051 184 5091 Il.
215 5031 447 5109 Lingua
471 5031 858 5109 interpretatus
896 5043 1013 5099 est;
1058 5032 1154 5109 sed
1185 5033 1364 5109 potius
1403 5031 1519 5109 loca
1567 5031 1724 5109 fruti-

128 5123 278 5170 cosa,
316 5102 378 5160 u't
409 5102 722 5160 Holsteiiius
751 5106 816 5158 ad
846 5104 987 5158 latus
1017 5103 1100 5158 sui
1127 5103 1328 5157 codicis
1357 5102 1650 5155 adnotavit.

200 5179 382 5246 (tu-1)
419 5176 528 5231 Καὶ
547 5173 885 5244 ἀρῤατμών.
905 5173 995 5227 Sic
1020 5175 1181 5246 etiam
1199 5186 1462 5246 excusum
1480 5180 1563 5225 est
1580 5172 1720 5246 apud

126 5243 499 5317 Nicephorum
537 5263 550 5298 :
585 5243 760 5317 magis
795 5257 974 5297 tamen
998 5245 1181 5317 placet
1213 5243 1482 5311 scriptura
1517 5244 1722 5296 codicis

127 5314 820 5391 Bocliartia_ni,_dipayptiiy,
836 5330 941 5391 per
967 5315 1195 5391 simplex
1230 5329 1280 5382 ρ.
1471 5381 1482 5391 ⁸

199 5390 280 5458 (‘2)
315 5387 436 5458 Kal
465 5381 585 5458 γὰρ’
609 5381 962 5458 σιτοόέολῶν.
1005 5381 1195 5458 ﬁci-ibe
1221 5381 1341 5458 ineo
1370 5381 1620 5458 perieulq
1646 5398 1722 5434 σι-

126 5451 482 5518 τοϐολῶνες,’
511 5451 559 5507 id
612 5466 716 5518 est,
766 5455 973 5522 horrea.
1008 5451 1331 5522 Hesychius:
1365 5451 1723 5522 Σιτοᾷολῶνες

127 5531 274 5596 ³Ερια.
326 5525 429 5580 Ubi
463 5527 590 5592 ὅρια
629 5541 732 5579 vox
764 5521 1072 5596 est_Lralina
1104 5519 1310 5596 horrea.
1361 5519 1720 5596 Iitzoqoitbvsc

129 5591 389 5666 leguntur
431 5601 597 5650 etiam
638 5595 780 5665 apud
831 5593 1158 5666 Suidam_in
1195 5591 1718 5666 voce_§i-:060)_._iot;.

134 5660 236 5721 Ubi
275 5666 478 5721 Suidas
511 5676 661 5720 notat
679 5660 989 5734 'utrumque
1035 5663 1163 5727 dici,
1197 5660 1466 5734 σιτοϐολια
1487 5662 1721 5734 scilicet

131 5748 184 5791 et
221 5737 587 5799 σιτοϐολῶνας
637 5737 702 5789 de
748 5732 958 5789 horreis
1001 5748 1097 5786 seu
1133 5732 1428 5800 apothecis.
1473 5732 1631 5785 Certe
1664 5733 1717 5785 in

133 5809 346 5866 Glossis
365 5805 792 5863 Gnaeo-Latinis
805 5802 995 5874 legitur
1011 5819 1024 5854 :
1038 5802 1357 5866 Σιτοϐόλιον,
1383 5804 1712 5871 granarium.

463 5901 736 5960 Pnaos.
786 5895 905 5956 Gn.
954 5895 1055 5956 LX
1070 5893 1144 5954 V.

1831 4543 2148 4599 Severiano.
2183 4543 2250 4597 Et
2289 4544 2467 4610 Philo,
2499 4545 2552 4599 in
2590 4545 2729 4600 libro
2766 4560 2795 4597 v
2834 4545 3282 4601 Mechanicorum.
3314 4547 3408 4600 ubi

1827 4616 1984 4669 docet
2017 4616 2294 4683 quomodo
2322 4616 2673 4670 construendi
2697 4616 2806 4670 sint
2833 4614 3203 4678 σιτοϐολῶνες,
3229 4615 3272 4668 si
3294 4629 3412 4669 ma-

1828 4687 1980 4749 teriae,
2003 4685 2160 4752 copia
2187 4685 2347 4740 desit.

1903 4755 1980 4824 (5)
2021 4754 2124 4824 Διᾴ
2147 4753 2267 4824 τῶν
2290 4753 2519 4808 πάλων.
2561 4752 2617 4806 1η
2644 4752 2950 4819 Nicephoro
2980 4753 3179 4824 legitur
3199 4752 3286 4805 διὰ
3302 4753 3411 4808 τῶν

1830 4822 2036 4878 πάτων.
2073 4822 2174 4877 Ubi
2216 4823 2435 4893 Langus
2469 4825 2856 4891 interpretatur
2888 4838 2982 4891 per
3021 4823 3186 4874 rimas
3221 4832 3411 4890 paten-

1829 4903 1926 4947 tes.
1962 4893 2129 4962 Langi
2167 4893 2665 4961 interpretationem
2711 4901 3056 4962 secutusiest
3109 4907 3210 4944 suo
3256 4907 3412 4946 more

1825 4961 2213 5018 Gothotredus.
2250 4961 2362 5032 Ego
2391 4978 2520 5016 vero
2543 4962 2796 5030 pabulata
2831 4961 3015 5016 malim
3043 4969 3249 5032 vertere
3267 4998 3284 5023 ,
3309 4964 3414 5017 πά-

1824 5050 1914 5096 τος
1947 5035 2092 5086 enim
2139 5033 2495 5102 pavimentum
2546 5032 2831 5102 significat,
2867 5041 2926 5086 ut
2968 5033 3165 5086 docent
3201 5031 3414 5088 Glossa:

1825 5101 2272 5157 Graeco-Latinae.
2301 5103 2468 5155 Πάτοι
2499 5103 2664 5170 igitur
2695 5101 2798 5156 hoc
2837 5102 2957 5156 loco
2988 5111 3115 5156 sunt
3145 5102 3410 5167 tabulata,

1825 5189 1946 5239 qua:
1996 5189 2094 5226 nos
2136 5174 2414 5241 plancaria
2442 5170 2660 5244 _Ga||ice
2707 5173 3086 5244 appellamus:
3119 5188 3242 5244 quae
3281 5188 3410 5228 cum

1828 5253 1985 5297 terra:
2014 5251 2162 5296 motu
2187 5244 2397 5297 divulsa
2433 5242 2792 5312 fuissent,per
2816 5257 2880 5298 ea
2904 5242 3236 5296 frumentum
3261 5244 3411 5312 quod

1825 5323 1942 5366 erat
1964 5315 2016 5366 in
2051 5313 2280 5377 horreis,
2302 5313 2682 5383 cﬂ‘undebatur
2705 5315 2757 5366 in
2782 5326 2878 5366 eos
2905 5313 2997 5383 qui
3027 5313 3221 5367 subtus
3249 5313 3408 5367 liabio

1826 5387 2032 5436 tabam.
2069 5383 2224 5438 Certe
2265 5385 2410 5452 quod
2461 5381 2861 5451 Philostorgius
2907 5381 3010 5437 lioc
3055 5384 3174 5438 loco
3220 5383 3409 5436 πάλων

1824 5469 1919 5508 seu
1963 5454 2147 5506 πάτων
2176 5453 2332 5518 dixit,
2362 5453 2545 5507 statim
2575 5454 2808 5522 appellat
2836 5452 3049 5521 ἔδαφος.

1897 5523 1984 5597 (4)
2025 5525 2306 5597 ’ᾼπερῤύη
2338 5523 2523 5597 σῖτος.
2567 5520 2622 5597 In
2646 5520 3276 5597 ‘manuscriptqcodice
3307 5520 3409 5575 Sa-

1822 5594 2019 5649 muelis
2047 5595 2299 5648 Bocharli
2348 5594 2544 5664 legitur
2573 5593 2988 5664 ἁπερῤὐκει,ᾐει
3013 5592 3078 5646 ad
3105 5592 3406 5664 marginem

1825 5664 1939 5719 haec
1968 5673 2153 5719 notata
2179 5673 2308 5720 sunt
2337 5681 2352 5720 :
2385 5660 2449 5718 In
2479 5660 2840 5732 manuscriplo
2867 5662 3206 5716 obliteratum
3240 5669 3316 5714 est
3345 5660 3406 5714 τὸ

1822 5750 1926 5787 κει.

3007 5889 3086 5947 20
