3842 6316
454 353 560 414 ιίθ

513 471 550 526 Ἰ
563 471 616 527 0.
639 469 784 526 Unde
805 473 1005 541 factum
1031 472 1167 542 quod
1202 480 1342 524 terra
1369 468 1887 525 moveatur.-—ldcm
1907 467 2036 522 Phi-
2067 474 2114 529 Α

449 563 753 634 105torgius
784 563 950 619 variis
983 563 1320 635 argumentis
1346 562 1634 617 ostendere
1668 569 1916 624 conatur,
1934 569 2040 614 ter-

459 675 534 732 rte
567 669 748 714 motus
775 673 952 729 neque
982 673 1049 712 ex
1085 657 1440 712 inundatione
1475 671 1740 725 aquarum
1777 655 1914 718 ﬁeri,
1947 669 2039 709 ne-

459 768 563 822 que
593 761 877 806 ventorum
910 751 961 804 vi
995 749 1135 804 intra
1163 750 1322 804 sinus
1366 759 1523 803 terra:
1553 749 1910 808 inclusorum,
1943 760 2044 800 nec

459 860 648 899 rursus
697 858 763 898 ex
813 843 996 912 aliqua
1041 852 1199 896 terra:
1256 841 1627 903 inclinatione,
1661 839 1754 893 sed
1800 837 1913 891 sola
1951 835 2041 890 Dei

458 935 732 990 voluntate
765 934 1013 988 accidere
1046 933 1111 986 ad
1143 931 1555 986 conversionem
1610 937 1662 982 et
1709 925 2043 982 emendatio-

457 1040 579 1079 nem
617 1033 988 1094 peccatorum.
1026 1021 1226 1091 Aitque
1271 1020 1371 1075 ista
1403 1034 1460 1075 se
1491 1027 1804 1073 constanter
1829 1029 2043 1071 asseve-

456 1133 599 1182 rare,
637 1124 920 1186 propterea
968 1113 1115 1184 quod
1153 1121 1408 1167 neutrum
1444 1125 1512 1166 ex
1561 1108 1888 1178 supradictis
1934 1108 2044 1161 cle-

455 1210 656 1263 mentis
687 1206 954 1276 ejusmodi
998 1220 1160 1260 casus
1195 1204 1245 1258 vi
1279 1202 1513 1257 naturali
1555 1199 1813 1270 perlicere
1843 1207 2038 1269 potest.

457 1298 613 1364 Quod
646 1299 692 1353 si
726 1297 870 1353 Deus
903 1297 976 1350 ita
1006 1295 1260 1357 voluerit,
1295 1294 1379 1346 vel
1416 1293 1640 1346 minima
1666 1299 1812 1360 gutta
1849 1304 1878 1343 e
1903 1289 2042 1343 cmlo

456 1389 698 1458 delapsa,
728 1387 811 1442 vel
843 1386 934 1440 nix
965 1384 1237 1440 levissima
1263 1380 1550 1451 Olympum
1579 1376 1924 1438 Macedoniae,
1950 1383 2044 1429 aut

456 1481 624 1535 alium
664 1477 970 1549 quempiam
1019 1491 1085 1530 ex
1123 1473 1408 1528 altissimis
1457 1469 1752 1529 montibus,
1785 1467 2044 1521 facillime

458 1588 675 1628 movere
705 1572 876 1643 possit
910 1591 921 1624 :
951 1569 1168 1640 quando
1201 1567 1419 1639 quidem
1449 1565 1712 1627 videmus,
1741 1563 1910 1617 Deum
1940 1575 2044 1614 sa:-

458 1681 758 1737 penutnero
800 1664 884 1719 his
934 1663 1103 1717 rebus
1137 1677 1296 1717 usum
1331 1674 1451 1713 esse
1485 1658 1552 1712 ad
1608 1653 2042 1710 emendationem

447 1759 676 1832 generis
708 1755 951 1812 humani.
982 1753 1117 1808 Nam
1168 1763 1223 1808 et
1253 1752 1500 1809 Rubrum
1539 1764 1690 1804 mare
1733 1762 1855 1802 cum
1888 1745 2045 1799 facile

456 1827 646 1920 posset
675 1849 854 1904 subito
879 1847 1210 1912 discindere,
1242 1853 1434 1899 austro
1469 1842 1705 1896 violento
1733 1839 1885 1909 prius
1913 1837 2044 1891 illttd
2081 1827 2122 1882 Β

460 1943 754 1997 verberans
783 1950 942 2010 atque
975 1937 1280 2008 impellens,
1311 1937 1385 1990 ita
1418 1936 1638 1990 demum
1667 1931 1852 1986 divisit
1887 1944 1900 1980 :
1938 1944 2043 1982 non

453 2033 608 2105 quod
650 2032 758 2087 ulla
806 2028 1120 2100 hujusmodi
1172 2029 1343 2081 virtus
1381 2027 1435 2081 in
1469 2034 1658 2079 austro
1703 2021 1866 2076 insita
1913 2021 2044 2074 sita

460 2137 655 2180 natura
686 2143 700 2178 :
732 2122 826 2178 sed
859 2121 1005 2192 quod
1041 2119 1226 2175 divina
1278 2119 1360 2172 vis
1411 2117 1478 2171 ad
1525 2116 1858 2169 voluntatem
1887 2126 2044 2166 suam

459 2210 862 2280 cxsequendam
888 2224 953 2264 eo
985 2223 1082 2263 usa
1116 2206 1298 2261 fuerit.
1324 2205 1427 2261 Sed
1458 2215 1512 2259 et
1541 2207 1687 2274 virga
1714 2202 2044 2273 percutiens,

461 2301 640 2358 fontes
661 2315 926 2370 aquarum
960 2297 1148 2354 elicuit
1177 2311 1245 2350 ex
1281 2305 1451 2365 petra.
1481 2291 1816 2346 thJot-danis
1846 2288 2046 2343 fluenta

461 2396 665 2461 lepram
703 2399 970 2447 sanarunt
996 2408 1008 2444 :
1038 2404 1147 2444 non
1175 2386 1322 2458 quod
1349 2401 1537 2440 eorum
1564 2392 1759 2437 natura
1789 2382 1891 2436 ista
1920 2393 2047 2448 ope-

461 2487 568 2540 rari
594 2484 792 2548 valeat,
833 2483 928 2537 sed
966 2483 1094 2550 quia
1133 2479 1360 2535 Creator
1395 2475 1638 2547 singulas
1667 2481 1949 2528 creaturas
1979 2471 2045 2524 ad

459 2595 584 2636 eum
609 2593 769 2649 quem
801 2575 1029 2630 voluerit
1062 2589 1220 2628 usum
1251 2569 1673 2631 transmutaudi,
1717 2567 1932 2637 plenam
1963 2573 2045 2620 at-

459 2685 565 2742 que
594 2667 966 2723 omnimodam
1001 2659 1196 2720 habeat
1225 2672 1570 2735 potestatem.

534 2763 623 2815 11.
655 2761 924 2814 Lucianus
945 2756 1404 2826 Constantinopoli
1428 2771 1571 2808 novre
1589 2761 1744 2808 cectce
1768 2759 2051 2806 auctor.—

454 2853 591 2909 Post
638 2861 864 2907 mortem
914 2849 1166 2912 Eudoxii,
1196 2849 1291 2918 qui
1340 2844 1812 2914 Constantinopoli
1862 2841 2047 2896 Euno-

459 2942 770 2996 mianorum
814 2951 975 2996 sectae
1023 2939 1336 3010 praefuerat,
1380 2937 1654 2991 Lucianus
1707 2935 1913 2990 sororis
1949 2933 2051 2986 Eu-

459 3037 630 3091 nomii
657 3035 802 3090 filius
833 3034 888 3088 in
919 3033 1039 3104 ejus
1065 3033 1244 3087 locum
1286 3031 1658 3086 substituitur.
1695 3029 1851 3084 Hunc
1883 3040 2048 3098 porro

459 3132 632 3196 aiunt,
662 3144 788 3186 cum
832 3128 892 3183 in
933 3127 1217 3181 avaritiam
1246 3134 1300 3180 et
1329 3134 1559 3194 cognata
1587 3123 1718 3178 vitia
1762 3123 2048 3191 prolapsus
2077 3158 2120 3219 Ο

459 3230 624 3287 esset,
654 3234 981 3292 pmnamque
1015 3218 1086 3273 ob
1106 3217 1159 3272 id
1191 3227 1473 3280 metueret,
1507 3233 1535 3270 a
1567 3215 1898 3285 reliquorum
1925 3214 2048 3283 qui-

450 3314 583 3368 dem
621 3311 1091 3366 Eunomianorum
1120 3320 1268 3364 secta
1303 3323 1424 3363 sese
1457 3307 1775 3377 abrupisse;
1817 3307 2046 3375 prOpria:

459 3417 590 3456 vero
617 3399 870 3456 factionis
901 3399 1200 3470 principem
1234 3399 1527 3463 exstitisse,
1565 3413 1663 3453 nec
1691 3406 2046 3452 contemnen-

460 3495 544 3550 dae
583 3492 921 3548 multitudini
966 3491 1270 3562 praafuisse,
1318 3505 1442 3544 cum
1484 3490 1713 3558 improbi
1757 3504 1948 3544 onmes
1991 3497 2046 3544 et

459 3586 693 3643 diversis
729 3586 873 3642 vitiis
899 3585 1157 3655 implicati
1188 3583 1256 3638 ad
1290 3599 1415 3638 eum
1440 3582 1850 3637 conﬂuxissent.

533 3679 621 3734 12.
641 3677 940 3742 Constantii
965 3677 1110 3731 breve
1143 3674 1537 3745 imperium(5).
1555 3702 1623 3713 -—
1649 3673 1923 3730 Honorius
1944 3675 2046 3728 im-

457 3778 678 3840 perator
711 3768 1093 3824 Constantium
1141 3766 1461 3838 magistrum
1498 3765 1730 3819 militum
1766 3765 1838 3818 ob
1873 3764 2046 3818 allini-

457 3864 589 3918 tatis
621 3863 884 3916 honorem
931 3860 996 3914 ad
1049 3861 1386 3915 consortium
1428 3857 1640 3927 imperii
1677 3857 1888 3919 ascivit,
1920 3871 2042 3912 cum

457 3953 697 4009 Placidia
735 3950 1170 4006 Valentinianum
1211 3950 1261 4004 ei
1311 3949 1479 4003 ﬁlium
1526 3949 1638 4018 jam
1696 3949 2039 4018 peperisset:

458 4046 547 4100 cui
576 4043 796 4114 quidem
837 4033 1220 4096 Valentiniano
1256 4038 1531 4094 Honorius
1578 4039 1906 4094 nobilissimi
1962 4038 2044 4092 di-

459 4135 722 4206 gnitatem
754 4131 963 4185 tribuit.
997 4127 1300 4185 Constantii
1329 4130 1492 4198 igitur
1523 4129 1808 4198 imagines,
1843 4137 1900 4181 ut
1928 4142 2046 4181 mo-

459 4225 539 4278 ris
581 4230 702 4277 erat
748 4235 940 4276 eorum
988 4221 1080 4292 qui
1134 4236 1324 4274 recens
1375 4219 1442 4273 ad
1493 4219 1780 4288 imperium
1811 4218 2043 4288 promoti

459 4322 636 4379 erant,
677 4313 861 4368 missa:
909 4320 1038 4366 sunt
1082 4312 1136 4366 in
1181 4310 1479 4366 Orientem.
1519 4310 1624 4366 Sed
1676 4303 2040 4373 Theodosius,

459 4422 586 4463 cum
618 4403 1080 4475 nuncupationem
1112 4414 1397 4473 augustam
1429 4402 1737 4458 Constantii
1770 4402 2044 4471 improba-

459 4509 562 4564 ret,
598 4497 863 4569 imagines
907 4495 1025 4566 ejus
1074 4510 1178 4550 non
1227 4493 1465 4549 admisit.
1499 4495 1747 4562 Cumque
1775 4492 2041 4548 Constan-
2077 4524 2119 4578 ο

460 4594 568 4646 tius
594 4590 666 4646 ob
700 4589 842 4644 hanc
863 4587 1248 4642 contumeliam
1280 4600 1402 4640 sese
1449 4586 1516 4640 ad
1569 4586 1769 4639 bellum
1803 4596 2041 4655 pararet,

458 4693 610 4736 mors
642 4677 1049 4748 superveniens,
1080 4678 1189 4731 vita
1219 4677 1384 4730 simul
1428 4685 1480 4730 et
1520 4675 1669 4730 curis
1693 4691 1819 4730 eum
1846 4676 2044 4731 libera-

457 4772 555 4835 vit,
586 4784 711 4826 cum
743 4769 1067 4838 imperasset
1096 4767 1376 4822 mensibus
1414 4782 1530 4822 sex.

532 4862 614 4916 l3.
663 4861 887 4914 [lanarii
944 4859 1144 4914 obitus.
1196 4855 1428 4912 Joannes
1490 4869 1766 4928 tyrannus.
1798 4857 2043 4912 Ardabu-

457 4969 592 5006 rtus.
637 4951 810 5021 Aspar
838 4951 939 5021 (6).
962 4980 1032 4993 —-
1053 4949 1351 5004 Consulatu
1381 4951 1724 5020 imperatoris
1747 4949 2040 5006 Theodosii

459 5044 670 5100 decimo
721 5052 776 5099 et
817 5042 1045 5098 Honorii
1098 5041 1512 5108 tertiodecimo,
1575 5042 1718 5096 idem
1771 5039 2041 5097 Honorius

1872 348 2351 409 PHILOSTORGII

3627 360 3724 417 σεο

2205 478 2269 523 ι’.
2332 472 2451 523 Ὅτι
2525 471 2799 542 διαφόροις
2854 472 3245 542 ἐπιχειρήμασι
3305 474 3727 539 κατασκευάζειν

2146 563 2423 635 πειρᾶται,
2464 561 2591 624 τοὺς
2641 563 2898 632 σεισμοὺς
2949 563 3083 633 μήτε
3121 561 3208 614 διὰ
3240 561 3574 634 πλημμύραν
3607 563 3728 617 ὑδά-

2145 669 2253 705 των
2287 652 2660 718 συνίστασθαι,
2692 655 2825 724 μήτε
2864 654 3190 722 πνευμάτων
3218 653 3728 723 ὲναπολαμϐανομέο

2146 761 2252 796 νων
2288 748 2400 808 τοῖς
2425 745 2646 808 κόλποις
2679 745 2778 815 τῆς
2801 748 2932 816 γῆς’
2964 745 3097 798 ἀλλὰ
3129 745 3259 815 μηδὲ
3289 746 3391 816 γῆς
3416 763 3562 808 τινος
3589 746 3722 811 ὅλως

2146 837 2508 908 παρεγκλίσει
2537 855 2552 869 ·
2583 839 2718 909 μόνῃ
2749 839 2804 891 δὲ
2826 842 2890 910 τῇ
2927 826 3045 911 θεία
3075 838 3288 910 γνώμῃ,
3318 839 3452 908 πρὸς
3484 841 3728 910 ἐπιστροο

2145 930 2254 1000 ’φὴν
2292 931 2383 982 καὶ
2418 929 2702 1002 διόρθωσιν
2753 933 2860 985 τῶν
2907 932 3390 1003 ἁμαρτανομένων.
3430 929 3535 984 Καὶ
3559 932 3730 986 ταῦτά

2147 1039 2312 1092 φησιν
2337 1023 2744 1095 ίσχυριζόμενον
2772 1024 2970 1093 λέγειν,
2999 1025 3131 1077 διότι
3163 1024 3229 1077 τὰ
3259 1024 3560 1093 τηλικαῦτα
3593 1025 3729 1094 πάθη

2148 1113 2222 1183 μὴ
2253 1111 2472 1165 δύναται
2501 1114 2797 1184 μηδέτερον
2825 1116 2932 1167 τῶν
2963 1114 3268 1184 εἰρημένων
3291 1113 3570 1182 στοιχείων
3597 1114 3730 1165 κατά

2147 1203 2383 1274 φυσικὴν
2422 1205 2704 1257 ἀποτελεῖν
2737 1205 2984 1276 δύναμιν.
3005 1205 3156 1257 Ἐπεὶ
3188 1204 3322 1257 Θεοῦ
3355 1221 3417 1270 γε
3451 1202 3730 1274 βουληθέν-

2145 1309 2255 1356 τος,
2293 1294 2386 1346 καὶ
2409 1293 2583 1362 ψεκάς
2621 1295 2650 1362 ἠ
2683 1294 3022 1363 σμικροτάτη
3056 1291 3436 1363 προσπεσοῦσα
3460 1293 3554 1343 καὶ
3579 1294 3729 1358 mea;

2145 1385 2177 1453 ὴ
2209 1387 2540 1454 κουφοτάτη,
2571 1385 2662 1437 τὸν
2685 1384 2962 1454 Ὄλυμπον
2991 1384 3090 1453 τῆς
3116 1382 3478 1445 Μακεδονίας,
3509 1383 3541 1451 ἦ
3570 1399 3622 1433 τι
3647 1381 3729 1434 άλ-

2145 1475 2205 1528 λο
2251 1475 2359 1528 τῶν
2421 1478 2690 1546 μεγίστων
2739 1476 2878 1548 ὀρῶν
2926 1479 3193 1548 κινήσειεν
3237 1476 3301 1528 ἂν
3348 1475 3566 1546 ῥαδίως.
3587 1475 3730 1528 Ἐπεὶ

2145 1568 2239 1619 καὶ
2279 1567 2527 1635 φαίνεται
2562 1567 2818 1630 πολλάκις
2847 1568 2905 1620 τὸ
2937 1569 3090 1621 Θεῖον
3122 1568 3214 1619 ἐπὶ
3243 1567 3460 1638 παιδείᾳ
3497 1565 3609 1618 τῶν
3647 1568 3730 1618 ἀν·

2149 1659 2405 1732 Θρώπων,
2451 1659 2660 1723 τούτοις
2714 1660 3015 1730 χρώμενον.
3049 1660 3159 1730 Τήν
3209 1677 3267 1712 τε
3325 1660 3431 1730 γάρ
3470 1660 3730 1731 Ἐρυθρὰν

2149 1751 2444 1816 θάλασσαν,
2502 1753 2630 1822 ρᾷον
2674 1751 2736 1804 ὃν
2781 1751 2976 1821 ἀθρόον
3017 1751 3334 1822 διαστῆσαι,
3389 1752 3526 1822 νότῳ
3580 1751 3730 1821 βιαίῳ

2151 1841 2413 1911 πρότερον
2449 1840 2800 1910 μαστιγώσας
2847 1840 2939 1892 καὶ
2989 1838 3311 1902 συνωθίσας,
3353 1839 3494 1893 οὕτω
3521 1840 3730 1911 διέστη-

2151 1950 2264 1993 σεν,
2287 1935 2353 2004 τῇ
2383 1933 2477 1986 τοῦ
2500 1934 2656 1986 νότου
2683 1933 2842 2000 φύσει
2875 1931 3144 2003 μηδεμιᾶς
3166 1933 3451 2002 δυνάμεως
3481 1933 3729 2004 τοιαύτης

2149 2023 2641 2096 ὲγκαθιδρυμένης,
2676 2024 2809 2077 ἀλλὰ
2843 2025 2942 2092 τῆς
2987 2025 3191 2078 ἀνωθεν
3233 2025 3406 2096 ῥοπῆς
3440 2027 3731 2096 ὑπερφυῶς

2149 2115 2299 2187 αὐτῷ
2327 2117 2679 2187 χρησαμένης
2703 2115 2838 2185 πρὸς
2864 2115 2926 2168 τὸ
2952 2116 3147 2168 οἰκεῖον
3178 2115 3446 2185 βούλημα.
3492 2115 3601 2170 Καὶ
3648 2116 3732 2188 pi.

2149 2207 2270 2271 ὁδος
2311 2208 2368 2261 δὲ
2403 2208 2583 2278 πηγάς
2618 2211 2680 2260 ὲκ
2711 2206 2913 2277 πέτρας
2941 2207 3197 2278 ναμάτων
3245 2208 3557 2277 πλήττουσα
3609 2227 3731 2280 προ-

2149 2299 2292 2372 χέειο
2346 2301 2440 2353 καὶ
2485 2300 2746 2370 Ἰορδάνου
2793 2301 2985 2370 ῥεῖθρα
3033 2300 3355 2372 καθαίρουσι
3399 2301 3636 2373 λέπραν,
3675 2303 3730 2354 οὐ

2148 2393 2246 2462 τῆς
2275 2392 2488 2461 φύσεως
2517 2391 2696 2446 αὐτῶν
2727 2391 2900 2446 ταῦτα
2937 2393 3067 2463 δρᾷν
3095 2392 3519 2463 ὲνδυναμούσης,
3565 2394 3655 2446 τοῦ
3681 2395 3732 2448 δὲ

2152 2484 2392 2539 πλάστου
2426 2485 2823 2557 μεταπλάττειν
2854 2485 3082 2538 ἕκαστον
3109 2483 3214 2536 τῶν
3238 2483 3430 2553 δημιου
3442 2501 3543 2554 ργη
3555 2485 3730 2554 μάτων

2151 2578 2286 2650 πρὸς
2316 2577 2382 2647 ἢν
2411 2578 2475 2630 ἂν
2503 2576 2677 2629 ὲθέλοι
2705 2577 2916 2650 χρείαν,
2943 2575 3142 2647 πολλὴν
3169 2577 3262 2628 καὶ
3287 2573 3572 2629 ἀκώλυτον
3601 2577 3735 2648 ἔχον.

2149 2686 2240 2733 τος
2263 2670 2363 2738 τὴν
2389 2668 2657 2733 ἐξουσίαν.

2227 2766 2317 2812 ια’.
2362 2761 2483 2812 Ὀτι
2536 2759 2673 2829 μετά
2719 2758 2946 2812 Θάνατον
3003 2758 3253 2826 maestae
3285 2758 3383 2828 (a),
3415 2757 3478 2823 ὃς
3523 2759 3632 2829 τῆς
3679 2759 3731 2811 ἐν

2151 2849 2717 2903 Κωνσταντινουπόλει
2774 2850 3116 2919 Εὐνομιανῆς
3211 2855 3535 2925 συναγωγῆς
3638 2851 3731 2904 ὑπ-

2150 2944 2284 3012 ἦρχε
2299 2941 3163 3016 (ὁ),Λουκιανδςάντικαθἵσταται,
3206 2943 3338 3004 παῖς
3376 2938 3455 2994 ὣν
3496 2941 3730 3011 ἀδελφῆς

2151 3030 2438 3102 Εὑνομίου.
2469 3031 2669 3084 Τοῦτον
2713 3033 2776 3102 δή
2821 3051 2984 3102 φασιν
3027 3035 3106 3095 είς
3149 3033 3516 3105 φιλαργυρίαν
3547 3053 3610 3088 τε
3644 3036 3731 3088 καὶ

2151 3123 2216 3174 τὰ
2244 3122 2480 3192 συγγενῆ
2513 3122 2978 3195 κατολισθήσαντα
3006 3125 3174 3195 πάθη,
3205 3127 3298 3179 καὶ
3329 3127 3427 3197 τὴν
3456 3126 3546 3180 ἐπ’
3569 3127 3730 3199 αὐτῆς

2151 3213 2501 3286 ὑφορώμενον
2537 3216 2712 3287 δίκην.
2755 3218 3046 3288 ἀποσχίσαι
3084 3218 3182 3288 μὲν
3215 3218 3314 3289 τῆς
3356 3218 3522 3292 ἄλλης
3572 3221 3730 3273 Eii-vo-

2153 3309 2361 3377 μιανῶν
2394 3309 2616 3380 μοίρας·
2658 3310 2794 3374 ἰδίας
2820 3311 2876 3364 δὲ
2913 3312 3222 3382 συμμορίας
3260 3312 3500 3383 ἀρχηγὸν
3545 3313 3729 3367 ἐαυτδν

2149 3399 2442 3466 ἀναδεῖξαι,
2467 3400 2560 3452 καὶ
2593 3401 2974 3472 συντάγματος
3001 3403 3100 3455 οῦκ
3132 3402 3614 3472 εὐκαταφρονήτου
3641 3404 3730 3476 ἀρ-

2149 3489 2265 3556 ξαιο
2305 3491 2526 3544 πάντων
2547 3491 2655 3543 τῶν
2687 3495 3000 3564 ἐπιρρητων
3029 3509 3086 3545 τε
3117 3493 3208 3545 καὶ
3240 3493 3506 3557 ποικίλοις
3536 3497 3725 3548 πάθεσι

2148 3581 2614 3650 καθωπλισμένων
2643 3583 2777 3652 πρὸς
2803 3585 2964 3637 αὑτὸν
2995 3586 3446 3656 άπερῤυηκότων.

2229 3676 2318 3730 ιϐ’.
2363 3677 2485 3727 Ὅτι
2535 3674 2787 3748 Ὀνώριος
2831 3679 2858 3730 ὁ
2909 3677 3158 3745 βασιλεὺς
3208 3680 3597 3734 Κωνστάντιον
3648 3683 3731 3734 τὸν

2149 3765 2450 3838 στρατηγὸν
2476 3767 2618 3820 κατά
2649 3768 2813 3838 τιμὴν
2847 3769 2940 3821 τοῦ
2987 3770 3182 3839 κήδους
3224 3773 3303 3834 είς
3344 3771 3404 3824 τὸ
3442 3773 3550 3841 τῆς
3586 3772 3728 3843 βασι-

2146 3858 2295 3923 λείας
2349 3857 2830 3929 προσλαμϐάνεται
2900 3861 3213 3932 σκῆπτρον·
3265 3862 3366 3932 ἤδη
3417 3864 3515 3916 καὶ
3578 3865 3729 3917 παῖδα

2148 3950 2594 4004 Οὐαλεντινιανὸν
2632 3951 2730 4020 τῆς
2763 3950 3059 4013 Πλακιδίας
3111 3951 3260 4021 αὐτῷ
3304 3955 3664 4024 γειναμένης·
3691 3947 3729 4022 ᾧ

2147 4044 2244 4096 καὶ
2294 4043 2394 4111 τὴν
2455 4043 2550 4095 τοῦ
2605 4043 3036 4110 ἐπιφανεστάτου
3097 4042 3362 4112 περιῆψεν
3411 4045 3441 4095 ὁ
3480 4045 3728 4114 Ὀνὼριος
3797 4097 3799 4110 ,

2149 4132 2326 4198 ἀξίαν.
2359 4133 2423 4184 Δί
2475 4132 2532 4185 δὲ
2580 4132 2672 4185 τοῦ
2724 4132 3104 4186 Κωνσταντίου
3135 4133 3360 4196 εἰκόνες,
3391 4135 3468 4196 ὡς
3514 4135 3638 4198 ἔθος
3668 4131 3727 4206 ἧν
3797 4123 3799 4130 ’

2144 4227 2256 4288 τοῖς
2286 4225 2410 4295 ἄρτι
2452 4223 2813 4294 παρελθοῦσιν
2861 4226 2939 4286 εἰς
2989 4224 3261 4292 βασιλείαν
3292 4224 3578 4294 πράττειν,
3606 4229 3724 4279 ἀναν
3793 4289 3795 4296 ι

2146 4317 2454 4388 πέμπονται
2483 4317 2619 4387 πρὸς
2656 4318 2756 4388 τὴν
2787 4315 2948 4387 ἑῴαν.
2996 4316 3134 4368 Ἀλλ’
3161 4318 3189 4369 ὃ
3214 4333 3277 4384 γε
3319 4317 3599 4382 Θεοδόσιος
3637 4321 3726 4371 οῦκ

2144 4409 2507 4483 ἀρεσκόμενος
2532 4412 2594 4480 τῇ
2622 4410 2940 4481 ἀναρρήσει,
2975 4411 3036 4462 οὐ
3076 4411 3327 4478 προσίετο
3364 4411 3590 4474 ταύτας.
3626 4411 3723 4464 Καὶ

2147 4501 2209 4573 δὴ
2241 4499 2602 4570 Κωνσταντίῳ
2633 4499 3177 4571 παρασκευαζομένῳ
3207 4500 3297 4553 διά
3325 4501 3424 4571 τὴν
3453 4501 3613 4573 ὓϐριν
3641 4503 3724 4554 ἐπὶ

2149 4593 2406 4662 πόλεμον,
2441 4592 2536 4646 καὶ
2563 4591 2662 4660 τῆς
2696 4590 2843 4660 ζωῆς
2866 4592 2960 4645 καὶ
2991 4591 3100 4644 τῶν
3128 4591 3425 4662 φροντίδων
3453 4594 3680 4655 ὲπιστάς
3699 4595 3723 4644 ὁ

2149 4683 2374 4746 Θάνατος
2416 4682 2514 4753 τὴν
2564 4681 2884 4753 ἀπαλλαγὴν
2933 4682 3182 4753 παρέχει,
3215 4681 3593 4753 βασιλεύσαντι
3626 4687 3721 4755 μῆ-

2149 4790 2244 4836 νας
2271 4770 2350 4836 ἓξ.

2221 4867 2308 4930 ιγ’.
2358 4862 2478 4914 Ὅτι
2523 4863 2582 4914 ὲν
2631 4862 2868 4932 ὑπατείᾳ
2913 4861 3007 4915 τοῦ
3061 4861 3322 4932 βασιλέως
3357 4861 3638 4918 Θεοδοσίου
3670 4865 3719 4915 τὺ

2146 4952 2393 5014 δέκατον,
2409 4953 2503 5005 καὶ
2528 4950 2786 5021 Ὀνωρίου
2816 4952 2878 5004 τὸ
2897 4951 3546 5022 τρισκαιδέκατον,αὐτὸς
3570 4954 3722 5008 Ὁνώ-

2149 5061 2265 5111 ριος
2307 5044 2479 5116 ὑδέρῳ
2505 5044 2751 5115 τελευτᾷ.
2781 5045 2891 5098 Καὶ
2924 5045 3179 5117 Ἰωάννης
3233 5047 3505 5117 τυραννίδι
3550 5043 3717 5102 ἐπιθό-

1690 5215 1931 5258 VALESII
1969 5215 2466 5260 ANNOTATIONES.

529 5317 609 5390 (5)
647 5316 804 5374 Socr.
833 5318 924 5373 lib.
958 5335 1055 5384 vn,
1096 5334 1214 5389 cap.
1255 5319 1343 5373 24.

2218 5323 2294 5394 (6)
2334 5323 2489 5379 Socr.
2524 5323 2616 5378 lib.
2647 5339 2744 5392 vtt,
2777 5341 2897 5396 cap.
2927 5319 3017 5382 23.

1927 5461 2272 5507 VARIORUM.

529 5556 608 5628 (α)
646 5557 808 5614 Μετὰ
834 5557 1094 5613 θάνατον
1115 5558 1430 5624 Εὐδοείου.
1477 5559 1601 5617 Haec
1625 5561 1790 5618 refert
1826 5563 2030 5622 Gotho-

457 5625 642 5710 fredus
687 5643 832 5710 anno
860 5629 1594 5710 {20,Jquando‘Eunomiani
1644 5636 1833 5710 procul
1883 5635 2028 5691 Con-

459 5699 813 5771 stantinopoli
841 5699 1017 5771 abacti
1048 5708 1194 5771 sunt.
1226 5699 1616 5771 Annokquippe
1644 5699 1770 5769 115,
1801 5721 2030 5761 conven-

459 5775 547 5822 tus
585 5785 773 5825 eorum
802 5768 858 5822 in
890 5767 1020 5824 urbe
1047 5768 1355 5826 inhibuerat
1377 5767 1713 5830 Theodosius
1743 5767 1845 5832 Sub
1870 5792 2030 5846 ptena

2137 5569 2530 5639 deportationis
2555 5570 2861 5637 domusque
2891 5567 3328 5639 proscriptionis.
3359 5569 3416 5624 ιι.
3447 5571 3540 5623 lib.
3568 5586 3712 5636 um,

2139 5638 2270 5763 310$.
2289 5638 2496 5763 εΞίιιεοιί.
2520 5639 2583 5693 de
2616 5640 2874 5694 haerentis
2899 5653 2918 5691 :
2941 5640 3084 5708 quod
3109 5638 3430 5695 'observavit
3459 5643 3599 5696 idem
3623 5640 3711 5696 Co.

2263 5727 2286 5762 r
2363 5725 2446 5762 us.

2139 5718 2446 5764 tbol’redus.

2211 5779 2285 5850 (ὁ)
2337 5776 2610 5849 Ὺπῆρχε.
2653 5769 2964 5852 Legendum
2994 5779 3226 5851 ἐπῆρχε.
3262 5778 3350 5838 W.
3376 5779 3580 5836 Lamb.
