3842 6310
141 349 246 408 οὲί

1159 347 1714 405 ΕοειεδιΑετιοΑε
1755 349 2110 406 ιιιδτοῐιιλε
2149 348 2276 405 LIB.
2319 347 2430 402 XII.

3307 339 3420 403 622

141 483 332 540 μενος.
361 463 818 537 διαπρεσῦεύεται
849 463 984 536 πρὸς
1008 463 1316 518 Θεοδόσιονο
1355 467 1638 538 ἀπράκτου
1673 466 1729 519 δὲ

1859 481 1988 538 quae
2039 467 2322 522 intercutis
2371 464 2562 520 morbo
2613 463 2838 518 interiit.
2867 463 3104 518 Joannes
3139 476 3264 517 vero
3293 478 3418 518 eum

137 558 248 629 τῆς
276 556 578 628 πρεσῦεεας
611 555 1004 626 γεγενημένης,
1041 555 1137 608 καὶ
1179 559 1228 608 ot
1275 557 1534 626 πρέσϐεις
1581 557 1734 627 ὑϐρι-

141 647 388 709 σθέντες,
423 645 582 708 ἄλλος
637 643 840 714 ἀλλαχῆ
890 644 1033 697 κατὰ
1069 643 1170 714 τὴν
1211 645 1548 716 Προποντίδα
1591 647 1734 715 φυγῇ

139 736 564 808 πῳετιμὴθησα
578 753 618 789 ν.
653 735 764 805 Τὴν
823 735 1006 806 μέντοι
1047 735 1341 788 Πλακιδίαν
1375 735 1470 788 καὶ
1499 737 1591 789 τὸν
1623 737 1740 808 τρί-

139 843 240 880 τον
297 823 744 878 (ὶῦαλεντινιανδν
775 825 938 896 (μετὰ
974 824 1082 896 γὰρ
1120 827 1528 879 Κωνσταντίνου
1571 827 1736 880 θάνα-

141 933 262 983 τον,
305 917 442 987 πρὸς
483 917 543 968 τὸ
590 915 883 980 Βυζάντιον
913 916 1373 987 ἀνεκομίσθησαν)
1421 918 1737 972 ἀποστέλλει

143 1009 292 1082 πρὸς
321 1007 724 1078 Θεσσαλονίκην
749 1007 1048 1069 Θεοδόσιος.
1081 1009 1261 1062 Κάκεῖ
1311 1009 1409 1080 τὴν
1461 1009 1558 1062 τοῦ
1597 1011 1736 1062 Καί-

145 1114 320 1170 σαρος
347 1099 502 1166 ἀξίαν
537 1097 618 1170 τῷ
645 1097 849 1168 ἀνεψιῴ
873 1097 1236 1176 παρατίθησιν
1257 1099 1738 1172 (7),’Δρδα6ουρίῳ

147 1191 228 1260 τῷ
263 1189 576 1260 στρατηγῷ,
603 1191 696 1243 καὶ
739 1190 818 1260 τῷ
853 1195 1043 1248 τούτου
1073 1188 1178 1260 υἱῷ
1207 1193 1447 1264 Ἀσπαρι
1475 1194 1572 1264 τὴν
1598 1195 1739 1249 κατὰ

151 1283 246 1336 τοῦ
293 1282 560 1354 τυράννου
595 1282 930 1354 στρατηγίαν
961 1283 1294 1353 ἐγχειρίσας.
1319 1285 1381 1337 υἱ
1411 1284 1474 1356 δὴ
1503 1287 1595 1339 καὶ
1621 1303 1739 1340 συν-

146 1375 490 1444 επαγόμενοι
543 1373 841 1428 Πλακιδίαν
888 1391 946 1426 τε
992 1375 1086 1428 καὶ
1127 1375 1591 1439 Οὐαλεντινιανὸν,
1647 1379 1738 1430 καὶ

151 1464 282 1528 τούς
317 1480 378 1516 τε
413 1463 652 1526 Παίονας
677 1463 918 1527 καὶτοὺς
946 1462 1234 1537 Ἰλλυριοὺς
1253 1462 1617 1527 διελάσαντες,
1641 1463 1740 1526 τὰς

148 1557 433 1620 Σάλωνας,
471 1554 626 1610 πόλιν
690 1553 790 1622 τῆς
837 1601 840 1606 .
879 1555 1216 1630 Δαλματίας,
1279 1555 1562 1627 ἀναιροῦσι
1601 1557 1741 1612 κατὰ

147 1649 361 1719 κράτος
379 1651 480 1722 (8).
504 1649 783 1704 Ἐντεῦθεν
796 1649 824 1702 ὁ
841 1645 1326 1718 μὲνἌρδασούριος
1373 1649 1530 1718 νηΐτῃ
1570 1647 1741 1719 στόλῳ

147 1739 298 1793 κατὰ
327 1738 424 1791 τοῦ
449 1740 716 1810 τυράννου
756 1741 939 1810 χωρεῖ.
959 1738 1018 1790 Ὀ
1041 1738 1098 1790 δὲ
1132 1737 1352 1810 ΙἈσπαρ
1381 1739 1479 1808 τὴν
1510 1739 1740 1811 ἱππικὴν

1839 558 2178 628 tyrannidem
2211 557 2553 628 arripuisset,
2588 555 2910 626 legationem
2955 554 3104 608 misit
3143 555 3210 608 ad
3244 552 3424 608 Theo-

1837 647 2088 714 dosium;
2137 647 2230 702 sed
2281 663 2336 700 re
2387 646 2609 709 infecta,
2647 645 2808 716 legati
2839 646 3060 714 insuper
3095 645 3424 700 contumelia

1839 735 2039 801 allecti,
2089 737 2230 791 alius
2275 737 2382 791 alio
2435 751 2530 806 per
2577 735 2962 806 Propontidem
3005 736 3228 805 relegati
3273 747 3422 790 sunt.

1829 821 2136 884 Placidiam
2178 841 2308 880 vero
2347 837 2400 882 et
2441 825 2879 880 Valentinianum
2912 827 3156 891 tertium,
3185 826 3276 896 qui
3303 837 3428 895 post

1837 917 2046 972 obitum
2076 917 2302 972 llonorii
2336 917 2656 990 Byzantium
2694 919 3061 990 profugerant,
3091 919 3428 973 Theodosius

1839 1007 2290 1065 Thessalonicam
2329 1012 2495 1065 misit.
2537 1011 2648 1064 Illic
2691 1013 2922 1080 patrueli
2955 1027 3056 1066 suo
3089 1011 3322 1066 Caesaris
3349 1013 3433 1066 di-

1840 1101 2097 1169 gnitatem
2131 1102 2426 1166 concessit,
2475 1111 2528 1156 et
2561 1103 2866 1156 Ardahurio
2905 1103 3168 1171 magistro
3195 1103 3430 1156 militum

1841 1193 2068 1262 ejusque
2106 1193 2217 1248 ﬁlio
2259 1194 2474 1263 Aspari,
2527 1194 2653 1248 belli
2694 1195 2956 1250 adversus
3007 1205 3298 1266 tyrannum
3343 1197 3434 1251 ad-

1841 1283 2297 1338 ministrationem
2335 1285 2635 1346 commisit.
2673 1285 2734 1340 Hi
2775 1285 3073 1342 Placidiam
3105 1295 3160 1340 et
3195 1283 3433 1341 Valenti-

1839 1377 2061 1430 nianum
2091 1393 2278 1432 secum
2306 1377 2590 1436 ducentes.
2627 1393 2752 1432 cum
2789 1377 3132 1433 Pannoniam
3173 1389 3228 1432 et
3265 1379 3436 1449 Illyri-

1841 1483 1964 1522 cum
1991 1469 2432 1537 pertransissent,
2459 1467 2690 1524 Salonas
2727 1469 2920 1524 urbem
2950 1469 3229 1524 Dalmatiae
3261 1471 3314 1523 vi
3350 1483 3434 1524 ce-

1841 1567 2062 1628 perunt.
2094 1559 2225 1614 Post
2265 1559 2380 1614 luec
2422 1559 2764 1614 Ardaburius
2808 1559 3028 1628 quidem
3063 1575 3187 1614 cum
3225 1559 3433 1614 navali-

1841 1649 1944 1705 bus
1982 1651 2160 1720 copiis
2195 1663 2386 1706 contra
2441 1659 2733 1722 tyrannum
2781 1651 3059 1720 prolectus
3105 1661 3206 1706 est.
3255 1651 3433 1720 Aspar

1843 1757 1993 1804 vero,
2013 1743 2314 1812 assumptis
2342 1757 2526 1798 secum
2549 1743 2896 1812 equestribus
2918 1742 3110 1812 copiis,
3126 1749 3180 1796 et
3206 1741 3436 1810 impres-

147 1831 394 1901 δύναμιν
427 1827 730 1892 συλλαϐὼν,
774 1831 866 1882 καὶ
901 1829 979 1900 τῷ
1014 1829 1170 1898 τάχει
1198 1829 1295 1898 τῆς
1325 1829 1511 1898 ἐφόδου
1548 1829 1750 1899 κλέψας

1859 1835 2025 1890 sionis
2075 1835 2312 1904 inopina:
2362 1836 2639 1892 celeritate
2680 1835 3046 1904 suspicionem
3075 1834 3432 1903 praeveniens,

149 1923 250 1986 τὰς
275 1924 581 1992 αἰσθήσεις,
601 1923 701 1992 τῆς
729 1923 1020 1993 Ἀκυληΐας
1047 1923 1289 1992 μεγάλης
1316 1924 1521 1988 πόλεως
1547 1927 1743 1996 ἐγκρα-

148 2015 254 2083 τὴς
278 2013 518 2082 γίνεται,
555 2014 820 2066 συνόντων
847 2013 996 2082 αὐτῷ
1019 2013 1462 2067 Οὐαλεντινιανοῦ
1489 2015 1578 2068 καὶ
1605 2017 1750 2068 Πλα-

148 2107 358 2170 κιδξας.
377 2105 520 2160 Ἀλλ’
551 2107 578 2158 ό
611 2105 708 2176 μὲν
747 2103 889 2158 οὕτω
925 2106 1027 2176 τὴν
1067 2104 1309 2176 μεγάλην
1351 2105 1750 2177 ἀταλαιπώρως

151 2203 566 2272 παρεστήσατο.
611 2201 716 2254 Τὸν
746 2201 802 2254 δὲ
840 2201 1220 2272 Ἀρδαϐούριον
1263 2199 1433 2270 βίαιον
1477 2199 1749 2254 άπολαϐὸν

151 2291 404 2360 πνεῦμα.
437 2293 536 2344 σὺν
564 2291 716 2344 δυσὶν
753 2291 966 2362 ἑτέραις
993 2293 1278 2362 τριήρεσιν
1303 2291 1383 2352 εἰς
1417 2293 1603 2361 χεῖρας
1630 2289 1751 2358 ἄγει

151 2383 248 2438 τοῦ
281 2385 572 2455 τυράννου.
591 2385 650 2436 '0
678 2385 733 2437 δὲ
765 2385 901 2454 πρδς
923 2383 1156 2447 σπονδὰς
1182 2383 1422 2454 ἀφορῶν,
1445 2383 1752 2453 φιλανθρώ-

151 2493 276 2539 πως
320 2475 593 2546 ἐκέχρητο
645 2475 722 2548 τῷ
765 2474 1149 2546 Ἀρδαεουρίῳ.
1184 2474 1294 2526 Καὶ
1352 2473 1550 2542 πολλῆς
1599 2466 1754 2536 οὗτος

151 2567 456 2622 ἀπολαύων
507 2567 606 2636 τῆς
657 2567 1012 2630 ἀδείας-,τοὺς
1060 2567 1508 2637 ἁποστρατήγους
1543 2564 1618 2635 (ιι)
1661 2563 1754 2618 τοῦ

153 2657 432 2728 τυράννου
465 2655 562 2726 (9),
600 2657 700 2728 ἠδη
734 2659 828 2710 καὶ
871 2657 1068 2720 αὐτοὺς
1109 2656 1632 2727 ὑποκεκινημένους,
1655 2655 1756 2728 τὴν

153 2749 464 2818 ἐπιϐουλὴν
492 2747 750 2820 κρατύνει
774 2748 872 2820 τὴν
899 2748 1042 2802 κατὰ
1072 2749 1168 2802 τοῦ
1201 2749 1462 2820 τυράννου
1485 2763 1497 2776 ’
1530 2748 1624 2801 καὶ
1655 2763 1754 2816 ση-

159 2839 354 2912 μαίνει
387 2841 632 2910 Ἀσπαρι
665 2839 741 2910 τῷ
765 2840 912 2893 παιδὶ
946 2839 1371 2910 παραγενέσθαι,
1401 2839 1475 2903 ὡς
1511 2840 1594 2908 ἐφ’
1617 2839 1756 2892 ἑτοί-

161 2951 254 3004 μῳ
287 2931 370 3002 τῷ
419 2931 828 3002 κατορθώματι.
861 2931 968 2984 Τοῦ
1000 2933 1056 2984 δὲ
1093 2931 1286 2985 θᾶττον
1323 2931 1419 2984 σὺν
1447 2930 1525 3000 τῷ
1555 2931 1756 3000 ἱππότῃ

157 3023 390 3096 στρατῷ
423 3025 872 3094 παραγεγονότος,
909 3025 1006 3077 καὶ
1057 3024 1237 3094 μάχης
1267 3023 1414 3086 τινὸς
1464 3021 1758 3094 συρραγεί-

159 3133 290 3188 σης,
321 3115 758 3186 συλλαμϐάνεται
805 3117 834 3168 ὁ
875 3115 1128 3186 Ἰωάννης
1161 3118 1226 3186 τῇ
1273 3114 1380 3168 τῶν
1429 3113 1566 3186 ἀμφ’
1593 3113 1757 3168 αὐτὸν

1848 1925 2156 1996 Aquileiam
2209 1926 2401 1982 urbem
2439 1927 2734 1980 maximam
2767 1926 3073 1995 occupavit,
3109 1923 3346 1980 Placidia
3383 1933 3439 1978 et

1849 2015 2234 2070 Valentiniano
2282 2017 2462 2085 ipsum
2506 2017 2916 2071 comitantibus.
2973 2015 3040 2070 Et
3087 2017 3175 2070 hic
3215 2015 3440 2086 quidem-

1852 2109 2147 2163 maximam
2178 2109 2450 2163 civitatem
2488 2109 2695 2177 absque
2741 2109 2852 2164 ullo
2881 2109 3100 2179 negotio
3135 2109 3297 2177 cepit.
3335 2107 3440 2161 Ar-

1852 2199 2143 2254 daburium
2182 2215 2310 2252 vero
2353 2199 2628 2253 violentus
2659 2198 2880 2267 quidam
2911 2207 3105 2253 ventos
3137 2197 3437 2268 excipiens,

1853 2306 1960 2345 una
1991 2306 2114 2345 cum
2140 2289 2352 2345 duabus
2391 2289 2702 2344 triremibus
2727 2289 2781 2343 in
2811 2305 3006 2344 manus
3043 2289 3256 2360 tyranni
3286 2288 3412 2342 detu

1853 2382 1934 2436 lit.
1983 2381 2073 2436 Ille
2116 2383 2182 2436 de
2225 2381 2428 2436 laedere
2467 2381 2704 2436 ineundo
2751 2381 3018 2452 cogitans,
3069 2381 3436 2435 Ardabnrium

1855 2473 2166 2528 humaniter
2189 2473 2417 2543 excepit.
2454 2473 2560 2539 Qui
2589 2489 2714 2528 cum
2751 2473 2987 2526 maxima
3019 2473 3266 2526 libertate
3296 2471 3441 2527 frue-

1855 2575 2027 2631 retur,
2073 2566 2330 2620 duetores
2367 2565 2608 2635 tyranni,
2656 2565 2750 2633 qui
2791 2565 2904 2635 jam
2959 2565 3024 2620 ad
3075 2564 3440 2620 defectionem

1856 2657 2108 2728 propensi
2141 2665 2314 2723 erant,
2347 2665 2539 2712 contra
2591 2666 2881 2726 tyrannum
2931 2657 3214 2710 animavit.
3263 2656 3440 2710 Simul

1856 2744 2052 2816 Aspari
2083 2746 2196 2800 lilio
2223 2761 2318 2816 per
2346 2747 2554 2802 litteras
2589 2747 2935 2817 signiﬁcavit,
2965 2757 3027 2802 ut
3071 2756 3332 2818 tanquam
3371 2749 3441 2804 ad

1857 2848 2104 2906 paratam
2137 2838 2420 2892 victoriam
2463 2839 2697 2894 adesset.
2735 2837 2838 2906 Qui
2881 2855 3006 2894 cum
3056 2839 3306 2894 celeriter
3347 2841 3444 2894 ad-

1858 2938 2135 2984 Ventasset
2161 2945 2264 2984 una
2296 2945 2420 2984 cum
2456 2931 2800 3001 equestribus
2839 2931 3032 3000 copiis,
3058 2941 3312 2994 conserto
3337 2931 3444 2987 levi

1858 3019 2046 3089 proelio
2104 3029 2293 3089 captus
2333 3029 2418 3074 e't
2458 3017 2716 3083 Joannes,
2765 3022 3072 3091 proditione
3113 3037 3302 3078 eorum
3346 3024 3442 3094 qui

1860 3113 2007 3168 circa
2049 3113 2228 3182 ipsum
2269 3124 2446 3179 erant,
2473 3123 2526 3169 et
2571 3115 2876 3184 Aquileiam
2929 3115 2996 3170 ad
3049 3113 3344 3172 Placidiam
3391 3127 3446 3172 et

158 3207 454 3280 προδοσίᾳ,
481 3209 576 3261 καὶ
623 3207 762 3279 πρὸς
806 3206 1103 3260 Πλακιδίαν
1161 3207 1254 3260 καὶ
1309 3204 1754 3259 Οὐαλεντινιανδν

1865 3209 2308 3263 Valentinianum
2355 3209 2665 3264 deducitur.
2706 3211 2820 3265 lllic
2865 3211 3055 3266 dextra
3099 3228 3260 3266 manu
3294 3212 3444 3282 prius

158 3303 248 3365 εἰς
275 3300 570 3369 Ἀκυληΐαν
598 3298 972 3368 ἐκπέμπεται·
1002 3299 1166 3351 κάκεῖ
1194 3298 1292 3368 τὴν
1323 3295 1502 3361 δεξιὰν
1534 3293 1758 3366 προδιαο

159 3391 402 3464 τμηθεὶς
437 3391 574 3463 (10),
619 3387 740 3444 εἶτα
779 3392 876 3446 καὶ
923 3391 1022 3460 τῆς
1075 3388 1319 3458 κεφαλῆς
1368 3386 1757 3456 ἀποτέμνεται,

161 3483 266 3536 ενα
289 3483 636 3552 τυραννήσας
681 3479 776 3534 ἐπὶ
817 3479 898 3550 τῷ
941 3478 1129 3550 ἡμίσει
1183 3478 1448 3532 ἐνιαυτόν.
1478 3477 1612 3529 Τότε
1663 3475 1759 3528 καὶ

163 3574 404 3644 βασιλέα
445 3573 476 3624 ὁ
507 3571 787 3634 Θεοδόσιος
831 3571 915 3624 τὸν
948 3569 1386 3626 Οὑαλεντινιανδν
1435 3565 1760 3630 ἀποστείλας

163 3663 520 3736 ἀναγορεύει.

249 3780 336 3834 ιδ’.
380 3780 506 3834 Ὅτι
542 3779 750 3843 Ἀέτιος
777 3780 806 3832 ὁ
836 3779 1244 3852 ὑποστράτηγος
1281 3777 1524 3831 Ἰωάννου
1547 3775 1640 3830 τοῦ
1662 3791 1760 3830 τυ-

167 3875 399 3944 ράννου,
441 3871 580 3940 μετὰ
627 3873 778 3942 τρεῖς
827 3871 1040 3942 ἡμέρας
1084 3871 1184 3941 τῆς
1229 3869 1434 3923 ἐκείνου
1482 3865 1760 3938 τελευτῆς,

165 3965 492 4037 βαρϐάρους
525 3963 675 4032 ἄγων
706 3962 1010 4032 μισθωτοὺς
1041 3965 1120 4024 είς
1161 3961 1202 4025 ξ’
1239 3961 1480 4031 χιλιάδας
1521 3957 1764 4027 παραγί-

169 4071 328 4108 νεται
352 4070 366 4084 ⁸
403 4053 496 4106 καὶ
545 4053 862 4124 συμπλοκῆς
905 4051 1072 4107 αὑτοῦ
1119 4069 1178 4105 τε
1227 4052 1320 4104 καὶ
1364 4051 1474 4105 τῶν
1511 4050 1639 4122 περὶ
1669 4049 1761 4104 τὸν

175 4147 446 4214 Ἀσπαρα
476 4145 870 4215 γεγενημένης,
903 4144 1062 4213 φόνος
1090 4142 1430 4214 ἑκατέρωθεν
1463 4141 1636 4214 ὲῤῥύη
1661 4157 1763 4194 πο-

173 4236 542 4300 λύς.Ἐπειτα
579 4235 813 4298 σπονδὰς
844 4238 872 4288 ό
913 4237 1115 4298 Ἀέτιος
1143 4235 1349 4288 τίθεται
1393 4233 1527 4304 πρὸς
1557 4233 1763 4286 Πλακι-

173 4327 298 4378 δίαν
323 4327 422 4380 καὶ
456 4323 919 4388 Οὐαλεντινιανὸν,
949 4324 1042 4377 καὶ
1069 4324 1169 4394 τὴν
1204 4322 1296 4374 τοῦ
1333 4320 1571 4390 κόμητος
1607 4316 1764 4383 ἀξίαν

1865 3305 2164 3368 amputata,
2193 3309 2378 3367 postea
2420 3299 2582 3354 etiam
2633 3301 2810 3370 capite
2851 3309 3134 3357 truncatus
3186 3311 3288 3368 est,
3318 3317 3442 3356 eum

1860 3406 1954 3460 per
1986 3407 2153 3446 unum
2207 3407 2270 3446 ac
2315 3392 2601 3447 dimidium
2649 3409 2852 3447 annum
2900 3393 3239 3464 tyrannidem
3288 3410 3444 3448 exer-

1861 3482 2085 3536 cuisset.
2122 3479 2260 3536 Tum
2309 3495 2440 3536 vero
2481 3480 2822 3538 Theodosius
2855 3479 3296 3538 Valentinianum
3333 3482 3446 3536 Ro-

1863 3587 2009 3628 mam
2037 3571 2290 3640 missum,
2323 3573 2712 3644 imperatorem
2749 3574 3103 3628 renuntiavit.

1939 3771 2022 3826 l4.
2065 3770 2246 3826 Aetius
2272 3787 2442 3824 comes
2471 3771 2666 3840 factus.
2707 3801 2778 3810 —
2805 3770 2996 3827 Aetius
3023 3787 3166 3827 unus
3195 3785 3263 3827 ex
3291 3772 3448 3826 duci-

1861 3865 1964 3920 bus
1993 3863 2222 3918 Joannis
2251 3864 2489 3934 tyranni,
2521 3863 2681 3918 tertio
2711 3870 2830 3932 post
2853 3863 2972 3932 ejus
2999 3863 3208 3918 obitum
3235 3865 3322 3919 die
3351 3879 3448 3919 su-

1863 3954 2127 4024 pervenit,
2153 3953 2418 4008 barbaros
2445 3953 2723 4007 adducens
2755 3952 3003 4008 mercede
3032 3953 3351 4020 conductos,
3377 3955 3444 4010 ad

1861 4045 2144 4115 sexaginta
2171 4043 2282 4098 fere
2317 4043 2601 4098 hominum
2632 4044 2830 4111 millia;
2861 4045 3268 4116 cummissoque
3305 4047 3449 4102 inter

1863 4136 2040 4203 ipsum
2071 4143 2126 4190 et
2161 4134 2388 4204 ASparis
2415 4134 2714 4189 exercitum
2755 4136 2961 4204 praelia,
3008 4135 3168 4192 multi
3194 4153 3258 4191 ex
3291 4148 3447 4192 utra-

1864 4241 1972 4296 que
2011 4234 2161 4295 parte
2205 4224 2538 4279 ceciderunt.
2582 4223 2832 4281 Posthaec
2863 4227 3052 4282 Aetius
3103 4225 3283 4283 foedus
3329 4228 3452 4282 iniit

1865 4331 1990 4372 cum
2026 4314 2266 4370 Placidia
2295 4323 2348 4370 et
2369 4313 2768 4383 Valentiniano,
2807 4325 2862 4372 et
2885 4317 3102 4372 comitis
3127 4317 3449 4388 dignitatem

175 4419 454 4490 λαμϐάνει
479 4435 494 4450 ·
527 4419 622 4472 καὶ
653 4421 702 4472 οἱ
746 4417 1006 4491 βάρϐαροι
1039 4415 1248 4488 χρυσίῳ
1283 4411 1643 4484 καταθέμενοι
1668 4410 1756 4482 τὴν

1872 4405 2112 4476 accepit;
2147 4404 2364 4460 barbari
2401 4419 2529 4460 vero
2559 4419 2696 4460 auro
2723 4415 2967 4476 accepto,
2997 4406 3132 4460 iram
3159 4417 3322 4477 atque
3355 4422 3450 4461 ar-

1429 4605 1674 4650 VALESII
1713 4601 2214 4649 ANNOTATIONES.

251 4747 328 4816 ('7)
379 4743 465 4816 Τῷ
509 4739 740 4816 ἀνεψιῷ
785 4739 1204 4816 παρατίθησιν.
1265 4735 1623 4790 Seribendum
1686 4741 1772 4816 est.

185 4803 550 4890 περιτίθησιν.
591 4803 764 4880 Quem
811 4803 1072 4866 errorem
1097 4807 1212 4876 jam
1259 4821 1424 4877 supra
1459 4821 1568 4859 non
1603 4803 1772 4860 semel

215 4899 468 4942 εειιαεινι.

183 4903 1024 5026 ωῖὲῗὲἓὶωναςμῄναιροᾷσι
1036 4945 1187 5026 κατὰ
1207 4945 1420 5026 χρᾷ-τος
1431 4987 1444 5000 .
1465 4943 1768 5026 Μειιιιεοιεί-

183 5015 521 5100 ιιιῖάυὺιςίιιι
555 5015 773 5100 codices
809 5015 1214 5100 ni_hil_variant.
1265 5015 1770 5100 Qiliilominpslta:

185 5085 692 5152 inen'seribemlum
715 5101 799 5146 est
822 5089 1056 5160 αἱροῦσι,
1081 5085 1542 5160 quemadmodum
1574 5085 1770 5152 legitur

184 5167 330 5238 apud
367 5164 734 5238 Nicephorum
771 5163 822 5214 in
859 5155 953 5238 lib.
993 5155 1112 5218 xw,
1135 5173 1184 5236 (τε
1214 5155 1266 5207 7.

253 5239 334 5307 (9)
385 5221 528 5307 Τοὺξ·
559 5228 1056 5298 ἁποστρατήτ-ους
1083 5225 1188 5307 τοῦ
1213 5223 1530 5307 τυράννου.
1571 5221 1776 5307 πριιιος

185 5292 376 5361 ῐι-ἐιίίιε
425 5292 812 5372 interpretatur
843 5292 1226 5372 eiauctoriitos
1269 5311 1299 5348 a
1333 5306 1583 5372 tyranno.
1612 5292 1768 5358 Quod

187 5377 338 5430 nullo
367 5373 536 5428 modo
561 5363 791 5442 probare
819 5383 1064 5442 possum.
1084 5365 1267 5434 Neque
1296 5363 1437 5418 enim
1467 5363 1766 5416 Philostor-

187 5449 306 5518 gius
343 5445 436 5500 hic
465 5441 704 5514 loquitur
727 5441 796 5496 de
825 5441 892 5494 iis
914 5453 1054 5510 quos
1094 5446 1356 5507 tyrannus
1383 5443 1769 5490 exauctorave-

1867 4741 1984 4798 rat;
2015 4733 2108 4786 sed
2157 4732 2223 4785 de
2266 4730 2508 4799 ducibus
2545 4730 2640 4799 qui
2683 4729 2785 4784 sub
2818 4729 2910 4784 illo
2943 4729 3268 4785 militabant.
3299 4727 3454 4784 Adde

1870 4803 2018 4874 quod
2043 4801 2456 4874 ἀποστράτηγος
2484 4798 2668 4874 Graece
2695 4815 2800 4874 non
2826 4799 3044 4874 dicitur.
3077 4799 3312 4874 Proinde
3345 4817 3454 4854 non

1871 4869 2064 4926 dubito
2096 4869 2232 4940 quin
2257 4869 2696 4941 scribendumsit
2715 4872 2823 4941 hoc
2839 4871 2959 4941 loco
2979 4869 3449 4941 ὑποστρατήγους.

1873 4939 2334 5024 ln‘mamiscripto
2367 4940 2552 5024 codice
2599 4940 2851 5024 Bogliarti
2891 4939 3087 5018 legitur
3109 4939 3458 5024 ἀποστράτη-

1874 5012 2006 5080 γοὺς
2035 5021 2256 5065 accentu
2313 5011 2365 5064 in
2419 5010 2626 5081 ultima.
2671 5009 2735 5063 Et
2767 5011 2818 5063 in
2865 5009 3110 5081 margine
3154 5009 3454 5081 ascriptum

1875 5077 1958 5136 est
1984 5081 2170 5134 eadem
2201 5097 2388 5144 manu,
2422 5080 2549 5150 ἴσως
2581 5077 3048 5150 ὑποστρατηγούς.

1946 5151 2058 5221 (l0)
2104 5151 2222 5219 Τὴν
2246 5193 2260 5206 .
2384 5147 2857 5218 προδιατμηθὲίς.
2881 5147 3068 5221 'Apud
3089 5147 3454 5220 Nicephorum

1877 5219 1968 5294 hic
2015 5221 2290 5294 locus_ita
2331 5221 2548 5294 legitur,
2604 5221 2700 5294 τῂν
2749 5223 2907 5294 χεῖρα
2950 5219 3454 5294 πρῷτονΑδιατμη-

1878 5261 2600 5355 655315."ni'hasi'kodike
2647 5261 2917 5344 έαιιῒιιέιῖἑ
2947 5261 3202 5344 Βὲειιενιί
3221 5261 3305 5346 Ξῖ
3317 5261 3457 5346 Eni}?-

1875 5361 2052 5442 gin~em
2085 5362 2158 5415 ita
2184 5360 2478 5430 ascriptum
2513 5361 2689 5416 inveni
2729 5378 2742 5414 :
2783 5359 2935 5416 Deest
2971 5361 3456 5432 vocabulumJortc

1874 5443 2140 5500 γλωτταν.

1663 5603 2012 5648 γΑιυοιιωι.

265 5766 347 5840 (³)
399 5761 932 5832 Ὑποστρατήτους.
975 5759 1137 5850 Deest
1163 5774 1264 5816 vox
1298 5758 1362 5814 ad
1391 5770 1610 5814 sensum
1641 5751 1756 5823 pert

1859 5749 2042 5805 mlum.
2073 5747 2157 5804 W.
2193 5747 2390 5803 Lowtlt.
