3842 6306
201 295 312 353 625

1255 301 1761 362 SUPPLEMENTA
1802 307 2429 369 PHILOSTORGIANA.

3372 307 3478 364 6‘26

196 409 340 480 quod
389 411 467 464 tui
512 422 652 467 metu
701 413 930 482 perculsi
978 415 1240 484 impietati
1294 418 1780 488 subscripserimus.
1813 420 1891 476 Ex
1921 438 2032 494 quo
2059 421 2264 479 factum
2299 421 2389 488 sit,
2421 429 2480 476 ut
2529 421 2823 491 imperator
2868 419 3269 476 exeandescens
3301 436 3395 476 eos
3424 423 3478 477 in
3523 436 3533 460 ί

195 499 448 558 Gelatias
474 518 569 558 seu
601 502 804 559 Gallias
837 505 1095 562 occiduas
1127 508 1403 580 relegarit,
1428 519 1484 565 et
1512 509 1747 567 Arianos
1777 527 1876 569 sua
1905 529 2180 584 quemque
2209 513 2385 584 patria
2417 513 2674 568 excedere
2702 513 2948 582 jusserit.

433 613 511 669 De
543 614 773 672 Paulino
805 634 885 687 ep.
920 618 1244 676 Antiaclzeno
1274 621 1416 690 facta
1441 639 1461 676 :
1486 623 1627 693 quod
1658 623 1816 694 refert
1854 623 2076 682 Nicetas
2108 627 2164 679 in
2190 624 2475 680 Thesauro
2505 624 2721 679 orthod.
2757 625 2870 691 ﬁd.,
2904 625 2997 679 lib.
3029 644 3080 687 ν,
3113 642 3158 679 c.
3189 627 3240 681 9.

271 725 438 783 Solus
466 726 865 802 Philostorgius
894 732 1042 788 libro
1068 733 1433 789 Historiarum
1467 738 1724 803 secundo,
1761 737 2051 794 Paulinum
2084 739 2227 814 Tyro
2257 739 2604 795 Antiochiam
2635 741 2960 796 translatum
3005 741 3095 810 (in
3140 741 3320 796 locum
3373 741 3483 794 Eu-

191 822 410 892 stathii)
434 833 628 879 auctor
652 837 756 881 est.

463 952 540 1008 De
568 955 723 1010 Aetio
756 965 808 1012 et
834 957 1119 1026 Eunomio,
1149 975 1214 1016 ex
1237 977 1340 1016 uno
1371 978 1398 1016 e
1423 978 1515 1017 sea:
1542 964 1812 1032 prioribus
1834 967 1949 1036 ejus
1976 965 2150 1032 libris,
2177 968 2432 1037 referente
2468 966 2656 1021 Pltotio
2692 968 2745 1021 in
2773 966 3029 1023 Biblioth.
3056 985 3111 1021 η.
3141 967 3235 1022 40.

281 1064 519 1135 Ἐξαίρει
544 1066 603 1120 δὲ
628 1069 687 1121 ἐν
714 1069 812 1140 μὲν
846 1070 1024 1138 λόγοις
1058 1071 1296 1142 μάλιστα
1333 1074 1540 1129 ’Δὲτιον
1570 1075 1666 1129 καὶ
1684 1077 1788 1129 Εὐ·-
1815 1089 1849 1138 Α

1973 1078 2196 1133 Extollit
2227 1093 2359 1134 vero
2411 1080 2467 1134 in
2517 1080 2865 1136 sermonibus
2920 1081 3157 1134 maxime
3182 1079 3398 1133 Aetium
3427 1090 3484 1132 ct

189 1157 408 1228 νόμιον,
447 1159 640 1229 μόνους
676 1160 1024 1232 ἀνακαθᾶραι
1056 1162 1125 1216 τά
1147 1166 1248 1234 τῆς
1274 1165 1557 1229 εὐσεϐείας
1585 1165 1791 1237 δόγμα-

185 1266 262 1302 τα
298 1249 381 1321 τῷ
415 1251 594 1323 χρόνῳ
622 1253 1054 1325 συγκεχωσμένα
1084 1255 1529 1327 τερατευόμενος.

1899 1165 2254 1232 Eunomium,
2309 1168 2453 1225 falso
2503 1185 2779 1234 asserens,
2808 1186 2904 1226 eos
2959 1171 3107 1226 solos
3157 1185 3482 1246 repurgasse

1896 1260 2115 1329 pietatis
2143 1260 2400 1332 dogmata
2425 1271 2670 1327 tempore
2696 1263 3086 1318 contaminata.

874 1366 948 1423 De
975 1369 1174 1426 Acacio
1202 1370 1464 1428 Caesarea:
1488 1372 1609 1430 Pal.
1644 1391 1750 1444 ep.,
1777 1375 1920 1445 apud
1961 1374 2209 1431 Photium
2248 1379 2304 1432 in
2342 1377 2598 1435 Biblioth.
2628 1397 2681 1434 η.
2720 1380 2809 1435 40.

263 1481 590 1550 Κατηγορεῐ
637 1479 694 1532 δὲ
737 1480 992 1535 Ἀκακίου
1043 1483 1278 1552 μάλιστα
1315 1485 1409 1538 τοῦ
1447 1487 1786 1558 Καισαρείας

183 1570 294 1639 τῆς
319 1569 462 1623 κατὰ
500 1570 863 1644 Παλαιστίνην
893 1573 1366 1645 ἐπισκοπήσαντος
1406 1575 1688 1648 δεινότητά
1727 1594 1787 1630 τε

183 1659 607 1732 ἀνυπέρϐλητον
653 1663 746 1716 καὶ
781 1663 1118 1734 κακουργίαν
1162 1662 1398 1735 ἄμαχον,
1434 1665 1553 1736 μεθ’
1583 1659 1660 1720 ὧν
1693 1668 1788 1720 καὶ

186 1756 420 1808 πάντων
451 1754 586 1824 φησὶ
615 1754 940 1826 κατισχύσαι
979 1755 1089 1808 τῶν
1124 1772 1186 1808 τε
1215 1757 1534 1827 ὁμοφρόνων
1563 1757 1786 1811 δοκούν-

182 1863 324 1905 των,
350 1847 432 1908 είς
457 1847 657 1916 ἔχθραν
679 1846 735 1901 δέ
759 1864 879 1901 τινα
902 1847 1311 1913 καταστάντων,
1343 1849 1438 1903 καὶ
1461 1849 1570 1904 τῶν
1593 1851 1788 1905 τάναν-

181 1941 281 1995 τία
309 1939 754 2012 θρησκευόντων.

1963 1485 2333 1558 Reprehendit
2359 1505 2486 1546 vero
2504 1491 2689 1548 Aeacii
2709 1494 2945 1548 maxime
2960 1493 3220 1549 Caesareae
3237 1494 3482 1552 Palaesti-

1893 1592 1977 1634 nae
2005 1579 2246 1649 episcopi
2275 1581 2384 1636 vim
2415 1582 2632 1638 dicendi
2668 1584 3068 1639 intolerabilem
3097 1595 3150 1640 et
3177 1586 3474 1641 versutiam

1893 1669 2403 1742 inexpugnabilem,
2439 1673 2640 1742 quibus
2691 1690 2816 1729 eum
2879 1675 3089 1731 artibus
3138 1677 3480 1745 oppressisse

1893 1760 1972 1815 ait
2003 1776 2115 1831 pra:
2140 1762 2396 1819 omnibus
2431 1773 2538 1819 tam
2565 1780 2660 1820 eos
2691 1766 2784 1836 qui
2817 1766 2959 1821 idem
2997 1769 3201 1824 sentire
3231 1770 3479 1824 videren-

1895 1861 2005 1917 tur,
2041 1853 2167 1908 odio
2201 1863 2383 1910 tamen
2413 1856 2653 1926 quodam
2684 1857 2912 1922 divisos,
2937 1874 3101 1928 quam
3125 1861 3401 1914 contraria
3425 1861 3478 1912 in

1895 1946 2157 2018 religione
2187 1949 2506 2006 sentientes.

1301 2083 1378 2137 De
1401 2083 1576 2149 Aetio,
1609 2101 1674 2139 ex
1699 2085 1884 2141 Photii
1913 2085 2171 2143 Biblioth.
2215 2106 2270 2142 η.
2299 2087 2391 2142 40.

264 2203 503 2276 ἰστορεῖ
530 2201 589 2256 δὲ
620 2201 728 2256 ἀπὸ
755 2203 854 2273 τῆς
885 2201 1097 2274 Ἀρείου
1129 2203 1258 2275 περὶ
1277 2204 1376 2274 τὴν
1399 2203 1611 2276 αἵρεσιν
1634 2222 1800 2258 σπου-
1829 2212 1849 2273 ι

1971 2207 2242 2264 Narrandi
2275 2224 2439 2281 porro
2469 2208 2682 2264 initium
2715 2209 2844 2264 fecit
2887 2210 2956 2264 ab
3000 2209 3113 2263 Arii
3159 2209 3214 2263 in
3247 2208 3480 2266 baaresin

181 2297 284 2365 δῆς
307 2311 371 2348 τε
402 2293 499 2346 καὶ
528 2290 862 2364 κατάρξεως,
904 2295 1065 2366 μέχρι
1113 2293 1214 2364 τῆς
1248 2292 1453 2347 ’Δετίου
1487 2294 1581 2348 τοῦ
1609 2295 1794 2349 δυσσε-

181 2386 456 2440 ὄεστάτου
481 2384 854 2455 ἀνακλήσεως.
879 2379 1044 2449 Οὗτος
1073 2384 1128 2438 δὲ
1154 2387 1183 2438 6
1224 2384 1429 2452 ῗΑέτιος
1458 2385 1589 2458 παρ’
1611 2387 1790 2441 αὐτῶν

182 2475 294 2546 μὲν
340 2473 456 2527 τῶν
503 2473 960 2545 συναιρεσιωτῶν,
991 2473 1079 2526 διὰ
1107 2473 1168 2526 τὸ
1201 2472 1487 2537 κάκείνους
1517 2474 1791 2546 ὑπερϐάλ-

185 2566 390 2618 λεσθαι
441 2568 510 2636 τῇ
540 2564 849 2636 δυσσεϐείᾳ,
878 2564 954 2628 ὡς
987 2564 1150 2628 αὐτὸς
1184 2559 1338 2630 οὗτος
1366 2565 1461 2620 καὶ
1493 2566 1567 2638 μὴ
1602 2567 1790 2637 βουλό-

183 2674 357 2729 μενος
385 2657 611 2728 ἱστορεῖ,
637 2657 738 2728 τῆς
775 2655 1055 2719 διακονίας
1102 2656 1382 2730 καθῃρέθη
1411 2675 1425 2690 ·
1461 2660 1565 2713 ὑπὸ
1600 2659 1656 2713 δὲ
1690 2659 1784 2712 τοῦ

179 2749 625 2804 δυσσεϐεστάτου
665 2748 955 2804 Ἰουλιανοῦ
987 2749 1261 2822 ἀνεκλήθη
1297 2767 1358 2804 τε
1403 2752 1500 2824 καὶ
1525 2750 1787 2824 φιλοφρό-

181 2859 296 2905 νως
328 2841 614 2913 esseteos.

1893 2303 2077 2357 studio
2106 2309 2162 2357 et
2193 2303 2372 2368 initio,
2406 2301 2474 2358 ad
2513 2302 2654 2356 Aetii
2709 2301 3023 2372 impiissimi
3074 2300 3478 2356 revocationem

1892 2409 2090 2466 usque.
2130 2393 2230 2450 Hic
2272 2397 2401 2450 vero‘
2449 2395 2644 2451 Aetius
2676 2409 2707 2450 a
2741 2393 3082 2450 cohareticis
3139 2393 3294 2464 ipsis,
3331 2394 3477 2463 quod

1893 2489 2043 2560 ipsos
2071 2488 2348 2558 impietate
2375 2497 2679 2557 superaret,
2720 2495 2780 2541 ut
2809 2486 2898 2540 hic
2929 2486 3160 2557 ipsemet
3192 2485 3356 2541 etiam
3388 2485 3477 2540 in-

1893 2577 2038 2634 vitus
2087 2587 2298 2644 narrat,
2326 2578 2618 2634 diaconatu
2677 2578 3003 2646 submotus;
3036 2579 3106 2633 ab
3151 2577 3478 2648 impiissimo

1893 2683 2024 2726 vero
2073 2667 2292 2726 Juliano
2341 2679 2626 2727 revocatus
2676 2684 2738 2728 et.
2777 2671 3176 2727 humanissime
3222 2668 3479 2741 exceptus

1893 2759 2014 2815 fuit.

1275 2958 1352 3023 De
1383 2957 1609 3025 Basilio,
1634 2977 1700 3014 ex
1727 2958 1907 3016 Photii
1931 2960 2194 3019 Biblioth.
2232 2982 2285 3020 η.
2323 2965 2414 3022 40.

261 3069 549 3124 Βασιλείου
576 3071 634 3125 δὲ
669 3069 762 3125 τού
792 3073 1033 3144 μεγάλου
1063 3073 1424 3146 ἐπεχείρησεν
1453 3075 1652 3144 ύφᾶναι
1678 3075 1795 3146 μῶ-

183 3179 316 3233 μον,
355 3161 426 3214 δι’
450 3158 513 3216 οὗ
558 3163 937 3237 λαμπρότερον
982 3165 1169 3230 ἔδειξε.
1203 3167 1314 3236 Τὴν
1361 3167 1460 3237 μὲν
1495 3167 1605 3237 γὰρ
1639 3169 1794 3238 ίσχὺν

183 3257 286 3309 καὶ
308 3255 373 3309 τὸ
403 3256 602 3320 κάλλος
634 3258 733 3328 τῆς
777 3259 834 3312 ὲν
875 3261 990 3323 τοῖς
1030 3259 1405 3331 πανηγύρεσιν
1449 3260 1666 3331 ὁμιλίας
1695 3259 1790 3312 ὑπ’

183 3345 369 3415 αὐτῆς
399 3346 502 3415 τῆς
543 3346 653 3401 τῶν
698 3348 1043 3419 πραγμάτων
1081 3349 1363 3418 ἐνεργείας
1391 3347 1620 3419 ὲὸιάσθη
1647 3363 1788 3416 συμ-

182 3436 572 3508 φθέγξασθαιο
619 3439 826 3510 θρασὺν
875 3439 919 3492 δ’
945 3439 1109 3494 αὑτὸν
1149 3440 1178 3494 6
1217 3439 1449 3504 δείλαιος
1493 3439 1783 3504 ἀποκαλεῖ,

1971 3080 2176 3136 Basilio
2205 3096 2335 3136 vero
2361 3079 2557 3152 Magno
2588 3083 2920 3137 calumniam
2957 3089 3140 3136 texere
3172 3096 3342 3137 ausus
3371 3093 3456 3137 est

1895 3188 2004 3243 qua
2038 3172 2392 3228 illustriorem
2427 3188 2546 3226 eum
2579 3172 2835 3227 reddidit.
2872 3170 2994 3226 Vim
3029 3172 3176 3227 enim
3221 3181 3276 3228 et
3305 3189 3477 3228 venu-

1892 3274 2088 3319 statem
2124 3264 2396 3320 sermonis
2426 3264 2479 3318 in
2512 3265 2890 3332 concionibus,
2927 3265 3046 3334 ipsa
3074 3267 3154 3321 rei
3200 3265 3475 3322 evidentia

1888 3353 2048 3410 fateri
2080 3365 2310 3410 coactus
2335 3365 2438 3410 est.
2473 3354 2848 3410 Temerarinm
2890 3365 3072 3412 tamen
3104 3357 3282 3426 ipsum
3313 3357 3476 3412 homo

1887 3446 2061 3502 futilis
2112 3448 2368 3518 appellat,
2395 3463 2496 3503 nec
2545 3449 2598 3502 in
2652 3447 2942 3503 refutando
2992 3449 3375 3512 exercitatum,
3407 3463 3488 3504 eo.

184 3530 287 3584 καὶ
328 3530 692 3600 ἀπιλογικῶν
721 3532 894 3602 λόγων
917 3533 1166 3604 ἄπειρον,
1201 3533 1303 3596 ὃτι,
1330 3535 1516 3604 φησιν,
1549 3532 1781 3587 ἀπετόλ-
1809 3512 1849 3570 C

1902 3538 2057 3609 quod,
2090 3512 2276 3604 ut-ait,
2299 3512 2556 3594 Eunomii
2591 3538 2746 3595 libris
2772 3539 3104 3609 respondere
3134 3554 3304 3596 ausus
3329 3547 3433 3595 est.

187 3637 374 3693 μησεν
401 3622 672 3692 Εὐνομίω
697 3627 818 3689 ταῖς
847 3627 1191 3695 συγγραφαῖς
1218 3623 1625 3690 ἀντιτάξασθαι.

1047 3743 1123 3797 De
1147 3741 1376 3798 Leontio
1412 3759 1494 3812 ep.
1526 3740 1777 3811 Tripolis,
1817 3741 1960 3811 apud
1988 3737 2213 3795 Suidam
2247 3740 2300 3794 in
2335 3741 2603 3808 Λεόντιος.

267 3859 378 3913 Τὸν
398 3856 640 3911 τοιοῦτον
659 3858 910 3910 Λεόντιον
934 3856 1410 3930 προσεταιρίζεται
1436 3859 1464 3910 6
1492 3855 1788 3927 κακόφρων

182 3950 579 4021 Φιλοστόργιος
617 3951 675 4002 ὲν
701 3952 768 4020 τῇ
800 3948 966 4019 βίϐλῳ
993 3950 1114 4001 ἀντὶ
1133 3947 1249 4012 τοῦ,
1278 3948 1353 4012 ὡς
1377 3947 1657 4020 ὁμόφρονα
1686 3945 1787 4017 τῆς

200 4043 559 4113 ’Δρειανικῆς
585 4041 751 4095 αὑτοῦ
779 4039 1216 4113 κακοφροσύνης.

1965 3851 2127 3904 l-lnne
2157 3867 2288 3907 vero
2319 3850 2606 3906 Leontium
2633 3853 2740 3906 sibi
2771 3853 3014 3910 vindicat
3040 3854 3324 3925 improbus
3343 3855 3488 3910 Phi-

1891 3943 2185 4014 lostorgius
2214 3943 2268 3998 in
2301 3944 2442 4000 libro
2471 3983 2486 4000 .
2515 3983 2533 4001 .
2557 3983 2576 4001 .
2608 3945 2757 4002 velut
2787 3947 3216 4002 consentientem
3254 3948 3476 4006 Ariaua

1891 4051 2007 4091 suae
2036 4034 2394 4104 improbitati.

282 4173 366 4228 De
393 4171 652 4240 Iordane,
679 4184 727 4229 et
759 4175 825 4229 de
856 4173 1124 4238 Paueade,
1155 4174 1294 4244 quod
1326 4175 1477 4228 habet
1507 4171 1741 4229 Joannes
1769 4173 1849 4227 An

1902 4170 2136 4226 ochensia
2199 4163 2337 4238 Περὶ
2373 4167 2753 4240 ἀρχαιολογίας
2789 4167 2900 4224 ἀπὸ
2929 4163 3032 4235 τῆς
3071 4162 3312 4247 ἱστορίας

1631 4267 2032 4339 Φιλοστοργίου.

272 4367 398 4420 Ἐπ’
421 4364 672 4435 ἐσχάτοις
698 4363 796 4434 τῆς
825 4362 1186 4434 Παλαιστίνης
1218 4363 1475 4433 τέρμασι,
1514 4359 1631 4431 μεθ’
1653 4359 1719 4430 ἢν
1749 4360 1781 4430 ἡ

1966 4354 2048 4409 Ad
2073 4363 2350 4409 extremos
2373 4351 2676 4409 Palaestinae
2707 4354 2864 4420 lines,
2912 4364 3205 4426 postquam
3253 4353 3477 4412 Phaeni-

186 4443 324 4514 θεῶν’
355 4457 622 4512 Φοινίκων
674 4455 974 4527 ἐκδέχεται,
1006 4459 1185 4510 κεῖται
1232 4457 1386 4519 πόλις
1431 4455 1541 4507 Δάν
1592 4455 1787 4524 όνομα-
1821 4441 1849 4496 ιλ

1902 4447 1974 4503 eia
1999 4447 2224 4516 excipit,
2258 4447 2362 4502 sita
2385 4455 2471 4502 est
2504 4445 2636 4501 urbs
2673 4461 2797 4517 quae
2827 4438 2944 4500 Dari
2997 4448 3151 4518 prius
3180 4447 3478 4502 vocabatur

191 4551 390 4604 σθεῖσα
423 4549 690 4620 πρότερον
713 4550 777 4602 ὲκ
805 4549 903 4619 τῆς
932 4548 1026 4601 τοῦ
1047 4549 1153 4602 Δάν
1177 4546 1372 4617 φυλῆς,
1401 4546 1640 4617 ὁπηνίκα
1662 4545 1791 4616 χρό-

191 4659 284 4695 νον
313 4642 403 4696 ὲπ’
432 4643 534 4695 οὐκ
569 4641 750 4708 ὀλίγον
783 4633 930 4694 οὗτοι
959 4640 1023 4712 δὴ
1055 4639 1205 4710 μόνοι
1237 4639 1331 4692 τοῦ
1369 4639 1568 4702 παντὸς
1605 4637 1792 4700 ἔθνους

195 4733 569 4805 πλανώμενοι,
601 4733 907 4786 τελευταῖον
952 4732 1020 4784 τά
1060 4730 1234 4804 ταύτῃ
1278 4731 1639 4801 κατασχόντες
1683 4747 1793 4801 χω-

199 4826 316 4899 ρία,
355 4825 517 4896 μόγις
546 4822 892 4896 ἱδρύνθησαν,
923 4825 1019 4878 καὶ
1049 4823 1203 4875 πόλιν
1230 4823 1321 4876 ἐπὶ
1341 4825 1452 4886 τοῖς
1483 4823 1671 4893 ἄκροις
1691 4822 1791 4874 αύ-

196 4917 311 4972 τῶν
340 4917 494 4988 ὄρεσι
518 4916 859 4986 δειμάμενοι,
883 4913 982 4986 τὴν
1008 4913 1101 4967 τοῦ
1123 4913 1404 4985 Φυλάρχου
1428 4913 1576 4982 σφῶν
1602 4913 1794 4983 ἐπέθη-

200 5025 305 5061 καν
356 5004 572 5075 κλῆσιν.
606 5003 717 5057 Καὶ
763 5001 923 5056 τοῦτο
971 4998 1039 5074 ἦν
1079 5001 1180 5072 τῆς
1214 5001 1475 5062 Ἰουδαίας
1507 4999 1534 5051 6
1567 4999 1792 5069 ἔσχατος

203 5098 343 5169 πρὸς
377 5095 634 5164 Φοινίκην
664 5093 808 5162 ὅρος.
837 5091 1053 5163 Ταύτην
1085 5091 1262 5162 χρόνῳ
1293 5089 1517 5160 ὕστερον
1547 5087 1792 5160 Ἡρώδης

201 5194 232 5244 6
261 5188 444 5260 μέγας
475 5187 862 5256 οἰκοδομήσας,
889 5186 1225 5256 Καισάρειαν
1252 5182 1520 5236 Φιλίππου
1557 5183 1793 5252 μετωνό-

206 5299 353 5355 μασε
371 5295 387 5310 ·
437 5278 533 5331 νῦν
566 5277 622 5331 δὲ
654 5276 867 5340 Πανεάς
891 5280 1003 5330 εστι
1030 5277 1193 5330 καλου
1203 5277 1358 5346 μένη.
1390 5275 1463 5328 Τὸ
1487 5273 1596 5345 γὰρ
1620 5274 1794 5336 Πανὸς

205 5377 263 5428 ἐν
295 5371 476 5444 ταύτῃ
508 5369 711 5442 βρέτας
745 5369 1096 5438 στησάμενοι,
1126 5371 1206 5431 είς
1233 5368 1392 5420 τοῦτο
1423 5368 1521 5439 τὴν
1566 5366 1665 5438 τῆς
1699 5366 1798 5419 πό-

202 5468 340 5528 λεως
363 5462 602 5536 ἔτρεψαν
625 5462 1018 5534 προσηγορίαν.
1039 5463 1125 5516 Ἐν
1144 5460 1316 5532 ταύτῃ
1336 5464 1404 5532 τῇ
1432 5461 1665 5514 Πανεάδι
1685 5460 1806 5515 τῶν¹

204 5557 300 5612 τοῦ
336 5555 608 5628 Ἰορδάνου
645 5553 839 5625 πηγῶν
870 5556 902 5626 ή
932 5554 1095 5625 ἑτέρα
1133 5555 1398 5618 τίκτεται,
1427 5553 1571 5606 δυοῖν
1595 5553 1794 5619 οὐσῶν,

205 5648 313 5703 Δάν
345 5649 412 5700 ὲκ
440 5643 537 5700 τοῦ
568 5644 800 5698 παλαιοῦ
829 5645 1094 5715 ὀνόματος
1137 5643 1217 5696 ἔτι
1262 5646 1357 5697 καὶ
1399 5642 1494 5696 νῦν
1535 5641 1796 5714 ὀνομαζο-

209 5742 347 5814 μένη
373 5758 385 5769 ·
437 5739 537 5808 τὴν
584 5736 692 5807 γὰρ
725 5737 937 5809 ἑτέραν,
970 5739 1090 5807 ητις
1124 5736 1226 5807 Ἰὸρ
1272 5735 1627 5798 ἐπικαλεῖται,
1669 5737 1796 5808 1:69-

1893 4536 1960 4592 de
1990 4537 2132 4590 tribu
2178 4537 2287 4590 Dan
2325 4554 2338 4589 :
2375 4550 2485 4604 quo
2510 4544 2753 4604 tempore
2798 4549 2974 4604 eoque
3029 4534 3171 4589 haud
3222 4551 3390 4604 parvo
3420 4537 3474 4589 hi

1893 4629 1995 4684 soli
2044 4630 2210 4682 totius
2253 4627 2429 4694 gentis
2455 4637 2720 4692 errantes,
2755 4627 2969 4680 tandem
3001 4626 3138 4681 locis
3173 4626 3279 4680 illis
3311 4641 3476 4681 occu-

1892 4722 2034 4791 patis
2071 4721 2159 4774 vix
2189 4727 2243 4774 et
2268 4734 2410 4790 aegre
2439 4718 2825 4777 consederunt.
2866 4718 3166 4787 urbemque
3199 4718 3264 4771 ad
3295 4726 3475 4773 extre-

1892 4827 2013 4867 mos
2061 4826 2254 4865 eorum
2306 4811 2441 4865 lines
2497 4799 2849 4874 aediﬁcantes,
2890 4807 3179 4878 Phylarchi
3229 4810 3472 4878 ipsorum

1893 4918 2092 4956 nomen
2118 4901 2449 4956 indiderunt.
2471 4899 2676 4969 Hicque
2700 4899 2925 4953 ultimus
2949 4909 3065 4952 erat
3092 4897 3293 4954 Judaza:
3316 4898 3475 4955 Plite-

1892 4996 2092 5050 niciam
2122 5009 2316 5048 versus
2349 4977 2636 5049 terminus.
2661 4990 2812 5046 Hanc
2837 5007 2961 5046 cum
2985 4990 3228 5048 Herodes
3247 4992 3476 5065 Magnus

1895 5088 2294 5158 posterioribus
2343 5086 2680 5156 temporibus
2728 5084 3072 5151 aediﬁcasset,
3121 5092 3332 5141 mutato
3370 5101 3474 5142 no-

1893 5181 2038 5235 mine
2061 5178 2365 5234 Catsareatn
2392 5177 2623 5246 Philippi
2655 5178 2866 5232 vocavit
2892 5195 2906 5243 ;
2933 5192 3079 5232 nunc
3102 5193 3233 5232 vero
3262 5177 3474 5235 Paneas

1895 5283 2139 5329 vocatur.
2170 5272 2315 5327 Cum.
2358 5271 2502 5325 enim
2553 5270 2717 5324 Panis
2751 5270 2806 5324 in
2841 5287 2904 5323 ea
2933 5269 3287 5325 simulacrum
3320 5272 3472 5342 posi-

1894 5376 2008 5419 tum
2038 5363 2250 5428 fuisset,
2284 5375 2480 5415 nomen
2517 5361 2661 5414 istud
2712 5361 2840 5415 urbs
2887 5360 2975 5415 illa
3009 5361 3239 5432 accepit.
3273 5361 3329 5414 ln
3371 5361 3474 5416 hac

1894 5456 2142 5513 Paneade
2163 5455 2296 5509 alter
2315 5470 2345 5507 e
2365 5453 2577 5508 duobus
2601 5451 2856 5507 Jordanis
2877 5451 3120 5509 fontibus
3143 5454 3317 5508 oritur
3341 5453 3474 5524 (duo

1895 5552 2040 5606 enim
2088 5548 2263 5603 fontes
2294 5545 2454 5615 sunt)
2478 5547 2572 5615 qui
2601 5545 2715 5600 Dan
2740 5548 3037 5601 etiamnum
3070 5561 3136 5601 ex
3171 5545 3344 5601 veteri
3374 5560 3473 5600 no—

1896 5645 2042 5699 mine
2075 5650 2339 5706 vocatur;
2394 5641 2624 5695 alterum
2669 5655 2799 5695 vero
2847 5641 2939 5709 qui
2992 5637 3087 5694 Jor
3132 5638 3474 5704 nominatur,

1899 5735 2087 5806 procul
2118 5734 2184 5789 ab
2218 5733 2309 5788 illo
2339 5733 2530 5789 stadiis
2557 5733 2772 5789 circiter
2806 5731 2926 5797 -l60,
2962 5732 3114 5788 collis
3151 5731 3374 5801 quidam
3403 5748 3470 5786 ea
