3842 6324
349 316 455 371 tm
1450 316 1954 373 SUPPLEMENTA
1989 311 2615 376 PHILOSTORGIANA.
2709 266 2790 333 ’θ’
3530 311 3637 374 623

357 428 544 485 eodem
582 435 767 482 monte
792 426 1088 498 profundit.
1113 428 1188 482 Ex
1220 440 1452 499 utroque
1483 432 1676 486 horum
1709 432 1942 488 eﬂ‘undi-

2065 432 2219 487 Βωθεν
2244 433 2414 504 αὐτῆς
2441 433 2518 497 ὡς
2550 431 2658 486 ἀπὸ
2686 431 2914 485 σταδίων
2940 439 3018 502 ρξ’
3046 430 3278 493 κολωνός
3306 445 3390 491 τις
3415 427 3509 480 τοῦ
3543 428 3635 482 a6-

356 521 446 576 tui'
473 519 670 575 ﬂuvius
693 519 782 574 hic
805 521 1022 589 quidem
1053 519 1288 583 Jorates,
1310 522 1450 575 sicut
1476 523 1565 576 ille
1595 523 1817 578 Danites
1845 539 1943 577 vo-

2065 526 2134 578 :06
2188 526 2443 598 προίησιν
2489 516 2778 595 δρους.Ὦν
2804 524 2865 588 ἐξ
2898 521 3168 593 ἑκατέρας
3204 520 3317 591 (ιὲ)
3355 521 3639 590 προχεῖται

356 619 534 666 catur.
569 608 671 676 Qui
700 625 795 680 per
828 618 1070 663 montem
1103 608 1289 674 delati,
1316 609 1405 664 ubi
1436 611 1491 664 in
1527 613 1685 680 plana
1714 613 1941 669 descen-

357 704 558 768 derint,
600 703 724 757 inde
761 702 874 771 jam
925 700 1228 767 conﬂuunt,
1265 704 1674 772 maximumque
1717 703 1941 758 ﬂuvium

358 793 596 848 eﬂiciunt
628 791 944 848 Jordanem.
975 792 1077 858 Qui
1124 793 1318 848 eximie
1351 802 1404 848 et
1435 809 1606 864 aquas
1653 791 1706 850 et
1744 811 1942 850 nomen

361 887 646 954 utriusque
671 885 722 938 in
753 901 922 939 unum
953 887 1339 950 commiscens,
1370 901 1464 956 per
1487 888 1664 942 lacum
1698 886 1948 941 Tiberia-

359 975 445 1030 dis
480 976 698 1041 transit,
728 977 964 1031 medium
992 992 1119 1032 eum
1148 992 1360 1040 secans,
1389 992 1591 1047 perque
1617 987 1787 1032 totum
1821 993 1947 1032 cum

361 1065 582 1135 proprio
637 1067 790 1122 alveo
846 1065 1042 1130 ﬂuens,
1075 1066 1257 1138 quoad
1298 1082 1473 1137 usque
1522 1068 1590 1122 ad
1639 1070 1946 1138 oppositam

363 1158 730 1214 continentem
767 1160 1080 1230 perveniat;
1117 1159 1220 1214 sibi
1247 1159 1351 1228 ipsi
1373 1160 1600 1230 aequalis
1645 1175 1860 1229 semper
1888 1174 1952 1216 ac

365 1251 584 1306 similis.
618 1250 749 1306 inde
775 1252 888 1322 jam
943 1268 1038 1321 per
1089 1252 1436 1307 Palmstiiiarn
1471 1252 1681 1318 labens,
1723 1262 1867 1308 totus
1897 1253 1952 1308 in

365 1359 517 1398 n‘iare
551 1346 694 1414 quod
723 1343 995 1399 Mortuum
1026 1345 1223 1400 dicitur
1253 1345 1482 1413 illapsus
1505 1345 1896 1414 exstinguitur.

2041 616 2306 687 ποταμὸς,
2342 618 2370 669 6
2415 616 2512 686 μὲν
2555 615 2814 686 Ἰοράτης,
2858 618 2888 668 6
2919 613 2977 666 δὲ
3012 613 3241 681 Δανίτης
3281 608 3641 680 ἐπικαλούμε-

2041 724 2159 770 νος’
2197 708 2245 760 οἳ
2279 705 2367 759 διὰ
2400 707 2494 759 τοῦ
2545 708 2705 779 ὅρους
2754 706 3068 778 ἐνεχθέντες
3115 704 3306 774 ἐπειδὴ
3337 703 3639 758 κατασαῖεν
3661 699 3674 705 ’

2043 800 2122 862 εἰς
2155 798 2215 852 τὸ
2253 799 2451 863 πεδίον,
2482 799 2715 852 ἐνταῦθα
2761 799 2860 870 ἤδη
2907 799 3171 864 ξυνίασιν,
3205 799 3300 850 καὶ
3342 796 3444 850 ἕνα
3483 795 3632 866 μέγι-

2045 908 2169 944 στον
2217 889 2538 944 ἀποτελοῦσι
2587 891 2853 962 ποταμὸν,
2883 891 2976 944 τὸν
3014 889 3414 960 Ἰορδάνην.Έν
3440 885 3623 955 ταυτῷ

2047 983 2146 1055 ἥδη
2193 985 2254 1036 τό
2300 1001 2359 1036 τε
2393 983 2572 1055 ῥεῦμα
2607 985 2703 1037 καὶ
2741 984 2837 1054 τὴν
2873 981 3250 1055 προσηγορίαν
3277 980 3628 1051 κιρνάμενος,

2046 1075 2148 1146 τὴν
2197 1077 2298 1146 τῆς
2346 1075 2666 1147 Τιϐεριάδος
2693 1076 2916 1140 διέξεισι
2957 1075 3174 1146 λίμνην,
3221 1073 3395 1144 μέσην
3428 1071 3639 1141 τέμνων

2047 1164 2238 1236 αὐτὴν,
2271 1166 2365 1218 καὶ
2397 1166 2464 1219 δι’
2489 1166 2617 1236 ὅλης
2645 1166 2819 1236 αὐτῆς
2854 1168 2912 1218 ἐν
2946 1164 3023 1236 τῷ
3050 1165 3236 1235 οἰκείῳ
3260 1162 3405 1233 ὁλκῷ
3449 1161 3639 1232 ῥεόμε-

2049 1272 2139 1319 νος
2167 1257 2279 1326 (15)
2335 1257 2528 1328 μέχρις
2573 1257 2638 1310 ἂν
2686 1258 2780 1310 ἐπὶ
2827 1256 2927 1327 τὴν
2976 1256 3265 1308 κατέναντι
3317 1253 3639 1323 ἐκπεράσειε

2051 1348 2175 1417 γῆν,
2211 1348 2325 1412 ἴσος
2348 1350 2510 1413 αὐτὸς
2536 1348 2716 1419 ἐαυτῷ
2741 1349 2835 1402 καὶ
2868 1349 3251 1420 παραπλήσιος
3275 1345 3349 1398 ὢν
3370 1363 3384 1376 ο
3414 1342 3636 1398 κάντεῦ-

366 1436 457 1489 θεν
485 1437 588 1506 ἤδη
624 1436 714 1490 διὰ
741 1437 841 1508 τῆς
873 1437 1238 1508 Παλαιστίνης
1311 1437 1571 1506 ἐνεχθεὶς,
1610 1436 1755 1500 ἄπας
1826 1437 1905 1500 είς
1935 1440 2033 1511 τὴν
2074 1441 2296 1510 Νεκρὰν
2339 1441 2680 1512 καλουμένην
2742 1440 3010 1494 εἰσπεσὼν
3074 1438 3393 1509 ἀφανίζεται
3449 1424 3654 1490 θάλασς’

367 1545 486 1582 σαν.

519 1665 590 1720 De
616 1665 976 1736 Apollinario,
1013 1663 1232 1736 Basilio.
1261 1675 1313 1717 et
1337 1661 1600 1736 Gregorio
1626 1662 2004 1736 Nazianzeno._
2023 1663 2162 1736 quod
2191 1662 2473 1736 ipsifsintis
2519 1659 2860 1736 Philestorgii
2891 1661 3058 1713 verbis
3089 1662 3326 1714 recitatis
3352 1661 3508 1714 habet

1076 1734 1275 1788 Suidas
1304 1731 1470 1787 tribus
1497 1734 1647 1798 locis,
1681 1736 1732 1788 in
1761 1751 1807 1788 v.
1828 1735 1959 1788 Ἀπο

2065 1733 2252 1804 ράριος,
2285 1733 2584 1796 Βασίλειος,
2616 1731 2936 1803 Γρηγόριος.

441 1879 808 1951 Apollinarins
838 1876 982 1931 enim
1029 1875 1136 1930 illis
1164 1874 1503 1943 temporibus
1537 1872 1720 1926 ﬂoruit
1749 1872 1950 1927 Laodi-
1981 1880 2027 1939 Β

370 1989 480 2028 ceae
530 1971 719 2044 Syriae,
761 1978 816 2024 et
871 1967 1106 2023 Basilius
1157 1966 1418 2020 Caesarea:
1467 1965 1846 2034 Cappadociae,
1901 1973 1955 2018 et

371 2063 667 2135 Gregorius
695 2059 957 2116 Nazianzi
996 2077 1008 2112 :
1047 2068 1129 2112 est
1152 2073 1280 2112 vero
1313 2057 1465 2111 locus
1501 2056 1588 2109 hic
1619 2056 1780 2109 statio
1802 2055 1953 2124 ejus-

371 2158 493 2211 dem
521 2152 896 2224 Cappadociae.
931 2149 1066 2206 Tres
1100 2164 1227 2204 vero
1256 2148 1360 2201 viri
1398 2147 1487 2202 isti
1529 2157 1657 2200 tunc
1688 2148 1954 2199 homoou-

372 2249 494 2307 sion
543 2246 984 2320 propugnabant,
1017 2243 1280 2297 adversus
1326 2239 1740 2303 beteroousion,
1794 2238 1955 2307 longe

373 2347 696 2411 superantes
751 2352 944 2393 omnes
975 2336 1072 2406 qui.
1114 2335 1285 2403 prius,
1346 2331 1553 2402 quique
1597 2330 1851 2399 deinceps
1886 2328 1956 2382 ad

372 2448 549 2488 meam
585 2439 800 2486 atatem
851 2441 1024 2497 usque
1071 2426 1148 2479 illi
1183 2423 1374 2479 haeresi
1406 2422 1774 2493 praefuerunt;
1819 2421 1955 2474 adeo

372 2531 435 2577 ut
459 2536 569 2592 pra:
591 2520 660 2575 iis
684 2519 1016 2574 Athanasius
1043 2531 1176 2586 puer
1221 2515 1560 2585 judicaretur
1597 2530 1610 2565 :
1651 2528 1774 2566 nam
1816 2522 1868 2567 et
1901 2513 1955 2567 in

371 2630 440 2670 eo
473 2613 738 2670 doctrinae
767 2624 964 2681 genere
993 2608 1137 2678 quod
1167 2616 1453 2662 externum
1492 2608 1609 2675 (seu
1642 2604 1954 2674 profanum)

373 2707 596 2772 dicitur,
649 2704 945 2774 plurimum
1008 2701 1064 2753 hi
1113 2700 1456 2770 profecerant
1507 2717 1520 2751 :
1570 2707 1623 2751 et
1674 2694 1956 2752 sacrarum

376 2798 810 2868 Scripturarnm,
848 2807 1192 2864 quaecunque
1225 2793 1292 2846 ad
1348 2792 1637 2846 lectionem
1681 2801 1734 2844 et
1773 2805 1953 2859 prom-

376 2899 525 2961 ptam
560 2887 880 2942 memoriam
905 2883 1277 2946 conferebant,
1299 2897 1550 2952 magnam
1581 2881 1830 2936 notitiam
1861 2879 1960 2934 ha-

374 2979 599 3038 bebant,
629 2985 683 3031 et
705 2976 845 3029 inter
875 2990 972 3030 eos
1006 2974 1242 3028 maxime
1263 2973 1635 3043 Apollinarius
1661 2991 1672 3026 :
1703 2972 1793 3026 hic
1815 2973 1958 3026 enim

377 3070 701 3126 Hebraicam
732 3068 895 3123 etiam
933 3067 1173 3136 linguam
1204 3065 1504 3134 intelligere
1545 3072 1778 3134 poterat.
1815 3065 1957 3132 Quin

377 3177 432 3222 et
461 3163 840 3234 unusquisque
885 3175 1072 3216 eorum
1107 3161 1160 3213 in
1197 3175 1297 3214 suo
1332 3158 1529 3228 singuli
1564 3173 1760 3226 genere
1788 3157 1960 3226 pluri-

381 3273 530 3312 mum
565 3255 706 3326 stylo
734 3254 986 3309 valebant
1033 3270 1044 3306 :

378 3362 578 3420 genere
635 3346 780 3416 quod
841 3343 1399 3400 commentationibus
1452 3351 1536 3397 est
1590 3342 1961 3411 aptissimum,

381 3437 543 3508 longe
569 3437 896 3507 prazstabat;
925 3435 1160 3490 Basilius
1181 3450 1308 3489 vero
1335 3433 1388 3487 in
1418 3449 1613 3505 genere
1638 3434 1966 3504 pancgyrico

381 3529 860 3600 splendidissimus
881 3536 1017 3585 erat.
1038 3527 1105 3581 At
1127 3526 1376 3597 Gregorii
1406 3542 1529 3580 cum
1557 3535 1790 3595 utroque
1813 3541 1966 3579 com-

381 3619 557 3690 parati
585 3619 782 3683 oratio,
809 3618 1185 3672 sublimiorem
1237 3618 1288 3670 in
1333 3616 1632 3686 scriptione
1660 3616 1838 3670 locum
1872 3615 1968 3669 ob-

382 3712 566 3766 tinuit.
591 3711 806 3766 Etenim
838 3710 1179 3780 Apollinario
1224 3719 1340 3764 erat
1383 3708 1602 3763 uberior
1630 3709 1683 3762 in
1715 3708 1965 3772 dicendo,

383 3806 584 3865 Basilio
613 3821 742 3859 vero
772 3807 1006 3875 gravior.
1033 3803 1168 3858 Cum
1201 3813 1380 3858 autem
1435 3805 1524 3859 isti
1574 3812 1722 3858 tanta
1753 3803 1968 3859 dicendi

383 3907 438 3951 et
475 3897 745 3952 scribendi
771 3907 825 3952 et
859 3896 1118 3951 facultate
1149 3897 1357 3966 pl‘iCdlli
1395 3906 1597 3959 essent,
1633 3913 1740 3950 non
1786 3898 1969 3953 minus

384 3986 546 4042 etiam
583 4001 759 4041 mores
785 4003 895 4056 prae
925 4002 984 4041 se
1015 3988 1258 4040 tulerunt
1285 3987 1351 4040 ad
1381 3987 1726 4047 allieiendam
1771 3988 1838 4041 ad
1882 3988 1966 4042 sui

385 4078 754 4149 spectaculum
807 4078 1210 4132 multitudinem
1253 4087 1408 4147 aptos
1446 4095 1460 4130 :
1499 4079 1637 4132 adeo
1689 4089 1744 4133 ut
1796 4094 1892 4133 cos
1936 4095 1966 4132 a

386 4172 593 4241 quibus
634 4170 1106 4238 conspicerentur,
1132 4180 1186 4226 et
1234 4172 1375 4240 apud
1409 4187 1550 4241 quos
1599 4173 1764 4226 verba
1822 4171 1995 4245 face-_

388 4271 530 4326 rent,
557 4269 613 4314 et
643 4275 984 4330 quacunque
1018 4264 1217 4332 scripta
1245 4263 1484 4327 ederent,
1517 4263 1742 4318 omnino
1771 4273 1973 4333 pertra-

390 4354 581 4408 herent
604 4351 657 4406 in
685 4351 774 4406 sui
805 4354 1273 4418 communionem,
1300 4362 1573 4424 quotquot
1617 4357 1810 4425 quavis
1840 4355 1971 4409 ista-

390 4459 518 4503 rum.
544 4443 822 4499 rationum
852 4443 1012 4502 facile
1039 4448 1157 4514 capi
1191 4456 1463 4516 poterant.

1092 3224 1460 3322 Apollinarius
1508 3224 1715 3305 scilicet
1744 3224 1958 3304 dicendi
1989 3224 2029 3281 (ἶ

2140 1870 2550 1942 Ἀπολλινάριος
2577 1869 2685 1939 γὰρ
2720 1867 2935 1940 ἤκμαζε
2967 1868 3087 1921 κατ’
3104 1867 3348 1932 ἐκείνους
3377 1869 3505 1932 τοὺς
3528 1871 3643 1942 χρό-

2059 1981 2182 2026 νους
2217 1965 2276 2016 ἐν
2306 1965 2370 2034 τῇ
2401 1963 2691 2033 Λαοδικείᾳ
2737 1963 2836 2032 τῆς
2879 1961 3100 2031 Συρίας,
3139 1961 3236 2014 καὶ
3272 1961 3552 2026 Βασίλειος
3587 1965 3642 2015 ἐν

2057 2056 2365 2126 Καισαρείᾳ
2408 2056 2507 2126 τῆς
2541 2055 2962 2118 Καππαδοκίας,
3009 2056 3102 2108 καὶ⁵
3147 2054 3449 2127 Γρηγόριος
3490 2056 3548 2108 ἐν
3578 2058 3641 2127 τῇ

2056 2147 2378 2219 Ναζιανζῷ·
2421 2145 2660 2218 σταθμὸς
2694 2147 2751 2200 δὲ
2785 2140 2940 2211 οὗτος
2976 2149 3004 2200 6
3049 2147 3212 2209 τόπος
3246 2148 3364 2199 ἐστὶ
3408 2147 3510 2219 τῆς
3550 2148 3642 2199 αὖ·

2055 2242 2154 2313 τῆς
2186 2240 2604 2304 Καππαδοκίας.
2639 2241 2799 2312 Τρεῖς
2853 2239 2910 2293 δὲ
2955 2232 3102 2292 οὗτοι
3147 2239 3339 2310 ἄνδρες
3384 2239 3510 2292 τότε
3551 2239 3643 2292 τοῦ

2056 2331 2343 2403 ὁμοουσίου
2379 2331 2732 2402 προὺμάχουν
2762 2330 2904 2384 κατὰ
2934 2329 3028 2383 τοῦ
3065 2329 3424 2400 ἐτεροουσίου,
3456 2329 3643 2400 μακρῷ

2058 2425 2269 2488 πάντας
2324 2424 2756 2496 παρενεγκόντες
2799 2423 2924 2486 τοὺς
2973 2421 3238 2493 πρότερον
3279 2422 3388 2475 καῖ’
3424 2421 3642 2492 ὕστερον

2059 2517 2219 2588 ἄχρις
2242 2514 2376 2586 ἐμοῦ
2399 2515 2498 2586 τῆς
2526 2515 2792 2586 αἱρέσεως
2826 2515 3168 2585 προστάντας
3189 2531 3202 2544 ·
3230 2514 3306 2578 ὡς
3331 2516 3497 2568 παῖδα
3519 2516 3642 2586 παρ’

2059 2612 2243 2674 αὐτοῖς
2287 2608 2540 2680 κριθῆναι
2589 2609 2680 2661 τὸν
2719 2606 3055 2661 Ἀθανάσιον.
3089 2608 3199 2679 Τῆς
3227 2625 3284 2660 τε
3310 2608 3420 2678 γὰρ
3455 2609 3643 2675 ἔξωθεν

2060 2701 2401 2772 καλουμένης
2431 2699 2764 2763 παιδεύσεως
2784 2700 2876 2753 ἐπὶ
2904 2699 3152 2752 πλεῖστον
3176 2693 3321 2753 οὗτοι
3353 2701 3645 2771 προεληλύ-

2063 2793 2268 2858 θεισαν,
2300 2793 2397 2845 καὶ
2423 2790 2530 2844 τῶν
2564 2792 2726 2862 ἱερῶν
2757 2790 2989 2861 Γραφῶν
3020 2790 3194 2844 ὁπόσα
3233 2794 3313 2855 εἰς
3343 2793 3644 2859 ἀνάγνωσιν

2062 2885 2156 2938 καὶ
2187 2885 2286 2956 τὴν
2316 2884 2604 2956 πρόχειρον
2655 2885 2875 2954 μνήμην
2921 2884 3112 2947 ἐτέλει,
3142 2883 3341 2954 πολλὴν
3385 2879 3528 2954 εἶχον
3553 2883 3644 2952 τὴν

2063 2977 2354 3049 ἐμπειρίαν
2376 2994 2388 3007 ·
2420 2977 2514 3029 καὶ
2553 2975 2788 3046 μάλιστά
2825 2993 2888 3043 γε
2918 2974 3098 3028 αὐτῶν
3140 2976 3168 3027 6
3206 2976 3604 3045 Ἀπολλινάριος
3627 2990 3641 3004 ο

2063 3063 2216 3134 οὗτος
2248 3071 2357 3141 γὰρ
2391 3070 2454 3141 δὴ
2509 3071 2604 3122 καὶ
2649 3069 2752 3139 τῆς
2788 3068 3066 3140 Ἐϐραΐδος
3112 3067 3392 3129 διαλέκτου
3446 3067 3646 3120 ἐπαΐειν

2063 3158 2176 3225 οἷός
2199 3179 2258 3214 τε
2287 3157 2375 3232 ἦν.
2407 3162 2517 3214 Καὶ
2550 3161 2657 3240 μὴν
2705 3160 2799 3213 καὶ
2834 3159 3169 3230 συγγράφειν
3201 3158 3434 3221 ἕκαστος
3474 3158 3531 3220 ἐς
3560 3156 3647 3208 τὸν

2065 3251 2228 3306 αὑτοῦ
2260 3252 2462 3323 τρόπον
2489 3247 2556 3322 ἦν
2588 3249 2948 3313 ἱκανώτατος
2979 3249 3056 3320 τῷ
3097 3249 3196 3320 μέν
3227 3265 3291 3316 γε
3337 3248 3644 3301 Ἀπολλινα-

2065 3346 2166 3417 ρίῳ
2193 3345 2254 3398 τὸ
2283 3344 2738 3415 ὑπομνηματικὸν
2767 3339 2907 3406 εἶδος
2931 3343 3031 3413 τῆς
3059 3341 3276 3407 λέξεως,
3307 3341 3507 3412 μακρῷ
3533 3340 3647 3411 άρι-

2066 3454 2165 3490 στα
2196 3433 2337 3508 εἶχεο
2372 3437 2650 3501 Βασίλειος
2680 3436 2736 3489 δὲ
2765 3436 3136 3506 πανηγυρίσαι
3156 3433 3543 3504 λαμπρότατος
3563 3428 3645 3503 ἧν.

2065 3528 2157 3600 Τῷ
2189 3529 2247 3582 δέ
2280 3547 2344 3598 γε
2374 3530 2413 3581 Γ
2419 3529 2683 3601 ρηγορίῳ,
2713 3528 2807 3581 καὶ
2857 3527 2987 3598 παρ’
3016 3527 3349 3597 ἀμφοτέροις
3399 3525 3646 3591 ἐξεταζο-

2069 3624 2235 3696 μένῳ,
2260 3623 2428 3694 μείζω
2462 3623 2619 3693 βάσιν
2653 3624 2732 3685 εἰς
2767 3621 3092 3692 συγγραφὴν
3125 3615 3267 3689 εἶχεν
3293 3621 3321 3672 6
3350 3619 3530 3687 λόγος.
3549 3618 3649 3671 Καὶ

2067 3712 2134 3788 ἦν
2169 3719 2344 3770 εἰπεῖν
2383 3713 2790 3786 Ἀπολλιναρίου
2821 3713 2919 3783 μὲν
2957 3712 3262 3783 ἁδρότερος,
3294 3711 3574 3763 Βασιλείου
3600 3708 3648 3761 δὲ

2071 3809 2495 3880 παθεριῦτερος.
2531 3806 2810 3876 Τοσαῦτης
2856 3807 2911 3859 δὲ
2942 3807 3124 3868 αὐτοῖς
3155 3807 3211 3857 ὲν
3242 3803 3320 3874 τῷ
3347 3803 3528 3870 λέγειν
3563 3802 3648 3854 καὶ

2067 3903 2299 3973 γράφειν
2339 3901 2624 3971 δυνάμεως
2650 3897 2838 3969 οὔσης,
2877 3899 2968 3951 καὶ
3003 3897 3062 3950 τὸ
3089 3893 3218 3968 ἦθος
3249 3895 3399 3948 οὐδὲν
3430 3892 3648 3967 ἧττονοὶ

2068 3995 2260 4067 ἄνδρες
2292 3995 2611 4065 παρείχοντο
2634 3993 2769 4065 πρὸς
2789 3992 2886 4065 τὴν
2911 3991 3018 4045 τῶν
3046 3989 3255 4044 πολλῶν
3280 3989 3406 4041 Οέαν
3443 3990 3646 4056 ἐπαγω-

2068 4090 2295 4156 γότατον
2315 4104 2328 4118 ·
2379 4086 2520 4140 ὥστε
2570 4086 2665 4139 καὶ
2709 4080 2790 4150 οἷς
2811 4084 3054 4156 ὼρῶντο,
3086 4083 3178 4137 καὶ
3209 4077 3289 4145 οἷς
3319 4082 3528 4150 ἔλεγον,
3562 4079 3644 4133 καὶ

2068 4180 2243 4234 ὁπόσα
2289 4179 2590 4250 γράφοντες
2634 4176 2947 4243 διεδίδοσαν,
2989 4176 3079 4230 διὰ
3117 4176 3334 4229 πάντων
3378 4174 3545 4244 ᾕρουν
3576 4173 3643 4233 είς

2070 4275 2168 4344 τὴν
2203 4274 2410 4326 ἐαυτῶν
2441 4271 2725 4325 κοινωνίαν
2763 4271 2888 4333 τοὺς
2929 4269 3052 4323 καθ’
3081 4268 3254 4324 ὁτιοῦν
3290 4267 3471 4322 αὐτῶν
3500 4267 3637 4336 εὐχεο

2074 4365 2327 4437 ρέστερον
2359 4363 2677 4418 ἁλίσκεσθαι
2711 4363 3060 4429 δυναμένους.

1637 4651 1874 4695 VALESII
1901 4649 2398 4696 ANNOTATIONES-

459 4825 579 4896 (ιε)
613 4819 728 4878 Ὧν
750 4825 819 4889 ἐξ
851 4825 1156 4896 ἑκατέρας.
1198 4823 1436 4896 Pessime
1457 4824 1601 4896 hunc
1620 4823 1799 4896 locum
1816 4820 1959 4896 Joan

2080 4820 2328 4896 dum_hic
2359 4834 2486 4896 esse
2509 4831 2706 4896 nomen
2739 4818 2950 4896 πηγῶν.

393 4893 480 4950 nis
499 4895 823 4950 Antiocheni
853 4903 1085 4950 verterat
1111 4893 1346 4949 Jacobus
1379 4894 1746 4949 Gothofredus
1772 4911 1785 4946 :
1816 4893 1974 4961 cujus

393 4981 493 5020 nos
520 4967 826 5019 versionem
857 4966 960 5019 hoc
989 4966 1108 5019 loco
1130 4966 1562 5018 eriiendavimns.
1594 4964 1686 5018 Sic
1716 4965 1859 5016 enim
1888 4967 1973 5016 in-

393 5043 722 5103 terpretatus
753 5044 835 5088 est
867 5055 879 5089 :
915 5035 963 5087 E
992 5051 1092 5104 quo
1119 5036 1364 5105 utrinque
1405 5035 1697 5102 e/fimditur
1737 5033 1972 5102 ﬂuvius;

395 5121 518 5156 rum
565 5106 880 5158 vertendum
926 5115 1090 5162 esset.
1127 5123 1192 5159 ea:
1234 5120 1452 5174 utroque
1503 5107 1688 5157 horum
1744 5105 1972 5171 fontium

395 5174 610 5242 proﬂuit
633 5176 804 5226 (mutis
833 5190 850 5227 :
879 5176 1014 5228 alter
1058 5175 1290 5238 Jorates,
1320 5180 1456 5230 alter
1505 5175 1722 5230 Danites
1773 5175 1967 5227 dictus.

398 5243 513 5299 Non
561 5245 940 5300 animadvertit
991 5248 1195 5302 scilicet
1221 5245 1588 5302 Gothofredus
1643 5245 1974 5302 subaudien-

2151 4890 2265 4962 (l5)
2299 4889 2494 4957 Ἐν·τῷ
2511 4886 3048 4957 ...ὅρκῳρεόμενος.
3071 4886 3244 4962 Unius
3262 4888 3454 4962 litterae
3480 4897 3636 4962 muta-

2077 4957 2225 5017 tione
2246 4957 2433 5015 locum
2468 4965 2614 5014 hunc
2656 4963 2844 5015 sanari
2882 4964 2982 5015 hoc
3013 4961 3174 5014 modo
3205 4977 3217 5012 :
3247 4959 3322 5028 τῷ
3356 4959 3536 5028 οἰκείῳ
3564 4957 3634 5009 ὑλ·

2077 5034 2178 5102 κῷ.
2213 5032 2682 5102 Enlendationein
2713 5041 2954 5084 nostram
3001 5027 3326 5085 confirmant
3373 5027 3562 5102 Sitidas
3588 5031 3630 5079 et

2079 5100 2402 5172 llesychius.
2431 5102 2522 5170 qui
2559 5100 2716 5154 ὁλκόν
2749 5103 2884 5155 viam
2923 5113 2976 5154 et
3020 5112 3248 5172 tractum
3275 5116 3375 5172 seu
3407 5101 3629 5172 impetum

2079 5167 2316 5243 ﬂuminis
2362 5167 2668 5243 significare
2697 5173 2962 5230 scribunt.
2994 5171 3248 5228 Facessat
3274 5170 3435 5241 igitur
3467 5167 3627 5233 conje-

2081 5241 2237 5298 ctura
2271 5241 2606 5298 Gothofrcdi.

1819 5459 2240 5476 -σ-*ψ
2252 5462 2275 5471 ς
