3842 6314
1361 275 1852 336 PHILOSTOBGII
1891 273 2341 334 FRAGMENTA.

3373 276 3482 336 630

821 670 1700 787 FRAGMENTA
1785 669 2856 788 PHILOSTORGII.

1385 965 1465 1020 Ex
1497 966 1668 1020 Suida
1705 966 1762 1021 in
1807 981 1943 1022 voce
1983 966 2314 1037 ’Δγαπητός.

278 1087 598 1158 ’Δγαπητδς
612 1085 912 1150 ἐπίσκοπος
931 1085 1201 1152 Συνάδων,
1225 1087 1284 1140 ὃν
1305 1089 1363 1140 ἐν
1381 1088 1588 1159 ἐπαίνῳ
1609 1086 1791 1156 πολλῷ

1965 1086 2243 1156 Agapctus
2298 1083 2646 1156 Synadorum
2699 1083 3020 1154 episcopus,
3081 1101 3245 1154 quem
3299 1085 3488 1140 multis

197 1176 416 1232 τίθεται
465 1176 728 1240 Εὐσέϐιος
772 1177 801 1230 ὁ
848 1175 1135 1245 Παμφίλου
1177 1175 1312 1246 (14),
1362 1178 1456 1230 καὶ
1503 1177 1794 1248 θαυμάτων

197 1267 370 1322 αὐτοῦ
399 1269 658 1334 ἐξαισίων
689 1268 912 1338 μνήμην
957 1269 1212 1330 ποιεῖται,
1252 1268 1395 1340 ὀρῶν
1437 1271 1797 1340 μεταστάσεις

199 1360 300 1413 καὶ
329 1359 618 1431 ποταμῶν,
671 1360 768 1413 καὶ
799 1358 1006 1431 νεκρῶν
1053 1359 1302 1432 ἐγᾶρσεις
1324 1378 1338 1392 ·
1376 1362 1472 1414 καὶ
1510 1362 1592 1415 ὅτι
1627 1379 1799 1434 στρα-

199 1453 408 1524 τιώτην
431 1453 562 1508 ὄντα
590 1452 859 1525 ἐϐουλήθη
887 1451 1032 1518 Μαξι
1042 1457 1192 1524 μῖνος
1216 1455 1292 1520 ὡς
1317 1456 1644 1526 Χριστιανὸν
1665 1458 1800 1511 ἀπο-

201 1548 441 1610 κτεῖναι,
476 1545 564 1599 διὰ
605 1545 668 1598 τὸ
697 1545 1060 1600 πυνθάνεσθαι
1105 1545 1333 1611 πολλοὺς
1358 1547 1428 1602 τὰ
1466 1547 1597 1620 παρ’
1628 1549 1792 1603 αὐτοῦ

199 1640 512 1710 τελούμενα
539 1639 1020 1711 ὑπεραγαμένους.

1899 1178 2155 1234 laudibus
2170 1177 2682 1234 exornatEusebius
2705 1177 2996 1246 Pamphili.
3017 1179 3346 1234 etmiracula
3369 1177 3491 1246 ejus

1903 1264 2162 1320 inusitata
2191 1275 2582 1321 commemorat
2605 1267 3038 1336 atqueinsolita;
3071 1275 3287 1323 montes
3307 1283 3372 1322 ac
3390 1269 3492 1323 tiu-

1903 1357 2022 1412 vios
2040 1357 2204 1412 alium
2225 1358 2281 1414 in
2303 1357 2482 1412 locum
2506 1358 2822 1426 translatos,
2839 1369 3086 1416 mortuos
3103 1361 3168 1416 ad
3187 1361 3354 1416 vitam
3377 1377 3494 1418 sus-

1905 1449 2126 1506 citalos.
2167 1448 2260 1503 Ait
2299 1449 2462 1504 etiam
2500 1451 2886 1520 imperatorem
2933 1451 3324 1519 Maximinum,
3363 1469 3490 1509 eum

1903 1540 2082 1595 adhuc
2109 1540 2360 1606 militem,
2403 1549 2588 1610 utpote
2613 1539 3016 1606 Christianum,
3055 1545 3360 1600 interficere
3391 1559 3490 1600 vo-

1901 1627 2094 1696 luisse,
2129 1639 2420 1699 proplerea
2449 1630 2596 1699 quod
2623 1630 2982 1700 comperisset
3013 1631 3234 1696 multos,
3262 1647 3491 1702 operqu

1903 1737 2026 1791 qua:
2055 1719 2123 1774 ab
2146 1719 2390 1790 Agapeto
2417 1720 2618 1776 fiebant
2655 1721 3022 1778 admiratione
3059 1732 3268 1793 captos,
3303 1723 3494 1778 relicto

1904 1811 2185 1884 gentilium
2219 1811 2370 1867 cultu
2404 1812 2468 1867 ad
2500 1811 2870 1868 Christianam
2907 1814 3068 1871 fidem
3090 1815 3330 1872 transire
3359 1814 3492 1886 (l5).

1448 1927 1526 1985 Ex
1558 1928 1727 1986 Suida
1760 1929 1818 1986 in
1844 1945 1980 1988 voce
2023 1931 2252 1996 Ἀέτιος.

291 2045 502 2110 Ἀέτιος
527 2045 588 2113 ἐξ
623 2045 952 2118 ’Δντιοχείας
977 2047 1078 2118 τῆς
1113 2046 1334 2120 Συρίας,
1359 2047 1676 2114 διδάσκαλος
1699 2049 1804 2102 Εὑ-

201 2139 424 2212 νομίου,
461 2138 570 2192 ἀπὸ
620 2139 892 2210 πενιχρῶν
935 2139 1030 2192 καὶ
1077 2139 1310 2193 εὐτελῶν
1353 2140 1554 2209 γονέων
1598 2141 1803 2212 τυγχά-

203 2246 336 2285 νων.
365 2230 424 2282 '0
443 2229 500 2282 δὲ
515 2229 697 2302 πατὴρ
719 2231 867 2302 αὐτῷ
891 2229 998 2284 τῶν
1013 2231 1071 2284 ἐν
1096 2233 1324 2304 στρατιᾷ
1335 2232 1706 2301 δυσπραγέστε
1717 2250 1807 2303 ρος

203 2320 606 2392 ἐνειλεγμένων
657 2324 986 2394 γενόμενος,
1041 2323 1322 2394 ἐτεθνήκει
1377 2326 1574 2397 κομιδῇ
1629 2327 1797 2380 παῖδα

206 2414 400 2468 τοῦτον
429 2415 612 2484 ἀφείς.
647 2415 818 2478 Αὐτὸς
863 2415 920 2470 δὲ
965 2417 1046 2479 εἰς
1089 2415 1315 2486 ἔσχατον
1351 2417 1587 2488 ἀπορίας
1627 2419 1800 2489 ἥκων,

207 2506 306 2558 ἐπὶ
349 2506 678 2576 χρυσοχοῖαν
733 2504 1047 2576 ἐχώρησεν,
1107 2507 1407 2578 ἀκρότατός
1453 2525 1514 2560 τε
1567 2508 1802 2577 ἐγένετο.

219 2595 380 2649 Ἐπεὶ
407 2595 464 2648 δὲ
493 2597 526 2665 ή
565 2595 728 2664 φύσις
767 2595 917 2666 αὐτῷ
955 2596 1220 2666 μειζόνων
1263 2597 1504 2670 ὠρέγετο
1547 2597 1807 2669 μαθημάο

210 2701 344 2748 των,
373 2683 508 2755 πρὸς
533 2683 756 2752 λογικὰς
781 2684 1014 2756 θεωρίας
1047 2687 1335 2758 ἐτράπετο.
1379 2691 1490 2742 Καὶ
1517 2689 1650 2760 δῆτα
1678 2705 1808 2758 συγο

209 2776 428 2844 γίνεται
471 2775 742 2847 Παυλίνῳ,
773 2777 975 2849 ἀρτίως
1005 2777 1112 2832 ἀπὸ
1150 2779 1326 2850 Τύρου
1365 2781 1446 2844 είς
1479 2781 1807 2852 Ἀντιόχειαν

209 2869 540 2940 ἀφικομένῳ
587 2869 670 2921 ἔτι
716 2869 858 2924 κατὰ
911 2869 1038 2932 τοὺς
1089 2869 1504 2924 Κωνσταντίνου
1557 2873 1804 2942 χρόνους.

213 2961 424 3015 Τούτου
466 2963 726 3033 ⁴ᾕκροὸἱτο,
777 2961 976 3033 πολλὴν
1008 2963 1268 3026 ἐπιεικῶς
1307 2963 1513 3033 φαίνων
1551 2964 1650 3034 τῆς
1677 2966 1808 3018 ἀσε-

211 3053 372 3118 ϐείας
403 3053 504 3124 τὴν
533 3051 725 3126 ῥώμην
760 3053 836 3126 (α)
869 3055 950 3118 είς
982 3053 1082 3117 τὰς
1125 3054 1260 3125 πρὸς
1295 3057 1419 3119 τοὺς
1449 3055 1809 3127 διαφορουμέ-

212 3163 340 3208 νους
371 3145 630 3218 ζητήσεις
652 3164 666 3176 ·
701 3147 796 3200 καὶ
840 3147 940 3217 οὐχ
972 3147 1275 3211 ὑπόστατος
1309 3147 1411 3218 ἤδη
1455 3150 1564 3212 τοῖς
1595 3147 1810 3212 πολλοῖς

213 3234 302 3312 ἦν.
343 3241 502 3294 Ἐπεὶ
545 3241 602 3293 δὲ
647 3241 911 3304 Παυλῖνος
961 3239 1263 3311 ἐτεθνήκει,
1317 3240 1580 3294 Εὐλαλίου
1621 3241 1807 3312 τρίτου

214 3333 308 3388 καὶ
351 3333 600 3386 εἰκοστοῦ
631 3335 738 3386 ἀπὸ
759 3333 868 3385 τῶν
895 3333 1212 3386 ἀποστόλων
1237 3331 1452 3402 ἔχοντος
1477 3333 1568 3386 τὸν
1596 3325 1808 3405 θρόνον,

215 3425 408 3478 πολλοὶ
457 3424 568 3477 τῶν
623 3425 726 3478 ὑπὸ
777 3425 871 3478 τοῦ
931 3424 1136 3478 Ἀετίου
1188 3425 1588 3496 ἐλεγχομένων,
1637 3425 1812 3480 δεινὸν

1973 2047 2164 2103 Aetius
2203 2051 2462 2120 magister
2509 2047 2802 2112 Eunomii,
2841 2055 2998 2102 ortus
3036 2061 3102 2102 ex
3148 2045 3286 2102 urbe
3327 2043 3500 2118 Syria)

1907 2141 2232 2208 Antiochia,
2278 2140 2598 2212 parentibus
2639 2139 2826 2212 egenis
2871 2155 2934 2195 ac
2975 2137 3284 2196 vilissimis.
3339 2136 3500 2192 Patet-

1911 2236 2030 2307 ejus
2057 2235 2324 2290 cohortati
2365 2234 2574 2288 militiae
2625 2233 2920 2303 ascriptus,
2953 2245 3078 2287 cum
3115 2231 3341 2286 adversa
3383 2227 3498 2284 for-

1912 2340 2042 2386 tuna
2080 2347 2213 2387 usus
2243 2338 2408 2393 esset.
2438 2328 2554 2384 fato
2579 2327 2800 2384 functus
2830 2335 2934 2394 est,
2959 2325 3149 2382 relicto
3171 2325 3277 2380 isto
3304 2322 3497 2378 admu-

1910 2423 2041 2478 dum
2080 2438 2273 2494 puero.
2316 2423 2420 2488 Qui
2457 2422 2524 2476 ad
2569 2433 2843 2476 summam
2889 2427 3183 2490 egestatem
3217 2409 3494 2480 redactus,

1909 2512 2250 2568 aurificinam
2301 2525 2554 2566 exercere
2586 2509 2912 2574 instituit,et
2941 2509 3007 2563 ad
3034 2521 3306 2563 summam
3332 2505 3498 2574 hujus

1910 2605 2046 2660 artis
2073 2604 2464 2674 perfectionem
2499 2601 2689 2656 evasit.
2719 2599 2824 2655 Sed
2860 2598 3116 2670 quoniam
3141 2597 3262 2666 ejus
3285 2595 3496 2651 indoles

1911 2697 1974 2750 ad
2009 2696 2228 2750 altiores
2263 2694 2580 2764 disciplinas
2630 2691 2927 2762 aspirabat,
2970 2691 3036 2744 avi
3077 2689 3266 2761 logica:
3315 2687 3498 2743 studia

1911 2787 2156 2841 animum
2186 2785 2464 2855 applicuit.
2499 2785 2577 2838 Ac
2605 2785 2846 2854 primum
2882 2781 3104 2852 quidem
3147 2778 3366 2832 auditor
3393 2776 3495 2830 fuit

1911 2877 2148 2942 Paulini,
2177 2879 2271 2947 qui
2321 2878 2483 2948 paulo
2515 2885 2642 2930 ante
2689 2889 2756 2930 ex
2795 2875 2930 2928 urbe
2977 2871 3123 2944 Tyro
3154 2868 3496 2924 Antiochiam

1911 2969 2209 3024 translatus
2238 2969 2438 3034 fuerat,
2467 2967 2830 3022 Constantino
2855 2965 3017 3020 etiam
3059 2973 3174 3018 tum
3207 2961 3498 3032 imperium

1912 3063 2272 3134 gubernante.
2317 3059 2473 3114 llunc
2522 3073 2644 3114 cum
2703 3056 2919 3112 audiret
2965 3055 3182 3118 Aetius,
3219 3069 3328 3108 non
3383 3067 3500 3108 me-

1911 3155 2151 3210 diocrem
2196 3153 2304 3208 vim
2355 3151 2561 3218 ingenii
2608 3149 2950 3214 ostendebat,
3001 3147 3057 3202 in
3103 3145 3503 3218 quaestionibus

1912 3247 2177 3302 adversus
2210 3261 2306 3300 eos
2349 3244 2679 3314 quibuscum
2727 3239 3078 3310 disputabat;
3125 3238 3350 3309 jamque
3382 3237 3503 3306 ejus

1913 3338 2148 3408 impetus
2169 3353 2200 3392 a
2227 3337 2506 3408 plerisque
2537 3333 2964 3404 haudquaquam
2993 3331 3248 3386 sustineri
3267 3335 3500 3400 poterat.

1913 3429 2128 3485 Mortuo
2173 3427 2371 3484 deinde
2418 3427 2682 3490 Paulino,
2732 3441 2858 3481 cum
2917 3423 3166 3480 Eulalius
3215 3421 3377 3478 tertio
3438 3437 3505 3477 ac

216 3519 584 3590 ποιησάμενοι
613 3521 746 3590 πρὸς
779 3519 970 3588 ἀνδρὸς
1002 3519 1336 3590 δημιουργοῦ
1377 3519 1472 3572 καὶ
1519 3519 1638 3572 νέου
1668 3518 1810 3572 κατὰ

1915 3525 2174 3580 vicesimo
2217 3523 2339 3578 loco
2390 3530 2516 3592 post
2561 3521 2842 3591 apostolos
2875 3519 3058 3576 sedem
3099 3517 3502 3574 Antiochenam

215 3613 424 3681 κράτος
479 3612 817 3677 ἐλαύνεσθαι,
858 3613 1150 3678 συστάντες
1201 3611 1469 3684 ἐξήλασαν
1501 3613 1660 3668 αὑτὸν
1711 3615 1810 3684 τῆς

1913 3617 2205 3690 regendam
2249 3614 2602 3683 suscepisset,
2639 3611 2816 3666 ‘multi
2868 3627 2935 3666 ex
2981 3610 3051 3666 iis
3099 3609 3192 3680 qui
3233 3609 3302 3664 ab
3345 3607 3504 3664 Aetio

231 3703 588 3776 Ἀντιοχείας.
633 3703 937 3770 Ἐξελαθεὶς
981 3705 1036 3757 δὲ
1078 3707 1158 3768 εἰς
1201 3705 1532 3776 Ἀνάξαρϐον
1571 3706 1808 3774 ἀφικνεῖ-

1915 3709 2148 3766 convicti
2196 3707 2434 3771 fuerant,
2481 3721 2623 3776 aagre
2671 3703 2904 3759 ferentes
2939 3701 3088 3772 quod
3133 3701 3202 3754 ab
3237 3698 3430 3768 opiﬁce
3449 3709 3506 3752 et

217 3810 332 3848 ται.
374 3796 434 3848 Ὁ
461 3793 538 3859 δὲ,
572 3796 672 3865 ἤδη
721 3796 950 3866 τάχιστα
983 3795 1265 3866 δυνάμεως
1309 3797 1492 3866 πάσης
1539 3799 1814 3869 πιπλάμε-

1915 3805 2264 3860 adolescente
2298 3801 2426 3856 victi
2461 3816 2526 3856 ac
2561 3797 2828 3869 proﬂigati
2861 3805 3064 3860 essent,
3097 3793 3504 3864 cormpiratione

219 3905 332 3952 νος,
382 3885 604 3957 μείζους
637 3888 724 3939 ἀεὶ
773 3888 880 3942 τῶν
917 3887 1210 3958 διδομένων
1261 3887 1523 3961 ἀφορμῶν
1563 3889 1812 3962 εἰσέφερε

221 3980 346 4042 τοὺς
381 3979 651 4049 καρπούς.
695 3979 752 4032 Ὀ
798 3979 856 4033 δὲ
893 3979 1044 4032 οὐδὲν
1100 3977 1351 4044 ἐπαύετο,
1403 3979 1527 4043 τοὺς
1587 3981 1682 4050 μὲν
1737 3979 1814 4034 δι-

1915 3894 2087 3958 facta,
2146 3909 2270 3948 eum
2317 3891 2610 3948 Antiochia
2659 3892 3008 3959 expulerunt.
3059 3887 3282 3959 Ejectus
3339 3885 3504 3956 igitur

1913 3987 2102 4042 Aetius
2133 3986 2480 4040 Anazarbum
2513 3999 2570 4040 se
2599 3981 2852 4038 contulit.
2879 3981 3130 4050 Cumque
3145 3979 3254 4034 vim
3283 3991 3502 4032 omnem

223 4070 486 4141 ελέγχων,
545 4069 760 4138 φαύλως
799 4067 854 4122 δὲ
913 4069 1342 4140 ἀμπισχόμενος,
1387 4070 1480 4122 καὶ
1531 4069 1606 4132 ὡς
1653 4070 1812 4141 ἔτυχε

1915 4093 1977 4132 ac
2007 4077 2322 4132 facultatem
2354 4077 2504 4132 brevi
2549 4075 2842 4132 admodum
2879 4081 3121 4143 tempore
3148 4071 3504 4155 percepisset,

225 4161 354 4228 ζῶν.

1911 4169 2150 4238 majores
2193 4185 2410 4239 semper
2455 4169 2650 4224 edebat
2691 4167 2933 4230 fructus,
2981 4181 3148 4237 quam
3196 4172 3356 4220 erant
3393 4163 3508 4218 ele-

225 4267 410 4311 menta
453 4264 620 4327 atque
661 4255 1035 4314 institutiones
1073 4274 1211 4329 quas
1247 4259 1315 4314 ab
1343 4260 1466 4316 aliis
1501 4271 1808 4331 acceperat.
1881 4261 2104 4318 Interim
2153 4277 2286 4318 vero
2327 4261 2730 4332 reprehendere
2777 4260 2918 4316 alios
2955 4269 3006 4314 et
3065 4255 3352 4315 confutare
3399 4269 3506 4312 non

225 4353 554 4420 desistebat;
596 4353 711 4422 ipse
733 4353 839 4424 .vili
883 4354 1046 4424 pallio
1092 4365 1289 4422 tectus,
1317 4365 1372 4411 et
1405 4359 1552 4411 tenui
1583 4372 1648 4410 ac
1677 4357 2000 4428 paupertino
2030 4367 2186 4414 utens
2215 4359 2358 4412 victu
2385 4357 2518 4428 (16).

1441 4473 1520 4530 Ex
1552 4476 1720 4532 Suida
1757 4478 1811 4532 in
1834 4493 1968 4534 voce
1997 4477 2306 4544 Αύξέντιος.

296 4593 590 4658 Δὺξέντιος
619 4593 998 4664 Μοψουεστίας
1025 4594 1326 4659 ἐπίσκοπος
1347 4611 1360 4627 ·
1388 4593 1446 4658 ὃς
1467 4589 1536 4666 ἦν
1559 4596 1671 4647 τῶν
1694 4595 1823 4664 ὁμο-

231 4689 286 4736 λο
299 4685 474 4756 (ητὼν
507 4685 947 4757 ὀνομαζομένων.
977 4682 1086 4739 Ἦν
1115 4686 1171 4739 δέ
1199 4687 1262 4738 ἐκ
1299 4685 1408 4738 τῶν
1437 4685 1716 4754 ἐπιφανῶς
1744 4685 1822 4756 τῷ

233 4773 444 4844 βασιλεῖ
483 4777 710 4846 Λικινίῳ
750 4777 1258 4848 στρατευσαμένων,
1305 4776 1414 4829 τῶν
1458 4776 1821 4847 ὑπογραφέων

2001 4595 2306 4649 Auxentius
2348 4593 2638 4663 cpiscOpns
2681 4589 3060 4660 Mopsuestim,
3096 4601 3240 4640 unus
3271 4600 3336 4639 ex
3379 4599 3506 4638 con~

1928 4683 2256 4739 fessnribns.
2295 4683 2421 4738 Fuit
2455 4683 2539 4738 hic
2577 4698 2644 4738 ex
2677 4695 2908 4736 numero
2936 4695 3126 4735 eorum
3155 4676 3246 4747 qui
3279 4677 3332 4730 in
3362 4677 3506 4744 palao

1929 4777 2002 4830 lio
2055 4775 2404 4846 imperatoris
2453 4773 2648 4828 Licinii
2694 4771 2974 4841 splendide
3023 4769 3348 4835 militabant,
3390 4768 3510 4838 ejus

234 4867 418 4922 τούτου
455 4867 770 4937 γενόμενος,
807 4867 900 4931 οὓς
945 4867 1010 4938 δὴ
1057 4867 1358 4938 Νοταρίους
1403 4867 1666 4938 Ῥωμαῖοι
1723 4885 1814 4920 κα-

1926 4869 2134 4924 scilicet
2192 4877 2449 4938 exceptor
2507 4882 2647 4937 quos
2707 4863 2938 4918 Romani
2991 4861 3238 4916 notarios
3288 4870 3506 4928 vocant.

1469 5041 1712 5086 VALESII
1753 5041 2255 5100 sNNOTA'rIONES.

305 5153 420 5224 (H)
459 5152 752 5220 Εὐσέϐιος
782 5155 815 5208 ό
859 5153 1197 5224 Παμφίλου.
1244 5152 1342 5208 llic
1379 5153 1658 5208 memoria:
1687 5154 1820 5224 vitio

239 5223 424 5294 lapsus
455 5234 540 5280 est
583 5227 806 5287 Suidas,
853 5223 955 5294 qui
1001 5223 1295 5279 Eusebium
1335 5224 1520 5293 posuit
1552 5239 1650 5292 pro
1691 5223 1816 5278 Phi-

241 5296 522 5366 lostorgin.
569 5297 794 5365 Agapeti
835 5296 980 5350 enim
1031 5294 1414 5366 Synnadornm
1466 5297 1706 5366 episcopi
1761 5295 1814 5349 in

245 5365 508 5420 Historia,
535 5364 898 5420 ecclesiastica
939 5364 1212 5434 nusquam
1257 5367 1510 5420 meminit
1551 5364 1819 5424 Eusebius

243 5437 614 5500 tiasariensis.
644 5437 773 5508 Ejus
793 5447 976 5492 autem
1005 5437 1337 5492 mentionem
1373 5437 1504 5491 facit
1531 5435 1824 5491 Philostor~

1927 5155 2048 5224 gius
2083 5155 2136 5209 in
2173 5154 2310 5208 libro
2343 5169 2410 5216 ιι,
2448 5153 2624 5222 capite
2656 5151 2710 5218 2,
2749 5152 2841 5206 ubi
2881 5151 3070 5205 eadem
3108 5149 3220 5206 fere
3255 5149 3512 5222 leguntur.

1926 5223 2048 5295 qum
2080 5227 2222 5295 apud
2256 5223 2501 5294 Snidguu.

1927 5291 1958 5304 "
2001 5291 2279 5366 (Il5)'\’ide
2310 5291 2537 5350 Philost.
2577 5295 2670 5366 lily).
2707 5311 2766 5358 tt,
2797 5295 2848 5348 in
2873 5309 2994 5364 cap.
3021 5291 3078 5366 ξ.

2001 5363 2112 5436 (16)
2157 5367 2288 5421 Vide
2320 5367 2546 5422 Philost.
2585 5365 2680 5421 lib.
2719 5382 2798 5430 ιιι,
2833 5363 3079 5435 ευρᾼὸ.

1711 5607 2039 5652 VARIORUM
2050 5638 2060 5649 .

315 5759 390 5816 (ei
429 5758 682 5830 Halle
707 5787 778 5800 -ι
807 5761 916 5828 τῆς
953 5758 1228 5824 ἀσεϐείας
1272 5756 1384 5828 τὴν
1425 5755 1650 5826 ῥώμην.
1695 5755 1814 5814 Vcrl

1915 5759 2050 5824 ium,
2083 5773 2182 5812 non
2207 5757 2516 5814 mediocrem
2541 5758 2829 5828 impietatis
2859 5757 2981 5812 vim.
3013 5754 3102 5812 W.
3133 5757 3345 5818 Lowtlr.
