3842 6318
356 249 452 304 631

1754 249 2241 310 PHILOSTOEGH

3518 257 3621 312 65$

355 370 527 422 Porro
571 365 691 437 ejus
725 347 1019 422 confessio
1065 364 1382 436 liujusmodi
1425 365 1544 421 fuit.
1607 367 1664 421 In
1696 367 1931 438 quodam

2051 367 2210 421 toﬁst.
2249 369 2322 420 Τὸ
2369 368 2424 421 δὲ
2456 369 2554 439 τῆς
2593 368 2883 439 ὁμολογίας
2933 367 3132 422 τοιόνδε
3179 368 3403 435 γέγονεν
3446 362 3619 432 εἶδος·

346 461 488 516 atrio
521 457 1048 528 imperialis.palatii
1092 466 1210 512 erat
1249 456 1394 524 fons,
1436 468 1490 513 et
1521 474 1686 529 supra
1727 457 1935 514 fontem

349 548 550 604 Bacchi
596 555 800 610 statua,
840 554 894 600 et
927 561 1123 616 magna
1173 547 1606 618 circumquaque
1641 548 1767 602 vitis
1815 563 1940 618 quae

352 643 668 695 universum
712 639 863 692 illum
913 639 1092 692 locum
1135 646 1337 694 tectum
1370 648 1534 710 atque
1567 653 1797 709 Opacum
1826 639 1939 694 elli-

349 734 549 789 ciebat.
612 731 689 786 Eo
741 746 867 786 cum
924 730 1169 786 Licinius
1211 715 1486 786 Iavocandi
1539 733 1707 787 animi
1773 747 1937 788 causa

347 823 613 889 vcnissct,
646 833 758 877 tum
809 821 1083 875 Auxentio
1124 823 1263 891 ipso,
1296 830 1411 877 tum
1445 823 1566 878 aliis
1598 824 1848 892 pluribus
1869 839 1936 877 ex

348 912 469 980 ejus
511 912 716 982 palatio
765 912 944 981 ipsum
999 913 1380 978 sectantibus;
1432 913 1485 966 in
1535 915 1698 967 vitem
1744 912 1938 967 oculos

349 1001 686 1072 conjicie’ns,
747 1015 908 1054 uvam
973 999 1267 1070 quamdam
1321 1001 1608 1070 conspexit
1664 1000 1938 1054 inusitatae

348 1093 743 1165 magnitudinis
784 1108 848 1148 ac
892 1087 1230 1159 venustatis,
1278 1108 1345 1148 ex
1385 1093 1700 1163 palmitibus
1735 1093 1938 1161 depen-

349 1188 586 1242 dentem.
625 1184 1079 1240 llanc'Auxentio
1122 1185 1289 1254 jussit
1330 1194 1392 1239 ut
1435 1183 1798 1240 abscinderet.
1846 1181 1938 1238 Ille

349 1278 536 1334 statim
585 1286 804 1347 arrepto
844 1276 1023 1331 cultro
1070 1291 1230 1345 quem
1265 1274 1614 1330 feminalibus
1635 1289 1935 1344 appcnsum

351 1371 616 1444 gestabat,
642 1385 804 1424 uvam
832 1371 1078 1426 exsecuit
1099 1369 1233 1424 nihil
1257 1369 1587 1440 suspicatus.
1617 1369 1771 1423 Tunc
1798 1367 1938 1422 Licio

351 1463 478 1518 nius
512 1463 577 1516 ad
601 1477 725 1515 cum
767 1475 1071 1516 conversus
1113 1476 1127 1512 :
1165 1459 1332 1525 Pone,
1377 1459 1576 1530 inquit,
1606 1459 1746 1514 hanc
1775 1473 1935 1513 uvam

351 1555 421 1610 ad
459 1554 622 1624 pedes
646 1553 868 1608 Bacchi.
907 1553 986 1607 Ad
1020 1553 1134 1608 haec
1163 1553 1469 1607 Auxentius
1501 1568 1514 1604 :
1555 1549 1934 1622 Nequaquam,

352 1663 388 1701 ο
434 1646 769 1716 imperator,
822 1645 1140 1714 respondit;
1198 1644 1543 1700 Christianus
1589 1644 1733 1697 enim
1789 1657 1935 1696 sum.

2039 451 2149 507 Ἦν
2170 454 2228 507 ἐν
2255 473 2361 508 τινι
2389 457 2489 525 τῆς
2522 456 2803 529 βασιλικῆς
2831 458 3014 520 ἑστίας
3041 457 3176 527 αὐλῇ
3207 457 3384 528 κρήνη
3415 472 3476 508 τε
3500 455 3618 510 ὓδαο

2039 565 2149 612 τος.
2188 550 2282 601 καὶ
2330 548 2416 602 ἐπ’
2469 550 2604 620 αὐτῇ
2655 549 2911 602 Διονύσου
2954 549 3194 620 ἄγαλμα,
3225 550 3319 602 καὶ
3383 548 3620 618 ἄμπελος

2045 641 2253 712 μεγάλη
2285 641 2666 712 περικειμένη,
2702 641 2796 694 καὶ
2840 641 3056 712 σκιερὸν
3086 641 3343 703 ἐπιεικῶς
3383 641 3480 693 καὶ
3509 656 3619 692 συν·

2038 734 2218 804 ηρεφῆ
2241 734 2334 787 τὸν
2357 732 2572 787 ἅπαντα
2601 723 2762 786 τόπον
2791 733 3155 804 ἐργαζομένη,
3184 731 3448 784 Ἐνταῦοα
3478 733 3507 784 ὁ
3529 732 3619 783 Λι-

2040 824 2210 887 κίνιος
2248 824 2388 876 κατά
2421 824 2694 894 πρόφασιν
2729 825 3032 894 ἀπαγωγῆς
3059 823 3413 893 ἀφικόμενος,
3441 821 3537 874 τοῦ
3565 840 3621 875 τε

2039 915 2328 982 Δύξεντίου
2363 916 2512 986 αὐτῷ
2547 918 2640 970 καὶ
2667 916 2841 970 ἄλλων
2869 915 3081 968 πολλῶν
3107 917 3172 968 ὲκ
3203 915 3302 985 τῆς
3325 914 3621 986 θεραπείας

2041 1005 2460 1078 παρεπομένων,
2492 1009 2571 1070 είς
2604 1007 2704 1076 τὴν
2734 1007 2979 1076 ἄμπελον
3005 1005 3220 1071 ἀνιδὼν,
3248 1006 3515 1059 ἐθεάσατο
3540 1006 3620 1074 βό-

2040 1114 2174 1169 τρυν
2206 1096 2405 1169 ὡραῖόν
2436 1114 2555 1150 τινα
2593 1097 2685 1149 καὶ
2718 1098 2911 1168 μέγαν,
2944 1096 3052 1150 τῶν
3082 1095 3379 1166 κλημάτων
3413 1097 3622 1149 ἀπαιωο

2045 1187 2322 1258 ρούμενον.
2360 1187 2559 1240 Τοῦτον
2594 1187 2892 1258 προσέταξε
2922 1186 2998 1258 τῷ
3023 1186 3292 1256 Αὐξεντίῳ
3314 1188 3524 1256 τεμεῖν.
3566 1187 3620 1238 '0

2038 1278 2094 1332 δὲ
2128 1280 2348 1342 αὐτίκα,
2379 1280 2438 1332 τὸ
2473 1280 2922 1351 προσηρτημένον
2957 1283 3075 1343 ταῖς
3109 1277 3426 1350 ἀναξυρίσιν
3458 1279 3620 1332 αὐτοῦ

2045 1372 2332 1442 μαχαίριον
2366 1359 2716 1442 ἀψελόμενοξ,
2749 1371 2907 1442 ἔτεμε
2947 1371 3111 1443 μηδὲν
3155 1370 3530 1440 ὑπειδόμενος.
3567 1372 3621 1423 ὐ

2040 1459 2132 1516 οὖν
2161 1465 2401 1527 Λικίνιος
2425 1465 2558 1536 πρὸς
2584 1465 2776 1527 αὑτὸν,
2808 1463 2910 1526 Θὲς
2932 1463 3110 1515 τοίνυν
3137 1461 3226 1515 τὸν
3255 1460 3471 1532 βότρυν,
3500 1460 3621 1529 ἔφη,

2041 1555 2179 1628 πρὸς
2210 1560 2321 1621 τοῖς
2347 1556 2441 1610 τοῦ
2473 1556 2727 1609 Διονύσου
2759 1555 2932 1610 ποσίν.
2973 1553 3033 1608 Ὀ
3062 1554 3138 1613 δὲ.
3165 1554 3278 1624 Μὴ,
3304 1547 3349 1606 ὧ
3380 1551 3621 1622 βασιλεῦ,

2042 1649 2375 1718 ἀπεκρίνατο
2395 1665 2407 1677 ·
2439 1647 2764 1719 Χριστιανὸς
2785 1647 2894 1718 γάρ
2915 1649 3052 1716 εἰμι.
3081 1647 3344 1707 Κάκεῖνος
3367 1661 3383 1674 ·
3418 1642 3624 1695 Οὐκοῦν

351 1738 473 1804 Quo
510 1737 717 1803 audito,
749 1735 992 1791 Licinius
1024 1735 1199 1789 dixit:
1236 1736 1336 1789 Abi
1365 1736 1529 1808 igitur
1553 1736 1767 1790 solutus
1798 1734 1940 1788 mili-

2051 1738 2285 1792 ἐκποδὼν
2361 1741 2557 1811 οίχήσῃ
2607 1739 2708 1809 τῆς
2777 1739 3064 1810 στρατείας
3127 1735 3620 1806 ἀποωυσάμενος·

353 1829 428 1882 tia
452 1845 468 1893 ;
491 1827 729 1882 duorum
763 1825 908 1880 enim
956 1825 1190 1880 alterum
1220 1826 1317 1880 abs
1350 1833 1402 1880 te
1436 1825 1551 1878 ﬁeri
1581 1838 1807 1878 necesse
1831 1832 1935 1878 est.

354 1915 496 1971 Tum
527 1931 658 1970 vero
686 1915 993 1970 Auxentius
1025 1915 1159 1969 nihil
1192 1922 1478 1969 cunctatus
1517 1914 1754 1968 balteum
1772 1914 1939 1982 depo-

353 2013 485 2078 suit,
530 2019 694 2080 atque
735 2018 796 2064 ut
826 2017 945 2063 erat
985 2007 1308 2069 discinctus,
1354 2005 1542 2060 libenti
1573 2005 1758 2059 animo
1783 2019 1812 2058 e
1841 2019 1939 2073 pa-

355 2105 485 2159 latio
521 2101 775 2158 excessit.
798 2099 909 2156 Nec
939 2099 1110 2154 multo
1127 2107 1250 2170 post
1272 2097 1512 2168 episc0pi
1530 2112 1654 2153 eum
1687 2095 1941 2166 Mopsue-

355 2195 474 2250 stia-
505 2194 804 2250 antistitem
831 2193 1182 2251 ordinarunt.
1215 2190 1390 2260 Hujus
1411 2190 1580 2245 frater
1604 2198 1730 2244 natu
1762 2187 1942 2242 minor

355 2286 460 2342 fuit
504 2285 851 2350 Theodorus,
896 2286 982 2340 vir
1025 2285 1121 2356 qui
1149 2284 1379 2340 Athenis
1414 2280 1744 2338 rhetoricam
1801 2281 1942 2335 didi~

355 2386 524 2434 ccrat.
568 2375 673 2444 Qui
705 2375 924 2447 quidem
954 2385 1009 2432 et
1048 2377 1163 2446 ipse
1185 2384 1378 2445 postea
1411 2375 1783 2445 episcopatum
1809 2371 1943 2426 Tar-

357 2485 571 2526 sensem
605 2469 830 2524 sortitus
861 2477 964 2524 est.
1002 2466 1215 2522 Etenim
1257 2467 1447 2521 Aetius
1475 2482 1600 2521 cum
1634 2476 1794 2520 antea
1828 2466 1943 2536 ipse

358 2577 455 2632 per
493 2577 571 2625 se,
618 2570 674 2616 et
718 2559 1048 2615 Eunomium
1092 2561 1272 2630 ipsum
1315 2569 1370 2626 et
1397 2560 1536 2614 alios
1583 2560 1675 2627 qui
1717 2559 1943 2630 majoris

361 2652 541 2706 meriti
569 2663 748 2719 erant,
779 2653 974 2707 docere
996 2653 1192 2708 solitus
1229 2660 1394 2717 esset,
1433 2661 1723 2722 postquam
1756 2652 1946 2706 Euno-

361 2744 530 2798 mium
574 2744 640 2797 ad
677 2745 902 2799 docendi
946 2760 1148 2798 munus
1193 2744 1486 2812 promovit,
1525 2759 1650 2798 eum
1687 2744 1944 2812 deinceps

363 2835 682 2905 magistrum
728 2850 826 2905 pro
878 2849 938 2890 se
984 2850 1049 2890 ac
1092 2834 1367 2890 doctorem
1419 2849 1541 2888 esse
1586 2835 1779 2901 voluit,
1831 2846 1943 2889 tum

361 2925 738 2991 aliorum,tum
758 2941 950 2982 eorum
967 2927 1235 2996 praecipue
1247 2925 1338 2994 qui
1362 2923 1684 2994 perfectiora
1699 2927 1946 2981 doctrina

361 3025 416 3071 et
477 3018 818 3073 institutione
872 3018 1220 3086 indigebant;
1272 3033 1396 3071 nam
1447 3017 1562 3086 ipse
1609 3017 1830 3087 quidem
1878 3019 1943 3071 ad

2041 1829 2265 1903 θάτερον
2292 1831 2401 1903 γὰρ
2440 1834 2550 1884 τοῖν
2593 1831 2739 1884 δυοῖν
2772 1831 2986 1900 ἀνάγκη
3037 1832 3228 1883 ποιεῖν.
3277 1828 3337 1881 '0
3372 1828 3430 1881 δὲ
3465 1825 3626 1897 μηδὲν

2043 1921 2316 1993 μελλήσας
2349 1921 2448 1993 τήν
2485 1939 2544 1974 τε
2575 1920 2752 1991 ζώνην
2796 1920 2991 1973 ἑαυτοῦ
3029 1919 3235 1981 λύεται,
3268 1918 3364 1971 καὶ
3395 1919 3625 1987 ἄσμενος

2041 2011 2380 2082 ἐξεχώρησεν
2400 2013 2476 2076 ὡς
2499 2007 2612 2082 εἶχε
2637 2011 2745 2064 τῶν
2772 2011 3079 2082 βασιλείων.
3109 2010 3218 2064 Καὶ
3243 2009 3405 2064 αὐτὸν
3424 2009 3474 2062 οἱ
3503 2008 3627 2077 ἐφο-

2043 2122 2126 2178 ροι
2162 2106 2270 2174 (19)
2317 2105 2455 2175 μετά
2483 2121 2605 2157 τινα
2645 2103 2837 2175 χρόνον
2883 2102 3109 2173 ὕστερον
3147 2101 3445 2154 ἐπίσκοπον
3474 2101 3628 2169 έστη-

2043 2214 2206 2250 σαντο
2232 2197 2331 2268 τῆς
2369 2196 2766 2266 Μοψουεστίας.
2799 2194 3002 2248 Τούτου
3031 2193 3087 2246 δὲ
3121 2192 3349 2262 ἁδελφὸς
3370 2191 3628 2263 νεώτερος

2041 2283 2314 2354 Θεόδωρος
2340 2280 2429 2356 ἦν,
2467 2285 2605 2356 ἀνὴρ
2631 2283 2740 2337 τῶν
2785 2283 3043 2355 Ἀθήνῃσι
3072 2282 3501 2336 παιδευθέντων.
3539 2285 3628 2344 ’ος

2042 2377 2136 2429 καὶ
2165 2376 2326 2440 αὐτὸς
2359 2377 2549 2447 χρόνον
2577 2375 2804 2446 ὕστερον
2835 2377 3141 2448 ἐπισκοπὴν
3173 2377 3268 2445 τῆς
3297 2373 3516 2445 Ταρσοῦ
3543 2374 3628 2427 ὲκ-

2043 2467 2274 2538 κλησίας
2318 2465 2474 2537 ἔτυχε
2509 2465 2955 2537 κληρωσάμενος.
2998 2465 3058 2520 ’0
3089 2464 3198 2536 γὰρ
3225 2463 3289 2534 δὴ
3333 2463 3539 2525 Ἀέτιος
3566 2463 3628 2516 τὰ

2044 2559 2288 2629 πρότερα
2326 2558 2391 2610 δι’
2427 2557 2619 2612 ἑαυτοῦ
2653 2558 2743 2611 τόν
2777 2574 2836 2610 τε
2879 2557 3126 2622 Εὐδόξιον
3172 2556 3333 2609 αὐτὸν
3367 2556 3484 2625 (9.0)
3537 2556 3626 2606 καὶ

2043 2650 2236 2714 ἄλλους
2272 2651 2397 2713 τοὺς
2431 2650 2685 2703 πλείστου
2717 2650 2876 2718 λόγου
2907 2649 3088 2716 ἀξίους
3121 2647 3410 2712 διδάσκων,
3445 2646 3626 2716 ἐπειδὴ

2043 2745 2136 2796 τὸν
2168 2743 2430 2814 Εὐνόμιον
2477 2745 2558 2806 εἰς
2606 2741 2666 2796 τὸ
2709 2745 2810 2813 τῆς
2859 2740 3208 2804 διδασκαλίας
3261 2738 3626 2809 προύϐίὸασεν

2047 2835 2230 2906 ἔργον,
2261 2834 2434 2904 τούτῳ
2472 2834 2572 2906 ἤδη
2607 2833 2746 2888 κατά
2780 2833 2842 2887 τὸ
2877 2833 3126 2887 πλεῖστον
3167 2831 3282 2886 ἀνθ’
3323 2830 3521 2884 ἑαυτοῦ
3553 2831 3629 2882 δι-

2047 2927 2300 3000 δασκάλῳ
2329 2929 2527 2998 ἐχρῆτο
2560 2928 2692 3000 πρὸς
2719 2929 2842 2990 τοὺς
2871 2926 3061 2990 ἀλλους
3079 2943 3093 2957 ⁸
3128 2926 3373 2987 καὶτοὺς
3403 2923 3628 2994 μάλιστα

2046 3019 2384 3090 τελεωτέρας
2434 3018 2722 3090 μαθήσεως
2773 3018 3080 3089 δεομένους.
3117 3019 3228 3070 Καὶ
3271 3016 3379 3087 γὰρ
3428 3017 3630 3074 ἐκεῖνα

363 3108 631 3180 principia
655 3120 818 3179 atque
841 3110 1110 3164 elementa
1144 3110 1268 3165 aliis
1309 3107 1573 3164 tradenda
1607 3109 1946 3178 praestantis-

2055 3110 2156 3182 μὲν
2188 3106 2256 3181 ἦν
2287 3111 2459 3182 ἀρχὰς
2492 3113 2792 3181 παρασχεῖν
2823 3111 3065 3183 ἄριστος,
3095 3101 3250 3172 οὗτος
3268 3109 3325 3161 δὲ
3356 3107 3460 3171 τὰς
3479 3106 3631 3160 δοθεί-

365 3201 539 3258 simus
572 3212 702 3256 erat.
746 3201 1051 3258 Eunomius
1098 3217 1224 3256 vero
1253 3203 1319 3256 ad
1365 3201 1637 3257 elementa
1671 3218 1793 3271 quae
1833 3211 1944 3256 tra-

367 3294 478 3348 dita
512 3292 750 3358 fuerant,
779 3294 1072 3349 excolenda
1119 3309 1182 3348 ac
1229 3294 1617 3364 promovenda,
1657 3304 1709 3349 et
1754 3293 1820 3348 ad
1861 3293 1941 3346 iii-

2054 3219 2154 3264 σας
2182 3202 2539 3274 ἐργάσασθαι,
2569 3203 2664 3256 καὶ
2703 3203 2890 3272 σαφῶς
2923 3221 2982 3256 τε
3013 3204 3129 3274 ἅμα
3170 3204 3266 3256 καὶ
3297 3200 3629 3273 μεγαλοπρε-

2053 3296 2170 3356 πῶς
2203 3295 2537 3366 ἑρμηνεῦσαι
2577 3295 2863 3368 παραπολύ
2889 3296 3275 3367 δυνατώτερος.

369 3387 773 3459 tcrpretandum
834 3389 1118 3458 perspicue
1167 3387 1330 3443 simul
1381 3399 1544 3459 atque
1612 3389 1932 3459 magniﬁce,
1969 3389 2127 3460 longe
2163 3392 2253 3446 illo
2279 3394 2624 3461 praestantior
2651 3393 2952 3448 habebatur
2981 3393 3112 3460 (17).

1591 3503 1664 3558 Ex
1703 3503 1869 3560 Suida
1899 3507 1956 3560 in
1987 3523 2121 3563 voce
2154 3509 2406 3574 Εὑδόξιος

445 3623 720 3679 Endoxius
759 3624 1050 3694 episcopus
1077 3623 1404 3688 Antiochiae,
1455 3639 1522 3677 ex
1557 3623 1820 3680 Arabisso
1853 3627 1954 3680 iiii-

371 3716 524 3774 mris
559 3715 831 3771 Armenia:
869 3717 1068 3786 oppido
1109 3717 1396 3771 oriundus.
1428 3715 1592 3771 Pater
1622 3717 1741 3786 ejus
1772 3717 1952 3773 Caesa-

372 3811 508 3878 rius,
546 3807 844 3864 Maximino
886 3808 1178 3879 imperium
1221 3809 1659 3874 administrante,
1709 3810 1955 3882 martyrii

372 3914 630 3956 coronam
676 3910 1070 3970 reportaverat,
1119 3900 1245 3955 licet
1272 3902 1426 3970 prius
1460 3901 1831 3970 voluptatibus
1859 3902 1955 3957 ad-

370 3992 571 4047 dictior
607 3992 759 4047 visus
793 3990 1007 4047 fuisset.
1049 3989 1251 4048 Verum
1302 3993 1504 4061 prioris
1544 3996 1668 4048 vita:
1707 3995 1954 4049 maculas

373 4085 620 4156 martyrii
637 4085 720 4140 sui
743 4099 941 4140 cruore
969 4085 1178 4140 studuit
1200 4086 1403 4140 eluere.
1430 4086 1565 4140 Nam
1593 4102 1715 4140 cum
1743 4099 1957 4141 utrum-

373 4191 483 4246 que
509 4177 559 4231 ci
591 4177 780 4246 pedem
816 4191 912 4231 sex
964 4177 1222 4231 maximis
1261 4179 1430 4233 clavis
1457 4178 1741 4233 carniﬁces
1777 4189 1954 4234 trans-

373 4267 647 4328 ﬁxissent,
677 4281 802 4320 eum
829 4267 882 4320 in
915 4281 1109 4337 rogum
1136 4267 1532 4337 coujecerunt;
1563 4267 1660 4323 sed
1694 4269 1950 4337 quoniam

375 4360 443 4415 ad
474 4359 651 4430 ignem
674 4374 972 4428 properans
997 4359 1284 4414 confestim
1308 4360 1702 4426 exspiraverat,
1723 4361 1954 4412 cadaver

376 4452 498 4521 ejus
529 4451 854 4506 semiustum
888 4451 1068 4506 adhuc
1097 4461 1152 4506 et
1192 4453 1459 4522 integrum
1499 4451 1793 4522 propinqui
1823 4465 1949 4505 eum

375 4558 408 4596 e
437 4557 570 4612 rogo
593 4541 964 4605 sustulissent,
992 4543 1046 4596 in
1074 4558 1204 4614 agro
1235 4543 1469 4612 quodam
1494 4543 1584 4614 qui
1619 4541 1781 4597 Sobel
1816 4543 1952 4597 dici-

377 4644 466 4688 tur
492 4633 863 4704 deposueruut
902 4637 1034 4706 (l8).

2124 3629 2375 3696 Εὐδόξιος
2405 3633 2704 3695 ἐπίσκοπος
2739 3629 3070 3699 Ἀντιοχείας
3095 3627 3156 3692 ἐξ
3187 3625 3518 3698 Ἀραδισσοῦ
3543 3626 3634 3698 τῆς

2056 3725 2259 3796 μικρᾶς
2305 3723 2616 3795 Ἀρμενίας.
2662 3723 2720 3776 Ὀ
2763 3722 2822 3774 δὲ
2874 3719 3057 3790 πατὴρ
3095 3718 3260 3773 αὐτοῦ
3310 3718 3635 3788 Καισάριος,

2051 3817 2144 3869 ἐπὶ
2171 3814 2516 3886 Μαξιμιανοῦ
2555 3815 2644 3869 τὸν
2682 3813 2774 3868 τοῦ
2808 3812 3106 3886 μαρτυρίου
3153 3811 3414 3879 στέφανον
3449 3810 3635 3879 ἀνεδή-

2055 3925 2204 3972 σατο,
2260 3907 2436 3961 καίτοι
2489 3907 2752 3979 πρότερον
2797 3905 2998 3978 ἡδονῶν
3029 3905 3208 3973 ἥττων
3251 3903 3457 3972 φανείς.
3499 3901 3636 3953 Ἀλλ’

2055 3997 2317 4070 ἐϐουλήθη
2347 3998 2448 4062 τὰς
2483 3997 2707 4069 πρώτας
2735 3997 2958 4068 κηλίδας
2987 3996 3074 4050 διὰ
3093 3995 3186 4049 τοῦ
3219 3994 3522 4068 μαρτυρίου
3546 3993 3635 4046 τοῦ

2055 4092 2286 4161 αἵματος
2317 4090 2759 4162 ἀπορρύψασθαι.
2793 4089 2992 4152 ’Ήλους
3013 4088 3122 4158 γὰρ
3155 4085 3422 4156 μεγάλους
3453 4085 3635 4138 ἐκατέ-

2055 4199 2152 4251 ρου
2187 4181 2297 4244 τῶν
2333 4180 2509 4234 ποδῶν
2542 4180 2600 4246 ἒξ
2629 4179 2722 4232 τὸν
2755 4176 2989 4250 ἀριθμὸν
3019 4175 3182 4230 αὐτοῦ
3211 4174 3635 4244 διαπερονήσανι

2053 4289 2145 4336 τες
2175 4273 2306 4342 πυρὶ
2356 4271 2689 4341 παρέδοσανσ
2733 4271 2827 4323 καὶ
2880 4267 3066 4339 ἐπειδὴ
3119 4267 3316 4320 αὐτίκα
3367 4264 3503 4336 πρὸς
3541 4263 3635 4333 τὴν

2059 4363 2232 4432 φλόγα
2260 4361 2452 4432 χωρῶν
2494 4360 2785 4423 ἀπέθανεν,
2813 4359 3144 4430 ἡμίφλεκτον
3177 4356 3258 4408 ἔτι
3294 4354 3387 4407 καὶ
3419 4354 3557 4406 σῶον
3587 4355 3633 4404 οι

2057 4455 2426 4522 προσήκοντες
2471 4452 2562 4504 τὸν
2612 4451 2805 4520 νεκρὸν
2850 4449 3182 4518 ἀνελόμενοι,
3230 4446 3287 4498 ἐν
3324 4462 3429 4498 τινι
3469 4441 3634 4512 ἀγρῷ

2059 4544 2259 4597 Σουϐὲλ
2283 4543 2558 4614 λεγομένῳ
2585 4541 2902 4595 κατέθεσαν.

1615 4741 1852 4786 VALESII
1895 4735 2374 4784 ANNOTATIONES
2385 4765 2396 4776 .

448 4850 561 4917 (l7)
609 4852 739 4920 \fidc
769 4849 1000 4906 Philost.
1035 4850 1088 4904 iu
1121 4849 1215 4904 lib.
1249 4865 1301 4912 v,
1339 4865 1461 4920 cap.
1496 4848 1548 4902 2.

449 4921 563 4985 H8)
600 4919 723 4974 Vid.
748 4920 976 4975 Philost.
1011 4922 1105 4974 lib.
1144 4935 1216 4982 Iv,
1253 4936 1302 4974 c.
1338 4919 1392 4972 4.

451 4991 564 5062 (l9)
604 4990 930 5062 ιςαὶᾳὺτὸν
956 4990 1265 5062 οὶξφοροι.
1301 4989 1414 5062 Hoc
1448 4989 1660 5059 insigne
1695 4992 1965 5062 fragmen-

378 5059 521 5124 tum,
548 5059 614 5114 ex
644 5059 992 5130 Philostorgii
1023 5059 1269 5114 Historia
1295 5061 1630 5130 descriptum
1663 5059 1802 5120 esse,
1829 5062 1967 5114 mul-

382 5134 452 5186 tis
479 5131 819 5200 argumentis
844 5129 1097 5185 convinci
1122 5139 1320 5200 potest.
1346 5129 1482 5185 Nam
1512 5140 1566 5200 et
1594 5133 1792 5185 locutio
1809 5133 1966 5200 plane

379 5199 812 5272 Philostorgium
840 5202 1080 5272 redolet:
1109 5199 1687 5272 verliigratia,£cpopm
1714 5201 1815 5257 hoc
1845 5202 1967 5256 loco

382 5271 645 5325 dicuntur
684 5271 944 5339 episcolii.
984 5270 1137 5335 Quod
1186 5271 1403 5338 quidem
1454 5271 1581 5325 alibi
1607 5270 1792 5340 quam
1826 5273 1966 5340 apud

381 5340 809 5409 Philostorgium
834 5340 1064 5411 .dilIicile
1097 5343 1356 5410 reperias.
1401 5341 1665 5396 Prmterea
1700 5344 1822 5411 qua:
1865 5343 1968 5395 sub

386 5413 549 5481 linem
585 5411 859 5468 adduntur
893 5411 961 5465 de
988 5410 1142 5467 Aetio
1173 5422 1227 5466 et
1255 5413 1320 5467 de
1361 5413 1652 5478 Eunomia,
1681 5410 1969 5481 perspicue

385 5480 634 5537 indicant
665 5482 950 5552 fraginenti
999 5483 1164 5551 hujus
1193 5493 1474 5538 auctorem
1506 5497 1627 5538 esse
1661 5480 1966 5536 Pliilo’stor-

386 5552 558 5620 ginm.
598 5555 732 5618 Quis
763 5553 908 5607 enim
943 5552 1083 5608 alius
1121 5552 1501 5608 haereticomni
1547 5554 1764 5607 illorum
1814 5558 1967 5607 dotes

387 5635 452 5676 ac
481 5622 668 5678 Iaudes
699 5635 809 5679 tam
841 5623 1131 5678 ambitiose
1156 5623 1648 5678 commemoraret?

459 5692 569 5762 (20)
619 5695 726 5748 Τόν
753 5711 816 5747 τε
848 5693 1368 5759 Εὑδόξιοναίντόν.
1404 5694 1598 5750 Procul
1630 5693 1795 5748 dubio
1829 5696 1967 5750 scri-

2067 4846 2301 4900 bendum
2331 4852 2432 4899 est.
2469 4842 2558 4894 τὸν
2587 4858 2646 4893 τε
2686 4840 2970 4908 Εὐνόμιον.
3004 4837 3188 4908 Neque
3229 4839 3372 4892 enim
3402 4835 3632 4892 Eudoxii

2063 4916 2322 4984 magister
2345 4913 2446 4966 fuit
2469 4912 2680 4984 Aetius,
2704 4911 2799 4984 sed
2821 4909 3089 4984 Eunomii.
3119 4909 3395 4984 Eudoxius
3416 4909 3630 4984 quidem

2063 4981 2448 5039 Antiochensis
2475 4983 2765 5050 cpiscopus
2788 4981 2840 5034 in
2865 4981 3062 5034 divinis
3077 4981 3291 5050 Litteris
3315 4981 3632 5047 magistrum

2066 5057 2251 5110 habuit
2281 5053 2581 5108 Lucianuin
2619 5049 2932 5121 martyrem,
2967 5061 3022 5103 ut
3059 5053 3217 5121 tradit
3242 5049 3634 5118 Philostorgius

2064 5127 2117 5180 in
2153 5127 2291 5180 libro
2322 5141 2378 5186 ιι.
2416 5139 2537 5192 cap.
2574 5122 2663 5177 15.
2699 5120 2811 5191 Ego
2849 5130 3026 5174 tamen
3063 5120 3634 5192 Eudoxiumdiscipn-

2064 5197 2242 5252 lorum
2278 5191 2503 5250 Luciani
2535 5193 2838 5247 auditorem
2870 5193 3048 5260 potius
3072 5193 3241 5245 fuisse
3270 5191 3624 5244 crediderim:

2066 5283 2192 5321 nam
2240 5283 2364 5322 cum
2402 5265 2682 5319 Eudoxius
2715 5261 2953 5316 Valentis
2988 5265 3290 5331 principatu
3333 5275 3631 5314 extremum

2065 5338 2207 5392 diem
2253 5337 2473 5399 obierit,
2520 5335 2796 5404 quomodo
2828 5332 3052 5387 Luciani
3074 5333 3389 5404 “martyris,
3422 5336 3515 5399 qui
3549 5345 3631 5404 re-

2065 5418 2264 5477 gnante
2293 5401 2590 5461 Maximino
2621 5419 2814 5475 passus
2846 5414 2949 5477 est,
2981 5403 3198 5477 auditor
3223 5401 3345 5477 esse
3381 5401 3629 5477 potuerit,

2064 5472 2316 5547 equidem
2346 5494 2450 5531 non
2479 5472 2654 5531 video.
2688 5475 2966 5547 Asterium
2993 5475 3208 5547 quidem
3233 5472 3628 5547 Cappadocem,

2067 5542 2160 5619 qui
2195 5550 2336 5604 dnus
2365 5547 2468 5602 fuit
2497 5545 2875 5619 ex_discipulis
2918 5542 3159 5619 Luciani,
3190 5546 3512 5619 magistrum
3541 5542 3630 5619 lia-

2065 5611 2252 5674 buisse
2295 5620 2508 5673 videtur
2552 5611 2854 5683 Eudox'ius,
2901 5626 2959 5669 ut
2989 5615 3188 5670 indicat
3240 5611 3630 5682 Philostorgius

2070 5692 2121 5742 in
2152 5692 2243 5744 lib.
2289 5705 2359 5750 iv,
2400 5703 2517 5756 cap.
2546 5691 2596 5742 ό.

3771 1833 3779 2100 l
