3842 6304
119 305 216 368 εδδ

1523 329 1974 389 FRAGMENTA.

3283 347 3389 404 654

1123 448 1138 463 ’
1207 463 1281 518 Ex
1325 466 1514 522 eodem
1556 467 1722 524 Suida
1745 469 1801 529 in
1834 485 1965 525 voce
1996 471 2275 542 Θεόφιλος.

175 559 436 632 θεόφιλος
487 557 642 630 οὗτος
685 567 792 621 ἀπὸ
832 571 1009 626 Ἰνδῶν
1032 575 1344 632 ἐπανελθὼν
1384 582 1442 634 ἐν
1493 583 1675 636 Ἀντιο·

1847 582 2208 656 ’Theophilus
2249 603 2314 642 ex
2363 589 2514 643 india
2550 605 2822 658 reversus,
2851 595 3156 652 Antiochiae
3203 597 3382 654 domi-

109 651 228 744 χείρ.
262 651 454 744 διῆγεν
477 673 490 687 ’
524 657 824 730 ἐκκλησίαν
861 663 960 733 μὲν
1006 667 1405 740 ἀφωρισμένως
1443 673 1698 744 οὐδεμίαν

109 742 242 811 ἔχων
283 743 476 808 αὑτός·
508 748 687 812 κοινὸς
712 750 768 803 δέ
816 769 901 818 τις
929 753 1026 821 ὢν,
1057 757 1134 822 ὼς
1163 760 1365 826 πάσαις
1390 765 1537 835 αὑτῷ
1575 742 1695 837 μετ’

107 831 288 897 ἀδείας
319 835 606 908 ἐπιφοιτᾷν
646 839 723 904 ὡς
763 842 924 908 ίδίαις
958 845 1098 912 ἐξὸν,
1149 848 1415 920 βασιλέως
1446 831 1606 912 αὑτὸν
1638 860 1696 922 ἐς

107 923 165 976 τὰ
191 924 433 994 μάλιστα
471 927 560 982 διὰ
589 935 755 1003 τιμῆς
793 951 854 987 τε
891 936 1073 1009 πάσης
1105 941 1197 993 καὶ
1230 943 1407 1007 αίδοῦς
1433 947 1656 1014 ἄγοντος
1676 967 1690 980 ·

107 1017 189 1070 καὶ
221 1019 335 1071 τῶν
362 1020 540 1076 ἄλλων
565 1025 841 1091 ἁπάντων,
867 1029 1086 1096 ὁπόσοις
1116 1035 1393 1106 ἐπισταίη,
1425 1039 1564 1107 μετὰ
1587 1041 1694 1094 πά-

107 1127 197 1180 σης
221 1111 536 1183 προθυμίας
563 1117 727 1171 αὑτὸν
761 1120 1192 1193 ὑποδεχομένων,
1223 1128 1317 1180 καὶ
1345 1128 1404 1181 τὸ
1425 1130 1522 1202 τῆς
1563 1133 1693 1204 ἀρε-

103 1203 194 1272 τῆς
244 1203 413 1257 αὑτοῦ
468 1207 696 1278 μέγεθος
751 1214 1302 1287 καταπληττομένων.
1345 1217 1456 1274 *Ην
1509 1223 1618 1294 γὰρ
1663 1227 1692 1280 ὀ

102 1293 232 1365 ἀνὴρ
285 1296 560 1367 κρείσσων
589 1300 622 1369 ἥ
665 1299 742 1364 ὡς
771 1303 836 1355 ἄν
877 1321 962 1371 τις
993 1305 1250 1378 δηλώσειε
1293 1311 1436 1382 λόγῳ
1460 1330 1473 1343 '
1512 1293 1598 1378 ὡς
1624 1317 1689 1372 ἄν

101 1401 176 1447 τις
207 1384 318 1438 τῶν
360 1387 677 1443 ἀποστόλων
708 1393 894 1446 εἰκών.
945 1396 1181 1464 Λέγεται
1207 1399 1272 1467 γέ
1307 1401 1390 1454 τοί
1437 1419 1564 1457 ποτε
1596 1408 1690 1460 καὶ

99 1476 286 1547 νεκρὸν
312 1480 618 1551 ἀναστῆσαι
652 1483 710 1535 ὲν
749 1483 1046 1559 Ἀντιοχείᾳ
1087 1489 1346 1556 Ἰουδαίας
1376 1495 1541 1560 τινός.
1576 1496 1685 1550 Θα-

101 1569 312 1634 λάσσιος
353 1571 414 1624 δὲ
457 1571 616 1626 τοῦτό
660 1592 818 1646 φησι,
847 1577 955 1632 τῶν
999 1581 1086 1632 ἐπ’
1124 1584 1224 1636 οὑκ
1271 1572 1460 1654 ὀλίγον
1498 1591 1688 1662 τάνδρὶ

101 1663 510 1734 συγγενομένων
552 1665 763 1737 χρόνον,
800 1668 893 1722 καὶ
925 1671 1124 1740 ἥκιστα
1150 1673 1214 1746 δὴ
1243 1678 1324 1740 είς
1361 1678 1430 1732 τὰ
1461 1681 1686 1736 τοιαῦτα

95 1758 380 1827 ψεύδεσθαι
419 1759 662 1826 ὕποπτος
695 1761 803 1817 ῶν·
843 1763 1021 1831 ἄλλως
1064 1787 1123 1822 τε
1167 1771 1260 1825 καὶ
1285 1771 1426 1844 ἔχων
1451 1777 1551 1830 οὑκ
1576 1776 1686 1830 ὀλί-

97 1867 217 1918 γους
263 1852 378 1906 τῶν
423 1854 564 1907 κατά
593 1856 683 1908 τὸν
724 1859 886 1914 αὑτὸν
934 1861 1082 1933 αὐτῷ
1127 1867 1437 1936 γενομένων
1491 1871 1683 1942 χρόνον

96 1941 209 2006 τοὺς
235 1943 774 2016 ἐπιμαρτυροῦντας.

1805 675 1990 731 cilium
2033 678 2152 733 tixit
2185 697 2197 734 :
2234 683 2511 750 propriam
2555 683 2778 752 quidem
2830 699 2896 740 ac
2925 687 3260 756 peculiarem
3296 705 3385 746 ροι-

1800 767 2024 822 clesiam
2071 769 2278 823 nullam
2321 770 2561 838 habens;
2598 775 2906 830 communis
2950 792 3082 832 vero
3135 779 3383 837 omnium

1797 860 2048 924 antistes,
2096 861 2232 916 adeo
2278 871 2338 918 ut
2369 873 2599 919 cunctas
2625 863 2796 922 libere
2835 883 2938 939 pro
2973 869 3244 926 arbitratu
3280 888 3382 928 suo

1796 959 2062 1020 tanquam
2085 954 2338 1023 proprias
2363 956 2516 1011 adire
2541 957 2592 1010 ei
2616 956 2824 1023 liceret,
2857 975 2981 1014 cum
3011 970 3064 1016 et
3087 961 3380 1032 imperator

1797 1041 2100 1096 maximum
2126 1043 2174 1096 ei
2209 1044 2472 1100 honorem
2501 1064 2565 1102 ac
2599 1052 2964 1106 reverentiam
2997 1055 3302 1122 exhiberet,
3327 1065 3379 1110 et

1793 1133 1989 1204 reliqui
2027 1150 2219 1193 omnes
2261 1139 2328 1192 ad
2360 1155 2500 1208 quos
2544 1153 2874 1212 accesserat,
2908 1161 3124 1202 summa
3173 1149 3376 1204 alacri-

1792 1233 1902 1279 tate
1929 1241 2056 1281 eum
2105 1229 2440 1300 exciperent,
2482 1233 2816 1306 virtutisque
2845 1238 2966 1308 ejus
3001 1241 3374 1309 praestantiam

1790 1315 2220 1374 admirarentur.
2269 1319 2403 1386 Quae
2453 1323 2675 1394 quidem
2732 1328 2854 1383 talis
2904 1345 2970 1384 ac
3003 1338 3152 1386 tanta
3204 1333 3258 1386 in
3311 1347 3376 1388 eo

1789 1406 1914 1472 fuit,
1945 1419 2006 1464 ut
2034 1425 2154 1465 eam
2193 1429 2357 1468 nemo
2390 1416 2574 1472 verbis
2607 1419 2880 1488 explicare
2919 1422 3096 1490 possit
3125 1440 3138 1476 :
3173 1424 3376 1494 quippe

1788 1502 1882 1570 qui
1918 1502 2098 1572 imago
2127 1504 2375 1574 quazdam
2405 1506 2572 1562 fuerit.
2599 1512 2993 1580 apostolorum.
3022 1513 3189 1568 Aiunt
3207 1518 3372 1570 etiam

1787 1609 1912 1650 eum
1961 1596 2259 1664 aliquando
2313 1598 2618 1656 Antiochiae
2664 1601 2908 1658 Judaeum
2967 1606 3261 1674 quamdam
3306 1623 3374 1662 ex

1789 1690 2023 1744 mortuis
2069 1691 2389 1747 suscitasse.
2432 1692 2483 1746 ld
2525 1705 2708 1748 autem
2755 1697 2991 1752 allirmat
3024 1699 3410 1762 Thalassius,.

1785 1781 1878 1850 qui
1926 1797 2052 1836 cum
2105 1784 2199 1840 illo
2239 1785 2551 1842 diutissime
2583 1796 2836 1845 versatus
2861 1798 2968 1856 est,
3004 1800 3058 1846 et
3089 1791 3143 1846 in
3174 1791 3366 1860 hujus-

1786 1873 1936 1928 modi
1990 1876 2155 1930 rebus
2210 1886 2364 1932 extra
2413 1877 2785 1948 suSpicionem
2825 1889 2910 1936 est
2957 1881 3230 1937 mendacii
3267 1899 3281 1936 :
3317 1889 3372 1936 ct

1711 1947 1752 2002 Β
1781 1961 1874 2032 qui
1903 1961 2108 2034 alioqui
2145 1963 2290 2019 haud
2326 1947 2530 2034 paucos
2565 1967 2732 2024 habet
2761 1968 2930 2040 hujus
2961 1970 3039 2025 rei
3079 1979 3249 2026 testes
3275 1968 3370 2040 qui

1780 2052 1970 2108 eodem
2005 2063 2253 2126 tempore
2289 2057 2560 2114 vixerunt.

1213 2158 1350 2216 Item
1380 2177 1446 2218 ex
1477 2164 1651 2226 ,Suida
1683 2169 1740 2225 in
1769 2185 1906 2225 voce
1941 2171 2216 2237 Λεόντιος.

151 2261 410 2326 Λεόντιος
442 2263 757 2335 Τριπόλεως
784 2269 884 2341 τῆς
913 2270 1111 2336 Λυδίας
1139 2275 1456 2344 ἐπίσκοπος,
1493 2281 1682 2346 Μυσὸς

92 2351 146 2404 τι
169 2354 324 2422 rem;
351 2354 464 2409 τῶν
491 2357 630 2429 πρὸς
665 2361 743 2428 τῷ
777 2362 979 2437 Ἴστρῳ
1003 2381 1227 2438 κατιρκη
1237 2367 1435 2438 μένωνυ
1465 2371 1560 2435 οὓς
1583 2373 1684 2443 ἀγ·

92 2447 352 2538 χιμάχους
375 2447 527 2520 Ὀμη
536 2467 629 2521 ρος
645 2452 820 2509 καλεῖ.
837 2455 942 2508 Τὸν
965 2457 1204 2512 τοιοῦτον
1233 2453 1484 2518 Λεόντιον
1503 2483 1676 2538 προσ-

91 2537 418 2608 εταιρίζεται
465 2541 494 2594 6
537 2543 831 2615 κακόφρων
873 2546 1254 2620 Φιλοστόργιος
1303 2554 1361 2608 ἐν
1397 2559 1462 2626 τῇ
1509 2537 1680 2629 βίϐλῳ

91 2627 204 2680 ἀντὶ
243 2629 336 2682 τοῦ
376 2631 514 2702 (21),
547 2633 624 2697 ὠς
671 2635 949 2707 ὁμόφρονα
989 2639 1090 2710 τῆς
1133 2641 1476 2719 Ἀρειανικῆς
1513 2627 1677 2704 αὐτού

95 2721 529 2792 κακοφροσύνης.
571 2723 660 2788 Ὠς
687 2721 840 2791 οὗτος
865 2731 1032 2784 παῖδα
1053 2731 1150 2785 ἕνα
1184 2735 1453 2808 ἐσχηκὼς,
1489 2741 1676 2816 ἐπειδὴ

95 2813 162 2906 μὴ
196 2813 442 2906 χρηστὰς
470 2813 695 2881 ἐλπίδας
721 2821 886 2874 αὑτὸν
911 2823 1280 2894 ὑποφαίνοντα
1319 2831 1455 2900 πρὸς
1473 2813 1678 2906 ἀρετὴν

93 2899 212 2966 εἶδε,
239 2905 557 2976 εὐξάμενος,
582 2909 658 2973 ὦς
687 2929 870 2981 φασιν,
895 2915 975 2968 ἔτι
1009 2919 1294 2989 μειράκιον
1314 2923 1462 2990 ὅντα,
1499 2927 1680 3000 ἐποίη·

91 3011 176 3049 σεν
197 2997 492 3054 ἀποθανεῖν
508 3017 522 3030 ·
546 3002 830 3060 κάλλιστον
855 3007 1220 3080 ἡγησάμενος,
1241 3013 1301 3066 τὸ
1322 3015 1428 3086 πρὸ
1448 2997 1676 3090 αἰσχροί]

89 3105 228 3152 τινος
272 3093 680 3150 καταλύσασθαι
721 3099 810 3152 τὸν
861 3099 998 3170 βίον,
1051 3104 1158 3158 τῶν
1196 3108 1483 3180 σφαλερῶν
1533 3114 1673 3168 κατὰ

1855 2282 2120 2340 Leontius
2149 2287 2443 2358 episcopus
2482 2287 2722 2360 Tripolis
2760 2291 2916 2346 urbis
2964 2290 3166 2362 Lydiae,
3215 2298 3368 2346 ortus

1784 2391 1853 2432 ex
1880 2376 2064 2434 Mmsis
2093 2379 2188 2449 qui
2213 2381 2412 2435 lstrum
2443 2383 2717 2444 accolunt.
2751 2398 2890 2453 quos
2921 2382 3190 2440 Homerus
3214 2383 3371 2452 ἀγχι-

1785 2471 1992 2541 μάχους
2037 2473 2306 2542 appellat,
2341 2473 2538 2540 idest,
2574 2476 2813 2529 cominus
2855 2485 3170 2545 pugnantes.
3209 2473 3366 2530 Hunc

1783 2557 2074 2614 Leontium
2107 2562 2224 2616 suis
2267 2563 2516 2632 partibus
2551 2563 2800 2634 adjungit
2827 2563 3028 2634 impius
3057 2564 3366 2620 Philostor-

1783 2649 1907 2720 gius
1936 2650 1991 2704 in
2023 2652 2118 2707 lib.
2153 2651 2413 2709 Historia:
2442 2671 2556 2711 suae
2583 2657 2838 2726 septimo,
2864 2665 3124 2727 tanquam
3153 2657 3368 2712 Arianae

1783 2751 1946 2798 sectae
1975 2759 2140 2814 quam
2172 2745 2288 2814 ipse
2341 2749 2721 2815 proﬁtebatur,
2747 2745 3086 2804 addictum.
3110 2747 3210 2803 Hic
3240 2764 3365 2802 cum

1785 2833 2008 2889 unicum
2035 2834 2267 2890 haberet
2300 2836 2498 2902 tilium,
2550 2853 2650 2893 nec
2685 2837 2850 2892 ullam
2883 2840 2936 2892 in
2978 2855 3044 2894 eo
3089 2839 3244 2892 home
3277 2839 3368 2892 in-

1780 2925 1924 2981 dolis
1954 2934 2142 2981 notam
2173 2929 2655 2994 animadverteret,
2687 2931 3031 2987 orationibus
3058 2948 3088 2986 a
3119 2930 3228 2986 Deo
3263 2931 3366 2985 im-

1780 3021 2036 3086 petravit,
2085 3027 2145 3072 ut
2183 3019 2363 3096 adhuc
2413 3020 2734 3077 adolescens
2771 3037 2838 3077 ex
2890 3021 2991 3077 hac
3031 3023 3138 3077 vita
3189 3023 3366 3079 disce-

1781 3111 1966 3176 deret,
2007 3108 2183 3164 satius
2217 3124 2338 3165 esse
2365 3111 2618 3176 judicans
2645 3122 2706 3166 ut
2737 3123 2861 3167 ante
2893 3113 3064 3166 ullum
3101 3113 3362 3183 probrum

87 3182 172 3234 τὸν
195 3181 306 3252 βίον
326 3185 558 3240 όλίσθων
585 3187 690 3253 ἔξω
713 3191 1023 3264 γενόμενον.
1049 3197 1266 3252 Κανόνα
1287 3199 1342 3253 δὲ
1366 3203 1527 3256 αὑτὸν
1552 3205 1675 3259 ἐκά-

1779 3218 1844 3257 ae
1893 3201 2160 3274 ﬂagitium
2213 3204 2539 3266 admissum,
2576 3215 2806 3260 mortem
2848 3215 3149 3276 oppeteret,
3181 3222 3248 3260 ex
3281 3209 3365 3260 in-

87 3273 206 3327 λουν
239 3279 338 3347 τῆς
376 3278 723 3351 Ἐκκλησίας.
755 3278 862 3338 Ἦν
893 3286 950 3339 δὲ
993 3289 1278 3362 ἐλεύθερος
1309 3293 1408 3366 τὴν
1447 3295 1671 3371 γνώμην

87 3366 274 3438 ἐπίσης
297 3369 380 3431 είς
403 3370 613 3436 πάντας
636 3373 730 3426 καὶ
753 3378 1244 3449 παῤῥησιαστικός.
1267 3384 1376 3438 Καί
1395 3404 1526 3439 ποτε
1549 3405 1673 3442 συν-

85 3457 198 3510 όδου
239 3461 560 3532 γενομένης,
592 3463 888 3528 Εὑσεϐείας
927 3468 1026 3538 τῆς
1075 3471 1455 3526 Κωνσταντίου
1484 3492 1672 3544 γυναι-

85 3549 173 3612 κὸς
201 3553 280 3615 είς
323 3553 524 3624 οἴδημα
573 3555 836 3628 ἀρθείσης
869 3563 1237 3632 φρονήματος,
1285 3567 1380 3619 καὶ
1427 3569 1532 3622 ὑπὸ
1563 3569 1670 3624 τῶν

85 3633 392 3696 ἐπισκόπων
425 3649 932 3722 προσκυνουμένης,
971 3652 1133 3721 μόνος
1162 3647 1315 3720 οὗτος
1343 3659 1495 3730 παρὰ
1529 3661 1669 3728 φαῦ-

85 3731 170 3786 λον
199 3735 370 3808 αὐτὴν
403 3737 707 3809 τιθέμενος,
752 3737 888 3796 οἴκοι
938 3743 1151 3808 ἔμενεν.
1194 3748 1258 3802 ἸΙ
1302 3749 1358 3803 δέ
1396 3751 1484 3808 διὰ
1511 3739 1669 3810 τούτο

82 3825 553 3899 ὑποθερμανθεῖσα
573 3834 686 3896 τοῖς
708 3832 919 3904 θυμοῖς,
943 3836 1038 3890 καὶ
1057 3837 1154 3910 τὴν
1173 3839 1402 3914 γνώμην
1422 3843 1670 3918 φλεγμή-

81 3931 232 3982 νασα,
263 3918 475 3990 πέμπει
511 3922 648 3994 πρὸς
674 3925 838 3980 αὑτὸν
865 3929 1186 4002 αἰτιωμένη,
1215 3935 1309 3988 καὶ
1339 3935 1667 4008 ὑποσχέσεσι

79 4011 466 4077 κολακεύουσα,
487 4016 565 4080 ὼς
603 4018 930 4090 Ἐκκλησίαν
957 4039 1040 4076 σοι
1066 4025 1328 4098 μεγίστην
1353 4029 1549 4100 ἐγερῶ.
1573 4033 1668 4086 καὶ

78 4105 332 4174 χρήματα
361 4106 872 4182 ἐπιδαψιλεύσομαι,
903 4113 952 4166 εί
975 4115 1192 4184 ἀφίκοιο
1223 4119 1360 4190 πρὸς
1390 4121 1479 4190 μέ.
1529 4122 1586 4175 '0
1609 4123 1664 4175 δὲ

79 4195 408 4267 ἁντεδήλωσε
423 4214 438 4230 ·
468 4199 688 4256 Τούτων
707 4203 804 4272 μὲν
828 4205 883 4256 εί
900 4221 952 4257 τι
976 4204 1297 4282 βουληθείης
1318 4211 1661 4280 τελέσασθαι,

77 4283 123 4344 ὦ
153 4290 414 4359 βασίλεια.
445 4295 546 4346 υύκ
584 4295 710 4366 ἐμοὶ
741 4295 965 4366 μᾶλλον,
993 4297 1026 4368 ἢ
1057 4301 1122 4370 τῇ
1165 4303 1230 4372 σῇ
1255 4301 1400 4374 ψυχῇ
1435 4305 1540 4358 ἷσθι
1566 4324 1664 4376 χα-

1775 3292 1941 3348 certis
1976 3307 2040 3346 ac
2069 3283 2396 3362 periculosis
2427 3294 2592 3364 hujus
2627 3296 2750 3349 vita:
2779 3297 3000 3351 casibus
3029 3296 3360 3352 subductus.

1773 3383 1948 3439 Porro
1981 3399 2106 3438 eum
2159 3383 2418 3440 Ecclesia:
2477 3401 2728 3440 normam
2778 3387 2938 3458 vulgo
2995 3388 3358 3458 appellabant.

1772 3473 1916 3528 Idem
1959 3490 2178 3530 summa
2225 3476 2496 3542 libertate,
2531 3478 2726 3532 lam-in
2761 3479 3064 3546 sentiendo,
3103 3496 3268 3550 quam
3307 3482 3361 3536 in

1771 3566 2068 3637 loquendo,
2102 3583 2230 3638 erga
2273 3584 2464 3624 omnes
2503 3585 2570 3624 ex
2601 3585 2760 3639 aequo
2793 3572 3066 3626 utebatur.
3113 3573 3362 3642 Cumque

1771 3659 2066 3728 aliquando
2137 3659 2380 3730 synodus
2427 3661 2811 3732 episcoporum
2873 3663 3245 3728 convenisset,
3305 3675 3361 3719 ct

1771 3749 2000 3805 Eusebia
2031 3751 2275 3820 Augusta
2313 3766 2452 3806 uxor
2485 3752 2620 3822 imp.
2659 3751 2969 3808 Constantii
3027 3754 3170 3810 fastu
3215 3757 3357 3812 elata

1769 3841 1839 3895 ab
1869 3842 2149 3897 universis
2181 3843 2456 3914 episcopis
2480 3843 2834 3912 salutaretur,
2863 3845 3018 3900 solus
3049 3846 3138 3902 hic
3167 3847 3358 3920 Augu-

1769 3945 1912 3990 stam
1956 3936 2112 4006 parvi
2153 3937 2420 4008 pendens,
2453 3939 2598 3994 domi
2636 3943 2858 3994 mansit.
2907 3939 2964 3994 ld
2997 3939 3200 3996 factum
3245 3945 3358 3994 Au—

1768 4037 1927 4100 gusta
1955 4043 2096 4100 aegre
2127 4028 2307 4086 ferens
2328 4069 2343 4094 ,
2375 4039 2429 4084 et
2467 4032 2547 4086 ira
2575 4033 3014 4099 excandescens,
3051 4033 3348 4104 quemdam

1767 4133 1834 4174 cx
1865 4119 2130 4174 ministris
2159 4120 2274 4176 suis
2302 4121 2367 4175 ad
2400 4137 2524 4176 eum
2552 4123 2724 4188 misit,
2757 4125 2955 4194 partim
2988 4140 3356 4194 conquerens,

1767 4209 1964 4277 partim
1991 4208 2272 4264 blanditiis
2306 4219 2360 4264 et
2386 4211 2891 4280 pollicitationibus
2923 4231 3046 4270 eum
3085 4216 3356 4272 demereri

1766 4300 2013 4356 studens.
2039 4300 2330 4356 Maximam
2359 4303 2476 4368 tibi,
2500 4305 2700 4372 aiebat,
2732 4307 3023 4362 ecclesiam
3051 4307 3352 4373 aaditicabo,

81 4381 354 4454 ριουμένη.
387 4383 454 4436 Εἰ
496 4383 553 4437 δὲ
592 4383 876 4455 θελήσειας
914 4387 1208 4455 ἀφικέσθαι
1258 4392 1394 4462 πρὸς
1448 4395 1528 4458 σὲ,
1587 4396 1662 4460 ὡς

1779 4399 1818 4448 3t
1855 4394 2118 4463 pecunias
2146 4395 2372 4464 insuper
2402 4397 2626 4468 largiar,
2655 4398 2700 4454 si
2728 4399 2795 4453 ad
2829 4416 2916 4454 me
2944 4401 3224 4456 visendam
3262 4417 3357 4458 ac-

77 4471 175 4538 τῆς
208 4475 318 4537 τοῖς
345 4473 668 4538 ἐπισκόποις
703 4476 1022 4548 πρεπούσης
1052 4479 1540 4556 φυλαχθησομένης
1577 4488 1662 4540 αξη

1764 4483 2018 4539 cesseris.
2043 4483 2253 4550 Quibus
2277 4484 2540 4541 Leontius
2565 4487 2636 4541 ita
2661 4489 2968 4558 respondit:
3000 4469 3206 4543 llordm
3233 4506 3355 4559 quae

77 4561 195 4628 δούς
217 4581 230 4594 ·
261 4565 330 4618 ἵν’
355 4565 658 4638 είσὲλθοιμι
698 4568 796 4638 μὲν
837 4547 1068 4638 emes
1098 4570 1142 4623 δ’
1169 4547 1382 4628 αύτίκα
1409 4547 1505 4630 τού
1535 4577 1660 4650 θρό-

1779 4575 1904 4630 mihi
1936 4547 2230 4646 promittis,
2265 4578 2534 4650 Augusta,
2567 4581 2611 4634 si
2648 4547 2930 4650 quidpiam
2963 4580 3223 4650 perlicere
3253 4597 3353 4633 vo-
3443 4579 3450 4584 ’

79 4670 168 4706 νου
199 4655 286 4708 τοῦ
315 4655 527 4728 ὑψηλοῦ
556 4657 861 4722 καταϐᾶσα,
912 4659 1030 4728 μετ’
1066 4660 1249 4725 αἰδοῦς
1293 4665 1660 4740 ὑπαντήσειας

77 4745 216 4816 ἐμοὶ,
246 4747 338 4801 καὶ
381 4745 480 4819 τῆν
524 4748 766 4821 κεφαλὴν
809 4750 1052 4824 ὑπόσχῃς
1079 4753 1200 4816 ταῖς
1238 4756 1401 4825 ἐμαῖς
1448 4761 1656 4830 χερσὶν,

77 4837 330 4908 εὑλογιῶν
391 4841 688 4913 ἀξιουμένη
715 4859 728 4873 ο
786 4841 1020 4898 κᾶπειτα
1069 4845 1392 4918 καθεσθείην
1444 4853 1542 4922 μὲν
1594 4855 1660 4909 ἂν

77 4929 204 4997 ἐγὼ,
234 4933 297 4984 σὺ
326 4933 369 4986 δ’
411 4935 478 4987 ἂν
511 4935 764 5006 ἑστήκοις
799 4935 1118 5008 αἰδουμένη,
1153 4940 1354 4994 ὁπόταν
1382 4942 1438 4995 δὲ
1474 4945 1662 5000 κελεύ-

79 5039 250 5092 σαιμι,
273 5025 672 5099 καθεδουμένη,
703 5028 867 5098 ἡνίκα
900 5029 1048 5099 δοίην
1078 5031 1140 5085 τὸ
1172 5031 1442 5106 σύνθημα.
1468 5035 1532 5090 El
1573 5037 1663 5090 οὑ-

75 5129 182 5176 τως
203 5117 420 5188 αἱρήσῃ,
445 5117 752 5188 ἀφικοίμην
783 5118 930 5189 παρά
953 5119 1040 5171 σέ⁸
1073 5121 1122 5172 εί
1152 5119 1196 5172 δ’
1223 5121 1408 5193 ἓτερον
1439 5125 1658 5195 τρόπον,

77 5207 174 5274 οὐχ
217 5207 356 5262 οὓτω
405 5209 580 5262 πολλά
607 5209 822 5274 δώσεις,
868 5211 975 5264 οὐδ’
1001 5211 1146 5264 οὓτω
1179 5214 1394 5283 μεγάλα
1435 5215 1658 5288 δυνήσῃ,

76 5299 152 5360 ὡς
169 5301 305 5371 ἡμᾶς
332 5303 432 5374 τῆς
457 5303 846 5376 προσηκούσης
872 5305 1039 5374 τιμῆς
1053 5309 1165 5368 τοῖς
1183 5307 1506 5370 ἐπισκόποις
1528 5308 1660 5362 καθα

79 5395 416 5464 ὑφιεμένους,
459 5398 542 5460 είς
581 5395 672 5448 τὸν
711 5395 855 5449 θεῖον
895 5393 1179 5467 ἐξυϐρίσαι
1213 5397 1314 5469 τῆς
1359 5397 1660 5470 ἱερωσύνης

1768 4669 1961 4734 lueris,
2003 4669 2146 4723 scias
2184 4669 2344 4722 velim
2388 4671 2532 4740 quod
2567 4672 2768 4725 animae
2811 4681 2918 4724 tuae
2967 4671 3146 4739 potius
3187 4685 3352 4740 quam

1767 4759 1902 4812 mihi
1949 4758 2365 4828 gratiﬁcabcris.
2417 4759 2572 4825 Quod
2604 4761 2650 4813 si
2685 4777 2770 4814 me
2802 4749 2874 4814 ad
2905 4769 2954 4814 te
3001 4759 3350 4815 salutandam

1767 4851 1922 4918 cupis
1947 4850 2229 4917 accedere,
2257 4851 2512 4904 accedam
2537 4851 2780 4920 quidem,
2809 4851 3110 4905 dummodo
3137 4866 3198 4905 ea
3233 4867 3355 4921 qua:

1765 4941 2036 5010 episcopis
2067 4941 2315 5006 debetur,
2360 4951 2609 4997 servetur
2660 4943 2997 5005 reverentia,
3053 4943 3126 4998 ita
3163 4951 3223 4998 ut
3267 4945 3353 4998 in-

1766 5031 1984 5103 grediar
2010 5033 2231 5104 quidem
2263 5050 2386 5105 ego,
2425 5047 2480 5090 tu
2520 5051 2648 5089 vero
2677 5037 2860 5090 statim
2893 5053 2923 5090 e
2952 5037 3174 5092 sublimi
3207 5037 3350 5092 solio

1764 5125 2127 5190 descendens,
2165 5127 2470 5181 verecunde
2513 5127 2646 5180 mihi
2682 5141 2964 5190 occurras,
3003 5137 3057 5181 ct
3092 5127 3348 5181 manibus

1763 5215 1903 5272 meis
1932 5232 2098 5288 caput
2141 5226 2296 5273 tuum
2336 5219 2652 5284 submittas,
2707 5219 3140 5275 benedictionem
3185 5237 3216 5275 a
3262 5235 3349 5275 me

1763 5311 2072 5380 postulans.
2117 5311 2322 5368 Deinde
2353 5322 2410 5366 ut
2443 5313 2662 5369 sedeam
2695 5313 2914 5384 quidem
2959 5329 3089 5385 ego;
3129 5323 3186 5370 tu
3217 5329 3348 5370 vero

1763 5413 1873 5468 stes
1917 5419 2041 5458 cum
2091 5405 2429 5473 reverentia;
2481 5415 2771 5477 postquam
2818 5407 3038 5477 jnssero
3097 5423 3341 5473 sessura,

1298 5573 1542 5618 VALESII
1581 5574 1712 5622 ANN
1715 5577 1986 5625 ΟΤΔΤῙΟΝ
1991 5580 2082 5625 ES.

155 5705 278 5794 (il-3"
298 5708 396 5762 Ἑν
415 5707 492 5790 τῇ
509 5709 707 5794 male:
728 5709 861 5794 ἀγςτί
887 5710 1013 5794 τρᾷ.
1044 5711 1402 5794 Scribendum
1430 5715 1640 5772 videtur

1779 5723 1828 5793 τῇ
1863 5721 1906 5786 ζ’
1937 5721 2104 5794 βίϐλῳ
2135 5722 2318 5790 αὑτοῦ,
2368 5735 2472 5780 etc.
2507 5723 2641 5780 Nam
2708 5721 3110 5792 Philostorgius
3178 5713 3341 5786 huius

85 5775 280 5833 Lemnii
311 5775 646 5836 mentionem
683 5780 806 5836 facit
837 5782 890 5836 in
924 5783 1016 5836 lib.
1054 5797 1149 5849 vn,
1181 5799 1299 5854 cap.
1336 5787 1390 5840 6.
