3842 6302
473 304 582 363 635

1641 303 2119 362 PHILOSTORGII
2159 303 2576 362 FRAGMENTA
2589 346 2602 360 .

3608 297 3698 356 636

469 414 560 470 ubi
594 413 808 486 signum
851 414 949 469 tibi
979 413 1202 471 dedero.
1244 412 1303 468 Si
1334 413 1556 484 quidem
1609 413 1661 469 id
1690 415 1940 486 elegeris,
1975 419 2042 471 ad

2167 418 2366 488 δεσμόν.
2421 417 2614 471 Ταῦτα.
2643 417 2719 480 ὼς
2761 417 3116 489 ἀπηγγέλθη,
3163 416 3578 487 ἁναπίμπραται
3614 417 3696 488 τὴν

465 519 518 563 te
549 509 824 564 accedam.
861 507 956 563 Sin
991 508 1170 574 aliter,
1201 523 1482 577 nunquam
1517 515 1597 562 tot
1626 524 1691 564 ac
1726 518 1874 564 tanta
1906 510 2039 564 mihi

466 600 672 654 donare
701 601 927 670 poteris,
955 608 1016 654 ut
1046 615 1147 670 ego
1183 601 1249 654 de
1283 599 1488 653 honore
1519 601 1610 671 qui
1641 601 1916 672 episcopis
1947 602 2043 656 de-

467 695 645 753 betur.
690 693 895 762 aliquid
941 694 1248 754 remittens,
1305 692 1520 747 divinas
1555 694 1847 748 sacerdotii
1898 694 2043 763 leges

469 784 670 836 violare
700 797 941 851 unquam
972 783 1156 838 velim.
1211 780 1336 836 Haec
1365 783 1452 836 ubi
1488 783 1735 836 nuntiata
1770 793 1922 848 sunt,
1957 800 2044 838 re-

471 873 598 942 gina
644 873 843 926 mirum
897 875 950 927 in
995 874 1218 928 modum
1246 874 1553 939 excanduit,
1601 873 1908 941 hujusmodi
1957 890 2044 930 re-

469 979 733 1033 sponsum
764 965 869 1018 sibi
913 980 940 1016 a
982 964 1209 1020 Leontio
1244 965 1427 1019 afferri
1484 965 1906 1036 haudquaquam
1949 982 2046 1036 pa-

469 1054 664 1109 tienter
688 1056 989 1110 sustinens.
1025 1055 1271 1125 Cumque
1317 1057 1546 1110 multum
1581 1058 1953 1121 intumuisset,
1991 1067 2047 1112 et

471 1162 800 1218 magnopere
829 1158 1103 1203 commota
1153 1158 1299 1203 esset
1351 1149 1556 1209 animo.
1593 1161 1644 1204 et
1684 1165 1784 1218 pro
1831 1149 2048 1204 levitate

472 1248 636 1306 atque
667 1239 1000 1308 impatientia
1041 1240 1292 1295 muliebri
1341 1241 1518 1294 minas
1550 1242 1894 1303 inteutasset,
1933 1257 2046 1296 rem

474 1329 540 1384 ad
589 1331 845 1384 maritum
891 1331 1096 1396 retulit,
1151 1331 1414 1384 ultionem
1467 1330 1738 1400 ﬂagitans.
1789 1330 1888 1386 llic
1916 1346 2048 1385 vero

472 1419 799 1475 laudandam
847 1424 1032 1492 potius
1065 1437 1186 1476 esse
1220 1421 1374 1475 duxit
1408 1421 1462 1474 in
1515 1419 1742 1475 Leontio
1776 1422 1944 1475 animi
1981 1422 2048 1475 li-

472 1512 741 1566 bertatem
766 1553 781 1574 ,
819 1523 874 1566 et
913 1513 1100 1567 uxoris
1147 1513 1281 1565 iram
1327 1511 1554 1576 sedavit,
1587 1527 1818 1582 eamque
1854 1514 1920 1567 ad
1956 1528 2052 1568 cu-

471 1604 713 1660 biculum
748 1621 907 1660 suum
941 1605 1171 1660 remisit.
1205 1602 1452 1670 Quodam
1487 1605 1612 1657 item
1647 1613 1892 1674 tempore
1920 1606 2050 1660 dum

471 1695 828 1752 Constantius
862 1697 1242 1766 episcoporum
1293 1695 1458 1751 οωιυί
1494 1696 1831 1764 praesideret,
1863 1706 1916 1751 et
1944 1696 2049 1752 Ec-

2146 508 2392 580 γνώμην,
2421 511 2522 562 οὑκ
2548 510 2840 580 ἀνασχετὸν
2869 511 3146 580 ἡγουμένη
3175 509 3313 579 πρὸς
3339 507 3590 562 Λεοντίου
3611 525 3696 563 τοι·

2145 601 2335 666 ούτους
2363 600 2616 668 δέξασθαι
2657 601 2868 670 λόγους.
2909 603 3019 655 Καὶ
3060 600 3227 655 πολλὰ
3276 600 3587 670 διοιδήσασα
3623 602 3698 654 καὶ

2146 692 2525 764 παθηναμένη,
2549 693 2643 745 καὶ
2671 693 2834 746 πολλὰ
2866 695 2928 745 ἐκ
2962 691 3274 760 γυναικείας
3300 690 3592 761 ἀκροχόλου
3622 693 3698 744 καὶ

2147 784 2355 855 κούφης
2396 784 2738 855 ἀπειλήσασα
2787 784 3046 848 διανοίας,
3092 785 3199 836 καὶ.
3236 783 3422 854 τάνδρὶ
3466 783 3698 852 διηγησα-

2151 877 2309 947 μένη,
2346 876 2480 946 πρὸς
2508 878 2776 946 τιμωρίαν
2809 875 3050 948 ἐξώρμα.
3097 876 3155 929 '0
3185 875 3241 929 δὲ
3267 875 3468 946 μᾶλλον
3497 875 3698 945 ἐπῄνεσε

2146 966 2244 1036 τὴν
2275 966 2586 1038 ἐλευθερίαν
2615 969 2714 1038 τῆς
2748 968 2994 1039 γνώμης,
3031 968 3125 1021 καὶ
3168 969 3267 1037 τὴν
3305 968 3541 1034 γυναῖκα
3583 982 3700 1036 πειρ-

2148 1057 2344 1127 ήνεγκε
2366 1060 2465 1128 τῆς
2497 1058 2687 1129 ὀργῆς,
2711 1061 2806 1113 καὶ
2826 1060 3145 1130 ἀποπέμπει
3177 1061 3255 1122 είς
3286 1060 3385 1130 τὴν
3405 1060 3699 1126 γυναικωνῖ-

2149 1165 2252 1201 τιν.
2291 1150 2399 1203 Καί
2438 1168 2570 1204 ποτε
2619 1152 2822 1221 μεταξὺ
2861 1153 3279 1224 προκαθημένου
3325 1150 3421 1204 τοῦ
3471 1150 3701 1221 βασιλέως

2149 1239 2528 1294 Κωνσταντίου
2557 1242 2665 1295 τῶν
2693 1244 3028 1306 ἐπισκόπων,
3059 1244 3151 1297 καὶ
3187 1244 3375 1314 ἄρχειν
3404 1242 3513 1295 τῶν
3537 1241 3703 1310 ἐκκλη-

2151 1331 2283 1385 σιῶν
2317 1332 2611 1398 ἐθέλοντος,
2635 1335 2683 1386 οί
2711 1335 2808 1404 μὲν
2835 1335 3150 1397 πολλοὶ,πᾶν
3175 1335 3201 1388 ὃ
3230 1352 3282 1388 τι
3308 1335 3553 1404 φήσειεν,
3575 1332 3704 1403 ἐκρό-

2151 1442 2275 1479 τουν
2309 1426 2402 1478 καὶ
2448 1425 2775 1496 ἐθαύμαζον,
2812 1427 3008 1498 ἄριστα
3050 1426 3298 1498 εἰρῆσθαι
3332 1425 3702 1496 διοριζόμενοι’

2149 1519 2177 1570 6
2206 1517 2260 1570 δὲ
2295 1516 2524 1573 ἐσιώπα.
2561 1519 2650 1581 Ὠς
2682 1519 2737 1571 δέ
2764 1519 2926 1590 ἤρετο
2957 1518 3118 1572 αὐτὸν
3147 1520 3173 1572 6
3202 1517 3476 1586 βασιλεὺς.
3509 1517 3574 1569 Τί
3603 1532 3705 1568 σιω-

2152 1610 2261 1680 πᾷς
2291 1609 2447 1680 μόνος
2477 1610 2586 1662 τῶν
2612 1610 2894 1675 ἁπάντων;
2923 1608 3218 1680 Θαυμόιζω,
3245 1608 3373 1679 ἔφη.
3399 1608 3551 1668 ὅπως
3571 1606 3708 1677 ’ἑτερο

2152 1701 2358 1755 διέπειν
2373 1702 2612 1772 ταχθεὶς,
2629 1703 2834 1773 ἐτέροις
2857 1703 3176 1773 ἐπιχειρεῖς,
3203 1699 3606 1773 στρατιωτικῶν
3632 1699 3707 1768 μὲν

473 1786 668 1842 clesias
725 1803 826 1856 pro
877 1789 1144 1841 arbitratu
1193 1801 1295 1842 suo
1346 1801 1533 1856 regere
1591 1789 1800 1841 vellet:
1839 1788 2053 1844 cunctis

2167 1792 2252 1845 καὶ
2286 1791 2578 1846 πολιτικῶν
2623 1794 2966 1864 πραγμάτων
2999 1791 3376 1863 προεστηκὼς,
3414 1789 3710 1850 ἐπισκόποις

476 1879 636 1933 verba
663 1880 1009 1948 imperatoris
1042 1895 1166 1934 cum
1206 1880 1399 1947 plausu
1433 1891 1486 1934 et
1514 1880 1874 1935 admiratione
1899 1883 2048 1936 exci-

475 1969 780 2038 pientibus;
814 1984 868 2025 et
893 1982 1039 2026 recte
1059 1981 1253 2026 cuncta
1286 1973 1355 2027 ab
1381 1988 1446 2026 eo
1470 1973 1613 2027 dicta
1637 1987 1757 2026 esse
1782 1971 2050 2026 affirmau-

476 2060 643 2122 tibus,
677 2063 828 2117 solus
872 2061 1135 2117 Leontius
1173 2063 1458 2134 conticuit.
1500 2062 1566 2117 Et
1601 2079 1724 2118 cum
1757 2063 2050 2133 imperator

476 2164 596 2204 eum
627 2152 1038 2222 interrogasset,
1076 2168 1240 2222 quam
1288 2153 1358 2209 ob
1389 2169 1613 2209 causam
1645 2154 1795 2209 solus
1827 2169 1894 2209 ex
1931 2170 2050 2208 om-

2154 1880 2210 1934 δέ
2251 1884 2380 1954 περὶ
2417 1883 2524 1936 τῶν
2553 1886 2632 1948 εἰς
2665 1885 2857 1955 μόνους
2890 1885 3222 1947 ἐπισκόπους
3251 1883 3493 1954 ἡκόντων
3523 1881 3710 1934 διατατ-

2154 1973 2403 2044 τόμενος.
2439 1975 2542 2029 Τὸν
2589 1976 2646 2028 δὲ
2693 1975 2914 2046 βασιλέα
2966 1974 3383 2029 καταιδεσθέντα
3424 1969 3710 2025 παύσασθαι

2156 2066 2256 2135 τῆς
2289 2068 2346 2119 ἐν
2379 2069 2493 2130 τοῖς
2526 2068 2788 2132 τοιούτοις
2820 2069 2919 2140 ἤδη
2949 2067 3360 2128 διακελεύσεως.
3390 2063 3634 2126 Τοιοῦτος
3659 2057 3710 2131 ἦν

2156 2159 2184 2209 ὁ
2215 2158 2468 2221 Λεόντιος
2498 2159 2820 2231 ἐλευθέριος.

475 2246 634 2302 nibus
673 2248 874 2312 sileret,
906 2249 1186 2318 respondit
1215 2249 1476 2304 Leontius
1508 2267 1519 2303 :
1553 2249 1740 2315 Miror,
1781 2251 1976 2320 inquit,
2013 2259 2064 2305 te
2102 2251 2193 2320 qui
2223 2253 2344 2308 aliis
2382 2255 2546 2308 rebus
2603 2253 3050 2308 administrandis
3084 2251 3408 2322 praepositus
3462 2250 3563 2313 sis,
3605 2248 3711 2302 alias

476 2343 738 2414 regendas
766 2345 1044 2414 suscipere
1075 2364 1086 2400 :
1119 2355 1172 2401 et
1199 2361 1321 2400 cum
1363 2347 1678 2402 militarium
1711 2363 1775 2402 ac
1800 2348 2044 2402 civilium
2085 2352 2428 2417 negotiorum
2461 2352 2557 2406 tibi
2590 2351 2841 2405 mandata
2893 2351 2965 2405 sit
3023 2365 3176 2413 cura,
3216 2347 3489 2418 episcopis
3565 2355 3713 2399 tamen

476 2441 768 2510 praecipere
809 2441 876 2496 de
914 2443 1079 2498 rebus
1140 2458 1262 2512 qua:
1301 2443 1367 2497 ad
1410 2443 1558 2498 solos
1623 2447 1911 2514 episc0pos
1974 2446 2264 2513 pertinent.

2342 2448 2552 2514 Quibus
2602 2448 2821 2514 auditis,
2871 2447 3231 2501 Constantius
3277 2443 3608 2500 verecundia
3666 2454 3714 2494 ac

476 2529 678 2598 pudore
711 2529 974 2596 sutl‘usus,
1008 2529 1062 2584 in
1099 2531 1368 2600 ejusmodi
1399 2531 1632 2602 negotiis
1663 2533 1915 2602 deinceps
1945 2548 2044 2602 pro
2083 2535 2314 2604 imperio
2350 2552 2511 2608 agere
2537 2553 2602 2592 ac
2622 2537 2814 2607 jubere
2848 2537 3079 2593 destitit.
3125 2535 3300 2591 Tanta
3349 2537 3406 2591 in
3468 2531 3716 2606 loquendo

477 2619 722 2676 libertate
755 2622 1015 2692 praaditus
1043 2620 1146 2677 fuit
1172 2621 1435 2677 Leontius
1475 2621 1612 2692 (22).

1585 2733 1719 2790 Item
1748 2753 1813 2792 ex
1850 2735 2019 2792 Suida
2050 2740 2107 2794 in
2138 2755 2273 2797 voce
2308 2743 2636 2813 Δημόφιλος.

547 2868 903 2938 Demophilus
945 2868 1590 2939 Constantinopolitanus
1628 2871 1940 2942 episc0pus,
1972 2873 2057 2927 vir

476 2961 918 3029 tnsaanuodam
944 2962 1147 3030 impetu
1167 2971 1363 3016 cuncta
1383 2961 1546 3017 simul
1567 2963 1796 3016 miscere
1819 2963 2015 3019 solitus
2042 2984 2056 3020 :

2229 2857 2536 2928 Δημόφιλος
2585 2856 2884 2920 ἐπίσκοπος
2930 2855 3337 2910 Κωνσταντίνου
3373 2857 3604 2920 πόλεως,
3631 2851 3718 2917 οἷος

2157 2952 2414 3022 ἐμπεσὼν
2440 2952 2576 3022 ὁμοῦ
2621 2951 2910 3022 σύμπαντα
2950 2950 3140 3023 φύρειν
3174 2949 3286 3020 (25)
3319 2951 3547 3021 ἀκόσμῳ
3581 2951 3719 3020 φορᾷ,

479 3059 533 3106 et
575 3051 664 3121 qui
704 3045 882 3105 instar
919 3051 1091 3119 rapidi
1141 3051 1375 3120 vagique
1425 3050 1702 3116 torrentis,
1761 3052 2057 3121 plurimum

2167 3045 2410 3117 καθάπερ
2440 3045 2672 3108 ἄτακτος
2693 3047 3048 3116 χειμάρρους,
3083 3044 3200 3097 ὅλον
3230 3046 3286 3098 ἐν
3308 3047 3423 3107 τοῖς
3451 3045 3628 3112 λόγοις
3651 3044 3720 3095 τὸν

481 3142 582 3195 luti
618 3157 679 3195 ac
708 3141 951 3195 sordium
987 3141 1037 3193 in
1080 3141 1425 3196 sermonibus
1456 3142 1571 3196 suis
1602 3143 1970 3207 convolveret,
2003 3154 2063 3196 ut

482 3233 665 3302 quivis
711 3231 869 3286 facile
899 3232 1264 3300 deprehendet
1296 3249 1361 3288 ex
1394 3233 1569 3303 prima
1601 3233 1868 3288 concione
1897 3250 2059 3302 quam

483 3323 677 3378 habuit
722 3323 1219 3394 Constantinopoli.
1271 3324 1389 3391 Qua
1438 3327 1655 3395 quidem
1707 3328 1763 3379 in
1801 3327 2064 3382 concione

485 3413 787 3467 verisimile
843 3422 927 3467 est
953 3429 1075 3468 eum
1120 3417 1512 3487 accuratiorem
1550 3432 1614 3470 ac
1663 3416 2064 3487 diligentiorem

485 3503 656 3558 fuisse
688 3523 702 3560 :
731 3505 931 3574 quippe
957 3522 1078 3560 cum
1119 3486 1432 3577 hujusmudi
1469 3525 1752 3565 sermones
1780 3511 1955 3582 excipi
1983 3527 2068 3566 so-

485 3598 635 3653 leant
669 3613 698 3652 a
739 3599 992 3653 notariis.
1048 3601 1205 3654 Certe
1252 3600 1305 3653 in
1347 3601 1466 3669 ejus
1512 3601 1937 3658 Commentariis
1973 3605 2066 3674 qui

485 3691 782 3744 etiamnum
815 3700 1130 3759 supersunt,
1168 3693 1335 3745 multa
1369 3693 1590 3747 disserit
1619 3694 1848 3749 confusa
1899 3706 2065 3765 atque

485 3781 825 3842 indistincta,
875 3790 928 3836 et
962 3783 1028 3835 de
1061 3780 1221 3836 Patre
1260 3797 1324 3837 ac
1368 3781 1505 3837 Filio
1551 3773 1802 3854 loquens,
1851 3787 2070 3842 disertis

487 3875 668 3930 verbis
702 3875 774 3928 ita
803 3876 1140 3944 pronuntiat.
1173 3875 1347 3930 Filius
1375 3878 1548 3931 solius
1580 3877 1758 3933 Patris
1790 3881 2072 3934 voluntate

487 3965 706 4033 genitus
736 3976 841 4031 est,
875 3967 993 4021 sine
1025 3977 1268 4036 tempore
1314 3984 1378 4021 ac
1405 3968 1522 4022 sine
1556 3971 1768 4035 medio,
1811 3979 1871 4024 ut
1897 3971 2076 4040 jusso—

489 4069 614 4108 rum
648 4055 831 4110 Patris
867 4057 1117 4113 minister
1149 4060 1220 4112 sit
1244 4069 1297 4113 ct
1327 4058 1585 4114 famulus.
1615 4059 1748 4114 Nam
1783 4077 1904 4116 cum
1936 4079 2076 4131 pra:-

489 4147 703 4201 videret
751 4150 911 4214 Deus,
967 4165 1032 4204 ea
1083 4167 1206 4219 quae
1256 4151 1503 4207 facturus
1553 4163 1691 4215 erat,
1748 4169 1855 4208 non
1913 4170 2075 4223 posse

491 4237 816 4305 consistere,
851 4240 1052 4309 quippe
1093 4257 1214 4311 qua:
1249 4233 1372 4312 p'uri
1414 4253 1577 4313 atque
1628 4245 1953 4314 impermisli
1991 4261 2077 4300 or-

492 4330 638 4387 diuis
680 4331 864 4386 futura
899 4343 1102 4399 essent,
1151 4336 1378 4404 perinde
1405 4353 1468 4391 ac
1512 4337 1655 4392 Deus
1701 4339 1792 4407 qui
1826 4339 1939 4408 ipsa
1991 4338 2073 4394 fe-

2165 3137 2426 3207 συρφετὸν
2467 3137 2636 3206 ἄγων,
2671 3137 2746 3199 ὡς
2778 3137 2982 3189 εἴσεταί
3026 3153 3111 3198 τις
3151 3137 3216 3188 ἐκ
3247 3135 3473 3206 πρώτης
3514 3138 3572 3188 ὲν
3615 3132 3721 3202 γοῦν

2163 3232 2277 3294 τοῖς
2321 3229 2399 3282 ἔτι
2448 3229 2777 3300 σωζομένοις
2820 3231 3202 3301 ὑπομνήμασιν
3248 3228 3415 3281 αὑτοῦ
3463 3228 3723 3296 γεγονυίας

2164 3321 2525 3392 δημηγορίας,
2559 3321 2688 3374 ἔνθα
2709 3323 2803 3374 καὶ
2834 3321 3032 3393 μᾶλλον
3061 3321 3209 3383 εἰκὸς
3236 3316 3303 3391 ἦν
3337 3320 3630 3388 ἀσφαλείας
3650 3319 3723 3372 αύ-

2165 3411 2257 3464 τὸν
2297 3411 2551 3480 φροντίδα
2587 3411 2950 3476 θέσθαι-τινὰ,
2993 3411 3068 3474 ώς
3107 3411 3406 3482 ἐγγράφοις
3432 3407 3723 3479 ἀναλαμΰα-

2167 3501 2410 3572 νομένων
2456 3501 2565 3556 τῶν
2605 3503 2935 3574 λεγομένων.
2980 3505 3067 3556 Ἐν
3114 3503 3324 3566 τούτοις
3355 3503 3486 3570 γοῦν
3527 3502 3651 3555 ἄλλα
3681 3515 3723 3551 τε
3800 3501 3801 3566 1

2170 3596 2340 3649 πολλὰ
2364 3596 2654 3649 διείλεκται
2685 3595 2948 3666 ἄναρθρα,
2981 3595 3276 3666 διαρρήδην
3314 3611 3371 3646 τε
3398 3595 3455 3646 ἐν
3483 3597 3594 3654 τοῖς
3624 3592 3725 3662 περὶ
3800 3597 3801 3666 ᾗ

2170 3688 2384 3760 Πατρός
2416 3690 2509 3740 καὶ
2539 3687 2671 3741 Υίοῦ
2696 3687 2894 3754 λόγοις.
2919 3687 3056 3756 Φησὶ
3085 3687 3215 3757 γὰρ,
3245 3685 3373 3748 Υἱὸς
3412 3686 3513 3754 μὲν
3544 3684 3726 3754 Πατρός

2173 3780 2389 3851 Θελήσει
2431 3780 2753 3850 γεγέννηται
2797 3779 2982 3849 μόνου,
3030 3780 3294 3850 ἀχρόνως,
3344 3777 3724 3849 ἀμεσιτεύτως”

2175 3874 2262 3927 ἵνα
2293 3873 2537 3936 διάκονος
2570 3873 2791 3942 γένηται
2819 3872 2914 3923 καὶ
2955 3871 3236 3942 ὑπηρέτης
3277 3870 3630 3940 βουλημὰτων
3655 3867 3726 3921 τοῦ

2173 3967 2405 4036 Πατρός.
2479 3963 2692 4034 Ἐπειδὴ
2739 3963 2847 4034 γὰρ
2880 3966 2907 4017 6
2968 3961 3360 4035 προγινώσκων
3413 3963 3548 4025 Θεὸς
3595 3957 3726 4014 ὅτιὸ

2176 4057 2366 4127 ἔμελλε
2398 4057 2676 4127 πράττειν,
2711 4055 2948 4110 ἀδύνατα
2984 4052 3051 4126 ἦν
3092 4055 3193 4125 τῆς
3220 4056 3531 4126 ἀκρατήτθυ
3555 4054 3729 4118 τάξεως
3800 4059 3801 4114 3

2175 4150 2269 4203 τοῦ
2307 4149 2594 4220 μέλλοντος
2624 4149 2762 4202 αὐτὰ
2788 4150 2959 4201 ποιεῖν
2988 4146 3120 4200 Θεοῦ
3149 4149 3203 4199 ἐν
3234 4146 3312 4216 τῷ
3350 4145 3600 4214 γενέσθαι
3627 4144 3728 4212 μέλ.

2176 4240 2336 4294 λοντα
2357 4258 2369 4270 ·
2400 4242 2433 4312 ἢ
2481 4243 2590 4313 γὰρ
2620 4240 2726 4293 ἔδει
2775 4240 2913 4294 αὐτὰ
2950 4241 3127 4294 πάντα
3165 4239 3319 4302 θεοὺς
3340 4238 3592 4307 γενέσθαι
3618 4236 3728 4305 πρὸς

2179 4333 2336 4398 ἀξίαν
2391 4332 2484 4386 τοῦ
2520 4333 2819 4397 ποιοῦντος,
2866 4334 2960 4386 καὶ
3005 4335 3068 4385 ἐκ
3111 4333 3314 4386 τούτων
3364 4331 3583 4402 ἔμελλον
3615 4327 3729 4381 eiu:

493 4434 664 4480 cerat.
695 4422 833 4479 Nam
868 4441 1095 4496 prorsus
1134 4442 1354 4482 necesse
1388 4439 1523 4494 erat,
1555 4439 1613 4484 ut
1647 4431 1728 4486 vel
1777 4433 1962 4485 omnia
1999 4431 2061 4486 di}

2181 4424 2321 4478 θεοί·
2359 4424 2390 4495 ἣ
2423 4425 2528 4477 ἔδει
2559 4423 2696 4476 αὐτὰ
2722 4427 2990 4492 γενόμενα
3027 4424 3138 4494 ίίὶιί)
3169 4422 3414 4484 λύεσθαι,
3447 4422 3629 4490 ὥσπερ
3655 4437 3732 4488 κη·
3800 4433 3801 4494 ᾖ

491 4523 680 4570 essent
721 4515 875 4583 juxta
919 4516 1240 4586 dignitatem
1285 4519 1404 4587 ejus
1446 4521 1538 4589 qui
1588 4521 1678 4574 illa
1708 4522 2068 4576 condiderat:

489 4621 553 4658 ex
590 4619 702 4675 quo
736 4617 1058 4662 eventurum
1096 4618 1212 4663 erat
1258 4619 1315 4662 ut
1367 4610 1550 4679 plures
1598 4611 1671 4665 dii
1721 4621 1926 4666 essent.
1976 4610 2072 4666 Vel

488 4707 638 4751 certe
675 4713 897 4755 necesse
935 4710 1073 4768 erat,
1107 4715 1163 4756 ut
1190 4711 1479 4772 postquam
1515 4703 1657 4758 facta
1690 4703 1927 4768 fuerant,
1958 4712 2072 4758 sta-

491 4790 587 4842 tim
633 4791 1085 4858 dissolverentur,
1134 4795 1360 4864 perinde
1402 4810 1464 4850 ac
1513 4812 1635 4850 cera
1685 4796 2072 4852 ardentissimo

491 4882 604 4952 igni
645 4885 884 4939 admota.
935 4883 1144 4941 Idcirco
1189 4886 1360 4940 Filius
1414 4887 1628 4941 medius
1672 4887 1883 4942 exstitit
1935 4886 2073 4941 inter

493 4985 776 5029 creaturas
808 4992 930 5046 qua:
959 4978 1254 5032 condendae
1289 4988 1466 5040 erant,
1499 4989 1552 5031 et
1590 4979 1729 5032 inter
1761 4976 1977 5032 Patrem
2006 4993 2070 5030 ex

495 5086 605 5139 quo
640 5073 855 5142 genitus
883 5083 986 5138 est,
1025 5084 1084 5129 ut
1113 5075 1158 5129 is
1189 5091 1308 5130 sese
1338 5075 1650 5140 demittens,
1679 5089 1847 5144 seque
1885 5074 2076 5143 adjun-

2186 4519 2274 4590 ρον
2312 4517 2445 4588 πυρὶ
2481 4513 2669 4585 Θερμῷ
2699 4515 3126 4586 προσαγόμενον.
3158 4515 3354 4582 Γέγονε
3392 4516 3491 4586 μὲν
3529 4510 3615 4568 οὖν
3659 4528 3733 4581 με·
3800 4510 3801 4564 Ϊ

2184 4612 2336 4680 σίτης
2366 4609 2473 4661 τῶν
2509 4626 2567 4662 τε
2596 4607 2891 4678 ἐσομένων,
2925 4608 3019 4660 καὶ
3055 4607 3148 4660 τοῦ
3181 4608 3569 4677 γεγεννηκότος
3599 4605 3732 4658 αὐτόν

2181 4700 2342 4763 Θεοῦ,
2367 4701 2394 4753 ό
2431 4699 2580 4762 Υἱὸς,
2613 4699 2699 4751 ἵνα
2743 4697 3008 4762 συντάξας
3044 4699 3236 4751 ἐαυτὸν
3271 4697 3366 4751 καὶ
3397 4693 3731 4765 συγκαταϐαί-

2181 4811 2287 4849 νων
2319 4795 2429 4855 τοῖς
2452 4791 2775 4862 γινομένοις,
2799 4789 3143 4844 ἀπο-τελέσειε
3172 4791 3231 4844 τὸ
3260 4791 3507 4862 βούλημα
3528 4789 3612 4842 τοῦ
3646 4787 3725 4838 [l1-

2179 4885 2328 4956 τρὸς,
2362 4884 2455 4938 καὶ
2505 4883 2731 4954 μεσίτης
2764 4883 2987 4953 γένηται
3025 4883 3119 4935 τοῦ
3166 4882 3300 4935 Θεοῦ
3337 4883 3432 4934 καὶ
3475 4881 3620 4952 ἡμῶν
3646 4879 3730 4930 τών

2180 4978 2246 5030 δι’
2282 4976 2446 5030 αὐτοῦ
2497 4976 2823 5047 γενομένων.
2873 4974 3160 5029 Ἐλάνθανε
3203 4974 3259 5027 δὲ
3300 4974 3386 5028 διὰ
3425 4974 3617 5028 τούτων
3661 4968 3728 5020 τοί

2182 5069 2317 5122 Θεοῦ
2353 5069 2460 5121 τῶν
2492 5069 2627 5121 ὅλων
2671 5067 2954 5121 ἀσθένειαν
2984 5069 3078 5121 καὶ
3115 5059 3416 5137 βασκανίαν
3445 5061 3726 5134 καταύευόὰ

1743 5245 1988 5292 VALESII
2031 5243 2529 5292 ANNOTATIONES.

569 5372 687 5447 (22)
725 5375 862 5430 Vide
886 5373 1343 5447 Philostorgium,
1378 5376 1473 5430 lib.
1499 5392 1598 5447 vn2

572 5445 687 5516 (2'5)
738 5445 911 5516 Ὁμοῦ
955 5443 1279 5514 σύμπαῐγα
1313 5448 1544 5514 φύρειν.
1583 5445 1681 5499 Hic
1729 5443 2079 5515 Philostorgii

503 5513 676 5587 locus
697 5518 764 5572 de
793 5513 1139 5585 'DemOphilo
1165 5513 1423 5587 episcopo
1450 5513 2079 5587 Cousmntinopolitalio,

501 5585 808 5657 descriptus
852 5596 938 5642 est
984 5603 1048 5642 ex
1087 5585 1280 5641 libftx
1314 5588 1434 5656 ejus
1486 5586 1761 5641 Historiae.
1794 5585 1970 5657 Certe
2028 5587 2083 5639 in

504 5655 778 5728 excerptis
815 5659 1059 5728 ejusdem
1093 5658 1216 5710 libri
1248 5661 1426 5728 capite
1453 5657 1539 5720 Li,
1572 5660 1759 5728 eadem
1786 5655 1897 5728 fere
1925 5658 2084 5711 verba

509 5725 762 5796 leguntur
792 5725 858 5785 de
889 5729 1228 5799 Demophilo,
1263 5725 1352 5781 τὸν
1380 5727 1435 5780 δὲ
1468 5726 1774 5798 Δημόφιλον
1806 5727 1997 5799 φύρειν
2032 5744 2088 5780 τε

2179 5373 2357 5433 πάντα
2405 5373 2500 5426 καὶ
2547 5373 2768 5443 συγχεῖν
2817 5369 3240 5442 ἀκρατέστατον,
3286 5371 3380 5424 καὶ
3423 5365 3641 5439 μάλιστά
3682 5379 3730 5428 γε

2181 5444 2248 5498 τὰ
2273 5445 2702 5513 ἐκκλησιαστικὰ
2731 5445 2998 5514 δόγματα,
3025 5452 3132 5496 etc.

2255 5516 2370 5585 (2i)
2411 5511 2480 5572 Ἦ
2501 5517 2623 5570 ἔδει
2647 5511 3133 5584 α-ὺτὰγενόμενα.
3161 5511 3400 5585 Primam
3421 5522 3605 5585 vocem
3621 5518 3733 5585 sup-

2186 5576 2327 5710 βιριῇ
2353 5576 2452 5711 ὀἱ
2464 5589 2800 5658 conjectura.
2831 5576 3011 5640 'Dce'st
3043 5586 3188 5638 enim
3219 5582 3272 5636 iu
3310 5583 3540 5652 vulgatis
3577 5576 3733 5630 Suida:

2190 5665 2412 5711 etltlom
2458 5673 2543 5711 us.
2825 5686 2827 5688 -

2190 5658 2543 5712 editionibus.
2825 5686 2827 5688 -
