3842 6302
103 313 210 371 637

1355 331 1412 388 S.
1457 331 1758 393 ATTlCUS
1794 337 1900 394 (ΣΡ.
1941 338 2159 397 EPISC.

3273 351 3379 408 638

104 449 290 504 μενος,
309 435 406 488 καὶ
425 434 516 492 τδν
533 437 664 494 Υιὸν
685 440 902 496 πάντων
921 443 1030 498 τῶν
1047 447 1362 518 κτισμάτων
1385 451 1702 520 ἀποφαίνων
1729 460 1776 516 Α
1804 471 1936 526 gens
1966 467 2020 513 ct
2047 475 2112 515 so

1804 471 1936 526 gens
1966 467 2020 513 ct
2047 461 2266 516 socians
2305 463 2370 518 iis
2406 479 2526 533 qua:
2551 465 2784 520 creanda
2823 476 3000 534 erant,
3035 467 3370 523 voluntatem

100 524 556 620 καταδεέστερον.
602 532 662 584 '0
689 533 788 602 μὲν
809 533 918 608 γὰρ
947 537 1180 610 ἀσθενὴς
1209 541 1274 595 ἂν
1302 539 1392 614 ἦν,
1421 545 1561 600 κατὰ
1593 551 1700 620 Δη-

99 615 354 684 μόφιλον.
393 619 776 690 εί,βουληθεὶς,
809 624 1000 680 ἔπειτα
1033 629 1252 700 ἀπόρως
1282 629 1394 704 εἶχε
1417 639 1530 700 τοῖς
1561 615 1696 693 mist

97 709 156 760 τὸ
202 704 352 764 εἶναι
383 711 770 783 δωρήσασθαι·
798 717 993 784 φθόνου
1033 721 1080 773 δ’
1109 723 1209 776 οὐκ
1250 725 1565 798 ἀπήλλακτο
1604 729 1692 796 ἂν,

95 803 142 853 εί
189 801 320 866 ἐξὸν
359 804 512 874 αὐτῷ
539 806 696 869 Θεοὺς
739 809 808 862 τὰ
845 812 1013 865 τάντα
1057 815 1255 878 ποιεῖν,
1282 819 1310 870 ὁ
1338 817 1394 870 δὲ
1444 821 1696 889 ἐφαίνετο

96 894 507 966 μηχανώμενος
533 899 680 962 ὅπως
714 901 788 972 μὴ
831 902 1034 975 ταύτης
1065 907 1214 978 αὐτῷ
1241 909 1380 982 τύχῃ
1421 911 1490 964 τὰ
1533 929 1696 983 γενη-

95 985 308 1054 σόμενα
334 989 438 1058 τῆς
469 990 647 1055 ἀξίας.
682 993 788 1045 Τοῦ
832 994 889 1046 δέ
928 997 980 1063 γ’
1013 993 1080 1050 αὖ
1121 999 1316 1063 Παιδὸς
1354 1003 1452 1056 οὐκ
1494 999 1560 1074 ἦν
1589 1005 1698 1058 τῶν

94 1077 426 1146 κτισμάτων
451 1079 622 1144 οὐδὲν,
648 1080 676 1132 ὅ
706 1081 780 1152 μὴ
809 1083 1032 1152 ἄμεινον
1057 1085 1326 1156 ὑπάρχειν
1365 1089 1577 1160 ἐδείχθη
1608 1091 1698 1158 ἂν,

92 1169 258 1236 εἰπερ
289 1185 356 1236 γε
402 1169 478 1242 μὴ
516 1171 584 1224 δι’
614 1173 808 1226 ἑαυτὸν
837 1177 1044 1239 ἐκεῖνος
1081 1177 1235 1248 ἔτυχε
1268 1185 1528 1247 γεγονὼς.
1562 1182 1698 1236 ἀλλὰ

89 1257 180 1310 διὰ
210 1261 424 1314 σκοπὸν
449 1263 546 1315 καὶ
583 1265 772 1333 χρείαν
811 1267 912 1338 τῆς
955 1267 1160 1321 τούτων
1190 1271 1478 1338 γενέσεως.
1509 1273 1690 1328 ’Ἃπαν

89 1349 198 1421 γάρ
223 1369 314 1404 τοι
331 1353 398 1406 τὸ
417 1354 486 1406 δι’
505 1355 708 1428 ἑτέρων
735 1359 1020 1429 γινόμενον
1047 1363 1258 1433 χρείαν,
1276 1363 1495 1417 ἔλαττον
1521 1366 1692 1438 ὑπάρ-

91 1459 208 1510 χειν
243 1444 478 1498 ἐκείνων
527 1447 764 1519 ἀνάγκη,
793 1450 860 1502 δι’
885 1450 920 1505 ἃ
964 1453 1057 1505 τοῦ
1097 1450 1236 1506 εἶναι
1276 1455 1548 1526 τυγχάνει.
1582 1459 1692 1512 Καὶ

91 1531 230 1584 illa
263 1533 324 1586 δὲ
355 1535 618 1606 ὲληρῴδει
645 1539 836 1592 πολλά.

1797 545 1976 603 Patris
2024 549 2366 622 adimpleret,
2415 565 2670 625 essetque
2719 559 2988 613 mediator
3027 557 3169 613 inter
3199 559 3372 614 Deum

1798 649 1964 707 atque
1996 639 2140 694 inter
2167 658 2266 696 nos
2292 645 2382 713 qui
2412 660 2508 714 per
2540 647 2690 702 illum
2723 647 2850 703 facti
2880 665 3094 705 sumus.
3129 651 3234 704 Sed
3265 667 3374 706 non

1798 729 2180 785 animadvertit
2237 733 2610 804 Demophilus.
2678 753 2736 792 se
2787 737 2873 793 liis
2929 739 3109 793 verbis
3159 757 3380 795 summo

1800 821 2045 874 omnium
2091 823 2200 878 Deo
2247 825 2616 883 inﬁrmitatem
2662 839 2716 885 ct
2763 831 3018 886 invidiam
3053 831 3192 886 falso
3221 833 3379 886 alliu-

1797 925 1943 979 gere,
1972 921 2026 966 et
2063 912 2260 969 Filium
2295 917 2582 976 deterioris
2616 922 2948 978 conditionis
2995 922 3176 978 facere
3209 939 3374 993 quam

1798 1003 2038 1073 reliquas
2068 1023 2261 1064 omnes
2287 1021 2588 1068 creaturas.
2625 1013 2758 1068 Nam
2787 1013 2949 1070 Pater
2973 1016 3191 1085 quidem
3225 1015 3377 1068 inlir-

1799 1109 1920 1146 mus
1953 1095 2114 1151 fuerit
2143 1115 2362 1155 necesse
2389 1113 2471 1156 est
2496 1103 2651 1172 juxta
2685 1103 2990 1176 Demophili
3021 1107 3372 1168 sententiam,

1798 1184 1998 1254 Quippe
2025 1189 2118 1257 qui
2145 1205 2268 1244 cum
2301 1193 2566 1248 voluisset
2593 1189 3132 1250 cunctis'esseutiam
3167 1196 3373 1265 largiri,

1797 1275 1851 1330 id
1887 1288 2074 1346 postea
2107 1284 2367 1350 perlicere
2400 1301 2506 1339 non
2533 1287 2792 1355 potuerit.
2831 1287 2914 1342 Ab
2949 1289 3154 1342 invidia
3190 1297 3372 1341 autem

1799 1385 2144 1443 nequaquam
2176 1377 2390 1434 alienus
2421 1379 2607 1444 fuerit,
2649 1381 2694 1436 si
2727 1396 2852 1435 cum
2895 1381 2996 1451 ipsi
3027 1381 3214 1435 liceret
3245 1395 3376 1434 cun-

1798 1471 1914 1518 ctas
1946 1478 2229 1522 creaturas
2255 1469 2386 1525 deos
2415 1471 2649 1536 cllicere,
2688 1473 2802 1542 ipse
2846 1474 3091 1527 studiose
3129 1471 3272 1526 cavit
3307 1484 3375 1524 ne

1725 1550 1766 1604 Β
1796 1563 2061 1611 creaturae
2099 1559 2344 1628 ejusdem
2389 1577 2512 1618 cum
2551 1565 2671 1634 ipso
2714 1565 3045 1620 conditionis
3086 1579 3150 1620 ac
3194 1563 3376 1634 digni-

91 1628 220 1682 tatis
247 1637 460 1682 essent.
490 1627 609 1682 Jam
641 1645 772 1684 vero
809 1630 968 1698 Filio,
998 1633 1146 1688 nulla
1168 1643 1252 1690 est
1280 1648 1532 1692 creatura
1559 1655 1682 1709 quae
1719 1656 1828 1697 non
1859 1647 2041 1714 potior
2069 1627 2139 1704 ac,
2162 1652 2369 1704 beatior
2392 1653 2515 1722 jure
2547 1627 2738 1709 merito
2773 1669 2919 1710 ‘esse
2958 1653 3210 1709 videatur
3322 1647 3368 1700 Si

91 1721 332 1815 quidem
369 1721 464 1815 ille
511 1737 619 1776 non
681 1735 900 1794 propter
932 1729 1320 1798 semetipsum,
1387 1731 1480 1785 sed
1526 1733 1596 1786 ob
1639 1740 2156 1808 contemplationem
2207 1721 2558 1815 atqtteusum
2601 1757 2978 1803 creaturarum
3024 1745 3201 1801 factus
3266 1755 3371 1800 est.

91 1811 380 1882 Quidquid
407 1815 555 1910 enim
579 1816 651 1870 ob
673 1817 907 1872 aliorum
939 1819 1226 1875 utilitatem
1259 1823 1335 1887 ﬁt,
1387 1823 1620 1881 inferius
1684 1828 1754 1883 sit
1795 1846 2019 1889 necesse
2063 1847 2148 1892 est
2182 1837 2248 1892 iis
2281 1811 2530 1910 quorum
2582 1855 2749 1897 causa
2795 1839 2998 1895 factum
3045 1849 3149 1895 est.
3207 1837 3377 1893 Multa

91 1919 318 1976 quoque
355 1906 467 1962 alia
497 1907 810 1978 huiusmodi
843 1911 1047 1981 profert
1073 1915 1262 1968 deliria
1295 1915 1432 1987 {25).

1340 2089 1582 2134 VALESII
1623 2090 2101 2138 ANNOTATIONES
2111 2124 2124 2137 .

157 2210 279 2280 (25)
325 2210 464 2266 Vide
488 2209 821 2286 Philostorg.
853 2215 906 2270 in
931 2215 1038 2290 lib.“
1065 2231 1140 2282 Ix,
1168 2232 1288 2286 cap.
1324 2217 1412 2272 l4.

91 2399 3341 2448 m

1347 2577 1520 2624 ΔΝΝο
1576 2581 1800 2626 DOMINI
1847 2581 2088 2628 CDXXV.

963 2760 1174 2972 S.
1347 2761 2530 2981 ATTICUS

593 3109 1614 3208 CONSTANTINOPO
1638 3115 1998 3207 LITAN
2021 3119 2159 3212 US
2225 3116 2876 3212 EPISCOPUS

1699 3337 1766 3356 ﬂ

1456 3423 2060 3608 NOTITIA

1129 3709 1270 3772 (Acta
1310 3712 1409 3762 SS.
1435 3711 1688 3774 Bolland.,
1725 3713 1854 3777 Aug.
1891 3719 2008 3764 tom.
2035 3713 2076 3776 Ι,
2099 3729 2210 3778 pag.
2233 3717 2358 3778 32'.)

167 3932 1692 4006 l.Sozomenns,lib.vmeap.27.tempusordinationis
1721 3943 1764 4000 α
1799 3939 1952 3994 illum
2000 3938 2292 4002 ambirent,
2339 3951 2570 4006 eamque
2618 3935 2688 3990 ob
2730 3949 2952 3990 causam
2995 3934 3228 3989 multum
3261 3934 3376 4004 jam

93 4033 138 4086 8
187 4031 364 4085 Attici
387 4031 461 4084 ita
480 4030 686 4084 definit:
718 4049 736 4080 ι
763 4029 868 4084 Sed
891 4032 1222 4086 ctArsaeius
1243 4047 1364 4086 eum
1391 4031 1692 4087 Ecclesiam
1800 4033 2060 4103 temporis
2090 4033 2332 4102 elapsum
2366 4040 2530 4096 esset,
2571 4031 2744 4086 altero
2775 4039 2898 4100 post
2937 4045 3102 4094 anno,
3143 4029 3378 4084 Arcadio

91 4120 776 4190 Constantinopolitanam
825 4119 976 4176 brevi
1015 4123 1278 4192 temporis
1316 4123 1494 4191 spatio
1521 4123 1695 4177 admi-
1799 4135 2010 4181 sextum
2038 4133 2091 4177 et
2117 4123 2294 4178 Probo
2328 4123 2671 4185 consulibus,
2701 4141 2718 4174 ι
2757 4123 2954 4176 borum
2981 4122 3299 4177 consulatus
3321 4122 3374 4175 in

95 4215 420 4278 uistrasset,
461 4226 526 4266 ex
577 4212 680 4267 bac
723 4211 844 4267 luce
869 4213 1163 4283 migravit;
1193 4213 1352 4283 cujus
1383 4215 1693 4271 successio-

95 4319 230 4358 nem
263 4319 392 4358 cum
431 4301 589 4357 multi
635 4311 820 4358 essent
860 4303 954 4372 qui
1009 4304 1304 4370 ambirent,
1348 4317 1546 4375 quarto
1573 4317 1696 4376 post

95 4399 318 4452 obitum
345 4396 492 4451 illius
522 4410 710 4451 mense
733 4395 1020 4452 ordinatus
1043 4411 1126 4452 est
1153 4397 1385 4464 Atticus,
1414 4399 1696 4469 presbyter

95 4487 238 4544 cleri
269 4487 890 4558 Constantinopolitani,
925 4488 1020 4558 qui
1055 4503 1198 4544 unus
1226 4487 1405 4544 fuerat
1432 4505 1494 4543 ex
1531 4487 1690 4544 Joan-

97 4573 190 4634 n'is
221 4577 665 4631 insidiatoribus.
703 4595 722 4628 ι
775 4577 1130 4634 Si'Arsacius
1177 4594 1324 4633 anno
1371 4579 1498 4645 405,
1531 4581 1615 4636 die
1641 4597 1694 4635 tu

99 4665 442 4722 Novembris
468 4665 632 4728 obiit,
663 4673 724 4720 ut
755 4667 1011 4737 superius
1040 4683 1104 4722 ex
1136 4667 1362 4723 Socrate
1385 4669 1696 4737 retulimus,

99 4771 156 4812 et
181 4757 348 4826 juxta
401 4756 770 4812 Sozomenum
828 4777 846 4809 ι
899 4767 1100 4828 quarto
1129 4769 1252 4829 post
1291 4761 1500 4814 obitum
1551 4761 1696 4816 illius

1798 4231 2001 4270 annum
2030 4215 2134 4268 406
2157 4214 2394 4268 incidit?
2419 4233 2436 4265 σ
2473 4217 2539 4269 ad
2571 4215 2948 4284 episcopatum
2980 4223 3266 4284 promotus
3293 4223 3379 4268 est

1796 4307 2008 4363 Atticus
2033 4307 2116 4361 vir
2148 4306 2460 4377 religiosus.
2503 4325 2522 4358 ›

1867 4485 1923 4538 2.
1963 4481 2079 4538 Etsi
2123 4484 2339 4538 Atticus
2389 4498 2416 4536 a
2464 4483 2693 4538 Socrate
2716 4482 2794 4535 vir
2833 4481 3113 4551 religiosus
3144 4476 3378 4548 appelle-

1801 4585 1907 4639 tur,
1937 4591 2043 4629 non
2065 4575 2186 4628 ideo
2213 4573 2542 4636 inﬁciamur,
2581 4573 2899 4644 religionem
2930 4575 3172 4640 aliasque
3206 4569 3378 4639 ipsius

1798 4669 2030 4723 virtutes
2083 4667 2252 4720 nazvis
2299 4665 2630 4736 quibusdam
2687 4663 3098 4720 contaminatas
3157 4660 3374 4715 fuisse:

1801 4779 1926 4816 nam
1970 4775 2081 4814 non
2126 4758 2286 4814 modo
2324 4757 2590 4812 Joannem
2633 4757 3082 4827 Chrysostomum
3115 4753 3169 4806 in
3197 4751 3380 4808 conci—

99 4863 300 4903 mense
342 4847 630 4901 ordinatus
671 4856 758 4902 est
794 4849 1026 4914 Atticus,
1074 4867 1094 4900 ι
1138 4850 1326 4904 debuit
1363 4851 1510 4906 circa
1547 4867 1700 4906 men-
1801 4853 2005 4906 liabulo
2039 4851 2104 4905 ad
2127 4850 2400 4916 Quercum
2431 4849 2733 4912 accusavit,
2762 4863 2952 4902 verum
2989 4847 3154 4901 etiam
3193 4845 3378 4900 sedem

99 4957 224 4996 sem
263 4939 520 4994 Martium
571 4940 702 4994 anui
751 4941 1039 5010 sequentis
1063 4941 1293 4996 Arsacia
1331 4941 1544 4998 Atticus
1575 4957 1700 4998 suc-
1801 4944 2466 5013 Constantinopolitanam
2539 4943 2820 5014 illegitime
2887 4939 3125 5003 invasit,
3189 4947 3382 4994 sancto

99 5033 371 5088 cessisse.
427 5031 632 5086 Verum
673 5047 798 5086 cum
855 5031 1112 5090 Socrates
1147 5033 1408 5099 sedecim,
1441 5045 1494 5090 et
1519 5035 1701 5090 Pa‘lla-
1805 5036 2039 5106 praesule
2080 5036 2258 5090 adhuc
2290 5035 2529 5102 vivente,
2554 5043 2602 5090 et
2647 5034 2820 5104 ipsius
2851 5032 3093 5087 fautores
3120 5031 3382 5086 indiscre-

99 5123 649 5178 diustantummodo
669 5107 1087 5192 quatuordecim
1112 5125 1524 5195 gubernationis
1549 5145 1701 5182 men-
1804 5137 1862 5184 to
1906 5129 2023 5183 zelo
2052 5139 2374 5200 persecutus
2413 5137 2517 5192 est,
2567 5127 2640 5182 ita
2687 5135 2748 5181 ut
2787 5142 2814 5178 a
2859 5123 3100 5180 Palladio
3143 5140 3265 5195 pag.
3310 5121 3383 5179 95

103 5231 198 5270 ses
251 5213 486 5270 Arsacio
545 5213 812 5281 tribuant,
869 5215 938 5270 de
994 5215 1357 5272 determinato
1415 5218 1700 5275 electionis
1813 5239 1832 5272 ‹
1877 5221 2122 5274 omnium
2153 5222 2414 5276 adversus
2452 5219 2715 5274 Joannem
2749 5219 3090 5272 molitionum
3121 5216 3316 5271 artifex
3356 5236 3374 5268 ι

105 5305 264 5360 illius
297 5321 488 5361 mense
519 5315 616 5360 aut
661 5307 750 5361 die
803 5307 942 5361 nihil
982 5308 1116 5362 certi
1141 5309 1305 5364 statui
1351 5319 1570 5379 potest:
1603 5311 1698 5365 sed
1734 5293 1783 5352 ι)
1813 5319 2056 5363 vocetur.
2100 5309 2204 5363 Sed
2257 5309 2474 5364 videtur
2521 5309 2663 5364 hanc
2706 5311 2919 5377 culpam
2969 5307 3288 5376 poenitentia
3327 5313 3383 5361 et

105 5399 294 5456 solum
329 5399 600 5469 sequitur,
649 5399 890 5454 Atticum
942 5401 1166 5457 ineunte
1198 5417 1342 5458 anno
1379 5403 1484 5457 406
1509 5403 1696 5458 cathe-

107 5495 270 5550 dram
294 5491 964 5562 Constantinopolitanam
993 5509 1314 5564 occupasse,
1359 5505 1506 5552 ut‘ex
1539 5513 1702 5567 supra

107 5585 278 5640 dictis
315 5584 556 5647 eruitur,
593 5592 648 5638 et
682 5585 1000 5640 testimonio
1040 5585 1284 5642 Socratis
1323 5587 1702 5654 conﬁrmatur,

107 5677 206 5748 qui
247 5676 344 5730 lib.
397 5690 450 5729 vt
497 5690 620 5744 cap.
661 5675 734 5729 20
777 5691 982 5732 annum
1021 5678 1384 5734 ordinationis
1439 5681 1596 5735 istius
1635 5681 1704 5734 ita

109 5770 318 5825 diserte
355 5767 644 5838 exprimit:
690 5787 708 5819 ς
745 5767 880 5824 Cum
919 5779 1100 5826 autem
1147 5771 1301 5826 multi
1334 5771 1706 5842 episcopatum

1813 5401 2161 5456 revocatione
2189 5401 2409 5462 eluisse,
2439 5409 2498 5455 ut
2525 5402 2686 5471 paulo
2715 5411 2838 5472 post
2861 5409 3052 5456 contra
3084 5399 3382 5454 Tillemon-

1813 5493 1946 5547 tium
1996 5493 2284 5547 ostendere
2336 5491 2678 5548 conabimur.
2731 5493 2889 5550 Certe
2937 5493 3150 5548 Atticus
3195 5497 3384 5559 postea

1811 5602 2010 5642 nomen
2042 5585 2096 5641 S.
2129 5585 2357 5642 Joannis
2394 5587 2768 5660 Cbrysostomi
2798 5587 2972 5642 sacris
3000 5586 3198 5640 tabulis
3237 5585 3376 5639 iuse-

1807 5679 1937 5744 ruit,
1967 5689 2027 5734 ut
2055 5680 2106 5733 in
2159 5677 2402 5734 Historia
2436 5681 2726 5750 tripartite,
2765 5681 2856 5736 lib:
2885 5692 2982 5746 xu“,
3024 5695 3140 5749 cap.
3176 5679 3231 5746 Ξ,
3266 5687 3378 5734 tra-

1810 5771 1958 5828 ditur
2008 5772 2090 5826 bis
2131 5771 2310 5826 verbis
2341 5789 2356 5828 :
2401 5791 2421 5824 ε
2459 5771 2673 5828 Atticus
2727 5787 2890 5845 porro
2927 5773 3216 5842 cpiscopus
3249 5783 3380 5828 catt—
