3842 6302
457 320 563 378 639

1581 295 1638 363 8.
1680 301 1982 363 ATTICUS
2017 299 2123 356 CP.
2165 295 2564 356 EPISCOPUS.

3619 293 3710 353 ϐω

462 453 555 494 sas
625 433 885 490 Ecclesia:
947 431 1211 502 sapientia
1281 427 1605 484 mirabiliter
1663 420 1990 493 disponebat
2021 457 2035 482 ,
2067 419 2115 476 A
2141 414 2348 471 crimen
2375 411 2694 484 paenitentia
2720 409 2917 466 deinde
2943 425 3008 466 ac
3035 417 3182 465 recte
3217 398 3377 464 factis
3407 405 3706 478 egregiee:-

461 528 836 597 doctrinisque
883 525 1140 596 populum
1171 522 1238 578 ad
1287 519 1507 576 virtutis
1559 517 1804 573 studium
1845 525 2041 583 provo-

462 623 666 678 cabat:
722 633 960 688 cumque
1009 617 1218 671 videret
1262 614 1494 669 divisam
1544 607 1866 669 Ecclesiam,
1914 618 2040 658 cum

463 711 730 768 Joannitm
769 725 1014 766 seorsum
1051 709 1191 779 apud
1219 724 1278 763 se
1302 708 1452 776 ipsos
1474 719 1630 759 sacra
1668 697 1929 756 solemnia
1951 710 2042 750 ce-

463 805 758 869 lebrarent,
788 802 976 872 jussit,
1001 811 1060 854 ut
1088 801 1140 854 in
1169 797 1510 854 orationibus
1527 792 1788 849 memoria
1817 785 2044 842 Joannis

464 895 778 958 haberetur,
807 895 952 948 sicut
981 893 1214 947 aliorum
1243 886 1630 944 dormientium
1661 881 2044 953 episcoporum

464 987 582 1042 tleri
613 987 919 1051 consuevit,
967 1000 1065 1056 per
1111 985 1214 1039 hoc
1257 996 1507 1052 sperans,
1554 976 1819 1048 plurimos
1846 969 1914 1024 ad
1939 965 2047 1022 Ec-

466 1078 688 1134 clesiam
736 1079 1003 1133 revocari.
1046 1095 1067 1129 ι
1107 1075 1378 1132 Caeterum
1431 1081 1624 1126 auctor
1655 1064 1911 1121 Historia:
1947 1059 2048 1112 tri-

465 1171 677 1240 partite:
709 1177 765 1224 et
802 1170 889 1224 alii
925 1169 1136 1239 antiqui
1190 1166 1484 1234 scriptores
1527 1157 1853 1231 pastoralem
1883 1149 2049 1206 Attici

468 1262 826 1332 vigilantiam,
851 1260 1145 1317 ferventem
1169 1259 1454 1315 catholicae
1485 1255 1606 1310 fidei
1629 1252 1833 1315 zelum,
1865 1244 2051 1301 muni-

468 1352 629 1407 licam
653 1367 782 1422 erga
823 1367 1092 1422 pauperes
1123 1347 1583 1408 misericordiam,
1621 1344 1870 1411 aliasque
1905 1337 2054 1391 illius

469 1444 700 1498 virtutes
732 1443 943 1514 magnis
982 1443 1236 1497 laudibus
1271 1441 1562 1502 extollunt,
1587 1447 1651 1509 ut
1675 1433 1847 1489 videri
1876 1435 2058 1501 potest

471 1538 526 1591 in
561 1534 735 1606 Opere
763 1545 954 1592 nostro
977 1535 1045 1590 ad
1076 1536 1220 1590 diem
1258 1549 1357 1590 vut
1393 1529 1662 1596 Januarii,
1703 1526 1799 1581 ubi
1832 1523 2056 1578 Bollane

471 1629 574 1684 dus
593 1629 721 1686 Acta
754 1629 928 1697 ipsius
958 1626 1265 1681 illustravit.

541 1721 597 1776 5.
636 1717 748 1774 Nos
780 1731 1050 1772 memores
1088 1714 1355 1786 propositi
1392 1711 1592 1777 nostri,
1631 1724 1743 1781 quo
1762 1703 2055 1763 chronolo-

2148 507 2335 576 piavit,
2383 516 2437 561 et
2493 505 2713 575 scriptis
2774 503 2971 557 litteris
3028 510 3217 556 auctor
3275 509 3468 555 sancto
3531 495 3711 566 Cyrillo

2149 600 2518 654 Alexandrino
2555 596 2678 664 fuit,
2717 606 2776 649 ut
2813 594 3193 664 Cltrysostomi
3222 606 3423 648 nomen
3459 589 3711 659 diptychi.‘

2151 693 2491 748 inscriberet.
2534 709 2554 742 ›
3806 697 3807 744 i

2222 785 2281 868 5ὅ
2335 781 2540 837 Deinde
2588 779 2883 835 Bollandus
2948 792 3178 832 numero
3209 782 3472 846 sequente
3519 771 3710 827 exhibet
3806 775 3807 836 ξ

2153 865 2456 930 honorifica
2498 872 2748 940 quaedam
2785 882 3032 926 veterum
3068 870 3403 940 scriptorum
3449 869 3517 923 de
3550 865 3608 920 S.
3633 867 3710 918 At-
3806 897 3807 912 ι

2153 965 2261 1020 tico
2279 960 2612 1029 testimmtia,
2633 979 2757 1034 qua:
2772 965 2923 1018 Actis
2943 961 3063 1033 ejus
3085 959 3464 1031 praemittenda
3489 957 3710 1020 censuit,
3806 959 3807 1002 ἲ

2161 1076 2180 1108 ι
2241 1073 2310 1112 ne
2355 1056 2635 1127 asperiore
2691 1056 3005 1124 aliquorum
3070 1055 3124 1108 in
3184 1062 3438 1107 sanctum
3497 1050 3711 1104 Atticum
3806 1115 3807 1122 γ

2157 1148 2316 1218 stylo,
2354 1167 2373 1199 ι
2414 1146 2609 1216 inquit,
2645 1165 2663 1197 ι
2693 1146 2819 1215 ejus.
2845 1144 3098 1200 fortassis
3127 1144 3180 1197 in
3211 1142 3438 1197 dubium
3478 1141 3710 1196 sanctitas
3806 1157 3807 1196 ι

2159 1247 2466 1292 revocetur.
2514 1256 2532 1288 ι
2563 1235 2766 1291 Praeter
2794 1237 2922 1301 alia,
2961 1250 3084 1306 quae
3117 1232 3414 1288 Bollandus
3443 1247 3552 1286 non
3585 1230 3712 1284 vidit.

2161 1339 2257 1385 aut
2283 1330 2466 1384 videre
2507 1346 2614 1383 non
2649 1329 2926 1400 potuit,ad
2950 1325 3418 1397 comprobaudam
3449 1325 3611 1394 hujus
3636 1324 3712 1378 At.

2165 1424 2254 1478 tici
2281 1421 2652 1489 sanctitatem,
2677 1423 2900 1493 allegari
2931 1430 3110 1492 potest
3147 1418 3512 1489 fragmentum
3540 1417 3714 1486 episto-

2163 1514 2262 1570 lam
2284 1514 2425 1568 beati
2452 1514 2615 1569 Attici
2636 1511 3229 1582 Constantinopolitani
3255 1508 3520 1580 episc0pi,
3551 1527 3569 1560 ι
3597 1509 3715 1578 quod

2165 1608 2219 1662 in
2251 1607 2487 1662 concilio
2504 1604 2937 1662 Chalcedonensi
2959 1605 3101 1674 apud
3126 1602 3468 1656 Harduinum
3495 1608 3717 1654 nostrum
3806 1602 3807 1670 ι

2168 1709 2314 1754 tomo
2357 1697 2399 1750 ll
2440 1696 2806 1752 Conciliorum
2844 1697 2952 1752 col.
3007 1693 3113 1750 654
3159 1694 3362 1748 citatur
3408 1691 3551 1745 inter
3595 1691 3718 1742 vari:

472 1811 650 1883 gicam
677 1808 1065 1879 episcoporum
1090 1783 1832 1873 Constantinopolitanorum
1855 1797 2051 1852 seriem
2083 1784 2128 1840 Β
2161 1811 2180 1842 ι
2214 1788 2524 1843 testimonia
2566 1797 2880 1844 sanctorum
2905 1785 3152 1849 Patrum,
3177 1783 3272 1854 qui
3292 1793 3345 1837 et
3364 1783 3502 1836 duas
3523 1789 3719 1835 naturas

471 1901 743 1974 praecipue
775 1900 1060 1956 texendam
1086 1898 1449 1967 suscepimus,
1488 1892 1710 1950 omissis
1733 1890 1856 1946 aliis
1889 1886 2054 1941 Attici

474 1992 664 2061 gestis,
703 1991 982 2062 pergimus
1016 1989 1082 2043 ad
1124 1987 1243 2055 ejus
1289 1993 1546 2050 mortem,
1583 1998 1750 2053 quam
1797 1979 2056 2034 Socrates

471 2085 570 2144 lib.
591 2100 690 2150 vlt,
721 2099 841 2154 cap.
869 2081 960 2150 25,
990 2083 1064 2136 ita
1083 2081 1284 2135 refert:
1315 2097 1334 2130 ‹
1364 2077 1634 2133 Caeterum
1656 2075 1869 2128 Atticus
1890 2071 2054 2125 etiam

477 2188 690 2248 tempus
722 2176 906 2230 obitus
939 2173 1024 2230 sui
1066 2170 1381 2242 praescivit;
1415 2183 1542 2223 nam
1575 2182 1699 2221 cum
1731 2163 1910 2219 Nicaea
1939 2160 2056 2216 dis-

472 2273 731 2326 cessurus
779 2276 946 2329 esset,
998 2264 1264 2334 Calliopio
1306 2263 1452 2317 illius
1489 2260 1595 2314 loci
1630 2257 1951 2328 presbytero
1979 2253 2056 2307 ita

473 2363 612 2418 dixit
638 2382 651 2418 :
676 2361 846 2427 Cura,
874 2370 936 2416 ut
983 2369 1112 2414 ante
1152 2369 1480 2412 autumnum
1519 2348 2056 2419 Constantinopolim

474 2454 686 2518 venias,
735 2453 779 2506 si
823 2467 910 2506 me
967 2451 1145 2504 adhuc
1201 2448 1386 2501 vivum
1435 2445 1620 2499 videre
1669 2441 1846 2511 cupis.
1900 2437 2056 2504 Quod

473 2560 599 2601 cum
628 2544 876 2608 dixisset,
907 2558 938 2597 a
965 2541 1191 2596 veritate
1208 2553 1317 2594 non
1350 2536 1627 2591 aberravit
1649 2551 1661 2589 :
1683 2547 1830 2588 anno
1857 2530 2059 2600 quippe

473 2638 822 2707 episcopatus
866 2635 952 2690 sui
995 2635 1174 2703 primo
1214 2640 1268 2685 et
1304 2629 1588 2691 vicesimo,
1619 2626 1707 2681 die
1748 2633 1903 2680 sexto
1935 2620 2057 2675 ldus

475 2729 747 2792 Octobris,
766 2727 899 2782 abiit
917 2742 948 2781 e
967 2727 1098 2787 vita,
1113 2723 1406 2779 consulatu
1425 2719 1721 2776 Theodosii
1743 2716 2054 2780 undecimo,

476 2832 530 2877 et
554 2820 916 2876 Valentiniani
949 2819 1184 2874 Caesaris
1215 2816 1415 2886 primo.
1457 2833 1475 2866 ι
1516 2812 1641 2868 Hzec
1665 2812 1930 2866 denotant
1954 2824 2056 2862 an-

479 2928 606 2968 num
638 2912 841 2967 Christi
871 2911 996 2974 425,
1030 2918 1084 2965 et
1117 2909 1260 2964 diem
1290 2924 1325 2962 χ
1361 2905 1638 2963 Octobris.
1692 2903 1774 2958 Ex
1816 2903 1902 2958 his
1934 2915 2059 2956 cor-

479 3003 593 3074 rige
638 3017 877 3058 errorem
929 3000 1379 3070 chronologicum
1439 2995 1796 3066 Papebrochii
1850 2995 2057 3056 nostri,

479 3095 572 3168 qui
605 3103 753 3150 tomo
782 3091 851 3148 lll
873 3092 1044 3156 Jun-ii,
1087 3107 1209 3162 pag.
1235 3089 1360 3155 507,
1387 3098 1621 3145 mortem
1657 3087 1717 3142 8.
1747 3086 1912 3142 Attici
1942 3087 2060 3141 obi-

480 3196 564 3242 ter
604 3200 750 3240 anno
805 3184 910 3238 428
959 3181 1326 3253 cunsignavit.
1380 3179 1538 3235 Haud
1589 3179 1753 3234 dubie
1807 3177 2060 3232 Socrates

479 3273 848 3345 computando
888 3273 1212 3327 vicesimum
1269 3270 1506 3340 primum
1560 3269 1906 3338 episcopatus
1963 3281 2063 3320 au-

483 3384 636 3432 nnm,
675 3367 1042 3421 hallucinatus
1081 3375 1183 3428 est,
1216 3373 1312 3418 aut
1341 3378 1499 3419 error
1530 3363 1583 3416 in
1610 3362 1729 3431 ejus
1771 3375 2060 3415 numerum

485 3459 731 3528 irrepsit:
757 3473 880 3511 cum
899 3457 1044 3511 enim
1071 3456 1280 3510 Atticus
1295 3455 1487 3524 primis
1506 3453 1789 3507 mensibus
1813 3451 1942 3506 anni
1957 3451 2062 3505 406

483 3547 796 3601 cathedram
827 3545 1494 3615 Constantinopolitanam
1526 3543 1855 3610 ascenderit,
1882 3551 1942 3596 ut
1971 3558 2064 3598 su-

485 3654 582 3708 pra
629 3638 834 3693 dictum
879 3647 984 3704 est,
1033 3637 1102 3690 ab
1154 3637 1375 3690 ineunte
1427 3649 1574 3688 anno
1629 3633 1734 3686 406
1776 3648 1949 3703 usque
1997 3633 2065 3687 ad

485 3743 726 3784 mensem
766 3726 1054 3783 Octobrem
1093 3727 1222 3780 anni
1251 3725 1357 3780 425
1405 3724 1652 3779 nonnisi
1689 3723 2064 3778 novenidecim

483 3821 613 3876 anui
658 3820 1000 3883 elllnxerant,
1034 3828 1088 3874 et
1122 3820 1336 3874 Atticus
1385 3825 1512 3872 ante
1545 3824 1772 3870 mortem
1820 3815 2065 3869 nondum

486 3915 807 3974 vicesimum
841 3914 1190 3984 episcopatus
1231 3924 1440 3966 annum
1491 3909 1829 3974 absolverat,
1882 3917 1938 3962 ut
1963 3907 2069 3962 Ba~

487 4007 697 4069 ronius,
733 4004 957 4072 Pagius,
987 4003 1189 4072 aliique
1221 4001 1325 4056 viri
1360 4000 1559 4056 eruditi
1591 4007 1717 4053 ante
1757 4012 1844 4051 me
1881 3997 2069 4053 obser-

487 4106 703 4151 varunt.
746 4093 925 4161 Quare
955 4095 1008 4148 in
1040 4094 1207 4148 variis
1242 4091 1535 4163 praesnlum
1567 4087 2071 4157 Censtantinopoti-

488 4199 742 4244 tanorum
787 4187 1050 4257 catalogis
1093 4186 1234 4255 apud
1268 4183 1586 4238 Bandurum
1623 4193 1758 4236 tom.
1804 4181 2069 4249 [Imperii

488 4279 775 4336 Orientalis
827 4294 857 4332 a
918 4293 1040 4347 pag.
1085 4278 1188 4332 188
1228 4277 1425 4332 melius
1480 4275 1670 4346 viginti
1717 4275 1846 4329 anni
1890 4273 2070 4328 Attico

491 4373 722 4430 rotunde
743 4371 1078 4426 tribuuntur.

2157 1879 2212 1933 in
2246 1878 2466 1934 Christo
2503 1877 2742 1934 confessi
2777 1887 2927 1942 sunt,
2959 1887 3014 1932 et
3039 1874 3561 1932 consubstantialem
3593 1871 3719 1926 Patri

2157 1969 2328 2024 Deum
2353 1969 2612 2036 Verbum,
2656 1971 2820 2025 etiam
2870 1970 3028 2024 nobis
3081 1968 3382 2023 secundum
3425 1981 3642 2020 carnem
3672 1979 3719 2016 ei

2156 2061 2325 2117 Maria
2374 2061 2898 2117 consubstantialem
2931 2059 3160 2123 factum,
3191 2057 3462 2112 veraciter
3495 2071 3718 2110 asserue

2158 2165 2306 2220 runt,
2347 2175 2365 2206 ι
2398 2166 2457 2208 ut
2496 2155 2692 2208 ibidem
2733 2154 2841 2208 col.
2873 2151 2974 2208 65l
3019 2151 3233 2220 legitur.
3268 2148 3364 2206 llis
3420 2149 3558 2204 adde
3601 2150 3722 2203 anti-

2158 2263 2266 2318 qua
2325 2245 2384 2300 S.
2414 2244 2648 2299 Dalmati
2694 2245 2850 2306 Acta,
2887 2259 3010 2313 qua:
3049 2243 3116 2296 ad
3158 2242 3301 2296 diem
3332 2257 3391 2296 ιιι
3421 2239 3651 2310 Augusti
3675 2239 3722 2293 il-

2162 2340 2444 2395 lustranda
2507 2346 2674 2404 sunt,
2731 2343 2786 2390 et
2842 2339 2896 2389 in
2934 2336 3134 2406 quibus
3201 2334 3346 2404 apud
3421 2333 3724 2386 Anselmum

2161 2419 2475 2487 Bandurum
2529 2440 2680 2484 tomo
2733 2425 2776 2481 Il
2831 2427 3054 2496 Imperii
3115 2425 3408 2481 Orientalis
3463 2440 3585 2496 pag.
3643 2424 3725 2477 699

2161 2524 2364 2597 pracsul
2453 2522 2546 2577 ille
2602 2520 3238 2590 Constantinopolitanus
3303 2517 3497 2572 merito
3569 2517 3725 2571 sancti

2161 2617 2318 2671 titulo
2363 2616 2439 2670 ita
2471 2614 2783 2668 decoratur:
2815 2632 2832 2663 ι
2863 2612 2970 2666 Nec
3000 2611 3090 2666 diu
3127 2617 3312 2680 postea
3346 2608 3481 2663 obiit
3523 2618 3728 2663 sanctus

2160 2707 2447 2776 episcopus
2478 2703 2715 2770 Atticus,
2760 2703 2813 2757 in
2854 2702 3013 2772 cujus
3054 2702 3234 2756 locum
3283 2698 3561 2756 Sisinnius
3580 2698 3728 2754 suile-
3806 2698 3807 2774 ι

2161 2806 2284 2852 ctus
2313 2807 2416 2862 est,
2446 2797 2530 2850 vir
2559 2795 2684 2866 pius
2717 2811 2780 2850 ac
2805 2794 3117 2865 religiosus.
3159 2811 3178 2844 ι

2233 2889 2287 2946 6.
2329 2887 2710 2944 Tillemontius
2758 2897 2905 2943 tome
2955 2883 3050 2937 XII
3110 2883 3440 2937 Monument.
3493 2880 3672 2935 eccles.
3706 2896 3728 2933 ι

2164 2994 2288 3050 pag.
2321 2978 2427 3032 416
2459 2979 2609 3033 hisce
2634 2977 2896 3032 omnibus
2922 2991 3032 3029 non
3059 2974 3387 3043 acquiescit;
3417 2971 3514 3028 sed
3538 2981 3730 3031 contra,

2165 3071 2333 3124 citato
2371 3071 2440 3124 ad
2476 3069 2780 3140 marginem
2813 3067 3098 3132 Bollando,
3133 3067 3338 3122 famam
3379 3065 3546 3120 Attici
3581 3064 3728 3118 libere

2171 3160 2515 3232 proscindit,
2563 3169 2617 3215 et
2667 3159 2924 3214 audacter
2971 3161 3307 3229 pronuntiat,
3371 3157 3521 3212 nulla
3573 3158 3730 3226 ipsum

2170 3253 2504 3321 paenitentia:
2538 3251 2694 3321 signa
2731 3265 2968 3320 unquam
3007 3249 3243 3315 dedisse,
3271 3258 3324 3303 et
3354 3247 3487 3302 nihil
3529 3246 3729 3309 fecisse,

2173 3353 2232 3397 ut
2271 3341 2616 3413 illegitimam
2665 3357 2822 3398 suam
2861 3342 3263 3396 ordinationem
3298 3349 3594 3409 repararet.
3636 3337 3729 3391 luo

2171 3434 2330 3505 plane
2354 3435 2652 3490 laudabiles
2684 3433 2741 3488 S.
2773 3435 2934 3490 Attici
2976 3434 3242 3497 actiones,
3287 3441 3416 3502 puta
3442 3433 3727 3487 misericor-

2171 3527 2318 3581 diam
2367 3542 2496 3596 erga
2543 3543 2829 3597 pauperes,
2855 3527 2934 3581 -in
2974 3527 3296 3581 deteriorem
3340 3535 3549 3595 partem
3587 3526 3730 3579 inter-

2173 3628 2441 3691 pretatur,
2462 3630 2516 3672 et
2537 3629 2661 3689 post
2685 3619 2906 3688 explosa
2938 3627 3029 3672 aut
3059 3618 3292 3688 maligne
3314 3617 3580 3686 explicata
3607 3617 3728 3669 illius

2173 3715 2347 3783 elogia
2376 3713 2596 3769 tandem
2653 3726 2774 3782 pag.
2807 3711 2913 3765 M9
2954 3709 3253 3775 concludit,
3295 3708 3442 3762 haud
3482 3708 3728 3762 immerito

2177 3803 2475 3859 timendum
2508 3818 2649 3866 csse,
2700 3819 2769 3857 ne
2819 3801 3149 3856 desiderium
3200 3816 3323 3855 sese
3364 3800 3647 3854 extollendi
3679 3815 3728 3853 ac

2175 3896 2230 3951 in
2258 3895 2394 3951 alios
2423 3892 2739 3950 dominandi
2783 3892 2802 3963 (
2830 3894 2945 3948 sive
2980 3908 3073 3962 per
3103 3892 3483 3946 auctoritatem
3527 3891 3728 3945 benevo-

2176 3990 2530 4060 lentiamque,
2559 3990 2674 4044 sive
2697 3987 2885 4042 saltem
2912 4003 3005 4058 per
3021 3999 3282 4043 terrorem
3314 3987 3366 4042 id
3399 3999 3581 4058 posset
3611 4002 3732 4042 asse

2175 4083 2292 4153 qui)
2327 4084 2382 4137 in
2416 4082 2594 4136 Attico
2623 4080 2788 4136 fuerit
2814 4081 3088 4150 praecipua
3116 4081 3285 4134 animi
3313 4081 3618 4150 propensio,
3648 4087 3731 4131 aut
3806 4081 3807 4150 ξ

2185 4195 2202 4227 ι
2251 4175 2524 4246 cupiditas
2558 4173 2740 4228 cordis
2783 4173 2905 4243 ejus
2933 4173 3288 4239 dominatrix,
3327 4191 3347 4224 ι
3391 4182 3451 4225 ιιι
3492 4171 3729 4228 Gallicam

2179 4264 2513 4320 Tillemontii
2536 4265 2780 4333 phrasint
2815 4263 3028 4318 ﬁdelius
3065 4261 3254 4317 Latine
3280 4264 3608 4332 exprimam.

2252 4358 2302 4413 7.
2343 4357 2461 4412 Non
2495 4357 2671 4421 video,
2719 4373 2830 4426 quo
2864 4357 2988 4427 jure
3019 4357 3400 4412 Tillemontius
3431 4358 3498 4411 de
3532 4357 3732 4412 internis

559 4463 613 4519 4.
651 4461 947 4516 Bollandus
981 4467 1170 4514 noster
1196 4458 1449 4530 religioni
1482 4457 1587 4512 sibi
1615 4457 1791 4522 duxit,
1820 4457 2065 4512 Atticum
2105 4481 2151 4536 ι)
2182 4452 2238 4507 8.
2285 4452 2448 4506 Attici
2493 4451 2895 4506 atlectionibus.
2916 4451 3024 4505 tale
3066 4451 3251 4505 tulerit
3281 4449 3572 4520 judicium,
3606 4447 3729 4518 quod
3806 4481 3807 4530 ξ

489 4555 1152 4626 Constantinopolitanum
1218 4553 1575 4623 episcopum,
1642 4553 1803 4622 cujus
1869 4567 2070 4606 nomen

487 4648 818 4721 quihusdam
887 4644 1204 4701 Graecorum
1259 4642 1695 4713 Latinorumque
1747 4642 2072 4712 Menologiis

487 4741 811 4811 inscriptum
861 4739 1087 4809 legerat,
1148 4753 1216 4794 ex
1269 4736 1694 4791 immemorabili
1755 4737 1940 4791 cultus
1986 4737 2072 4790 sui

488 4832 838 4900 posSessione
871 4829 1184 4885 deturbare.
1231 4827 1372 4883 I-linc
1399 4828 1465 4899 ad
1498 4827 1640 4881 diem
1688 4843 1784 4880 vttt
1820 4826 2071 4882 Januarii

489 4924 621 4976 Acta
663 4922 810 4977 illius
848 4937 917 4976 ex
950 4921 1118 4976 variis
1159 4920 1401 4990 antiquis
1443 4919 1808 4987 scriptoribus
1846 4934 2074 4988 Operose

489 5012 728 5082 collegit,
774 5020 828 5067 et
875 5011 1347 5066 Commentariunt
1391 5009 1552 5066 suum
1612 5012 1686 5064 ita
1743 5011 2069 5066 inchoavit:

496 5122 516 5155 ι
547 5103 700 5158 Multi
745 5113 995 5160 sanctum
1034 5103 1493 5175 Chrysostomum
1525 5104 1636 5158 acri
1671 5103 1855 5158 studio
1890 5104 2073 5170 impu-

493 5208 750 5266 gnarum,
795 5199 887 5267 qui
925 5206 1106 5252 tamen
1135 5213 1380 5252 errorem
1418 5197 1615 5252 deinde
1644 5213 1804 5251 suum
1837 5212 2075 5266 agnove-

494 5299 639 5352 runt,
671 5299 834 5359 atque
880 5291 1030 5344 omni
1075 5292 1387 5346 sanctitatis
1435 5291 1594 5344 laude
1638 5290 1962 5345 floruerunt.
2017 5289 2073 5344 In

494 5381 580 5436 his
612 5380 669 5436 S.
698 5381 910 5436 Atticus
943 5382 1230 5452 episcopus
1267 5381 1925 5450 Constantinopolitanus
1950 5380 2072 5446 fuit,

493 5475 586 5545 qui
643 5476 760 5529 zelo
820 5476 1182 5530 immoderato
1242 5488 1295 5532 et
1348 5491 1695 5547 nequaquam
1771 5474 2074 5530 secundum

496 5568 778 5622 scientiam
834 5569 1133 5639 abreptus,
1185 5584 1293 5622 non
1344 5569 1668 5623 adversatus
1716 5574 1931 5622 tantum
1993 5575 2080 5621 est-

496 5671 684 5714 sancto
723 5659 1138 5733 Chrysostomo,
1190 5662 1283 5716 sed
1333 5671 1455 5731 post
1499 5661 1786 5716 Arsacium
1839 5661 1892 5714 in
1933 5661 2073 5729 ejus,

498 5751 793 5807 etiamnum
828 5754 1162 5824 superstitis,
1205 5753 1522 5808 cathedram
1569 5753 1833 5809 successit
1875 5772 1886 5807 :
1930 5754 2076 5822 quod

2176 4545 2279 4599 soli
2313 4543 2425 4598 Deo
2451 4543 2726 4609 convenit,
2759 4543 3017 4612 quodque
3049 4557 3303 4610 supremo
3326 4544 3574 4597 cordium
3598 4557 3730 4596 scru-

2176 4638 2337 4692 tatori
2383 4637 2710 4706 prudentius
2749 4636 3080 4704 reliquisset.
3115 4633 3249 4688 Nolo
3285 4635 3373 4690 hic
3411 4634 3729 4690 Tillemontio
3806 4637 3807 4664 ‘

2175 4729 2413 4798 objicere
2438 4729 2714 4797 vulgarem
2752 4726 2892 4797 juris
2924 4725 3190 4794 regulam,
3233 4742 3337 4795 qua
3380 4727 3567 4780 tandiu
3598 4728 3727 4796 quis-

2177 4823 2320 4890 piam
2366 4820 2714 4890 praesumitur
2758 4820 2964 4883 bouus,
3015 4820 3188 4874 donec
3240 4818 3502 4887 probetur
3556 4819 3725 4872 malus.

2176 4915 2314 4970 Nolo
2342 4915 2444 4983 ipsi
2473 4928 2750 4983 opponere
2796 4913 3139 4967 notissimam
3170 4912 3500 4967 Christiane
3521 4910 3727 4966 charito-

2179 5009 2247 5062 tis
2277 5008 2467 5080 legem,
2509 5022 2618 5076 qua
2650 5005 2911 5075 juhemur
2947 5005 3192 5060 actiones
3241 5004 3474 5074 proximi
3525 5004 3724 5069 benigne

2177 5099 2470 5170 explicare,
2519 5098 2761 5169 quanditt
2793 5096 3098 5152 manifesta:
3130 5096 3351 5151 malitiae
3387 5111 3495 5150 non
3530 5095 3721 5151 convin-

2177 5204 2397 5251 cuntur.
2436 5191 2572 5247 Nolo
2602 5191 2837 5261 denique
2865 5191 2954 5246 hic
3006 5191 3251 5260 proferre
3293 5191 3473 5245 varias
3501 5191 3558 5243 S.
3587 5185 3719 5243 Attici

2177 5290 2426 5350 virtutes,
2452 5301 2572 5354 quae
2595 5286 2647 5339 in
2673 5284 2822 5338 Actis
2855 5285 2975 5354 ejus
2996 5284 3063 5339 ad
3090 5283 3232 5338 diem
3261 5298 3358 5336 vnt
3397 5281 3634 5338 Januarii
3655 5280 3719 5331 in-

2179 5380 2350 5434 veniri
2395 5385 2646 5448 possunt.
2691 5374 2806 5429 lloc
2852 5376 3011 5430 unice
3057 5374 3360 5440 contendo,
3401 5375 3630 5428 Atticum
3676 5371 3715 5420 in

2180 5472 2540 5526 immoderato
2577 5483 2678 5524 suo
2712 5477 2902 5523 contra
2947 5466 3004 5523 S.
3035 5466 3486 5538 Cltrysostomum
3518 5466 3626 5520 telo
3652 5474 3717 5517 at-

2179 5577 2286 5632 que
2317 5563 2371 5615 in
2401 5560 2681 5631 illegititna
2717 5560 3067 5630 episcopatus
3102 5559 3452 5630 possessione
3479 5571 3642 5628 usque
3664 5552 3716 5607 tul

2181 5667 2410 5712 mortem
2449 5671 2555 5710 non
2606 5668 3000 5734 perseverasse.
3044 5652 3098 5709 Id
3139 5662 3320 5709 autem
3344 5652 3618 5708 ostendam
3641 5660 3713 5700 co-

2183 5753 2355 5810 nabor
2381 5748 2584 5820 duplici
2610 5754 2952 5818 argumento,
2983 5761 3218 5816 quorum
3247 5760 3416 5800 unum
3441 5744 3542 5799 erit
3566 5755 3598 5796 a
3617 5752 3719 5808 p09-
