3842 6306
117 323 219 383 αι

117 543 383 602 quuntur.
413 531 570 586 Nunc
602 547 716 586 rem
752 532 924 601 ipsam
957 533 1267 603 aggredior.

186 622 246 675 8.
308 620 684 677 Theodoretus
742 622 841 679 lib.
913 638 943 676 v
1002 623 1144 676 Hist.
1192 622 1401 688 eccles.,
1457 637 1577 692 cap.
1615 622 1706 686 55,

115 714 359 783 primum
400 714 674 781 opinionis
715 726 914 769 nostra
939 713 1353 770 fundamentum
1397 714 1469 768 ita
1507 715 1658 784 ponit
1694 731 1708 769 :

118 825 138 856 σ
181 803 296 859 Sed
324 814 379 858 et
400 805 658 860 defuncto
689 804 837 860 orbis
869 814 1136 860 terrarum
1160 806 1442 875 magistro,
1470 804 1711 874 episcOpi

112 891 508 949 Occidentales
528 909 636 948 non
660 895 812 964 prius
835 895 1216 964 episcoporum
1241 895 1480 966 Egypti,
1517 894 1712 949 Orien-

113 984 320 1052 lisque,
358 993 412 1038 et
443 981 712 1053 Bosphori
744 999 806 1039 ac
840 983 1086 1038 Thracia:
1122 987 1564 1063 communionem
1615 984 1711 1038 ad-

113 1076 341 1138 misere,
388 1089 560 1144 quam
601 1075 770 1129 divini
808 1076 908 1130 viri
943 1095 960 1126 ι
1023 1080 1240 1145 (nempe
1281 1077 1454 1130 sancti
1487 1075 1711 1132 Joannis

110 1163 535 1235 Chrysostomi)
587 1183 606 1216 ι
665 1181 864 1220 nomen
915 1167 1055 1220 inter
1096 1165 1385 1222 defunctos
1423 1167 1711 1236 episcopos

112 1257 457 1312 retulissent.
491 1255 558 1310 Et
594 1256 877 1312 Arsacium
923 1257 1168 1328 quidem,
1200 1259 1291 1327 qui
1337 1259 1386 1312 ei
1443 1257 1706 1313 sull‘ectus

110 1347 319 1408 fuerat,
349 1361 452 1400 nec
493 1346 822 1401 salutatione
855 1347 1061 1418 dignati
1103 1355 1271 1402 sunt:
1305 1347 1546 1401 Atticum
1581 1363 1711 1402 vero

111 1439 743 1495 Arsacii’successorem
783 1452 904 1510 post
937 1441 1139 1495 multas
1160 1441 1454 1510 legationes
1476 1450 1530 1495 et
1560 1441 1712 1510 pacis

109 1529 440 1600 petitiones,
482 1532 700 1586 tandem
742 1543 1087 1601 receperunt,
1123 1548 1246 1587 cum
1278 1531 1481 1586 tabulis
1511 1546 1710 1586 nomen

109 1621 514 1690 inscripsisset.
569 1639 587 1672 ι
627 1622 891 1686 Audisne,
921 1622 1008 1677 hic
1033 1640 1053 1673 ε
1093 1622 1294 1676 multas
1333 1621 1626 1691 legationes
1659 1629 1712 1675 et

108 1712 267 1779 pacis
297 1711 596 1780 petitiones
633 1730 652 1761 ι
697 1711 1157 1766 commemorari?
1189 1712 1305 1777 Qua
1346 1710 1510 1779 igitur
1533 1711 1712 1765 fronte

1613 323 1916 380 ΝΟΤΙἸἹΑ.

116 439 331 504 teriori,
365 449 418 494 et
438 437 588 494 aliud
624 439 688 494 ad
719 439 1018 505 hominem,
1048 438 1182 494 utin
1211 439 1416 494 scholis
1445 439 1604 510 vulgo
1627 439 1703 493 io-
1734 444 1780 500 Α

3295 333 3397 388 649

1883 439 1969 494 10.
2019 460 2036 492 ‹
2085 439 2480 510 Exspectamus
2514 456 2643 511 ergo
2672 449 2726 497 et
2752 439 3151 511 professionem
3191 459 3392 499 memoc

1812 531 1919 586 rati
1964 532 2030 587 de
2058 534 2344 603 completis
2383 533 2639 588 omnibus
2678 533 3105 599 conditionibus,
3141 549 3282 604 quas
3310 534 3396 590 di-

1811 623 1988 678 versis
2014 625 2348 694 temporibus
2379 624 2733 694 prmdiximus
2757 665 2772 689 ,
2807 635 2859 680 et
2897 625 3214 695 petitionem
3249 642 3396 682 com-

1812 714 2114 776 munionis.
2135 725 2193 769 ut
2213 724 2360 770 recte
2376 725 2428 770 et
2454 716 2685 786 petenti.
2707 725 2758 770 et
2782 715 3032 786 probanti
3064 732 3122 772 se
3150 718 3395 772 eamdem

1815 805 2035 870 mereri,
2078 804 2394 860 reddamus.
2434 824 2452 856 ι
2490 803 2637 870 Quas
2682 819 2811 859 vero
2858 805 3199 862 conditiones
3230 808 3397 862 Inno-

1813 893 2023 948 centius
2067 894 2420 963 requisiverit
2448 936 2460 957 ,
2498 904 2552 949 et
2597 895 2876 963 quomodo
2922 911 3017 952 eas
3061 899 3397 954 exsecutioni

1813 985 2061 1039 mandari
2106 986 2374 1052 voluerit,
2422 986 2538 1056 ipse
2585 988 2718 1041 satis
2755 987 2996 1042 declarat
3039 987 3093 1041 in
3145 989 3396 1058 epistola,

1813 1090 1975 1144 quam
1997 1077 2050 1130 in
2077 1077 2263 1131 eadem
2296 1093 2460 1132 causa
2477 1077 2621 1132 dedit
2646 1079 2712 1132 ad
2739 1079 3000 1134 Acacium
3029 1079 3232 1136 Beroeaa
3283 1082 3397 1151 epi-

1815 1182 2062 1237 scopum,
2113 1169 2205 1224 ubi
2255 1169 2395 1239 apud
2442 1169 2739 1233 Labheum,
2769 1178 2916 1224 tumo
2946 1171 3189 1241 proxime
3231 1173 3396 1228 citato

1815 1259 1918 1315 col.
1953 1259 2112 1324 1270,
2143 1269 2263 1329 post
2292 1261 2398 1315 alia
2434 1261 2512 1316 sic
2537 1262 2765 1318 scribit:
2803 1283 2822 1314 ‹
2858 1249 3011 1318 Unde
3041 1266 3138 1320 has
3163 1265 3226 1320 ad
3259 1282 3396 1336 prte-

1817 1351 2214 1405 Stantissimum
2285 1352 2508 1408 fratrem
2571 1360 2625 1408 et
2686 1355 3073 1425 coepiscopum
3143 1367 3395 1414 nostrum

1812 1440 2184 1496 Alexandrum
2242 1444 2542 1499 reddendas
2582 1453 2687 1498 tua:
2734 1447 3137 1502 transmisimus
3202 1449 3397 1504 unani-

1811 1533 2023 1600 mitati;
2073 1534 2328 1590 videlicet
2367 1543 2445 1602 ut,
2504 1536 2550 1590 si
2599 1551 2790 1592 omnes
2843 1538 3164 1605 inimicitiae,
3217 1543 3397 1597 omnis

1811 1622 2113 1686 aemulatio,
2149 1635 2255 1677 tam
2297 1625 2364 1679 de
2406 1625 2628 1680 nomine
2678 1627 2851 1681 sancti
2891 1625 3120 1685 Joannis
3163 1631 3396 1685 mirandi

1812 1713 2074 1785 episcopi,
2101 1731 2264 1786 quam
2312 1717 2380 1773 de
2417 1718 2673 1774 omnibus
2702 1719 2946 1788 ejusdem
2991 1725 3396 1780 communionis

109 1801 509 1858 'I‘illemontius
531 1817 781 1858 asserere
807 1803 1005 1872 potuit,
1031 1802 1270 1858 Atticum
1299 1803 1434 1856 nihil
1466 1817 1704 1872 unquam
1738 1794 1778 1849 Β
1810 1806 2182 1876 participibus,
2209 1823 2239 1863 a
2264 1815 2356 1862 tua
2387 1809 2737 1866 animositate
2766 1810 3041 1878 discessit,
3075 1813 3173 1868 has
3197 1823 3397 1869 nostra:

109 1896 336 1962 fecisse,
372 1906 432 1952 ut
465 1897 798 1968 illegitimam
846 1912 1004 1952 suam
1041 1897 1445 1952 ordinationem
1479 1911 1706 1965 repara-

107 1988 238 2043 ret?
268 1989 359 2041 An
393 1988 529 2041 nihil
552 1987 748 2043 fecisse
785 1987 1050 2042 dicendus
1083 1997 1186 2051 est,
1221 1987 1314 2056 qui
1347 2001 1488 2056 saepe
1516 2001 1704 2056 pacem

108 2081 248 2149 petit
283 2081 359 2134 ab
386 2080 513 2141 illis,
538 2095 677 2148 quos
725 2080 912 2148 iniqua
944 2080 1291 2148 episcopatus
1318 2078 1707 2132 Constantino-

107 2172 351 2240 politani
387 2172 745 2240 occupatione
765 2170 1084 2234 oil'enderat,
1117 2179 1172 2224 et
1198 2171 1398 2224 multas
1426 2169 1592 2222 mittit
1617 2169 1699 2222 Ie»

107 2265 395 2333 gationes,
427 2263 762 2319 utEcclesiae
796 2262 1058 2318 Romana:
1092 2262 1511 2318 reconcilietur?
1538 2261 1708 2330 Equi-

107 2354 233 2408 dem
283 2353 524 2420 fatebor,
562 2362 807 2423 tempore
845 2351 1147 2407 Innocentii
1185 2351 1202 2403 l
1234 2351 1505 2422 pontificis
1536 2351 1707 2406 inuti-

108 2447 214 2499 lem
269 2445 451 2500 fuisse
489 2443 807 2497 Maximiani
845 2443 1086 2512 episcopi
1127 2442 1572 2497 intercessionem
1609 2456 1708 2511 pro

107 2536 320 2599 Attico,
376 2536 505 2604 quia
546 2535 858 2604 pr0positas
896 2533 965 2587 ab
1008 2532 1325 2588 Innocentio
1369 2533 1709 2588 conditiones

107 2627 370 2682 nondum
404 2627 743 2696 impleverat.
786 2626 856 2680 At
895 2641 963 2680 ex
1011 2626 1117 2679 hoc
1148 2625 1267 2694 ipso
1306 2626 1523 2696 colligo,
1559 2636 1710 2694 post-

107 2721 347 2776 modum
386 2719 570 2773 omnia
616 2718 729 2781 illa,
775 2729 897 2787 quae
939 2715 1287 2771 Innocentius
1325 2725 1599 2787 exegerat,
1641 2716 1711 2771 ab

107 2813 297 2867 Attico
327 2811 506 2865 fuisse
544 2809 709 2875 facta,
737 2808 1103 2879 antequamin
1135 2809 1580 2866 communionem
1597 2809 1708 2863 Ro-

108 2920 294 2959 manas
321 2903 584 2958 Ecclesiae
607 2902 679 2956 sit
705 2911 975 2971 receptus.

177 3000 234 3053 9.
275 2997 498 3052 Juverit
526 2995 594 3051 de
617 2997 718 3051 hac
744 3011 804 3050 re
831 2997 1018 3050 audire
1044 2995 1330 3064 epistolam
1357 2994 1526 3064 ipsius
1551 2993 1711 3048 Inno-

107 3090 280 3144 centii
313 3088 386 3142 ad
406 3087 818 3152 Maximiauum,
857 3103 980 3157 quae
1014 3089 1156 3156 apud
1182 3085 1459 3140 Labbeum
1490 3097 1638 3141 torno
1665 3085 1710 3140 II

109 3181 498 3238 Conciliurum
531 3179 639 3235 col.
665 3181 808 3234 1266
835 3188 889 3233 et
922 3187 1184 3247 sequente
1209 3179 1290 3233 sic
1314 3189 1473 3233 sonat
1506 3197 1520 3231 :
1565 3196 1586 3230 ι
1618 3177 1718 3232 lilio

109 3291 338 3337 tamur,
372 3273 718 3342 prudentiam
760 3280 907 3325 tuam
940 3270 1142 3339 scripta
1183 3270 1250 3348 ad
1292 3270 1557 3333 Atticum,
1599 3269 1718 3339 cpi-

109 3385 352 3438 scopum
380 3367 1001 3436 Constantinopolitanae
1040 3366 1212 3430 urbis,
1251 3382 1280 3421 a
1320 3365 1478 3421 nobis
1502 3374 1555 3420 et
1587 3379 1716 3435 pro-

108 3460 410 3514 sccntione
435 3459 650 3528 propria
676 3467 731 3512 et
757 3460 884 3513 dato
914 3459 1118 3519 libello,
1138 3459 1229 3529 qui
1255 3459 1445 3514 subter
1469 3473 1718 3513 annexus

109 3561 226 3616 est,
261 3551 573 3620 postulare,
605 3566 636 3603 a
666 3565 776 3620 quo
805 3565 904 3604 nec
939 3550 1140 3604 missas
1175 3550 1316 3605 ullas
1359 3549 1551 3606 saltem
1603 3551 1720 3620 epi-

109 3646 291 3698 stolas
326 3643 396 3697 ad
450 3658 552 3696 nos
575 3643 658 3696 vel
708 3645 772 3697 ad
801 3652 1032 3697 vestram
1065 3642 1331 3714 synodum
1367 3642 1557 3712 utique
1591 3659 1718 3712 pcr-

111 3734 340 3799 tulisti;
394 3733 557 3804 idque
599 3748 707 3786 non
753 3733 955 3801 petenti
1005 3731 1354 3785 tribuendum
1403 3730 1716 3796 existimes,

109 3825 266 3895 quod
310 3826 467 3880 vides
497 3824 922 3893 deprecantibus
946 3825 1194 3878 discussa
1225 3825 1456 3888 ratione,
1488 3837 1718 3878 conces-

108 3933 237 3974 sum
266 3933 284 3983 ;
316 3917 642 3971 communio
671 3915 816 3968 enim
848 3913 1463 3982 suspensarestituitur
1490 3915 1721 3966 demon-

110 4009 345 4073 stranti,
386 4022 606 4073 causas,
653 4009 854 4077 quibus
888 4006 939 4060 id
969 4007 1267 4071 acciderat,
1306 4006 1419 4074 jam
1456 4019 1579 4060 esse
1625 4003 1720 4058 de-

110 4113 341 4166 tersas,
400 4109 456 4154 et
499 4099 777 4170 profitenti
832 4098 1178 4154 conditiones
1235 4099 1386 4167 pacis
1447 4096 1717 4166 impletas.

111 4194 279 4261 Quod
329 4207 511 4262 neque
552 4193 695 4262 apud
735 4208 854 4257 vos,
897 4207 1076 4262 neque
1119 4191 1260 4260 apud
1305 4205 1406 4244 nos
1449 4191 1531 4259 (ut
1574 4203 1718 4255 prae-

109 4286 257 4356 dixi)
301 4284 546 4346 Atticus,
591 4282 776 4337 missis
814 4283 1091 4352 aliquibus
1131 4297 1382 4346 suorum,
1414 4281 1498 4335 vel
1540 4279 1722 4336 dicere

110 4378 300 4432 voluit
326 4377 414 4430 vel
447 4377 826 4431 demonstrare
859 4375 1215 4444 completum,
1252 4373 1719 4444 quemadmodum

1812 1897 2089 1953 societatis
2154 1899 2386 1969 recipias
2455 1901 2666 1956 litteras
2702 1943 2717 1965 ,
2780 1901 2950 1958 frater
3011 1904 3339 1959 charissime
3377 1946 3392 1965 .

1812 1989 1997 2054 modo,
2031 1983 2090 2045 ut
2113 1991 2295 2046 omnia
2342 2009 2463 2062 qum
2499 1993 2584 2047 his
2612 1992 2630 2064 [
2671 1995 2742 2048 al.
2782 1995 2865 2049 hic
2897 1996 2977 2050 vel
3007 1996 3071 2050 de
3103 1997 3184 2051 Itis
3215 1995 3397 2068 ]actis

1814 2086 2220 2150 lirmatassunt,
2246 2085 2388 2154 apud
2420 2087 2775 2142 mediatorem
2823 2095 3072 2142 nostrum
3107 2089 3394 2144 amabilem

1812 2173 2153 2228 Alexandum
2185 2189 2278 2229 ore
2300 2175 2552 2244 prOprio,
2578 2186 2637 2232 ut
2672 2178 3166 2234 communicautem
3201 2195 3398 2235 conve-

1814 2263 1928 2328 nit,
1965 2262 2212 2316 fatearis.
2265 2281 2284 2314 ι
2319 2263 2396 2317 Ex
2429 2265 2513 2319 his
2557 2264 2855 2320 lnnocentii
2889 2267 3083 2322 litteris
3106 2267 3283 2322 infero
3313 2283 3398 2323 se—

1814 2355 2034 2420 quentia
2068 2371 2080 2406 :
2117 2355 2311 2424 primo,
2348 2355 2587 2410 Atticum
2619 2357 2850 2412 necdum
2887 2358 3185 2428 quidquam
3244 2359 3400 2415 fecis‘

1815 2461 1874 2501 se
1911 2461 2057 2500 anno
2089 2446 2212 2510 415,
2252 2461 2361 2515 quo
2389 2446 2604 2501 videtur
2643 2446 2813 2502 fuisse
2859 2447 3057 2516 scripta
3102 2447 3250 2518 prior
3279 2449 3396 2518 epi—

1815 2537 1977 2600 stola,
2000 2545 2058 2590 ut
2079 2537 2518 2591 communionem
2538 2537 2790 2592 Ecclesiae
2816 2537 3074 2593 Romanae
3092 2540 3395 2606 obtineret;

1817 2625 2089 2691 secundo,
2131 2627 2333 2680 nullam
2371 2627 2537 2697 hujus
2576 2629 2981 2684 communionis
3025 2645 3175 2700 spem
3217 2631 3399 2686 Attico

1817 2716 2063 2771 relictam
2099 2716 2290 2781 fuisse,
2323 2718 2428 2772 nisi
2465 2719 2775 2789 propositas
2820 2720 2888 2774 ab
2920 2719 3236 2774 Innocentio
3265 2735 3398 2775 con-

1815 2809 2054 2864 ditiones
2105 2810 2389 2879 impleret;
2427 2810 2610 2874 tertio,
2644 2809 3014 2866 innocentium
3048 2811 3116 2866 ab
3147 2813 3402 2867 adversa-

1819 2903 1920 2957 riis
1941 2903 2317 2974 Chrysostomi
2349 2917 2455 2955 non
2478 2902 2786 2972 postulasse
2815 2902 3097 2966 duntaxat,
3118 2914 3176 2957 ut
3205 2919 3399 2958 nomen

1811 2992 1993 3060 .saucti
2014 2994 2172 3048 istius
2190 2993 2440 3064 praesulis
2469 2993 2642 3047 sacris
2673 2993 2872 3048 tabulis
2903 2993 3282 3060 inscriberent,
3308 2993 3400 3048 sed

1818 3085 1979 3138 etiam
2014 3095 2203 3140 contra
2249 3084 2370 3154 ejus
2405 3083 2646 3140 fautores
2698 3099 2914 3138 omnem
2952 3077 3294 3139 inimicitiam
3332 3099 3396 3138 ac

1819 3175 2222 3230 aemulationem
2258 3175 2611 3244 deponerent,
2648 3181 2812 3243 atque
2841 3174 2958 3230 haec
2985 3175 3126 3244 apud
3159 3175 3402 3229 Alexan-

1819 3266 2004 3330 drum,
2041 3273 2134 3318 aut
2160 3264 2328 3318 alium
2354 3279 2382 3318 a
2416 3264 2674 3334 pontifice
2696 3263 2946 3319 Romano
2972 3264 3397 3334 designandum,

1820 3371 1916 3412 ore
1951 3356 2175 3426 proprio
2197 3354 2522 3420 faterentur,
2552 3364 2613 3410 ut
2641 3355 3046 3410 communionis
3083 3355 3313 3426 cupidos
3349 3364 3403 3410 et

1819 3453 1992 3506 errori
2017 3453 2120 3507 sdo
2152 3451 2532 3506 renuntiantes
2560 3450 2807 3505 decebat.

1892 3545 1979 3599 II.
2019 3546 2156 3600 Cum
2193 3545 2357 3615 igitur
2384 3544 2618 3607 Atticus,
2645 3551 2784 3598 teste
2811 3542 3181 3608 Theodoreto,
3222 3561 3241 3595 ι
3280 3552 3405 3613 post

1820 3637 2024 3691 multas
2066 3637 2364 3706 legationes
2393 3644 2448 3690 et
2488 3635 2636 3706 pacis
2667 3635 2977 3704 petitiones,
3024 3653 3042 3686 ι
3089 3635 3304 3689 tandem
3346 3635 3401 3688 in

1819 3728 2260 3783 communionem
2303 3725 2564 3780 Romana)
2604 3724 2862 3780 Ecclesiae
2907 3731 3160 3794 receptus
3219 3724 3399 3783 fuerit.

1821 3817 2268 3886 probabilissime
2329 3814 2621 3879 concludo,
2652 3814 2830 3882 ipsum
2879 3823 3035 3868 antea
3081 3813 3293 3868 oblatas
3333 3815 3403 3867 ab

1819 3907 2137 3962 Innocentio
2165 3907 2508 3963 conditiones
2529 3908 2754 3964 omnino
2777 3906 3110 3978 implevisse,
3146 3908 3400 3975 adeoque

1823 3999 2145 4055 sullicientia
2191 3998 2522 4067 paenitentia:
2561 3996 2761 4053 iudicia
2802 3996 3051 4062 dedisse;
3090 4013 3217 4052 nam
3264 3998 3402 4052 emi-

1821 4091 2182 4145 nentissimus
2205 4090 2473 4145 Baronius
2495 4090 2550 4144 in
2573 4089 2870 4144 Annalibus
2888 4105 3034 4144 anno
3053 4089 3258 4145 Christi
3273 4088 3400 4155 408,

1821 4196 1974 4236 num.
2004 4181 2093 4248 41,
2128 4181 2192 4236 ad
2221 4181 2457 4251 priorem
2489 4179 2789 4236 Innocentii
2811 4181 3101 4250 epistolam
3131 4189 3277 4236 recte
3301 4181 3403 4236 ob-

1823 4283 2025 4338 servat,
2060 4293 2078 4325 ‹
2119 4287 2228 4327 non
2272 4272 2451 4328 solere
2495 4272 2802 4328 Romanum
2839 4273 3154 4342 pontilicem
3179 4274 3406 4328 reddere

1823 4361 2407 4429 communicationem,
2461 4364 2569 4419 nisi
2624 4364 2924 4434 propositis
2981 4371 3109 4418 ante
3165 4364 3406 4435 impletis

113 4468 492 4523 Αυιίοειιειιω
546 4466 806 4521 Ecclesia;
849 4465 1016 4520 frater
1047 4473 1102 4520 et
1129 4467 1490 4534 coepiscopus
1533 4473 1802 4542 noster],
1825 4455 2253 4520 conditionibus,
2277 4467 2331 4512 et
2369 4456 2674 4512 emendatis
2693 4456 2972 4512 erroribus
2999 4455 3128 4520 illis,
3163 4471 3401 4526 quorum
3481 4484 3484 4488 -

112 4560 442 4616 Alexander
497 4559 660 4630 digna
714 4559 987 4628 legatione
1039 4566 1094 4612 et
1142 4565 1470 4627 prosecutus
1525 4565 1607 4611 est
1669 4565 1724 4612 et

114 4650 405 4722 probavit.
448 4647 660 4715 Quibus
681 4649 934 4703 omnibus
953 4648 1154 4717 utique
1180 4647 1444 4702 interesse
1471 4645 1724 4717 dignatus

114 4740 946 4813 cognovisti,quemadmodum
979 4738 1296 4809 singulatim
1345 4738 1531 4792 omnia
1580 4737 1721 4813 scri-

113 4841 351 4903 ptorum
401 4840 719 4886 nostrorum
772 4830 1004 4885 antehac
1049 4827 1161 4901 [aL
1214 4830 1539 4882 anterior-um
1571 4809 1612 4899 ]’
1655 4829 1723 4883 de

115 4940 298 4980 causa
335 4923 632 4978 beatissimi
661 4919 890 4976 Joannis
933 4921 1210 4992 quondam
1258 4922 1497 4990 episcopi
1548 4919 1726 4974 nostri

117 5017 516 5082 discusserim,
550 5025 612 5069 ut
633 5031 756 5085 qua:
779 5016 889 5070 illis
913 5015 965 5069 in
994 5014 1252 5068 omnibus
1292 5014 1426 5068 satis
1449 5013 1724 5067 evidenter

118 5108 498 5170 ostenderint,
525 5107 804 5172 universa,
822 5120 946 5175 qua:
964 5103 1102 5174 apud
1123 5102 1471 5158 Antiochiam
1501 5102 1615 5156 ﬁeri
1639 5103 1727 5157 de-

118 5202 376 5261 buerint.
407 5198 579 5254 fuisse
603 5198 894 5267 completa.
923 5197 1168 5264 Quorum
1201 5195 1490 5263 amplexati
1514 5211 1722 5264 pacem,

119 5293 328 5363 utique
378 5291 540 5346 fidem
581 5289 835 5353 fecimus,
869 5299 922 5344 et
978 5303 1178 5357 magno
1223 5287 1440 5342 tramite
1472 5287 1724 5341 omnibus

118 5384 383 5438 eamdem
441 5381 798 5450 postulaturis
837 5378 932 5452 [al.
961 5395 1080 5450 qua:
1108 5376 1460 5450 prwstolaris]
1490 5379 1728 5433 ostendi-

118 5491 293 5538 mus;
343 5475 389 5528 si
423 5474 610 5536 modo,
647 5487 770 5542 quae
798 5471 1050 5526 discussa
1078 5479 1207 5526 sunt
1246 5478 1405 5539 atque
1433 5470 1723 5539 completa,

117 5572 299 5625 etiam
330 5569 435 5638 ipsi
465 5583 526 5622 se
548 5583 645 5637 pro
669 5582 772 5622 suo
794 5566 916 5621 loco
943 5565 1138 5621 fecisse
1161 5565 1242 5620 vel
1271 5563 1573 5633 complesse
1589 5603 1603 5622 .
1627 5562 1726 5616 ali-

119 5659 356 5729 quando
375 5655 823 5720 monstraverint,
847 5655 1421 5724 communionemque,
1443 5663 1506 5707 ut
1522 5653 1632 5718 isti,
1653 5653 1726 5707 le-

122 5755 354 5824 gatione
366 5746 1722 5818 solemniterdestinata,sibirogaverintredhiberi.

1825 4562 1993 4604 causa
2033 4549 2529 4604 communicatione
2581 4546 2828 4603 interdici
2883 4557 3217 4603 meruerant.
3271 4567 3291 4602 ›
3345 4547 3404 4602 Si

1825 4640 2010 4710 itaque
2039 4639 2253 4696 Atticus
2295 4641 2367 4696 ob
2408 4641 2667 4712 injustam
2714 4639 2771 4695 S.
2804 4640 3180 4710 Chrysostomi
3218 4656 3405 4709 persec

1824 4731 2100 4787 cntionem
2137 4740 2192 4785 et
2230 4732 2564 4804 illegitimam
2595 4732 2870 4786 cathedra:
2897 4731 3399 4801 Constantinopoli-

1825 4831 1969 4878 tanae
2002 4825 2414 4893 occupationem
2449 4827 2838 4879 communione
2877 4823 3136 4878 Ecclesiae
3160 4823 3406 4892 privatus

1825 4915 2008 4982 fuerit,
2043 4916 2230 4970 debuit
2261 4916 2410 4984 prius
2438 4916 2664 4984 exsequi
2696 4915 2883 4968 omnia
2916 4914 3028 4978 illa,
3059 4929 3180 4983 quae
3209 4914 3278 4968 ad
3303 4915 3407 4970 hos

1826 5025 2043 5065 errores
2089 5007 2464 5064 emendandos
2499 5022 2529 5061 a
2568 5006 2832 5063 Romuis
2877 5005 3226 5076 pontificibus
3262 5022 3403 5076 pra:-

1829 5102 2233 5157 scribebantur.

1898 5193 1988 5247 12.
2040 5191 2228 5263 Neque
2281 5193 2512 5248 multum
2557 5193 2756 5257 refert,
2809 5201 2993 5247 utrum
3043 5193 3257 5250 Atticus
3302 5193 3407 5248 sub

1826 5288 1944 5357 ipso
1984 5285 2324 5351 Innocentio,
2361 5295 2418 5340 ut
2464 5286 2634 5356 aliqui
2659 5287 2872 5349 volunt,
2923 5301 2992 5340 an
3037 5287 3140 5341 sub
3174 5287 3408 5357 egregiis

1827 5382 1975 5436 illius
2022 5379 2440 5436 successoribus
2485 5378 2708 5435 Zosimo
2755 5379 2838 5433 vel
2878 5379 3158 5434 Bonifacio
3207 5394 3406 5433 nomen

1830 5475 1888 5529 S.
1921 5471 2298 5544 Chrysostomi
2333 5471 2609 5542 diptychis
2643 5472 2971 5526 inseruerit:
3004 5488 3112 5526 non
3137 5471 3280 5526 enim
3307 5469 3409 5523 mi-

1831 5566 1884 5620 hi
1924 5565 2082 5620 facile
2129 5564 2448 5634 persuaderi
2484 5563 2679 5632 patiar,
2723 5573 2979 5620 strenuos
3023 5565 3188 5619 hosce
3219 5575 3410 5618 aucto-

1828 5656 2010 5711 ritatis
2061 5654 2376 5724 apostolica:
2426 5653 2740 5708 defensores
2787 5653 2840 5707 in
2894 5668 2958 5708 ea
3011 5667 3070 5706 re
3127 5651 3409 5705 molliores

1830 5742 2023 5816 fuisse,
2072 5746 2378 5818 praesertim
2415 5760 2546 5802 cum
2587 5743 2903 5801 Bonifacius
2957 5743 3013 5798 in
3057 5741 3289 5814 epistola
3337 5741 3409 5796 ad
