3842 6306
477 259 585 317 845

1593 262 1652 320 S.
1695 261 2000 320 ATTICUS
2035 261 2140 320 ΟΡ.
2182 262 2582 328 EPISCOPUS.

3645 287 3737 345 6N

474 375 741 448 quosdam
782 375 1110 434 Macedoniae
1151 378 1438 448 episcopos
1481 380 1623 450 apud
1653 380 1954 450 Lahbeum,
1981 388 2066 435 ιο·
2093 382 2141 439 A
2171 381 2280 436 lum
2322 386 2389 440 ad
2423 389 2660 443 studium
2692 391 2909 446 virtutis
2939 393 3192 448 excitavit
3219 411 3232 461 ;
3263 404 3316 449 et
3337 395 3406 450 ad
3441 396 3734 456 misericor-

473 483 567 523 mo
607 467 676 522 IV
703 467 1081 536 Conciliarum,
1109 470 1214 524 col.
1258 470 1418 536 1708,
1441 472 1651 538 innuat,
1686 473 2062 530 Innocentium

473 559 531 616 in
549 561 902 617 admittendis
922 564 988 616 ad
1007 564 1455 619 communionem
1473 565 1805 621 adversariis
1824 567 1880 622 8.
1899 567 2067 638 Chry-

475 655 705 709 sostomi
738 670 842 708 non
878 653 1150 710 dillicilem
1182 654 1374 721 fuisse,
1411 667 1575 727 atque
1615 658 1682 712 ad
1720 663 2063 730 propositum

475 755 728 802 nostrum
775 754 900 816 post
929 747 1036 802 alia
1065 748 1143 803 sic
1176 749 1438 818 loquatur
1472 768 1486 804 :
1524 769 1542 802 ‹
1577 755 1718 805 Ante
1745 752 1905 806 breve
1937 761 2066 807 tem-

475 856 599 910 pus,
641 839 692 893 id
715 848 818 902 cst,
851 839 952 894 sub
986 841 1388 910 praedecessore
1435 857 1556 896 meo
1602 843 1773 896 beatae
1807 846 2062 898 recorda-

476 932 643 987 tionis
675 929 1013 998 Innocentio,
1040 931 1404 987 Orientalium
1446 933 1814 990 Ecclesiarum
1844 937 2064 1005 pontifi-

475 1037 567 1078 ces
586 1022 852 1087 dolentes,
881 1037 940 1078 se
963 1037 991 1075 a
1024 1023 1169 1077 beati
1194 1021 1336 1078 Petri
1356 1027 1741 1081 communione
1759 1027 2057 1096 sejunctos,

475 1129 574 1185 per
613 1115 819 1185 legatos
870 1130 1081 1184 pacem,
1124 1118 1268 1170 sicut
1318 1116 1560 1172 charitas
1611 1129 1792 1172 vestra
1840 1119 2057 1187 retinet,

474 1215 845 1277 poposcerunt
879 1223 893 1259 :
944 1223 1053 1275 quo
1083 1215 1334 1277 tempore
1359 1212 1657 1277 apostolica
1691 1210 1850 1265 sedes
1875 1213 2059 1266 omnia

476 1315 586 1354 non
619 1299 904 1354 difﬁculter
945 1298 1192 1354 indulsit.
1248 1319 1266 1351 ι
1321 1297 1478 1355 Nunc
1523 1301 1896 1356 adversarium
1935 1318 2060 1371 pro-

473 1393 612 1463 priis
639 1393 766 1447 suis
811 1391 982 1446 armis
1016 1391 1418 1461 aggrediamur,
1444 1402 1516 1459 et,
1556 1401 1614 1448 ut
1645 1394 1806 1464 vulgo
1835 1394 1940 1450 dici
1964 1411 2056 1450 so-

475 1487 572 1552 let,
603 1485 668 1540 ad
701 1485 978 1539 hominem
1019 1494 1487 1555 argumentemur.

549 1578 636 1632 I5.
710 1577 1092 1633 TillemOntius
1162 1587 1312 1632 tomo
1377 1577 1494 1632 XIV
1565 1580 1802 1634 Monum.
1869 1582 2052 1638 eccles.

473 1685 596 1739 pag.
625 1670 732 1725 280
763 1670 982 1734 fatetur,
1012 1670 1070 1725 S.
1110 1670 1372 1741 Cyrillum
1400 1672 1831 1727 Alexandrinum
1867 1673 1921 1727 in
1953 1690 2054 1730 suo

475 1758 838 1816 immoderato
907 1769 1096 1816 contra
1157 1760 1214 1815 S.
1280 1760 1544 1817 Joannem
1598 1763 2055 1834 Chrysostomum

476 1854 595 1908 zelo
619 1854 821 1909 diutius
845 1871 1008 1925 quam
1039 1856 1173 1910 alios
1199 1871 1389 1911 omnes
1416 1872 1818 1925 perseverasse,
1843 1859 2054 1927 ipsum-

474 1959 584 2015 que
617 1947 876 2001 maluisse
909 1948 977 2002 ab
1008 1946 1251 2002 Ecclesia
1281 1947 1526 2002 Romana
1559 1959 1613 2003 et
1640 1949 1779 2004 forte
1807 1951 2054 2018 pluribus

474 2036 600 2092 aliis
627 2046 937 2107 separatum
966 2053 1204 2100 manere,
1231 2052 1396 2106 quam
1427 2053 1623 2090 nomen
1640 2038 1758 2107 ejus
1782 2038 2054 2108 diplychis

473 2129 794 2184 inscribere.
845 2129 950 2183 Sed
995 2128 1190 2182 deinde
1233 2129 1408 2183 citans
1479 2128 1534 2182 in
1591 2129 1836 2198 margine
1895 2129 2055 2183 Nice—

475 2222 708 2292 phorum
737 2219 1019 2274 Callistum
1047 2221 1143 2274 lib.
1172 2236 1263 2274 xrv
1294 2219 1438 2275 Hist.
1474 2220 1659 2275 eccles.
1693 2237 1811 2290 cap.
1842 2221 1932 2285 28,
1961 2238 2053 2276 er-

474 2329 699 2369 roncam
731 2313 787 2367 S.
819 2313 1006 2384 Cyrilli
1041 2315 1451 2382 persuasionem
1489 2315 1576 2368 his
1605 2313 1894 2384 Nicephori
1932 2331 2053 2370 ver-

473 2409 559 2463 bis
588 2418 815 2465 excusat
857 2427 870 2464 :
902 2429 920 2460 (
947 2409 1217 2474 Quoniam
1245 2425 1373 2464 veru
1394 2409 1682 2464 dissidium
1713 2410 1814 2462 hoc
1829 2409 2050 2478 quidem

472 2515 539 2554 ex
571 2499 941 2561 aemulatione,
978 2498 1229 2566 quamvis
1266 2512 1372 2551 non
1404 2496 1705 2550 secundum
1743 2495 2048 2559 scientiam,

472 2605 582 2645 non
615 2600 797 2644 autem
839 2605 906 2642 ex
940 2589 1164 2654 invidia,
1198 2603 1374 2657 neque
1408 2588 1675 2642 diabolica
1701 2587 2051 2643 contentione

473 2681 737 2743 manavit,
776 2696 882 2734 non
911 2688 1167 2748 oportere
1194 2679 1373 2732 virum
1403 2689 1456 2732 ct
1483 2678 1733 2732 doctrina
1771 2685 1824 2731 et
1849 2677 2050 2730 virtute

472 2778 845 2840 praestantem,
894 2770 994 2824 hac
1027 2787 1130 2822 una
1172 2769 1226 2822 in
1257 2785 1315 2823 re
1354 2768 1688 2832 claudicare,
1728 2783 1837 2837 quo
1867 2769 2050 2821 minus

471 2863 541 2918 ad
586 2877 856 2918 summam
905 2860 1290 2932 perfectionem
1336 2861 1663 2930 perveniret,
1713 2860 1821 2914 Deo
1867 2859 2046 2914 visum

469 2962 574 3010 est.
602 2952 865 3009 Homines
891 2955 1034 3006 enim
1061 2953 1135 3006 illi
1166 2965 1342 3016 erant,
1383 2963 1436 3006 et
1461 2951 1719 3006 humanis
1748 2952 2052 3006 allec-tioni-

2090 1723 2132 1776 Β

469 3048 575 3104 bus
603 3047 848 3103 obnoxii.
905 3065 924 3099 ι
961 3044 1086 3100 Haec
1127 3047 1408 3101 excusatio
1442 3046 1605 3100 etiam
1638 3061 1736 3115 pro
1759 3045 1938 3100 Attico
1968 3043 2050 3098 af-
2075 3083 2120 3140 ο

469 3140 598 3196 ferri
630 3147 826 3209 potest.

541 3231 629 3286 I4.
671 3229 915 3300 Denique
942 3229 1322 3285 Tillemontius
1349 3229 1545 3284 ibidem
1578 3245 1699 3300 pag.
1731 3229 1826 3283 9.8l
1859 3244 1926 3283 ex
1957 3244 2049 3283 eo-

467 3324 592 3380 dem
633 3323 942 3394 NicephOro
987 3323 1214 3379 Callisto
1251 3331 1458 3386 narrat,
1503 3323 1779 3391 quomodo
1828 3327 2046 3375 tandem

470 3418 528 3474 S.
582 3418 814 3490 Cyrillus
852 3432 1048 3472 nomen
1091 3417 1148 3471 S.
1196 3415 1573 3487 Chrysostomi
1625 3415 1800 3470 sacris
1846 3414 2047 3468 tabulis

469 3513 781 3576 inseruerit,
823 3522 880 3566 ut
921 3528 1019 3566 nos
1058 3511 1122 3564 ad
1163 3511 1304 3564 diem
1339 3525 1504 3563 xxvut
1536 3507 1783 3562 Januarii
1815 3508 1868 3561 in
1899 3507 2047 3562 Actis

470 3603 529 3659 S.
556 3604 742 3676 Cyrilli
767 3604 794 3676 §
824 3603 856 3657 6
884 3604 1188 3657 retulimus.
1216 3601 1320 3656 Sed
1342 3601 1722 3655 Tillemonlius
1747 3600 1945 3655 ibidem
1979 3599 2048 3654 de

468 3709 571 3750 suo
594 3695 765 3760 addit,
801 3693 1063 3764 Cyrillum
1089 3693 1231 3746 haud
1260 3689 1544 3745 dilliculter
1565 3689 1868 3744 obtinuisse
1892 3703 2046 3744 com-

469 3789 784 3843 munionem
837 3786 1092 3841 Ecclesia:
1150 3783 1431 3842 Romanae,
1483 3782 1571 3836 cui
1633 3790 1763 3836 tunc
1816 3788 2046 3850 praeerat

466 3876 743 3942 Zosimus,
779 3877 947 3930 missa
984 3874 1127 3928 haud
1164 3872 1328 3928 dubie
1363 3871 1592 3926 Romam
1624 3872 1911 3942 legatione.
1937 3868 2045 3925 Sed

465 3968 648 4026 nullos
684 3968 848 4037 hujus
905 3965 1194 4037 legationis
1231 3971 1398 4018 testes
1428 3972 1524 4017 aut
1571 3963 1784 4017 tabulas
1824 3964 2040 4032 allegat,

465 4060 611 4116 sicut
641 4070 822 4114 tamen
855 4059 908 4112 in
941 4057 1063 4112 aliis
1105 4058 1361 4110 Historia:
1393 4069 1506 4109 suae
1535 4052 1909 4107 ecclesiastica:
1939 4069 2044 4105 mo-

464 4153 726 4206 numentis
768 4152 966 4220 ubique
1011 4151 1199 4206 sedqu
1239 4149 1417 4205 facere
1470 4138 1778 4204 consuevit.
1813 4146 1926 4202 Hoc
1961 4146 2040 4202 si-

463 4243 632 4299 lentio
664 4243 942 4310 indicavit,
978 4259 1099 4298 sese
1138 4242 1436 4297 Romanam
1487 4243 1676 4313 Cyrilli
1714 4239 2038 4311 legationem

461 4351 734 4405 nusquam
763 4336 902 4405 apud
934 4345 1142 4391 veteres
1160 4336 1455 4404 scriptores
1479 4334 1772 4398 invenisse,
1807 4346 2038 4402 eamque

2167 474 2312 529 diam
2344 489 2509 548 atque
2553 481 2894 548 largitionem
2937 492 3046 537 tam
3092 485 3353 554 proclivis
3394 484 3518 551 fuit,
3549 499 3609 543 ut
3639 508 3736 548 non

2167 566 2332 620 modo
2367 567 2467 632 eis,
2509 569 2604 638 qui
2646 571 2699 625 in
2736 573 2993 642 parmciis
3019 574 3139 643 ejus
3179 585 3358 642 erant,
3403 578 3590 647 egenis
3626 597 3736 648 pro-

2165 656 2457 711 videndum
2510 661 2752 724 duceret,
2791 663 2882 717 sed
2935 665 3097 717 etiam
3139 664 3336 718 vicinis
3366 666 3733 725 Constantino-

2164 749 2272 816 poli
2295 747 2557 805 Ecclesiis
2584 755 2872 821 pecuniam
2912 755 3139 808 multam
3172 757 3238 810 ad
3275 773 3579 828 pauperum
3619 777 3733 816 Cott-

2164 839 2489 894 solationcm
2544 843 2800 900 mitteret.
2850 863 2869 896 ι
2926 845 3161 901 Easdem
3216 848 3272 902 S.
3315 851 3479 904 Attici
3525 852 3732 908 virtutes

2163 929 2258 983 lib.
2312 945 2407 994 vn,
2446 946 2565 1002 cap.
2609 934 2699 997 25,
2733 946 2999 1017 memorat
3052 937 3330 1003 Socrates,
3373 956 3537 1010 quem
3573 950 3729 995 tann-n

2163 1021 2545 1080 Tillemontius
2607 1027 2869 1096 explodit.
2942 1027 3114 1083 Porro
3191 1029 3335 1085 idem
3411 1030 3730 1102 Nicephorus

2162 1114 2259 1168 III).
2321 1132 2434 1179 xrv,
2495 1133 2616 1187 cap.
2661 1118 2773 1184 ‘25,
2826 1119 3038 1184 innuit,
3112 1121 3356 1175 Atticum
3431 1138 3556 1176 vere
3621 1139 3728 1177 Cllill

2164 1205 2222 1259 S.
2256 1207 2658 1277 Chrysostomo
2692 1221 2914 1265 mortuo
2937 1211 2990 1264 in
3024 1213 3254 1282 gratiam
3287 1213 3536 1280 rediisse,
3567 1216 3732 1269 talem-

2159 1310 2266 1364 que
2318 1295 2489 1352 fuisse
2533 1298 2682 1358 illius.
2728 1301 3166 1357 emendationem
3215 1318 3281 1359 ac
3332 1306 3726 1374 paenitentiam,

2165 1407 2183 1439 ι
2214 1396 2272 1443 ut
2297 1390 2778 1458 reprehensionem
2824 1409 2967 1459 eam,
3004 1410 3110 1464 qua
3151 1397 3430 1464 expetitus
3466 1411 3575 1463 esr,
3601 1401 3728 1468 quod

2157 1479 2384 1536 Joannis
2424 1494 2720 1540 sectatores
2762 1487 2904 1541 male
2943 1489 3238 1557 acceperit,
3285 1506 3316 1545 a
3359 1505 3420 1546 se
3461 1494 3726 1558 amolitus,

2157 1565 2279 1630 aliis
2317 1577 2650 1633 obvelaverit
2694 1581 2874 1635 bonis.
2919 1599 2938 1632 ι
2979 1579 3120 1646 Quid
3161 1598 3290 1653 ergo
3335 1585 3583 1654 peccavit
3621 1585 3729 1639 Bol-

2157 1669 2376 1738 landus,
2415 1673 2545 1726 dum
2587 1674 2742 1729 initio
2775 1675 3166 1729 Commentarii
3203 1678 3286 1731 sui
3321 1678 3479 1741 dixit,
3527 1679 3583 1732 S.
3615 1680 3731 1732 Atti-

2163 1780 2286 1818 cum
2328 1764 2558 1819 crimina
2590 1765 2807 1835 injustae
2835 1783 2949 1822 sua:
2989 1771 3386 1838 persecutionis
3431 1785 3494 1826 ac
3528 1771 3727 1842 illegiti-

2162 1871 2266 1910 ma:
2299 1857 2598 1912 invasiouis
2639 1860 2957 1927 pwnitentia
3003 1870 3057 1916 et
3088 1872 3234 1917 recte
3263 1862 3425 1918 factis
3453 1865 3727 1933 expiasse?

2234 1947 2320 2002 16.
2363 1947 2708 2017 Nicephorus
2729 1951 2966 2022 denique
2982 1955 3206 2009 citatum
3230 1967 3394 2025 caput
3419 1956 3489 2010 25
3516 1958 3588 2010 ita
3612 1973 3727 2012 con-

2163 2039 2367 2095 cludit:
2411 2060 2428 2092 ι
2463 2039 2733 2096 Caeterum
2779 2059 2903 2098 cum
2937 2045 3150 2100 Atticus
3196 2063 3416 2117 quoque
3455 2049 3726 2118 episcopus

2162 2144 2383 2205 propter
2397 2133 2680 2190 Joannilas
2705 2135 2998 2192 Ecclesium
3017 2155 3137 2194 esse
3163 2139 3394 2194 scissam
3429 2141 3650 2204 videret,
3670 2141 3726 2194 de

2162 2227 2470 2296 principum
2523 2227 2793 2280 sententia
2827 2229 2942 2298 ipse
2966 2244 3185 2299 quoque
3226 2232 3557 2284 mentionem
3593 2232 3724 2284 illius

2161 2319 2277 2372 fieri
2306 2320 2357 2372 in
2391 2320 2803 2388 precationibus
2828 2319 3018 2389 jussit,
3041 2321 3505 2390 quemadmodum
3531 2321 3579 2374 id
3605 2334 3654 2375 et
3679 2322 3721 2374 iu

2160 2409 2283 2463 aliis
2317 2409 2612 2479 episcopis,
2643 2409 2737 2480 qui
2795 2412 2900 2463 vita
2933 2411 3332 2474 excessissent,
3365 2412 3478 2465 fieri
3517 2412 3721 2466 solitum

2158 2509 2295 2556 erat.
2319 2505 2494 2571 Atque
2521 2518 2588 2556 ex
2613 2517 2679 2557 eo
2711 2511 2954 2571 tempore
2981 2517 3084 2571 pax
3099 2503 3326 2565 exstitit,
3353 2504 3525 2559 donec
3549 2514 3720 2574 postea

2161 2608 2380 2662 quoque
2423 2594 2668 2663 reliquiae
2709 2594 2828 2663 ejus
2873 2594 2994 2646 urbi
3038 2595 3325 2664 imperanti
3376 2595 3535 2648 illatae
3583 2605 3715 2648 sunt.

2159 2683 2374 2738 Atticus
2418 2685 2704 2747 invidiam,
2756 2684 2810 2737 iu
2845 2700 3009 2754 quam
3038 2697 3258 2755 propter
3300 2687 3540 2741 divinum
3567 2685 3713 2740 Joan-

2159 2791 2283 2829 nem
2313 2775 2610 2841 deciderat,
2662 2775 2768 2830 hoc
2803 2777 2966 2830 modo
3014 2777 3299 2846 magnifice
3336 2778 3585 2832 abolevit.
3619 2775 3717 2831 Nec

2159 2866 2249 2920 ille
2278 2867 2442 2920 modo
2469 2869 2521 2920 id
2551 2867 2715 2934 fecit;
2746 2867 2839 2921 sed
2876 2867 2998 2921 aliis
3027 2883 3245 2937 quoque
3270 2866 3495 2923 Joannis
3521 2884 3711 2922 memo-

2159 2960 2296 3014 riam
2327 2961 2582 3030 precibus
2614 2961 2854 3016 inscrere
2876 2961 3280 3023 recusantibus,
3303 2969 3357 3014 et
3382 2960 3583 3032 Cyrillo
3611 2978 3713 3030 gna-

2160 3055 2304 3108 xime
2340 3052 2685 3108 Alexandriae
2729 3054 2971 3124 prmsuli,
3007 3053 3103 3122 qui
3157 3053 3424 3107 hostiliter
3470 3051 3714 3108 Joannem

2153 3145 2363 3212 oderat,
2403 3145 2549 3215 quod
2596 3145 2686 3198 ille
2720 3160 2750 3199 a
2794 3144 3098 3214 'I‘heophilo
3147 3154 3343 3214 patruo
3387 3160 3488 3199 suo
3520 3144 3714 3199 disse-n-

2152 3239 2338 3304 sisset,
2391 3237 2680 3308 persuasit.
2735 3257 2753 3290 »
2805 3238 2943 3291 Tum
3001 3237 3342 3301 Nicephorus
3384 3237 3712 3306 sequentibus

2151 3329 2424 3399 capitibus
2473 3329 2666 3383 recitat
2701 3328 2906 3382 litteras
2953 3327 3114 3382 Attici
3153 3337 3202 3382 et
3232 3327 3440 3398 Cyrilli,
3480 3328 3616 3381 ultro
3648 3327 3704 3380 ci-

2151 3430 2344 3491 troque
2376 3421 2430 3474 in
2458 3420 2561 3475 hac
2595 3435 2761 3474 causa
2799 3419 3053 3488 scriptas,
3091 3435 3156 3472 ex
3202 3419 3400 3489 quibus
3441 3417 3711 3496 Tillemou-

2151 3516 2262 3569 tius
2309 3526 2458 3569 tomo
2505 3512 2597 3566 XII
2633 3511 2962 3565 Monument.
2999 3511 3186 3565 eccles.
3230 3528 3356 3581 pag.
3402 3511 3508 3566 416
3542 3511 3706 3572 infert,

2153 3611 2394 3664 Atticum
2419 3607 2643 3675 reliquis
2669 3606 2787 3660 suis
2809 3606 3051 3674 peccatis
3074 3604 3349 3658 addidisse
3373 3605 3704 3674 hypocrisin),

2151 3701 2195 3756 si
2234 3701 2286 3753 in
2319 3700 2502 3754 animo
2535 3697 2788 3752 habuerit
2818 3712 3000 3758 sensa,
3039 3713 3160 3764 qua:
3188 3696 3240 3748 in
3261 3696 3384 3750 istis
3418 3696 3607 3750 litteris
3627 3709 3706 3748 εις
3798 3733 3799 3776 ξ

2148 3792 2368 3863 pressit.
2399 3791 2602 3844 Durum
2635 3787 3229 3857 enimverojudiciuml

2221 3883 2307 3938 l7.
2354 3883 2592 3953 lngenue
2621 3882 2817 3949 fateor,
2849 3898 2914 3936 ex
2940 3882 3153 3936 duabus
3191 3881 3250 3935 S.
3287 3880 3452 3935 Attici
3482 3880 3704 3950 epistolis
3798 3887 3799 3958 ξ

2146 3977 2464 4031 nonnullam
2519 3974 2890 4030 dimcultatem
2941 3974 3147 4029 moveri
3187 3989 3367 4043 posse,
3395 3989 3520 4030 cum
3559 3975 3608 4027 in
3648 3973 3703 4026 iis
3798 4047 3799 4050 η

2145 4069 2431 4139 signiticet,
2493 4083 2552 4123 se
2597 4069 2793 4121 timore
2846 4077 2902 4122 et
2951 4067 3278 4121 necessitate
3323 4067 3502 4134 potius
3551 4080 3696 4134 quam

2145 4175 2332 4215 amore
2375 4168 2470 4212 aut
2510 4159 2828 4229 poenitentia
2864 4158 3163 4232 inductum
3193 4157 3381 4221 fuisse,
3427 4166 3485 4210 ut
3515 4168 3699 4210 memo-

2144 4253 2281 4306 riam
2304 4249 2361 4305 S.
2385 4249 2614 4305 Joannis
2633 4250 3012 4321 Chrysostomi
3032 4250 3084 4303 in
3099 4249 3370 4320 diptychis
3401 4249 3695 4303 celebraret.

2142 4345 2410 4400 Praeterea
2451 4345 2685 4408 Atticus,
2735 4345 2789 4398 in
2831 4343 3072 4412 Epistola
3107 4344 3175 4396 ad
3211 4343 3430 4396 Petrum
3453 4353 3503 4396 et
3537 4341 3696 4395 Aid:-

462 4429 724 4484 duntaxat
753 4427 1004 4482 intulisse
1035 4443 1064 4479 a
1098 4426 1413 4496 posteriori,
1453 4427 1579 4496 quia
1616 4425 1866 4479 videlicet
1897 4424 2037 4477 inter
2068 4454 2112 4509 ι)
2141 4439 2278 4492 siam
2318 4438 2568 4490 άξασοηοε
2615 4435 2838 4506 scripta,
2887 4435 3114 4489 inﬂuere
3153 4435 3388 4498 videtur,
3419 4434 3695 4503 depositio.

459 4519 866 4575 communionis
898 4527 953 4574 et
988 4519 1142 4589 pacis
1167 4519 1512 4573 conditiones
1545 4534 1575 4572 a
1605 4516 1869 4571 Romanis
1899 4530 2036 4584 pon-

460 4611 700 4667 tiﬁcibus
730 4611 1132 4681 requirebatur.
1158 4609 1522 4665 Adversarius
1554 4609 1717 4672 igitur
1747 4623 1855 4661 non
1895 4621 2036 4674 aegre

456 4704 596 4758 ferat
634 4717 736 4758 nos
775 4701 1027 4772 superius
1071 4699 1263 4756 eodem
1313 4699 1617 4770 argumenti
1663 4712 1858 4767 genere
1905 4712 2036 4751 usos

455 4812 598 4860 esse,
635 4806 795 4866 atque
826 4812 855 4850 a
898 4795 1190 4866 posteriori
1217 4793 1526 4862 collegisse,
1566 4791 1711 4862 quod
1740 4789 1798 4844 S.
1821 4789 2034 4846 Atticus

457 4892 474 4958 (
501 4889 662 4960 cujus
691 4890 880 4943 saltem
913 4888 1190 4942 Romanas
1227 4887 1522 4956 legationes
1582 4891 1812 4938 testatur
1857 4883 2035 4939 Theo-

454 4981 700 5048 doretus)
733 4978 1061 5035 satisfecerit
1087 4979 1344 5036 omnibus
1373 4977 1796 5041 conditionibus,
1828 4992 1947 5048 quae
1966 4977 2034 5032 ab

458 5069 774 5125 Innocentio
801 5072 1055 5138 pontilice
1087 5070 1460 5141 exigebantur.

534 5159 623 5214 15.
678 5159 734 5213 Si
779 5159 1156 5217 Tillemontius
1193 5162 1248 5216 in
1290 5177 1457 5218 causa
1507 5162 1565 5216 S.
1607 5161 1792 5234 Cyrilli
1824 5169 2029 5215 tantam

456 5254 834 5310 auctoritatem
856 5254 1056 5308 tribuat
1081 5253 1388 5324 Nicephoro
1415 5255 1661 5320 Callisto,
1695 5256 1854 5311 nobis
1868 5257 2029 5310 etiam

457 5347 581 5402 licet
593 5347 842 5402 eumdem
863 5355 1138 5401 auctorem
1158 5347 1412 5418 allegare,
1428 5349 1521 5418 qui
1547 5349 1640 5402 lib.
1659 5365 1770 5416 xw,
1793 5363 1912 5417 cap.
1938 5347 2028 5414 24,

456 5440 695 5495 Atticum
747 5440 821 5494 ita
871 5439 1054 5494 laudat
1104 5457 1116 5492 :
1175 5460 1193 5493 ι
1242 5441 1454 5496 Atticus
1507 5452 1686 5495 autem
1739 5441 2031 5511 episcopus

453 5532 1130 5602 Constantinopolitanus,
1173 5543 1232 5590 ut
1271 5533 1511 5589 Ecclesia
1561 5533 1896 5589 incrementa
1930 5549 2029 5588 sua

453 5635 693 5695 caperet,
728 5625 960 5682 mirifice
996 5642 1216 5699 operam
1249 5624 1423 5682 dedit:
1467 5642 1682 5682 summa
1722 5627 1866 5682 enim
1899 5642 2030 5696 pru-

451 5721 636 5775 dentia
666 5736 783 5778 eam
811 5722 1223 5787 administrans,
1267 5721 1524 5777 continua
1565 5720 1812 5776 doctrina
1853 5736 2027 5794 popu-

2140 4545 2261 4584 nem
2294 4528 2677 4598 Chrysostomi
2704 4526 2757 4580 in
2787 4526 3239 4597 pseudo-synodo
3278 4526 3609 4592 Quercetana
3631 4526 3694 4578 le-

2138 4623 2385 4693 gitimam‘
2419 4622 2610 4684 fuisse.
2651 4619 2756 4675 Sed
2783 4634 2910 4673 cum
2937 4620 3136 4688 scripta
3158 4627 3212 4674 et
3238 4627 3386 4688 gesta
3420 4619 3690 4672 illustrium

2137 4725 2232 4767 aut
2262 4721 2579 4768 sanctorum
2615 4713 2861 4766 virorum
2925 4725 3143 4778 semper
3175 4709 3229 4763 in
3276 4709 3557 4762 meliorem
3589 4723 3694 4778 par-

2139 4788 2593 4872 tem-explicanda
2631 4803 2762 4866 sint,
2802 4801 3073 4870 imprimis
3106 4799 3372 4868 suspicari
3405 4815 3692 4869 possemus.

2133 4897 2372 4951 Atticum
2413 4895 2568 4948 initio
2596 4894 2965 4958 existimasse,
2995 4892 3138 4962 quod
3174 4893 3239 4945 ad
3274 4907 3432 4945 suam
3471 4892 3695 4946 reconci-

2134 4987 2411 5042 liationem
2437 4997 2489 5042 et
2513 4986 2879 5041 Ecclesiarum
2904 5000 3092 5054 pacem
3125 4981 3415 5045 sufficeret,
3442 4984 3486 5038 si
3515 4997 3691 5037 nomen

2133 5078 2510 5150 Chrysostomi
2538 5075 3030 5146 quomodocunque
3066 5073 3240 5128 sacris
3271 5073 3473 5127 tabulis
3515 5074 3692 5125 insere

2132 5180 2234 5226 ret.
2259 5169 2351 5225 Sic
2379 5171 2552 5241 potuit
2582 5169 2639 5222 S.
2663 5167 2892 5239 Cyrillo,
2917 5183 3078 5236 quem
3103 5165 3300 5220 Joanni
3321 5164 3689 5236 CIII‘)SOSIO|JIO

2131 5263 2369 5318 maxime
2411 5261 2688 5317 adversari
2738 5268 2983 5323 noverat,
3029 5258 3171 5312 hane
3216 5256 3517 5310 molliorem
3559 5256 3687 5324 pacis

2131 5354 2495 5411 conditionem
2525 5365 2850 5421 prouenere,
2870 5358 2928 5404 ut
2958 5365 3077 5404 eam
3109 5348 3323 5403 facilius
3351 5347 3686 5416 amplectere-

2130 5456 2238 5501 tur.
2268 5447 2336 5498 At
2361 5444 2485 5513 quis
2523 5451 2750 5507 asseret,
2785 5441 2932 5495 illam
2962 5440 3123 5494 Attici
3152 5439 3476 5509 hypothesin
3501 5439 3567 5491 ab
3596 5437 3681 5489 Ec-

2129 5537 2295 5592 clesia
2354 5533 2599 5589 Romana
2660 5532 2940 5602 probatam
2998 5531 3203 5586 fuisse?
3248 5529 3410 5585 Forte
3459 5531 3569 5584 haec
3595 5527 3680 5582 fuit

2129 5630 2304 5700 prima
2341 5627 2491 5697 pacis
2531 5610 2793 5690 conditio,
2839 5639 3004 5694 quam
3046 5623 3259 5678 Atticus
3290 5623 3404 5678 sedi
3447 5621 3677 5677 Romana

2128 5723 2346 5788 obtulit,
2397 5729 2450 5775 et
2491 5728 2686 5790 praeter
2719 5733 2882 5788 quam
2929 5716 3171 5772 Ecclesia
3205 5715 3449 5772 Romana
3484 5716 3550 5770 ab
3576 5715 3672 5785 ipso
