3842 6350
131 339 264 396 645
1661 343 1742 400 NG

1855 345 1942 400 [ἹΑ
1955 389 1967 402 .
3356 353 3462 411 610

133 451 300 507 alias
345 453 548 523 exegit,
591 467 715 524 qua:
759 455 1048 526 tmplendze
1090 466 1268 523 erant,
1311 465 1602 528 antequam
1653 475 1765 516 sua:
1795 469 1842 524 Α
1869 462 2046 518 adhuc
2075 479 2302 520 erronec
2330 467 2602 536 putaverit
2643 481 2882 523 canones
2906 469 3306 526 ecclesiasticos
3335 487 3462 542 pos-

131 545 550 599 communioni
577 545 962 602 restitueretur
997 567 1009 603 :
1043 547 1172 602 dum
1208 551 1352 604 enim
1387 549 1760 607 Tlteodoretus

135 635 380 699 scribit,
413 637 657 692 Atticum
695 655 716 692 ι
753 649 876 710 post
912 641 1113 695 rnnltas
1159 643 1461 711 legationes
1514 659 1579 698 ac
1611 645 1762 714 pacis

131 729 466 798 petitiones
497 735 716 788 tandem
763 754 782 787 ι
821 735 891 790 ab
935 735 1378 792 Occidentalibus
1417 737 1482 792 ad
1510 752 1759 794 commu-

133 819 389 876 nionem
450 823 756 880 admissum
815 825 1029 892 fuisse,
1087 827 1226 882 satis
1278 827 1521 892 indicat,
1578 829 1761 897 plures

131 910 424 982 utrinque
483 915 790 984 propositas
836 914 1010 970 fuisse
1056 917 1422 981 conditiones,
1467 925 1760 988 antequam

132 1007 310 1060 inter
339 1008 587 1064 Atticum
633 1019 687 1064 et
734 1008 1038 1064 Romanam
1073 1011 1372 1066 Ecclesiant
1423 1013 1758 1067 conveniret.

221 1100 326 1155 18.
371 1101 550 1168 Adde,
597 1103 744 1172 quod
780 1105 883 1174 ipsi
928 1104 1235 1158 Orientales
1276 1102 1516 1158 Atticum
1562 1106 1762 1158 exhor-

133 1193 246 1247 ιειὶ
307 1192 538 1258 fuerint,
587 1205 646 1250 ut
684 1195 1071 1252 defensoribus
1118 1195 1346 1251 Joannis
1381 1196 1758 1267 Cbrysostomi

131 1299 280 1340 sese
315 1289 722 1343 reconciliaret.
775 1289 833 1344 ld
872 1289 1162 1345 manifeste
1197 1290 1506 1360 colligimus
1553 1306 1616 1344 ex
1653 1289 1758 1361 Sy-

131 1378 340 1442 ncsio,
379 1381 643 1450 episcopo
678 1380 942 1452 Cyrenaeo
970 1393 1022 1436 et
1054 1395 1275 1436 auctore
1309 1381 1759 1453 syncbrono,qui

131 1471 458 1526 occasione
512 1467 796 1542 eujusdam
839 1473 1157 1540 Alexandri,
1207 1489 1370 1544 quem
1421 1473 1477 1528 S.
1518 1472 1759 1529 Joannes

133 1559 598 1632 Cbrysostomus
637 1565 1143 1636 Basinopolitanum
1193 1568 1509 1638 cpiscotium
1559 1583 1758 1623 conse-

131 1663 437 1715 craverat,
464 1653 622 1722 epist.
652 1654 721 1709 66
752 1656 820 1708 ad
853 1655 1206 1722 Theotimum,
1235 1668 1360 1727 post
1391 1659 1496 1712 alia
1528 1659 1608 1714 sic
1632 1658 1761 1714 scri-

131 1739 226 1797 bit
259 1762 274 1795 :
318 1761 340 1796 ε
379 1745 520 1800 Cum
552 1745 764 1803 Joanne
799 1749 1058 1805 defuncto
1105 1751 1480 1806 familiaritate
1529 1751 1760 1821 conjun-

1863 553 2097 609 sessioni
2133 571 2245 610 sua:
2275 555 2475 612 favere.
2514 557 2582 609 At
2620 571 2685 611 eo
2737 566 2980 628 tempore
3015 559 3074 614 S.
3119 560 3354 631 Cyrillus
3398 563 3454 616 in

1861 644 2050 698 eodem
2097 661 2282 701 errore.
2329 649 2670 712 versabatur,
2702 649 2778 717 ξιιι
2821 659 2971 720 patet
3003 666 3070 705 ex
3113 653 3456 720 responsoria

1862 737 2010 794 illius
2059 739 2128 792 ad
2159 741 2394 794 Atticum
2425 739 2694 810 Epistola,
2741 757 2864 812 quae
2909 744 3050 813 apud
3087 741 3457 814 Nicephorum

1861 829 2144 887 Callistum
2188 832 2280 886 lib.
2355 848 2480 898 xiv,
2519 847 2637 902 cap.
2675 832 2768 896 2'7,
2803 834 2882 888 sic
2929 836 3120 906 incipit
3155 852 3167 887 :
3199 854 3217 886 ι
3255 836 3456 904 Lectis,

1861 934 1983 988 quae
2013 935 2042 974 a
2060 921 2258 990 pietate
2280 929 2371 974 tua
2397 921 2460 974 ad
2489 935 2576 974 me
2603 919 2786 976 missa:
2809 933 2957 984 sunt,
2984 923 3199 987 litteris,
3224 923 3458 981 Joannis

1863 1025 2062 1065 nomen
2101 1011 2275 1066 sacris
2309 1011 2634 1081 inscriptum
2667 1028 2788 1068 esse
2831 1015 3027 1069 tabulis
3059 1016 3319 1072 intellexi.
3355 1015 3455 1072 Ubi

1833 1093 1991 1157 ‘vero
2017 1119 2132 1169 eos,
2165 1104 2258 1172 qui
2285 1104 2410 1158 inde
2455 1104 2528 1158 ad
2575 1119 2676 1158 nos
2705 1119 2919 1172 venere,
2951 1106 3300 1178 interrogavi,
3345 1124 3454 1163 non

1862 1194 1917 1248 in
1961 1194 2224 1249 laicorum
2280 1195 2374 1249 sed
2422 1195 2806 1265 episcOporum
2861 1197 3106 1267 catalogo
3155 1199 3454 1268 ascriptum

1862 1301 1984 1342 esse
2009 1287 2224 1344 audivi.
2256 1285 2430 1341 Porro
2460 1288 2779 1356 despicienti
2820 1289 2974 1352 mihi,
3004 1301 3164 1358 atque
3193 1290 3242 1343 in
3271 1291 3456 1344 animo

1861 1378 2156 1448 reputanti,
2205 1394 2272 1432 an
2314 1378 2406 1448 qui
2445 1379 2551 1434 boc
2597 1379 2795 1444 fecere,
2841 1378 3184 1434 Nicarnorum
3231 1380 3453 1435 Patrum

1862 1467 2082 1522 decreta
2130 1477 2452 1537 sequantur,
2486 1479 2538 1524 et
2571 1469 2969 1536 aliquantulum
3005 1471 3202 1526 mentis
3233 1472 3456 1532 lumini-

1861 1559 1965 1613 bus
2007 1561 2062 1613 in
2099 1575 2349 1630 magnam
2381 1559 2525 1614 illam
2573 1561 2840 1632 synodum
2877 1562 3202 1628 intendenti,
3229 1563 3455 1616 univer-

1861 1666 1984 1706 sum
2019 1661 2332 1706 sanctorum
2371 1651 2590 1706 illorum
2641 1651 2862 1706 Patrum
2893 1653 3181 1722 collegium
3220 1654 3454 1722 quibus-

1863 1742 1987 1798 dam
2015 1743 2179 1797 veluti
2211 1743 2386 1798 oculis
2430 1759 2678 1807 renuere,
2707 1751 2760 1796 et
2795 1743 3004 1797 viribus
3035 1743 3317 1806 omnibus,
3343 1757 3454 1812 quo

132 1843 280 1888 ctus
303 1845 430 1902 est;
470 1837 773 1893 bonoretur
803 1841 946 1894 enim
977 1858 1008 1895 a
1037 1843 1192 1896 nobis
1223 1843 1488 1897 memoria
1529 1843 1742 1909 mortui,

1859 1833 2042 1888 minus
2069 1835 2132 1888 ad
2169 1849 2284 1888 rem
2321 1849 2442 1887 eam
2472 1834 2937 1902 eomprobandam
2965 1848 3276 1898 accurram,
3307 1833 3431 1888 obsi

132 1926 286 1992 quia
314 1929 505 1982 omnis
529 1929 908 1984 malevolentia
957 1947 1080 1986 cum
1113 1933 1216 1986 bac
1245 1933 1357 1986 vita
1392 1949 1500 1987 una
1530 1933 1758 2003 deponi—

135 2025 260 2071 tur.
307 2017 454 2074 Cum
513 2037 582 2076 eo
627 2023 997 2078 familiaritate
1043 2026 1408 2094 conjunctus.
1463 2037 1754 2096 antequam

135 2105 425 2167 Ecclesia:
451 2113 722 2169 seditione
744 2115 1208 2183 conﬂictarentur,
1231 2117 1300 2172 ab
1330 2118 1477 2172 illius
1500 2119 1756 2175 manibus

135 2201 459 2272 episcopus
491 2205 804 2262 declaratus
852 2219 935 2262 est
981 2207 1336 2280 Bithynorum
1387 2209 1752 2280 Basinopolis.

133 2291 528 2366 Posteaquam
571 2307 752 2354 autem
779 2311 898 2355 orta
924 2311 1003 2356 est
1029 2302 1326 2369 dissensio,
1359 2307 1657 2372 permansit
1681 2307 1752 2371 ei,

135 2399 172 2441 ι
205 2401 332 2456 quo
365 2389 690 2458 designatus
723 2390 916 2454 fuerat,
954 2393 1187 2460 amicus,
1215 2401 1269 2448 et
1301 2393 1402 2448 fuit
1427 2411 1490 2448 ex
1522 2396 1630 2452 illis
1660 2399 1754 2468 qui

135 2476 198 2530 in
231 2479 515 2534 seditione
538 2480 660 2549 ejus
689 2491 872 2551 partes
896 2485 1067 2537 secuti
1100 2493 1248 2539 sunt.
1269 2483 1632 2556 Posteaquam
1658 2504 1756 2544 au-

137 2578 258 2624 tem
283 2571 510 2626 concilii
535 2575 800 2628 sententia
827 2575 956 2630 vicit
981 2615 995 2640 ,
1022 2577 1340 2646 aliquandiu
1374 2580 1594 2647 quidem
1632 2597 1756 2651 per-

135 2662 364 2716 mansit
417 2664 633 2719 seditio.
679 2664 818 2730 Quid
854 2682 982 2720 vero
1010 2682 1226 2721 narrem
1251 2669 1464 2734 scienti,
1495 2670 1603 2724 imo
1631 2672 1752 2740 ipsi,

137 2753 244 2823 qui
280 2753 702 2808 administravit
727 2756 1163 2812 conciliationem
1193 2759 1388 2813 factam
1407 2761 1430 2812 ?
1447 2759 1752 2816 Praesertim

135 2859 274 2898 cum
299 2845 599 2914 quemdam
619 2846 859 2901 libellum
875 2847 1094 2918 legerim
1115 2849 1526 2920 doctum,quem
1543 2853 1606 2905 ad
1627 2853 1754 2907 bea-

141 2941 288 3000 tum,
329 2935 390 2988 ni
423 2934 604 2999 fallor,
635 2936 872 2991 Atticum
912 2939 1211 3004 scribebas,
1245 2941 1470 2997 hortans
1503 2943 1650 2996 illum
1686 2943 1753 2996 ad

139 3028 532 3096 receptionem
566 3029 782 3083 illorum
815 3030 1078 3092 virorum,
1107 3049 1126 3082 ι
1156 3033 1248 3101 qui
1277 3033 1531 3088 videlicet
1571 3044 1753 3104 partes

137 3114 540 3188 Chrysostumi
599 3121 987 3190 sequebantur.
1045 3121 1206 3177 Forte
1228 3122 1462 3188 Atticus,
1499 3124 1584 3180 bis
1610 3125 1755 3179 aliis-

141 3223 254 3280 que
287 3209 661 3266 Orientalium
688 3213 989 3268 amicorum
1032 3217 1506 3270 exhortationibus
1543 3228 1749 3284 motus,

139 3313 350 3370 postea
387 3303 660 3357 sinceram
688 3319 813 3358 cum
866 3305 1172 3363 fautoribus
1202 3308 1582 3380 Chrysostumi
1616 3313 1754 3366 ami-

141 3389 342 3446 citiam
379 3393 530 3457 iniit,
566 3401 619 3447 ct
643 3395 800 3464 plene
837 3396 1102 3453 satisfecit
1138 3401 1544 3457 conditionibus
1568 3443 1582 3468 ,
1615 3419 1753 3472 quas

141 3483 406 3542 Romana
425 3487 670 3544 Ecclesia
704 3490 772 3544 ab
801 3490 919 3560 ipso
942 3492 1210 3563 exigebat.
1246 3491 1303 3548 Si
1329 3493 1442 3549 [nec
1469 3496 1752 3566 conjectu-

141 3595 206 3634 ra
243 3589 446 3635 nostra
477 3597 586 3636 non
624 3584 818 3653 placet,
846 3585 1075 3640 alteram
1109 3590 1522 3657 responsionem
1557 3590 1748 3646 offero.

217 3678 315 3733 i9.
343 3677 558 3734 Atticus
581 3695 648 3734 ex
669 3697 774 3735 una
800 3697 866 3751 pa
881 3692 960 3737 rte
991 3699 1090 3754 per
1119 3700 1403 3741 erroneam
1434 3687 1750 3757 opinionem

143 3773 470 3836 verebatur,
515 3781 572 3826 ut
600 3773 828 3828 colendo
874 3777 1192 3831 memoriam
1227 3777 1457 3834 Joannis
1503 3779 1750 3850 Chryso—

144 3863 320 3916 stomi
359 3863 761 3920 ecclesiasticos
786 3881 1024 3922 canones
1049 3869 1182 3924 satis
1204 3879 1394 3925 exacte
1413 3869 1747 3939 observaret;

144 3971 212 4010 ex
241 3957 422 4011 altera
453 3973 582 4012 vero
613 3957 828 4014 videbat
880 3975 940 4014 se
990 3977 1019 4014 a
1052 3965 1178 4017 sede
1225 3963 1474 4017 Romana
1530 3978 1751 4034 separa-

145 4053 292 4114 tum,
329 4058 386 4103 et
431 4047 732 4105 Ecclesiam
781 4052 998 4122 magnis
1041 4055 1544 4123 perturbationibus
1579 4057 1750 4127 agita-

147 4145 288 4202 tam,
315 4154 385 4194 eo
411 4141 558 4210 quod
601 4144 920 4198 memoriam
961 4143 1338 4218 Cbrysostomi
1364 4148 1638 4202 celebrare
1664 4164 1750 4204 re-

145 4240 399 4289 cusaret.
417 4233 553 4288 Cum
585 4234 640 4288 in
669 4235 775 4292 boc
800 4239 1056 4308 perplexo
1077 4255 1258 4294 rerum
1292 4249 1439 4296 statu
1473 4242 1566 4297 diu
1590 4243 1749 4298 dubi-

149 4325 524 4395 tasset,quid
575 4327 678 4382 sibi
727 4329 909 4398 potius
961 4329 1268 4386 faciendum
1315 4342 1480 4397 esset,
1528 4334 1746 4389 tandem

147 4420 499 4488 scrupulosa:
548 4434 819 4474 canonum
859 4421 1224 4478 observatiOni
1272 4425 1637 4482 obedientiam
1693 4434 1750 4480 et

1861 1935 2006 1981 stere
2035 1926 2308 1982 videntur.
2348 1925 2636 1992 Quomodo
2671 1941 2909 1995 namque
2951 1927 3090 1980 inter
3139 1926 3452 1981 sacerdotes

1861 2013 1954 2068 Dei
1981 2015 2312 2078 censebitur,
2343 2016 2631 2069 illorumve
2661 2014 2798 2068 feret
2823 2024 3045 2079 sortem,
3075 2017 3162 2072 cui
3191 2017 3453 2070 sacerdo-

1862 2105 1984 2159 talis
2017 2106 2254 2176 dignitas
2286 2109 2548 2176 abrOgata
2582 2106 2702 2160 est?
2741 2105 3030 2172 Quomodo
3083 2123 3212 2162 vero
3261 2107 3314 2160 in
3365 2121 3451 2160 ca-

1859 2199 2040 2268 talogo
2075 2215 2359 2254 sacrorum
2403 2201 2781 2254 ministrorum
2812 2201 2937 2266 erit,
2981 2199 3074 2270 qui
3111 2200 3450 2254 ecclesiasti-

1865 2289 1946 2345 cis
1971 2291 2247 2346 mteuibus
2273 2292 2479 2362 ejectus
2506 2293 2627 2346 est?
2656 2311 2673 2342 ι
2711 2291 2918 2346 Omitto
2957 2293 3222 2361 reliquam
3251 2291 3308 2344 S.
3342 2291 3448 2364 Cy-

1860 2382 1966 2434 rilli
2013 2382 2320 2451 epistolam,
2385 2397 2508 2451 qua:
2565 2383 2874 2437 durissimis
2907 2381 3178 2436 conttaS.
3217 2381 3447 2452 Cln'ysti-

1861 2479 2101 2524 stomum
2127 2471 2576 2540 expressionibus
2611 2487 2674 2526 ac
2702 2472 2909 2526 odiosis
2942 2473 3447 2540 comparationith

1857 2563 2016 2631 plena
2062 2571 2168 2628 est,
2222 2573 2280 2615 ut
2325 2564 2490 2617 etiam
2549 2561 2844 2619 Facundus
2895 2561 3305 2616 llerutiauensis
3345 2577 3446 2632 pro

1858 2653 2174 2724 Defensione
2194 2656 2356 2707 trium
2385 2656 2740 2723 capitulorum
2773 2656 2986 2708 conetlit
3005 2651 3446 2710 Chalcedonensis

1805 2739 1828 2748 ’
1857 2747 1955 2801 lib.
1993 2763 2063 2812 ιν,
2097 2763 2218 2816 cap.
2255 2747 2304 2812 l,
2337 2755 2460 2816 post
2497 2747 2722 2801 allatum
2762 2746 3008 2817 ejusdem
3047 2747 3292 2817 epistola:
3339 2747 3443 2802 fra-

1857 2846 2160 2907 gmentum,
2195 2838 2572 2907 conqueritur.

1927 2945 2018 3001 21.
2062 2944 2180 3000 Non
2213 2955 2298 3000 est
2327 2946 2439 3000 ullo
2473 2947 2637 3000 modo
2661 2947 2977 3010 verisimile,
3017 2946 3073 3002 S.
3124 2945 3364 3002 Atticum
3391 2945 3442 2999 in

1858 3053 1922 3094 ea
1970 3039 2227 3107 Opinione
2277 3051 2680 3107 perseverasse,
2729 3053 2854 3092 cum
2905 3037 3152 3092 Ecclesia
3199 3036 3442 3092 Romans

1858 3131 2043 3200 plures
2077 3131 2146 3184 ab
2173 3130 2291 3199 ipso
2325 3130 2562 3198 exegerit
2594 3131 2747 3199 pacis
2781 3132 3146 3195 comlitiones,
3183 3140 3242 3184 ut
3281 3145 3442 3201 supra

1858 3224 2115 3276 diximus.
2147 3224 2258 3276 ltno
2299 3223 2514 3277 etiamsi
2549 3224 2716 3291 gratis
2745 3227 3127 3286 concederem,
3169 3225 3322 3278 illum
3355 3227 3441 3278 in-

1857 3325 2016 3372 caute
2045 3315 2102 3370 in
2151 3330 2222 3369 eo
2269 3329 2455 3368 errore
2484 3315 2876 3383 permansisse,
2909 3331 2978 3369 an
3009 3325 3298 3385 propterea
3335 3325 3440 3372 sta-

1859 3409 1956 3462 tim
1993 3423 2062 3461 ex
2101 3405 2226 3460 albo
2265 3415 2582 3461 sanctorum
2625 3405 3018 3475 expungendus
3061 3403 3200 3458 erit?
3241 3403 3312 3459 Ut
3357 3404 3448 3458 hic

1855 3499 1960 3554 alia
1999 3497 2433 3568 praetermittam,
2465 3495 2746 3564 quomodo
2769 3494 2823 3548 in
2843 3501 3157 3548 sanctorum
3190 3492 3440 3562 catalogo

1855 3591 2202 3659 relinquetur
2227 3587 2280 3642 S.
2311 3588 2571 3659 Cyrillus,
2609 3587 2702 3656 qni
2734 3601 2878 3640 anno
2899 3585 2996 3638 451
3032 3586 3114 3640 vel
3134 3585 3262 3647 4'52,
3295 3593 3438 3653 post-

1855 3700 2017 3755 quam
2045 3682 2158 3752 jam
2191 3681 2282 3735 diu
2314 3695 2514 3734 nomen
2547 3678 2604 3732 S.
2635 3679 3014 3749 Chrysostumi
3055 3678 3330 3747 diptycbis
3361 3677 3437 3730 in-

1855 3785 2122 3839 seruerat,
2147 3781 2330 3828 tamen
2357 3773 2410 3825 in
2441 3770 2688 3839 Epistola
2721 3769 2791 3822 ad
2818 3771 3076 3824 Acacium
3108 3768 3456 3822 Beroemsem.

1853 3867 1928 3921 ita
1972 3866 2164 3921 scribit
2202 3882 2214 3916 :
2255 3883 2274 3916 ι
2322 3862 2454 3918 Volo
2491 3873 2672 3918 autem
2715 3873 2866 3917 tuam
2913 3863 3258 3916 sanctitatem
3311 3862 3435 3917 utile

1854 3957 2066 4030 [Lupus
2097 3967 2154 4010 ut
2195 3955 2309 4029 ille]
2338 3957 2540 4026 aliquid
2567 3969 3022 4020 commemorare,
3047 3956 3189 4025 quod
3217 3955 3281 4009 ad
3304 3970 3433 4023 pras-

1852 4068 1981 4106 sens
2006 4051 2242 4120 pertinet
2277 4057 2491 4120 tempus
2516 4065 2528 4100 :
2553 4049 2774 4118 quando
2798 4047 2942 4102 enim
2967 4047 3020 4102 in
3059 4063 3252 4118 magna
3293 4047 3436 4102 Con-

1853 4142 2418 4212 stantinopolisancta
2455 4149 2636 4196 vestra
2678 4140 2925 4211 synodus
2967 4149 3293 4212 congregata
3334 4149 3438 4207 est,

1851 4241 1984 4288 tunc
2031 4233 2254 4303 quando
2295 4231 2537 4287 Joannes
2579 4241 2664 4288 est
2711 4239 3026 4297 accusatus,
3056 4232 3253 4286 deinde
3289 4241 3438 4301 gesta

1851 4337 1978 4382 sunt
2029 4343 2194 4397 super
2236 4343 2302 4381 eo
2349 4342 2376 4378 a
2431 4324 2616 4380 multis
2662 4325 2716 4379 in
2761 4325 2971 4396 scripto
3018 4325 3438 4388 commentaria,

1850 4435 1976 4475 eum
2024 4417 2270 4473 futurum
2319 4428 2484 4486 esset,
2531 4426 2592 4471 ut
2636 4426 2826 4472 contra
2872 4433 2996 4473 ettm
3033 4419 3278 4472 definitio
3313 4434 3436 4488 pro-

147 4524 506 4564 cummunem
562 4509 819 4566 Ecclesiae
868 4528 1058 4582 pacem
1102 4515 1364 4584 przetulit,
1407 4525 1469 4571 ut
1517 4519 1744 4588 ipsemet
1777 4531 1820 4586 ι)
1851 4511 2105 4574 ferretur,
2149 4521 2204 4567 et
2252 4527 2426 4566 essem
2480 4525 2580 4578 ego
2618 4526 2759 4565 unus
2793 4511 3118 4576 astantium,
3169 4512 3318 4573 scio,
3349 4524 3438 4566 me

149 4603 202 4657 in
233 4601 487 4673 Epistola
519 4603 588 4656 ad
620 4601 880 4673 Cyrillum
919 4606 1006 4661 bis
1042 4607 1222 4662 verbis
1254 4608 1535 4664 declarat:
1581 4629 1599 4662 ι
1636 4609 1743 4666 (Ζοι-

147 4693 516 4763 gitationibus
541 4695 746 4750 nostris
773 4695 838 4750 ad
868 4696 1056 4767 populi
1087 4698 1438 4753 concordiam
1473 4699 1741 4767 inclinati,

147 4785 462 4840 canonibus
489 4785 707 4854 quidem
747 4785 972 4841 Patrum
1009 4787 1396 4843 detrimentum
1426 4791 1633 4845 nullum
1664 4791 1746 4845 af-

147 4875 417 4942 ferimus;
449 4888 653 4932 exactio
679 4889 860 4933 autem
907 4882 1198 4934 verborum
1230 4881 1597 4936 observationi
1629 4884 1744 4938 uni-

150 4972 298 5026 versi
328 4971 480 5025 orbis
503 4987 692 5042 pacem
733 4971 1096 5042 praeferimus.
1130 4993 1150 5026 ι
1189 4973 1392 5030 Deinde
1413 4977 1742 5046 quibusdam

146 5061 418 5132 exemplis
465 5063 678 5132 probat,
720 5064 1015 5134 aliquando
1054 5066 1125 5120 ob
1156 5066 1476 5122 cbaritatem
1503 5077 1598 5123 aut
1639 5087 1740 5139 pu-

147 5151 352 5207 blicam
409 5152 732 5216 utilitatem,
787 5154 854 5209 de
901 5155 1189 5210 severitate
1242 5157 1738 5216 ecclesiasticarum

150 5242 609 5299 constitutiunum
640 5245 847 5314 aliquid
885 5246 1274 5301 remittendum
1309 5263 1452 5304 esse.

214 5333 310 5388 20.
357 5332 496 5388 Tota
537 5333 703 5403 igitur
752 5335 810 5389 S.
851 5334 1016 5391 Attici
1065 5337 1224 5406 culpa
1267 5337 1321 5391 in
1361 5353 1427 5392 eo
1466 5340 1737 5406 consistit,

149 5426 297 5498 quod
328 5433 454 5495 post
485 5425 797 5480 restitutam
828 5425 886 5483 S.
914 5427 1289 5499 Chrysostumi
1322 5431 1641 5485 memoriam
1672 5433 1738 5501 (si

150 5525 334 5571 tamen
375 5516 490 5569 haec
519 5513 684 5570 fuerit
701 5514 938 5585 perfecta
965 5527 1019 5572 et
1039 5519 1227 5573 ultima
1267 5519 1544 5574 memoriae
1566 5519 1740 5593 Chry-

149 5611 506 5666 sostomiana:
563 5611 868 5676 restitutio,
905 5611 972 5667 de
1006 5628 1112 5682 qua
1168 5629 1226 5668 re
1273 5614 1435 5684 paulo
1487 5615 1738 5684 superius

151 5719 300 5758 eum.
333 5701 404 5758 l7
429 5702 847 5778 disputavimus)
893 5705 1136 5760 nondum
1193 5710 1418 5764 omnino
1455 5710 1738 5766 convictus

153 5797 316 5855 fuerit
361 5797 432 5853 de
477 5795 679 5869 injusta
733 5799 791 5856 S.
842 5800 1218 5872 Cbrysoslomi
1272 5801 1628 5872 depositione,
1683 5813 1737 5859 et

1860 4605 2082 4660 audisse
2107 4605 2454 4660 sanctitatem
2493 4613 2641 4658 tuam
2677 4602 3103 4674 sanctaesynodo
3141 4601 3221 4656 sic
3253 4603 3434 4658 dicen-

1853 4705 1961 4752 tem
2003 4697 2190 4762 :Quia
2237 4697 2285 4750 si
2340 4696 2558 4761 scirem,
2612 4693 2753 4764 quod
2791 4710 2963 4758 nunc,
3017 4693 3064 4745 si
3105 4691 3310 4745 Joamti
3349 4707 3424 4746 ve-

1853 4790 1995 4842 niant
2021 4787 2360 4858 lurgiremur,
2405 4787 2593 4838 melior
2618 4786 2765 4852 ﬁeret
2801 4785 3101 4852 semetipso,
3143 4793 3190 4836 et
3233 4783 3433 4838 recede:

1852 4889 1928 4933 ret
1972 4895 2003 4932 a
2040 4878 2247 4932 duritia
2302 4887 2352 4932 et
2400 4877 2707 4946 asperitate,
2752 4890 2870 4944 quae
2915 4875 2970 4926 in
3000 4891 3060 4928 eo
3099 4883 3199 4938 est,
3257 4889 3434 4929 carnes

1847 4989 1937 5026 vos
2014 4988 2282 5042 rogassem
2341 4987 2436 5038 pro
2495 4985 2575 5025 eo.
2643 4967 2994 5024 Admirabilis
3070 4983 3200 5038 ergo
3271 4965 3432 5022 etiam

1846 5066 1992 5120 circa
2036 5064 2140 5118 boc
2173 5064 2371 5118 iterum
2395 5061 2640 5132 judicata
2671 5071 2755 5118 est
2793 5061 3056 5116 sanctitas
3093 5069 3204 5124 tua,
3235 5061 3435 5132 quippe

1845 5165 1906 5210 ut
1951 5171 2073 5226 qua:
2125 5156 2324 5211 dixerit
2364 5155 2670 5209 veritatem.
2721 5153 2862 5220 Quid
2925 5153 3094 5224 igitur
3145 5152 3436 5222 oportebat

1845 5259 2089 5304 sanctam
2121 5249 2387 5321 synodum
2425 5246 2624 5310 facere,
2661 5263 2783 5318 qua:
2809 5247 3240 5315 imptenitentem
3269 5253 3323 5300 et
3351 5245 3434 5300 sic

1843 5341 2178 5410 pertinacem
2218 5339 2420 5410 reperit
2456 5339 2608 5392 illum
2633 5379 2647 5400 ,
2679 5339 2774 5407 qui
2811 5349 2972 5393 rectae
3007 5337 3132 5392 fidei
3163 5353 3432 5406 repugna-

1841 5433 1959 5487 vit?
1997 5451 2015 5485 ι
2057 5430 2208 5486 Hanc
2248 5429 2306 5485 S.
2335 5429 2523 5502 Cyrilli
2558 5429 2841 5500 epistolam
2890 5431 3033 5484 inter
3081 5430 3217 5483 alias
3247 5429 3430 5482 vario-

1843 5540 1963 5580 rum
1993 5523 2241 5588 Patrum,
2288 5521 2353 5576 ad
2401 5521 2696 5576 concilium
2729 5521 3062 5591 presinum
3094 5528 3424 5589 spectantes,

1839 5617 2188 5672 Christianus
2237 5615 2422 5685 Lupus
2483 5611 2708 5668 Lovanii
2737 5629 2883 5669 anno
2936 5613 3096 5680 1682,
3120 5627 3242 5680 cap.
3269 5610 3360 5676 56,
3392 5627 3424 5669 ει

1841 5727 1963 5782 pag.
2025 5709 2127 5765 129
2169 5709 2356 5774 edidit,
2409 5716 2462 5763 et
2509 5706 2820 5779 Stephanus
2853 5707 3106 5762 Baluzius
3161 5703 3212 5758 in
3267 5701 3421 5759 Nora

1841 5801 2200 5860 Conciliorum
2231 5800 2558 5870 collectione,
2596 5817 2691 5857 seu
2740 5800 3111 5871 Supplementa
3135 5796 3206 5852 ad
3228 5797 3420 5852 collec-
