3842 6316
432 276 535 333 6J7

1640 275 1693 328 S.
1737 273 1969 329 ATTICI
2005 273 2111 329 (ΣΡ.
2157 275 2490 334 EPISCOPI.

3597 284 3708 338 618

433 393 625 444 tionem
653 386 1111 458 PhilippiLabbei,
1131 387 1352 442 Parisiis
1371 403 1514 441 anno
1543 388 1698 452 I707,
1724 407 1752 443 a
1775 389 2016 454 col.758,
2049 397 2091 452 Λ
2121 393 2284 448 etiam
2319 395 2550 450 libenter
2593 396 2841 459 admitto,
2882 407 2940 451 nt
2972 397 3027 450 S.
3073 396 3336 468 Cyrillum
3367 398 3432 452 de
3458 400 3706 467 pertina-

433 482 663 543 recudit,
695 482 781 534 ubi
815 480 1067 534 utrolibet
1089 481 1213 532 loco
1238 479 1443 549 integra
1462 479 1564 548 legi
1595 490 1796 549 potest.

506 572 598 625 22.
642 570 718 624 Ex
767 579 883 624 toto
937 571 1098 640 hujus
1148 571 1392 639 epistolae
1445 581 1702 626 contextu
1749 583 2006 642 apparet,

430 663 576 733 quod
614 663 851 732 Cyrillus
874 663 1074 717 Acacio
1103 663 1433 730 persuadere
1459 664 1660 732 cupiat,
1694 663 2007 719 Nestorium

434 753 848 807 haeresiarcham
869 754 996 822 jure
1027 755 1225 808 merito
1261 754 1682 811 condemnatum
1721 756 1910 812 fuisse.
1940 759 2010 814 Ut

429 856 606 900 autem
643 846 693 898 id
719 846 922 899 clarius
945 848 1154 914 probet,
1182 848 1320 902 inter
1348 848 1453 901 alia
1479 849 1671 918 allegat
1699 850 2006 919 exemplum

429 933 655 988 Joannis
694 935 1095 1006 Chrysostomi,
1131 946 1293 1007 atque
1325 954 1354 992 a
1391 940 1553 993 simili
1594 950 2008 1010 argumentatur

429 1025 483 1078 in
523 1027 668 1080 hunc
709 1025 822 1081 fere
869 1028 1088 1081 modum
1139 1045 1151 1080 :
1197 1028 1437 1085 Joannes
1479 1028 1908 1102 Chrysoswmus
1951 1032 2005 1086 in

429 1127 615 1172 saneta
645 1119 852 1188 synodo
883 1119 949 1172 ad
970 1119 1243 1185 Quercnin
1279 1121 1348 1175 ab
1386 1123 1702 1192 episcopatu
1728 1124 2006 1192 depositus

426 1222 510 1266 est
565 1212 637 1266 ob
683 1213 940 1266 duritiam
989 1222 1042 1267 et
1080 1217 1426 1284 asperitatem
1484 1216 1606 1286 (sic
1655 1218 2006 1273 adversantes

427 1313 615 1359 sancto
643 1305 860 1373 praesuli
889 1305 1144 1360 invictam
1180 1308 1301 1377 ejus
1331 1311 1691 1375 constantiam
1720 1326 2003 1380 perperam

425 1397 788 1468 appellabant)
818 1413 847 1450 a
865 1412 968 1466 qua
990 1398 1166 1467 ipsum
1205 1415 1484 1470 nunquam
1502 1417 1842 1456 recessurum
1862 1404 2004 1457 Aca-

424 1492 544 1544 cius
591 1504 716 1543 vere
766 1490 1110 1559 praedixerat.
1164 1493 1274 1546 Cur
1319 1494 1482 1562 igitur
1526 1503 1714 1548 sancta
1765 1496 2004 1565 synodus

425 1577 700 1649 Ephesina
733 1596 851 1635 non
898 1582 1242 1651 deposuisset
1274 1585 1589 1639 Nestorium
1627 1586 1696 1640 ob
1730 1586 2002 1652 literesim,

421 1684 587 1738 quam
620 1671 969 1738 pertinaciter
1013 1674 1435 1742 propugnabat?
1466 1676 1535 1730 At
1565 1675 1777 1731 videtur
1809 1676 1866 1730 S.
1901 1677 2005 1748 Cy-

2120 485 2200 539 eia
2227 489 2442 541 erronei
2483 496 2537 542 et
2575 489 2746 558 iniqui
2775 490 2858 544 sui
2894 489 3084 557 judicii
3116 503 3396 558 excusem.
3427 488 3498 544 At
3528 487 3702 544 vicis-

2119 575 2220 627 sim
2251 575 2430 644 exigo,
2469 586 2526 630 ιιι
2557 579 2747 632 eadem
2779 578 2964 648 regula
3000 579 3052 631 in
3085 580 3142 632 S.
3175 579 3354 633 Attico
3379 579 3567 635 locum
3607 579 3704 634 ha-

2116 665 2260 719 beat.
2323 662 2379 719 Si
2448 666 2616 736 igitur
2676 669 2892 722 Atticus
2959 670 3202 723 nondum
3271 670 3403 725 satis
3472 682 3703 725 noverat

2116 755 2432 824 injustitiam
2461 759 2536 814 Ch
2547 761 2957 830 rysostomiana:
2972 764 3452 826 exauctorationis,
3473 763 3698 834 quando

2115 847 2181 901 ad
2227 847 2285 904 S.
2323 850 2585 921 Cyrillum
2618 853 2913 916 scribebat,
2965 855 3183 909 dicatur
3219 855 3517 909 secumlum
3552 854 3699 908 hanc

2116 937 2444 998 Tillemontii
2482 945 2744 1014 regulam,
2794 962 2958 1014 quam
3022 947 3193 1016 probo
3251 955 3306 1002 et
3369 948 3694 1016 amplector,

2114 1032 2454 1102 iniquitatem
2480 1036 2840 1106 istiusjndicii
2872 1051 3059 1109 postea
3091 1042 3398 1110 agnovisse,
3435 1040 3696 1110 quamvis

2105 1127 2324 1196 antiqui
2368 1128 2666 1198 scriptores
2713 1146 2831 1186 eam
2872 1131 3121 1186 notitiam
3159 1131 3303 1186 clare
3326 1132 3390 1186 ad
3439 1140 3695 1201 posteros

2113 1231 2223 1271 non
2281 1221 2705 1276 transmiserint.
2764 1222 3075 1278 Secundum
3122 1238 3206 1288 ea,
3264 1238 3386 1292 qua:
3437 1223 3697 1292 superius

2111 1309 2371 1375 diximus,
2402 1310 2541 1367 forte
2561 1328 2625 1367 eo
2655 1322 2896 1384 tempore
2923 1315 3135 1370 Atticus
3162 1314 3400 1368 nondum
3427 1329 3549 1368 sese
3579 1328 3698 1367 om-

2111 1403 2243 1457 nino
2298 1418 2424 1458 cum
2473 1404 2718 1461 Romana
2756 1407 2999 1462 Ecclesia
3041 1407 3504 1470 reconciliaverat,
3541 1407 3695 1477 quod

2111 1501 2291 1548 tamen
2327 1499 2672 1566 postmodum
2710 1498 2909 1566 effecit,
2946 1501 3054 1555 etsi
3083 1499 3379 1570 perfectam
3415 1499 3566 1553 illius
3605 1513 3696 1552 re-

2111 1584 2552 1641 conciliationem
2589 1589 2891 1659 antiquitas
2936 1589 3140 1645 diserte
3187 1606 3294 1644 non
3331 1589 3694 1660 expresserit.

2111 1670 2267 1726 Hand
2320 1675 2484 1730 dubie
2533 1677 2708 1746 prima
2759 1689 2854 1734 aut
2909 1678 3181 1749 praecipua
3241 1680 3387 1750 pacis
3443 1679 3698 1733 conditio

424 1761 580 1817 rillus
606 1763 710 1818 hoc
737 1764 1026 1818 ratiocinio
1051 1766 1300 1831 innuere,
1325 1770 1470 1836 quod
1505 1777 1634 1824 tunc
1661 1770 1904 1824 nondum
1933 1771 2002 1825 de
2034 1751 2076 1810 Β
2104 1763 2228 1829 fuit,
2259 1775 2316 1820 ut
2344 1783 2540 1823 nomen
2565 1768 2623 1826 8.
2649 1769 3026 1842 Chrysostomi
3049 1772 3322 1843 diptychis
3357 1771 3697 1825 inscribere-

422 1849 690 1919 injustitia
741 1853 1241 1923 Chrysostomianaa
1306 1858 1665 1927 depositionis
1719 1861 2002 1918 convictus

430 1952 612 2008 esset;
647 1943 691 1998 si
731 1945 874 1998 enim
907 1946 1273 2003 innocentiam
1298 1947 1352 2004 S.
1382 1950 1756 2022 Chrysostomi
1785 1968 1852 2008 eo
1875 1967 2004 2009 tem-

383 2031 388 2035 ’
423 2047 555 2101 pore
598 2034 930 2102 agnovisset,
965 2053 1130 2106 quam
1173 2041 1280 2094 vim
1313 2042 1536 2096 haberet
1561 2043 1679 2112 ejus
1707 2060 2002 2114 argumen-

423 2122 589 2176 tatio?
613 2122 898 2189 Quomodo
944 2127 1268 2184 invidiosam
1307 2131 1448 2186 inter
1471 2133 1780 2188 Nestorium
1825 2136 2001 2190 haere-

420 2215 587 2269 ticum
619 2224 673 2270 et
697 2215 755 2269 S.
779 2215 1040 2272 Joannem
1065 2218 1515 2292 Chrysostomum
1537 2226 2001 2295 comparationem

421 2303 762 2359 institueret?
803 2306 1092 2372 Quomodo
1132 2311 1368 2383 denique
1409 2315 1824 2385 iniquissimum
1875 2333 2003 2372 con-

416 2396 731 2451 ciliabulum
776 2399 844 2452 ad
885 2398 1184 2468 Quercum,
1234 2405 1287 2479 in
1333 2421 1444 2474 quo
1479 2405 1537 2462 S.
1577 2406 2001 2480 Chrysostomus

421 2487 565 2543 falso
593 2500 884 2545 accusatus
919 2508 984 2548 ac
1020 2493 1311 2553 damnatus
1363 2497 1573 2566 fuerat,
1619 2500 1708 2555 hic
1739 2517 1768 2555 a
1798 2500 2002 2573 Cyrillo

426 2599 445 2630 ι
494 2590 683 2636 sancta
708 2584 949 2651 synodus
981 2603 1000 2635 ι
1029 2597 1337 2654 vocaretur,
1363 2598 1416 2643 et
1445 2605 1568 2645 cum
1595 2600 1787 2647 sancto
1812 2595 2000 2650 conci-

425 2671 500 2727 lio
533 2671 810 2742 Ephesino
846 2680 1293 2745 compararetur?

487 2765 580 2820 25.
632 2764 713 2820 Ex
768 2767 853 2822 his
897 2769 1196 2823 secundum
1255 2773 1576 2826 sententiam
1629 2773 1998 2834 Tillemontia.

425 2871 553 2910 nam
583 2857 783 2911 inferre
811 2873 1050 2928 possem,
1076 2874 1273 2915 nomen
1309 2861 1378 2933 Cy
1392 2861 1520 2928 rilli,
1548 2879 1702 2935 aeque
1724 2884 1788 2923 ac
1813 2871 1998 2935 Attici,

413 2963 482 3002 ex
510 2949 895 3005 ecclesiasticis
940 2950 1140 3005 tabulis
1163 2951 1448 3007 delendum
1488 2971 1630 3023 esse,
1673 2975 1795 3012 cum
1827 2960 2001 3031 Cyril-

415 3038 498 3094 lus
539 3039 594 3091 in
635 3038 738 3094 hac
766 3040 1001 3108 epistola
1034 3041 1274 3096 nomlum
1298 3056 1558 3114 agnoscat
1587 3047 1864 3117 iniuriam,
1891 3067 1997 3119 qua

416 3133 476 3189 S.
533 3131 798 3188 Joannem
859 3133 1312 3204 Chrysostomum
1363 3137 1640 3204 aﬂ'ecerat,
1682 3156 1783 3196 nec
1827 3143 1997 3197 ullum

419 3225 508 3278 hic
532 3225 773 3294 prtebeat
801 3226 1133 3294 pmnitentia.
1156 3226 1440 3292 indicium,
1477 3230 1546 3284 ob
1579 3245 1740 3299 quam
1772 3248 1997 3290 causam

413 3313 794 3371 Tillemontius
821 3325 971 3372 tomo
1008 3316 1104 3370 XII
1135 3317 1462 3374 Monument.
1507 3323 1692 3378 eccles.
1736 3341 1859 3395 pag.
1890 3328 1996 3382 416

409 3412 465 3459 et
521 3406 628 3460 425
670 3407 909 3462 Atticum
970 3408 1245 3478 praecipue
1285 3413 1650 3480 reprehendit,
1697 3431 1929 3486 eumque
1965 3434 1997 3475 e

411 3497 658 3567 catalogo
709 3509 1022 3554 sanctorum
1074 3503 1353 3571 expungit.
1403 3501 1459 3556 Si
1505 3504 1670 3574 igitur
1708 3517 1993 3577 propterea

408 3588 646 3642 Atticum
677 3589 800 3643 albo
833 3599 1150 3646 sanctorum
1185 3591 1396 3657 eradat,
1428 3609 1526 3649 cur
1556 3595 1610 3648 in
1640 3611 1705 3650 eo
1734 3598 1991 3670 Cyrillum

406 3680 696 3749 relinquit?
728 3680 807 3736 Ne
856 3683 942 3737 his
985 3683 1194 3739 diutius
1239 3685 1521 3751 immorer,
1568 3689 1791 3743 unicum
1831 3689 1990 3747 Tille-

407 3772 613 3826 monlio
643 3773 898 3828 dilemma
935 3790 1202 3845 propono.
1236 3775 1476 3847 Cyrillus
1513 3794 1799 3836 erroneam
1833 3799 1991 3839 suam

405 3865 473 3917 de
511 3864 850 3934 depositione
882 3866 939 3922 S.
976 3868 1357 3940 Chrysostomi
1393 3871 1712 3939 opinionem
1747 3886 1871 3944 post
1902 3879 1993 3933 da-

405 3960 487 4004 tas
531 3953 596 4006 ad
639 3954 900 4009 Acacium
942 3957 1152 4013 litteras
1193 3958 1277 4012 vel
1326 3963 1664 4028 retractavit,
1703 3965 1785 4018 vel
1830 3968 1884 4021 in
1925 3984 1988 4024 ea

407 4059 582 4113 usque
611 4044 678 4099 ad
710 4057 943 4102 mortem
975 4050 1293 4118 permansit.
1331 4049 1388 4104 Si
1412 4053 1540 4108 velit
1570 4057 1829 4123 primum,
1862 4076 1990 4129 pro-

404 4133 543 4188 ferat
587 4147 839 4192 auctores
888 4139 991 4194 ﬁde
1031 4141 1247 4212 dignos,
1280 4153 1376 4197 aut
1413 4144 1530 4214 ipsa
1562 4145 1750 4216 Cyrilli
1783 4152 1986 4221 scripta

407 4227 463 4281 in
490 4228 688 4298 quibus
718 4244 781 4283 ea
821 4235 1130 4288 retractatio
1162 4249 1419 4306 expresse
1441 4239 1670 4308 legatur.
1697 4240 1899 4298 Saltem
1930 4247 1986 4302 in

409 4318 560 4374 Actis
584 4318 639 4373 S.
675 4321 888 4391 Cyrilli,
923 4340 1045 4393 qua:
1091 4334 1239 4380 tomo
1278 4326 1401 4382 XIV
1431 4328 1763 4390 Monument.
1795 4339 1980 4393 eccles.

2107 1867 2214 1921 tur,
2237 1867 2434 1926 prtcter
2457 1874 2621 1928 quam
2659 1862 2958 1916 secundum
2982 1878 3146 1934 supra
3173 1863 3317 1916 dicta
3342 1861 3558 1916 Atticos
3585 1860 3699 1914 ad-

2107 1949 2213 2003 huc
2238 1951 2373 2005 alias
2401 1952 2626 2022 implere
2647 1953 2856 2019 debuit,
2888 1957 2954 2010 de
2969 1956 3172 2025 quibus
3194 1956 3262 2010 ab
3297 1956 3412 2025 ipso
3443 1954 3699 2025 impletis

2104 2051 2314 2097 veteres
2355 2043 2600 2099 historici
2637 2063 2746 2100 non
2794 2048 3180 2102 meminerunt.
3227 2048 3491 2103 Caeterum
3545 2049 3698 2102 dun-

2107 2140 2259 2186 taxat
2299 2149 2453 2203 rogo,
2489 2146 2550 2190 ut
2583 2135 2642 2192 S.
2675 2137 2912 2208 Cyrillus
2947 2148 3000 2194 et
3022 2138 3079 2194 S.
3115 2141 3325 2196 Atticus
3357 2139 3508 2211 juxta
3547 2139 3700 2194 hanc

2106 2219 2585 2282 Tillemontianam
2618 2230 2860 2300 regulam
2892 2231 3178 2300 aequaliter
3201 2231 3539 2301 judicentur.

2173 2316 2265 2371 25.
2306 2315 2424 2373 Non
2458 2321 2630 2386 video,
2663 2325 2940 2391 quomodo
2973 2324 3103 2378 hinc
3133 2325 3362 2380 evadere
3389 2323 3578 2394 possit
3606 2325 3700 2377 ad-

2103 2407 2403 2470 versarius,
2437 2409 2837 2478 nisicoal‘ngiat
2868 2413 2934 2466 ad
2970 2413 3198 2466 alteram
3231 2412 3490 2482 regulam,
3513 2425 3698 2480 quam

2103 2506 2254 2552 tomo
2300 2497 2348 2552 Χ
2393 2498 2724 2565 Monument.
2753 2502 2940 2557 eccles.
2995 2519 3117 2574 pag.
3158 2504 3256 2558 541
3303 2503 3405 2558 sibi
3451 2501 3700 2570 aliisque

2103 2592 2430 2660 praescribit,
2463 2602 2517 2647 et
2549 2609 2657 2662 qna
2683 2593 2910 2649 dubiam
2935 2594 3180 2649 Flaviani
3209 2593 3526 2650 Antiocheni
3562 2607 3698 2648 sau-

2103 2684 2349 2738 ctitatcm
2389 2684 2464 2738 ita
2497 2686 2736 2740 vindicat
2768 2705 2780 2740 :
2824 2706 2842 2739 ‹
2880 2688 3049 2758 Igitur
3080 2689 3366 2745 dicendum
3403 2697 3504 2754 est,
3540 2687 3698 2758 quod

2103 2775 2344 2831 Ecclesia
2391 2777 2578 2833 Graeca
2627 2779 2904 2849 antiquam
2951 2780 3295 2836 traditionem
3341 2790 3529 2836 secuta
3593 2784 3694 2846 sit,

2101 2871 2319 2939 quando
2352 2871 2498 2924 illum
2543 2890 2560 2922 ι
2603 2873 2833 2944 (scilicet
2865 2871 3205 2936 Flavianum,
3233 2873 3300 2928 de
3323 2889 3431 2943 quo
3459 2873 3532 2928 ibi
3552 2875 3696 2945 agit)

2110 2981 2127 3013 ‹
2165 2963 2384 3033 publico
2423 2964 2572 3018 cultu
2619 2973 2924 3018 veneratur.
2962 2966 3117 3030 Quod
3167 2965 3210 3018 si
3261 2965 3314 3019 in
3343 2966 3462 3034 ejus
3505 2966 3697 3034 gestis

2103 3067 2395 3110 occurrant
2447 3057 2663 3126 aliqua,
2719 3073 2840 3126 quae
2893 3074 3035 3127 :rgre
3088 3058 3340 3112 videntur
3387 3058 3694 3113 conciliati

2102 3163 2261 3217 posse
2282 3165 2406 3203 cum
2434 3150 2626 3218 spiritu
2645 3150 2952 3213 charitalis,
2979 3151 3070 3220 qui
3094 3151 3244 3206 solus
3261 3162 3473 3206 sanctos
3492 3151 3695 3214 eﬂicit.

2102 3241 2418 3295 meminisse
2452 3250 2685 3310 oportet,
2724 3258 2825 3297 nos
2859 3258 2981 3297 esse
3014 3243 3287 3308 homines,
3319 3243 3478 3299 nimis
3506 3245 3694 3300 debili

2102 3348 2164 3387 ac
2184 3334 2331 3387 tenui
2369 3334 2574 3389 lumine
2617 3334 2939 3396 illustratos.
2978 3351 3034 3391 ut
3073 3335 3139 3390 de
3165 3337 3415 3392 humanis
3438 3339 3694 3393 actioni-

2098 3422 2201 3478 bus
2223 3439 2523 3494 earumque
2557 3425 2991 3500 circumstantiis
3021 3438 3166 3483 recte
3191 3428 3521 3497 judicemus.
3571 3451 3591 3482 ι
3619 3434 3693 3487 At

2097 3516 2344 3585 nunquid
2376 3517 2480 3573 hoc
2517 3518 2737 3572 axioma
2766 3535 2920 3588 teque
2952 3519 3095 3575 favet
3126 3523 3323 3586 Attico,
3351 3539 3518 3592 quam
3559 3523 3693 3578 Fla-

2096 3606 2290 3660 viano?
2325 3605 2517 3662 Nonne
2557 3609 2720 3663 etiam
2768 3610 2858 3665 hic
2921 3611 3028 3666 dici
3075 3623 3270 3682 potest,
3316 3615 3463 3684 quod
3504 3614 3689 3671 Graeci

2097 3697 2259 3764 (addo
2289 3715 2505 3768 quoque
2535 3698 2756 3756 Latinos
2789 3704 3052 3772 quosdam
3083 3705 3499 3778 Martyrologos)
3533 3711 3691 3764 anti-

2094 3806 2258 3859 quam
2293 3791 2639 3846 traditionem
2675 3795 2847 3848 secuti
2888 3797 3022 3858 sint.
3051 3798 3178 3852 dtnn
3225 3800 3464 3856 Atticum
3499 3806 3687 3858 sacris

2093 3883 2211 3938 suis
2252 3881 2431 3938 Fastis
2474 3883 2862 3941 inseruerunt?
2908 3887 3084 3943 Verbo
3120 3907 3248 3954 uno,
3284 3894 3546 3964 quidquid
3583 3899 3688 3951 ad-

2091 3975 2369 4029 versarius
2410 3976 2498 4030 hic
2528 3977 2748 4040 dixerit.
2783 3995 2884 4034 nos
2911 3981 3100 4035 eodem
3133 3982 3198 4046 de
3229 3983 3407 4039 Attico
3429 3985 3684 4041 allirma-

2091 4062 2292 4117 bimus.
2330 4061 2490 4118 Certe
2534 4065 2577 4118 si
2615 4064 2993 4124 Tillemontius
3021 4072 3247 4126 traditas
3283 4089 3312 4127 a
3354 4090 3411 4129 se
3453 4078 3682 4147 regulas

2089 4155 2452 4222 observasset,
2492 4165 2598 4210 tam
2651 4159 2845 4214 durum
2895 4178 2960 4217 ac
3004 4168 3350 4221 temerarium
3398 4170 3680 4238 judicium

2089 4263 2197 4301 non
2229 4249 2442 4304 tulisset
2465 4249 2531 4302 dc
2561 4252 2822 4317 praeclaro
2848 4254 2983 4320 viro,
3023 4273 3183 4326 quem
3213 4262 3510 4330 antiquitas
3547 4281 3680 4318 ma-

2088 4338 2209 4407 gnis
2259 4343 2544 4396 exornavit
2587 4340 2861 4408 laudibus,
2892 4363 3124 4417 quarunt
3169 4350 3258 4406 hic
3291 4356 3589 4412 nonnullas
3622 4359 3681 4413 in

402 4427 433 4464 a
463 4427 583 4481 pag.
632 4413 734 4466 267
769 4429 942 4484 usque
981 4417 1048 4470 ad
1084 4417 1186 4473 676
1211 4435 1278 4474 et
1312 4424 1585 4479 veteribus
1624 4429 1982 4498 scriptoribus
2013 4451 2058 4506 ι)
2088 4431 2318 4500 gratiam
2351 4435 2650 4492 adversarii
2677 4413 3306 4508 brevitercongeremus.

400 4503 617 4572 copiose
647 4503 964 4574 illustravit,
993 4509 1202 4563 nullum
1244 4512 1414 4582 hujus
1444 4520 1846 4577 retractationis
1897 4532 1979 4578 te-

398 4606 534 4649 stem
583 4597 852 4654 hactenus
901 4601 1174 4668 produxit.
1210 4603 1267 4658 Si
1299 4609 1595 4663 secundam
1649 4612 1980 4673 dilemmatis

396 4693 604 4764 partem
633 4686 817 4756 eligat,
859 4689 1132 4758 sequitur,
1173 4693 1317 4749 hunc
1361 4696 1658 4754 innocuum
1682 4702 1867 4767 Cyrilli
1893 4722 1982 4761 er-

397 4762 574 4829 rorem
615 4780 895 4834 sanctitati
919 4781 1040 4847 ejus
1068 4798 1178 4837 non
1207 4785 1442 4842 allicere.

464 4868 558 4921 24.
602 4869 706 4924 Sed
730 4872 868 4928 forte
893 4873 1276 4934 Tillemontius
1299 4880 1400 4936 hoc
1422 4883 1677 4940 dilemma
1705 4887 1979 4948 declinare

394 4960 684 5015 conabitur
741 4969 1071 5022 recurrendo
1125 4971 1192 5024 ad
1243 4975 1484 5043 regulam
1537 4979 1758 5044 eriticm,
1812 4999 1975 5059 quam

396 5057 545 5102 tomo
589 5051 706 5103 XIV
758 5054 1089 5112 Monnment.
1114 5062 1296 5116 eccles.
1346 5081 1468 5135 pag.
1509 5067 1609 5122 798
1635 5072 1715 5125 sic
1753 5051 1916 5130 tradit
1959 5093 1973 5131 :

398 5158 417 5189 ι
453 5139 706 5196 Ilistorici
741 5155 850 5200 tam
897 5150 1210 5219 frequenter
1241 5157 1503 5212 omittunt
1544 5177 1629 5214 res
1657 5165 1974 5223 verissimas

393 5241 446 5285 et
480 5233 772 5302 aliquando
799 5241 1035 5295 maxime
1069 5248 1473 5312 memorabiles,
1510 5261 1567 5305 ut
1606 5255 1972 5322 periculosum

392 5324 485 5389 sit,
511 5342 576 5379 ex
608 5345 794 5382 eorum
816 5333 1034 5386 silentio
1049 5345 1226 5391 certas
1241 5329 1626 5399 conclusiones
1643 5347 1968 5406 deducere.)

395 5413 532 5471 lIinc
560 5418 774 5483 inferet,
807 5421 862 5474 S.
903 5422 1160 5493 Cyrillum
1204 5441 1388 5494 postea
1412 5436 1792 5493 verosintiliter
1821 5457 1973 5497 erro-

394 5525 504 5562 rem
549 5527 707 5564 snnm
751 5515 1040 5582 agnovisse
1075 5532 1138 5570 ac
1187 5528 1530 5586 retractassc,
1576 5529 1789 5583 etiamsi
1825 5534 1969 5602 apud

392 5602 569 5671 ipsum
598 5602 654 5658 S.
692 5605 953 5678 Cyrillum
988 5618 1083 5663 aut
1115 5609 1253 5666 alios
1286 5615 1542 5684 antiquos
1579 5620 1878 5689 scriptores
1914 5625 1966 5679 id

392 5706 499 5748 uon
534 5693 797 5764 legamus.
848 5699 1046 5755 Totum
1096 5701 1241 5757 istud
1289 5705 1459 5772 probe
1502 5706 1762 5779 intelligo,
1803 5723 1967 5784 atque

2157 4519 2247 4574 26.
2291 4521 2564 4592 Imprimis
2609 4525 2667 4582 S.
2713 4527 2948 4601 Cyrillus
2989 4531 3388 4590 Alexandrinus
3453 4535 3505 4590 in
3539 4535 3681 4605 Epi-

2083 4611 2224 4665 stola
2243 4619 2310 4667 ad
2327 4615 2544 4671 clericos
2569 4617 3207 4691 Constantinopolitanos,
3221 4627 3362 4696 apud
3383 4625 3672 4683 Labbeum

2083 4713 2232 4758 tomo
2256 4703 2323 4757 Ill
2361 4699 2742 4776 Conéiliorum,
2779 4714 2884 4768 col.
2925 4713 3054 4778 585,
3089 4716 3156 4770 de
3190 4715 3442 4773 Nestorio
3478 4720 3550 4774 ita
3593 4723 3678 4776 iu~

2083 4801 2353 4867 terrogat:
2379 4819 2396 4850 ‹
2418 4799 2673 4872 Nunquid
2697 4806 2923 4874 atqualis
2947 4807 3028 4861 vel
3059 4810 3354 4878 sapientior
3382 4821 3465 4866 est
3496 4811 3671 4868 beato

2078 4888 2298 4944 Attico?
2320 4910 2337 4942 ι
2361 4891 2691 4950 leestinus
2709 4912 2867 4966 papa,
2884 4897 2935 4950 in
2956 4899 3150 4954 litteris
3171 4903 3240 4954 ad
3255 4900 3673 4967 Nestorium,vi-

2080 4981 2357 5051 gilantiam
2375 4984 2432 5040 S.
2453 4987 2616 5042 Attici
2631 4997 2820 5043 contra
2834 4989 3151 5062 Pelagianos
3176 4994 3506 5059 ibidem,col.
3521 4995 3665 5062 353,

2080 5074 2160 5127 sic
2182 5075 2366 5130 laudat
2395 5093 2410 5131 :
2441 5096 2459 5128 ι
2491 5077 2736 5149 Denique
2758 5090 2962 5138 sanctae
2985 5085 3384 5141 recordationis
3415 5087 3660 5152 Atticus.

2077 5168 2361 5223 catholicae
2384 5172 2646 5241 magister
2665 5173 2810 5239 tidei,
2835 5184 2889 5228 et
2917 5191 3041 5232 vere
3064 5179 3202 5249 beati
3237 5179 3465 5235 Joannis
3482 5184 3660 5240 etiam

2075 5257 2143 5311 ad
2177 5260 2279 5312 ista
2327 5276 2638 5326 successor,
2675 5280 2772 5319 eos
2805 5266 2876 5320 ita
2916 5279 3236 5337 persecutus
3261 5282 3346 5326 est
3371 5287 3468 5343 pro
3500 5272 3661 5346 Rege

2074 5351 2375 5414 communi,
2405 5363 2464 5407 ut
2492 5353 2559 5408 iis
2591 5370 2660 5410 ne
2687 5358 2865 5411 standi
2885 5359 3104 5427 quidem
3127 5361 3234 5416 illic
3255 5364 3408 5433 copia
3428 5376 3661 5434 praesta-

2074 5452 2241 5496 retur.
2267 5443 2465 5500 Mansit
2507 5463 2609 5502 nos
2661 5459 2786 5518 post
2819 5451 2940 5520 ejus
2975 5455 3178 5507 exitum
3226 5456 3529 5513 scilicitndo
3566 5461 3659 5515 vel

2073 5535 2333 5603 maxima,
2366 5552 2491 5592 cum
2526 5556 2814 5596 successor
2838 5543 3011 5613 ipsius
3041 5555 3223 5601 utrum
3254 5549 3418 5603 etiam
3447 5551 3494 5604 in
3519 5551 3658 5620 ejus

2071 5625 2174 5680 lide
2199 5629 2534 5698 succederet,
2562 5649 2951 5703 quaereremus,
2979 5641 3107 5707 quia
3127 5639 3341 5696 dilIicile
3369 5652 3447 5698 est
3465 5645 3657 5698 conti-

2071 5719 2249 5788 nuari,
2281 5736 2403 5791 quae
2429 5723 2572 5780 bona
2596 5735 2760 5795 sunt;
2785 5744 2910 5783 nam
2939 5730 3041 5786 sibi
3072 5747 3215 5804 szepe
3255 5733 3471 5789 alternis
3500 5734 3654 5791 viei-
