3842 6328
116 349 210 406 653

1534 338 1838 401 ΝΟΤΙΤΙΑ.

3242 347 3349 404 651
3373 363 3376 366 ’

169 458 232 513 ll.
261 453 522 511 Doctrina
543 461 601 510 et
621 450 942 525 eloquentia
969 454 1266 523 plurimum
1290 457 1532 512 valuisse
1559 472 1681 513 san-
1710 465 1755 520 Α
1782 459 2023 512 codicum
2069 459 2250 528 aliqua
2299 458 2580 512 collatione
2616 472 2680 510 ac
2718 449 2849 511 nova
2884 459 3114 512 versione
3146 458 3354 527 (melio-

111 563 246 608 ctum
279 547 557 610 Proclum,
591 546 646 601 id
678 561 810 601 vero
840 564 906 602 ex
933 555 1174 602 veterum
1204 549 1528 606 testimoniis
1555 566 1675 620 qua:

110 643 246 696 illius
287 638 551 709 operibus
579 637 971 707 praemisimus,
1012 637 1172 707 plane
1201 645 1540 707 compertum
1576 637 1674 691 ha-

110 735 314 789 bemus.
343 730 643 800 Complura
675 729 901 799 scripsit
942 729 1136 784 beatus
1167 730 1388 798 prmsul,
1423 745 1544 800 qua:
1591 739 1675 782 ta-

108 841 224 881 men
261 823 331 877 ad
379 838 476 877 nos
516 836 690 890 usque
730 821 877 875 haud
911 820 1094 876 omnia
1148 835 1465 890 pervenere.
1505 821 1678 887 Quid-

107 916 230 990 quid
254 923 442 970 autem
466 931 531 969 ex
564 915 686 982 ejus
714 915 1019 968 litterarum
1046 913 1400 968 monimentis
1424 913 1677 983 detegere

108 1009 274 1072 licuit,
315 1007 595 1067 homilias.
619 1006 903 1075 epistolas,
946 1004 1270 1074 fragmenta,
1303 1012 1435 1066 etc.,
1466 1020 1528 1059 ea
1556 1013 1681 1074 post

110 1097 568 1154 Elmenhorstium
609 1096 902 1166 diligenter
931 1095 1069 1152 satis
1107 1095 1324 1166 collegit
1364 1094 1680 1150 Vincentius

109 1190 430 1253 Riccardus,
481 1205 546 1244 ac
569 1189 760 1245 Latine
777 1189 987 1245 reddita
1012 1196 1065 1243 et
1116 1187 1403 1243 uberrimis
1437 1189 1683 1242 animad-

108 1285 454 1354 versionibus
519 1282 783 1336 adornata
836 1296 981 1336 anno
1044 1279 1216 1343 1630,
1249 1278 1507 1334 Romanis
1539 1279 1682 1349 typis

108 1376 404 1430 commisit.
458 1373 811 1428 Postmodum
849 1371 1029 1427 Procli
1077 1371 1344 1426 Homilias
1382 1371 1496 1426 sive
1548 1370 1684 1424 Ora-

109 1469 283 1524 tiones
328 1484 400 1522 xx
443 1467 510 1520 ad
557 1482 690 1522 mss.
715 1465 935 1521 codices
963 1464 1257 1525 recensuit,
1288 1463 1468 1518 denuo
1495 1462 1686 1518 Latine

107 1558 268 1612 vertit
350 1571 414 1609 ac
487 1555 746 1610 brevibus
811 1553 959 1610 notis
1031 1553 1288 1608 instruxit
1357 1551 1685 1607 Franciscus

109 1648 480 1703 Combeiisius
525 1647 628 1718 (α),
662 1646 730 1701 de
760 1645 1073 1716 bujusmodi
1101 1661 1203 1702 suo
1245 1646 1474 1700 consilio
1516 1645 1685 1698 lecto-

108 1757 218 1796 rem
275 1742 354 1795 ita
412 1741 682 1794 monitum
732 1739 964 1794 reddens
1018 1739 1133 1807 (ὁδε
1178 1737 1357 1792 Visum
1395 1747 1470 1792 est
1518 1737 1688 1791 sancti

1783 549 1910 619 res),
1940 550 2044 601 luci
2079 549 2267 602 iterum
2292 549 2516 616 publica:
2546 548 2717 601 dare:
2752 547 2923 602 valere
2961 547 3130 618 jussis
3166 549 3353 617 spissis

1783 643 1914 703 illis,
1954 659 2045 694 nec
2085 659 2209 694 raro
2244 642 2502 711 parergis,
2537 651 2628 694 aut
2654 643 2812 694 etiam
2843 641 3015 694 minus
3044 641 3356 710 quandoque

1785 735 1921 800 aptis
1961 731 2206 786 Riccardi
2249 735 2387 787 notis
2424 750 2442 786 :
2477 733 2556 785 uti
2600 748 2690 786 nec
2732 732 2964 785 instituti
3007 732 3177 785 nostri
3216 731 3356 785 ratio

1784 835 1970 879 nostra
1999 826 2080 878 hic
2114 826 2271 894 plura
2307 824 2580 894 prcescribi
2603 824 2748 877 sinit.
2781 853 2852 862 -—
2880 823 3011 890 Qua:
3051 824 3215 876 textui
3247 827 3360 876 elu-

1787 917 2012 972 cidando
2050 918 2347 970 necessaria
2373 914 2704 978 videbuntur,
2739 916 2793 967 in
2827 914 3049 984 singulis
3080 913 3217 967 brevi
3244 930 3360 968 ora-

1790 1009 2018 1063 tionibus
2051 1007 2346 1077 expediam.
2391 1006 2518 1062 Htcc
2545 1008 2634 1061 ille
2669 1026 2681 1060 :
2733 1005 2891 1074 cujus
2921 1014 3210 1075 propterea
3240 1005 3360 1060 edi-

1789 1101 2014 1165 tionem,
2054 1100 2121 1152 ad
2154 1099 2408 1154 bomilias
2439 1099 2582 1169 quod
2623 1099 2836 1163 attinet,
2875 1105 3062 1167 utpote
3096 1105 3361 1168 prmstan-

1790 1192 2004 1256 tioretn,
2046 1189 2426 1244 Riccardiana:
2469 1189 2878 1244 anteferendum
2915 1190 3263 1252 censuimus;
3305 1195 3361 1242 et

1790 1279 1984 1333 breves
2014 1279 2398 1334 adnotationes
2429 1294 2566 1349 quas
2606 1279 2786 1332 editor
2808 1277 2876 1331 ad
2912 1279 3116 1334 calcem
3146 1277 3359 1347 rejecit,

1792 1371 2016 1426 lectoris
2055 1371 2344 1425 commodo
2371 1370 2745 1433 consulentes,
2782 1369 2849 1422 ad
2876 1385 3002 1424 oras
3035 1369 3362 1441 paginarum

1792 1463 2163 1534 subjiciendas
2199 1463 2477 1520 duximus.
2517 1463 2746 1531 Reliqua
2807 1478 2970 1533 porro
2989 1479 3056 1517 ex
3093 1463 3366 1516 lticcardo

1793 1555 2220 1625 desumpsimus.
2254 1554 2396 1622 Quid
2427 1564 2608 1611 autem
2642 1571 2822 1627 opera:
2849 1555 3033 1609 studio
3063 1561 3275 1617 nostro,
3308 1553 3366 1608 in

1793 1644 1971 1700 Procli
2002 1647 2250 1716 epistolis
2290 1647 2632 1715 potissimum
2666 1644 3028 1707 excudendis,
3061 1642 3366 1713 praestitum

1797 1738 1887 1801 sit,
1921 1738 2122 1792 notulre
2153 1738 2394 1808 produnt
2433 1753 2570 1808 quas
2604 1737 2808 1808 ubique
2851 1735 3214 1791 subdidimus.
3254 1733 3368 1788 Cae-

109 1833 294 1888 Procli
330 1832 636 1894 Orationes,
685 1831 952 1886 Vincentio
983 1831 1241 1886 Riccardo
1280 1830 1461 1886 Roma:
1490 1830 1680 1893 editas,
1715 1840 1758 1894 Β
1788 1838 1964 1884 terum
2021 1829 2169 1882 haud
2229 1830 2392 1883 fuerit
2449 1829 2710 1892 otiosum,
2759 1827 3030 1908 judicium
3092 1826 3370 1897 perlegere

113 1927 230 1979 aliis
271 1926 472 1979 nostris
504 1924 691 1995 quibus
716 1925 944 1978 maxime
973 1924 1205 1993 Deipara
1238 1922 1393 1993 Virgo
1425 1924 1520 1977 hoc
1544 1932 1686 1976 tonio

110 2017 429 2083 celebratur,
470 2015 792 2087 adjungere;
841 2015 1126 2088 multisque
1167 2015 1404 2085 partibus
1454 2024 1686 2080 nostras,

187 2190 272 2261 (α)
311 2189 560 2261 Combel".
588 2190 816 2261 Auctar.
846 2205 988 2261 no_v_.g
1008 2189 1075 2244 ad
1099 2188 1350 2243 Biblioth.
1386 2186 1526 2256 PP.,
1566 2196 1697 2245 tom.

105 2257 147 2322 Ι,
173 2257 339 2330 pagg.
367 2260 628 2316 ὅθι-496.
660 2261 816 2316 Paris
867 2259 1025 2314 1648.

185 2331 269 2400 (to)
302 2330 382 2385 id.
427 2333 562 2386 ibid.
597 2348 722 2405 pag.
752 2331 877 2386 toi.

1793 1920 1942 1989 quod
1983 1918 2050 1975 de
2094 1921 2319 1990 scriptis
2368 1929 2560 1975 sancto
2606 1919 2802 1975 Proclo
2853 1918 3078 1974 tributis
3119 1916 3242 1973 tulit
3297 1915 3366 1968 cl.

1796 2013 2177 2068 Tillemontius
2210 2013 2301 2086 (c).

1878 2186 1950 2257 (c)
1982 2184 2199 2257 Tillem.
2227 2195 2357 2239 tom.
2385 2184 2524 2252 XVI,
2557 2201 2714 2257 pagg.
2747 2185 2850 2240 718
2872 2193 2924 2240 et
2955 2183 3058 2239 800
3081 2199 3224 2254 seq.,
3253 2189 3368 2238 not.

1804 2257 1838 2311 5
1869 2255 1962 2310 sur
1992 2256 2049 2311 S.
2093 2255 2302 2311 Proclc.

1995 2527 2210 2539 pm-

2220 2526 2592 2542 ————_

1193 2691 1709 2785 NOTITIA
1776 2691 2286 2782 ALTERA.

425 2884 715 2958 (Fessus,
749 2882 1121 2939 Institutiones
1153 2883 1505 2957 Patrologicte
1519 2885 1655 2941 torni
1690 2884 1821 2950 duo,
1855 2882 2162 2959 (Eniponte
2191 2886 2352 2943 1851.
2390 2887 2641 2959 -—.Tom.
2674 2886 2739 2952 ll,
2772 2903 2892 2959 pag.
2926 2888 3078 2959 577.)

181 3112 248 3166 S.
294 3110 552 3174 Proclus,
591 3111 771 3166 adhuc
819 3109 1141 3166 adolescens
1183 3109 1242 3164 S.
1300 3109 1497 3166 Joanni
1529 3111 1703 3186 Cbry-
1805 3117 1940 3170 itum
1977 3115 2055 3185 (a.
2097 3113 2224 3184 4⁸54)
2259 3115 2315 3167 in
2359 3113 2509 3168 illius
2550 3111 2809 3168 Ecclesiae
2847 3110 3145 3182 pontiﬁcali
3182 3112 3381 3168 throno

107 3212 369 3258 sostomo
397 3203 676 3274 imprimis
705 3202 930 3266 charus,
968 3217 1066 3274 per
1089 3204 1232 3258 sacri
1268 3204 1560 3258 ministerii
1585 3221 1698 3276 gra-
1813 3208 2116 3262 collocatus
2153 3214 2236 3260 est
2279 3205 2376 3276 (1');
2415 3205 2710 3276 statimque
2753 3204 3071 3277 synodicam
3110 3204 3178 3258 ad
3212 3204 3383 3276 Cyril-

109 3295 217 3352 dus
255 3296 314 3350 in
363 3293 610 3350 Ecclesia
649 3293 1262 3364 Constantinopolitana
1297 3295 1365 3349 ad
1399 3297 1704 3369 presbyteri
1808 3300 1919 3352 lum
1954 3297 2398 3362 Alexandrinum,
2431 3296 3112 3362 JoannemAntioc/zenum,
3147 3297 3382 3370 aliosque

114 3388 452 3460 dignitatem
472 3387 742 3442 ascendit.
777 3386 827 3443 ls
855 3402 979 3441 cum
1037 3401 1090 3441 a.
1110 3386 1215 3442 426
1263 3402 1294 3441 a
1325 3386 1565 3444 Sisinnio
1592 3392 1703 3460 epi-
1731 3435 1773 3460 η
1811 3388 2041 3444 Orientis
2074 3389 2344 3458 episcopos
2375 3389 2546 3453 misit,
2582 3403 2690 3458 qua
2719 3390 2787 3443 de
2823 3404 2923 3444 sua
2962 3389 3382 3444 continuatione

114 3496 292 3551 scopo
341 3479 951 3550 Constantinopolitano
1000 3479 1181 3550 Cyzici
1219 3481 1511 3551 episcopus
1551 3484 1701 3538 ordi-
1733 3479 1772 3494 “'
1804 3494 1902 3534 eos
1963 3479 2228 3536 certiores
2280 3479 2531 3534 redderet
2593 3479 2688 3550 (g).
2719 3479 2944 3534 Biennio
2981 3491 3104 3551 post
3143 3481 3213 3549 (a.
3254 3482 3382 3554 436)

110 3580 284 3626 natus
322 3579 492 3638 esset,
530 3572 678 3628 cives
717 3572 839 3640 ejus
881 3570 1091 3642 oppidi,
1123 3571 1437 3642 priusquam
1475 3571 1701 3630 Proclus
1804 3578 2010 3626 exorta:
2064 3578 2193 3626 sunt
2236 3572 2359 3627 lites
2403 3572 2471 3627 de
2524 3570 2812 3627 Theodoro
2839 3611 2856 3635 ,
2919 3571 3266 3643 Mopsuestize
3325 3575 3380 3628 in

111 3665 253 3720 illuc
284 3680 348 3720 se
379 3663 678 3726 conferret,
713 3665 882 3718 alium
912 3664 1016 3720 sibi
1045 3664 1360 3735 episcopum
1399 3665 1698 3736 elegerunt.

111 3750 248 3814 Quo
272 3763 579 3825 comperto,
612 3753 844 3810 Proclus
878 3754 1031 3824 pacis
1075 3769 1266 3809 amans
1309 3753 1702 3811 Constantino-

117 3843 231 3911 poli
267 3848 594 3912 permansit,
621 3847 807 3917 ibique
835 3847 1193 3902 concionibus
1224 3846 1292 3901 ad
1316 3849 1575 3917 populum
1607 3850 1704 3904 ha-

117 3934 259 3990 bitis
296 3935 596 4004 plurimum
628 3939 889 3993 inclaruit
933 3938 1033 4010 td).

189 4024 556 4083 Postmodum
587 4031 682 4086 ubi
708 4029 997 4086 Nestorius
1021 4045 1241 4087 errores
1271 4047 1404 4088 suos
1432 4031 1706 4088 Constan-

120 4118 362 4188 tinopoli
393 4119 759 4178 disseminare
781 4123 968 4193 coepit,
998 4121 1228 4180 Proclus
1276 4124 1591 4180 adhucdum
1629 4126 1704 4182 ibi

110 4212 363 4283 degens,
413 4214 771 4270 celeberrima
827 4216 1074 4272 oratione
1117 4217 1332 4287 publice
1376 4219 1431 4272 in
1475 4217 1707 4274 ecclesia

123 4305 344 4366 habita,
387 4317 610 4361 strenue
659 4323 756 4365 eos
799 4307 1159 4379 impugnavit.
1211 4309 1308 4364 Vir
1355 4309 1459 4365 fuit
1495 4311 1709 4368 eximia:

117 4397 492 4468 benignitatis
519 4406 576 4452 et
621 4401 1088 4466 mansuetudinis,
1121 4417 1224 4457 nec
1272 4403 1502 4459 minoris
1545 4404 1710 4458 indu-

116 4490 299 4552 stria,
349 4504 480 4559 qua,
535 4490 664 4547 licet
702 4491 812 4545 vim
857 4503 1138 4548 externam
1186 4503 1378 4549 contra
1423 4495 1709 4552 haereticos

118 4579 380 4636 adhiberi
403 4581 594 4644 nollet,
624 4591 877 4639 errantes
905 4593 1086 4638 tamen
1114 4584 1334 4640 assidue
1363 4602 1462 4656 pro
1479 4589 1711 4644 veritate

115 4671 422 4728 decertans
463 4674 820 4745 victoriaeque
873 4684 1134 4732 assuetus
1183 4677 1239 4732 in
1268 4678 1412 4733 viam
1461 4680 1709 4736 veritatis

1805 3661 2000 3716 Cilicia
2049 3663 2178 3716 olim
2206 3664 2484 3734 episcopo,
2526 3673 2652 3718 ante
2691 3664 2875 3734 plures
2915 3663 3028 3733 jam
3079 3680 3252 3719 annos
3285 3663 3381 3719 de-

1807 3752 2018 3817 functo,
2055 3753 2148 3824 qui
2176 3754 2232 3807 in
2265 3755 2421 3809 libris
2471 3755 2589 3810 suis
2637 3755 2795 3826 longe
2836 3754 3055 3825 lateque
3088 3755 3385 3810 celebratis

1805 3845 2060 3903 Nestorio
2089 3848 2260 3904 facem
2286 3848 2620 3917 praetulerat.
2647 3846 2960 3902 Doctrinam
2984 3864 3049 3902 ex
3078 3847 3202 3901 istis
3228 3848 3384 3900 libris

1807 3947 2115 4010 excerptam
2171 3940 2499 4006 Nestoriani,
2534 3940 2835 4009 praesertim
2905 3939 2960 3994 in
3016 3939 3274 3994 Armenia
3332 3945 3388 3993 et

1806 4030 2030 4098 Persia,
2067 4032 2172 4088 sub
2217 4032 2693 4088 commendatione
2741 4033 2879 4086 tanti
2911 4033 3151 4088 nominis
3192 4047 3390 4103 propa-

1809 4139 1940 4193 gare
1985 4125 2165 4180 conati
2198 4132 2349 4179 sunt.
2401 4125 2599 4179 Verum
2641 4123 2878 4179 Aeacius
2925 4124 3286 4181 Melitinensis
3334 4131 3388 4180 et

1809 4214 2049 4270 Rabulas
2083 4213 2398 4270 Edessenus
2423 4216 2736 4286 cpiscopus,
2764 4231 2824 4269 re
2853 4217 3096 4288 cognita,
3117 4218 3388 4271 Armenos

1811 4314 2145 4362 monuerunt
2170 4306 2236 4361 de
2264 4307 2506 4362 cavendo
2533 4323 2721 4362 errore
2747 4309 2960 4379 magnis
2989 4323 3049 4363 se
3069 4308 3389 4363 nominibus

1810 4406 2059 4468 tegente;
2090 4399 2294 4455 Cilicia:
2324 4410 2507 4455 autem
2554 4401 2823 4472 episcopi,
2867 4401 3177 4472 patrocinio
3204 4400 3390 4456 Theo-

1812 4490 1933 4546 dori
1972 4501 2251 4564 suscepto,
2282 4494 2480 4548 litteris
2511 4493 2566 4547 in
2597 4495 2914 4550 Armeniam
2939 4493 3166 4548 directis
3201 4493 3390 4548 Acacii

1811 4593 1866 4640 et
1906 4582 2133 4640 Babulai
2181 4587 2389 4640 monita
2424 4587 2644 4642 nonnisi
2676 4603 2742 4641 ex
2794 4586 2978 4642 studio
3022 4586 3393 4641 contentionis

1812 4676 2058 4747 profecta
2099 4682 2510 4734 asseverabant.
2565 4679 2750 4748 Itaque
2801 4678 3072 4750 oppositis
3132 4678 3394 4749 utrinque

115 4765 396 4819 reducere
446 4766 731 4837 satagebat
775 4766 866 4836 (c).
907 4767 1261 4838 Quapmpter
1298 4771 1496 4826 iterum
1541 4779 1706 4845 atque
1739 4771 2040 4863 Dvocibus
2090 4771 2147 4825 in
2201 4787 2402 4840 anceps
2451 4771 2659 4824 redacti
2709 4771 2982 4826 Armenia:
3032 4770 3275 4842 episcopi
3337 4771 3392 4824 in

109 4857 350 4919 iterum,
377 4863 440 4910 ut
473 4856 656 4912 sedem
685 4857 1350 4931 Constantinopolitanam
1385 4872 1704 4934 occuparet,

107 4947 308 5018 populi
343 4948 487 5002 votis
513 4948 812 5018 expetitus,
854 4950 1073 5006 tandem
1104 4960 1230 5022 post
1257 4952 1576 5008 Maximiani
1607 4955 1710 5010 ob.

188 5126 273 5195 (ά)
298 5125 525 5198 Socrat.
561 5125 771 5198 Hister.
799 5128 983 5183 eccles.
1013 5127 1109 5181 lib.
1140 5146 1236 5191 vn,
1267 5145 1316 5185 c.
1349 5130 1439 5196 28,
1473 5131 1562 5192 Μ,
1603 5132 1699 5198 ιὸς

103 5196 412 5270 Nicephori
439 5195 645 5270 Histor.
664 5197 848 5270 eccles.
872 5199 1086 5270 Iib.xnv,
1106 5200 1264 5270 0:38;
1283 5200 1576 5270 Epitraamii
1596 5195 1701 5270 Byl-

110 5261 646 5341 ‘rigntinjACatatogus
661 5269 1099 5341 patriarcharum
1131 5261 1621 5341 Constantinopol.,
1639 5261 1698 5328 'v.

108 5332 222 5412 971
232 5336 362 5412 μθ
398 5339 453 5391 in
483 5332 586 5403 Af;
611 5332 752 5412 Maii
774 5335 1186 5412 ΔῙῩοΕᾳ-ρςοιιεξει.
1218 5351 1455 5412 ceterum
1486 5332 1699 5412 script.,

112 5412 164 5456 ι.
208 5400 398 5483 luxv;
437 5423 477 5459 ι.
521 5400 733 5483 p.229.
764 5405 852 5462 cr.
884 5407 1180 5483 Tillemont
1215 5411 1252 5465 1.
1287 5426 1362 5479 c.,
1389 5428 1441 5483 p.
1475 5400 1662 5468 604:6.

214 5465 822 5550 _(e)__S.ocr:it._"_i_§_t_or.
854 5479 1040 5550 cedes.
1084 5479 1180 5534 lib.
1225 5465 1696 5548 νιιίόξλίιςλὲς

114 5540 182 5624 ξ.
208 5536 323 5624 ιᾷςρ
365 5537 617 5624 M-{rpigt-
638 5536 771 5624 1⁵5)
801 5563 854 5624 τις
887 5549 1245 5624 1_:‘§.Cyri|!.
1279 5536 1577 5624 Menandr.
1611 5536 1698 5624 ep:

112 5612 187 5667 51
217 5605 604 5693 19911;.an
635 5622 690 5676 Ρη
712 5622 793 5693 Α¹¹ι
914 5605 1699 5693 Δίὴθῖῗὶξηξυμοάίτδηη

114 5697 176 5736 c.
212 5676 340 5735 137;
366 5676 464 5735 ’Cl'.
502 5676 798 5731 'l‘illemont
833 5676 869 5729 I.
903 5690 951 5730 c.
988 5691 1042 5746 p.
1075 5676 1240 5733 10649

973 5717 1308 5823 Ebfvvttrc.
1342 5749 1433 5818 26,
1479 5752 1581 5819 29,
1616 5754 1704 5820 55,

117 5815 578 5892 ‘OE'Synodicon
608 5818 817 5885 Casin.,
850 5835 900 5872 e.
938 5815 1058 5872 125.

1814 4863 2049 4918 concilio
2101 4872 2442 4928 statuerunt,
2483 4861 2739 4917 Proclum
2785 4878 2848 4917 ea
2877 4861 2948 4918 de
2987 4877 3050 4919 re
3082 4863 3394 4930 consulere,

1817 4956 1886 5009 ad
1914 4970 2075 5025 quem
2117 4954 2258 5010 duos
2301 4956 2651 5026 presbyteros
2691 4955 2901 5025 legatos
2946 4954 3218 5011 miserunt
3266 4970 3394 5011 cum

1883 5129 1956 5200 (gi)
2003 5131 2327 5185 Prooemium
2356 5130 2512 5201 hujus
2541 5130 2830 5200 synodicte,
2877 5129 2946 5185 de.
2984 5146 3091 5201 qua
3124 5131 3269 5188 haud
3303 5132 3394 5187 in-

1810 5201 2072 5273 frequens
2097 5202 2238 5272 apud
2262 5209 2474 5273 veteres
2504 5209 2600 5273 est
2635 5201 2862 5273 mentio,
2911 5203 3179 5273 exstat_in
3216 5203 3392 5273 Syno-

1810 5267 1928 5326 dico
1964 5267 2267 5342 Ciasinensi.
2301 5272 2404 5342 cui
2420 5271 2488 5325 50
2516 5269 2624 5342 (ed.
2652 5267 2885 5342 Schulze
2920 5286 3020 5342 ep.
3056 5271 3202 5342 129),
3249 5267 3303 5326 ἐι
3339 5275 3394 5331 in

1811 5342 1949 5412 Qpp.
1991 5341 2167 5396 Procli
2211 5342 2319 5412 eds
2349 5340 2752 5412 Gallandqep.
2793 5341 2891 5412 17;,
2919 5340 3046 5397 Vid.
3093 5340 3394 5412 Sy'nodicon

1811 5410 1994 5468 Casin.
2027 5411 2248 5474 0.144,
2299 5410 2423 5478 145,
2477 5410 2600 5473 148,
2639 5410 2761 5471 H9.
2805 5411 2929 5467 158.
2963 5412 3048 5467 Cf.
3098 5410 3396 5468 Tillemont

1810 5491 1849 5536 t.
1882 5481 2022 5545 XIV,
2059 5482 2119 5553 s.
2166 5482 2387 5553 Cyrille,
2441 5489 2546 5533 art.
2576 5479 2679 5553 1‘21
2709 5481 2948 5553 (p.572,
2992 5481 3135 5551 573).
3170 5513 3244 5553 -έ
3276 5485 3394 5536 Alia

1807 5555 2057 5622 quzedam
2094 5552 2151 5609 S.
2185 5549 2363 5608 Procli
2395 5549 2682 5622 synodica,
2729 5550 2890 5620 cujus
2921 5549 3129 5606 mentio
3163 5552 3395 5605 habetur

1807 5621 1863 5678 in
1898 5624 2225 5679 Theodoreti
2260 5621 2546 5692 epist.’86,
2581 5622 2872 5689 posteriori
2909 5631 3157 5691 tempore
3174 5623 3391 5692 scripta

1809 5694 2048 5754 videtur,
2089 5694 2173 5748 Cf.
2224 5689 2595 5762 PfConstant
2630 5692 2684 5762 in
2708 5693 2978 5762 epistolis
3026 5689 3247 5762 ipontiﬂ‘.
3283 5690 3392 5746 llo-

1814 5775 1986 5827 man.,
2014 5764 2278 5819 Monitum
2315 5764 2369 5817 in
2405 5761 2461 5818 S.
2499 5761 2649 5832 Xysti
2685 5759 2865 5834 ill—ep.
2899 5763 2987 5816 10.
