3842 6300
137 330 246 388 617

1349 336 1772 396 TESTIMONIA
1812 341 2166 399 VETERUM.

3308 353 3337 404 (ἶ
3344 353 3425 410 318'

137 448 248 516 ππ),
281 454 337 500 et
371 445 438 500 de
476 438 725 516 ejusdem
760 445 1158 504 circumcisione
1199 460 1394 508 octavo
1431 464 1555 526 post
1593 457 1734 511 nali-
1764 477 1806 528 Α
1837 459 2124 530 pontillces
2178 460 2410 517 summis
2451 462 2707 523 laudibus
2742 467 2894 523 illum
2935 469 3265 523 extollerent
3313 468 3413 541 (ὁ).

141 538 364 592 vitatem
403 537 495 592 die
534 539 622 608 (A.
676 537 781 593 Mai
852 541 889 594 ι.
927 555 978 596 c.
1030 557 1084 611 p.
1140 548 1532 617 Lxxxtv—vn),
1570 549 1623 603 in
1677 564 1724 605 s.

140 629 478 700 theOphania
510 631 626 685 sive
667 633 722 687 in
768 635 1062 704 epiphauia
1113 635 1327 694 Domini
1381 641 1544 712 (orat.
1595 644 1723 714 vn);

137 735 324 774 sermo
347 721 430 776 De
459 724 850 792 incarnatione,
878 727 1064 784 dictus
1087 730 1140 784 in
1167 729 1410 789 Sabbato
1435 744 1562 791 ante
1582 736 1728 803 Qua-

135 810 505 881 dragesimam
537 815 556 886 (
590 817 652 870 A.
685 815 793 872 Mai
848 818 884 872 l.
935 835 984 874 c.
1031 836 1084 891 p.
1136 828 1626 897 Lxxxvut-—xcu);
1658 827 1728 883 In

137 902 667 973 transﬁgurationem
705 908 870 980 (orat.
913 911 1061 982 vm);
1096 912 1164 969 In
1199 933 1374 972 ramos
1412 915 1727 975 Palmarum

135 994 302 1061 (orat.
334 998 408 1066 ix)
431 1016 446 1062 ;
476 999 530 1052 in
561 999 750 1056 feriant
777 1005 1022 1074 quintam
1043 1006 1122 1061 De
1147 1025 1293 1063 caena
1321 1010 1537 1066 Domini
1560 1014 1722 1083 (orat.

133 1085 232 1154 x);
268 1090 323 1140 in
365 1089 674 1148 Parasceve
704 1095 777 1150 De
800 1098 1046 1166 passione
1073 1099 1352 1156 Dominica
1391 1105 1554 1172 (orat.
1609 1106 1722 1177 xl);

136 1195 282 1235 unus
299 1181 380 1236 De
398 1188 780 1242 resurrectione
798 1189 1014 1246 Domini
1033 1192 1217 1250 dictus
1234 1195 1286 1249 in
1302 1204 1462 1252 nocte
1480 1199 1724 1268 paschali

134 1275 303 1342 (orat.
337 1279 462 1344 xu);
499 1288 612 1335 tres
644 1282 696 1334 in
715 1284 775 1338 S.
813 1283 1018 1339 Pascha
1044 1286 1205 1358 (orat.
1244 1303 1366 1354 xm,
1392 1308 1486 1347 xw
1507 1303 1560 1348 et
1597 1295 1723 1362 xv);

130 1379 279 1418 unus
312 1365 392 1420 De
410 1371 718 1425 ascensione
746 1373 1066 1448 Domini(A.
1097 1377 1200 1433 Mai
1245 1381 1282 1434 Ι.
1312 1397 1362 1436 c.
1393 1398 1726 1453 p.t.xxvn—

131 1463 398 1525 uxxm);
423 1461 660 1533 denique
694 1482 840 1522 unus
868 1466 934 1522 In
953 1473 1007 1528 S.
1036 1470 1379 1528 Pentecosten
1401 1476 1562 1548 (orat.
1585 1478 1722 1550 xvr).

199 1545 259 1599 2.
305 1547 520 1606 Laudes
553 1565 885 1613 sanctorum.
934 1559 1042 1617 llas
1077 1565 1221 1619 inter
1247 1545 1451 1624 eminet
1483 1571 1727 1625 celeber-

127 1636 276 1728 rima
310 1640 405 1696 illa
438 1644 680 1702 laudatio
713 1650 768 1704 in
817 1651 920 1708 SS.
971 1653 1070 1709 Dei
1107 1647 1427 1714 Genitricem
1466 1660 1722 1728 Mariam,

125 1727 396 1788 Nestorio
429 1748 696 1806 prazseute
739 1743 945 1813 habita,
973 1747 1042 1803 ab
1066 1764 1242 1819 eoque
1278 1750 1592 1823 frequenter
1621 1727 1724 1810 iui?

1837 551 2062 606 Cazterae
2093 553 2339 621 epistolae
2387 554 2471 608 vel
2505 557 2864 627 epistolarum
2915 559 3222 630 fragmenta
3265 561 3414 633 (scil.

1836 660 1925 714 ep.
1953 645 2008 706 5,
2036 643 2091 708 4,
2121 643 2208 711 10,
2239 645 2327 710 11,
2360 646 2448 710 15,
2480 648 2568 718 17)
2605 651 2810 720 ubique
2842 653 3111 723 insignem
3145 653 3265 722 ejus
3285 654 3419 707 cha-

1837 737 2053 791 ritatem
2090 736 2352 806 produnt,
2390 755 2492 794 nec
2524 742 2706 797 minus
2733 743 2861 800 fidei
2890 746 3089 811 zelum,
3126 760 3289 815 quam
3323 739 3420 814 pa-

1837 827 1916 883 cis
1950 834 2114 898 atque
2138 828 2367 898 justitiat
2393 846 2634 887 amorem
2660 834 2874 904 spirant
2903 835 2992 906 (ε).

1907 918 1986 973 Ex
2034 921 2284 976 doctrina
2316 923 2372 976 S.
2409 922 2591 978 Procli
2643 925 2777 980 illud
2812 927 3049 981 maxime
3095 934 3288 981 notatu
3329 925 3418 980 di-

1834 1028 2022 1082 gnum,
2052 1014 2197 1085 quod
2229 1015 2430 1084 saepius
2455 1016 2510 1070 in
2540 1016 2701 1072 Tomo
2731 1018 2800 1072 ad
2830 1019 3132 1080 Armenios,
3158 1027 3211 1074 et
3242 1021 3297 1072 in
3328 1005 3442 1072 ce?

1836 1105 2122 1161 leberrinta
2155 1106 2245 1161 illa
2268 1106 2598 1163 Laudatione
2615 1109 2716 1165 SS.
2746 1111 2841 1166 Dei
2867 1111 3148 1167 Genitricis
3177 1115 3338 1176 (orat.
3374 1114 3414 1180 ι)

1833 1201 2091 1256 illibatam
2129 1199 2188 1257 S.
2227 1201 2410 1257 Mariae
2464 1204 2828 1273 virginitatem
2891 1206 3056 1260 etiam
3106 1213 3228 1276 post
3284 1219 3415 1274 par-

1836 1297 1952 1344 tum
1981 1292 2203 1347 disertis
2234 1293 2420 1349 verbis
2454 1296 2667 1348 astruit.

1906 1382 2178 1438 Editiones
2206 1401 2224 1438 :
2253 1383 2311 1439 S.
2343 1385 2522 1440 Procli
2552 1386 2827 1458 Opuscula
2856 1386 2950 1442 Gr.
2985 1395 3039 1442 et
3070 1387 3192 1442 Lat.
3235 1387 3324 1443 ed.
3348 1386 3413 1441 G.

1835 1474 2204 1541 Elmenhorst,
2229 1474 2477 1548 Lugduni
2505 1477 2692 1532 Batav.
2721 1477 2860 1532 1617
2892 1479 2946 1532 ἱιι
2972 1477 3049 1532 8°.
3082 1476 3228 1548 (Haec
3251 1476 3419 1532 editio

1835 1569 2084 1624 continet
2107 1577 2320 1624 tantum
2359 1577 2597 1640 quatuor
2620 1573 2900 1625 orationes
2934 1580 2987 1624 et
3018 1578 3131 1624 tres
3156 1561 3420 1640 epistolas

1835 1669 1999 1731 atque
2027 1660 2337 1717 Tractatum
2378 1663 2443 1719 de
2478 1663 2765 1718 traditione
2797 1662 2990 1717 diuina
3017 1663 3264 1732 liturgite,
3301 1660 3416 1729 ple-

1835 1769 2007 1824 raque
2033 1755 2129 1811 Gr.
2165 1765 2218 1810 et
2248 1756 2369 1814 Lat.
2395 1776 2411 1824 ;
2443 1758 2554 1812 vid.
2589 1757 2658 1813 de
2689 1757 2925 1828 singulis
2950 1755 3242 1810 Holl‘mann
3267 1753 3418 1809 Lexi-

127 1837 383 1920 pugnata
415 1831 581 1890 (orat.
613 1835 676 1904 1);
703 1845 757 1891 et
791 1839 964 1894 altera
999 1843 1198 1899 similis
1223 1847 1528 1916 argumenti
1561 1849 1723 1919 (orat.
1761 1849 1800 1903 Β
1829 1867 1927 1904 con
1950 1850 2303 1920 bibliograph.
2340 1861 2378 1905 t.
2406 1849 2498 1915 lll,
2525 1868 2571 1905 s.
2596 1868 2648 1904 γ.
2677 1849 2906 1905 Proclus
2939 1866 2996 1920 ῃ.
3031 1847 3324 1917 475-74.)
3346 1877 3418 1886 ~—

123 1917 203 1985 γ).
238 1920 533 1977 Accedunt
587 1926 832 1984 laudatio
869 1931 927 1986 S.
975 1932 1131 1989 Pauli
1176 1939 1412 2008 apostoli
1462 1917 1726 1997 fervidior

125 2011 297 2104 (erat.
350 2016 492 2087 xxx),
547 2017 606 2074 S.
654 2021 890 2080 Andreae
934 2028 1171 2097 apostoli
1200 2030 1365 2102 (orat.
1416 2033 1530 2104 xx),
1563 2041 1618 2090 et
1665 2033 1722 2089 S.

122 2099 371 2160 Joannis
405 2107 791 2180 Chrysostomi
829 2115 992 2184 (orat.
1029 2119 1170 2190 nt).
1205 2099 1304 2177 llis
1347 2099 1726 2192 adjungeudus

121 2197 280 2250 venit
304 2214 492 2256 sermo
519 2201 598 2258 De
620 2202 680 2259 S.
715 2206 982 2264 Clemente
1007 2221 1264 2283 martyre,
1291 2214 1525 2286 Ancyrae
1549 2216 1603 2272 in
1627 2215 1728 2274 Ga-

120 2285 260 2340 latia
298 2289 566 2362 episc0po
602 2295 689 2363 (Α.
725 2297 830 2352 Mai
885 2299 922 2354 l.
953 2316 1003 2355 (ι.
1043 2318 1096 2372 p.
1135 2305 1476 2374 xcrv—vm).

194 2381 257 2434 '5.
296 2381 596 2441 Tractatus
619 2388 685 2442 de
707 2391 995 2447 traditione
1007 2393 1201 2450 divina:
1221 2394 1410 2452 Μίδεω
1437 2401 1557 2467 (seu
1582 2408 1725 2454 orat.

119 2476 294 2544 uti),
333 2477 579 2550 alioquin
628 2485 850 2541 nonnisi
884 2485 1274 2558 fragmentum,
1313 2505 1424 2560 quo
1468 2495 1728 2563 praecipui

121 2567 486 2638 liturgiarum
517 2574 663 2641 apud
699 2576 926 2634 Graecos
953 2590 1315 2638 recensentur
1354 2594 1631 2653 auctores,
1663 2605 1728 2645 ac

122 2662 447 2730 presertim
481 2666 718 2737 liturgiaz
735 2667 794 2723 S.
817 2669 1008 2728 Basilii
1033 2673 1328 2734 etJoannis
1346 2679 1726 2750 Chrysostomi

121 2752 287 2819 origo
316 2759 636 2824 exponitur,
661 2774 690 2813 a
707 2763 1038 2832 quibusdam
1057 2766 1110 2820 in
1129 2767 1356 2823 dubium
1382 2778 1613 2826 vocatur
1628 2774 1724 2846 (a).

199 2843 292 2898 11.
350 2846 612 2915 Epistula:
663 2853 722 2908 S.
781 2854 966 2911 Procli
1012 2868 1208 2928 septem
1265 2863 1426 2918 hodie
1482 2843 1724 2932 exstant,

119 2953 369 3006 quarum
399 2941 558 3012 longe
585 2945 942 3003 celeberrima
966 2960 1087 3006 est:
1117 2951 1312 3008 Tomus
1331 2959 1448 3026 (seu
1482 2956 1728 3027 Epistola

119 3030 188 3083 de
213 3031 348 3100 ﬁde)
374 3033 444 3086 ad
490 3035 791 3107 Armenios,
823 3055 933 3110 quo
973 3046 1296 3114 mysterium
1332 3049 1729 3107 lncarnationis

121 3123 353 3178 Domini
386 3141 651 3196 perquam
697 3144 957 3189 accurate
987 3138 1301 3207 exponitur,
1336 3140 1476 3196 adeo
1511 3151 1572 3196 ut
1609 3144 1728 3214 epi-

1827 1940 1885 1996 S.
1916 1941 2094 1998 Procli
2137 1945 2388 1999 analecta
2417 1945 2536 2012 (seu
2569 1941 2748 2013 Opera
2786 1943 3039 2011 collecta)
3069 1956 3099 1995 a
3126 1939 3416 1996 Vincentio

1825 2034 2096 2092 Riccardo
2134 2036 2228 2092 Gr.
2259 2046 2314 2091 et
2345 2037 2464 2091 Lat.
2499 2051 2623 2090 cum
2653 2042 3040 2097 commcntar.,
3065 2031 3252 2087 Romae
3280 2030 3418 2085 1650

1827 2129 1881 2183 in
1907 2130 1982 2185 4⁸.
2009 2128 2151 2184 -Ρ.
2176 2128 2540 2184 Combeiisius
2567 2128 2623 2182 in
2644 2129 2902 2184 Auctario
2921 2143 3050 2182 novo
3075 2125 3419 2182 Bibliotheca:

1827 2221 2082 2289 Patrum,
2119 2220 2296 2278 Paris.
2333 2221 2490 2283 1648.
2527 2229 2569 2275 t.
2609 2219 2649 2285 Ι,
2684 2235 2738 2291 p.
2764 2219 3112 2286 502-»496,
3156 2218 3416 2273 homilias

1827 2330 1927 2370 seu
1959 2315 2243 2370 orationes
2273 2314 2469 2384 viginti
2502 2312 2560 2368 S.
2591 2312 2771 2368 Procli
2803 2313 3030 2383 (omissa
3052 2320 3265 2366 tantum
3293 2325 3418 2365 ora-

1827 2407 1975 2463 tione
2030 2407 2229 2463 Asterii
2269 2407 2552 2476 Amaseni)
2604 2406 2804 2460 iterum
2865 2405 3173 2460 recensitas
3221 2405 3316 2458 Gr.
3361 2411 3418 2459 et

1829 2499 1951 2554 Lat.
1987 2516 2113 2556 cum
2147 2501 2296 2556 notis
2325 2500 2519 2556 edidit.
2544 2530 2615 2539 —
2639 2498 2890 2569 Denique
2924 2499 3110 2553 omnia
3148 2499 3206 2552 S.
3235 2496 3418 2552 Procli

1828 2610 2018 2666 opera,
2057 2611 2179 2666 quae
2217 2596 2506 2664 hucusque
2549 2602 2771 2664 reperta
2821 2600 2973 2656 sunt,
3010 2609 3076 2646 ex
3119 2591 3250 2646 edit.
3285 2588 3416 2644 Ric-

1829 2687 1980 2741 cardi
2008 2699 2064 2742 et
2099 2686 2419 2742 Combelisii
2459 2686 2690 2741 collecta
2720 2685 2928 2755 optime
2961 2684 3293 2739 exhibentur
3317 2683 3415 2737 Gr.
3507 2732 3515 2739 .

1829 2786 1884 2835 et
1913 2777 2034 2834 Lat.
2067 2779 2122 2834 in
2146 2777 2376 2833 Galland
2416 2777 2674 2833 Biblioth.
2705 2778 2928 2832 Patrum
2956 2790 2994 2831 t.
3020 2775 3110 2839 IX,
3138 2792 3192 2846 p.
3224 2773 3324 2828 601
3347 2803 3418 2814 -—

1833 2869 1957 2933 704,
1989 2870 2083 2924 ubi
2113 2871 2278 2925 etiam
2316 2870 2393 2940 (p.
2427 2869 2664 2941 703—4)
2713 2869 3017 2938 fragmenta
3066 2866 3316 2937 quadam
3349 2881 3419 2919 ex

1831 2963 2176 3018 orationibus
2199 2962 2496 3034 deperditis
2517 2970 2570 3017 et
2602 2979 2666 3018 ex
2691 2961 2940 3032 epistolis
2969 2959 3251 3015 nonnullis
3282 2956 3416 3012 Pro-

1834 3057 1903 3110 cli
1945 3056 2318 3126 reperiuntur.
2353 3054 2567 3120 Quibus
2619 3070 2767 3109 nunc
2819 3051 3020 3108 addere
3050 3058 3266 3121 oportet
3297 3066 3415 3105 ser-

1833 3161 2025 3202 mones
2048 3147 2116 3201 ab
2146 3146 2211 3200 A.
2237 3147 2339 3200 Mai
2412 3155 2681 3216 repertos,
2713 3161 2942 3218 quorum
2988 3146 3199 3215 primus
3232 3143 3330 3199 Gr.
3365 3150 3421 3197 et

121 3219 282 3286 scopi
314 3219 575 3274 catholici
616 3237 712 3292 per
745 3233 920 3280 totum
960 3226 1238 3285 Orientem
1270 3231 1444 3287 eidem
1475 3235 1724 3291 subscri-
1752 3219 1794 3276 ο
1829 3239 1973 3305 Lat.,
2017 3240 2210 3311 reliqui
2239 3240 2431 3295 Latine
2465 3249 2676 3295 tantum
2708 3239 3056 3295 exhibentur.

119 3310 324 3366 herent
353 3322 618 3383 tanquam
652 3332 862 3373 normae
886 3329 1050 3376 rectae
1073 3321 1219 3390 ﬁdei,
1251 3325 1465 3396 ipsique
1491 3327 1722 3384 Romani

236 3469 318 3549 la)
345 3469 777 3549 ‘Cf._:l"illemont
818 3476 855 3531 l.
895 3493 943 3532 c.
981 3493 1034 3546 p.
1096 3479 1259 3546 80L;
1310 3482 1529 3538 Ceillier
1556 3485 1592 3538 l.
1638 3501 1714 3549 c.,

120 3558 178 3594 η.
214 3540 410 3621 2(_i_(_p.
438 3543 781 3621 itii—DS),
823 3555 877 3621 e_.t
910 3556 948 3601 t.
983 3540 1034 3614 l,
1074 3566 1195 3621 cap.
1247 3540 1287 3604 '2
1311 3592 1325 3615 ,
1359 3562 1462 3607 art.
1497 3595 1509 3612 .
1546 3572 1603 3610 ιι.
1645 3540 1714 3620 8;

119 3621 198 3696 (p.
254 3612 591 3686 510—”);
641 3612 772 3670 Eu}.
831 3612 1384 3693 Renaudot'Litur-g.
1449 3612 1716 3682 Oriental;

119 3681 381 3750 Lollect.,
420 3693 460 3736 t.
492 3684 545 3750 l,
607 3703 659 3750 p.
714 3687 806 3750 22,
865 3700 919 3745 et
973 3690 1043 3744 '26
1075 3724 1132 3734 —
1172 3692 1228 3750 7.
1268 3692 1320 3748 J.
1381 3697 1443 3748 A.
1477 3693 1716 3750 Fabricii

119 3683 381 3759 Collect.,
420 3693 460 3736 t.
492 3683 546 3751 ι,
607 3703 659 3756 p.
714 3687 806 3751 22,
865 3700 919 3745 et
973 3690 1043 3744 ~26
1075 3724 1132 3734 —
1172 3692 1228 3759 7,
1268 3683 1443 3748 J.'A.
1477 3693 1718 3752 Fabricii

119 3749 757 3831 Eibliotlt.uGrtvc.Uvol.
805 3760 896 3823 IX,
949 3777 1002 3831 p.
1048 3762 1316 3817 διο-ιι.
1351 3766 1517 3821 Card.
1565 3767 1717 3822 Bona

125 3819 334 3909 ferum
388 3825 582 3909 Iliturg.
618 3829 710 3883 lib.
757 3845 796 3893 ι,
827 3819 976 3899 (ι.’9’,
1012 3850 1069 3888 n.
1102 3835 1170 3901 9,
1204 3819 1377 3891 etiam
1433 3819 1720 3909 liturgiatn

124 3892 184 3944 S.
233 3890 421 3947 Procli
451 3890 737 3953 memorat.

195 3963 393 4049 (lla-De
435 3969 654 4049 nomine
708 3971 860 4049 Tomi
915 3974 1025 4029 vid.
1068 3991 1233 4045 supra
1277 3985 1319 4031 t.
1367 3977 1458 4049 IL
1499 3976 1526 4049 §
1596 3979 1719 4044 115,

118 4047 177 4102 p.
203 4034 338 4088 405.
372 4065 445 4075 --
475 4036 548 4093 De
574 4038 722 4094 Tomi
754 4043 919 4113 hujus
958 4034 1289 4104 auctoritate
1317 4048 1392 4103 cf.
1418 4034 1718 4105 Tillemonl

1825 3495 1864 3558 ι.
1898 3485 2040 3551 le,
2079 3486 2139 3543 s.
2177 3485 2557 3558 Cyrilletart.
2592 3487 2690 3544 ιιι
2746 3486 2846 3558 (ρ.
2886 3486 3122 3544 630-51
3163 3486 3216 3552 );
3259 3483 3312 3540 J.
3348 3484 3418 3539 Α.

1825 3557 2072 3638 Fabric-ii-
2098 3557 2568 3638 Bibliothzlircec.
2585 3560 2715 3638 _vo_l.
2743 3557 2923 3638 IX,.p.
2958 3558 3018 3638 ξιι
3033 3559 3238 3638 l-_—-l_‘2.
3373 3626 3385 3638 .

1899 3628 2269 3700 (c)~Riccardi
2301 3629 2471 3700 editio
2505 3629 2741 3684 sedecim
2773 3631 3040 3700 epistolas
3081 3630 3267 3700 habet,
3294 3628 3419 3696 qui-

1825 3698 1937 3778 bus
1960 3698 2292 3778 Gallandius
2311 3699 2584 3778 decimam
2610 3698 2896 3778 septimam
2925 3700 3123 3778 adjecit
3143 3699 3271 3778 {sed
3291 3712 3419 3778 pars

1829 3770 2009 3840 major
2045 3770 2610 3849 illustrandisrebus
2641 3771 2811 3839 gestis
2853 3769 2910 3823 S.
2935 3769 3121 3849 Procli
3156 3769 3420 3849 inservit,

1827 3857 1894 3895 ac
1921 3839 2142 3895 nonnisi
2178 3851 2375 3910 septem
2399 3842 2467 3896 de
2497 3843 2701 3910 quibus
2735 3856 2900 3910 supra
2933 3840 2986 3893 iu
3009 3839 3122 3894 l’ita
3147 3840 3208 3893 S.
3240 3839 3419 3910 Procli

1828 3912 2150 3981 singillatim
2177 3909 2362 3966 actum
2387 3920 2492 3978 est,
2520 3909 2782 3968 Proclum
2802 3909 2982 3981 ipsum
3007 3919 3290 3964 auctorem
3322 3909 3418 3962 ha-

1828 3983 1982 4037 bent.

115 4221 3409 4274 Ἢ

580 4399 1164 4494 VETERUM
1241 4407 1994 4504 TESTIMONIA
2077 4415 2225 4502 DE
2303 4414 2398 4504 S.
2475 4413 2951 4507 PROCLO

1147 4592 1484 4650 EPISCOPO
1522 4586 2388 4658 CONSTANTINOPOLITANO.

115 4823 399 4882 CntLLus
436 4826 612 4880 ALsx.
651 4827 707 4880 in
764 4825 1012 4898 Exposit.
1049 4829 1315 4899 Symboli.
1348 4829 1434 4904 Ex
1461 4843 1609 4904 part.
1644 4849 1723 4897 tu,
1765 4833 1941 4904 tione.
1979 4831 2171 4904 Epltes.
2203 4849 2326 4903 cap.
2361 4835 2455 4899 45,
2495 4835 2592 4888 sub
2621 4836 2716 4904 ﬁn.
2745 4864 2815 4875 —
2862 4833 3034 4888 Cone.
3101 4829 3230 4883 edit.
3285 4829 3408 4887 Ven.

1368 4901 1560 4968 Labb.,
1591 4913 1718 4956 tam.
1767 4901 1856 4971 lill,
1885 4918 2010 4974 pag.
2050 4903 2206 4958 1721.

187 5017 385 5072 Ταῦτα
417 5020 608 5091 φρονεῖ
632 5016 752 5089 μεθ’
795 5019 956 5090 ἡμῶν
979 5021 1007 5072 ὁ
1038 5019 1382 5092 φιλόχριστος
1414 5023 1524 5076 τῶν
1552 5025 1723 5093 ἁγίων

1904 5023 2030 5080 Haec
2062 5025 2231 5081 sentit
2261 5026 2550 5082 nobiscum
2589 5026 3005 5082 amantissimus
3058 5026 3265 5084 Christi
3297 5043 3412 5087 san-

111 5112 386 5184 Πατέρων
431 5111 612 5183 χορὸς,
655 5112 751 5166 καὶ
781 5113 945 5177 αὐτὸς
982 5113 1038 5166 δὲ
1084 5117 1113 5168 ὁ
1154 5114 1272 5168 νυνὶ
1317 5115 1409 5170 τὸν
1436 5117 1537 5186 τῆς
1561 5118 1724 5186 ἁγίας

111 5205 997 5279 ΚωνσταντινουπολιτῶνἘκκλη
1007 5208 1126 5271 σίας
1148 5211 1578 5282 κατακοσμήσεις
1601 5211 1724 5283 Θρό-

111 5310 227 5347 νον.
257 5295 562 5359 ὁσιώτατος
610 5298 707 5350 καὶ
733 5297 1156 5360 Θεοσεὸἐστατος
1185 5298 1436 5368 ἀδελφὸς,
1479 5301 1572 5352 καὶ
1597 5317 1722 5354 συν-

50 5441 52 5445 ,
111 5381 427 5444 etiamm;
450 5387 714 5459 Πρόκλος.

1831 5125 2046 5172 ctorum
2078 5116 2302 5173 Patrum
2353 5119 2583 5182 chorus,
2631 5127 2686 5173 et
2743 5119 2860 5190 ipse
2905 5119 3000 5188 qui
3030 5136 3180 5176 nunc
3219 5131 3422 5178 sanctae

1831 5207 2458 5281 Constantinopolitanae
2485 5211 2747 5267 Ecclesiae
2777 5212 3032 5266 thronum
3060 5223 3312 5278 exornat,
3339 5230 3408 5270 re

1830 5303 2218 5374 ligiosissimus
2248 5316 2304 5360 et
2327 5305 2769 5376 sapientissimus
2795 5304 2965 5359 frater
2985 5314 3040 5360 et
3063 5307 3422 5377 coepiscopus

1832 5395 2060 5452 Proclus

917 5511 1045 5567 locu
1085 5513 1240 5578 ibid.,
1275 5530 1397 5584 pag.
1437 5513 1593 5578 1727,
1632 5515 1700 5570 ad
1725 5515 1992 5572 Joannem
2024 5517 2288 5572 Antioch.
2322 5526 2376 5571 et
2408 5517 2607 5588 synod.

198 5621 293 5672 Ἑν
327 5620 393 5688 τῇ
421 5618 574 5685 πρὸς
595 5617 950 5687 Ἀρμενίους
975 5625 1420 5693 Ἐπιστολῇ,τὸν
1459 5628 1559 5697 τῆς
1595 5627 1728 5698 ἁλη-

118 5712 275 5774 Θείας
298 5709 460 5776 λόγον
487 5707 825 5779 ὀρθοτομῶν,
851 5709 1137 5780 διεκήρυξε
1175 5717 1358 5781 σαφῶς
1382 5721 1409 5767 ὁ
1429 5717 1726 5784 ὁσιώτατος

122 5804 218 5857 καὶ
255 5799 683 5865 θεοσεϐέστατος
713 5801 942 5870 ἁδελφὸς
977 5803 1158 5874 ἡμῶν,
1202 5806 1293 5859 καὶ
1329 5810 1720 5876 συνεπίσκοπος

1906 5628 1966 5683 in
1999 5628 2244 5698 Epistola
2274 5629 2344 5683 adv
2376 5631 2671 5692 Armenios,
2717 5645 2842 5684 cum
2875 5642 3186 5685 sermonem
3219 5633 3420 5679 verita--

1835 5721 1905 5777 tis
1936 5733 2083 5777 recte
2114 5731 2396 5784 tractaret,
2443 5723 2648 5778 diserte
2683 5721 3002 5793 prtedicavit
3035 5717 3419 5773 sanctissimus

1832 5822 1884 5871 et
1918 5814 2366 5885 religiosissimus
2394 5815 2562 5871 frater
2589 5823 2776 5871 noster
2805 5824 2860 5869 et
2899 5813 3261 5884 coepiscopus
3281 5807 3418 5864 Pro-
