3842 6302
468 315 572 372 659

1559 318 1616 372 S.
1661 317 1979 375 PROCLUS
2016 318 2123 376 GP.
2162 318 2562 376 EPISCOPUS.

465 431 607 498 elus,
653 429 738 486 vir
787 430 932 500 pius,
977 438 1032 486 et
1073 429 1142 484 ad
1189 439 1466 486 certamen
1516 433 1778 490 adversus
1815 451 1910 490 eos
1941 437 2033 505 qui

2167 437 2403 507 Ιρόκλος,
2425 438 2562 508 ἀνὴρ
2583 437 2831 507 εὐσεϐὴς,
2851 439 2943 493 καλ⁷
2966 440 3078 502 τοῖς
3097 437 3167 492 τὰ
3183 438 3322 510 ὀρθὰ
3350 438 3506 492 διαστ
3516 437 3712 508 ρέφοιι-

465 538 588 592 ιιιιειι
615 531 763 578 recta
803 532 950 586 sunt.
972 531 1322 593 pervertunt,
1349 526 1699 590 exercitatus,
1723 535 1778 582 et
1799 543 1865 582 ex
1889 531 2032 582 veri-

463 613 595 669 tatis
630 614 933 670 assertione
973 614 1251 669 victoriam
1281 623 1562 685 reportare
1588 631 1864 673 assuetus.

2045 735 2122 794 II.

2141 547 2224 584 σιν
2257 529 2686 584 ἁνταποδύεσθαι
2719 531 3126 602 μεμελετηκὼς,
3164 532 3250 583 ὅτι
3278 530 3374 584 καὶ
3414 531 3569 599 νικᾷν
3591 529 3714 594 ἔθος

2140 621 2288 691 αὐτῷ
2321 618 2673 691 πρεσϐεύοντι
2697 619 2795 691 τὴν
2825 621 3103 692 ἀλήθειαν.

1506 857 1786 912 Socnnss
1816 855 1958 912 Hist.
1990 860 2126 914 eccl.
2169 860 2259 912 tib.
2294 871 2392 923 vu,
2427 875 2544 926 cap.
2574 856 2664 912 26.

533 967 665 1023 Orta
700 978 784 1025 est
817 979 999 1026 autem
1045 980 1168 1042 post
1203 973 1412 1028 obitum
1461 973 1628 1027 Attici
1675 975 1842 1027 multa
1888 976 2034 1030 circa

463 1059 863 1115 ordinationem
910 1063 1151 1132 episcopi
1203 1065 1501 1128 contentio,
1570 1065 1700 1119 dum
1757 1066 1846 1118 alii
1898 1067 2034 1120 alios

463 1152 811 1222 quazrebant:
859 1171 980 1209 nam
1029 1157 1247 1226 quidam
1295 1158 1601 1228 Philippum
1635 1159 2033 1230 presbyterum,

463 1247 714 1301 nonnulli
767 1262 894 1303 vero
944 1247 1195 1302 Proclum
1249 1249 1491 1304 ordinari
1549 1251 1868 1320 cupiebant:
1921 1259 2036 1304 erat

465 1346 644 1393 autem
675 1349 729 1395 et
773 1341 821 1396 is
866 1342 1164 1413 presbyter.
1227 1341 1601 1397 Communiter
1642 1357 1772 1398 vero
1803 1354 2036 1399 cunctus

466 1432 700 1500 populus
728 1430 1027 1487 Sisinnium
1067 1433 1310 1487 ordinari
1343 1433 1583 1503 Optabat.

2225 977 2470 1045 Ἐγένετο
2492 977 2548 1029 δὲ
2574 973 2712 1046 μετὰ
2731 975 2830 1045 τὴν
2860 976 3115 1047 τελευτὴν
3155 976 3402 1030 Ἀττικοῦ
3433 977 3602 1048 πολλὴ
3627 997 3715 1048 φι-

2140 1071 2378 1123 λονεικία
2421 1070 2548 1141 περὶ
2603 1068 2931 1140 χειροτονίας
2971 1071 3290 1135 ἐπισκόπου,
3339 1070 3516 1124 ἄλλων
3557 1070 3715 1124 ἄλλον

2139 1161 2471 1232 ζητούντων·
2526 1161 2668 1224 τινὲς
2699 1161 2797 1231 μὲν
2833 1161 2964 1230 γὰρ,
2997 1163 3146 1230 φησι,
3172 1161 3438 1215 Φίλιππον
3466 1160 3554 1214 τὸν
3586 1179 3718 1232 πρε-

2140 1250 2398 1318 σϐύτερον
2444 1249 2689 1318 ἐζήτουν,
2734 1249 2874 1311 τινὲς
2909 1249 2966 1300 δὲ
2997 1248 3271 1319 Πρόκλονο
3324 1248 3420 1300 καὶ
3461 1245 3616 1311 οὗτος
3661 1247 3717 1300 δὲ

2137 1340 2503 1410 πρεσϐύτερος
2522 1336 2609 1409 ἦν.
2654 1340 2820 1410 Κοινῇ
2842 1339 2897 1392 δέ
2927 1341 3033 1403 πᾶς
3059 1342 3086 1393 ὁ
3111 1339 3232 1403 λαὸς
3260 1339 3443 1392 ἐπόθει
3474 1337 3718 1408 γίνεσθαι

2140 1430 2424 1483 Σισίννιον.

1810 1546 1939 1603 lusit
1968 1545 2122 1612 ibid.,
2163 1561 2281 1614 cap.
2309 1543 2400 1598 28.

536 1661 750 1717 Mortuo
771 1662 1156 1734 Cyzicenorum
1185 1668 1461 1737 episcopo.
1483 1667 1686 1722 Sisinni
1695 1684 1756 1723 us
1773 1667 2024 1723 Proclum

2207 1665 2313 1718 Τοῦ
2339 1663 2663 1735 Κυζικηνῶν
2701 1665 2995 1717 ἐπισκόπου
3025 1663 3465 1734 τελευτήσαντος,
3489 1663 3518 1714 ό
3547 1662 3719 1714 Σισίν-

465 1751 648 1824 Cyzici
695 1755 966 1810 ordinavit
1020 1756 1356 1827 episcopum.
1413 1756 1547 1812 Cum
1601 1759 1781 1828 itaque
1807 1757 2034 1813 Proclus

2168 1773 2246 1818 ιος
2281 1754 2524 1826 Πρόκλον
2553 1755 2922 1826 ἐχειροτόνησε
2957 1755 3092 1825 πρὸς
3143 1755 3450 1825 ἐπισκοπὴν
3478 1755 3573 1823 τῆς
3609 1753 3718 1804 Κυ-

465 1843 726 1916 Cyzicum
775 1856 918 1902 esset
963 1848 1328 1918 profecturus,
1361 1860 1740 1920 prmvenerunt
1770 1866 1894 1905 eum
1933 1850 2039 1922 Cy-

467 1939 666 2001 ziceni,
720 1954 784 1995 ac
823 1941 996 1995 virum
1038 1943 1368 2015 religiosum,
1423 1947 1643 1999 nomine
1686 1943 2035 2007 Dalmatium,

469 2031 879 2088 ordinaverunt.
935 2033 1001 2088 Et
1033 2035 1134 2091 hoc
1168 2035 1414 2092 fecerunt
1451 2037 1695 2108 neglecta
1755 2037 1869 2107 lege
1921 2052 2042 2106 qua:

464 2124 660 2194 jubet,
707 2143 775 2181 ne
829 2139 1025 2198 praeter
1075 2132 1396 2185 sententiam
1448 2130 2040 2200 Constantinopolitani

467 2218 730 2290 episc0pi,
764 2221 870 2274 ulla
904 2221 1255 2293 ﬁatepisc0pi
1295 2223 1586 2278 ordinatio.
1630 2222 1826 2294 Legem
1861 2231 2040 2276 autem

467 2308 629 2363 istam
677 2310 798 2366 ideo
845 2313 1218 2384 neglexerunt,
1253 2313 1401 2384 quod
1450 2329 1516 2368 ea
1559 2315 1626 2368 ad
1676 2313 1847 2369 solius
1879 2310 2044 2366 Attici

467 2415 758 2470 personam
805 2404 912 2458 lata
967 2408 1276 2474 pertineret.
1346 2405 1544 2462 Mansit
1593 2408 1776 2476 itaque
1822 2404 2048 2458 Proclus

469 2491 966 2565 Constantinopoli,
1000 2505 1052 2551 et
1096 2497 1220 2552 licet
1257 2497 1511 2553 Ecclesia:
1559 2513 1670 2551 suae
1708 2513 1815 2550 non
1849 2512 2047 2565 praees-

469 2591 575 2647 set,
611 2586 664 2638 in
695 2588 946 2642 ecclesiis
975 2599 1154 2644 tamen
1183 2587 1807 2658 Constantinopolitanis
1841 2586 2046 2642 docen-

472 2671 542 2726 do
570 2674 772 2731 ﬂoruit.

2142 1847 2316 1912 ζίκου.
2364 1847 2665 1910 Μέλλοντος
2709 1843 2802 1901 οὖν
2841 1848 3047 1916 διάγειν
3080 1848 3164 1899 ἐπ’
3199 1847 3389 1919 αὐτὴν,
3430 1847 3719 1915 φθάνουσιν

2142 1942 2189 1992 οἱ
2211 1936 2512 2009 Κυζικηνοὶ
2557 1940 2650 1991 καὶ
2681 1937 3077 2009 χειροτονοῦσιν
3112 1937 3278 2008 ἄνδρα
3309 1937 3626 2007 ἀσκητικὸν,

2143 2035 2315 2105 ὄνομα
2345 2029 2413 2105 ἦν
2439 2031 2763 2103 Δαλμάτιος.
2796 2033 2906 2084 Καὶ
2932 2030 3078 2084 τοῦτ’
3112 2031 3396 2101 ἐποίησαν,
3421 2029 3721 2100 ἀμελήσανι

2144 2143 2236 2189 τες
2270 2124 2366 2179 τοῦ
2416 2126 2581 2195 νόμου
2623 2123 2722 2179 τοῦ
2772 2123 3104 2189 κελεύοντος,
3159 2123 3310 2194 παρὰ
3352 2121 3582 2192 γνώμην
3625 2120 3717 2173 τοῦ

2147 2219 2446 2272 ἐπισκόπου
2472 2217 3110 2280 Κωνσταντινουπόλεως,
3143 2215 3474 2286 χειροτονίαν
3505 2213 3724 2267 ἐπισκό-

2147 2330 2252 2366 που
2316 2311 2390 2381 μὴ
2429 2311 2694 2379 γίνεσθαι.
2741 2310 3048 2380 Ἦμέλησαν
3094 2308 3150 2360 δέ
3190 2307 3282 2360 τοῦ
3317 2308 3483 2377 νόμου
3512 2305 3720 2367 τούτου,

2147 2405 2222 2469 ὼς
2249 2403 2481 2474 Ἀττικῷ
2501 2404 2644 2473 μόνῳ
2668 2405 2748 2466 είς
2773 2403 3062 2473 πρόσωπον
3089 2399 3543 2471 παρασχεθὼτος.
3568 2399 3725 2468 Ἐμεο

2147 2514 2236 2550 νεν
2270 2493 2362 2550 οὖν
2391 2499 2418 2550 ὁ
2447 2496 2708 2566 Πρόκλος,
2758 2495 2963 2558 οἰκείας
2998 2493 3097 2565 μὲν
3123 2491 3444 2560 Ἑκκλησίας
3481 2493 3555 2560 μὴ
3591 2506 3724 2559 προ-

2147 2589 2340 2651 εστὼς,
2371 2589 2426 2639 ἐν
2449 2587 2505 2640 δὲ
2524 2590 2643 2648 ταῖς
2664 2585 2978 2655 ἐκκλησίαις
2999 2583 3097 2654 τῆς
3113 2580 3723 2641 Κωνσταντινουπόλεως

2153 2679 2291 2750 μετὰ
2314 2678 2411 2742 τὰς
2439 2678 2786 2741 διδασκαλίας
2809 2675 3005 2730 ἀνθῶν.

1805 2821 1935 2878 ῘΒΕΙΙ
1967 2823 2119 2904 ἱὺίιίη
2149 2841 2265 2894 cap.
2304 2825 2391 2880 35'.

544 2932 676 2990 Post
706 2934 1102 3007 depositionem
1133 2954 1261 2994 vero
1281 2937 1536 3007 Nestorii,
1557 2957 1752 2998 rursus
1781 2941 2055 3012 discepta-

475 3025 555 3080 tio
585 3036 705 3082 erat
725 3028 792 3084 de
817 3030 1068 3100 eligendo
1096 3034 1374 3103 episcopo.
1411 3032 1477 3086 Et
1501 3035 1656 3088 multi
1683 3035 1900 3104 quidem
1925 3034 2054 3088 Phi-

2223 2942 2378 2997 Μετὰ
2423 2944 2480 2996 δὲ
2523 2945 2622 3014 τὴν
2648 2944 2942 3014 Νεστορίου
2993 2940 3330 3012 καθαίρεσιν,
3389 2938 3549 2992 πάλιν
3599 2935 3726 3007 περὶ

2154 3035 2411 3107 ἐπιλογῆς
2439 3035 2736 3089 ἐπισκόπου
2779 3037 3005 3105 ζήτησις
3035 3029 3122 3104 ἦν.
3167 3033 3276 3085 Καὶ
3312 3030 3495 3084 πολλοὶ
3520 3030 3618 3099 μὲν
3638 3027 3725 3079 Φί-

475 3116 706 3188 lippum,
738 3121 922 3190 plures
949 3138 1078 3177 vero
1099 3122 1350 3179 Proclum
1379 3125 1686 3196 eligebant;
1715 3135 1768 3182 et
1790 3127 2053 3182 obtinuis-

2167 3130 2379 3189 ttmtov,
2425 3123 2640 3186 πλείους
2683 3124 2741 3177 δὲ
2793 3122 2884 3175 τὸν
2937 3123 3175 3194 Πρόκλον
3230 3121 3546 3189 ἐπελέγοντο
3568 3137 3583 3150 υ
3633 3118 3725 3171 καὶ

477 3220 562 3266 set
597 3228 729 3270 sane
755 3213 932 3271 Procli
957 3217 1172 3280 electio,
1219 3218 1325 3274 nisi
1357 3227 1639 3290 potentum
1669 3220 1918 3274 nonnulli
1949 3220 2048 3274 ob-

478 3304 767 3372 Stitissent,
807 3323 1016 3364 canone
1061 3310 1431 3365 ecclesiastico
1462 3311 1736 3381 prohiberi
1763 3311 2048 3366 dicentes:

476 3393 556 3450 Ne
586 3398 872 3468 quisquam
927 3401 1214 3470 episcopus
1271 3401 1364 3456 uni
1411 3401 1661 3457 addictus
1708 3403 1952 3459 ecclesia:
1984 3403 2052 3456 ad

479 3485 644 3540 aliam
673 3489 948 3545 civitatem
977 3492 1363 3547 transferatur.
1400 3490 1513 3548 Hoc
1546 3493 1694 3549 dicto
1719 3508 1784 3548 ac
1820 3493 2050 3557 credito,

479 3587 704 3636 coactus
727 3589 810 3638 est
847 3583 1076 3653 populus
1097 3585 1467 3655 acquiescere.

2153 3214 2456 3285 ἐκράτησεν
2488 3214 2555 3267 ἂν
2606 3215 2640 3285 ἡ
2673 3213 2915 3285 Πρόκλου
2969 3212 3184 3284 γνώμη,
3229 3214 3278 3264 εί
3320 3213 3394 3283 μή
3445 3227 3587 3272 τινες
3623 3208 3725 3260 τῶν

2159 3307 2368 3378 μεγάλα
2399 3307 2711 3378 δυναμένων
2756 3307 3057 3371 ἐκώλυσαν,
3089 3308 3380 3378 φήσαντες,
3409 3305 3606 3358 κανόνα
3639 3305 3728 3353 ὲκ-

2152 3397 2538 3470 κλησιαστικδν
2572 3396 2820 3459 κωλύειν,
2838 3397 2928 3450 τὸν
2959 3395 3326 3466 ὀνομασθέντα
3359 3393 3502 3455 τινὸς
3530 3391 3728 3449 πόλεως

2156 3493 2453 3546 ἐπίσκοπον
2496 3492 2575 3554 είς
2627 3489 2822 3560 ἑτέραν
2881 3488 3276 3562 μεταφέρεσθαι
3330 3485 3503 3539 πόλιν.
3564 3480 3728 3534 Τοῦτο

2157 3585 2342 3655 λεχθὲν
2362 3585 2459 3639 καὶ
2483 3583 2791 3652 πιστευθὲν,
2818 3583 2910 3638 τὸν
2935 3584 3063 3637 λαὸν
3083 3581 3374 3654 ἡσυχάζειν
3398 3575 3715 3648 ἠνάγκαζεν.

1798 3718 1929 3774 IDEM
1964 3717 2122 3783 ibid.,
2153 3736 2266 3788 cap.
2301 3719 2390 3774 56.

552 3836 654 3904 Qui
688 3846 815 3890 tunc
841 3837 943 3890 ista
975 3834 1158 3890 dicere
1196 3836 1376 3890 conati
1411 3843 1560 3901 sunt,
1590 3835 1674 3889 vel
1708 3835 1910 3890 invidia
1938 3834 2057 3889 fue-

483 3937 613 3984 runt
656 3943 784 3998 erga
815 3925 1066 3981 Proclum
1109 3925 1340 3991 infecti,
1367 3926 1453 3981 vel
1495 3935 1550 3981 et
1595 3940 1857 3992 canones,
1907 3941 2059 3995 qua:-

482 4037 548 4076 ve
597 4035 969 4090 saepenumero
1016 4019 1219 4073 utiliter
1273 4019 1326 4072 in
1379 4019 1629 4075 ecclesiis
1673 4027 1825 4090 gesta
1883 4018 2056 4085 fuere,

485 4110 828 4180 ignorabant.

2235 3836 2299 3887 Οἱ
2329 3835 2446 3887 τότε
2468 3833 2640 3887 ταῦτα
2673 3833 2853 3900 λέγειν
2904 3835 3360 3902 ἐπιχειρήσαντες,
3409 3827 3522 3880 ἀλλ’
3564 3824 3596 3893 ἦ
3629 3837 3720 3874 κα-

2164 3927 2604 3980 τασκευὰσασθαι
2643 3925 2822 3996 φθόνῳ
2864 3923 2940 3994 τῷ
2996 3925 3132 3995 πρὸς
3183 3923 3273 3976 τὸν
3300 3916 3622 3991 Πρόκλον,ῆ
3667 3912 3721 3963 ἀ-

2165 4021 2342 4087 γνοεῖν
2373 4018 2466 4071 καὶ
2499 4018 2623 4079 τοὺς
2657 4016 2906 4077 κανόνας,
2942 4016 3035 4068 καλ⁵
3081 4015 3151 4067 τὰ
3181 4011 3436 4073 πολλάκις
3468 4001 3722 4078 χρειιιῦὦς

2168 4113 2226 4163 ἐν
2240 4115 2358 4178 ταῖς
2382 4107 2730 4178 Ἐκκλησίαις
2757 4108 3044 4176 γενόμενα.

1823 4251 1951 4304 lusu
1986 4249 2134 4317 ibid,
2159 4265 2274 4318 cap.
2306 4249 2397 4304 40.

561 4367 921 4422 Maximianus
942 4383 1072 4422 vero
1105 4382 1228 4421 cum
1260 4367 1536 4421 biennium
1567 4381 1632 4421 ac
1661 4381 1878 4421 menses
1901 4367 2062 4435 quin-

2242 4364 2582 4436 Μαξιμιανὺς
2608 4363 2665 4416 δὲ
2697 4363 2791 4415 δύο
2815 4360 3094 4419 ἐνιαυτοὺς
3123 4370 3257 4426 προς
3301 4354 3413 4414 τοῖς
3441 4350 3600 4403 πέντε
3630 4365 3723 4417 μη·

489 4477 596 4531 que
625 4459 879 4514 Ecclesia:
917 4467 1103 4527 pacate
1137 4459 1463 4527 prarl‘uisset,
1507 4466 1757 4512 mortuus
1799 4467 1902 4520 est,
1933 4473 2053 4510 eon-

2173 4459 2256 4510 σίν
2287 4457 2506 4528 ἡσύχως
2528 4457 2627 4526 τῆς
2669 4452 2994 4522 Ἑκκλησίας
3026 4446 3285 4520 προστὰς,
3312 4442 3654 4508 ἐτελεύτησεν
3676 4441 3726 4491 ἐν

488 4556 702 4610 sulibus
729 4553 1039 4608 Areobindo
1069 4564 1121 4608 et
1156 4558 1383 4622 Aspare,
1429 4552 1749 4606 duodecima
1786 4550 1872 4603 die
1903 4550 2067 4618 Apri-

487 4649 578 4703 lis.
604 4648 815 4702 Accidit
839 4657 1042 4708 a'utem,
1082 4657 1140 4700 ut
1175 4646 1510 4701 hebdomada
1538 4653 1684 4700 esset
1708 4643 2066 4712 jejuniorum,

489 4738 774 4795 Paschalis
807 4739 944 4792 festo
978 4739 1189 4792 vicina:
1254 4746 1370 4790 erat
1405 4746 1583 4789 autem
1619 4735 1736 4789 dies
1761 4735 1851 4786 illa
1877 4732 2066 4803 quinta

488 4831 704 4886 vocata.
733 4832 885 4885 Tunc
911 4839 1091 4885 autem
1123 4841 1169 4885 et
1197 4829 1539 4884 Theodosius
1562 4829 1857 4896 imperator
1889 4839 2070 4878 causae

491 4924 622 4978 huic
655 4925 929 4992 sapienter
973 4921 1248 4992 providit:
1304 4921 1503 4976 etenim
1539 4936 1606 4972 ne
1649 4917 1830 4971 denuo
1872 4917 1928 4969 in
1953 4917 2072 4971 ele-

489 5015 671 5068 ctione
697 5013 936 5082 episeopi
961 5013 1289 5082 disceptatio
1311 5010 1566 5073 oriretur,
1595 5017 1650 5062 et
1679 5007 1922 5062 Ecclesia
1949 5020 2073 5075 per-

495 5104 830 5169 turbaretur,
882 5105 1285 5163 incunctanter.
1340 5101 1582 5154 nondum
1635 5100 1857 5152 human
1895 5097 2072 5150 Maxi-

492 5193 663 5248 miani
696 5209 948 5262 corpore,
994 5192 1354 5262 praesentibus
1383 5190 1654 5260 episcopis
1685 5189 1960 5257 praecepit,
2014 5195 2073 5238 ιιι

494 5284 750 5340 Proclum
784 5286 1135 5339 ordinarent:
1171 5299 1297 5338 nam
1324 5281 1389 5334 ad
1421 5297 1541 5336 eam
1570 5296 1682 5334 rem
1713 5287 1766 5332 et
1789 5276 2070 5331 Ctnlestini

492 5378 733 5446 episcopi
769 5375 999 5429 Romani
1051 5377 1244 5428 littera:
1291 5388 1413 5442 quae
1451 5372 1628 5425 allatae
1667 5369 1904 5432 fuerant,
1941 5383 2072 5420 con-

491 5469 820 5533 sentiebant,
844 5485 982 5539 quas
1002 5469 1091 5523 ille
1119 5468 1388 5538 etCyrillo
1410 5465 1800 5527 Alexandrino,
1824 5471 1877 5516 et
1902 5461 2072 5515 Joan-

494 5563 551 5618 ni
584 5563 902 5624 Antiochite,
935 5569 989 5616 et
1013 5557 1644 5614 Rufo‘l‘hessalonicensi
1673 5554 2072 5619 miserat,nihil

494 5653 758 5722 impedire
787 5654 1012 5716 docens,
1047 5667 1170 5706 eum
1212 5651 1303 5721 qui
1342 5651 1431 5703 alii
1462 5657 1608 5705 esset
1639 5647 1898 5702 Ecclesiae
1929 5661 2072 5699 nun-

490 5732 746 5813 ‘cupatus,
771 5746 853 5800 vel
886 5745 1049 5800 etiam
1079 5745 1367 5813 episcopus
1397 5751 1562 5806 esset,
1602 5739 1666 5794 ad
1705 5739 1865 5793 aliam
1887 5746 2069 5793 trans-

2176 4527 2410 4620 ὑπατείᾳ
2438 4546 2770 4620 ’Δρεοϐίνδου
2801 4545 2895 4597 καὶ
2920 4545 3221 4612 Ἀσπαρος.
3253 4540 3316 4606 τῇ
3343 4535 3616 4602 δωδεκάτῃ
3645 4527 3723 4581 τοῦ

2186 4619 2712 4714 Ἀπριλλίουγμηνός.
2755 4634 2961 4704 Συνέϐη
2989 4633 3046 4686 δὲ
3073 4635 3128 4683 ὲν
3166 4629 3304 4698 αὐτῇ
3344 4628 3442 4695 τὴν
3476 4619 3726 4690 ἑϐδομαδα

2174 4731 2310 4788 εἶναι
2341 4733 2448 4786 τῶν
2475 4730 2758 4802 νηστειῶν,
2789 4728 2888 4797 τὴν
2912 4723 3319 4794 γειτνιάζουσαν
3345 4721 3411 4788 τῇ
3439 4715 3534 4768 τοῦ
3559 4715 3726 4779 Πάσχα

2174 4829 2334 4898 ἐορτῇ
2359 4843 2372 4856 ο
2405 4825 2585 4895 ἡμέρα
2607 4823 2664 4876 δὲ
2689 4818 2756 4892 ἦν
2779 4818 3084 4888 καλουμένη
3115 4815 3361 4884 πέμπτη.
3397 4810 3528 4862 Τότε
3562 4808 3622 4877 δὴ
3649 4805 3726 4856 καὶ

2173 4921 2202 4971 ό
2258 4917 2509 4986 βασιλεὺς
2539 4913 2817 4974 Θεοδόσιος
2867 4909 3045 4977 σοφῶς
3104 4905 3194 4959 τοῦ
3247 4903 3567 4973 πράγματος

2175 4985 2396 5072 ἐνόησεν
2420 5021 2432 5033 ·
2471 5003 2555 5054 ἵνα
2580 5001 2688 5071 γὰρ
2717 4999 2790 5070 μὴ
2814 4997 2975 5052 πάλιν
3012 4994 3139 5065 περὶ
3165 4992 3422 5058 ἐπιλογῆς
3452 4985 3725 5072 ἐπισκόπου

2177 5071 2403 5166 ζήτησις
2444 5091 2501 5165 ᾗ,
2560 5093 2654 5144 καὶ
2703 5090 2916 5160 ταραχὴ
2960 5090 3026 5156 τῇ
3067 5082 3361 5153 Ἐκκλησία
3392 5080 3604 5147 κινὴσῺι
3662 5071 3723 5140 μὴ

2179 5187 2469 5257 μελλήσας,
2515 5182 2628 5237 ἀλλ’
2670 5181 2752 5233 ἔτι
2783 5179 3034 5250 κειμένου
3071 5175 3165 5229 τοῦ
3197 5174 3446 5243 σώματος
3477 5168 3725 5233 {deity-td-

2175 5279 2265 5335 νοῦ
2293 5281 2403 5341 τοῖς
2431 5275 2693 5348 παροῦσιν
2715 5273 3034 5333 ἐπισκόποις
3057 5267 3359 5339 ἐνθρονίσαι
3386 5263 3476 5316 τὸν
3508 5255 3718 5348 Πρῦξέσν

2176 5370 2474 5441 ἐπέτρεψεν
2505 5386 2518 5399 ι
2551 5366 2708 5420 τοῦτο
2738 5364 2846 5433 γὰρ
2885 5362 2978 5415 καὶ
3003 5360 3097 5414 τοῦ
3140 5355 3440 5410 ἐπισκόπου
3482 5349 3572 5413 τῆς
3610 5341 3718 5443 ω’

2179 5465 2351 5534 μαίων
2382 5459 2704 5515 Κελεστίνου
2733 5451 3014 5508 ἐπιστολαὶ
3044 5448 3313 5520 παροῦσαι
3337 5441 3568 5504 ἐγίνοντο
3604 5441 3719 5499 ‘9!"

2173 5553 2363 5622 ψηφοι.
2395 5550 2459 5611 ἃς
2489 5551 2695 5609 ἐκεῖνος
2743 5542 3072 5597 ἀπεστάλκει
3104 5530 3358 5602 λυρίλλιι»
3388 5546 3443 5580 τε
3475 5526 3549 5596 τῷ

2177 5614 2476 5713 έανδρείας,
2513 5643 2605 5693 καὶ
2649 5637 2868 5701 Ἰωάννῃ
2905 5625 2981 5695 τῷ
3023 5623 3371 5693 Ἀντιοχείας.
3406 5621 3494 5673 καὶ
3534 5614 3718 5679 Ῥούφῳ

2174 5735 2252 5803 τῷ
2276 5711 2687 5794 Θεσσαλονίκης,
2720 5723 2984 5777 διδάσκων
3027 5719 3099 5781 ὡς
3127 5717 3280 5770 οὐδὲν
3327 5713 3530 5767 κωλύει.
3553 5711 3632 5764 τόν
3667 5722 3714 5759 τι
