3842 6312
212 316 309 372 65!

1428 314 1854 372 TESTIMONIA
1894 315 2247 372 VETERUM.

3357 318 3465 374 ϐω

204 436 410 506 ἐτέρας
459 432 665 496 πόλεως
699 431 1085 502 ὀνομασθέντα,
1115 433 1148 502 ἠ
1190 433 1283 485 καὶ
1314 433 1440 486 ὄντα
1469 434 1786 497 ἐπίσκοπον,

1910 433 2368 490 'erriEcclesiam.
2431 434 2723 490 Ordinatus
2765 436 2944 506 itaque
2991 435 3238 498 Proclus.
3297 437 3462 492 funus

199 530 285 591 είς
318 526 489 598 ἄλλην
521 522 926 596 μετατίθεσθαι.
957 521 1348 592 Ἐνθρονισθεὶς
1372 521 1464 579 οῦν
1497 527 1524 578 ὁ
1549 526 1789 593 Πρόκλος

197 619 304 692 τὴν
337 616 636 689 ἐκκομιδὴν
676 614 769 670 τοῦ
801 611 1144 685 Μαξιμιανοῦ
1179 613 1428 686 σώματος
1471 617 1783 688 ἐποιήσατο.

1544 731 1672 786 Ιοεκ
1707 733 1860 798 ibid.,

275 847 521 918 Πρόκλος
546 848 610 900 ἐκ
642 844 864 918 πρώτης
883 844 1098 916 ἡλικίας
1123 844 1474 916 άναγνώστης
1503 846 1796 916 ἐτύγχανεν

201 942 303 1006 ὢν,
329 942 525 1010 ἐφοίτα
549 957 610 993 τε
640 941 718 1003 είς
741 937 1116 1000 διδασκάλους,
1142 939 1234 990 καὶ
1265 937 1559 1008 ῥητορικῆς
1588 937 1796 1004 ἐγίνετο

201 1032 481 1104 ζηλωτής.
518 1032 755 1095 Τελέσας
785 1032 844 1084 δὲ
877 1033 957 1096 είς
986 1031 1176 1101 ἄνδρα,
1200 1030 1269 1084 τά
1297 1031 1466 1084 πολλὰ
1509 1030 1690 1102 παρῆν
1717 1029 1794 1100 τῷ

199 1125 498 1196 ἐπισκόπῳ
521 1124 772 1195 Ἀττικῷ,
799 1125 1149 1196 ὑπογραφεὺς
1166 1123 1330 1176 αὑτοῦ
1359 1123 1468 1176 τῶν
1496 1123 1670 1191 λόγων
1699 1140 1792 1191 γε.

199 1220 456 1290 νόμενος.
495 1218 856 1290 Προκόψαντα
881 1218 940 1271 δὲ
973 1217 1138 1270 αὑτὸν
1174 1218 1270 1270 καὶ
1318 1218 1376 1269 ἐν
1405 1218 1472 1287 τῇ
1511 1216 1662 1282 τάξει
1697 1217 1794 1286 τῆς

196 1313 483 1376 διακονίας
507 1312 751 1374 Ἀττικὸς
775 1313 1150 1383 προηγάγετοο
1181 1311 1434 1377 ἀξιωθεὶς
1461 1311 1518 1365 δὲ
1547 1313 1639 1364 καὶ
1667 1327 1798 1380 πρε-

201 1405 552 1478 σϐυτερείου,
607 1405 682 1468 ὡς
729 1408 1010 1478 προεῖπον,
1061 1405 1166 1458 ὑπὸ
1213 1405 1480 1457 Σισιννίου
1515 1402 1652 1474 πρὸς
1697 1401 1797 1472 τὴν

201 1497 458 1562 Κυζίκου
486 1498 792 1567 ἐπισκοπὴν
819 1496 1151 1569 προεόλήθη.
1185 1495 1320 1550 Τότε
1349 1497 1414 1566 δὴ
1436 1495 1535 1566 τῆς
1557 1497 1614 1548 ἐν
1643 1495 1800 1548 Κων-

202 1591 657 1647 σταντινουπόλει
712 1591 1046 1662 Ἐκκλησίας
1098 1591 1192 1644 τὸν
1245 1590 1436 1661 θρόνον
1490 1585 1798 1659 ἐκληρώθη.

203 1678 317 1735 Ἦν
343 1682 403 1736 δέ
453 1683 592 1754 ἀνὴρ
625 1681 832 1749 ἀγαθὸς
874 1683 936 1737 τὸ
969 1679 1122 1754 ἦθος,
1151 1686 1200 1737 εί
1231 1685 1324 1738 καί
1354 1701 1440 1747 τις
1470 1683 1658 1746 ἄλλος’
1697 1682 1804 1735 ὑπὸ

1887 529 2134 598 corporis
2166 527 2477 582 Maximiani
2517 530 2848 598 procuravit.

1892 750 2011 802 cap.
2041 734 2134 790 4i.

1968 849 2194 903 Proclus
2227 863 2294 903 ex
2329 849 2583 918 primmva
2612 856 2768 904 aetate
2803 848 2972 903 lector
3003 847 3197 904 fuerat.
3223 855 3278 902 et
3313 848 3468 904 audi-

1891 941 1964 994 tis
1995 941 2419 1010 praeceptoribus
2451 940 2735 996 rhetorica:
2767 954 2988 1009 cperam
3017 939 3263 993 dederat.
3330 940 3466 995 Cum

1892 1038 2074 1085 autem
2105 1029 2162 1084 in
2193 1029 2367 1084 virum
2398 1031 2683 1092 evasisset,
2706 1029 2967 1098 episcopo
2997 1029 3178 1082 Attico
3215 1028 3468 1098 frequen-

1891 1131 1974 1176 ter
1995 1121 2220 1184 aderat,
2280 1137 2344 1176 ac
2391 1121 2656 1176 librorum
2708 1120 2856 1175 illius
2923 1119 3271 1175 amanuensis
3328 1125 3466 1173 erat.

1891 1211 2248 1283 Progressum
2271 1219 2475 1275 autem,
2506 1212 2722 1266 Atticus
2750 1211 2817 1264 ad
2847 1209 3171 1264 diaconatus
3195 1209 3358 1264 etiam
3384 1223 3474 1264 or—

1891 1304 2072 1360 dinem
2106 1305 2392 1360 subvexit:
2441 1305 2637 1359 deinde
2681 1311 2735 1358 et
2780 1302 3177 1373 presbyterium
3221 1302 3470 1366 sortitus,

1891 1408 1920 1446 a
1958 1393 2221 1460 Sisinnio,
2257 1393 2401 1448 sicut
2431 1401 2590 1448 antea
2625 1392 2758 1458 dixi,
2813 1393 2880 1446 ad
2912 1391 3289 1462 episcopatum
3317 1390 3475 1462 Cyzi-

1892 1500 2086 1540 cenum
2119 1484 2407 1540 ordinatus
2432 1494 2537 1540 cst.
2571 1483 2926 1540 Postmodum
2957 1499 3087 1538 vero
3116 1491 3170 1538 et
3202 1482 3475 1538 Constan-

1891 1576 2269 1647 tinopolitanae
2299 1576 2556 1633 Ecclesiae
2601 1577 2788 1632 sedem
2829 1583 2916 1631 est
2947 1585 3298 1633 consecutus.
3347 1577 3478 1631 Erat

1896 1676 2076 1725 autem
2102 1670 2190 1724 hic
2219 1670 2322 1734 vir,
2358 1670 2405 1725 si
2435 1670 2724 1743 quisquam
2761 1670 2923 1735 alius,
2957 1671 3172 1741 ingenio
3213 1686 3276 1726 ac
3307 1669 3478 1725 mori-

199 1774 320 1845 γάρ
352 1773 431 1844 τῷ
477 1775 708 1846 Ἀττικῷ
734 1775 1067 1841 παιδευθεὶς,
1100 1775 1279 1830 πάντα
1309 1775 1473 1829 αὐτοῦ
1495 1775 1563 1828 τὰ
1589 1773 1795 1845 χρηστὰ

1910 1764 2003 1818 bus
2039 1763 2238 1825 bonus,
2271 1763 2434 1818 etiam
2467 1763 2536 1817 ab
2575 1762 2757 1816 Attico
2786 1763 3094 1826 institutus,
3138 1776 3477 1833 quaecunque

200 1866 553 1937 ἐμιμήσατοο
604 1865 722 1938 τὴν-
759 1867 816 1920 δὲ
869 1865 1238 1932 ἀνεξικακίαν,
1291 1866 1454 1920 πλέον
1496 1867 1563 1938 ἢν
1593 1866 1799 1929 ἐκεῖνος

200 1953 381 2028 εἶχεν,
413 1957 735 2030 ἐξήσκησεν.
791 1957 852 2012 '0
887 1959 986 2030 μὲν
1029 1959 1140 2030 γάρ
1166 1961 1276 2022 τοῖς
1301 1957 1652 2032 αίρεσιώταις
1706 1975 1800 2026 φο·

201 2050 372 2122 ϐερὸν
403 2052 460 2104 ἐν
486 2050 664 2122 καιρῷ
692 2050 883 2105 ἐαυτὸν
902 2052 1310 2106 ἐπεδείκνυσεν·
1345 2046 1498 2116 οὗτος
1514 2051 1571 2104 δὲ
1598 2067 1801 2123 προση-

202 2144 307 2216 νὴς
333 2147 451 2210 τοῖς
479 2147 643 2198 πᾶσιν
674 2146 883 2214 ἐγίνετο
903 2161 918 2176 ⁸
970 2143 1144 2216 τούτῳ
1172 2143 1230 2198 δὲ
1276 2143 1476 2214 μᾶλλον
1514 2144 1727 2207 αὐτοὺς,
1764 2143 1798 2214 ἢ

203 2238 306 2309 βία
359 2236 731 2309 προσάγεσθαι
779 2237 1056 2310 προνοῶνο
1116 2237 1326 2309 αἵρεσιν
1388 2235 1494 2306 γάρ
1545 2234 1800 2305 οὐδεμίαν

203 2325 470 2380 σκύλλειν
499 2325 841 2398 αἱρούμενος,
893 2326 954 2379 τὸ
994 2326 1212 2397 ἀξίωμα
1253 2325 1353 2396 τῆς
1397 2325 1704 2395 πραότητος
1733 2326 1799 2395 τῇ

203 2417 522 2492 Ἐκκλησία
555 2417 800 2490 φυλάξας
833 2418 1114 2472 ἀπέδωκε-,ο
1182 2416 1324 2471 κατὰ
1352 2415 1512 2470 τοῦτο
1543 2415 1604 2468 τὸ
1638 2414 1803 2485 μέρος

205 2516 302 2569 τὸν
332 2513 560 2586 βασιλέα
588 2513 924 2585 μιμούμενος
950 2511 1248 2567 Θεοδόσιον.

1898 1853 1956 1908 in
1987 1854 2081 1908 illo
2109 1855 2251 1908 bona
2298 1854 2535 1919 fuerant,
2578 1853 2826 1909 imitatus
2855 1861 2940 1910 est
2965 1873 2981 1921 ;
3039 1854 3328 1910 clementia
3351 1869 3478 1907 vero

1901 1961 2036 2001 usus
2059 1954 2141 2002 est
2170 1946 2396 2016 majore,
2444 1961 2607 2015 quam
2662 1946 2714 2000 in
2749 1947 2927 2000 Attico
2957 1945 3151 2002 fuerat.
3209 1947 3302 2002 llle
3329 1961 3483 2000 nam-

1902 2057 2009 2112 que
2064 2041 2334 2096 haereticis
2388 2041 2688 2095 terribilem
2740 2056 2952 2112 se\pro
3003 2049 3248 2113 tempore
3299 2053 3482 2096 osten-

1901 2133 2090 2199 derat;
2148 2133 2237 2188 hic
2289 2148 2418 2188 vero
2463 2133 2719 2188 omnibus
2765 2133 3012 2202 placidus
3042 2131 3166 2198 fuit,
3209 2133 3388 2188 ethoc
3423 2149 3482 2187 se

1901 2233 2062 2295 pacto
2093 2240 2187 2280 eos
2234 2225 2404 2296 magis
2452 2239 2615 2294 quam
2650 2225 2906 2278 violentia
2941 2232 3302 2277 attracturum
3341 2240 3479 2293 pra:-

1901 2318 2192 2390 cogitavit:
2233 2319 2433 2374 ctenim
2467 2317 2671 2372 nullam
2713 2317 2962 2372 lueresim
2988 2319 3239 2372 divexare
3267 2319 3472 2381 Valens,

1903 2411 2320 2467 mansuetudine
2341 2411 2656 2480 dignitatem
2685 2409 2940 2465 Ecclesia:
2969 2410 3173 2464 salvam
3202 2410 3477 2472 restituit;

1905 2512 2068 2575 atque
2111 2520 2176 2559 ea
2226 2505 2280 2558 in
2323 2521 2380 2560 re
2430 2504 2795 2560 Theodosium
2857 2503 3242 2574 imperatorem
3296 2502 3478 2554 imita-

1908 2606 1998 2652 IUS
2025 2606 2130 2652 εει.

1559 2712 1689 2767 Inest
1723 2708 1879 2772 ibid.,
1917 2725 2036 2776 cap.
2072 2706 2164 2760 42.

283 2836 415 2890 Ἐπὶ
450 2833 661 2898 τούτοις
703 2832 803 2905 μὲν
838 2826 931 2886 οῦν
965 2832 1058 2885 καὶ
1096 2830 1126 2882 ό
1152 2829 1406 2901 βασιλεὺς
1470 2828 1632 2882 αὑτὸν
1665 2829 1803 2882 ἀπε-

204 2928 401 2999 δέχετο
436 2944 451 2958 ’
488 2925 715 2997 καὶγὰρ
743 2926 856 2989 τοῖς
887 2922 1101 2996 άληθῶς
1129 2921 1450 2995 ἱερωμένοις
1483 2919 1801 2993 ἐφάμιλλος,

211 3024 311 3076 καὶ
338 3018 576 3092 οὐδαμοῦ
607 3019 732 3082 τοὺς
758 3015 975 3071 διώκειν
1010 3014 1291 3077 ἐθέλοντας
1325 3012 1636 3084 ἀπεδέχετο.

1985 2824 2096 2879 Hac
2128 2826 2312 2895 itaque
2343 2825 2556 2878 ratione
2588 2823 2884 2894 imperator
2906 2821 3157 2877 Proclum
3187 2821 3481 2890 laudabat;

1911 2936 2037 2974 nam
2075 2926 2129 2975 et
2166 2919 2280 2989 ipse
2319 2933 2480 2972 veros
2520 2917 2836 2972 imitabatur
2864 2917 3197 2982 sacerdotes,
3241 2931 3342 2972 nec
3374 2915 3485 2968 ullo

1911 3010 2073 3083 pacto
2099 3025 2194 3066 eos
2215 3009 2551 3080 approbabat
2603 3009 2698 3079 qui
2746 3007 2813 3062 ad
2862 3007 3296 3079 persequendum
3328 3016 3484 3061 erant

1910 3103 2110 3175 parati.

1565 3217 1696 3273 locu
1729 3218 1883 3285 ibid.,
1921 3234 2036 3288 cap.
2069 3219 2158 3272 45.

285 3346 528 3418 Θνήσκει
573 3344 674 3414 μὲν
712 3343 1012 3416 Βαρϐάρων
1069 3343 1098 3395 ὁ
1132 3342 1388 3414 ἔπαρχος,
1439 3333 1486 3408 ᾧ
1517 3341 1692 3412 δνομα
1727 3335 1795 3411 ἦν

1968 3342 2328 3396 Barbarorum
2378 3343 2511 3408 dux,
2564 3343 2783 3398 nomine
2833 3341 3038 3414 Rugos,
3079 3341 3306 3396 fulmine
3340 3341 3485 3393 ictus

224 3440 485 3510 Ῥοῦγας,
516 3438 733 3510 βληθεὶς
776 3436 1026 3510 κεραυνῷ
1046 3453 1062 3468 ο
1105 3435 1291 3506 λοιμός
1329 3453 1388 3488 τε
1417 3433 1810 3506 ἐπιλαϐόμενος

208 3536 278 3588 τὸ
305 3535 561 3588 πλεῖστον
584 3532 692 3585 τῶν
717 3532 809 3584 ὑπ’
837 3529 987 3601 αὐτῷ
1010 3528 1312 3600 ἀνθρώπων
1339 3527 1669 3598 διέφθειρεν.
1700 3526 1810 3580 Καὶ

209 3627 278 3681 οὐ
305 3624 472 3680 τοῦτο
501 3623 664 3695 μόνον
721 3621 1047 3694 ἐξήρκεσεν·
1103 3619 1240 3674 ἀλλὰ
1296 3619 1407 3691 γὰρ
1460 3619 1553 3672 καὶ
1586 3616 1698 3690 πῦρ
1752 3615 1811 3681 ἐξ

210 3716 454 3786 οὐρανοῦ
489 3713 771 3777 κατελθὸν,
805 3713 1034 3776 πολλοὺς
1075 3713 1183 3766 τῶν
1221 3709 1654 3779 ὑπολειφθέντων
1681 3709 1814 3762 ἀνά-

211 3807 415 3861 λωσεν.
449 3805 582 3859 Τότε
637 3804 702 3876 δὴ
755 3803 851 3858 καὶ
908 3805 937 3856 ό
990 3801 1287 3864 ἐπίσκοπος
1319 3799 1582 3872 Πρόκλος,
1618 3800 1684 3852 ἐκ
1715 3795 1810 3851 τοῦ

229 3899 498 3971 ἰεζεκιὴλ
533 3897 866 3970 προφητείαν
892 3896 980 3949 ἐπ’
1000 3893 1294 3966 ἐκκλησίας
1315 3891 1600 3956 διδάσκων,
1629 3893 1696 3962 τῇ
1729 3906 1814 3958 γε·

214 3995 426 4067 νομένῃ
453 3995 518 4049 ἐκ
545 3993 680 4048 Θεοῦ
711 3991 954 4064 σωτηρίᾳ
981 3989 1393 4064 προσαρμόσας,
1423 3985 1623 4049 ἱκανῶς
1653 3985 1814 4039 ἐθαυ-

218 4086 431 4160 μάσθη.
478 4086 542 4140 Ἦ
573 4086 632 4140 δὲ
681 4085 988 4156 προφητεία
1022 4085 1169 4138 ἐστὶν
1199 4082 1337 4154 αῦτη
1363 4099 1377 4112 ο
1439 4079 1550 4134 Καὶ
1582 4079 1685 4144 σὺ,
1721 4077 1814 4132 υἱὲ

219 4179 564 4249 ἀνθρώπου,
594 4179 1025 4248 προφήτευσον
1050 4178 1150 4232 ἐπὶ
1172 4175 1308 4247 Γὼγ
1339 4176 1624 4245 ἄρχοντα,
1644 4175 1810 4241 Ῥὼς,

219 4270 431 4340 Πισὸχ
461 4269 560 4323 και
590 4269 779 4324 Θοϐἐλ
801 4284 816 4300 ο
848 4267 1032 4337 κρινῶ
1069 4268 1177 4337 γὰρ
1207 4267 1394 4322 αὑτὸν
1424 4264 1680 4331 θανάτῳ,
1711 4263 1812 4317 καὶ

219 4365 448 4436 αἵματι,
476 4362 576 4416 καὶ
604 4360 758 4427 ὐετῷ
799 4358 1253 4421 κατακλύζοντι.
1281 4358 1380 4413 καὶ
1403 4359 1599 4425 λίθοις
1625 4356 1813 4427 χαλά-

220 4453 361 4521 ζης·
421 4451 522 4506 καί
574 4451 718 4521 πῦρ,
754 4449 854 4504 καὶ
895 4449 1060 4504 θεῖον
1089 4449 1291 4519 ,βρέξω
1341 4449 1436 4503 ἐπ’
1465 4449 1673 4513 αὑτὸν,
1713 4449 1813 4502 καὶ

217 4544 325 4598 ἐπὶ
357 4542 591 4610 πάντας
617 4541 760 4608 τοὺς
783 4543 910 4612 μετ’
937 4541 1146 4606 αὐτοῦ,
1182 4540 1280 4595 καί
1306 4541 1394 4606 είς
1420 4541 1568 4609 ἔθνη
1610 4541 1815 4595 πολλὰ

217 4637 347 4706 μετ’
368 4635 576 4690 αὑτοῦ.
602 4634 711 4689 Καὶ
736 4630 1292 4703 μεγαλυνθήσομαι,
1316 4632 1414 4686 καὶ
1443 4630 1813 4698 ἐνδοξασθῆ-

1907 3435 2156 3500 interiit;
2213 3446 2266 3489 et
2297 3436 2466 3504 pestis
2513 3436 2804 3491 subsecuta
2844 3436 3136 3489 maximam
3171 3448 3360 3490 eorum
3385 3433 3486 3488 ho-

1911 3528 2119 3582 minum
2144 3528 2238 3598 qui
2269 3529 2372 3583 sub
2410 3529 2503 3583 illo
2537 3529 2776 3592 fuerant,
2809 3537 3016 3598 partem
3049 3527 3341 3583 interemit.
3380 3525 3485 3579 Ne-

1909 3636 2017 3691 que
2043 3623 2124 3676 sic
2153 3622 2310 3692 plaga
2343 3621 2549 3692 quievit
2573 3639 2588 3688 ;
2621 3621 2716 3676 sed
2750 3629 2802 3676 et
2828 3620 2970 3691 ignis
2989 3635 3020 3674 e
3041 3620 3181 3674 cmlo
3209 3617 3487 3687 delapsus,

1913 3697 2177 3782 plurimos
2198 3730 2265 3768 cx
2292 3714 2360 3770 iis
2389 3715 2482 3784 qui
2517 3721 2920 3776 remanserunt,
2953 3709 3312 3780 consumpsit.
3336 3707 3491 3762 Tunc

1911 3820 2046 3862 sane
2073 3807 2365 3876 episcopus
2398 3805 2648 3869 Proclus,
2682 3820 2806 3858 cum
2843 3805 2898 3858 in
2929 3803 3161 3859 ecclesia
3190 3800 3258 3855 de
3287 3800 3488 3854 collata

1913 3897 2088 3953 salute
2110 3897 2414 3954 Ezechielis
2438 3905 2734 3968 exponeret
2754 3896 3116 3968 prophetiam,
3143 3892 3490 3948 admirationi

1914 3987 2016 4042 fuit
2047 3987 2284 4043 abunde.
2332 3988 2504 4043 Erant
2530 3996 2712 4042 autem
2752 3986 2916 4041 verba
2943 3982 3271 4055 prophetiae:
3315 3979 3384 4032 Et
3412 3989 3486 4047 tu,

1913 4081 1994 4148 ﬁli
2035 4079 2284 4142 hominis,
2334 4080 2622 4134 vaticinare
2649 4087 2835 4133 contra
2858 4076 2966 4147 Gog
2991 4075 3300 4146 principem.
3328 4071 3488 4134 Rhos,

1914 4173 2121 4228 Misoclt
2154 4182 2202 4227 et
2236 4172 2396 4227 Tobel
2413 4189 2430 4236 ;
2464 4171 2721 4242 judicabo
2747 4172 2886 4226 enim
2917 4186 3035 4224 eum
3070 4177 3258 4233 morte,
3293 4176 3342 4221 et
3367 4182 3493 4221 san-

1912 4266 2068 4336 guine
2093 4275 2140 4319 et
2167 4265 2332 4318 imbre
2358 4264 2661 4328 vehementi,
2711 4273 2760 4318 et
2802 4261 3064 4331 lapidibus
3086 4260 3396 4333 grandinis;
3443 4267 3494 4314 et

1913 4359 2105 4428 ignem,
2145 4367 2195 4413 et
2227 4357 2449 4427 sulphur
2476 4358 2657 4426 pluam
2695 4371 2852 4425 super
2876 4372 3016 4418 eum,
3045 4365 3093 4410 et
3132 4369 3286 4422 super
3316 4369 3492 4406 omnes

1913 4453 2004 4522 qui
2042 4467 2161 4505 cum
2185 4467 2266 4515 eo,
2309 4461 2358 4504 et
2406 4465 2562 4519 super
2581 4459 2756 4519 gentes
2784 4448 2982 4502 multas
3015 4463 3133 4500 cum
3163 4462 3242 4500 eo.
3277 4443 3346 4497 Et
3381 4460 3495 4496 ma-

1913 4543 2208 4614 gni/icabor
2233 4552 2282 4598 et
2329 4542 2692 4614 gloriﬁcabor,
2743 4550 2793 4596 et
2819 4551 2972 4595 notus
2999 4556 3087 4594 ero
3128 4540 3180 4593 in
3219 4547 3496 4605 conspectu

1915 4635 2210 4688 multarum
2256 4637 2520 4706 gentium:
2565 4644 2613 4688 et
2638 4640 2946 4704 cognoscent
2983 4631 3111 4703 quia
3138 4645 3228 4700 ego
3249 4643 3366 4683 sum
3391 4625 3495 4679 Da-

217 4743 430 4795 σομαι,
457 4725 555 4780 καὶ
577 4723 1007 4796 γνωσθήσομαι
1024 4724 1308 4779 ἐναντίον
1321 4723 1570 4778 πολλῶν
1593 4723 1784 4778 ἐθνῶν

1918 4727 2093 4780 minus
2119 4726 2158 4779 ³.
2194 4723 2556 4780 Vehementer
2588 4725 2795 4795 itaque,
2834 4723 2975 4778 sicut
3005 4721 3141 4786 dixi,
3167 4718 3239 4775 ob
3270 4717 3374 4773 ista
3402 4715 3499 4771 atl-

216 4819 326 4874 καὶ
351 4817 687 4890 γνώσονται
715 4816 806 4870 ὅτι
833 4815 951 4886 ἐγώ
980 4817 1098 4884 ειμι
1127 4817 1160 4868 ὀ
1185 4816 1420 4883 Κύριος.
1469 4815 1682 4886 Σφόδρα
1715 4815 1812 4887 μὲν

216 4911 340 4978 οῦν,
376 4912 452 4976 ὼς
481 4911 639 4983 ἔφην,
673 4907 992 4980 ἐθαυμάσθη
1022 4908 1116 4961 ἐπὶ
1146 4906 1355 4970 τούτοις
1385 4909 1414 4960 ό
1449 4908 1709 4980 Πρόκλος.

1919 4816 2196 4871 mirationi
2225 4814 2327 4871 fuit
2354 4814 2602 4873 Proclus.

1829 4999 1936 5060 ΙΙΙ.

299 5108 386 5162 Ea:
411 5107 650 5162 concilio
703 5105 1047 5162 Antiocheno
1086 5105 1190 5160 sub
1219 5102 1670 5170 Domno,intemto
1698 5106 1895 5158 actioni
1934 5118 2023 5160 xiv
2051 5105 2269 5158 concilii
2305 5105 2591 5173 Chalced.,
2623 5103 2751 5158 edit.
2808 5102 2931 5157 Ven.
2967 5100 3132 5158 Labb.
3173 5111 3300 5157 tom.
3335 5099 3426 5163 IV,

1491 5189 1645 5246 pagg.
1677 5176 1836 5241 1659,
1873 5176 2031 5241 1662,
2072 5175 2233 5229 1665.

295 5289 504 5359 Δόμνος
534 5287 836 5351 ἐπίσκοπος
863 5287 1303 5359 τῆςἋντιοχείας
1329 5281 1512 5340 εἶπενο
1557 5282 1687 5342 Οἶδα
1715 5291 1815 5343 κά-

212 5379 306 5447 γὼ
340 5377 780 5450 ἐκδεδημηκέναι
820 5378 912 5431 τὸν
966 5379 1265 5432 ἐπίσκοπον
1308 5376 1660 5433 Ἀθανάσιον·
1723 5380 1816 5432 καὶ

217 5469 334 5539 γάρ
381 5468 607 5538 ἐκόμισέ
643 5487 733 5540 μοι
777 5470 1082 5542 γράμματα
1131 5469 1698 5551 τῶνθεοφιλεστάτων
1723 5473 1817 5525 καὶ

219 5559 551 5629 ἁγιωτάτων
576 5561 913 5627 ἐπισκόπων,
939 5562 1035 5615 τοῦ
1063 5563 1250 5633 κυρίου
1281 5563 1816 5636 Πρόκλου,φημὶ,καὶ

221 5651 321 5708 τοῦ
349 5651 547 5724 κυρίου
581 5651 877 5722 Κυρίλ).ου.

177 5811 186 5839 ι
301 5799 321 5833 ⁸
359 5795 564 5854 Ezecb.
598 5811 828 5862 xxxvnt,
863 5798 933 5853 22
971 5815 1088 5871 seq.

1987 5288 2230 5344 Domnus
2258 5289 2552 5359 episcopus
2578 5288 2886 5342 Antiochiae
2913 5286 3084 5344 dixit:
3131 5284 3268 5341 Novi
3307 5296 3362 5339 et
3400 5302 3502 5352 rgo

1914 5381 2242 5438 formidasse
2301 5381 2820 5437 reverendissimmn
2881 5381 3197 5450 episcopum
3256 5375 3499 5430 Athana-

1915 5477 2056 5533 sium
2081 5492 2092 5526 :
2118 5491 2242 5529 nam
2265 5474 2458 5530 detulit
2481 5475 2615 5529 mihi
2639 5475 2847 5529 litteras
2877 5473 2971 5528 Dei
2995 5469 3498 5526 amantissimorum

1914 5573 1968 5620 ct
1995 5565 2468 5620 sanctissimorum
2513 5566 2919 5637 episcoporum,
2969 5561 3154 5619 domui
3185 5557 3366 5614 Procli
3389 5556 3498 5612 sci-

1916 5658 2043 5714 licet
2075 5664 2127 5712 et
2156 5657 2340 5712 domni
2371 5656 2583 5729 Cyrilli.
