3842 6352
398 365 504 424 665

1491 365 1548 422 S.
1591 363 1910 424 PROCLUS
1948 367 2052 424 (ΣΡ.
2097 366 2491 423 EPISCOPUS.

3523 364 3636 419 664

458 483 778 540 Theodorus
821 483 1112 553 episcopus
1151 481 1312 537 dixit:
1369 483 1571 538 Divina:
1622 486 1812 541 littera:
1862 503 1955 555 per

2129 487 2398 558 Θεόδωρος
2443 485 2737 546 ἐπίσκοπος
2784 482 2963 537 εἶπεν·
2999 485 3163 537 Ὀσια
3193 481 3501 552 γράμματα
3546 480 3640 534 διὰ

390 578 487 635 Dei
517 578 951 632 amantissimum
993 575 1307 644 episcopum
1339 577 1698 632 Athanasium
1730 578 1957 648 prolatae

387 681 514 728 sunt
545 678 859 726 sanctorum
891 668 1448 738 archiepiscOporum.
1479 668 1674 723 Jubeat
1705 678 1798 723 tua
1829 685 1957 724 san-

389 765 552 819 ctitas
583 765 685 818 bas
716 762 879 833 relegi
913 777 1102 817 coram
1124 771 1315 818 sancto
1347 762 1600 816 concilio.

465 937 809 993 Theoctistus
840 935 1128 1008 episcOpus
1170 935 1440 991 Berrhtere
1469 936 1647 990 dixit:
1690 934 1815 990 Haec
1839 935 1956 1005 ipsa

389 1038 444 1082 et
490 1042 589 1098 ego
633 1027 904 1097 perspexi,
954 1028 1080 1097 quia
1126 1025 1263 1080 falsa
1299 1025 1544 1081 docuerit
1578 1025 1956 1081 sanctissimos

390 1127 443 1172 et
469 1117 966 1173 venerabilissimos
995 1117 1302 1186 episcopos,
1333 1115 1585 1172 Proclum
1617 1115 1867 1170 videlicet
1899 1122 1956 1170 et

386 1207 671 1278 Cyrillum,
707 1208 1192 1264 reverendissimus
1215 1209 1506 1279 episcopus
1533 1209 1887 1264 Athanasius.

458 1297 668 1352 Sabbas
699 1299 988 1368 episcopus
1018 1299 1186 1352 dixit:
1233 1299 1292 1354 Si
1319 1301 1554 1370 quietem
1586 1301 1834 1371 diligeret
1866 1315 1955 1356 re-

387 1388 816 1445 verendissimus
835 1389 1126 1460 episc0pus
1143 1391 1494 1455 Athanasius,
1525 1408 1631 1447 non
1652 1408 1774 1447 eum
1797 1405 1957 1462 opor-

386 1485 570 1534 tuerat
599 1489 724 1550 post
749 1481 1037 1552 repudium
1067 1491 1118 1536 et
1145 1482 1552 1552 jusjurandum,
1583 1485 1955 1554 importunum

385 1571 650 1627 exsistere
699 1573 1064 1628 sanctissimis
1115 1571 1370 1630 Patribus
1427 1583 1481 1630 et
1533 1575 1957 1646 archiepiscOpis

387 1662 581 1719 Proclo
607 1672 662 1720 et
691 1663 912 1736 Cyrillo.

2057 578 2149 630 τοῦ
2175 577 2587 646 Θεοφιλεστάτου
2627 576 2922 629 ἐπισκόπου
2963 575 3280 629 Ἀθανασίου
3307 574 3640 643 κεκόμισται

2055 667 2164 719 τῶν
2200 667 2518 735 ἁγιωτάτων
2559 665 2650 718 καὶ
2688 665 3112 733 θεοφιλεστάτων
3156 665 3488 718 ἐπισκόπων.
3529 665 3641 716 Κε-

2057 753 2303 808 λευσὰτω
2331 772 2421 806 σου
2447 756 2480 824 ή
2511 753 2757 823 ἁγιότης,
2783 752 2955 807 ταῦτα
2983 752 3398 822 ἀναγνωσθῆναι
3421 750 3519 802 ἐπὶ⁵
3538 751 3636 820 τῆς

2061 845 2222 912 ἁγίας
2251 843 2487 896 συνόδου.

2128 935 2447 999 Θεόκτιστος
2501 933 2798 998 ἐπίσκοπος
2836 934 3098 1007 Βερῤοίας
3140 929 3260 986 εἷπε
3283 948 3296 962 ³
3354 930 3437 985 Τὰ
3497 935 3636 984 αυτα

2063 1027 2296 1079 συνεῖδον
2328 1025 2480 1095 κάγὼ
2507 1026 2582 1087 ὡς
2606 1025 2773 1096 ψευδῆ
2803 1025 3008 1092 ἐδίδαξε
3032 1025 3157 1087 τοὺς
3179 1023 3513 1092 ἁγιωτάτους
3544 1021 3639 1072 καὶ

2058 1117 2386 1180 ὁσιωτάτους
2425 1118 2906 1189 ἁρχιεπισκόπους,
2939 1116 3181 1188 Πρόκλον
3221 1115 3364 1185 φημὶ
3399 1113 3498 1164 καὶ
3525 1109 3642 1164 liti-

2063 1210 2238 1282 ριλλον
2271 1213 2299 1264 6
2324 1211 2716 1274 εὐλαϐέστατος
2747 1209 3040 1272 ἐπίσκοπος
3079 1207 3416 1268 Ἀθανὰσιος.

2128 1299 2338 1363 Σὰὃϐας
2367 1300 2662 1364 ἐπίσκοπος
2687 1295 2874 1352 εἶπεν
2927 1300 2989 1351 Εἰ
3034 1297 3132 1368 τὴν
3177 1293 3406 1366 ἡσυχίαν
3447 1291 3641 1363 ἠγάπα

2063 1395 2092 1446 ό
2137 1392 2526 1455 εὑλαὸἐστατος
2585 1392 2882 1453 ἐπίσκοπος
2941 1388 3254 1450 Ἀθανάσιος
3286 1426 3300 1448 ,
3375 1384 3478 1438 οὐκ
3533 1383 3647 1436 ἔδει.

2061 1485 2224 1537 αὐτὸν
2277 1485 2412 1554 μετὰ
2464 1483 2793 1554 παραίτησιν
2822 1481 2915 1535 καὶ
2966 1482 3162 1552 ὅρκους
3205 1475 3492 1548 ἐνοχλῆσαι
3527 1480 3641 1536 τοῖς

2065 1578 2238 1644 ἁγίοις
2268 1578 2514 1648 Πατρὰσι
2546 1577 2640 1629 καὶ
2661 1574 3109 1646 ἁρχιεπισκόποις
3139 1571 3368 1644 Πρόκλῳ
3398 1568 3495 1622 καὶ
3523 1566 3638 1620 Κυ-

2069 1669 2248 1740 ρίλλῳ.

1990 1781 2091 1842 IV.

1002 1905 1383 1964 Tnsonom'rus
1407 1909 1565 1979 epist.
1600 1925 1819 1974 Lxxxw,
1853 1908 1917 1962 ad
1953 1907 1961 1961 l

2077 1908 2291 1974 'ianum,
2322 1908 2453 1978 Opp.
2489 1905 2708 1973 tom.ill,
2735 1924 2856 1978 pag.
2888 1905 3012 1961 964.

462 2016 630 2080 Scito,
655 2015 895 2080 domine,
929 2018 1074 2089 quod
1095 2019 1333 2074 demisso
1357 2033 1482 2091 erga
1507 2034 1606 2074 nos
1628 2019 1809 2074 animo
1832 2017 1953 2082 fuit,

2131 2019 2291 2084 Ἴσθι,
2342 2020 2599 2084 δέσποτα,
2648 2019 2724 2082 ὡς
2767 2018 2868 2089 τὴν
2901 2015 3036 2088 πρὸς
3087 2013 3241 2086 ἡμῶν
3291 2011 3414 2081 ἔσχε
3453 2027 3631 2083 μικρο-

388 2120 457 2160 cx
486 2121 594 2175 quo
648 2107 704 2161 in
745 2108 878 2164 urbe
912 2115 1114 2174 vestra,
1171 2116 1414 2180 tempore
1469 2111 1641 2165 beatae
1687 2110 1960 2164 memoriae

389 2193 588 2264 Procli,
615 2199 874 2269 synodica
920 2208 1040 2255 acta
1071 2202 1498 2272 composuimus,
1549 2209 1838 2273 sequentes
1867 2216 1960 2257 ca-

389 2302 563 2344 nones
587 2298 902 2346 sanctorum
940 2291 1182 2348 Patrum.

2063 2109 2283 2180 ψυχίαν,
2333 2111 2395 2176 ἐξ
2422 2104 2483 2164 οὗ
2531 2113 2644 2174 τοῖς
2682 2111 2812 2181 παρ’
2845 2109 2972 2179 ὑμῖν
2999 2104 3386 2176 γεγενημένοις
3438 2101 3634 2155 συνοδι-

2064 2206 2199 2267 κοῖς,
2253 2205 2347 2257 ἐπὶ
2375 2203 2470 2257 τοῦ
2519 2204 2618 2274 τῆς
2649 2201 2921 2273 μακαρίας
2956 2201 3173 2270 μνήμης
3214 2193 3480 2266 Πρόκλου,
3513 2207 3635 2244 συν-

2061 2294 2316 2366 εθέμεοα,
2363 2297 2478 2358 τοῖς
2525 2293 2634 2346 τῶν
2670 2291 2838 2361 ἁγίων
2877 2289 3134 2361 Πατέρων
3173 2286 3392 2342 κανόσιν
3418 2283 3640 2338 ἀκολου-

2063 2381 2349 2454 ϐήσαντες.

1344 2497 1477 2552 lusu
1502 2496 1669 2568 epist.
1705 2513 1797 2564 cx,
1823 2497 1891 2553 ad
1920 2498 2214 2568 Domuum,
2241 2499 2373 2554 ibid.
2409 2515 2530 2570 pag.
2555 2497 2682 2555 980.

458 2609 924 2670 Consuetudinem
983 2614 1165 2685 itaque
1211 2618 1382 2672 secuti
1423 2633 1634 2680 sumus,
1693 2629 1748 2674 et
1792 2619 1969 2674 homi-

388 2717 492 2757 nes
520 2704 784 2777 insignes,
815 2714 930 2762 tum
1007 2707 1279 2775 doctrina,
1343 2718 1458 2763 tum
1521 2711 1632 2764 vita
1691 2710 1956 2766 celebres.

2148 2620 2299 2674 Ἔθει
2330 2620 2506 2674 τοίνυν
2530 2618 2996 2690 ἡκολουθήσαμεν,
3033 2614 3127 2668 καὶ
3156 2611 3409 2684 ἀνδράσιν
3444 2610 3633 2681 ἐπισή-

2065 2729 2205 2784 μοις,
2227 2713 2320 2764 κοιὶ
2344 2712 2436 2765 ἐπὶ
2466 2709 2663 2780 γνώσει
2688 2711 2782 2764 καὶ
2804 2709 2903 2780 βίῳ
2933 2705 3434 2777 πολλυθρυλλήτοις.
3463 2701 3629 2756 Πολλὰ

387 2791 559 2850 Multa
590 2799 753 2852 etiam
801 2799 907 2854 alia
961 2800 1276 2871 huiusmodi
1310 2803 1484 2858 beatae
1522 2803 1798 2859 memoria:
1830 2802 1961 2860 Pro-

2077 2805 2118 2858 se
2167 2805 2259 2857 καὶ
2307 2802 2443 2857 ἄλλα
2503 2803 2728 2864 τοιαῦτα
2752 2799 3132 2871 δεδιδαγμένος
3177 2800 3204 2851 6
3232 2798 3331 2867 τῆς
3363 2793 3629 2867 μακαρίας

390 2883 510 2942 clus
546 2886 1186 2962 Constantinopolitanus
1251 2895 1540 2964 episcopus
1589 2895 1852 2961 edoctus,
1906 2904 1961 2951 et

2077 2895 2283 2965 animi];
2299 2891 2538 2964 Πρόκλος
2565 2894 2594 2944 ὁ
2613 2891 2714 2961 τῆς
2739 2885 3382 2944 Κωνσταντινουπολιτῶν
3407 2885 3623 2936 ἐπίσκο-

391 2977 511 3048 ipse
547 2982 945 3039 ordinationem
998 2986 1238 3056 suscepit
1261 2995 1317 3040 et
1344 2986 1622 3053 laudavit,
1660 2985 1961 3058 litterisque

2077 3003 2185 3049 πος,
2213 2985 2308 3039 καὶ
2338 2983 2498 3047 αὐτὸς
2522 2983 2619 3055 τὴν
2647 2981 2978 3054 χειροτονίαν
3007 2979 3246 3044 ἐδέξατο,
3279 2977 3371 3032 καὶ
3407 2973 3632 3048 ἔγραψεν

394 3067 734 3143 approbavit.

2077 3077 2300 3132 ἐπαινῶν
2325 3077 2418 3130 καὶ
2438 3076 2752 3146 Θαυμὰζων.

1984 3193 2056 3254 ν.

537 3313 620 3367 Ex
643 3313 819 3369 libello
849 3313 1065 3370 Eusebii
1102 3315 1328 3386 episcopi
1356 3316 1590 3389 Ποτείιωὶ
1621 3319 1676 3372 in
1704 3327 1810 3373 act.
1843 3334 1861 3372 ι
1901 3320 2057 3374 conc.
2099 3315 2384 3382 Chalced.,
2407 3314 2537 3370 edit.
2569 3312 2700 3368 Ven.
2742 3310 2908 3366 Labb.
2945 3319 3074 3366 tom.
3102 3307 3193 3373 IV,
3225 3325 3344 3378 pag.
3376 3306 3500 3361 9'51.

468 3432 526 3482 In
557 3430 660 3485 ﬁde
683 3441 995 3486 sanctorum
1020 3429 1242 3487 Patrum
1273 3441 1641 3489 trecentorum
1688 3435 1878 3489 decem
1903 3438 1958 3488 et

2136 3434 2214 3504 Τῇ
2249 3425 2431 3486 πίστει
2471 3431 2582 3484 τῶν
2623 3429 2794 3499 ἁγίων
2835 3427 3118 3498 Πατέρων,
3169 3424 3277 3478 τῶν
3321 3421 3637 3495 τριακοσίων

397 3531 521 3578 octo
553 3523 609 3577 in
637 3521 813 3579 Nicaea
838 3534 1310 3596 congregatorum,
1339 3533 1393 3581 et
1424 3526 1479 3580 in
1510 3526 1603 3582 his
1627 3541 1749 3595 quae
1779 3527 1961 3595 sapuit

2077 3527 2188 3580 ἱέκα
2219 3527 2312 3581 καὶ
2335 3524 2500 3589 ὀκτὼ,
2529 3525 2638 3579 τῶν
2675 3526 2732 3578 ἐν
2764 3522 2968 3594 Νικαίᾳ
2997 3517 3514 3590 συναγηγερμένων,
3549 3514 3637 3568 καὶ

395 3621 453 3666 et
492 3614 742 3683 exposuit
780 3613 1128 3672 beatissimus
1165 3617 1404 3688 Cyrillus
1439 3617 1822 3672 Alexandrinae
1859 3633 1961 3672 ma-

2077 3621 2170 3681 :o‘t';
2195 3618 2508 3690 φρονηθεῖσι
2536 3617 2630 3671 καὶ
2649 3616 2916 3670 ἐκτεθεῖσι
2942 3615 3095 3686 παρὰ
3122 3613 3215 3666 τοῦ
3249 3610 3521 3682 μακαρίου
3540 3612 3637 3663 Ku-

396 3719 517 3772 gnaa
567 3705 803 3763 civitatis
852 3707 1129 3778 quondam
1189 3709 1526 3780 episcopus,
1609 3717 1664 3764 et
1735 3725 1961 3780 magnus

2077 3711 2243 3781 βίλλου
2274 3709 2368 3763 τοῦ
2401 3711 2501 3782 τῆς
2546 3708 2940 3780 Ἀλεξανδρέων
2976 3705 3392 3779 μεγαλοπόλεως
3425 3698 3637 3770 γεγονόο

394 3795 750 3864 Athauasius,
789 3805 844 3854 et
880 3797 1198 3870 Gregorius,
1235 3808 1290 3855 et
1325 3799 1576 3869 Proclus,
1629 3803 1805 3857 sancti
1851 3801 1961 3873 epi-

2077 3820 2153 3868 rog
2183 3804 2504 3867 ἐπισκόπου,
2531 3804 2625 3857 καὶ
2649 3802 2964 3856 Ἀθανασίου
2989 3800 3083 3855 τοῦ
3113 3799 3369 3870 μεγάλου,
3395 3796 3487 3850 καὶ
3509 3795 3547 3847 Γ
3553 3811 3642 3865 ρη-

398 3889 570 3956 8εομὶο
1870 3909 1874 3912 ’
2063 3895 2274 3966 γορίου,
2308 3896 2404 3949 καλ⁸
2430 3895 2674 3967 Πρόκλου
2703 3893 2812 3947 τῶν
2845 3894 3014 3963 ἁγίων
3047 3893 3380 3946 ἐπισκόπων.

1192 4008 1272 4062 Ea:
1300 4018 1407 4064 act.
1434 4027 1489 4065 χι
1517 4011 1752 4081 ejusdem
1778 4027 1936 4068 conc.
1964 4011 2247 4078 Cbalced.,
2281 4013 2411 4067 ibid.
2458 4012 2588 4068 16H
2619 4020 2673 4067 et
2708 3989 2872 4066 1614.

471 4112 744 4172 Lucianus
773 4119 1261 4178 reverendissimus
1290 4124 1581 4195 episcopus
1604 4124 1778 4197 Byziae
1809 4127 1965 4181 dixit:

401 4205 653 4277 Suscepit
699 4221 822 4263 eum
869 4209 1196 4269 beatissimze
1236 4217 1512 4271 memoria:
1544 4217 1791 4274 Proclus.
1837 4216 1961 4273 Glo-

2077 4219 2322 4288 Ἐδέξατο
2350 4207 2565 4275 αὐτὸνὸ
2597 4219 2907 4292 μακαρίτης
2938 4217 3191 4289 Πρόκλος.
3230 4217 3291 4268 Oi
3321 4211 3636 4278 ἐνδοξότατα

399 4299 689 4354 riosissimi
710 4295 923 4371 judiCes
954 4305 1238 4362 dixerunt:
1284 4309 1338 4364 Si
1369 4309 1596 4368 Proelus
1623 4323 1823 4368 sancta:
1853 4330 1961 4368 me-

2077 4312 2330 4384 ᾶρχοντες
2361 4308 2510 4366 εἷπον
2530 4330 2543 4343 ·
2598 4312 2658 4364 Εἰ
2686 4310 2926 4382 Πρόκλος
2965 4311 2993 4362 6
3035 4308 3136 4378 τῆς
3163 4307 3314 4369 ὁσίας
3351 4306 3584 4375 μνήμης,
3610 4303 3638 4355 6

398 4391 618 4457 moriae,
656 4395 748 4464 qui
777 4395 876 4448 fuit
915 4398 1357 4471 archiepiscopus
1397 4403 1556 4472 regia:
1585 4405 1961 4460 Constantino-

2077 4404 2310 4477 γεγονὼς
2330 4406 2755 4476 ἁρχιεπίσκοπος
2770 4398 3410 4460 Κωνσταντινουπόλεως,
3431 4395 3633 4458 ἐδέξατο

397 4488 560 4558 polis,
619 4491 861 4563 suscepit
913 4491 1234 4548 Bassianum
1291 4498 1806 4554 reverendissimum
1855 4501 1961 4570 θρῖα

2077 4501 2234 4554 αὐτὸν
2263 4498 2558 4554 Βασσιανὸν
2610 4499 2700 4551 τὸν
2730 4496 3120 4550 εὐλαϐέστατον
3169 4492 3464 4545 ἐπίσκοπον
3487 4529 3501 4552 ,
3548 4487 3631 4540 καὶ

2143 4129 2440 4193 Λουκιανὸς
2463 4131 2492 4182 6
2517 4127 2910 4190 εὐλαϐέστατος
2929 4125 3221 4187 ἐπίσκοπος
3237 4119 3436 4192 Βύζης,
3467 4116 3634 4173 εἶπενο

398 4593 665 4652 scopum,
723 4593 778 4639 et
833 4587 1254 4642 communicavit
1308 4590 1358 4644 ei
1417 4598 1676 4662 tanquam
1712 4593 1969 4662 episcopo

397 4673 755 4744 Ephesiorum
781 4679 1095 4748 metropolis
1138 4682 1628 4738 reverendissimus
1649 4684 1829 4738 clerus
1853 4699 1971 4739 san-

2075 4590 2430 4662 ἐκοινώνησεν
2457 4589 2603 4659 αὐτῷ
2630 4589 2705 4652 ὡς
2733 4586 3016 4656 ἐπισκόπῳ
3043 4582 3414 4656 τῆςἘφεσίων
3445 4595 3629 4650 μητρο-

2076 4684 2345 4749 πόλεως,ὁ
2371 4681 2764 4743 εὐλαϐέστατος
2791 4678 2986 4747 κλῆρος
3007 4679 3103 4747 τῆς
3127 4674 3285 4741 ἁγίας
3302 4674 3630 4725 Κωνσταντι-

396 4775 498 4822 rte:
550 4768 1172 4841 Constantinopolitanae
1220 4769 1478 4828 Ecclesiae
1551 4790 1651 4830 nos
1721 4775 1961 4829 edoceat.

2077 4777 2373 4840 νουπόλεως
2395 4774 2721 4845 Ἐκκλησίας
2743 4770 3158 4826 διδασκέτωσαν.
3173 4766 3425 4834 Θεόφιλος
3440 4767 3467 4817 ὁ
3488 4763 3631 4816 561a.-

397 4858 733 4930 Theophilus
761 4863 1250 4920 reverendissimus
1281 4866 1564 4937 presbyter
1583 4865 1971 4921 Constantino-

397 4949 537 5018 polis
564 4959 767 5006 sanctae
797 4951 1054 5008 Ecclesiae
1081 4955 1246 5009 dixit:
1290 4955 1358 5009 Ut
1389 4972 1572 5011 coram
1608 4957 1738 5022 Deo,
1767 4966 1819 5013 et
1850 4974 1974 5014 sus-

397 5042 544 5110 cepit
589 5057 714 5097 eum
755 5053 959 5100 sancta:
993 5048 1270 5102 memoriae
1309 5048 1538 5105 Proclus
1565 5053 1972 5106 communican-

397 5141 529 5192 tem.
565 5141 619 5187 et
657 5135 1012 5204 synodalibus
1044 5139 1242 5195 litteris
1287 5142 1587 5203 honoratis,
1613 5141 1822 5197 dimisit
1851 5160 1972 5198 eum

398 5225 466 5278 ad
502 5224 773 5295 Ephesum
803 5244 818 5291 ;
873 5236 929 5282 et
967 5230 1022 5282 in
1062 5231 1335 5302 diptychis
1386 5234 1568 5302 posuit
1602 5233 1722 5301 ejus
1749 5249 1968 5299 nomen,

396 5328 450 5371 et
486 5316 821 5372 recitabatur
861 5333 1037 5388 usque
1084 5320 1149 5374 ad
1205 5322 1476 5375 modicum
1510 5322 1706 5376 abhinc
1736 5330 1970 5391 tempus.

395 5409 600 5465 Omnes
626 5411 1066 5468 reverendissimi
1101 5413 1283 5468 clerici
1311 5413 1675 5468 sanctissima:
1703 5413 1975 5467 Constan-

396 5501 771 5571 tinopolitanae
795 5503 1054 5560 Ecclesia:
1091 5506 1376 5561 dixerunt:
1436 5505 1500 5558 Et
1542 5521 1641 5560 nos
1688 5506 1800 5560 haec
1854 5507 1972 5574 ipsa

397 5589 708 5649 didicimus.
744 5594 993 5664 Suscepit
1018 5598 1159 5650 enim
1199 5613 1343 5662 eum,
1377 5607 1429 5651 et
1460 5598 1881 5653 communicavit
1923 5599 1971 5652 ei

396 5681 568 5738 beatae
594 5689 869 5743 memoriae
893 5687 1142 5752 Proclus.
1179 5701 1230 5744 et
1264 5691 1388 5746 fecit
1423 5691 1712 5763 synodicas
1740 5694 1968 5756 litteras,

399 5782 451 5826 et
484 5776 536 5828 in
559 5778 829 5849 diptychis
863 5797 986 5835 eum
1025 5783 1223 5850 posuit.

2069 4869 2326 4932 ϐέστατος
2355 4867 2723 4940 πρεσϐύτερος
2762 4866 2860 4936 τῆς
2901 4864 3043 4919 κατὰ
3087 4855 3632 4917 Κωνσταντινοὺπολιν

2071 4961 2380 5031 ἁγιωτάτης
2409 4958 2736 5028 Ἐκκλησίας
2767 4953 2949 5010 εἶπεν·
2991 4956 3078 5017 Ὠς
3103 4955 3195 5006 ἐπὶ
3227 4950 3382 5012 Θεοῦ,
3423 4951 3514 5003 καὶ
3536 4946 3633 5000 ἐδέ-

2074 5053 2202 5120 ξατο
2227 5051 2387 5104 αὐτὸν
2433 5053 2461 5102 ὁ
2512 5053 2569 5103 ἐν
2617 5048 2791 5118 ἁγίοις
2827 5047 3068 5118 Πρόκλος
3119 5042 3520 5101 κοινωνίκοντα,
3552 5035 3632 5090 καὶ

2075 5143 2370 5204 συνοδικοῖς
2404 5141 2694 5211 γράμμασι
2747 5141 2986 5210 τιμήσας
3031 5136 3212 5199 αὐτὸν,
3265 5132 3529 5186 ἀπέλυσεν
3553 5128 3629 5180 ἐπὶ

2077 5235 2174 5305 τὴν
2211 5234 2442 5301 Ἔφεσον
2462 5252 2474 5264 ο
2515 5233 2606 5284 καὶ
2636 5231 2694 5282 ἐν
2720 5232 2831 5292 τοῖς
2874 5228 3152 5298 διπτύχοις
3179 5225 3362 5288 ἔταξεν
3395 5219 3552 5276 αὐτοῦ
3579 5216 3628 5268 τὸ

2075 5325 2263 5394 ὄνομα,
2299 5325 2391 5377 καὶ
2435 5323 2648 5390 ἐλέγετο
2674 5322 2779 5384 ἓως
2810 5321 2915 5392 πρὸ
2947 5320 3129 5388 ὀλίγου
3165 5316 3383 5388 καιροῦ.
3443 5313 3626 5368 Πάντες

2075 5415 2124 5465 οἱ
2156 5413 2531 5466 εὐλαδέστατοι
2577 5411 2826 5482 κληρικοὶ
2864 5410 2964 5480 τῆς
3004 5396 3621 5463 Κωνσταντινουπολιτῶν

2078 5504 2383 5574 ἁγιωτάτης
2425 5501 2750 5570 Ἐκκλησίας
2801 5496 2987 5552 εἷπον
3045 5500 3155 5551 Καὶ
3203 5497 3363 5567 ἡμεῖς
3412 5490 3477 5542 τὰ
3504 5485 3620 5540 αὐτά

2078 5595 2329 5665 λέγομεν.
2373 5594 2619 5657 Ἐδέξατο
2647 5592 2756 5664 γὰρ
2785 5593 2967 5657 αὑτὸν,
2993 5591 3086 5644 καὶ
3117 5587 3468 5656 ἐκοινώνησεν
3496 5575 3618 5648 αὐτῷ

2077 5693 2106 5744 6
2131 5690 2394 5761 μακάριος
2413 5687 2672 5758 Πρόκλος,
2692 5687 2784 5739 καὶ
2812 5684 3033 5753 ἐποίησε
3056 5674 3301 5734 συνοδικᾶ
3323 5677 3613 5748 γράμματα,

2080 5786 2173 5837 καὶ
2201 5785 2280 5846 είς
2313 5781 2380 5834 τὰ
2410 5780 2640 5852 δίπτυχα
2672 5779 2829 5831 αὐτὸν
2862 5776 3069 5840 ἔταξεν.
