3842 6364
159 377 271 438 οδε

1382 388 1805 449 ΤΕΒΤΙΜΟΝΙΑ
1846 389 2204 447 YETERUM.

3303 391 3409 449 666

944 525 1026 580 Ea:
1063 538 1169 584 act.
1204 545 1294 585 xw
1323 531 1560 601 ejusdem
1581 533 1799 588 concilii
1829 531 2114 593 Chalced.,
2151 530 2281 584 ibid.
2312 547 2434 603 pag.
2469 532 2624 587 1646.

243 637 560 700 ’Δθανάσιος
606 641 635 692 ὀ
683 638 1072 705 εὐλαϐέστατος
1119 643 1417 708 ἐπίσκοπος
1461 641 1582 698 εἷπε
1601 661 1616 674 ·
1669 645 1743 700 Τὸ

1915 646 2248 704 Athanasius
2270 645 2756 701 reverendissimus
2780 645 3067 714 episcopus
3093 642 3232 698 dixit
3256 663 3269 697 :
3295 642 3412 698 Mea

163 727 293 798 ἐμὸν
331 729 566 799 πρᾶγμα
604 728 714 782 ἀπὸ
767 731 979 803 μακροῦ
1010 733 1203 803 χρόνου
1251 737 1584 806 κατῆρκται·
1649 738 1742 791 καὶ

162 816 351 870 τούτου
379 819 619 888 ἥκουσαν
655 821 704 872 oi
750 820 849 890 τῆς
894 821 1167 892 μακαρίας
1210 825 1428 896 μνήμης
1475 825 1741 896 Κύριλλός

162 925 217 962 τι
245 911 343 962 καὶ
366 910 631 980 Πρόκλος.
689 912 782 964 καὶ
822 913 1089 983 φανεροὺς
1141 913 1342 979 τύπους
1387 917 1632 988 ἔγραψαν
1663 917 1740 988 τῷ

173 1001 506 1073 Ἀντιοχείας
557 1004 828 1074 γενομένῳ
887 1007 1169 1075 ὲπισκόπῳ
1200 1008 1426 1078 Δόμνῳο
1489 1010 1740 1064 συνέθετο

158 1093 369 1155 ὲκεῖνος
391 1092 632 1163 πληροῦν
661 1093 849 1147 ταῦτα.
869 1094 1047 1159 Ἀξιῶ,
1076 1098 1124 1149 εί
1150 1099 1476 1166 παρίσταται
1509 1104 1573 1171 τῇ
1608 1101 1740 1172 ὑμε-

159 1182 294 1254 τέρᾳ
356 1182 610 1255 ἐξουσίᾳ,
670 1184 737 1238 τά
787 1184 1089 1257 γράμματα
1139 1189 1250 1241 τῶν
1298 1191 1740 1261 ἀρχιεπισκόπων

160 1274 596 1348 ἀναγνωσθῆναι.
649 1279 711 1331 Oi
760 1278 1089 1345 ἐνδοξότατοι
1129 1281 1388 1353 ἄρχοντες
1419 1279 1572 1336 εἷπον
1592 1301 1607 1315 ·
1660 1283 1743 1338 Τὰ

158 1368 467 1438 γράμματα
498 1371 741 1441 Πρόκλου
771 1372 865 1425 καὶ
894 1371 1162 1443 Κυρίλλου
1201 1374 1308 1427 τῶν
1353 1374 1453 1444 τῆς
1485 1374 1744 1440 εύλαδοῦς

161 1461 386 1532 μνήμης
420 1462 1002 1531 ἀναγινωσκὲσθωσαν.

1841 755 2006 796 causa
2033 755 2062 795 a
2097 741 2259 810 longo
2290 747 2532 808 tempore
2554 738 2804 792 inchoata
2834 743 2938 800 est,
2979 744 3033 790 et
3057 736 3196 790 hanc
3224 733 3413 791 audie-

1839 842 1968 886 runt
2001 833 2170 887 beatae
2206 832 2481 886 memoriae
2509 831 2744 901 Cyrillus
2782 838 2835 884 et
2862 829 3105 891 Proclus,
3145 837 3200 883 et
3231 836 3412 883 certas

1837 924 2047 979 litteras
2106 924 2442 993 scripserunt
2490 921 2698 976 Domno
2757 921 2847 989 qui
2894 921 2995 974 fuit
3040 920 3412 973 Antiochenus

1836 1016 2146 1087 episcopus,
2175 1014 2534 1085 promisitque
2568 1014 2657 1067 ille
2686 1028 2778 1068 eas
2812 1013 3101 1082 complere.
3127 1011 3278 1081 Rogo
3304 1011 3410 1064 ita-

1839 1123 1964 1176 que,
2007 1107 2053 1161 si
2087 1106 2299 1160 videtur
2332 1113 2528 1160 vestrm
2558 1104 2836 1174 potestati,
2875 1103 3411 1173 archiepiscoporum

1838 1197 2038 1251 littera:
2071 1197 2402 1266 relegantur.
2437 1193 2827 1250 Gloriosissimi
2875 1195 3088 1264 judices
3109 1193 3409 1248 dixerunt:

1841 1287 2056 1343 Littera:
2084 1287 2264 1345 Procli
2320 1297 2373 1344 et
2401 1287 2590 1360 Cyrilli
2641 1287 3109 1343 reverendissimtc
3139 1286 3414 1342 memoriae

1842 1382 2154 1451 relegantur

1749 1581 1854 1643 VI.

224 1693 318 1749 Ea:
340 1697 565 1766 epistola
595 1697 874 1765 Quintiani
900 1699 1128 1768 episcopi
1153 1700 1516 1825 Asculanidad
1553 1701 1744 1828 P/etruii

1393 1789 1420 1826 e
1460 1784 1520 1829 it.
1603 1791 1686 1828 en.

1857 1707 2418 1834 ullonemﬂengscopum
2442 1706 2758 1767 Antiochia.
2786 1723 2851 1762 ea:
2877 1717 3006 1761 tam.
3034 1705 3079 1760 V
3117 1705 3327 1762 Concil.

1856 1794 1909 1842 ν.,
1934 1793 2058 1849 pag.
2125 1793 2142 1809 ν
2175 1802 2214 1832 ν.

225 1880 452 1944 Ταύτας
476 1880 577 1944 τὰς
601 1881 808 1936 δώδεκα
836 1881 1185 1954 καθαιρέσεις
1209 1883 1503 1938 ἀπέστειλά
1529 1902 1630 1948 σοι,
1662 1887 1738 1938 εί-

1914 1889 2024 1948 Has
2077 1891 2365 1947 duodecim
2413 1889 2783 1960 depositiones
2825 1891 2893 1945 ad
2934 1897 2988 1946 te
3041 1890 3186 1956 misi,
3237 1891 3418 1946 sciens

156 1972 259 2038 δὼς
290 1975 375 2028 ὅτι
403 1975 511 2046 χρὴ
531 1975 901 2040 ὲξακολουθεϊν
923 1979 986 2048 τῇ
1016 1976 1356 2047 ἀποκαλύψει
1390 1978 1482 2031 τοῦ
1511 1978 1744 2031 ὁσιωτά-

1856 1984 1988 2053 quod
2020 1991 2231 2053 oportet
2277 1984 2436 2054 sequi
2467 1985 2852 2040 revelationem
2883 1981 3215 2038 sanctissimi
3242 1980 3422 2037 Procli

155 2083 247 2120 του
279 2068 382 2134 τῆς
415 2069 1063 2124 Κωνσταντινουπολιτῶν
1089 2072 1410 2142 Ἐκκλησίας
1444 2073 1744 2125 ἐπισκόπου

155 2161 409 2232 Πρόκλου
432 2180 444 2192 ν
486 2162 603 2226 πῶς
635 2166 692 2217 ὲν
734 2163 812 2234 τῷ
835 2164 1040 2234 κάμπῳ
1071 2163 1432 2234 καταδραμὼν
1455 2167 1550 2218 σὺν
1582 2166 1745 2218 παντὶ

153 2255 231 2325 τῷ
256 2256 400 2327 λαῷ,
435 2257 877 2326 κυματιζομένης
905 2257 1008 2310 ὑπὸ
1041 2257 1280 2328 σεισμῶν
1308 2259 1408 2328 τῆς
1441 2255 1609 2326 αὐτῆς
1643 2259 1744 2312 πό-

153 2348 294 2411 λεως
312 2366 328 2379 υ
359 2351 454 2401 καὶ
483 2350 682 2420 θρήνου
711 2350 816 2403 ὑπὸ
842 2352 1058 2404 πάντων
1087 2351 1568 2421 ἀναπεμπομένου,
1592 2351 1746 2420 ἄφνω

155 2443 330 2495 παῖδα
370 2443 452 2506 είς
475 2443 568 2496 τὸν
607 2444 832 2514 οὐρανὸν
864 2445 1097 2515 ἀρθῆναι
1128 2444 1234 2497 ὑπό
1276 2460 1420 2506 τινος
1447 2443 1744 2514 δυνάμεως,

156 2536 249 2587 καὶ
279 2536 461 2605 τούτῳ
494 2536 740 2590 ἐνθέσθαι
771 2537 867 2590 τοῦ
895 2535 1197 2590 λιτανεύειν
1229 2537 1289 2589 τὸ
1323 2535 1616 2607 Τρισάγιον
1649 2536 1744 2588 καὶ

154 2628 348 2697 λέγειν
367 2646 381 2659 ⁸
425 2630 618 2699 Ἄγιος
646 2633 678 2684 ό
713 2632 885 2694 Θεός·
919 2629 1083 2698 ἅγιος
1113 2627 1383 2697 ἰσχυρὸς,
1408 2628 1576 2697 ἅγιος
1602 2627 1745 2681 ἀθά·

153 2743 362 2790 νατος,
405 2726 672 2792 ἐλέησον
708 2723 886 2794 ἡμᾶς.
938 2724 1049 2779 Καὶ
1081 2724 1251 2777 ταῦτα
1294 2722 1388 2777 τοῦ
1424 2724 1746 2792 ἐπαγγεῖλαι

153 2819 232 2886 τῷ
260 2819 556 2888 ὲπισκόπῳ
583 2818 946 2888 προσετάχθη.
976 2818 1070 2880 ⁸·ος
1089 2818 1182 2870 καὶ
1206 2815 1340 2886 μετὰ
1365 2815 1594 2886 τρίωρον
1615 2814 1746 2886 ἔστη

155 2910 214 2960 ὲν
245 2908 332 2978 τῷ
366 2909 723 2979 τριϐουναλίῳ
749 2908 899 2979 παρὰ
932 2907 1058 2970 τοὺς
1101 2906 1270 2966 πόδας
1310 2908 1403 2960 τοῦ
1421 2905 1585 2960 αὐτοῦ
1602 2903 1738 2977 [τοῦ]

157 3002 493 3061 ἐπισκόπου,
525 3001 809 3055 καὶταῦτα
835 3001 1150 3071 διηγήσατο.
1179 2999 1288 3054 Καὶ
1309 2999 1480 3062 οὕτως
1507 2996 1750 3051 λιτανευ-

157 3096 399 3160 σάντων,
436 3094 674 3166 ἔστησαν
705 3096 753 3148 οἱ
778 3092 1010 3164 σεισμοί.

1851 2077 2464 2146 Constantinopolitanae
2493 2076 2753 2133 Ecclesiae
2784 2075 3058 2145 episcopi;
3108 2075 3326 2144 quando
3362 2075 3421 2129 in

1849 2184 2100 2239 campum
2124 2186 2247 2224 cum
2277 2171 2534 2225 universo
2561 2171 2760 2240 populo
2792 2169 3065 2231 cucurrit,
3122 2166 3423 2222 ﬂuctuante

1824 2261 1966 2332 .ipsa
2000 2262 2219 2317 civitate
2272 2263 2374 2318 sub
2419 2272 2580 2317 terra:
2635 2269 2805 2326 motu,
2842 2268 2897 2315 et
2942 2259 3198 2314 omnibus
3236 2257 3420 2312 ﬂetum

1849 2353 2242 2417 emittentibus,
2263 2362 2485 2424 repente
2515 2369 2743 2424 puerum
2776 2353 2830 2407 in
2860 2366 2982 2406 aera
3014 2352 3186 2405 .levari
3223 2365 3252 2404 a
3288 2365 3424 2419 qua-

1852 2445 1976 2499 dam
2022 2447 2242 2510 virtute,
2290 2453 2344 2500 et
2398 2446 2524 2501 huic
2568 2445 2772 2517 imponi
2827 2443 3145 2514 suppliciter
3172 2443 3424 2497 occinere

1849 2539 2179 2610 Trisagium.
2210 2554 2273 2592 ac
2301 2539 2520 2593 dicere:
2560 2537 2786 2594 Sanctus
2820 2537 2979 2602 Deus,
3002 2544 3216 2590 sanctus
3247 2535 3424 2605 fortis,

1851 2641 2064 2685 sanctus
2103 2632 2445 2697 immortalis,
2471 2634 2716 2686 miserere
2753 2631 2933 2695 nobis;
2973 2639 3025 2684 et
3059 2631 3172 2683 haec
3211 2643 3428 2682 annun-

1852 2724 1990 2779 tiare
2016 2725 2270 2794 episcopo
2292 2725 2483 2794 jussus
2507 2733 2612 2780 est.
2642 2724 2742 2790 Qui
2762 2731 2815 2778 et
2833 2740 2926 2793 per
2956 2734 3064 2778 tres
3088 2723 3250 2777 horas
3277 2719 3426 2775 stetit

1851 2816 1907 2870 in
1947 2815 2231 2880 tribunali,
2267 2833 2426 2873 secus
2476 2817 2640 2888 pedes
2689 2816 2861 2887 ipsius
2912 2814 3173 2886 episc0pi,
3219 2821 3271 2867 et
3310 2813 3427 2866 haec

1853 2909 2118 2964 narravit.
2157 2907 2224 2963 Et
2254 2909 2343 2964 hic
2399 2909 2719 2981 suppliciter
2756 2907 3046 2964 orantibus
3082 2905 3233 2963 stetit
3268 2911 3429 2961 terra

1855 3009 2061 3057 motus.

1756 3209 1886 3270 VII.

600 3337 684 3389 Ex
706 3337 932 3406 epistola
959 3336 1141 3391 Acacii
1169 3337 1392 3407 episcopi
1423 3335 1536 3390 ΟΡ.
1580 3335 1647 3389 ad
1685 3336 1922 3390 eumdem
1962 3334 2185 3391 Petrum
2218 3329 2531 3396 Fullonem,
2562 3309 2696 3386 ibid.
2724 3347 2845 3402 pag.
2879 3329 3006 3384 251.

228 3453 310 3504 Οὐ
355 3451 521 3521 μόνον
545 3452 653 3522 γὰρ
684 3453 774 3521 τῳ
807 3453 1124 3530 χερουὸικὸν
1151 3455 1316 3526 ὕμνον
1346 3457 1656 3521 ἐνόθευσας,
1681 3456 1744 3510 δι’

1924 3451 2042 3508 Non
2074 3453 2251 3507 solum
2284 3452 2430 3506 enim
2459 3449 2814 3506 cherubicum
2840 3450 2990 3504 illum
3020 3446 3278 3517 hymnum
3308 3457 3430 3496 cor—

158 3539 219 3597 οἷι
255 3544 356 3596 καὶ
391 3546 426 3614 ἡ
469 3545 710 3615 ἡμετέρα
738 3546 891 3609 πόλις
919 3546 1227 3618 ὲστερεώθη
1260 3549 1587 3621 σαλευομένη
1619 3549 1749 3603 ποτὲ

159 3637 267 3690 ὑπὸ
296 3637 600 3690 ἀνενδότων
639 3637 898 3707 σεισμῶν,
928 3639 1116 3702 παιδὸς
1145 3641 1340 3710 νηπίου
1374 3643 1501 3714 περ)⁵
1535 3644 1626 3696 τὸν
1659 3645 1748 3696 ai-

160 3731 298 3802 θέρα
321 3730 668 3801 ἀρπαγὲντος
699 3731 782 3783 ἐπ’
812 3730 967 3800 ὄψεσι
991 3731 1169 3802 πάσης
1189 3732 1288 3802 τῆς
1311 3734 1518 3799 πόλεως
1540 3735 1616 3799 ὡς
1645 3737 1750 3800 ἓως

156 3824 351 3895 τρίτου
383 3821 614 3892 ούρανοῦ
664 3821 806 3874 κατά
852 3822 942 3876 τὸν
971 3822 1258 3877 θεσπέσιον
1288 3825 1519 3879 Παῦλον.
1576 3825 1752 3882 Κάκεῖ

156 3917 472 3984 ἀκηκοότος
507 3913 604 3984 τὴν
627 3915 862 3983 ἄρρητον
894 3912 1097 3983 ταύτην
1128 3915 1449 3984 ὑμνολογίαν
1471 3933 1488 3948 ο
1541 3916 1661 3969 καθ’
1686 3919 1751 3988 ἣν

155 4007 316 4077 ὤραν
339 4009 400 4058 ὲν
432 4006 512 4076 τῷ
532 4007 736 4077 κάμπῳ
761 4006 827 4060 τὰ
849 4006 1026 4077 πλήθη
1060 4006 1197 4076 μετὰ
1223 4007 1474 4079 δακρύων
1498 4009 1732 4063 ἀνεϐόων

155 4098 239 4156 τὸ,
263 4095 470 4165 Κύριε,
488 4095 772 4163 ἐλέησον.
788 4096 924 4167 πρὸς
945 4095 1035 4148 τὸν
1055 4096 1208 4160 Θεὸν,
1237 4097 1352 4167 ἅμα
1373 4097 1467 4150 τοῦ
1489 4099 1547 4150 ὲν
1578 4098 1753 4166 ἁγίοις

157 4187 419 4258 Πρόκλου
463 4185 557 4239 τοῦ
598 4187 883 4255 γεγονότος
919 4187 1130 4257 Πατρὺς
1157 4186 1334 4258 ἡμῶν,
1371 4189 1465 4240 καὶ
1505 4188 1754 4259 ἀρχιεπι-

158 4280 378 4333 σκόπου
409 4278 614 4350 ταύτης
629 4279 727 4350 τῆς
747 4278 1016 4350 βασιλίδος
1039 4280 1132 4332 καὶ
1155 4279 1495 4351 φιλοχρίστου
1528 4279 1750 4343 πόλεως.

1854 3545 2076 3615 rupisti,
2110 3559 2206 3615 per
2231 3560 2392 3615 quem
2421 3554 2474 3600 et
2499 3552 2685 3598 nostra
2721 3543 2916 3597 civitas
2948 3543 3158 3596 ﬁrmata
3181 3544 3286 3596 est,
3305 3550 3431 3589 cum

1855 3637 1985 3692 olim
2041 3644 2349 3692 moveretur
2407 3636 2477 3690 ab
2533 3636 2889 3690 interioribus
2957 3631 3118 3688 terra;
3168 3629 3431 3692 motibus,

1857 3745 2029 3800 puero
2064 3730 2271 3785 infante
2305 3730 2371 3785 ad
2399 3731 2603 3784 aethera
2634 3737 2788 3798 rapto
2835 3728 2888 3781 in
2933 3727 3233 3794 conspectu
3264 3721 3435 3776 totius

1858 3820 2096 3876 civitatis
2130 3837 2304 3890 usque
2352 3821 2416 3874 ad
2466 3819 2687 3874 tertium
2721 3817 2938 3878 (celum,
2974 3809 3434 3884 quemadmodum

1857 3915 2074 3970 divinus
2100 3914 2302 3970 Paulus
2328 3916 2368 3969 ’.
2428 3913 2630 3968 ibidem
2663 3913 2802 3965 hanc
2838 3909 3164 3964 illeilzibiletn
3207 3905 3430 3976 hymno-

1861 4006 2055 4077 logiam
2089 4007 2400 4075 obaudivit;
2441 4008 2496 4061 in
2535 4020 2641 4076 qua
2668 4005 2800 4058 hora
2833 4004 2885 4056 in
2921 4015 3116 4070 campo
3147 3995 3444 4052 multitudo

1861 4116 1984 4154 cum
2027 4100 2320 4173 lacrymis:
2370 4100 2613 4166 Domine,
2668 4099 2928 4161 miserere,
2975 4093 3315 4168 exclamabat
3367 4087 3446 4143 ad.

1860 4191 2051 4254 Deum,
2079 4193 2241 4248 simul
2265 4208 2388 4248 cum
2415 4201 2606 4248 sancto
2632 4192 2792 4246 Patre
2815 4199 3004 4246 nostro
3033 4187 3228 4243 Proclo
3256 4183 3434 4240 archi-

1858 4284 2117 4355 episcopo
2148 4285 2312 4355 hujus
2339 4287 2538 4357 regalis
2568 4292 2623 4340 et
2645 4300 2674 4339 a
2710 4284 2822 4340 Deo
2851 4293 3045 4339 amata:
3077 4279 3314 4334 civitatis

1754 4400 1911 4461 VIII.

533 4523 617 4578 Ea:
646 4524 869 4594 epistola
895 4522 1098 4578 Justini
1125 4523 1352 4592 episcopi
1377 4523 1437 4576 in
1456 4520 1646 4577 Sicilia
1678 4523 1744 4578 ad
1787 4525 2024 4578 eumdem
2057 4524 2278 4582 Petrum
2309 4524 2614 4593 Fullonem,
2642 4525 2770 4580 ibid.
2794 4540 2916 4596 pag.
2935 4522 3065 4578 927.

230 4641 402 4706 Δέξαι
439 4634 534 4692 οὖν
568 4639 643 4702 ὼς
693 4635 922 4706 ἀδελφοῦ
957 4653 1052 4690 σου
1078 4635 1399 4708 παραίνεσιν
1422 4651 1436 4665 ο
1479 4635 1575 4686 καὶ
1599 4633 1758 4702 γενοῦ

159 4737 377 4805 ποιμὴν
410 4732 522 4785 τῶν
547 4730 859 4803 προϐάτων,
895 4729 989 4782 καὶ
1023 4729 1084 4782 οὐ
1114 4727 1276 4791 λύκος
1293 4744 1312 4758 ’λ
1343 4727 1436 4780 καὶ
1464 4725 1542 4797 τῷ
1579 4743 1757 4796 μακα-

158 4828 269 4897 ρίῳ
321 4824 554 4898 Πρόκλῳ
588 4822 880 4887 ἀκόλουθος
927 4821 1110 4891 γενοῦ,
1154 4821 1249 4874 καὶ
1281 4822 1348 4892 τῇ
1399 4818 1564 4872 αὑτοῦ
1594 4820 1651 4872 ἐν
1682 4817 1760 4888 τῷ

155 4921 381 4990 κάμπῳ
413 4916 781 4985 ἀποκαλύψει.

1936 4636 2165 4708 Suscipe
2195 4655 2325 4710 ergo
2354 4648 2614 4709 tanquam
2644 4637 2829 4692 fratris
2864 4637 2941 4691 tui
2977 4632 3449 4698 admonitionem;

1862 4737 1916 4781 et
1945 4729 2041 4785 tias
2073 4742 2258 4802 pastor
2290 4732 2499 4795 ovium,
2535 4739 2589 4786 et
2622 4747 2730 4784 non
2762 4731 2958 4799 lupus;
2991 4736 3046 4781 et
3078 4727 3176 4780 tias
3207 4733 3440 4780 sectator

1867 4823 2004 4877 beati
2037 4822 2214 4878 Procli
2247 4832 2299 4878 et
2331 4822 2680 4878 revelationis
2712 4822 2839 4892 ejus
2861 4821 2917 4874 in
2946 4833 3161 4888 campo.

1799 4907 1844 4962 Ι)

1786 5037 1870 5096 IX

530 5161 616 5217 Ea:
643 5161 783 5216 Hist.
815 5160 953 5216 eccl.
983 5157 1300 5228 Tripartita,
1339 5156 1432 5210 lib.
1459 5173 1557 5220 xu,
1587 5173 1702 5226 cap.
1735 5159 1790 5221 5,
1822 5159 1966 5227 apud
1997 5158 2400 5217 Cassiodorum.
2432 5157 2564 5225 Opp.
2597 5165 2725 5208 tom.
2757 5153 2802 5216 l,
2838 5169 2962 5223 pag.
2996 5152 3121 5207 5.58.

234 5282 530 5339 Sisinnius
578 5280 829 5333 Proclum
879 5278 932 5332 in
971 5277 1174 5348 Cyzico
1229 5275 1608 5339 consecravit;
1666 5276 1762 5338 qui

153 5389 464 5446 antequam
499 5372 939 5441 proficisceretur
972 5369 1038 5422 ad
1069 5367 1326 5439 Cyzicum
1350 5407 1364 5431 ,
1406 5367 1554 5421 cives
1618 5383 1761 5436 pra:-

161 5469 435 5524 cedentes
465 5465 792 5517 Dalmatium
820 5462 1147 5518 monachum
1191 5461 1506 5531 episcopum
1541 5459 1761 5514 sibimet

160 5561 597 5617 ordinaverunt,
623 5557 777 5627 parvi
802 5557 1096 5627 pendentes
1121 5554 1360 5624 regulam
1391 5569 1497 5623 qua
1515 5552 1756 5622 iubetur,

160 5664 372 5724 praeter
407 5648 1074 5721 ConstantinOpolitanum
1107 5648 1423 5720 episcopum
1452 5643 1760 5702 ordinatio-

253 5808 276 5840 ⁸
299 5806 342 5862 ιι
375 5807 505 5862 Cor.
537 5821 630 5867 xu,
665 5805 722 5860 2.

1869 5292 1988 5331 nem
2032 5277 2106 5331 ibi
2149 5276 2264 5330 ﬁeri
2299 5290 2408 5330 non
2443 5275 2659 5330 debere.
2694 5271 2852 5339 Quod
2889 5272 3011 5327 ideo
3051 5269 3306 5342 Cyziceni
3353 5283 3437 5322 ne-

1863 5369 2181 5439 glexerunt,
2231 5367 2359 5436 quia
2413 5365 2596 5420 Attico
2647 5364 2747 5419 soli
2794 5363 2907 5416 haec
2953 5363 3036 5416 lex
3086 5357 3449 5431 personaliter

1865 5460 2106 5531 praestita
2133 5461 2435 5514 videbatur.
2462 5457 2662 5512 Mansit
2687 5473 2817 5527 ergo
2851 5457 3077 5510 Proeliis
3104 5471 3208 5508 non
3243 5452 3450 5506 habens

1864 5549 2164 5606 Ecclesium
2197 5552 2515 5621 propriam:
2559 5550 2650 5619 qui
2675 5557 2855 5602 tamen
2885 5548 2936 5600 in
2971 5547 3218 5602 doctrina
3267 5543 3448 5599 eccle—

1865 5645 2070 5701 siarum
2101 5644 2657 5715 Constantinopoleos
2690 5642 2846 5698 valde
2872 5642 3132 5698 ﬂorebat-
