3842 6296
437 311 544 368 667

1551 309 1606 364 S.
1649 307 1978 366 PROCLUS
2005 307 2112 363 CP.
2152 306 2552 366 EPISCOPUS.

3579 301 3690 358 tif-8

1703 446 1847 501 Ibid.
1887 463 2004 517 cap.
2037 445 2119 511 IO,
2152 462 2272 516 pag.
2309 445 2434 500 551.

427 595 434 606 ι
514 563 876 618 Maximianus
906 576 1030 616 cum
1067 560 1205 617 duos
1251 575 1427 616 annos
1460 569 1514 617 et
1545 576 1641 616 sex
1671 577 1886 618 menses
1915 560 2018 617 Ec-
2046 570 2090 626 Α
2122 559 2267 629 cepit
2308 557 2683 614 inthronizare
2714 555 2990 610 Proclum.
3038 552 3196 620 Quod
3240 555 3407 608 etiam
3456 549 3684 608 Romani

439 659 665 712 clesiam
697 656 1081 726 gnbernasset,
1109 652 1400 709 defunctus
1425 662 1507 709 est
1532 654 1821 709 consulatu
1855 653 2015 708 Ario-

439 748 621 803 biudze
655 757 708 802 et
736 747 984 818 Asparis,
1015 744 1103 800 die
1130 761 1206 800 xu
1262 746 1469 802 mensis
1500 745 1722 816 Aprilis,
1759 745 1812 800 in
1848 747 2016 815 septi-

439 853 601 891 mana
623 837 830 906 majore
846 838 1204 908 jejuniorum,
1231 836 1368 892 feria
1395 854 1446 890 v.
1471 837 1628 892 Tunc
1657 837 1821 907 igitur
1844 834 2019 891 Theo-

441 929 974 998 dosius-impcrator
1022 929 1296 997 sapienter
1354 943 1578 982 causam
1604 928 1906 998 prospexit,
1949 943 2017 984 ne

438 1037 635 1084 rursus
669 1021 737 1077 de
763 1022 1083 1092 episc0patu
1116 1022 1404 1077 seditionis
1427 1021 1660 1091 qua’stio
1695 1029 1790 1074 aut
1817 1020 2018 1074 tumul-

438 1119 530 1166 tus
570 1112 627 1165 in
666 1111 906 1166 Ecclesia
943 1118 1283 1166 nasceretur.
1321 1109 1456 1164 Cum
1497 1110 1675 1164 adhuc
1713 1124 1842 1178 ergo
1887 1125 2017 1164 cor-

439 1218 545 1274 pus
579 1203 892 1258 Maximiani
918 1203 1147 1273 jaceret,
1181 1202 1544 1273 praesentibus
1577 1201 1850 1273 episc0pis
1876 1217 2018 1271 prae-

1739 1337 1878 1391 lbid.
1913 1355 2032 1407 cap.

511 1455 746 1512 Proclus
777 1456 846 1510 ab
884 1464 1044 1512 aetate
1079 1457 1254 1526 prima
1289 1456 1462 1511 lector
1489 1455 1612 1520 fuit,
1648 1455 1791 1526 apud
1827 1456 2018 1510 docto-

441 1563 533 1604 res
561 1559 740 1603 tamen
776 1549 1077 1604 observans
1110 1550 1314 1602 zelator
1347 1563 1565 1618 quoque
1609 1548 1664 1602 in
1696 1549 1968 1602 rhetorica
1999 1563 2014 1600 :

444 1640 540 1710 qui
567 1639 697 1694 dum
724 1639 793 1693 ad
827 1639 1122 1708 perfectam
1153 1639 1388 1694 venisset
1412 1647 1626 1693 aetatem
1647 1679 1662 1703 ,
1700 1639 2020 1708 plerumque

361 1735 366 1740 ’
442 1747 570 1786 cum
602 1731 780 1785 Attico
811 1740 928 1785 erat
959 1732 1216 1800 episc0po
1247 1740 1506 1800 exceptor
1533 1746 1848 1785 sermonum
1877 1731 2018 1801 ejus.

2117 648 2362 718 episc0pi
2390 646 2675 702 leestini
2701 645 2894 701 littera:
2919 645 3292 710 firmaverunt,
3315 657 3455 713 quas
3486 642 3559 696 ad
3584 641 3689 711 Cy-

2117 742 2299 796 rillum
2330 739 2670 795 Alexandria:
2689 739 2982 794 destinavit
3008 738 3325 806 episcopum
3355 742 3411 790 et
3435 734 3502 789 ad
3531 733 3689 789 Joan-

2119 849 2241 888 nem
2267 833 2668 887 Antiochenum
2704 840 2757 885 et
2783 829 2983 885 Rufum
3003 829 3586 893 Thessalonicensem,
3612 827 3688 881 di-

2120 943 2251 980 cens
2294 926 2423 995 quia
2467 925 2604 980 nihil
2642 924 2956 995 prohiberet
2987 924 3215 979 alterius
3256 923 3500 978 civitatis
3539 921 3685 976 exsi-

2121 1026 2352 1074 stentem
2381 1019 2699 1089 episcopum
2733 1019 2788 1072 in
2820 1018 2978 1072 aiiam
3012 1016 3328 1086 demigrari.
3359 1014 3690 1069 lnthroniza-

2119 1117 2210 1165 tns
2264 1111 2429 1180 igitur
2474 1109 2702 1166 Proclus
2747 1112 3040 1181 exsequias
3081 1106 3396 1164 Maximiani
3442 1105 3688 1176 corporis

2120 1202 2440 1260 celebravit.

2065 1338 2146 1401 li,
2173 1355 2292 1409 pag.
2322 1337 2448 1394 552.

2124 1470 2184 1510 se
2238 1456 2540 1512 terribilem
2601 1465 2905 1527 opportune
2959 1457 3341 1524 monstrabat;
3406 1457 3515 1510 iste
3568 1470 3700 1509 vero-

2125 1548 2381 1601 omnibus
2409 1547 2556 1601 mitis
2587 1559 2704 1601 erat
2727 1565 2742 1614 ;
2769 1555 2822 1602 et
2847 1549 2926 1602 sic
2956 1563 3053 1604 eos
3087 1548 3270 1618 potius
3299 1561 3466 1616 quam
3503 1546 3692 1600 violen-

2126 1646 2210 1692 ter
2238 1637 2454 1694 ﬂectere
2483 1641 2776 1703 nitebatur,
2813 1641 3017 1695 nullam
3055 1641 3304 1695 lneresim
3341 1639 3572 1707 fatigare
3599 1655 3692 1692 vo-

2129 1730 2246 1784 lens
2280 1751 2292 1785 :
2326 1734 2380 1785 in
2420 1731 2522 1786 hac
2561 1743 2712 1801 parte
2749 1731 3114 1787 Theodosium
3156 1733 3402 1787 imitatus
3453 1732 3698 1802 impera-

446 1820 514 1874 Et
545 1820 672 1875 dum
710 1823 1033 1891 proliceret,
1081 1822 1150 1874 ab
1176 1821 1357 1874 Attico
1395 1821 1663 1874 diaconus
1709 1822 2016 1886 ordinatur,
2052 1817 2093 1874 Β
2123 1831 2318 1878 torem.
2351 1824 2444 1878 llle
2466 1839 2699 1893 namque
2723 1823 3027 1893 judicabat,
3053 1833 3244 1879 contra
3272 1821 3574 1894 culpabiles
3596 1824 3691 1877 im-

447 1921 637 1982 postea
668 1912 974 1982 presbyter.
1005 1911 1048 1964 Α
1087 1912 1332 1967 Sisinuio
1360 1927 1489 1965 vero
1522 1912 1704 1982 Cyzici
1735 1912 2025 1967 ordinatur

447 2006 761 2074 episcopus.
804 2003 928 2058 Haec
957 2004 1205 2074 equidem
1238 2004 1287 2058 ei
1320 2004 1577 2074 primitus
1615 2015 2024 2075 provenerunt;

447 2103 638 2165 postea
687 2097 942 2150 thronum
992 2096 1618 2167 Constantinopolitanae
1659 2099 1886 2152 sortitur
1916 2098 2022 2153 Ec-

448 2188 647 2242 clesiae.
681 2187 811 2241 Erat
837 2188 982 2243 enim
1005 2189 1089 2243 vir
1116 2189 1360 2245 moribus
1387 2189 1645 2260 Optimis;
1675 2197 1727 2245 et
1757 2191 1826 2245 ab
1847 2192 2041 2263 Attico

449 2279 654 2332 utiliter
678 2279 947 2345 eruditus,
981 2281 1164 2336 omnia
1187 2281 1308 2351 ejus
1333 2281 1672 2336 imitabatur.
1708 2281 1813 2337 Sed
1838 2285 1892 2338 in
1913 2285 2026 2338 isto

448 2370 714 2440 patientia
735 2374 915 2442 potior
942 2373 1263 2444 apparebat.
1289 2373 1356 2428 Et
1384 2375 1474 2431 ille
1503 2374 1724 2447 quidem
1755 2375 2026 2432 haereticis

2128 1915 2318 1985 periali
2352 1931 2461 1969 non
2490 1918 2566 1969 uti
2599 1923 2868 1987 potestate
2906 1934 2919 1970 :
2954 1917 3044 1971 hic
3087 1924 3268 1970 autem
3303 1916 3458 1986 parvi
3498 1913 3720 1985 pende--

2130 2010 2246 2072 bat,
2279 2010 2324 2064 si
2362 2010 2488 2080 quis
2518 2010 2586 2066 de
2629 2009 2740 2065 Deo
2769 2025 2876 2064 non
2913 2010 2985 2064 ita
3011 2018 3259 2080 saperet,
3297 2011 3442 2063 sicut
3473 2007 3608 2076 ipse.
3641 2005 3694 2059 In

2131 2101 2218 2157 his
2248 2103 2411 2172 igitur
2438 2103 2604 2157 etiam
2649 2104 2946 2173 imperator
2983 2103 3242 2156 laudabat
3281 2116 3447 2166 eum;
3479 2115 3602 2154 cum
3646 2107 3702 2152 et

2132 2194 2246 2264 ipse
2288 2210 2448 2250 veros
2505 2195 2821 2250 sacerdotes
2875 2195 3216 2260 imitaretur,
3265 2204 3320 2249 et
3362 2203 3696 2262 nequaquam

2130 2288 2383 2358 persequi
2414 2289 2657 2344 volentes
2691 2287 3022 2344 admitteret.

2063 2511 2139 2573 X.

713 2634 800 2690 Ea:
823 2635 1179 2693 Coufessione
1209 2636 1334 2694 ﬁdei
1361 2637 1591 2693 Joannis
1622 2637 1906 2702 Maxentii,
1935 2640 1988 2692 in
2011 2638 2269 2694 Biblioth.
2303 2639 2406 2694 PP.
2429 2639 2609 2694 Paris.
2641 2649 2770 2694 tam.
2795 2637 2888 2705 ιγ,
2918 2647 3059 2709 part.
3091 2655 3133 2705 ι,
3165 2657 3287 2710 pag.
3318 2639 3442 2695 4'57.

525 2746 632 2802 Sed
666 2747 753 2806 his
795 2749 955 2821 paulo
1000 2751 1347 2807 manifestius
1375 2753 1568 2808 beatus
1604 2753 1830 2808 Proclus
1861 2754 2026 2823 hujus

451 2844 604 2898 m‘bis
634 2844 947 2914 episcopus,
975 2861 1137 2916 quem
1171 2849 1336 2901 etiam
1366 2849 1676 2904 veneranda
1706 2850 1910 2919 recepit
1940 2866 2028 2922 sy-

452 2934 632 2991 nodus
663 2935 1127 2993 Chalcedonensis
1147 2977 1162 3002 ,
1204 2939 1273 2995 ad
1303 2940 1591 2995 Armenios
1621 2959 1633 2995 :
1671 2957 1797 2996 cum
1837 2951 2026 2996 contra

453 3025 731 3084 Theodori
770 3029 1160 3099 blasphemias,
1194 3033 1288 3102 qui
1318 3034 1741 3103 quaternitatcm
1771 3049 1869 3104 pro
1909 3032 2032 3087 Tri-

455 3121 628 3176 nitate
667 3122 834 3193 impie
861 3124 1266 3194 dogmatizavit,
1299 3133 1578 3196 peteretur
1605 3126 1674 3180 ab
1703 3127 1820 3196 ipsa
1848 3135 2028 3196 gente,

2136 2753 2238 2808 hac
2274 2753 2544 2809 sententia
2574 2764 2656 2809 est
2681 2754 2933 2818 loeutus,
2969 2754 3188 2815 dicens,
3216 2761 3323 2807 etc.
3367 2753 3701 2822 Quapropter

2136 2848 2182 2903 si
2220 2850 2344 2918 quis
2386 2847 2528 2902 hanc
2569 2845 2734 2916 hujus
2765 2847 3062 2902 beatissimi
3107 2844 3287 2899 Patris
3323 2860 3485 2914 super
3521 2846 3701 2914 splen-

2135 2941 2322 2996 dorem
2352 2939 2484 2994 solis
2511 2939 2781 2993 lucentem
2827 2939 3149 3002 sententiam
3180 2936 3577 3004 reprehendere
3606 2952 3701 2988 au-

2136 3032 2247 3096 det,
2293 3046 2456 3085 unam
2490 3030 2658 3084 totius
2696 3027 2988 3082 Trinitatis
3027 3027 3473 3088 subsistentiam,
3507 3024 3560 3078 id
3600 3032 3699 3086 est,

2136 3123 2318 3178 Patris
2342 3130 2395 3177 et
2427 3121 2549 3175 Filii
2573 3132 2624 3176 et
2652 3121 2894 3190 Spiritus
2919 3119 3117 3182 sancti,
3148 3119 3436 3174 manifeste
3457 3133 3580 3172 cum
3608 3115 3700 3170 Sa-

456 3224 516 3268 ut
543 3185 830 3282 scriberet,
867 3185 1222 3287 ejtisdemque
1248 3185 1620 3288 blasphemias
1652 3185 1936 3280 refutaret,
1969 3185 2033 3273 de
2061 3185 2104 3242 ο
2136 3217 2298 3273 bellio
2333 3215 2555 3271 credere
2591 3185 3039 3284 deprehenditur.

2068 3352 2168 3411 XI.

533 3515 616 3552 ως
646 3500 780 3554 libro
809 3517 860 3552 IV
892 3499 1178 3570 Ephrwmii
1203 3502 1433 3571 episcopi
1462 3501 1833 3572 Theopolitani
1861 3499 1926 3554 ad
1943 3501 2254 3640 :Jgen§3;cs
2285 3498 2604 3561 monachos,
2645 3496 2786 3566 apud
2819 3493 3070 3551 Pliotium
3107 3494 3244 3549 Bibl.
3281 3497 3400 3550 cod.
3428 3512 3635 3560 ccxxix,

530 3709 594 3762 Et
633 3725 764 3765 sane
813 3709 1043 3765 Proclus
1102 3706 1769 3778 Constantinopolitanus,
1817 3717 1871 3764 et
1921 3705 2030 3778 Cy-

457 3800 640 3855 riacus
666 3800 833 3871 Paphi
862 3802 1154 3872 episcopus
1173 3841 1188 3863 ,
1224 3817 1368 3854 unus
1398 3816 1428 3855 e
1468 3801 1728 3855 trecentis
1765 3799 1952 3854 decem
1979 3807 2033 3854 et

459 3898 583 3944 octo
616 3889 907 3957 Patribus,
951 3891 1064 3946 haec
1107 3891 1294 3944 eadem
1333 3890 1554 3945 habent.
1594 3889 1687 3944 Ille
1729 3889 1949 3958 quidem
1978 3889 2034 3943 in

456 3981 843 4038 Pulcherianis
884 3991 1006 4052 post
1048 3982 1330 4049 Natalem;
1374 3993 1428 4037 et
1473 3983 1563 4036 hic
1608 3984 1663 4036 in
1718 3981 2035 4052 Epiphania:

459 4075 707 4129 oratione
745 4094 758 4128 :
801 4075 1096 4145 quietiam
1141 4075 1198 4128 in
1237 4073 1486 4130 oratione
1531 4073 1608 4129 De
1660 4073 2038 4128 Incarnatione

461 4165 650 4220 eadem
690 4167 872 4222 habet.

2213 3705 2323 3758 Καὶ
2351 3705 2456 3776 μὴν
2487 3705 2580 3756 καὶ
2613 3702 2856 3773 Πρόκλος
2889 3705 2918 3758 6
2951 3703 3588 3765 Κωνσταντινουπόλεως,
3622 3701 3696 3752 ναὶ

2140 3798 2419 3870 Κυριακὸς
2451 3798 2480 3850 6
2521 3797 2619 3868 τῆς
2652 3796 2840 3865 Πάφου
2880 3795 3202 3859 ἐπίσκοπος,
3233 3789 3315 3858 εἷς
3347 3794 3424 3848 ὣν
3465 3795 3570 3846 τῶν
3607 3799 3697 3863 τιῃ⁹

2142 3890 2312 3958 ἁγίων
2338 3888 2629 3959 Πατέρων,
2660 3887 2727 3940 τὰ
2755 3887 2894 3940 αὑτά
2926 3903 3090 3957 φησιν
3110 3927 3124 3940 .
3168 3888 3228 3940 '0
3257 3888 3355 3958 μὲν
3385 3890 3444 3940 ὲν
3479 3887 3698 3956 Πουλχεο

2143 3984 2354 4054 ριαναῖς
2386 3982 2523 4052 μετὰ
2556 3980 2616 4034 τὸ
2660 3979 2939 4033 Γενέθλιον
2959 3997 2973 4011 ο
3011 3982 3039 4033 6
3077 3979 3136 4032 δὲ
3166 3981 3223 4032 ἐν
3251 3980 3329 4050 τῷ
3364 3981 3461 4042 Εἰς
3483 3977 3554 4028 τὰ
3579 3979 3696 4028 Θεο-

2144 4073 2519 4144 φάνιαλόγῳ·
2560 4075 2588 4125 6
2617 4073 2778 4136 αὐτὸς
2808 4073 2866 4124 δὲ
2903 4073 2996 4126 καὶ
3034 4074 3092 4125 ὲν
3130 4071 3208 4143 τῷ
3247 4070 3387 4142 Περὶ
3428 4071 3702 4136 erarde

2147 4167 2390 4236 πήσεως
2421 4167 2566 4236 λόγῳ
2597 4165 2666 4218 τὰ
2697 4165 2836 4218 αὐτὰ
2865 4165 3035 4234 λέγει.

835 4307 918 4363 Ea:
944 4309 1187 4363 oratione
1218 4324 1280 4362 ιιι
1302 4307 1538 4378 ejusdem
1567 4307 1635 4362 ad
1667 4305 1936 4362 Domuum
1969 4316 2023 4362 et
2045 4305 2310 4363 Joannem
2339 4309 2661 4372 monachos,
2697 4305 2826 4360 ibid.
2853 4322 3004 4377 pagg.
3041 4305 3167 4371 806,
3197 4305 3321 4360 807.

535 4445 613 4502 Ad
639 4447 756 4502 haec
782 4447 1308 4520 Ilierosolymitanus
1331 4449 1591 4518 Cyrillus,
1622 4451 1784 4504 lcouii
1816 4451 2030 4521 Amphic

462 4538 696 4602 lochius,
734 4539 961 4596 Proclus
1017 4542 1568 4612 Constantinopoleos
1615 4545 1894 4614 episcopi;
1945 4545 2038 4614 qui

2231 4451 2354 4505 Ἐπὶ
2386 4452 2599 4514 τούτοις
2640 4451 2735 4504 καὶ
2777 4452 2806 4503 6
2843 4450 2951 4504 τῶν
3006 4449 3392 4520 Ἰεροσολύμων
3434 4448 3706 4518 Κύριλλος,

2146 4545 2242 4598 καὶ
2285 4546 2630 4616 Ἀμφιλόχιος
2657 4549 2686 4599 6
2715 4546 2809 4598 τοῦ
2850 4545 3069 4598 Ἰκονίου
3091 4585 3106 4607 ,
3133 4546 3228 4597 καὶ
3250 4543 3488 4614 Πρόκλος
3516 4544 3545 4595 6
3571 4542 3699 4594 Kh»

461 4629 517 4685 in
543 4627 973 4700 Quadragesima
1003 4632 1084 4686 sic
1108 4632 1268 4686 habet
1293 4653 1306 4688 :
1338 4631 1531 4688 Divina
1561 4645 1757 4688 natura
1782 4637 2030 4700 increata,

2149 4637 2642 4701 σταντινουπόλεως
2661 4657 2673 4668 ·
2705 4637 2764 4702 ὃς
2781 4637 2874 4692 καί
2900 4655 3065 4708 φησιν
3095 4637 3151 4690 ὲν
3175 4639 3240 4708 τῇ
3271 4634 3703 4706 Τεσσαρακοστῇ⁹

459 4733 510 4778 et
537 4733 733 4778 nostra:
759 4725 934 4778 carnis
967 4724 1206 4794 legitima
1234 4727 1527 4795 assumptio
1549 4767 1564 4789 ,
1591 4737 1640 4781 et
1672 4744 1807 4781 unus
1837 4737 1914 4782 est
1948 4727 2044 4782 Fi-

463 4814 566 4868 lius
605 4855 620 4869 .
661 4859 674 4872 .
713 4855 728 4870 .
772 4857 786 4872 .
829 4856 842 4871 .
885 4856 901 4872 .
939 4814 1045 4872 Sed
1098 4825 1153 4872 et
1197 4816 1396 4874 Petrus
1441 4830 1649 4890 martyr
1700 4820 2045 4874 Alexandriae

464 4908 662 4976 praesul
695 4908 893 4962 similia
925 4918 1180 4964 testatur.
1223 4909 1452 4966 Proclus
1484 4927 1702 4981 quoque
1731 4911 2046 4966 Constanti-

465 4997 814 5062 nopolitanus
841 5000 1136 5071 episcopus
1162 5003 1215 5056 in
1247 5017 1504 5058 sermone
1534 5002 1612 5056 De
1633 5003 1909 5057 nativitate
1935 5003 2047 5057 Do-

464 5102 612 5138 imm.

2153 4726 2223 4780 ἸΙ
2271 4729 2403 4782 θεία
2443 4729 2632 4798 φύσις
2665 4729 2970 4795 ἅκτιστος,
2999 4731 3036 4797 ἡ
3077 4728 3145 4794 ἐξ
3189 4728 3334 4798 ἐμοῦ
3380 4727 3700 4795 πρόσληψις

2143 4821 2486 4886 ἁνόθευτοςο
2523 4823 2618 4876 καὶ
2650 4823 2824 4877 ἐστιν
2857 4819 2946 4890 εἷς
2985 4825 3138 4889 Υἱός.
3171 4863 3184 4878 .
3218 4863 3234 4876 .
3289 4821 3448 4874 Ἀλλὰ
3485 4821 3576 4874 καὶ
3617 4818 3699 4871 [Ιὲο

2144 4929 2272 4984 στρος
2297 4916 2326 4966 6
2359 4913 2764 4986 Ἀλεξανδρείας
2787 4915 2882 4968 καὶ
2911 4915 3139 4986 μάρτυς,
3166 4915 3234 4967 τὰ
3255 4915 3415 4984 ὅμοια
3439 4910 3703 4984 μαρτυρεῖν

2146 5007 2239 5059 καὶ
2266 5007 2508 5078 Πρόκλος
2531 5010 2558 5061 6
2584 5007 3226 5069 Κωνσταντινουπόλεως,
3261 5005 3318 5058 ἓν
3345 5023 3403 5058 τε
3431 5005 3507 5074 τῷ
3532 5006 3625 5068 εἰς
3647 4998 3699 5052 τό

2149 5101 2476 5154 Γενέθλιον
2508 5099 2674 5170 λόγῳ.

1147 5235 1233 5289 Ex
1263 5237 1400 5292 libro
1429 5252 1446 5291 1
1480 5238 1714 5307 ejusdem
1755 5238 2046 5310 Ephrwmii
2075 5242 2146 5296 De
2175 5241 2358 5296 verbis
2395 5240 2604 5312 Cyrilli,
2636 5237 2769 5293 ibid.
2799 5256 2921 5310 pag.
2960 5238 3062 5292 796

539 5343 766 5416 Magnus
809 5363 1028 5420 quoque
1056 5351 1293 5409 Basilius
1332 5355 1661 5424 Cappadox,
1704 5357 1864 5426 cujus
1905 5356 2048 5413 fama

466 5439 788 5494 universum
819 5452 1147 5514 pervagatur
1175 5446 1386 5510 orbem,
1419 5447 1652 5516 formam
1685 5457 1738 5502 et
1764 5451 2051 5504 essentiam

471 5530 612 5584 idem
650 5546 773 5587 esse
803 5533 979 5588 docet.
1030 5533 1258 5592 Proclus
1289 5554 1509 5610 quoque
1542 5540 2050 5612 Constantinopoli-

472 5628 634 5676 tanus
671 5623 966 5695 episcopus
999 5625 1253 5682 similiter
1299 5647 1311 5682 :
1362 5631 1524 5685 modo
1565 5631 1836 5699 siquidem
1875 5650 2051 5688 essen-

472 5712 604 5767 tiam
630 5718 920 5788 appellavit
952 5720 1201 5792 formam,
1239 5724 1400 5780 modo
1439 5740 1568 5779 vero
1605 5733 1873 5778 naturam.

2232 5357 2289 5411 '0
2321 5357 2623 5427 θαυμάσιος
2650 5356 2705 5408 δὲ
2739 5355 3020 5418 Βασίλειος
3045 5359 3073 5408 ὁ
3100 5357 3163 5406 ἐκ
3185 5355 3582 5413 Καππαδοκίας,
3612 5349 3697 5401 πᾶ·

2152 5469 2250 5504 σαν
2283 5450 2524 5520 φωτίςας
2553 5449 2651 5519 τὴν
2681 5447 3028 5518 οἰκουμένην,
3057 5447 3172 5512 τὴν
3198 5445 3439 5516 μορφὴν
3491 5447 3576 5497 καὶ
3599 5441 3700 5504 τὴν

2152 5545 2372 5598 οὐσίαν
2399 5542 2592 5595 ταυτὸν
2623 5541 2960 5612 δογματίζει.
2997 5539 3107 5592 Καὶ
3139 5538 3378 5610 Πρόκλος
3414 5536 3466 5589 δὲ
3504 5536 3529 5587 6
3566 5535 3696 5586 Κων-

2155 5622 2648 5696 σταντινουπό).εως
2695 5632 3026 5694 ἐπίσκοπος,
3068 5627 3357 5690 ὡσαύτωςο
3402 5627 3430 5678 6
3479 5625 3566 5694 μὲν
3606 5620 3700 5688 fit;

2153 5730 2252 5800 τὴν
2277 5726 2519 5797 μορφὴν
2543 5727 2761 5780 οὐσίαν
2790 5724 3071 5797 ὠνόμασεν
3091 5738 3102 5749 ⁸
3133 5723 3161 5774 6
3189 5721 3243 5774 δὲ
3277 5719 3484 5789 φύσιν.
