3842 6310
1432 377 1848 436 TESTIMONIA
1887 379 2240 438 VETERUM.

3375 395 3480 450 (ἴἺο

1805 517 1938 577 ΧΠ.

732 605 815 662 Ex
839 609 1151 668 Constituto
1190 613 1369 685 Vigilii
1400 634 1551 687 papte
1588 621 1730 688 apud
1755 621 2051 677 Baronium
2083 624 2153 677 ad
2187 640 2383 678 annum
2411 624 2533 692 555,
2564 623 2593 696 §
2621 624 2722 679 174
2754 636 2802 680 ει
2831 643 2939 698 seq.

307 723 536 783 Beatum
566 727 817 786 Proclum
851 729 1014 797 hujus
1046 731 1208 799 regite
1239 731 1478 786 civitatis
1509 735 1806 789 antistitem
1841 759 1880 813 Α
1907 734 2316 793 eruditissimus
2347 737 2716 802 sacerdotum,
2745 748 2798 792 et
2819 755 2923 793 non
2953 740 3112 811 longe
3140 756 3172 795 a
3201 740 3475 799 Theodori

229 813 313 869 ita
343 821 628 874 memorati
667 820 893 876 Joannis
926 822 1248 877 Autiocbeni
1279 823 1521 894 episc0pi
1553 825 1805 882 similiter

228 915 457 962 constat
488 911 836 981 respondisse
869 913 1174 981 rescriptis,
1203 922 1307 968 etc.
1343 913 1646 986 Perpendat
1674 933 1804 987 ergo

228 999 458 1067 pietatis
500 1011 696 1058 vestra:
743 1004 1008 1074 sapientia
1056 1004 1352 1074 singularis
1401 1008 1531 1077 quia
1575 1007 1801 1066 Proclus

1911 827 2277 898 Mopsuesteni
2354 830 2460 883 vita
2524 841 2806 899 repertus,
2870 834 3012 886 mala
3063 849 3184 904 quae
3245 836 3478 893 libenter

1909 919 2293 988 damnaverat,
2327 923 2488 986 cuius
2525 935 2750 987 essent,
2780 940 2838 979 se
2862 924 2974 993 jam
3023 934 3152 981 tunc
3193 926 3477 997 professus

1908 1022 1992 1067 est
2023 1014 2294 1083 ignorare.

1792 1130 1952 1192 XIII.

497 1217 584 1273 Ea:
615 1236 773 1276 conc.
800 1221 1402 1298 ConstantinOpolitano
1431 1247 1493 1295 ll,
1523 1247 1708 1302 gener.
1740 1235 1802 1298 V,
1838 1237 2019 1290 callat.
2057 1253 2140 1300 ιιι,
2163 1236 2288 1292 edit.
2334 1237 2460 1292 Ven.
2493 1237 2658 1293 Labb.
2687 1249 2812 1294 tom.
2848 1239 2936 1306 Vl,
2969 1257 3090 1312 pag.
3113 1243 3202 1297 42.

299 1330 599 1404 Sequimur
630 1353 726 1407 per
751 1342 931 1395 omnia
958 1351 1012 1397 et
1038 1352 1257 1400 sanctos
1301 1347 1490 1403 Patres
1521 1356 1576 1401 et
1613 1349 1803 1404 docto-

219 1433 318 1475 res
353 1420 631 1492 Ecclesiae,
649 1428 1024 1498 Athanasium,
1063 1432 1348 1502 Hilarium,
1380 1446 1507 1504 etc.,
1539 1439 1796 1503 Leonem,

1910 1351 2194 1416 ProcIum;
2226 1361 2279 1408 et
2316 1355 2649 1424 suscipimus
2682 1357 2864 1411 omnia
2907 1373 3026 1426 qtue
3059 1357 3132 1411 tle
3167 1369 3311 1413 recta
3347 1360 3470 1424 fide,

1909 1451 1962 1496 et
2002 1443 2451 1498 condemnatione
2487 1444 2865 1499 haereticorum
2900 1455 3270 1516 exposuerunt
3301 1448 3402 1519 (a).

1099 1549 1184 1602 Ea:
1203 1551 1380 1605 eodem
1411 1555 1646 1609 concilio
1677 1555 1805 1622 Cl’.,
1843 1557 2024 1610 collat.
2050 1574 2122 1619 vr.
2163 1557 2292 1613 ibid.
2328 1574 2448 1628 pag.
2479 1557 2599 1612 156.

292 1655 498 1718 Sancta
528 1664 770 1732 synodus
801 1666 938 1721 dixit
969 1687 982 1722 :
1008 1671 1272 1726 Omnibus
1299 1673 1646 1730 manifestum
1677 1693 1797 1732 esse

213 1756 486 1816 putamus
523 1767 590 1806 ex
632 1756 863 1824 epistola
904 1772 934 1811 a
977 1758 1170 1816 Proclo
1209 1763 1478 1831 religiosae
1523 1769 1799 1822 memoriae

213 1836 455 1908 scripta,
492 1840 638 1908 quod
681 1859 790 1898 non
824 1846 992 1901 libera
1027 1858 1106 1904 est
1157 1852 1226 1904 ab
1261 1855 1610 1910 accusatione
1655 1857 1798 1926 apud

101 1963 111 1976 .
211 1940 347 1980 eum
395 1934 675 2002 proposita
719 1936 789 1990 ad
841 1936 1038 1992 Marim
1093 1939 1308 1996 Persam
1355 1947 1612 2012 epistola;
1665 1963 1792 2003 nam

1901 1677 2213 1733 Nestorium
2249 1678 2510 1741 vindicat,
2542 1688 2592 1731 et
2629 1677 2780 1747 impii
2815 1677 3085 1733 Theodori
3127 1680 3335 1748 scripta
3378 1694 3476 1749 per

1901 1769 2084 1823 omnia
2126 1770 2479 1839 comprobat,
2523 1784 2643 1838 quae
2694 1781 2896 1824 sanctae
2931 1770 3206 1824 memoria:
3248 1769 3473 1824 Proclus

1903 1861 2161 1930 praecepit
2197 1877 2319 1916 eum
2357 1861 2841 1916 anathematizarc.

720 2045 807 2101 Ea:
828 2049 1007 2103 eodem
1039 2054 1276 2108 concilio
1304 2053 1433 2120 CP.,
1458 2057 1640 2112 collat.
1671 2075 1724 2125 v,
1754 2059 1945 2130 Cyrilli
1967 2064 2118 2131 epist.
2155 2063 2222 2116 ad
2257 2064 2539 2124 Acacium,
2570 2063 2698 2116 ibid.
2731 2079 2854 2133 pag.
2893 2063 2960 2116 79

285 2149 411 2206 Non
447 2156 735 2224 oportebat
764 2159 931 2215 latere
960 2165 1303 2221 sanctitatem
1337 2179 1480 2222 tuam
1511 2191 1524 2224 :
1556 2182 1650 2226 aut
1687 2174 1796 2228 for-
1827 2183 1868 2238 Β
1900 2178 2058 2248 longa
2101 2177 2168 2233 de
2206 2179 2613 2248 dispensatione
2645 2178 2856 2232 Domini
2889 2179 3058 2233 nostri
3087 2178 3214 2234 Jesu
3247 2179 3471 2236 Christi.

225 2244 380 2298 sitan
413 2255 465 2300 et
497 2252 771 2319 cognovit,
801 2253 943 2323 quod
971 2271 1160 2312 omnes
1184 2256 1486 2317 Orientales
1514 2265 1804 2335 religiosis-

211 2336 347 2390 simi
373 2339 612 2410 episcopi
646 2341 699 2395 in
726 2343 1010 2400 Antiochia
1039 2361 1430 2414 convenerunt.
1464 2371 1587 2408 cum
1623 2364 1802 2414 trans-

210 2427 467 2482 misisset
517 2433 597 2487 eis
640 2441 848 2489 tomum
896 2437 1153 2495 dominus
1209 2458 1362 2498 meus
1414 2447 1800 2506 sanctissimus

210 2513 518 2591 episcopus
550 2523 797 2591 Proclus,
839 2529 1109 2585 bonorum
1149 2533 1368 2602 plenum
1414 2537 1796 2596 intellectuum

209 2620 270 2667 et
308 2624 590 2672 rectorum
629 2619 987 2692 dogmatum;
1029 2635 1146 2680 erat
1194 2631 1337 2684 enim
1367 2634 1506 2687 ratio
1538 2636 1705 2689 multa
1748 2645 1802 2692 et

1901 2269 2199 2341 Supposuit
2231 2272 2391 2326 etiam
2425 2272 2662 2340 capitula
2691 2271 2936 2341 quaedam
2971 2271 3199 2326 collecta
3232 2289 3258 2323 ιι
3289 2270 3472 2326 Theo-

1899 2361 2023 2416 dori
2056 2364 2363 2426 codicibus,
2392 2379 2514 2432 quae
2549 2372 2942 2418 consonantem
2967 2361 3200 2416 Nestor-ii
3232 2362 3472 2430 perlitliis

1899 2453 2234 2508 intellectum
2286 2453 2508 2518 habent,
2548 2465 2602 2510 et
2656 2454 2980 2510 adhortatus
3031 2462 3115 2509 est
3166 2454 3329 2508 etiam
3379 2453 3473 2508 illa

1900 2545 2382 2600 anathematizare.

1767 2754 1921 2814 XIV.

513 2856 847 2914 Amsnsws
878 2860 1101 2919 Suum
1127 2866 1219 2921 lib.
1272 2868 1517 2941 Ὀδηγοῦ,
1553 2888 1666 2942 cap.
1693 2875 1746 2940 ὅ,
1775 2891 1824 2929 ea

1911 2875 1996 2930 iit.
2027 2875 2161 2944 Opp.
2189 2872 2420 2929 Gretseri
2443 2874 2603 2941 1740,
2631 2883 2756 2930 ιοηι.
2782 2873 2925 2942 XIV,
2946 2890 3065 2945 pag.
3097 2873 3186 2929 59.

286 2962 481 3057 Πολλῷ
506 2965 666 3021 πλέον
690 2967 746 3021 δὲ
770 2970 1008 3038 πάντων,
1034 2977 1130 3030 καὶ
1158 2979 1266 3051 πρὸ
1289 2981 1506 3037 πάντων
1535 2969 1639 3057 χρὴ
1668 2988 1800 3040 ἀνα-

1969 2986 2085 3042 Prae
2123 2987 2376 3043 omnibus
2421 3002 2552 3042 vero
2600 2995 2654 3043 et
2687 2996 2813 3043 ante
2857 2987 3041 3042 omnia
3095 2985 3472 3041 exsecrandus

209 3051 537 3150 Θεμαῗίζειν
565 3058 658 3112 τὸν
686 3061 1044 3132 κηρύττοντα,
1076 3069 1109 3140 ἢ
1149 3069 1339 3141 ἔχοντα
1369 3075 1495 3128 νέαν
1532 3051 1735 3141 uicem,
1764 3079 1798 3150 ἢ

1911 3089 1984 3134 est
2005 3121 2021 3146 ,
2057 3080 2149 3150 qui
2187 3094 2384 3134 novam
2418 3079 2576 3134 ﬁdem
2609 3087 2703 3135 aut
2742 3079 3067 3136 sententiam
3096 3076 3358 3148 praedicat
3388 3078 3470 3131 vel

208 3147 337 3200 νέον
365 3147 564 3218 δόγμα,
602 3153 1054 3228 παρηλλαγμένον
1081 3161 1182 3234 τῆς
1207 3165 1446 3231 πίστεως
1478 3169 1584 3222 τῶν
1612 3172 1672 3223 ὲν
1700 3147 1801 3224 Νιέ

1911 3178 2047 3225 tenet
2073 3147 2360 3226 diversam
2405 3186 2436 3224 a
2487 3172 2749 3226 trecentis
2786 3170 2972 3226 decem
3014 3177 3068 3224 et
3099 3147 3237 3223 octo
3283 3166 3474 3222 Nicaeae

211 3239 506 3334 nia-tuf-
542 3244 820 3316 Πατέρων.
879 3248 1152 3316 Ὡσαύτως
1196 3256 1291 3309 καὶ
1339 3258 1429 3311 τὸν
1471 3261 1725 3328 εὑρόντα,
1769 3263 1801 3333 ἢ

1911 3263 2178 3318 Patribus.
2222 3262 2483 3318 Similiter
2521 3271 2574 3317 et
2612 3264 2707 3334 qui
2747 3263 3016 3318 invenerit
3046 3269 3140 3315 aut
3171 3260 3474 3329 susceperit

209 3327 608 3398 παραλαϐόντα
637 3334 700 3386 ὲκ
731 3336 829 3406 τῆς
861 3339 1074 3392 συνόδου
1108 3343 1447 3415 Χαλκηδόνος
1472 3327 1596 3401 νέαν
1624 3327 1804 3402 πίστιν

1911 3371 1967 3410 ει
2007 3356 2241 3410 concilio
2262 3356 2692 3424 Chalcedonensi
2715 3369 2909 3409 novam
2934 3363 3129 3424 praeter
3155 3359 3470 3407 sanctorum

208 3424 494 3491 παρεκτὸς
517 3425 608 3478 τοῦ
642 3431 985 3500 φρονήματος
1006 3432 1114 3486 τῶν
1139 3436 1308 3504 ἁγίων
1332 3439 1472 3492 Πατέ
1483 3457 1588 3508 ρων
1615 3443 1798 3496 Διονυ-

211 3511 360 3574 σίου,
403 3515 716 3587 Είρηναίου,
765 3520 1104 3588 Ἀθανασίου,
1147 3525 1446 3593 Βασιλείου,
1480 3531 1797 3604 Γρηγορίου,

220 3603 508 3697 Ἰωάννου,
551 3610 822 3680 Πρόκλου·
859 3615 1082 3669 καὶτῶν
1108 3617 1312 3672 λοιπῶν
1346 3622 1515 3689 ἁγίων
1543 3603 1801 3697 Πατέρων

209 3692 328 3746 τῶν
357 3696 678 3767 όμοφρόνων
712 3702 912 3756 αὐτῶν.
953 3704 1091 3768 Τοὺς
1127 3706 1237 3778 γὰρ
1271 3708 1344 3779 μὴ
1380 3709 1803 3775 ἀκολουθοῦντας

1901 3443 2124 3500 Patrum
2154 3455 2414 3509 mentem,
2444 3445 2710 3515 Dionysii,
2743 3445 2951 3510 lrenmi,
2978 3443 3285 3506 Athanasii,
3319 3440 3470 3496 Basi-

1904 3536 1978 3602 lii,
2007 3535 2274 3607 Gregorii,
2309 3535 2558 3600 Joaunis,
2579 3537 2755 3591 Procli
2792 3537 3238 3606 reliquorumque
3261 3540 3472 3588 sancto-

1899 3643 2018 3681 rum
2043 3628 2266 3682 Patrum
2293 3644 2416 3684 cum
2449 3629 2533 3683 his
2557 3628 2934 3683 concordium.
2968 3625 3104 3682 Nam
3132 3627 3223 3697 qui
3246 3634 3469 3682 sanctos

1901 3722 2002 3776 hos
2036 3722 2290 3778 doctores
2332 3738 2440 3776 non
2480 3733 2804 3792 sequuntur,
2841 3723 3128 3776 damnatos
3157 3719 3409 3774 ducimus
3441 3731 3472 3768 a

208 3783 432 3850 τούτοις
463 3791 573 3852 τοῖς
603 3791 779 3860 ἁγίοις
815 3793 1157 3860 διδασκάλοις
1177 3837 1190 3861 ,
1232 3802 1598 3872 κατακρίτους
1638 3803 1805 3875 ἡγού-

1911 3812 2231 3883 Christoque
2262 3815 2493 3869 alienos.

216 3875 367 3946 μεθα
402 3878 498 3932 καὶ
523 3880 957 3955 ἀλλοτρίους,τοῦ
982 3887 1238 3956 Χριστοῦ.

1440 4005 1573 4062 [neu
1607 4008 1736 4062 ibid.
1771 4027 1889 4080 cap.
1919 4011 1975 4075 6,
2017 4029 2138 4083 pag.
2165 4013 2256 4068 46.

294 4104 470 4167 Ὅσας
505 4105 560 4158 δὲ
593 4107 755 4160 πάλιν
795 4111 1015 4180 χρήσεις
1053 4112 1316 4182 λεγούσας
1345 4115 1445 4181 τὰς
1480 4118 1572 4171 δύο
1606 4120 1799 4189 φύσεις

214 4188 348 4266 εὗρε
375 4195 676 4268 Γρηγορίου
708 4215 767 4252 τε
798 4202 892 4253 καὶ⁸
935 4202 1182 4257 Ἰωάννου
1201 4245 1214 4269 ,
1247 4209 1338 4260 καὶ
1367 4188 1662 4280 Κυρίλλου,
1706 4213 1798 4266 καὶ

228 4286 576 4349 Ἀθανασίου,
603 4290 698 4342 καὶ
719 4291 984 4362 Πρόκλου,
1012 4294 1105 4348 καὶ
1127 4296 1234 4351 τῶν
1258 4298 1459 4353 λοιπῶν
1484 4303 1797 4373 περιφανῶν

213 4377 578 4444 διδασκάλων,
612 4373 688 4433 ὧν
719 4383 776 4434 αἱ
815 4383 986 4452 βίϐλοι
1016 4388 1110 4441 καὶ
1141 4390 1196 4442 αἰ
1224 4391 1451 4462 χρήσεις
1487 4395 1798 4467 ἀπαραίτη-

211 4469 300 4524 τοι
333 4471 464 4536 εισι,
487 4471 576 4526 διὰ
606 4471 669 4526 τὸ
721 4475 860 4528 κατὰ
906 4478 1087 4530 πᾶσαν
1123 4481 1223 4552 τὴν
1269 4484 1592 4556 οἰκουμένην
1629 4488 1797 4552 αὑτὰς

211 4562 568 4633 προκεῖσθαι.

1975 4123 2212 4178 Rursum
2247 4140 2368 4195 quas
2397 4123 2710 4179 testimonia
2747 4122 2972 4178 oll’cndit
3000 4122 3138 4177 duas
3173 4122 3474 4178 asserentia

1904 4224 2128 4270 naturas
2164 4217 2216 4268 in
2257 4215 2552 4285 Gregorio,
2597 4213 2841 4276 Joanne,
2877 4215 3102 4286 Cyr-illo,
3155 4215 3472 4278 Athanasio,

1905 4305 2219 4371 Ambrosio,
2249 4305 2442 4360 Proclo
2472 4307 2793 4376 creterisque
2817 4307 3095 4376 praeclaris
3133 4305 3474 4372 doctoribus,

1907 4413 2137 4466 quorum
2193 4398 2348 4453 libris
2400 4404 2455 4452 et
2514 4398 2802 4452 sententiis
2854 4395 3119 4466 refragari
3190 4397 3470 4466 nequiret.

1907 4496 2198 4558 postquam
2234 4497 2346 4543 toto
2386 4497 2656 4543 terrarum
2685 4489 2802 4542 orbi
2833 4495 3048 4544 constat
3073 4488 3211 4542 duas
3240 4489 3393 4556 ipsos
3420 4486 3476 4540 in

1907 4578 2126 4634 Christo
2158 4589 2384 4636 naturas
2414 4580 2702 4636 atIirmare.

1379 4692 1512 4749 int-zu
1552 4695 1680 4752 ibid.
1709 4712 1824 4765 cap.
1858 4697 1912 4761 7,
1952 4711 2105 4766 pagg.
2138 4695 2228 4763 52,
2254 4696 2342 4750 55.

284 4789 424 4846 Εἶτα
456 4794 596 4864 μετὰ
631 4796 722 4849 τὸν
761 4799 1096 4870 Ἀρτέμωνα,
1129 4803 1336 4869 Παῦλος
1360 4808 1388 4860 6
1424 4809 1796 4878 Σαμοσατεὺς,

215 4886 310 4938 καὶ
337 4885 602 4956 Διόδωρος
639 4888 696 4941 δὲ
734 4893 830 4944 καὶ
857 4892 1132 4964 Θεόδωρος
1156 4896 1184 4947 6
1234 4897 1536 4969 Ἀντιοχεὶις
1569 4900 1797 4970 γεγόνα-

213 4994 324 5044 σιν,
348 4977 409 5042 ἐξ
435 4971 510 5030 ὧν
535 4979 604 5033 τὰ
630 4982 799 5054 μυρία
822 4983 1068 5054 δόγματα
1094 4986 1192 5055 τῆς
1219 4987 1538 5058 διαιρέσεως
1567 4993 1796 5063 ἧντλησε

210 5068 532 5139 Νεστόριος,
571 5072 713 5124 καθὰ
745 5078 1012 5145 μαρτυρεῖ
1041 5077 1131 5128 καὶ
1161 5079 1188 5130 6
1220 5077 1374 5146 ἆγιος
1408 5080 1674 5150 Πρόκλος,
1703 5083 1799 5135 καὶ

208 5160 242 5213 6
275 5161 553 5230 μακάριος
579 5163 866 5233 Κύριλλος.

285 5251 560 5319 Μεγάλως
586 5255 614 5306 6
646 5254 909 5325 Κύριλλος
938 5258 1150 5312 ἐπαινεῖ
1173 5260 1413 5331 Πρόκλον
1442 5262 1531 5313 τὸν
1563 5263 1797 5334 σύγχρο-

211 5359 305 5395 νον
344 5343 533 5397 αὐτοῦ.
575 5345 738 5413 Λέγει
762 5347 871 5418 γὰρ
907 5349 963 5400 ὲν
995 5352 1060 5419 τῇ
1097 5351 1362 5422 ἑρμηνεία
1389 5351 1484 5404 τοῦ
1520 5354 1795 5425 Συμϐόλου

211 5433 418 5497 οὕτως·
471 5433 666 5489 Ταῦτα
709 5439 922 5505 φρονεῖ
957 5441 1089 5508 μεθ’
1128 5441 1298 5510 ἡμῶν
1342 5446 1375 5497 ὀ
1412 5447 1800 5514 φιλόχριστος

211 5525 335 5580 τῶν
370 5526 558 5592 ἁγίων
581 5527 856 5595 Πατέρων
886 5533 1096 5599 χορός-ο
1135 5533 1233 5585 καὶ
1265 5533 1449 5601 αὐτὸς
1480 5535 1548 5588 δὲ
1587 5539 1622 5590 ό
1660 5538 1799 5591 νυνὶ

209 5619 323 5672 τὸν
367 5617 479 5686 τῆς
505 5619 681 5689 ἁγίας
721 5625 1446 5681 Κωνσταντινουπολιτῶν
1481 5630 1800 5699 κοσμήσας

1972 4806 2104 4862 Post
2130 4808 2478 4862 Artemonem
2511 4808 2686 4861 exorti
2719 4817 2848 4863 sunt
2879 4807 3082 4862 Paulus
3120 4807 3475 4861 Samosaten-

1905 4899 2002 4963 sis,
2043 4899 2309 4953 Diodorus
2351 4911 2405 4953 et
2438 4897 2762 4954 Theodorus
2789 4899 3183 4963 Autiochenus,
3222 4915 3250 4951 a
3277 4899 3476 4968 quibus

1902 4990 2187 5044 innumera
2228 4991 2295 5045 de
2334 4991 2602 5046 divisione
2646 4992 2897 5062 dogmata
2939 4991 3225 5047 Nestorius
3271 4992 3475 5054 hausit,

1905 5093 1960 5137 ut
1982 5091 2252 5138 testantur
2276 5092 2502 5139 sanctus
2533 5083 2763 5140 Proclus
2789 5093 2843 5139 ct
2876 5085 3065 5139 beatus
3099 5084 3354 5154 Cyrillus.

1979 5267 2188 5338 Magnis
2212 5269 2466 5325 laudibus
2494 5270 2644 5324 effert
2670 5268 2907 5340 Cyrillus
2937 5269 3190 5324 Proclum
3219 5267 3323 5324 sibi
3349 5282 3479 5322 con—

1906 5368 2339 5429 temporaneum.
2385 5360 2522 5415 Nam
2577 5361 2633 5415 in
2687 5361 3051 5431 explicatione
3107 5359 3350 5430 Symholi
3406 5359 3478 5412 ita

1901 5451 2091 5506 scribit
2123 5471 2134 5504 :
2168 5450 2298 5504 Haec
2328 5451 2598 5505 nobiscum
2637 5454 2793 5505 sentit
2836 5450 3034 5506 Christ:
3078 5449 3479 5504 amantissimus

1900 5552 2205 5596 sanctorum
2233 5540 2459 5595 Patrum
2489 5544 2711 5608 chorus;
2733 5555 2782 5597 et
2810 5544 2899 5598 ille
2932 5545 3039 5612 ipse
3070 5544 3157 5612 qui
3191 5555 3328 5592 nunc
3357 5555 3480 5592 san-

1901 5643 1999 5686 cta:
2058 5632 2667 5702 Constantinopolitauw
2719 5634 2969 5690 Ecclesia'
3023 5634 3270 5686 thronum
3318 5639 3480 5693 tenet,

283 5776 365 5844 (α)
391 5775 516 5834 Haec
546 5780 733 5834 eadem
756 5781 920 5837 etiam
953 5783 1220 5841 habentur
1251 5786 1304 5840 in
1341 5788 1539 5844 concil.
1569 5787 1892 5846 Lateraucn.
1921 5791 2025 5848 sub
2054 5791 2286 5849 Martino
2317 5793 2357 5862 l,
2399 5810 2552 5851 cons.
2579 5794 2634 5852 5.
