3842 6304
407 317 508 378 671
587 365 590 368 .
739 361 741 363 ι
1497 324 1560 384 S.
1599 323 1924 381 PROCLUS

2141 324 2504 382 lPISCOPUS.
3543 323 3658 378 671

407 434 769 490 sanctissimus
802 448 850 490 et
887 437 1318 504 religiosissimus
1350 437 1518 509 frater
1561 449 1612 495 et
1641 441 1924 510 coepiscopt

2139 443 2312 503 υόνον.
2355 441 2676 506 ὁσιώτατος
2695 479 2710 503 ,
2753 441 2849 494 καί
2894 439 3355 505 θεοσεϐέστατος
3388 437 3656 507 ἀδελφὰ

406 524 650 581 Procltts.

2079 535 2533 598 συνεπίσκοπος
2569 532 2858 600 Πρόκλος.
3453 591 3525 608 τε

476 615 728 670 Proclum
772 621 888 687 ipsa
931 617 1165 674 Nestorii
1202 632 1358 678 :ctate
1392 623 1507 677 haec
1541 621 1846 684 docentem,
1878 637 1974 691 ap-

2148 625 2333 678 Ταῦτα
2358 624 2600 696 Πρόκλου
2632 622 2774 676 κατὰ
2806 623 2893 676 τὸν
2920 622 3110 692 καιρὸν
3138 621 3230 674 τοῦ
3258 611 3656 692 Νεστορίοιίδιο

407 706 570 774 pellat
598 707 816 762 divinus
855 710 1112 780 Cyrillus,
1158 713 1403 780 ejusdem
1445 729 1628 768 secum
1665 713 1924 767 sententia

2138 732 2384 780 ισκοντος,
2412 717 2441 767 ὁ
2463 715 2606 778 Θείος
2635 714 2900 785 Κύριλλος
2928 713 3234 784 σύμφρονα,
3263 713 3358 765 καὶ
3394 711 3655 780 Ἀγνώτα-

404 807 458 850 et
499 797 837 854 Sanctissimi
877 818 940 856 ac
989 802 1078 856 Pii
1125 807 1485 874 appellatione
1521 805 1870 870 cohonestet,
1920 837 1921 844 η

2134 825 2183 860 ιν
2210 807 2390 870 αὑτὸν,
2422 806 2514 859 καὶ
2556 807 2766 858 "Ocior
2801 801 2939 858 εἶναι
2978 805 3260 874 ὁμολογεῖ,
3303 793 3400 855 καλν
3433 804 3651 854 ἐπαινεῖ

406 888 588 942 laudat
621 907 776 958 eum,
819 895 966 950 clare
1013 896 1151 949 duas
1200 898 1255 951 in
1299 895 1519 952 Christo
1551 906 1777 953 naturas
1820 884 1923 952 θέει

1855 884 1971 952 ἐδε-
2077 900 2170 953 δύο
2198 899 2388 970 φύσεις
2417 897 2709 970 προφανῶς
2736 897 2831 951 ἐπὶ
2863 894 3097 968 Χριστοῦ
3125 896 3369 964 λέγοντα.

406 988 634 1036 tentem.

1978 1102 2082 1162 XV
2091 1149 2104 1161 .

1015 1227 1299 1285 FACUNDUS
1330 1230 1600 1300 episcopus
1642 1227 2038 1283 Hermianensis
2063 1228 2156 1283 lib.
2185 1242 2301 1291 vm,
2337 1243 2456 1296 cap.
2476 1227 2531 1290 2,
2564 1240 2718 1296 pagg.
2746 1223 2872 1290 645,
2902 1222 3022 1278 646.

477 1336 633 1402 Quod
677 1339 723 1394 si
753 1338 868 1395 haec
896 1343 1037 1396 ratio
1076 1359 1184 1398 non
1213 1359 1352 1408 mea,
1385 1347 1480 1402 sed
1510 1347 1610 1400 viri
1662 1345 1972 1415 prudentis-
2079 1344 2184 1398 ctis
2230 1344 2444 1400 ratione
2481 1341 2784 1398 ducebatur
2823 1341 2907 1396 vir
2936 1341 3117 1398 bonus
3148 1350 3204 1397 et
3245 1341 3467 1412 sapiens
3512 1339 3656 1395 Pro.

407 1424 531 1480 simi
561 1437 722 1496 atque
745 1431 1077 1487 sanctissimi
1107 1433 1304 1498 Procli,
1335 1435 1498 1490 modo
1529 1435 1968 1490 contemnitur...
2079 1437 2220 1501 clus,
2253 1445 2362 1492 etc.

409 1515 798 1590 Nonnullisque
847 1523 1133 1594 interjectis
1167 1539 1187 1579 :
1229 1523 1342 1581 IIao
1387 1525 1461 1580 ita
1513 1526 1804 1598 perspicua
1839 1541 1976 1580 cun-

1981 1662 2140 1724 XVI.

944 1759 1214 1843 Lsoztrlus
1238 1785 1314 1842 De
1341 1788 1530 1855 sectis,
1559 1799 1663 1842 act.
1687 1803 1770 1851 tu,
1792 1802 1858 1842 ea:
1879 1787 2135 1843 Biblioth.
2177 1785 2279 1841 PP.
2311 1785 2516 1850 Paris.,
2548 1795 2674 1841 tom.
2709 1784 2800 1853 XI,
2827 1801 2951 1856 pag.
2982 1786 3105 1842 505.

477 1895 560 1951 Ab
610 1897 819 1968 imperii
869 1899 1304 1958 Constantiniani
1356 1904 1624 1974 principio
1679 1919 1854 1973 usque
1903 1903 1969 1958 ad

2221 1903 2290 1956 πὸ
2316 1903 2413 1974 τῆς
2442 1903 2616 1975 ἀρχῆς
2645 1905 2744 1974 τῆς
2778 1902 3052 1973 βασιλείας
3077 1903 3490 1956 Κωνσταντίνου
3517 1901 3658 1973 ἄχρι
3731 1945 3733 1950 .

407 1989 778 2046 collectionem
815 1995 1006 2065 synodi
1042 1997 1524 2062 Chalcedonensis,
1557 1999 1611 2052 hi
1642 1997 1924 2054 doctoresl

2147 1993 2176 2048 ὕ
2228 1997 2527 2066 κινήματος
2562 1995 2660 2066 τῆς
2705 1997 2761 2048 ὲν
2790 1993 3090 2065 Χαλκηδόνι
3124 1994 3337 2048 συνόδου
3358 2037 3374 2060 ,
3405 1995 3663 2062 ἐγένοντο

408 2077 594 2135 Patres
642 2081 890 2138 vixerunt
936 2103 951 2138 :
1010 2086 1273 2144 Silvester
1316 2090 1606 2160 episcopus
1659 2089 1925 2145 Romanu:

2138 2089 2387 2143 δάσκαλοι
2430 2088 2524 2141 καὶ
2567 2087 2801 2160 Πατέρες
2846 2087 2987 2140 οἶδε’
3033 2087 3351 2159 Σίλὸεστρος
3410 2087 3655 2158 Ῥώμης,

406 2171 729 2237 Alexander,
753 2175 1156 2246 etc.,Joannes,
1179 2178 1405 2240 Proclus
1433 2190 1487 2238 et
1512 2180 1806 2237 Flavianus
1833 2181 1923 2236 Co:

2137 2181 2454 2252 ιλέξανδρος,
2489 2182 2760 2252 Ἰωάννης,
2793 2179 3033 2253 Πρόκλος
3063 2181 3158 2233 καὶ
3181 2180 3476 2244 causam;
3506 2182 3654 2234 Κων-

406 2266 898 2337 stautinopolitani.

2083 2290 2363 2327 σταντινου
2371 2272 2596 2336 πόλεως.

1949 2396 2136 2457 XVII.

810 2509 1083 2572 Geonctus
1125 2517 1543 2577 ALEXANDBINUS
1566 2538 1630 2576 ex
1659 2522 1796 2576 libro
1825 2521 1902 2577 De
1919 2522 2031 2576 vita
2055 2518 2453 2591 Chrysostomi,
2482 2516 2625 2588 apud
2653 2517 2911 2574 Savilium
2943 2529 3072 2573 tam.
3097 2518 3233 2573 VIII.

471 2621 735 2694 Princeps
789 2641 1140 2701 cxpromptus
1189 2633 1256 2688 ad
1313 2652 1372 2692 se
1420 2639 1654 2692 accersit
1699 2638 1972 2704 Proclum,

2154 2637 2413 2706 Ἕτοιμον
2459 2630 2553 2690 οὖν
2602 2635 2864 2708 ὑπάρχων
2916 2636 3072 2690 καλεῖ
3117 2636 3207 2690 τὸν
3251 2635 3518 2706 Πρόκλον,
3569 2636 3652 2700 είς

406 2727 561 2781 quem
587 2717 653 2769 ad
683 2718 784 2771 hoc
811 2719 987 2787 ipsum
1021 2738 1219 2778 munus
1240 2726 1548 2780 obeundum
1571 2731 1923 2784 constituerat

2136 2729 2210 2782 »τὸ
2261 2728 2417 2782 τοῦτο
2470 2728 2888 2800 ἀφωρισμένον,
2940 2727 3107 2799 ἄνδρα
3153 2727 3414 2798 Θεοσεϐῆ,
3448 2728 3542 2780 καὶ
3589 2728 3653 2779 ἐν

407 2807 579 2859 virum
609 2809 797 2879 utique
822 2813 1036 2868 eximia:
1066 2817 1282 2886 pietatis
1310 2834 1438 2888 erga
1471 2819 1660 2888 Deum,
1693 2821 1924 2875 omnibu:

1394 2835 1438 2885 ιιι
1471 2819 1660 2888 Deum,
1693 2821 1976 2877 omnibus-
2081 2821 2230 2893 πάσῃ
2269 2821 2438 2892 ἀρετῇ
2477 2820 2911 2892 κεκοσμημένον.

407 2913 509 2967 que
534 2901 795 2956 virtutum
823 2911 1160 2966 ornamentis
1183 2911 1516 2966 redimitum.

1923 3031 2137 3093 XVIII.

923 3148 1156 3209 Joannes
1182 3152 1529 3212 Duasceuus
1558 3158 1612 3212 in
1644 3156 1882 3227 Epistola
1910 3157 1978 3213 de
2005 3156 2276 3227 Trisagio.
2310 3155 2337 3227 ᾗ
2368 3156 2426 3219 6.
2460 3153 2595 3224 Opp.
2626 3161 2753 3208 εοηιο
2780 3151 2822 3218 1,
2852 3168 2974 3224 Ρα9·
3000 3151 3126 3208 ‘87-

471 3257 741 3334 Tempore
768 3267 1068 3328 beatissimi
1104 3274 1281 3331 Procli
1315 3293 1381 3332 ex
1414 3278 1598 3332 divina
1638 3278 1970 3333 revelatione

2153 3279 2277 3331 Ἐπὶ
2310 3278 2556 3350 Πρόκλου
2585 3275 2680 3331 τοῦ
2725 3278 3126 3350 τρισμακαρίου
3169 3275 3228 3340 ἐξ
3257 3273 3654 3344 ἀποκαλύψεως

406 3353 684 3426 trisagium
716 3360 972 3430 hymnum
1000 3368 1317 3424 cecinerunt
1348 3389 1360 3424 :
1397 3371 1626 3425 Sanctus
1655 3371 1813 3435 Deus,
1846 3388 1923 3424 sat

2143 3370 2246 3435 ίας.
2268 3371 2360 3424 τὸν
2384 3372 2663 3442 τρισάγιον
2693 3369 2942 3440 ὕμνησαν
2969 3369 3156 3441 ὕμνον·
3191 3369 3393 3437 ’Ἄγιος
3416 3371 3449 3421 o’
3480 3366 3651 3432 Θεὸς.

405 3456 518 3501 ctus
563 3449 744 3517 fortis,
792 3466 1008 3511 sanctus
1067 3461 1408 3528 immortalis,
1462 3465 1708 3517 miserere
1757 3463 1905 3517 uobis

2134 3481 2242 3528 θιος
2276 3463 2558 3534 ἰσχυρὸς,
2589 3463 2754 3531 ἅγιος
2795 3461 3109 3526 ἀθάνατος,
3151 3458 3413 3525 ἐλέησον
3453 3454 3651 3526 ἡμᾶς’

404 3551 597 3607 nempe
628 3557 749 3595 cum
785 3561 1011 3615 puerum
1059 3552 1344 3620 quemdam
1376 3569 1406 3608 e
1438 3555 1613 3608 media
1659 3556 1921 3624 supplicat

2131 3573 2164 3608 re
2191 3555 2252 3608 τὸ
2284 3556 2496 3608 παιδίον
2524 3557 2588 3608 ὲκ
2619 3555 2788 3626 μέσης
2819 3555 2915 3625 τῆς
2945 3552 3179 3622 πληθύος
3204 3551 3312 3603 τῶν
3342 3548 3648 3603 λιτανευόν-

405 3627 538 3680 tium
573 3633 728 3686 turba
761 3637 992 3692 sublime
1015 3654 1228 3710 raptum
1265 3644 1432 3698 fuisse
1486 3645 1659 3707 aiunt,
1684 3654 1848 3715 atque
1872 3647 1920 3700 vi

2133 3661 2185 3695 ον
2228 3643 2506 3714 ήρπάχθαι
2552 3642 2684 3710 φασὶ
2729 3643 2822 3697 καὶ
2871 3641 3177 3713 μεμνῆσθαι
3224 3641 3315 3694 τὸν
3359 3639 3543 3710 ὕμνον,
3592 3639 3650 3690 ἐν

403 3723 519 3770 tute
546 3721 775 3788 quadam
810 3728 1050 3796 angelica
1083 3731 1134 3782 in
1167 3745 1344 3786 aerem
1378 3743 1642 3796 evectum,
1663 3734 1806 3788 hunc
1831 3735 1915 3805 hy:

2132 3735 2204 3802 Ξρι
2247 3736 2535 3804 γενόμενον
2569 3734 2631 3787 ἐκ
2671 3753 2814 3798 τινος
2859 3734 3157 3804 ἀγγελικῆς
3204 3734 3504 3803 δυνάμεως,
3554 3731 3649 3784 καὶ

406 3819 534 3858 num
568 3808 852 3875 didicisse;
903 3827 1274 3888 quantumque
1327 3820 1379 3873 in
1425 3821 1527 3876 hoc
1553 3821 1752 3892 hymno
1782 3822 1923 3875 divin

2132 3827 2388 3898 αρτυρίαν
2417 3827 2519 3897 τῆς
2547 3827 2640 3881 τοῦ
2671 3827 2839 3898 ὕμνου
2872 3827 3142 3898 Θειότητος
3169 3825 3514 3896 γεγενῆσθαι,
3547 3825 3649 3893 τῆς

406 3898 535 3952 tatis
567 3899 787 3964 inesset.
823 3908 1154 3965 calamitatis
1185 3927 1306 3980 quae
1336 3920 1467 3968 tunc
1502 3917 1861 3984 grassabatur
1893 3917 1923 3968 Il

1288 3928 1306 3966 ξ
1336 3920 1467 3968 tunc
1502 3917 1861 3984 grassabatur
1893 3917 1974 3970 le-
2083 3918 2379 3988 ἐπαγωγῆς
2407 3917 2507 3989 τὴν
2538 3916 2805 3989 λώφησιν.

405 3990 696 4061 sationem,
731 4000 1044 4056 testimonio
1077 4003 1271 4059 fuisse.

1959 4121 2114 4180 XIX.

476 4221 562 4277 Ea:
586 4229 818 4284 concilio
842 4230 1059 4288 Nicaano
1094 4251 1153 4301 ιι,
1180 4253 1366 4308 gener.
1395 4254 1493 4306 vu,
1517 4250 1624 4294 act.
1657 4256 1696 4304 ι,
1739 4239 1926 4312 Cyrill.
1965 4242 2032 4297 ad
2065 4241 2425 4307 Gennad.,ex
2452 4244 2581 4298 edit.
2621 4240 2745 4297 Ven.
2777 4227 2968 4307 Labb.,
2996 4251 3122 4297 tom.
3148 4240 3284 4304 VIII,
3317 4256 3437 4312 pag.
3465 4240 3590 4296 7I9.

477 4357 602 4415 Haec
624 4370 803 4418 autem
821 4367 1024 4434 scribo,
1038 4372 1180 4440 quod
1208 4372 1527 4429 inaudierim
1547 4375 1800 4445 pietatem
1820 4385 1968 4431 tuam

2147 4377 2256 4430 Kal.
2287 4377 2460 4431 ταῦτα
2487 4376 2683 4448 γράφω
2713 4373 2929 4446 μαθὼν,
2956 4375 3039 4427 ὅτι
3066 4376 3098 4446 ἡ
3142 4374 3206 4445 σὴ
3241 4372 3516 4426 θεοσέϐεια
3557 4374 3650 4428 λε-

406 4465 550 4520 aegre
582 4453 830 4511 affectam
876 4476 997 4516 esse
1032 4463 1293 4520 adversus
1335 4468 1741 4522 sanctissimum
1789 4476 1842 4523 et
1874 4468 1923 4520 1)‹

2132 4469 2310 4540 ἱπηται
2351 4470 2431 4531 είς
2455 4469 2550 4522 τὸν
2575 4466 2865 4521 ὁσιώτατον
2902 4466 2995 4519 καὶ
3035 4465 3445 4533 θεοφιλέστατον
3491 4465 3649 4518 ἀδελ-

405 4544 669 4601 cultorem
714 4547 932 4605 fratrem
975 4563 1025 4608 et
1065 4557 1500 4612 comministrum
1541 4569 1790 4615 nostrum
1833 4560 1922 4616 Prt

2128 4564 2176 4614 ἃν
2201 4560 2357 4632 ἡμῶν
2382 4560 2476 4614 καὶ
2504 4558 2912 4627 συλλειτουργὸν
2940 4557 3234 4610 ἐπίσκοπον
3263 4557 3529 4627 Πρόκλον·
3567 4557 3645 4628 μὴ

405 4636 548 4692 clum
579 4641 916 4712 episcopum.
973 4645 1158 4718 Itaque
1208 4668 1549 4722 nequaquam
1603 4655 1760 4709 velim
1820 4663 1922 4708 tum

2129 4657 2430 4726 ποιρευγέτω
2480 4655 2658 4708 τοίνυν
2701 4657 2733 4725 ἡ
2785 4655 2851 4724 σὴ
2898 4652 3174 4706 θεοσέϐεια
3221 4651 3317 4722 τὴν
3371 4651 3505 4721 πρὸς
3549 4651 3646 4703 τὸν

408 4729 656 4796 pietatem
695 4734 878 4805 fugere
908 4741 1344 4799 communionem
1376 4761 1498 4800 cum
1532 4747 1880 4802 sanctissimo
1918 4767 1925 4799 ι

2128 4747 2364 4801 πιώτατον
2397 4747 2490 4801 καὶ
2513 4744 2920 4814 θεοφιλέστατον
2951 4745 3244 4797 ἐπίσκοπον
3269 4743 3508 4812 Πρόκλον
3529 4759 3645 4794 κοι-

406 4818 498 4913 ξ)οῆ
525 4827 901 4913 amantissimo
933 4830 1126 4890 Proclo
1151 4838 1408 4910 episcopo
1441 4861 1454 4896 :
1484 4844 1750 4913 siquidem
1781 4844 1923 4900 cadet

2125 4842 2302 4895 υνίαν’
2341 4840 2440 4910 μία
2468 4838 2577 4910 γὰρ
2615 4838 2896 4906 γέγονενή
2941 4836 3158 4906 φροντὶς
3201 4834 3322 4903 ὲμοί
3362 4850 3418 4886 τε
3459 4834 3549 4886 καὶ
3577 4835 3642 4902 τῇ

405 4904 508 5005 I'uit
539 4910 685 4968 illius
717 4922 1014 4988 sanctitati,
1053 4926 1295 4997 mihique
1335 4904 1634 4996 sententia;
1670 4951 1844 5005 neque
1872 4936 1922 4989 ltl

2127 4932 2309 5002 n6th
2351 4930 2515 4985 αὑτοῦ
2536 4948 2547 4960 ο
2583 4931 2675 4983 καὶ
2713 4931 2740 4983 ὁ
2771 4928 2870 4996 τῆς
2899 4927 3207 4997 οἰκονομίας
3243 4927 3441 4999 τρόπος
3468 4925 3644 4977 οὐδενὶ

400 4996 493 5144 illis
520 5001 940 5106 dispensationis
972 5017 1166 5074 modus
1202 4996 1453 5090 cuiquam
1487 4996 1830 5094 prudentium
1859 5027 1911 5080 di

405 5106 440 5144 ι)
465 5105 612 5144 tcmt.

1266 5021 1453 5090 liquam
1487 5025 1830 5094 prudentium
1859 5027 1974 5083 dis-
2074 5025 2182 5079 τῶν
2216 5024 2452 5078 συνετῶν
2484 5024 2783 5095 ἀπήρεσεν.

405 5095 612 5160 plicuit.

1960 5233 2088 5292 XX.

1231 5347 1582 5408 Tusorumes
1613 5353 1668 5404 in
1697 5351 2168 5426 Chronographia,
2204 5370 2326 5424 pag.
2352 5351 2443 5417 80,
2473 5351 2601 5406 edit.
2646 5351 2822 5404 Paris.

479 5454 593 5511 Sub
615 5467 820 5516 sanctae
846 5467 1119 5521 memoriae
1149 5467 1362 5538 Proclo,
1391 5482 1548 5529 terra:
1583 5487 1765 5530 m0tus
1796 5474 1973 5531 factus

2163 5474 2286 5530 Ἐπὶ
2317 5472 2409 5527 τοῦ
2453 5473 2509 5525 ὲν
2559 5472 2734 5540 ἁγίοις
2774 5467 3017 5540 Πρόκλου
3063 5463 3281 5535 σεισμὸς
3322 5462 3542 5530 γέγονεν
3589 5461 3646 5513 ἐν

405 5556 489 5602 est
533 5567 760 5622 magnus
804 5554 1274 5632 ConstantinOpoli
1320 5580 1415 5633 per
1457 5575 1691 5636 quatuor
1731 5583 1922 5622 mense

2126 5562 2665 5625 ωνσταντινουπόλει,
2711 5561 2802 5614 ἐπὶ
2836 5560 2874 5612 δ’
2914 5559 3104 5629 μῆνας,
3144 5553 3283 5606 ὥστε
3321 5550 3643 5622 φοϐηθέντες

409 5639 480 5692 ita
516 5649 574 5694 ut
613 5643 862 5702 timentes
902 5646 1184 5718 Byzantini
1223 5662 1375 5708 extra
1409 5657 1717 5721 civitatem,
1761 5658 1816 5713 in
1852 5660 1926 5714 lot

2125 5682 2135 5707 ,ι
2164 5657 2444 5721 Βυζάντιοι
2484 5656 2681 5724 ἔφυγον
2714 5653 2816 5712 ἔξω
2841 5651 2939 5721 τῆς
2969 5648 3191 5710 πόλεως,
3219 5646 3278 5697 ἐν
3309 5643 3384 5714 τῷ
3415 5641 3642 5712 λεγομέ-

409 5731 502 5799 qui
533 5731 736 5790 dicitur
758 5736 996 5810 Campus
1015 5781 1029 5808 ,
1051 5751 1235 5798 essent
1262 5757 1671 5814 perseverantes
1701 5767 1825 5808 cum
1857 5767 1924 5820 ep

2127 5769 2154 5821 ρ
2179 5749 2419 5822 Κάμπῳ.
2464 5748 2556 5801 καὶ
2600 5741 2738 5816 ἦσαν
2778 5738 3190 5813 διημερεύοντες
3226 5735 3365 5805 μετὰ
3400 5733 3493 5788 τοῦ
3523 5736 3644 5788 tm-
