3842 6312
204 347 317 408 673

1413 339 1838 402 TESTIMONIA
1873 343 2234 404 VETERUM.

3351 353 3384 404 6
3391 349 3458 406 ’14

202 470 418 522 σκόπου
463 466 526 518 ὲν
558 463 685 528 ταῖς
718 461 936 534 δεήσεσι
982 455 1374 524 λιτανεύοντές.
1424 461 1512 515 Ἐν
1552 463 1651 532 μιᾷ
1693 457 1785 516 οὖν

1900 478 2056 534 scopo
2101 462 2590 532 supplicationibus
2634 477 2699 516 ac
2742 462 3190 532 processionibus
3236 464 3457 522 intenti.

200 556 622 630 κυμαινομένης
646 555 748 628 τῆς
773 556 896 626 γῆς,
922 554 1017 608 καὶ
1045 554 1244 616 παντὸς
1271 553 1365 606 τοῦ
1391 553 1523 606 λαοῦ
1555 553 1787 624 κράζον-

198 667 296 714 τος
317 650 400 711 τὸ,
418 651 614 716 Κύριε,
631 647 913 714 ἐλέησον,
941 645 1194 708 ἐκτενῶς,
1215 645 1342 716 περὶ
1361 645 1512 716 ὥραν
1532 651 1580 714 γ’
1611 645 1784 714 ἄφνω,

203 744 430 796 πάντων
463 741 736 812 ὁρώντων,
776 739 974 809 συνέϐη
1005 738 1107 790 ὑπὸ
1136 737 1286 801 Θείας
1311 737 1590 807 δυνάμεως
1618 737 1790 807 ἀρθῆ-

199 834 294 889 ναί
327 852 452 886 τινα
489 831 769 885 νεανίσκον
807 832 886 894 είς
919 832 1010 884 τὸν
1037 830 1194 902 ἀέρα,
1238 831 1333 883 καὶ
1367 831 1595 884 ἀκούσαι
1639 832 1788 896 θείας

202 926 397 995 φωνῆς
429 943 503 979 πα
509 923 846 996 gemmati-argi;
871 922 1053 984 αὑτὸν,
1076 922 1390 990 ἀναγγεῖλαι
1407 923 1485 993 τῷ
1506 925 1788 994 ὲπισκόπῳ

203 1020 300 1071 καὶ
339 1017 419 1088 τῷ
460 1016 576 1087 λαῷ
617 1014 920 1069 λιτανεύειν
963 1013 1108 1067 οὕτω
1147 1015 1239 1068 καὶ
1274 1015 1492 1082 λέγειν·
1529 1015 1719 1084 Ἄγιος
1754 1019 1788 1069 ὁ

203 1111 376 1174 Θεὸς,
410 1109 580 1177 ἅγιος
635 1108 917 1177 ἰσχυρὸς,
957 1105 1124 1174 ἅγιος
1172 1105 1487 1172 ἀθάνατος,
1527 1107 1790 1174 ἐλέησον

199 1201 394 1270 ἡμᾶς·
437 1201 606 1271 μηδὲν
639 1201 822 1269 ἕτερον
867 1196 1275 1268 προστιθέντας.
1327 1197 1384 1250 '0
1422 1196 1480 1250 δὲ
1519 1199 1577 1251 ὲν
1611 1197 1788 1265 ἁγίοις

198 1293 450 1364 Πρόκλος
479 1291 682 1361 ταύτην
711 1290 1000 1360 δεξάμενος
1031 1287 1126 1360 τὴν
1158 1289 1453 1357 ἀπόφασιν,
1487 1289 1786 1360 ἐπέτρεψεν

197 1383 279 1454 τῷ
314 1383 431 1454 λαῷ
452 1382 675 1452 ψάλλειν
703 1380 844 1434 οὕτω
863 1397 878 1410 ο
905 1380 997 1433 καὶ
1021 1379 1221 1443 ευθέως
1244 1380 1455 1449 ἀπέστη
1481 1380 1510 1432 ὁ
1541 1380 1784 1450 σεισμός.

203 1473 274 1530 Ἥ
317 1476 376 1530 δὲ
429 1474 672 1547 μακαρία
722 1472 1056 1544 Πουλχερία,
1101 1473 1194 1526 καὶ
1230 1473 1260 1526 ό
1308 1474 1509 1544 ταύτης
1564 1472 1788 1540 ἀδελφὸς

194 1568 680 1640 ὑπεραγασθέντες
704 1566 781 1636 τῷ
815 1565 1074 1636 θαύματι,
1105 1564 1398 1617 ὲθέσπισαν
1437 1563 1576 1617 κατὰ
1607 1566 1786 1618 πᾶσαν

190 1659 294 1729 τὴν
332 1659 690 1730 οἰκουμένην,
736 1658 827 1710 τὸν
861 1657 1004 1710 θεῖον
1035 1656 1223 1710 τοῦτον
1251 1656 1551 1726 ψάλλεσθαι
1594 1655 1783 1726 ὕμνον.

192 1753 308 1805 Καὶ
353 1752 467 1806 ἀπὸ
496 1752 616 1804 τότε
650 1749 960 1822 παρέλαϐον
1001 1751 1172 1803 πᾶσαι
1201 1750 1256 1801 αἱ
1306 1747 1624 1819 Ἐκκλησίαι
1662 1747 1783 1801 καθ’

191 1845 442 1918 ἑκάστην
477 1845 692 1917 ἡμέραν
723 1843 873 1916 ᾄδειν
897 1842 1060 1897 αὑτὸν
1086 1840 1164 1914 τῷ
1191 1841 1330 1912 Θεῷ.

1890 552 2134 620 Quadam
2173 568 2302 623 ergo
2341 553 2427 608 die
2465 551 2762 608 ﬂuctuante
2795 563 2964 613 terra.
3011 562 3066 610 et
3115 556 3262 609 omni
3304 558 3462 626 plehe

1887 645 2148 699 attentius
2187 645 2564 699 exclamante:
2601 643 2787 716 Kyrie,
2810 646 3042 710 eleison;
3086 647 3228 701 circa
3266 648 3460 702 horam

1885 735 2103 789 tertiam
2126 773 2140 796 ,
2171 735 2425 790 omnibus
2467 735 2793 802 videntibus,
2822 738 3050 807 contigit
3079 754 3108 791 a
3139 739 3323 792 divina
3347 739 3460 792 vir-

1886 833 2000 880 tute
2026 827 2240 880 sustolli
2269 828 2558 896 quemdam
2587 828 3054 882 adulescentulutn
3083 830 3138 883 in
3165 845 3341 884 aerem
3365 871 3380 894 ,
3405 840 3460 885 et

1887 915 2064 972 audiri
2093 919 2332 972 divinam
2366 934 2550 973 vocem
2577 921 2624 972 ei
2659 919 3078 988 praecipientem.
3105 922 3366 991 episcopo
3395 937 3460 976 ac

1887 1015 2088 1083 populo
2119 1011 2390 1074 nuntiare,
2425 1019 2482 1065 ut
2517 1012 2738 1066 litanias
2785 1013 2864 1067 sic
2910 1011 3175 1075 facerent,
3223 1022 3276 1067 et
3310 1015 3461 1068 dice-

1885 1113 2047 1160 rent:
2081 1102 2307 1158 Sanctus
2336 1103 2495 1168 Deus,
2528 1113 2744 1158 sanctus
2777 1103 2953 1172 fortis,
2993 1117 3208 1158 sanctus
3244 1106 3464 1159 immor-

1886 1195 2035 1256 talis,
2070 1195 2310 1248 miserere
2340 1195 2521 1258 nobis;
2556 1194 2692 1248 nihil
2731 1195 2876 1248 aliud
2921 1203 3280 1264 apponeutes.
3321 1195 3463 1249 San-

1885 1295 2008 1340 ctus
2033 1297 2212 1339 autem
2245 1284 2492 1349 Proclus,
2529 1286 2631 1339 hac
2658 1296 2909 1356 suscepta
2942 1287 3232 1350 sententia,
3260 1302 3463 1356 praece-

1886 1380 1966 1450 pit
1995 1379 2194 1448 populo
2219 1378 2298 1432 sic
2329 1379 2596 1448 psallere;
2627 1387 2682 1432 et
2717 1379 2898 1434 statim
2932 1387 3092 1433 terra:
3127 1391 3304 1432 motus
3342 1393 3464 1432 ces-

1887 1473 2046 1527 savit.
2083 1471 2250 1525 Porro
2280 1473 2436 1527 beata
2475 1471 2759 1527 Pulcheria
2784 1473 2852 1527 de
2888 1473 3154 1526 miraculo
3192 1488 3314 1532 cum
3342 1472 3461 1540 ejus

1886 1563 2055 1618 fratre
2109 1578 2274 1632 supra
2331 1564 2553 1618 modum
2606 1564 2909 1628 admirata,
2959 1564 3140 1620 sanxit
3183 1579 3279 1634 per
3334 1562 3464 1617 uni-

1887 1669 2104 1708 versum
2150 1655 2336 1709 urbem
2386 1665 2656 1710 terrarum
2701 1656 2946 1711 divinum
2987 1657 3270 1711 dec:intari
3315 1655 3464 1710 hunc

1888 1745 2175 1816 hymnum.
2222 1745 2286 1800 Et
2319 1754 2450 1802 tunc
2491 1757 2814 1819 receperunt
2849 1763 3043 1804 omnes
3072 1747 3332 1804 Ecclesia:
3365 1761 3464 1818 per

1820 1836 1862 1892 Β
1892 1838 2137 1909 singulos
2169 1838 2290 1895 dies
2323 1837 2468 1894 hunc
2497 1853 2696 1894 canere
2727 1839 2860 1896 Deo.

1757 1956 1916 2017 XXI.

1275 2081 1516 2136 Puo'nus
1550 2079 1814 2139 Biblioth.
1855 2082 1973 2138 cod.
2016 2099 2130 2145 LIII,
2160 2097 2281 2152 pag.
2316 2083 2408 2137 45.

276 2199 529 2272 Ἔγραψε
565 2197 622 2252 δὲ
656 2199 756 2270 τὴν
791 2199 912 2252 κατ’
942 2196 1106 2253 αὑτοῦ
1147 2197 1353 2268 ψῆφον,
1403 2197 1542 2268 πρὸς
1591 2197 1786 2250 Οὐολοο

193 2297 388 2352 σιανὸν
417 2289 606 2367 (οὗτος
644 2291 712 2364 ἦν
753 2291 897 2355 θεῖος
938 2291 1038 2362 τῆς
1073 2291 1230 2360 ἁγίας
1268 2291 1512 2362 Μελένης
1546 2289 1788 2360 Ἐλληνό-

189 2407 351 2461 φρων
375 2405 391 2434 τ
425 2389 484 2439 ὲν
523 2386 579 2439 δὲ
611 2385 690 2454 τῷ
723 2383 1116 2454 ἀποθνήσκειν,
1147 2380 1515 2452 μεταθέμενος
1550 2381 1684 2451 πρὸς
1725 2381 1788 2433 τὸ

188 2479 500 2552 ἐρθόδοξον,
546 2477 641 2530 καὶ
680 2475 969 2544 φωτισθεὶς
1018 2473 1167 2545 παρὰ
1213 2472 1307 2525 τοῦ
1355 2473 1510 2540 ἁγίου
1544 2472 1786 2544 Πρόκλου

189 2567 859 2629 Κωνσταντινουπόλεωςο
916 2565 1081 2619 αὑτοῦ
1135 2565 1244 2635 γὰρ
1296 2563 1494 2636 εὑρέθη
1545 2561 1788 2635 πρέσϐυς

189 2662 558 2726 ἀποσταλείς·
587 2662 677 2713 ὅτε
717 2660 813 2713 καὶ
842 2661 908 2730 τῇ
944 2658 1075 2729 ἁγίᾳ
1111 2660 1359 2728 ἐνέτυχεν
1391 2655 1448 2721 ἐξ
1493 2655 1788 2728 Ἱεροσολύ-

192 2775 316 2827 μων
352 2753 740 2825 καταλαϐούσῃ
765 2750 864 2824 τὴν
905 2751 1154 2822 βασιλίδα
1191 2751 1300 2804 τῶν
1330 2750 1573 2815 πόλεων)
1611 2751 1784 2822 ἐπαρ-

190 2865 290 2918 χον
317 2847 552 2924 πόλεως.

1967 2195 2202 2266 Scripsit
2227 2204 2405 2251 autem
2434 2194 2866 2266 (Constantius)
2897 2203 3086 2250 contra
3117 2195 3292 2264 ipsum
3324 2193 3468 2266 (Coe-

1892 2286 2152 2357 lestium)
2201 2288 2478 2342 decretum
2539 2287 2607 2341 ad
2651 2284 3009 2342 Volusianum
3062 2286 3214 2342 urbis
3267 2286 3464 2355 praefe-

1892 2389 2040 2434 ctum
2075 2400 2088 2434 :
2120 2380 2214 2450 qui
2244 2379 2463 2449 quidem
2487 2377 2822 2434 Volusianus
2845 2387 2962 2434 erat
2989 2386 3192 2435 sancta:
3225 2379 3466 2433 Melania)

1893 2480 2123 2540 patruus
2153 2485 2183 2524 e
2208 2471 2488 2540 gentilium
2525 2478 2695 2525 secta.
2727 2470 2796 2522 At
2829 2471 2956 2524 dum
2991 2485 3114 2524 eum
3149 2468 3466 2524 Constanti-

1892 2561 2075 2630 nopoli
2103 2562 2387 2630 legationis
2416 2561 2592 2616 oﬂicio
2633 2560 2944 2631 fungentem
2986 2577 3133 2618 mors
3166 2561 3465 2623 invaderet,

1891 2651 1960 2704 ad
1986 2651 2344 2706 orthodoxam
2380 2653 2536 2707 ﬁdem
2573 2655 2822 2716 transiit,
2861 2654 3279 2724 haptizatusque
3320 2661 3402 2708 cst
3437 2668 3468 2704 a

1893 2753 2086 2800 sancto
2121 2745 2314 2800 l’roclo
2348 2746 2961 2816 ConstantinOpolitano
3011 2750 3294 2820 episcopo.
3348 2746 3470 2816 Quo

1891 2838 2020 2893 item
2061 2847 2304 2908 tempore
2338 2848 2530 2893 sancta
2571 2840 2663 2893 illa
2694 2841 2893 2896 mulier
2919 2856 2952 2897 e
2990 2841 3384 2914 Hierosolymis
3412 2843 3468 2896 in

1892 2927 2098 2996 regiam
2135 2926 2322 2982 urbem
2355 2927 2596 2984 advenit.

1741 3044 1928 3105 XXII.

945 3169 1220 3226 Geoncius
1255 3168 1542 3224 Cannenus
1569 3167 1710 3224 Hist.
1735 3167 2034 3240 Compend.
2073 3177 2200 3223 tom.
2234 3167 2274 3235 Ι,
2306 3185 2433 3240 pag.
2457 3169 2582 3236 270,
2617 3170 2741 3226 27L

265 3284 360 3356 Τῷ
407 3291 493 3356 κη’
540 3283 648 3337 έτει
684 3324 698 3338 .
745 3322 761 3338 .
816 3324 832 3339 .

194 3378 444 3450 Πρόκλος
467 3381 495 3432 ό
515 3376 819 3446 ἁγιώτατος
839 3377 1140 3439 ἐπίσκοπος
1167 3373 1796 3437 Κωνσταντινουπόλεως

193 3469 633 3540 προχειρίζεται,
663 3469 721 3532 ὃς
753 3469 815 3522 τὸ
836 3466 930 3521 τοῦ
962 3467 1351 3540 Χρυσοστόμου
1381 3466 1630 3536 λείψανον
1661 3466 1794 3518 ἀνα-

194 3559 419 3630 κομίζει
463 3559 542 3631 τῷ
571 3558 613 3612 λ’
655 3561 764 3613 ἔτει
808 3563 907 3632 τῆς
941 3558 1220 3630 βασιλείας
1248 3557 1556 3624 Θεοδοσίου,
1591 3559 1685 3612 καὶ
1716 3560 1797 3622 είς

194 3649 312 3703 τῶν
343 3649 518 3718 ἁγίων
549 3649 888 3704 Ἀ’ποστόλων
908 3649 1200 3720 ἁποτίθησι
1229 3648 1376 3714 ναὸν,
1407 3667 1460 3703 κ.
1489 3667 1540 3702 τ.
1566 3648 1615 3703 λ.

266 3742 362 3814 Τῷ
393 3741 470 3796 λθ¹
506 3743 617 3796 ἔτει
649 3741 918 3814 Κύριλλος
963 3741 1390 3814 Ἀλεξανδρείας,
1423 3743 1516 3796 καὶ⁸
1549 3742 1793 3816 Πρόκλος

196 3834 852 3902 Κωνσταντινουπόλεως,
884 3835 1124 3899 εὐσεϐῶς
1146 3833 1542 3906 ἐκοιμήθησαν.

879 3324 893 3338 .
933 3285 1360 3356 τελευτήσαντος
1407 3283 1782 3354 Μαξιμιανοῦ,

1957 3284 2116 3337 Αιιηο
2146 3300 2318 3340 xxvm
2345 3285 2678 3342 Maximiano
2705 3288 2816 3342 vita
2849 3287 3058 3352 functo,
3085 3289 3472 3347 sanctissimus
3540 3353 3546 3358 _

1897 3375 2123 3432 Proclus
2171 3378 2465 3448 episcopus
2505 3378 3150 3451 Constantinopolitanus
3191 3383 3470 3454 deligitur,

1895 3477 1950 3524 et
1980 3470 2271 3524 ordinatur
2301 3489 2314 3524 :
2347 3471 2505 3540 isque
2533 3472 2792 3543 reliquias
2821 3473 3200 3546 Cbrysostomi
3227 3484 3473 3547 reporta-

1895 3561 1975 3616 vit
2004 3574 2151 3614 anno
2193 3576 2298 3615 xxx
2326 3561 2674 3632 imperatoris
2713 3562 3030 3633 Theodosii,
3065 3567 3230 3638 inque
3271 3569 3472 3639 templo

1896 3653 2284 3724 Apostolorum
2309 3655 2581 3724 deposuit,
2615 3668 2720 3712 etc.

1966 3746 2125 3802 Anno
2152 3763 2318 3802 xxxix
2341 3745 2579 3819 Cyrillus
2615 3750 2957 3806 Alexandriae
2989 3759 3043 3808 et
3074 3751 3302 3808 Proclus
3325 3751 3471 3808 Con-

1901 3839 2285 3910 stantinopolis
2315 3839 2582 3912 episcopi,
2616 3841 2704 3911 pie
2740 3842 2849 3897 vita
2881 3841 3128 3899 defuncti
3161 3855 3307 3901 sunt.

1748 3954 1964 4014 XXIII.

1185 4073 1424 4131 Joannes
1455 4075 1704 4133 ΖοιιΑιιΑς
1736 4078 1937 4134 Annal.
1969 4092 2096 4137 tam.
2139 4081 2206 4145 ll,
2236 4099 2359 4154 pag.
2396 4084 2488 4138 '53.

269 4192 432 4248 Μετᾶ
451 4191 542 4246 τὸν
559 4191 906 4263 Μαξιμιανὸν
929 4193 1021 4246 ἐπὶ
1039 4191 1242 4247 διετίαν
1264 4193 1788 4265 ἀρχιερατεύσαντα,

198 4288 468 4363 Πρόκλος,
511 4287 540 4339 ὁ
567 4286 662 4340 τοῦ
699 4289 1092 4360 Χρυσοστὸμου
1131 4289 1410 4360 μαθητὴς.
1446 4290 1795 4362 πατριάρχης

198 4381 626 4455 προεχειρίσθηο
663 4381 769 4434 ὑπὸ
817 4381 1078 4435 Σισιννίου
1125 4384 1465 4453 πατριάρχου
1497 4383 1796 4448 ἐπίσκοπος

197 4477 449 4542 Κυζίκου
485 4474 676 4547 πρώην
710 4474 1131 4546 χειροτονηθεὶς,
1177 4475 1252 4546 μὴ
1295 4476 1506 4547 δεχθεὶς
1545 4476 1602 4530 δὲ
1645 4476 1796 4548 παρὰ

198 4569 312 4621 τῶν
346 4568 467 4620 ἐκεῖ
501 4568 686 4638 ἕτερον
723 4565 994 4635 ἑλομένων
1028 4567 1312 4637 ἀρχιερέα,
1349 4568 1443 4620 καὶ
1469 4568 1560 4621 τὸν
1591 4569 1794 4639 μεταξὺ

190 4660 398 4733 ¹χρόνον
436 4657 735 4728 σχολάζων.
767 4652 936 4720 Οὗτος
965 4658 1145 4712 τοίνυν
1181 4657 1258 4729 τῷ
1293 4659 1468 4730 θρόνῳ
1505 4661 1601 4732 τῆς
1644 4662 1796 4714 Κων-
1827 4643 1871 4698 Ῐ)

201 4749 704 4812 σταντινουπόλεως
733 4748 1096 4822 ὲνθρονισθεὶς
1117 4789 1132 4813 ,
1165 4749 1310 4814 ἀξιοῖ
1338 4752 1431 4804 τὸν
1461 4751 1704 4821 βασιλέα,
1735 4753 1796 4806 τὸ

204 4840 503 4911 ἱερώτατον
556 4840 651 4894 τοῦ
708 4840 1096 4912 Χρυσοστόμου
1151 4841 1312 4912 σῶμα
1359 4845 1421 4896 ἐκ
1473 4843 1795 4908 Πιτυοῦντος

200 4933 664 5004 ἀνακομισθῆναι,
697 4934 789 4986 καὶ
825 4934 899 5004 μὴ
930 4934 1112 5004 μένειν
1142 4935 1236 4988 καὶ
1268 4933 1502 4989 θανόντα
1532 4937 1622 4988 τὸν
1652 4936 1805 5005 ἆγιον

202 5026 524 5097 ὑπερόριον,
543 5025 791 5079 Πείθεται
813 5025 988 5096 τούτῳ
1007 5029 1035 5079 ό
1061 5025 1333 5096 βασιλεὺς,
1361 5027 1453 5078 καὶ
1481 5028 1807 5099 ἀνακομίζε-

202 5137 297 5172 ται
323 5121 354 5171 ό
374 5118 468 5172 τοῦ
495 5119 652 5186 ἁγίου
682 5118 875 5188 νεκρός
892 5135 906 5150 ·
947 5118 1038 5172 καὶ
1064 5118 1382 5188 ὑποδέχεται
1405 5119 1515 5172 τῶν
1541 5121 1807 5192 ὑπερϐαλ-

201 5213 406 5282 λούσης
443 5213 648 5283 τιμῆς,
680 5213 776 5265 καὶ
810 5211 1159 5266 κατατίθεται
1197 5213 1348 5276 ἐντὸς
1375 5211 1470 5265 τοῦ
1502 5213 1804 5285 ,θυσιαστη-

207 5308 326 5377 ρίου
353 5305 449 5359 τοῦ
477 5304 585 5358 τῶν
615 5305 779 5358 ὁσίων
818 5303 1160 5357 ’Δποστόλων
1193 5303 1543 5376 περιωνύμου
1578 5305 1732 5360 ναοῦ.

1966 4197 2096 4254 Post
2125 4198 2511 4256 Maximianum
2533 4245 2547 4268 ,
2590 4205 2909 4272 pontificatu
2942 4206 3162 4263 biennio
3199 4208 3471 4280 functum,

1896 4290 2125 4348 Proclus
2151 4292 2529 4365 Chrysostomi
2559 4296 2863 4368 discipulus
2887 4302 3193 4370 patriarcha
3222 4313 3472 4375 creatur;

1897 4383 1990 4453 qui
2023 4383 2228 4452 pridem
2270 4399 2299 4438 a
2337 4383 2580 4441 Sisinnio
2606 4389 2938 4458 patriarcha,
2973 4391 3154 4463 Cyzici
3183 4395 3473 4464 episcopus

1896 4475 2235 4547 designatus,
2277 4479 2371 4534 sed
2411 4494 2441 4531 a
2478 4478 2782 4552 Cyzicenis,
2821 4484 2916 4553 qui
2958 4485 3121 4538 alium
3163 4487 3471 4556 elegerant,

1899 4587 2008 4627 non
2035 4582 2308 4642 receptus,
2340 4581 2583 4642 tempore
2611 4575 2898 4645 interjecto
2940 4578 3110 4630 otium
3139 4586 3343 4650 egerat.
3376 4579 3474 4634 llic

1901 4667 2066 4736 igitur
2090 4669 2142 4722 in
2167 4669 2294 4724 sede
2316 4670 2921 4742 Constantinopolitana
2947 4680 3218 4740 receptus,
3249 4675 3383 4741 petit
3407 4675 3475 4728 ab

1903 4759 2250 4828 imperatore,
2297 4770 2356 4816 ut
2385 4779 2586 4832 corpus
2617 4765 2791 4819 sancti
2819 4765 3191 4834 Chrysostomi
3221 4764 3476 4836 Pityunte

1901 4848 2191 4912 referatur,
2225 4868 2292 4906 ne
2324 4855 2404 4907 vir
2430 4862 2653 4908 sanctus
2683 4864 2800 4923 post
2828 4855 3034 4908 obitum
3067 4856 3229 4910 etiam
3259 4859 3476 4912 exsula-

1903 4950 2005 4994 ret.
2041 4939 2202 4996 Paret
2237 4943 2555 5014 imperator,
2595 4947 2936 5016 relatumque
2966 4951 3138 5003 sam-ti
3170 4951 3403 5005 cadaver
3425 4961 3477 5007 et

1903 5033 2103 5103 insigni
2157 5051 2281 5090 cum
2340 5037 2546 5092 honore
2591 5050 2929 5110 susceptum,
2975 5043 3118 5096 intra
3175 5045 3478 5100 sacrarium

1903 5127 2085 5196 templi
2117 5129 2276 5197 cujus
2324 5144 2522 5186 nomen
2573 5139 2657 5187 est
2709 5142 3024 5188 sanctorum
3070 5138 3478 5206 Apostolorum,

1903 5219 2176 5274 conditur.

1739 5422 1930 5482 XXIV
1940 5471 1953 5482 .

782 5547 1120 5603 Νιεεριιοιιυε
1151 5547 1411 5604 ϐλιιιετ.
1454 5547 1596 5606 llist.
1632 5552 1770 5607 eccl.

1937 5569 2047 5617 xw,
2080 5570 2202 5624 cap.
2235 5554 2326 5619 S9,
2354 5564 2479 5608 tom.
2514 5554 2581 5620 ll,
2605 5571 2730 5628 pag.
2759 5557 2887 5612 50!.

280 5667 549 5730 Σισίννιος
601 5665 695 5720 τοῦ
729 5665 1053 5736 Κυζικηνῶν
1089 5668 1355 5740 προέδρου
1389 5669 1676 5734 θανόντος,
1712 5673 1804 5724 τὸν

209 5757 356 5816 θεῖον
381 5759 628 5832 Πρόκλον
662 5761 729 5829 τῇ
769 5758 996 5832 Κυζίκῳ
1032 5760 1377 5832 ἐχειροτόνει.
1419 5763 1528 5816 Καὶ
1557 5761 1622 5833 δὴ
1657 5763 1803 5834 Πρό-

1983 5673 2258 5745 Cyziceno
2305 5675 2564 5745 episcopo
2618 5685 2857 5740 mortuo,
2912 5672 3188 5730 Sisinnius
3240 5671 3476 5726 divinum

1910 5763 2168 5822 Proclum
2216 5766 2480 5824 Ecclesia
2515 5767 2700 5839 Cyzici
2735 5768 3055 5839 episcopum
3103 5763 3344 5822 ordinat.
3377 5761 3477 5818 Sed
