3842 6306
317 303 426 360 678
1415 303 1477 359 S.
1517 302 1842 360 PBOCLUS
1881 303 1914 360 C

2031 303 2430 361 EPISCOPUS.
3453 307 3563 365 676

317 415 467 472 enim
500 429 627 471 cum
680 413 934 480 Proclus,
965 425 1025 470 ut
1079 430 1146 471 eo
1188 417 1480 485 transiret,
1521 418 1574 472 in
1608 419 1892 489 procinctu

2022 420 2108 491 ιλῳ
2137 421 2195 472 ἐν
2229 418 2551 490 παρασκευῇ
2583 415 2697 470 δντι
2736 416 2862 488 περὶ
2888 417 3058 488 αὑτὴν
3084 420 3301 490 χωρεῖν,
3334 417 3568 489 φθάνου-

319 515 491 574 esset,
540 509 799 568 homines
829 509 903 562 ibi
945 507 1265 579 episc0pum
1314 510 1711 579 praevenientes
1743 511 1895 565 ordi-

2022 531 2082 567 rw
2135 513 2333 565 ἐκεῖνοι
2384 510 2479 564 καὶ
2526 510 2916 580 χειροτονοῦσιν
2957 511 3125 582 ἄνδρα
3172 512 3367 582 σεμνόν
3422 530 3566 576 τινα,

323 606 526 653 narunt
570 597 899 653 Dalmatium
937 598 1256 668 quemdam,
1311 600 1490 654 virum
1527 602 1894 656 venerandum

2022 603 2302 675 ιαλμάτιον
2329 602 2520 673 ὄνομα,
2544 604 2859 671 ἁσκητικοῖς
2890 602 3072 666 πόνοις
3096 603 3566 674 ἐγγυμνασμένον.

323 698 381 744 et
406 691 461 745 in
488 691 812 746 monasticis
843 689 1124 744 laboribus
1153 691 1536 745 exercitatum.
1567 691 1621 745 Id
1652 692 1726 744 illi
1756 690 1901 747 fece—

2022 696 2108 749 ἱαὶ
2133 691 2291 748 τοῦτο
2324 693 2510 765 ἔδρων,
2546 695 2605 746 ἐν
2633 694 2868 766 δευτέρῳ
2897 695 2987 748 τὸν
3027 695 3188 766 νόμον
3227 695 3466 766 θέμενοι,
3509 697 3574 760 ὃς

324 788 500 848 runt,
561 784 843 838 sanctione
891 782 982 836 illa
1021 791 1333 852 contempla
1373 797 1494 851 quae
1527 791 1723 852 praeter
1769 800 1897 839 sen-

2022 785 2216 839 κέλευε
2251 784 2402 856 παρὰ
2437 784 2660 856 γνώμην
2695 783 2788 837 τοῦ
2821 784 3118 838 ἐπισκόπου
3147 787 3242 855 τῆς
3271 786 3575 838 Κωνσταν-

329 877 555 932 tentiam
591 878 832 946 episcopi
860 874 1455 944 ConstantinOpolitani
1500 873 1895 932 ordinationem

2022 877 2166 942 πίνου,
2197 876 2529 948 χειροτονίαν
2560 877 2634 948 μὴ
2661 877 2925 944 γίνεσθαι.
2967 877 3025 930 '0
3055 879 3152 947 μὲν
3181 874 3272 931 οὖν
3303 877 3573 948 Πρόκλος,

328 969 447 1024 ﬁeri
497 975 662 1023 vetat.
708 969 822 1024 lloc
855 968 947 1022 ubi
989 967 1062 1022 ita
1109 966 1310 1020 factum
1359 974 1472 1027 est,
1525 965 1752 1020 Proclus
1791 983 1900 1021 non

2022 969 2183 1022 ὀύτου
2213 969 2524 1039 γενομένου,
2555 969 2674 1023 καθ’
2698 969 2886 1023 ἑαυτὸν
2913 969 3285 1023 συνεστέλλετο
3303 1008 3318 1028 ,
3337 970 3576 1039 Ἐκκλη-

327 1061 701 1130 oppugnavit;
736 1069 790 1112 et
820 1059 1076 1113 Ecclesia:
1109 1058 1327 1129 quidem
1373 1059 1510 1112 nulli
1564 1059 1792 1128 praefuit,
1845 1060 1900 1113 in

2022 1059 2120 1121 ria;
2151 1058 2247 1128 μὲν
2280 1059 2548 1129 μηδεμιᾶς
2583 1059 2998 1130 προϊστάμενος,
3040 1062 3159 1120 ταῖς
3194 1059 3251 1112 δέ
3275 1058 3378 1129 τῆς
3413 1061 3576 1113 Κων-

328 1150 958 1221 Constantinopolitanis
1003 1159 1184 1205 autem
1235 1150 1486 1205 ecclesiis
1532 1151 1774 1205 docendo
1808 1150 1906 1206 llo-

330 1243 463 1298 ruit.

2003 1150 2279 1205 σταντίνου
2305 1151 2617 1223 ἐκκλησίαις
2640 1151 2718 1222 τῷ
2749 1151 3020 1206 διδάσκειν
3046 1152 3241 1206 ἀνθῶν.

1512 1355 1640 1410 locu
1676 1355 1806 1410 ibid.
1841 1373 1959 1428 cap.
1999 1360 2088 1426 38,
2117 1376 2236 1431 pag.
2270 1359 2394 1415 59.2.

403 1472 632 1530 Proclus
667 1486 697 1524 a
732 1471 906 1541 primo
943 1472 1142 1540 capillo
1185 1473 1614 1542 prazceptoribus
1653 1489 1809 1536 usus,
1844 1476 1899 1528 in

335 1575 451 1620 arte
493 1563 710 1618 dicendi
757 1564 1104 1633 potissimum
1151 1565 1470 1620 elaboravit.
1507 1565 1570 1619 Et
1605 1575 1727 1636 post
1771 1569 1901 1621 ado-

2076 1479 2315 1552 Πρόκλος
2337 1481 2402 1533 ἐκ
2422 1478 2645 1559 πρώτης
2657 1457 2951 1551 τριχὸςλείς
2979 1477 3324 1542 διδασκάλους
3354 1479 3581 1548 φοιτῶν,

2010 1572 2302 1642 ῥητορικῆς
2334 1573 2426 1625 ἐπὶ
2459 1571 2707 1625 πλεῖστον
2737 1570 3066 1641 ἐπεμελήθη.
3104 1571 3197 1633 Εἰς
3228 1569 3582 1638 ἀναγνώστου

336 1657 654 1712 lescentiam
708 1664 979 1717 exactam,
1006 1657 1058 1708 in
1094 1655 1321 1724 juvenili
1371 1658 1658 1710 admodum
1711 1666 1902 1720 aetate.

2022 1665 2064 1716 5ἐ
2087 1663 2310 1727 τελέσας
2343 1663 2570 1734 βαθμὸν,
2601 1667 2657 1717 ἐν
2683 1665 2779 1736 νέᾳ
2813 1663 2951 1716 πάνυ
2985 1667 3051 1735 τῇ
3087 1663 3272 1734 ἡλικίᾳ
3295 1681 3309 1694 ·
3347 1665 3438 1717 καὶ
3473 1664 3584 1736 ἤδη

335 1749 392 1802 in
418 1749 677 1803 lectorum
713 1747 962 1800 ordinem
993 1755 1297 1815 cooptatus,
1328 1751 1559 1814 primum
1603 1747 1708 1800 divi
1737 1745 1902 1800 Joan-

334 1840 425 1895 nis
471 1838 851 1908 Chrysostomi
896 1837 1561 1906 Constantinopolitanam
1605 1837 1901 1892 Ecclesiam

337 1931 779 1987 administrantis
808 1941 1066 1994 sectator,
1101 1930 1367 2000 librisque
1415 1931 1719 1984 scribendis
1751 1931 1906 1999 adju-

337 2017 446 2088 tdr,
490 2031 544 2078 et
596 2023 844 2092 corporis
897 2021 1016 2090 ejus
1073 2031 1294 2074 curator
1351 2020 1472 2073 fuit.
1536 2018 1634 2074 Hic
1678 2018 1902 2073 Paulum

335 2115 531 2172 Joannl
580 2130 780 2186 magno
823 2114 878 2168 in
923 2128 1109 2168 aurem
1141 2113 1499 2176 dictitantem,
1546 2121 1708 2182 atque
1751 2129 1908 2167 arca-

340 2207 551 2260 niorem
595 2205 951 2275 epistolarum
1009 2218 1233 2258 suarum
1269 2219 1492 2258 sensum
1541 2203 1905 2266 revelantem,

338 2314 435 2369 per
492 2299 661 2352 rimas
712 2305 1069 2368 prospectans
1122 2294 1276 2348 vidit.
1325 2295 1502 2364 Atque
1555 2294 1647 2348 ubi
1708 2295 1796 2348 ille
1852 2295 1908 2347 in

338 2391 534 2447 exsilio
581 2390 750 2454 vixit,
798 2390 866 2443 ab
904 2389 1051 2444 illius
1079 2386 1363 2442 allectione
1413 2403 1521 2441 non
1556 2386 1870 2442 desciscens
1893 2427 1906 2451 ,

339 2499 466 2538 cum
515 2483 636 2554 ejus
671 2496 992 2536 successore
1037 2482 1220 2535 Attico
1252 2481 1510 2550 episcopo
1551 2479 1673 2544 fuit,
1707 2479 1909 2532 oratio-

339 2591 472 2630 num
522 2575 695 2645 ipsius
746 2573 944 2628 scriba.
989 2575 1158 2638 Quem
1215 2571 1305 2625 ille
1351 2571 1405 2624 in
1443 2570 1625 2624 divino
1672 2572 1796 2624 vita:
1831 2571 1912 2623 in-

341 2667 534 2721 stituto
580 2665 1036 2736 progredientem,
1088 2664 1144 2717 in
1183 2662 1769 2732 diaconatus'gradum
1798 2678 1914 2716 sus-

344 2760 488 2814 tulit.
522 2757 724 2812 Deinde
773 2773 904 2812 vero
938 2771 1061 2810 cum
1103 2756 1157 2809 in
1183 2755 1625 2824 presbyterorum
1655 2755 1912 2808 cathedra

340 2847 631 2901 Dominum
669 2847 933 2909 laudaret,
990 2860 1020 2899 a
1072 2845 1316 2898 Sisinnio
1349 2843 1604 2899 Ecclesia:
1635 2844 1914 2916 Cyzicena:

345 2939 665 3008 designatus
711 2945 796 2992 est
839 2937 1092 2991 antistes.
1120 2934 1308 3006 Longo
1339 2951 1467 2990 vero
1497 2945 1741 3006 tempore
1792 2945 1915 3007 post

341 3031 960 3100 Constantinopolitana
988 3030 1244 3086 Ecclesiae
1289 3031 1640 3101 episcopatus
1678 3030 1727 3083 ei
1765 3046 1916 3084 cmn-

344 3123 551 3178 missus
574 3132 678 3178 est.
692 3121 757 3176 Et
773 3123 917 3192 quod
934 3123 1180 3179 moribus
1198 3131 1362 3192 atque
1383 3123 1650 3177 institutis
1669 3122 1914 3192 placidus

344 3213 581 3267 maxime
605 3213 688 3266 vir
717 3223 884 3274 esset,
933 3229 1272 3284 quaecunque
1309 3214 1362 3267 in
1393 3212 1604 3268 Joanne
1637 3221 1692 3267 et
1735 3213 1916 3266 Attico

343 3305 545 3360 eximia
577 3313 771 3369 erant,
823 3306 1116 3376 expressit.
1154 3304 1418 3358 Malorum
1466 3305 1756 3359 tolerantia
1810 3303 1916 3357 illis

341 3397 506 3453 etiam
539 3399 788 3466 superior
827 3397 951 3453 luit.
997 3399 1212 3452 Atticus
1247 3412 1483 3466 namque
1522 3397 1719 3465 sapius
1752 3395 1916 3450 etiam

349 3492 420 3546 iis
450 3491 542 3561 qui
575 3492 629 3546 in
665 3491 767 3547 {ide
792 3507 820 3545 a
847 3508 906 3547 se
934 3507 1044 3546 non
1095 3490 1472 3553 dissentirent,
1508 3489 1768 3545 terribilis
1797 3503 1919 3542 esse

344 3583 497 3640 visus
523 3593 626 3639 est.
653 3584 753 3639 Hic
778 3600 908 3640 vero
941 3594 994 3640 et
1025 3599 1152 3654 erga
1188 3583 1335 3650 illos,
1372 3591 1427 3638 et
1460 3585 1512 3637 in
1560 3582 1698 3636 alios
1727 3596 1918 3635 omnes

345 3674 592 3746 placidus
622 3686 675 3731 et
699 3677 836 3732 lenis
865 3676 1158 3731 admodum
1191 3676 1312 3738 fuit,
1338 3675 1711 3730 benevolentia
1737 3674 1919 3744 potius

344 3780 510 3835 quam
539 3767 591 3820 vi
621 3782 716 3821 eos
749 3767 815 3821 ad
852 3782 910 3823 se
947 3771 1264 3837 pertrahere
1291 3767 1345 3819 in
1379 3766 1562 3819 animo
1595 3765 1822 3818 habens.
1854 3765 1920 3818 Et

343 3860 602 3928 quoniam
638 3859 844 3914 nemini
873 3860 1160 3914 turbarum
1194 3873 1417 3914 causam
1451 3857 1702 3928 praebuit,
1736 3855 1920 3911 Eccle-

350 3946 458 4000 sia}
477 3947 792 4017 dignitatem
819 3948 872 4001 in
895 3947 1234 4002 humanitate
1265 3955 1318 4002 et
1341 3946 1754 4001 mansuetudine
1783 3960 1921 4000 con-

355 4037 664 4102 sistentem,
698 4039 964 4110 integram
1000 4041 1364 4096 conservavit.
1397 4080 1412 4094 .
1443 4076 1457 4092 .
1482 4037 1588 4093 lste
1621 4048 1798 4094 autem
1821 4039 1922 4092 mi-

346 4141 452 4180 nus
494 4129 710 4183 curavit
741 4129 786 4186 si
815 4131 940 4200 quis
971 4130 1037 4186 de
1073 4130 1182 4186 Deo
1214 4131 1396 4187 itidem
1429 4139 1488 4185 ut
1522 4131 1639 4200 ipse
1673 4133 1917 4186 sentiret.

347 4216 455 4274 Sed
487 4219 753 4276 doctrinae
783 4223 986 4293 jugiter
1015 4225 1357 4292 incmnbens,
1389 4225 1618 4294 placide,
1657 4241 1766 4280 non
1807 4227 1923 4278 vio-

345 4308 547 4376 lenter,
588 4313 796 4383 plebem
827 4316 932 4370 sibi
959 4315 1219 4371 devinxit.

2013 1755 2370 1826 παραμείψας
2432 1755 2520 1808 τὸν
2577 1755 2853 1826 μείρακα,
2909 1754 3099 1826 πρῶτα
3155 1755 3250 1824 μὲν
3306 1754 3383 1824 τῷ
3445 1755 3584 1824 θείῳ

2020 1844 2238 1916 Ἰωάννῃ
2269 1843 2345 1914 τῷ
2371 1843 2738 1915 Χρυσοστὸμῳ
2786 1842 3135 1913 ’ἱεραρχοῦντι
3166 1841 3264 1910 τῆς
3290 1842 3592 1893 Κωνσταν-

2006 1937 2150 1990 τίνου
2186 1935 2502 2006 παρείπετο,
2541 1933 2810 2004 ὑπουργὸς
2851 1932 2996 2002 αὑτῷ
3025 1933 3118 1985 καὶ
3165 1933 3422 2003 συνεργὸς
3466 1931 3586 1983 τῶν

2008 2027 2182 2096 λόγων
2211 2027 2512 2097 γινόμενος,
2547 2026 2639 2078 καὶ
2658 2026 2757 2094 ὅση
2793 2026 2951 2095 χρεία
2978 2023 3072 2076 τοῦ
3105 2023 3353 2094 σώματος
3382 2025 3590 2095 ἐκείνῳ

2009 2120 2314 2190 γινόμενος.
2343 2112 2508 2181 Οὗτος
2537 2117 2594 2169 δὲ
2617 2117 2710 2170 καὶ
2733 2116 2928 2186 Παύλῳ
2959 2115 3092 2186 πρὸς
3123 2113 3215 2180 οὖς
3246 2115 3323 2185 τῷ
3359 2116 3592 2186 μεγάλῳ

2023 2214 2243 2283 Ἰωάννη
2278 2211 2659 2281 διαλεγομένῳ,
2690 2209 2783 2262 καὶ
2809 2209 2899 2262 τὸν
2927 2207 3053 2261 νοῦν
3086 2207 3193 2260 τῶν
3225 2210 3430 2261 ἐκείνου
3462 2210 3595 2259 ἐπι-

2013 2304 2212 2357 στολῶν
2244 2301 2636 2355 ἐκκαλύπτοντι
2674 2299 3076 2371 μυστικώτερω
3137 2299 3445 2368 ἐνέτυχε,τῇ
3478 2299 3596 2366 τῆς

2013 2395 2224 2468 θυρίδος
2253 2395 2625 2466 παρακύπτων
2646 2394 2773 2464 ὁπῇ.
2807 2393 2958 2444 Ἐπεὶ
2980 2393 3024 2444 δ’
3060 2394 3262 2454 ἐκεῖνος
3294 2391 3600 2460 ὑπερόριος

2011 2485 2099 2552 ἦν,
2128 2488 2202 2558 μὴ
2230 2487 2328 2556 τῆς
2359 2487 2568 2539 ἐκείνου
2594 2486 2826 2554 σχέσεως
2854 2483 3114 2546 ἀποστὰς,
3138 2482 3214 2554 τῷ
3241 2484 3354 2552 μετ’
3377 2483 3600 2534 ἐκεῖνον

2014 2579 2298 2648 ἐπισκόπῳ
2335 2575 2564 2645 Ἀττικῷ
2616 2577 2798 2646 συνῆν,
2834 2575 3181 2646 ὑπογραφεὺς
3221 2573 3327 2625 τῶν
3371 2573 3601 2624 ἐκείνου

2014 2671 2186 2738 λόγων
2240 2668 2619 2736 καθεστηκώς.
2661 2669 2758 2719 Ὃν
2799 2665 2862 2736 δὴ
2896 2668 2960 2736 τῇ
2996 2664 3136 2718 κατὰ
3180 2664 3311 2716 Θεὸν
3357 2661 3606 2733 προὸαίο

2016 2779 2172 2814 νοντα
2197 2762 2408 2830 ἀγωγῇ,
2458 2759 2551 2811 καὶ
2593 2757 2686 2810 τοῦ
2717 2759 2817 2827 τῆς
2862 2757 3132 2820 διακονίας
3169 2755 3319 2825 ἠξίου
3349 2754 3601 2824 βαθμοῦ.

2019 2855 2248 2906 Ἔπειτα
2279 2852 2335 2904 δὲ
2363 2853 2454 2903 καὶ
2483 2853 2538 2903 ἐν
2566 2849 2802 2921 καθέδρᾳ
2832 2849 3216 2918 πρεσϐυτέρων
3250 2847 3465 2906 αἰνέσας
3493 2846 3610 2899 τὸν

2017 2942 2242 3014 Κύριον,
2278 2941 2382 2993 ὑπὸ
2408 2940 2667 2992 Σισιννίου
2700 2940 2798 3010 τῆς
2819 2938 2960 2992 κατὰ
2984 2937 3222 3000 Κύζικον
3265 2937 3608 3006 Ἐκκλησίας

1940 3052 1983 3110 C
2017 3033 2326 3106 προεϐλήθη
2380 3034 2674 3102 ἐπισκοπῇ.
2726 3031 2913 3101 Πολλῷ
2959 3031 3017 3084 δὲ
3073 3030 3295 3101 ὕστερον
3341 3029 3436 3081 καὶ
3484 3029 3608 3098 τῆς

2018 3125 2430 3178 Κωνσταντίνου
2469 3124 2790 3194 Ἐκκλησίας
2817 3122 2916 3194 τὴν
2947 3121 3246 3192 ἐπισκοπὴν
3275 3120 3611 3191 ἐπετράπη.

2017 3217 2266 3288 Χρηστὸς
2299 3218 2355 3269 δὲ
2381 3218 2454 3268 ὢν
2489 3217 2628 3288 ἀνὴρ
2662 3217 2895 3287 μάλιστα
2923 3216 3065 3269 κατά
3094 3233 3152 3268 τε
3175 3211 3305 3286 ἦθος
3336 3215 3431 3267 καὶ
3464 3215 3611 3284 τρό-

2021 3324 2142 3372 πον,
2168 3307 2264 3359 ὃσα
2285 3306 2341 3359 δὲ
2377 3307 2598 3378 Ἰωάννῃ
2639 3308 2734 3360 καὶ
2777 3305 3005 3376 Ἀττικῷ
3038 3306 3312 3376 προσῆσαν
3349 3305 3612 3375 χρηστὰ,

2019 3395 2346 3467 ἀνεμάξατο.
2385 3395 2731 3461 Ἀνεξίκακος
2779 3395 2833 3447 δὲ
2869 3395 2964 3448 καὶ
3013 3395 3172 3446 πλέον
3217 3395 3355 3464 ήπερ
3390 3396 3612 3446 ἐκεῖνοι

2019 3489 2254 3556 ἐγένετο.
2301 3488 2544 3552 Ἀττικὸς
2574 3487 2672 3558 μὲν
2707 3489 2814 3558 γὰρ
2857 3487 3110 3551 πολλάκις
3143 3488 3369 3548 καὶτοῖς
3403 3485 3615 3554 διαφό-

2024 3598 2136 3653 ροις
2189 3581 2287 3650 τῆς
2337 3579 2570 3643 πίστεως
2608 3579 2834 3652 φοϐερὸς
2887 3581 3030 3652 μάλα
3082 3580 3273 3634 ἐδόκει.
3319 3574 3488 3640 Οὗτος
3545 3579 3615 3630 δὲ

2021 3673 2296 3737 κάκείνοις
2333 3673 2428 3725 καὶ
2459 3675 2622 3726 πᾶσιν
2652 3673 2811 3742 ἤπιος
2841 3673 2933 3725 καὶ
2989 3671 3265 3744 προσηνὴς
3315 3669 3460 3741 μάλα
3499 3665 3612 3741 ἦν,

2019 3764 2229 3827 τούτοις
2276 3763 2475 3836 μᾶλλον
2512 3764 2545 3835 ἣ
2595 3764 2685 3835 βίᾳ
2718 3765 2895 3819 ἕλκειν
2924 3766 3162 3828 ἐκείνους
3191 3761 3614 3832 διανοούμενος,

2021 3855 2225 3926 Μηδενὶ⁸
2253 3856 2363 3927 γὰρ
2407 3855 2652 3927 ταραχῆς
2685 3855 2856 3919 αἴτιος
2903 3854 3199 3918 καταστὰς,
3233 3854 3292 3906 τὸ
3330 3854 3430 3922 τῆς
3466 3851 3615 3903 Ἥκ-

2021 3947 2249 4017 κλησίας
2271 3947 2506 4018 ἀξίωμα,
2529 3948 2588 3999 τὸ
2619 3946 2855 4010 ἐπιεικές
2883 3963 3024 4018 φημι
3056 3947 3150 3999 καὶ
3173 3946 3362 4018 πρᾶον,
3394 3942 3613 4011 ὰθιγὲς

2020 4039 2355 4110 διετήρησεν.
2385 4077 2398 4090 .
2423 4078 2438 4092 .
2466 4077 2482 4089 .
2513 4032 2680 4102 Οὗτος
2707 4039 2762 4091 δὲ
2795 4037 3012 4092 ἔλαττον
3039 4037 3366 4108 ἐφρόντιζεν,
3401 4036 3475 4106 ἢν
3525 4039 3610 4108 μή

2022 4150 2106 4196 τις
2137 4134 2262 4203 περὶ
2283 4132 2418 4186 Θεοῦ
2453 4124 2662 4205 ᾖαὺτῷ
2690 4132 2864 4185 ἐδόκει
2909 4133 3141 4204 ἐφρόνει.
3177 4129 3510 4201 Διδασκαλίᾳ
3544 4131 3610 4182 δὲ

2027 4227 2236 4294 συνεχεῖ
2263 4222 2580 4295 χρώμενος,
2629 4224 2832 4298 ἠρέμα,
2889 4224 2983 4278 καὶ
3035 4225 3096 4276 οὑ
3145 4223 3256 4295 βίᾳ,
3289 4222 3354 4276 τὰ
3407 4222 3612 4294 πλήθη

2025 4319 2351 4390 προσήγετο.

1885 4452 2066 4513 XXV.

1025 4578 1108 4632 Ex
1135 4580 1228 4634 lib.
1266 4595 1317 4636 iv
1351 4580 1500 4636 luris
1529 4579 1913 4638 Graec-Rom.
1950 4584 2005 4637 in
2036 4582 2255 4654 Syllaba
2282 4585 2645 4654 episcoporum
2668 4585 2940 4655 Byzantii.

419 4688 645 4746 Proclus
693 4705 723 4744 a
784 4688 1028 4746 Sisinnio
1057 4688 1241 4762 Cyzici
1291 4692 1580 4762 episcopus
1611 4693 1914 4760 ordinatus,

2099 4694 2338 4765 Πρόκλος
2379 4695 2483 4749 ὑπὸ
2541 4696 2806 4750 Σισιννίου
2853 4695 3248 4767 χειροτονηθεὶς
3297 4697 3617 4767 ἐπίσκοπος

345 4787 400 4836 et
429 4798 538 4836 non
579 4782 875 4845 admissus,
909 4782 1142 4836 vacavit.
1174 4782 1216 4834 A
1245 4792 1416 4837 morte
1445 4799 1574 4839 vero
1603 4784 1917 4838 Maximiani

346 4872 527 4928 factus
577 4881 661 4929 est
715 4875 947 4929 antistes
1004 4872 1539 4941 Constantinopolis,
1594 4893 1720 4932 cum
1773 4878 1920 4934 illius

347 4963 583 5018 cadaver
647 4964 704 5018 in
763 4965 1015 5020 diaconio
1063 4963 1300 5035 jaceret;
1347 4967 1566 5038 prazl'uit
1614 4968 1922 5024 sacerdotio

348 5056 528 5126 primo
555 5058 713 5112 annis
743 5071 842 5114 xu.

2025 4785 2288 4849 Κυζίκου,
2320 4787 2413 4838 καὶ
2456 4786 2530 4858 μὴ
2559 4786 2787 4856 δεχθεὶς,
2820 4787 3098 4857 ἐσχόλασε.
3144 4788 3294 4842 Μετὰ
3324 4789 3380 4842 δὲ
3430 4788 3618 4845 θανά-

2025 4895 2120 4930 του
2152 4877 2490 4946 Μαξιμιανοῦ
2519 4879 2710 4948 γέγονε
2743 4881 3373 4944 Κωνσταντινουπόλεως.
3401 4886 3618 4953 κειμέ-

2026 4986 2118 5023 νου
2144 4970 2238 5023 τοῦ
2272 4970 2524 5040 λειψάνου
2573 4971 2738 5026 αὑτοῦ
2768 4975 2827 5026 ἐν
2866 4972 2943 5044 τῷ
2977 4971 3297 5043 διακονικιῖν
3335 4974 3618 5046 ἀρχιερα-

2028 5061 2224 5126 τεύσας
2251 5061 2346 5133 ἔτη
2378 5062 2465 5132 ιβ’.

1345 5172 1485 5228 Ibid.
1516 5173 1545 5246 ᾗ
1573 5173 1650 5230 De
1678 5176 2135 5233 translationibus
2167 5180 2578 5249 episcoporum.

418 5279 577 5334 Anno
607 5295 705 5334 xm
734 5281 1080 5352 imperatoris
1099 5282 1394 5340 Theodosii
1424 5283 1671 5342 Junioris
1698 5287 1919 5342 Arcadii

352 5369 471 5433 lilii,
490 5386 721 5442 magnus
745 5374 833 5428 ille
860 5373 1088 5430 Proelus
1115 5377 1403 5432 ordinatus
1424 5379 1713 5449 episcopus
1742 5380 1924 5450 Cyzici

350 5474 382 5514 a
415 5460 660 5516 Sisinnio
701 5464 1033 5533 patriarcha,
1065 5482 1170 5521 non
1207 5466 1484 5524 admissus
1523 5470 1578 5522 in
1618 5468 1732 5522 otio
1767 5469 1920 5522 vixit.

350 5549 480 5606 Post
511 5551 910 5624 depositionem
948 5573 1079 5614 vero
1110 5558 1374 5622 Nestorii.
1407 5560 1663 5616 decretus
1709 5560 1758 5615 ei
1803 5561 1926 5630 qni-

347 5641 470 5696 dem
491 5651 836 5714 episcOpatus
861 5647 1532 5719 Constantinopolitanus,
1572 5653 1667 5708 scd
1703 5652 1754 5706 in
1785 5652 1922 5708 solio

349 5747 457 5788 non
489 5743 572 5788 est
598 5737 896 5796 collocatus
936 5741 1006 5794 ob
1043 5741 1299 5795 invidiam
1327 5744 1644 5814 pontiﬁcum
1686 5745 1780 5814 qui
1822 5759 1921 5815 po-

2105 5291 2193 5343 ‘Ev
2220 5289 2298 5361 τῷ
2338 5297 2406 5358 ιγ’
2450 5291 2560 5346 ἐτει
2597 5293 2694 5363 τῆς
2727 5291 3006 5362 βασιλείας
3039 5293 3317 5348 Θεοδοσίου
3351 5295 3448 5349 τοῦ
3495 5300 3618 5355 Mt-

2020 5381 2178 5452 κροῦ,
2199 5381 2292 5436 τοῦ
2318 5381 2449 5436 Υἱοῦ
2479 5383 2785 5453 Ἀρκαδίου,
2802 5386 2830 5438 ὁ
2859 5386 3030 5454 μέγας
3043 5387 3283 5456 Πρόκλος
3299 5387 3620 5458 ἐπίσκοπος

2021 5472 2261 5537 Κυζίκου
2316 5474 2714 5545 χειροτονηθεὶς
2764 5476 2855 5528 ἐπὶ
2907 5477 3172 5530 Σισιννίου
3219 5480 3623 5551 πατριάρχου,

2021 5560 2320 5630 ἐσχόλασε,
2384 5561 2458 5633 μὴ
2515 5563 2747 5633 δεχθείς.
2803 5565 2956 5619 Μετὰ
3009 5566 3065 5621 δὲ
3120 5568 3220 5637 τὴν
3277 5570 3622 5642 καθαίρεσιν

2019 5652 2333 5724 Νεστορίου,
2365 5653 2636 5724 ἐψηφίσθη
2670 5655 2767 5723 μὲν
2808 5657 3448 5726 Κωνσταντινουπόλεως,
3494 5667 3615 5717 οὐκ

2021 5744 2363 5818 ἐνεθρονίσθη
2398 5745 2453 5799 δὲ
2497 5747 2586 5800 διὰ
2625 5746 2815 5817 φθόνον
2857 5750 2966 5804 τῶν
3010 5753 3616 5826 ποριδυναστευόντων
