3842 6314
74 397 80 408 .
161 349 282 409 ‘67?

1374 345 1539 401 TES']
1556 343 1796 400 lMONlA

1881 341 2185 399 ETERUM.
3319 345 3426 402 678

75 435 82 484 Ἴ
176 466 297 523 τότε
326 460 652 534 ἀρχιερέων.
685 460 840 515 Μετὰ
869 461 926 515 δὲ
958 457 1137 526 τοῦτο,
1161 459 1255 512 τοῦ
1287 458 1754 531 χειροτονηθέντος
1782 467 1825 521 Α

1882 458 2027 512 entia
2073 472 2172 512 sua
2225 470 2374 510 nunc
2424 455 2805 512 abutebantur.
2855 455 3050 514 Pestea
3100 469 3228 514 vero
3260 476 3428 531 quam

75 539 88 550 ’
173 552 526 627 Μαξιμιανοῦ
590 552 1045 624 τελευτήσαντος,
1092 554 1172 607 ἔτι
1215 553 1468 623 κειμένου
1517 550 1609 605 τοῦ
1651 551 1760 604 λει-

1877 551 2146 605 )rdinatus
2170 549 2333 604 isthic
2360 548 2722 604 Maximianus
2749 549 2890 604 diem
2917 551 3163 616 obiisset,
3194 551 3429 608 necdum

81 636 93 720 ξ
172 650 346 718 ᾢάνου
396 646 598 713 αὐτοῦ,
647 646 1031 718 προσεκλήθη,
1072 647 1167 699 καὶ
1213 643 1556 717 ὲνεθρονίσθη
1607 644 1762 699 Κων-

1877 641 2078 712 sepulto
2122 639 2298 709 ipsius
2333 640 2617 703 cadavere,
2656 641 2950 695 accersitus
2985 650 3091 703 est,
3121 650 3175 696 et
3203 643 3256 696 in
3290 643 3432 698 so'lio

177 737 722 801 σταντινουπόλεως,
782 737 1086 791 συναινέσει
1139 736 1235 790 καὶ
1286 734 1382 789 106
1434 733 1760 787 Κελεστίνου

1877 734 2186 796 :ollocatus,
2241 733 2404 787 etiam
2445 731 2743 788 leestino
2775 748 2911 802 papa
2952 731 3201 789 Romano
3242 749 3433 790 assen-

173 830 337 884 πάπα
370 829 614 902 Ῥώμης,
641 828 946 901 συμψήφων
967 828 1274 899 γενομένων
1292 826 1383 884 καὶ
1405 825 1501 879 τοῦ
1525 822 1761 896 μεγάλου

1877 824 2050 886 .iente,
2080 838 2143 876 ac
2168 823 2542 894 episcopatum
2581 823 2632 877 ei
2665 821 3088 882 decernentibus
3118 840 3316 897 magno
3340 827 3436 882 illo

175 917 457 989 Κυρίλλου
490 920 586 988 καὶ
623 919 871 974 Ἰωάννου
907 917 1259 989 Ἀντιοχείας.

1877 915 2064 988 Cyr-illo
2092 924 2146 970 et
2171 913 2382 971 Joanne
2421 914 2782 970 Antiocheno.

1715 1031 1904 1092 XXVI
1915 1077 1926 1089 .

947 1151 1028 1208 Ea:
1053 1151 1359 1223 Menologio
1384 1150 1697 1206 Graecorum
1720 1151 1914 1206 Basilii
1944 1151 2128 1217 imper.
2151 1158 2292 1216 part.
2328 1165 2364 1212 t,
2391 1165 2513 1219 pag.
2552 1150 2674 1204 140.

249 1272 333 1342 Τῇ
363 1271 503 1340 αὐτῇ
532 1267 719 1340 ἡμέρᾳ
763 1266 841 1321 κδ’
889 1265 1099 1322 Ὠκτο6.
1153 1267 1340 1338 μνήμη
1376 1265 1470 1318 τοῦ
1500 1267 1556 1320 ὲν
1585 1266 1762 1335 ἁγίοις

1942 1263 2146 1319 Eadem
2195 1263 2284 1320 die
2320 1279 2374 1318 ix
2429 1263 2551 1320 Kal.
2601 1263 2738 1321 Nov.
2775 1272 3223 1327 commemoratio
3259 1277 3438 1334 sancti

177 1363 401 1435 Πατρὸς
444 1361 600 1432 ἡμῶν
645 1358 888 1430 Πρόκλου
931 1358 1269 1430 πατριάρχου
1290 1438 1293 1441 _
1318 1359 1762 1411 Κωνσταντινου-

1877 1357 2050 1412 Patris
2114 1357 2292 1410 nostri
2343 1354 2521 1411 Procli
2560 1360 2887 1427 patriarcha:
2937 1363 3441 1438 Constantinopoli-

181 1457 418 1519 πόλεως.
458 1455 516 1506 '0
546 1455 603 1505 ὲν
635 1452 813 1520 ἁγίοις
843 1450 1034 1522 Πατὴρ
1060 1448 1217 1521 ἡμῶν
1241 1447 1503 1521 Πρόκλος,
1531 1449 1766 1520 εὐλαϐὴς

1877 1451 2001 1503 Lani.
2041 1449 2278 1505 Sanctus
2333 1448 2495 1505 Pater
2549 1460 2738 1506 noster
2784 1451 3009 1510 Proclus
3061 1472 3184 1511 cum
3214 1459 3438 1529 pietate.

177 1545 260 1599 ὣν
286 1547 385 1600 καὶ
425 1545 606 1614 σοφὸς,
641 1543 733 1598 καὶ
770 1543 1046 1613 ἐνάρετος,
1077 1541 1458 1613 ἐχειροτονήθη
1491 1541 1642 1612 παρὰ
1669 1539 1764 1593 τοῦ

1877 1538 2140 1608 sapientia
2163 1553 2229 1593 ac
2248 1539 2452 1594 virtute
2471 1548 2615 1594 esset
2648 1542 2900 1611 insignis,
2928 1560 2957 1598 a
2986 1555 3175 1602 sancto
3198 1548 3440 1607 Sisinnio

181 1640 348 1708 ἁγίου
413 1637 680 1691 Σισιννίου
749 1635 1092 1707 πατριάρχου
1142 1634 1766 1697 Κωνσταντινουπόλεως

1877 1629 2178 1700 patriarcha
2239 1628 2848 1702 Constantinopolitano
2905 1637 3085 1708 Cyzici
3149 1641 3440 1714 episcopus

181 1733 488 1794 ἐπίσκοπος
523 1727 783 1794 Κυζίκου.
823 1726 1117 1792 Ἀπελθὼν,
1141 1726 1237 1780 καὶ
1269 1725 1344 1797 μὴ
1374 1725 1582 1796 δεχθεὶς
1612 1724 1766 1796 παρὰ

1877 1729 2084 1777 creatus
2108 1731 2213 1777 est.
2251 1721 2381 1778 Illuc
2413 1723 2790 1794 proﬁciscens,
2825 1745 2948 1782 cum
2974 1746 3004 1784 a
3038 1733 3255 1790 clericis
3287 1735 3442 1808 Cyzi-

181 1825 296 1878 τῶν
329 1827 450 1878 ἐκεῖ
482 1823 762 1893 κληρικῶν
798 1820 1090 1893 αίρετικῶν
1117 1820 1304 1884 όντων,
1340 1817 1680 1890 ὑπέστρεψεν
1709 1819 1768 1871 ὲν
1800 1817 1825 1871 E

1877 1813 2040 1877 cenis,
2072 1815 2275 1885 quippe
2297 1815 2389 1885 qtti
2422 1816 2664 1874 haeretici
2695 1831 2912 1885 essent,
2945 1839 3054 1878 non
3086 1827 3440 1897 reciperetur,

183 1913 796 1977 Κωνσταντινουπόλει,
843 1913 935 1966 τὸν
981 1911 1184 1983 μεταξὺ
1229 1911 1504 1982 σχολάζων
1549 1911 1762 1980 χρόνον,

183 2008 280 2060 καὶ
308 2006 598 2078 προσέχων
624 2003 802 2075 ἑαυτῷ
837 2020 897 2057 τε
929 2003 1022 2057 καὶ
1044 2005 1111 2074 τῇ
1143 2000 1468 2070 ἀναγνώσει.
1504 2001 1770 2071 Τελευτή-

186 2115 384 2161 σαντος
414 2097 473 2150 δὲ
495 2094 841 2166 Μαξιμιανοῦ
879 2092 973 2148 τοῦ
1015 2093 1376 2165 πατριάρχου,
1409 2091 1489 2145 ἔτι
1520 2091 1614 2145 τοῦ
1655 2091 1769 2145 λει-

176 2189 367 2259 ψάνου
393 2186 560 2242 αὐτοῦ
589 2186 843 2258 κειμένου
871 2187 929 2239 ὲν
951 2186 1029 2258 τῷ
1059 2187 1308 2258 ίερατείῳ
1331 2185 1431 2256 τῆς
1465 2184 1772 2256 ἁγιωτάτης

182 2279 282 2333 τοῦ
335 2278 473 2332 Θεοῦ
532 2276 776 2349 μεγάλης
827 2276 1152 2347 ἐκκλησίας,
1207 2275 1613 2347 προχειρίζεται
1671 2291 1776 2328 πα-

179 2372 462 2444 τριάρχης
517 2369 1160 2432 Κωνσταντινουπόλεως.
1224 2369 1337 2422 Καὶ
1405 2365 1772 2439 ὲνθρονίζεται

181 2467 309 2519 κατ’
332 2464 504 2536 αὐτὴν
532 2463 632 2536 τὴν
659 2462 902 2534 μεγάλην
925 2461 1194 2532 ἑϐδομάδα
1213 2462 1270 2514 ἐν
1300 2461 1365 2530 τῇ
1387 2459 1520 2530 ἁγίᾳ
1541 2460 1770 2532 Πέμπτῃ

180 2554 283 2608 τοῦ
322 2553 595 2625 σωτηρίου
632 2552 838 2616 πάθους
859 2550 955 2606 τοῦ
987 2551 1194 2622 Κυρίου
1234 2549 1391 2621 ἡμῶν
1430 2548 1603 2621 Ἰησοῦ
1637 2551 1772 2621 Χρι-

184 2647 346 2700 στοῦ.
381 2646 494 2699 Καὶ
521 2645 704 2708 καλῶς
734 2643 1188 2714 πολιτευσάμενος
1231 2641 1327 2696 καὶ
1358 2641 1497 2712 μετὰ
1524 2641 1624 2712 τὴν
1661 2657 1768 2712 χει-

181 2739 472 2811 ροτονίαν,
514 2739 611 2792 καὶ
649 2736 876 2800 πολλοὺς
929 2735 1018 2790 διὰ
1068 2736 1167 2807 τῆς
1210 2733 1556 2798 διδασκαλίας
1601 2733 1768 2787 αὐτοῦ

181 2830 502 2903 ὠφελήσας,
522 2829 898 2900 ἐπεσκόπησεν
923 2828 1016 2902 ἔτη
1045 2827 1250 2883 δώδεκα
1275 2827 1370 2881 καὶ
1401 2829 1572 2900 μῆνας
1596 2829 1767 2898 τρεῖς,

177 2923 282 2977 καὶ
309 2921 622 2986 τελειωθεὶς
651 2921 1016 2976 ἀνεπαύσατο.

1871 1904 2404 1977 Constantinopolim
2462 1909 2644 1974 rediit,
2689 1910 2780 1965 ubi
2825 1928 2921 1982 per
2955 1916 3175 1985 aliquod
3227 1927 3442 1992 tempus

1867 1997 1934 2051 ab
1959 1997 2437 2053 administratione
2465 2014 2690 2064 vacans,
2726 2001 2827 2056 sibi
2869 2003 3172 2076 litterisque
3222 2024 3441 2077 operam

1870 2089 2039 2156 dedit,
2077 2089 2255 2160 quoad
2283 2089 2612 2146 Maximiano
2660 2095 2971 2162 patriarcha
3003 2097 3280 2167 defuncto,
3317 2117 3442 2157 cum

1872 2182 2052 2236 adhuc
2084 2182 2318 2239 cadaver
2345 2183 2468 2254 ejus
2520 2184 2576 2238 in
2625 2187 2988 2243 sanctissume
3021 2199 3073 2245 et
3122 2208 3330 2264 magna?
3357 2212 3434 2252 eeo

1873 2274 2053 2330 clesiae
2079 2273 2174 2330 Dei
2205 2277 2451 2331 sacrario
2475 2277 2704 2347 iaceret,
2727 2293 2946 2336 creatur
2973 2286 3279 2353 patriarcha
3307 2289 3438 2344 Con-

1873 2365 2414 2436 stantinopolitanus.
2448 2367 2516 2423 Et
2545 2370 2602 2423 in
2632 2371 2834 2427 throno
2872 2377 3061 2430 eadem
3090 2377 3208 2448 ipsa
3237 2396 3444 2451 magna:

1873 2455 2226 2513 hebdomadas
2264 2469 2456 2516 sancta
2502 2463 2694 2532 quinta
2735 2466 2823 2520 die
2869 2468 3128 2525 salutaris
3173 2473 3444 2541 passionis

1872 2544 2090 2602 Domini
2121 2551 2297 2607 nostri
2324 2551 2455 2608 Jesu
2497 2555 2702 2611 Christi
2731 2560 3051 2617 collocatur.
3087 2562 3153 2617 Et
3181 2566 3276 2636 qui
3323 2567 3444 2638 epi-

1873 2641 2026 2710 scopi
2052 2656 2258 2698 munus
2293 2645 2498 2714 optime
2520 2645 2765 2716 functus,
2815 2659 2924 2705 tam
2955 2654 3008 2707 in
3040 2670 3235 2712 manus
3271 2659 3446 2730 impo-

1875 2728 2097 2796 sitione,
2117 2747 2281 2802 quam
2324 2735 2378 2789 in
2410 2736 2704 2793 multorum
2753 2743 2958 2798 auxilio
3003 2761 3102 2800 sua
3137 2746 3310 2817 ipsius
3348 2728 3446 2806 ido-

1874 2821 2074 2887 ctrina,
2118 2839 2244 2878 cum
2283 2827 2515 2884 sedisset
2556 2829 2612 2885 in
2661 2831 2981 2903 episcopatu
3029 2850 3204 2894 anuos
3243 2839 3447 2897 duode-

1871 2909 1978 2964 cim
2021 2922 2076 2967 et
2109 2929 2326 2973 menses
2373 2927 2508 2988 tres,
2549 2936 2616 2976 ex
2660 2922 2764 2978 hac
2789 2926 2899 2980 vita
2938 2928 3204 2998 migrans,
3234 2931 3286 2986 in
3317 2948 3449 3002 pace

1871 3007 2095 3075 quiet-it.

1693 3125 1933 3187 XXVII.

375 3259 461 3315 Ex
497 3258 814 3330 Menologio
853 3258 1028 3314 Graec.
1067 3258 1218 3311 card.
1255 3256 1465 3322 Sirleti,
1497 3257 1592 3309 sub
1627 3257 1714 3310 die
1765 3273 1895 3312 xnv
1926 3257 2318 3330 Octobr.Apud
2344 3261 2621 3317 Canisium
2643 3265 2700 3318 in
2717 3263 2986 3324 Thesaur.
3020 3279 3148 3328 tam.
3180 3273 3278 3340 Ill,

1558 3379 1702 3440 part.
1729 3387 1766 3437 ι,
1799 3387 1920 3443 pag.
1951 3372 2078 3428 486.

256 3491 469 3547 Eodem
516 3491 606 3546 die
652 3487 1106 3544 commemoratio
1148 3487 1323 3542 sancti
1364 3484 1544 3540 Patris
1594 3486 1773 3541 nostri
1797 3525 1842 3583 c
1875 3488 2017 3558 guis,
2046 3504 2170 3544 cum
2214 3505 2390 3546 annos
2420 3490 2708 3548 duodecim
2738 3502 2793 3548 et
2834 3512 3052 3553 menses
3082 3508 3193 3554 tres
3236 3500 3448 3570 episco-

175 3580 371 3641 Procli
413 3575 743 3654 patriarchae
787 3578 1414 3651 Constantinopolitani:
1458 3579 1551 3648 qui
1585 3594 1770 3633 sacra-
1804 3575 1841 3583 “
1873 3587 2062 3650 patum
2113 3582 2250 3638 bene
2297 3583 2558 3652 rexisset,
2597 3585 2653 3639 in
2681 3601 2818 3656 pace
2857 3589 3109 3659 migravit
3155 3590 3220 3644 ad
3268 3591 3448 3648 Domi-

180 3693 310 3733 rum
344 3675 679 3732 Litterarum
720 3675 915 3746 peritia
962 3682 1014 3730 et
1070 3671 1343 3744 probitate
1373 3686 1587 3726 morum
1632 3673 1768 3727 insi-

1875 3688 2006 3726 num

1708 3786 1978 3848 XXVIII.

1061 3911 1146 3967 Ea:
1180 3911 1484 3986 Meuologio
1519 3914 1798 3986 Horologii
1831 3915 2032 3979 Graec,
2065 3915 2194 3973 edit.
2231 3914 2411 3971 Venet.
2444 3917 2604 3974 1552.

256 4025 508 4098 Νοεμϐρ.
539 4026 592 4090 ι’,
623 4027 920 4099 προεόρτια
950 4027 1052 4098 τῆς
1084 4031 1142 4082 ὲν
1174 4029 1255 4100 τῷ
1283 4030 1394 4102 ναῷ
1436 4031 1642 4085 εἰσόδου
1670 4031 1770 4102 τῆς

185 4118 496 4192 ὑπεραγίας
518 4119 780 4172 Θεοτόκου
800 4133 815 4149 ⁸
851 4121 946 4174 καὶ
972 4120 1066 4174 τοῦ
1089 4123 1146 4174 ὲν
1168 4121 1345 4191 ἁγίοις
1371 4122 1586 4194 Πατρὸς
1601 4110 1645 4195 ’ἡ
1655 4123 1770 4195 μῶν

185 4211 442 4284 Πρόκλου
470 4212 904 4284 άρχιεπισκόπου
940 4215 1587 4280 Κωνσταντινουπόλεως.

270 4303 547 4369 Ἐπαξίως
607 4305 848 4376 σήμερον
908 4306 1268 4378 πανηγυρίζει
1327 4308 1360 4379 ἠ
1422 4305 1612 4360 πασῶν
1665 4307 1776 4361 τῶν

183 4395 404 4449 πόλεων
441 4396 746 4467 τιμιωτέρα
781 4396 998 4468 ἀληθῶς
1031 4399 1089 4452 ὲν
1123 4401 1190 4470 τῇ
1228 4401 1399 4470 σεπτῇ
1447 4400 1776 4470 μεταστάσει

185 4506 310 4556 σου,
337 4487 528 4561 Πάτερ
555 4489 815 4561 Πατέρων
841 4489 1057 4562 Πρόκλε
1089 4491 1242 4560 σοφέ.

1947 4031 2046 4088 Die
2092 4049 2126 4087 χ
2178 4031 2539 4098 Novembris,
2591 4033 2894 4106 profestum
2941 4037 3221 4106 ingressus
3264 4051 3449 4094 saero-

1876 4134 2082 4181 sancta:
2114 4125 2206 4182 Dei
2238 4126 2534 4184 Genitricis
2565 4129 2618 4182 in
2659 4130 2942 4199 templum,
2984 4138 3038 4185 et
3070 4134 3242 4186 sancti
3273 4132 3452 4188 Patris

1876 4217 2052 4271 nostri
2091 4215 2266 4272 Procli
2295 4219 2698 4290 archiepiscopi
2721 4220 3334 4293 Constantinopolitani.

1947 4307 2141 4364 Merito
2181 4310 2343 4365 hodie
2392 4312 2662 4366 celebrem
2711 4325 3041 4368 conventum
3096 4315 3210 4386 agit
3256 4317 3312 4370 in
3356 4325 3452 4370 tuo

1877 4402 2176 4458 venerabili
2220 4404 2480 4467 transitu,
2515 4405 2630 4459 hinc
2672 4421 2793 4476 qua:
2818 4422 2944 4462 vere
2969 4409 3183 4463 caeteris
3230 4419 3452 4478 prmstat

1880 4493 2127 4560 urbibus,
2165 4509 2198 4548 ο
2226 4493 2390 4550 Pater
2410 4494 2636 4551 Patrum
2661 4499 3066 4568 sapientissime
3090 4500 3308 4555 Procle.

1706 4612 1918 4672 XXIX.

1210 4733 1296 4788 Ex
1324 4735 1628 4809 Menologio
1654 4737 1852 4808 Graec,
1881 4744 2010 4796 edit.
2055 4741 2235 4796 Venet.
2265 4743 2422 4798 1551.

253 4846 338 4917 Τῇ
370 4841 454 4900 κε’
480 4844 666 4918 ἡμέρᾳ
695 4846 970 4919 Σεπτεμσ.
1011 4847 1107 4904 ἐπὶ
1133 4848 1234 4920 τῆς
1265 4848 1542 4920 βασιλείας
1586 4852 1776 4907 68060-
1806 4867 1825 4922 ι

1950 4854 2046 4911 Die
2086 4872 2194 4911 xxv
2241 4855 2611 4928 Septembris,
2655 4859 2959 4928 imperante
3006 4857 3316 4914 Theodosio
3357 4858 3454 4916 Ju-

177 4937 304 4994 σίου
348 4935 447 4992 106
480 4937 657 5004 Νέου,
696 4939 804 5011 πρὸ
845 4939 947 5010 τῆς
998 4941 1375 5005 Ἀναστάσεως
1408 4942 1508 5015 τὴν
1559 4944 1775 5016 ἡμέραν

173 5030 379 5100 γέγονε
435 5030 661 5100 σεισμὸς
695 5031 958 5104 φοϐερόςο
1015 5034 1112 5087 καὶ
1157 5033 1248 5087 διὰ
1293 5033 1454 5088 τοῦτο
1501 5037 1598 5089 τοῦ
1643 5035 1773 5092 λαοῦ

178 5119 388 5184 παντδς
416 5120 516 5174 σὺν
538 5118 618 5190 τῷ
653 5118 866 5190 βασιλεῖ
886 5121 1154 5194 Θεοδοσίῳ
1186 5127 1281 5178 καὶ
1309 5124 1538 5196 Πρόκλῳ
1560 5125 1642 5198 τῷ
1673 5145 1778 5180 πα-

174 5211 446 5283 τριάρχῃ.
486 5210 627 5281 μετὰ
657 5213 860 5278 παντὸς
904 5213 1001 5268 106
1027 5215 1130 5287 τῆς
1172 5216 1508 5288 Ἐκκλησίας
1555 5219 1778 5292 πληρώ-

180 5320 378 5375 ματος,
407 5305 502 5356 καὶ
541 5305 724 5378 πάσης
752 5306 853 5379 τῆς
886 5307 1096 5372 πόλεως
1129 5307 1235 5375 ἔξω
1271 5309 1658 5365 λιτανευόντων
1687 5311 1778 5366 διὰ.

174 5395 268 5450 τὸν
296 5395 467 5465 φόϐον
501 5399 558 5450 ὲν
596 5400 675 5471 τῷ
698 5398 919 5470 Κάμπῳ
937 5415 951 5430 ο
978 5400 1080 5473 ἤδη
1112 5400 1211 5472 τῆς
1241 5402 1352 5456 τῶν
1394 5396 1778 5472 Θεοπασχιτῶν

175 5489 454 5561 αἱρέσεως
476 5489 537 5554 ἐξ
561 5490 824 5562 ἐπηρείας
847 5491 939 5545 106
970 5492 1216 5546 διαϐόλου
1257 5493 1431 5566 ἀρχὴν
1463 5493 1776 5564 λαμὸανού-

106 5589 113 5596 ·
176 5599 303 5653 της,
341 5582 442 5634 καὶ
471 5579 550 5651 τῷ
573 5581 857 5653 Τρισαγίῳ
887 5582 970 5648 τὸ,
1009 5585 1071 5637 '0
1104 5585 1468 5654 σταυρωθεὶς
1490 5585 1564 5638 δι’
1592 5585 1773 5655 ἡμᾶς.

178 5672 694 5744 βλασφημούντων
731 5673 995 5747 ἐξαίφνης
1037 5677 1248 5731 παιδίον
1279 5679 1528 5751 άρπαγὲν
1565 5681 1646 5742 είς
1681 5679 1772 5731 τὸν

177 5767 318 5838 ἀέρα
349 5766 652 5838 ἀνεφέρετο
686 5769 904 5823 πάντων
932 5771 990 5823 ἐν
1018 5770 1280 5842 ἐκπλήξει
1310 5772 1408 5825 καὶ
1443 5772 1592 5842 φόϐῳ
1638 5788 1772 5844 κρα-

1867 4946 2046 5011 niore,
2079 4955 2207 5002 ante
2243 4946 2389 5003 diem
2435 4947 2904 5016 Resurrectionis,
2937 4949 3136 5005 accidit
3174 4951 3454 5007 horribilis

1871 5045 2030 5093 terrae
2090 5046 2276 5094 motus
2315 5056 2329 5092 :
2384 5055 2495 5110 quo
2539 5039 2744 5096 factum
2788 5049 2873 5097 est
2925 5049 2979 5094 ut
3033 5049 3181 5098 totus
3219 5045 3451 5114 populus

1870 5143 1996 5185 cum
2045 5129 2378 5200 imperatore
2422 5129 2736 5189 Theodosio
2780 5142 2838 5189 et
2879 5135 3196 5204 patriarcha
3232 5134 3450 5199 Proclo.

1871 5235 1937 5277 ac
1977 5223 2249 5278 universae
2295 5221 2557 5280 Ecclesiae
2602 5227 2750 5282 clero
2801 5233 3027 5298 totaque
3072 5227 3208 5284 urbe
3256 5230 3469 5284 exierit'

1873 5321 2029 5370 extra
2071 5314 2372 5381 civitatem,
2403 5317 2459 5371 in
2510 5317 2691 5373 locum
2721 5319 2814 5388 qui
2850 5319 3055 5374 dicitur
3083 5320 3343 5391 Campus,
3384 5321 3452 5375 ad

1873 5408 2140 5463 orandum
2183 5423 2296 5478 prae
2348 5410 2562 5466 timore.
2609 5411 2730 5466 Jam
2781 5413 3031 5483 improba
3080 5411 3451 5483 Theopasclii-

1873 5508 2053 5554 tarum
2101 5501 2374 5555 diabolica
2405 5501 2630 5558 haeresis
2664 5504 2878 5558 initium
2913 5505 3183 5570 sumebat,
3215 5513 3268 5558 et
3298 5502 3455 5558 Tris-

1871 5592 1994 5664 agio
2022 5593 2468 5664 blasphemantes
2490 5596 2797 5652 addebant:
2820 5597 2926 5663 Qui
2952 5598 3239 5662 cruciﬁxus
3261 5605 3338 5650 est
3355 5611 3452 5664 pro

1869 5684 2042 5738 nobis.
2100 5684 2386 5755 Extemplo
2438 5688 2700 5758 puerulus
2744 5689 2801 5742 in
2847 5705 3028 5743 aerem
3074 5695 3263 5758 raptus
3313 5689 3451 5740 voli«

1869 5775 2038 5842 tabat,
2075 5776 2443 5835 clamantibus
2473 5782 2688 5838 cunctis
2717 5796 2829 5854 prae
2880 5789 3105 5851 stupore
3133 5788 3185 5836 et
3233 5781 3446 5847 timore,
