3842 6306
161 306 262 364 681

1205 307 1466 364 ORATIO
1503 309 1592 364 DE
1631 310 1978 368 LAUDlBUS
2017 311 2074 366 S.
2115 309 2377 370 ΜΑΒΙᾹΞ.

3297 313 3406 370 ηδε

173 426 310 478 Ἰδοὺ
363 422 472 494 γὰρ
500 421 573 493 γῆ
620 421 714 474 καὶ
748 419 984 476 Θάλαττα
1031 419 1331 492 δωροφορεί
1361 421 1436 494 (4)
1485 425 1550 494 τῇ
1601 439 1737 496 παρ⁴

1847 439 1910 476 ac
1933 423 2100 494 Virgo
2137 433 2240 478 est.
2269 422 2532 478 Amabilis
2561 422 2718 492 plane
2752 438 2816 476 ac
2845 423 3111 480 mirabilis
3145 425 3259 480 haec
3287 426 3406 482 coi-

159 517 336 586 θένῳ”
364 518 397 585 ἡ
432 515 529 585 μὲν
561 513 628 567 τὰ
656 513 800 566 νῶτα
846 512 1035 582 αὐτῆς,
1082 516 1202 576 ταῖς
1250 513 1438 566 ὁλκάσι
1489 513 1736 586 γαληνῶς

158 607 543 676 ὑφατνὸὼσασα
565 605 641 676 (5)
663 625 675 636 ·
707 608 740 677 ἠ
768 606 823 658 δὲ
850 605 920 658 τὰ
943 605 1060 676 ἴχνη
1087 605 1195 658 τῶν
1224 605 1544 676 βαδιζόντων
1592 609 1738 660 ἀκω-

157 699 342 762 λύτως
381 699 842 770 παραπέμπουσα.
873 697 1208 769 Σκιρτάτωὴ
1243 699 1424 768 φύσις,
1453 704 1546 756 καὶ
1575 703 1738 770 ἀγαλ-

155 787 372 844 λιάσθω
410 789 472 842 τὺ
523 789 678 858 γένος
709 789 818 842 τῶν
852 787 1150 860 ἀνθρώπων
1176 831 1191 854 ,
1239 791 1320 846 ὅτι
1355 795 1447 846 καὶ
1484 797 1736 862 γυναῖκες

153 881 436 951 τιμῶνται
453 899 468 912 '
498 883 768 952 χορευέτω
793 883 826 952 ή
859 881 1233 954 ἁνθρωπύτης,
1257 885 1338 938 ὅτι
1365 886 1458 938 καὶ
1482 885 1737 958 παρθένοι

153 973 497 1040 δοξάζονται.
553 975 745 1029 Ὅπου
793 973 902 1044 γὰρ
956 975 1328 1030 ἐπλεόνασεν
1372 978 1412 1046 ὴ
1463 977 1736 1046 ἁμαρτία,

149 1069 761 1135 ὑπερεπερίσσευσεν
789 1067 830 1129 τ)
864 1066 1054 1135 χάρις.
1090 1069 1422 1122 Συνεκάλεσε
1452 1069 1560 1141 γὰρ
1591 1072 1738 1141 ἡμᾶς

151 1159 254 1211 νῦν
297 1159 538 1213 ἐνταῦθα
580 1161 612 1229 ἡ
660 1159 790 1227 ἁγία
821 1160 1080 1223 Θεοτόκος
1117 1161 1392 1234 Παρθένος
1421 1163 1609 1234 Μαρία
1631 1181 1643 1194 ·
1679 1164 1740 1217 τὸ

150 1251 470 1320 ἁμὸλυντον
513 1255 613 1322 τῆς
642 1251 940 1324 παρθενίας
983 1252 1286 1324 κειμήλιον,
1318 1253 1346 1304 6
1397 1254 1613 1323 λογικὸς
1642 1255 1737 1308 τοῦ

147 1344 420 1416 δευτέρου
487 1345 1062 1417 ἈΜ-πειράδεισος·
1127 1346 1186 1398 τὸ
1233 1347 1592 1417 ἐργαστήριον
1640 1347 1740 1416 τῆς

149 1437 411 1502 ὲνὼσεως
453 1439 564 1492 τῶν
597 1439 846 1508 φύσεων’
894 1441 928 1510 ἡ
987 1440 1293 1510 πανήγυρις
1329 1439 1422 1492 τοῦ
1470 1439 1738 1510 σωτηρίου

149 1532 636 1602 συναλλάγματος,
661 1535 694 1603 ἡ
728 1530 961 1596 παστὰς,
984 1533 1041 1583 ὲν
1118 1534 1146 1584 6
1171 1532 1342 1598 Λόγος
1365 1532 1740 1602 ὲνυμφεύσατο

145 1624 250 1695 τὴν
283 1626 492 1695 σάρκα·
525 1627 558 1695 ἠ
592 1624 832 1694 ἔμψυχος
866 1624 966 1694 τῆς
1005 1625 1218 1693 φύσεως
1249 1625 1426 1694 βάτος,
1459 1627 1524 1696 ἢν
1551 1625 1613 1678 τὸ
1641 1624 1741 1694 τῆς

149 1716 308 1780 θείας
346 1717 540 1780 ὠδῖνος
586 1717 697 1788 πῦρ
747 1719 807 1772 οὑ
858 1717 1228 1772 κατέκαυσεν·
1269 1719 1300 1788 ἡ
1349 1717 1516 1780 ὅντως
1564 1717 1738 1787 κούφη

1841 518 1936 570 tio.
1996 516 2074 570 En
2117 518 2262 570 enim
2319 524 2463 568 terra
2505 525 2558 570 et
2617 531 2766 570 utare
2816 517 3020 584 pariter
3077 517 3402 586 obsequium

1837 607 2022 664 fovent
2053 629 2065 662 :
2117 609 2218 664 hoc
2251 609 2467 678 quidem
2515 607 2800 677 obsequio,
2835 608 3107 677 placidum
3142 610 3408 680 navigan-

1837 701 1988 756 tibus
2018 701 2240 756 dorsum
2282 701 2661 766 substernens,
2714 699 2804 752 illa
2835 715 2964 754 vero
3006 701 3272 756 viatorum
3315 717 3408 756 ve-

1841 795 2000 864 stigia
2061 793 2310 863 expedite
2380 792 2652 848 deferens.
2708 791 2878 846 Saliat
2929 801 3162 856 natura,
3215 793 3408 846 imma-

1839 902 2078 955 numque
2108 886 2342 942 exsultet
2365 899 2558 954 genus,
2588 885 2788 953 quippe
2825 899 2948 938 cum
2987 883 3240 938 mulieres
3272 897 3408 951 quo-

1838 989 1944 1043 que
1987 975 2346 1028 honorentur.
2387 975 2598 1028 Choros
2646 974 2810 1026 ducat
2859 971 3143 1026 hominum
3187 979 3404 1034 natura,

1838 1065 1983 1134 quod
2013 1072 2068 1118 et
2095 1048 2335 1134 virgines
2359 1065 2552 1118 honori
2575 1063 2877 1118 habeantur
2906 1081 2920 1116 :
2945 1060 3046 1116 Ubi
3075 1062 3218 1116 enim
3239 1060 3410 1114 abun-

1839 1158 1982 1210 davit
2016 1156 2289 1220 delictum,
2323 1155 2765 1224 superabundavit
2800 1164 2848 1208 et
2889 1154 3065 1224 gratia
3091 1153 3132 1207 ³.
3177 1151 3280 1206 llic
3307 1167 3408 1208 nos

1839 1251 2044 1322 quippe
2075 1249 2235 1304 modo
2259 1289 2274 1314 ,
2314 1260 2498 1304 sancta
2531 1248 2622 1304 Dei
2665 1247 2914 1302 Genitrix
2949 1261 3012 1302 ac
3039 1245 3204 1317 Virgo
3240 1245 3408 1300 Maria

1847 1341 1902 1394 in
1947 1321 2116 1394 unum
2168 1341 2387 1410 coegit:
2431 1321 2750 1410 impollutus
2793 1339 2882 1394 ille
2923 1337 3252 1409 virginitatis
3283 1337 3405 1392 the-
3434 1324 3526 1378 σί

1843 1451 2062 1502 saurus,
2098 1434 2362 1505 spiritalis
2403 1433 2630 1488 secundi
2673 1431 2866 1486 Adami
2903 1429 3213 1501 paradisus,
3243 1427 3406 1482 unio—

1844 1530 1928 1584 nis
1973 1539 2290 1582 naturarum
2324 1525 2566 1591 ofﬁcina,
2606 1525 2864 1580 salutaris
2913 1523 3226 1580 commercii
3267 1536 3408 1574 nun-

1840 1620 2004 1681 dinre.
2037 1619 2334 1678 thalamus.
2381 1619 2438 1670 in
2483 1632 2592 1688 quo
2637 1616 2742 1670 sibi
2779 1613 3018 1668 Verbum
3059 1627 3276 1668 carnem
3311 1611 3408 1666 de-

1841 1711 2142 1778 Sponsavit,
2180 1709 2456 1764 animatus
2503 1717 2714 1763 naturae
2757 1708 2929 1762 rubus
2951 1706 2994 1768 ‘,
3030 1721 3190 1772 quem
3239 1703 3409 1758 divini

147 1808 380 1879 νεφέλη,
438 1811 470 1880 ἡ
523 1809 614 1862 τὴν
657 1809 752 1862 ἐπὶ
813 1808 921 1861 τῶν
977 1808 1244 1878 χερουϐὶμ
1299 1807 1436 1878 μετὰ
1491 1805 1737 1876 σώματος

1847 1811 2031 1873 partus
2071 1803 2212 1873 ignis
2236 1819 2344 1855 nun
2371 1801 2706 1864 combussit;
2738 1815 2866 1854 vere
2895 1799 3028 1854 levis
3051 1799 3140 1851 illa
3170 1797 3340 1852 nubes
3363 1795 3407 1858 ⁸,

149 1900 518 1970 βαστάσασα·
568 1903 596 1954 6
637 1901 732 1954 τοῦ
761 1901 820 1968 ἐξ
863 1899 1095 1971 ούρανοῦ
1143 1900 1299 1953 ὑετοῦ
1352 1900 1738 1971 καθαρώτατος

147 1993 344 2055 πόκος,
377 1994 438 2060 ἐξ
473 1989 534 2047 οὗ
561 1995 588 2048 6
615 1977 818 2063 ποιμὴν
843 1991 904 2045 τὸ
929 1991 1199 2062 πρόϐατον
1227 1991 1528 2044 ἐνεδύσατο.
1551 1991 1738 2062 Μαρία

145 2087 180 2154 ἡ
201 2086 372 2155 δούλη
401 2086 496 2138 καὶ
529 2087 730 2156 μήτηρ,
760 2087 792 2155 ἡ
822 2083 1108 2157 παρθένος,
1136 2083 1232 2136 καὶ
1259 2083 1506 2154 οὐρανὸς,
1537 2084 1570 2152 ἡ
1602 2083 1734 2154 μόνη

145 2174 288 2228 θεοῦ
319 2176 462 2247 πρὸς
491 2175 811 2246 ἀνθρώπους
835 2175 1078 2246 γέφυρα·
1107 2175 1136 2226 6
1170 2175 1394 2245 φρικτὺς
1426 2175 1522 2246 τῆς
1538 2177 1738 2228 οἰκονο-

149 2268 284 2336 μίας
317 2270 490 2333 ἱστὸς,
509 2262 626 2336 ὲνῷ
655 2269 912 2341 ἀρρήτως
942 2267 1152 2339 ὑφάνθη
1186 2270 1214 2321 6
1245 2268 1346 2338 τῆς
1378 2267 1622 2332 ἑνώσεως
1656 2286 1738 2338 χι-

145 2361 280 2414 τὼν·
308 2355 486 2430 οὗπερ
511 2361 792 2433 ἱστουργὺς
821 2361 1018 2431 μὲν,’τὸ
1034 2360 1260 2431 Πνεῦμα
1275 2362 1335 2415 τὸ
1357 2361 1510 2429 ἅγιον
1525 2382 1542 2394 ν
1561 2362 1737 2434 ἔριθος

145 2457 227 2510 δὲ.
263 2459 300 2526 ή
335 2455 400 2520 ἐξ
435 2455 606 2524 ὕψους
638 2457 1008 2510 ὲπισκιάσασα
1051 2457 1311 2527 δύναμις’
1359 2455 1503 2524 ἔριον
1551 2455 1628 2516 δὲ,
1676 2456 1736 2510 τὸ

146 2550 388 2618 ἀρχαῖον
425 2547 522 2602 τοῦ
581 2548 754 2620 ’Δδὰμ
798 2549 1020 2602 κώδιον·
1057 2549 1230 2620 κρόκη
1262 2549 1339 2614 δὲ,
1371 2550 1404 2618 ἡ
1450 2549 1548 2618 τῆς
1591 2549 1738 2619 Παρ-

147 2640 311 2693 θένου
344 2639 424 2711 (6)
475 2640 774 2710 ἀμόλυντος
817 2641 981 2712 σάρξ·
1023 2641 1214 2711 κερκὶς
1255 2639 1334 2702 δὲ,
1369 2642 1401 2711 ή
1433 2640 1736 2712 ἀμέτρητος

147 2734 244 2788 τοῦ
277 2735 616 2805 φορέσαντος
649 2735 838 2806 χάρις·
867 2736 1117 2806 τεχνίτης
1147 2735 1222 2800 δὲ,
1257 2735 1286 2788 6
1313 2735 1378 2789 δι’
1415 2735 1584 2802 ἀκοῆς
1625 2738 1738 2788 εἰσ.

147 2825 415 2895 πηδήσας
447 2825 640 2893 Λόγος.
674 2824 771 2888 Τίς
799 2821 926 2890 εἶδε,
959 2825 1044 2888 τίς
1073 2826 1324 2894 ἧκουσεν,
1363 2825 1445 2878 ὅτι
1476 2828 1686 2896 μήτραν
1709 2827 1738 2878 6

147 2917 290 2980 Θεὸς
319 2917 756 2988 ἀπεριγράπτως
784 2916 987 2987 ᾤκησε,
1019 2917 1112 2970 καὶ
1145 2917 1202 2970 ὃν
1227 2919 1452 2989 οὐρανὸς
1477 2918 1578 2971 οὐκ
1603 2916 1738 2988 ἐχώ-

150 3023 352 3076 ρησεν,
385 3008 420 3076 ἡ
447 3006 662 3078 γαστὴρ
692 3007 792 3060 οὐκ
824 3005 1276 3078 ὲστενοχώρησεν.

225 3275 308 3326 B’.
359 3273 500 3328 Ἀλλ’
533 3275 790 3346 ἐγεννήθη
824 3276 888 3328 ὲκ
930 3273 1186 3343 γυναικὶς
1230 3273 1359 3337 Θεὸς
1403 3275 1463 3326 οὐ
1495 3273 1700 3344 γυμνός
1723 3290 1738 3304 ’

149 3369 252 3420 καὶ
285 3367 574 3436 ἄνθρωπος
629 3369 690 3420 οὐ
733 3367 918 3437 ψιλός·
965 3368 1058 3420 καὶ
1085 3365 1260 3436 πύλην
1305 3367 1574 3438 σωτηρίας
1607 3369 1634 3420 ὁ
1662 3384 1745 3420 τε·

149 3461 333 3530 χθεὶς,
371 3461 474 3531 τὴν
503 3459 666 3514 πάλαι
709 3459 808 3530 τῆς
833 3457 1108 3530 ἁμαρτίας
1146 3455 1312 3520 ἔδειξε
1352 3456 1540 3528 θύραν.
1568 3459 1742 3511 Ὅπου

149 3553 268 3624 γὰρ
298 3554 327 3605 6
357 3551 483 3620 ὄφις
503 3551 594 3605 διὰ
619 3554 719 3622 τῆς
745 3552 1028 3622 παρακοῆς
1047 3551 1137 3603 τὸν
1174 3549 1247 3604 ἰὸν
1275 3549 1506 3620 ἐξέχεεν,
1535 3549 1743 3603 ἐκεῖθεν

150 3647 182 3697 6
237 3646 420 3712 Λόγος
479 3645 555 3714 (7)
605 3644 695 3698 διὰ
727 3645 826 3716 τῆς
863 3645 1109 3714 ὑπακοῆς
1151 3642 1430 3707 εἰσελθὼν,
1479 3643 1570 3696 τὸν
1620 3644 1746 3697 ναὸν

151 3735 634 3806 ὲζωσπὶάστησεν.
670 3735 830 3789 Ὅθεν
869 3737 900 3788 '6
930 3735 1144 3807 πρῶτος
1169 3736 1266 3806 τῆς
1302 3735 1575 3806 ἁμαρτίας
1607 3735 1746 3789 Κάῐν

152 3825 476 3896 προέιυψεν
518 3825 616 3896 (8),
661 3827 870 3880 ἐκεῖθεν
903 3829 932 3880 ὁ
959 3826 1052 3880 τοῦ
1081 3828 1273 3894 γένους
1313 3825 1592 3898 λυτρωτὴς
1613 3825 1749 3897 Χρι-

154 3919 286 3980 στὸς
329 3917 588 3990 ἀσπόρως
613 3917 968 3990 ὲὸλᾰστησεν.
999 3919 1112 3971 Ούκ
1155 3918 1468 3990 ὲπῃσχύνθη
1507 3919 1535 3970 6
1563 3917 1750 3986 φιλάν-

153 4007 385 4080 θρωπος
413 4011 512 4078 τὴν
537 4009 602 4060 ὲκ
632 4007 889 4076 γυναικὸς
913 4007 1076 4059 ὠδῖνα
1095 4023 1108 4036 ·
1135 4005 1260 4075 ζωὴ,
1292 4004 1400 4076 γὰρ
1429 4001 1496 4076 ἦν
1521 4003 1580 4057 τὸ
1612 4021 1751 4076 πρα-

151 4101 605 4172 γματευόμενον’
637 4103 735 4154 οὐκ
757 4101 1026 4172 ὲμολύνθη
1049 4102 1277 4170 οἰκήσας
1307 4103 1540 4170 μήτραν,
1573 4099 1751 4171 ἥνπερ

235 4261 260 4292 ³
293 4259 456 4314 Rom.
497 4275 552 4328 v,
593 4259 686 4313 ΞΟ.
762 4259 784 4291 ⁸
825 4257 995 4314 Exod.
1028 4275 1110 4322 ιιι,
1143 4258 1200 4311 2.
1275 4259 1296 4290 ⁸
1337 4258 1438 4312 lsa.
1475 4273 1591 4322 χιιι,
1631 4257 1681 4312 1.

227 4419 312 4484 (ί)
355 4416 488 4486 Leg.
529 4431 654 4470 cum
695 4416 838 4478 aliis,
875 4415 1182 4486 δοροφορεῖ.

231 4489 312 4558 (5)
357 4489 440 4540 ΑΙ.
469 4486 860 4558 ὲφαπλώσασα.

231 4555 314 4626 (6)
341 4559 428 4610 ΑΙ.
467 4559 500 4628 ἡ
533 4561 599 4610 ἐκ
623 4557 722 4627 τῆς
753 4555 1045 4628 παρθένου.

231 4629 309 4698 (7)
347 4629 433 4698 Al.
467 4625 699 4698 ἐνέχεεν,
733 4625 848 4678 ἐκεῖ
875 4627 903 4677 6
933 4625 1111 4698 λόγος.

233 4695 310 4768 (8)
357 4697 458 4750 Ms.
494 4695 618 4752 cod.
651 4695 854 4750 Mazar.
885 4695 1208 4768 προέκοψεν.

231 4763 310 4840 (9)
357 4768 710 4840 ϐοτροναιιιηι
741 4763 1183 4840 portavit/iisti:
1211 4764 1485 4834 σώματος
1511 4763 1741 4829 ,ϐαστά-

155 4834 356 4896 eaea.
408 4834 500 4892 Sic
547 4850 600 4892 et
641 4834 799 4892 vetus
847 4837 936 4889 ille
971 4834 1313 4890 Vaticanus:
1367 4853 1484 4888 cum
1529 4849 1743 4900 corpore

157 4911 442 4982 portavit:
483 4917 680 4982 non_u_t
711 4909 851 4982 male
893 4909 1163 4982 interpres
1211 4908 1425 4960 concilii
1459 4905 1740 4982 Ephesini,

157 4975 216 5052 ξι
252 4991 552 5052 posticum
595 4975 940 5052 Riccardus:
986 4975 1052 5029 In
1090 4991 1447 5052 corpore__suo
1498 4975 1738 5045 gestavit.

159 5045 412 5106 'E'aiuelsi
449 5050 594 5103 enim
626 5049 728 5101 hoc
763 5049 1060 5102 maximum
1087 5056 1192 5106 est.
1217 5055 1278 5099 ut
1309 5045 1474 5099 Maria
1504 5055 1657 5098 utero
1690 5053 1743 5098 et

159 5125 218 5176 in
271 5137 380 5178 suo
431 5134 664 5187 corpore
712 5119 1005 5187 gestuverit
1058 5115 1388 5178 Dominum;
1423 5117 1511 5169 hic
1560 5123 1741 5187 tamen

161 5191 402 5247 Proclus
429 5185 652 5244 modum
685 5185 956 5258 praecipue
1005 5189 1250 5258 reSpit-it,
1291 5203 1402 5256 quo
1479 5202 1602 5239 eum
1649 5185 1740 5252 qui

161 5279 336 5330 super
389 5256 699 5314 Cherubim’
725 5261 1081 5327 incorporeus
1113 5256 1301 5322 sedet,
1347 5273 1468 5312 cum
1511 5270 1742 5323 corpore

159 5329 324 5388 ac’eo
350 5332 604 5384 indutum
631 5330 746 5398 ipsa
777 5329 1033 5397 povtavit.

231 5405 350 5471 (-10)
371 5393 676 5455 Textoriuui
698 5393 910 5467 jugum.
929 5397 1420 5471 Liquetisatisnon
1453 5393 1626 5471 aecipi
1653 5393 1742 5448 hic

159 5467 356 5528 vocem
385 5471 532 5534 ἱστός
573 5485 670 5540 pro
710 5473 824 5538 ipsa
872 5471 976 5523 tela
999 5467 1025 5530 ,θ
1062 5470 1165 5522 sub
1214 5469 1376 5540 cujus
1421 5467 1742 5540 metaphora

161 5543 398 5597 Proclus
424 5535 679 5595 unionem
705 5535 877 5608 ipsam
906 5549 1222 5594 naturarum
1251 5537 1516 5592 describit
1541 5535 1738 5608 iactam

161 5615 217 5668 in
263 5613 458 5675 Maria,
491 5606 862 5682 quampaulo
906 5611 1161 5682 superius
1213 5606 1739 5682 «ἔλιπε-ἐργαστήριον

159 5685 322 5745 dixit,
341 5685 488 5740 velut
503 5678 840 5750 opiﬁcium:
865 5681 952 5734 liic
971 5682 1232 5748 pressius,
1258 5679 1424 5750 ἱστόν·
1447 5678 1738 5750 textorium

159 5755 349 5827 ipsum
383 5748 833 5824 instrumentum,
869 5751 922 5803 in
956 5765 1066 5819 quo
1098 5750 1363 5806 mirabilis
1403 5749 1494 5804 illa
1531 5748 1634 5802 tela
1677 5758 1740 5796 ac

491 5849 608 5908 Pu
622 5867 764 5908 ιιοι..
809 5847 927 5909 Gn.
961 5849 1151 5910 LXV.

1839 1912 1960 1964 quze
2007 1895 2284 1952 sedentem
2321 1909 2486 1964 super
2528 1891 2854 1956 Cherubim,
2899 1897 3248 1960 corporatum
3285 1902 3413 1958 por-

1841 1988 2096 2056 tavit(9);
2121 1987 2544 2042 mundissimum
2579 1985 2754 2040 vellus
2776 1984 2796 2014 ⁵
2835 1982 3023 2037 imbris
3053 1980 3312 2044 ctelestis,
3341 1995 3411 2034 ex

1839 2097 1950 2150 quo
1980 2079 2175 2136 Pastor
2205 2096 2361 2134 ovem
2391 2079 2589 2134 induit.
2621 2078 2813 2140 Maria,
2852 2076 3100 2145 inquam,
3129 2073 3328 2128 ancilla
3355 2078 3412 2128 et

1839 2181 2046 2234 mater,
2079 2174 2250 2242 virgo,
2301 2187 2365 2226 ac
2417 2171 2636 2238 cmlum,
2665 2169 2760 2225 Dei
2803 2169 2870 2224 ad
2917 2167 3166 2224 homines
3217 2167 3412 2220 unicus

1837 2264 2336 2332 pons.horrendum
2353 2261 2748 2318 incarnationis
2765 2260 3056 2318 textorium
3074 2258 3288 2330 jugum(
3297 2255 3408 2328 10),

1840 2358 1892 2410 in
1917 2372 2026 2425 quo
2045 2356 2304 2412 ineﬂabili
2325 2354 2557 2425 quadam
2579 2355 2789 2408 ratione
2807 2352 3026 2408 unionis
3049 2351 3197 2407 illius
3228 2351 3412 2404 tunica

1837 2446 2088 2502 confecta
2119 2456 2203 2503 est
2235 2465 2246 2503 :
2285 2447 2444 2517 cujus
2472 2447 2690 2516 quidem
2720 2452 2898 2501 textor
2928 2445 3141 2500 exstitit
3171 2441 3411 2514 Spiritus

1838 2545 2100 2600 sanctus;
2143 2538 2376 2602 lectrix,
2409 2537 2586 2592 virtus
2617 2535 2954 2590 obumbrans
2982 2549 3050 2590 ex
3085 2534 3228 2596 alto;
3261 2533 3408 2596 lana,

1837 2629 2122 2698 antiquum
2153 2629 2346 2698 Adami
2373 2627 2583 2694 vellus;
2623 2635 2818 2691 trama,
2861 2626 3144 2696 impolluta
3179 2639 3308 2680 caro
3345 2639 3408 2680 ex

1837 2720 2048 2789 virgine
2081 2720 2227 2788 (ll);
2261 2697 2533 2774 ιθξῆἷιῖἰιιε
2585 2719 2794 2786 radius,
2835 2719 3100 2776 immensa
3149 2718 3412 2788 gestantis

1839 2813 2053 2880 gratia;
2087 2813 2284 2868 artifex
2327 2813 2572 2879 tandem,
2605 2810 2844 2867 Verbum
2873 2827 2968 2880 per
3006 2811 3249 2864 auditum
3296 2809 3414 2863 illa-

1839 2906 1995 2962 heus.
2029 2905 2166 2972 Quis
2191 2905 2351 2968 vidit,
2377 2905 2504 2971 quis
2532 2904 2761 2970 audivit,
2789 2903 3128 2958 inhabitasse
3159 2901 3326 2958 Deum
3361 2903 3414 2958 in
3435 2899 3491 2942 ν

1842 3011 2000 3056 utero
2045 3000 2528 3069 incircumscripte
2577 2997 2742 3068 (12);
2794 3013 2858 3052 ac
2903 3013 3028 3052 eum
3087 3011 3250 3068 quem
3291 2995 3413 3050 cceli

1843 3107 2042 3160 rapere
2087 3107 2196 3146 non
2249 3097 2523 3159 poterant,
2567 3090 2736 3144 nullis
2785 3097 3058 3143 arctatum
3110 3088 3376 3160 angustiis
3397 3084 3500 3153 ,ιβ

1846 3191 2094 3238 ventrem
2131 3181 2374 3250 Virginis
2409 3179 2929 3249 comprehendisse?

1919 3274 1982 3328 ll.
2012 3273 2183 3328 Natus
2215 3289 2378 3342 porro
2409 3288 2476 3328 ex
2517 3271 2743 3327 muliere
2773 3279 2879 3334 est,
2903 3269 3047 3326 Deus
3073 3287 3180 3326 non
3217 3269 3414 3330 nudus,

1849 3373 1904 3418 at
1927 3379 2028 3420 nec
2051 3364 2216 3418 homo
2246 3379 2449 3432 purus;
2475 3371 2746 3433 natusque
2770 3378 2890 3418 eam
2911 3378 3032 3434 qua:
3060 3363 3186 3418 olim
3210 3363 3415 3432 peccati

1853 3465 2005 3527 porta
2033 3456 2229 3520 fuerat,
2263 3457 2461 3511 salutis
2503 3456 2730 3524 januam
2779 3453 2979 3510 eﬂ’ecit.
3007 3453 3142 3508 Nam
3178 3454 3268 3506 ubi
3308 3468 3414 3507 ser-

1853 3566 1988 3620 pens
2002 3564 2097 3616 per
2120 3547 2548 3604 inobedientiam
2575 3549 2882 3619 ingressum
2915 3547 3066 3603 virus
3088 3546 3350 3602 eiluderat
3373 3547 3416 3607 ⁷,

1850 3641 1924 3694 ibi
1969 3639 2210 3695 Verbum
2259 3656 2356 3711 per
2404 3641 2772 3696 obedientiam
2831 3640 3174 3710 ingressum,
3239 3639 3416 3690 vivum

1850 3733 1954 3787 sibi
1985 3733 2344 3788 exaediﬁcavit
2377 3733 2660 3803 templum.
2699 3731 2856 3787 Unde
2906 3732 3114 3802 peccati
3147 3731 3235 3784 ille
3261 3731 3414 3800 prin-

1849 3826 2086 3894 cipatum
2120 3831 2310 3880 tenens
2335 3824 2470 3878 Cain
2513 3831 2811 3879 emerserat
2855 3823 2899 3886 ⁸,
2934 3822 3060 3878 inde
3092 3820 3416 3890 Redemptor

1851 3914 2067 3982 generis
2123 3913 2379 3970 Christus
2429 3913 2548 3969 sine
2587 3913 2796 3968 semine
2823 3913 3043 3983 prodiit.
3069 3911 3184 3965 Non
3203 3911 3421 3964 erubuit

1850 4007 2103 4062 Clemens
2151 4005 2294 4061 Deus
2349 4006 2502 4062 nasci
2557 4022 2626 4061 ex
2685 4005 2930 4061 muliere.
2988 4003 3119 4058 Nam
3165 4005 3272 4058 vita
3304 4011 3421 4058 erat

1853 4099 1999 4168 quod
2019 4100 2092 4152 ita
2118 4098 2484 4154 moliebatur:
2511 4097 2715 4152 nullam
2744 4098 3018 4153 contraxit
3043 4099 3215 4151 lahcm
3248 4097 3422 4150 vulva:

1758 4257 1778 4288 ⁸
1815 4255 1993 4312 Judic.
2037 4274 2112 4320 vi,
2149 4257 2237 4312 37.
2314 4257 2334 4288 ⁷
2358 4255 2493 4312 Gen.
2529 4274 2610 4324 ιιι,
2643 4258 2698 4311 6.
2775 4257 2954 4312 1'Gen.
2985 4275 3058 4320 Iv,
3092 4259 3139 4312 l.

1776 4413 2124 4490 Dconsertio
2179 4421 2499 4490 naturarum
2564 4413 2706 4466 facta
2755 4413 2828 4469 sit
2872 4412 3054 4468 divina
3101 4414 3303 4468 virtute
3355 4429 3420 4468 ac

1845 4492 1980 4537 arte.
2021 4483 2154 4538 Vide
2185 4483 2534 4537 Riccardum.

1919 4555 1964 4620 (l
1985 4557 2028 4620 l)
2051 4553 2341 4624 Impolluta
2371 4571 2497 4624 caro
2524 4569 2588 4606 ex
2612 4554 2824 4624 virgine.
2845 4551 3056 4608 Placuit
3081 4555 3194 4610 lucc
3223 4557 3417 4619 lectio;

1845 4638 1904 4680 ut
1937 4628 2054 4692 ipsa
2087 4623 2424 4694 signiﬁcetur
2459 4623 2662 4679 Christi
2694 4623 2854 4694 caro,
2895 4640 2956 4676 ac
2994 4641 3154 4694 quam
3191 4627 3305 4694 ipse
3330 4643 3420 4690 ge-

1845 4697 2040 4757 stavit;
2069 4695 2227 4760 cujus
2247 4697 2449 4747 unione
2467 4709 2529 4746 ac
2552 4693 2785 4747 mirabili
2810 4693 3024 4746 textura
3048 4711 3169 4747 cum
3195 4693 3416 4756 deitate.

1845 4767 1986 4820 facta
2019 4775 2102 4818 est
2127 4765 2443 4818 (DCOIIOIIIiIB
2469 4765 2558 4816 illa
2587 4765 2690 4817 tela
2728 4779 2790 4816 ac
2827 4765 3030 4816 tuaiica.

1918 4837 2030 4902 (l2:
2069 4833 2550 4901 Incircumscripte.
2605 4833 2813 4886 Habent
2860 4841 3174 4886 constanter
3200 4833 3419 4888 codices

1846 4905 2272 4974 ἀπεριγράπτως
2291 4921 2304 4934 ·
2357 4919 2476 4972 quae
2501 4919 2604 4956 vox
2629 4904 2682 4956 in
2705 4902 2949 4974 subjecta
2977 4905 3200 4957 materia
3227 4903 3418 4958 admo-

1843 4973 1972 5028 dum
1999 4973 2309 5028 communis
2353 4983 2469 5040 est;
2505 4990 2606 5027 nec
2651 4973 2806 5026 video
2835 4984 2891 5024 ut
2921 4973 3208 5027 debuerint
3249 4975 3419 5027 inter-

1846 5053 2026 5114 pretes
2077 5043 2346 5112 adjective
2399 5043 2661 5104 reddere,
2717 5051 2974 5111 tauquam
3012 5055 3169 5114 esset
3222 5045 3420 5114 ἀπερί-

1844 5113 2116 5186 γραπτος·
2150 5115 2231 5168 vel
2283 5115 2597 5168 adverbium
2633 5113 2839 5186 _minus
2880 5113 3211 5181 quadraret,
3270 5113 3416 5170 auod

1844 5183 2012 5239 unum
2045 5194 2224 5238 tamen
2258 5186 2489 5238 maxime
2505 5183 2754 5252 quadrat,
2777 5191 2902 5238 utet
2929 5186 3090 5252 paulo
3115 5185 3341 5242 inferius
3356 5189 3418 5238 τὸ

1843 5255 2172 5326 ἁφθάρτῳς’
2203 5270 2270 5309 ex
2326 5255 2601 5326 quamale
2625 5252 2908 5326 Gajanitze.
2951 5263 3088 5326 teste
3127 5257 3418 5311 Anastasio

1845 5327 1940 5379 lib.
1995 5323 2210 5396 "0811p
2249 5323 2368 5394 cap.
2411 5323 2476 5378 10
2523 5325 2624 5379 sibi
2659 5323 2932 5396 ἄφθαρτος
2969 5325 3231 5388 fecerant,
3263 5335 3319 5379 ut
3351 5339 3418 5380 eo

1843 5397 2140 5466 probarent
2187 5395 2390 5450 Christi
2426 5396 2587 5466 etiam
2632 5397 2879 5463 corporis
2925 5396 3412 5466 incorruptionem,

1845 5464 1967 5520 cum
2021 5466 2253 5520 Proclus
2309 5467 2484 5521 solum
2525 5464 2770 5535 designet
2817 5465 3036 5520 modum
3087 5464 3412 5518 nativitatis.

1845 5535 2002 5601 Quod
2035 5536 2157 5606 ejus
2209 5537 2330 5592 loco
2367 5537 2572 5590 habent
2603 5535 2764 5589 modo
2818 5537 3061 5594 codices.
3095 5535 3411 5606 ἀφράστως,

1847 5623 1941 5675 per
1989 5602 2316 5676 imperitiam
2370 5606 2592 5676 irrepsit
2649 5602 3230 5676 antiquariorum,'et
3283 5602 3414 5674 quia

1847 5675 2092 5747 proxime
2113 5677 2450 5748 praecedebat
2471 5677 2532 5728 τὸ
2555 5675 2854 5748 ἄφραστον.

3017 5837 3094 5898 2'2
