  <div class='ocr_page' id='page_1' title='image "/cluster/home/n/w/nwhite01/storage/ocr_20150623/65/hvd.32044014812317/347.png"; bbox 0 0 3842 6298; ppageno 0'>
   <div class='ocr_carea' id='block_1_1' title="bbox 405 293 511 351">
    <p class='ocr_par' dir='ltr' id='par_1_1' title="bbox 405 293 511 351">
     <span class='ocr_line' id='line_1_1' title="bbox 405 293 511 351; baseline 0 0"><span class='ocrx_word' id='word_1_1' title='bbox 405 293 511 351; x_wconf 75' lang='lat'><strong>683</strong></span> 
     </span>
    </p>
   </div>
   <div class='ocr_carea' id='block_1_2' title="bbox 1623 300 2466 370">
    <p class='ocr_par' dir='ltr' id='par_1_2' title="bbox 1623 300 2466 370">
     <span class='ocr_line' id='line_1_2' title="bbox 1623 300 2466 370; baseline 0.017 -14"><span class='ocrx_word' id='word_1_2' title='bbox 1623 300 1680 356; x_wconf 89' lang='lat' dir='ltr'><strong>S.</strong></span> <span class='ocrx_word' id='word_1_3' title='bbox 1725 300 1975 360; x_wconf 80' lang='lat' dir='ltr'><strong>PROCLI</strong></span> <span class='ocrx_word' id='word_1_4' title='bbox 2015 305 2118 362; x_wconf 73' lang='grc' dir='ltr'><strong>(ΞΡ.</strong></span> <span class='ocrx_word' id='word_1_5' title='bbox 2157 309 2466 370; x_wconf 86' lang='lat' dir='ltr'><strong>EPISCOPI</strong></span> 
     </span>
    </p>
   </div>
   <div class='ocr_carea' id='block_1_3' title="bbox 3554 331 3666 391">
    <p class='ocr_par' dir='ltr' id='par_1_3' title="bbox 3554 331 3666 391">
     <span class='ocr_line' id='line_1_3' title="bbox 3554 331 3666 391; baseline 0.036 -4"><span class='ocrx_word' id='word_1_6' title='bbox 3554 331 3666 391; x_wconf 73' lang='grc'><strong>634</strong></span> 
     </span>
    </p>
   </div>
   <div class='ocr_carea' id='block_1_4' title="bbox 404 414 1958 521">
    <p class='ocr_par' dir='ltr' id='par_1_4' title="bbox 404 414 1958 485">
     <span class='ocr_line' id='line_1_4' title="bbox 404 414 1958 485; baseline 0.007 -17"><span class='ocrx_word' id='word_1_7' title='bbox 404 414 665 485; x_wconf 86' lang='lat' dir='ltr'><strong>hospitio.</strong></span> <span class='ocrx_word' id='word_1_8' title='bbox 692 427 855 485; x_wconf 88' lang='lat' dir='ltr'><strong>quam</strong></span> <span class='ocrx_word' id='word_1_9' title='bbox 881 414 1032 469; x_wconf 88' lang='lat' dir='ltr'><strong>nullo</strong></span> <span class='ocrx_word' id='word_1_10' title='bbox 1062 415 1178 485; x_wconf 90' lang='lat' dir='ltr'><strong>ipse</strong></span> <span class='ocrx_word' id='word_1_11' title='bbox 1211 416 1524 474; x_wconf 92' lang='lat' dir='ltr'><strong>condiderat</strong></span> <span class='ocrx_word' id='word_1_12' title='bbox 1559 436 1661 477; x_wconf 92' lang='lat' dir='ltr'><strong>suo</strong></span> <span class='ocrx_word' id='word_1_13' title='bbox 1689 421 1958 480; x_wconf 88' lang='lat' dir='ltr'><strong>dedecore</strong></span> 
     </span>
    </p>
   </div>
   <div class='ocr_carea' id='block_1_5' title="bbox 2066 414 3663 521">
    <p class='ocr_par' dir='ltr' id='par_1_5' title="bbox 2085 429 3663 521">
     <span class='ocr_line' id='line_1_5' title="bbox 2085 429 3663 521; baseline 0.013 -39"><span class='ocrx_word' id='word_1_14' title='bbox 2085 429 2246 494; x_wconf 72' lang='grc' dir='ltr'>αὐτὸς</span> <span class='ocrx_word' id='word_1_15' title='bbox 2273 432 2614 505; x_wconf 77' lang='grc' dir='ltr'>ἀνυϐρίστως</span> <span class='ocrx_word' id='word_1_16' title='bbox 2642 435 3094 510; x_wconf 81' lang='grc' dir='ltr'>ἐδημιούργησεν.</span> <span class='ocrx_word' id='word_1_17' title='bbox 3124 441 3185 493; x_wconf 83' lang='lat' dir='ltr'><strong>Ei</strong></span> <span class='ocrx_word' id='word_1_18' title='bbox 3217 443 3291 514; x_wconf 73' lang='grc' dir='ltr'>μὴ</span> <span class='ocrx_word' id='word_1_19' title='bbox 3320 444 3428 516; x_wconf 71' lang='grc' dir='ltr'><strong>γὰρ</strong></span> <span class='ocrx_word' id='word_1_20' title='bbox 3460 451 3663 521; x_wconf 82' lang='grc' dir='ltr'>παροέ-</span> 
     </span>
    </p>
   </div>
   <div class='ocr_carea' id='block_1_6' title="bbox 403 504 1983 585">
    <p class='ocr_par' dir='ltr' id='par_1_6' title="bbox 403 504 1983 585">
     <span class='ocr_line' id='line_1_6' title="bbox 403 504 1983 585; baseline 0.008 -26"><span class='ocrx_word' id='word_1_21' title='bbox 403 504 520 562; x_wconf 87' lang='lat' dir='ltr'><strong>Nisi</strong></span> <span class='ocrx_word' id='word_1_22' title='bbox 555 506 700 562; x_wconf 88' lang='lat' dir='ltr'><strong>enim</strong></span> <span class='ocrx_word' id='word_1_23' title='bbox 757 513 932 560; x_wconf 89' lang='lat' dir='ltr'><strong>mater</strong></span> <span class='ocrx_word' id='word_1_24' title='bbox 985 506 1138 575; x_wconf 81' lang='lat' dir='ltr'><strong>virgo</strong></span> <span class='ocrx_word' id='word_1_25' title='bbox 1171 512 1558 578; x_wconf 86' lang='lat' dir='ltr'><strong>perseveravit,</strong></span> <span class='ocrx_word' id='word_1_26' title='bbox 1595 513 1784 582; x_wconf 79' lang='lat' dir='ltr'><strong>utique</strong></span> <span class='ocrx_word' id='word_1_27' title='bbox 1812 531 1983 585; x_wconf 87' lang='lat' dir='ltr'><strong>purus</strong></span> 
     </span>
    </p>
   </div>
   <div class='ocr_carea' id='block_1_7' title="bbox 402 600 1979 674">
    <p class='ocr_par' dir='ltr' id='par_1_7' title="bbox 402 600 1979 674">
     <span class='ocr_line' id='line_1_7' title="bbox 402 600 1979 674; baseline 0.006 -21"><span class='ocrx_word' id='word_1_28' title='bbox 402 600 568 654; x_wconf 90' lang='lat' dir='ltr'><strong>homo</strong></span> <span class='ocrx_word' id='word_1_29' title='bbox 590 608 672 654; x_wconf 90' lang='lat' dir='ltr'><strong>est</strong></span> <span class='ocrx_word' id='word_1_30' title='bbox 702 600 795 669; x_wconf 87' lang='lat' dir='ltr'><strong>qui</strong></span> <span class='ocrx_word' id='word_1_31' title='bbox 843 608 930 654; x_wconf 90' lang='lat' dir='ltr'><strong>est</strong></span> <span class='ocrx_word' id='word_1_32' title='bbox 977 607 1162 667; x_wconf 89' lang='lat' dir='ltr'><strong>natus,</strong></span> <span class='ocrx_word' id='word_1_33' title='bbox 1209 617 1310 656; x_wconf 90' lang='lat' dir='ltr'><strong>nec</strong></span> <span class='ocrx_word' id='word_1_34' title='bbox 1335 612 1420 658; x_wconf 91' lang='lat' dir='ltr'><strong>est</strong></span> <span class='ocrx_word' id='word_1_35' title='bbox 1453 613 1646 674; x_wconf 90' lang='lat' dir='ltr'><strong>partus</strong></span> <span class='ocrx_word' id='word_1_36' title='bbox 1690 607 1979 663; x_wconf 83' lang='lat' dir='ltr'><strong>mirabilis.</strong></span> 
     </span>
    </p>
   </div>
   <div class='ocr_carea' id='block_1_8' title="bbox 401 693 1982 770">
    <p class='ocr_par' dir='ltr' id='par_1_8' title="bbox 401 693 1982 770">
     <span class='ocr_line' id='line_1_8' title="bbox 401 693 1982 770; baseline 0.008 -25"><span class='ocrx_word' id='word_1_37' title='bbox 401 693 467 746; x_wconf 87' lang='lat' dir='ltr'><strong>At</strong></span> <span class='ocrx_word' id='word_1_38' title='bbox 501 696 548 749; x_wconf 91' lang='lat' dir='ltr'><strong>si</strong></span> <span class='ocrx_word' id='word_1_39' title='bbox 580 696 739 749; x_wconf 90' lang='lat' dir='ltr'><strong>etiam</strong></span> <span class='ocrx_word' id='word_1_40' title='bbox 774 701 895 762; x_wconf 85' lang='lat' dir='ltr'><strong>post</strong></span> <span class='ocrx_word' id='word_1_41' title='bbox 925 700 1136 763; x_wconf 87' lang='lat' dir='ltr'><strong>partum</strong></span> <span class='ocrx_word' id='word_1_42' title='bbox 1167 695 1320 766; x_wconf 83' lang='lat' dir='ltr'><strong>virgo</strong></span> <span class='ocrx_word' id='word_1_43' title='bbox 1337 699 1670 766; x_wconf 90' lang='lat' dir='ltr'><strong>permansit,</strong></span> <span class='ocrx_word' id='word_1_44' title='bbox 1707 703 1982 770; x_wconf 92' lang='lat' dir='ltr'><strong>quomodo</strong></span> 
     </span>
    </p>
   </div>
   <div class='ocr_carea' id='block_1_9' title="bbox 398 785 1980 862">
    <p class='ocr_par' dir='ltr' id='par_1_9' title="bbox 398 785 1980 862">
     <span class='ocr_line' id='line_1_9' title="bbox 398 785 1980 862; baseline 0.007 -24"><span class='ocrx_word' id='word_1_45' title='bbox 398 801 506 840; x_wconf 91' lang='lat' dir='ltr'><strong>non</strong></span> <span class='ocrx_word' id='word_1_46' title='bbox 549 787 714 841; x_wconf 89' lang='lat' dir='ltr'><strong>etiam</strong></span> <span class='ocrx_word' id='word_1_47' title='bbox 769 787 873 840; x_wconf 91' lang='lat' dir='ltr'><strong>erit</strong></span> <span class='ocrx_word' id='word_1_48' title='bbox 925 785 1090 851; x_wconf 89' lang='lat' dir='ltr'><strong>Deus,</strong></span> <span class='ocrx_word' id='word_1_49' title='bbox 1147 802 1211 841; x_wconf 92' lang='lat' dir='ltr'><strong>ac</strong></span> <span class='ocrx_word' id='word_1_50' title='bbox 1249 791 1568 859; x_wconf 86' lang='lat' dir='ltr'><strong>mysterium</strong></span> <span class='ocrx_word' id='word_1_51' title='bbox 1614 794 1776 862; x_wconf 86' lang='lat' dir='ltr'><strong>quale</strong></span> <span class='ocrx_word' id='word_1_52' title='bbox 1821 809 1980 848; x_wconf 92' lang='lat' dir='ltr'><strong>nemo</strong></span> 
     </span>
    </p>
   </div>
   <div class='ocr_carea' id='block_1_10' title="bbox 397 874 1977 952">
    <p class='ocr_par' dir='ltr' id='par_1_10' title="bbox 397 874 1977 952">
     <span class='ocr_line' id='line_1_10' title="bbox 397 874 1977 952; baseline 0.006 -25"><span class='ocrx_word' id='word_1_53' title='bbox 397 874 550 928; x_wconf 74' lang='lat' dir='ltr'><strong>eﬂ&#39;ari</strong></span> <span class='ocrx_word' id='word_1_54' title='bbox 580 877 796 945; x_wconf 88' lang='lat' dir='ltr'><strong>potest?</strong></span> <span class='ocrx_word' id='word_1_55' title='bbox 848 874 1007 929; x_wconf 72' lang='lat' dir='ltr'><strong>Nulla</strong></span> <span class='ocrx_word' id='word_1_56' title='bbox 1063 876 1111 932; x_wconf 90' lang='lat' dir='ltr'><strong>is</strong></span> <span class='ocrx_word' id='word_1_57' title='bbox 1158 879 1512 947; x_wconf 87' lang='lat' dir='ltr'><strong>corruptione</strong></span> <span class='ocrx_word' id='word_1_58' title='bbox 1562 889 1726 935; x_wconf 89' lang='lat' dir='ltr'><strong>natus</strong></span> <span class='ocrx_word' id='word_1_59' title='bbox 1749 890 1852 945; x_wconf 90' lang='lat' dir='ltr'><strong>est,</strong></span> <span class='ocrx_word' id='word_1_60' title='bbox 1883 883 1977 952; x_wconf 91' lang='lat' dir='ltr'><strong>qui</strong></span> 
     </span>
    </p>
   </div>
   <div class='ocr_carea' id='block_1_11' title="bbox 397 966 1976 1045">
    <p class='ocr_par' dir='ltr' id='par_1_11' title="bbox 397 966 1976 1045">
     <span class='ocr_line' id='line_1_11' title="bbox 397 966 1976 1045; baseline 0.008 -26"><span class='ocrx_word' id='word_1_61' title='bbox 397 967 547 1020; x_wconf 92' lang='lat' dir='ltr'><strong>nullo</strong></span> <span class='ocrx_word' id='word_1_62' title='bbox 572 966 903 1037; x_wconf 86' lang='lat' dir='ltr'><strong>prohibente</strong></span> <span class='ocrx_word' id='word_1_63' title='bbox 930 968 1137 1023; x_wconf 84' lang='lat' dir='ltr'><strong>clausis</strong></span> <span class='ocrx_word' id='word_1_64' title='bbox 1161 969 1348 1038; x_wconf 89' lang='lat' dir='ltr'><strong>januis</strong></span> <span class='ocrx_word' id='word_1_65' title='bbox 1367 971 1646 1042; x_wconf 76' lang='lat' dir='ltr'><strong>ingressus</strong></span> <span class='ocrx_word' id='word_1_66' title='bbox 1663 982 1780 1039; x_wconf 89' lang='lat' dir='ltr'><strong>est;</strong></span> <span class='ocrx_word' id='word_1_67' title='bbox 1817 975 1976 1045; x_wconf 88' lang='lat' dir='ltr'><strong>cujus</strong></span> 
     </span>
    </p>
   </div>
   <div class='ocr_carea' id='block_1_12' title="bbox 397 1057 1977 1131">
    <p class='ocr_par' dir='ltr' id='par_1_12' title="bbox 397 1057 1977 1131">
     <span class='ocr_line' id='line_1_12' title="bbox 397 1057 1977 1131; baseline 0.007 -20"><span class='ocrx_word' id='word_1_68' title='bbox 397 1057 637 1116; x_wconf 88' lang='lat' dir='ltr'><strong>Thomas</strong></span> <span class='ocrx_word' id='word_1_69' title='bbox 684 1061 1012 1131; x_wconf 86' lang='lat' dir='ltr'><strong>conjunctas</strong></span> <span class='ocrx_word' id='word_1_70' title='bbox 1069 1070 1297 1118; x_wconf 89' lang='lat' dir='ltr'><strong>naturas</strong></span> <span class='ocrx_word' id='word_1_71' title='bbox 1358 1064 1550 1120; x_wconf 87' lang='lat' dir='ltr'><strong>videns</strong></span> <span class='ocrx_word' id='word_1_72' title='bbox 1587 1106 1601 1129; x_wconf 92' lang='lat'><strong>,</strong></span> <span class='ocrx_word' id='word_1_73' title='bbox 1654 1067 1977 1124; x_wconf 72' lang='lat' dir='ltr'><strong>exclamavit</strong></span> 
     </span>
    </p>
   </div>
   <div class='ocr_carea' id='block_1_13' title="bbox 394 1151 1672 1222">
    <p class='ocr_par' dir='ltr' id='par_1_13' title="bbox 394 1151 1672 1222">
     <span class='ocr_line' id='line_1_13' title="bbox 394 1151 1672 1222; baseline 0.004 -17"><span class='ocrx_word' id='word_1_74' title='bbox 394 1151 639 1222; x_wconf 83' lang='lat' dir='ltr'><strong>dixitque</strong></span> <span class='ocrx_word' id='word_1_75' title='bbox 667 1169 679 1204; x_wconf 90' lang='lat'><strong>:</strong></span> <span class='ocrx_word' id='word_1_76' title='bbox 724 1153 982 1209; x_wconf 79' lang='lat' dir='ltr'><strong>Dominus</strong></span> <span class='ocrx_word' id='word_1_77' title='bbox 1015 1172 1182 1219; x_wconf 81' lang='lat' dir='ltr'><strong>meus,</strong></span> <span class='ocrx_word' id='word_1_78' title='bbox 1208 1164 1257 1209; x_wconf 87' lang='lat' dir='ltr'><strong>et</strong></span> <span class='ocrx_word' id='word_1_79' title='bbox 1291 1155 1430 1211; x_wconf 86' lang='lat' dir='ltr'><strong>Deus</strong></span> <span class='ocrx_word' id='word_1_80' title='bbox 1455 1173 1600 1211; x_wconf 85' lang='lat' dir='ltr'><strong>meus</strong></span> <span class='ocrx_word' id='word_1_81' title='bbox 1630 1159 1672 1210; x_wconf 88' lang='grc'>⁹.</span> 
     </span>
    </p>
   </div>
   <div class='ocr_carea' id='block_1_14' title="bbox 466 1245 1974 1323">
    <p class='ocr_par' dir='ltr' id='par_1_14' title="bbox 466 1245 1974 1323">
     <span class='ocr_line' id='line_1_14' title="bbox 466 1245 1974 1323; baseline 0.005 -24"><span class='ocrx_word' id='word_1_82' title='bbox 466 1245 554 1302; x_wconf 90' lang='lat' dir='ltr'><strong>lll.</strong></span> <span class='ocrx_word' id='word_1_83' title='bbox 588 1245 632 1302; x_wconf 95' lang='grc' dir='ltr'><strong>Ο</strong></span> <span class='ocrx_word' id='word_1_84' title='bbox 660 1248 844 1310; x_wconf 85' lang='lat' dir='ltr'><strong>homo,</strong></span> <span class='ocrx_word' id='word_1_85' title='bbox 877 1263 944 1303; x_wconf 88' lang='lat' dir='ltr'><strong>ne</strong></span> <span class='ocrx_word' id='word_1_86' title='bbox 983 1258 1198 1318; x_wconf 89' lang='lat' dir='ltr'><strong>partum</strong></span> <span class='ocrx_word' id='word_1_87' title='bbox 1238 1249 1384 1303; x_wconf 89' lang='lat' dir='ltr'><strong>hunc</strong></span> <span class='ocrx_word' id='word_1_88' title='bbox 1410 1251 1843 1306; x_wconf 86' lang='lat' dir='ltr'><strong>erubescendum</strong></span> <span class='ocrx_word' id='word_1_89' title='bbox 1875 1269 1974 1323; x_wconf 84' lang='lat' dir='ltr'><strong>pu-</strong></span> 
     </span>
    </p>
   </div>
   <div class='ocr_carea' id='block_1_15' title="bbox 395 1329 1970 1409">
    <p class='ocr_par' dir='ltr' id='par_1_15' title="bbox 395 1329 1970 1409">
     <span class='ocr_line' id='line_1_15' title="bbox 395 1329 1970 1409; baseline 0.003 -19"><span class='ocrx_word' id='word_1_90' title='bbox 395 1329 477 1393; x_wconf 81' lang='lat' dir='ltr'><strong>t&#39;es</strong></span> <span class='ocrx_word' id='word_1_91' title='bbox 515 1356 527 1392; x_wconf 92' lang='lat'><strong>:</strong></span> <span class='ocrx_word' id='word_1_92' title='bbox 560 1339 763 1408; x_wconf 88' lang='lat' dir='ltr'><strong>quippe</strong></span> <span class='ocrx_word' id='word_1_93' title='bbox 815 1340 906 1409; x_wconf 90' lang='lat' dir='ltr'><strong>qui</strong></span> <span class='ocrx_word' id='word_1_94' title='bbox 967 1339 1160 1394; x_wconf 90' lang='lat' dir='ltr'><strong>salutis</strong></span> <span class='ocrx_word' id='word_1_95' title='bbox 1211 1339 1370 1393; x_wconf 88' lang='lat' dir='ltr'><strong>nobis</strong></span> <span class='ocrx_word' id='word_1_96' title='bbox 1408 1355 1575 1395; x_wconf 88' lang='lat' dir='ltr'><strong>causa</strong></span> <span class='ocrx_word' id='word_1_97' title='bbox 1613 1340 1838 1395; x_wconf 81' lang='lat' dir='ltr'><strong>eﬂ‘ectus</strong></span> <span class='ocrx_word' id='word_1_98' title='bbox 1880 1343 1970 1398; x_wconf 87' lang='lat' dir='ltr'><strong>sit.</strong></span> 
     </span>
    </p>
   </div>
   <div class='ocr_carea' id='block_1_16' title="bbox 391 1427 1974 1501">
    <p class='ocr_par' dir='ltr' id='par_1_16' title="bbox 391 1427 1974 1501">
     <span class='ocr_line' id='line_1_16' title="bbox 391 1427 1974 1501; baseline 0.003 -21"><span class='ocrx_word' id='word_1_99' title='bbox 391 1427 527 1482; x_wconf 89' lang='lat' dir='ltr'><strong>Nam</strong></span> <span class='ocrx_word' id='word_1_100' title='bbox 582 1428 629 1484; x_wconf 91' lang='lat' dir='ltr'><strong>si</strong></span> <span class='ocrx_word' id='word_1_101' title='bbox 685 1443 752 1482; x_wconf 86' lang='lat' dir='ltr'><strong>ex</strong></span> <span class='ocrx_word' id='word_1_102' title='bbox 805 1429 1035 1484; x_wconf 88' lang='lat' dir='ltr'><strong>muliere</strong></span> <span class='ocrx_word' id='word_1_103' title='bbox 1080 1436 1241 1484; x_wconf 91' lang='lat' dir='ltr'><strong>natus</strong></span> <span class='ocrx_word' id='word_1_104' title='bbox 1290 1443 1401 1483; x_wconf 94' lang='lat' dir='ltr'><strong>non</strong></span> <span class='ocrx_word' id='word_1_105' title='bbox 1445 1437 1611 1493; x_wconf 87' lang='lat' dir='ltr'><strong>esset,</strong></span> <span class='ocrx_word' id='word_1_106' title='bbox 1639 1445 1747 1484; x_wconf 92' lang='lat' dir='ltr'><strong>non</strong></span> <span class='ocrx_word' id='word_1_107' title='bbox 1788 1431 1974 1501; x_wconf 81' lang='lat' dir='ltr'><strong>utique</strong></span> 
     </span>
    </p>
   </div>
   <div class='ocr_carea' id='block_1_17' title="bbox 392 1521 1970 1592">
    <p class='ocr_par' dir='ltr' id='par_1_17' title="bbox 392 1521 1970 1592">
     <span class='ocr_line' id='line_1_17' title="bbox 392 1521 1970 1592; baseline 0.001 -17"><span class='ocrx_word' id='word_1_108' title='bbox 392 1527 623 1576; x_wconf 89' lang='lat' dir='ltr'><strong>mortem</strong></span> <span class='ocrx_word' id='word_1_109' title='bbox 675 1522 1029 1592; x_wconf 89' lang='lat' dir='ltr'><strong>oppetivisset</strong></span> <span class='ocrx_word' id='word_1_110' title='bbox 1065 1539 1078 1574; x_wconf 91' lang='lat'><strong>:</strong></span> <span class='ocrx_word' id='word_1_111' title='bbox 1112 1521 1258 1591; x_wconf 88' lang='lat' dir='ltr'><strong>quod</strong></span> <span class='ocrx_word' id='word_1_112' title='bbox 1295 1521 1339 1576; x_wconf 90' lang='lat' dir='ltr'><strong>si</strong></span> <span class='ocrx_word' id='word_1_113' title='bbox 1376 1537 1543 1576; x_wconf 88' lang='lat' dir='ltr'><strong>carne</strong></span> <span class='ocrx_word' id='word_1_114' title='bbox 1582 1531 1810 1577; x_wconf 91' lang='lat' dir='ltr'><strong>mortem</strong></span> <span class='ocrx_word' id='word_1_115' title='bbox 1862 1538 1970 1577; x_wconf 93' lang='lat' dir='ltr'><strong>non</strong></span> 
     </span>
    </p>
   </div>
   <div class='ocr_carea' id='block_1_18' title="bbox 389 1613 1967 1685">
    <p class='ocr_par' dir='ltr' id='par_1_18' title="bbox 389 1613 1967 1685">
     <span class='ocr_line' id='line_1_18' title="bbox 389 1613 1967 1685; baseline 0.001 -18"><span class='ocrx_word' id='word_1_116' title='bbox 389 1615 733 1684; x_wconf 84' lang='lat' dir='ltr'><strong>oppetiisset,</strong></span> <span class='ocrx_word' id='word_1_117' title='bbox 787 1630 966 1685; x_wconf 88' lang='lat' dir='ltr'><strong>neque</strong></span> <span class='ocrx_word' id='word_1_118' title='bbox 1019 1613 1170 1668; x_wconf 91' lang='lat' dir='ltr'><strong>illum</strong></span> <span class='ocrx_word' id='word_1_119' title='bbox 1221 1628 1440 1684; x_wconf 89' lang='lat' dir='ltr'><strong>quoque</strong></span> <span class='ocrx_word' id='word_1_120' title='bbox 1477 1630 1572 1684; x_wconf 90' lang='lat' dir='ltr'><strong>per</strong></span> <span class='ocrx_word' id='word_1_121' title='bbox 1619 1623 1846 1669; x_wconf 88' lang='lat' dir='ltr'><strong>mortem</strong></span> <span class='ocrx_word' id='word_1_122' title='bbox 1872 1615 1967 1669; x_wconf 85' lang='lat' dir='ltr'><strong>de-</strong></span> 
     </span>
    </p>
   </div>
   <div class='ocr_carea' id='block_1_19' title="bbox 389 1705 1968 1780">
    <p class='ocr_par' dir='ltr' id='par_1_19' title="bbox 389 1705 1968 1780">
     <span class='ocr_line' id='line_1_19' title="bbox 389 1705 1968 1780; baseline -0.004 -16"><span class='ocrx_word' id='word_1_123' title='bbox 389 1710 703 1773; x_wconf 82' lang='lat' dir='ltr'><strong>struxisset,</strong></span> <span class='ocrx_word' id='word_1_124' title='bbox 739 1709 828 1780; x_wconf 90' lang='lat' dir='ltr'><strong>qui</strong></span> <span class='ocrx_word' id='word_1_125' title='bbox 856 1706 1076 1761; x_wconf 84' lang='lat' dir='ltr'><strong>habebat</strong></span> <span class='ocrx_word' id='word_1_126' title='bbox 1100 1707 1285 1760; x_wconf 88' lang='lat' dir='ltr'><strong>mortis</strong></span> <span class='ocrx_word' id='word_1_127' title='bbox 1325 1705 1628 1775; x_wconf 83' lang='lat' dir='ltr'><strong>imperium,</strong></span> <span class='ocrx_word' id='word_1_128' title='bbox 1656 1705 1712 1758; x_wconf 89' lang='lat' dir='ltr'><strong>id</strong></span> <span class='ocrx_word' id='word_1_129' title='bbox 1740 1715 1818 1759; x_wconf 86' lang='lat' dir='ltr'><strong>est</strong></span> <span class='ocrx_word' id='word_1_130' title='bbox 1847 1706 1968 1759; x_wconf 81' lang='lat' dir='ltr'><strong>dia-</strong></span> 
     </span>
    </p>
   </div>
   <div class='ocr_carea' id='block_1_20' title="bbox 2085 523 3662 608">
    <p class='ocr_par' dir='ltr' id='par_1_20' title="bbox 2085 523 3662 608">
     <span class='ocr_line' id='line_1_20' title="bbox 2085 523 3662 608; baseline 0.016 -34"><span class='ocrx_word' id='word_1_131' title='bbox 2085 538 2173 586; x_wconf 86' lang='grc' dir='ltr'><strong>νος</strong></span> <span class='ocrx_word' id='word_1_132' title='bbox 2200 523 2411 595; x_wconf 77' lang='grc' dir='ltr'><strong>ἔμεινεν</strong></span> <span class='ocrx_word' id='word_1_133' title='bbox 2449 530 2481 596; x_wconf 81' lang='grc' dir='ltr'>ἡ</span> <span class='ocrx_word' id='word_1_134' title='bbox 2520 529 2725 600; x_wconf 83' lang='grc' dir='ltr'>μήτηρ,</span> <span class='ocrx_word' id='word_1_135' title='bbox 2747 530 2903 600; x_wconf 78' lang='grc' dir='ltr'>ψιλὸς</span> <span class='ocrx_word' id='word_1_136' title='bbox 2933 531 3218 604; x_wconf 82' lang='grc' dir='ltr'>ἄνθρωπος</span> <span class='ocrx_word' id='word_1_137' title='bbox 3244 538 3272 588; x_wconf 86' lang='lat'><strong>6</strong></span> <span class='ocrx_word' id='word_1_138' title='bbox 3298 539 3528 608; x_wconf 75' lang='grc' dir='ltr'>τεχθεὶς.</span> <span class='ocrx_word' id='word_1_139' title='bbox 3563 547 3662 597; x_wconf 72' lang='grc' dir='ltr'>καὶ</span> 
     </span>
    </p>
   </div>
   <div class='ocr_carea' id='block_1_21' title="bbox 2082 614 3658 703">
    <p class='ocr_par' dir='ltr' id='par_1_21' title="bbox 2082 614 3658 703">
     <span class='ocr_line' id='line_1_21' title="bbox 2082 614 3658 703; baseline 0.014 -38"><span class='ocrx_word' id='word_1_140' title='bbox 2082 614 2142 666; x_wconf 79' lang='grc' dir='ltr'><strong>οὐ</strong></span> <span class='ocrx_word' id='word_1_141' title='bbox 2179 617 2482 689; x_wconf 77' lang='grc' dir='ltr'>παράδοξος</span> <span class='ocrx_word' id='word_1_142' title='bbox 2525 623 2553 673; x_wconf 98' lang='lat'><strong>6</strong></span> <span class='ocrx_word' id='word_1_143' title='bbox 2593 620 2749 683; x_wconf 81' lang='grc' dir='ltr'>τόκος</span> <span class='ocrx_word' id='word_1_144' title='bbox 2773 639 2785 650; x_wconf 75' lang='grc' dir='ltr'><strong>ο</strong></span> <span class='ocrx_word' id='word_1_145' title='bbox 2818 625 2865 674; x_wconf 87' lang='grc' dir='ltr'>εἰ</span> <span class='ocrx_word' id='word_1_146' title='bbox 2896 622 2952 675; x_wconf 81' lang='grc' dir='ltr'>δὲ</span> <span class='ocrx_word' id='word_1_147' title='bbox 2987 625 3081 678; x_wconf 77' lang='grc' dir='ltr'><strong>καὶ</strong></span> <span class='ocrx_word' id='word_1_148' title='bbox 3122 627 3259 696; x_wconf 81' lang='grc' dir='ltr'>μετὰ</span> <span class='ocrx_word' id='word_1_149' title='bbox 3285 630 3443 683; x_wconf 88' lang='grc' dir='ltr'>τόκον</span> <span class='ocrx_word' id='word_1_150' title='bbox 3474 632 3658 703; x_wconf 76' lang='grc' dir='ltr'>ἔμεινε</span> 
     </span>
    </p>
   </div>
   <div class='ocr_carea' id='block_1_22' title="bbox 2083 708 3653 797">
    <p class='ocr_par' dir='ltr' id='par_1_22' title="bbox 2083 708 3653 797">
     <span class='ocr_line' id='line_1_22' title="bbox 2083 708 3653 797; baseline 0.013 -37"><span class='ocrx_word' id='word_1_151' title='bbox 2083 708 2370 780; x_wconf 82' lang='grc' dir='ltr'><strong>παρθένος,</strong></span> <span class='ocrx_word' id='word_1_152' title='bbox 2392 712 2508 776; x_wconf 86' lang='grc' dir='ltr'>πῶς</span> <span class='ocrx_word' id='word_1_153' title='bbox 2525 713 2646 782; x_wconf 72' lang='grc' dir='ltr'>οὐχὶ</span> <span class='ocrx_word' id='word_1_154' title='bbox 2671 715 2766 767; x_wconf 69' lang='grc' dir='ltr'><strong>καὶ</strong></span> <span class='ocrx_word' id='word_1_155' title='bbox 2789 716 2938 782; x_wconf 86' lang='grc' dir='ltr'>Θεὸς,</span> <span class='ocrx_word' id='word_1_156' title='bbox 2964 719 3058 772; x_wconf 76' lang='grc' dir='ltr'><strong>καὶ</strong></span> <span class='ocrx_word' id='word_1_157' title='bbox 3086 720 3148 771; x_wconf 90' lang='grc' dir='ltr'><strong>τὸ</strong></span> <span class='ocrx_word' id='word_1_158' title='bbox 3169 723 3466 793; x_wconf 78' lang='grc' dir='ltr'>μυστήριον</span> <span class='ocrx_word' id='word_1_159' title='bbox 3489 726 3653 797; x_wconf 73' lang='grc' dir='ltr'>ἄφρα-</span> 
     </span>
    </p>
   </div>
   <div class='ocr_carea' id='block_1_23' title="bbox 2083 803 3658 882">
    <p class='ocr_par' dir='ltr' id='par_1_23' title="bbox 2083 803 3658 882">
     <span class='ocr_line' id='line_1_23' title="bbox 2083 803 3658 882; baseline 0.011 -30"><span class='ocrx_word' id='word_1_160' title='bbox 2083 816 2243 867; x_wconf 91' lang='grc' dir='ltr'>στον;</span> <span class='ocrx_word' id='word_1_161' title='bbox 2279 803 2516 867; x_wconf 84' lang='grc' dir='ltr'>Ἐκεῖνος</span> <span class='ocrx_word' id='word_1_162' title='bbox 2546 807 2840 878; x_wconf 75' lang='grc' dir='ltr'><strong>ἀφράστως</strong></span> <span class='ocrx_word' id='word_1_163' title='bbox 2883 810 2996 878; x_wconf 74' lang='grc'><strong>(14)</strong></span> <span class='ocrx_word' id='word_1_164' title='bbox 3030 813 3310 882; x_wconf 81' lang='grc' dir='ltr'>ἐγεννήθη,</span> <span class='ocrx_word' id='word_1_165' title='bbox 3358 817 3387 868; x_wconf 90' lang='lat'><strong>6</strong></span> <span class='ocrx_word' id='word_1_166' title='bbox 3419 817 3514 868; x_wconf 72' lang='grc' dir='ltr'><strong>καὶ</strong></span> <span class='ocrx_word' id='word_1_167' title='bbox 3545 818 3658 870; x_wconf 82' lang='grc' dir='ltr'><strong>τῶν</strong></span> 
     </span>
    </p>
   </div>
   <div class='ocr_carea' id='block_1_24' title="bbox 2081 891 3658 980">
    <p class='ocr_par' dir='ltr' id='par_1_24' title="bbox 2081 891 3658 980">
     <span class='ocr_line' id='line_1_24' title="bbox 2081 891 3658 980; baseline 0.011 -37"><span class='ocrx_word' id='word_1_168' title='bbox 2081 891 2258 963; x_wconf 84' lang='grc' dir='ltr'>θυρῶν</span> <span class='ocrx_word' id='word_1_169' title='bbox 2312 896 2715 967; x_wconf 82' lang='grc' dir='ltr'><strong>κεκλεισμένων</strong></span> <span class='ocrx_word' id='word_1_170' title='bbox 2757 901 3012 955; x_wconf 77' lang='grc' dir='ltr'>εἰσελθὼν</span> <span class='ocrx_word' id='word_1_171' title='bbox 3063 905 3394 970; x_wconf 70' lang='grc' dir='ltr'>ἀκωλύτως-ο</span> <span class='ocrx_word' id='word_1_172' title='bbox 3441 904 3503 962; x_wconf 78' lang='grc' dir='ltr'><strong>οὕ</strong></span> <span class='ocrx_word' id='word_1_173' title='bbox 3557 910 3658 980; x_wconf 78' lang='grc' dir='ltr'><strong>τὴν</strong></span> 
     </span>
    </p>
   </div>
   <div class='ocr_carea' id='block_1_25' title="bbox 2080 984 3654 1073">
    <p class='ocr_par' dir='ltr' id='par_1_25' title="bbox 2080 984 3654 1073">
     <span class='ocr_line' id='line_1_25' title="bbox 2080 984 3654 1073; baseline 0.011 -36"><span class='ocrx_word' id='word_1_174' title='bbox 2080 984 2340 1054; x_wconf 81' lang='grc' dir='ltr'><strong>συζυγίαν</strong></span> <span class='ocrx_word' id='word_1_175' title='bbox 2370 988 2478 1040; x_wconf 85' lang='grc' dir='ltr'><strong>τῶν</strong></span> <span class='ocrx_word' id='word_1_176' title='bbox 2519 991 2732 1058; x_wconf 78' lang='grc' dir='ltr'>φύσεων</span> <span class='ocrx_word' id='word_1_177' title='bbox 2781 992 2900 1046; x_wconf 84' lang='grc' dir='ltr'>ἰδὼν</span> <span class='ocrx_word' id='word_1_178' title='bbox 2951 998 2979 1048; x_wconf 90' lang='lat'><strong>6</strong></span> <span class='ocrx_word' id='word_1_179' title='bbox 3021 997 3254 1066; x_wconf 81' lang='grc' dir='ltr'>Θωμᾶς,</span> <span class='ocrx_word' id='word_1_180' title='bbox 3293 1000 3654 1073; x_wconf 78' lang='grc' dir='ltr'>ἁνεκεκράγει</span> 
     </span>
    </p>
   </div>
   <div class='ocr_carea' id='block_1_26' title="bbox 2077 1076 3276 1157">
    <p class='ocr_par' dir='ltr' id='par_1_26' title="bbox 2077 1076 3276 1157">
     <span class='ocr_line' id='line_1_26' title="bbox 2077 1076 3276 1157; baseline 0.013 -28"><span class='ocrx_word' id='word_1_181' title='bbox 2077 1076 2247 1147; x_wconf 80' lang='grc' dir='ltr'>λέγων</span> <span class='ocrx_word' id='word_1_182' title='bbox 2266 1097 2278 1108; x_wconf 90' lang='grc'><strong>·</strong></span> <span class='ocrx_word' id='word_1_183' title='bbox 2317 1080 2380 1132; x_wconf 80' lang='lat'><strong>&#39;0</strong></span> <span class='ocrx_word' id='word_1_184' title='bbox 2406 1083 2621 1150; x_wconf 78' lang='grc' dir='ltr'>Κύριός</span> <span class='ocrx_word' id='word_1_185' title='bbox 2637 1103 2778 1154; x_wconf 80' lang='grc' dir='ltr'>μου,</span> <span class='ocrx_word' id='word_1_186' title='bbox 2805 1087 2901 1140; x_wconf 76' lang='grc' dir='ltr'>καὶ</span> <span class='ocrx_word' id='word_1_187' title='bbox 2920 1091 2952 1144; x_wconf 83' lang='grc' dir='ltr'><em>ὀ</em></span> <span class='ocrx_word' id='word_1_188' title='bbox 2979 1090 3121 1154; x_wconf 84' lang='grc' dir='ltr'>Θεός</span> <span class='ocrx_word' id='word_1_189' title='bbox 3137 1107 3276 1157; x_wconf 81' lang='grc' dir='ltr'>μου.</span> 
     </span>
    </p>
   </div>
   <div class='ocr_carea' id='block_1_27' title="bbox 2147 1257 3653 1346">
    <p class='ocr_par' dir='ltr' id='par_1_27' title="bbox 2147 1257 3653 1346">
     <span class='ocr_line' id='line_1_27' title="bbox 2147 1257 3653 1346; baseline 0.011 -34"><span class='ocrx_word' id='word_1_190' title='bbox 2147 1257 2219 1314; x_wconf 88' lang='grc' dir='ltr'><strong>Γ’.</strong></span> <span class='ocrx_word' id='word_1_191' title='bbox 2261 1260 2353 1332; x_wconf 82' lang='grc' dir='ltr'><strong>Μὴ</strong></span> <span class='ocrx_word' id='word_1_192' title='bbox 2382 1263 2757 1336; x_wconf 69' lang='grc' dir='ltr'>ἁπαισχυνθῇς</span> <span class='ocrx_word' id='word_1_193' title='bbox 2776 1266 2875 1338; x_wconf 81' lang='grc' dir='ltr'><strong>τὴν</strong></span> <span class='ocrx_word' id='word_1_194' title='bbox 2913 1269 3094 1331; x_wconf 78' lang='grc' dir='ltr'>ὠδῖνα,</span> <span class='ocrx_word' id='word_1_195' title='bbox 3119 1264 3164 1323; x_wconf 83' lang='grc' dir='ltr'>ὧ</span> <span class='ocrx_word' id='word_1_196' title='bbox 3189 1271 3440 1343; x_wconf 77' lang='grc' dir='ltr'><strong>ἄνθρωπε</strong></span> <span class='ocrx_word' id='word_1_197' title='bbox 3463 1290 3475 1301; x_wconf 75' lang='grc'><strong><em>⁸</em></strong></span> <span class='ocrx_word' id='word_1_198' title='bbox 3514 1276 3653 1346; x_wconf 81' lang='grc' dir='ltr'>αὕτη</span> 
     </span>
    </p>
   </div>
   <div class='ocr_carea' id='block_1_28' title="bbox 2086 1349 3654 1432">
    <p class='ocr_par' dir='ltr' id='par_1_28' title="bbox 2086 1349 3654 1432">
     <span class='ocr_line' id='line_1_28' title="bbox 2086 1349 3654 1432; baseline 0.01 -31"><span class='ocrx_word' id='word_1_199' title='bbox 2086 1349 2196 1418; x_wconf 85' lang='grc' dir='ltr'><strong>γὰρ</strong></span> <span class='ocrx_word' id='word_1_200' title='bbox 2224 1351 2355 1422; x_wconf 78' lang='grc' dir='ltr'>ἡμῖν</span> <span class='ocrx_word' id='word_1_201' title='bbox 2388 1353 2577 1421; x_wconf 77' lang='grc' dir='ltr'>γέγονε</span> <span class='ocrx_word' id='word_1_202' title='bbox 2639 1356 2908 1427; x_wconf 83' lang='grc' dir='ltr'>σωτηρίας</span> <span class='ocrx_word' id='word_1_203' title='bbox 2957 1359 3197 1430; x_wconf 80' lang='grc' dir='ltr'>ἀφορμή.</span> <span class='ocrx_word' id='word_1_204' title='bbox 3235 1361 3296 1412; x_wconf 85' lang='lat' dir='ltr'><strong>El</strong></span> <span class='ocrx_word' id='word_1_205' title='bbox 3325 1361 3400 1432; x_wconf 83' lang='grc' dir='ltr'>μὴ</span> <span class='ocrx_word' id='word_1_206' title='bbox 3437 1361 3546 1432; x_wconf 83' lang='grc' dir='ltr'><strong>γὰρ</strong></span> <span class='ocrx_word' id='word_1_207' title='bbox 3588 1365 3654 1416; x_wconf 79' lang='grc' dir='ltr'>ἐκ</span> 
     </span>
    </p>
   </div>
   <div class='ocr_carea' id='block_1_29' title="bbox 2074 1443 3648 1522">
    <p class='ocr_par' dir='ltr' id='par_1_29' title="bbox 2074 1443 3648 1522">
     <span class='ocr_line' id='line_1_29' title="bbox 2074 1443 3648 1522; baseline 0.006 -28"><span class='ocrx_word' id='word_1_208' title='bbox 2074 1443 2338 1510; x_wconf 87' lang='grc' dir='ltr'>γυναικὸς</span> <span class='ocrx_word' id='word_1_209' title='bbox 2357 1444 2644 1515; x_wconf 75' lang='grc' dir='ltr'>ἐγεννήθη.</span> <span class='ocrx_word' id='word_1_210' title='bbox 2666 1445 2766 1500; x_wconf 85' lang='grc' dir='ltr'><strong>οὐκ</strong></span> <span class='ocrx_word' id='word_1_211' title='bbox 2795 1446 2860 1500; x_wconf 86' lang='grc' dir='ltr'>ἂν</span> <span class='ocrx_word' id='word_1_212' title='bbox 2879 1449 3145 1504; x_wconf 76' lang='grc' dir='ltr'>ἀπέθανεν</span> <span class='ocrx_word' id='word_1_213' title='bbox 3165 1468 3179 1480; x_wconf 87' lang='grc'><strong>·</strong></span> <span class='ocrx_word' id='word_1_214' title='bbox 3196 1453 3245 1503; x_wconf 78' lang='grc' dir='ltr'><strong>εί</strong></span> <span class='ocrx_word' id='word_1_215' title='bbox 3271 1452 3343 1522; x_wconf 81' lang='grc' dir='ltr'>μὴ</span> <span class='ocrx_word' id='word_1_216' title='bbox 3361 1451 3648 1512; x_wconf 81' lang='grc' dir='ltr'>ἀπέθανεν,</span> 
     </span>
    </p>
   </div>
   <div class='ocr_carea' id='block_1_30' title="bbox 2074 1533 3652 1614">
    <p class='ocr_par' dir='ltr' id='par_1_30' title="bbox 2074 1533 3652 1614">
     <span class='ocr_line' id='line_1_30' title="bbox 2074 1533 3652 1614; baseline 0.008 -29"><span class='ocrx_word' id='word_1_217' title='bbox 2074 1533 2175 1586; x_wconf 82' lang='grc' dir='ltr'>οὐκ</span> <span class='ocrx_word' id='word_1_218' title='bbox 2198 1533 2263 1588; x_wconf 88' lang='grc' dir='ltr'>ἃν</span> <span class='ocrx_word' id='word_1_219' title='bbox 2294 1534 2382 1588; x_wconf 82' lang='grc' dir='ltr'><strong>διὰ</strong></span> <span class='ocrx_word' id='word_1_220' title='bbox 2409 1535 2503 1588; x_wconf 81' lang='grc' dir='ltr'><strong>τοῦ</strong></span> <span class='ocrx_word' id='word_1_221' title='bbox 2525 1535 2757 1591; x_wconf 84' lang='grc' dir='ltr'>θανάτου</span> <span class='ocrx_word' id='word_1_222' title='bbox 2774 1539 2940 1594; x_wconf 84' lang='grc' dir='ltr'>αὑτοῦ</span> <span class='ocrx_word' id='word_1_223' title='bbox 2957 1543 3271 1614; x_wconf 82' lang='grc' dir='ltr'>κατήργησε</span> <span class='ocrx_word' id='word_1_224' title='bbox 3293 1545 3402 1597; x_wconf 75' lang='grc' dir='ltr'><strong>τὸν</strong></span> <span class='ocrx_word' id='word_1_225' title='bbox 3424 1546 3491 1597; x_wconf 85' lang='grc' dir='ltr'>τὸ</span> <span class='ocrx_word' id='word_1_226' title='bbox 3513 1543 3652 1612; x_wconf 80' lang='grc' dir='ltr'>κρά-</span> 
     </span>
    </p>
   </div>
   <div class='ocr_carea' id='block_1_31' title="bbox 2072 1625 3648 1694">
    <p class='ocr_par' dir='ltr' id='par_1_31' title="bbox 2072 1625 3648 1694">
     <span class='ocr_line' id='line_1_31' title="bbox 2072 1625 3648 1694; baseline 0.011 -19"><span class='ocrx_word' id='word_1_227' title='bbox 2072 1641 2173 1690; x_wconf 87' lang='grc' dir='ltr'><strong>τος</strong></span> <span class='ocrx_word' id='word_1_228' title='bbox 2195 1625 2546 1694; x_wconf 80' lang='grc' dir='ltr'>ἑχοντιι.τοῦ</span> <span class='ocrx_word' id='word_1_229' title='bbox 2571 1629 2832 1685; x_wconf 79' lang='grc' dir='ltr'>θανάτου</span> <span class='ocrx_word' id='word_1_230' title='bbox 2853 1671 2867 1694; x_wconf 88' lang='grc'><strong>,</strong></span> <span class='ocrx_word' id='word_1_231' title='bbox 2909 1634 3183 1687; x_wconf 85' lang='grc' dir='ltr'><strong>τουτέστι</strong></span> <span class='ocrx_word' id='word_1_232' title='bbox 3206 1637 3313 1689; x_wconf 80' lang='grc' dir='ltr'><em>τὸν</em></span> <span class='ocrx_word' id='word_1_233' title='bbox 3342 1636 3648 1694; x_wconf 77' lang='grc' dir='ltr'>διάϐολον.</span> 
     </span>
    </p>
   </div>
   <div class='ocr_carea' id='block_1_32' title="bbox 2072 1716 3652 1796">
    <p class='ocr_par' dir='ltr' id='par_1_32' title="bbox 2072 1716 3652 1796">
     <span class='ocr_line' id='line_1_32' title="bbox 2072 1716 3652 1796; baseline 0.009 -28"><span class='ocrx_word' id='word_1_234' title='bbox 2072 1716 2184 1786; x_wconf 77' lang='grc' dir='ltr'><strong>Οὐχ</strong></span> <span class='ocrx_word' id='word_1_235' title='bbox 2245 1717 2400 1787; x_wconf 71' lang='grc' dir='ltr'>ὕϐρις</span> <span class='ocrx_word' id='word_1_236' title='bbox 2453 1720 2796 1790; x_wconf 77' lang='grc' dir='ltr'>ἀρχιτέκτονι</span> <span class='ocrx_word' id='word_1_237' title='bbox 2827 1725 3030 1793; x_wconf 86' lang='grc' dir='ltr'>μεῖναι,</span> <span class='ocrx_word' id='word_1_238' title='bbox 3056 1725 3112 1777; x_wconf 87' lang='grc' dir='ltr'>ὲν</span> <span class='ocrx_word' id='word_1_239' title='bbox 3148 1720 3228 1788; x_wconf 72' lang='grc' dir='ltr'>οἷς</span> <span class='ocrx_word' id='word_1_240' title='bbox 3263 1727 3423 1790; x_wconf 74' lang='grc' dir='ltr'>αὐτὸς</span> <span class='ocrx_word' id='word_1_241' title='bbox 3452 1727 3652 1796; x_wconf 67' lang='grc' dir='ltr'><strong>ᾡκοδό⁴</strong></span> 
     </span>
    </p>
   </div>
   <div class='ocr_carea' id='block_1_33' title="bbox 389 1783 1958 1886">
    <p class='ocr_par' dir='ltr' id='par_1_33' title="bbox 389 1795 1958 1869">
     <span class='ocr_line' id='line_1_33' title="bbox 389 1795 1958 1869; baseline -0.003 -16"><span class='ocrx_word' id='word_1_242' title='bbox 389 1799 566 1853; x_wconf 88' lang='lat' dir='ltr'><strong>bolum</strong></span> <span class='ocrx_word' id='word_1_243' title='bbox 613 1801 678 1852; x_wconf 80' lang='grc'>¹⁰.</span> <span class='ocrx_word' id='word_1_244' title='bbox 721 1798 1154 1869; x_wconf 81' lang='lat' dir='ltr'><strong>Haudquaquam</strong></span> <span class='ocrx_word' id='word_1_245' title='bbox 1209 1797 1511 1851; x_wconf 81' lang='lat' dir='ltr'><strong>architecto</strong></span> <span class='ocrx_word' id='word_1_246' title='bbox 1564 1795 1815 1851; x_wconf 86' lang='lat' dir='ltr'><strong>dedecori</strong></span> <span class='ocrx_word' id='word_1_247' title='bbox 1861 1804 1958 1863; x_wconf 80' lang='lat' dir='ltr'><strong>est,</strong></span> 
     </span>
    </p>
   </div>
   <div class='ocr_carea' id='block_1_34' title="bbox 2066 1783 3649 1886">
    <p class='ocr_par' dir='ltr' id='par_1_34' title="bbox 2077 1783 3649 1886">
     <span class='ocr_line' id='line_1_34' title="bbox 2077 1783 3649 1886; baseline 0.01 -29"><span class='ocrx_word' id='word_1_248' title='bbox 2077 1783 2275 1876; x_wconf 80' lang='grc' dir='ltr'>μησεν·</span> <span class='ocrx_word' id='word_1_249' title='bbox 2303 1783 2364 1861; x_wconf 81' lang='grc' dir='ltr'>οὐ</span> <span class='ocrx_word' id='word_1_250' title='bbox 2394 1783 2597 1880; x_wconf 74' lang='grc' dir='ltr'>μιαίνει</span> <span class='ocrx_word' id='word_1_251' title='bbox 2625 1811 2794 1878; x_wconf 81' lang='grc' dir='ltr'>πηλὸς</span> <span class='ocrx_word' id='word_1_252' title='bbox 2821 1783 2910 1866; x_wconf 71' lang='grc' dir='ltr'><strong>τὸν</strong></span> <span class='ocrx_word' id='word_1_253' title='bbox 2937 1783 3649 1886; x_wconf 36' lang='grc' dir='ltr'>κεραμέαξὰνακαινίςοντα</span> 
     </span>
    </p>
   </div>
   <div class='ocr_carea' id='block_1_35' title="bbox 389 1890 1964 1960">
    <p class='ocr_par' dir='ltr' id='par_1_35' title="bbox 389 1890 1964 1960">
     <span class='ocr_line' id='line_1_35' title="bbox 389 1890 1964 1960; baseline -0.001 -16"><span class='ocrx_word' id='word_1_254' title='bbox 389 1898 450 1944; x_wconf 83' lang='grc' dir='ltr'><strong>ιιι</strong></span> <span class='ocrx_word' id='word_1_255' title='bbox 492 1906 609 1945; x_wconf 90' lang='lat' dir='ltr'><strong>eam</strong></span> <span class='ocrx_word' id='word_1_256' title='bbox 668 1893 868 1946; x_wconf 90' lang='lat' dir='ltr'><strong>incolat</strong></span> <span class='ocrx_word' id='word_1_257' title='bbox 922 1890 1144 1944; x_wconf 89' lang='lat' dir='ltr'><strong>domum</strong></span> <span class='ocrx_word' id='word_1_258' title='bbox 1208 1904 1372 1960; x_wconf 88' lang='lat' dir='ltr'><strong>quam</strong></span> <span class='ocrx_word' id='word_1_259' title='bbox 1429 1890 1546 1959; x_wconf 92' lang='lat' dir='ltr'><strong>ipse</strong></span> <span class='ocrx_word' id='word_1_260' title='bbox 1597 1891 1964 1958; x_wconf 82' lang='lat' dir='ltr'><strong>exstruxerit;</strong></span> 
     </span>
    </p>
   </div>
   <div class='ocr_carea' id='block_1_36' title="bbox 386 1980 1965 2054">
    <p class='ocr_par' dir='ltr' id='par_1_36' title="bbox 386 1980 1965 2054">
     <span class='ocr_line' id='line_1_36' title="bbox 386 1980 1965 2054; baseline 0.001 -17"><span class='ocrx_word' id='word_1_261' title='bbox 386 1984 754 2054; x_wconf 84' lang='lat' dir='ltr'><strong>nequelutum</strong></span> <span class='ocrx_word' id='word_1_262' title='bbox 790 1981 1013 2054; x_wconf 77' lang='lat' dir='ltr'><strong>ﬁgulum</strong></span> <span class='ocrx_word' id='word_1_263' title='bbox 1035 1981 1228 2044; x_wconf 83' lang='lat' dir='ltr'><strong>inlicit.</strong></span> <span class='ocrx_word' id='word_1_264' title='bbox 1254 1997 1376 2038; x_wconf 87' lang='lat' dir='ltr'><strong>cum</strong></span> <span class='ocrx_word' id='word_1_265' title='bbox 1396 1980 1485 2036; x_wconf 89' lang='lat' dir='ltr'><strong>ille</strong></span> <span class='ocrx_word' id='word_1_266' title='bbox 1511 1983 1789 2039; x_wconf 82' lang='lat' dir='ltr'><strong>vasculum</strong></span> <span class='ocrx_word' id='word_1_267' title='bbox 1821 1985 1965 2054; x_wconf 90' lang='lat' dir='ltr'><strong>quod</strong></span> 
     </span>
    </p>
   </div>
   <div class='ocr_carea' id='block_1_37' title="bbox 387 2071 1958 2145">
    <p class='ocr_par' dir='ltr' id='par_1_37' title="bbox 387 2071 1958 2145">
     <span class='ocr_line' id='line_1_37' title="bbox 387 2071 1958 2145; baseline -0.001 -16"><span class='ocrx_word' id='word_1_268' title='bbox 387 2073 641 2136; x_wconf 78' lang='lat' dir='ltr'><strong>ﬁnxerat,</strong></span> <span class='ocrx_word' id='word_1_269' title='bbox 680 2072 899 2145; x_wconf 75' lang='lat' dir='ltr'><strong>relingit</strong></span> <span class='ocrx_word' id='word_1_270' title='bbox 939 2074 1058 2128; x_wconf 90' lang='lat' dir='ltr'><strong>:ita</strong></span> <span class='ocrx_word' id='word_1_271' title='bbox 1092 2088 1161 2127; x_wconf 90' lang='lat' dir='ltr'><strong>ne</strong></span> <span class='ocrx_word' id='word_1_272' title='bbox 1201 2073 1488 2143; x_wconf 85' lang='lat' dir='ltr'><strong>quicquam</strong></span> <span class='ocrx_word' id='word_1_273' title='bbox 1533 2071 1701 2128; x_wconf 90' lang='lat' dir='ltr'><strong>Deum</strong></span> <span class='ocrx_word' id='word_1_274' title='bbox 1732 2074 1958 2144; x_wconf 82' lang='lat' dir='ltr'><strong>purissi-</strong></span> 
     </span>
    </p>
   </div>
   <div class='ocr_carea' id='block_1_38' title="bbox 387 2165 1962 2238">
    <p class='ocr_par' dir='ltr' id='par_1_38' title="bbox 387 2165 1962 2238">
     <span class='ocr_line' id='line_1_38' title="bbox 387 2165 1962 2238; baseline 0 -16"><span class='ocrx_word' id='word_1_275' title='bbox 387 2183 535 2222; x_wconf 76' lang='lat' dir='ltr'><strong>nium</strong></span> <span class='ocrx_word' id='word_1_276' title='bbox 593 2166 807 2238; x_wconf 90' lang='lat' dir='ltr'><strong>polluit,</strong></span> <span class='ocrx_word' id='word_1_277' title='bbox 857 2165 1002 2236; x_wconf 90' lang='lat' dir='ltr'><strong>quod</strong></span> <span class='ocrx_word' id='word_1_278' title='bbox 1035 2180 1102 2220; x_wconf 86' lang='lat' dir='ltr'><strong>ex</strong></span> <span class='ocrx_word' id='word_1_279' title='bbox 1153 2165 1408 2235; x_wconf 77' lang='lat' dir='ltr'><strong>virginali</strong></span> <span class='ocrx_word' id='word_1_280' title='bbox 1458 2173 1615 2221; x_wconf 85' lang='lat' dir='ltr'><strong>utero</strong></span> <span class='ocrx_word' id='word_1_281' title='bbox 1676 2166 1962 2236; x_wconf 86' lang='lat' dir='ltr'><strong>prodierit.</strong></span> 
     </span>
    </p>
   </div>
   <div class='ocr_carea' id='block_1_39' title="bbox 385 2255 1966 2324">
    <p class='ocr_par' dir='ltr' id='par_1_39' title="bbox 385 2255 1966 2324">
     <span class='ocr_line' id='line_1_39' title="bbox 385 2255 1966 2324; baseline 0 -11"><span class='ocrx_word' id='word_1_282' title='bbox 385 2259 560 2324; x_wconf 86' lang='lat' dir='ltr'><strong>Quam</strong></span> <span class='ocrx_word' id='word_1_283' title='bbox 595 2258 742 2312; x_wconf 89' lang='lat' dir='ltr'><strong>enim</strong></span> <span class='ocrx_word' id='word_1_284' title='bbox 763 2257 901 2311; x_wconf 91' lang='lat' dir='ltr'><strong>citra</strong></span> <span class='ocrx_word' id='word_1_285' title='bbox 931 2271 1148 2311; x_wconf 89' lang='lat' dir='ltr'><strong>omnem</strong></span> <span class='ocrx_word' id='word_1_286' title='bbox 1172 2256 1257 2310; x_wconf 90' lang='lat' dir='ltr'><strong>sui</strong></span> <span class='ocrx_word' id='word_1_287' title='bbox 1292 2256 1468 2312; x_wconf 88' lang='lat' dir='ltr'><strong>labem</strong></span> <span class='ocrx_word' id='word_1_288' title='bbox 1514 2255 1865 2320; x_wconf 82' lang='lat' dir='ltr'><strong>formaverat,</strong></span> <span class='ocrx_word' id='word_1_289' title='bbox 1899 2273 1966 2313; x_wconf 87' lang='lat' dir='ltr'><strong>ex</strong></span> 
     </span>
    </p>
   </div>
   <div class='ocr_carea' id='block_1_40' title="bbox 383 2347 1961 2418">
    <p class='ocr_par' dir='ltr' id='par_1_40' title="bbox 383 2347 1961 2418">
     <span class='ocr_line' id='line_1_40' title="bbox 383 2347 1961 2418; baseline -0.002 -13"><span class='ocrx_word' id='word_1_290' title='bbox 383 2366 446 2405; x_wconf 89' lang='lat' dir='ltr'><strong>ca</strong></span> <span class='ocrx_word' id='word_1_291' title='bbox 499 2349 657 2405; x_wconf 84' lang='lat' dir='ltr'><strong>nulla</strong></span> <span class='ocrx_word' id='word_1_292' title='bbox 706 2359 988 2405; x_wconf 86' lang='lat' dir='ltr'><strong>contracta</strong></span> <span class='ocrx_word' id='word_1_293' title='bbox 1041 2347 1253 2402; x_wconf 79' lang='lat' dir='ltr'><strong>macula</strong></span> <span class='ocrx_word' id='word_1_294' title='bbox 1318 2348 1606 2418; x_wconf 88' lang='lat' dir='ltr'><strong>processit.</strong></span> <span class='ocrx_word' id='word_1_295' title='bbox 1655 2347 1961 2413; x_wconf 88' lang='lat' dir='ltr'><strong>Outerum,</strong></span> 
     </span>
    </p>
   </div>
   <div class='ocr_carea' id='block_1_41' title="bbox 383 2440 1964 2514">
    <p class='ocr_par' dir='ltr' id='par_1_41' title="bbox 383 2440 1964 2514">
     <span class='ocr_line' id='line_1_41' title="bbox 383 2440 1964 2514; baseline -0.001 -17"><span class='ocrx_word' id='word_1_296' title='bbox 383 2442 440 2497; x_wconf 90' lang='lat' dir='ltr'><strong>in</strong></span> <span class='ocrx_word' id='word_1_297' title='bbox 478 2459 590 2514; x_wconf 91' lang='lat' dir='ltr'><strong>quo</strong></span> <span class='ocrx_word' id='word_1_298' title='bbox 619 2443 930 2497; x_wconf 85' lang='lat' dir='ltr'><strong>communis</strong></span> <span class='ocrx_word' id='word_1_299' title='bbox 970 2441 1254 2495; x_wconf 89' lang='lat' dir='ltr'><strong>hominum</strong></span> <span class='ocrx_word' id='word_1_300' title='bbox 1279 2440 1545 2496; x_wconf 89' lang='lat' dir='ltr'><strong>libertatis</strong></span> <span class='ocrx_word' id='word_1_301' title='bbox 1569 2440 1786 2496; x_wconf 88' lang='lat' dir='ltr'><strong>libellus</strong></span> <span class='ocrx_word' id='word_1_302' title='bbox 1814 2457 1964 2496; x_wconf 91' lang='lat' dir='ltr'><strong>com-</strong></span> 
     </span>
    </p>
   </div>
   <div class='ocr_carea' id='block_1_42' title="bbox 383 2529 1962 2605">
    <p class='ocr_par' dir='ltr' id='par_1_42' title="bbox 383 2529 1962 2605">
     <span class='ocr_line' id='line_1_42' title="bbox 383 2529 1962 2605; baseline -0.001 -16"><span class='ocrx_word' id='word_1_303' title='bbox 383 2535 596 2605; x_wconf 88' lang='lat' dir='ltr'><strong>positus</strong></span> <span class='ocrx_word' id='word_1_304' title='bbox 623 2534 740 2589; x_wconf 83' lang='lat' dir='ltr'><strong>est!</strong></span> <span class='ocrx_word' id='word_1_305' title='bbox 794 2529 839 2587; x_wconf 87' lang='grc' dir='ltr'><strong>Ο</strong></span> <span class='ocrx_word' id='word_1_306' title='bbox 879 2539 1151 2598; x_wconf 87' lang='lat' dir='ltr'><strong>ventrem,</strong></span> <span class='ocrx_word' id='word_1_307' title='bbox 1182 2531 1236 2586; x_wconf 90' lang='lat' dir='ltr'><strong>in</strong></span> <span class='ocrx_word' id='word_1_308' title='bbox 1267 2547 1376 2602; x_wconf 91' lang='lat' dir='ltr'><strong>quo</strong></span> <span class='ocrx_word' id='word_1_309' title='bbox 1410 2532 1674 2588; x_wconf 87' lang='lat' dir='ltr'><strong>adversus</strong></span> <span class='ocrx_word' id='word_1_310' title='bbox 1690 2532 1962 2588; x_wconf 85' lang='lat' dir='ltr'><strong>diabolum</strong></span> 
     </span>
    </p>
   </div>
   <div class='ocr_carea' id='block_1_43' title="bbox 380 2623 1964 2695">
    <p class='ocr_par' dir='ltr' id='par_1_43' title="bbox 380 2623 1964 2695">
     <span class='ocr_line' id='line_1_43' title="bbox 380 2623 1964 2695; baseline -0.002 -13"><span class='ocrx_word' id='word_1_311' title='bbox 380 2625 682 2682; x_wconf 79' lang='lat' dir='ltr'><strong>fabrefacta</strong></span> <span class='ocrx_word' id='word_1_312' title='bbox 708 2633 838 2681; x_wconf 89' lang='lat' dir='ltr'><strong>sunt</strong></span> <span class='ocrx_word' id='word_1_313' title='bbox 876 2626 1062 2679; x_wconf 84' lang='lat' dir='ltr'><strong>arma!</strong></span> <span class='ocrx_word' id='word_1_314' title='bbox 1098 2623 1142 2678; x_wconf 94' lang='grc' dir='ltr'>Ο</span> <span class='ocrx_word' id='word_1_315' title='bbox 1168 2639 1384 2688; x_wconf 89' lang='lat' dir='ltr'><strong>arvum,</strong></span> <span class='ocrx_word' id='word_1_316' title='bbox 1405 2623 1459 2677; x_wconf 90' lang='lat' dir='ltr'><strong>in</strong></span> <span class='ocrx_word' id='word_1_317' title='bbox 1487 2640 1596 2694; x_wconf 92' lang='lat' dir='ltr'><strong>quo</strong></span> <span class='ocrx_word' id='word_1_318' title='bbox 1617 2633 1826 2680; x_wconf 67' lang='lat' dir='ltr'><strong>naturae</strong></span> <span class='ocrx_word' id='word_1_319' title='bbox 1849 2625 1964 2695; x_wconf 89' lang='lat' dir='ltr'><strong>ipse</strong></span> 
     </span>
    </p>
   </div>
   <div class='ocr_carea' id='block_1_44' title="bbox 379 2714 1960 2787">
    <p class='ocr_par' dir='ltr' id='par_1_44' title="bbox 379 2714 1960 2787">
     <span class='ocr_line' id='line_1_44' title="bbox 379 2714 1960 2787; baseline -0.002 -15"><span class='ocrx_word' id='word_1_320' title='bbox 379 2719 612 2774; x_wconf 90' lang='lat' dir='ltr'><strong>colonus</strong></span> <span class='ocrx_word' id='word_1_321' title='bbox 641 2717 760 2773; x_wconf 89' lang='lat' dir='ltr'><strong>sine</strong></span> <span class='ocrx_word' id='word_1_322' title='bbox 791 2716 1000 2773; x_wconf 86' lang='lat' dir='ltr'><strong>semine</strong></span> <span class='ocrx_word' id='word_1_323' title='bbox 1017 2715 1224 2786; x_wconf 85' lang='lat' dir='ltr'><strong>spicam</strong></span> <span class='ocrx_word' id='word_1_324' title='bbox 1242 2714 1413 2770; x_wconf 88' lang='lat' dir='ltr'><strong>edidit</strong></span> <span class='ocrx_word' id='word_1_325' title='bbox 1444 2717 1585 2785; x_wconf 74' lang='lat'><strong>(1&#39;5)!</strong></span> <span class='ocrx_word' id='word_1_326' title='bbox 1619 2715 1662 2770; x_wconf 92' lang='grc' dir='ltr'>Ο</span> <span class='ocrx_word' id='word_1_327' title='bbox 1681 2717 1960 2787; x_wconf 84' lang='lat' dir='ltr'><strong>templum,</strong></span> 
     </span>
    </p>
   </div>
   <div class='ocr_carea' id='block_1_45' title="bbox 382 2806 1960 2881">
    <p class='ocr_par' dir='ltr' id='par_1_45' title="bbox 382 2806 1960 2881">
     <span class='ocr_line' id='line_1_45' title="bbox 382 2806 1960 2881; baseline -0.002 -17"><span class='ocrx_word' id='word_1_328' title='bbox 382 2811 440 2866; x_wconf 90' lang='lat' dir='ltr'><strong>in</strong></span> <span class='ocrx_word' id='word_1_329' title='bbox 473 2825 581 2881; x_wconf 90' lang='lat' dir='ltr'><strong>quo</strong></span> <span class='ocrx_word' id='word_1_330' title='bbox 608 2808 750 2866; x_wconf 88' lang='lat' dir='ltr'><strong>Deus</strong></span> <span class='ocrx_word' id='word_1_331' title='bbox 807 2808 1068 2865; x_wconf 87' lang='lat' dir='ltr'><strong>sacerdos</strong></span> <span class='ocrx_word' id='word_1_332' title='bbox 1117 2806 1345 2863; x_wconf 83' lang='lat' dir='ltr'><strong>eﬂ‘ectus</strong></span> <span class='ocrx_word' id='word_1_333' title='bbox 1379 2815 1494 2874; x_wconf 88' lang='lat' dir='ltr'><strong>est;</strong></span> <span class='ocrx_word' id='word_1_334' title='bbox 1545 2824 1654 2864; x_wconf 90' lang='lat' dir='ltr'><strong>non</strong></span> <span class='ocrx_word' id='word_1_335' title='bbox 1711 2817 1960 2863; x_wconf 81' lang='lat' dir='ltr'><strong>naturam</strong></span> 
     </span>
    </p>
   </div>
   <div class='ocr_carea' id='block_1_46' title="bbox 382 2900 1958 2971">
    <p class='ocr_par' dir='ltr' id='par_1_46' title="bbox 382 2900 1958 2971">
     <span class='ocr_line' id='line_1_46' title="bbox 382 2900 1958 2971; baseline -0.001 -14"><span class='ocrx_word' id='word_1_336' title='bbox 382 2902 692 2964; x_wconf 89' lang='lat' dir='ltr'><strong>demutans,</strong></span> <span class='ocrx_word' id='word_1_337' title='bbox 743 2901 840 2956; x_wconf 89' lang='lat' dir='ltr'><strong>sed</strong></span> <span class='ocrx_word' id='word_1_338' title='bbox 899 2915 1022 2956; x_wconf 90' lang='lat' dir='ltr'><strong>eum</strong></span> <span class='ocrx_word' id='word_1_339' title='bbox 1086 2916 1182 2971; x_wconf 72' lang='lat' dir='ltr'><strong>per</strong></span> <span class='ocrx_word' id='word_1_340' title='bbox 1229 2900 1664 2955; x_wconf 84' lang='lat' dir='ltr'><strong>misericordiam</strong></span> <span class='ocrx_word' id='word_1_341' title='bbox 1704 2901 1958 2964; x_wconf 90' lang='lat' dir='ltr'><strong>induens,</strong></span> 
     </span>
    </p>
   </div>
   <div class='ocr_carea' id='block_1_47' title="bbox 381 2991 1958 3066">
    <p class='ocr_par' dir='ltr' id='par_1_47' title="bbox 381 2991 1958 3066">
     <span class='ocr_line' id='line_1_47' title="bbox 381 2991 1958 3066; baseline -0.002 -17"><span class='ocrx_word' id='word_1_342' title='bbox 381 2995 474 3066; x_wconf 86' lang='lat' dir='ltr'><strong>qui</strong></span> <span class='ocrx_word' id='word_1_343' title='bbox 496 2994 895 3049; x_wconf 87' lang='lat' dir='ltr'><strong>estsecundum</strong></span> <span class='ocrx_word' id='word_1_344' title='bbox 924 2991 1172 3047; x_wconf 90' lang='lat' dir='ltr'><strong>ordinem</strong></span> <span class='ocrx_word' id='word_1_345' title='bbox 1192 2991 1586 3047; x_wconf 84' lang='lat' dir='ltr'><strong>Melchisedech</strong></span> <span class='ocrx_word' id='word_1_346' title='bbox 1619 2993 1701 3047; x_wconf 84' lang='lat' dir='ltr'><strong>“l</strong></span> <span class='ocrx_word' id='word_1_347' title='bbox 1737 2992 1958 3046; x_wconf 85' lang='lat' dir='ltr'><strong>Verbum</strong></span> 
     </span>
    </p>
   </div>
   <div class='ocr_carea' id='block_1_48' title="bbox 2069 1898 3649 1982">
    <p class='ocr_par' dir='ltr' id='par_1_48' title="bbox 2069 1898 3649 1982">
     <span class='ocr_line' id='line_1_48' title="bbox 2069 1898 3649 1982; baseline 0.009 -31"><span class='ocrx_word' id='word_1_348' title='bbox 2069 1899 2207 1970; x_wconf 80' lang='grc' dir='ltr'>ὅπερ</span> <span class='ocrx_word' id='word_1_349' title='bbox 2233 1898 2435 1974; x_wconf 70' lang='grc' dir='ltr'>ἔπλασε</span> <span class='ocrx_word' id='word_1_350' title='bbox 2472 1902 2695 1966; x_wconf 79' lang='grc' dir='ltr'>σκεῦος’</span> <span class='ocrx_word' id='word_1_351' title='bbox 2727 1903 2899 1968; x_wconf 90' lang='grc' dir='ltr'>οὕτως</span> <span class='ocrx_word' id='word_1_352' title='bbox 2929 1907 3051 1960; x_wconf 80' lang='grc' dir='ltr'>οὐδὲ</span> <span class='ocrx_word' id='word_1_353' title='bbox 3089 1908 3291 1977; x_wconf 78' lang='grc' dir='ltr'>μιαίνει</span> <span class='ocrx_word' id='word_1_354' title='bbox 3324 1910 3416 1962; x_wconf 83' lang='grc' dir='ltr'><strong>τόν</strong></span> <span class='ocrx_word' id='word_1_355' title='bbox 3443 1913 3649 1982; x_wconf 74' lang='grc' dir='ltr'>ἄχραν-</span> 
     </span>
    </p>
   </div>
   <div class='ocr_carea' id='block_1_49' title="bbox 2067 1991 3648 2071">
    <p class='ocr_par' dir='ltr' id='par_1_49' title="bbox 2067 1991 3648 2071">
     <span class='ocr_line' id='line_1_49' title="bbox 2067 1991 3648 2071; baseline 0.011 -30"><span class='ocrx_word' id='word_1_356' title='bbox 2067 2007 2160 2042; x_wconf 90' lang='grc' dir='ltr'><strong>τον</strong></span> <span class='ocrx_word' id='word_1_357' title='bbox 2190 1991 2342 2055; x_wconf 83' lang='grc' dir='ltr'>Θεὸν,</span> <span class='ocrx_word' id='word_1_358' title='bbox 2374 1992 2435 2045; x_wconf 86' lang='grc' dir='ltr'><strong>τὸ</strong></span> <span class='ocrx_word' id='word_1_359' title='bbox 2464 1995 2529 2047; x_wconf 80' lang='grc' dir='ltr'>ἐκ</span> <span class='ocrx_word' id='word_1_360' title='bbox 2567 1995 2901 2067; x_wconf 81' lang='grc' dir='ltr'>παρθενικῆς</span> <span class='ocrx_word' id='word_1_361' title='bbox 2939 2001 3176 2071; x_wconf 86' lang='grc' dir='ltr'>γαστρὸς</span> <span class='ocrx_word' id='word_1_362' title='bbox 3200 2002 3503 2071; x_wconf 86' lang='grc' dir='ltr'>προελθεῖν.</span> <span class='ocrx_word' id='word_1_363' title='bbox 3542 2005 3648 2058; x_wconf 80' lang='grc' dir='ltr'>Ἦν</span> 
     </span>
    </p>
   </div>
   <div class='ocr_carea' id='block_1_50' title="bbox 2068 2076 3644 2162">
    <p class='ocr_par' dir='ltr' id='par_1_50' title="bbox 2068 2076 3644 2162">
     <span class='ocr_line' id='line_1_50' title="bbox 2068 2076 3644 2162; baseline 0.011 -34"><span class='ocrx_word' id='word_1_364' title='bbox 2068 2076 2177 2148; x_wconf 84' lang='grc' dir='ltr'><strong>γὰρ</strong></span> <span class='ocrx_word' id='word_1_365' title='bbox 2211 2078 2461 2135; x_wconf 82' lang='grc' dir='ltr'><strong>πλάττων</strong></span> <span class='ocrx_word' id='word_1_366' title='bbox 2509 2083 2608 2136; x_wconf 76' lang='grc' dir='ltr'>οὐκ</span> <span class='ocrx_word' id='word_1_367' title='bbox 2659 2085 2960 2157; x_wconf 85' lang='grc' dir='ltr'>ὲμολύνθη,</span> <span class='ocrx_word' id='word_1_368' title='bbox 2999 2087 3087 2140; x_wconf 81' lang='grc' dir='ltr'>διὰ</span> <span class='ocrx_word' id='word_1_369' title='bbox 3115 2089 3314 2160; x_wconf 82' lang='grc' dir='ltr'>ταύτης</span> <span class='ocrx_word' id='word_1_370' title='bbox 3343 2092 3644 2162; x_wconf 81' lang='grc' dir='ltr'>προελθὼν,</span> 
     </span>
    </p>
   </div>
   <div class='ocr_carea' id='block_1_51' title="bbox 2066 2171 3646 2256">
    <p class='ocr_par' dir='ltr' id='par_1_51' title="bbox 2066 2171 3646 2256">
     <span class='ocr_line' id='line_1_51' title="bbox 2066 2171 3646 2256; baseline 0.011 -34"><span class='ocrx_word' id='word_1_371' title='bbox 2066 2171 2165 2223; x_wconf 84' lang='grc' dir='ltr'>οὐκ</span> <span class='ocrx_word' id='word_1_372' title='bbox 2199 2173 2450 2244; x_wconf 78' lang='grc' dir='ltr'>ἐμιάνθη,</span> <span class='ocrx_word' id='word_1_373' title='bbox 2472 2176 2534 2227; x_wconf 87' lang='grc' dir='ltr'>Ὤ</span> <span class='ocrx_word' id='word_1_374' title='bbox 2551 2177 2784 2250; x_wconf 82' lang='grc' dir='ltr'>γαστὴρ,</span> <span class='ocrx_word' id='word_1_375' title='bbox 2807 2180 2868 2232; x_wconf 84' lang='grc' dir='ltr'><strong>ὲν</strong></span> <span class='ocrx_word' id='word_1_376' title='bbox 2894 2175 3009 2254; x_wconf 86' lang='grc' dir='ltr'><strong>τὸ</strong></span> <span class='ocrx_word' id='word_1_377' title='bbox 3030 2182 3128 2251; x_wconf 82' lang='grc' dir='ltr'>τῆς</span> <span class='ocrx_word' id='word_1_378' title='bbox 3156 2182 3467 2255; x_wconf 75' lang='grc' dir='ltr'>ἐλευθερίας</span> <span class='ocrx_word' id='word_1_379' title='bbox 3486 2187 3646 2256; x_wconf 76' lang='grc' dir='ltr'>ἡμῶν</span> 
     </span>
    </p>
   </div>
   <div class='ocr_carea' id='block_1_52' title="bbox 2066 2268 3644 2347">
    <p class='ocr_par' dir='ltr' id='par_1_52' title="bbox 2066 2268 3644 2347">
     <span class='ocr_line' id='line_1_52' title="bbox 2066 2268 3644 2347; baseline 0.01 -31"><span class='ocrx_word' id='word_1_380' title='bbox 2066 2269 2444 2335; x_wconf 82' lang='grc' dir='ltr'>γραμματεῖον</span> <span class='ocrx_word' id='word_1_381' title='bbox 2500 2270 2802 2341; x_wconf 70' lang='grc' dir='ltr'>συνετάγηε</span> <span class='ocrx_word' id='word_1_382' title='bbox 2831 2271 2876 2324; x_wconf 84' lang='grc' dir='ltr'><strong>ὣ</strong></span> <span class='ocrx_word' id='word_1_383' title='bbox 2903 2272 3100 2336; x_wconf 78' lang='grc' dir='ltr'>κοιλία,</span> <span class='ocrx_word' id='word_1_384' title='bbox 3133 2274 3191 2326; x_wconf 79' lang='grc' dir='ltr'>ἐν</span> <span class='ocrx_word' id='word_1_385' title='bbox 3281 2275 3340 2328; x_wconf 88' lang='grc' dir='ltr'><strong>τὸ</strong></span> <span class='ocrx_word' id='word_1_386' title='bbox 3373 2278 3514 2330; x_wconf 74' lang='grc' dir='ltr'>κατὰ</span> <span class='ocrx_word' id='word_1_387' title='bbox 3546 2277 3644 2330; x_wconf 79' lang='grc' dir='ltr'>τοῦ</span> 
     </span>
    </p>
   </div>
   <div class='ocr_carea' id='block_1_53' title="bbox 2065 2357 3645 2440">
    <p class='ocr_par' dir='ltr' id='par_1_53' title="bbox 2065 2357 3645 2440">
     <span class='ocr_line' id='line_1_53' title="bbox 2065 2357 3645 2440; baseline 0.009 -33"><span class='ocrx_word' id='word_1_388' title='bbox 2065 2357 2308 2410; x_wconf 78' lang='grc' dir='ltr'>διαϐόλου</span> <span class='ocrx_word' id='word_1_389' title='bbox 2339 2357 2500 2412; x_wconf 83' lang='grc' dir='ltr'>ὅπλον</span> <span class='ocrx_word' id='word_1_390' title='bbox 2532 2361 2864 2432; x_wconf 71' lang='grc' dir='ltr'>ὲχαλκεύθηῑ</span> <span class='ocrx_word' id='word_1_391' title='bbox 2887 2361 2932 2415; x_wconf 84' lang='grc' dir='ltr'><strong>ὢ</strong></span> <span class='ocrx_word' id='word_1_392' title='bbox 2962 2364 3189 2436; x_wconf 83' lang='grc' dir='ltr'>ἄρουρα,</span> <span class='ocrx_word' id='word_1_393' title='bbox 3217 2368 3275 2418; x_wconf 80' lang='grc' dir='ltr'>ἐν</span> <span class='ocrx_word' id='word_1_394' title='bbox 3353 2370 3383 2420; x_wconf 84' lang='grc' dir='ltr'>ὁ</span> <span class='ocrx_word' id='word_1_395' title='bbox 3413 2369 3512 2438; x_wconf 82' lang='grc' dir='ltr'>τῆς</span> <span class='ocrx_word' id='word_1_396' title='bbox 3541 2369 3645 2437; x_wconf 71' lang='grc' dir='ltr'><strong>φύ-</strong></span> 
     </span>
    </p>
   </div>
   <div class='ocr_carea' id='block_1_54' title="bbox 2068 2449 3647 2529">
    <p class='ocr_par' dir='ltr' id='par_1_54' title="bbox 2068 2449 3647 2529">
     <span class='ocr_line' id='line_1_54' title="bbox 2068 2449 3647 2529; baseline 0.009 -30"><span class='ocrx_word' id='word_1_397' title='bbox 2068 2463 2204 2510; x_wconf 89' lang='grc' dir='ltr'>σεως</span> <span class='ocrx_word' id='word_1_398' title='bbox 2234 2449 2478 2520; x_wconf 84' lang='grc' dir='ltr'>γεωργὸς</span> <span class='ocrx_word' id='word_1_399' title='bbox 2504 2451 2595 2505; x_wconf 91' lang='grc' dir='ltr'><strong>τὸν</strong></span> <span class='ocrx_word' id='word_1_400' title='bbox 2623 2453 2861 2522; x_wconf 80' lang='grc' dir='ltr'>ἄσταχυν</span> <span class='ocrx_word' id='word_1_401' title='bbox 2895 2454 3152 2528; x_wconf 88' lang='grc' dir='ltr'>ἀσπόρως</span> <span class='ocrx_word' id='word_1_402' title='bbox 3196 2456 3561 2529; x_wconf 73' lang='grc' dir='ltr'>ἐϐλάστησενε</span> <span class='ocrx_word' id='word_1_403' title='bbox 3597 2459 3647 2512; x_wconf 84' lang='grc' dir='ltr'><strong>ὣ</strong></span> 
     </span>
    </p>
   </div>
   <div class='ocr_carea' id='block_1_55' title="bbox 2066 2533 3643 2620">
    <p class='ocr_par' dir='ltr' id='par_1_55' title="bbox 2066 2533 3643 2620">
     <span class='ocr_line' id='line_1_55' title="bbox 2066 2533 3643 2620; baseline 0.007 -28"><span class='ocrx_word' id='word_1_404' title='bbox 2066 2539 2213 2602; x_wconf 85' lang='grc' dir='ltr'>ναὸς,</span> <span class='ocrx_word' id='word_1_405' title='bbox 2251 2542 2308 2592; x_wconf 80' lang='grc' dir='ltr'>ὲν</span> <span class='ocrx_word' id='word_1_406' title='bbox 2399 2541 2530 2606; x_wconf 87' lang='grc' dir='ltr'>Θεὸς</span> <span class='ocrx_word' id='word_1_407' title='bbox 2562 2543 2784 2611; x_wconf 83' lang='grc' dir='ltr'>γέγονεν</span> <span class='ocrx_word' id='word_1_408' title='bbox 2813 2545 2992 2615; x_wconf 84' lang='grc' dir='ltr'>ἱερεύς</span> <span class='ocrx_word' id='word_1_409' title='bbox 3016 2564 3028 2576; x_wconf 66' lang='grc' dir='ltr'><strong><em>ο</em></strong></span> <span class='ocrx_word' id='word_1_410' title='bbox 3063 2548 3124 2599; x_wconf 83' lang='grc' dir='ltr'><strong>οὑ</strong></span> <span class='ocrx_word' id='word_1_411' title='bbox 3151 2549 3248 2619; x_wconf 81' lang='grc' dir='ltr'><strong>τὴν</strong></span> <span class='ocrx_word' id='word_1_412' title='bbox 3278 2549 3437 2618; x_wconf 72' lang='grc' dir='ltr'>φύσιν</span> <span class='ocrx_word' id='word_1_413' title='bbox 3471 2569 3643 2620; x_wconf 82' lang='grc' dir='ltr'>μετα-</span> 
     </span>
    </p>
   </div>
   <div class='ocr_carea' id='block_1_56' title="bbox 2067 2629 3639 2711">
    <p class='ocr_par' dir='ltr' id='par_1_56' title="bbox 2067 2629 3639 2711">
     <span class='ocr_line' id='line_1_56' title="bbox 2067 2629 3639 2711; baseline 0.008 -28"><span class='ocrx_word' id='word_1_414' title='bbox 2067 2631 2260 2693; x_wconf 77' lang='grc' dir='ltr'>ϐαλὼν,</span> <span class='ocrx_word' id='word_1_415' title='bbox 2299 2632 2434 2686; x_wconf 86' lang='grc' dir='ltr'>ἀλλὰ</span> <span class='ocrx_word' id='word_1_416' title='bbox 2463 2634 2552 2686; x_wconf 88' lang='grc' dir='ltr'><strong>τὸν</strong></span> <span class='ocrx_word' id='word_1_417' title='bbox 2583 2635 2724 2689; x_wconf 80' lang='grc' dir='ltr'>κατὰ</span> <span class='ocrx_word' id='word_1_418' title='bbox 2743 2636 2838 2707; x_wconf 76' lang='grc' dir='ltr'><strong>τὴν</strong></span> <span class='ocrx_word' id='word_1_419' title='bbox 2871 2638 3025 2704; x_wconf 79' lang='grc' dir='ltr'>τάξιν</span> <span class='ocrx_word' id='word_1_420' title='bbox 3050 2639 3143 2692; x_wconf 81' lang='grc' dir='ltr'>τοῦ</span> <span class='ocrx_word' id='word_1_421' title='bbox 3187 2629 3522 2711; x_wconf 63' lang='grc' dir='ltr'>Μελχισεδὲκ</span> <span class='ocrx_word' id='word_1_422' title='bbox 3567 2645 3639 2695; x_wconf 79' lang='grc' dir='ltr'>δι’</span> 
     </span>
    </p>
   </div>
   <div class='ocr_carea' id='block_1_57' title="bbox 2065 2719 3644 2802">
    <p class='ocr_par' dir='ltr' id='par_1_57' title="bbox 2065 2719 3644 2802">
     <span class='ocr_line' id='line_1_57' title="bbox 2065 2719 3644 2802; baseline 0.008 -26"><span class='ocrx_word' id='word_1_423' title='bbox 2065 2719 2245 2777; x_wconf 77' lang='grc' dir='ltr'>οἶκτον</span> <span class='ocrx_word' id='word_1_424' title='bbox 2287 2724 2678 2795; x_wconf 78' lang='grc' dir='ltr'>ἐνδυσάμενοςὲ</span> <span class='ocrx_word' id='word_1_425' title='bbox 2722 2729 2783 2781; x_wconf 82' lang='lat'><strong>&#39;0</strong></span> <span class='ocrx_word' id='word_1_426' title='bbox 2825 2730 3013 2798; x_wconf 70' lang='grc' dir='ltr'>Λόγος</span> <span class='ocrx_word' id='word_1_427' title='bbox 3057 2731 3215 2800; x_wconf 80' lang='grc' dir='ltr'>σὰρξ</span> <span class='ocrx_word' id='word_1_428' title='bbox 3242 2733 3499 2802; x_wconf 77' lang='grc' dir='ltr'><strong>ἐγένετο.</strong></span> <span class='ocrx_word' id='word_1_429' title='bbox 3533 2735 3644 2790; x_wconf 55' lang='grc' dir='ltr'><strong>κᾶν</strong></span> 
     </span>
    </p>
   </div>
   <div class='ocr_carea' id='block_1_58' title="bbox 2077 2816 3642 2899">
    <p class='ocr_par' dir='ltr' id='par_1_58' title="bbox 2077 2816 3642 2899">
     <span class='ocr_line' id='line_1_58' title="bbox 2077 2816 3642 2899; baseline 0.008 -30"><span class='ocrx_word' id='word_1_430' title='bbox 2077 2816 2319 2870; x_wconf 85' lang='grc' dir='ltr'>Ἰουδαῖοι</span> <span class='ocrx_word' id='word_1_431' title='bbox 2347 2818 2670 2871; x_wconf 81' lang='grc' dir='ltr'>ἀπιστῶσιν.</span> <span class='ocrx_word' id='word_1_432' title='bbox 2704 2821 2760 2874; x_wconf 90' lang='grc' dir='ltr'><strong>Ὀ</strong></span> <span class='ocrx_word' id='word_1_433' title='bbox 2793 2822 2925 2884; x_wconf 85' lang='grc' dir='ltr'>Θεὸς</span> <span class='ocrx_word' id='word_1_434' title='bbox 2961 2825 3174 2896; x_wconf 85' lang='grc' dir='ltr'>μορφὴν</span> <span class='ocrx_word' id='word_1_435' title='bbox 3204 2826 3488 2899; x_wconf 84' lang='grc' dir='ltr'>ἀνθρώπου</span> <span class='ocrx_word' id='word_1_436' title='bbox 3515 2829 3642 2897; x_wconf 74' lang='grc' dir='ltr'><strong>ἐφό-</strong></span> 
     </span>
    </p>
   </div>
   <div class='ocr_carea' id='block_1_59' title="bbox 2068 2908 3637 2992">
    <p class='ocr_par' dir='ltr' id='par_1_59' title="bbox 2068 2908 3637 2992">
     <span class='ocr_line' id='line_1_59' title="bbox 2068 2908 3637 2992; baseline 0.01 -32"><span class='ocrx_word' id='word_1_437' title='bbox 2068 2925 2225 2979; x_wconf 89' lang='grc' dir='ltr'>ρεσεν</span> <span class='ocrx_word' id='word_1_438' title='bbox 2269 2908 2504 2980; x_wconf 83' lang='grc' dir='ltr'>ἀληθῶς,</span> <span class='ocrx_word' id='word_1_439' title='bbox 2541 2913 2644 2965; x_wconf 80' lang='grc' dir='ltr'><strong>κᾶν</strong></span> <span class='ocrx_word' id='word_1_440' title='bbox 2687 2913 2943 2986; x_wconf 83' lang='grc' dir='ltr'>’Έλληνες</span> <span class='ocrx_word' id='word_1_441' title='bbox 2988 2919 3290 2988; x_wconf 83' lang='grc' dir='ltr'>κωμῳδῶσι</span> <span class='ocrx_word' id='word_1_442' title='bbox 3328 2921 3389 2974; x_wconf 90' lang='grc' dir='ltr'><strong>τὸ</strong></span> <span class='ocrx_word' id='word_1_443' title='bbox 3431 2921 3637 2992; x_wconf 78' lang='grc' dir='ltr'>θαῦμα.</span> 
     </span>
    </p>
   </div>
   <div class='ocr_carea' id='block_1_60' title="bbox 2064 3001 3639 3081">
    <p class='ocr_par' dir='ltr' id='par_1_60' title="bbox 2064 3001 3639 3081">
     <span class='ocr_line' id='line_1_60' title="bbox 2064 3001 3639 3081; baseline 0.01 -29"><span class='ocrx_word' id='word_1_444' title='bbox 2064 3001 2164 3053; x_wconf 84' lang='grc' dir='ltr'><strong>Διὰ</strong></span> <span class='ocrx_word' id='word_1_445' title='bbox 2190 3001 2298 3073; x_wconf 83' lang='grc' dir='ltr'><strong>γὰρ</strong></span> <span class='ocrx_word' id='word_1_446' title='bbox 2318 3001 2477 3056; x_wconf 81' lang='grc' dir='ltr'>τοῦτο</span> <span class='ocrx_word' id='word_1_447' title='bbox 2495 3021 2507 3034; x_wconf 88' lang='grc'><strong>·</strong></span> <span class='ocrx_word' id='word_1_448' title='bbox 2541 3003 2842 3071; x_wconf 81' lang='grc' dir='ltr'>Ἰουδαίοις</span> <span class='ocrx_word' id='word_1_449' title='bbox 2862 3007 2980 3077; x_wconf 80' lang='grc' dir='ltr'><strong>μὲν</strong></span> <span class='ocrx_word' id='word_1_450' title='bbox 3003 3010 3639 3081; x_wconf 67' lang='grc' dir='ltr'>σκάνδαλον-,Ἕλλησι</span> 
     </span>
    </p>
   </div>
   <div class='ocr_carea' id='block_1_61' title="bbox 359 3061 1958 3185">
    <p class='ocr_par' dir='ltr' id='par_1_61' title="bbox 359 3061 1958 3155">
     <span class='ocr_line' id='line_1_61' title="bbox 359 3061 1958 3155; baseline -0.003 -15"><span class='ocrx_word' id='word_1_451' title='bbox 359 3061 505 3140; x_wconf 52' lang='grc' dir='ltr'>’ξατο</span> <span class='ocrx_word' id='word_1_452' title='bbox 534 3086 736 3155; x_wconf 82' lang='lat' dir='ltr'><strong>factum</strong></span> <span class='ocrx_word' id='word_1_453' title='bbox 755 3094 830 3139; x_wconf 85' lang='lat' dir='ltr'><strong>est</strong></span> <span class='ocrx_word' id='word_1_454' title='bbox 850 3085 895 3115; x_wconf 82' lang='lat'>&quot;</span> <span class='ocrx_word' id='word_1_455' title='bbox 918 3123 932 3147; x_wconf 94' lang='lat'><strong>,</strong></span> <span class='ocrx_word' id='word_1_456' title='bbox 952 3098 1266 3154; x_wconf 86' lang='lat' dir='ltr'><strong>quanquam</strong></span> <span class='ocrx_word' id='word_1_457' title='bbox 1294 3080 1466 3137; x_wconf 63' lang='lat' dir='ltr'><strong>Judazi</strong></span> <span class='ocrx_word' id='word_1_458' title='bbox 1493 3083 1694 3138; x_wconf 86' lang='lat' dir='ltr'><strong>dicenti</strong></span> <span class='ocrx_word' id='word_1_459' title='bbox 1729 3081 1958 3136; x_wconf 88' lang='lat' dir='ltr'><strong>Domino</strong></span> 
     </span>
    </p>
   </div>
   <div class='ocr_carea' id='block_1_62' title="bbox 2066 3061 3640 3185">
    <p class='ocr_par' dir='ltr' id='par_1_62' title="bbox 2066 3061 3640 3185">
     <span class='ocr_line' id='line_1_62' title="bbox 2066 3061 3640 3185; baseline 0.01 -41"><span class='ocrx_word' id='word_1_460' title='bbox 2150 3061 2399 3161; x_wconf 61' lang='grc' dir='ltr'>μωρίαν,</span> <span class='ocrx_word' id='word_1_461' title='bbox 2429 3095 2457 3147; x_wconf 91' lang='grc' dir='ltr'><strong>ό</strong></span> <span class='ocrx_word' id='word_1_462' title='bbox 2492 3095 2702 3159; x_wconf 80' lang='grc' dir='ltr'>Παῦλος</span> <span class='ocrx_word' id='word_1_463' title='bbox 2743 3061 2891 3152; x_wconf 68' lang='grc' dir='ltr'>ιεὲσῖ.</span> <span class='ocrx_word' id='word_1_464' title='bbox 2927 3061 3030 3154; x_wconf 83' lang='grc' dir='ltr'><strong>Τοῦ</strong></span> <span class='ocrx_word' id='word_1_465' title='bbox 3068 3061 3640 3176; x_wconf 42' lang='grc' dir='ltr'><strong>ἦρ’</strong></span> 
     </span>
    </p>
   </div>
   <div class='ocr_carea' id='block_1_63' title="bbox 377 3161 1956 3240">
    <p class='ocr_par' dir='ltr' id='par_1_63' title="bbox 377 3161 1956 3240">
     <span class='ocr_line' id='line_1_63' title="bbox 377 3161 1956 3240; baseline -0.004 -7"><span class='ocrx_word' id='word_1_466' title='bbox 377 3194 486 3234; x_wconf 90' lang='lat' dir='ltr'><strong>non</strong></span> <span class='ocrx_word' id='word_1_467' title='bbox 510 3178 755 3232; x_wconf 88' lang='lat' dir='ltr'><strong>credant.</strong></span> <span class='ocrx_word' id='word_1_468' title='bbox 798 3173 937 3232; x_wconf 84' lang='lat' dir='ltr'><strong>Vere</strong></span> <span class='ocrx_word' id='word_1_469' title='bbox 989 3173 1132 3229; x_wconf 90' lang='lat' dir='ltr'><strong>Deus</strong></span> <span class='ocrx_word' id='word_1_470' title='bbox 1174 3173 1405 3227; x_wconf 88' lang='lat' dir='ltr'><strong>formam</strong></span> <span class='ocrx_word' id='word_1_471' title='bbox 1456 3173 1696 3229; x_wconf 89' lang='lat' dir='ltr'><strong>hominis</strong></span> <span class='ocrx_word' id='word_1_472' title='bbox 1742 3161 1956 3240; x_wconf 78' lang='lat' dir='ltr'><strong>induit,</strong></span> 
     </span>
    </p>
   </div>
   <div class='ocr_carea' id='block_1_64' title="bbox 377 3265 1958 3340">
    <p class='ocr_par' dir='ltr' id='par_1_64' title="bbox 377 3265 1958 3340">
     <span class='ocr_line' id='line_1_64' title="bbox 377 3265 1958 3340; baseline -0.003 -16"><span class='ocrx_word' id='word_1_473' title='bbox 377 3271 594 3326; x_wconf 84' lang='lat' dir='ltr'><strong>tametsi</strong></span> <span class='ocrx_word' id='word_1_474' title='bbox 625 3269 856 3340; x_wconf 79' lang='lat' dir='ltr'><strong>gentiles</strong></span> <span class='ocrx_word' id='word_1_475' title='bbox 881 3268 1204 3322; x_wconf 89' lang='lat' dir='ltr'><strong>miraculum</strong></span> <span class='ocrx_word' id='word_1_476' title='bbox 1233 3265 1594 3320; x_wconf 89' lang='lat' dir='ltr'><strong>subsannent.</strong></span> <span class='ocrx_word' id='word_1_477' title='bbox 1621 3265 1704 3319; x_wconf 89' lang='lat' dir='ltr'><strong>0h</strong></span> <span class='ocrx_word' id='word_1_478' title='bbox 1731 3266 1782 3320; x_wconf 91' lang='lat' dir='ltr'><strong>id</strong></span> <span class='ocrx_word' id='word_1_479' title='bbox 1813 3266 1958 3320; x_wconf 89' lang='lat' dir='ltr'><strong>enim</strong></span> 
     </span>
    </p>
   </div>
   <div class='ocr_carea' id='block_1_65' title="bbox 377 3357 1957 3425">
    <p class='ocr_par' dir='ltr' id='par_1_65' title="bbox 377 3357 1957 3425">
     <span class='ocr_line' id='line_1_65' title="bbox 377 3357 1957 3425; baseline -0.005 -7"><span class='ocrx_word' id='word_1_480' title='bbox 377 3363 646 3418; x_wconf 89' lang='lat' dir='ltr'><strong>clamabat</strong></span> <span class='ocrx_word' id='word_1_481' title='bbox 676 3363 882 3416; x_wconf 88' lang='lat' dir='ltr'><strong>Paulus</strong></span> <span class='ocrx_word' id='word_1_482' title='bbox 917 3380 930 3414; x_wconf 89' lang='lat'>:</span> <span class='ocrx_word' id='word_1_483' title='bbox 965 3359 1170 3413; x_wconf 68' lang='lat' dir='ltr'><strong>Iudaeis</strong></span> <span class='ocrx_word' id='word_1_484' title='bbox 1204 3359 1412 3424; x_wconf 83' lang='lat' dir='ltr'><strong>quidem</strong></span> <span class='ocrx_word' id='word_1_485' title='bbox 1444 3357 1783 3420; x_wconf 79' lang='lat' dir='ltr'><strong>scandalum,</strong></span> <span class='ocrx_word' id='word_1_486' title='bbox 1821 3373 1957 3425; x_wconf 77' lang='lat' dir='ltr'><strong>gen-</strong></span> 
     </span>
    </p>
   </div>
   <div class='ocr_carea' id='block_1_66' title="bbox 379 3450 1954 3521">
    <p class='ocr_par' dir='ltr' id='par_1_66' title="bbox 379 3450 1954 3521">
     <span class='ocr_line' id='line_1_66' title="bbox 379 3450 1954 3521; baseline -0.004 -12"><span class='ocrx_word' id='word_1_487' title='bbox 379 3456 514 3511; x_wconf 88' lang='lat' dir='ltr'><strong>tibus</strong></span> <span class='ocrx_word' id='word_1_488' title='bbox 577 3472 696 3510; x_wconf 84' lang='lat' dir='ltr'><strong>vero</strong></span> <span class='ocrx_word' id='word_1_489' title='bbox 736 3454 1023 3510; x_wconf 76' lang='lat' dir='ltr'><strong>stultitiam</strong></span> <span class='ocrx_word' id='word_1_490' title='bbox 1055 3454 1120 3505; x_wconf 72' lang='grc'><strong>³³.</strong></span> <span class='ocrx_word' id='word_1_491' title='bbox 1156 3450 1290 3505; x_wconf 88' lang='lat' dir='ltr'><strong>Nam</strong></span> <span class='ocrx_word' id='word_1_492' title='bbox 1346 3466 1523 3519; x_wconf 88' lang='lat' dir='ltr'><strong>neque</strong></span> <span class='ocrx_word' id='word_1_493' title='bbox 1566 3451 1808 3521; x_wconf 88' lang='lat' dir='ltr'><strong>mysterii</strong></span> <span class='ocrx_word' id='word_1_494' title='bbox 1847 3451 1954 3503; x_wconf 92' lang='lat' dir='ltr'><strong>vim</strong></span> 
     </span>
    </p>
   </div>
   <div class='ocr_carea' id='block_1_67' title="bbox 375 3543 1958 3621">
    <p class='ocr_par' dir='ltr' id='par_1_67' title="bbox 375 3543 1958 3621">
     <span class='ocr_line' id='line_1_67' title="bbox 375 3543 1958 3621; baseline -0.004 -17"><span class='ocrx_word' id='word_1_495' title='bbox 375 3556 768 3621; x_wconf 79' lang='lat' dir='ltr'><strong>cognoverunt,</strong></span> <span class='ocrx_word' id='word_1_496' title='bbox 809 3563 874 3602; x_wconf 93' lang='lat' dir='ltr'><strong>eo</strong></span> <span class='ocrx_word' id='word_1_497' title='bbox 912 3544 1058 3616; x_wconf 90' lang='lat' dir='ltr'><strong>quod</strong></span> <span class='ocrx_word' id='word_1_498' title='bbox 1109 3543 1432 3598; x_wconf 86' lang='lat' dir='ltr'><strong>miraculum</strong></span> <span class='ocrx_word' id='word_1_499' title='bbox 1460 3551 1678 3612; x_wconf 90' lang='lat' dir='ltr'><strong>captum</strong></span> <span class='ocrx_word' id='word_1_500' title='bbox 1738 3552 1958 3612; x_wconf 89' lang='lat' dir='ltr'><strong>superet</strong></span> 
     </span>
    </p>
   </div>
   <div class='ocr_carea' id='block_1_68' title="bbox 373 3632 1953 3704">
    <p class='ocr_par' dir='ltr' id='par_1_68' title="bbox 373 3632 1953 3704">
     <span class='ocr_line' id='line_1_68' title="bbox 373 3632 1953 3704; baseline -0.007 -8"><span class='ocrx_word' id='word_1_501' title='bbox 373 3656 440 3696; x_wconf 87' lang='lat' dir='ltr'><strong>ac</strong></span> <span class='ocrx_word' id='word_1_502' title='bbox 462 3641 730 3694; x_wconf 86' lang='lat' dir='ltr'><strong>rationem</strong></span> <span class='ocrx_word' id='word_1_503' title='bbox 766 3657 780 3693; x_wconf 90' lang='lat'><strong>:</strong></span> <span class='ocrx_word' id='word_1_504' title='bbox 819 3636 878 3693; x_wconf 90' lang='lat' dir='ltr'><strong>Si</strong></span> <span class='ocrx_word' id='word_1_505' title='bbox 922 3637 1062 3691; x_wconf 86' lang='lat' dir='ltr'><strong>enim</strong></span> <span class='ocrx_word' id='word_1_506' title='bbox 1117 3634 1500 3704; x_wconf 80' lang='lat' dir='ltr'><strong>cognovissent,</strong></span> <span class='ocrx_word' id='word_1_507' title='bbox 1541 3649 1808 3702; x_wconf 84' lang='lat' dir='ltr'><strong>nunquam</strong></span> <span class='ocrx_word' id='word_1_508' title='bbox 1853 3632 1953 3686; x_wconf 90' lang='lat' dir='ltr'><strong>Do-</strong></span> 
     </span>
    </p>
   </div>
   <div class='ocr_carea' id='block_1_69' title="bbox 373 3727 1952 3806">
    <p class='ocr_par' dir='ltr' id='par_1_69' title="bbox 373 3727 1952 3806">
     <span class='ocr_line' id='line_1_69' title="bbox 373 3727 1952 3806; baseline -0.004 -16"><span class='ocrx_word' id='word_1_509' title='bbox 373 3736 576 3790; x_wconf 87' lang='lat' dir='ltr'><strong>minum</strong></span> <span class='ocrx_word' id='word_1_510' title='bbox 620 3733 805 3806; x_wconf 77' lang='lat' dir='ltr'><strong>gloriw</strong></span> <span class='ocrx_word' id='word_1_511' title='bbox 844 3732 1231 3800; x_wconf 76' lang='lat' dir='ltr'><strong>cruciﬁxissent</strong></span> <span class='ocrx_word' id='word_1_512' title='bbox 1259 3728 1323 3780; x_wconf 59' lang='grc' dir='ltr'>η.</span> <span class='ocrx_word' id='word_1_513' title='bbox 1367 3727 1482 3782; x_wconf 88' lang='lat' dir='ltr'><strong>Nisi</strong></span> <span class='ocrx_word' id='word_1_514' title='bbox 1522 3729 1667 3782; x_wconf 89' lang='lat' dir='ltr'><strong>enim</strong></span> <span class='ocrx_word' id='word_1_515' title='bbox 1714 3727 1952 3784; x_wconf 86' lang='lat' dir='ltr'><strong>Verbum</strong></span> 
     </span>
    </p>
   </div>
   <div class='ocr_carea' id='block_1_70' title="bbox 373 3821 1952 3895">
    <p class='ocr_par' dir='ltr' id='par_1_70' title="bbox 373 3821 1952 3895">
     <span class='ocr_line' id='line_1_70' title="bbox 373 3821 1952 3895; baseline -0.004 -13"><span class='ocrx_word' id='word_1_516' title='bbox 373 3836 589 3884; x_wconf 90' lang='lat' dir='ltr'><strong>uterum</strong></span> <span class='ocrx_word' id='word_1_517' title='bbox 641 3825 1040 3891; x_wconf 85' lang='lat' dir='ltr'><strong>inhabitasset,</strong></span> <span class='ocrx_word' id='word_1_518' title='bbox 1103 3839 1283 3895; x_wconf 88' lang='lat' dir='ltr'><strong>neque</strong></span> <span class='ocrx_word' id='word_1_519' title='bbox 1327 3837 1460 3878; x_wconf 89' lang='lat' dir='ltr'><strong>caro</strong></span> <span class='ocrx_word' id='word_1_520' title='bbox 1505 3821 1848 3877; x_wconf 83' lang='lat' dir='ltr'><strong>consedisset</strong></span> <span class='ocrx_word' id='word_1_521' title='bbox 1898 3823 1952 3876; x_wconf 92' lang='lat' dir='ltr'><strong>in</strong></span> 
     </span>
    </p>
   </div>
   <div class='ocr_carea' id='block_1_71' title="bbox 2062 3183 3638 3267">
    <p class='ocr_par' dir='ltr' id='par_1_71' title="bbox 2062 3183 3638 3267">
     <span class='ocr_line' id='line_1_71' title="bbox 2062 3183 3638 3267; baseline 0.01 -31"><span class='ocrx_word' id='word_1_522' title='bbox 2062 3183 2291 3256; x_wconf 84' lang='grc' dir='ltr'>δύναμιν</span> <span class='ocrx_word' id='word_1_523' title='bbox 2319 3187 2421 3240; x_wconf 84' lang='grc' dir='ltr'><strong>οὐκ</strong></span> <span class='ocrx_word' id='word_1_524' title='bbox 2458 3187 2723 3256; x_wconf 75' lang='grc' dir='ltr'>ἔγνωσαν,</span> <span class='ocrx_word' id='word_1_525' title='bbox 2747 3193 2935 3264; x_wconf 77' lang='grc' dir='ltr'>ἐπειδὴ</span> <span class='ocrx_word' id='word_1_526' title='bbox 2964 3194 3106 3265; x_wconf 85' lang='grc' dir='ltr'>ὑπὲρ</span> <span class='ocrx_word' id='word_1_527' title='bbox 3137 3195 3292 3264; x_wconf 84' lang='grc' dir='ltr'>λόγον</span> <span class='ocrx_word' id='word_1_528' title='bbox 3324 3197 3386 3250; x_wconf 88' lang='grc' dir='ltr'><strong>τὸ</strong></span> <span class='ocrx_word' id='word_1_529' title='bbox 3415 3197 3601 3267; x_wconf 77' lang='grc' dir='ltr'>θαῦμα</span> <span class='ocrx_word' id='word_1_530' title='bbox 3621 3214 3638 3227; x_wconf 81' lang='lat'><strong><em>°</em></strong></span> 
     </span>
    </p>
   </div>
   <div class='ocr_carea' id='block_1_72' title="bbox 2061 3277 3640 3355">
    <p class='ocr_par' dir='ltr' id='par_1_72' title="bbox 2061 3277 3640 3355">
     <span class='ocr_line' id='line_1_72' title="bbox 2061 3277 3640 3355; baseline 0.008 -27"><span class='ocrx_word' id='word_1_531' title='bbox 2061 3277 2132 3329; x_wconf 83' lang='lat' dir='ltr'><strong>El</strong></span> <span class='ocrx_word' id='word_1_532' title='bbox 2174 3277 2282 3345; x_wconf 78' lang='grc' dir='ltr'><strong>γὰρ</strong></span> <span class='ocrx_word' id='word_1_533' title='bbox 2307 3277 2603 3348; x_wconf 77' lang='grc' dir='ltr'>ἔγνωσαν,</span> <span class='ocrx_word' id='word_1_534' title='bbox 2657 3285 2769 3337; x_wconf 87' lang='grc' dir='ltr'>οὐκ</span> <span class='ocrx_word' id='word_1_535' title='bbox 2804 3283 2880 3338; x_wconf 80' lang='grc' dir='ltr'><strong>ἂν</strong></span> <span class='ocrx_word' id='word_1_536' title='bbox 2913 3286 3020 3340; x_wconf 81' lang='grc' dir='ltr'><strong>τὸν</strong></span> <span class='ocrx_word' id='word_1_537' title='bbox 3052 3287 3270 3354; x_wconf 73' lang='grc' dir='ltr'>Κύριον</span> <span class='ocrx_word' id='word_1_538' title='bbox 3310 3287 3420 3355; x_wconf 85' lang='grc' dir='ltr'><strong>τῆς</strong></span> <span class='ocrx_word' id='word_1_539' title='bbox 3454 3289 3640 3354; x_wconf 77' lang='grc' dir='ltr'>δόξης</span> 
     </span>
    </p>
   </div>
   <div class='ocr_carea' id='block_1_73' title="bbox 2057 3368 3636 3452">
    <p class='ocr_par' dir='ltr' id='par_1_73' title="bbox 2057 3368 3636 3452">
     <span class='ocr_line' id='line_1_73' title="bbox 2057 3368 3636 3452; baseline 0.009 -32"><span class='ocrx_word' id='word_1_540' title='bbox 2057 3368 2468 3438; x_wconf 75' lang='grc' dir='ltr'>ἐσταύρωσαν.</span> <span class='ocrx_word' id='word_1_541' title='bbox 2511 3373 2571 3425; x_wconf 74' lang='lat' dir='ltr'><strong>Ei</strong></span> <span class='ocrx_word' id='word_1_542' title='bbox 2615 3374 2688 3446; x_wconf 84' lang='grc' dir='ltr'>μὴ</span> <span class='ocrx_word' id='word_1_543' title='bbox 2721 3376 2827 3445; x_wconf 81' lang='grc' dir='ltr'>γὰρ</span> <span class='ocrx_word' id='word_1_544' title='bbox 2873 3379 2901 3430; x_wconf 86' lang='lat'><strong>6</strong></span> <span class='ocrx_word' id='word_1_545' title='bbox 2935 3379 3104 3447; x_wconf 82' lang='grc' dir='ltr'>Λόγος</span> <span class='ocrx_word' id='word_1_546' title='bbox 3152 3379 3332 3450; x_wconf 77' lang='grc' dir='ltr'>ᾤκησε</span> <span class='ocrx_word' id='word_1_547' title='bbox 3373 3381 3636 3452; x_wconf 79' lang='grc' dir='ltr'>γαστέρα.</span> 
     </span>
    </p>
   </div>
   <div class='ocr_carea' id='block_1_74' title="bbox 2055 3458 3638 3540">
    <p class='ocr_par' dir='ltr' id='par_1_74' title="bbox 2055 3458 3638 3540">
     <span class='ocr_line' id='line_1_74' title="bbox 2055 3458 3638 3540; baseline 0.009 -30"><span class='ocrx_word' id='word_1_548' title='bbox 2055 3458 2155 3511; x_wconf 83' lang='grc' dir='ltr'>οὐκ</span> <span class='ocrx_word' id='word_1_549' title='bbox 2179 3459 2244 3512; x_wconf 86' lang='grc' dir='ltr'><strong>ἂν</strong></span> <span class='ocrx_word' id='word_1_550' title='bbox 2277 3461 2546 3533; x_wconf 84' lang='grc' dir='ltr'>ὲκαθέσθη</span> <span class='ocrx_word' id='word_1_551' title='bbox 2576 3466 2608 3534; x_wconf 84' lang='grc' dir='ltr'><strong>ἡ</strong></span> <span class='ocrx_word' id='word_1_552' title='bbox 2643 3466 2780 3536; x_wconf 77' lang='grc' dir='ltr'>σὰρξ</span> <span class='ocrx_word' id='word_1_553' title='bbox 2802 3467 2892 3520; x_wconf 76' lang='grc' dir='ltr'>ἐπὶ</span> <span class='ocrx_word' id='word_1_554' title='bbox 2915 3467 3009 3522; x_wconf 78' lang='grc' dir='ltr'>τοῦ</span> <span class='ocrx_word' id='word_1_555' title='bbox 3044 3469 3199 3537; x_wconf 78' lang='grc' dir='ltr'>ἁγίου</span> <span class='ocrx_word' id='word_1_556' title='bbox 3228 3469 3442 3540; x_wconf 82' lang='grc' dir='ltr'>θρόνου.</span> <span class='ocrx_word' id='word_1_557' title='bbox 3470 3473 3532 3523; x_wconf 85' lang='grc' dir='ltr'><strong>ΕΞ</strong></span> <span class='ocrx_word' id='word_1_558' title='bbox 3558 3471 3638 3540; x_wconf 78' lang='grc' dir='ltr'>τῷ</span> 
     </span>
    </p>
   </div>
   <div class='ocr_carea' id='block_1_75' title="bbox 2057 3550 3638 3633">
    <p class='ocr_par' dir='ltr' id='par_1_75' title="bbox 2057 3550 3638 3633">
     <span class='ocr_line' id='line_1_75' title="bbox 2057 3550 3638 3633; baseline 0.008 -31"><span class='ocrx_word' id='word_1_559' title='bbox 2057 3550 2177 3622; x_wconf 86' lang='grc' dir='ltr'>Θεῷ</span> <span class='ocrx_word' id='word_1_560' title='bbox 2207 3551 2364 3623; x_wconf 78' lang='grc' dir='ltr'>ὕϐρις</span> <span class='ocrx_word' id='word_1_561' title='bbox 2409 3557 2489 3618; x_wconf 87' lang='grc' dir='ltr'>εἰς</span> <span class='ocrx_word' id='word_1_562' title='bbox 2526 3557 2743 3628; x_wconf 84' lang='grc' dir='ltr'>μήτραν</span> <span class='ocrx_word' id='word_1_563' title='bbox 2791 3560 2857 3630; x_wconf 83' lang='grc' dir='ltr'>ἢν</span> <span class='ocrx_word' id='word_1_564' title='bbox 2902 3559 3136 3614; x_wconf 77' lang='grc' dir='ltr'>ἔπλασεν</span> <span class='ocrx_word' id='word_1_565' title='bbox 3170 3561 3368 3626; x_wconf 77' lang='grc' dir='ltr'>ἐλθεῖν,</span> <span class='ocrx_word' id='word_1_566' title='bbox 3404 3564 3511 3633; x_wconf 85' lang='grc' dir='ltr'>ἄρα</span> <span class='ocrx_word' id='word_1_567' title='bbox 3543 3564 3638 3615; x_wconf 71' lang='grc' dir='ltr'><strong>καὶ</strong></span> 
     </span>
    </p>
   </div>
   <div class='ocr_carea' id='block_1_76' title="bbox 2058 3641 3637 3725">
    <p class='ocr_par' dir='ltr' id='par_1_76' title="bbox 2058 3641 3637 3725">
     <span class='ocr_line' id='line_1_76' title="bbox 2058 3641 3637 3725; baseline 0.007 -30"><span class='ocrx_word' id='word_1_568' title='bbox 2058 3641 2120 3696; x_wconf 88' lang='grc' dir='ltr'><strong>τὸ</strong></span> <span class='ocrx_word' id='word_1_569' title='bbox 2147 3645 2258 3707; x_wconf 87' lang='grc' dir='ltr'>τοῖς</span> <span class='ocrx_word' id='word_1_570' title='bbox 2291 3645 2606 3716; x_wconf 85' lang='grc' dir='ltr'>ἀνθρώποις</span> <span class='ocrx_word' id='word_1_571' title='bbox 2648 3649 2938 3704; x_wconf 83' lang='grc' dir='ltr'>διακονεῖν.</span> <span class='ocrx_word' id='word_1_572' title='bbox 2979 3653 3089 3706; x_wconf 74' lang='grc' dir='ltr'><strong>Καὶ</strong></span> <span class='ocrx_word' id='word_1_573' title='bbox 3115 3654 3163 3706; x_wconf 80' lang='grc' dir='ltr'><strong>εί</strong></span> <span class='ocrx_word' id='word_1_574' title='bbox 3204 3653 3282 3724; x_wconf 83' lang='grc' dir='ltr'>τῷ</span> <span class='ocrx_word' id='word_1_575' title='bbox 3313 3654 3433 3725; x_wconf 87' lang='grc' dir='ltr'><strong>Θεῷ</strong></span> <span class='ocrx_word' id='word_1_576' title='bbox 3480 3654 3637 3725; x_wconf 77' lang='grc' dir='ltr'>ὕϐρις</span> 
     </span>
    </p>
   </div>
   <div class='ocr_carea' id='block_1_77' title="bbox 2059 3736 3633 3816">
    <p class='ocr_par' dir='ltr' id='par_1_77' title="bbox 2059 3736 3633 3816">
     <span class='ocr_line' id='line_1_77' title="bbox 2059 3736 3633 3816; baseline 0.007 -29"><span class='ocrx_word' id='word_1_577' title='bbox 2059 3737 2170 3799; x_wconf 88' lang='grc' dir='ltr'>τοῖς</span> <span class='ocrx_word' id='word_1_578' title='bbox 2191 3736 2500 3808; x_wconf 79' lang='grc' dir='ltr'>ἀνθρώποις</span> <span class='ocrx_word' id='word_1_579' title='bbox 2519 3739 2809 3810; x_wconf 85' lang='grc' dir='ltr'>διακονεῖν,</span> <span class='ocrx_word' id='word_1_580' title='bbox 2835 3744 2938 3798; x_wconf 82' lang='grc' dir='ltr'>οὐκ</span> <span class='ocrx_word' id='word_1_581' title='bbox 2965 3744 3034 3798; x_wconf 84' lang='grc' dir='ltr'><strong>ἂν</strong></span> <span class='ocrx_word' id='word_1_582' title='bbox 3051 3745 3121 3799; x_wconf 76' lang='grc' dir='ltr'>δι’</span> <span class='ocrx_word' id='word_1_583' title='bbox 3142 3747 3291 3816; x_wconf 72' lang='grc' dir='ltr'>ἡμᾶς</span> <span class='ocrx_word' id='word_1_584' title='bbox 3324 3746 3633 3816; x_wconf 75' lang='grc' dir='ltr'>ἐπτώχευσε</span> 
     </span>
    </p>
   </div>
   <div class='ocr_carea' id='block_1_78' title="bbox 2062 3825 2442 3890">
    <p class='ocr_par' dir='ltr' id='par_1_78' title="bbox 2062 3825 2442 3890">
     <span class='ocr_line' id='line_1_78' title="bbox 2062 3825 2442 3890; baseline 0.016 -13"><span class='ocrx_word' id='word_1_585' title='bbox 2062 3825 2316 3890; x_wconf 88' lang='grc' dir='ltr'>πλούσιος</span> <span class='ocrx_word' id='word_1_586' title='bbox 2348 3827 2442 3883; x_wconf 84' lang='grc' dir='ltr'>ὦν.</span> 
     </span>
    </p>
   </div>
   <div class='ocr_carea' id='block_1_79' title="bbox 369 3917 3633 4002">
    <p class='ocr_par' dir='ltr' id='par_1_79' title="bbox 369 3917 3633 4002">
     <span class='ocr_line' id='line_1_79' title="bbox 369 3917 3633 4002; baseline 0.002 -24"><span class='ocrx_word' id='word_1_587' title='bbox 369 3926 568 3978; x_wconf 79' lang='lat' dir='ltr'><strong>throno</strong></span> <span class='ocrx_word' id='word_1_588' title='bbox 595 3932 805 3978; x_wconf 89' lang='lat' dir='ltr'><strong>sancto.</strong></span> <span class='ocrx_word' id='word_1_589' title='bbox 832 3920 889 3975; x_wconf 92' lang='lat' dir='ltr'><strong>Si</strong></span> <span class='ocrx_word' id='word_1_590' title='bbox 921 3921 1030 3976; x_wconf 89' lang='lat' dir='ltr'><strong>Deo</strong></span> <span class='ocrx_word' id='word_1_591' title='bbox 1080 3919 1393 3989; x_wconf 65' lang='lat' dir='ltr'><strong>ignominiae</strong></span> <span class='ocrx_word' id='word_1_592' title='bbox 1441 3925 1614 3984; x_wconf 88' lang='lat' dir='ltr'><strong>esset,</strong></span> <span class='ocrx_word' id='word_1_593' title='bbox 1683 3917 1740 3972; x_wconf 90' lang='lat' dir='ltr'><strong>in</strong></span> <span class='ocrx_word' id='word_1_594' title='bbox 1808 3924 2022 3973; x_wconf 91' lang='lat' dir='ltr'><strong>uterum</strong></span> <span class='ocrx_word' id='word_1_595' title='bbox 2061 3921 2210 3976; x_wconf 90' lang='lat' dir='ltr'><strong>illabi</strong></span> <span class='ocrx_word' id='word_1_596' title='bbox 2259 3940 2421 3994; x_wconf 89' lang='lat' dir='ltr'><strong>quem</strong></span> <span class='ocrx_word' id='word_1_597' title='bbox 2469 3926 2585 3995; x_wconf 87' lang='lat' dir='ltr'><strong>ipse</strong></span> <span class='ocrx_word' id='word_1_598' title='bbox 2625 3927 2917 3997; x_wconf 82' lang='lat' dir='ltr'><strong>formarat,</strong></span> <span class='ocrx_word' id='word_1_599' title='bbox 2973 3939 3119 3986; x_wconf 90' lang='lat' dir='ltr'><strong>esset</strong></span> <span class='ocrx_word' id='word_1_600' title='bbox 3175 3947 3397 4002; x_wconf 87' lang='lat' dir='ltr'><strong>quoque</strong></span> <span class='ocrx_word' id='word_1_601' title='bbox 3433 3931 3633 4002; x_wconf 89' lang='lat' dir='ltr'><strong>probro</strong></span> 
     </span>
    </p>
   </div>
   <div class='ocr_carea' id='block_1_80' title="bbox 369 4013 3632 4096">
    <p class='ocr_par' dir='ltr' id='par_1_80' title="bbox 369 4013 3632 4096">
     <span class='ocr_line' id='line_1_80' title="bbox 369 4013 3632 4096; baseline 0.001 -22"><span class='ocrx_word' id='word_1_602' title='bbox 369 4020 678 4075; x_wconf 89' lang='lat' dir='ltr'><strong>hominibus</strong></span> <span class='ocrx_word' id='word_1_603' title='bbox 700 4019 1033 4072; x_wconf 87' lang='lat' dir='ltr'><strong>ministrare.</strong></span> <span class='ocrx_word' id='word_1_604' title='bbox 1062 4016 1216 4082; x_wconf 87' lang='lat' dir='ltr'><strong>Quod</strong></span> <span class='ocrx_word' id='word_1_605' title='bbox 1253 4015 1298 4071; x_wconf 92' lang='lat' dir='ltr'><strong>si</strong></span> <span class='ocrx_word' id='word_1_606' title='bbox 1341 4013 1453 4070; x_wconf 90' lang='lat' dir='ltr'><strong>Deo</strong></span> <span class='ocrx_word' id='word_1_607' title='bbox 1479 4021 1626 4071; x_wconf 91' lang='lat' dir='ltr'><strong>esset</strong></span> <span class='ocrx_word' id='word_1_608' title='bbox 1671 4014 1874 4085; x_wconf 89' lang='lat' dir='ltr'><strong>probro</strong></span> <span class='ocrx_word' id='word_1_609' title='bbox 1904 4016 2217 4074; x_wconf 89' lang='lat' dir='ltr'><strong>ministrare</strong></span> <span class='ocrx_word' id='word_1_610' title='bbox 2252 4019 2588 4088; x_wconf 89' lang='lat' dir='ltr'><strong>hominibus,</strong></span> <span class='ocrx_word' id='word_1_611' title='bbox 2643 4023 3064 4096; x_wconf 88' lang='lat' dir='ltr'><strong>haudquaquam</strong></span> <span class='ocrx_word' id='word_1_612' title='bbox 3125 4041 3247 4080; x_wconf 90' lang='lat' dir='ltr'><strong>cum</strong></span> <span class='ocrx_word' id='word_1_613' title='bbox 3280 4026 3431 4080; x_wconf 86' lang='lat' dir='ltr'><strong>dives</strong></span> <span class='ocrx_word' id='word_1_614' title='bbox 3464 4035 3632 4085; x_wconf 87' lang='lat' dir='ltr'><strong>esset,</strong></span> 
     </span>
    </p>
   </div>
   <div class='ocr_carea' id='block_1_81' title="bbox 368 4109 1366 4184">
    <p class='ocr_par' dir='ltr' id='par_1_81' title="bbox 368 4109 1366 4184">
     <span class='ocr_line' id='line_1_81' title="bbox 368 4109 1366 4184; baseline -0.004 -18"><span class='ocrx_word' id='word_1_615' title='bbox 368 4129 469 4184; x_wconf 90' lang='lat' dir='ltr'><strong>pro</strong></span> <span class='ocrx_word' id='word_1_616' title='bbox 498 4113 661 4166; x_wconf 90' lang='lat' dir='ltr'><strong>nobis</strong></span> <span class='ocrx_word' id='word_1_617' title='bbox 694 4126 899 4181; x_wconf 77' lang='lat' dir='ltr'><strong>egenus</strong></span> <span class='ocrx_word' id='word_1_618' title='bbox 929 4109 1106 4164; x_wconf 90' lang='lat' dir='ltr'><strong>factus</strong></span> <span class='ocrx_word' id='word_1_619' title='bbox 1129 4117 1274 4164; x_wconf 91' lang='lat' dir='ltr'><strong>esset</strong></span> <span class='ocrx_word' id='word_1_620' title='bbox 1301 4109 1366 4162; x_wconf 82' lang='lat'><strong>&quot;.</strong></span> 
     </span>
    </p>
   </div>
   <div class='ocr_carea' id='block_1_82' title="bbox 441 4203 1948 4274">
    <p class='ocr_par' dir='ltr' id='par_1_82' title="bbox 441 4203 1948 4274">
     <span class='ocr_line' id='line_1_82' title="bbox 441 4203 1948 4274; baseline -0.001 -16"><span class='ocrx_word' id='word_1_621' title='bbox 441 4204 528 4258; x_wconf 76' lang='lat' dir='ltr'><strong>IV.</strong></span> <span class='ocrx_word' id='word_1_622' title='bbox 565 4204 668 4270; x_wconf 87' lang='lat' dir='ltr'><strong>Qui</strong></span> <span class='ocrx_word' id='word_1_623' title='bbox 709 4220 802 4274; x_wconf 90' lang='lat' dir='ltr'><strong>per</strong></span> <span class='ocrx_word' id='word_1_624' title='bbox 837 4211 1089 4257; x_wconf 87' lang='lat' dir='ltr'><strong>naturam</strong></span> <span class='ocrx_word' id='word_1_625' title='bbox 1118 4203 1474 4274; x_wconf 87' lang='lat' dir='ltr'><strong>impassibilis</strong></span> <span class='ocrx_word' id='word_1_626' title='bbox 1499 4214 1635 4266; x_wconf 88' lang='lat' dir='ltr'><strong>erat,</strong></span> <span class='ocrx_word' id='word_1_627' title='bbox 1661 4204 1706 4258; x_wconf 89' lang='lat' dir='ltr'><strong>is</strong></span> <span class='ocrx_word' id='word_1_628' title='bbox 1728 4211 1948 4274; x_wconf 91' lang='lat' dir='ltr'><strong>propter</strong></span> 
     </span>
    </p>
   </div>
   <div class='ocr_carea' id='block_1_83' title="bbox 368 4294 1940 4364">
    <p class='ocr_par' dir='ltr' id='par_1_83' title="bbox 368 4294 1940 4364">
     <span class='ocr_line' id='line_1_83' title="bbox 368 4294 1940 4364; baseline -0.004 -10"><span class='ocrx_word' id='word_1_629' title='bbox 368 4313 522 4354; x_wconf 80' lang='lat' dir='ltr'><strong>suam</strong></span> <span class='ocrx_word' id='word_1_630' title='bbox 549 4295 979 4352; x_wconf 86' lang='lat' dir='ltr'><strong>misericordiam</strong></span> <span class='ocrx_word' id='word_1_631' title='bbox 999 4295 1183 4349; x_wconf 90' lang='lat' dir='ltr'><strong>multis</strong></span> <span class='ocrx_word' id='word_1_632' title='bbox 1200 4310 1258 4350; x_wconf 88' lang='lat' dir='ltr'><strong>se</strong></span> <span class='ocrx_word' id='word_1_633' title='bbox 1281 4295 1626 4364; x_wconf 91' lang='lat' dir='ltr'><strong>passionibus</strong></span> <span class='ocrx_word' id='word_1_634' title='bbox 1643 4294 1940 4349; x_wconf 87' lang='lat' dir='ltr'><strong>obnoxium</strong></span> 
     </span>
    </p>
   </div>
   <div class='ocr_carea' id='block_1_84' title="bbox 368 4385 1936 4458">
    <p class='ocr_par' dir='ltr' id='par_1_84' title="bbox 368 4385 1936 4458">
     <span class='ocr_line' id='line_1_84' title="bbox 368 4385 1936 4458; baseline -0.003 -15"><span class='ocrx_word' id='word_1_635' title='bbox 368 4389 514 4446; x_wconf 90' lang='lat' dir='ltr'><strong>fecit.</strong></span> <span class='ocrx_word' id='word_1_636' title='bbox 543 4387 976 4458; x_wconf 80' lang='lat' dir='ltr'><strong>Haudquaquam</strong></span> <span class='ocrx_word' id='word_1_637' title='bbox 1022 4386 1278 4442; x_wconf 90' lang='lat' dir='ltr'><strong>Christus</strong></span> <span class='ocrx_word' id='word_1_638' title='bbox 1303 4401 1369 4440; x_wconf 80' lang='lat' dir='ltr'><strong>ex</strong></span> <span class='ocrx_word' id='word_1_639' title='bbox 1408 4385 1658 4456; x_wconf 89' lang='lat' dir='ltr'><strong>profectu</strong></span> <span class='ocrx_word' id='word_1_640' title='bbox 1686 4385 1742 4439; x_wconf 92' lang='lat' dir='ltr'><strong>in</strong></span> <span class='ocrx_word' id='word_1_641' title='bbox 1771 4385 1936 4440; x_wconf 86' lang='lat' dir='ltr'><strong>Deum</strong></span> 
     </span>
    </p>
   </div>
   <div class='ocr_carea' id='block_1_85' title="bbox 437 4551 1491 4618">
    <p class='ocr_par' dir='ltr' id='par_1_85' title="bbox 437 4551 1491 4618">
     <span class='ocr_line' id='line_1_85' title="bbox 437 4551 1491 4618; baseline -0.004 -8"><span class='ocrx_word' id='word_1_642' title='bbox 437 4557 460 4588; x_wconf 83' lang='lat'><strong>’</strong></span> <span class='ocrx_word' id='word_1_643' title='bbox 490 4554 650 4610; x_wconf 81' lang='lat' dir='ltr'><strong>Joan.</strong></span> <span class='ocrx_word' id='word_1_644' title='bbox 687 4571 778 4618; x_wconf 86' lang='lat' dir='ltr'><strong>xx,</strong></span> <span class='ocrx_word' id='word_1_645' title='bbox 821 4553 913 4608; x_wconf 71' lang='lat'><strong>28.</strong></span> <span class='ocrx_word' id='word_1_646' title='bbox 1027 4554 1072 4585; x_wconf 85' lang='grc'><strong>¹⁰</strong></span> <span class='ocrx_word' id='word_1_647' title='bbox 1115 4551 1282 4608; x_wconf 87' lang='lat' dir='ltr'><strong>Ilehr.</strong></span> <span class='ocrx_word' id='word_1_648' title='bbox 1310 4567 1372 4615; x_wconf 90' lang='grc' dir='ltr'><strong>ιι,</strong></span> <span class='ocrx_word' id='word_1_649' title='bbox 1405 4551 1491 4606; x_wconf 73' lang='grc'><strong>14.</strong></span> 
     </span>
    </p>
   </div>
   <div class='ocr_carea' id='block_1_86' title="bbox 439 4623 964 4689">
    <p class='ocr_par' dir='ltr' id='par_1_86' title="bbox 439 4623 964 4689">
     <span class='ocr_line' id='line_1_86' title="bbox 439 4623 964 4689; baseline -0.008 -6"><span class='ocrx_word' id='word_1_650' title='bbox 439 4627 483 4659; x_wconf 77' lang='grc'>⁸⁸</span> <span class='ocrx_word' id='word_1_651' title='bbox 526 4627 570 4682; x_wconf 93' lang='lat' dir='ltr'><strong>ll</strong></span> <span class='ocrx_word' id='word_1_652' title='bbox 599 4627 727 4682; x_wconf 83' lang='lat' dir='ltr'><strong>Cor.</strong></span> <span class='ocrx_word' id='word_1_653' title='bbox 760 4640 882 4689; x_wconf 85' lang='lat' dir='ltr'><strong>vm,</strong></span> <span class='ocrx_word' id='word_1_654' title='bbox 910 4623 964 4679; x_wconf 91' lang='lat'><strong>9.</strong></span> 
     </span>
    </p>
   </div>
   <div class='ocr_carea' id='block_1_87' title="bbox 2122 4204 3631 4281">
    <p class='ocr_par' dir='ltr' id='par_1_87' title="bbox 2122 4204 3631 4281">
     <span class='ocr_line' id='line_1_87' title="bbox 2122 4204 3631 4281; baseline 0.005 -26"><span class='ocrx_word' id='word_1_655' title='bbox 2122 4206 2194 4256; x_wconf 86' lang='grc' dir='ltr'><strong>Δ’.</strong></span> <span class='ocrx_word' id='word_1_656' title='bbox 2233 4207 2326 4258; x_wconf 83' lang='grc' dir='ltr'>Ὧν</span> <span class='ocrx_word' id='word_1_657' title='bbox 2344 4207 2484 4261; x_wconf 76' lang='grc' dir='ltr'>κατὰ</span> <span class='ocrx_word' id='word_1_658' title='bbox 2501 4207 2662 4276; x_wconf 82' lang='grc' dir='ltr'>φύσιν</span> <span class='ocrx_word' id='word_1_659' title='bbox 2679 4209 2915 4281; x_wconf 83' lang='grc' dir='ltr'>ἀπαθὴς,</span> <span class='ocrx_word' id='word_1_660' title='bbox 2949 4209 3139 4278; x_wconf 82' lang='grc' dir='ltr'>γέγονε</span> <span class='ocrx_word' id='word_1_661' title='bbox 3165 4209 3231 4262; x_wconf 84' lang='grc' dir='ltr'>δι’</span> <span class='ocrx_word' id='word_1_662' title='bbox 3253 4204 3432 4262; x_wconf 77' lang='grc' dir='ltr'>οἶκτον</span> <span class='ocrx_word' id='word_1_663' title='bbox 3466 4210 3631 4264; x_wconf 81' lang='grc' dir='ltr'>πολυ-</span> 
     </span>
    </p>
   </div>
   <div class='ocr_carea' id='block_1_88' title="bbox 2053 4293 3624 4373">
    <p class='ocr_par' dir='ltr' id='par_1_88' title="bbox 2053 4293 3624 4373">
     <span class='ocr_line' id='line_1_88' title="bbox 2053 4293 3624 4373; baseline 0.006 -27"><span class='ocrx_word' id='word_1_664' title='bbox 2053 4293 2246 4366; x_wconf 81' lang='grc' dir='ltr'>παθής.</span> <span class='ocrx_word' id='word_1_665' title='bbox 2304 4299 2417 4351; x_wconf 84' lang='grc' dir='ltr'>Οὐκ</span> <span class='ocrx_word' id='word_1_666' title='bbox 2474 4302 2538 4353; x_wconf 85' lang='grc' dir='ltr'>ὲκ</span> <span class='ocrx_word' id='word_1_667' title='bbox 2588 4302 2874 4372; x_wconf 80' lang='grc' dir='ltr'>προκοπῆς</span> <span class='ocrx_word' id='word_1_668' title='bbox 2915 4302 3104 4370; x_wconf 81' lang='grc' dir='ltr'>γέγονε</span> <span class='ocrx_word' id='word_1_669' title='bbox 3140 4302 3269 4366; x_wconf 83' lang='grc' dir='ltr'>Θεὸς</span> <span class='ocrx_word' id='word_1_670' title='bbox 3307 4305 3334 4354; x_wconf 88' lang='lat'><strong>6</strong></span> <span class='ocrx_word' id='word_1_671' title='bbox 3367 4302 3624 4373; x_wconf 78' lang='grc' dir='ltr'>Χριστόςο</span> 
     </span>
    </p>
   </div>
   <div class='ocr_carea' id='block_1_89' title="bbox 2048 4385 3632 4469">
    <p class='ocr_par' dir='ltr' id='par_1_89' title="bbox 2048 4385 3632 4469">
     <span class='ocr_line' id='line_1_89' title="bbox 2048 4385 3632 4469; baseline 0.008 -31"><span class='ocrx_word' id='word_1_672' title='bbox 2048 4385 2141 4458; x_wconf 82' lang='grc' dir='ltr'><strong>Μὴ</strong></span> <span class='ocrx_word' id='word_1_673' title='bbox 2172 4389 2413 4456; x_wconf 80' lang='grc' dir='ltr'>γένοιτοῐ</span> <span class='ocrx_word' id='word_1_674' title='bbox 2445 4393 2579 4446; x_wconf 79' lang='grc' dir='ltr'>ἀλλὰ</span> <span class='ocrx_word' id='word_1_675' title='bbox 2602 4394 2734 4458; x_wconf 86' lang='grc' dir='ltr'>Θεὸς</span> <span class='ocrx_word' id='word_1_676' title='bbox 2757 4393 2853 4459; x_wconf 81' lang='grc' dir='ltr'><strong>ὢν,</strong></span> <span class='ocrx_word' id='word_1_677' title='bbox 2878 4394 2943 4447; x_wconf 86' lang='grc' dir='ltr'>δι’</span> <span class='ocrx_word' id='word_1_678' title='bbox 2974 4392 3152 4449; x_wconf 77' lang='grc' dir='ltr'>οἶκτον</span> <span class='ocrx_word' id='word_1_679' title='bbox 3180 4395 3401 4463; x_wconf 79' lang='grc' dir='ltr'>γέγονεν</span> <span class='ocrx_word' id='word_1_680' title='bbox 3422 4397 3632 4469; x_wconf 73' lang='grc' dir='ltr'>ἀνθρω-</span> 
     </span>
    </p>
   </div>
   <div class='ocr_carea' id='block_1_90' title="bbox 1611 4547 1958 4616">
    <p class='ocr_par' dir='ltr' id='par_1_90' title="bbox 1611 4550 1956 4606">
     <span class='ocr_line' id='line_1_90' title="bbox 1611 4550 1956 4606; baseline -0.003 -2"><span class='ocrx_word' id='word_1_681' title='bbox 1611 4553 1652 4582; x_wconf 85' lang='grc'>¹¹</span> <span class='ocrx_word' id='word_1_682' title='bbox 1695 4550 1837 4606; x_wconf 87' lang='lat' dir='ltr'><strong>Psal.</strong></span> <span class='ocrx_word' id='word_1_683' title='bbox 1869 4565 1956 4604; x_wconf 74' lang='lat' dir='ltr'><strong>(nx</strong></span> 
     </span>
    </p>
   </div>
   <div class='ocr_carea' id='block_1_91' title="bbox 2066 4547 3632 4616">
    <p class='ocr_par' dir='ltr' id='par_1_91' title="bbox 2066 4547 3632 4616">
     <span class='ocr_line' id='line_1_91' title="bbox 2066 4547 3632 4616; baseline 0.003 -16"><span class='ocrx_word' id='word_1_684' title='bbox 2066 4589 2077 4600; x_wconf 93' lang='lat'><strong>.</strong></span> <span class='ocrx_word' id='word_1_685' title='bbox 2157 4550 2200 4580; x_wconf 82' lang='grc'>¹²</span> <span class='ocrx_word' id='word_1_686' title='bbox 2236 4547 2392 4604; x_wconf 80' lang='lat' dir='ltr'><strong>Joan.</strong></span> <span class='ocrx_word' id='word_1_687' title='bbox 2438 4566 2476 4612; x_wconf 86' lang='lat' dir='ltr'><strong>t,</strong></span> <span class='ocrx_word' id='word_1_688' title='bbox 2512 4549 2600 4606; x_wconf 75' lang='lat' dir='ltr'><strong>M.</strong></span> <span class='ocrx_word' id='word_1_689' title='bbox 2681 4551 2726 4582; x_wconf 86' lang='grc'><strong>¹⁸</strong></span> <span class='ocrx_word' id='word_1_690' title='bbox 2765 4549 2939 4604; x_wconf 89' lang='lat' dir='ltr'><strong>lCor.</strong></span> <span class='ocrx_word' id='word_1_691' title='bbox 2986 4565 3022 4615; x_wconf 90' lang='grc' dir='ltr'><strong>ι,</strong></span> <span class='ocrx_word' id='word_1_692' title='bbox 3051 4549 3141 4604; x_wconf 78' lang='grc'><strong>25.</strong></span> <span class='ocrx_word' id='word_1_693' title='bbox 3219 4550 3265 4582; x_wconf 74' lang='grc'><strong>¹⁸</strong></span> <span class='ocrx_word' id='word_1_694' title='bbox 3297 4549 3315 4603; x_wconf 87' lang='grc'><strong>1</strong></span> <span class='ocrx_word' id='word_1_695' title='bbox 3343 4551 3467 4605; x_wconf 91' lang='lat' dir='ltr'><strong>Cor.</strong></span> <span class='ocrx_word' id='word_1_696' title='bbox 3503 4566 3564 4616; x_wconf 88' lang='grc' dir='ltr'><strong>ιι,</strong></span> <span class='ocrx_word' id='word_1_697' title='bbox 3596 4549 3632 4604; x_wconf 88' lang='lat'><strong>8</strong></span> 
     </span>
    </p>
   </div>
   <div class='ocr_carea' id='block_1_92' title="bbox 434 4761 1958 4844">
    <p class='ocr_par' dir='ltr' id='par_1_92' title="bbox 434 4767 1947 4844">
     <span class='ocr_line' id='line_1_92' title="bbox 434 4767 1947 4844; baseline -0.003 -18"><span class='ocrx_word' id='word_1_698' title='bbox 434 4770 549 4844; x_wconf 76' lang='grc'><strong>(15)</strong></span> <span class='ocrx_word' id='word_1_699' title='bbox 584 4769 813 4844; x_wconf 88' lang='lat' dir='ltr'><strong>Spicam_</strong></span> <span class='ocrx_word' id='word_1_700' title='bbox 852 4769 1037 4844; x_wconf 77' lang='lat' dir='ltr'><strong>edidit,</strong></span> <span class='ocrx_word' id='word_1_701' title='bbox 1065 4768 1157 4822; x_wconf 87' lang='grc' dir='ltr'><strong>τὸν</strong></span> <span class='ocrx_word' id='word_1_702' title='bbox 1205 4769 1451 4844; x_wconf 64' lang='grc' dir='ltr'>ᾅσταχυν</span> <span class='ocrx_word' id='word_1_703' title='bbox 1477 4767 1947 4844; x_wconf 30' lang='grc' dir='ltr'>ἐϐλάστησεεξδιι-</span> 
     </span>
    </p>
   </div>
   <div class='ocr_carea' id='block_1_93' title="bbox 2066 4761 3626 4844">
    <p class='ocr_par' dir='ltr' id='par_1_93' title="bbox 2066 4761 3626 4844">
     <span class='ocr_line' id='line_1_93' title="bbox 2066 4761 3626 4844; baseline -0.004 -25"><span class='ocrx_word' id='word_1_704' title='bbox 2066 4769 2109 4844; x_wconf 60' lang='lat' dir='ltr'><strong>in</strong></span> <span class='ocrx_word' id='word_1_705' title='bbox 2144 4765 2320 4819; x_wconf 86' lang='lat' dir='ltr'><strong>locum</strong></span> <span class='ocrx_word' id='word_1_706' title='bbox 2365 4763 2642 4844; x_wconf 54' lang='lat' dir='ltr'><strong>Anastasii</strong></span> <span class='ocrx_word' id='word_1_707' title='bbox 2667 4763 2791 4819; x_wconf 88' lang='lat' dir='ltr'><strong>vide</strong></span> <span class='ocrx_word' id='word_1_708' title='bbox 2841 4764 2920 4821; x_wconf 90' lang='lat' dir='ltr'><strong>sis</strong></span> <span class='ocrx_word' id='word_1_709' title='bbox 2960 4761 3315 4844; x_wconf 67' lang='lat' dir='ltr'><strong>Germ_o_iijum</strong></span> <span class='ocrx_word' id='word_1_710' title='bbox 3358 4761 3430 4816; x_wconf 85' lang='lat' dir='ltr'><strong>De</strong></span> <span class='ocrx_word' id='word_1_711' title='bbox 3466 4769 3626 4814; x_wconf 68' lang='lat' dir='ltr'><strong>ceter.</strong></span> 
     </span>
    </p>
   </div>
   <div class='ocr_carea' id='block_1_94' title="bbox 363 4833 3630 4909">
    <p class='ocr_par' dir='ltr' id='par_1_94' title="bbox 363 4833 3630 4909">
     <span class='ocr_line' id='line_1_94' title="bbox 363 4833 3630 4909; baseline -0.004 -12"><span class='ocrx_word' id='word_1_712' title='bbox 363 4833 470 4897; x_wconf 82' lang='lat' dir='ltr'><strong>iam</strong></span> <span class='ocrx_word' id='word_1_713' title='bbox 500 4833 710 4902; x_wconf 75' lang='lat' dir='ltr'><strong>active,</strong></span> <span class='ocrx_word' id='word_1_714' title='bbox 771 4841 886 4896; x_wconf 89' lang='lat' dir='ltr'><strong>sive</strong></span> <span class='ocrx_word' id='word_1_715' title='bbox 925 4842 1180 4894; x_wconf 84' lang='lat' dir='ltr'><strong>colonum</strong></span> <span class='ocrx_word' id='word_1_716' title='bbox 1228 4833 1384 4909; x_wconf 65' lang='lat' dir='ltr'><strong>illuni</strong></span> <span class='ocrx_word' id='word_1_717' title='bbox 1421 4839 1650 4894; x_wconf 88' lang='lat' dir='ltr'><strong>Proclus</strong></span> <span class='ocrx_word' id='word_1_718' title='bbox 1687 4833 1949 4909; x_wconf 81' lang='lat' dir='ltr'><strong>intelligat</strong></span> <span class='ocrx_word' id='word_1_719' title='bbox 2053 4839 2236 4909; x_wconf 68' lang='lat' dir='ltr'><strong>latret.</strong></span> <span class='ocrx_word' id='word_1_720' title='bbox 2267 4837 2393 4909; x_wconf 43' lang='lat' dir='ltr'><strong>ccc}.</strong></span> <span class='ocrx_word' id='word_1_721' title='bbox 2446 4833 2623 4909; x_wconf 23' lang='lat' dir='ltr'><strong>dog‘m.</strong></span> <span class='ocrx_word' id='word_1_722' title='bbox 2660 4844 2894 4909; x_wconf 71' lang='lat' dir='ltr'><strong>corrupt.</strong></span> <span class='ocrx_word' id='word_1_723' title='bbox 2927 4850 3050 4905; x_wconf 77' lang='lat' dir='ltr'><strong>pag.</strong></span> <span class='ocrx_word' id='word_1_724' title='bbox 3099 4833 3236 4909; x_wconf 73' lang='lat' dir='ltr'><strong>_I’_&gt;56.</strong></span> <span class='ocrx_word' id='word_1_725' title='bbox 3267 4835 3534 4909; x_wconf 58' lang='lat' dir='ltr'><strong>Ceterum</strong></span> <span class='ocrx_word' id='word_1_726' title='bbox 3573 4840 3630 4909; x_wconf 77' lang='lat' dir='ltr'><strong>et</strong></span> 
     </span>
    </p>
   </div>
   <div class='ocr_carea' id='block_1_95' title="bbox 366 4901 3625 4982">
    <p class='ocr_par' dir='ltr' id='par_1_95' title="bbox 366 4901 3625 4982">
     <span class='ocr_line' id='line_1_95' title="bbox 366 4901 3625 4982; baseline -0.004 -16"><span class='ocrx_word' id='word_1_727' title='bbox 366 4911 631 4982; x_wconf 85' lang='lat' dir='ltr'><strong>Spiritum</strong></span> <span class='ocrx_word' id='word_1_728' title='bbox 664 4901 912 4982; x_wconf 87' lang='lat' dir='ltr'><strong>sanctum</strong></span> <span class='ocrx_word' id='word_1_729' title='bbox 933 4952 948 4973; x_wconf 92' lang='lat'><strong>,</strong></span> <span class='ocrx_word' id='word_1_730' title='bbox 983 4911 1097 4982; x_wconf 79' lang='lat' dir='ltr'><strong>sive</strong></span> <span class='ocrx_word' id='word_1_731' title='bbox 1131 4910 1305 4980; x_wconf 90' lang='lat' dir='ltr'><strong>ipsum</strong></span> <span class='ocrx_word' id='word_1_732' title='bbox 1332 4908 1622 4982; x_wconf 45' lang='lat' dir='ltr'><strong>Verbum;</strong></span> <span class='ocrx_word' id='word_1_733' title='bbox 1652 4924 1775 4963; x_wconf 90' lang='lat' dir='ltr'><strong>nam</strong></span> <span class='ocrx_word' id='word_1_734' title='bbox 1810 4901 1948 4962; x_wconf 57' lang='lat' dir='ltr'><strong>ut&#39;ri-</strong></span> <span class='ocrx_word' id='word_1_735' title='bbox 2051 4901 2672 4982; x_wconf 25' lang='lat' dir='ltr'><strong>beontitlsﬁBya‘an’tinus</strong></span> <span class='ocrx_word' id='word_1_736' title='bbox 2705 4901 3061 4982; x_wconf 51' lang='lat' dir='ltr'><strong>lib._&#39;_I_co&#39;ntra</strong></span> <span class='ocrx_word' id='word_1_737' title='bbox 3091 4902 3306 4957; x_wconf 81' lang='lat' dir='ltr'><strong>Nestor.</strong></span> <span class='ocrx_word' id='word_1_738' title='bbox 3330 4901 3625 4982; x_wconf 50' lang='grc' dir='ltr'>εέ-Ιξιιίειεᾴ.</span> 
     </span>
    </p>
   </div>
   <div class='ocr_carea' id='block_1_96' title="bbox 361 4979 1944 5052">
    <p class='ocr_par' dir='ltr' id='par_1_96' title="bbox 361 4979 1944 5052">
     <span class='ocr_line' id='line_1_96' title="bbox 361 4979 1944 5052; baseline -0.002 -17"><span class='ocrx_word' id='word_1_739' title='bbox 361 4979 470 5052; x_wconf 82' lang='lat' dir='ltr'><strong>que</strong></span> <span class='ocrx_word' id='word_1_740' title='bbox 509 4983 770 5037; x_wconf 84' lang='lat' dir='ltr'><strong>tribuitur</strong></span> <span class='ocrx_word' id='word_1_741' title='bbox 793 4981 1047 5036; x_wconf 87' lang='lat' dir='ltr'><strong>formatio</strong></span> <span class='ocrx_word' id='word_1_742' title='bbox 1078 4979 1343 5052; x_wconf 28' lang='lat' dir='ltr'><strong>Do’miniei</strong></span> <span class='ocrx_word' id='word_1_743' title='bbox 1380 4981 1652 5052; x_wconf 76' lang='lat' dir='ltr'><strong>corporis,</strong></span> <span class='ocrx_word' id='word_1_744' title='bbox 1686 4989 1740 5034; x_wconf 87' lang='lat' dir='ltr'><strong>et</strong></span> <span class='ocrx_word' id='word_1_745' title='bbox 1765 4986 1944 5052; x_wconf 22' lang='lat' dir='ltr'><strong>eatut</strong></span> 
     </span>
    </p>
   </div>
   <div class='ocr_carea' id='block_1_97' title="bbox 363 5049 1942 5120">
    <p class='ocr_par' dir='ltr' id='par_1_97' title="bbox 363 5049 1942 5120">
     <span class='ocr_line' id='line_1_97' title="bbox 363 5049 1942 5120; baseline -0.003 -12"><span class='ocrx_word' id='word_1_746' title='bbox 363 5049 572 5120; x_wconf 76' lang='lat' dir='ltr'><strong>spicam</strong></span> <span class='ocrx_word' id='word_1_747' title='bbox 599 5053 880 5107; x_wconf 87' lang='lat' dir='ltr'><strong>Christum</strong></span> <span class='ocrx_word' id='word_1_748' title='bbox 937 5067 999 5106; x_wconf 89' lang='lat' dir='ltr'><strong>ac</strong></span> <span class='ocrx_word' id='word_1_749' title='bbox 1029 5051 1304 5104; x_wconf 85' lang='lat' dir='ltr'><strong>hominem</strong></span> <span class='ocrx_word' id='word_1_750' title='bbox 1348 5049 1493 5106; x_wconf 14' lang='lat' dir='ltr'><strong>sine,</strong></span> <span class='ocrx_word' id='word_1_751' title='bbox 1513 5051 1724 5106; x_wconf 84' lang='lat' dir='ltr'><strong>semine</strong></span> <span class='ocrx_word' id='word_1_752' title='bbox 1753 5049 1942 5104; x_wconf 88' lang='lat' dir='ltr'><strong>edide-</strong></span> 
     </span>
    </p>
   </div>
   <div class='ocr_carea' id='block_1_98' title="bbox 360 5120 1940 5190">
    <p class='ocr_par' dir='ltr' id='par_1_98' title="bbox 360 5120 1940 5190">
     <span class='ocr_line' id='line_1_98' title="bbox 360 5120 1940 5190; baseline -0.002 -13"><span class='ocrx_word' id='word_1_753' title='bbox 360 5130 530 5185; x_wconf 86' lang='lat' dir='ltr'><strong>runt;</strong></span> <span class='ocrx_word' id='word_1_754' title='bbox 576 5138 677 5177; x_wconf 88' lang='lat' dir='ltr'><strong>nec</strong></span> <span class='ocrx_word' id='word_1_755' title='bbox 723 5122 883 5176; x_wconf 86' lang='lat' dir='ltr'><strong>video</strong></span> <span class='ocrx_word' id='word_1_756' title='bbox 923 5131 979 5174; x_wconf 92' lang='lat' dir='ltr'><strong>ut</strong></span> <span class='ocrx_word' id='word_1_757' title='bbox 1013 5123 1338 5188; x_wconf 85' lang='lat' dir='ltr'><strong>interpretes</strong></span> <span class='ocrx_word' id='word_1_758' title='bbox 1390 5124 1457 5175; x_wconf 88' lang='lat' dir='ltr'><strong>ah</strong></span> <span class='ocrx_word' id='word_1_759' title='bbox 1490 5137 1551 5174; x_wconf 87' lang='lat' dir='ltr'><strong>ea</strong></span> <span class='ocrx_word' id='word_1_760' title='bbox 1599 5120 1719 5190; x_wconf 90' lang='lat' dir='ltr'><strong>ejus</strong></span> <span class='ocrx_word' id='word_1_761' title='bbox 1756 5120 1940 5190; x_wconf 87' lang='lat' dir='ltr'><strong>phrasi</strong></span> 
     </span>
    </p>
   </div>
   <div class='ocr_carea' id='block_1_99' title="bbox 361 5190 1942 5254">
    <p class='ocr_par' dir='ltr' id='par_1_99' title="bbox 361 5190 1942 5254">
     <span class='ocr_line' id='line_1_99' title="bbox 361 5190 1942 5254; baseline -0.002 -8"><span class='ocrx_word' id='word_1_762' title='bbox 361 5192 658 5247; x_wconf 86' lang='lat' dir='ltr'><strong>abhorrere</strong></span> <span class='ocrx_word' id='word_1_763' title='bbox 697 5192 1009 5254; x_wconf 86' lang='lat' dir='ltr'><strong>debuerint,</strong></span> <span class='ocrx_word' id='word_1_764' title='bbox 1047 5206 1110 5244; x_wconf 90' lang='lat' dir='ltr'><strong>ac</strong></span> <span class='ocrx_word' id='word_1_765' title='bbox 1143 5203 1336 5246; x_wconf 85' lang='lat' dir='ltr'><strong>neutro</strong></span> <span class='ocrx_word' id='word_1_766' title='bbox 1367 5192 1618 5246; x_wconf 88' lang='lat' dir='ltr'><strong>reddere.</strong></span> <span class='ocrx_word' id='word_1_767' title='bbox 1670 5190 1836 5244; x_wconf 85' lang='lat' dir='ltr'><strong>Paulo</strong></span> <span class='ocrx_word' id='word_1_768' title='bbox 1861 5191 1942 5244; x_wconf 91' lang='lat' dir='ltr'><strong>in-</strong></span> 
     </span>
    </p>
   </div>
   <div class='ocr_carea' id='block_1_100' title="bbox 359 5260 1941 5332">
    <p class='ocr_par' dir='ltr' id='par_1_100' title="bbox 359 5260 1941 5332">
     <span class='ocr_line' id='line_1_100' title="bbox 359 5260 1941 5332; baseline -0.003 -15"><span class='ocrx_word' id='word_1_769' title='bbox 359 5261 532 5317; x_wconf 76' lang='lat' dir='ltr'><strong>ferius</strong></span> <span class='ocrx_word' id='word_1_770' title='bbox 573 5263 627 5315; x_wconf 87' lang='lat' dir='ltr'><strong>in</strong></span> <span class='ocrx_word' id='word_1_771' title='bbox 675 5262 857 5316; x_wconf 83' lang='lat' dir='ltr'><strong>verbis</strong></span> <span class='ocrx_word' id='word_1_772' title='bbox 919 5261 1214 5332; x_wconf 31' lang='lat' dir='ltr'><strong>illiskﬁpa</strong></span> <span class='ocrx_word' id='word_1_773' title='bbox 1257 5263 1440 5316; x_wconf 75' lang='grc' dir='ltr'>καὶτὸ</span> <span class='ocrx_word' id='word_1_774' title='bbox 1476 5265 1588 5324; x_wconf 88' lang='grc' dir='ltr'>τοῖς</span> <span class='ocrx_word' id='word_1_775' title='bbox 1632 5260 1941 5332; x_wconf 80' lang='grc' dir='ltr'>ἀνθρώποις</span> 
     </span>
    </p>
   </div>
   <div class='ocr_carea' id='block_1_101' title="bbox 357 5329 1938 5396">
    <p class='ocr_par' dir='ltr' id='par_1_101' title="bbox 357 5329 1938 5396">
     <span class='ocr_line' id='line_1_101' title="bbox 357 5329 1938 5396; baseline 0.001 -11"><span class='ocrx_word' id='word_1_776' title='bbox 357 5332 657 5386; x_wconf 78' lang='grc' dir='ltr'>διακονεῖνο</span> <span class='ocrx_word' id='word_1_777' title='bbox 712 5333 791 5386; x_wconf 89' lang='lat' dir='ltr'><strong>sic</strong></span> <span class='ocrx_word' id='word_1_778' title='bbox 815 5339 1036 5386; x_wconf 90' lang='lat' dir='ltr'><strong>secutus</strong></span> <span class='ocrx_word' id='word_1_779' title='bbox 1070 5329 1189 5386; x_wconf 82' lang='lat' dir='ltr'><strong>Vat.</strong></span> <span class='ocrx_word' id='word_1_780' title='bbox 1230 5334 1500 5396; x_wconf 89' lang='lat' dir='ltr'><strong>codicem,</strong></span> <span class='ocrx_word' id='word_1_781' title='bbox 1539 5341 1596 5384; x_wconf 91' lang='lat' dir='ltr'><strong>ut</strong></span> <span class='ocrx_word' id='word_1_782' title='bbox 1629 5329 1795 5386; x_wconf 79' lang='lat' dir='ltr'><strong>nolim</strong></span> <span class='ocrx_word' id='word_1_783' title='bbox 1829 5348 1938 5386; x_wconf 90' lang='lat' dir='ltr'><strong>non</strong></span> 
     </span>
    </p>
   </div>
   <div class='ocr_carea' id='block_1_102' title="bbox 357 5402 1935 5467">
    <p class='ocr_par' dir='ltr' id='par_1_102' title="bbox 357 5402 1935 5467">
     <span class='ocr_line' id='line_1_102' title="bbox 357 5402 1935 5467; baseline -0.001 -11"><span class='ocrx_word' id='word_1_784' title='bbox 357 5418 603 5467; x_wconf 85' lang='lat' dir='ltr'><strong>monere,</strong></span> <span class='ocrx_word' id='word_1_785' title='bbox 641 5403 800 5456; x_wconf 90' lang='lat' dir='ltr'><strong>aliam</strong></span> <span class='ocrx_word' id='word_1_786' title='bbox 825 5417 948 5456; x_wconf 89' lang='lat' dir='ltr'><strong>esse</strong></span> <span class='ocrx_word' id='word_1_787' title='bbox 982 5403 1215 5456; x_wconf 89' lang='lat' dir='ltr'><strong>aliorum</strong></span> <span class='ocrx_word' id='word_1_788' title='bbox 1247 5403 1492 5456; x_wconf 90' lang='lat' dir='ltr'><strong>omnium</strong></span> <span class='ocrx_word' id='word_1_789' title='bbox 1521 5402 1796 5464; x_wconf 89' lang='lat' dir='ltr'><strong>codicum,</strong></span> <span class='ocrx_word' id='word_1_790' title='bbox 1821 5410 1935 5454; x_wconf 89' lang='lat' dir='ltr'><strong>tum</strong></span> 
     </span>
    </p>
   </div>
   <div class='ocr_carea' id='block_1_103' title="bbox 357 5471 1937 5544">
    <p class='ocr_par' dir='ltr' id='par_1_103' title="bbox 357 5471 1937 5544">
     <span class='ocr_line' id='line_1_103' title="bbox 357 5471 1937 5544; baseline -0.002 -18"><span class='ocrx_word' id='word_1_791' title='bbox 357 5488 538 5544; x_wconf 48' lang='lat' dir='ltr'><strong>quos.</strong></span> <span class='ocrx_word' id='word_1_792' title='bbox 563 5473 769 5542; x_wconf 89' lang='lat' dir='ltr'><strong>profert</strong></span> <span class='ocrx_word' id='word_1_793' title='bbox 819 5471 1142 5544; x_wconf 75' lang='lat' dir='ltr'><strong>Riccardus,</strong></span> <span class='ocrx_word' id='word_1_794' title='bbox 1188 5481 1322 5544; x_wconf 86' lang='lat' dir='ltr'><strong>tum</strong></span> <span class='ocrx_word' id='word_1_795' title='bbox 1353 5485 1613 5544; x_wconf 75' lang='lat' dir='ltr'><strong>quoscgo</strong></span> <span class='ocrx_word' id='word_1_796' title='bbox 1654 5473 1760 5544; x_wconf 85' lang='lat' dir='ltr'><strong>vidi</strong></span> <span class='ocrx_word' id='word_1_797' title='bbox 1797 5471 1937 5544; x_wconf 84' lang='lat' dir='ltr'><strong>duos</strong></span> 
     </span>
    </p>
   </div>
   <div class='ocr_carea' id='block_1_104' title="bbox 355 5526 1936 5613">
    <p class='ocr_par' dir='ltr' id='par_1_104' title="bbox 355 5526 1936 5613">
     <span class='ocr_line' id='line_1_104' title="bbox 355 5526 1936 5613; baseline -0.003 -15"><span class='ocrx_word' id='word_1_798' title='bbox 355 5526 538 5612; x_wconf 57' lang='grc' dir='ltr'><strong>ἕθςίοὲ</strong></span> <span class='ocrx_word' id='word_1_799' title='bbox 563 5526 839 5613; x_wconf 47' lang='lat' dir='ltr'><strong>[iisunum</strong></span> <span class='ocrx_word' id='word_1_800' title='bbox 871 5544 1021 5598; x_wconf 88' lang='lat' dir='ltr'><strong>card.</strong></span> <span class='ocrx_word' id='word_1_801' title='bbox 1063 5526 1260 5595; x_wconf 61' lang='grc' dir='ltr'>Μάιον.</span> <span class='ocrx_word' id='word_1_802' title='bbox 1283 5526 1668 5613; x_wconf 58' lang='lat' dir='ltr'><strong>sic&#39;niniit‘ittn,</strong></span> <span class='ocrx_word' id='word_1_803' title='bbox 1705 5543 1812 5613; x_wconf 85' lang='grc' dir='ltr'><strong>ἄρα</strong></span> <span class='ocrx_word' id='word_1_804' title='bbox 1843 5541 1936 5594; x_wconf 71' lang='grc' dir='ltr'>καὶ</span> 
     </span>
    </p>
   </div>
   <div class='ocr_carea' id='block_1_105' title="bbox 354 5612 1582 5688">
    <p class='ocr_par' dir='ltr' id='par_1_105' title="bbox 354 5612 1582 5688">
     <span class='ocr_line' id='line_1_105' title="bbox 354 5612 1582 5688; baseline -0.004 -21"><span class='ocrx_word' id='word_1_805' title='bbox 354 5618 472 5688; x_wconf 78' lang='grc' dir='ltr'>τοῖς</span> <span class='ocrx_word' id='word_1_806' title='bbox 499 5614 754 5688; x_wconf 54' lang='lat' dir='ltr'><strong>suam;</strong></span> <span class='ocrx_word' id='word_1_807' title='bbox 779 5612 934 5688; x_wconf 72' lang='grc' dir='ltr'>ὕϐρις</span> <span class='ocrx_word' id='word_1_808' title='bbox 963 5612 1582 5688; x_wconf 25' lang='grc' dir='ltr'>ἁνθρώποιςίδιακονεῖν.</span> 
     </span>
    </p>
   </div>
   <div class='ocr_carea' id='block_1_106' title="bbox 428 5680 1929 5755">
    <p class='ocr_par' dir='ltr' id='par_1_106' title="bbox 428 5680 1929 5755">
     <span class='ocr_line' id='line_1_106' title="bbox 428 5680 1929 5755; baseline -0.002 -18"><span class='ocrx_word' id='word_1_809' title='bbox 428 5680 722 5754; x_wconf 55' lang='lat' dir='ltr'><strong>(HfLeg.</strong></span> <span class='ocrx_word' id='word_1_810' title='bbox 792 5680 1099 5755; x_wconf 69' lang='grc' dir='ltr'>ὰῴθάρτως</span> <span class='ocrx_word' id='word_1_811' title='bbox 1139 5698 1203 5737; x_wconf 88' lang='lat' dir='ltr'><strong>ex</strong></span> <span class='ocrx_word' id='word_1_812' title='bbox 1269 5683 1333 5755; x_wconf 76' lang='lat' dir='ltr'><strong>_S.</strong></span> <span class='ocrx_word' id='word_1_813' title='bbox 1373 5681 1650 5755; x_wconf 66' lang='lat' dir='ltr'><strong>Anastasii</strong></span> <span class='ocrx_word' id='word_1_814' title='bbox 1693 5680 1929 5755; x_wconf 68' lang='lat' dir='ltr'><strong>Hodego,</strong></span> 
     </span>
    </p>
   </div>
   <div class='ocr_carea' id='block_1_107' title="bbox 2077 4965 3625 5044">
    <p class='ocr_par' dir='ltr' id='par_1_107' title="bbox 2077 4965 3625 5044">
     <span class='ocr_line' id='line_1_107' title="bbox 2077 4965 3625 5044; baseline -0.005 -13"><span class='ocrx_word' id='word_1_815' title='bbox 2077 4977 2215 5031; x_wconf 85' lang='lat' dir='ltr'><strong>Bibl.</strong></span> <span class='ocrx_word' id='word_1_816' title='bbox 2251 4965 2599 5029; x_wconf 37' lang='lat' dir='ltr'><strong>PPUParis.</strong></span> <span class='ocrx_word' id='word_1_817' title='bbox 2633 4984 2763 5028; x_wconf 91' lang='lat' dir='ltr'><strong>tom.</strong></span> <span class='ocrx_word' id='word_1_818' title='bbox 2796 4975 2885 5030; x_wconf 85' lang='lat' dir='ltr'><strong>IV.</strong></span> <span class='ocrx_word' id='word_1_819' title='bbox 2933 4983 3072 5044; x_wconf 86' lang='lat' dir='ltr'><strong>part.</strong></span> <span class='ocrx_word' id='word_1_820' title='bbox 3109 4991 3146 5036; x_wconf 90' lang='grc' dir='ltr'><strong>ι,</strong></span> <span class='ocrx_word' id='word_1_821' title='bbox 3187 4989 3309 5042; x_wconf 75' lang='lat' dir='ltr'><strong>pag.</strong></span> <span class='ocrx_word' id='word_1_822' title='bbox 3344 4972 3469 5036; x_wconf 81' lang='lat'><strong>979)</strong></span> <span class='ocrx_word' id='word_1_823' title='bbox 3496 4965 3625 5044; x_wconf 56' lang='lat' dir='ltr'><strong>legit</strong></span> 
     </span>
    </p>
   </div>
   <div class='ocr_carea' id='block_1_108' title="bbox 2088 5040 3624 5118">
    <p class='ocr_par' dir='ltr' id='par_1_108' title="bbox 2088 5040 3624 5118">
     <span class='ocr_line' id='line_1_108' title="bbox 2088 5040 3624 5118; baseline -0.005 -18"><span class='ocrx_word' id='word_1_824' title='bbox 2088 5047 2377 5118; x_wconf 83' lang='grc' dir='ltr'>φθάρτως·</span> <span class='ocrx_word' id='word_1_825' title='bbox 2425 5047 2580 5118; x_wconf 53' lang='lat' dir='ltr'><strong>vertit</strong></span> <span class='ocrx_word' id='word_1_826' title='bbox 2622 5046 2766 5118; x_wconf 79' lang='lat' dir='ltr'><strong>enim</strong></span> <span class='ocrx_word' id='word_1_827' title='bbox 2820 5040 3128 5118; x_wconf 74' lang='lat' dir='ltr'><strong>Turrianns</strong></span> <span class='ocrx_word' id='word_1_828' title='bbox 3163 5040 3481 5118; x_wconf 65' lang='lat' dir='ltr'><strong>incorrupte.</strong></span> <span class='ocrx_word' id='word_1_829' title='bbox 3521 5040 3624 5094; x_wconf 86' lang='lat' dir='ltr'><strong>Sed</strong></span> 
     </span>
    </p>
   </div>
   <div class='ocr_carea' id='block_1_109' title="bbox 2047 5112 3621 5183">
    <p class='ocr_par' dir='ltr' id='par_1_109' title="bbox 2047 5112 3621 5183">
     <span class='ocr_line' id='line_1_109' title="bbox 2047 5112 3621 5183; baseline -0.006 -12"><span class='ocrx_word' id='word_1_830' title='bbox 2047 5112 2263 5176; x_wconf 73' lang='lat' dir='ltr'><strong>mirum,</strong></span> <span class='ocrx_word' id='word_1_831' title='bbox 2314 5117 2490 5182; x_wconf 87' lang='lat' dir='ltr'><strong>inquit</strong></span> <span class='ocrx_word' id='word_1_832' title='bbox 2521 5114 2840 5177; x_wconf 80' lang='lat' dir='ltr'><strong>Biccardus.</strong></span> <span class='ocrx_word' id='word_1_833' title='bbox 2881 5115 2957 5183; x_wconf 92' lang='lat' dir='ltr'><strong>(in</strong></span> <span class='ocrx_word' id='word_1_834' title='bbox 3009 5125 3122 5168; x_wconf 90' lang='lat' dir='ltr'><strong>not.</strong></span> <span class='ocrx_word' id='word_1_835' title='bbox 3163 5113 3241 5183; x_wconf 75' lang='lat' dir='ltr'><strong>ad</strong></span> <span class='ocrx_word' id='word_1_836' title='bbox 3301 5112 3440 5165; x_wconf 89' lang='lat' dir='ltr'><strong>hanc</strong></span> <span class='ocrx_word' id='word_1_837' title='bbox 3482 5119 3621 5164; x_wconf 85' lang='lat' dir='ltr'><strong>orat.</strong></span> 
     </span>
    </p>
   </div>
   <div class='ocr_carea' id='block_1_110' title="bbox 2046 5182 3625 5258">
    <p class='ocr_par' dir='ltr' id='par_1_110' title="bbox 2046 5182 3625 5258">
     <span class='ocr_line' id='line_1_110' title="bbox 2046 5182 3625 5258; baseline -0.007 -16"><span class='ocrx_word' id='word_1_838' title='bbox 2046 5204 2168 5258; x_wconf 78' lang='lat' dir='ltr'><strong>pag.</strong></span> <span class='ocrx_word' id='word_1_839' title='bbox 2210 5185 2301 5246; x_wconf 83' lang='grc'><strong>86)</strong></span> <span class='ocrx_word' id='word_1_840' title='bbox 2330 5186 2623 5258; x_wconf 20' lang='grc' dir='ltr'>ἱιαλίᾳθὶςδε</span> <span class='ocrx_word' id='word_1_841' title='bbox 2666 5182 3011 5258; x_wconf 72' lang='lat' dir='ltr'><strong>Anastasium</strong></span> <span class='ocrx_word' id='word_1_842' title='bbox 3053 5195 3115 5258; x_wconf 72' lang='lat' dir='ltr'><strong>et</strong></span> <span class='ocrx_word' id='word_1_843' title='bbox 3153 5182 3448 5258; x_wconf 79' lang='lat' dir='ltr'><strong>Leontium,</strong></span> <span class='ocrx_word' id='word_1_844' title='bbox 3505 5197 3625 5232; x_wconf 78' lang='lat' dir='ltr'><strong>cum</strong></span> 
     </span>
    </p>
   </div>
   <div class='ocr_carea' id='block_1_111' title="bbox 2043 5253 3623 5326">
    <p class='ocr_par' dir='ltr' id='par_1_111' title="bbox 2043 5253 3623 5326">
     <span class='ocr_line' id='line_1_111' title="bbox 2043 5253 3623 5326; baseline -0.007 -14"><span class='ocrx_word' id='word_1_845' title='bbox 2043 5253 2220 5312; x_wconf 77' lang='lat' dir='ltr'><strong>omnes</strong></span> <span class='ocrx_word' id='word_1_846' title='bbox 2238 5273 2366 5326; x_wconf 89' lang='lat' dir='ltr'><strong>quos</strong></span> <span class='ocrx_word' id='word_1_847' title='bbox 2386 5253 2602 5308; x_wconf 83' lang='lat' dir='ltr'><strong>viderim</strong></span> <span class='ocrx_word' id='word_1_848' title='bbox 2619 5255 2818 5310; x_wconf 81' lang='lat' dir='ltr'><strong>codices</strong></span> <span class='ocrx_word' id='word_1_849' title='bbox 2841 5253 3407 5326; x_wconf 58' lang='lat' dir='ltr'><strong>liabeantﬁcppdottug,</strong></span> <span class='ocrx_word' id='word_1_850' title='bbox 3428 5267 3623 5326; x_wconf 74' lang='lat' dir='ltr'><strong>arcano</strong></span> 
     </span>
    </p>
   </div>
   <div class='ocr_carea' id='block_1_112' title="bbox 2043 5322 3622 5393">
    <p class='ocr_par' dir='ltr' id='par_1_112' title="bbox 2043 5322 3622 5393">
     <span class='ocr_line' id='line_1_112' title="bbox 2043 5322 3622 5393; baseline -0.006 -12"><span class='ocrx_word' id='word_1_851' title='bbox 2043 5322 2324 5393; x_wconf 48' lang='lat' dir='ltr'><strong>modofet</strong></span> <span class='ocrx_word' id='word_1_852' title='bbox 2369 5328 2531 5379; x_wconf 87' lang='lat' dir='ltr'><strong>etiam</strong></span> <span class='ocrx_word' id='word_1_853' title='bbox 2584 5326 2698 5378; x_wconf 84' lang='lat' dir='ltr'><strong>Lat.</strong></span> <span class='ocrx_word' id='word_1_854' title='bbox 2733 5327 2984 5392; x_wconf 85' lang='lat' dir='ltr'><strong>interpres</strong></span> <span class='ocrx_word' id='word_1_855' title='bbox 3047 5322 3273 5376; x_wconf 51' lang='lat' dir='ltr'><strong>Vatﬁsic</strong></span> <span class='ocrx_word' id='word_1_856' title='bbox 3312 5325 3454 5391; x_wconf 80' lang='lat' dir='ltr'><strong>legit,</strong></span> <span class='ocrx_word' id='word_1_857' title='bbox 3499 5322 3622 5390; x_wconf 84' lang='lat' dir='ltr'><strong>quia</strong></span> 
     </span>
    </p>
   </div>
   <div class='ocr_carea' id='block_1_113' title="bbox 2042 5393 3621 5464">
    <p class='ocr_par' dir='ltr' id='par_1_113' title="bbox 2042 5393 3621 5464">
     <span class='ocr_line' id='line_1_113' title="bbox 2042 5393 3621 5464; baseline -0.007 -12"><span class='ocrx_word' id='word_1_858' title='bbox 2042 5402 2209 5456; x_wconf 72' lang='lat' dir='ltr'><strong>vertit.</strong></span> <span class='ocrx_word' id='word_1_859' title='bbox 2274 5396 2634 5464; x_wconf 73' lang='lat' dir='ltr'><strong>ineffabiliter.</strong></span> <span class='ocrx_word' id='word_1_860' title='bbox 2671 5394 2753 5448; x_wconf 78' lang='lat' dir='ltr'><strong>Ea:</strong></span> <span class='ocrx_word' id='word_1_861' title='bbox 2781 5397 2966 5464; x_wconf 86' lang='lat' dir='ltr'><strong>quibus</strong></span> <span class='ocrx_word' id='word_1_862' title='bbox 2984 5396 3174 5462; x_wconf 87' lang='lat' dir='ltr'><strong>optime</strong></span> <span class='ocrx_word' id='word_1_863' title='bbox 3202 5393 3387 5464; x_wconf 86' lang='lat' dir='ltr'><strong>probat</strong></span> <span class='ocrx_word' id='word_1_864' title='bbox 3408 5400 3621 5464; x_wconf 75' lang='lat' dir='ltr'><strong>sanctus</strong></span> 
     </span>
    </p>
   </div>
   <div class='ocr_carea' id='block_1_114' title="bbox 2043 5461 3621 5532">
    <p class='ocr_par' dir='ltr' id='par_1_114' title="bbox 2043 5461 3621 5532">
     <span class='ocr_line' id='line_1_114' title="bbox 2043 5461 3621 5532; baseline -0.008 -10"><span class='ocrx_word' id='word_1_865' title='bbox 2043 5470 2288 5532; x_wconf 79' lang='lat' dir='ltr'><strong>Proclus,</strong></span> <span class='ocrx_word' id='word_1_866' title='bbox 2345 5461 2614 5522; x_wconf 82' lang='lat' dir='ltr'><strong>Christum</strong></span> <span class='ocrx_word' id='word_1_867' title='bbox 2668 5461 2850 5518; x_wconf 85' lang='lat' dir='ltr'><strong>natum</strong></span> <span class='ocrx_word' id='word_1_868' title='bbox 2911 5480 2976 5519; x_wconf 76' lang='lat' dir='ltr'><strong>ea:</strong></span> <span class='ocrx_word' id='word_1_869' title='bbox 3005 5461 3222 5532; x_wconf 72' lang='lat' dir='ltr'><strong>uirgine.</strong></span> <span class='ocrx_word' id='word_1_870' title='bbox 3263 5463 3428 5532; x_wconf 71' lang='lat' dir='ltr'><strong>fuisse</strong></span> <span class='ocrx_word' id='word_1_871' title='bbox 3462 5461 3621 5514; x_wconf 80' lang='lat' dir='ltr'><strong>etiam</strong></span> 
     </span>
    </p>
   </div>
   <div class='ocr_carea' id='block_1_115' title="bbox 2035 5533 3619 5603">
    <p class='ocr_par' dir='ltr' id='par_1_115' title="bbox 2035 5533 3619 5603">
     <span class='ocr_line' id='line_1_115' title="bbox 2035 5533 3619 5603; baseline -0.009 -11"><span class='ocrx_word' id='word_1_872' title='bbox 2035 5540 2226 5603; x_wconf 85' lang='lat' dir='ltr'><strong>Deum,</strong></span> <span class='ocrx_word' id='word_1_873' title='bbox 2268 5553 2384 5591; x_wconf 87' lang='lat' dir='ltr'><strong>cum</strong></span> <span class='ocrx_word' id='word_1_874' title='bbox 2423 5537 2576 5590; x_wconf 88' lang='lat' dir='ltr'><strong>illum</strong></span> <span class='ocrx_word' id='word_1_875' title='bbox 2620 5537 2788 5598; x_wconf 80' lang='lat' dir='ltr'><strong>ipsum</strong></span> <span class='ocrx_word' id='word_1_876' title='bbox 2825 5535 2882 5590; x_wconf 89' lang='lat' dir='ltr'><strong>S.</strong></span> <span class='ocrx_word' id='word_1_877' title='bbox 2919 5535 3144 5588; x_wconf 84' lang='lat' dir='ltr'><strong>Thomas</strong></span> <span class='ocrx_word' id='word_1_878' title='bbox 3165 5543 3214 5586; x_wconf 84' lang='lat' dir='ltr'><strong>et</strong></span> <span class='ocrx_word' id='word_1_879' title='bbox 3255 5533 3537 5603; x_wconf 82' lang='lat' dir='ltr'><strong>Dominum</strong></span> <span class='ocrx_word' id='word_1_880' title='bbox 3569 5539 3619 5603; x_wconf 71' lang='lat' dir='ltr'><strong>et</strong></span> 
     </span>
    </p>
   </div>
   <div class='ocr_carea' id='block_1_116' title="bbox 2037 5599 3620 5677">
    <p class='ocr_par' dir='ltr' id='par_1_116' title="bbox 2037 5599 3620 5677">
     <span class='ocr_line' id='line_1_116' title="bbox 2037 5599 3620 5677; baseline -0.006 -15"><span class='ocrx_word' id='word_1_881' title='bbox 2037 5599 2222 5665; x_wconf 44' lang='lat' dir='ltr'><strong>Deum&#39;</strong></span> <span class='ocrx_word' id='word_1_882' title='bbox 2263 5609 2506 5677; x_wconf 81' lang='lat' dir='ltr'><strong>appellet.</strong></span> <span class='ocrx_word' id='word_1_883' title='bbox 2565 5607 2688 5661; x_wconf 65' lang='lat' dir='ltr'><strong>llaec</strong></span> <span class='ocrx_word' id='word_1_884' title='bbox 2744 5606 2866 5677; x_wconf 88' lang='lat' dir='ltr'><strong>ille._</strong></span> <span class='ocrx_word' id='word_1_885' title='bbox 2914 5605 3170 5676; x_wconf 83' lang='lat' dir='ltr'><strong>Legimus</strong></span> <span class='ocrx_word' id='word_1_886' title='bbox 3230 5605 3395 5677; x_wconf 72' lang='lat' dir='ltr'><strong>etiam</strong></span> <span class='ocrx_word' id='word_1_887' title='bbox 3445 5599 3620 5677; x_wconf 48' lang='grc' dir='ltr'>αἶρέ·</span> 
     </span>
    </p>
   </div>
   <div class='ocr_carea' id='block_1_117' title="bbox 2033 5666 3618 5769">
    <p class='ocr_par' dir='ltr' id='par_1_117' title="bbox 2033 5666 3618 5769">
     <span class='ocr_line' id='line_1_117' title="bbox 2033 5666 3618 5769; baseline -0.003 -35"><span class='ocrx_word' id='word_1_888' title='bbox 2033 5699 2174 5769; x_wconf 64' lang='grc' dir='ltr'>στως</span> <span class='ocrx_word' id='word_1_889' title='bbox 2211 5666 2542 5769; x_wconf 44' lang='lat' dir='ltr'><strong>1inncolle‘ctl.</strong></span> <span class='ocrx_word' id='word_1_890' title='bbox 2623 5677 2785 5734; x_wconf 89' lang='lat' dir='ltr'><strong>Conc.</strong></span> <span class='ocrx_word' id='word_1_891' title='bbox 2845 5666 3021 5732; x_wconf 55' lang='lat' dir='ltr'><strong>Lahb:</strong></span> <span class='ocrx_word' id='word_1_892' title='bbox 3075 5686 3207 5730; x_wconf 90' lang='lat' dir='ltr'><strong>tom.</strong></span> <span class='ocrx_word' id='word_1_893' title='bbox 3267 5672 3357 5739; x_wconf 88' lang='lat' dir='ltr'><strong>Ill,</strong></span> <span class='ocrx_word' id='word_1_894' title='bbox 3397 5687 3450 5743; x_wconf 93' lang='lat' dir='ltr'><strong>p.</strong></span> <span class='ocrx_word' id='word_1_895' title='bbox 3494 5666 3618 5729; x_wconf 20' lang='lat'><strong>5’79.</strong></span> 
     </span>
    </p>
   </div>
   <div class='ocr_carea' id='block_1_118' title="bbox 357 5745 2563 5840">
    <p class='ocr_par' dir='ltr' id='par_1_118' title="bbox 357 5745 2563 5840">
     <span class='ocr_line' id='line_1_118' title="bbox 357 5745 2563 5840; baseline -0.005 -28"><span class='ocrx_word' id='word_1_896' title='bbox 357 5745 499 5825; x_wconf 72' lang='lat' dir='ltr'><strong>(cap.</strong></span> <span class='ocrx_word' id='word_1_897' title='bbox 526 5745 622 5822; x_wconf 49' lang='lat' dir='ltr'><strong>&#39;lO,</strong></span> <span class='ocrx_word' id='word_1_898' title='bbox 657 5745 776 5826; x_wconf 62' lang='lat' dir='ltr'><strong>pag.</strong></span> <span class='ocrx_word' id='word_1_899' title='bbox 816 5745 902 5826; x_wconf 58' lang='lat'><strong>7&#39;4)</strong></span> <span class='ocrx_word' id='word_1_900' title='bbox 932 5745 984 5808; x_wconf 83' lang='lat' dir='ltr'><strong>ét</strong></span> <span class='ocrx_word' id='word_1_901' title='bbox 1013 5754 1139 5823; x_wconf 87' lang='lat' dir='ltr'><strong>quia</strong></span> <span class='ocrx_word' id='word_1_902' title='bbox 1177 5752 1347 5807; x_wconf 89' lang='lat' dir='ltr'><strong>series</strong></span> <span class='ocrx_word' id='word_1_903' title='bbox 1378 5753 1493 5840; x_wconf 81' lang='lat' dir='ltr'><strong>ipsa</strong></span> <span class='ocrx_word' id='word_1_904' title='bbox 1520 5755 1671 5821; x_wconf 88' lang='lat' dir='ltr'><strong>petit.</strong></span> <span class='ocrx_word' id='word_1_905' title='bbox 1724 5781 1755 5791; x_wconf 88' lang='lat'><strong>-</strong></span> <span class='ocrx_word' id='word_1_906' title='bbox 1777 5745 1932 5808; x_wconf 76' lang='lat' dir='ltr'><strong>Hunc</strong></span> <span class='ocrx_word' id='word_1_907' title='bbox 2032 5752 2164 5806; x_wconf 87' lang='lat' dir='ltr'><strong>edit.</strong></span> <span class='ocrx_word' id='word_1_908' title='bbox 2211 5747 2352 5804; x_wconf 77' lang='lat' dir='ltr'><strong>Ven.</strong></span> <span class='ocrx_word' id='word_1_909' title='bbox 2391 5745 2563 5803; x_wconf 86' lang='lat' dir='ltr'><strong>Labb.</strong></span> 
     </span>
    </p>
   </div>
  </div>
