3842 6310
1233 308 1488 366 ORATIO
1531 308 1620 362 DE
1658 307 2007 366 LAUl‘IlBUS
2047 305 2105 362 S.
2148 306 2410 364 ΜΑΒΙΔΕ.

3307 311 3418 366 (386

161 444 288 490 πος,
347 427 424 490 ὡς
479 425 826 498 πιστεύομεν.
865 428 978 482 Οὐκ
1032 427 1318 498 ἄνθρωπον
1377 428 1752 484 ἀποθεωθέδτα

1860 427 2046 482 evasit.
2093 426 2268 482 Absit.
2322 425 2426 480 Sed
2455 423 2596 480 Deus
2630 440 2754 478 cum
2793 434 2960 488 esset,
2993 435 3052 480 ut
3080 426 3238 480 docet
3263 427 3418 489 fides,

161 523 548 594 κηρύττομεν,
603 523 740 576 ἀλλὰ
789 523 921 576 Θεὸν
968 524 1318 596 σαρκωοέντα
1360 523 1747 596 ὁμολογοῦμεν.

159 613 276 684 Τὴν
299 613 510 667 οἰκείαν
528 613 718 684 δούλην
759 613 1108 686 ἐπεγράψατο
1133 613 1364 685 μητέρα,
1387 615 1414 666 ὁ
1431 615 1547 667 κατ’
1565 613 1752 666 οὐσίαν

157 709 426 780 ἀμήτωρ,
455 709 549 760 καὶ
593 709 712 760 κατ’
745 708 1054 778 οἰκονομίαν
1085 706 1177 758 ἐπὶ
1211 707 1314 776 γῆς
1336 707 1595 777 ἀπάτωρ’
1631 707 1752 760 ἐπεὶ

159 799 284 862 πῶς
309 801 339 852 ὁ
373 799 536 863 αὐτὸς
567 799 706 853 κατὰ
739 799 974 863 Παῦλον,
997 796 1234 868 ἀμήτωρ
1263 798 1360 850 καὶ
1387 798 1662 865 ἀπάτωρ;
1689 799 1750 850 Εἰ

155 889 320 960 ψιλὸς
350 891 656 962 ἄνθρωπος,
697 892 798 943 οὐκ
837 891 1068 962 ἀμήτωρ
1090 908 1102 920 ·
1140 888 1252 960 ἔχει
1280 888 1388 960 γὰρ
1420 891 1628 960 μητέρα
1653 906 1666 919 ·
1703 891 1750 941 εἰ

158 979 377 1050 γυμνὸς
417 979 569 1044 Θεὸς,
615 981 716 1034 οὐκ
759 980 988 1051 ἀπάτωρ
1014 995 1026 1008 ⁸
1065 977 1177 1050 ἔχει
1215 979 1322 1048 γὰρ
1364 980 1575 1050 πατέρα
1604 997 1616 1008 ·
1655 978 1750 1030 νῦν

155 1071 216 1124 δὲ
242 1073 274 1124 ὁ
331 1072 517 1135 αὐτὸς,
547 1073 780 1144 ἀμήτωρ
814 1071 934 1141 μὲν,
981 1071 1057 1134 ὡς
1100 1070 1344 1142 πλάστης
1369 1111 1384 1133 ,
1414 1071 1642 1138 ἀπάτωρ
1669 1070 1747 1128 δὲ,

161 1163 244 1225 ὡς
275 1162 588 1234 ἄνθρωπος.

1855 517 2229 574 misericordia
2263 529 2464 578 motus,
2507 516 2682 572 factus
2715 526 2800 572 est
2853 518 3034 573 homo.
3077 517 3196 572 Non
3226 522 3422 589 praedi-

1855 625 2044 664 camus
2065 610 2338 666 hominem
2371 609 2702 672 deific-atum,
2739 609 2834 664 sed
2871 609 3038 664 Deum
3079 610 3423 665 ineat-natum
3451 600 3518 655 θ’

1854 703 2196 757 ιοοιιίίιοιῐιυτ.
2257 702 2526 756 Ancillam
2570 717 2723 758 suam
2763 702 2820 756 in
2853 710 3080 758 matrem
3112 703 3330 768 ascivit,
3375 702 3427 759 is

1853 795 1946 864 qui
1985 809 2080 862 per
2111 802 2360 846 naturam
2397 801 2620 847 matrem
2661 793 2875 860 nescit,
2918 795 3118 864 quique
3147 794 3426 849 nihilomi-

1857 902 1963 941 nus
1989 886 2287 942 secundum
2318 885 2677 941 mconomiam
2703 886 2756 940 in
2785 895 2925 939 terra
2949 887 3068 941 sine
3093 895 3244 955 patre
3277 886 3422 942 exsi-

1833 977 1970 1030 'stit.
2021 976 2238 1046 Alioqui
2301 974 2574 1045 quomodo
2627 976 2768 1030 idem
2803 977 2920 1045 ipse
2970 976 3196 1032 doctore
3231 975 3422 1040 Paulo,

1858 1067 1970 1120 sine
2003 1078 2178 1135 patre,
2199 1075 2246 1118 et
2283 1066 2395 1119 sine
2418 1075 2586 1120 matre
2615 1067 2658 1098 ¹⁶
2683 1065 2705 1118 ?
2727 1063 2782 1118 Si
2811 1073 2895 1121 est
2917 1081 3086 1136 purus
3107 1066 3291 1130 homo,
3315 1082 3424 1120 non

1856 1171 1939 1213 est
1971 1161 2088 1215 sine
2139 1169 2332 1223 matre,
2362 1169 2591 1214 matrem
2620 1160 2762 1213 enim
2787 1159 2982 1214 habet:
3023 1160 3068 1214 si
3121 1167 3206 1216 est
3249 1159 3428 1214 nudus

157 1255 336 1320 Deus,
365 1271 475 1312 non
511 1264 596 1312 est
625 1256 744 1312 sine
787 1266 942 1327 patre
985 1275 997 1311 :
1029 1257 1192 1312 habet
1231 1257 1377 1311 enim
1419 1265 1648 1326 patrem.
1686 1256 1752 1309 At
1792 1271 1960 1318 nunc,
1993 1270 2136 1308 unus
2167 1253 2417 1324 idemque
2439 1253 2556 1309 sine
2587 1261 2760 1308 matre
2814 1253 3030 1324 quidem
3085 1265 3190 1318 est,
3223 1263 3282 1309 ut
3317 1255 3429 1324 pla-

157 1359 317 1416 stes;
342 1353 464 1408 sine
495 1361 648 1424 patre
677 1360 918 1430 vero,_ut
935 1353 1164 1423 plasma.

231 1446 317 1500 E’.
349 1447 658 1516 Αίδέσθητι,
690 1442 735 1500 ὦ
768 1448 1042 1520 ἄνθρωπε.
1082 1445 1182 1502 κᾶν
1217 1447 1316 1518 τὴν
1340 1445 1436 1500 τοῦ
1474 1445 1751 1519 ἀρχαγγέ-

155 1540 254 1594 λου
277 1540 656 1610 προσηγορίαν
673 1555 686 1567 ·
709 1541 736 1592 ὁ
757 1539 864 1610 γὰρ
886 1539 985 1610 τὴν
1003 1539 1219 1610 Μαρίαν
1241 1539 1750 1609 εύαγγελισάμενος.

157 1630 416 1702 Γαδριὴλ
452 1630 671 1698 ἐλέγετο
690 1647 703 1659 ·
733 1629 784 1682 τί
825 1630 882 1684 δὲ
926 1628 1290 1702 ἑρμηνεύεται
1321 1629 1361 1682 Γ
1363 1627 1577 1701 αδριήλ;
1597 1628 1750 1682 Μάθε

1927 1435 1990 1490 ν.
2016 1435 2282 1492 Reverere
2309 1437 2522 1500 saltem,
2548 1451 2580 1490 o
2624 1435 2808 1496 homo,
2845 1438 3152 1506 archangeli
3185 1440 3424 1508 appella-

1858 1531 2080 1584 tionem.
2105 1529 2158 1585 Is
2188 1545 2421 1600 namque
2449 1529 2540 1599 qui
2573 1530 2751 1584 laetum
2791 1530 2941 1584 illum
2972 1533 3220 1586 nuntium
3245 1531 3426 1588 Maria:

1858 1621 2070 1686 detulit,
2093 1621 2310 1677 Gabriel
2335 1623 2654 1676 vocabatur.
2686 1620 2825 1689 Quid
2859 1636 2986 1676 vero
3020 1621 3235 1678 Gabriel
3259 1623 3426 1680 inter-

155 1721 432 1786 ἀκούσας,
459 1722 543 1774 ὅτι
575 1721 718 1786 Θεὸς
733 1720 829 1774 καὶ
862 1715 1193 1789 ἅνθρωπος.
1243 1721 1395 1774 Ἐπεὶ
1426 1720 1535 1788 γὰρ
1557 1721 1585 1772 ὁ
1622 1722 1750 1791 παρ’

1860 1714 2124 1784 preteris?
2151 1714 2345 1784 Arrige
2375 1729 2534 1769 aures
2557 1721 2610 1768 et
2633 1713 2816 1769 disce:
2851 1713 2990 1768 Deus
3025 1723 3076 1768 et
3105 1715 3258 1768 homo
3285 1716 3420 1786 (i9).

157 1809 332 1864 αὐτοῦ
380 1810 868 1880 εὐαγγελιζόμενος
920 1807 1052 1871 Θεός
1103 1809 1218 1862 ἐστι
1281 1807 1374 1861 καὶ
1427 1807 1710 1878 ἄνθρωπος
1734 1847 1750 1868 .

159 1903 474 1974 προέλαϐεν
503 1904 538 1973 ἠ
567 1901 908 1974 προσηγορία
947 1901 1008 1956 τὸ
1056 1900 1260 1970 θαῦμα,
1299 1901 1386 1954 ’ίνα
1413 1899 1752 1971 πιστώσηται

157 1997 262 2066 τὴν
297 1994 636 2066 οἰκονομίαν.
661 1993 818 2048 Μάθε
843 1993 1058 2065 πρῶτον
1078 1993 1176 2064 τὴν
1197 1993 1508 2064 οἰκονομίαν
1533 1993 1628 2046 καὶ
1655 1992 1752 2063 τὴν

159 2087 348 2142 αἰτίαν
383 2087 482 2160 τῆς
517 2087 840 2160 παρουσίας,
879 2087 974 2140 καὶ
1000 2086 1121 2139 τότε
1151 2085 1372 2150 δόξασον
1398 2085 1494 2156 τὴν
1527 2085 1752 2157 δύναμιν

157 2181 258 2234 τοῦ
290 2180 692 2253 σαρκωθέντος,
715 2178 902 2250 ἐπειδὴ
934 2177 1103 2232 πολλὰ
1131 2177 1358 2248 ὤφειλεν
1387 2177 1446 2245 ἐξ
1472 2178 1753 2250 ἁμαρτιῶν

159 2275 196 2344 ἡ
217 2273 334 2327 τῶν
367 2272 676 2344 ἀνθρώπιον
709 2270 890 2341 φύσις,
947 2269 1042 2322 καὶ
1079 2268 1276 2340 ἠπόρει
1309 2268 1446 2339 πρὸς
1480 2268 1544 2322 τὸ
1571 2267 1752 2340 χρέος.

159 2367 266 2422 Διά
289 2367 406 2438 γάρ
440 2365 534 2420 τοῦ
573 2365 745 2435 Ἀδὰμ
773 2364 970 2426 πάντες
1003 2364 1070 2433 τῇ
1089 2362 1334 2432 ἁμαρτίᾳ
1362 2365 1754 2435 ἐχειρο-γραφή-

163 2477 347 2532 σαμεν
369 2477 382 2490 ·
419 2458 638 2521 δούλους
671 2457 821 2527 ἡμᾶς
854 2458 1106 2526 κατεῖχεν
1138 2457 1166 2508 ὁ
1189 2454 1460 2518 διάϐολος·
1485 2455 1583 2518 τὰς
1611 2455 1754 2518 ὠνὰς

159 2553 328 2622 ἡμῶν
361 2551 656 2623 περιέφερε
675 2550 810 2621 15),
837 2550 1012 2620 χάρτῃ
1044 2547 1384 2619 κεχρημένος
1411 2547 1490 2618 τῷ
1515 2549 1756 2602 πολυπα-

163 2649 250 2703 θεῖ
285 2647 450 2718 ἡμῶν
475 2646 723 2718 σώματι·
741 2645 985 2715 εἱστήκει
1013 2646 1041 2697 ό
1067 2643 1236 2707 κακὸς
1267 2642 1371 2696 τῶν
1405 2641 1594 2696 παθῶν
1618 2641 1756 2696 πλα-

165 2741 504 2812 στογράφος,
547 2738 804 2792 ἐπισείων
857 2735 1014 2808 ἡμῶν
1050 2736 1110 2790 τὸ
1157 2737 1338 2808 χρέος,
1366 2737 1460 2790 καὶ
1510 2734 1755 2790 ἀπαιτῶν

163 2833 316 2902 ἡμᾶς
353 2830 454 2902 τὴν
487 2829 664 2900 δίκην.
695 2828 841 2880 Ἔδει
867 2826 1046 2879 τοίνυν
1071 2825 1216 2878 δυοῖν
1247 2825 1470 2897 θάτερον
1491 2825 1558 2894 ’ἢ
1591 2826 1755 2878 πᾶσιν

163 2923 485 2994 ἐπαχθῆναι
511 2923 602 2976 τὸν
630 2925 694 2975 ὲκ
715 2921 816 2991 τῆς
844 2919 1138 2990 καταδίκης
1167 2917 1416 2982 θάνατον,
1445 2917 1634 2988 ἐπειδὴ
1662 2917 1757 2970 καὶ

165 3017 380 3078 πάντες
423 3015 674 3086 ἥμαρτον
691 3032 704 3046 ·
733 3012 766 3084 ἢ
809 3012 1049 3064 τοιοῦτον
1077 3009 1292 3081 δοθῆναι
1322 3011 1458 3081 πρὸς
1487 3011 1756 3064 ἀντίδοσιν

1854 1806 1989 1874 Quia
2026 1807 2208 1878 itaque
2237 1807 2328 1861 ille
2379 1822 2540 1876 quem
2599 1807 2988 1872 annuntiabat,
3027 1805 3168 1862 Deus
3206 1817 3325 1863 erat
3359 1823 3423 1864 ac

1851 1897 2014 1952 homo
2037 1913 2052 1962 ;
2075 1913 2183 1967 quo
2219 1897 2435 1952 facilius
2471 1896 3303 1968 dispensationempersuadeat,
3341 1899 3422 1954 rei

1853 1989 2180 2044 miraculum
2227 1988 2464 2044 nominis
2521 1988 2800 2044 notatione
2822 1989 3104 2060 anticipat.
3125 1990 3280 2047 Disce
3306 1993 3423 2061 pri-

1851 2095 1996 2134 mum
2015 2079 2374 2136 oeconomiam
2395 2095 2460 2135 ac
2481 2095 2704 2136 causam
2733 2081 2999 2140 adventus
3015 2126 3030 2150 ,
3053 2093 3276 2154 tumque
3294 2083 3416 2153 ejus

1852 2172 1944 2241 qui
1967 2179 2052 2226 est
2086 2171 2422 2236 incarnatus,
2445 2170 2739 2240 potentiam
2768 2171 3023 2228 laudibus
3049 2171 3246 2232 evehe,
3287 2185 3426 2240 quo-

1853 2265 1998 2318 niam
2056 2263 2355 2318 humanum
2409 2278 2581 2334 genus
2622 2263 2770 2334 gravi
2831 2279 2898 2319 ex
2945 2263 3182 2335 peccatis
3242 2263 3424 2318 debito

1852 2357 2173 2413 obstrictum
2223 2363 2360 2417 erat.
2403 2355 2658 2424 nullaque
2695 2354 2938 2410 debitum
2969 2355 3182 2412 ratione
3221 2356 3426 2427 depen-

1853 2449 1982 2503 dere
2039 2457 2268 2518 poterat.
2325 2449 2429 2503 Per
2471 2447 2733 2502 Adamum
2789 2446 2932 2502 enim
2973 2461 3164 2504 omnes
3217 2449 3426 2518 peccati

1855 2540 2360 2611 snbscripseramus
2381 2538 2745 2608 chirographo
2777 2558 2789 2592 :
2817 2554 3005 2595 servos
3035 2555 3138 2595 nos
3175 2539 3426 2594 diabolus

1855 2632 2107 2697 tenebat;
2140 2630 2328 2688 multis
2345 2630 2585 2686 obnoxio
2602 2631 2950 2702 passionibus
2983 2639 3173 2687 nostro
3199 2645 3429 2702 corpore

1855 2741 1955 2781 ceu
1996 2725 2186 2780 charta
2208 2740 2364 2788 usus,
2396 2724 2692 2794 emptionis
2734 2723 2924 2779 titulos
2957 2722 3378 2778 circumferebat
3410 2740 3426 2778 :

1857 2828 2009 2876 stans
2039 2819 2216 2872 malus
2250 2818 2340 2872 ille
2374 2815 2628 2871 falsarius
2677 2815 2930 2870 vitiorum
2969 2815 3429 2870 commentarien-

1857 2911 1956 2972 sis,
1980 2908 2219 2964 debitum
2244 2908 2315 2962 ob
2344 2907 2534 2962 oculos
2578 2905 2836 2976 ponebat,
2877 2919 3089 2974 nosque
3111 2905 3178 2958 ad
3211 2903 3424 2974 suppli-

1857 3004 2002 3054 cium
2025 2997 2369 3067 deposcebat.
2405 2995 2646 3051 Duorum
2707 2997 2890 3065 itaque
2939 2995 3166 3050 alterum
3204 3009 3432 3048 necesse

165 3113 412 3184 τίμημα,
534 3085 642 3162 πᾶν
693 3106 774 3177 τῷ
823 3106 975 3176 χρέει
1018 3105 1232 3175 ὑπῆρχε
1292 3105 1566 3175 δικαίωμα
1622 3103 1752 3173 πρὸς

1860 3098 1998 3150 erat,
2054 3098 2149 3144 aut
2193 3096 2422 3144 mortem
2453 3087 2802 3142 damnatione
2844 3087 3116 3142 decretam
3159 3085 3431 3140 universis

167 3205 532 3278 παραίτησιν.
572 3200 889 3272 Ἀνθρωπος
918 3198 1016 3269 μὲν
1040 3194 1134 3252 οὖν
1165 3197 1338 3250 σῶσαι
1373 3196 1474 3250 οὐκ
1503 3195 1749 3265 ἠδύνατο’

167 3299 433 3352 ὑπέκειτο
460 3295 570 3369 γὰρ
611 3294 762 3366 χρέει
803 3296 905 3363 τῆς
932 3290 1204 3362 ἁμαρτίας
1223 3303 1238 3318 ⁸
1268 3289 1500 3358 ἄγγελος
1529 3289 1586 3342 δὲ
1629 3287 1753 3353 ὲξα-

165 3385 516 3459 γοράσασθαι
546 3385 646 3455 τὴν
689 3381 1086 3452 ἀνθρωπότητα
1135 3378 1236 3431 οὐκ
1289 3376 1470 3447 ἴσχυεν
1495 3392 1508 3406 ·
1557 3374 1756 3444 ἠπόρει

165 3481 278 3552 γὰρ
307 3477 408 3532 τοῦ
437 3475 682 3530 τοιούτου
708 3472 905 3544 λύτρου
925 3488 940 3501 ·
971 3469 1157 3524 λοιπὸν
1197 3463 1288 3522 οὖν
1313 3467 1342 3521 ὁ
1375 3465 1758 3537 ἀναμάρτητος

165 3572 304 3636 Θεὸς
362 3569 507 3640 ὑπὲρ
549 3566 658 3620 τῶν
702 3562 1102 3635 ἡμαρτηκότων
1161 3559 1450 3613 ἀποθανεῖν
1503 3555 1754 3625 ὤφειλεν.

165 3665 318 3736 Δῦτη
347 3663 462 3734 γὰρ
479 3661 724 3714 ἐλείπετο
745 3656 840 3710 τοῦ
873 3653 1042 3710 κακοῦ
1065 3653 1215 3716 λύσις
1241 3650 1374 3722 (16).

1861 3181 2070 3246 inferri,
2097 3179 2318 3251 quando
2335 3179 2497 3234 etiam
2521 3193 2712 3234 omnes
2745 3183 3103 3247 peccaverant
3137 3194 3150 3229 :
3184 3182 3278 3230 aut
3306 3189 3432 3244 pre-

1859 3275 1998 3328 tium
2029 3271 2300 3344 ejusmodi
2333 3271 2386 3324 in
2433 3283 2606 3339 paenae
2652 3267 3026 3339 repensionem
3062 3266 3247 3336 pendi,
3285 3263 3432 3336 quod

1864 3367 2119 3422 universo
2146 3363 2496 3432 debitojuste
2529 3361 2597 3416 ad
2631 3361 2891 3416 amussim
2938 3359 3310 3430 responderet.
3337 3359 3434 3414 At-

1861 3459 1955 3529 qui
1993 3457 2156 3512 bomo
2208 3453 2448 3526 quidem,
2479 3451 2624 3524 quod
2651 3452 2859 3522 peccati
2887 3451 3069 3507 debito
3103 3451 3430 3520 subiaceret,

1865 3551 2078 3608 salvare
2107 3550 2296 3618 utique
2322 3561 2428 3601 non
2463 3553 2693 3616 poterat.
2717 3543 2953 3613 Angelus
2982 3558 3108 3598 vero
3132 3542 3431 3595 humanum

1867 3644 2048 3714 ipsum
2074 3657 2246 3712 genus
2274 3654 2383 3694 non
2433 3638 2649 3693 valebat
2685 3635 2952 3692 redimere
2980 3653 2996 3690 :
3021 3649 3129 3688 non
3167 3633 3310 3688 enim
3345 3633 3432 3686 in-

169 3728 476 3828 gens'a'de'o
537 3746 928 3818 redemptionis
966 3746 1204 3816 pretium
1252 3741 1614 3812 suppetebat;
1679 3738 1949 3807 reliquum
1983 3751 2112 3806 ergo
2169 3741 2309 3798 erat,
2357 3739 2414 3786 ut
2463 3732 2518 3785 in
2565 3746 2726 3802 quem
2766 3735 3050 3799 peccatum
3091 3743 3200 3782 non
3262 3728 3431 3792 cadit,

167 3853 318 3908 Deus
347 3867 454 3921 pro
486 3846 866 3919 peccatoribus
915 3851 1239 3898 moreretur.
1273 3839 1400 3894 Hzec
1447 3839 1594 3893 enim
1623 3833 1752 3889 mali
1784 3835 1944 3888 unica
1973 3834 2214 3886 restabat
2244 3829 2463 3886 solutio.

240 3949 334 4014 ς’.
369 3943 438 3998 Τί
461 3937 586 4006 οὗνς
623 3939 785 4002 αὐτὸς
817 3939 848 3992 ὁ
881 3937 1061 3990 πᾶσαν
1088 3935 1249 4005 ᾠύσιν
1281 3935 1346 3986 ὲκ
1375 3932 1450 4003 μὴ
1475 3929 1642 3984 ὄντων
1677 3928 1757 3990 εἰς

123 4039 230 4094 -τδ
277 4033 422 4091 εἶναι
465 4031 824 4105 παραγαγὼν,
870 4031 898 4083 ό
946 4029 1110 4100 μηδὲν
1170 4025 1306 4096 πρὸς
1353 4021 1600 4094 παροχὴν
1625 4021 1760 4074 ἀπο-

173 4132 284 4203 ρῶν
299 4129 352 4198 (1
368 4129 444 4194 7),
459 4125 646 4196 ἐξεῦρε
663 4125 773 4186 τοῖς
793 4120 1143 4190 κατακρίτοις
1163 4117 1306 4188 ζωὴν
1321 4113 1758 4184 ἀσφαλεστάτην,

171 4223 268 4276 καὶ
315 4218 399 4289 τῷ
431 4216 649 4285 Θανάτῳ
680 4213 835 4266 λύσιν
874 4210 1345 4281 εὐπρεπεστάτην.
1397 4205 1509 4259 Καὶ¹
1551 4203 1759 4272 γίνεται

1933 3923 2018 3978 Vl.
2044 3922 2182 3989 Quid
2211 3922 2378 3991 ergo?
2407 3919 2498 3975 Ille
2537 3919 2655 3989 ipse
2682 3917 2776 3988 qui
2824 3926 3072 3971 naturam
3121 3915 3428 3971 universam

1859 4031 1926 4072 ex
1946 4013 2140 4078 nihilo,
2171 4020 2232 4066 ut
2260 4018 2427 4076 esset,
2458 4009 2732 4070 efiecerat,
2778 4009 2976 4077 cuique
3021 4006 3170 4060 nulla
3215 4006 3281 4061 ad
3315 4022 3436 4062 ero-

1858 4103 2094 4174 gandum
2133 4101 2322 4158 deerat
2369 4101 2623 4163 facultas,
2669 4098 2831 4152 morti
2885 4112 2949 4152 ac
2989 4096 3432 4176 condemnationi

1862 4194 2120 4258 addictis.
2169 4193 2500 4248 tutissimam
2551 4191 2717 4246 vitam
2777 4191 3085 4256 adinvenit,
3130 4190 3433 4259 mortisque

173 4282 474 4383 ἄνθρωπος
501 4309 567 4360 ἐκ
605 4282 909 4376 Παρθένου,
939 4301 1013 4364 ὡς
1042 4297 1193 4354 ὀἶδεν
1235 4297 1396 4360 αὑτός
1414 4312 1428 4327 °
1462 4295 1621 4364 λόγος
1651 4293 1752 4365 γὰρ

1865 4287 2190 4344 solutionem
2241 4284 2704 4340 decentissimam.
2741 4283 2826 4336 Fit
2874 4283 3132 4336 nimirum
3172 4282 3334 4336 homo
3365 4296 3434 4336 ex

1867 4378 1956 4397 ir!"
1999 4379 2080 4397 Ed-
2145 4375 2303 4397 ___-J-
2359 4376 2398 4397 ,ξ
2443 4383 2666 4397 _-_---n-
2701 4391 2713 4397 -
2753 4375 2896 4397 “ull-
2945 4373 3082 4397 Aul--.
3121 4373 3290 4397 -..Διειι
3329 4373 3399 4397 -..ξ

171 4402 522 4476 ἑρμηνεῦσαι
544 4399 606 4452 τὸ
635 4396 820 4467 θαῦμα
848 4395 906 4448 οὐ
942 4393 1164 4447 δύναται
1189 4407 1202 4420 ·
1246 4391 1340 4444 καί¹
1367 4388 1700 4458 ἀποθνήσκει
1728 4386 1757 4440 ὃ

173 4499 428 4568 ἐγένετο·
465 4493 560 4548 καὶ
590 4487 876 4562 λυτροῦται
913 4486 940 4539 ὃ
972 4487 1203 4556 ὑπῆρχε,
1235 4485 1376 4538 κατὰ
1409 4484 1500 4536 τὸν
1529 4481 1756 4550 λέγοντα

173 4589 410 4646 Παῦλον·
441 4586 546 4640 Ἐν
557 4577 606 4652 ᾧ
620 4583 840 4654 ἔχομεν
851 4580 966 4648 τὴν
985 4579 1406 4646 ἀπολύτρωσιν
1423 4574 1516 4628 διὰ
1535 4574 1642 4628 τοῦ
1664 4574 1756 4626 αἵ-

173 4697 362 4749 ματος
401 4675 612 4740 αὐτοῦ,
648 4673 764 4742 τὴν
806 4673 1025 4742 ἄφεσιν
1073 4667 1194 4722 τῶν
1246 4663 1754 4734 παραπτωμάτων.

175 4773 242 4824 Ὢ
260 4769 372 4824 τῶν
391 4767 644 4845 μεγάλων
669 4763 1034 4836 πραγμάτωνί
1067 4759 1245 4822 ἀλλοις
1267 4757 1758 4845 ἐπραγματεύσατο

183 4860 236 4913 τὸ
283 4843 586 4912 ἀθάνατον·
639 4853 800 4914 αὐτὸς
855 4851 964 4922 γὰρ
1019 4848 1229 4919 ὑπῆρχε
1304 4845 1570 4908 ἀθάνατος
1623 4843 1756 4914 (l8).

171 4949 436 5011 Τοιοῦτος
473 4947 582 5017 γὰρ
607 4945 765 5007 ἄλλος
812 4943 934 4997 κατ’
977 4938 1289 5009 οἰκονομίαν
1336 4935 1458 4989 οὔτε
1511 4935 1754 5004 γέγονεν,

170 5043 296 5097 οὔτε
331 5037 424 5113 ἦν,
458 5038 582 5093 οὔτε
614 5038 766 5090 ἔσται
794 5035 940 5098 ποτὲ,
969 5033 1004 5105 ἦ
1037 5029 1194 5103 μόνος
1221 5030 1250 5082 ὁ
1284 5031 1348 5082 ὲκ
1363 5027 1637 5097 Παρθένου
1665 5043 1755 5079 τε-

164 5137 330 5202 χθεὶς
387 5133 524 5198 Θεὸς
568 5132 662 5186 καὶ
703 5129 1014 5198 ἄνθρωπος·
1065 5127 1164 5179 οὐκ
1205 5119 1756 5178 ἀντιταλαντεύουσαν

246 5295 292 5327 ¹⁶
333 5291 504 5346 Hebr.
535 5306 629 5348 vn,
654 5289 706 5341 5.
785 5285 828 5316 ¹’
867 5281 1067 5354 Epltes.
1104 5297 1144 5346 1,
1183 5280 1232 5333 7.

244 5406 362 5472 (15)
394 5403 480 5457 Al.
500 5402 788 5472 προέφερε.

241 5477 364 5544 (16)
399 5474 487 5528 Al.
517 5472 808 5544 λύτρωσις.

244 5536 362 5616 (ιἹὶ
393 5546 478 5616 Al.
509 5536 554 5610 ᾧ
590 5536 646 5616 μ’.
672 5541 907 5616 ⁵ἄπορον.

245 5605 1285 5687 (ιε)Μαιίοίὺῖδςμδνρςλδ-πέριυνι-ς

245 5673 364 5759 (to)
402 5685 536 5759 om
563 5693 610 5736 et
639 5673 812 5733 homo.
853 5679 953 5759 an}
980 5673 1122 5729 aliud
1151 5673 1751 5759 Δσέιχπηυιγιιῑιιιμιιδ-τφρες

177 5742 374 5816 afferre
423 5757 622 5818 solent,
681 5767 744 5806 ac
783 5749 1078 5822 praecipue,
1111 5753 1168 5799 ut
1207 5742 1426 5799 Gabriel
1463 5742 1749 5798 Fortitudo

1867 4378 2106 4450 Virgine,
2145 4375 2309 4432 modo
2352 4376 2403 4430 ei
2443 4383 2715 4445 pernoto;
2753 4375 2900 4428 nulla
2939 4373 3084 4428 enim
3118 4373 3294 4427 oratio
3329 4373 3432 4425 mi-

1864 4472 2110 4526 raculum
2167 4469 2272 4524 hoc
2325 4471 2542 4536 assequi
2597 4467 2806 4530 valeat;
2863 4467 3238 4535 moriturque,
3287 4463 3430 4533 quod

1866 4565 2043 4621 factus
2069 4575 2217 4630 erat;
2243 4562 2460 4618 redimit
2487 4577 2632 4625 vero,
2665 4559 2809 4630 quod
2828 4567 2978 4621 erat,
3002 4559 3156 4627 juxta
3187 4556 3328 4626 quod
3357 4555 3433 4608 ait

1863 4657 2068 4712 Paulus
2107 4675 2119 4710 :
2158 4654 2224 4709 In
2251 4672 2350 4724 quo
2390 4654 2636 4708 habemus
2675 4653 3076 4719 redemptionem
3095 4665 3186 4717 per
3218 4647 3432 4716 sangui-

1866 4767 1980 4804 nem
2005 4749 2192 4816 ipsius,
2245 4747 2604 4801 remissionem
2651 4753 2982 4812 peccatorum
3021 4742 3083 4795 ¹⁷.
3125 4738 3170 4794 0
3215 4739 3430 4802 miram,

1859 4855 2222 4910 magnamque
2251 4838 2394 4892 rem!
2429 4835 2892 4889 lmmortalitatem
2933 4832 3058 4886 aliis
3097 4829 3426 4894 conciliavit,

1862 4940 2026 5000 atque
2066 4931 2320 5000 peperit:
2359 4928 2562 4999 quippe
2609 4927 2704 4996 qui
2743 4927 2860 4995 ipse
2911 4923 3236 4977 immortalis
3285 4929 3428 4978 erat.

1859 5024 2031 5081 Nemo
2067 5025 2212 5079 enim
2270 5023 2560 5092 quisquam
2589 5021 2714 5076 talis
2757 5021 2968 5074 ratione
3009 5015 3427 5080 incarnationis.

1859 5120 1941 5173 vel
1973 5117 2092 5182 fuit,
2129 5117 2210 5172 vel
2244 5124 2384 5184 erat,
2433 5116 2517 5171 vel
2559 5123 2642 5170 est
2673 5127 2914 5184 unquam
2960 5111 3194 5176 futurus,
3235 5119 3430 5182 praeter

1853 5386 1949 5442 Dei
1981 5387 2230 5448 dicatur;
2265 5383 2348 5439 vel
2375 5383 2537 5438 etiam
2581 5381 2736 5454 fortis
2776 5379 2952 5454 Deus;
2975 5374 3428 5454 _ea-phrasi,_qu_a

1852 5459 1988 5526 psal.
2024 5473 2061 5516 ι.
2106 5457 2158 5516 1.
2189 5444 2410 5516 dieitur,
2445 5444 2640 5508 Beatus
2680 5453 2809 5526 air;
2847 5448 2938 5526 ubi
2975 5446 3231 5526 Hebraea
3256 5444 3424 5526 simili

1853 5513 1964 5582 i'ere
2009 5513 2179 5580 forma
2221 5513 2421 5578 habent
2471 5531 2633 5592 atque
2680 5524 2731 5575 in
2771 5519 2992 5592 nomine
3016 5517 3256 5592 Gabriel,
3291 5513 3424 5566 red-

1850 5601 2096 5666 duntque
2122 5595 2531 5667 llebraizantes.
2548 5585 2922 5667 'Beatitutliues
2945 5588 3062 5667 viri.
3079 5585 3284 5640 Nomen
3299 5593 3422 5667 'pa.

1851 5659 2020 5722 riruni
2046 5677 2301 5738 potentem
2335 5665 2626 5736 significat,
2669 5678 2732 5719 ac
2757 5659 3142 5738 fortitudinem.

3421 5827 3480 5854 ἀὲ
