3842 6306
160 349 272 407 6'89

1261 350 1522 408 ORATIO
1555 353 1642 408 DE
1680 353 2028 412 LAUDIBUS
2067 354 2126 410 S.
2169 354 2432 411 ΜΑΒΙΑΞ.

3304 360 3412 417 G90

153 467 259 536 τῆς
296 463 574 535 Παρθένου
619 464 649 517 6
694 463 1146 536 ἀποφηνάμενος,
1190 465 1284 520 τὸν
1329 468 1617 523 κατάδικον
1659 472 1746 524 ἐν·

1885 469 1980 524 iihi
2007 469 2236 524 salutem
2276 468 2598 524 contulisset
2634 467 2765 524 :sed
2793 468 2909 539 ipse
2930 470 2982 522 in
3001 467 3240 540 Virginis
3261 478 3415 526 utero

155 555 409 610 εδύσατο.
462 556 571 608 Καὶ
617 555 736 610 ἐκεῖ
773 556 834 610 τὺ
867 557 1093 628 φρικτὸν
1125 557 1314 628 γέγονε
1359 561 1738 634 συνάλλαγμα·

155 647 286 712 δοὺς
330 647 442 719 γὰρ
492 647 732 718 πνεῦμαν
770 649 928 703 έλαδε
958 650 1154 723 σάρκα.
1196 648 1258 706 Ὀ
1290 651 1452 716 αὐτὸς
1482 654 1616 724 μετὰ
1647 654 1748 724 τῆς

156 739 467 810 Παρθένου,
498 741 594 793 καὶ
616 742 681 794 ὲκ
709 741 808 814 τῆς
831 741 1130 813 Παρθένου.
1157 745 1222 796 Ὃ
1247 743 1346 815 μὲν
1372 744 1481 816 γάρ
1497 745 1750 798 ἐπεσκία-

160 848 256 882 σεν
289 831 463 902 αὐτήν
487 847 500 860 ⁸
528 831 556 884 6
585 831 641 885 δὲ
664 832 951 903 ὲσαρκώθη
984 831 1044 897 ἐξ
1063 832 1250 903 αὐτῆς.
1286 835 1350 888 Εἰ
1378 836 1534 901 ἄλλος
1558 839 1586 890 6
1614 838 1748 908 Χρι-

161 923 291 985 στὸς
323 924 419 976 καὶ
451 923 608 986 ἄλλος
641 925 670 976 6
699 923 830 988 Θεὸς
859 925 1052 992 Λόγος,
1081 925 1181 977 οὐκ
1222 923 1337 978 ἔστι
1371 927 1529 998 τριάς
1563 930 1597 998 ἡ
1619 927 1748 995 ἁγία

157 1015 361 1086 Τριάςο
398 1015 537 1068 ἀλλὰ
597 1015 738 1069 κατά
786 1016 866 1079 σὲ,
901 1017 1164 1088 αἱρετικὲ,
1199 1018 1412 1089 τετράς.
1439 1018 1531 1090 Μὴ
1559 1019 1750 1091 σχίσῃς

157 1109 256 1160 τὸν
320 1107 422 1178 τῆς
466 1109 779 1180 οἰκονομίας
824 1109 1027 1178 χιτῶνα
1067 1110 1158 1164 τὸν
1207 1109 1412 1164 ἄνωθεν
1470 1110 1738 1178 ὑφαντόν·

164 1199 244 1270 μὴ
301 1199 652 1273 μαθητεύσῃς
699 1199 910 1271 Ἀρείῳ.
957 1201 1192 1266 Ἐκεῖνος
1229 1201 1338 1274 γάρ
1387 1202 1599 1255 ἀσεϐῶν
1650 1201 1751 1273 τὴν

159 1288 360 1342 οὐσίαν
389 1290 578 1360 τέμνει
600 1307 615 1322 ·
650 1291 714 1343 σὺ
762 1290 860 1360 τὴν
906 1291 1201 1360 συνάφειαν
1231 1291 1305 1362 μὴ
1329 1291 1540 1363 μέριζε,
1565 1292 1649 1344 ἵνα
1674 1292 1750 1363 μὴ

165 1380 444 1452 μερισθῇς
471 1381 578 1434 ἀπὸ
607 1381 763 1436 Θεοῦ.
800 1383 896 1447 Τίς
925 1383 1215 1453 ἐπέφανεν.
1257 1384 1379 1436 εἰπέ
1417 1401 1527 1454 μοι,
1555 1387 1668 1447 τοῖς
1697 1387 1754 1436 ὲν

165 1473 358 1525 σκότει
375 1474 471 1526 καὶ
494 1474 619 1543 σκιᾷ
637 1473 864 1528 θανάτου
887 1475 1244 1546 καθημένοις;
1271 1475 1593 1546 Ἀνθρωπος
1613 1492 1626 1540 ;
1646 1477 1756 1530 Καὶ

163 1564 293 1626 πῶς
320 1563 551 1634 ἠδύνατο
585 1568 644 1618 ὲν
679 1568 860 1620 σκότει
900 1567 1098 1637 διάγων
1130 1567 1271 1622 κατὰ
1318 1569 1530 1623 Παῦλον
1556 1569 1647 1622 τὸν
1670 1570 1756 1623 λέ-

161 1675 368 1727 γονταο
409 1661 516 1725 ’ος
565 1661 858 1728 ἐῤῥύσατο
883 1661 1041 1730 ἡμᾶς
1063 1662 1132 1716 ἐκ
1174 1662 1285 1731 τῆς
1333 1664 1622 1728 ἐξουσίας
1648 1663 1756 1718 τοῦ

162 1752 439 1818 σκότους
457 1768 476 1814 ;
492 1747 676 1822 Ἦμεν
705 1752 815 1822 γάρ
845 1770 990 1807 ποτε
1007 1756 1248 1821 σκότος,
1270 1755 1409 1808 κατά
1427 1755 1488 1809 τὸ
1507 1772 1755 1826 γεγραμ-

168 1842 339 1911 μένον
360 1859 375 1873 ο
409 1843 529 1896 νῦν
561 1842 630 1897 δὲ
661 1843 786 1914 φῶς
821 1845 893 1898 ἐν
947 1846 1160 1914 Κυρίῳ.
1205 1846 1302 1910 Τίς
1349 1842 1440 1900 οὖν
1488 1847 1758 1917 ἐπέφανεν
1792 1828 1832 1882 Β

165 1934 350 2004 mtto;
379 1935 544 1989 Aa6l6
591 1953 649 1989 σε
698 1935 960 2002 διδάσκει,
999 1937 1209 2006 λέγων·
1263 1937 1684 2008 Εὐλογημένος
1727 1941 1759 1992 d

164 2028 508 2097 ἐρχόμενος
539 2029 610 2082 ὲν
631 2030 874 2099 ὀνόματι
898 2031 1142 2098 Κυρίου.
1167 2031 1263 2094 Τίς
1290 2024 1443 2093 οὗτος
1470 2047 1484 2095 ;
1513 2030 1634 2084 εἰπὲ
1654 2047 1757 2100 φα-

165 2121 374 2191 νερῶς,
425 2115 471 2174 ὦ
511 2121 707 2175 Δαόιδο
772 2123 1147 2192 Ἀναϐόησον
1192 2121 1266 2191 τῇ
1310 2123 1497 2192 ἰσχύϊ,
1534 2121 1633 2175 καὶ
1672 2121 1758 2193 μὴ

166 2215 364 2284 φεισῃ
390 2229 404 2244 ·
452 2215 548 2280 Ὧς
583 2213 888 2284 σάλπιγγα
920 2215 1173 2284 ὕψωσον
1215 2213 1330 2282 τὴν
1353 2213 1562 2284 φωνήν
1600 2229 1717 2268 σου
1743 2231 1756 2244 ·

168 2309 302 2362 εἰπὲ
328 2308 416 2371 τίς
449 2300 604 2372 οὗτος
626 2326 641 2338 ·
676 2309 910 2377 Κύριος,
951 2308 1135 2379 φησιν,
1184 2310 1216 2361 ὀ
1254 2306 1397 2372 Θεὸς
1419 2305 1537 2360 τῶν
1580 2305 1760 2362 δυνά-

164 2418 340 2472 μεων
362 2417 378 2432 ο
413 2400 560 2467 Θεὸς
585 2401 824 2470 Κύριος,
860 2399 960 2454 καὶ
1007 2398 1308 2469 ἐπέςοανεν
1343 2398 1508 2468 ἡμῖν.
1545 2398 1606 2452 '0
1651 2398 1760 2472 γὰρ

171 2495 377 2562 Λόγος
404 2492 563 2561 σὰρξ
585 2491 842 2562 ἐγένετο.
868 2491 1136 2564 Συνῆλθον
1158 2493 1214 2546 αἱ
1241 2490 1452 2561 φύσεις,
1477 2492 1572 2546 καὶ
1600 2490 1768 2562 ἀσύγ-

170 2601 346 2656 χυτος
373 2585 590 2656 ἔμεινεν
617 2587 650 2658 ἡ
673 2586 885 2649 ἓνωσις.

1846 561 2046 626 editus,
2080 576 2233 616 reum
2266 561 2464 615 induit.
2491 559 2622 613 Mira
2641 559 2886 630 quadam
2919 575 2984 614 ac
3017 560 3283 630 stupenda
3307 561 3418 617 illic
3439 595 3489 630 κ

1848 651 1990 707 facta
2021 660 2106 708 est
2133 652 2488 707 commutatio
2521 669 2534 704 :
2566 651 2702 705 dans
2733 651 2876 704 enim
2914 651 3184 720 spiritum,
3210 653 3420 723 accepit

1848 759 2092 800 carnem.
2131 742 2274 798 Idem
2337 745 2453 814 ipse
2507 758 2630 797 cum
2683 741 2924 810 Virgine,
2962 752 3014 797 et
3063 758 3126 797 ex
3176 741 3416 814 Virgine.

1849 835 1985 891 Nam
2029 835 2162 891 illud
2221 834 2438 905 quidem
2485 834 2830 889 obumbravit
2869 836 2952 898 ei;
2991 834 3096 889 hoc
3126 850 3190 889 ex
3217 850 3278 889 ea
3301 851 3450 910 θοι-π,

1849 945 1972 985 nem
1995 931 2290 999 assumpsit
2318 928 2449 998 (20).
2471 927 2526 982 Si
2555 935 2638 983 est
2667 928 2806 982 alius
2826 926 3099 993 Christus,
3123 927 3263 982 alius
3282 927 3424 984 Deus

1850 1020 2090 1079 Verbum
2153 1021 2266 1090 jam
2330 1037 2436 1076 non
2481 1021 2584 1076 erit
2638 1020 2856 1076 trinitas
2919 1026 3103 1073 sancta
3142 1018 3420 1086 Trinitas;

1851 1113 1947 1169 sed
1979 1115 2246 1168 sententia
2274 1121 2387 1175 tua,
2441 1127 2474 1166 ο
2512 1111 2785 1174 Ιιωῐειίοο,
2809 1109 3168 1179 quaternitas.
3194 1106 3314 1164 Noli
3343 1109 3426 1162 di-

1854 1203 2103 1258 scindere
2133 1202 2524 1257 incarnationis
2546 1201 2788 1256 tunicam
2823 1201 3052 1270 desuper
3093 1207 3430 1262 contextam,

1855 1297 1966 1353 noli
2005 1311 2124 1351 esse
2147 1295 2433 1366 discipuus
2461 1295 2599 1351 Arii.
2629 1295 2722 1349 Ille
2743 1295 2884 1349 enim
2921 1293 3141 1348 deitatis
3173 1293 3430 1349 substan-

1856 1388 1989 1442 tiam
2016 1387 2179 1456 impie
2205 1395 2392 1452 secat;
2429 1395 2485 1440 tu
2536 1402 2604 1442 ne
2649 1385 3086 1454 coniunctionem
3109 1383 3343 1446 dividas,
3371 1389 3432 1436 ut

1856 1494 1927 1542 ne
1970 1494 1999 1532 a
2041 1477 2150 1532 Dco
2205 1477 2487 1535 dividaris.
2543 1473 3075 1545 Quisnam’obsecro
3123 1476 3191 1530 iis
3230 1473 3432 1542 illuxit,

1857 1571 1948 1641 qui
1982 1569 2034 1622 in
2053 1568 2292 1624 tenebris
2317 1577 2371 1624 et
2399 1569 2591 1624 umbra
2617 1569 2810 1623 mortis
2836 1567 3095 1623 sedebant
3116 1565 3198 1617 θοι
3232 1565 3433 1618 Homo-

1861 1663 1969 1717 ne?
2000 1663 2068 1715 At
2089 1661 2361 1732 quomodo
2413 1669 2650 1733 poterat,
2703 1661 2796 1732 qui
2849 1667 2904 1715 et
2946 1661 3064 1730 ipse
3107 1658 3162 1712 in
3195 1655 3437 1712 tenebris

1860 1763 2192 1815 versaretur,
2224 1752 2380 1823 juxta
2429 1753 2574 1823 quod
2632 1753 2849 1807 divinus
2893 1751 3186 1823 Apostolus
3232 1748 3438 1804 Paulus

1862 1846 1935 1900 ait
1967 1863 1980 1900 :
2012 1845 2115 1912 Qui
2141 1847 2334 1915 eripuit
2358 1863 2450 1901 nos
2473 1845 2536 1900 de
2556 1855 2811 1914 potestate
2839 1845 3167 1899 tenebrarum
3191 1843 3230 1874 ³¹
3250 1843 3272 1896 ?
3296 1840 3438 1895 Era-

1864 1956 1980 1993 mus
2039 1939 2177 1992 enim
2232 1938 2522 2010 aliquando
2559 1938 2799 2002 tenebrw,
2834 1938 2976 1992 sicut
3027 1936 3293 2006 scriptum
3327 1940 3436 1996 est,

1865 2049 2003 2086 nunc
2021 2042 2194 2086 autem
2218 2031 2310 2085 lux
2331 2033 2383 2084 in
2409 2030 2633 2084 Domino
2664 2031 2727 2084 ³⁸.
2766 2028 2968 2098 Ecquis
3013 2027 3228 2082 tandem
3263 2027 3443 2080 illuxlt

1867 2124 2061 2178 nobis?
2085 2123 2249 2178 Docet
2279 2133 2331 2179 te
2365 2122 2555 2188 David,
2581 2123 2807 2177 dicens:
2843 2119 3156 2176 Benedictus
3187 2118 3276 2185 qui
3303 2118 3441 2172 venit

1867 2214 1921 2267 in
1964 2215 2170 2268 nomine
2203 2213 2412 2267 Domini
2440 2214 2507 2267 ³³.
2570 2213 2896 2282 Ecquisnani
2941 2220 3026 2266 est
3074 2209 3222 2265 iste?
3268 2207 3442 2262 Dicito

1867 2304 2091 2368 clarius,
2125 2321 2158 2360 ο
2182 2304 2352 2361 David
2375 2305 2420 2337 “
2449 2303 2685 2376 [Isaias],
2715 2303 2901 2360 Clama
2926 2303 3152 2373 fortiter,
3169 2318 3214 2356 et
3232 2317 3294 2355 ne
3321 2315 3450 2368 par.

1867 2411 1990 2459 cas;
2013 2398 2166 2466 quasi
2197 2395 2321 2450 tuba
2347 2397 2528 2451 exalia
2563 2413 2734 2450 vocem
2775 2406 2920 2449 tuam
2949 2395 2994 2426 ⁸⁸
3021 2414 3032 2449 :
3071 2393 3270 2448 edicito
3319 2391 3445 2461 quis

1872 2491 1976 2546 iste
2001 2491 2073 2546 sit
2104 2510 2117 2546 :
2147 2490 2428 2554 Dominus,
2459 2489 2656 2560 inquit,
2681 2487 2820 2542 Deus
2848 2489 3101 2542 virtutum
3127 2501 3145 2539 :
3180 2483 3319 2538 Deus
3346 2482 3448 2536 Do-

1874 2589 2071 2652 minus,
2101 2599 2147 2642 et
2175 2589 2352 2642 illuxit
2375 2587 2521 2642 nobis
2545 2587 2610 2641 ³⁸.
2640 2585 2798 2650 Nam,
2841 2585 3064 2640 Verbum
3098 2600 3222 2638 caro
3247 2582 3449 2653 factum

170 2685 256 2729 est
304 2675 371 2728 ³⁷.
411 2675 675 2730 Coierunl
706 2678 760 2730 in
811 2691 979 2729 unum
1027 2684 1257 2738 naturae,
1293 2673 1604 2744 mansitque
1631 2673 1759 2730 unio

1885 2694 2009 2748 sque
2039 2679 2148 2732 ulla
2167 2678 2508 2735 confusione.

249 2773 334 2827 ϐ’.
364 2767 538 2825 Ἦλθε
575 2771 766 2837 σῶσαι,
819 2771 934 2825 ἀλλ’
960 2771 1126 2842 ἐχρῆν
1155 2771 1247 2824 καὶ
1276 2769 1470 2824 παθεῖν
1493 2785 1506 2798 θ
1538 2770 1656 2833 πῶς
1680 2767 1774 2824 οὖν

172 2863 247 2939 ἦν
279 2865 508 2919 δυνατὸν
545 2864 781 2936 ἑκάτερα
806 2863 1060 2934 γενέσθαι
1085 2881 1099 2930 ;
1128 2862 1448 2934 Ἀνθρωπος
1488 2861 1644 2933 ψιλὸς
1670 2862 1775 2915 σῶ-

178 2978 278 3014 σαι
309 2960 413 3013 οὐκ
453 2959 634 3029 ἴσχυε·
685 2957 816 3021 Θεὸς
859 2957 1067 3027 γυμνὸς
1125 2955 1318 3010 παθεῖν
1367 2957 1468 3010 οὐκ
1517 2955 1771 3026 ἠδύνατο.

1952 2773 2042 2829 IX.
2079 2774 2160 2827 Ad
2189 2773 2510 2830 salvandum
2546 2781 2802 2840 venerat;
2833 2772 2928 2829 sed
2978 2771 3116 2827 mori
3154 2785 3368 2842 quoque
3388 2769 3453 2823 il-

1880 2863 1991 2918 lum
2015 2864 2320 2934 oportebat.
2353 2864 2422 2917 At
2464 2871 2697 2934 utraque
2728 2863 2862 2924 haec.
2896 2877 3131 2932 quonam
3155 2871 3312 2932 pacto
3339 2859 3454 2914 ﬁeri

1881 2955 2371 3026 poterant?Purus
2407 2955 2570 3010 homo
2603 2955 2814 3010 salvare
2866 2970 2975 3008 non
3020 2960 3231 3023 poterat
3264 2971 3278 3008 :
3312 2951 3455 3006 Deus

178 3052 250 3106 Ti
280 3047 417 3117 οὗνς
457 3051 631 3113 Αὐτὸς
670 3049 746 3103 ὢν
777 3049 912 3113 Θεὸς
955 3049 985 3102 6
1034 3048 1403 3120 Ἐμμανουὴλ,
1427 3048 1649 3118 γέγονεν
1679 3047 1774 3102 άν-

1885 3049 2030 3104 solus
2089 3048 2228 3103 mori
2263 3047 2545 3118 nequibat.
2591 3045 2734 3114 Quid
2763 3046 2962 3119 igitur?
2991 3045 3112 3117 Ipse
3138 3044 3280 3100 Deus
3308 3044 3456 3100 exsi-

180 3145 413 3214 θρωπος
435 3158 449 3171 ο
480 3143 574 3196 καὶ
596 3142 624 3196 δ
655 3143 754 3214 μὲν
772 3137 861 3213 ἦν,
888 3141 1090 3195 ἔσωσεν
1110 3160 1122 3172 ο
1145 3141 1174 3194 6
1197 3141 1254 3194 δὲ
1284 3141 1526 3211 γέγονεν,
1556 3139 1775 3196 ἔπαθεν.

181 3239 291 3291 Διὰ
319 3235 483 3289 τοῦτο
503 3235 579 3300 ὡς
608 3231 749 3288 εἶδεν
771 3237 805 3306 ἠ
840 3233 1138 3306 Ἐκκλησία
1178 3231 1600 3304 στεφανώσασαν
1621 3233 1780 3286 αὐτὸν

180 3329 291 3400 τὴν
326 3329 656 3400 συναγωγὴν
681 3330 800 3393 ταῖς
832 3327 1115 3393 ἀκάνθαις,
1144 3325 1493 3400 θρηνῳδοῦσα
1525 3325 1622 3396 τὴν
1656 3326 1781 3379 τόλ-

189 3438 324 3491 μαν,
353 3418 538 3488 ἔλεγε·
571 3419 900 3490 Θυγατέρες
913 3419 1332 3488 Ἰερουσαλὴμ,
1356 3417 1655 3483 saeuam,
1682 3415 1784 3470 καὶ

187 3514 354 3568 ιδετε
379 3513 488 3567 τὸν
516 3513 846 3583 στέφανον,
867 3506 916 3580 ᾦ
937 3512 1362 3583 ἐστεφάνωσεν
1390 3511 1578 3567 αὑτὸν
1598 3510 1637 3578 ἡ
1669 3509 1784 3580 μή·

187 3625 303 3677 τηρ
337 3607 551 3661 αὐτοῦ.
605 3607 779 3670 Αὐτὸς
802 3605 912 3678 γὰρ
945 3607 1038 3659 καὶ
1083 3606 1176 3659 τὸν
1214 3604 1502 3659 ἀκάνθινον
1556 3603 1784 3674 ἐφόρεσε

193 3701 490 3770 στέφανον,
524 3701 619 3753 καὶ
675 3697 774 3770 τὴν
814 3696 924 3753 τῶν
955 3697 1205 3752 ἀκανθῶν
1252 3696 1440 3750 ἔλυσεν
1469 3696 1745 3763 ἀπόφασιν
1767 3711 1782 3726 ·

190 3793 223 3846 6
255 3792 424 3854 αὐτὸς
441 3791 518 3843 ὢν
547 3792 604 3842 ὲν
625 3793 738 3854 τοῖς
768 3790 988 3854 κόλποις
1011 3789 1106 3843 τοῦ
1136 3788 1370 3861 Πατρδς,
1393 3789 1488 3842 καὶ
1517 3788 1574 3842 ὲν
1590 3787 1787 3858 γαστρὶ

196 3883 524 3954 Παρθένου⁸
576 3885 604 3936 6
641 3883 804 3946 αὐτὸς
857 3884 914 3935 ὲν
967 3881 1233 3950 ἀγκάλαις
1286 3880 1512 3952 μητρὸς,
1571 3861 1802 3933 δᾶτῖτῖ

197 3973 496 4045 πτερύγων
523 3972 739 4044 ἀνέμων
763 3990 777 4003 ⁸
813 3974 841 4026 ὁ
877 3972 1036 4035 αὐτὸς
1066 3972 1176 4026 ἄνω
1199 3970 1303 4024 ὑπὸ
1333 3969 1579 4038 ἀγγέλων
1617 3985 1788 4041 προσ-

196 4069 472 4130 εκυνεῖτο,
540 4069 634 4120 καὶ
699 4067 849 4120 κάτω
911 4065 1172 4129 τελώναις
1221 4063 1666 4118 συνανεκλίνετοθ
1721 4061 1790 4114 τὰ

201 4165 451 4232 σεραφὶμ
479 4160 539 4212 οὑ
578 4159 940 4231 προσέϐλεπε,
987 4159 1080 4214 καὶ
1108 4158 1338 4221 Πιλᾶτος
1366 4155 1554 4228 ἠρώτα
1578 4171 1592 4186 ⁸
1618 4158 1646 4208 6
1673 4155 1792 4208 δοῦ-

202 4255 294 4318 λος
324 4253 615 4326 ὲρῤἀπιζε,
649 4254 740 4307 καὶ
771 4255 804 4324 ἡ
836 4254 1010 4317 κτίσις
1037 4253 1291 4323 ἕφρισσεν
1318 4268 1331 4282 ⁸
1366 4252 1458 4304 ἐπὶ
1497 4247 1731 4320 σταυροῦ
1764 4249 1792 4300 ὁ

1883 3150 2057 3206 stens,
2095 3156 2288 3211 nempe
2315 3140 2653 3207 Emmanuel,
2709 3139 2873 3195 homo
2929 3138 3107 3194 factus
3153 3145 3277 3202 est;
3319 3145 3370 3192 et
3402 3137 3457 3190 id

1882 3233 2102 3302 quidem
2143 3233 2290 3303 quod
2344 3240 2483 3297 erat,
2538 3233 2769 3287 salutem
2823 3233 3096 3287 contulit:
3133 3228 3279 3301 quod
3323 3244 3455 3284 vero

1885 3320 2087 3374 factum
2115 3329 2221 3387 est,
2250 3323 2534 3392 passiones
2575 3339 2639 3378 ac
2689 3331 2919 3377 mortem
2960 3323 3144 3377 subiit.
3185 3320 3456 3387 Quocirca

1885 3427 2008 3467 cum
2031 3414 2263 3468 ecclesia
2292 3429 2620 3486 synagogam
2645 3421 2893 3468 cerneret
2919 3413 3091 3484 spinis
3122 3412 3271 3466 illum
3303 3425 3462 3464 coro-

1885 3519 2069 3569 nasse,
2099 3506 2291 3576 lugens
2313 3514 2524 3561 tantum
2555 3505 2790 3570 facinus,
2825 3507 3004 3561 aiebat
3030 3523 3043 3557 :
3079 3503 3236 3560 Filiae
3266 3502 3464 3557 Hieru-

1886 3597 2072 3662 salem,
2117 3597 2442 3669 egredimini,
2471 3608 2520 3654 et
2568 3599 2734 3654 videte
2787 3615 3034 3652 coronam
3067 3614 3169 3668 qua
3195 3596 3465 3650 coronavit

1886 3705 2004 3742 eum
2045 3700 2216 3744 mater
2256 3707 2356 3745 sua
2379 3689 2444 3744 ³⁸.
2478 3691 2598 3761 Ipse
2650 3705 2884 3760 namque
2919 3689 3163 3759 spineam
3205 3699 3464 3741 coronam

1889 3781 2121 3851 gestavit
2161 3781 2228 3848 ",
2269 3783 2660 3852 spinarumque
2720 3780 2971 3835 dissolvit
3027 3779 3355 3834 sententiam
3391 3777 3459 3827 ⁸⁸.

1890 3873 2009 3943 Ipse
2032 3874 2086 3927 in
2120 3873 2243 3927 sinu
2297 3871 2478 3928 Patris
2513 3875 2578 3938 ”,
2615 3881 2778 3942 atque
2823 3873 2877 3926 in
2924 3878 3080 3926 utero
3110 3871 3322 3924 matris.
3350 3867 3469 3938 Ipse

1891 3964 1946 4017 in
1990 3964 2134 4018 ulnis
2174 3964 2386 4028 matris,
2419 3973 2474 4018 et
2525 3979 2690 4033 supra
2725 3971 3012 4019 ventorum
3057 3975 3266 4032 pennas
3316 3959 3468 4012 incc-

1892 4053 2028 4108 dens
2058 4054 2121 4106 δ’.
2151 4053 2271 4124 Ipse
2303 4055 2360 4108 in
2391 4055 2546 4110 caelis
2567 4055 2638 4108 ab
2669 4053 2875 4125 angelis
2914 4052 3264 4114 adorabatur,
3308 4061 3472 4119 atque

1893 4146 1949 4201 in
1967 4146 2132 4202 terris
2180 4148 2456 4201 communi
2513 4161 2638 4201 cum
2679 4146 2987 4216 publicanis
3023 4160 3211 4200 mensa
3233 4143 3472 4198 discum.

1895 4239 2058 4295 bebat
2104 4240 2170 4294 “.
2222 4241 2400 4311 Ipsum
2445 4240 2500 4294 in
2531 4255 2692 4310 quem
2737 4254 2838 4294 nec
2881 4237 3154 4307 serapliim
3203 4235 3474 4289 audebant

201 4345 374 4408 αὐτὸς
433 4345 733 4415 ἐπήγνυτο,
771 4345 866 4398 καὶ
899 4347 928 4398 ὁ
955 4342 1141 4415 Θρόνος
1179 4343 1278 4414 τῆς
1311 4342 1467 4412 δόξης
1496 4339 1660 4394 αὐτοῦ
1694 4341 1775 4393 οὐ)

1897 4333 2165 4404 aspicere,
2192 4331 2398 4389 Pilatus
2427 4332 2817 4404 interrogabat,
2853 4345 3046 4386 servus
3096 4328 3344 4397 colaphis
3366 4341 3472 4380 ca:-

203 4433 565 4503 ὲγεγύμνωτο
639 4436 699 4486 ὲν
748 4434 905 4505 τάφῳ
940 4433 1302 4495 κατεκλείετο,
1329 4432 1424 4484 καὶ
1450 4431 1540 4484 τὸν
1571 4430 1775 4502 οὐρανὸς

1901 4424 2064 4480 debat
2095 4424 2162 4491 “,
2203 4433 2257 4479 et
2307 4433 2559 4480 creatura
2598 4423 2858 4478 horrebat
2896 4439 2909 4474 :
2942 4421 3094 4475 cruci
3142 4419 3475 4489 aﬂigcbatur,

209 4527 479 4591 ἐξέτεινεν
507 4526 640 4578 ὡσεὶ
666 4525 850 4597 δέρριν
879 4542 892 4555 °
937 4527 994 4580 ὲν
1026 4527 1237 4595 νεκροῖς
1264 4523 1555 4592 ἐλογίζετο,
1581 4521 1675 4575 καὶ
1707 4521 1797 4574 τὸν

210 4622 348 4695 ᾅδην
399 4622 760 4675 ἐσκύλευσεν·
817 4613 920 4675 ὧδε
980 4620 1179 4683 πλάνος
1223 4618 1659 4686 ἐσυκοφαντεῖτο,
1705 4615 1796 4670 καὶ

208 4717 331 4770 ἐκεῖ
361 4714 516 4783 ἆγιος
545 4713 920 4784 ὲδοξολογεῖτο.

1904 4533 2005 4573 nec
2029 4519 2285 4574 thronum
2319 4519 2502 4589 gloriae
2534 4517 2822 4573 deserebat
2849 4534 2863 4579 ;
2907 4515 3165 4583 sepulcro
3189 4509 3475 4564 claudeba-

1902 4618 2014 4676 tur,
2072 4617 2126 4665 et
2181 4611 2380 4665 cmlum
2432 4610 2589 4680 pellis
2645 4610 2818 4663 instar
2871 4606 3192 4662 extendebat
3221 4603 3265 4633 "
3296 4621 3308 4656 :
3342 4603 3473 4654 inter

1903 4712 2152 4760 mortuos
2204 4703 2579 4774 reputabatur,
2617 4709 2670 4756 et
2707 4699 3048 4770 despoliabat
3079 4695 3356 4752 infernum
3389 4693 3476 4749 “z

213 4814 324 4874 hic,
349 4813 610 4867 seductor
645 4812 918 4864 calumnia
963 4809 1262 4865 vocabatur
1303 4807 1370 4869 ⁸⁷,
1399 4807 1620 4878 illicque
1653 4813 1879 4860 sanctus
1917 4802 1962 4833 “
1983 4801 2217 4871 gloriose
2247 4797 2647 4868 praedicabatur
2666 4795 2799 4867 (2|).

287 4927 331 4957 ³⁰
370 4924 504 4978 Luc.
541 4941 580 4987 ι,
618 4924 702 4980 79.
781 4923 823 4954 ³¹
864 4922 1078 4977 Coloss.
1111 4923 1261 4986 ι,15.
1340 4920 1385 4952 ³⁸
1426 4918 1626 4990 Ephes.
1655 4934 1712 4980 ν,
1752 4918 1804 4990 8.

210 5001 257 5031 ⁴⁶
299 4995 447 5050 Psal.
476 5011 647 5055 cxvul,
685 4994 774 5050 27.
867 4994 910 5024 ³⁷
948 4992 1104 5048 Joau.
1133 5018 1171 5056 i,
1199 4993 1284 5046 M.

212 5072 257 5100 “
304 5067 450 5121 Psal.
493 5082 610 5129 cui,
643 5069 696 5123 3.

213 5142 260 5171 "
289 5138 397 5196 Isa.
420 5155 495 5201 Vl,
520 5140 574 5194 3.

288 5255 404 5327 (20)
439 5255 586 5309 Illud
631 5253 860 5327 quidem
895 5251 1225 5327 obumbravit
1248 5250 1328 5327 ei;
1356 5249 1451 5302 hoc
1485 5263 1549 5327 ea:
1575 5262 1642 5327 _ea
1681 5259 1797 5327 ear:

216 5313 336 5382 nei‘n
365 5313 674 5394 assumpsil.
714 5328 778 5378 Ὀ
811 5325 910 5395 μὲν
942 5324 1070 5395 γάρ-
1091 5323 1416 5395 ἐπεσκίασεν
1461 5318 1658 5395 αὑτήν·
1692 5315 1720 5366 ὃ
1747 5313 1803 5395 δὲ

215 5397 514 5467 ὲσαρκώθη
547 5385 604 5464 ἐξ
638 5385 826 5467 αὐτῆς.
848 5385 1342 5467 ΑιῐέιίἰῖἱροειτιΙιιε
1366 5385 1638 5467 variantes
1666 5385 1807 5439 Inul-

217 5485 306 5524 tas
326 5459 635 5535 lectiones;
671 5459 774 5522 sed'
792 5483 891 5536 ego
925 5471 1064 5519 hanc
1101 5463 1255 5535 Regii
1305 5461 1511 5536 codicis
1544 5459 1660 5536 vice
1690 5470 1806 5536 οιιιο

219 5543 377 5595 nium
430 5530 670 5594 arbitror
704 5553 767 5592 ac
813 5530 1255 5606 probatissimam
1294 5551 1306 5585 :
1344 5530 1645 5606 (‘_ui_siniile
1693 5534 1798 5606 est,

221 5611 371 5681 quod
403 5612 682 5681 superius
722 5597 1324 5681 _posuit.__a7:o_0vqazst
1367 5602 1396 5653 6
1436 5597 1804 5681 εγενεῖιηκαὶ

219 5669 518 5755 λυτροθταὶ
544 5680 610 5755 ‘6‘
640 5669 882 5755 ὑπῆρχε.
935 5677 1004 5734 Ut
1034 5669 1259 5755 _ubique
1291 5672 1451 5755 'quod
1490 5669 1697 5755 οὓς)ιοί
1733 5681 1805 5755 ᾖα

225 5738 372 5816 amid
406 5753 668 5812 hominis.
702 5738 974 5805 in'codem
1033 5738 1258 5802 Domino
1284 5738 1410 5798 Jesu
1459 5757 1522 5795 ac
1557 5738 1806 5820 Filio-di-

225 5833 474 5898 stinguat
495 5863 510 5891 ,
548 5838 612 5878 ac
644 5824 841 5892 cuique
863 5820 1082 5885 rationi,
1119 5834 1238 5886 quae
1272 5823 1399 5871 sunt
1429 5816 1672 5884 propria,
1706 5816 1808 5863 tri-

1373 4990 1416 5022 ³⁸
1455 4988 1613 5044 Cant.
1652 5004 1732 5052 ιιι,
1769 4988 1855 5041 II.

788 5066 832 5098 “
856 5065 1043 5119 Matth.
1072 5079 1150 5130 xx,
1193 5063 1278 5116 It).
1355 5061 1400 5092 ⁸⁸
1436 5059 1593 5115 Joan.
1619 5074 1774 5119 xvni,
1805 5059 1892 5112 33.

1883 4916 1928 4948 ³³
1972 4915 2113 4969 Psal.
2141 4929 2310 4976 cxvii,
2341 4913 2431 4968 26.

1948 4986 1991 5017 ”
2012 4984 2170 5040 Joan.
2212 5000 2325 5048 XIX,
2366 4985 2422 5040 2.

2531 4912 2576 4944 ³⁸
2614 4911 2718 4965 Isa.
2749 4926 2899 4968 Lvin.
2941 4909 2993 4963 I.
3069 4907 3112 4938 ³⁸
3150 4905 3294 4960 Psal.
3323 4919 3478 4964 LVIII.

2511 4983 2557 5014 ⁸ο
2597 4981 2731 5036 Gen.
2765 4996 2845 5044 ιιι,
2879 4979 2965 5034 18.
3047 4978 3092 5009 ⁸³
3123 4975 3280 5030 Joan.
3319 4992 3355 5040 ι,
3389 4977 3478 5031 ι8.

1910 5242 2058 5295 buat.
2093 5239 2207 5305 Qua
2246 5236 2404 5303 Deus,
2436 5243 2554 5292 erat
2585 5250 2708 5289 cum
2759 5232 2923 5286 Maria
2969 5231 3125 5305 juxta
3154 5227 3326 5305 angeli
3362 5241 3483 5280 ver-

1913 5314 2060 5374 bum,
2093 5301 2350 5363 Dominus
2395 5301 2599 5369 tecum,
2657 5315 2945 5373 antequam
2977 5301 3485 5374 etiam‘incarnare-

1909 5391 2001 5436 tur
2024 5371 2297 5451 {ipseque
2329 5379 2376 5434 ei
2408 5377 2778 5451 obumbravit,
2804 5371 2869 5451 fut
2903 5374 3021 5428 sine
3061 5371 3259 5425 ardore
3290 5383 3486 5424 concu-

1912 5445 2193 5524 pisc'en'tia:
2208 5445 2532 5524 conciperet
2548 5449 2752 5524 ipsum;
2782 5445 3040 5524 uthoinp,
3074 5455 3293 5524 carnem
3328 5453 3400 5524 ex“
3419 5451 3481 5524 ea

1913 5505 2286 5591 Ξιιιιψείι.δὶο
2310 5505 2717 5591 pauluinierius
2740 5505 2760 5571 ἰ
2793 5514 2952 5591 ὃμὲν
2983 5507 3088 5591 ἦν³⁸
3102 5511 3305 5564 ἔσωσεν
3322 5525 3344 5591 ο.
3427 5505 3484 5558 δὲ

1908 5577 2150 5662 γέγονεν,
2183 5577 2415 5662 Erratian
2462 5587 2612 5654 Quod
2653 5577 2883 5662 erat_,_id
2924 5577 3034 5662 est,
3054 5581 3226 5646 Deus,
3260 5577 3486 5662 salutent

1910 5655 2167 5727 eonlulit;
2195 5661 2332 5733 quod
2389 5660 2590 5729 factum
2625 5669 2729 5722 est,
2767 5655 2820 5710 id
2859 5663 2964 5716 est,
3022 5655 3218 5716 homo,
3265 5657 3486 5703 mortem

1915 5735 2098 5789 subiit.

1989 5786 2098 5876 (Ἦ)
2136 5803 2157 5856 l
2167 5803 2255 5857 llic
2285 5813 2500 5858 sanctus
2522 5800 2746 5872 gloriose
2775 5793 3186 5866 pra‘dicabatur.
3217 5786 3371 5844 lIunc
3405 5789 3488 5844 ιο⁴

1993 5057 2036 5087 ⁸⁸
2061 5055 2201 5110 Psal.
2233 5043 2349 5118 cui,
2375 5055 2411 5107 ‘2
2509 5053 2555 5084 “
2580 5052 2766 5105 Matth.
2798 5065 2966 5112 xxvii,
2999 5047 3087 5104 52.
3161 5048 3205 5079 "
3236 5046 3366 5102 ibid.
3389 5047 3478 5101 63.
3567 5043 3570 5046 ’
