3842 6308
461 357 552 416 σοι

1657 371 1713 425 S.
1755 372 2003 429 PROCLI
2041 373 2145 430 (ΣΡ.
2186 373 2490 428 El’lSthPl

3585 379 3694 434 C93

535 476 601 532 Χ.
635 476 679 532 Ο
705 480 1054 549 mysterium!
1101 481 1357 539 Miracnla
1383 487 1558 554 video,
1591 498 1644 544 et
1679 489 2023 546 Divinitatem

2200 496 2253 548 l'.
2283 495 2344 546 Ὢ
2369 492 2459 546 τοῦ
2491 492 2811 562 μυστηρίουί
2842 493 3022 562 βλέπω
3043 493 3111 546 τά
3135 492 3406 563 θαύματα,
3446 495 3538 547 καὶ
3561 499 3698 550 ἀνα-

465 570 726 638 praedico:
749 573 1030 640 passiones
1047 588 1232 638 cerno,
1251 592 1349 630 nec
1368 577 1757 650 humanitatem
1787 582 2017 636 inficior.

461 660 712 713 Ceterum
763 660 1099 727 Emmanuel,
1152 675 1359 721 naturae
1404 653 1619 738 quidem
1665 680 1850 741 portas
1897 689 2022 744 ape-

463 750 578 802 ruit
603 759 660 804 ut
689 751 850 807 homo
877 753 987 822 (‘29.)
1015 771 1030 818 ;
1068 757 1395 826 virginitatis
1431 769 1608 816 autem
1635 763 1875 819 claustra
1914 782 2019 820 non

395 857 447 892 ρ
463 841 869 914 violavitneque
884 845 1149 915 perrupit,
1169 849 1380 904 utDeus
1401 853 1559 920 :quin
1582 853 1654 906 ita
1672 868 1738 908 ex
1765 863 1920 910 utero
1940 864 2023 911 est

465 946 739 1000 egressus,
777 934 935 989 sicuti
970 950 1063 1004 per
1078 950 1261 991 aurem
1280 947 1362 992 est
1389 940 1706 1010 ingressus:
1743 942 1814 996 ita
1841 953 2020 1008 natus,

466 1023 607 1076 sicut
640 1037 934 1094 conceptus
981 1024 1260 1094 Ingressus
1282 1038 1366 1083 est
1389 1031 1504 1086 sine
1528 1035 1816 1102 passione;
1842 1051 2024 1106 egres-

467 1129 564 1171 sus
615 1128 698 1170 est
743 1117 946 1187 absque
994 1120 1098 1172 ulla
1155 1121 1524 1190 corruptione,
1571 1124 1728 1192 juxta
1759 1125 1902 1193 quod
1948 1128 2024 1180 ait

467 1207 725 1278 propheta
748 1208 1017 1264 Ezechiel:
1037 1209 1300 1264 Convertit
1327 1229 1425 1275 me,
1451 1214 1646 1282 inquit,
1677 1214 1933 1269 Dominus
1956 1217 2024 1269 ad

467 1299 605 1352 uiam
623 1310 788 1363 porta:
817 1303 1112 1354 sanctuarii
1153 1305 1430 1358 exterioris
1474 1323 1589 1374 quae
1621 1311 1924 1376 respiciebat
1955 1312 2023 1362 ad

468 1391 745 1454 orientem;
773 1401 821 1444 et
851 1391 957 1445 hwc
997 1393 1183 1447 clausa
1219 1405 1350 1448 erat.
1370 1394 1438 1448 Et
1459 1396 1595 1449 dixit
1629 1397 1697 1450 ad
1731 1415 1809 1453 me
1839 1400 2020 1454 Domi-

466 1497 564 1534 nus
588 1496 606 1533 :
634 1478 742 1532 Fili
768 1481 1016 1545 hominis,
1045 1491 1199 1550 portu
1215 1482 1323 1535 lia'c
1344 1483 1526 1536 clausa
1551 1485 1672 1547 erit,
1691 1495 1738 1538 et
1771 1502 1873 1538 non
1902 1504 2023 1554 ape-

468 1574 666 1634 rietur;
702 1581 748 1625 et
783 1573 959 1625 nullus
989 1573 1207 1626 transiet
1229 1588 1320 1638 per
1345 1590 1490 1635 eam;
1531 1574 1619 1628 sed
1665 1576 1807 1629 solus
1846 1577 2024 1630 Domi-

468 1679 565 1717 nus
610 1662 744 1716 Deus
782 1661 953 1716 Israel
987 1679 1004 1716 :
1035 1664 1143 1731 ipse
1176 1665 1496 1734 ingredietur
1542 1675 1592 1720 et
1639 1667 1948 1737 egredietur,
1976 1680 2025 1722 et

468 1755 569 1807 erit
601 1763 750 1821 porta
773 1754 954 1807 clausa
978 1755 1042 1807 “.
1095 1755 1170 1807 En
1203 1763 1386 1823 aperte
1428 1756 1754 1811 declaratam
1782 1768 2022 1812 sanctam

2125 582 2374 653 κηρύττω
2404 583 2500 652 τὴν
2533 581 2770 648 Θεότητα
2791 599 2804 612 ο
2829 581 2937 652 6ρῶ
2965 583 3032 633 τὰ
3064 581 3229 653 πάθη,
3259 585 3351 634 καὶ
3389 583 3490 636 οὐκ
3515 585 3695 654 ἀπαρ-

2123 673 2316 743 νοῦμαι
2350 673 2447 742 τὴν
2486 671 2894 742 ἀνθρωπότητα.
2957 672 3093 724 Ἀλλ’
3123 673 3152 724 ὁ
3193 674 3556 744 Ἐμμανουήλ,
3592 675 3695 742 φύ-

2125 777 2258 814 σεως
2286 759 2381 830 μὲν
2437 759 2607 822 πύλας
2662 758 2892 828 ἀνέῳξεν
2937 758 3010 821 ὡς
3050 759 3359 829 ἄνθρωπος’
3394 761 3693 830 παρθενίας

2122 851 2177 903 δὲ
2204 849 2424 920 κλεῖθρα
2451 850 2510 902 οὐ
2527 848 2804 920 διέρρηξεν
2844 849 2918 911 ὼς
2947 848 3080 910 θεός
3099 865 3112 878 °
3149 849 3260 901 ἀλλ’
3291 849 3460 912 οὕτως
3490 853 3552 902 ἐκ
3584 835 3754 921 μὴν]

2122 958 2256 1010 τρας
2285 941 2574 1011 προῆλθεν,
2601 940 2674 1002 ὡς
2691 940 2758 991 δι’
2782 941 2954 1010 ἀκοῆς
2971 939 3216 1008 εἰσῆλθεν
3239 958 3252 970 ·
3280 940 3451 1002 οὕτως
3473 943 3690 1012 ἐτέχθη,

2123 1031 2198 1095 ὡς
2235 1032 2556 1103 συνελήφθη.
2610 1031 2859 1093 Ἀπαθῶς
2906 1031 3172 1100 εἰσῆλθεν,
3228 1033 3522 1103 ἀφράστως
3576 1035 3690 1104 (24)

2125 1121 2332 1189 ἐξῆλθε,
2376 1121 2514 1174 κατά
2546 1120 2636 1173 τὸν
2692 1122 2977 1190 προφήτην
3023 1119 3390 1189 Ἱεζεκιὴλτὺν
3433 1121 3690 1189 λέγονται

2137 1210 2495 1279 Ἑπέστρεψέ
2516 1227 2609 1278 με,
2651 1212 2802 1281 φησὶ.
2835 1213 3049 1278 Κύριος
3076 1212 3224 1263 κατὰ
3264 1211 3378 1277 τὴν
3404 1211 3548 1264 ὁδὸν
3587 1209 3692 1278 τῆς

2125 1305 2322 1369 πύλης
2347 1301 2464 1355 τῶν
2490 1303 2672 1370 ἁγίων
2706 1300 2816 1369 τῆς
2855 1301 3165 1369 ἐξωτέρας,
3203 1300 3310 1366 τῆς
3329 1302 3693 1367 ,ϐλεπούσης

2125 1394 2274 1446 κατὰ
2312 1391 2627 1456 ἀνατολὰς,
2679 1392 2777 1445 καὶ
2823 1392 2973 1459 αὕτη
3021 1388 3102 1462 ἦν
3138 1391 3554 1460 κεκλασμένη.
3585 1393 3693 1445 Καὶ

2123 1480 2251 1536 εἷπε
2277 1485 2489 1551 Κύριος
2509 1485 2657 1549 πρός
2671 1499 2774 1552 με’
2811 1483 2906 1536 Υιὲ
2944 1483 3276 1551 ἀνθρώπου,
3305 1485 3343 1551 ἡ
3363 1483 3692 1550 πύ.1ηαῦτη

2125 1573 2515 1644 κεκλασμένη
2553 1576 2720 1629 ἕσται
2738 1593 2750 1605 ·
2777 1577 2886 1628 οὐκ
2909 1574 3328 1643 ἀναχθήσεται
3354 1592 3367 1605 ·
3393 1575 3596 1638 οὐδεὶς
3622 1578 3693 1627 οὺ

2120 1664 2204 1733 μὴ
2225 1663 2426 1732 διέλθῃ
2451 1664 2524 1718 δι’
2543 1665 2752 1733 αὐτῆς.
2767 1667 2902 1718 ἀλλ’
2920 1665 2957 1733 ἢ
2982 1667 3193 1733 Κύριος
3214 1669 3246 1720 ὁ
3265 1665 3410 1731 Θεὸς
3423 1667 3692 1734 Ἰσραὴλ,

2119 1757 2336 1824 μόνοςο
2367 1755 2548 1823 αὐτὸς
2573 1757 2979 1810 εἰσελεύσεται
3022 1756 3118 1809 καὶ
3145 1758 3548 1821 ἐξελεύσεται,
3597 1758 3692 1809 καὶ

472 1844 562 1899 Dei
591 1845 907 1914 genitricem
951 1844 1193 1898 Mariam.
1220 1846 1516 1900 Dirimatur
1542 1863 1670 1917 ergo
1700 1849 1877 1902 omnis
1892 1865 2024 1902 con-

2131 1847 2292 1900 ἔσται
2321 1849 2358 1914 ἡ
2381 1849 2540 1913 πύλη
2571 1846 2979 1915 κεκλασμένη.
3017 1848 3146 1900 Ἰδοὺ
3172 1849 3440 1914 ἀπόδειξις
3463 1849 3694 1920 ἐναργὴς

469 1935 743 1996 tradictio,
793 1950 856 1988 ac
903 1932 1307 2004 Scripturarum
1363 1937 1609 1991 doctrina
1657 1938 2025 2006 illustremur;

469 2040 577 2094 quo
608 2033 660 2080 et
679 2025 938 2079 caelorum
989 2039 1387 2096 consequamur
1431 2043 1657 2097 regnum
1702 2030 1756 2082 in
1783 2029 2025 2093 Christo,

469 2117 554 2170 cui
575 2118 746 2186 gloria
770 2116 824 2169 in
849 2117 1046 2171 saecula
1077 2119 1426 2182 saeculorum,
1459 2119 1650 2173 Amen.

979 2338 1096 2408 (εδ)
1130 2337 1385 2395 ORATIO
1419 2340 1481 2394 ιι.

466 2455 544 2509 De
579 2455 941 2508 incarnatione
971 2453 1182 2507 Domini
1227 2458 1396 2509 nostri
1434 2455 1563 2511 Iesu
1595 2455 1832 2522 Christi,
1879 2468 1929 2512 et
1965 2458 2029 2512 de

1095 2527 1389 2593 infusoriis.

533 2638 572 2690 Ι.
613 2637 844 2691 Pulchra
869 2637 1086 2707 quidem
1108 2647 1192 2693 est
1218 2642 1551 2709 psalmorum
1581 2641 1732 2711 lyra;
1762 2642 2028 2699 divinitus

463 2728 727 2798 inspirata
751 2727 985 2799 Spiritus
1011 2729 1252 2794 cithara;
1281 2731 1579 2799 jucundum
1614 2733 1816 2800 pariter
1843 2748 1906 2786 ac
1927 2743 2030 2789 ter-

463 2820 624 2872 ribile
650 2826 733 2873 est
756 2819 1049 2889 pr0phetia:
1072 2821 1369 2888 canticum;
1403 2821 1620 2876 salubre
1649 2837 1864 2892 semper
1879 2826 2026 2890 psal-

465 2924 679 2963 morum
740 2911 944 2972 melos,
999 2911 1194 2966 melleo
1236 2921 1503 2966 concentu
1540 2899 1641 2968 suo
1686 2914 2027 2984 perturbatos

465 2999 691 3056 affectus
723 3000 942 3056 sedans.
976 2999 1064 3055 Uti
1097 3001 1242 3056 enim
1279 3001 1386 3055 falx
1423 3003 1488 3057 ad
1523 3003 1710 3072 Spinas
1739 3005 1920 3070 habet,
1949 3004 2028 3058 sic

465 3103 520 3148 et
556 3093 799 3163 psalmus
848 3093 1008 3148 habet
1053 3093 1120 3147 ad
1158 3093 1458 3148 tristitiam.
1509 3092 1759 3150 Psalmus
1794 3110 2027 3166 namque

2129 1935 2224 2002 τῆς
2241 1933 2398 2001 ἁγίας
2428 1934 2675 1987 θεοτόκου
2699 1935 2936 2004 Μαρίας.
2972 1935 3192 1987 Λυέσθω
3219 1937 3397 1988 τοίνυν
3417 1935 3692 2000 ἀντιλογία

2131 2027 2296 2086 πᾶσα,
2326 2027 2418 2078 καὶ
2451 2029 2515 2096 τῇ
2547 2026 2652 2079 τῶν
2691 2025 2919 2099 Γραφῶν
2943 2026 3450 2098 καταφαντιζώμεθα
3474 2027 3692 2095 γνώσει,

2129 2118 2217 2170 ἵνα
2255 2118 2350 2170 καὶ
2385 2117 2659 2186 βασιλείας
2689 2119 2930 2188 οὐρανῶν
2955 2117 3202 2188 τύχωμεν
3239 2121 3296 2171 ὲν
3317 2118 3556 2190 Χριστῷ.
3661 2120 3692 2186 ή

2129 2209 2251 2273 δόξα
2281 2211 2360 2272 εἱς
2377 2211 2502 2274 τοὺς
2530 2211 2728 2274 αἰῶνας
2754 2210 2860 2263 τῶν
2884 2209 3109 2264 αίὼνων.
3147 2212 3334 2282 Ἀμήν.

2769 2347 2982 2400 ΛΟΓΟΣ
3021 2346 3095 2399 B'.

2124 2458 2227 2522 Εἰς
2256 2457 2370 2524 τὴν
2409 2457 2868 2527 ὲνανθρώπησιν
2897 2459 3004 2513 τοῦ
3034 2460 3254 2526 Κυρίου
3293 2457 3461 2526 ἡμῶν
3499 2455 3692 2526 Ἰησοῦ

2338 2527 2614 2596 Χριστοῦ,
2651 2529 2751 2582 καί
2779 2533 2866 2595 είς
2896 2530 3002 2595 τὰς
3024 2529 3484 2596 ἐπαρυστρίδας.

2198 2642 2275 2700 Α’.
2309 2641 2463 2713 Καλὴ
2504 2643 2600 2713 μὲν
2633 2645 2667 2714 ή
2710 2643 2820 2696 τῶν
2857 2642 3088 2714 ψαλμῶν
3121 2643 3259 2713 λύρα
3282 2660 3296 2672 ·
3335 2642 3692 2706 θεόπνευστος

2129 2735 2162 2803 ή
2194 2732 2286 2785 τοῦ
2320 2733 2636 2802 Πνεύματος
2680 2732 2914 2804 κιθάρα·
2963 2732 3194 2804 τερπνὸν
3237 2733 3331 2786 καὶ
3373 2732 3600 2803 φοϐερὸν
3635 2732 3696 2785 τὸ

2129 2826 2224 2894 τῆς
2265 2823 2597 2894 προφητείας
2638 2819 2790 2895 ᾆσμα
2815 2841 2828 2854 ·
2872 2826 3134 2894 σωτήριος
3167 2825 3254 2877 ἀεὶ
3287 2826 3318 2893 ή
3369 2823 3691 2899 ψαλμιιᾶα,

2127 2920 2192 2970 τὰ
2243 2917 2385 2988 πάθη
2433 2914 2753 2987 κοιμίζουσα
2781 2919 2846 2987 τῇ
2894 2916 3146 2987 μελῳδίᾳ.
3202 2915 3377 2985 Ὅπερ
3415 2915 3522 2985 γάρ
3548 2918 3694 2968 ἐστιν

2128 3009 2390 3071 ἀκάνθαις
2424 3008 2699 3078 δρεπάνη,
2751 3007 2910 3061 τοῦτο
2938 3007 3146 3075 γίνεται
3177 3008 3272 3059 καὶ
3313 3005 3465 3078 λύπῃ
3499 3009 3526 3058 ὁ
3557 3005 3694 3074 ψαλ-

2133 3101 2250 3170 μός.
2291 3098 2518 3167 Ψαλμὺς
2547 3098 2656 3168 γὰρ
2694 3098 3098 3169 μελῳδούμενος
3131 3096 3384 3166 ἐκτέμνει
3417 3095 3658 3164 ἀθυμίας
3678 3112 3690 3125 ο

465 3199 665 3239 canore
710 3185 1054 3249 modulatus,
1121 3185 1286 3238 animi
1339 3185 1690 3256 aegritudines
1744 3197 2027 3257 amputat;

2140 3193 2416 3264 ριζοτομεῖ
2439 3191 2538 3254 τὰς
2566 3190 2742 3255 λύπας
2769 3207 2781 3220 ο
2821 3187 3213 3258 ἀποσπογγίζει
3253 3188 3321 3240 τὰ
3363 3187 3542 3256 πάθη·
3581 3203 3694 3238 κοι-

465 3289 756 3330 mmrorem
791 3275 1056 3330 radicitus
1093 3275 1367 3330 exscindit
1401 3294 1415 3341 ;
1458 3277 1900 3346 perturbationes
1929 3279 2026 3333 ab-

469 3368 698 3436 stergit;
739 3367 919 3422 luctus
947 3367 1136 3433 sedat;
1191 3367 1593 3424 sollicitudines
1622 3378 1807 3435 curat;
1843 3370 2030 3424 dolore

466 3458 720 3528 fatigatos
768 3469 1014 3524 recreat;
1071 3469 1391 3530 peccatores
1439 3461 1507 3513 ad
1550 3462 2028 3529 compunctionem

465 3552 814 3614 exstimulat;
860 3555 924 3604 ad
964 3555 1216 3621 pietatem
1253 3557 1490 3617 excitat;
1526 3553 1738 3606 deserta
1761 3592 1776 3615 ,
1815 3553 2028 3606 urbium

468 3641 767 3713 frequentia
796 3655 950 3712 auget
978 3663 992 3709 ;
1021 3645 1183 3698 urbes
1204 3643 1517 3712 componit;
1542 3643 1869 3697 monasteria
1900 3658 2031 3696 con-

464 3733 592 3798 ﬂat;
627 3734 992 3804 virginitatem
1040 3734 1371 3788 documento
1422 3734 1616 3798 tradit;
1656 3734 2029 3789 mansuetudi-

464 3837 586 3878 nem
618 3824 835 3887 edocet;
867 3823 1185 3878 charitatem
1209 3824 1414 3887 sancit;
1435 3825 1768 3893 paupertatis
1789 3825 2028 3879 studium

464 3913 680 3968 beatum
715 3913 1002 3982 praedicat;
1040 3913 1105 3966 ad
1138 3913 1452 3982 patientiam
1489 3921 1804 3982 comparat;
1838 3915 1892 3969 in
1926 3929 2033 3969 ete-

466 4004 578 4058 lum
613 4004 875 4060 sublimes
904 4005 1078 4070 tollit;
1111 4003 1411 4060 Ecclesiam
1444 4003 1713 4074 frequenti
1748 4005 2027 4059 hominum

468 4103 735 4148 conventu
769 4095 987 4164 opplet;
1015 4095 1350 4149 sacerdotem
1376 4102 1626 4150 sanctum
1660 4094 1856 4160 elllcit;
1884 4095 2030 4166 fugat

468 4183 775 4249 daemones;
814 4183 996 4238 futura
1035 4185 1349 4254 prophetat;
1382 4185 1639 4254 mysteria
1673 4186 2027 4253 praenuntiat;

469 4274 784 4329 Trinitatem
815 4277 1142 4346 promulgat,
1183 4277 1371 4342 dicens
1413 4292 1427 4328 :
1458 4275 1604 4330 Dixit
1643 4277 1892 4330 Dominus
1921 4277 2028 4330 Do-

469 4368 610 4419 mino
641 4383 770 4430 meo,
807 4367 938 4421 Sede
968 4386 998 4420 a
1029 4369 1232 4424 dextris
1267 4370 1413 4432 meis,
1445 4369 1605 4422 donec
1643 4385 1831 4437 ponam
1853 4371 2031 4422 inimi—

467 4474 553 4511 cos
589 4467 704 4512 tuos
734 4458 1019 4511 scabellum
1059 4460 1247 4526 pedum
1283 4469 1492 4513 tuorum
1537 4461 1602 4513 ⁸ο.
1635 4461 2027 4517 Consessorem

2134 3283 2278 3351 μίξει
2304 3282 2431 3344 τοὺς
2467 3280 2695 3351 θρήνους
2715 3296 2727 3310 ο
2765 3281 3074 3350 χειρουργεί
3104 3278 3201 3340 τὰς
3235 3275 3519 3347 φροντίδας
3543 3292 3556 3304 ·
3596 3275 3695 3343 ψυ-

2130 3376 2372 3443 χαγωγεῖ
2400 3374 2527 3436 τοὺς
2561 3375 2619 3426 ὲν
2665 3372 2906 3434 ὀδύναις·
2960 3369 3313 3441 ἁμαρτωλοὺς
3365 3370 3692 3434 κοιτανυγεῖ⁸

2131 3466 2400 3531 ὲξυπνίζει
2426 3466 2562 3537 πρὸς
2593 3465 2875 3518 εὐσέϐειαν
2900 3481 2913 3494 ’
2945 3463 3181 3534 ἐρημίας
3203 3460 3410 3524 πολίζει
3435 3475 3449 3487 ·
3475 3459 3572 3522 τὰς
3601 3459 3693 3510 πό-

2129 3557 2242 3619 λεις
2277 3558 2633 3629 σωφρονίζει·
2670 3559 2957 3628 συγκροτεῖ
2993 3555 3360 3626 μοναστήρια·
3399 3550 3693 3623 παρθενίαν

2133 3648 2502 3720 ὑπαγορεύει·
2544 3649 2826 3720 πραότητα
2864 3647 3194 3700 ἐκδιδάσκειο
3243 3643 3524 3713 νομοθετεί
3559 3641 3692 3707 ἀγά-

2132 3754 2241 3806 πην
2265 3753 2276 3765 ·
2319 3735 2612 3807 μακαρίζει
2639 3735 3036 3804 φιλοπτωχίαν·
3074 3733 3211 3804 πρὸς
3238 3730 3513 3801 ὑπομονὴν
3551 3728 3694 3780 ἀλείο

2132 3845 2240 3895 φει·
2255 3830 2334 3890 είς
2353 3829 2612 3898 οὐρανοὺς
2636 3825 2972 3898 μετεωρίζει·
2992 3825 3313 3894 στενοχωρεί
3346 3821 3688 3890 Ἐκκλησίαν·

2130 3918 2348 3987 ἁγιάζει
2381 3920 2530 3989 ίερέα
2554 3935 2569 3950 ⁸
2604 3918 2863 3988 δαίμονας
2908 3913 3196 3985 φυγαδεύει
3219 3931 3233 3945 ο
3270 3912 3600 3984 προφητεύει
3628 3927 3691 3959 τι

2134 4011 2432 4079 μέλλονταο
2487 4013 2760 4081 μυστήρια
2820 4007 3221 4080 προκηρύττει·
3276 4004 3552 4074 νομοθετεῖ
3600 4001 3691 4070 τὴ·

2131 4103 2356 4174 Τριάδα,
2399 4100 2571 4169 λέγων
2594 4116 2606 4130 ·
2641 4097 2828 4154 Εἶπεν
2871 4104 2902 4154 ό
2940 4101 3152 4168 Κύριος
3198 4096 3278 4162 τῷ
3313 4095 3510 4163 Κυρίῳ
3542 4111 3687 4162 μου·

2132 4193 2314 4248 κάθου
2345 4194 2414 4246 ἐκ
2457 4192 2667 4256 δεξιῶν
2699 4209 2852 4260 μου,
2882 4192 2991 4256 ἕως
3029 4191 3106 4244 ἂν
3137 4188 3220 4245 θῶ
3260 4188 3401 4251 τοὺς
3445 4185 3691 4253 ἐχθρούς

2131 4299 2246 4338 σου
2284 4283 2616 4339 ὑποπόδιον
2669 4283 2787 4336 τῶν
2822 4283 3024 4336 ποδῶν
3073 4296 3211 4336 σου.
3270 4277 3560 4354 Σύνθρονον
3606 4274 3691 4325 τὸ»

2133 4375 2257 4428 Υἱὸν
2289 4373 2570 4446 ἐκήρυξεν,
2609 4375 2670 4427 οὐ
2711 4373 3016 4444 λειτουργὸν
3048 4372 3136 4423 τὸν
3173 4369 3454 4438 ὁμοούσιον
3485 4363 3690 4432 smn-

2131 4479 2312 4516 τευσε.
2347 4461 2443 4543 ᾼιά
2484 4461 2643 4515 τοῦτο
2684 4462 2791 4534 γὰρ
2821 4461 3023 4532 ἀρτίως
3055 4461 3082 4511 ὀ
3124 4457 3388 4527 μακάριος
3415 4451 3693 4543 Δαόὶδῗτὴν

466 4546 662 4602 Filium
707 4548 1023 4618 praedicavit
1060 4567 1072 4602 :
1113 4565 1222 4603 non
1265 4551 1627 4619 ignominioso
1661 4553 1898 4608 ministri
1937 4569 2027 4606 no-

2136 4536 2416 4624 ἀκάματον
2445 4553 2626 4621 φύσιν,
2649 4554 2746 4623 τὴν
2781 4550 3183 4618 παντοδύναμον
3211 4547 3418 4606 οὐσίαν,
3440 4543 3538 4611 τὴν
3563 4541 3694 4609 ἀήτ-

467 4640 614 4693 mine
671 4638 1021 4710 Unigenitnm
1065 4643 1288 4696 notavit.
1337 4641 1509 4709 Quam
1550 4657 1681 4698 sane
1713 4643 1784 4700 ob
1816 4657 2027 4700 causam

2134 4663 2295 4715 τητον
2331 4645 2602 4715 βούλησιν,
2634 4645 2730 4716 τὴν
2764 4645 2837 4715 μὴ
2871 4643 3232 4714 βραδύνουσαν
3269 4638 3448 4708 χάριν,
3480 4634 3568 4686 τὸν
3600 4633 3694 4682 αύο

465 4746 640 4800 nuper
673 4731 868 4786 beatus
899 4730 1086 4795 David,
1122 4732 1584 4805 indefatigabilem
1616 4733 1913 4788 decantans
1941 4750 2038 4787 na-

536 4919 581 4951 ”
601 4919 799 4973 Ezech.
839 4935 981 4980 xuv,
1022 4919 1068 4980 ι,
1099 4918 1155 4972 2.
1230 4919 1276 4950 '°
1319 4915 1462 4972 Psal.
1503 4933 1611 4982 cu,
1649 4917 1703 4970 5.

465 5096 587 5134 cum
632 5080 800 5150 allert
843 5077 1211 5150 Damascenus
1247 5080 1472 5150 epistola
1505 5078 1843 5148 Detrisagio,
1871 5094 2030 5150 quem

465 5149 876 5218 Tlieopascliita:
919 5149 1212 5218 obiicerem
1245 5149 1291 5211 ,’
1322 5151 1478 5203 aliter
1536 5151 1772 5218 legentes
1818 5164 1882 5202 ac
1937 5149 2032 5200 ha-

469 5216 631 5274 beant
667 5217 826 5271 modo
872 5216 1126 5273 codices:
1160 5236 1351 5288 nempe
1398 5228 1482 5273 ter
1521 5216 1803 5288 repetitam
1845 5233 2030 5288 vocem

466 5291 646 5356 ᾶγιος·
705 5297 762 5338 ιιι
824 5302 997 5352 neque
1051 5289 1141 5342 illa
1178 5287 1354 5343 littera
1394 5287 1887 5357 improbandasit.
1935 5287 2030 5340 sed

465 5360 726 5415 duntaxat
751 5357 1122 5412 ltmreticorum
1159 5359 1334 5413 malus
1367 5356 1520 5422 usus,
1545 5373 1607 5412 ac
1635 5356 1776 5426 quod
1811 5357 2028 5416 vellent,

467 5431 542 5484 ita
599 5429 652 5482 in
678 5427 871 5481 Filium
905 5430 1093 5482 rel‘erri
1146 5430 1246 5481 hoc
1289 5430 1565 5482 canticum
1593 5471 1606 5492 ,
1638 5437 1696 5481 ut
1735 5441 1841 5480 non
1865 5429 2029 5480 etiam

467 5500 734 5555 referatur
763 5499 815 5550 in
844 5496 1058 5552 Patrem
1085 5508 1138 5552 et
1164 5497 1426 5568 Spiritum
1441 5507 1723 5562 sanctum;
1765 5495 2035 5568 quodifal-

467 5585 588 5625 sum
622 5569 788 5637 liquet
818 5583 882 5622 ex
913 5569 1034 5622 aliis
1057 5567 1288 5636 aliisque
1316 5571 1448 5623 locis
1491 5568 1810 5637 Scripturae,
1831 5567 2034 5635 quibus

467 5640 571 5695 alia
603 5639 813 5706 aliaque
845 5654 1075 5706 persona
1107 5640 1424 5708 apparuisse
1460 5640 1678 5692 dicitur.

2139 4736 2328 4807 θέντην
2359 4737 2711 4808 δημιουργὸν,
2741 4739 2831 4790 τὸν
2882 4733 3226 4799 αὐτεξούσιον
3267 4731 3417 4788 Υίὸν,
3448 4727 3538 4779 τὸν
3563 4725 3694 4776 ὕπο·

2132 5078 2312 5130 minus
2332 5075 2548 5128 vulvam
2587 5081 2874 5144 aperturas
2917 5078 3094 5144 esset;
3126 5076 3180 5120 at
3223 5073 3547 5144 non_tarnen
3572 5076 3692 5139 ape-

2131 5149 2302 5200 ruerit
2356 5135 2910 5215 potentia'dcitatis,
2974 5141 3039 5194 ad
3097 5152 3259 5206 quam
3308 5135 3692 5215 claustraipsa

2132 5211 2372 5285 perinde'
2389 5215 2584 5269 habent
2622 5229 2686 5267 ac
2723 5213 2987 5285 siaperta
3011 5215 3194 5264 essent
3222 5221 3234 5257 :
3273 5219 3395 5274 qua:
3423 5211 3507 5256 est
3532 5211 3686 5254 etiam

2128 5282 2400 5353 expositio
2431 5282 2813 5354 Amphilochii.
3056 5350 3066 5354 _
3197 5345 3230 5354 Α
3343 5341 3433 5354 Α,
3553 5350 3565 5354 Α

2200 5341 2314 5422 Z25)
2339 5355 2522 5409 Edidit
2536 5341 2850 5408 'Riccardus
2872 5367 2935 5406 ex
2961 5350 3181 5422 antiquo
3192 5341 3685 5422 Cryptzeferratensi

2130 5410 2321 5480 codice
2337 5468 2353 5490 ,
2373 5426 2500 5480 stilo
2523 5424 2876 5479 scommatico
2898 5437 2960 5490 ac
2978 5410 3244 5490 poleinico
3263 5410 3561 5490 inJudmos.
3580 5410 3688 5462 sive

2132 5494 2300 5549 etiam
2331 5481 2643 5543 Judzeurum
2678 5491 2894 5540 nomine
2930 5481 2990 5538 in
3017 5486 3255 5538 asseclas
3286 5481 3678 5549 Nestortauos;

2132 5546 2298 5618 totam
2329 5560 2526 5620 Procli,
2563 5566 2622 5611 ut
2673 5565 2820 5625 patet
2848 5572 2913 5608 ex
2944 5557 3139 5608 crebro
3186 5569 3289 5606 usu
3320 5550 3467 5625 vocis
3506 5546 3680 5624 μορφή

2128 5645 2182 5688 et
2227 5632 2439 5700 σχῆμα,
2480 5630 2599 5682 ἀντὶ
2630 5620 2847 5700 φύσεως
2877 5640 3038 5700 quem
3085 5632 3312 5678 sanctus
3357 5620 3680 5690 Ephmuuus

540 5709 650 5771 (9‘2)
682 5697 893 5776 Aperui.
927 5721 979 5760 ut
1037 5697 1210 5761 Ιιοηὶὁ.
1269 5710 1358 5762 Sic
1405 5710 1519 5776 ipse
1552 5708 1898 5776 exposuerim
1933 5727 1943 5760 ε
1977 5714 2037 5760 ιιι
2134 5697 2561 5776 θριιιίὝ-Ρίιοιίιιιιι
2592 5699 2692 5766 ipsi
2712 5697 2938 5776 tribuit“.

469 5788 711 5848 spectata
746 5777 965 5846 quidem
1013 5786 1219 5831 natura:
1265 5779 1515 5832 humanae
1563 5779 1894 5844 conditione,
1932 5777 2036 5832 Do-

2205 5773 2317 5842 (‘25)
2361 5769 2485 5841 Leg.
2523 5786 2644 5824 cum
2677 5768 2797 5822 aliis
2827 5765 3129 5836 ἀφθάρτως.
