3842 6316
207 327 314 384 693

1201 334 1461 393 ORATIO
1503 338 1588 391 DE
1625 339 2138 400 lNCARNATlONE
2180 343 2434 399 DOMINI.

3351 358 3456 414 6M

203 443 380 514 ωγὴς
394 442 674 542 ἐλεύθερον
702 446 854 512 Θεὸν,
888 450 978 503 τὸν
1011 451 1085 522 μὴ
1109 450 1463 524 κελευόμενον
1484 457 1768 528 Δεσπότην

1889 470 2096 526 turam,
2141 466 2566 534 omnipotentem
2599 464 2991 532 substantiam,
3034 471 3460 542 insuperabilem

201 535 462 606 ἀνυμνῶν
490 537 617 600 ἐϐόα
637 555 650 567 ·
693 540 789 606 Ὠς
815 541 1190 611 ἐμεγαλύνθη
1220 545 1291 598 τὰ
1317 546 1461 615 ἔργα
1495 561 1632 611 σου,
1660 551 1770 603 Kci-

193 628 334 696 pte!
376 628 575 682 πάντα
629 631 700 684 ἐν
743 635 927 702 σοφίᾳ
975 635 1286 702 ἐποίησας.
1330 639 1776 708 Δίσχυνέσθωσαν

206 720 453 790 Ἀρειος,
484 723 579 774 καὶ
604 721 885 793 Εὑνόμιος,
911 725 1238 789 Μακεδόνιός
1262 743 1322 779 τε
1351 730 1444 782 καὶ
1467 729 1774 800 Νεστόριος,

197 811 262 863 τὸ
293 813 644 882 τετράπωλον
669 815 762 868 τοῦ
791 815 1038 870 διαϐόλου
1072 817 1225 890 ἅρμα
1246 835 1259 849 °
1298 821 1345 872 οἰ
1374 820 1482 872 τῶν
1517 822 1779 891 αἱρέσεων

200 903 464 958 σκόπελοι
488 921 502 934 ·
533 909 588 960 αἱ
618 908 716 978 τῆς
743 908 1090 981 βλασφημίας
1113 910 1367 976 σπιλάδες
1393 929 1408 943 ·
1447 912 1516 966 τά
1545 915 1653 966 τῶν
1680 915 1780 984 ψυ-

196 994 314 1060 χῶν
344 997 604 1065 ναυάγια’
651 1001 707 1052 αἱ
747 1001 848 1070 τῆς
885 1001 1201 1067 δυσσεϐείας
1233 1004 1426 1072 ὕφαλοι
1469 1007 1696 1076 πέτραι·
1730 1011 1779 1061 οἱ

197 1087 436 1154 πονηροὶ
456 1087 556 1158 τῆς
594 1090 823 1160 Τριάδος
853 1089 1182 1160 ζυγοστάται
1208 1113 1222 1127 ο
1263 1096 1652 1152 ἀκουσάτωσαν
1685 1098 1778 1150 τοῦ

196 1177 375 1229 Δαϐὶδ
424 1177 704 1246 λέγοντοςο
754 1183 852 1248 Ὠς
902 1183 1276 1252 aperuere"
1315 1187 1387 1242 τὰ
1433 1189 1577 1258 ἔργα
1631 1205 1780 1256 σου,

193 1268 381 1333 Κύριε
397 1269 420 1320 .'
450 1269 650 1322 πάντα
696 1271 766 1324 ἐν
808 1275 996 1340 σοφίᾳ
1041 1275 1356 1343 ἐποίησας.
1421 1279 1480 1331 '0
1513 1280 1678 1333 Aa6‘t6
1714 1279 1782 1332 τὰ

124 1380 130 1384 ·
192 1358 344 1429 ἔργα
377 1362 692 1430 μεγαλύνει,
729 1366 821 1418 καὶ
851 1369 900 1419 oi
937 1366 1247 1438 βλάσφημοι
1275 1372 1368 1424 τὸν
1399 1373 1622 1442 κτίστην
1655 1391 1781 1443 σμι-

195 1452 486 1522 κρύνουσι.
536 1457 724 1511 Πάντα
755 1460 864 1530 γὰρ
912 1461 1200 1532 θαυμαστά
1235 1465 1328 1516 καὶ
1381 1466 1681 1536 παράδοξα,
1713 1469 1782 1522 τά

191 1543 294 1597 τοῦ
326 1547 601 1601 Δεσπότω
649 1550 920 1621 Χριστοῦ·
956 1552 1090 1606 Θεοῦ
1120 1554 1230 1625 γάρ
1268 1557 1383 1609 ἐστι
1416 1558 1589 1625 Λόγου
1624 1560 1784 1626 τερά-

191 1651 357 1699 στια,
390 1638 484 1690 καὶ
517 1637 762 1708 γλώττης
790 1641 954 1709 τάχος
982 1640 1216 1694 νικῶντα
1237 1659 1250 1671 ·
1285 1644 1437 1712 ἰσχὺν
1465 1644 1521 1697 δὲ
1551 1644 1644 1698 τοῦ
1685 1645 1782 1716 δη-

192 1731 443 1801 μιουργή
451 1747 643 1794 σαντος
673 1733 1040 1804 παριστῶντα.
1723 1727 1726 1734 ’

1883 550 2217 603 voluntatem
2245 589 2260 614 ,
2313 551 2542 605 celerem
2579 553 2809 621 gratiam
2842 594 2858 619 ,
2889 566 3083 626 suapte
3131 564 3462 620 auctoritate

1880 636 2258 702 conditorem,
2315 641 2399 694 sui
2437 640 2579 710 juris
2625 640 2854 705 Filium,
2904 645 3073 702 Deum
3131 653 3335 710 nullius
3378 657 3463 710 di-

1880 729 2010 781 tioni
2057 729 2390 799 subjectum,
2426 731 2711 786 Dominum
2759 737 2963 793 nullius
2995 741 3224 810 imperio
3251 747 3462 800 manci-

1881 834 2063 888 patum
2091 862 2105 885 ,
2138 823 2290 878 claro
2341 827 2612 894 praeconio
2652 827 2868 884 dicebat
2913 850 2924 884 :
2985 833 3158 898 Quam
3217 842 3464 907 magniﬁ—

1881 922 2004 967 cata
2054 925 2174 968 sunt
2215 931 2372 984 opera
2424 926 2516 971 tua
2541 957 2554 982 ,
2597 919 2855 976 Domine!
2894 927 3070 979 omnia
3099 927 3152 980 in
3201 929 3462 996 sapientia

1882 1004 2056 1072 fecisti
2082 1008 2148 1060 ἰ.
2182 1007 2608 1066 Confundantur
2643 1015 2806 1071 Arius
2837 1025 2891 1071 et
2917 1015 3241 1084 Eunomius,
3274 1023 3459 1076 Mace-

1883 1095 2195 1167 doniusque
2218 1107 2272 1153 et
2303 1098 2607 1167 Nestorius,
2639 1105 2979 1178 quadrijugis
3002 1109 3204 1164 diaboli
3237 1127 3454 1178 currus,

1885 1189 2150 1244 baeresum
2191 1196 2398 1262 scepuli
2426 1238 2440 1258 ,
2468 1196 2928 1266 blasphemiarum
2963 1210 3152 1257 cautes
3179 1243 3193 1266 ,
3239 1205 3458 1258 anima-

1884 1297 2004 1336 rum
2029 1283 2331 1354 naufragia,
2384 1289 2684 1358 impietatis
2708 1290 2934 1346 subdola
2967 1309 3097 1348 saxa
3121 1336 3138 1361 ,
3166 1296 3455 1351 Trinitatis

1883 1373 2011 1426 mali
2054 1374 2420 1442 pensitatores
2475 1397 2488 1432 :
2541 1380 2766 1434 audiant
2820 1381 3074 1439 Davidem
3115 1385 3388 1440 dicentem
3435 1403 3454 1444 :

1886 1462 2058 1528 Quam
2102 1467 2442 1536 magniﬁcam
2487 1480 2608 1523 sunt
2643 1487 2802 1538 opera
2843 1483 2956 1534 tua.
2991 1474 3250 1530 Domine!
3279 1479 3457 1532 omnia

1884 1555 1938 1608 in
1972 1556 2231 1624 sapientia
2276 1558 2473 1626 fecisti.
2504 1559 2672 1614 David
2709 1577 2874 1631 opera
2916 1565 3265 1634 magnilicat;
3302 1568 3452 1622 blas-

1884 1644 2198 1715 phemique,
2226 1649 2490 1702 creatoris
2516 1650 2700 1719 gloriae
2727 1651 3041 1707 detrahunt.
3072 1653 3267 1708 Omnia
3299 1672 3453 1711 nam-

1883 1753 1991 1807 que
2013 1735 2212 1792 Christi
2250 1737 2462 1793 Domini
2486 1755 2672 1810 opera,
2703 1743 2840 1795 mira
2860 1745 3019 1813 plane
3039 1754 3168 1799 sunt
3195 1761 3258 1800 ac
3273 1761 3448 1801 nova:

191 1820 474 1890 siquidem
502 1821 594 1876 Dei
632 1820 792 1878 Verbi
819 1832 947 1877 sunt
978 1825 1244 1896 prodigia;
1269 1840 1462 1897 eaque,
1521 1836 1580 1882 ut
1611 1835 1666 1882 et
1700 1827 1937 1897 linguam
1971 1837 2455 1899 quantumcunque
2511 1832 2817 1901 expeditam
2850 1841 3130 1903 superent,
3197 1845 3252 1890 et
3308 1850 3446 1890 con-

188 1917 398 1970 ditoris
428 1917 729 1986 potentiam
769 1917 1100 1988 exprimant.

249 2010 331 2064 B'.
370 2009 560 2063 Πάντα
589 2012 647 2063 ὲν
690 2011 853 2082 σοφία
882 2010 1139 2081 ἐποίησεν
1175 2014 1204 2065 6
1238 2011 1535 2084 Δεσπότης.
1595 2011 1768 2080 ’Λγγέι

1960 2007 2018 2062 ll.
2061 2008 2256 2064 Omnia
2292 2010 2348 2064 in
2369 2010 2640 2081 sapientia
2683 2011 2808 2067 fecit
2851 2012 3133 2070 Dominus.
3167 2013 3246 2071 Ex
3285 2017 3454 2073 nihilo

188 2103 324 2165 λους
352 2104 421 2154 ἐκ
463 2103 537 2174 μὴ
569 2102 738 2154 ὄντων
787 2104 1110 2173 παρήγαγεν
1135 2119 1148 2134 ·
1178 2102 1382 2168 ἔνευσε,
1413 2105 1506 2156 καὶ
1535 2105 1570 2174 ἡ
1604 2104 1780 2167 κτίσις

187 2193 298 2245 οὐκ
342 2191 672 2262 ἐϐράδυνενο
725 2191 1001 2254 ἐκέλευσε,
1057 2193 1151 2245 καὶ
1179 2191 1240 2246 τὸ
1293 2191 1408 2261 φῶς
1439 2195 1504 2245 ὲκ
1554 2192 1779 2255 σκότους

187 2283 464 2344 ἀνέτειλε,
503 2281 595 2334 τὸν
620 2283 846 2354 οὐρανὸν
871 2283 1005 2336 ὼσεὶ
1037 2285 1294 2355 καμάραν
1322 2284 1620 2354 ὲστερέωσε
1640 2303 1654 2317 ⁸
1680 2285 1779 2356 τὴν

185 2376 248 2430 δὲ
279 2376 392 2445 γῆν
426 2379 492 2428 ἐκ
523 2375 618 2428 τοῦ
667 2375 862 2445 βάθους
913 2375 1306 2447 διαλελυμένην
1345 2375 1654 2441 ἀνέσπασε,
1688 2377 1777 2430 τὸν

185 2468 348 2533 ἥλιον
407 2467 484 2530 ὠς
525 2468 757 2537 νυμφίον
806 2466 1117 2537 ἐκόσμησεο
1153 2467 1252 2538 τὴν
1287 2467 1344 2520 δὲ
1384 2467 1647 2538 σελήνην,
1687 2467 1778 2521 διά

186 2559 293 2628 τὴν
329 2556 524 2626 χρείαν
548 2556 808 2619 ποικίλως
834 2557 1188 2627 ἐσχημάτισε,
1219 2556 1423 2628 δήμους
1448 2558 1689 2629 ἀστέρων
1713 2559 1778 2612 ἐκ

189 2647 378 2715 φωτὸς
412 2648 708 2718 ἐχάλκευσε
731 2665 745 2679 ο
789 2648 886 2701 καλ⁸
914 2650 1012 2720 τὴν
1044 2649 1362 2720 συμφωνίαν
1391 2649 1500 2702 τῶν
1537 2650 1778 2720 μαχομέ-

187 2759 301 2793 νων
332 2741 618 2811 στοιχείων
646 2740 941 2812 ἐχαρίσατο
965 2759 977 2772 ·
1021 2739 1175 2814 [πῦρ.
1212 2741 1356 2812 ὓδωρ
1384 2741 1423 2813 ⁸]
1451 2741 1484 2811 ἡ
1513 2741 1585 2810 γῆ
1615 2759 1778 2794 ποτα-

189 2834 333 2904 μοῦς
366 2833 679 2898 ἀναϐλύζει,
712 2833 806 2887 καὶ
833 2834 862 2886 ό
886 2833 993 2903 ἀὴρ
1023 2832 1341 2903 μετεωρίζει
1367 2824 1605 2904 τάβάρη
1631 2849 1646 2864 ’
1682 2833 1776 2886 καὶ

184 2927 294 2997 τὴν
329 2925 706 2996 ἐναντιότητα,
730 2928 764 2995 ἡ
793 2925 956 2996 τέχνη
990 2924 1156 2978 αὑτοῦ
1178 2926 1260 2986 είς
1284 2923 1465 2993 φιλίαν
1492 2925 1771 2995 ἐκέρασεν.

188 3020 351 3072 Εἴπω
376 3017 438 3069 τὸ
465 3019 782 3088 μυστήριον.
816 3017 948 3078 Θεὸς
972 3015 1068 3082 ὣν,
1089 3015 1188 3068 ἐπὶ
1209 3014 1318 3084 τῆς
1338 3015 1450 3084 γῆς
1469 3015 1658 3085 ὤφθη,
1681 3018 1774 3070 καὶ

189 3112 287 3165 διὰ
328 3109 610 3181 Παρθένου
651 3109 781 3162 ἔνθα
814 3109 996 3180 παρῆν
1038 3107 1352 3178 ἐπεδήμησε
1381 3123 1393 3136 ·
1431 3108 1524 3160 καὶ
1555 3108 1582 3159 6
1616 3108 1774 3171 τόκος

185 3203 361 3256 αὐτὸν
394 3203 494 3255 οὐκ
520 3201 800 3272 ἠλάττωσε
826 3244 840 3267 ,
873 3203 966 3254 καὶ
995 3202 1028 3270 ὴ
1053 3199 1180 3262 ὠδὶς
1202 3199 1301 3269 τὴν
1333 3198 1586 3254 ἄκτιστον
1612 3200 1773 3269 φύσιν

184 3297 294 3348 οὐκ
349 3295 680 3366 ἠλλοίωσενο
719 3293 857 3348 ἀλλά
915 3291 1105 3362 κτιστὴ
1165 3293 1348 3363 μορφὴ
1395 3292 1484 3344 τὸν
1543 3293 1770 3363 κτίστην

1881 2101 2104 2169 angelos
2142 2098 2398 2170 produxit
2435 2121 2448 2156 :
2487 2102 2699 2166 annuit,
2724 2111 2779 2156 et
2807 2113 3058 2159 creatura
3087 2107 3222 2160 nihil
3244 2117 3453 2165 morata

1881 2190 2056 2244 adfuit
2081 2191 2300 2260 ;jussit,
2321 2201 2377 2247 et
2402 2194 2492 2246 lux
2517 2208 2548 2247 e
2576 2194 2815 2250 tenebris
2857 2197 3047 2250 eluxit.
3077 2197 3286 2253 Caelum
3311 2201 3453 2256 sicut

1879 2297 2149 2336 cameram
2191 2283 2424 2339 ﬁrmavit
2449 2287 2494 2317 "
2519 2303 2534 2352 ;
2563 2293 2764 2340 terram
2799 2297 2981 2342 autem
3011 2290 3078 2344 ab
3103 2290 3214 2344 alto
3248 2292 3450 2348 direm-

1881 2384 2028 2443 ptam
2066 2376 2278 2445 gurgite
2310 2378 2566 2433 extraxit.
2632 2377 2814 2432 Solem
2873 2389 3128 2450 tanquam
3188 2398 3450 2452 sponsum

1876 2465 2168 2520 exornavit
2219 2466 2306 2530 ⁵³;
2357 2467 2541 2520 lunam
2585 2484 2714 2524 vero
2754 2470 3008 2527 utilitatis
3060 2486 3193 2542 ergo
3243 2475 3450 2528 variata

1878 2558 2181 2611 nutatione
2225 2556 2548 2612 eﬂ'ormavit.
2593 2560 2885 2615 Stellarum
2933 2562 3340 2620 multitudinem
3381 2581 3450 2620 ex

1878 2649 2000 2704 luce
2029 2647 2360 2718 fabricavit;
2410 2653 2848 2723 pugnaciumque
2893 2656 3288 2710 elementorum
3315 2671 3450 2711 con-

1876 2741 2118 2795 cordiam
2153 2741 2398 2796 donavit.
2425 2743 2605 2813 Ignem
2635 2752 2902 2815 temperat
2932 2761 3073 2815 aqua
3104 2746 3215 2817 (25)
3246 2763 3260 2812 ;
3289 2755 3450 2802 terim

1877 2831 2180 2888 visceribus
2217 2835 2524 2888 scaturiunt
2556 2835 2776 2889 ﬂumina
2821 2854 2834 2890 :
2876 2851 2970 2892 aer
3011 2839 3196 2908 gravia
3229 2838 3446 2908 elevat;

1876 2925 2262 2994 contrariaque
2292 2939 2356 2978 ac
2383 2929 2678 2996 pugnantia
2698 2968 2712 2990 ,
2749 2927 2872 2996 ejus
2908 2943 2999 2985 ars
3036 2937 3228 2985 mutuo
3257 2930 3447 2984 amici-

1875 3016 1966 3070 tiae
2021 3015 2227 3072 [cedere
2278 3018 2573 3087 copulavit.
2619 3017 2860 3073 Pandam
2918 3021 3256 3091 mysterium.
3301 3019 3448 3074 Deus
3505 3061 3508 3064 .

1875 3121 2000 3161 cum
2027 3116 2212 3174 esset,
2266 3109 2321 3162 in
2362 3110 2518 3163 terris
2545 3125 2688 3163 visus
2724 3119 2800 3163 est
2835 3109 2923 3176 1⁵⁴*;
2951 3124 3015 3164 ac
3049 3125 3144 3180 per
3173 3111 3446 3181 Virginem

1873 3213 1940 3252 eo
1971 3198 2228 3266 advenit,
2264 3201 2352 3254 ubi
2377 3200 2487 3270 jam
2514 3200 2742 3266 aderat;
2774 3201 2908 3255 nihil
2946 3212 3104 3272 partu
3134 3201 3442 3258 diminutus

1873 3301 1957 3346 est
1978 3309 1992 3356 ;
2027 3306 2128 3346 nec
2149 3292 2318 3346 editio
2337 3294 2630 3347 increatam
2651 3301 2900 3347 naturam
2921 3294 3217 3366 quidquam
3245 3297 3446 3351 immu-

185 3389 558 3458 ἐσχημάτισε,
591 3387 685 3440 καὶ
717 3387 808 3439 τὸν
831 3384 1112 3455 ἀχώρητον
1141 3383 1489 3455 σαρκωθέντα
1515 3386 1544 3438 6
1566 3385 1768 3454 κόσμος

1876 3385 2027 3450 tavit,
2071 3384 2167 3440 sed
2195 3393 2378 3440 creata
2407 3386 2577 3439 forma
2611 3392 2910 3441 creatorem
2939 3386 3210 3454 formavit,
3236 3403 3299 3442 ac
3319 3403 3444 3443 eum

186 3479 464 3550 ἐχώρησε.
505 3477 798 3547 Γενόμενος
827 3477 1111 3546 ἄνθρωπος
1136 3475 1305 3546 χωρὶς
1348 3475 1645 3546 ἁμαρτίας,
1677 3475 1765 3529 διὰ

185 3575 355 3642 ξύλου
398 3573 497 3645 τὴν
532 3573 690 3642 φύσιν
739 3571 893 3642 ἡμῶν
946 3573 1054 3656 ἀπὸ
1086 3572 1184 3642 τῆς
1219 3571 1497 3642 ἁμαρτίας
1549 3570 1767 3640 ἠλευθές

189 3683 342 3733 ρωσε
365 3683 380 3696 ·
417 3666 507 3720 διὰ
539 3669 708 3738 τάφου
743 3671 970 3724 θάνατον
999 3672 1269 3742 ἐνέκρωσε
1291 3687 1304 3701 °
1334 3670 1423 3724 διὰ
1450 3669 1661 3741 ὕϐρεως
1686 3669 1773 3723 δό-

188 3761 292 3826 ξαν
337 3759 716 3833 ἐγεώργησεν·
768 3765 825 3815 ἐν
873 3765 1104 3835 ποταμῷ
1143 3764 1206 3817 τὸ
1252 3764 1350 3834 τῆς
1383 3761 1771 3834 κολυμϐήθρας

190 3856 498 3925 μυστήριον
523 3857 941 3927 ἐσκιογράφησε.
975 3857 1085 3909 Καὶ
1104 3858 1183 3910 ὅτι
1208 3856 1338 3919 Θεὸς
1357 3851 1426 3927 ἦν
1457 3857 1485 3908 6
1515 3855 1764 3926 Χριστὸς,

187 3946 582 4018 ἐμαρτύρησεν
627 3948 826 4017 ἀρτίως
857 3949 889 4018 ἠ
925 3947 1190 4010 θάλασσα,
1222 3947 1316 3999 καὶ
1345 3947 1396 4000 οἱ
1432 3948 1643 4017 ἄνεμοι,
1675 3948 1770 3999 καὶ

185 4041 236 4092 οἱ
267 4039 543 4108 δαίμονες.
591 4039 701 4108 Τῆς
741 4039 841 4106 μὲν
869 4039 978 4109 γὰρ
999 4041 1033 4109 ἡ
1062 4038 1197 4108 ζάλη
1225 4037 1596 4110 κατηυνάζετο
1621 4054 1634 4068 ·
1663 4036 1770 4090 τῶν

184 4131 244 4184 δὲ
268 4131 493 4199 ἀνέμων
517 4133 550 4200 ὴ
593 4130 680 4199 βία
716 4131 1024 4200 ἐκοιμίζετο
1043 4146 1056 4158 °
1085 4132 1136 4182 οἱ
1157 4131 1213 4182 δὲ
1240 4130 1492 4200 δαίμονες
1523 4129 1767 4200 ἀοράτως

187 4222 572 4293 ἐμαστίζοντο.
616 4221 722 4273 Καὶ
746 4221 1042 4292 ἐμαρτύρει
1078 4222 1146 4274 τὰ
1184 4223 1417 4292 στοιχεῖα
1446 4223 1511 4291 τῇ
1541 4220 1766 4289 δυνάμει

188 4313 286 4366 τοῦ
313 4313 602 4384 παρόντος,
636 4313 717 4365 ὅτι
740 4311 928 4365 τοῦτον
953 4311 1316 4382 ἐφοϐήθησαν,
1344 4311 1473 4380 περὶ
1500 4305 1559 4362 οὗ
1588 4311 1616 4362 6
1645 4327 1770 4381 προ-

189 4408 376 4476 φήτης
407 4406 467 4458 ὲν
506 4403 741 4474 ψαλμοῖς
776 4403 904 4456 ἐϐόα
927 4419 940 4432 ο
991 4400 1253 4456 Εἷδοσάν
1289 4415 1362 4456 σε
1398 4401 1469 4455 τὰ
1497 4398 1703 4464 ὕδατα,
1735 4402 1768 4453 ό

189 4499 363 4565 Θεὸς,
395 4496 495 4552 καὶ
523 4494 932 4565 ἐφοϐήθησαν.

255 4679 331 4730 Γ¹.
379 4678 588 4738 Ὄντως
621 4677 799 4729 πάντα
828 4675 887 4727 ἐν
919 4674 1077 4742 σοφίᾳ
1110 4673 1364 4744 ἐποίησεν
1392 4674 1420 4726 6
1449 4671 1725 4741 Δεσπότης
1745 4687 1758 4702 ·

184 4769 516 4839 κωφευούση
554 4767 662 4839 γὰρ
700 4769 767 4839 τῇ
803 4766 1012 4830 κτίσει,
1042 4766 1286 4834 γλῶτταν
1314 4763 1635 4834 ἐχαρίσατο,
1671 4762 1761 4815 τὸν

250 4926 295 4956 ⁸¹
342 4923 490 4976 Psal.
527 4937 646 4985 cut,
673 4921 765 4976 il.
841 4924 885 4954 ³²
911 4921 1017 4976 lsa.
1049 4936 1137 4979 XL,
1170 4919 1261 4973 22.
1335 4921 1382 4951 ⁸³
1410 4917 1554 4974 Psal.
1595 4933 1750 4982 xvnt,

1921 4916 1966 4947 ”
2004 4915 2130 4968 Bar.
2169 4931 2258 4980 tn,
2291 4916 2378 4971 '58.
2456 4915 2502 4945 "
2541 4911 2705 4972 Hebr.
2738 4915 2920 4980 tv,f5.

175 4997 289 5063 23;
337 4995 473 5047 Luc.
507 5007 626 5056 vnl,
655 4993 745 5046 25.
823 4993 868 5024 "’
907 4991 1054 5046 Psal.
1095 5005 1279 5054 LxxVI,
1315 4989 1402 5043 17.

255 5151 372 5220 (25)
404 5151 584 5222 Ignem
613 5159 862 5217 temperat
893 5166 1050 5222 aqua.
1091 5149 1245 5222 Haud
1275 5148 1504 5222 dubium
1544 5146 1759 5222 deside-

178 5217 294 5276 rari
335 5217 521 5276 vocism
552 5217 1094 5290 aliquam;necenim
1125 5221 1246 5274 dua:
1273 5220 1376 5273 illae
1406 5234 1589 5290 voces.
1621 5217 1753 5290 πῦρ,

180 5293 329 5365 ὕδωρ
367 5295 450 5365 sic
478 5287 726 5365 absolute
754 5292 1066 5353 cohaerent;
1112 5305 1224 5365 nec
1243 5291 1366 5360 quis
1399 5287 1556 5342 facile
1587 5287 1758 5357 possit

179 5359 384 5418 sanare
421 5362 598 5417 locum
623 5361 832 5428 absque
859 5375 1000 5413 novo
1028 5359 1234 5413 codice.

253 5431 370 5500 (‘26)
412 5431 522 5485 Suo
566 5431 720 5484 modo
746 5427 1080 5491 testimonio,
1114 5429 1316 5499 ἀρτίως
1345 5427 1748 5498 ἐμαρτύρησεν.

177 5501 330 5557 Bene
365 5500 667 5554 [iit-cardus
709 5500 950 5570 futurum
979 5500 1338 5570 μαρτυρήσει,
1367 5502 1594 5570 mutavit
1625 5512 1755 5566 prae-

180 5573 370 5626 terito.
412 5570 584 5624 Porro
614 5570 817 5624 indicat
867 5569 1128 5632 Proclus,
1167 5569 1329 5636 paulo
1378 5577 1503 5623 ante
1550 5569 1750 5622 lectum

183 5642 361 5696 fuisse
384 5640 736 5710 Evangelium
757 5639 946 5693 Matth.
970 5653 1090 5701 vm,
1113 5639 1206 5702 25,
1232 5637 1632 5710 siveiLucavnl,
1657 5637 1746 5710 23,

181 5713 252 5766 de
298 5712 492 5767 sedata
537 5708 704 5765 maris
739 5717 1059 5778 tempestate
1100 5725 1164 5764 ac
1209 5709 1448 5778 expulsis
1486 5708 1750 5762 daemoni-

181 5782 287 5838 bus
324 5801 337 5836 :
381 5790 440 5836 ut
471 5782 574 5837 hoc
608 5781 808 5838 indicio
841 5780 1029 5837 haberi
1068 5778 1239 5841 possit
1277 5786 1485 5835 certum
1535 5787 1748 5854 tempus

1875 3477 1968 3547 qui
1988 3476 2108 3546 capi
2127 3490 2233 3531 non
2265 3484 2461 3546 potest,
2490 3476 2723 3531 mundus
2747 3477 2994 3531 indutum
3014 3493 3179 3532 carne
3203 3479 3348 3548 cepit
3377 3493 3443 3532 ac

1877 3567 2306 3636 comprehendit.
2343 3567 2542 3624 Factus
2574 3569 2734 3623 homo
2765 3571 2884 3624 sine
2901 3579 3123 3639 peccato
3153 3569 3220 3632 ⁸³,
3258 3585 3354 3640 per
3377 3570 3444 3624 li-

1876 3678 2040 3732 gnum
2060 3662 2349 3716 humanam
2380 3671 2629 3716 naturam
2651 3677 2682 3715 a
2700 3671 2921 3733 peccato
2952 3662 3198 3716 liberavit
3218 3680 3233 3728 ;
3253 3678 3348 3731 per
3363 3678 3444 3716 se-

1875 3753 2120 3822 pulcrum
2134 3753 2408 3807 interemit
2424 3762 2673 3820 mortem;
2693 3769 2786 3824 per
2800 3755 3184 3808 contumeliam
3217 3755 3440 3823 gloriam

1877 3844 2115 3913 captavit
2149 3863 2161 3896 :
2197 3843 2252 3896 in
2287 3841 2531 3907 flumine,
2571 3844 2772 3898 lavacri
2809 3851 3211 3899 sacramentum
3251 3843 3442 3898 adum-

1875 3935 2072 3990 bravit.
2109 3935 2387 3988 Christum
2415 3951 2578 4004 porro
2617 3935 2782 3990 Deum
2808 3951 2950 4001 esse,
2979 3951 3079 3990 suo
3105 3934 3265 3991 modo
3289 3936 3440 3990 testi-

1875 4028 2058 4081 monio
2093 4028 2228 4098 (26),
2261 4042 2411 4081 mare
2441 4037 2497 4082 et
2536 4028 2679 4082 venti
2705 4028 3084 4098 daamonesque
3120 4029 3438 4098 comproba.

1875 4127 2022 4173 runt.
2063 4117 2200 4171 Nam
2240 4119 2408 4172 maris
2457 4118 2674 4188 quidem
2722 4119 2960 4190 procella
3065 4121 3373 4191 sopiebatur
3423 4135 3436 4179 ;

1875 4219 2160 4266 ventorum
2198 4212 2433 4282 impetus
2468 4210 2780 4276 sedabatur,
2841 4211 3225 4281 daamonesque
3248 4210 3438 4264 invisi-

1876 4303 1968 4358 bili
2023 4303 2233 4356 ratione
2274 4301 2733 4356 excruciabantur
2764 4301 2827 4354 “.
2857 4299 3135 4354 Elementa
3177 4299 3296 4368 ejus
3345 4301 3438 4368 qui

1875 4394 2066 4450 aderat
2091 4395 2772 4464 potentiamcontestatam
2806 4393 3123 4457 reddebant,
3146 4392 3289 4462 quod
3313 4407 3436 4445 eum

1877 4488 2180 4553 timuerint,
2226 4488 2294 4541 de
2329 4503 2438 4557 quo
2469 4489 2731 4558 prepheta
2763 4489 2816 4542 in
2858 4487 3091 4544 Psalmis
3130 4490 3278 4540 clara
3309 4500 3435 4540 voce

1875 4577 2090 4632 dicebat
2122 4595 2135 4631 :
2176 4575 2427 4630 Viderunt
2449 4588 2496 4630 te
2525 4593 2696 4646 aquae,
2722 4576 2885 4642 Deus,
2922 4586 2970 4629 et
2994 4577 3278 4628 timuerunt
3297 4574 3364 4626 ".

1945 4667 2032 4721 Ill.
2071 4667 2208 4723 Vere
2236 4669 2416 4723 omnia
2445 4668 2501 4722 in
2533 4668 2797 4737 sapientia
2828 4666 2955 4721 fecit
2976 4665 3256 4719 Dominus.
3289 4661 3433 4717 Muta

1867 4760 2134 4831 siquidem
2155 4776 2277 4815 cum
2296 4772 2440 4815 esset
2457 4767 2727 4822 creatura,
2751 4758 2988 4828 linguam
3015 4757 3062 4811 ei
3082 4757 3310 4826 largitus
3328 4763 3432 4821 est,

2999 4911 3042 4941 "
3085 4909 3274 4965 Matth.
3312 4927 3430 4978 vnn,

1856 5145 2054 5200 habitae
2085 5146 2249 5217 hujus
2280 5147 2588 5211 orationis;
2624 5145 3015 5217 nona_scilic.et
3053 5145 3426 5217 dominica_ab

1855 5215 2180 5280 indictione,
2216 5232 2321 5286 qua
2351 5219 2513 5270 etiam
2548 5225 2728 5286 exstat
2764 5215 3012 5271 Ceramei
3050 5217 3294 5271 homilia.
3329 5215 3422 5270 Li-

1895 5298 1984 5341 uet
2015 5301 2150 5340 vero
2175 5285 2247 5340 ex
2276 5288 2361 5339 his
2395 5297 2448 5340 et
2476 5285 2750 5342 similibus
2770 5327 2786 5352 ,
2841 5295 2898 5338 ut
2936 5302 3047 5340 non
3077 5296 3225 5342 esset
3257 5287 3422 5341 unius

1846 5304 2112 5409 gcclesia:
2149 5356 2652 5409 Hierosolvmitanze
2709 5355 2948 5409 traditio.
2975 5365 3033 5409 ut
3069 5365 3190 5409 nost
3227 5357 3421 5409 lectum

1898 5357 2112 5427 cclesia:
2149 5356 2652 5427 Hierosolymitanze
2709 5355 2948 5420 traditio,
2975 5365 3033 5411 ut
3069 5365 3190 5426 post
3227 5357 3421 5410 lectum

1852 5426 2206 5495 Evangelium
2268 5426 2410 5481 inter
2461 5426 2746 5481 Missarum
2806 5429 3072 5482 solemnia
3127 5427 3425 5481 haberetur

1855 5497 2081 5558 concio;
2123 5511 2232 5566 quo
2265 5496 2564 5552 Wastelius
2605 5507 2928 5566 argumento
2962 5497 3089 5551 hinc
3138 5497 3263 5550 inde
3307 5513 3426 5553 mo-

1855 5574 2114 5640 numenta
2159 5567 2550 5640 Chrysostomo
2602 5568 2867 5640 inscripta
2893 5606 2909 5631 ,
2936 5566 3151 5640 Joanni
3186 5580 3308 5640 suo
3362 5585 3425 5625 ac

1855 5635 2350 5708 Hierosolymitano
2397 5638 2578 5694 minus
2617 5635 2792 5694 solida
2835 5639 3065 5694 veritate
3085 5635 3293 5692 nititur
3335 5653 3423 5693 ac-

1854 5722 2053 5762 serere.
