3842 6302
445 300 552 363 6θῦ

1603 316 1661 371 S.
1706 317 1954 373 PROCLI
1993 321 2099 376 (ΣΡ.
2138 321 2450 381 EPISCOPI

3578 330 3683 387 696

444 437 636 491 nempe
654 421 926 477 hominem
951 439 970 487 ;
993 425 1312 495 protoplasti
1341 435 1572 492 uterum,
1594 441 1754 487 terrm
1782 435 2007 504 virginis

2114 439 2398 513 ἄνθρωπον
2448 441 2619 510 λέγω·
2662 443 2757 495 καὶ
2812 445 3023 516 μήτραν
3079 446 3173 498 τοῦ
3222 447 3678 516 πρῳτοπλάστου,

442 514 719 582 pulverem
752 511 948 567 elfecit.
983 513 1450 578 Quemadmodum
1485 521 1628 574 enim
1663 521 1715 576 in
1749 531 1903 578 utero
1923 526 2014 580 dc-

446 603 682 656 mittitur
721 619 940 665 semen;
974 605 1243 675 eﬂingitur
1283 623 1518 678 corpus;
1552 611 1878 669 informatur
1928 618 2012 670 lu-

449 702 558 744 tum
578 710 594 755 ;
618 693 890 747 animatur
911 709 1072 762 caro;
1101 699 1454 754 constituitur
1476 702 1674 756 animal
1691 707 1901 769 ;exsilit
1919 709 2010 774 qui

444 791 527 838 est
545 785 608 836 ad
629 785 1058 857 imagincm(:27);
1076 790 1282 858 paritur
1304 793 1476 857 ratio;
1503 806 1796 866 manetque
1817 799 2011 853 nihilo-

444 875 627 929 minus
656 879 812 931 testis
841 893 1034 946 expers
1063 882 1389 948 ell'ormatio,
1435 901 1500 939 ac
1541 891 1824 958 generatio
1856 893 2011 946 inex-

443 966 717 1034 plicabilis
750 988 764 1021 :
805 969 886 1023 sic
922 971 975 1023 in
1008 974 1351 1043 protoplasto
1379 976 1584 1044 Adam,
1615 997 1712 1049 pro
1752 985 2008 1047 matrice,

442 1058 639 1112 divinae
692 1060 910 1116 fuerunt
942 1078 1174 1132 manus;
1209 1083 1304 1136 pro
1332 1071 1578 1134 semine,
1610 1081 1859 1130 terrenus
1888 1079 2011 1146 pul-

444 1152 546 1218 vis;
583 1169 680 1221 pro
709 1156 1014 1220 mensibus,
1052 1159 1353 1217 conditoris
1385 1165 1693 1230 :eternitas;
1733 1183 1829 1235 pro
1857 1169 2012 1222 dolo-

445 1242 620 1309 ribus,
658 1245 862 1300 Iictoris
904 1247 1276 1316 impatibilitas
1302 1268 1316 1316 ;
1347 1268 1446 1322 pro
1481 1263 1661 1322 partu,
1699 1256 1883 1312 divina
1919 1260 2011 1314 in-

445 1334 717 1402 sufﬂatio;
756 1352 854 1407 pro
888 1338 1062 1402 lacte,
1096 1342 1337 1409 paradisi
1382 1342 1545 1410 fons;
1581 1363 1678 1416 pro
1729 1349 2008 1416 alimento,

444 1442 631 1482 mensa
689 1429 838 1484 nullo
875 1430 1057 1487 labore
1093 1446 1445 1502 comparata;
1490 1454 1588 1507 pro
1630 1439 1824 1504 forma,
1863 1445 2012 1512 prin-

443 1520 582 1590 cipis
602 1523 930 1592 exemplaris
954 1524 1170 1594 imago;
1201 1542 1298 1595 pro
1320 1527 1602 1600 dignitate,
1631 1533 2012 1592 immortalitas

447 1628 541 1682 per
567 1613 834 1684 gratiam;
873 1631 972 1685 pro
1005 1617 1262 1681 subditis,
1286 1636 1394 1674 una
1426 1638 1550 1676 cum
1583 1641 1647 1678 eo
1672 1625 1856 1680 ﬁctum
1894 1631 2014 1684 ani-

445 1703 574 1759 mal.
607 1705 686 1758 Ac
716 1713 906 1774 partus
933 1705 1185 1776 quidem,
1234 1711 1412 1778 qualis
1449 1720 1566 1765 erat
1596 1713 1851 1770 formatio
1874 1758 1886 1778 ,
1919 1734 2013 1772 ex-

2111 533 2201 587 t6v
2239 533 2364 604 χοῦν
2393 535 2648 606 ἐποίησεν
2679 538 2744 588 ὲκ
2777 537 2880 608 γῆς
2913 527 3536 612 ἀγεωργήτου.[ίὶαπερ
3574 542 3682 612 γάρ

2113 626 2171 677 ὲν
2209 627 2392 697 μήτρα
2423 626 2821 680 καταϐάλλεται
2859 629 3082 700 σπέρμα
3106 647 3118 658 ·
3167 630 3550 686 διαπλάττεται
3581 633 3686 685 σῶ-

2115 734 2229 787 μα·
2270 718 2572 790 μορφοῦται
2620 722 2648 773 6
2699 721 2907 792 πηλός·
2952 722 3215 792 ψυχοῦται
3264 726 3296 794 ἡ
3340 724 3506 795 σάρξ’
3547 726 3682 778 ἀπο-

2111 809 2347 862 τελεῖται
2381 811 2443 863 τὸ
2477 811 2584 875 ζῶν
2610 826 2624 843 ·
2670 816 2865 884 σκιρτᾷ
2904 815 2932 868 6
2971 816 3091 868 κατ’
3131 817 3349 869 εἰκόνα·
3382 818 3626 869 τίκτεται
3655 819 3685 870 6

2110 901 2286 970 λόγος,
2314 902 2409 954 καὶ
2437 903 2751 975 ἀμάρτυρος
2788 904 2936 974 μένει
2961 907 2993 976 ἠ
3023 906 3329 971 διάπλασις,
3353 908 3685 979 ἀνερμήνευ-

2111 1011 2201 1056 τος
2229 993 2285 1046 δὲ
2314 996 2347 1064 ἠ
2373 994 2626 1064 γέννησις
2649 1010 2661 1024 ·
2691 995 2863 1059 οὕτως
2889 998 2984 1050 καὶ
3022 999 3112 1051 ἐπὶ
3136 999 3229 1052 τοῦ
3262 1001 3685 1071 πρωτοπλάστου

2124 1083 2318 1152 Ἀδάμ·
2354 1084 2474 1136 ἀντὶ
2505 1085 2735 1155 μήτρας,
2762 1086 2816 1138 αἱ
2848 1085 2989 1139 θεῖαι
3027 1087 3278 1155 γεγόνασι
3313 1091 3524 1158 χεῖρες’
3561 1091 3679 1142 ἀντὶ

2114 1174 2446 1244 σπέρματος,
2483 1177 2510 1227 6
2541 1177 2728 1245 γήϊνος
2769 1176 2897 1245 χοῦς
2919 1193 2934 1208 ·
2975 1178 3096 1229 ἀντὶ
3132 1178 3337 1248 μηνῶν,
3370 1179 3431 1230 τὸ
3460 1179 3686 1250 ἄχρονον

2112 1265 2206 1318 τοῦ
2247 1267 2572 1336 ποιήσαντος
2595 1285 2608 1297 ’
2645 1268 2764 1320 ἀντὶ
2799 1267 3004 1320 ὠδίνων
3025 1309 3039 1333 ,
3078 1269 3140 1320 τὸ
3169 1270 3376 1333 ἀπαθὲς
3408 1271 3505 1324 τοῦ
3554 1272 3688 1325 πλά·

2115 1371 2336 1417 σαντος·
2375 1355 2494 1407 ἀντὶ
2531 1354 2713 1417 τόκου,
2764 1354 2826 1407 τὸ
2861 1354 3004 1408 θεῖον
3048 1355 3351 1427 ἐμφύσημα
3373 1375 3386 1387 ·
3434 1361 3557 1411 ἀντὶ
3592 1362 3710 1440 τέ’-1

2112 1445 2344 1508 λακτος,
2382 1447 2415 1516 ή
2459 1446 2608 1516 πηγὴ
2661 1444 2757 1498 τοῦ
2790 1447 3122 1517 παραδείσου
3174 1451 3333 1501 ’ἀντὶ
3375 1450 3609 1520 τροφῆς,
3653 1453 3686 1522 ἡ

2112 1535 2348 1606 ἄμοχθος
2376 1535 2628 1609 τράπεζα
2649 1554 2663 1567 ·
2705 1539 2825 1590 ἀντὶ
2862 1541 3095 1610 μορφῆς,
3210 1539 3372 1593 εἰκὼν
3399 1542 3497 1593 τοῦ
3525 1543 3686 1611 ἀρχε-

2111 1626 2286 1679 τύπου
2315 1643 2327 1655 ·
2365 1628 2486 1681 ἀντὶ
2524 1627 2870 1699 ἀξιώματος,
2909 1629 2970 1682 τὸ
3001 1629 3142 1682 κατὰ
3180 1631 3340 1700 χάριν
3385 1630 3685 1683 ἀθάνατονο

2115 1702 2234 1770 άντὶ
2262 1719 2539 1789 ὑπηκόων,
2567 1720 2628 1772 τὸ
2666 1720 3016 1788 συμπλασθὲν
3049 1721 3206 1785 ζῶον.
3241 1721 3344 1773 Καὶ
3368 1723 3567 1789 γέγονε
3595 1723 3690 1791 μὲν

445 1796 616 1860 stitit;
653 1811 886 1866 eumque
919 1797 1170 1852 molestia
1209 1801 1359 1854 nulla
1393 1802 1614 1858 violavit
1661 1814 1754 1859 aut
1800 1806 2007 1863 infecit.

2113 1811 2142 1862 6
2177 1809 2318 1863 κατὰ
2347 1810 2635 1863 διάπλασιν
2663 1812 2854 1874 τόκος·
2890 1813 3134 1881 κάματος
3169 1811 3245 1875 δὲ,
3279 1814 3369 1864 τὸν
3396 1814 3559 1864 τόκον
3595 1813 3691 1882 οὐχ

447 1885 782 1942 Erubescant
811 1886 1003 1953 Judaei,
1033 1890 1125 1960 qui
1153 1891 1470 1962 virginalem
1495 1905 1708 1965 partum
1736 1899 2012 1954 insectan-

443 1988 534 2033 tur
562 1995 625 2034 ac
656 1981 906 2047 irrident,
943 1983 1188 2042 dicentes
1222 2007 1234 2041 :
1271 1988 1329 2041 Si
1359 1989 1510 2059 virgo
1547 1992 1774 2060 peperit,
1807 2008 2014 2062 nequa-

440 2088 604 2143 quam
642 2075 792 2145 virgo
828 2078 1146 2145 permansit.
1186 2077 1350 2134 Miser
1385 2095 1450 2136 ac
1482 2082 1670 2137 infelix
1705 2102 1716 2136 :
1748 2083 1918 2138 Adam
1953 2087 2010 2140 in

442 2165 704 2219 mundum
729 2166 1028 2236 productus
1053 2176 1158 2234 est,
1191 2185 1292 2223 nec
1316 2171 1425 2224 ulla
1454 2174 1703 2227 molestia
1735 2183 1828 2227 aut
1860 2176 2011 2232 labes

438 2257 780 2313 eﬂ‘ormatum
801 2258 986 2315 infecit
1011 2278 1024 2314 :
1056 2259 1273 2331 Deoque
1301 2278 1466 2318 carne
1489 2274 1637 2330 nato,
1669 2276 1859 2336 partus
1882 2283 2006 2320 cor-

437 2351 746 2420 ruptionem
782 2353 1055 2409 sustinere
1099 2354 1383 2410 debuerit?
1419 2355 1629 2412 Idcirco
1663 2361 1807 2414 enim
1840 2361 2011 2415 Chri-

435 2452 558 2498 stus
602 2443 862 2502 Dominus
915 2448 1191 2505 secundus
1239 2450 1410 2504 Adam
1445 2451 1748 2505 secundum
1786 2469 2008 2508 carnem

435 2532 615 2590 dictus
656 2542 740 2592 est
776 2538 1032 2607 quoniam
1066 2541 1112 2595 is
1143 2543 1233 2612 qui
1264 2543 1567 2613 praecessit,
1602 2543 1811 2613 primus
1835 2543 2007 2599 Adam

433 2625 640 2683 Christi
669 2627 885 2684 Domini
918 2631 1086 2702 ﬁgura
1118 2633 1234 2689 fuit.
1296 2634 1567 2690 Nimirum
1604 2637 1775 2690 lutum
1816 2636 2008 2690 adum-

437 2720 618 2774 bravit
682 2721 926 2793 figulum.
975 2726 1242 2782 Adamum
1294 2738 1476 2783 autem
1529 2728 1734 2785 Christi
1779 2728 2004 2800 ﬁguram

433 2813 705 2882 gessisse,
746 2816 872 2869 audi
912 2833 978 2871 ex
1021 2818 1180 2872 beato
1222 2819 1392 2875 Paulo
1435 2821 1652 2876 dicente
1694 2841 1706 2876 :
1757 2822 2008 2890 Regnavit

433 2922 577 2961 mors
607 2908 672 2960 ab
713 2908 882 2963 Adam
913 2927 1076 2980 usque
1113 2913 1182 2965 ad
1219 2913 1470 2985 Moysen,
1516 2919 1675 2969 etiam
1713 2917 1767 2969 in
1797 2933 1882 2970 eos
1919 2919 2009 2987 qui

435 3012 537 3049 non
593 3011 934 3067 peccaverunt
981 3003 1036 3055 in
1087 3005 1493 3060 similitudinem
1548 3009 2006 3077 prwvaricationis

432 3085 601 3150 Αάοι;
634 3090 722 3157 qui
755 3100 832 3144 est
865 3093 1039 3160 forma
1079 3096 1249 3161 futuri
1277 3096 1343 3149 ⁸⁸.
1381 3096 1850 3162 Quemadmodum
1882 3115 2008 3153 vero

2114 1900 2355 1971 ὕϐρισεν.
2412 1901 2861 1970 Αἰσχυνέσθωσαν
2934 1902 3204 1954 Ἰουδαίων
3240 1902 3449 1966 παῖδες,
3495 1903 3544 1954 οξ
3594 1901 3691 1971 τὴν

2112 1993 2447 2064 παρθενικὴν
2473 1992 2640 2045 ὠδῖνα
2669 1992 3037 2064 διασύροντες,
3059 1995 3107 2046 οἱ
3131 1993 3380 2061 λέγοντες
3399 2010 3411 2022 ·
3449 1993 3512 2045 Ι·ζί
3540 1995 3690 2045 ἔτεκε

2112 2085 2401 2155 παρθένος,
2455 2085 2554 2137 ούκ
2587 2085 2768 2156 ἔμεινε
2814 2083 3104 2156 παρθένος.
3147 2084 3330 2137 Ἀθλιε
3368 2086 3464 2138 καὶ
3511 2084 3692 2137 ταλαίο

2110 2194 2282 2248 πωρε,
2315 2180 2343 2230 6
2367 2177 2537 2246 Ἀδὰμ
2567 2178 2646 2240 εἰς
2671 2155 2762 2228 τῖν
2792 2155 2993 2245 κόσμον
3017 2175 3293 2247 παρήχθη,
3324 2177 3417 2228 καὶ
3449 2177 3693 2245 κάματος

2108 2267 2206 2336 τὴν
2261 2265 2547 2319 διάπλασιν
2599 2265 2695 2334 ούχ
2749 2264 3000 2336 ὕϐρισενο
3055 2268 3084 2318 6
3132 2265 3264 2328 Θεὸς
3318 2266 3460 2318 κατὰ
3516 2267 3694 2336 σάρκα

2111 2357 2370 2427 ἐγεννήθη
2397 2397 2412 2420 ,
2445 2357 2538 2409 καὶ
2569 2356 2776 2428 φθορὰν
2813 2358 2841 2408 6
2872 2356 3032 2419 τόκος
3066 2357 3359 2425 ὑπέμεινε;
3398 2356 3498 2409 Διά
3537 2356 3694 2410 τοῦτο

2108 2450 2215 2521 γάρ
2251 2448 2343 2502 καὶ
2399 2448 2650 2520 δεύτερος
2707 2448 2880 2519 Ἀδὰμ
2912 2447 3057 2501 κατὰ
3106 2448 3286 2519 σάρκα
3337 2451 3366 2501 6
3413 2449 3692 2518 Δεσπότης

2108 2541 2372 2612 Χριστός·
2411 2541 2597 2610 ἐπειδὴ
2641 2542 2670 2592 6
2715 2539 3000 2610 προλαὸὼν
3049 2540 3224 2611 Ἀδὰμ
3259 2541 3428 2603 τύπος
3462 2542 3556 2593 τοῦ
3597 2544 3695 2592 Δε-

2109 2635 2306 2687 σπότου
2342 2632 2600 2705 Χριστοῦ.
2649 2634 3118 2705 Ἐσκιογράφησεν
3167 2637 3196 2687 ὁ
3237 2634 3409 2705 πηλὸς
3452 2635 3542 2686 τὸν
3599 2651 3691 2687 κε-

2111 2725 2309 2795 ραμέα.
2351 2725 2474 2778 ’Ὁτι
2496 2725 2553 2778 δὲ
2592 2724 2760 2788 τύπος
2790 2720 2880 2795 ἦν,
2913 2727 3078 2779 ἄκουε
3112 2725 3207 2778 τοῦ
3243 2726 3513 2796 μακαρίου
3546 2724 3695 2777 Παύ-

2107 2817 2198 2870 λου
2251 2819 2532 2887 λέγοντος·
2582 2819 3016 2872 Ἐϐασίλευσεν
3064 2822 3097 2873 ὀ
3142 2819 3398 2884 θάνατος
3430 2818 3551 2872 ἀπὸ
3585 2817 3691 2871 τοῦ

2121 2911 2294 2980 Ἀδὰμ
2319 2911 2494 2980 μέχρι
2523 2910 2852 2977 Μωϋσέως,
2883 2913 2980 2964 καὶ
3008 2912 3107 2964 ἐπὶ
3140 2911 3282 2976 τοὺς
3308 2910 3394 2980 μὴ
3429 2911 3694 2980 ἀμαρτήι

2109 3021 2340 3068 cantat;
2363 3004 2462 3056 ἐπὶ
2487 3003 2566 3068 τῷ
2583 3002 2902 3072 ὁμοιώματι
2918 3003 3030 3071 τῆς
3055 3004 3445 3072 παραϐάσεως
3482 3001 3687 3069 Ἀδὰμ,

2111 3095 2178 3160 ὅς
2200 3096 2330 3148 ἐστι
2364 3097 2553 3160 τύπος
2591 3094 2696 3148 τοῦ
2725 3094 3082 3163 μέλλοντος.
3116 3096 3222 3148 Καὶ
3253 3095 3400 3156 ὅπως
3425 3092 3596 3155 τύπος
3623 3088 3692 3163 ἦν

431 3177 696 3245 Adamus,
749 3182 950 3238 Christi
1008 3184 1222 3241 Domini
1271 3187 1442 3259 ﬁgura
1487 3190 1652 3245 fuerit
1704 3193 2006 3248 secundum

2112 3188 2139 3238 6
2178 3185 2348 3256 Ἀδὰμ
2372 3185 2465 3238 τοῦ
2488 3186 2759 3239 Δεσπότου
2790 3186 3026 3257 Χριστοῦ
3059 3187 3202 3240 κατὰ
3235 3187 3448 3258 σάρκα,
3489 3186 3691 3239 ἄκουεο

431 3285 677 3337 carnem,
717 3275 924 3346 accipe.
965 3276 1189 3341 Servus,
1225 3287 1435 3336 natura:
1490 3281 1816 3353 principium
1861 3285 1998 3354 (9.8);

433 3364 702 3424 Dominus
737 3368 1164 3427 interminabilis
1195 3373 1528 3443 principium
1569 3375 1710 3430 vitae.
1740 3375 2008 3430 Eﬂ‘orma-

430 3467 565 3515 runt
588 3461 739 3515 illum
771 3461 968 3518 divinae
1005 3479 1236 3529 manus;
1281 3466 1397 3529 hic,
1434 3482 1539 3535 qua
1565 3470 1717 3522 novit
1751 3469 1867 3537 ipse
1915 3485 2001 3522 ra-

428 3552 602 3617 tione,
625 3568 845 3610 carnem
875 3556 980 3612 sibi
1009 3557 1278 3627 adjunxit.
1302 3557 1394 3614 Ille
1422 3559 1489 3613 ad
1514 3561 1800 3631 imaginem
1829 3562 2004 3618 factus

431 3651 554 3710 est;
612 3644 703 3700 hic
738 3646 857 3716 ipsa
895 3656 980 3703 est
1009 3650 1254 3705 increata
1286 3651 1482 3722 imago.
1517 3652 1610 3706 Ille
1638 3668 1735 3722 per
1769 3654 2010 3708 insufﬂa-

429 3737 635 3789 tionem
666 3737 941 3793 animatus
973 3745 1088 3806 est;
1123 3739 1212 3794 hic
1237 3741 1292 3794 in
1324 3741 1467 3797 servi
1517 3744 1691 3797 forma
1721 3744 1871 3801 visus
1902 3758 2004 3800 est.

431 3827 582 3881 Illius
637 3830 834 3884 domus
873 3839 959 3886 est
994 3833 1316 3901 paradisus;
1364 3835 1564 3904 hujus,
1608 3838 1805 3890 coelum
1850 3842 2007 3894 seeles

430 3933 537 3980 est.
569 3924 665 3979 Ille
699 3925 888 3996 lingua
917 3935 997 3980 est
1041 3934 1335 3992 creaturae;
1365 3927 1485 3991 hic,
1531 3937 1694 3998 caput
1726 3928 2002 3984 Ecclesiae.

429 4017 525 4072 Ille
565 4033 786 4072 manum
830 4018 886 4072 in
931 4019 1182 4072 arborem
1212 4021 1498 4085 extendit,
1542 4030 1882 4092 mortemque
1913 4023 2007 4077 de-

430 4110 636 4178 cerpsit
668 4110 818 4172 “J9;
850 4110 942 4164 hic
971 4124 1165 4164 manus
1211 4110 1265 4164 in
1312 4126 1477 4166 cruce
1520 4113 1800 4182 expandit,
1847 4130 2006 4168 mun-

429 4201 670 4269 dumque
699 4203 750 4255 in
777 4205 937 4258 ulnas
957 4206 1166 4273 accepit
1194 4225 1206 4259 :
1237 4221 1299 4259 ac
1325 4209 1527 4260 clamat
1551 4207 1604 4259 in
1638 4204 1950 4275 Evangeliis
1989 4228 2001 4261 :

429 4291 562 4347 Cum
585 4293 853 4348 exaltatus
881 4295 1052 4364 fuero,
1070 4298 1248 4350 omnia
1274 4299 1481 4351 traham
1501 4297 1569 4350 ad
1589 4315 1667 4353 me
1692 4300 1860 4367 ipsum
1886 4300 2000 4353 ¹ο⁸⁰.

427 4385 524 4438 Ille
562 4387 844 4440 mulierem
888 4388 1078 4443 habuit
1115 4388 1551 4455 insidiatricem;
1607 4391 1696 4444 hic
1744 4391 1799 4444 in
1831 4391 2006 4444 thala-

2122 3279 2181 3330 '0
2206 3279 2409 3342 δοῦλος,
2437 3278 2651 3348 φύσεως
2683 3280 2825 3350 ἀρχή
2847 3296 2861 3309 ·
2887 3281 2915 3332 6
2943 3281 3241 3352 Δεσπότης,
3264 3279 3407 3351 ἁρχὴ
3437 3279 3583 3350 ζωῆς
3607 3280 3693 3332 τέ-

2109 3371 2200 3433 λος
2247 3370 2321 3441 μὴ
2359 3370 2608 3442 ἐχούσης.
2666 3371 2904 3423 Ἐκεῖνον
2935 3373 2992 3424 αἱ
3027 3371 3168 3424 θεῖαι
3201 3374 3381 3442 χεῖρες
3413 3371 3692 3424 ἔπλασανο

2108 3460 2282 3528 οὗτος,
2313 3464 2390 3528 ὡς
2418 3460 2579 3528 οἶδεν,
2627 3464 2816 3517 ἑαυτὸν
2850 3465 3184 3536 ὲσάρκωσεν.
3227 3467 3466 3526 Ἐκεῖνος
3497 3464 3692 3533 γέγονε

2109 3558 2229 3610 κατ’
2277 3557 2491 3610 εἰκόνα·
2551 3549 2726 3619 οὗτος,
2779 3556 2944 3609 εἰκὼν
2993 3557 3267 3621 άκτιστος.
3321 3559 3565 3620 Ἐκεῖνος
3625 3557 3689 3609 δι’

2107 3649 2326 3719 ὲμφυσή
2338 3667 2503 3719 ματος
2520 3648 2772 3720 ἐψυχώθη
2804 3667 2818 3680 ·
2844 3644 2999 3713 οὗτος
3022 3652 3078 3701 ἐν
3098 3649 3283 3703 δούλου
3304 3653 3486 3720 μορφῇ
3513 3649 3687 3717 ὤφθη.

2121 3739 2359 3793 Ἑκείνου
2386 3742 2414 3792 6
2442 3741 2766 3812 παράδεισος
2793 3737 2941 3804 οἶκος
2961 3759 2975 3774 ο
3006 3740 3197 3794 τούτου
3248 3744 3276 3795 6
3308 3742 3538 3812 οὐρανὸς
3570 3741 3688 3813 θρό-

2108 3850 2217 3897 νος.
2274 3835 2510 3898 Ἐκεῖνος
2553 3835 2769 3904 γλῶττα
2801 3836 2898 3905 τῆς
2934 3835 3162 3897 κτίσεως
3185 3851 3197 3864 °
3251 3831 3440 3898 οὗτος,
3477 3836 3688 3904 κεφαλὴ

2107 3929 2206 3998 τῆς
2253 3927 2598 3999 Ἐκκλησίας.
2643 3929 2881 3991 Ἐκεῖνος
2913 3930 3013 3999 τὴν
3039 3931 3198 3998 χεῖρα
3231 3930 3310 3992 εἰς
3349 3928 3565 3996 δένδρον
3610 3927 3687 3989 ἐξ·

2107 4019 2298 4078 έτεινε.
2351 4021 2446 4073 καὶ
2482 4020 2707 4073 θάνατον
2753 4020 3054 4090 ἐτρύγησεν
3080 4036 3093 4048 ·
3148 4016 3299 4084 οὗτος
3349 4019 3447 4082 τὰς
3504 4021 3684 4088 χεῖρας

2105 4113 2362 4182 ἥπλωσεν
2391 4116 2450 4166 ὲν
2480 4113 2556 4183 τῷ
2591 4112 2809 4184 σταυρῷ
2835 4154 2848 4176 ,
2886 4115 2981 4167 καὶ
3010 4114 3099 4166 τὸν
3140 4113 3345 4182 κόσμον
3401 4111 3685 4180 ἐνηγκαλξο

2109 4222 2266 4258 σατο·
2295 4206 2390 4258 καὶ
2421 4205 2520 4276 βοᾷ
2553 4208 2610 4258 ὲν
2640 4206 3021 4274 Εὐάγγελίοις·
3058 4205 3243 4260 ’Ὅταν
3272 4203 3512 4272 ὑψωθῶ,
3538 4201 3685 4254 πάν-

2106 4315 2213 4364 τας
2243 4299 2486 4352 ἑλκύσω
2512 4300 2662 4366 πρὸς
2681 4299 2960 4368 ἐμαυτόν.
3004 4299 3242 4360 Ἐκεῖνος
3273 4299 3508 4364 γυναῖκα
3530 4295 3685 4361 ἔσχεν

2109 4391 2389 4445 ἐπίϐουλον
2410 4408 2422 4420 ·
2445 4386 2596 4454 οὗτος
2624 4391 2896 4463 Παρθένον
2925 4391 3052 4460 ἔσχε
3077 4390 3338 4459 θάλαμον.
3373 4388 3478 4440 Τοῦ
3515 4387 3687 4453 Ἄδαρ.

427 4492 576 4529 mum
615 4477 802 4532 habuit
838 4479 1135 4549 Virginem.
1181 4481 1392 4535 Adamo
1417 4483 1707 4537 dormienti
1745 4485 1994 4553 adempta

2112 4481 2459 4544 καθεύδοντος
2502 4484 2533 4552 ὴ
2582 4483 2789 4552 πλευρᾶ
2830 4482 3104 4552 ἀφῃρέθη,
3157 4482 3252 4532 καὶ
3297 4478 3622 4550 ᾠκοδομήθη
3656 4479 3687 4543 ἡ

426 4567 531 4624 fui:
555 4579 707 4624 costa
730 4571 795 4637 “,
829 4579 992 4642 atque
1013 4590 1079 4628 ex
1097 4590 1159 4629 ea
1183 4574 1450 4629 mdificata
1479 4576 1695 4637 mulier,
1718 4592 1819 4630 nec
1843 4576 1999 4646 (ιυῑά-

423 4676 590 4731 quam
615 4661 824 4719 Adamo
849 4663 1059 4730 defuit;
1104 4664 1325 4722 Christo
1357 4682 1522 4722 carne
1551 4667 1814 4722 crucifixo
1845 4679 2004 4737 atque

496 4819 544 4852 ⁸⁸
584 4819 741 4876 Rom.
780 4823 949 4887 ν,14.
1038 4824 1166 4864 ⁸⁹-⁹⁹
1202 4823 1338 4878 Gen.
1383 4839 1464 4887 ιιι,
1492 4823 1542 4878 6.

499 4973 612 5051 (2'7)
653 4977 851 5051 Exsilit
882 4983 972 5051 qui
1005 4990 1084 5035 est
1119 4979 1189 5034 ad
1239 4980 1548 5051 imaginem,
1589 4982 1786 5051 σκιρτᾷ
1829 4982 1856 5033 6
1897 4984 2016 5034 κατ’

425 5048 609 5120 εἰκόνα
631 5064 642 5075 ·
673 5049 790 5116 Ipse
814 5048 1070 5104 IIIIIIII'lIII]
1103 5048 1366 5113 animus;
1380 5050 1525 5119 quod
1557 5048 1803 5120 sequenti
1844 5067 2017 5105 mem-

426 5116 526 5170 bro
561 5121 733 5188 magis
787 5121 1054 5188 eXplicat,
1104 5122 1350 5175 τίκτεται
1399 5116 1433 5173 6
1461 5121 1616 5188 λόγος
1635 5116 1655 5150 ’·
1703 5121 1842 5174 ratio
1871 5123 2017 5188 puri-

431 5197 540 5261 tur.
573 5185 696 5261 Fuit
745 5185 886 5244 forte
913 5191 967 5244 in
999 5207 1060 5242 ea
1093 5193 1376 5261 Opinione,
1415 5199 1474 5244 ut
1508 5185 1691 5244 anima
1722 5185 2014 5246 rationalis

429 5271 492 5309 ac
527 5257 703 5325 λόγος,
762 5275 888 5312 vere
933 5263 1108 5315 exiret
1134 5257 1205 5316 'ac
1231 5264 1562 5315 educeretur
1592 5277 1622 5315 e
1664 5263 1892 5315 materia
1932 5263 2012 5316 sic

427 5325 719 5395 disposita,
742 5344 770 5380 a
795 5345 901 5398 qua
931 5348 1031 5383 nec
1063 5333 1151 5383 alii
1181 5332 1402 5400 quidam
1435 5332 1675 5400 :equalcs
1706 5333 2010 5386 abhorrue—

429 5410 556 5469 runt
587 5417 598 5452 :
625 5415 934 5469 quanquam
968 5401 1068 5453 fuit
1086 5407 1302 5457 tandem
1328 5405 1394 5455 ab
1415 5401 1659 5457 Ecclesia
1675 5403 2001 5469 proscripta.

425 5465 544 5542 ljnu
573 5465 725 5542 licet
754 5509 768 5542 .
794 5465 896 5522 aut
944 5472 1074 5524 libet
1106 5474 1240 5527 alias
1278 5473 1565 5542 op'niones
1597 5465 1736 5542 quas
1770 5465 2004 5528 subinde

425 5535 656 5612 Proeliis
683 5541 908 5612 indicat,
947 5543 1230 5605 adnotare,
1262 5535 1545 5611 ἱιίαυιιιιιε
1578 5535 1882 5612 praesertim
1918 5543 2002 5595 ni-

424 5607 501 5661 hil
535 5617 619 5663 est
644 5611 902 5677 periculi,
947 5613 1164 5664 tametsi
1204 5623 1284 5668 est
1329 5607 1536 5681 aliquid
1569 5607 1717 5672 novi,
1746 5627 1809 5665 ac
1836 5628 1866 5664 a
1899 5627 2000 5666 no-

426 5687 670 5752 strorum
714 5695 776 5733 ac
831 5683 1216 5735 model-uorum
1251 5683 1591 5752 philosophia
1627 5683 1995 5748 abhorrentis,

429 5756 489 5802 ut
522 5748 688 5821 paulo
715 5759 859 5812 ante,
887 5752 952 5807 de
986 5748 1310 5807 formatione
1341 5748 1624 5807 stellarum
1653 5767 1719 5808 ex
1752 5754 1974 5808 lumine.

1627 4825 1726 4864 ‘-"°
1763 4821 1920 4878 Joan.
1967 4840 2062 4885 xu,
2095 4824 2185 4878 54.

2109 4573 2266 4645 γυνὴ,
2302 4575 2394 4628 καὶ
2421 4575 2498 4645 τῷ
2533 4576 2704 4646 Ἀδὰμ
2727 4575 2876 4627 οὐδὲν
2904 4575 3080 4644 ἔλειψε
3103 4591 3114 4604 ·
3140 4574 3232 4626 τοῦ
3255 4573 3522 4625 Δεσπότου
3553 4572 3670 4642 Χρι-

2112 4667 2240 4721 στοῦ
2279 4667 2421 4721 κατά
2471 4668 2650 4740 σάρκα
2698 4667 3102 4737 σταυρωθέντος
3147 4669 3240 4741 καὶ
3282 4665 3562 4734 ταφέντος,
3609 4661 3674 4733 ἰᾷ

2263 4823 2308 4854 ⁸⁸
2351 4821 2485 4876 Gen.
2522 4838 2584 4887 ιι,
2619 4822 2710 4877 21.

2189 4979 2302 5050 (ἳὸ)
2346 4977 2575 5034 Natura:
2599 4979 2948 5050 principium,
2982 4978 3196 5048 φύσεως
3223 4977 3387 5048 ἀρχή.
3421 4975 3564 5030 Nihil
3603 4977 3671 5027 Ivi:

2115 5049 2294 5106 PrOcli
2331 5053 2557 5104 clarius.
2596 5049 2952 5119 Prosequitur
2982 5050 3150 5112 enim,
3185 5051 3383 5113 quibus
3428 5054 3680 5101 com-enat

2112 5122 2379 5175 Adamutn
2417 5123 2558 5175 inter
2611 5129 2666 5174 et
2697 5119 3002 5181 Christum,
3058 5129 3115 5172 ut
3156 5121 3244 5174 ille
3293 5119 3457 5184 hujus
3511 5121 3678 5184 figura

2113 5191 2215 5246 fuit
2251 5212 2264 5246 :
2299 5208 2470 5258 quare
2498 5191 2656 5246 valde
2695 5191 2926 5244 ridicula
2960 5189 3212 5244 Riccardi
3249 5189 3587 5257 conjectura,
3628 5197 3679 5236 ut

2111 5261 2232 5315 Ioco
2265 5261 2499 5331 φύσεως,
2549 5263 2619 5315 sit
2656 5263 2942 5337 legendum
2989 5261 3270 5337 φθίσεωςχ
3296 5276 3392 5337 pro
3433 5269 3677 5337 naturrr,

2110 5330 2497 5402 corruptionis;
2525 5332 2788 5408 atque_ab
2825 5343 3111 5408 edant-tor
3145 5330 3350 5408 Christi
3393 5330 3674 5408 acAdaui

2107 5401 2963 5476 comparationeminchoaverit,
3000 5403 3052 5453 in
3085 5417 3192 5467 quo
3221 5402 3297 5453 illi
3340 5401 3571 5476 lunarium
3603 5415 3676 5444 u-

2106 5471 2306 5528 deulur
2333 5473 2619 5527 contrarii.
2653 5471 2906 5545 Adamus
2923 5487 3054 5539 ergo
3087 5482 3292 5545 naturae
3324 5471 3668 5545 principium.

2105 5553 2164 5598 ut
2189 5551 2354 5615 caput
2382 5543 2636 5614 generis;
2671 5555 2844 5620 eoque
2880 5541 3055 5610 figura
3083 5542 3310 5601 Christi,
3340 5541 3429 5620 qui
3474 5541 3672 5607 prim-i-

2104 5613 2474 5683 pium’est’ac
2506 5623 2699 5669 auctor
2745 5613 2870 5666 vita:
2899 5624 3136 5674 aeternae,
3190 5622 3355 5681 caput
3387 5613 3503 5681 ipse
3536 5623 3672 5678 pne-

2100 5686 2525 5741 destinatorum.
