3842 6314
125 317 238 376 697

1122 329 1380 386 ORATIO
1425 330 1510 386 DE
1549 329 2070 388 INCARNATIONE
2106 331 2368 389 DOMINI.
2433 341 2438 346 ’

3277 336 3382 395 G98

125 443 330 501 αἵματι
361 439 524 496 αὑτοῦ
553 443 587 514 ή
629 441 926 513 Ἐκκλησία.
951 443 1315 517 ὲξηγοράσθη,
1340 446 1436 500 καὶ
1459 447 1558 518 τῆς
1583 445 1712 500 Θεόο

1841 449 2047 516 epulto,
2065 448 2186 518 ejus
2203 449 2468 520 sanguine
2497 449 2771 519 redempta
2801 449 2902 506 fuit
2914 451 3174 518 Ecclesia;
3203 457 3384 523 passio

125 549 302 604 τητος
331 533 498 586 αὐτοῦ
526 533 696 596 πάθος
721 534 821 604 οὐχ
854 534 1052 604 ἥψατο.

203 627 283 678 Δ’.
333 623 497 676 Ἀλλά
525 622 858 694 ζητούμενόν
888 627 1024 690 ἐστι,
1059 627 1206 690 τίνος
1229 627 1413 680 ἕνεκεν
1447 625 1522 697 μὴ
1547 627 1718 694 ἐγρη-

123 717 364 787 γορότος
413 715 506 769 τοῦ
569 716 762 786 Ἀδὰμ,
809 717 946 770 ἀλλά
989 717 1342 780 καθεύδοντος
1385 717 1630 790 ἀφῃρέθη
1682 718 1716 786 ἡ

125 805 370 874 πλευρά,
404 807 497 858 καὶ
529 805 918 876 ἀνῳκοδομήθη
950 808 1168 876 ήγυνή.
1193 807 1306 859 Οὐκ
1327 807 1494 878 ἐχρῆν
1523 807 1720 877 μᾶλλον

129 897 606 968 ἑγρηγορηκότος,
649 895 788 950 ὥστε
831 899 1127 968 μαρτυρεῖν
1174 900 1240 968 τῇ
1293 898 1600 964 διαπλάσει,
1629 899 1722 951 καὶ

127 989 546 1060 ἐκπλήττεσθαι
579 990 678 1060 τὴν
711 989 926 1060 τέχνην,
952 989 1046 1043 καὶ
1067 989 1363 1057 δοξολογεῖν
1400 989 1498 1059 τὴν
1529 991 1721 1060 σοφίαν

125 1083 230 1136 τοῦ
263 1084 626 1154 ποιήσαντος·
661 1079 776 1143 πῶς
821 1083 886 1134 ὲκ
926 1081 1096 1152 πηλοῦ
1131 1081 1378 1148 ἐγένοντο
1427 1081 1590 1150 νεῦρα
1627 1084 1723 1134 καὶ

131 1175 374 1243 σάρκες.
417 1172 620 1225 ὀστέων
670 1171 978 1243 ἀρμολογίσ.
1015 1171 1109 1224 καὶ
1165 1171 1427 1240 λεπτότης
1485 1171 1720 1242 τριχῶν;

143 1264 300 1316 Ἀλλ’
339 1264 401 1318 οὐ
447 1261 826 1334 συνεχώρησεν
870 1265 898 1316 ό
937 1263 1068 1326 Θεὸς
1107 1262 1278 1316 ταῦτα
1325 1263 1412 1316 διὰ
1453 1261 1544 1314 δύο
1588 1261 1728 1331 πρά-

129 1371 332 1425 γματα
357 1371 370 1384 ⁸
409 1353 626 1426 πρῶτον
659 1353 777 1423 μὲν,
809 1353 896 1406 ἵνα
930 1353 1005 1424 μὴ
1049 1351 1448 1424 ἀφαιρούμενος
1491 1351 1724 1422 ἀλγήσῃ,

127 1449 234 1500 καὶ
263 1447 515 1518 ἀλγήσας
545 1451 752 1519 μισήσῃ
774 1446 872 1517 τὴν
903 1448 1170 1512 γυναῖκα⁸
1200 1445 1294 1497 καὶ
1326 1443 1550 1513 γένηται
1583 1441 1727 1512 αὑτῷ

125 1541 422 1612 δυσμενὴς
443 1542 476 1611 ή
497 1539 768 1610 ὁμόφυλος
789 1555 801 1566 ·
842 1537 1092 1609 δεύτερον
1120 1538 1198 1602 δὲ,
1227 1537 1256 1590 ὃ
1287 1538 1471 1606 μεῖζόν
1497 1539 1612 1588 ἐστι
1637 1537 1730 1588 καὶ

129 1633 420 1704 θειότερον
438 1649 451 1662 ·
477 1632 592 1703 ᾔδει
619 1635 646 1684 ὁ
674 1631 805 1694 Θεὸς
830 1631 911 1684 ὅτι
948 1631 1251 1698 φιλόνεικον
1287 1628 1424 1693 ζῶον
1463 1631 1490 1682 ό
1517 1627 1730 1700 ἀνθρω-

129 1741 264 1786 πος,
309 1725 406 1776 καὶ
434 1725 518 1776 ὅτι
549 1722 899 1785 διαπλασθεὶς
933 1721 1278 1787 αὑτεξούσιος
1317 1721 1461 1774 ἐστίν
1483 1738 1494 1750 ·
1529 1721 1614 1774 ἵνα
1651 1719 1724 1792 μὴ

1817 549 1996 594 tamen
2027 539 2443 611 haudquaquam
2481 541 2602 612 ejus
2629 541 2974 599 Divinitatem
3015 545 3207 616 tetigit.

1893 627 1986 684 Π.
2027 627 2230 684 Verum
2254 631 2688 700 investigandum
2719 639 2822 696 est,
2866 647 2964 686 cur
2991 649 3100 688 non
3129 635 3388 705 vigilante

1817 715 2050 776 Adamn,
2089 715 2188 771 sed
2223 716 2549 780 dormiente,
2589 727 2742 771 costa
2779 718 2828 772 ei
2864 719 3043 774 ablata
3087 721 3178 782 sit,
3223 740 3284 778 ac
3317 741 3386 780 ex

1819 823 1882 864 ea
1909 807 2172 862 aedificata
2215 809 2446 862 mulier?
2489 807 2678 864 Nonne
2709 811 2882 866 satius
2903 819 3020 865 erat
3052 829 3113 868 ac
3145 831 3388 872 commo-

1821 899 1964 964 dius,
1995 915 2062 954 eo
2091 901 2352 972 pervigile
2385 901 2521 964 ﬁeri,
2560 911 2618 956 ut
2664 901 3009 960 formatiouis
3043 909 3198 962 testis
3233 911 3387 978 foret,

1823 991 2066 1060 artisque
2096 991 2452 1046 admiratione
2473 992 2706 1055 deﬁxus,
2729 993 3034 1050 conditoris
3059 999 3386 1067 sapientiam

1825 1081 2058 1135 summis
2091 1081 2346 1137 laudibus
2392 1083 2692 1138 celebraret
2724 1101 2736 1136 :
2787 1092 2846 1138 ut
2887 1087 3140 1141 ni-uiruiu
3174 1105 3240 1142 ex
3277 1090 3391 1144 luto

1827 1168 1954 1224 facti
1995 1179 2182 1224 essent
2222 1169 2372 1224 nervi
2415 1185 2738 1240 carnesque,
2775 1189 2836 1228 ac
2885 1183 3008 1245 apta
3051 1177 3140 1230 illa
3182 1181 3390 1234 ossium

1827 1277 2090 1332 compago
2116 1263 2460 1332 pilorumque
2484 1264 2762 1319 tenuitas?
2787 1264 2984 1320 Verum
3011 1284 3116 1322 non
3149 1270 3394 1338 permisit

1828 1352 1974 1410 Deus
2009 1354 2083 1408 ita
2109 1353 2224 1408 ﬁeri
2245 1353 2448 1424 duplici
2473 1371 2538 1409 ex
2563 1371 2728 1410 causa
2755 1374 2770 1410 :
2807 1359 3003 1426 primo,
3039 1375 3108 1414 ne
3131 1361 3216 1413 cui
3241 1368 3393 1416 costa

1827 1445 2173 1502 adimebatur
2201 1445 2582 1511 indolesceret,
2623 1457 2784 1517 atque
2821 1449 3166 1506 iudoleseens
3205 1453 3394 1506 ntulie-

1831 1555 1944 1594 rem
1981 1538 2108 1592 odio
2147 1539 2392 1604 haberet,
2431 1541 2690 1611 ﬁeretque
2713 1543 2762 1596 ei
2803 1542 2996 1608 invisa,
3029 1559 3150 1613 qum
3179 1543 3395 1614 gentilis

1831 1645 1896 1684 ac
1934 1639 2132 1701 agnata
2161 1643 2330 1688 esset.
2366 1633 2504 1686 Tum
2547 1649 2696 1698 vero,
2727 1635 2870 1703 quod
2903 1636 3192 1690 sublimius
3219 1647 3300 1692 est
3331 1651 3396 1691 ac

1835 1723 2072 1778 divinius
2106 1743 2118 1778 :
2149 1723 2386 1780 Noverat
2421 1725 2560 1781 Deus
2607 1727 2880 1780 hominem
2918 1743 3042 1782 esse
3071 1728 3271 1782 animal
3306 1745 3395 1798 pu-

127 1813 230 1869 οὖν
271 1815 514 1888 ἄρξηται
567 1816 658 1868 καὶ
692 1814 828 1867 Θεοῦ
861 1815 1020 1868 τόκον
1064 1814 1560 1884 πολυπραγμονεῖν,
1607 1813 1729 1864 ἐπι-

1840 1815 2020 1884 gnaeis
2063 1816 2434 1870 contentionis
2484 1817 2752 1872 acerrime
2799 1820 3080 1888 cupidum,
3117 1837 3180 1874 ac
3213 1823 3396 1876 statim

127 1908 330 1962 σάλλει
375 1907 526 1977 αὖτῷ
566 1908 753 1970 ῦπνον,
789 1907 1023 1978 χαλινῶν
1051 1909 1150 1976 τὴν
1181 1906 1406 1977 τόλμαν,
1447 1905 1729 1976 μονονουχὶ

128 1999 317 2070 λέγων
361 2002 499 2073 πρὸς
535 2002 722 2056 αὐτόν’
760 2002 821 2054 Ei
861 2001 961 2070 τῆς
1001 2000 1273 2070 ὁμοφύλου
1300 1999 1397 2069 τὴν
1427 1998 1727 2052 ἀνάπλασιν

131 2095 274 2146 ίδεῖν
303 2095 364 2147 οὐ
394 2094 800 2165 συνεχωρήθης,
817 2092 914 2163 τὴν
937 2094 1174 2164 ἄρρητον
1198 2091 1291 2144 τοῦ
1319 2090 1454 2142 Θεοῦ
1479 2090 1727 2159 δύναμιν,

131 2187 230 2239 καὶ
265 2185 370 2256 τὴν
405 2185 794 2255 ἀκατάληπτον
838 2184 1092 2254 γέννησιν
1129 2182 1204 2253 μὴ
1251 2181 1529 2251 τολμήσῃς
1565 2179 1729 2232 πολυ-

133 2279 508 2348 πραγμονεῖν.
549 2276 675 2340 Πῶς
707 2275 805 2346 μὲν
828 2274 1114 2346 ἄνθρωπος
1143 2275 1417 2342 γεννᾶται,
1452 2270 1644 2341 νοῆσαι
1665 2270 1726 2324 οὐ

131 2367 394 2432 δύνασαι,
421 2366 558 2420 Θεοῦ
581 2365 638 2420 δὲ
665 2365 978 2435 οἰκονομίαν
1001 2363 1255 2436 ζητήσειν
1285 2362 1445 2433 δύνῃ;

1832 1904 2150 1971 formatum,
2181 1907 2265 1961 sui
2295 1907 2440 1984 juris
2489 1923 2554 1962 ac
2583 1910 2868 1978 potestatis
2907 1909 3148 1964 futurum
3187 1931 3200 1966 :
3247 1927 3389 1983 quo-

1833 1998 2000 2060 circa,
2035 2013 2102 2052 ne
2132 1997 2224 2052 Dei
2254 1998 2434 2068 ipsum
2466 2009 2681 2069 partum
2713 2002 2928 2056 curiose
2951 2003 3115 2056 nimis
3143 2018 3397 2072 perscru-

1834 2088 1938 2142 tari
1971 2089 2258 2158 inciperet,
2285 2089 2532 2143 immittit
2561 2090 2610 2144 ei
2637 2106 2910 2154 somnum,
2933 2107 3043 2161 quo
3069 2093 3226 2161 quasi
3249 2093 3398 2148 [rene

1834 2179 2122 2234 audaciam
2170 2191 2578 2251 compesceret;
2627 2184 2718 2236 vix
2765 2199 2870 2237 non
2903 2185 3032 2237 talia
3065 2185 3130 2237 ad
3165 2199 3288 2238 eum
3319 2185 3394 2238 di-

1835 2283 1966 2324 cens
1999 2293 2010 2324 ;
2047 2268 2104 2324 Si
2135 2281 2348 2342 agitatae
2379 2271 2760 2328 formationem
2807 2275 3031 2328 minime
3079 2275 3232 2328 licuit
3265 2289 3388 2328 con-

1835 2363 2102 2432 spexisse,
2132 2379 2198 2417 ne
2243 2379 2543 2434 priesumas
2587 2365 2914 2420 inelIabilem
2969 2365 3064 2420 Dei
3111 2367 3400 2435 potentiam

133 2457 869 2528 incomprehensibilemque
929 2457 1339 2528 generationem
1398 2455 1618 2508 curiose
1680 2455 2026 2524 investigare.
2087 2455 2206 2511 Non
2259 2465 2414 2528 potes
2476 2459 2790 2528 perspicere
2835 2458 3040 2524 animo,
3077 2473 3184 2528 qua
3241 2459 3400 2514 homo

135 2555 358 2608 ratione
389 2561 680 2618 generetur
710 2569 724 2604 :
759 2552 1067 2621 divinaeque
1096 2549 1494 2606 incarnationis
1517 2548 1838 2618 mysterium
1873 2551 2060 2604 rimari
2089 2553 2296 2620 poteris
2324 2567 2386 2606 ac
2411 2551 2753 2623 intelligere?

207 2642 294 2698 ις’.
336 2643 483 2696 Ἀλλ’
511 2643 624 2714 ὁρῶ
648 2644 793 2714 ὑμᾶς
819 2643 1376 2712 στενοχωρουμένους,
1395 2640 1490 2692 καὶ
1519 2639 1726 2710 βέλτιον

136 2735 340 2790 ἐνθάδε
376 2734 714 2788 κατευνάσαι
745 2733 840 2784 τὸν
880 2731 1070 2800 λόγον⁸
1112 2731 1162 2784 εἰ
1215 2731 1272 2784 δὲ
1317 2729 1535 2800 βιασταί
1579 2729 1726 2790 ἐστε,

134 2827 250 2882 τῶν
285 2825 630 2896 βιαζομένων
663 2824 720 2877 δέ
754 2826 902 2876 ἐστιν
935 2825 968 2894 ἡ
1001 2821 1268 2892 βασιλεία,
1299 2820 1596 2892 προσθήσω
1617 2820 1729 2882 τοῖς

139 2919 489 2991 εἰρημένοις.
535 2917 700 2980 Εἰκὸς
734 2916 846 2970 τῶν
887 2914 1156 2968 Ἰουδαίων
1200 2913 1322 2968 τινὰ
1349 2915 1608 2982 παρεῖναι
1647 2913 1732 2966 ὲν-

137 3015 344 3076 ταῦθα,
375 3015 473 3067 καὶ
515 3013 576 3065 ὲν
605 3011 684 3082 τῷ
726 3009 1012 3078 ἀμπελῶνι
1047 3007 1142 3062 τοῦ
1181 3006 1420 3078 Χριστοῦ
1445 3005 1731 3059 λανθάνειν

135 3106 242 3176 τὴν
271 3103 538 3157 ἀλώπεκα
559 3103 657 3172 τῆς
696 3099 955 3162 Ἰουδαίας
973 3139 988 3162 ,
1013 3101 1110 3153 καὶ
1143 3098 1282 3171 μετά
1302 3098 1362 3151 τὸ
1395 3097 1735 3165 ἀπολυθῆναι

137 3197 242 3268 τὴν
283 3196 610 3266 ἐκκλησίαν,
663 3195 888 3264 στήκειν
917 3192 1024 3259 ἔξω
1054 3195 1148 3246 καὶ
1183 3190 1458 3244 σκώπτειν
1491 3191 1618 3252 τοὺς
1645 3188 1734 3241 λό-

139 3305 298 3356 γους,
325 3289 422 3341 καὶ
447 3287 631 3354 λέγειν
657 3283 886 3337 τοιαῦτα
904 3300 919 3315 ·
947 3283 1047 3336 Διά
1072 3283 1144 3346 τί,
1175 3281 1512 3352 Χριστιανοὶ,
1543 3296 1732 3334 καινο-

141 3383 376 3452 τομεῖτε
403 3378 604 3436 ταῦτα.
641 3378 735 3432 καὶ
765 3375 1082 3448 κομπάζετε
1117 3373 1210 3428 ἐπὶ
1253 3375 1574 3446 πράγμασιν
1607 3375 1737 3428 ἀνα-

143 3472 496 3534 ποδείκτοιςς
537 3469 673 3534 Θεὸς
701 3471 796 3522 ἐπὶ
823 3468 925 3538 γῆς
963 3466 1118 3538 ὤφθη
1152 3467 1320 3530 ποτέ;
1354 3467 1610 3520 οὐδέποτε
1645 3466 1738 3520 ἀλ-

143 3564 296 3622 λοτε,
335 3563 386 3614 εί
439 3561 514 3632 μὴ
553 3559 714 3631 μόνον
755 3559 848 3612 ἐπὶ
891 3557 1190 3620 Μωῡσέως.
1247 3555 1408 3609 Ἀλλά
1439 3557 1560 3609 τότε
1614 3556 1736 3608 οὐδὲ

143 3653 334 3722 ὤφθη,
367 3645 412 3704 ὦ
456 3651 674 3704 Ἰουδαῖε
695 3667 708 3680 ο
735 3651 830 3702 καὶ
859 3648 1050 3701 τούτου
1085 3647 1297 3718 μάρτυς
1329 3647 1494 3710 αὐτὸς
1525 3647 1554 3699 ὁ
1575 3649 1740 3700 Maii}-

147 3745 252 3815 σῆς
282 3745 464 3812 λέγων
499 3742 701 3805 οὕτως·
743 3741 1016 3810 Πρόσεχε
1048 3739 1274 3804 σαυτῷ,
1309 3739 1408 3792 καὶ
1445 3737 1738 3808 συμϐιϐά-

145 3852 282 3900 σεις
315 3836 408 3897 είς
445 3831 559 3900 τὴν
591 3831 845 3899 καρδίαν
875 3845 992 3884 σου
1037 3829 1268 3894 πάντας
1302 3829 1444 3894 τοὺς
1489 3829 1736 3896 λόγους,

148 3929 262 3991 οὓς
307 3923 647 3992 ἑωράκασιν
696 3923 750 3976 oi
795 3920 1094 3990 ὀφθαλμοί
1137 3933 1288 3973 σου·
1325 3919 1422 3972 καὶ
1479 3917 1740 3982 διδάξεις

147 4018 298 4082 τοὺς
325 4015 500 4080 υἱούς
536 4029 676 4076 σου,
719 4013 818 4067 καὶ
850 4013 994 4079 τοὺς
1033 4011 1206 4078 υἱοὺς
1247 4010 1367 4064 τῶν
1399 4008 1546 4063 υἱῶν
1589 4025 1736 4062 σου·

143 4107 460 4179 μνήσθητι
483 4105 600 4170 τὴν
631 4105 862 4172 ἡμέραν
886 4102 1106 4170 Κυρίου
1140 4101 1245 4156 τοῦ
1283 4101 1430 4154 Θεοῦ
1463 4115 1602 4160 σου,
1631 4098 1743 4166 τὴν

150 4200 392 4268 ἡμέραν
419 4197 530 4265 τῆς
552 4197 905 4264 ἐκκλησίας,
941 4195 1040 4248 ὅτε
1070 4194 1340 4262 ἐλάλησε
1359 4195 1573 4262 Κύριος
1597 4193 1743 4261 πρὸς

143 4309 250 4362 με,
285 4291 514 4358 λέγων·
561 4287 1016 4354 Ἑκκλησίασον
1047 4286 1197 4354 ,πρός
1221 4302 1300 4350 με
1323 4284 1428 4338 τὸν
1446 4285 1618 4346 λαὸν,
1645 4284 1742 4337 καί

151 4387 476 4442 ἀκούσωσι
513 4381 588 4434 τὰ
625 4379 868 4450 ῥήματά
899 4397 1042 4449 μου,
1075 4379 1170 4432 καὶ
1203 4377 1559 4440 διδάξουσιν
1591 4377 1743 4432 αὐτὰ

155 4479 301 4542 τοὺς
327 4475 498 4540 υἱοὺς
530 4473 747 4527 αὐτῶν.
785 4473 896 4525 Καὶ
935 4471 1336 4539 προσήλθετε,
1391 4469 1490 4522 καὶ
1527 4469 1745 4536 ἔστητε

154 4571 276 4627 ὑπὸ
301 4571 374 4624 τὸ
398 4569 536 4635 ὄρος
573 4567 641 4618 τὸ
675 4563 856 4619 Σινά·
902 4564 1000 4617 καὶ
1031 4564 1094 4616 τὸ
1137 4563 1274 4630 ὅρος
1325 4563 1558 4616 ἐκαίετο
1601 4563 1741 4630 πυρὶ

155 4663 264 4728 ἕως
293 4661 402 4715 τοῦ
441 4659 734 4728 οὐρανοῦ·
777 4659 876 4712 καὶ
915 4660 1217 4726 ἠκούσατε
1244 4657 1360 4720 τὴν
1395 4656 1606 4728 φωνὴν
1639 4657 1743 4710 τοῦ

159 4745 391 4822 Κυρίου
419 4753 523 4806 τοῦ
549 4751 698 4806 Θεοῦ
721 4751 887 4820 ὑμῶν
914 4753 984 4805 ἐκ
1017 4751 1206 4820 μέσου
1245 4749 1350 4802 τοῦ
1373 4751 1559 4817 πιῬός
1582 4767 1594 4780 ·
1630 4767 1746 4818 φω-

156 4846 280 4912 νὴν
295 4843 588 4912 ῥημάτων
617 4845 945 4910 ἠκούσατε,
984 4842 1083 4896 καί
1122 4842 1387 4910 ὁμοίωμα
1421 4843 1531 4894 οὐκ
1569 4839 1742 4894 ἴδετε.

163 4939 234 4989 Ἀ
267 4938 454 4988 τοίνυν
499 4935 600 4988 οὐκ
633 4932 796 5000 εἶδες,
841 4936 898 4988 τί
937 4933 1242 5005 κομπάζεις
1297 4933 1636 5003 ἐωρακέναι;
1680 4930 1746 4984 Τί

155 5025 250 5082 οὖν
305 5043 420 5098 μοι,
461 5029 612 5098 φησὶ,
653 5029 1008 5098 προσφέρεις,
1047 5027 1129 5079 ὅτι
1175 5024 1407 5095 ἠδύνατο
1446 5025 1583 5093 γυνὴ
1621 5035 1746 5092 γεν-

155 5122 322 5190 νῆσαι
353 5121 526 5183 Θεόν;
564 5121 656 5185 Εἰς
707 5121 866 5173 τοῦτο
893 5121 1002 5192 γάρ
1041 5137 1125 5172 σοι
1171 5118 1341 5186 λέγον
1375 5117 1456 5169 ὅτι
1501 5117 1562 5168 οὐ
1605 5114 1746 5182 λέγω

159 5231 246 5266 σοι
279 5215 364 5266 ὅτι
386 5212 620 5282 ἠδύνατο
641 5213 777 5282 γυνὴ
798 5213 928 5264 Θεὸν
951 5212 1230 5282 γεννῆσαι,
1261 5207 1374 5261 ἀλλ’
1404 5208 1484 5259 ὅτι
1513 5203 1743 5274 ἠδύνατο

159 5307 296 5369 Θεὸς
347 5306 656 5376 σαρκωθείς
695 5303 1025 5374 γεννηθῆναι
1079 5303 1182 5355 ὑπὸ
1232 5299 1524 5368 γυναικός’
1571 5299 1745 5351 πάντα

159 5401 272 5470 γὰρ
309 5396 463 5466 αὐτῷ
502 5397 723 5450 δυνατά.
759 5397 950 5466 Ὅμως
989 5397 1037 5446 εἰ
1079 5396 1348 5455 ἀπιστεῖς,
1403 5386 1447 5443 ὣ
1505 5389 1743 5452 Ὶουδαῖε,

161 5507 276 5552 τοις
315 5491 474 5558 ἐμοῖς
507 5489 708 5556 λόγους,
743 5487 1006 5557 ἐντρέπου
1049 5487 1147 5546 τὰς
1175 5485 1284 5536 τῶν
1331 5481 1628 5553 προφητῶν
1662 5481 1742 5551 βίο

161 5581 328 5644 ὕλους
351 5600 362 5612 ·
397 5579 637 5650 ἔγκοψον
669 5580 726 5630 ἐν
754 5579 968 5642 αὐταῖς,
999 5577 1093 5631 καὶ
1122 5577 1284 5646 βλέπε
1311 5575 1432 5629 ὅλον
1449 5575 1511 5630 τὸ
1539 5573 1746 5644 μυστή-

237 5755 286 5786 ⁸⁹
325 5755 516 5811 Matth.
553 5769 628 5818 vi,
659 5752 744 5809 {2.
823 5752 867 5784 "
908 5749 1061 5806 Deut.
1105 5767 1178 5818 iv,
1217 5749 1372 5806 9-12.

1909 2639 1970 2694 V.
2006 2641 2278 2697 Cancrum
2305 2644 2580 2696 coarctari
2613 2657 2712 2698 vos
2743 2642 2934 2698 video:
2972 2643 3202 2712 proinde
3231 2645 3400 2700 satius

1835 2729 1976 2786 foret
2005 2733 2096 2787 hic
2141 2749 2446 2790 sermonem
2493 2735 2835 2806 abrumpere.
2881 2737 2949 2789 At
2980 2737 3026 2791 si
3057 2737 3164 2790 vim
3203 2738 3402 2803 facitis,

1835 2839 1962 2878 cum
1987 2825 2252 2880 oculorum
2278 2841 2503 2895 regnum
2529 2841 2720 2881 eorum
2741 2828 2810 2882 sit
2845 2829 2937 2898 qui
2969 2827 3078 2882 vim
3107 2827 3315 2882 faciunt
3335 2828 3404 2896 δ’,

1837 2915 2000 2970 dictis
2034 2917 2238 2986 aliquid
2271 2917 2489 2972 addam.
2524 2917 2834 2974 Verisimile
2879 2919 3040 2988 plane
3087 2925 3171 2973 est
3216 2919 3402 2974 adesse

1839 3007 1930 3062 hic
1947 3009 2180 3078 aliquem
2203 3007 2474 3074 Judaeum,
2507 3017 2670 3080 atque
2701 3011 2753 3064 in
2785 3011 2942 3065 vinea
2961 3010 3192 3074 Christi,
3213 3009 3404 3065 Judai-

1837 3113 1956 3152 cam
1993 3100 2315 3154 delitescere
2345 3101 2599 3171 vulpem;
2635 3111 2801 3172 atque
2829 3103 2966 3156 adeo
3005 3103 3232 3156 dimissa
3277 3117 3409 3156 con-

1835 3189 1994 3242 cione
2023 3189 2156 3243 foris
2183 3193 2565 3254 constitutum,
2599 3203 2908 3261 empturum
2959 3208 3248 3247 sermones
3282 3193 3409 3260 joco

1835 3280 2106 3336 cavillari.
2135 3281 2378 3351 taliaque
2407 3280 2622 3336 etTutire
2665 3301 2680 3336 :
2719 3279 2790 3336 Ut
2831 3282 2984 3352 quid,
3013 3297 3048 3336 ο
3075 3281 3402 3346 Christiani,

1837 3383 1976 3422 nova
2007 3369 2116 3424 haec
2129 3371 2429 3439 designatis
2454 3411 2467 3436 ,
2497 3386 2688 3441 quaeve
2703 3371 3070 3426 demonstrari
3101 3388 3164 3426 ac
3189 3373 3410 3442 probari

1839 3459 2268 3531 haudquaquam
2295 3473 2544 3532 possunt,
2571 3464 2780 3518 tumide
2809 3473 3122 3535 temereque
3148 3466 3372 3536 iactatis
3389 3467 3414 3519 ’ἒ

1841 3545 2166 3626 Βειιςιιθςίιι
2227 3554 2390 3610 terris
2433 3555 2731 3625 aliquando
2765 3558 2917 3612 visus
2961 3559 3085 3613 est?
3123 3557 3414 3628 Nunquam

1837 3657 1996 3709 sane,
2021 3643 2127 3698 nisi
2161 3653 2406 3714 tempore
2429 3645 2702 3700 duntaxat
2735 3646 2960 3718 Moysis.
2989 3649 3153 3719 Atqui
3187 3665 3253 3704 ne
3282 3659 3416 3704 tunc

1837 3735 2084 3805 quidem,
2129 3751 2160 3790 ο
2189 3735 2394 3800 Judtee,
2445 3740 2599 3793 visus
2629 3749 2712 3794 est
2747 3759 2758 3794 :
2799 3741 3073 3811 liujusque
3125 3742 3198 3794 rei
3251 3742 3412 3795 teStis

1837 3821 1960 3878 esto
1989 3825 2126 3878 idem
2159 3827 2275 3895 ipse
2295 3827 2526 3898 Moyses,
2551 3831 2744 3900 quisic
2773 3832 2848 3884 ait
2882 3851 2896 3885 :
2923 3831 3146 3884 Attende
3170 3831 3262 3884 tibi
3287 3833 3412 3900 ipsi,

1839 3928 1888 3972 et
1915 3919 2209 3988 colligendo
2248 3921 2484 3990 conferes
2515 3924 2569 3976 in
2597 3923 2753 3977 corde
2787 3933 2875 3976 tuo
2909 3925 3086 3978 omnia
3113 3925 3266 3978 rerba
3299 3941 3414 3994 qua:

1841 4011 2080 4064 viderunt
2111 4013 2253 4066 oculi
2283 4016 2362 4068 tui
2395 4031 2413 4068 :
2443 4025 2492 4068 et
2511 4033 2572 4069 ea
2603 4016 2814 4070 docebis
2845 4017 2988 4086 ﬁlios
3021 4027 3160 4078 tuos,
3194 4027 3242 4070 et
3273 4018 3416 4085 ﬁlios

1839 4105 2072 4174 ﬁliorum
2105 4117 2337 4163 tuorum.
2365 4108 2664 4162 Recordare
2693 4109 2797 4163 diei
2827 4109 3039 4163 Domini
3067 4109 3164 4163 Dei
3189 4109 3288 4170 tni,
3311 4109 3416 4162 diei

1843 4197 2128 4260 contionis,
2159 4203 2372 4270 quando
2405 4200 2610 4254 locutus
2627 4211 2704 4254 est
2730 4201 2982 4254 Dominus
3005 4203 3072 4253 ad
3095 4217 3173 4254 me
3199 4200 3374 4254 dicens
3399 4219 3412 4255 :

1845 4289 2088 4346 Convoca
2121 4293 2190 4346 ad
2229 4309 2309 4346 me
2351 4295 2625 4360 populum,
2655 4303 2704 4346 et
2755 4293 2976 4346 audiant
3013 4311 3180 4348 uocem
3223 4311 3414 4356 meam,

1777 4409 1819 4464 ι)
1847 4396 1895 4438 et
1925 4381 2182 4438 docebunt
2214 4383 2356 4453 ﬁlios
2379 4401 2523 4438 suos.
2555 4383 2624 4436 Et
2659 4386 2975 4449 accessistis,
2999 4395 3048 4438 et
3073 4385 3291 4438 stetistis
3322 4383 3420 4436 sub

1849 4483 2022 4528 monte
2049 4473 2203 4528 Siuai
2227 4491 2244 4527 :
2275 4484 2324 4527 et
2349 4491 2498 4528 mons
2529 4475 2888 4544 conﬂagrabat
2917 4475 3026 4543 igni
3051 4489 3210 4542 usque
3234 4479 3300 4524 ad
3323 4487 3418 4524 car-

1849 4567 1958 4620 lam
1991 4583 2009 4620 :
2037 4575 2084 4620 et
2121 4567 2352 4620 audistis
2389 4583 2564 4620 vocem
2591 4566 2804 4620 Domini
2837 4565 2934 4618 Dei
2965 4566 3120 4619 vestri
3158 4565 3220 4616 de
3249 4563 3419 4616 medio

1847 4658 2007 4728 ignis.
2057 4656 2244 4710 Vocem
2282 4659 2558 4712 verborum
2607 4659 2858 4720 audistis,
2913 4669 2962 4710 et
3016 4655 3420 4709 similitudinem

1847 4766 1950 4804 non
1985 4748 2196 4803 vidistis
2219 4749 2285 4802 ⁸³.
2317 4749 2456 4814 Quid
2483 4767 2612 4818 ergo
2641 4759 2690 4804 te
2725 4750 2928 4804 vidisse
2950 4748 3145 4817 jactus,
3168 4763 3290 4817 quae
3311 4761 3420 4800 non

1849 4838 2187 4906 aspectasti?
2220 4835 2358 4903 Quid
2403 4839 2506 4892 hoc
2543 4839 2729 4908 igitur,
2770 4839 2969 4908 inquit,
3001 4837 3134 4890 mihi
3182 4837 3420 4906 ingeris?

1847 4929 2096 4998 potuisse
2131 4929 2344 4982 scilicet
2385 4931 2667 4982 mulierem
2713 4929 2878 4982 Deum
2925 4929 3222 4998 generare?
3249 4927 3332 4980 Ad
3367 4927 3418 4981 id

1847 5019 2006 5086 plane
2045 5018 2372 5088 respondeo,
2421 5034 2505 5073 me
2539 5018 2756 5088 quidem
2813 5031 3156 5088 nequaquam
3189 5017 3416 5080 dixisse,

1849 5107 2130 5164 Mulierem
2175 5125 2438 5181 generare
2497 5110 2742 5180 potuisse
2793 5109 2996 5175 Deum,
3044 5107 3138 5163 sed
3231 5108 3420 5176 utique

1851 5201 2020 5258 Deum
2074 5203 2420 5258 incarnatum
2459 5217 2492 5256 a
2545 5203 2772 5256 muliere
2817 5201 3102 5272 generari;
3152 5201 3420 5270 siquidem

1856 5295 2042 5349 omnia
2079 5296 2129 5350 ei
2171 5295 2454 5366 possibilia
2484 5303 2613 5349 sunt
2646 5294 2711 5350 “.
2749 5296 2818 5348 At
2853 5305 3021 5358 certe,
3057 5309 3089 5347 ο
3120 5291 3326 5356 luntre,
3373 5291 3418 5346 si

1853 5387 1992 5441 meis
2016 5387 2197 5442 verbis
2231 5386 2388 5442 iidem
2419 5401 2529 5441 non
2564 5387 2750 5450 habes,
2799 5401 3044 5441 reverere
3081 5385 3247 5438 libros
3293 5397 3420 5452 pro-

1857 5478 2144 5548 phetarum
2171 5497 2184 5531 :
2210 5479 2320 5534 illis
2346 5479 2622 5543 incumbe,
2649 5487 2938 5548 totumque
2953 5477 3196 5532 divinum
3227 5481 3418 5544 myste-

1857 5575 2002 5630 rium
2037 5573 2091 5628 in
2121 5573 2200 5630 eis
2236 5580 2520 5630 exaratum
2551 5572 2674 5630 vide
2707 5591 2722 5630 :
2753 5573 3068 5629 universum
3099 5569 3212 5624 illic
3239 5563 3416 5639 Virgi-

1468 5747 1512 5782 “
1547 5745 1736 5802 Matth.
1779 5764 1894 5816 nx,
1927 5747 2018 5808 26.
