3842 6348
421 350 528 408 699

1575 339 1654 394 8.
1698 339 1942 396 Ριιοειι
1982 342 2087 398 CP.
2128 341 2438 398 EPISCOPI

3551 343 3656 400 700

423 463 512 516 nis
544 457 863 511 miraculum
891 453 1273 507 adumbratam
1287 467 1468 506 cerne.
1487 452 1574 504 Ait
1601 467 1832 521 namque
1859 467 1982 521 pro-

2116 471 2201 507 tov
2235 452 2484 522 θεολογού
2493 470 2651 524 μενον
2674 470 2687 484 ο
2709 452 2871 522 βλέπε
2895 451 3017 505 ὅλον
3047 451 3106 505 τὸ
3123 452 3454 522 παροενικὸν
3477 452 3664 523 Θαῦμα

425 555 583 621 pheta
621 568 633 604 :
669 547 734 601 In
762 549 846 601 die
878 546 972 600 illa
995 543 1127 597 dicit
1159 544 1410 598 Dominus
1441 545 1766 608 omnipotens
1814 546 1834 615 (
1864 561 1988 614 pro-

427 645 666 713 phetiam
703 641 851 710 prius
886 637 1114 692 referam
1143 655 1158 693 :
1186 637 1383 691 deinde
1418 652 1546 690 vero
1578 636 1988 706 interpretatio-

429 750 548 788 nem
577 731 766 785 addam
776 743 790 796 )
821 748 836 784 ε
873 727 940 781 In
973 728 1057 782 die
1087 729 1182 782 illa
1214 727 1344 780 dicit
1364 728 1616 782 Dominus
1641 730 1988 797 omnipotens,

426 824 700 878 advocabit
723 823 876 874 homo
906 822 1204 890 proximum
1231 837 1382 874 suum
1413 820 1590 874 subter
1634 822 1787 874 vitem
1816 838 1989 885 suam,

425 922 474 965 et
498 912 677 965 subter
699 911 857 978 ﬁcum
881 925 1034 962 suam
1057 909 1122 961 ⁸⁵.
1158 906 1226 961 Ει
1256 909 1505 962 convertit
1527 925 1607 962 me
1637 908 1771 979 (29),
1794 910 1990 978 inquit,

427 1002 642 1070 angelus
671 1003 761 1070 qui
793 998 1101 1070 loquebatur
1128 1001 1180 1053 in
1207 1016 1286 1054 me
1310 1015 1328 1050 :
1349 1009 1396 1053 et
1425 1001 1699 1053 suscitavit
1730 1017 1830 1059 me,
1859 1003 1994 1053 sicut

427 1094 679 1148 suscitari
713 1093 845 1146 solet
881 1092 1034 1145 homo
1065 1097 1129 1146 de
1163 1108 1348 1146 somno
1386 1107 1503 1151 suo,
1529 1101 1578 1144 et
1606 1092 1741 1145 dixit
1765 1092 1834 1145 ad
1867 1109 1945 1146 me
1975 1108 1994 1146 :

429 1183 569 1249 Quid
602 1194 658 1235 tu
692 1182 869 1237 vides?
901 1182 968 1234 Et
999 1182 1113 1235 dixi
1143 1195 1162 1233 :
1206 1180 1350 1243 Vidi,
1378 1191 1428 1234 et
1460 1197 1576 1235 ecce
1620 1181 1995 1237 candelabrum

428 1288 647 1325 aureum
687 1280 872 1336 totum,
897 1284 943 1325 et
972 1272 1177 1340 lampas
1208 1287 1362 1338 super
1402 1273 1598 1339 ipsum,
1617 1281 1666 1324 et
1691 1281 1884 1340 septem
1907 1273 1995 1325 lu-

427 1379 619 1425 cernaz,
649 1375 698 1417 et
731 1373 920 1432 septem
951 1363 1235 1432 infusoria,
1260 1375 1306 1414 et
1328 1363 1448 1417 dum
1487 1363 1636 1417 olivte
1665 1363 1903 1432 desuper.
1931 1363 1997 1417 Et

429 1458 744 1527 interrogavi
788 1456 1054 1526 angelum,
1092 1465 1140 1509 et
1175 1455 1288 1508 dixi
1324 1471 1342 1508 :
1375 1454 1516 1520 Quid
1555 1464 1676 1510 sunt
1715 1458 1846 1520 haec,
1889 1455 2001 1511 Do-

430 1553 604 1606 mine?
641 1549 704 1603 Et
741 1550 876 1601 dixit
901 1549 1027 1600 mihi
1052 1563 1070 1600 :
1100 1545 1222 1599 Non
1250 1547 1520 1614 cognoscis
1549 1545 1672 1608 quid
1695 1555 1818 1599 sunt
1847 1545 1995 1604 lucc?

432 1641 501 1695 Et
538 1641 651 1694 dixi
677 1657 694 1693 :
725 1637 776 1691 Ν
783 1656 870 1700 on,
900 1637 1143 1692 Domine.
1183 1635 1252 1689 Et
1281 1637 1546 1706 respondit
1574 1636 1787 1706 angelus
1815 1638 1903 1706 qui
1923 1636 2002 1690 lo-

434 1733 696 1802 quebatur
719 1731 769 1783 in
797 1745 896 1791 me,
927 1738 975 1782 et
1008 1727 1146 1780 dixit
1179 1741 1197 1779 :
1228 1728 1331 1782 Hic
1359 1735 1436 1780 est
1467 1725 1650 1781 Sermo
1686 1725 1900 1780 Domini
1929 1725 1994 1780 “.

2095 546 2626 617 σκιαγραφούμενον.
2678 546 2788 597 Kal
2817 545 2925 616 γὰρ
2959 544 3106 612 λέγει
3137 545 3166 594 ὀ
3205 545 3530 614 προφήτης·
3574 545 3664 596 Ἐγ

2093 635 2168 704 τῇ
2223 638 2407 706 ἡμέρᾳ
2461 638 2662 706 ἐκείνῃ
2712 637 2874 707 λέγει
2930 639 3145 704 Κύριος
3201 635 3664 702 παντοκράτωρ·

2093 729 2307 798 πρῶτον
2335 730 2693 798 ἀναγινώσκω
2724 730 2823 799 τὴν
2861 729 3214 800 προφητείαν,
3251 729 3343 781 καὶ
3377 727 3501 780 τότε
3528 727 3666 793 λέγω

2089 822 2190 892 τὴν
2225 823 2540 892 ἑρμηνείαν.
2589 823 2694 876 Ἐν
2732 821 2808 890 τῇ
2841 820 3032 891 ἡμέρᾳ
3070 821 3296 888 ἐκείνῃ,
3337 820 3504 888 λέγει
3554 819 3665 871 Κύ-

2087 929 2220 981 ριος
2251 913 2692 981 παντοκράτωρ,
2719 910 3202 980 προσκαλέσεται
3229 909 3547 976 ἄνθρωπος
3569 906 3666 958 τὸν

2096 1005 2365 1069 πλησίον
2410 1005 2597 1058 αὐτοῦ
2641 1003 2919 1058 ὑποκάτω
2963 1001 3238 1070 ἀμπέλου
3305 999 3496 1054 αὐτοῦ
3574 996 3665 1049 καὶ

2093 1093 2370 1146 ὑποκάτω
2399 1094 2596 1162 συκῆς
2635 1094 2842 1149 αὐτοῦ.
2870 1093 2980 1148 Καὶ
3007 1088 3342 1161 ἐπέστρεψέ
3359 1105 3459 1158 με,
3485 1087 3663 1156 φησιν,

2095 1186 2128 1236 δ
2156 1183 2410 1253 ἅγγελος
2438 1189 2470 1240 ό
2511 1185 2718 1239 λαλῶν
2741 1186 3001 1256 ἐν’ὲμοὶ,
3035 1184 3134 1239 καὶ
3171 1180 3443 1250 ἐξήγειρέ
3469 1195 3569 1248 με,
3603 1178 3664 1229 ὃν

2096 1277 2320 1344 τρόπον
2349 1277 2638 1347 ἐξηγέρθη
2669 1279 2978 1346 ἄνθρωπος
3001 1278 3068 1331 ἐκ
3099 1275 3206 1329 τοῦ
3234 1276 3431 1327 ὕπνου
3455 1269 3664 1323 αὑτοῦ·

2097 1364 2352 1422 καὶεῖπε
2395 1371 2545 1438 πρός
2588 1387 2691 1438 με·
2747 1372 2808 1424 Τί
2852 1371 2933 1424 σὺ
2976 1370 3265 1435 ,ϐλέπειςς
3315 1365 3412 1418 καὶ
3463 1360 3663 1416 εἷπον·

2109 1457 2392 1526 Ἑώρακα.
2440 1461 2541 1515 καὶ
2587 1461 2716 1514 ἰδοὺ
2759 1462 2984 1530 λυχνία
3032 1458 3235 1529 χρυσῆ
3281 1457 3418 1523 ὅλη,
3464 1455 3567 1506 καὶ
3610 1451 3664 1504 τὸ

2096 1549 2437 1618 λαμπάδιον
2464 1552 2664 1605 ἐπάνω
2702 1551 2911 1621 αὐτῆς,
2947 1552 3044 1605 καὶ
3100 1551 3250 1604 ἑπτὰ
3291 1551 3533 1616 λύχνοι.
3579 1542 3665 1598 καὶ

2098 1641 2248 1695 emo
2283 1643 2733 1712 έπαρυστρίδες,
2781 1644 2880 1697 καὶ
2918 1643 3027 1696 δύο
3075 1643 3270 1695 ἐλαῖαι
3302 1641 3534 1692 ἐπάνω.
3569 1635 3666 1694 Kal

2099 1732 2459 1801 ἐπηρώτησα
2506 1736 2612 1788 τὸν
2651 1735 2942 1805 ἄγγελον,
2990 1735 3088 1789 καὶ
3139 1732 3342 1788 εἷπον·
3414 1731 3476 1784 Τί
3548 1730 3669 1781 ἐστι

435 1829 478 1877 0
524 1822 749 1876 altitudo
787 1821 1097 1874 divitiarum
1144 1835 1262 1872 cum
1292 1818 1567 1886 sapientia:
1614 1827 1722 1870 tum
1774 1818 2007 1872 scientia:

2116 1821 2316 1885 ταῦτα,
2346 1825 2556 1891 Κύριε;
2581 1826 2680 1878 καὶ
2700 1822 2833 1878 εἶπέ
2859 1844 2961 1894 μοι
2981 1842 2993 1856 ·
3031 1827 3112 1878 Οὐ
3139 1822 3453 1894 γινώσκεις
3471 1819 3532 1873 τί
3547 1820 3667 1871 ἐστι

437 1915 532 1970 Dei
562 1916 636 1968 "l
671 1914 929 1984 Legimus
970 1911 1330 1982 prophetiam,
1373 1909 1876 1980 interpretationem
1906 1909 2000 1962 ad-

436 2009 746 2078 iungamus.

2105 1913 2325 1977 ταῦτα;
2366 1915 2464 1968 καὶ
2503 1913 2710 1969 εἷπον·
2754 1917 2925 1986 Οὐχὶ,
2959 1918 3168 1984 Κύριε·
3202 1913 3300 1967 καὶ
3325 1910 3614 1977 ἀπεκρίθη
3640 1909 3668 1959 ὸ

2104 2005 2358 2073 ἄγγελος
2409 2009 2443 2060 ό
2481 2007 2689 2062 λαλῶν
2743 2009 2812 2062 ἐν
2842 2008 2994 2077 ἐμοὶ,
3047 2008 3147 2062 καὶ
3193 2004 3390 2060 εἶπεν·
3429 1999 3615 2065 οὗτος
3643 2002 3671 2051 δ

436 2103 624 2171 Λόγος
653 2100 896 2167 Κυρίου,
936 2099 1004 2152 Ὢ
1024 2097 1259 2162 ,ϐάθους
1288 2093 1436 2166 [καὶ]
1469 2095 1760 2160 πλούτου,
1789 2093 1889 2148 καὶ
1925 2096 2167 2165 σοφίας,
2203 2099 2304 2153 καὶ
2364 2101 2512 2155 Θεοῦ
2575 2102 2850 2172 γνώσεως
2868 2103 2888 2155 .'
2923 2104 3262 2173 Ἀνέγνωμεν
3301 2101 3401 2170 τὴν
3463 2110 3673 2166 προφη-

441 2196 605 2258 τείαν,
642 2194 1010 2263 ὲπαγάγωμεν
1043 2192 1142 2261 τὴν
1175 2187 1492 2261 ἑρμηνείαν.

507 2285 594 2339 Vl.
637 2284 703 2339 In
738 2285 822 2339 die
852 2285 949 2338 illa
979 2284 1108 2337 dicit
1135 2282 1391 2336 Dominus
1425 2282 1770 2350 omnipotens.
1813 2280 1871 2336 In
1901 2297 2007 2350 qua

437 2379 547 2439 die,
571 2394 602 2432 ο
627 2376 934 2448 pr0pheta?
961 2376 1018 2429 In
1041 2374 1131 2430 die
1153 2374 1575 2438 incarnationis,
1601 2374 1824 2444 quando
1843 2373 2008 2444 Virgo

438 2471 563 2527 cmli
591 2469 880 2539 quamdam
915 2468 1152 2537 speciem
1184 2466 1422 2536 praetulit
1455 2481 1468 2517 :
1501 2466 1723 2537 quando
1758 2482 1825 2521 ex
1855 2478 2010 2521 utero

439 2559 795 2628 prosilierunt
832 2558 974 2611 radii
1026 2575 1039 2608 :
1083 2555 1304 2626 quando
1340 2555 1422 2609 sol
1463 2556 1780 2609 incarnatus
1826 2572 1857 2610 e
1894 2572 2007 2608 ma-

444 2650 581 2703 trice
609 2649 861 2719 prorupit
891 2667 903 2702 :
933 2647 1154 2716 quando
1193 2647 1287 2700 lux
1320 2647 1616 2701 humanam
1649 2648 1877 2717 ﬁguram
1925 2647 2010 2700 in-

443 2739 564 2793 duit
598 2758 610 2791 :
645 2735 865 2808 quando
894 2746 1086 2806 partus
1111 2735 1232 2804 ejus
1263 2737 1356 2806 qui
1391 2736 1742 2802 nascebatur,
1775 2751 1882 2790 non
1908 2737 2011 2789 ini-

445 2829 602 2891 tium,
629 2825 724 2880 sed
747 2837 901 2880 ortus
925 2826 1045 2880 fuit.
1073 2824 1140 2878 Et
1166 2827 1420 2879 convertit
1439 2842 1542 2891 me,
1568 2827 1770 2896 inquit,
1797 2825 2013 2896 angelus

443 2918 533 2987 qui
568 2917 878 2987 loquebatur
907 2919 961 2970 in
993 2934 1072 2971 me
1097 2934 1114 2972 :
1135 2927 1184 2971 et
1203 2918 1476 2971 suscitavit
1506 2935 1607 2984 me,
1643 2919 1779 2972 sicut
1804 2916 2014 2984 quando

445 3010 598 3062 homo
639 3009 904 3062 excitatur
932 3025 965 3061 a
999 3026 1182 3062 somno
1211 3025 1328 3066 suo.
1373 3008 1640 3075 Quisnam
1682 3008 1941 3079 angelus?
1964 3005 2015 3062 ls

446 3104 539 3173 qui
584 3103 703 3156 laeta
739 3101 1030 3170 faustaque
1072 3101 1421 3155 annuntiavit
1462 3099 1664 3155 Mariae.
1699 3098 1835 3165 Quis
1865 3113 2014 3154 som-
2042 3090 2082 3148 C

447 3195 587 3250 nus?
616 3193 776 3264 Legis
823 3203 1060 3264 tempus.
1113 3191 1564 3263 Quandoquidem
1614 3199 1672 3246 ut
1711 3192 1766 3245 in
1825 3206 2018 3246 somno

447 3285 718 3357 palpebrae
740 3285 972 3354 pupulas
1001 3284 1264 3355 obtegunt
1286 3322 1302 3348 ,
1334 3284 1411 3336 ita
1442 3283 1576 3352 legis
1607 3292 1849 3351 tempore
1877 3281 2020 3335 vela-

450 3394 573 3432 men
606 3391 701 3431 cor
729 3377 1037 3430 obtexerat.
1076 3374 1142 3428 Et
1166 3375 1303 3428 dixit
1335 3374 1403 3426 ad
1436 3389 1515 3427 me
1540 3391 1557 3427 :
1580 3372 1721 3439 Quid
1753 3384 1808 3425 tu
1838 3375 2020 3428 vides?

451 3466 519 3520 Et
542 3467 702 3522 dixi:
747 3467 886 3526 Vidi,
922 3479 971 3521 et
1009 3482 1123 3520 ecce
1147 3465 1526 3519 Candelabrum
1560 3481 1780 3518 aureum
1831 3472 2016 3516 totum.

449 3559 591 3624 Quid
635 3566 722 3613 est
754 3573 884 3628 ergo
930 3557 1064 3612 illud
1115 3556 1536 3612 candelabrum?
1586 3556 1785 3611 Sancta
1833 3557 2019 3610 Maria.

450 3650 562 3702 Cur
593 3655 773 3703 autem
801 3646 1220 3701 candelabrum?
1249 3647 1387 3713 Quia
1424 3646 1778 3701 immateriale
1819 3647 2022 3710 lumen,

449 3754 646 3809 nempe
680 3737 852 3793 Deum
906 3739 1274 3803 incarnatum,
1315 3739 1574 3808 portavit.
1622 3734 1690 3790 Ut
1723 3736 1853 3806 quid
1896 3750 2024 3790 vero

450 3849 668 3886 aureum
710 3833 919 3886 totum?
951 3830 1090 3897 Quia
1122 3832 1288 3885 etiam
1319 3839 1443 3899 post
1475 3837 1696 3900 partum
1721 3831 1875 3898 virgo
1901 3843 2024 3897 per-

450 3926 674 3980 mansit.
707 3927 798 3979 Ait
842 3940 1077 3994 namque
1108 3943 1122 3976 :
1170 3922 1338 3977 Porta
1371 3922 1480 3976 hare
1514 3925 1701 3976 clausa
1742 3923 1862 3976 erit.
1900 3919 2025 3973 Non

452 4018 737 4084 aperietur,
776 4025 826 4070 et
856 4016 1033 4069 nullus
1064 4015 1311 4068 transibit
1340 4030 1432 4083 per
1455 4030 1605 4077 eam,
1641 4013 1890 4082 quoniam
1917 4010 2024 4064 Do-

452 4111 625 4162 minus
667 4108 804 4162 Deus
837 4107 1009 4162 Israel
1053 4108 1198 4162 solus
1228 4107 1476 4161 transibit
1515 4121 1606 4175 per
1651 4121 1808 4159 eam:
1837 4111 1886 4158 et
1927 4105 2026 4157 erit

452 4201 666 4262 clausa,
699 4200 947 4269 quoniam
978 4200 1219 4268 princeps
1250 4207 1301 4252 et
1336 4197 1652 4267 egredietur,
1677 4205 1727 4249 ct
1756 4195 1893 4264 [ores
1911 4203 2027 4262 post

454 4311 509 4346 se
540 4293 749 4345 claudet
768 4292 836 4343 ⁸⁸.
868 4293 1095 4346 Uterum
1121 4300 1302 4344 autem
1328 4297 1540 4358 portam
1562 4289 1770 4349 vocari,
1795 4294 2028 4341 testatur

455 4383 559 4440 Job
583 4385 774 4438 dicens
812 4403 824 4437 :
863 4382 974 4438 Cur
1005 4402 1108 4438 non
1139 4383 1398 4437 conclusit
1437 4391 1618 4449 portas
1655 4381 1792 4434 uteri
1825 4380 1925 4433 mei
1947 4378 2028 4431 ⁸νῖ

2179 2279 2271 2348 ς’.
2325 2283 2421 2334 Ἐν
2448 2279 2523 2349 τῇ
2554 2280 2742 2350 ἡμέρᾳ
2789 2281 2990 2350 ἐκείνῃ
3027 2279 3188 2350 λέγει
3223 2281 3436 2348 Κύριος
3464 2295 3676 2336 παντο-

2109 2373 2356 2442 κράτωρ.
2400 2375 2488 2428 Ἐν
2515 2375 2643 2446 ποίᾳ
2671 2374 2875 2446 ἡμέρᾳ,
2908 2367 2952 2426 ὧ
2985 2373 3270 2443 προφῆτα;
3301 2375 3378 2444 Τῇ
3403 2374 3503 2444 τῆς
3527 2376 3674 2426 ἐναν-

2109 2466 2468 2536 Θρωπήσεως,
2501 2467 2590 2520 ὅτε
2641 2466 2919 2538 Παρθένος
2954 2465 3184 2536 οὐρανὸν
3217 2467 3558 2535 ἐμιμήσατο·
3592 2466 3675 2518 ὅτε

2107 2559 2173 2610 ὲκ
2221 2559 2457 2629 γαστρὸς
2512 2557 2852 2630 ἐξεπήδησαν
2904 2559 3155 2620 ἀκτῖνεςο
3206 2560 3294 2611 ὅτε
3353 2561 3418 2610 ὲκ
3472 2561 3678 2628 μήτρας

2111 2651 2423 2720 κροέκυπτε
2447 2651 2755 2721 σαρκωθε“ις
2775 2651 2926 2721 ἥλιος
2944 2667 2958 2680 ο
2987 2650 3074 2702 ὅτε
3092 2649 3152 2702 τὸ
3171 2649 3286 2718 φῶς
3307 2650 3438 2718 ἐσχη
3448 2647 3676 2719 parle

2109 2743 2424 2814 ἀνθρωπεία
2472 2746 2686 2815 μορφῇ·
2718 2744 2806 2796 ὅτε
2832 2745 2861 2796 ὁ
2904 2742 3062 2805 τόκος
3105 2742 3200 2795 τοῦ
3251 2741 3556 2812 τεχθέντος,
3584 2741 3680 2793 οὐκ

2110 2835 2274 2906 ἀρχὴ,
2305 2834 2418 2887 ἀλλ’
2464 2835 2718 2907 ἀνατολή.
2772 2835 2881 2889 Kal
2920 2834 3256 2902 ἐπέστρεψέ
3290 2851 3387 2903 με,
3429 2835 3613 2903 φησὶν,
3649 2837 3681 2886 d

2114 2922 2369 2991 ἅγγελος
2405 2925 2438 2976 ό
2464 2922 2674 2978 λαλῶν
2695 2924 2765 2977 ἐν
2795 2923 2946 2993 ἐμοὶ,
2985 2923 3084 2976 καὶ
3117 2923 3313 2993 ἧτειρέ
3340 2940 3436 2992 με,
3465 2924 3538 2976 ὃν
3558 2923 3683 2990 τρό-

2115 3027 2234 3068 πον
2271 3014 2418 3068 ὄταν
2448 3015 2734 3084 ἐξηγέρθη
2775 3016 3083 3084 ἅνθρωπος
3121 3016 3191 3068 ἐκ
3230 3015 3334 3068 τοῦ
3367 3015 3568 3067 ὕπνου
3592 3017 3683 3069 αὐ-

2118 3105 2244 3158 τοῦ.
2267 3105 2363 3168 Τίς
2389 3105 2418 3156 ὁ
2445 3104 2676 3173 ἄγγελος
2699 3123 2714 3172 ;
2742 3107 2770 3158 ὁ
2797 3105 2894 3175 τὴν
2917 3104 3152 3175 Μαριὰμ
3172 3103 3680 3172 εὐαγγελισάμενος.

2117 3193 2212 3257 Τίς
2247 3196 2275 3246 ὁ
2305 3194 2503 3259 ὓπνος;
2531 3197 2559 3248 ὁ
2587 3195 2679 3248 τοῦ
2718 3196 2882 3267 νόμου
2908 3195 3115 3267 καιρός.
3152 3196 3362 3266 Ὥσπερ
3399 3196 3509 3264 γὰρ
3539 3198 3597 3247 ὲν
3616 3193 3684 3263 τῷ

2118 3284 2271 3356 ὕπνῳ
2291 3285 2352 3338 τὸ
2381 3285 2648 3356 βλέφαρον
2680 3287 2778 3357 τὴν
2819 3287 2988 3358 κόρην
3011 3286 3296 3350 καλύπτει,
3329 3286 3502 3348 οὕτως
3533 3287 3590 3338 ὲν
3615 3285 3685 3354 τῷ

2119 3380 2269 3450 νόμῳ
2294 3379 2354 3432 τὸ
2381 3379 2645 3448 κάλυμμα
2670 3379 2768 3448 τὴν
2801 3379 3032 3450 καρδίαν
3060 3379 3353 3432 ἐσκέπασε.
3380 3376 3492 3430 Kal
3523 3374 3686 3430 εἶπεν

2119 3472 2268 3539 πρός
2308 3487 2419 3540 με·
2451 3473 2509 3524 Tl
2546 3470 2628 3524 σὺ
2668 3470 2956 3536 βλέπεις;
2999 3471 3097 3523 καὶ
3141 3466 3342 3523 εἷπον·
3407 3469 3683 3536 Ἑώρακα.

2119 3563 2219 3615 καὶ
2258 3562 2386 3616 ἰδοὺ
2427 3547 2650 3630 λυχνία
2672 3561 2876 3630 χρυσὴ
2917 3561 3051 3626 ὅλη.
3089 3562 3184 3624 Τίς
3211 3557 3302 3614 οὖν
3340 3563 3487 3613 ἐστιν
3515 3564 3551 3630 ἡ
3583 3565 3684 3613 λυ-

2121 3655 2297 3723 χνία;
2326 3657 2359 3725 ἡ
2393 3656 2524 3723 ἁγία
2546 3655 2754 3725 Μαρία.
2786 3653 2885 3707 Διὰ
2920 3655 2971 3706 τί
3005 3654 3061 3706 δὲ
3092 3657 3352 3722 λυχνία;
3410 3652 3602 3722 ἐπειδὴ
3633 3653 3686 3704 τὸ

2121 3745 2283 3798 ἄῦλον
2317 3747 2433 3816 φῶς
2470 3745 2610 3799 Θεὸν-
2654 3745 3008 3817 σαρκωθέντα
3047 3744 3336 3798 ἐϐάστασε.
3383 3743 3491 3797 ’Διὰ
3540 3745 3593 3795 τί
3638 3743 3686 3796 δὲ

2122 3835 2323 3904 χρυσῆ
2347 3836 2492 3904 ὅλη;
2521 3835 2708 3906 ἐπειδὴ
2735 3837 2830 3888 καὶ⁴
2853 3835 2991 3906 μετὰ
3009 3836 3167 3888 τόκον
3193 3834 3464 3906 παρθένος
3485 3835 3686 3905 ἔμεινε.

2121 3929 2258 3999 Φησὶ
2282 3928 2390 4000 γάρ
2410 3945 2424 3959 ’
2471 3929 2534 3983 Ἠ
2554 3929 2717 3996 πύλη
2750 3928 2901 3995 αὕτη
2931 3927 3327 3995 κεκλεισμένη
3357 3927 3531 3979 ἔσται
3551 3945 3566 3957 ο
3591 3928 3688 3979 οὐκ

2122 4019 2566 4088 ἀναχθήσεται,
2594 4019 2696 4071 καὶ
2719 4017 2920 4081 οὐδεὶς
2950 4019 3022 4070 οὐ
3041 4015 3127 4087 μὴ
3148 4015 3352 4083 διέλθῃ
3377 4016 3454 4069 δι’
3487 4013 3686 4081 αὐτῆς,

2124 4113 2213 4165 ὅτι
2252 4112 2466 4179 Κύριος
2506 4113 2539 4164 ό
2581 4110 2727 4176 Θεὸς
2775 4111 3025 4177 Ἰσραὴλ
3074 4109 3263 4177 μόνος
3325 4107 3689 4161 διελεύσεται

2125 4204 2201 4257 δι’
2228 4203 2446 4272 αὐτῆς·
2489 4202 2588 4256 καὶ
2611 4201 2784 4256 ἔσται
2813 4199 3235 4269 κεκλασμένη,
3263 4199 3410 4252 διότι
3455 4202 3488 4252 ό
3522 4199 3688 4266 ἡγού-

2119 4312 2305 4365 μενος
2354 4292 2453 4346 καὶ
2493 4292 2878 4356 ἐξελεύσεται
2920 4289 3019 4342 xal
3069 4288 3299 4341 κλείσει
3355 4288 3463 4352 τὰς
3519 4289 3689 4351 θύρας

2129 4385 2379 4438 ὄπισθεν
2431 4383 2638 4436 αὐτοῦ.
2672 4383 2796 4434 Ὅτι
2845 4381 2902 4433 δὲ
2951 4381 2984 4451 ὴ
3032 4379 3240 4450 γαστὴρ
3273 4379 3413 4450 πύλη
3463 4378 3687 4445 λέγεται,

456 4475 525 4530 Ει
559 4475 701 4530 sicut
727 4475 1118 4530 candelabrum
1147 4491 1254 4528 non
1284 4484 1368 4529 est
1402 4474 1538 4528 lucis
1574 4487 1772 4533 causa,
1810 4472 1905 4527 sed
1949 4469 2012 4523 lu-

2135 4477 2344 4548 μάρτυς
2383 4473 2501 4528 Ἰὼϐ
2538 4473 2744 4542 λέγων·
2786 4473 2891 4526 Διά
2916 4449 2981 4524 τί
3006 4473 3078 4525 οὺ
3115 4449 3479 4524 συνέκλεῖἇὲ
3505 4469 3689 4530 πύλας

457 4571 538 4624 cis
569 4569 880 4623 vehiculum
916 4585 930 4620 :
957 4568 1031 4622 ita
1061 4569 1226 4622 etiam
1257 4568 1411 4637 virgo
1447 4581 1556 4620 non
1587 4573 1672 4620 est
1709 4565 1827 4633 ipsa
1859 4562 2022 4628 Deus,

459 4659 554 4716 sed
585 4659 677 4715 Dei
710 4660 990 4730 templum.
1031 4658 1098 4712 Et
1139 4659 1367 4730 lampas,
1405 4659 1603 4728 inquit,
1648 4673 1804 4726 super
1835 4657 2024 4724 ipsum.

457 4751 729 4819 Quidnam
765 4762 850 4808 est
894 4751 1142 4820 lampas?
1197 4751 1339 4806 Deus
1384 4749 1623 4806 Verbum
1663 4751 2026 4811 incarnatum,

459 4842 646 4897 lumen
666 4843 817 4896 orbis
837 4851 1018 4908 terrai,
1041 4846 1086 4897 is
1103 4843 1195 4911 qui
1217 4842 1350 4895 dicit
1373 4867 1383 4892 ι
1405 4841 1512 4910 Ego
1528 4856 1644 4894 sum
1657 4840 1751 4892 lux
1763 4836 1944 4891 mundi
1960 4837 2028 4891 ⁸⁸.

461 4933 621 4990 Sicut
657 4942 836 4991 autem
867 4936 921 4988 in
949 4935 1196 5005 lampade
1235 4933 1462 4988 materia
1500 4931 1774 4985 ﬂammam
1807 4929 2028 5000 excipit,

462 5026 537 5079 ita
577 5027 634 5080 in
661 5028 923 5098 mysterio
955 5043 1018 5082 ac
1057 5028 1434 5081 incarnatione
1465 5025 1605 5079 Deus
1629 5027 1770 5079 servi
1803 5023 2032 5077 formam

463 5119 726 5187 suscepit.
760 5119 824 5173 Et
854 5120 1306 5189 quemadmodum
1341 5120 1552 5186 lampas
1585 5116 1935 5187 splendorem
1965 5131 2033 5171 ex

463 5209 575 5262 alto
600 5209 869 5274 demittit,
933 5211 1005 5264 ita
1049 5210 1312 5265 Dominus
1344 5227 1374 5265 e
1409 5210 1564 5265 ccelis
1621 5212 1676 5264 in
1713 5218 1912 5264 terram
1946 5223 2036 5262 ves

538 5362 582 5395 ⁸⁸
622 5335 786 5417 zach.
819 5382 902 5426 ιιι,
947 5366 1029 5418 10.

1169 5367 1213 5398 ’⁵⁸
1253 5365 1418 5421 Zacb.
1467 5382 1542 5433 Iv,
1603 5365 1714 5420 1-6.

466 5433 512 5465 ³⁸
549 5432 707 5489 Joan.
748 5450 864 5501 vm,
905 5436 986 5487 t2.

539 5589 652 5658 (29)
696 5589 760 5644 Et
794 5593 1041 5663 convertit
1087 5607 1164 5645 me
1185 5633 1198 5655 ,
1233 5591 1532 5663 ἐπέστρεψέ
1564 5609 1649 5662 με.
1687 5588 1840 5663 Velut
1873 5589 2030 5663 stitit,

469 5664 744 5731 traxitque
769 5659 834 5731 ad
869 5663 1236 5730 spectaculum
1285 5679 1348 5715 ac
1388 5658 1674 5716 visionem.
1713 5661 1870 5714 Deest
1896 5658 2028 5712 illud

474 5730 769 5802 pronomen
810 5730 865 5784 in
913 5730 1056 5786 LXX
1090 5733 1178 5789 ubi
1209 5734 1475 5796 redditur,
1524 5735 1592 5786 Et
1639 5748 1871 5786 reversus
1922 5739 2022 5796 est,

1849 5363 1892 5396 ⁸⁷
1927 5361 2084 5418 Rom.
2117 5377 2194 5430 x1,
2237 5363 2324 5417 53.

2132 4569 2389 4641 γαστρός
2426 4582 2582 4636 μου;
2613 4566 2722 4619 Ka‘t
2744 4565 2932 4636 ὥσπερ
2957 4567 2990 4634 ἡ
3022 4563 3212 4634 λυχνία
3239 4563 3339 4615 οὐκ
3364 4562 3502 4631 αὐτὴ
3530 4559 3689 4630 φωτὸς

2135 4661 2306 4726 αἰτία,
2353 4658 2488 4716 ἀλλὰ
2537 4658 2714 4728 φωτὸς
2746 4658 2949 4728 ὄχημα,
2983 4656 3156 4718 οὕτως
3193 4656 3288 4709 καὶ
3329 4657 3362 4725 ὴ
3407 4652 3688 4724 Παρθένος,

2135 4755 2237 4807 οὐκ
2263 4751 2403 4823 αὐτὴ
2429 4751 2584 4815 Θεὸς,
2608 4751 2744 4804 ἀλλὰ
2768 4749 2904 4803 Θεοῦ
2931 4750 3076 4812 ναός.
3105 4748 3214 4802 Kal
3244 4748 3310 4801 τὸ
3339 4745 3688 4815 λαμπάδιον.

2137 4845 2322 4913 φησὶν,
2359 4840 2561 4895 ἐπάνω
2587 4839 2798 4908 αὐτῆς.
2831 4839 2896 4892 'l'l
2928 4840 2991 4891 rb
3020 4836 3393 4906 λαμπάδιον;
3425 4840 3455 4890 ὁ
3489 4852 3689 4905 caputo-

2137 4934 2250 4997 ϐεὶς
2279 4932 2411 4994 Θεὸς
2455 4932 2650 5000 Λόγος,
2689 4931 2751 4984 τὸ
2781 4930 2895 4998 φῶς
2924 4929 3025 5000 τῆς
3054 4928 3400 4998 οἰκουμένης,
3435 4928 3464 4980 b
3506 4927 3687 4994 λέγων’

2150 5025 2296 5094 Ἐγώ
2335 5027 2451 5093 ειμι
2486 5024 2552 5076 τὸ
2581 5022 2706 5093 φῶς
2735 5023 2839 5077 τοῦ
2881 5011 3136 5090 κόσμου.
3174 5020 3284 5073 Καὶ
3322 5020 3514 5090 ὥσπερ
3537 5021 3591 5070 ἐν
3623 5014 3689 5084 τῷ

2137 5115 2432 5186 λαμπαδίῳ
2457 5117 2489 5185 ή
2528 5113 2628 5185 ὕλη
2657 5113 2830 5184 φλόγα
2851 5113 3088 5184 δέχεται,
3120 5112 3295 5176 οὕτως
3324 5115 3381 5166 ὲν
3404 5111 3483 5182 τῷ
3507 5125 3689 5181 μυστη-

2145 5207 2244 5278 ρίῳ
2267 5206 2296 5258 ὁ
2324 5206 2455 5269 Θεὸς
2487 5206 2699 5278 μορφὴν
2727 5204 2912 5258 δούλου
2947 5204 3123 5258 ἔλαϐε.
3148 5206 3258 5257 Kal.
3283 5203 3474 5272 ὥσπερ
3495 5203 3552 5254 τὸ
3571 5200 3689 5267 λαμ·

2472 5361 2516 5393 ⁸⁸
2558 5361 2752 5416 Ezcclt.
2805 5376 2949 5424 κων,
2994 5359 3050 5426 2,
3100 5361 3153 5414 5.
3255 5359 3300 5390 δ’
3332 5357 3436 5412 Job
3485 5373 3563 5418 Ill,
3616 5350 3685 5404 10.

2139 5594 2246 5642 etc.
2273 5583 2467 5638 Posset
2501 5580 2654 5636 reddi
2689 5599 2701 5635 :
2730 5589 2777 5634 et
2807 5580 3040 5633 accurrit
3074 5577 3312 5648 angelus,
3349 5583 3454 5632 etc.
3477 5571 3685 5648 lienus-

2135 5673 2240 5709 nus
2266 5655 2530 5709 Hervetus
2558 5654 2723 5706 etiam
2758 5649 2956 5712 reddit,
2987 5660 3035 5704 et
3061 5645 3310 5703 convertit
3344 5663 3443 5711 me,
3475 5645 3527 5700 in
3555 5645 3679 5710 Qua.-

2129 5727 2402 5783 stionibus
2430 5722 2705 5778 Anastasii
2734 5720 2962 5777 Nicazni.
