3842 6308
149 323 255 380 ΊΜ

1161 332 1421 392 ORATIO
1461 338 1547 392 DE
1586 339 2097 398 INCARNATIONE
2134 343 2387 401 DOMINL

3305 352 3410 409 702

150 440 352 493 στάδιον
392 440 450 506 ἐξ
493 439 664 509 ὕψους
705 441 805 514 τὴν
846 443 1021 514 αὐγὴν
1064 446 1448 518 καταλάμπει,
1495 449 1669 514 οὕτως
1707 453 1736 504 6

1844 455 1940 506 nit.
1970 455 2240 520 Quocirca
2268 457 2430 509 etiam
2461 457 2731 511 clamabat
2749 457 3010 528 propheta
3038 479 3051 515 :
3082 459 3183 516 Per
3211 464 3410 520 viscera

147 530 437 600 Δεσπότης
486 529 544 594 ἐξ
591 531 836 602 οὐρανῶν
869 533 1181 604 ἐπεδήμησε
1210 538 1276 606 τῇ
1309 539 1405 608 γῇ.
1445 538 1543 592 Διὰ
1575 539 1732 592 τοῦτο

148 624 249 675 καὶ
280 625 312 674 ὁ
354 629 639 695 προφήτης
671 625 832 677 ὲὸόαο
863 625 966 678 Διά
989 625 1315 696 σπλάγχνα
1335 629 1550 696 ἐλέους
1584 631 1731 685 Θεοῦ

145 714 350 783 ἡμῶν,
401 715 472 768 ἐν
528 712 619 782 οἷς
663 716 1048 786 ἐπεσκέψατο
1095 717 1254 790 ἡμᾶς
1315 721 1605 788 Ἀνατολὴ
1663 722 1732 788 ἐξ

142 808 375 875 ὕψους.

223 902 306 954 Z'.
359 900 472 954 Kal
505 901 570 954 τὸ
603 901 964 972 λαμπάδων,
991 905 1172 974 φησὶν,
1199 904 1420 970 ἐπάνω,
1461 909 1560 961 καὶ
1586 909 1736 964 ἑπτὰ

143 998 396 1064 λύχνοι.
427 995 585 1060 Τίνες
615 997 721 1050 οἵδε
743 996 893 1051 ἑπτὰ
923 998 1174 1067 λύχνοι;
1205 999 1254 1051 οἱ
1286 1001 1426 1053 κατὰ
1458 1002 1620 1072 μέρος
1648 1001 1736 1055 νό-
1761 1020 1769 1023 -

145 1104 266 1158 μοι.
301 1087 474 1140 Πόθεν
494 1087 654 1140 τοῦτο
683 1087 876 1158 δῆλον;
907 1088 1054 1158 λέγει
1079 1089 1186 1160 γὰρ
1207 1091 1236 1142 6
1257 1090 1447 1144 Aa6l6'
1487 1093 1726 1161 Λύχνος

141 1178 277 1246 τοῖς
306 1181 458 1234 ποσί
485 1199 600 1244 μου
626 1183 659 1234 ὀ
685 1181 871 1250 νόμος
903 1197 1040 1246 σου,
1072 1181 1172 1234 καὶ
1201 1181 1326 1251 φῶς
1357 1183 1485 1249 ταῖς
1520 1185 1734 1251 τριϐοις

137 1291 290 1343 μου.
318 1275 431 1328 Καὶ
447 1273 706 1344 Σαλομὼν
725 1292 740 1304 ·
768 1275 897 1328 Ὀτι
913 1275 1140 1343 λύχνος
1160 1274 1378 1342 ἐντολὴ
1399 1277 1582 1344 νόμος
1595 1277 1730 1344 (50),

141 1366 247 1419 καὶ
285 1365 435 1435 φῶς.
471 1365 737 1420 Ἐνταῦθα
766 1362 860 1419 οὖν
883 1365 1030 1435 λέγει
1052 1368 1177 1429 τοὺς
1204 1367 1343 1421 ὲπτὰ
1362 1366 1578 1437 νόμους.
1614 1367 1734 1420 Ὅτι

137 1457 199 1510 δὲ
229 1457 381 1511 ἑπτα
407 1458 560 1529 νόμοι
581 1454 739 1529 ἦσαν,
762 1459 946 1513 ἄκουε,
984 1458 1205 1529 Πρῶτος
1230 1458 1392 1529 νόμος
1415 1461 1443 1512 6
1473 1459 1731 1530 ἔμφυτος,

139 1549 284 1618 περὶ
309 1543 371 1602 οὗ
391 1565 554 1619 φησιν
591 1550 620 1601 6
647 1547 887 1612 Παῦλος
913 1548 1098 1602 Ὅταν
1115 1548 1226 1619 γὰρ
1257 1549 1402 1616 ἔθνη
1435 1551 1506 1603 τὰ
1531 1549 1617 1618 μὴ
1637 1552 1734 1603 νό-

134 1658 266 1712 μον
281 1641 526 1711 ἔχοντα,
544 1641 722 1710 φύσει
739 1640 809 1694 τὰ
839 1639 946 1694 τοῦ
962 1641 1148 1709 νόμου
1166 1638 1340 1703 ποιεῖ,
1365 1636 1527 1696 οὗτοι
1547 1641 1735 1708 νόμον

136 1737 228 1804 μὴ
267 1735 540 1803 ἔχοντες,
582 1733 817 1800 ἑαυτοῖς
848 1736 966 1787 εισι
1005 1733 1206 1802 νόμος.
1241 1733 1501 1804 Δεύτερος
1547 1732 1731 1804 νόμοςτ

1842 546 2214 601 misericordia:
2231 547 2328 601 Dei
2346 550 2604 611 nostri,in
2629 549 2816 619 quibus
2841 551 3073 607 uisitauit
3093 571 3187 609 nos
3215 555 3408 613 Oriens

1839 652 1903 690 ex
1933 637 2043 691 alto
2071 639 2138 694 ".
2167 625 2187 644 ”

1912 904 2024 960 VII.
2063 906 2133 960 Et
2161 908 2387 976 lampas,
2439 910 2635 980 inquit,
2683 909 2922 977 desuper,
2978 921 3028 965 et
3078 923 3271 980 septem
3326 914 3410 968 lu-

1840 1018 2028 1056 cernee.
2064 1001 2270 1072 Ecquid
2311 1014 2502 1072 septem
2537 1003 2808 1060 lucerna’?
2837 985 3148 1062 Peculiares
3188 1007 3410 1063 totidem

1841 1096 2011 1164 leges.
2053 1093 2210 1150 Unde
2241 1095 2294 1150 id
2327 1098 2582 1151 constat?
2612 1097 2880 1152 Nimirum
2921 1100 3048 1168 quia
3079 1102 3154 1154 ait
3188 1100 3355 1154 David
3394 1118 3411 1156 :

1840 1185 2080 1241 Lucerna
2125 1187 2342 1256 pedibus
2391 1189 2540 1254 meis,
2598 1189 2681 1242 lex
2736 1198 2850 1254 tua,
2906 1199 2955 1243 et
2991 1191 3165 1244 lumen
3211 1191 3413 1245 semitis

1842 1280 1968 1332 meis
1984 1279 2052 1332 ⁸³.
2087 1278 2345 1333 Salomon
2375 1280 2500 1335 item
2531 1298 2546 1334 :
2579 1279 2822 1335 Lucerna
2844 1281 3154 1336 mandatum
3191 1287 3340 1353 legis,
3362 1291 3414 1337 et

1843 1367 2017 1422 lux”.
2064 1366 2165 1422 Hic
2216 1369 2398 1438 itaque
2441 1379 2645 1438 septem
2710 1370 2857 1441 leges
2909 1371 3090 1441 signat
3126 1374 3410 1440 propheta.

1840 1460 1994 1528 Quod
2024 1472 2204 1516 autem
2229 1461 2433 1517 fuerint
2469 1470 2673 1532 septem
2699 1463 2870 1534 leges,
2909 1464 3055 1518 audi.
3087 1462 3270 1517 Prima
3303 1465 3410 1527 lex,

1839 1563 1924 1610 est
1949 1555 2217 1610 naturalis
2245 1554 2430 1618 insita,
2455 1555 2522 1609 de
2561 1571 2667 1625 qua
2694 1555 2768 1609 ait
2803 1554 3004 1610 Paulus
3035 1573 3048 1610 :
3088 1555 3223 1610 Cum
3273 1556 3414 1610 enim

1838 1659 2012 1720 gentes
2044 1665 2160 1720 qua:
2192 1648 2352 1718 legem
2383 1666 2484 1702 non
2519 1649 2728 1711 habent,
2759 1650 3080 1703 naturaliter
3104 1666 3166 1702 ea
3196 1666 3312 1720 qua:
3340 1650 3417 1702 Ie-

1839 1743 1917 1812 gis
1947 1751 2071 1796 sunt
2107 1741 2312 1810 faciunt
2362 1741 2625 1811 ejusmodi
2663 1741 2824 1810 legem
2860 1757 2964 1794 non
3009 1740 3276 1803 habentes,
3311 1741 3413 1808 ipsi

139 1830 170 1878 6
200 1827 300 1880 διὰ
329 1827 432 1897 τῆς
473 1827 677 1897 ὅψεωςο
708 1825 768 1879 ὃν
793 1825 901 1897 γὰρ
943 1827 972 1879 6
1001 1826 1164 1897 νόμος
1191 1825 1449 1896 κηρύττει
1477 1825 1737 1896 δημιουρ-

1844 1833 1940 1886 sibi
1983 1842 2104 1886 sunt
2165 1833 2250 1886 lea:
2271 1832 2340 1889 “.
2395 1833 2648 1899 Secunda
2698 1834 2807 1898 lex,
2864 1841 2949 1887 est
3011 1833 3412 1903 aspectabilis:

139 1919 266 1988 τὸν,
317 1919 511 1972 τοῦτον
542 1921 576 1989 ἡ
622 1918 744 1988 ὄψις
788 1917 874 1970 διὰ
914 1917 1024 1970 τῶν
1068 1919 1384 1988 κτισμάτων
1423 1916 1730 1972 πιστοῦται.

153 2014 263 2066 Ἐκ
320 2011 434 2080 γὰρ
481 2010 794 2080 μεγέθους,
854 2009 956 2063 καὶ
1007 2008 1316 2078 καλλονῆς
1374 2008 1731 2078 κτισμάτων,

139 2103 468 2171 ἀναλόγως
491 2106 523 2156 ὀ
545 2101 962 2171 γενεσιουργὸς
983 2099 1180 2154 αὐτῶν
1202 2100 1513 2168 θεωρεῖται.
1542 2099 1734 2172 Τρίτος

140 2195 336 2264 νόμος,
370 2196 405 2264 ἡ
439 2195 530 2246 ἐπὶ
561 2193 655 2246 τοῦ
689 2193 847 2258 ξύλου
878 2193 1098 2264 ἐντολή·
1132 2193 1228 2247 καὶ
1263 2191 1360 2262 βοᾷ
1387 2194 1415 2244 ὁ
1439 2192 1736 2255 ἀπόστολος

140 2286 401 2348 Παῦλος·
433 2287 614 2340 Ὥστε
653 2288 686 2338 ὁ
712 2285 831 2354 μὲν
862 2287 1047 2354 νόμος
1085 2284 1271 2355 ἅγιος,
1305 2285 1402 2337 καὶ
1436 2287 1473 2352 ἠ
1516 2283 1733 2352 ἐντολὴ

139 2380 314 2448 ἁγία,
345 2377 447 2432 καὶ
492 2377 714 2442 δικαία,
747 2377 845 2430 καὶ
893 2375 1106 2446 ἀγαθή.
1159 2376 1431 2446 Τέταρτος
1476 2376 1658 2446 νόμος,
1707 2377 1735 2428 ὁ

141 2470 240 2520 ἐπὶ
284 2467 385 2520 τοῦ
425 2467 571 2534 Νῶε,
602 2469 660 2519 ὲν
695 2469 762 2538 τῇ
806 2468 1025 2539 νεφέλῃ.
1075 2467 1331 2538 Πέμπτος
1365 2467 1548 2537 νόμος,
1584 2468 1612 2519 6
1644 2467 1736 2518 ἐπὶ

137 2559 239 2613 τοῦ
285 2560 562 2631 Ἀϐραὰμ,
598 2561 627 2613 6
651 2561 750 2631 τῆς
775 2558 1100 2631 περιτομῆς.
1136 2559 1356 2622 Ἕκτος,
1387 2561 1415 2612 6
1439 2558 1531 2612 τοῦ
1558 2558 1736 2628 γράμ-

144 2667 348 2720 ματος.
389 2649 675 2721 Ἕὸδομος,
707 2653 736 2704 6
765 2651 864 2720 τῆς
896 2651 1151 2722 χάριτοςο
1186 2651 1282 2703 καὶ
1308 2651 1392 2702 ὅτι
1421 2651 1476 2703 δὲ
1511 2652 1543 2720 ὴ
1576 2651 1735 2720 χάρις

140 2741 316 2812 νόμον
338 2740 474 2810 ἔχει,
505 2741 672 2795 ἄκουε
696 2741 856 2795 πάλιν
882 2741 1094 2794 Παύλου
1118 2741 1365 2809 λέγοντος
1382 2759 1394 2769 ·
1435 2739 1738 2805 Ἀλλήλων

139 2836 218 2891 τὰ
262 2837 432 2905 βάρη
477 2834 827 2901 βαστάζετε,
881 2835 982 2889 καὶ
1032 2835 1215 2902 οὕτως
1269 2834 1736 2903 ἀναπληρώσατε

141 2931 260 2984 τὸν
290 2931 484 2998 νόμον
538 2928 648 2983 τοῦ
692 2929 970 2998 Χριστοῦ.
1016 2929 1180 2998 Λέγει
1226 2928 1284 2980 δὲ
1326 2929 1585 2991 Ἡσαΐας·
1642 2928 1736 2979 Ἐκ

143 3020 310 3076 Σιὼν
355 3020 738 3083 ἐξελεύσεται
780 3020 986 3085 νόμος,
1037 3017 1135 3070 καὶ
1181 3017 1363 3086 λόγος
1410 3015 1632 3083 Κυρίου
1667 3013 1738 3078 ἐξ

156 3111 577 3182 Ἰερουσαλήμ.
616 3111 880 3164 Ἐνταῦθα
905 3106 998 3164 οὖν
1021 3109 1169 3178 λέγει
1197 3087 1338 3161 ἑπτὰ
1358 3107 1585 3177 λύχνους
1612 3107 1738 3169 τοὺς

146 3177 296 3262 ἑπτὰ
344 3177 564 3278 νόμους.
633 3204 852 3276 Ἐπειδὴ
884 3205 994 3276 γὰρ
1025 3199 1188 3275 ἦλθεν
1231 3205 1260 3255 6
1307 3201 1540 3273 Χριστὸς
1583 3199 1736 3262 ὅλους
1766 3177 1808 3234 C

143 3302 278 3363 τοὺς
310 3299 513 3369 νόμους
558 3297 847 3368 πληρῶσαι
886 3295 1028 3350 κατὰ
1072 3295 1162 3348 τὸν
1197 3293 1464 3365 μακάριον
1504 3291 1734 3354 Παῦλον,

143 3391 238 3443 τὸν
272 3389 524 3457 λέγοντα·
571 3386 862 3456 Πλήρωμα
905 3388 1093 3455 νόμου
1123 3385 1377 3452 Χριστὸς
1403 3387 1489 3450 εὶς
1517 3383 1740 3436 δικαιο-

145 3483 395 3549 σύνηνο
443 3479 530 3532 διὰ
575 3482 735 3531 τοῦτο
771 3475 896 3531 εἷπε
937 3478 1062 3540 τοὺς
1091 3477 1242 3529 ἑπτὰ
1277 3476 1565 3544 λύχνους,
1601 3471 1739 3526 ἑπτὰ

145 3576 374 3644 νόμους.
409 3571 520 3624 Καὶ
552 3571 694 3624 ἑπτὰ
725 3569 1122 3642 ὲπαρυστρίδες
1149 3568 1293 3630 τινες
1323 3567 1466 3633 eici;
1499 3565 1568 3618 τὰ
1598 3564 1737 3617 ἑπτὰ

145 3667 244 3720 τοῦ
276 3665 603 3734 Πνεύματος
629 3663 963 3735 χαρίσματα.
997 3660 1166 3714 Πόθεν
1190 3658 1347 3712 τοῦτο
1373 3659 1562 3730 δῆλον;
1593 3657 1741 3724 λέγει

150 3755 254 3827 μὲν
301 3753 568 3818 Ἠσαῖαςο
630 3755 1038 3818 Ἐξελεύσεται
1067 3750 1292 3819 ῥάϐδος
1326 3751 1394 3803 ἐκ
1438 3749 1548 3818 τῆς
1573 3749 1741 3819 ῥίζης

161 3847 409 3911 Ἰεσσαὶ,
463 3845 593 3916 [καὶ
628 3844 811 3910 ἄνθος
861 3845 930 3898 ἐκ
966 3841 1171 3915 ῥίζης]
1205 3840 1594 3908 ἀναϐήσεται,
1643 3841 1742 3894 καὶ

148 3940 572 3996 ἀναπαύσεται
616 3937 708 3989 ἐπ’
744 3935 932 3991 αὑτὸν
973 3935 1209 4004 πνεῦμα
1225 3936 1468 4003 Κυρίου,
1506 3933 1741 4004 πνεῦμα

149 4033 383 4102 σοφίας
451 4030 551 4083 καὶ
633 4029 973 4095 συνέσεως·
1043 4029 1280 4097 πνεῦμα
1345 4026 1588 4097 ,Βουλής
1642 4028 1741 4082 καὶ

147 4126 404 4194 ἰσχύοςο
461 4121 698 4192 πνεῦμα
748 4121 1022 4192 γνώσεως
1079 4121 1177 4174 καὶ
1228 4121 1562 4185 εὐσεϐείας.
1633 4119 1742 4174 Kal

149 4217 398 4286 πνεῦμα
448 4216 636 4284 φόϐου
685 4212 832 4266 Θεοῦ
877 4212 1178 4281 ἐμπλήσει
1228 4211 1446 4264 αὐτόν·
1488 4210 1588 4263 καὶ
1633 4210 1742 4263 δύο

150 4305 620 4377 ἑπαρυστρίδες,
648 4306 747 4358 καὶ
772 4304 882 4358 δύο
900 4303 1093 4357 ἐλαῖαι
1120 4301 1340 4357 ἐπάνω.
1369 4302 1525 4367 Τίνες
1552 4303 1606 4355 αἱ
1634 4301 1742 4356 δύο

150 4401 389 4462 ἐλαῖαι;
425 4400 482 4453 αἱ
524 4397 616 4450 δύο
663 4395 942 4466 διαθῆκαι.
992 4396 1103 4449 Καὶ
1134 4395 1222 4450 διὰ
1264 4396 1317 4449 τι
1351 4396 1554 4459 ταύτας
1588 4391 1742 4448 εἶπεν

151 4495 379 4556 ἐλαίαςς
415 4490 603 4560 ἐπειδὴ
638 4489 826 4561 ὥσπερ
852 4490 885 4559 ὴ
910 4487 1065 4541 ἐλαία
1083 4487 1331 4550 ἀειθαλὲς
1364 4487 1478 4558 ἔχει
1517 4489 1577 4542 τὺ
1607 4487 1740 4557 φύλ-

153 4585 268 4645 λον,
303 4582 451 4635 οὕτω
484 4583 577 4635 καὶ
610 4582 667 4634 αἱ
694 4580 787 4634 δύο
825 4580 1079 4650 διαθῆκαι
1128 4579 1439 4644 ἀπαύστους
1479 4579 1578 4643 τὰς
1618 4581 1744 4652 περὶ

155 4673 401 4746 Χριστοῦ
437 4672 618 4742 ἔχουσι
647 4671 972 4743 μαρτυρίας.

228 4765 314 4818 H’.
342 4763 454 4816 Καὶ
480 4761 840 4828 ἐπηρώτησα
868 4761 971 4814 τὸν
998 4758 1276 4830 ἄγγελον,
1313 4761 1414 4815 καὶ
1443 4757 1638 4816 εἷπον
1686 4759 1742 4815 Tl

153 4857 292 4912 ἐστι
322 4856 550 4919 ταῦτα;
589 4855 688 4907 καὶ
713 4849 883 4906 εἶπεν
915 4855 948 4907 ὁ
977 4851 1232 4923 ἄγγελος
1266 4868 1280 4883 ο
1315 4855 1397 4906 Οὐ
1432 4850 1746 4921 γινώσκεις

154 4951 215 5004 τι
239 4949 377 5002 ἐστι
414 4946 638 5007 ταῦτα;
663 4943 760 4998 καὶ
783 4939 958 4997 εἷπον
977 4961 995 4977 ο
1023 4944 1189 5014 Οὐχὶ,
1230 4944 1426 5012 Κύριε.
1457 4944 1500 4995 Τ
1507 4943 1523 4994 ί
1541 4943 1742 5012 λέγεις,

152 5036 201 5096 ὦ
254 5039 548 5111 προφῆτα;
605 5039 671 5091 σὺ
719 5037 918 5106 λέγεις,
971 5038 1053 5090 ὅτι
1095 5033 1275 5089 Εἶδον
1319 5036 1601 5104 λυχνίαν,
1646 5035 1746 5087 καὶ

153 5131 531 5201 λαμπάδιον,
560 5129 658 5184 καὶ
685 5131 975 5199 λύχνους,
1005 5128 1104 5183 καὶ
1131 5127 1592 5199 ἐπαρυστρίδας.
1624 5126 1748 5190 Πῶς

156 5222 253 5278 οὖν
293 5225 510 5295 ἐρωτᾷς
553 5223 589 5276 ἃ.
623 5218 792 5287 εἶδεςς
828 5223 965 5275 Ναί·
1017 5223 1203 5276 εἰκόνα
1238 5221 1348 5293 γὰρ
1379 5221 1626 5284 ἔϐλεπον,
1656 5221 1749 5272 καὶ

157 5317 350 5387 θαῦμα
377 5315 644 5387 ἠρεύνων,
672 5315 855 5386 φησίν.
873 5315 1083 5385 ’Ὠσπερ
1111 5315 1220 5387 γὰρ
1245 5316 1294 5368 οἱ
1317 5315 1571 5378 πλέοντες
1596 5315 1656 5368 ὲν
1681 5316 1748 5385 τῇ

229 5474 274 5506 ⁸⁸
318 5472 455 5528 Luc.
500 5490 537 5526 ι.
583 5473 670 5526 78.
747 5473 792 5503 "
834 5471 976 5525 Psal.
1020 5487 1206 5531 cxvtu,
1237 5472 1357 5526 105.

161 5557 261 5610 Vit,
300 5545 389 5599 1'2.
466 5545 511 5576 ⁸⁷
552 5542 731 5598 Galat.
777 5559 849 5604 vr,
882 5546 937 5596 ‘2.
1051 5544 1096 5574 ⁸⁸
1140 5544 1242 5598 lsa.
1284 5559 1346 5606 ιι,
1379 5543 1431 5596 5.

237 5700 352 5765 (50)
389 5698 514 5768 ιρις.
544 5699 730 5767 νόμου,
765 5699 917 5764 juxta
951 5695 1110 5751 LXX.

237 5770 352 5841 (3|)
399 5765 646 5823 ln‘nube.
687 5771 741 5822 lu
772 5785 874 5838 qua
907 5770 1158 5822 nimirum
1195 5765 1334 5822 Deus
1377 5767 1612 5837 positum
1649 5785 1740 5823 vo-

1468 5471 1514 5503 ⁵³
1556 5469 1717 5523 Prov.
1752 5484 1828 5529 vt.
1865 5470 1955 5524 2'5.

1508 5543 1552 5573 ⁵³
1594 5542 1755 5597 Rom.
1790 5558 1845 5604 x,
1876 5543 1930 5594 4.
2008 5540 2052 5572 ⁸⁸
2092 5540 2200 5596 lsa.
2236 5538 2457 5602 x1,l-5.

1837 1940 1997 1994 quem
2023 1925 2167 1980 enim
2193 1925 2279 1980 lex
2301 1925 2560 1995 praedicat
2585 1925 2949 1990 conditorem,
2978 1925 3126 1978 hunc
3152 1933 3412 1994 aspectus

1838 2028 1933 2084 per
1983 2025 2268 2069 creaturas
2329 2015 2526 2071 astruit
2565 2030 2630 2069 ac
2680 2015 2896 2086 probat.
2949 2017 2994 2069 A
3050 2013 3416 2084 magnitudine

1835 2107 1972 2160 enim
2000 2116 2048 2159 et
2076 2107 2244 2174 specie
2268 2115 2656 2171 creaturarum,
2679 2123 2772 2177 per
2791 2107 3206 2176 proportionem,
3229 2122 3415 2160 earum

1837 2206 2044 2250 creator
2067 2197 2476 2265 conspicitur".
2513 2195 2694 2251 Tertia
2727 2197 2836 2262 lex,
2871 2207 2956 2252 est
2996 2197 3312 2251 mandatum
3348 2195 3416 2251 de

1837 2288 2030 2358 ligno:
2065 2305 2130 2343 ac
2183 2289 2388 2345 Paulus
2432 2290 2717 2360 apostolus
2766 2291 2873 2344 alta
2931 2303 3066 2344 voce
3113 2287 3409 2359 praedicat:

1836 2378 2026 2449 Itaque
2052 2379 2137 2434 lex
2164 2380 2372 2450 quidem
2396 2391 2602 2444 sancta,
2632 2390 2681 2434 et
2721 2382 3033 2434 mandatum
3067 2389 3332 2441 sanctum,
3364 2388 3414 2432 et

1832 2468 2063 2538 justum,
2093 2479 2142 2523 et
2190 2469 2462 2524 bonum".
2499 2470 2705 2536 Quarta
2740 2471 2826 2525 lex
2865 2478 2950 2525 est
2984 2477 3227 2541 tempore
3275 2467 3413 2532 Noe,

1838 2562 1892 2615 in
1935 2561 2078 2616 nube
2109 2562 2244 2632 (51).
2297 2563 2498 2628 Quinta
2539 2571 2783 2630 tempore
2827 2561 3147 2625 Ahrahami,
3198 2561 3265 2616 de
3303 2561 3414 2616 cir-

1837 2652 2195 2707 cumcisione.
2235 2652 2420 2715 Sexta,
2473 2653 2558 2707 lex
2609 2653 2834 2721 scripta.
2883 2653 3150 2721 Septima,
3202 2653 3411 2722 gratias.

1837 2742 1992 2807 Quod
2029 2750 2209 2796 autem
2253 2743 2418 2796 etiam
2444 2743 2619 2812 gratia
2655 2743 2824 2812 legem
2871 2742 3088 2804 habeat,
3129 2742 3256 2794 audi
3288 2757 3413 2795 rur-

1839 2849 1958 2889 sum
1991 2832 2218 2887 Paulum
2247 2834 2516 2887 dicentem
2551 2851 2564 2887 :
2593 2833 2740 2886 Alter
2762 2832 2980 2887 alterius
3003 2849 3162 2888 onera
3189 2843 3414 2902 portate,

1836 2940 1884 2983 et
1921 2930 1998 2982 sic
2019 2929 2371 2998 adimplebitis
2402 2927 2562 2998 legem
2594 2927 2877 2982 Christi".
2907 2927 3078 2984 Isaias
3099 2929 3264 2984 etiam
3296 2931 3371 2982 ait
3399 2947 3414 2981 :

1837 3019 1913 3074 De
1933 3018 2062 3075 Sion
2106 3020 2267 3074 exibit
2297 3021 2382 3074 lea:
2405 3062 2418 3084 ,
2473 3030 2523 3074 et
2570 3019 2788 3074 Verbum
2818 3021 3031 3075 Domini
3055 3021 3119 3075 de
3154 3021 3416 3075 Hierusa-

1841 3111 2034 3167 lem".
2095 3110 2231 3166 Cum
2300 3113 2486 3182 itaque
2532 3112 2622 3166 hic
2676 3120 2882 3180 septem
2946 3114 3200 3166 lucernas
3261 3112 3414 3176 dicit;

1841 3211 2050 3273 septem
2100 3203 2352 3274 intelligit
2380 3205 2546 3274 leges.
2589 3202 2722 3257 Nam
2763 3205 2892 3274 quia
2939 3203 3197 3259 Christus
3245 3205 3417 3270 venit,

1843 3306 1901 3351 ut
1932 3296 2255 3365 adimpleret
2287 3299 2572 3352 universas
2609 3297 2780 3368 leges,
2812 3297 2969 3367 juxta
2995 3298 3138 3368 quod
3172 3297 3250 3352 ait
3286 3298 3412 3352 bea-

1840 3391 1929 3441 tu’s
1958 3385 2162 3441 Paulus
2195 3405 2207 3440 :
2233 3385 2520 3441 Plenitudo
2547 3388 2671 3457 legis
2697 3386 2940 3444 Christus
2957 3388 3025 3441 ad
3039 3389 3312 3456 justitiam
3328 3389 3373 3421 “
3399 3405 3412 3441 :

1842 3479 2051 3532 idcirco
2121 3485 2327 3548 septem
2385 3479 2565 3550 leges,
2607 3488 2813 3548 septem
2867 3481 3081 3534 vocavit
3141 3481 3416 3534 lucernas.

1841 3570 2113 3636 Quidnam
2148 3586 2279 3626 vero
2312 3580 2440 3626 sunt
2467 3581 2660 3640 septem
2710 3571 3012 3640 infusoria?
3047 3569 3264 3639 Septem
3295 3569 3424 3640 Spi-

1843 3665 1980 3718 ritus
2008 3665 2172 3720 dona.
2199 3663 2356 3719 Unde
2387 3663 2438 3718 id
2466 3666 2674 3735 liquet?
2697 3665 2833 3730 Quia
2860 3663 2992 3717 dicit
3021 3663 3189 3716 Isaias
3217 3683 3229 3718 :
3257 3661 3421 3732 Egre-

1843 3757 2020 3810 dietur
2053 3758 2201 3827 virga
2235 3757 2298 3810 de
2327 3757 2504 3811 radice
2525 3757 2694 3822 Jesse,
2728 3769 2776 3810 et
2802 3757 2902 3825 [los
2931 3755 2994 3809 de
3028 3754 3206 3808 radice
3236 3772 3423 3807 ascen-

1840 3851 1926 3902 det
1957 3866 1975 3903 :
2007 3859 2057 3903 et
2090 3850 2372 3920 requiescet
2403 3865 2560 3917 super
2587 3865 2706 3902 eum
2747 3847 2980 3916 Spiritus
3028 3845 3273 3910 Domini;
3310 3847 3418 3915 spi-

1841 3943 1978 3995 ritus
2005 3942 2280 4010 sapientite
2304 3951 2353 3995 et
2382 3941 2713 4005 intellectus;
2745 3941 2963 4008 spiritus
2995 3939 3203 3992 consilii
3233 3948 3282 3992 et
3308 3939 3422 4006 [or-

1844 4031 2111 4095 titudinis,
2146 4031 2365 4099 spiritus
2388 4031 2620 4084 scientia:
2656 4040 2704 4083 et
2727 4030 2960 4096 pietatis,
2994 4037 3044 4082 et
3067 4026 3281 4095 replebit
3302 4043 3422 4080 eum

1843 4123 2060 4190 spiritus
2109 4123 2316 4175 timoris
2361 4121 2655 4176 Domini“.
2700 4120 2769 4174 Et
2813 4131 3006 4190 septem
3042 4119 3338 4189 inlusoria;
3371 4129 3421 4171 et

1841 4217 1960 4270 dum
1989 4216 2138 4270 olivte
2172 4215 2415 4287 desuper.
2457 4215 2782 4286 Ecquzenam
2817 4215 2939 4268 dare
2971 4215 3159 4269 oliva'?
3191 4212 3307 4267 Duo
3341 4223 3422 4265 te—

1843 4312 2132 4359 stamenta.
2172 4302 2344 4369 Quam
2381 4304 2452 4358 ob
2485 4320 2706 4360 causam
2755 4320 2883 4359 vero
2913 4305 3025 4358 haec
3060 4305 3272 4358 vocavit
3321 4304 3424 4356 oli-

1843 4395 1974 4450 vas?
2003 4395 2138 4461 Quia
2169 4395 2310 4450 sicut
2333 4397 2473 4449 oliva
2510 4411 2723 4467 semper
2751 4398 2980 4452 virentia
3013 4404 3196 4452 servat
3230 4395 3358 4448 folia
3403 4413 3418 4448 :

1845 4487 1918 4541 ita
1979 4496 2033 4541 ct
2093 4493 2202 4541 duo
2243 4496 2571 4543 testamenta
2632 4489 2963 4559 sempiterna
3013 4486 3298 4557 proferunt.
3357 4484 3425 4538 de

1847 4583 2068 4638 Christo
2103 4583 2440 4636 testimonia.
2467 4582 2477 4591 ’

1918 4760 2051 4814 νιιι.
2101 4759 2166 4813 Et
2194 4761 2514 4829 interrogavi
2546 4758 2812 4828 angelum,
2848 4767 2897 4811 et
2919 4755 3033 4808 dixi
3064 4771 3082 4808 :
3127 4753 3270 4820 Quid
3302 4763 3425 4806 sunt

1847 4853 2000 4909 lucc?
2050 4851 2115 4904 Et
2163 4852 2302 4904 dixit
2349 4851 2567 4921 angelus
2602 4849 2768 4904 :Non
2822 4849 3090 4919 cognoscis
3136 4846 3262 4918 quid
3305 4854 3428 4900 sunt

1846 4945 1996 5000 Ita’c?
2035 4943 2103 4996 Et
2134 4943 2247 4997 dixi
2278 4961 2296 4998 :
2338 4943 2577 5006 Minime,
2625 4942 2864 4996 Domine.
2902 4939 3044 5006 Quid
3083 4941 3185 5006 ais,
3226 4954 3258 4993 ο
3297 4952 3427 5008 pro-

1853 5036 2052 5108 pheta?
2081 5035 2161 5089 Tu
2194 5034 2335 5090 dicis
2369 5053 2382 5090 :
2431 5035 2550 5088 Vidi
2585 5032 2996 5096 candelabrum,
3021 5041 3068 5084 et
3102 5029 3426 5098 lampadem,

1852 5139 1916 5183 et.
1941 5129 2203 5193 lucernas,
2233 5138 2282 5183 et
2310 5127 2595 5197 infusoria.
2635 5124 2704 5180 Ut
2735 5125 2865 5196 quid
2895 5139 3024 5194 ergo
3052 5124 3166 5194 ipsa
3193 5139 3313 5192 qua:
3341 5121 3422 5176 vi-

1856 5221 2009 5284 disti,
2032 5221 2376 5290 interrogas?
2402 5219 2598 5290 Utique
2629 5239 2641 5273 :
2675 5219 2970 5288 Imaginem
2992 5218 3136 5272 enim
3159 5217 3431 5279 videbam,

1858 5314 2059 5384 inquit,
2091 5323 2145 5368 et
2175 5312 2502 5368 miraculum
2536 5311 2946 5382 perscrutabar.
2980 5307 3052 5365 Ut
3083 5310 3229 5364 enim
3262 5308 3300 5363 ii
3340 5307 3434 5378 qui

3195 5461 3242 5492 “
3272 5459 3432 5515 Rom.

2058 5471 2106 5500 “
2148 5469 2307 5522 Rom.
2341 5483 2402 5525 ιι.
2438 5468 2525 5522 14.
2629 5467 2674 5498 ⁸⁵
2719 5464 2846 5534 Sap.
2880 5480 3000 5527 xm,
3036 5464 3088 5518 3.

1855 5695 1954 5748 luit
2004 5695 2310 5766 symbolum
2348 5695 2678 5758 clementim,
2721 5701 2775 5748 et
2822 5702 2880 5749 ut
2914 5692 3168 5766 deinceps
3201 5690 3434 5747 mundus

1850 5783 1956 5822 non
1985 5762 2129 5821 esset
2159 5766 2436 5837 periturus
2467 5766 2632 5823 simili
2667 5780 2932 5835 aquarum
2964 5762 3190 5818 diluvio.
3387 5783 3391 5788 ’
