3842 6306
481 288 585 342 ’105
1646 301 1702 360 S.
1743 302 1991 361 PROCLI
2027 324 2030 348 ι

2177 309 2484 368 EPISCOPI
3610 327 3712 383 τοι

476 416 629 457 mare
659 405 936 475 navigant,
961 410 1213 477 quamvis
1238 411 1416 481 ipsum
1461 414 1685 486 pelagus
1711 418 2028 476 intueantur

2153 424 2394 498 θαλάσσῃ
2418 428 2478 480 τὸ
2504 429 2602 498 μὲν
2639 429 2874 499 πέλαγος
2900 431 3175 501 βλέπουσι,
3203 434 3293 486 τὸν
3325 435 3383 488 δὲ
3416 440 3721 510 κρυπτόμε-

475 493 621 548 haud
651 506 830 550 tamen
869 498 938 552 ad
965 499 1073 552 ima
1103 499 1511 559 delitescentem
1549 511 1899 579 margaritam
1933 529 2030 568 cert

2153 529 2244 565 vov
2282 493 2434 568 κάτω
2465 493 2809 588 μαργαρίτην
2837 493 2935 588 οὐχ
2968 493 3196 589 δρῶσιν·
3233 520 3375 574 οὕτω
3407 493 3501 576 καὶ
3531 527 3564 577 ὁ
3595 493 3722 596 προ-

474 593 614 639 nunt
644 599 660 639 :
692 586 765 641 ita
794 587 958 641 etiam
996 590 1264 659 propheta
1305 595 1566 648 extimam
1596 598 1816 666 quidem
1859 602 2030 672 imagi

2153 605 2329 674 φήτης
2357 606 2540 660 εἰκόνα
2565 586 2665 677 μὲν
2684 586 3020 671 ἔϐλεπεβιαλι
3053 613 3348 683 μυστήριον
3374 615 3603 684 ὴρεύνα.
3640 586 3723 672 se

472 693 598 732 nem
621 681 897 746 cernebat,
922 697 1181 738 arcanum
1214 701 1344 742 vero
1365 689 1687 758 exquirebat
1705 694 2044 764 mysterium.

474 765 685 824 Idcirco
714 774 788 826 ait
826 792 839 827 :
876 773 945 826 Et
975 775 1295 847 interrogavi
1326 781 1591 850 angelum,
1627 793 1676 837 et
1708 784 1823 839 dixi
1851 801 1869 840 :
1904 787 2047 854 Quid

473 871 595 913 sunt
624 862 777 916 hmc?
810 864 1017 935 Ecquid
1048 868 1266 924 tandem
1296 875 1561 942 angelus?
1592 875 1707 931 Non
1739 879 1815 932 ait
1843 880 2048 937 vidisse

471 954 884 1022 candelabrum,
921 967 972 1012 et
1004 961 1330 1032 lampadem,
1383 968 1762 1040 lucernasque,
1811 983 1864 1027 et
1897 973 2045 1028 infu-

477 1045 626 1097 soria
657 1064 669 1100 :
697 1047 790 1102 sed
819 1051 990 1104 misso
1013 1055 1321 1124 aenigmate,
1352 1061 1523 1127 aperit
1555 1063 1904 1129 miraculum,
1927 1065 2043 1118 edi—

472 1133 704 1200 citque:
757 1137 861 1191 llic
916 1151 992 1193 est
1051 1143 1234 1197 Sermo
1287 1146 1522 1204 Domini.
1577 1149 1771 1219 Fitque
1816 1154 2042 1223 angelus

468 1226 799 1294 evangelista
828 1247 840 1282 :
875 1229 1073 1298 jubens
1102 1235 1246 1288 enim
1276 1238 1456 1294 valere
1479 1242 1726 1310 symbola
1753 1244 1890 1298 visui
1916 1259 2042 1314 pro-

467 1319 666 1385 posita,
703 1321 1024 1376 miraculum
1051 1327 1330 1394 pranlicat,
1367 1331 1550 1400 aitque
1579 1351 1592 1386 :
1628 1332 1731 1387 llic
1757 1346 1833 1389 est
1857 1336 2040 1392 Sermo

466 1408 700 1465 Domini.
753 1413 891 1478 Quid
940 1416 1053 1478 ais,
1102 1433 1135 1471 ο
1181 1423 1403 1490 angele‘!
1453 1424 1749 1480 Ostendisti
1784 1444 1948 1493 vasa,
1983 1440 2038 1485 et

468 1501 704 1558 Verbum
732 1508 1116 1576 evangelizas?
1143 1509 1370 1580 Utique;
1395 1531 1518 1570 nam
1541 1520 1768 1588 aenigma
1790 1530 1874 1575 est
1895 1523 2036 1591 quod

408 1584 412 1592 ’
467 1605 768 1662 speetalur,
803 1598 1090 1668 gratiaque
1125 1604 1464 1673 mysterium.
1501 1584 1814 1674 Quia'enim
1853 1611 2036 1667 Domi-

467 1699 570 1738 nus
625 1685 767 1742 Deus
825 1688 894 1744 de
949 1690 1169 1762 Virgine
1210 1698 1521 1754 nasciturus
1575 1709 1688 1755 erat
1735 1704 2034 1759 secundum

465 1791 685 1832 carnem
723 1796 786 1836 ac
824 1782 1119 1838 humanam
1167 1785 1395 1843 formam
1444 1802 1790 1862 accepturus,
1830 1813 2036 1868 proque

465 1885 562 1924 sua
587 1871 954 1931 incarnandus
981 1878 1300 1936 voluntate:
1340 1884 1685 1940 criminaturi
1731 1904 1857 1942 vero
1879 1900 2034 1945 erant

463 1962 633 2020 Judaei
681 1968 1025 2036 miraculum,
1059 1987 1123 2026 ac
1156 1973 1352 2030 dicturi
1392 1994 1406 2031 :
1449 1977 1696 2044 Quonam
1738 1995 1900 2051 pacto
1941 1983 2036 2039 Dei

465 2053 723 2121 Verbum,
781 2059 1004 2114 Verbum
1051 2066 1188 2133 quod
1224 2077 1336 2120 eral
1380 2071 1434 2122 in
1474 2073 1752 2141 principio,
1812 2076 2036 2130 Verbum

459 2149 598 2215 quod
633 2160 748 2204 erat
779 2153 919 2219 apud
965 2153 1220 2223 Deum“,
1257 2161 1432 2228 potuit
1469 2163 1522 2215 in
1572 2163 1810 2221 humana
1862 2166 2034 2222 forma

459 2242 634 2306 nasci,
669 2251 723 2296 et
753 2260 816 2298 ex
847 2260 946 2299 suo
979 2245 1234 2316 figmento
1263 2268 1484 2306 carnem
1516 2258 1771 2311 sumere?
1807 2266 1864 2311 ut
1905 2275 2035 2329 ergo

461 2331 774 2389 Judmorum
814 2352 909 2391 ora
954 2340 1282 2404 Obstrueret,
1315 2346 1554 2399 ostendit
1588 2349 1883 2417 prophetae,
1937 2367 2035 2421 pro

459 2423 702 2496 Virgine,
744 2430 1167 2500 candelabrum;
1217 2435 1483 2491 infusoria
1538 2455 1636 2509 pro
1683 2440 1873 2509 donis;
1936 2459 2034 2512 pro

459 2520 806 2575 testamentis
835 2523 1042 2585 olivas,
1074 2540 1172 2594 pro
1206 2527 1489 2583 Salvatore
1521 2530 1845 2598 lampadem.
1875 2534 2032 2601 Quod

457 2617 639 2662 autem
675 2611 950 2680 prophetae
980 2613 1283 2684 lampadem
1309 2621 1702 2688 appellaverint
1743 2624 2028 2681 Dominum

455 2699 736 2754 Christum
761 2744 776 2767 ,
824 2703 1192 2772 incarnatum,
1233 2709 1477 2778 inquam,
1539 2711 1821 2780 Verbum,
1861 2716 2026 2772 Deum

455 2805 566 2844 non
608 2802 908 2863 mutatum,
941 2814 1006 2853 ex
1040 2797 1180 2854 Isaia
1216 2804 1433 2872 accipe,
1478 2821 1603 2859 cum
1639 2808 1754 2861 ait:
1791 2808 2030 2864 Exsullet

459 2883 636 2936 (mium
681 2900 797 2939 mea
835 2888 888 2940 in
937 2888 1204 2957 Domino;
1239 2893 1414 2948 induit
1447 2898 1588 2950 enim
1618 2915 1697 2952 me
1726 2903 2028 2958 vestimento

459 2972 647 3027 salutis
680 2985 726 3028 et
759 2979 939 3032 tunica
992 2980 1193 3040 ltetitiae
1221 2999 1239 3037 :
1272 2986 1409 3039 sicut
1432 3002 1622 3054 sponso
1651 2991 2026 3060 circumposuit

457 3065 587 3119 mihi
619 3069 833 3122 mitram
855 3111 868 3132 ,
897 3073 945 3125 ct
984 3073 1122 3127 sicut
1159 3092 1408 3144 sponsam
1439 3081 1645 3133 ornavit
1673 3099 1754 3136 me
1793 3085 2027 3151 mundo;

457 3167 504 3212 ct
548 3159 682 3212 sicut
735 3171 931 3216 terram
983 3165 1281 3234 elferentem
1322 3169 1508 3237 [larem
1559 3189 1744 3236 suum,
1795 3187 1843 3229 et
1891 3179 2027 3232 sicut
2059 3159 2100 3183 υ

455 3248 639 3302 hortus
697 3255 901 3308 semina
954 3273 1082 3325 sua,
1115 3262 1195 3317 sic
1223 3261 1520 3330 germinare
1567 3265 1726 3333 faciet
1773 3266 2028 3325 Dominus

455 3337 718 3405 iustitiam
766 3355 815 3396 ct
876 3347 1282 3403 exsultationem
1333 3367 1512 3406 coram
1563 3356 1817 3411 unirersis
1858 3363 2026 3428 genti-

455 3431 551 3486 bus
574 3433 638 3488 ⁸³.
680 3433 908 3507 Propter
941 3438 1072 3495 Sion
1112 3459 1214 3495 non
1253 3445 1462 3508 tacebo,
1492 3456 1541 3500 et
1576 3459 1787 3516 propter
1833 3452 2024 3507 Hieru—

452 3525 620 3578 salem
651 3544 753 3582 non
781 3531 1102 3598 relinquam,
1138 3532 1301 3588 donec
1331 3538 1634 3606 egrediatur
1657 3550 1712 3594 ut
1743 3542 1916 3597 lumen
1937 3545 2027 3614 ju-

454 3617 603 3670 stitia
650 3635 801 3684 mea;
836 3623 1071 3678 salutare
1095 3637 1268 3680 autem
1304 3645 1473 3682 meum
1506 3640 1562 3684 ut
1606 3632 1808 3702 lampas
1841 3653 2027 3692 accen-

453 3707 606 3761 detur
628 3709 696 3764 ⁸³.
738 3709 842 3781 Ipsi
869 3714 1041 3783 gloria
1062 3724 1116 3769 et
1143 3718 1428 3787 imperium
1457 3731 1510 3774 et
1537 3721 1730 3792 honor,
1761 3741 1866 3779 una
1903 3745 2026 3784 cum

455 3797 638 3863 l’atre,
662 3801 935 3872 simulque
969 3804 1175 3874 Spiritu
1201 3816 1596 3876 sancto,‘nunc
1621 3821 1676 3868 et
1704 3830 1941 3887 semper,
1973 3827 2028 3875 et

457 3889 511 3946 in
533 3895 729 3947 saecula
761 3897 1106 3954 saeculorum.
1132 3905 1328 3956 Amen.

973 4009 1231 4068 ORATIO
1271 4014 1336 4069 III
1377 4017 1512 4089 (5'2).

563 4117 641 4173 De
674 4118 1050 4178 Incarnatione
1089 4125 1306 4181 Domini
1333 4133 1504 4184 nostri
1541 4131 1669 4186 Jesu
1702 4134 1922 4194 Christi.

525 4293 567 4350 1.
609 4295 812 4354 Crebra
857 4317 1029 4372 eaque
1077 4305 1295 4361 diversa
1339 4309 1714 4366 celebritatum
1763 4316 2028 4372 solemnia

452 4389 750 4445 humanam
784 4396 1093 4451 exhilarant
1123 4401 1288 4454 vitam
1311 4445 1325 4468 ,
1362 4404 1490 4458 dum
1523 4407 1784 4462 festorum
1817 4410 2024 4466 dierum

2151 709 2345 763 φησιν·
2375 695 2486 747 Καὶ
2527 694 2805 764 ἠρώτησα
2842 699 2945 750 τὸν
2976 699 3255 768 ἄγγελον,
3294 700 3626 757 καὶεῖπον⁶
3669 711 3724 761 Τί

2149 781 2281 836 ἐστι
2310 785 2527 850 ταῦτα;
2563 788 2627 840 Τί
2657 784 2749 842 οὖν
2804 791 2832 842 ὁ
2879 790 3142 858 άγγελος;
3185 794 3245 845 ού
3290 793 3440 863 λέγει
3473 798 3558 849 δτι
3592 794 3723 851 εἶδεν

2149 875 2390 948 λυχνίαν,
2424 879 2519 932 καὶ
2545 879 2865 950 λαμπάδιον,
2901 885 2994 937 καὶ
3017 884 3241 955 λύχνους
3266 888 3360 940 καὶ
3386 890 3722 960 ὲπαρυστρί-

2147 965 2273 1030 δας·
2298 967 2413 1020 ἀλλ’
2445 970 2605 1039 ἀφεὶς
2642 970 2704 1024 τὸ
2730 972 2978 1042 αἴνιγμα,
3016 976 3277 1046 κηρύττει
3303 976 3363 1029 τὸ
3388 977 3602 1048 θαῦμα,
3637 984 3720 1034 καὶ

2146 1054 2324 1125 λέγει·
2365 1054 2552 1128 Οὗτος
2577 1065 2612 1114 ri
2641 1062 2830 1131 Λόγος
2857 1065 3098 1132 Κυρίου.
3127 1068 3236 1119 Καὶ
3259 1068 3470 1136 γίνεται
3495 1073 3528 1124 ὁ
3561 1074 3718 1139 ἄγγε-

2145 1150 2235 1214 λος
2260 1152 2651 1225 εὐαγγελιστής
2672 1172 2686 1186 ο
2717 1157 2875 1224 ἀφεὶς
2905 1157 3014 1228 γὰρ
3039 1159 3139 1228 τὴν
3171 1159 3313 1229 ὄψιν,
3356 1162 3624 1232 κηρύττει
3666 1167 3717 1218 τὸ

2146 1242 2349 1313 Θαῦμα,
2391 1247 2484 1298 καὶ
2525 1247 2698 1315 λέγει·
2755 1244 2945 1314 Οὗτος
2971 1253 3004 1303 ὀ
3035 1251 3225 1320 Λόγος
3255 1254 3507 1321 Κυρίου.
3547 1255 3613 1305 Τί
3638 1255 3714 1306 λέ-

2143 1349 2281 1402 γεις,
2312 1329 2357 1388 ὦ
2391 1336 2586 1404 ἄγγελε
2613 1353 2627 1402 ;
2659 1337 2836 1410 Σκεύη
2869 1338 3100 1404 ἔδειξας,
3128 1341 3222 1394 καὶ
3241 1341 3414 1408 Λόγον
3432 1345 3714 1412 εὐαγγελί-

2144 1422 2284 1491 ζεις;
2317 1426 2456 1479 Ναί·
2493 1427 2722 1498 αἴνιγμα
2753 1431 2863 1500 γὰρ
2900 1430 2959 1483 τὸ
2984 1431 3183 1502 θέαμα,
3217 1434 3311 1486 καὶ
3347 1436 3651 1505 μυστήριον
3680 1439 3709 1508 ἡ

2142 1516 2319 1585 χάρις.
2371 1518 2585 1589 Ἐπειδὴ
2612 1519 2742 1591 ξγὰρ
2769 1521 3002 1590 ἤμελλεν
3047 1525 3076 1576 ὁ
3104 1524 3381 1594 Δεσπότης
3421 1525 3630 1597 Κύριος
3657 1529 3712 1579 ὲκ

2143 1608 2419 1682 Παρθένου
2448 1610 2726 1664 τίκτεσθαι
2756 1612 2898 1666 κατὰ
2931 1615 3129 1685 σάρκα,
3164 1618 3257 1668 καὶ
3284 1618 3710 1688 σχηματίζεσθαι

2139 1700 2212 1764 ὡς
2235 1701 2540 1772 ἄνθρωπος,
2583 1704 2678 1758 καὶ
2700 1706 3031 1776 σαρκυύσθαι
3069 1708 3144 1771 ὼς
3172 1710 3381 1780 ἤθελεν·
3410 1711 3644 1781 ἤμελλον
3662 1712 3711 1765 δὲ

2071 1783 2111 1840 Β
2155 1793 2391 1846 Ἰουδαῖοι
2419 1794 2693 1867 διασύρειν
2723 1797 2782 1849 τὺ
2812 1797 2996 1866 Θαύμα
3019 1839 3036 1857 .
3065 1802 3155 1853 καὶ
3187 1802 3366 1869 λέγειν
3388 1819 3403 1831 ·
3435 1803 3560 1867 Πῶς
3585 1803 3707 1872 ἡδύ-

2140 1901 2267 1937 νατο
2287 1885 2322 1938 ’ὁ
2353 1885 2445 1938 τοῦ
2479 1887 2612 1940 Θεοῦ
2640 1888 2809 1955 Λόγος
2831 1928 2844 1952 ,
2876 1893 2909 1943 ό
2937 1891 3007 1943 ἑν
3033 1891 3190 1960 ἀρχῇ
3222 1894 3413 1960 Λόγος
3439 1934 3454 1958 ,
3499 1897 3534 1947 ὁ
3570 1891 3710 1960 πρὸς

2136 1977 2244 2031 τὸν
2274 1977 2424 2032 Θεὸν
2461 1980 2680 2049 Λόγος,
2706 1983 2764 2034 ὲν
2793 1985 3032 2053 σχήματι
3064 1984 3351 2054 ἀνθρώπου
3395 1986 3706 2054 γεννᾶσθαι,

2139 2067 2230 2119 καὶ
2250 2068 2313 2120 ὲκ
2337 2067 2429 2120 τοῦ
2442 2069 2643 2121 οἰκείου
2669 2069 2984 2140 πλάσματος
3005 2073 3369 2142 σαρκοῦσθαις
3394 2075 3710 2144 βουλόμενος

2136 2152 2230 2208 οὖν
2259 2157 2571 2229 ἀποφράξαι
2597 2159 2703 2212 τῶν
2742 2160 3006 2215 Ἰουδαίων
3041 2162 3108 2215 τὰ
3145 2163 3408 2233 στόματα,
3439 2165 3608 2229 ἔδειξε
3635 2166 3710 2235 τῷ

2139 2249 2390 2319 προφήτῃ
2423 2250 2547 2302 ἀντὶ
2581 2250 2679 2322 τῆς
2708 2252 3006 2322 Παρθένου,
3037 2254 3135 2322 τὴν
3165 2254 3386 2325 λυχνίαν
3407 2273 3422 2287 ο
3452 2258 3574 2310 ἀντὶ
3607 2258 3707 2310 τῶν

2136 2342 2510 2410 χαρισμάτων,
2537 2343 2636 2404 τὰς
2665 2345 3068 2416 ὲπαρυστρίδας
3087 2364 3100 2376 °
3137 2347 3257 2400 ἀντὶ
3281 2347 3388 2400 τῶν
3416 2347 3706 2420 διαθηκῶν,

2135 2430 2236 2494 τάς
2264 2432 2482 2496 ἐλαίας*
2535 2434 2657 2487 ἀντὶ
2694 2435 2788 2488 τοῦ
2832 2436 3114 2507 Σωτῆρος.
3150 2438 3212 2490 τὸ
3240 2439 3565 2509 λαμπάδιον.
3605 2442 3708 2493 Καὶ

2135 2523 2216 2576 ὃτι
2261 2523 2563 2595 λαμπάδιον
2608 2526 2853 2596 λέγουσιν
2886 2530 2936 2580 οἱ
2987 2530 3264 2600 προφῆται
3306 2530 3396 2583 τὸν
3437 2532 3708 2602 Δεσπότην

2135 2615 2176 2669 Χ
2188 2615 2392 2684 ριστὸν,
2432 2617 2523 2671 τὸν
2569 2619 2921 2688 σαρκωθέντα
2967 2621 3159 2690 Λόγον,
3192 2623 3283 2676 τὸν
3319 2622 3392 2694 μὴ
3435 2626 3708 2695 τραπέντα

2134 2704 2289 2771 Θεὸν,
2351 2706 2515 2760 ἄκουε
2579 2709 2798 2762 Ἡσαΐου
2853 2709 3134 2779 λέγοντος·
3205 2713 3613 2782 Ἀττιλλιὰσθω
3669 2716 3706 2783 ἡ

2135 2797 2304 2867 ψυχή
2329 2817 2448 2868 μου
2477 2799 2575 2853 ἐπὶ
2603 2799 2681 2866 τῷ
2705 2801 2931 2870 Κυρίῳ·
2952 2803 3206 2858 ἐνέδυσε
3236 2804 3345 2874 γάρ
3369 2821 3448 2874 με
3477 2806 3710 2874 ἱμάτιον

2132 2891 2454 2958 σωτηρίου,
2501 2893 2599 2946 καὶ
2641 2891 2861 2962 χιτῶνα
2907 2896 3293 2963 εὐφροσύνης
3316 2913 3330 2927 ο
3363 2898 3445 2961 ὡς
3474 2900 3710 2966 νυμφίῳ

2133 2983 2444 3050 περιέθηκέ
2471 3001 2574 3052 μοι
2621 2987 2869 3054 μίτραν·
2922 2988 3019 3041 καὶ
3067 2987 3146 3054 ὡς
3188 2990 3432 3058 νύμφην
3469 2993 3708 3044 κατεκό-

2132 3074 2334 3143 σμησέ
2353 3093 2430 3145 με
2445 3078 2678 3146 κόσμῳ·
2707 3079 2803 3132 καὶ
2831 3080 2911 3146 ὡς
2943 3079 3061 3149 γῆν
3083 3081 3397 3146 αὔξουσαν
3427 3082 3493 3135 τὸ
3527 3082 3708 3148 ἄνθος

2132 3165 2360 3235 αὐτῆς·
2400 3169 2497 3221 καὶ
2543 3171 2624 3235 ὡς
2654 3170 2850 3237 κῆπος
2884 3171 2956 3224 τὰ
2990 3171 3301 3241 σπέρματα
3349 3173 3539 3227 αὐτοῦ
3561 3189 3575 3202 ·
3607 3176 3706 3226 οὗ-

2130 3276 2244 3324 τως
2266 3261 2548 3314 ἁνατελεῖ
2565 3263 2781 3330 Κύριος
2803 3263 3220 3331 δικαιοσύνην,
3241 3264 3339 3318 καὶ
3364 3265 3708 3334 ἀγαυῑλίαμα

2129 3353 2386 3407 ἐνώπιον
2422 3352 2666 3408 πάντων
2707 3355 2825 3408 τῶν
2873 3357 3082 3410 ἐθνῶν.
3119 3363 3224 3411 Διὰ
3261 3357 3413 3412 Σιὼν
3467 3361 3540 3413 οὐ
3574 3377 3707 3412 σιω-

2132 3443 2423 3513 στήσομαι,
2475 3447 2574 3500 καὶ
2617 3447 2718 3501 διὰ
2761 3448 3156 3519 Ἰερουσαλὴμ
3185 3453 3296 3505 οὐκ
3343 3450 3575 3516 ἀνήσω,
3602 3453 3706 3518 ἕως

2130 3535 2206 3590 ἂν
2228 3536 2446 3607 ἐξέλθῃ
2471 3539 2553 3605 ὡς
2601 3538 2726 3609 φῶς
2768 3541 2808 3608 ή
2847 3540 3205 3610 δικαιοσύνη
3232 3560 3350 3612 μου
3369 3561 3382 3574 ·
3415 3544 3481 3597 τὸ
3507 3544 3581 3598 δὲ
3605 3562 3706 3598 σω-

2129 3625 2336 3696 τήριόν
2360 3646 2480 3698 μου
2513 3630 2595 3696 ὡς
2625 3633 2867 3699 λαμπὰς
2905 3632 3288 3700 καυθήσεται.
3325 3633 3485 3704 Αὐτῷ
3519 3637 3554 3706 ἡ
3588 3636 3704 3700 δόξα

2132 3721 2226 3774 καὶ
2268 3721 2328 3774 τὸ
2368 3722 2570 3792 κράτος
2621 3723 2714 3776 κα)⁵
2747 3724 2780 3793 ἡ
2831 3727 2964 3794 τιμὴ
3020 3725 3116 3778 σὺν
3149 3725 3228 3796 τῷ
3271 3727 3448 3797 Ila-:91
3481 3728 3602 3799 ἅμα
3633 3729 3704 3798 τῷ

2132 3813 2270 3883 ἁγίῳ
2295 3813 2594 3884 Πνεύματι,
2622 3815 2715 3867 νῦν
2743 3817 2836 3868 καὶ
2862 3816 2969 3882 ἀεὶ,
2993 3816 3087 3870 καὶ
3111 3819 3190 3882 εἰς
3212 3818 3338 3882 τοὺς
3365 3820 3574 3884 αἰῶνας
3601 3824 3703 3874 τῶν

2129 3903 2360 3959 αἰώνων.
2398 3905 2588 3978 Ἀμήν.

2777 4021 2997 4075 ΛΟΓΟΣ
3034 4023 3107 4076 Γ’.

2126 4133 2230 4197 Εἰς
2259 4131 2374 4200 τὴν
2400 4132 2860 4202 ἐνανθρὼετησιν
2893 4135 2998 4188 τοῦ
3033 4135 3253 4202 Κυρίου
3282 4134 3451 4204 ἡμῶν
3504 4137 3701 4205 Ἰησοῦ

2550 4215 2554 4220 '
2709 4205 2958 4271 Χριστοῦ
2997 4207 3131 4275 ('55).

2201 4313 2282 4367 A'.
2327 4316 2522 4369 Πολλαὶ
2571 4317 2665 4370 καὶ
2702 4317 2948 4390 διάφοροι
3007 4323 3344 4392 πανηγύρεις
3375 4322 3465 4374 τὸν
3500 4324 3702 4394 ἀνθρὼ-

2132 4424 2286 4460 πινον
2334 4407 2681 4479 φαιδρύνουσι
2717 4409 2850 4479 βίον,
2891 4410 2967 4478 τῷ
3011 4410 3195 4481 κύκλῳ
3235 4412 3343 4465 τῶν
3373 4415 3580 4482 ἑορτῶν
3611 4417 3701 4486 τῆς

450 4497 702 4545 recursu,
745 4486 956 4541 tristem
1005 4505 1326 4547 :erumuoszn
1368 4497 1527 4572 hujus
1560 4499 1680 4553 vita:
1717 4504 2020 4559 molestiam

2137 4471 2426 4570 tmpézéou
2459 4471 2604 4570 ζωῆς
2632 4500 2693 4553 τὸ
2717 4471 2968 4572 ’λυπηρὸν
2995 4503 3075 4564 είς
3119 4471 3308 4574 ἡδονὴν
3345 4471 3701 4574 μεταϐάλλου-

452 4575 506 4628 in
549 4576 880 4644 voluptatem
916 4589 1266 4634 convertunt.
1319 4581 1386 4638 Ut
1431 4587 1574 4640 enim
1604 4588 1850 4647 adversis
1885 4601 2024 4647 tem-

449 4667 754 4735 pestatibus
781 4656 908 4730 acti.
939 4671 1167 4740 trajectu
1215 4675 1397 4730 infesti
1432 4681 1597 4735 maris
1631 4691 1789 4742 aestu,
1826 4693 2018 4754 portu—

449 4759 552 4813 bus
607 4762 844 4830 gaudent
889 4771 1146 4833 tanquam
1217 4769 1481 4824 ﬁdissimo
1537 4775 1658 4827 vitae
1720 4776 1841 4829 sinu

2132 4608 2241 4643 σαι.
2286 4591 2494 4662 Ὥσπερ
2531 4593 2638 4663 γὰρ
2668 4594 2717 4645 οἱ
2763 4595 2899 4664 μετὰ
2929 4594 3095 4665 ζάλης
3127 4597 3190 4648 ὲκ
3232 4596 3502 4664 πελάγους
3537 4616 3700 4651 κατα·

2131 4682 2322 4746 ϐάντες
2368 4684 2612 4755 χαίρουσι
2640 4688 2768 4749 -τοῖς
2815 4686 3048 4757 λιμέσιν,
3101 4687 3175 4750 ὡς
3225 4685 3368 4755 {uti};
3413 4690 3697 4756 ἀγκάλαις·

1886 4793 1901 4830 :
1945 4780 2026 4834 sic
2128 4777 2299 4841 οὕτως
2327 4777 2461 4848 μετὰ
2485 4777 2684 4842 πολλὰς
2710 4781 3046 4850 πραγμάτων
3065 4778 3410 4848 περιστάσεις
3436 4780 3700 4850 ἑορτάζων

446 4856 572 4916 post
618 4853 817 4905 multas
867 4856 1209 4922 negotiorum
1272 4861 1550 4917 molestias
1610 4878 1734 4917 cum
1796 4865 2026 4925 feriatur

2137 4869 2493 4942 5άνορωπος,
2546 4872 2722 4941 χαίρει
2775 4874 2840 4942 τῇ
2889 4871 3193 4942 πανηγύρει
3242 4871 3316 4932 ὡς
3370 4873 3699 4941 ἀμεριμνίας

448 4938 634 5006 homo,
661 4943 976 4999 celebritate
1008 4955 1268 5018 tanquam
1318 4967 1573 5006 curarum
1613 4957 1801 5024 requie
1830 4973 1891 5012 at
1938 4976 2024 5015 se-

447 5033 700 5087 curitatis
736 5047 909 5092 matre
947 5041 1165 5109 gaudet.
1199 5041 1393 5097 Festus
1442 5062 1674 5115 namque
1723 5049 1860 5113 dies,
1909 5067 2024 5106 mo-

449 5124 730 5181 lestiarum
796 5139 850 5183 et
904 5132 1139 5196 oblivio;
1201 5151 1459 5190 curarum
1523 5154 1786 5208 somnus;
1837 5144 2020 5212 gaudii

2131 4963 2317 5034 μητρί.
2383 4964 2573 5035 Ἑορτὴ
2623 4965 2729 5035 γάρ
2787 4969 2900 5018 ἐστι
2954 4965 3131 5035 λύπης
3187 4963 3354 5035 λήθη’
3412 4967 3697 5034 φροντίδων

2129 5054 2292 5118 ὕπνος
2313 5095 2326 5117 ,
2357 5057 2530 5126 χαρᾶς
2557 5057 2820 5127 γεωργὸς,
2843 5056 3196 5128 φαιδρότητος
3228 5055 3501 5125 πρόξενος,
3539 5073 3695 5126 προς-

2127 5147 2294 5216 ευχῆς
2331 5149 2548 5218 καιρὸς.
2597 5151 2844 5221 πενήτων
2889 5149 3080 5222 Οέρος,
3133 5147 3441 5218 ἐκκλησιῶν
3483 5150 3694 5218 κόσμος,

522 5280 568 5312 ⁸⁸
603 5279 762 5338 Joan.
797 5299 838 5351 ι,
875 5285 927 5341 1.
965 5286 1008 5319 ⁶²
1047 5287 1151 5344 Isa.
1193 5306 1305 5356 ut,
1342 5292 1426 5358 10,
1469 5293 1556 5356 Il,
1602 5309 1714 5350 sec.
1749 5294 1912 5352 LXX.
1991 5299 2030 5331 ⁶¹

2137 5315 2174 5354 at.
2217 5317 2353 5365 ml,
2399 5303 2450 5356 I.

521 5462 632 5537 (32)
691 5461 839 5521 Hanc
888 5481 1104 5537 quoque
1153 5469 1342 5524 habuit
1393 5472 1533 5527 idem
1589 5471 1892 5530 Riccardus
1944 5491 2012 5529 ex

447 5535 636 5590 eadem
681 5535 1205 5614 tlryptzeferratnnsi
1237 5543 1568 5596 bibliotheca
1604 5563 1616 5597 :
1665 5560 1803 5614 opus
1850 5559 2012 5610 sane,

450 5620 781 5686 quanquam
808 5608 1222 5686 brcve_.__Procli_
1245 5628 1378 5666 vena
1406 5629 1485 5686 _ac
1527 5608 1741 5686 ingenio
1769 5608 2014 5686 dignum.

449 5675 657 5730 Iudicat
696 5677 950 5734 habuisse
985 5680 1128 5734 illam
1177 5682 1348 5737 altero
1387 5683 1476 5738 die
1509 5699 1539 5737 a
1570 5675 1770 5741 Christi
1821 5675 2021 5740 natali-

450 5745 650 5800 tiorum
696 5747 836 5803 festo
857 5750 945 5806 die
979 5769 991 5806 :
1020 5767 1142 5821 quae
1182 5752 1317 5808 forte
1371 5754 1512 5808 ratio
1559 5753 1682 5822 fuit,
1733 5767 1791 5811 ut
1838 5757 2021 5826 potius

2121 5475 2385 5558 i‘nsc'ripta.
2426 5477 2497 5558 sit
2532 5475 2608 5531 De
2633 5475 3029 5546 Incarnatiane,
3055 5493 3214 5548 quam
3244 5477 3308 5532 1η
3341 5478 3530 5546 festum
3551 5487 3693 5531 nata-

2123 5545 2190 5600 lis
2228 5544 2461 5598 Domini.
3016 5544 3022 5546 “
3071 5544 3086 5548 ⁷
3342 5544 3350 5546 “
3459 5618 3481 5628 -
3662 5618 3682 5628 -

2127 5615 2562 5741 ngﬂofolum.
2616 5617 2814 5685 codex,
2867 5620 2948 5674 είς
2996 5619 3068 5673 τὰ
3109 5619 3358 5687 γενέθλια
3389 5636 3486 5672 του
3527 5621 3690 5692 Ἰησοο

2182 5703 2382 5758 ριστου.
