  <div class='ocr_page' id='page_1' title='image "/cluster/home/n/w/nwhite01/storage/ocr_20150623/65/hvd.32044014812317/358.png"; bbox 0 0 3842 6364; ppageno 0'>
   <div class='ocr_carea' id='block_1_1' title="bbox 130 349 231 406">
    <p class='ocr_par' dir='ltr' id='par_1_1' title="bbox 130 349 231 406">
     <span class='ocr_line' id='line_1_1' title="bbox 130 349 231 406; baseline 0.01 -1"><span class='ocrx_word' id='word_1_1' title='bbox 130 349 231 406; x_wconf 71' lang='lat'><strong>705</strong></span> 
     </span>
    </p>
   </div>
   <div class='ocr_carea' id='block_1_2' title="bbox 1119 349 2362 438">
    <p class='ocr_par' dir='ltr' id='par_1_2' title="bbox 1119 349 2362 438">
     <span class='ocr_line' id='line_1_2' title="bbox 1119 349 2362 438; baseline -0.004 -28"><span class='ocrx_word' id='word_1_2' title='bbox 1119 355 1380 411; x_wconf 79' lang='lat' dir='ltr'><strong>ORATIO</strong></span> <span class='ocrx_word' id='word_1_3' title='bbox 1420 355 1506 410; x_wconf 84' lang='lat' dir='ltr'><strong>DE</strong></span> <span class='ocrx_word' id='word_1_4' title='bbox 1542 349 2064 438; x_wconf 50' lang='lat' dir='ltr'><strong>&#39;INCARNA‘TIONE</strong></span> <span class='ocrx_word' id='word_1_5' title='bbox 2105 349 2362 406; x_wconf 82' lang='lat' dir='ltr'><strong>DOMINI.</strong></span> 
     </span>
    </p>
   </div>
   <div class='ocr_carea' id='block_1_3' title="bbox 3274 346 3386 405">
    <p class='ocr_par' dir='ltr' id='par_1_3' title="bbox 3274 346 3386 405">
     <span class='ocr_line' id='line_1_3' title="bbox 3274 346 3386 405; baseline 0 -1"><span class='ocrx_word' id='word_1_6' title='bbox 3274 346 3386 405; x_wconf 70' lang='lat'><strong>7(6</strong></span> 
     </span>
    </p>
   </div>
   <div class='ocr_carea' id='block_1_4' title="bbox 132 462 1712 544">
    <p class='ocr_par' dir='ltr' id='par_1_4' title="bbox 132 464 1712 540">
     <span class='ocr_line' id='line_1_4' title="bbox 132 464 1712 540; baseline 0.002 -21"><span class='ocrx_word' id='word_1_7' title='bbox 132 470 340 523; x_wconf 78' lang='grc' dir='ltr'>πόλεων</span> <span class='ocrx_word' id='word_1_8' title='bbox 362 468 690 538; x_wconf 79' lang='grc' dir='ltr'>πανήγυρις,</span> <span class='ocrx_word' id='word_1_9' title='bbox 719 464 918 539; x_wconf 74' lang='grc' dir='ltr'>ἔχθρας</span> <span class='ocrx_word' id='word_1_10' title='bbox 939 467 1216 538; x_wconf 83' lang='grc' dir='ltr'><strong>ναυάγιον,</strong></span> <span class='ocrx_word' id='word_1_11' title='bbox 1244 469 1427 538; x_wconf 80' lang='grc' dir='ltr'>φιλίας</span> <span class='ocrx_word' id='word_1_12' title='bbox 1460 468 1712 540; x_wconf 79' lang='grc' dir='ltr'>ἀνατολὴ,</span> 
     </span>
    </p>
   </div>
   <div class='ocr_carea' id='block_1_5' title="bbox 1829 462 3384 544">
    <p class='ocr_par' dir='ltr' id='par_1_5' title="bbox 1829 462 3384 537">
     <span class='ocr_line' id='line_1_5' title="bbox 1829 462 3384 537; baseline -0.001 -15"><span class='ocrx_word' id='word_1_13' title='bbox 1829 482 2018 537; x_wconf 81' lang='lat' dir='ltr'><strong>seges;</strong></span> <span class='ocrx_word' id='word_1_14' title='bbox 2071 465 2270 520; x_wconf 66' lang='lat' dir='ltr'><strong>laetitiae</strong></span> <span class='ocrx_word' id='word_1_15' title='bbox 2327 462 2679 533; x_wconf 78' lang='lat' dir='ltr'><strong>conciliatio;</strong></span> <span class='ocrx_word' id='word_1_16' title='bbox 2739 463 3071 535; x_wconf 72' lang='lat' dir='ltr'><strong>precationis</strong></span> <span class='ocrx_word' id='word_1_17' title='bbox 3135 471 3384 535; x_wconf 88' lang='lat' dir='ltr'><strong>tempus;</strong></span> 
     </span>
    </p>
   </div>
   <div class='ocr_carea' id='block_1_6' title="bbox 130 557 1706 632">
    <p class='ocr_par' dir='ltr' id='par_1_6' title="bbox 130 557 1706 632">
     <span class='ocr_line' id='line_1_6' title="bbox 130 557 1706 632; baseline 0.001 -21"><span class='ocrx_word' id='word_1_18' title='bbox 130 559 221 612; x_wconf 72' lang='grc' dir='ltr'><strong>ἰπὶ</strong></span> <span class='ocrx_word' id='word_1_19' title='bbox 274 559 381 629; x_wconf 80' lang='grc' dir='ltr'><strong>γῆς</strong></span> <span class='ocrx_word' id='word_1_20' title='bbox 434 557 684 630; x_wconf 75' lang='grc' dir='ltr'>οὐρανός.</span> <span class='ocrx_word' id='word_1_21' title='bbox 728 559 840 612; x_wconf 71' lang='grc' dir='ltr'><strong>Καὶ</strong></span> <span class='ocrx_word' id='word_1_22' title='bbox 886 559 938 612; x_wconf 89' lang='grc' dir='ltr'><strong>τί</strong></span> <span class='ocrx_word' id='word_1_23' title='bbox 973 558 1042 612; x_wconf 73' lang='grc' dir='ltr'><strong>τά</strong></span> <span class='ocrx_word' id='word_1_24' title='bbox 1087 559 1256 613; x_wconf 77' lang='grc' dir='ltr'>πολλὰ</span> <span class='ocrx_word' id='word_1_25' title='bbox 1289 561 1466 630; x_wconf 83' lang='grc' dir='ltr'>λέγω;</span> <span class='ocrx_word' id='word_1_26' title='bbox 1510 559 1706 632; x_wconf 81' lang='grc' dir='ltr'>Ἐορτὴ</span> 
     </span>
    </p>
   </div>
   <div class='ocr_carea' id='block_1_7' title="bbox 127 651 1704 724">
    <p class='ocr_par' dir='ltr' id='par_1_7' title="bbox 127 651 1704 724">
     <span class='ocr_line' id='line_1_7' title="bbox 127 651 1704 724; baseline 0.001 -18"><span class='ocrx_word' id='word_1_27' title='bbox 127 652 483 714; x_wconf 76' lang='grc' dir='ltr'><strong>ἀναστάσεως</strong></span> <span class='ocrx_word' id='word_1_28' title='bbox 527 651 757 722; x_wconf 82' lang='grc' dir='ltr'>καρπὸς,</span> <span class='ocrx_word' id='word_1_29' title='bbox 804 651 946 708; x_wconf 76' lang='grc' dir='ltr'>κατὰ</span> <span class='ocrx_word' id='word_1_30' title='bbox 975 652 1066 705; x_wconf 86' lang='grc' dir='ltr'><strong>τὸν</strong></span> <span class='ocrx_word' id='word_1_31' title='bbox 1114 654 1400 724; x_wconf 82' lang='grc' dir='ltr'><strong>προφήτην</strong></span> <span class='ocrx_word' id='word_1_32' title='bbox 1452 653 1704 722; x_wconf 83' lang='grc' dir='ltr'>λέγοντα·</span> 
     </span>
    </p>
   </div>
   <div class='ocr_carea' id='block_1_8' title="bbox 138 742 1709 816">
    <p class='ocr_par' dir='ltr' id='par_1_8' title="bbox 138 742 1709 816">
     <span class='ocr_line' id='line_1_8' title="bbox 138 742 1709 816; baseline 0.001 -18"><span class='ocrx_word' id='word_1_33' title='bbox 138 743 437 812; x_wconf 73' lang='grc' dir='ltr'>Ἐόρταζε,</span> <span class='ocrx_word' id='word_1_34' title='bbox 482 742 697 802; x_wconf 82' lang='grc' dir='ltr'>Ἰούδα,</span> <span class='ocrx_word' id='word_1_35' title='bbox 724 743 829 810; x_wconf 82' lang='grc' dir='ltr'><strong>τὰς</strong></span> <span class='ocrx_word' id='word_1_36' title='bbox 862 743 1070 812; x_wconf 79' lang='grc' dir='ltr'>ἑορτάς</span> <span class='ocrx_word' id='word_1_37' title='bbox 1101 760 1217 798; x_wconf 86' lang='grc' dir='ltr'><strong>σου</strong></span> <span class='ocrx_word' id='word_1_38' title='bbox 1239 763 1250 776; x_wconf 89' lang='grc'><strong>·</strong></span> <span class='ocrx_word' id='word_1_39' title='bbox 1283 746 1466 815; x_wconf 79' lang='grc' dir='ltr'><strong>ἀνέϐη</strong></span> <span class='ocrx_word' id='word_1_40' title='bbox 1498 745 1606 816; x_wconf 74' lang='grc' dir='ltr'>γὰρ</span> <span class='ocrx_word' id='word_1_41' title='bbox 1639 745 1709 799; x_wconf 81' lang='grc' dir='ltr'>ἐκ</span> 
     </span>
    </p>
   </div>
   <div class='ocr_carea' id='block_1_9' title="bbox 125 836 1376 907">
    <p class='ocr_par' dir='ltr' id='par_1_9' title="bbox 125 836 1376 907">
     <span class='ocr_line' id='line_1_9' title="bbox 125 836 1376 907; baseline 0.002 -18"><span class='ocrx_word' id='word_1_42' title='bbox 125 837 238 904; x_wconf 71' lang='grc' dir='ltr'>τῆς</span> <span class='ocrx_word' id='word_1_43' title='bbox 266 836 386 906; x_wconf 82' lang='grc' dir='ltr'><strong>τῆς</strong></span> <span class='ocrx_word' id='word_1_44' title='bbox 411 841 443 890; x_wconf 84' lang='grc' dir='ltr'><em>ό</em></span> <span class='ocrx_word' id='word_1_45' title='bbox 469 837 759 907; x_wconf 63' lang='grc' dir='ltr'>ἐμφυσῶν</span> <span class='ocrx_word' id='word_1_46' title='bbox 779 839 868 902; x_wconf 79' lang='grc' dir='ltr'>εἰς</span> <span class='ocrx_word' id='word_1_47' title='bbox 890 838 1216 905; x_wconf 80' lang='grc' dir='ltr'>πρόσωπόν</span> <span class='ocrx_word' id='word_1_48' title='bbox 1237 853 1376 892; x_wconf 88' lang='grc' dir='ltr'>σου.</span> 
     </span>
    </p>
   </div>
   <div class='ocr_carea' id='block_1_10' title="bbox 192 1112 1709 1189">
    <p class='ocr_par' dir='ltr' id='par_1_10' title="bbox 192 1112 1709 1189">
     <span class='ocr_line' id='line_1_10' title="bbox 192 1112 1709 1189; baseline 0.005 -24"><span class='ocrx_word' id='word_1_49' title='bbox 192 1114 276 1166; x_wconf 85' lang='lat' dir='ltr'><strong>B’.</strong></span> <span class='ocrx_word' id='word_1_50' title='bbox 333 1113 494 1166; x_wconf 77' lang='grc' dir='ltr'>Ἀλλά</span> <span class='ocrx_word' id='word_1_51' title='bbox 535 1113 728 1168; x_wconf 79' lang='grc' dir='ltr'>πολλαὶ</span> <span class='ocrx_word' id='word_1_52' title='bbox 767 1116 887 1186; x_wconf 79' lang='grc' dir='ltr'>μὲν,</span> <span class='ocrx_word' id='word_1_53' title='bbox 915 1112 1162 1187; x_wconf 84' lang='grc' dir='ltr'>καθάπερ</span> <span class='ocrx_word' id='word_1_54' title='bbox 1192 1114 1349 1186; x_wconf 78' lang='grc' dir='ltr'>ἔφην,</span> <span class='ocrx_word' id='word_1_55' title='bbox 1377 1117 1432 1170; x_wconf 85' lang='grc' dir='ltr'><strong>αί</strong></span> <span class='ocrx_word' id='word_1_56' title='bbox 1463 1119 1709 1189; x_wconf 85' lang='grc' dir='ltr'>πανηγύ-</span> 
     </span>
    </p>
   </div>
   <div class='ocr_carea' id='block_1_11' title="bbox 125 1207 1711 1284">
    <p class='ocr_par' dir='ltr' id='par_1_11' title="bbox 125 1207 1711 1284">
     <span class='ocr_line' id='line_1_11' title="bbox 125 1207 1711 1284; baseline 0.004 -26"><span class='ocrx_word' id='word_1_57' title='bbox 125 1224 242 1278; x_wconf 85' lang='grc' dir='ltr'>ρεις</span> <span class='ocrx_word' id='word_1_58' title='bbox 264 1225 283 1239; x_wconf 87' lang='grc'><strong>·</strong></span> <span class='ocrx_word' id='word_1_59' title='bbox 315 1208 418 1260; x_wconf 78' lang='grc' dir='ltr'><strong>οὐκ</strong></span> <span class='ocrx_word' id='word_1_60' title='bbox 447 1209 538 1260; x_wconf 82' lang='grc' dir='ltr'><strong>ίσα</strong></span> <span class='ocrx_word' id='word_1_61' title='bbox 572 1207 628 1261; x_wconf 84' lang='grc' dir='ltr'><strong>δὲ</strong></span> <span class='ocrx_word' id='word_1_62' title='bbox 661 1208 769 1260; x_wconf 90' lang='grc' dir='ltr'><strong>τῶν</strong></span> <span class='ocrx_word' id='word_1_63' title='bbox 797 1207 998 1278; x_wconf 79' lang='grc' dir='ltr'>ἑορτῶν</span> <span class='ocrx_word' id='word_1_64' title='bbox 1043 1207 1113 1262; x_wconf 86' lang='grc' dir='ltr'>τὰ</span> <span class='ocrx_word' id='word_1_65' title='bbox 1140 1209 1326 1281; x_wconf 81' lang='grc' dir='ltr'>κέρδη.</span> <span class='ocrx_word' id='word_1_66' title='bbox 1373 1210 1440 1262; x_wconf 79' lang='grc' dir='ltr'>Δί</span> <span class='ocrx_word' id='word_1_67' title='bbox 1476 1211 1576 1280; x_wconf 83' lang='grc' dir='ltr'><strong>μὲν</strong></span> <span class='ocrx_word' id='word_1_68' title='bbox 1603 1211 1711 1284; x_wconf 79' lang='grc' dir='ltr'>γὰρ</span> 
     </span>
    </p>
   </div>
   <div class='ocr_carea' id='block_1_12' title="bbox 121 1298 1714 1372">
    <p class='ocr_par' dir='ltr' id='par_1_12' title="bbox 121 1298 1714 1372">
     <span class='ocr_line' id='line_1_12' title="bbox 121 1298 1714 1372; baseline 0.003 -20"><span class='ocrx_word' id='word_1_69' title='bbox 121 1299 282 1370; x_wconf 74' lang='grc' dir='ltr'>παρὰ</span> <span class='ocrx_word' id='word_1_70' title='bbox 303 1298 440 1351; x_wconf 85' lang='grc' dir='ltr'>Θεοῦ</span> <span class='ocrx_word' id='word_1_71' title='bbox 467 1298 957 1370; x_wconf 80' lang='grc' dir='ltr'>ὲνομοθετήθησαν,</span> <span class='ocrx_word' id='word_1_72' title='bbox 987 1301 1044 1353; x_wconf 87' lang='grc' dir='ltr'><strong>αί</strong></span> <span class='ocrx_word' id='word_1_73' title='bbox 1068 1300 1124 1354; x_wconf 84' lang='grc' dir='ltr'>δὲ</span> <span class='ocrx_word' id='word_1_74' title='bbox 1151 1301 1301 1372; x_wconf 78' lang='grc' dir='ltr'>παρὰ</span> <span class='ocrx_word' id='word_1_75' title='bbox 1331 1301 1573 1356; x_wconf 73' lang='grc' dir='ltr'>διαϐόλου</span> <span class='ocrx_word' id='word_1_76' title='bbox 1603 1306 1714 1356; x_wconf 86' lang='grc' dir='ltr'>εἰσ-</span> 
     </span>
    </p>
   </div>
   <div class='ocr_carea' id='block_1_13' title="bbox 122 1389 1710 1468">
    <p class='ocr_par' dir='ltr' id='par_1_13' title="bbox 122 1389 1710 1468">
     <span class='ocr_line' id='line_1_13' title="bbox 122 1389 1710 1468; baseline -0.003 -26"><span class='ocrx_word' id='word_1_77' title='bbox 122 1389 408 1461; x_wconf 69' lang='grc' dir='ltr'>ἐφρησαν.</span> <span class='ocrx_word' id='word_1_78' title='bbox 461 1389 661 1461; x_wconf 82' lang='grc' dir='ltr'><strong>Διόπερ</strong></span> <span class='ocrx_word' id='word_1_79' title='bbox 695 1391 787 1444; x_wconf 78' lang='grc' dir='ltr'>καὶ</span> <span class='ocrx_word' id='word_1_80' title='bbox 816 1392 872 1444; x_wconf 92' lang='grc' dir='ltr'><strong>αί</strong></span> <span class='ocrx_word' id='word_1_81' title='bbox 915 1393 1032 1461; x_wconf 85' lang='grc' dir='ltr'>μὲν,</span> <span class='ocrx_word' id='word_1_82' title='bbox 1079 1391 1265 1463; x_wconf 73' lang='grc' dir='ltr'>ψυχῶν</span> <span class='ocrx_word' id='word_1_83' title='bbox 1299 1394 1580 1450; x_wconf 73' lang='grc' dir='ltr'><strong>ἀπειλοῦσι</strong></span> <span class='ocrx_word' id='word_1_84' title='bbox 1611 1395 1710 1468; x_wconf 81' lang='grc' dir='ltr'><strong>ζη.</strong></span> 
     </span>
    </p>
   </div>
   <div class='ocr_carea' id='block_1_14' title="bbox 129 1481 1712 1558">
    <p class='ocr_par' dir='ltr' id='par_1_14' title="bbox 129 1481 1712 1558">
     <span class='ocr_line' id='line_1_14' title="bbox 129 1481 1712 1558; baseline 0.006 -27"><span class='ocrx_word' id='word_1_85' title='bbox 129 1481 301 1552; x_wconf 77' lang='grc' dir='ltr'>μίανο</span> <span class='ocrx_word' id='word_1_86' title='bbox 336 1483 396 1534; x_wconf 87' lang='grc' dir='ltr'>αἱ</span> <span class='ocrx_word' id='word_1_87' title='bbox 436 1481 495 1534; x_wconf 84' lang='grc' dir='ltr'>δὲ</span> <span class='ocrx_word' id='word_1_88' title='bbox 537 1487 737 1552; x_wconf 75' lang='grc' dir='ltr'>γαστρὶ</span> <span class='ocrx_word' id='word_1_89' title='bbox 781 1481 1152 1554; x_wconf 89' lang='grc' dir='ltr'>λειτουργοῦσι</span> <span class='ocrx_word' id='word_1_90' title='bbox 1193 1484 1386 1556; x_wconf 73' lang='grc' dir='ltr'>κόρονο</span> <span class='ocrx_word' id='word_1_91' title='bbox 1431 1487 1486 1538; x_wconf 87' lang='grc' dir='ltr'><strong>αἱ</strong></span> <span class='ocrx_word' id='word_1_92' title='bbox 1520 1486 1577 1540; x_wconf 85' lang='grc' dir='ltr'><strong>δὲ</strong></span> <span class='ocrx_word' id='word_1_93' title='bbox 1610 1487 1712 1558; x_wconf 77' lang='grc' dir='ltr'>τῆς</span> 
     </span>
    </p>
   </div>
   <div class='ocr_carea' id='block_1_15' title="bbox 120 1572 1712 1650">
    <p class='ocr_par' dir='ltr' id='par_1_15' title="bbox 120 1572 1712 1650">
     <span class='ocr_line' id='line_1_15' title="bbox 120 1572 1712 1650; baseline 0.004 -24"><span class='ocrx_word' id='word_1_94' title='bbox 120 1574 479 1645; x_wconf 75' lang='grc' dir='ltr'><strong>ἀνθρωπίνης</strong></span> <span class='ocrx_word' id='word_1_95' title='bbox 510 1572 722 1643; x_wconf 83' lang='grc' dir='ltr'>φύσεως</span> <span class='ocrx_word' id='word_1_96' title='bbox 751 1575 1149 1646; x_wconf 72' lang='grc' dir='ltr'><strong>ἐμπορεύονται</strong></span> <span class='ocrx_word' id='word_1_97' title='bbox 1190 1578 1290 1648; x_wconf 78' lang='grc' dir='ltr'>τὴν</span> <span class='ocrx_word' id='word_1_98' title='bbox 1319 1577 1615 1650; x_wconf 87' lang='grc' dir='ltr'>σωτηρίαν.</span> <span class='ocrx_word' id='word_1_99' title='bbox 1649 1581 1712 1633; x_wconf 85' lang='grc' dir='ltr'><strong>Οἱ</strong></span> 
     </span>
    </p>
   </div>
   <div class='ocr_carea' id='block_1_16' title="bbox 122 1664 1714 1738">
    <p class='ocr_par' dir='ltr' id='par_1_16' title="bbox 122 1664 1714 1738">
     <span class='ocr_line' id='line_1_16' title="bbox 122 1664 1714 1738; baseline 0.001 -20"><span class='ocrx_word' id='word_1_100' title='bbox 122 1665 398 1734; x_wconf 76' lang='grc' dir='ltr'>Ἕλληνες</span> <span class='ocrx_word' id='word_1_101' title='bbox 430 1664 814 1735; x_wconf 78' lang='grc' dir='ltr'>ἑορτάζουσιν·</span> <span class='ocrx_word' id='word_1_102' title='bbox 866 1664 981 1718; x_wconf 87' lang='grc' dir='ltr'>ἀλλ’</span> <span class='ocrx_word' id='word_1_103' title='bbox 1019 1666 1259 1736; x_wconf 74' lang='grc' dir='ltr'>αἰσχρῶς</span> <span class='ocrx_word' id='word_1_104' title='bbox 1306 1666 1374 1721; x_wconf 82' lang='grc' dir='ltr'><strong>τά</strong></span> <span class='ocrx_word' id='word_1_105' title='bbox 1415 1667 1562 1738; x_wconf 81' lang='grc' dir='ltr'>πάθη</span> <span class='ocrx_word' id='word_1_106' title='bbox 1595 1667 1714 1720; x_wconf 78' lang='lat' dir='ltr'><strong>Oeo-</strong></span> 
     </span>
    </p>
   </div>
   <div class='ocr_carea' id='block_1_17' title="bbox 121 1757 1714 1830">
    <p class='ocr_par' dir='ltr' id='par_1_17' title="bbox 121 1757 1714 1830">
     <span class='ocr_line' id='line_1_17' title="bbox 121 1757 1714 1830; baseline 0.003 -20"><span class='ocrx_word' id='word_1_107' title='bbox 121 1760 487 1827; x_wconf 82' lang='grc' dir='ltr'>ποιήσαντες,</span> <span class='ocrx_word' id='word_1_108' title='bbox 513 1757 761 1810; x_wconf 75' lang='grc' dir='ltr'>ἐντεῦθεν</span> <span class='ocrx_word' id='word_1_109' title='bbox 791 1759 1193 1828; x_wconf 85' lang='grc' dir='ltr'>ἁναμάττονται</span> <span class='ocrx_word' id='word_1_110' title='bbox 1216 1759 1315 1829; x_wconf 80' lang='grc' dir='ltr'>τῆς</span> <span class='ocrx_word' id='word_1_111' title='bbox 1345 1758 1604 1830; x_wconf 78' lang='grc' dir='ltr'><strong>αἰσχύνης</strong></span> <span class='ocrx_word' id='word_1_112' title='bbox 1623 1760 1714 1814; x_wconf 85' lang='grc' dir='ltr'><strong>τὸν</strong></span> 
     </span>
    </p>
   </div>
   <div class='ocr_carea' id='block_1_18' title="bbox 1815 559 3385 632">
    <p class='ocr_par' dir='ltr' id='par_1_18' title="bbox 1815 559 3385 632">
     <span class='ocr_line' id='line_1_18' title="bbox 1815 559 3385 632; baseline 0.001 -20"><span class='ocrx_word' id='word_1_113' title='bbox 1815 574 2113 632; x_wconf 80' lang='lat' dir='ltr'><strong>pauperum</strong></span> <span class='ocrx_word' id='word_1_114' title='bbox 2159 560 2391 628; x_wconf 86' lang='lat' dir='ltr'><strong>messis;</strong></span> <span class='ocrx_word' id='word_1_115' title='bbox 2443 560 2801 614; x_wconf 84' lang='lat' dir='ltr'><strong>ecclesiarum</strong></span> <span class='ocrx_word' id='word_1_116' title='bbox 2852 566 3112 626; x_wconf 88' lang='lat' dir='ltr'><strong>ornatus;</strong></span> <span class='ocrx_word' id='word_1_117' title='bbox 3168 559 3385 614; x_wconf 84' lang='lat' dir='ltr'><strong>urbium</strong></span> 
     </span>
    </p>
   </div>
   <div class='ocr_carea' id='block_1_19' title="bbox 1815 652 3388 720">
    <p class='ocr_par' dir='ltr' id='par_1_19' title="bbox 1815 652 3388 720">
     <span class='ocr_line' id='line_1_19' title="bbox 1815 652 3388 720; baseline 0 -11"><span class='ocrx_word' id='word_1_118' title='bbox 1815 655 2048 709; x_wconf 82' lang='lat' dir='ltr'><strong>celebris</strong></span> <span class='ocrx_word' id='word_1_119' title='bbox 2093 661 2430 720; x_wconf 90' lang='lat' dir='ltr'><strong>conventus;</strong></span> <span class='ocrx_word' id='word_1_120' title='bbox 2483 653 2782 707; x_wconf 63' lang='lat' dir='ltr'><strong>inimicitia:</strong></span> <span class='ocrx_word' id='word_1_121' title='bbox 2822 652 3086 718; x_wconf 86' lang='lat' dir='ltr'><strong>exitium;</strong></span> <span class='ocrx_word' id='word_1_122' title='bbox 3136 654 3388 709; x_wconf 63' lang='lat' dir='ltr'><strong>amicitia!</strong></span> 
     </span>
    </p>
   </div>
   <div class='ocr_carea' id='block_1_20' title="bbox 1815 744 3387 816">
    <p class='ocr_par' dir='ltr' id='par_1_20' title="bbox 1815 744 3387 816">
     <span class='ocr_line' id='line_1_20' title="bbox 1815 744 3387 816; baseline 0 -16"><span class='ocrx_word' id='word_1_123' title='bbox 1815 754 2002 811; x_wconf 88' lang='lat' dir='ltr'><strong>ortus;</strong></span> <span class='ocrx_word' id='word_1_124' title='bbox 2033 745 2085 799; x_wconf 90' lang='lat' dir='ltr'><strong>in</strong></span> <span class='ocrx_word' id='word_1_125' title='bbox 2111 755 2252 800; x_wconf 87' lang='lat' dir='ltr'><strong>terra</strong></span> <span class='ocrx_word' id='word_1_126' title='bbox 2280 746 2499 800; x_wconf 78' lang='lat' dir='ltr'><strong>cmlum.</strong></span> <span class='ocrx_word' id='word_1_127' title='bbox 2527 744 2665 811; x_wconf 88' lang='lat' dir='ltr'><strong>Quid</strong></span> <span class='ocrx_word' id='word_1_128' title='bbox 2691 760 2819 799; x_wconf 85' lang='lat' dir='ltr'><strong>vero</strong></span> <span class='ocrx_word' id='word_1_129' title='bbox 2849 747 3020 799; x_wconf 88' lang='lat' dir='ltr'><strong>multa</strong></span> <span class='ocrx_word' id='word_1_130' title='bbox 3052 746 3387 816; x_wconf 72' lang='lat' dir='ltr'><strong>prosequor?</strong></span> 
     </span>
    </p>
   </div>
   <div class='ocr_carea' id='block_1_21' title="bbox 1816 835 3387 907">
    <p class='ocr_par' dir='ltr' id='par_1_21' title="bbox 1816 835 3387 907">
     <span class='ocr_line' id='line_1_21' title="bbox 1816 835 3387 907; baseline 0.001 -17"><span class='ocrx_word' id='word_1_131' title='bbox 1816 835 1912 891; x_wconf 89' lang='lat' dir='ltr'><strong>Est</strong></span> <span class='ocrx_word' id='word_1_132' title='bbox 1946 838 2118 892; x_wconf 80' lang='lat' dir='ltr'><strong>festus</strong></span> <span class='ocrx_word' id='word_1_133' title='bbox 2152 836 2270 890; x_wconf 89' lang='lat' dir='ltr'><strong>dies</strong></span> <span class='ocrx_word' id='word_1_134' title='bbox 2324 836 2750 890; x_wconf 82' lang='lat' dir='ltr'><strong>resurrectionis</strong></span> <span class='ocrx_word' id='word_1_135' title='bbox 2785 837 3026 901; x_wconf 86' lang='lat' dir='ltr'><strong>fructus,</strong></span> <span class='ocrx_word' id='word_1_136' title='bbox 3063 837 3215 905; x_wconf 91' lang='lat' dir='ltr'><strong>juxta</strong></span> <span class='ocrx_word' id='word_1_137' title='bbox 3244 837 3387 907; x_wconf 87' lang='lat' dir='ltr'><strong>quod</strong></span> 
     </span>
    </p>
   </div>
   <div class='ocr_carea' id='block_1_22' title="bbox 1816 925 3388 998">
    <p class='ocr_par' dir='ltr' id='par_1_22' title="bbox 1816 925 3388 998">
     <span class='ocr_line' id='line_1_22' title="bbox 1816 925 3388 998; baseline -0.001 -16"><span class='ocrx_word' id='word_1_138' title='bbox 1816 929 1890 982; x_wconf 89' lang='lat' dir='ltr'><strong>ait</strong></span> <span class='ocrx_word' id='word_1_139' title='bbox 1909 927 2200 998; x_wconf 82' lang='lat' dir='ltr'><strong>propheta:</strong></span> <span class='ocrx_word' id='word_1_140' title='bbox 2226 926 2465 989; x_wconf 82' lang='lat' dir='ltr'><strong>Celebra,</strong></span> <span class='ocrx_word' id='word_1_141' title='bbox 2492 925 2657 990; x_wconf 85' lang='lat' dir='ltr'><strong>Juda,</strong></span> <span class='ocrx_word' id='word_1_142' title='bbox 2690 927 2997 984; x_wconf 75' lang='lat' dir='ltr'><strong>festivitates</strong></span> <span class='ocrx_word' id='word_1_143' title='bbox 3018 939 3138 981; x_wconf 83' lang='lat' dir='ltr'><strong>tuas</strong></span> <span class='ocrx_word' id='word_1_144' title='bbox 3159 945 3177 980; x_wconf 87' lang='lat'><strong><em>:</em></strong></span> <span class='ocrx_word' id='word_1_145' title='bbox 3196 928 3388 981; x_wconf 83' lang='lat' dir='ltr'><strong>Ascen-</strong></span> 
     </span>
    </p>
   </div>
   <div class='ocr_carea' id='block_1_23' title="bbox 1818 1019 3317 1090">
    <p class='ocr_par' dir='ltr' id='par_1_23' title="bbox 1818 1019 3317 1090">
     <span class='ocr_line' id='line_1_23' title="bbox 1818 1019 3317 1090; baseline 0 -17"><span class='ocrx_word' id='word_1_146' title='bbox 1818 1020 1896 1074; x_wconf 84' lang='lat' dir='ltr'><strong>dit</strong></span> <span class='ocrx_word' id='word_1_147' title='bbox 1919 1021 2056 1079; x_wconf 70' lang='lat' dir='ltr'><strong>enim</strong></span> <span class='ocrx_word' id='word_1_148' title='bbox 2083 1036 2110 1072; x_wconf 79' lang='grc' dir='ltr'><strong>ε</strong></span> <span class='ocrx_word' id='word_1_149' title='bbox 2143 1029 2305 1082; x_wconf 83' lang='lat' dir='ltr'><strong>terra,</strong></span> <span class='ocrx_word' id='word_1_150' title='bbox 2334 1019 2602 1088; x_wconf 74' lang='lat' dir='ltr'><strong>iusti/ﬂans</strong></span> <span class='ocrx_word' id='word_1_151' title='bbox 2633 1020 2683 1071; x_wconf 88' lang='lat' dir='ltr'><strong>iu</strong></span> <span class='ocrx_word' id='word_1_152' title='bbox 2708 1020 2894 1087; x_wconf 81' lang='lat' dir='ltr'><strong>facient</strong></span> <span class='ocrx_word' id='word_1_153' title='bbox 2931 1027 3077 1071; x_wconf 86' lang='lat' dir='ltr'><strong>tuam</strong></span> <span class='ocrx_word' id='word_1_154' title='bbox 3106 1020 3152 1050; x_wconf 76' lang='lat'><strong>“</strong></span> <span class='ocrx_word' id='word_1_155' title='bbox 3178 1019 3317 1090; x_wconf 75' lang='lat'><strong>(35).</strong></span> 
     </span>
    </p>
   </div>
   <div class='ocr_carea' id='block_1_24' title="bbox 1890 1105 3389 1177">
    <p class='ocr_par' dir='ltr' id='par_1_24' title="bbox 1890 1105 3389 1177">
     <span class='ocr_line' id='line_1_24' title="bbox 1890 1105 3389 1177; baseline -0.004 -13"><span class='ocrx_word' id='word_1_156' title='bbox 1890 1111 1953 1164; x_wconf 92' lang='lat' dir='ltr'><strong>ll.</strong></span> <span class='ocrx_word' id='word_1_157' title='bbox 1995 1112 2063 1162; x_wconf 86' lang='lat' dir='ltr'><strong>At</strong></span> <span class='ocrx_word' id='word_1_158' title='bbox 2111 1124 2241 1163; x_wconf 88' lang='lat' dir='ltr'><strong>sane</strong></span> <span class='ocrx_word' id='word_1_159' title='bbox 2276 1109 2474 1164; x_wconf 72' lang='lat' dir='ltr'><strong>multa:</strong></span> <span class='ocrx_word' id='word_1_160' title='bbox 2519 1107 2737 1177; x_wconf 87' lang='lat' dir='ltr'><strong>quidem</strong></span> <span class='ocrx_word' id='word_1_161' title='bbox 2787 1115 2938 1166; x_wconf 90' lang='lat' dir='ltr'><strong>sunt,</strong></span> <span class='ocrx_word' id='word_1_162' title='bbox 2980 1106 3058 1158; x_wconf 72' lang='lat' dir='ltr'><strong>uti</strong></span> <span class='ocrx_word' id='word_1_163' title='bbox 3106 1105 3389 1170; x_wconf 84' lang='lat' dir='ltr'><strong>dicebam,</strong></span> 
     </span>
    </p>
   </div>
   <div class='ocr_carea' id='block_1_25' title="bbox 1819 1197 3391 1267">
    <p class='ocr_par' dir='ltr' id='par_1_25' title="bbox 1819 1197 3391 1267">
     <span class='ocr_line' id='line_1_25' title="bbox 1819 1197 3391 1267; baseline -0.003 -9"><span class='ocrx_word' id='word_1_164' title='bbox 1819 1203 2088 1258; x_wconf 88' lang='lat' dir='ltr'><strong>solemnes</strong></span> <span class='ocrx_word' id='word_1_165' title='bbox 2117 1200 2496 1263; x_wconf 81' lang='lat' dir='ltr'><strong>celebritates;</strong></span> <span class='ocrx_word' id='word_1_166' title='bbox 2529 1213 2636 1252; x_wconf 91' lang='lat' dir='ltr'><strong>non</strong></span> <span class='ocrx_word' id='word_1_167' title='bbox 2672 1205 2852 1252; x_wconf 82' lang='lat' dir='ltr'><strong>tamen</strong></span> <span class='ocrx_word' id='word_1_168' title='bbox 2881 1197 3114 1267; x_wconf 61' lang='lat' dir='ltr'><strong>aequalia</strong></span> <span class='ocrx_word' id='word_1_169' title='bbox 3151 1209 3278 1253; x_wconf 89' lang='lat' dir='ltr'><strong>sunt</strong></span> <span class='ocrx_word' id='word_1_170' title='bbox 3316 1197 3391 1254; x_wconf 78' lang='lat' dir='ltr'><strong>fe-</strong></span> 
     </span>
    </p>
   </div>
   <div class='ocr_carea' id='block_1_26' title="bbox 1819 1288 3386 1362">
    <p class='ocr_par' dir='ltr' id='par_1_26' title="bbox 1819 1288 3386 1362">
     <span class='ocr_line' id='line_1_26' title="bbox 1819 1288 3386 1362; baseline -0.003 -12"><span class='ocrx_word' id='word_1_171' title='bbox 1819 1295 2021 1350; x_wconf 89' lang='lat' dir='ltr'><strong>riarum</strong></span> <span class='ocrx_word' id='word_1_172' title='bbox 2061 1293 2246 1347; x_wconf 84' lang='lat' dir='ltr'><strong>lucra..</strong></span> <span class='ocrx_word' id='word_1_173' title='bbox 2268 1290 2401 1346; x_wconf 73' lang='lat' dir='ltr'><strong>Alia:</strong></span> <span class='ocrx_word' id='word_1_174' title='bbox 2428 1292 2628 1362; x_wconf 89' lang='lat' dir='ltr'><strong>quippe</strong></span> <span class='ocrx_word' id='word_1_175' title='bbox 2661 1306 2691 1344; x_wconf 91' lang='lat' dir='ltr'><strong>a</strong></span> <span class='ocrx_word' id='word_1_176' title='bbox 2728 1288 2838 1345; x_wconf 90' lang='lat' dir='ltr'><strong>Deo</strong></span> <span class='ocrx_word' id='word_1_177' title='bbox 2869 1300 2996 1345; x_wconf 91' lang='lat' dir='ltr'><strong>sunt</strong></span> <span class='ocrx_word' id='word_1_178' title='bbox 3029 1293 3339 1346; x_wconf 70' lang='lat' dir='ltr'><strong>constitutae</strong></span> <span class='ocrx_word' id='word_1_179' title='bbox 3369 1307 3386 1345; x_wconf 91' lang='lat'><strong>:</strong></span> 
     </span>
    </p>
   </div>
   <div class='ocr_carea' id='block_1_27' title="bbox 1818 1381 3391 1452">
    <p class='ocr_par' dir='ltr' id='par_1_27' title="bbox 1818 1381 3391 1452">
     <span class='ocr_line' id='line_1_27' title="bbox 1818 1381 3391 1452; baseline -0.003 -12"><span class='ocrx_word' id='word_1_180' title='bbox 1818 1387 1936 1440; x_wconf 68' lang='lat' dir='ltr'><strong>alia:</strong></span> <span class='ocrx_word' id='word_1_181' title='bbox 1977 1400 2008 1438; x_wconf 91' lang='lat' dir='ltr'><strong>a</strong></span> <span class='ocrx_word' id='word_1_182' title='bbox 2052 1385 2267 1438; x_wconf 82' lang='lat' dir='ltr'><strong>diabolo</strong></span> <span class='ocrx_word' id='word_1_183' title='bbox 2313 1383 2517 1437; x_wconf 60' lang='lat' dir='ltr'><strong>illatae:</strong></span> <span class='ocrx_word' id='word_1_184' title='bbox 2556 1383 2786 1452; x_wconf 88' lang='lat' dir='ltr'><strong>proinde</strong></span> <span class='ocrx_word' id='word_1_185' title='bbox 2811 1383 2996 1441; x_wconf 85' lang='lat' dir='ltr'><strong>etiam,</strong></span> <span class='ocrx_word' id='word_1_186' title='bbox 3019 1381 3220 1436; x_wconf 86' lang='lat' dir='ltr'><strong>‘harum</strong></span> <span class='ocrx_word' id='word_1_187' title='bbox 3256 1384 3391 1451; x_wconf 90' lang='lat' dir='ltr'><strong>qui-</strong></span> 
     </span>
    </p>
   </div>
   <div class='ocr_carea' id='block_1_28' title="bbox 1820 1474 3392 1543">
    <p class='ocr_par' dir='ltr' id='par_1_28' title="bbox 1820 1474 3392 1543">
     <span class='ocr_line' id='line_1_28' title="bbox 1820 1474 3392 1543; baseline 0 -12"><span class='ocrx_word' id='word_1_188' title='bbox 1820 1477 1942 1531; x_wconf 85' lang='lat' dir='ltr'><strong>dem</strong></span> <span class='ocrx_word' id='word_1_189' title='bbox 1982 1477 2100 1530; x_wconf 62' lang='lat' dir='ltr'><strong>aliae</strong></span> <span class='ocrx_word' id='word_1_190' title='bbox 2145 1475 2200 1529; x_wconf 91' lang='lat' dir='ltr'><strong>in</strong></span> <span class='ocrx_word' id='word_1_191' title='bbox 2253 1475 2558 1528; x_wconf 88' lang='lat' dir='ltr'><strong>animarum</strong></span> <span class='ocrx_word' id='word_1_192' title='bbox 2601 1474 2870 1543; x_wconf 81' lang='lat' dir='ltr'><strong>jacturatn</strong></span> <span class='ocrx_word' id='word_1_193' title='bbox 2923 1484 3240 1542; x_wconf 89' lang='lat' dir='ltr'><strong>vertuntur;</strong></span> <span class='ocrx_word' id='word_1_194' title='bbox 3273 1477 3392 1531; x_wconf 64' lang='lat' dir='ltr'><strong>alia:</strong></span> 
     </span>
    </p>
   </div>
   <div class='ocr_carea' id='block_1_29' title="bbox 1822 1567 3393 1636">
    <p class='ocr_par' dir='ltr' id='par_1_29' title="bbox 1822 1567 3393 1636">
     <span class='ocr_line' id='line_1_29' title="bbox 1822 1567 3393 1636; baseline -0.001 -13"><span class='ocrx_word' id='word_1_195' title='bbox 1822 1570 2029 1625; x_wconf 85' lang='lat' dir='ltr'><strong>ventris</strong></span> <span class='ocrx_word' id='word_1_196' title='bbox 2073 1571 2380 1624; x_wconf 86' lang='lat' dir='ltr'><strong>satietatem</strong></span> <span class='ocrx_word' id='word_1_197' title='bbox 2428 1567 2777 1633; x_wconf 88' lang='lat' dir='ltr'><strong>ministrant;</strong></span> <span class='ocrx_word' id='word_1_198' title='bbox 2833 1567 2954 1620; x_wconf 73' lang='lat' dir='ltr'><strong>aliae</strong></span> <span class='ocrx_word' id='word_1_199' title='bbox 3003 1567 3259 1636; x_wconf 86' lang='lat' dir='ltr'><strong>denique,</strong></span> <span class='ocrx_word' id='word_1_200' title='bbox 3293 1568 3393 1621; x_wconf 86' lang='lat' dir='ltr'><strong>hu-</strong></span> 
     </span>
    </p>
   </div>
   <div class='ocr_carea' id='block_1_30' title="bbox 1821 1657 3392 1732">
    <p class='ocr_par' dir='ltr' id='par_1_30' title="bbox 1821 1657 3392 1732">
     <span class='ocr_line' id='line_1_30' title="bbox 1821 1657 3392 1732; baseline -0.001 -17"><span class='ocrx_word' id='word_1_201' title='bbox 1821 1677 1985 1716; x_wconf 87' lang='lat' dir='ltr'><strong>mano</strong></span> <span class='ocrx_word' id='word_1_202' title='bbox 2015 1661 2198 1732; x_wconf 88' lang='lat' dir='ltr'><strong>generi</strong></span> <span class='ocrx_word' id='word_1_203' title='bbox 2222 1660 2452 1715; x_wconf 83' lang='lat' dir='ltr'><strong>salutem</strong></span> <span class='ocrx_word' id='word_1_204' title='bbox 2482 1659 2847 1729; x_wconf 81' lang='lat' dir='ltr'><strong>negotiantur.</strong></span> <span class='ocrx_word' id='word_1_205' title='bbox 2888 1657 3048 1722; x_wconf 90' lang='lat' dir='ltr'><strong>Puta,</strong></span> <span class='ocrx_word' id='word_1_206' title='bbox 3077 1667 3264 1729; x_wconf 81' lang='lat' dir='ltr'><strong>gentes</strong></span> <span class='ocrx_word' id='word_1_207' title='bbox 3292 1673 3392 1716; x_wconf 83' lang='lat' dir='ltr'><strong>sua</strong></span> 
     </span>
    </p>
   </div>
   <div class='ocr_carea' id='block_1_31' title="bbox 1822 1751 3394 1822">
    <p class='ocr_par' dir='ltr' id='par_1_31' title="bbox 1822 1751 3394 1822">
     <span class='ocr_line' id='line_1_31' title="bbox 1822 1751 3394 1822; baseline -0.001 -13"><span class='ocrx_word' id='word_1_208' title='bbox 1822 1756 1962 1810; x_wconf 78' lang='lat' dir='ltr'><strong>festa</strong></span> <span class='ocrx_word' id='word_1_209' title='bbox 1998 1756 2225 1820; x_wconf 89' lang='lat' dir='ltr'><strong>colunt;</strong></span> <span class='ocrx_word' id='word_1_210' title='bbox 2260 1768 2447 1808; x_wconf 88' lang='lat' dir='ltr'><strong>verum</strong></span> <span class='ocrx_word' id='word_1_211' title='bbox 2474 1754 2708 1822; x_wconf 85' lang='lat' dir='ltr'><strong>turpiter</strong></span> <span class='ocrx_word' id='word_1_212' title='bbox 2730 1751 2958 1807; x_wconf 77' lang='lat' dir='ltr'><strong>aﬂ‘ectus</strong></span> <span class='ocrx_word' id='word_1_213' title='bbox 2984 1752 3299 1808; x_wconf 86' lang='lat' dir='ltr'><strong>deiﬂcantes</strong></span> <span class='ocrx_word' id='word_1_214' title='bbox 3328 1765 3394 1808; x_wconf 88' lang='lat' dir='ltr'><strong>ac</strong></span> 
     </span>
    </p>
   </div>
   <div class='ocr_carea' id='block_1_32' title="bbox 109 1844 1712 1923">
    <p class='ocr_par' dir='ltr' id='par_1_32' title="bbox 109 1847 1712 1920">
     <span class='ocr_line' id='line_1_32' title="bbox 109 1847 1712 1920; baseline -0.002 -17"><span class='ocrx_word' id='word_1_215' title='bbox 109 1849 420 1920; x_wconf 70' lang='grc' dir='ltr'>βόρϐορον.</span> <span class='ocrx_word' id='word_1_216' title='bbox 483 1848 727 1903; x_wconf 83' lang='grc' dir='ltr'>Ἰουδαῖοι</span> <span class='ocrx_word' id='word_1_217' title='bbox 766 1847 926 1902; x_wconf 86' lang='grc' dir='ltr'>πάλιν</span> <span class='ocrx_word' id='word_1_218' title='bbox 971 1848 1353 1920; x_wconf 78' lang='grc' dir='ltr'>ἑορτάζουσιν·</span> <span class='ocrx_word' id='word_1_219' title='bbox 1406 1848 1542 1902; x_wconf 79' lang='grc' dir='ltr'>ἀλλὰ</span> <span class='ocrx_word' id='word_1_220' title='bbox 1596 1848 1712 1901; x_wconf 82' lang='grc' dir='ltr'>θεὸν</span> 
     </span>
    </p>
   </div>
   <div class='ocr_carea' id='block_1_33' title="bbox 1829 1844 3394 1923">
    <p class='ocr_par' dir='ltr' id='par_1_33' title="bbox 1829 1844 3394 1916">
     <span class='ocr_line' id='line_1_33' title="bbox 1829 1844 3394 1916; baseline 0.001 -16"><span class='ocrx_word' id='word_1_221' title='bbox 1829 1847 1970 1909; x_wconf 78' lang='lat' dir='ltr'><strong>vitia,</strong></span> <span class='ocrx_word' id='word_1_222' title='bbox 2029 1847 2386 1916; x_wconf 89' lang='lat' dir='ltr'><strong>turpitudinis</strong></span> <span class='ocrx_word' id='word_1_223' title='bbox 2432 1847 2558 1900; x_wconf 88' lang='lat' dir='ltr'><strong>inde</strong></span> <span class='ocrx_word' id='word_1_224' title='bbox 2605 1859 2822 1900; x_wconf 72' lang='lat' dir='ltr'><strong>omnum</strong></span> <span class='ocrx_word' id='word_1_225' title='bbox 2869 1844 3130 1898; x_wconf 91' lang='lat' dir='ltr'><strong>hauriunt</strong></span> <span class='ocrx_word' id='word_1_226' title='bbox 3170 1860 3233 1900; x_wconf 90' lang='lat' dir='ltr'><strong>ac</strong></span> <span class='ocrx_word' id='word_1_227' title='bbox 3286 1845 3394 1902; x_wconf 84' lang='lat' dir='ltr'><strong>sibi</strong></span> 
     </span>
    </p>
   </div>
   <div class='ocr_carea' id='block_1_34' title="bbox 118 1935 1714 2010">
    <p class='ocr_par' dir='ltr' id='par_1_34' title="bbox 118 1935 1714 2010">
     <span class='ocr_line' id='line_1_34' title="bbox 118 1935 1714 2010; baseline -0.004 -17"><span class='ocrx_word' id='word_1_228' title='bbox 118 1940 218 2010; x_wconf 81' lang='grc' dir='ltr'>τὴν</span> <span class='ocrx_word' id='word_1_229' title='bbox 247 1939 467 1993; x_wconf 81' lang='grc' dir='ltr'>κοιλίαν</span> <span class='ocrx_word' id='word_1_230' title='bbox 491 1937 868 2010; x_wconf 59' lang='grc' dir='ltr'>Ἦιφὲρουσι,</span> <span class='ocrx_word' id='word_1_231' title='bbox 894 1938 1118 2008; x_wconf 80' lang='grc' dir='ltr'>καιροὺς</span> <span class='ocrx_word' id='word_1_232' title='bbox 1143 1935 1555 2007; x_wconf 82' lang='grc' dir='ltr'>ἁμαρτημάτων</span> <span class='ocrx_word' id='word_1_233' title='bbox 1578 1935 1714 2006; x_wconf 81' lang='grc' dir='ltr'>μετὰ</span> 
     </span>
    </p>
   </div>
   <div class='ocr_carea' id='block_1_35' title="bbox 119 1956 1713 2103">
    <p class='ocr_par' dir='ltr' id='par_1_35' title="bbox 119 1956 1713 2103">
     <span class='ocr_line' id='line_1_35' title="bbox 119 1956 1713 2010; baseline -0.004 -17"><span class='ocrx_word' id='word_1_234' title='bbox 119 1957 218 2010; x_wconf 86' lang='grc' dir='ltr'><strong>την</strong></span> <span class='ocrx_word' id='word_1_235' title='bbox 247 1956 467 1993; x_wconf 74' lang='grc' dir='ltr'>κοιλιαν</span> <span class='ocrx_word' id='word_1_236' title='bbox 491 1956 557 1991; x_wconf 89' lang='grc' dir='ltr'><strong>πε</strong></span> <span class='ocrx_word' id='word_1_237' title='bbox 604 1956 868 2009; x_wconf 79' lang='grc' dir='ltr'>ιφερουσι,</span> <span class='ocrx_word' id='word_1_238' title='bbox 894 1956 1118 2008; x_wconf 86' lang='grc' dir='ltr'>καιρους</span> <span class='ocrx_word' id='word_1_239' title='bbox 1143 1956 1555 2007; x_wconf 88' lang='grc' dir='ltr'>αμαρτηματων</span> <span class='ocrx_word' id='word_1_240' title='bbox 1578 1956 1713 2006; x_wconf 85' lang='grc' dir='ltr'>μετα</span> 
     </span>
     <span class='ocr_line' id='line_1_36' title="bbox 119 1956 1713 2103; baseline -0.004 -18"><span class='ocrx_word' id='word_1_241' title='bbox 119 2033 290 2103; x_wconf 76' lang='grc' dir='ltr'>κόρον</span> <span class='ocrx_word' id='word_1_242' title='bbox 311 2031 419 2094; x_wconf 75' lang='grc' dir='ltr'><strong>τὰς</strong></span> <span class='ocrx_word' id='word_1_243' title='bbox 445 1956 639 2103; x_wconf 47' lang='grc' dir='ltr'>ἑορς</span> <span class='ocrx_word' id='word_1_244' title='bbox 670 2027 966 2092; x_wconf 86' lang='grc' dir='ltr'>ποιοῦντες.</span> <span class='ocrx_word' id='word_1_245' title='bbox 1008 2029 1096 2080; x_wconf 82' lang='grc' dir='ltr'><strong>Ἑν</strong></span> <span class='ocrx_word' id='word_1_246' title='bbox 1125 2028 1317 2098; x_wconf 78' lang='grc' dir='ltr'>ἐρήμῳ</span> <span class='ocrx_word' id='word_1_247' title='bbox 1347 2025 1713 2095; x_wconf 75' lang='grc' dir='ltr'>ἑορτάζοντες,</span> 
     </span>
    </p>
   </div>
   <div class='ocr_carea' id='block_1_36' title="bbox 118 2117 1715 2194">
    <p class='ocr_par' dir='ltr' id='par_1_36' title="bbox 118 2117 1715 2194">
     <span class='ocr_line' id='line_1_37' title="bbox 118 2117 1715 2194; baseline -0.003 -19"><span class='ocrx_word' id='word_1_248' title='bbox 118 2125 184 2194; x_wconf 76' lang='grc' dir='ltr'>τῇ</span> <span class='ocrx_word' id='word_1_249' title='bbox 203 2122 390 2175; x_wconf 83' lang='grc' dir='ltr'>εἰκόνι</span> <span class='ocrx_word' id='word_1_250' title='bbox 408 2124 473 2191; x_wconf 84' lang='grc' dir='ltr'>τῇ</span> <span class='ocrx_word' id='word_1_251' title='bbox 501 2123 672 2192; x_wconf 78' lang='grc' dir='ltr'>χρυσῇ</span> <span class='ocrx_word' id='word_1_252' title='bbox 699 2118 1113 2191; x_wconf 86' lang='grc' dir='ltr'>προσεκύνησαν</span> <span class='ocrx_word' id='word_1_253' title='bbox 1132 2136 1146 2149; x_wconf 76' lang='grc' dir='ltr'><strong>ο</strong></span> <span class='ocrx_word' id='word_1_254' title='bbox 1167 2119 1248 2181; x_wconf 88' lang='grc' dir='ltr'><strong>είς</strong></span> <span class='ocrx_word' id='word_1_255' title='bbox 1272 2119 1478 2189; x_wconf 79' lang='grc' dir='ltr'>κρίσεις</span> <span class='ocrx_word' id='word_1_256' title='bbox 1503 2118 1598 2171; x_wconf 66' lang='grc' dir='ltr'><strong>κα)⁹</strong></span> <span class='ocrx_word' id='word_1_257' title='bbox 1613 2117 1715 2188; x_wconf 84' lang='grc' dir='ltr'>μά-</span> 
     </span>
    </p>
   </div>
   <div class='ocr_carea' id='block_1_37' title="bbox 118 2207 1716 2284">
    <p class='ocr_par' dir='ltr' id='par_1_37' title="bbox 118 2207 1716 2284">
     <span class='ocr_line' id='line_1_38' title="bbox 118 2207 1716 2284; baseline 0 -20"><span class='ocrx_word' id='word_1_258' title='bbox 118 2230 220 2282; x_wconf 78' lang='grc' dir='ltr'><strong>χας</strong></span> <span class='ocrx_word' id='word_1_259' title='bbox 235 2214 338 2284; x_wconf 84' lang='grc' dir='ltr'>ἑνή</span> <span class='ocrx_word' id='word_1_260' title='bbox 348 2229 542 2264; x_wconf 77' lang='grc' dir='ltr'>στευον</span> <span class='ocrx_word' id='word_1_261' title='bbox 563 2228 578 2243; x_wconf 87' lang='grc'><strong>·</strong></span> <span class='ocrx_word' id='word_1_262' title='bbox 597 2213 656 2264; x_wconf 81' lang='grc' dir='ltr'><strong>ἑν</strong></span> <span class='ocrx_word' id='word_1_263' title='bbox 689 2209 1081 2282; x_wconf 88' lang='grc' dir='ltr'>Ἰεροσολύμοις</span> <span class='ocrx_word' id='word_1_264' title='bbox 1098 2207 1465 2280; x_wconf 81' lang='grc' dir='ltr'>ἑορτάζοντες,</span> <span class='ocrx_word' id='word_1_265' title='bbox 1485 2208 1716 2281; x_wconf 76' lang='grc' dir='ltr'>σταυρὸν</span> 
     </span>
    </p>
   </div>
   <div class='ocr_carea' id='block_1_38' title="bbox 118 2300 1714 2372">
    <p class='ocr_par' dir='ltr' id='par_1_38' title="bbox 118 2300 1714 2372">
     <span class='ocr_line' id='line_1_39' title="bbox 118 2300 1714 2372; baseline -0.002 -16"><span class='ocrx_word' id='word_1_266' title='bbox 118 2303 269 2356; x_wconf 74' lang='grc' dir='ltr'>κατὰ</span> <span class='ocrx_word' id='word_1_267' title='bbox 297 2301 397 2356; x_wconf 87' lang='grc' dir='ltr'><strong>τοῦ</strong></span> <span class='ocrx_word' id='word_1_268' title='bbox 423 2302 690 2355; x_wconf 87' lang='grc' dir='ltr'>Δεσπότου</span> <span class='ocrx_word' id='word_1_269' title='bbox 726 2301 1049 2372; x_wconf 80' lang='grc' dir='ltr'>συνέπηξαν.</span> <span class='ocrx_word' id='word_1_270' title='bbox 1083 2302 1146 2354; x_wconf 84' lang='grc' dir='ltr'><strong>Ὦ</strong></span> <span class='ocrx_word' id='word_1_271' title='bbox 1179 2300 1465 2355; x_wconf 73' lang='grc' dir='ltr'>Ἰουδαῖκαὶ</span> <span class='ocrx_word' id='word_1_272' title='bbox 1509 2302 1714 2372; x_wconf 71' lang='grc' dir='ltr'>ἑορταὶ,</span> 
     </span>
    </p>
   </div>
   <div class='ocr_carea' id='block_1_39' title="bbox 114 2388 1716 2466">
    <p class='ocr_par' dir='ltr' id='par_1_39' title="bbox 114 2388 1716 2466">
     <span class='ocr_line' id='line_1_40' title="bbox 114 2388 1716 2466; baseline 0.001 -19"><span class='ocrx_word' id='word_1_273' title='bbox 114 2388 190 2447; x_wconf 82' lang='grc' dir='ltr'>ῶν</span> <span class='ocrx_word' id='word_1_274' title='bbox 217 2395 323 2449; x_wconf 70' lang='grc' dir='ltr'>καὶ</span> <span class='ocrx_word' id='word_1_275' title='bbox 357 2397 395 2465; x_wconf 78' lang='grc' dir='ltr'>ἡ</span> <span class='ocrx_word' id='word_1_276' title='bbox 421 2393 710 2466; x_wconf 76' lang='grc' dir='ltr'>φαιδρότης</span> <span class='ocrx_word' id='word_1_277' title='bbox 741 2393 962 2460; x_wconf 81' lang='grc' dir='ltr'>πλάνος,</span> <span class='ocrx_word' id='word_1_278' title='bbox 988 2395 1082 2448; x_wconf 56' lang='grc' dir='ltr'><strong>καὶ⁸</strong></span> <span class='ocrx_word' id='word_1_279' title='bbox 1104 2395 1138 2465; x_wconf 81' lang='grc' dir='ltr'>ἡ</span> <span class='ocrx_word' id='word_1_280' title='bbox 1161 2394 1338 2465; x_wconf 80' lang='grc' dir='ltr'>τρυφὴ</span> <span class='ocrx_word' id='word_1_281' title='bbox 1363 2394 1540 2463; x_wconf 81' lang='grc' dir='ltr'>φόνος.</span> <span class='ocrx_word' id='word_1_282' title='bbox 1573 2395 1639 2447; x_wconf 82' lang='grc' dir='ltr'>Δί</span> <span class='ocrx_word' id='word_1_283' title='bbox 1659 2394 1716 2448; x_wconf 80' lang='grc' dir='ltr'>δὲ</span> 
     </span>
    </p>
   </div>
   <div class='ocr_carea' id='block_1_40' title="bbox 117 2484 1720 2558">
    <p class='ocr_par' dir='ltr' id='par_1_40' title="bbox 117 2484 1720 2558">
     <span class='ocr_line' id='line_1_41' title="bbox 117 2484 1720 2558; baseline 0 -20"><span class='ocrx_word' id='word_1_284' title='bbox 117 2486 230 2539; x_wconf 89' lang='grc' dir='ltr'><strong>τῶν</strong></span> <span class='ocrx_word' id='word_1_285' title='bbox 257 2486 615 2557; x_wconf 84' lang='grc' dir='ltr'>Χριστιανῶν</span> <span class='ocrx_word' id='word_1_286' title='bbox 637 2485 977 2558; x_wconf 82' lang='grc' dir='ltr'>πανηγύρεις</span> <span class='ocrx_word' id='word_1_287' title='bbox 999 2485 1138 2539; x_wconf 83' lang='grc' dir='ltr'>θεῖαι</span> <span class='ocrx_word' id='word_1_288' title='bbox 1171 2485 1264 2539; x_wconf 77' lang='grc' dir='ltr'><strong>καὶ</strong></span> <span class='ocrx_word' id='word_1_289' title='bbox 1292 2484 1602 2557; x_wconf 79' lang='grc' dir='ltr'>παράδοξοι,</span> <span class='ocrx_word' id='word_1_290' title='bbox 1623 2486 1720 2540; x_wconf 77' lang='grc' dir='ltr'>καὶ</span> 
     </span>
    </p>
   </div>
   <div class='ocr_carea' id='block_1_41' title="bbox 113 2577 1718 2651">
    <p class='ocr_par' dir='ltr' id='par_1_41' title="bbox 113 2577 1718 2651">
     <span class='ocr_line' id='line_1_42' title="bbox 113 2577 1718 2651; baseline -0.001 -17"><span class='ocrx_word' id='word_1_291' title='bbox 113 2579 297 2643; x_wconf 72' lang='grc' dir='ltr'>ὅντως</span> <span class='ocrx_word' id='word_1_292' title='bbox 311 2580 497 2651; x_wconf 77' lang='grc' dir='ltr'>πηγαὶ</span> <span class='ocrx_word' id='word_1_293' title='bbox 516 2579 610 2632; x_wconf 76' lang='grc' dir='ltr'>καὶ</span> <span class='ocrx_word' id='word_1_294' title='bbox 623 2579 888 2650; x_wconf 77' lang='grc' dir='ltr'>θησαυροὶ</span> <span class='ocrx_word' id='word_1_295' title='bbox 907 2578 1200 2649; x_wconf 87' lang='grc' dir='ltr'>σωτηρίας.</span> <span class='ocrx_word' id='word_1_296' title='bbox 1232 2578 1293 2630; x_wconf 85' lang='grc' dir='ltr'><strong>Ἦ</strong></span> <span class='ocrx_word' id='word_1_297' title='bbox 1319 2578 1415 2648; x_wconf 84' lang='grc' dir='ltr'>μὲν</span> <span class='ocrx_word' id='word_1_298' title='bbox 1438 2579 1547 2649; x_wconf 82' lang='grc' dir='ltr'><strong>γάρ</strong></span> <span class='ocrx_word' id='word_1_299' title='bbox 1569 2577 1718 2650; x_wconf 81' lang='grc' dir='ltr'>πρώ-</span> 
     </span>
    </p>
   </div>
   <div class='ocr_carea' id='block_1_42' title="bbox 113 2669 1718 2744">
    <p class='ocr_par' dir='ltr' id='par_1_42' title="bbox 113 2669 1718 2744">
     <span class='ocr_line' id='line_1_43' title="bbox 113 2669 1718 2744; baseline 0.001 -20"><span class='ocrx_word' id='word_1_300' title='bbox 113 2689 182 2742; x_wconf 79' lang='grc' dir='ltr'>τη</span> <span class='ocrx_word' id='word_1_301' title='bbox 211 2675 248 2741; x_wconf 73' lang='grc' dir='ltr'>ἡ</span> <span class='ocrx_word' id='word_1_302' title='bbox 259 2671 386 2742; x_wconf 77' lang='grc' dir='ltr'><strong>μῶν</strong></span> <span class='ocrx_word' id='word_1_303' title='bbox 419 2673 744 2743; x_wconf 81' lang='grc' dir='ltr'>πανήγυρις,</span> <span class='ocrx_word' id='word_1_304' title='bbox 783 2671 917 2724; x_wconf 85' lang='grc' dir='ltr'>Θεοῦ</span> <span class='ocrx_word' id='word_1_305' title='bbox 942 2670 1075 2742; x_wconf 79' lang='grc' dir='ltr'>πρὸς</span> <span class='ocrx_word' id='word_1_306' title='bbox 1091 2669 1406 2742; x_wconf 80' lang='grc' dir='ltr'>ἀνθρώπους</span> <span class='ocrx_word' id='word_1_307' title='bbox 1425 2671 1718 2744; x_wconf 80' lang='grc' dir='ltr'>ἐπιδημίαν</span> 
     </span>
    </p>
   </div>
   <div class='ocr_carea' id='block_1_43' title="bbox 114 2761 1720 2834">
    <p class='ocr_par' dir='ltr' id='par_1_43' title="bbox 114 2761 1720 2834">
     <span class='ocr_line' id='line_1_44' title="bbox 114 2761 1720 2834; baseline 0.001 -20"><span class='ocrx_word' id='word_1_308' title='bbox 114 2762 424 2832; x_wconf 84' lang='grc' dir='ltr'>κηρύσσει.</span> <span class='ocrx_word' id='word_1_309' title='bbox 473 2762 539 2814; x_wconf 82' lang='grc' dir='ltr'>Ἡ</span> <span class='ocrx_word' id='word_1_310' title='bbox 561 2762 618 2815; x_wconf 83' lang='grc' dir='ltr'>δὲ</span> <span class='ocrx_word' id='word_1_311' title='bbox 650 2763 764 2832; x_wconf 84' lang='grc' dir='ltr'>μετ’</span> <span class='ocrx_word' id='word_1_312' title='bbox 800 2761 1015 2832; x_wconf 87' lang='grc' dir='ltr'>ἑκείνην</span> <span class='ocrx_word' id='word_1_313' title='bbox 1038 2801 1054 2826; x_wconf 93' lang='grc'><strong>,</strong></span> <span class='ocrx_word' id='word_1_314' title='bbox 1087 2762 1295 2816; x_wconf 85' lang='grc' dir='ltr'>ὑδάτων</span> <span class='ocrx_word' id='word_1_315' title='bbox 1329 2763 1596 2834; x_wconf 81' lang='grc' dir='ltr'>άγιασμὸν</span> <span class='ocrx_word' id='word_1_316' title='bbox 1625 2764 1720 2817; x_wconf 77' lang='grc' dir='ltr'><strong>καὶ</strong></span> 
     </span>
    </p>
   </div>
   <div class='ocr_carea' id='block_1_44' title="bbox 116 2854 1720 2928">
    <p class='ocr_par' dir='ltr' id='par_1_44' title="bbox 116 2854 1720 2928">
     <span class='ocr_line' id='line_1_45' title="bbox 116 2854 1720 2928; baseline 0.001 -19"><span class='ocrx_word' id='word_1_317' title='bbox 116 2854 518 2925; x_wconf 75' lang='grc' dir='ltr'>βαπτίσματος</span> <span class='ocrx_word' id='word_1_318' title='bbox 563 2855 944 2926; x_wconf 71' lang='grc' dir='ltr'>εἰκονογραφεῖ</span> <span class='ocrx_word' id='word_1_319' title='bbox 981 2855 1215 2926; x_wconf 79' lang='grc' dir='ltr'>μήτραν.</span> <span class='ocrx_word' id='word_1_320' title='bbox 1255 2854 1320 2908; x_wconf 86' lang='grc' dir='ltr'><strong>Ἦ</strong></span> <span class='ocrx_word' id='word_1_321' title='bbox 1357 2855 1511 2928; x_wconf 85' lang='grc' dir='ltr'>τρίτη</span> <span class='ocrx_word' id='word_1_322' title='bbox 1552 2857 1720 2910; x_wconf 87' lang='grc' dir='ltr'>κατά-</span> 
     </span>
    </p>
   </div>
   <div class='ocr_carea' id='block_1_45' title="bbox 1818 1936 3394 2008">
    <p class='ocr_par' dir='ltr' id='par_1_45' title="bbox 1818 1936 3394 2008">
     <span class='ocr_line' id='line_1_46' title="bbox 1818 1936 3394 2008; baseline 0.003 -19"><span class='ocrx_word' id='word_1_323' title='bbox 1818 1936 2120 1992; x_wconf 90' lang='lat' dir='ltr'><strong>asciscunt.</strong></span> <span class='ocrx_word' id='word_1_324' title='bbox 2173 1936 2345 1992; x_wconf 66' lang='lat' dir='ltr'><strong>Judaei</strong></span> <span class='ocrx_word' id='word_1_325' title='bbox 2394 1953 2612 2008; x_wconf 88' lang='lat' dir='ltr'><strong>quoque</strong></span> <span class='ocrx_word' id='word_1_326' title='bbox 2652 1937 2771 1991; x_wconf 90' lang='lat' dir='ltr'><strong>dies</strong></span> <span class='ocrx_word' id='word_1_327' title='bbox 2819 1936 2988 1991; x_wconf 85' lang='lat' dir='ltr'><strong>festos</strong></span> <span class='ocrx_word' id='word_1_328' title='bbox 3036 1949 3236 2007; x_wconf 81' lang='lat' dir='ltr'><strong>agunt;</strong></span> <span class='ocrx_word' id='word_1_329' title='bbox 3299 1937 3394 1994; x_wconf 88' lang='lat' dir='ltr'><strong>sed</strong></span> 
     </span>
    </p>
   </div>
   <div class='ocr_carea' id='block_1_46' title="bbox 1817 2027 3396 2100">
    <p class='ocr_par' dir='ltr' id='par_1_46' title="bbox 1817 2027 3396 2100">
     <span class='ocr_line' id='line_1_47' title="bbox 1817 2027 3396 2100; baseline 0.002 -17"><span class='ocrx_word' id='word_1_330' title='bbox 1817 2036 2063 2084; x_wconf 84' lang='lat' dir='ltr'><strong>ventrem</strong></span> <span class='ocrx_word' id='word_1_331' title='bbox 2096 2028 2258 2084; x_wconf 89' lang='lat' dir='ltr'><strong>deum</strong></span> <span class='ocrx_word' id='word_1_332' title='bbox 2295 2029 2712 2092; x_wconf 82' lang='lat' dir='ltr'><strong>circumferunt,</strong></span> <span class='ocrx_word' id='word_1_333' title='bbox 2756 2027 3030 2098; x_wconf 82' lang='lat' dir='ltr'><strong>feriasque</strong></span> <span class='ocrx_word' id='word_1_334' title='bbox 3061 2038 3184 2100; x_wconf 92' lang='lat' dir='ltr'><strong>post</strong></span> <span class='ocrx_word' id='word_1_335' title='bbox 3228 2030 3396 2086; x_wconf 87' lang='lat' dir='ltr'><strong>satie-</strong></span> 
     </span>
    </p>
   </div>
   <div class='ocr_carea' id='block_1_47' title="bbox 1818 2121 3395 2193">
    <p class='ocr_par' dir='ltr' id='par_1_47' title="bbox 1818 2121 3395 2193">
     <span class='ocr_line' id='line_1_48' title="bbox 1818 2121 3395 2193; baseline 0.003 -18"><span class='ocrx_word' id='word_1_336' title='bbox 1818 2129 1984 2177; x_wconf 89' lang='lat' dir='ltr'><strong>tatem</strong></span> <span class='ocrx_word' id='word_1_337' title='bbox 2015 2131 2368 2193; x_wconf 82' lang='lat' dir='ltr'><strong>peccatorum</strong></span> <span class='ocrx_word' id='word_1_338' title='bbox 2417 2139 2616 2179; x_wconf 90' lang='lat' dir='ltr'><strong>causas</strong></span> <span class='ocrx_word' id='word_1_339' title='bbox 2649 2123 2901 2179; x_wconf 90' lang='lat' dir='ltr'><strong>reddunt.</strong></span> <span class='ocrx_word' id='word_1_340' title='bbox 2943 2121 2998 2176; x_wconf 90' lang='lat' dir='ltr'><strong>In</strong></span> <span class='ocrx_word' id='word_1_341' title='bbox 3043 2123 3262 2178; x_wconf 77' lang='lat' dir='ltr'><strong>deserto</strong></span> <span class='ocrx_word' id='word_1_342' title='bbox 3311 2123 3395 2179; x_wconf 82' lang='lat' dir='ltr'><strong>fe-</strong></span> 
     </span>
    </p>
   </div>
   <div class='ocr_carea' id='block_1_48' title="bbox 1819 2214 3398 2285">
    <p class='ocr_par' dir='ltr' id='par_1_48' title="bbox 1819 2214 3398 2285">
     <span class='ocr_line' id='line_1_49' title="bbox 1819 2214 3398 2285; baseline 0.001 -16"><span class='ocrx_word' id='word_1_343' title='bbox 1819 2223 1966 2270; x_wconf 91' lang='lat' dir='ltr'><strong>stum</strong></span> <span class='ocrx_word' id='word_1_344' title='bbox 2025 2214 2318 2270; x_wconf 90' lang='lat' dir='ltr'><strong>actitantes</strong></span> <span class='ocrx_word' id='word_1_345' title='bbox 2365 2215 2528 2280; x_wconf 82' lang='lat' dir='ltr'><strong>(lieni,</strong></span> <span class='ocrx_word' id='word_1_346' title='bbox 2587 2229 2807 2270; x_wconf 86' lang='lat' dir='ltr'><strong>auream</strong></span> <span class='ocrx_word' id='word_1_347' title='bbox 2868 2215 3154 2285; x_wconf 80' lang='lat' dir='ltr'><strong>imaginem</strong></span> <span class='ocrx_word' id='word_1_348' title='bbox 3206 2217 3398 2270; x_wconf 88' lang='lat' dir='ltr'><strong>adora-</strong></span> 
     </span>
    </p>
   </div>
   <div class='ocr_carea' id='block_1_49' title="bbox 1819 2305 3393 2375">
    <p class='ocr_par' dir='ltr' id='par_1_49' title="bbox 1819 2305 3393 2375">
     <span class='ocr_line' id='line_1_50' title="bbox 1819 2305 3393 2375; baseline 0.001 -15"><span class='ocrx_word' id='word_1_349' title='bbox 1819 2305 2003 2360; x_wconf 72' lang='lat' dir='ltr'><strong>runt&quot;</strong></span> <span class='ocrx_word' id='word_1_350' title='bbox 2049 2323 2062 2361; x_wconf 91' lang='lat'><strong>:</strong></span> <span class='ocrx_word' id='word_1_351' title='bbox 2111 2305 2178 2359; x_wconf 86' lang='lat' dir='ltr'><strong>ad</strong></span> <span class='ocrx_word' id='word_1_352' title='bbox 2237 2306 2358 2361; x_wconf 87' lang='lat' dir='ltr'><strong>lites</strong></span> <span class='ocrx_word' id='word_1_353' title='bbox 2409 2312 2463 2361; x_wconf 85' lang='lat' dir='ltr'><strong>et</strong></span> <span class='ocrx_word' id='word_1_354' title='bbox 2515 2307 2894 2361; x_wconf 89' lang='lat' dir='ltr'><strong>contentiones</strong></span> <span class='ocrx_word' id='word_1_355' title='bbox 2946 2305 3270 2375; x_wconf 87' lang='lat' dir='ltr'><strong>jejunabant</strong></span> <span class='ocrx_word' id='word_1_356' title='bbox 3303 2308 3393 2362; x_wconf 83' lang='lat'><strong>“:</strong></span> 
     </span>
    </p>
   </div>
   <div class='ocr_carea' id='block_1_50' title="bbox 1821 2394 3397 2467">
    <p class='ocr_par' dir='ltr' id='par_1_50' title="bbox 1821 2394 3397 2467">
     <span class='ocr_line' id='line_1_51' title="bbox 1821 2394 3397 2467; baseline 0.001 -20"><span class='ocrx_word' id='word_1_357' title='bbox 1821 2395 2212 2467; x_wconf 83' lang='lat' dir='ltr'><strong>Hierosolymis</strong></span> <span class='ocrx_word' id='word_1_358' title='bbox 2249 2394 2445 2452; x_wconf 83' lang='lat' dir='ltr'><strong>festum</strong></span> <span class='ocrx_word' id='word_1_359' title='bbox 2474 2395 2617 2450; x_wconf 90' lang='lat' dir='ltr'><strong>diem</strong></span> <span class='ocrx_word' id='word_1_360' title='bbox 2649 2395 3011 2454; x_wconf 86' lang='lat' dir='ltr'><strong>celebrantes.</strong></span> <span class='ocrx_word' id='word_1_361' title='bbox 3042 2409 3263 2450; x_wconf 90' lang='lat' dir='ltr'><strong>crucem</strong></span> <span class='ocrx_word' id='word_1_362' title='bbox 3297 2394 3397 2448; x_wconf 77' lang='lat' dir='ltr'><strong>ad-</strong></span> 
     </span>
    </p>
   </div>
   <div class='ocr_carea' id='block_1_51' title="bbox 1818 2482 3392 2558">
    <p class='ocr_par' dir='ltr' id='par_1_51' title="bbox 1818 2482 3392 2558">
     <span class='ocr_line' id='line_1_52' title="bbox 1818 2482 3392 2558; baseline -0.002 -16"><span class='ocrx_word' id='word_1_363' title='bbox 1818 2502 2011 2543; x_wconf 92' lang='lat' dir='ltr'><strong>versus</strong></span> <span class='ocrx_word' id='word_1_364' title='bbox 2068 2487 2358 2542; x_wconf 90' lang='lat' dir='ltr'><strong>Dominum</strong></span> <span class='ocrx_word' id='word_1_365' title='bbox 2401 2493 2810 2558; x_wconf 79' lang='lat' dir='ltr'><strong>compegerunt.</strong></span> <span class='ocrx_word' id='word_1_366' title='bbox 2868 2482 2911 2540; x_wconf 92' lang='grc' dir='ltr'>Ο</span> <span class='ocrx_word' id='word_1_367' title='bbox 2948 2484 3172 2539; x_wconf 86' lang='lat' dir='ltr'><strong>.ludaiea</strong></span> <span class='ocrx_word' id='word_1_368' title='bbox 3222 2485 3392 2541; x_wconf 81' lang='lat' dir='ltr'><strong>festal</strong></span> 
     </span>
    </p>
   </div>
   <div class='ocr_carea' id='block_1_52' title="bbox 1819 2577 3398 2650">
    <p class='ocr_par' dir='ltr' id='par_1_52' title="bbox 1819 2577 3398 2650">
     <span class='ocr_line' id='line_1_53' title="bbox 1819 2577 3398 2650; baseline 0.002 -18"><span class='ocrx_word' id='word_1_369' title='bbox 1819 2596 2051 2650; x_wconf 89' lang='lat' dir='ltr'><strong>quorum</strong></span> <span class='ocrx_word' id='word_1_370' title='bbox 2097 2589 2152 2636; x_wconf 90' lang='lat' dir='ltr'><strong>et</strong></span> <span class='ocrx_word' id='word_1_371' title='bbox 2221 2580 2472 2634; x_wconf 88' lang='lat' dir='ltr'><strong>hilaritas</strong></span> <span class='ocrx_word' id='word_1_372' title='bbox 2521 2594 2696 2643; x_wconf 89' lang='lat' dir='ltr'><strong>error,</strong></span> <span class='ocrx_word' id='word_1_373' title='bbox 2737 2588 2790 2633; x_wconf 87' lang='lat' dir='ltr'><strong>et</strong></span> <span class='ocrx_word' id='word_1_374' title='bbox 2837 2577 3045 2633; x_wconf 65' lang='lat' dir='ltr'><strong>deliciae</strong></span> <span class='ocrx_word' id='word_1_375' title='bbox 3076 2579 3275 2634; x_wconf 71' lang='lat' dir='ltr'><strong>caedes.</strong></span> <span class='ocrx_word' id='word_1_376' title='bbox 3328 2579 3398 2635; x_wconf 79' lang='grc' dir='ltr'>Αι</span> 
     </span>
    </p>
   </div>
   <div class='ocr_carea' id='block_1_53' title="bbox 1819 2670 3398 2743">
    <p class='ocr_par' dir='ltr' id='par_1_53' title="bbox 1819 2670 3398 2743">
     <span class='ocr_line' id='line_1_54' title="bbox 1819 2670 3398 2743; baseline 0 -18"><span class='ocrx_word' id='word_1_377' title='bbox 1819 2672 2254 2727; x_wconf 79' lang='lat' dir='ltr'><strong>Christianorum</strong></span> <span class='ocrx_word' id='word_1_378' title='bbox 2301 2672 2562 2728; x_wconf 87' lang='lat' dir='ltr'><strong>solemnia</strong></span> <span class='ocrx_word' id='word_1_379' title='bbox 2596 2670 2708 2743; x_wconf 85' lang='lat'><strong>(&#39;56)</strong></span> <span class='ocrx_word' id='word_1_380' title='bbox 2746 2670 2930 2725; x_wconf 87' lang='lat' dir='ltr'><strong>divina</strong></span> <span class='ocrx_word' id='word_1_381' title='bbox 2975 2681 3103 2726; x_wconf 89' lang='lat' dir='ltr'><strong>sunt</strong></span> <span class='ocrx_word' id='word_1_382' title='bbox 3139 2679 3193 2726; x_wconf 88' lang='lat' dir='ltr'><strong>et</strong></span> <span class='ocrx_word' id='word_1_383' title='bbox 3225 2670 3398 2726; x_wconf 90' lang='lat' dir='ltr'><strong>admi-</strong></span> 
     </span>
    </p>
   </div>
   <div class='ocr_carea' id='block_1_54' title="bbox 1822 2762 3400 2836">
    <p class='ocr_par' dir='ltr' id='par_1_54' title="bbox 1822 2762 3400 2836">
     <span class='ocr_line' id='line_1_55' title="bbox 1822 2762 3400 2836; baseline -0.001 -17"><span class='ocrx_word' id='word_1_384' title='bbox 1822 2765 2035 2829; x_wconf 90' lang='lat' dir='ltr'><strong>rabilia,</strong></span> <span class='ocrx_word' id='word_1_385' title='bbox 2064 2781 2299 2836; x_wconf 85' lang='lat' dir='ltr'><strong>vereque</strong></span> <span class='ocrx_word' id='word_1_386' title='bbox 2351 2765 2530 2820; x_wconf 83' lang='lat' dir='ltr'><strong>fontes</strong></span> <span class='ocrx_word' id='word_1_387' title='bbox 2579 2777 2645 2819; x_wconf 87' lang='lat' dir='ltr'><strong>ac</strong></span> <span class='ocrx_word' id='word_1_388' title='bbox 2697 2763 2940 2818; x_wconf 87' lang='lat' dir='ltr'><strong>thesauri</strong></span> <span class='ocrx_word' id='word_1_389' title='bbox 2988 2764 3205 2820; x_wconf 90' lang='lat' dir='ltr'><strong>salutis.</strong></span> <span class='ocrx_word' id='word_1_390' title='bbox 3264 2762 3400 2819; x_wconf 85' lang='lat' dir='ltr'><strong>Nam</strong></span> 
     </span>
    </p>
   </div>
   <div class='ocr_carea' id='block_1_55' title="bbox 1820 2857 3399 2928">
    <p class='ocr_par' dir='ltr' id='par_1_55' title="bbox 1820 2857 3399 2928">
     <span class='ocr_line' id='line_1_56' title="bbox 1820 2857 3399 2928; baseline 0 -16"><span class='ocrx_word' id='word_1_391' title='bbox 1820 2859 1996 2928; x_wconf 86' lang='lat' dir='ltr'><strong>prima</strong></span> <span class='ocrx_word' id='word_1_392' title='bbox 2027 2866 2214 2914; x_wconf 88' lang='lat' dir='ltr'><strong>nostra</strong></span> <span class='ocrx_word' id='word_1_393' title='bbox 2245 2859 2554 2924; x_wconf 84' lang='lat' dir='ltr'><strong>celebritas,</strong></span> <span class='ocrx_word' id='word_1_394' title='bbox 2591 2857 2686 2913; x_wconf 89' lang='lat' dir='ltr'><strong>Dei</strong></span> <span class='ocrx_word' id='word_1_395' title='bbox 2717 2859 2783 2912; x_wconf 86' lang='lat' dir='ltr'><strong>ad</strong></span> <span class='ocrx_word' id='word_1_396' title='bbox 2826 2858 3076 2914; x_wconf 88' lang='lat' dir='ltr'><strong>homines</strong></span> <span class='ocrx_word' id='word_1_397' title='bbox 3107 2859 3399 2912; x_wconf 72' lang='lat' dir='ltr'><strong>adventum</strong></span> 
     </span>
    </p>
   </div>
   <div class='ocr_carea' id='block_1_56' title="bbox 113 2945 1712 3021">
    <p class='ocr_par' dir='ltr' id='par_1_56' title="bbox 113 2945 1712 3018">
     <span class='ocr_line' id='line_1_57' title="bbox 113 2945 1712 3018; baseline 0.001 -17"><span class='ocrx_word' id='word_1_398' title='bbox 113 2947 282 3001; x_wconf 81' lang='grc' dir='ltr'>δυσιν</span> <span class='ocrx_word' id='word_1_399' title='bbox 313 2946 577 3012; x_wconf 87' lang='grc' dir='ltr'>θανάτου,</span> <span class='ocrx_word' id='word_1_400' title='bbox 615 2947 708 3000; x_wconf 75' lang='grc' dir='ltr'>καὶ</span> <span class='ocrx_word' id='word_1_401' title='bbox 752 2945 984 3018; x_wconf 88' lang='grc' dir='ltr'>σταυροῦ</span> <span class='ocrx_word' id='word_1_402' title='bbox 1024 2946 1306 3018; x_wconf 86' lang='grc' dir='ltr'>τρόπαιον,</span> <span class='ocrx_word' id='word_1_403' title='bbox 1351 2947 1445 3001; x_wconf 75' lang='grc' dir='ltr'>καὶ</span> <span class='ocrx_word' id='word_1_404' title='bbox 1486 2948 1712 3002; x_wconf 82' lang='grc' dir='ltr'>άναστά·</span> 
     </span>
    </p>
   </div>
   <div class='ocr_carea' id='block_1_57' title="bbox 1829 2945 3400 3021">
    <p class='ocr_par' dir='ltr' id='par_1_57' title="bbox 1829 2948 3400 3021">
     <span class='ocr_line' id='line_1_58' title="bbox 1829 2948 3400 3021; baseline 0.001 -19"><span class='ocrx_word' id='word_1_405' title='bbox 1829 2949 2102 3018; x_wconf 71' lang='lat' dir='ltr'><strong>praedicat.</strong></span> <span class='ocrx_word' id='word_1_406' title='bbox 2129 2948 2261 3016; x_wconf 74' lang='lat' dir='ltr'><strong>Quae</strong></span> <span class='ocrx_word' id='word_1_407' title='bbox 2285 2965 2414 3002; x_wconf 87' lang='lat' dir='ltr'><strong>vero</strong></span> <span class='ocrx_word' id='word_1_408' title='bbox 2441 2949 2583 3004; x_wconf 87' lang='lat' dir='ltr'><strong>hanc</strong></span> <span class='ocrx_word' id='word_1_409' title='bbox 2605 2951 2876 3021; x_wconf 87' lang='lat' dir='ltr'><strong>sequitur,</strong></span> <span class='ocrx_word' id='word_1_410' title='bbox 2907 2965 3172 3020; x_wconf 84' lang='lat' dir='ltr'><strong>aquarum</strong></span> <span class='ocrx_word' id='word_1_411' title='bbox 3199 2950 3400 3004; x_wconf 82' lang='lat' dir='ltr'><strong>sancti-</strong></span> 
     </span>
    </p>
   </div>
   <div class='ocr_carea' id='block_1_58' title="bbox 117 3039 1712 3113">
    <p class='ocr_par' dir='ltr' id='par_1_58' title="bbox 117 3039 1712 3113">
     <span class='ocr_line' id='line_1_59' title="bbox 117 3039 1712 3113; baseline 0.002 -22"><span class='ocrx_word' id='word_1_412' title='bbox 117 3057 261 3103; x_wconf 86' lang='grc' dir='ltr'>σεως</span> <span class='ocrx_word' id='word_1_413' title='bbox 305 3039 508 3108; x_wconf 88' lang='grc' dir='ltr'>δῶρον,</span> <span class='ocrx_word' id='word_1_414' title='bbox 544 3040 638 3093; x_wconf 74' lang='grc' dir='ltr'><strong>καὶ</strong></span> <span class='ocrx_word' id='word_1_415' title='bbox 679 3039 950 3110; x_wconf 89' lang='grc' dir='ltr'>πατράσιν</span> <span class='ocrx_word' id='word_1_416' title='bbox 993 3039 1398 3113; x_wconf 77' lang='grc' dir='ltr'>ἑλευθεροποιὺν</span> <span class='ocrx_word' id='word_1_417' title='bbox 1433 3041 1712 3109; x_wconf 81' lang='grc' dir='ltr'>εύαγγέλι-</span> 
     </span>
    </p>
   </div>
   <div class='ocr_carea' id='block_1_59' title="bbox 1829 3039 3402 3113">
    <p class='ocr_par' dir='ltr' id='par_1_59' title="bbox 1829 3041 3402 3112">
     <span class='ocr_line' id='line_1_60' title="bbox 1829 3041 3402 3112; baseline 0 -15"><span class='ocrx_word' id='word_1_418' title='bbox 1829 3041 2132 3097; x_wconf 88' lang='lat' dir='ltr'><strong>licationem</strong></span> <span class='ocrx_word' id='word_1_419' title='bbox 2165 3056 2230 3096; x_wconf 90' lang='lat' dir='ltr'><strong>ac</strong></span> <span class='ocrx_word' id='word_1_420' title='bbox 2277 3041 2626 3112; x_wconf 88' lang='lat' dir='ltr'><strong>baptismatis</strong></span> <span class='ocrx_word' id='word_1_421' title='bbox 2661 3043 2876 3096; x_wconf 81' lang='lat' dir='ltr'><strong>vulvam</strong></span> <span class='ocrx_word' id='word_1_422' title='bbox 2918 3042 3177 3111; x_wconf 81' lang='lat' dir='ltr'><strong>graphice</strong></span> <span class='ocrx_word' id='word_1_423' title='bbox 3218 3041 3402 3111; x_wconf 80' lang='lat' dir='ltr'><strong>expri-</strong></span> 
     </span>
    </p>
   </div>
   <div class='ocr_carea' id='block_1_60' title="bbox 114 3130 1712 3203">
    <p class='ocr_par' dir='ltr' id='par_1_60' title="bbox 114 3130 1712 3203">
     <span class='ocr_line' id='line_1_61' title="bbox 114 3130 1712 3203; baseline 0.002 -21"><span class='ocrx_word' id='word_1_424' title='bbox 114 3132 307 3192; x_wconf 79' lang='grc' dir='ltr'>ζεται.</span> <span class='ocrx_word' id='word_1_425' title='bbox 359 3130 429 3182; x_wconf 79' lang='grc' dir='ltr'><strong>Ἠ</strong></span> <span class='ocrx_word' id='word_1_426' title='bbox 475 3131 735 3203; x_wconf 82' lang='grc' dir='ltr'>τετάρτη,</span> <span class='ocrx_word' id='word_1_427' title='bbox 773 3132 872 3203; x_wconf 83' lang='grc' dir='ltr'>τῆς</span> <span class='ocrx_word' id='word_1_428' title='bbox 913 3130 1184 3203; x_wconf 80' lang='grc' dir='ltr'>ἡμετέρας</span> <span class='ocrx_word' id='word_1_429' title='bbox 1223 3131 1479 3202; x_wconf 80' lang='grc' dir='ltr'>ἀπαρχῆς</span> <span class='ocrx_word' id='word_1_430' title='bbox 1508 3131 1605 3202; x_wconf 82' lang='grc' dir='ltr'><strong>τὴν</strong></span> <span class='ocrx_word' id='word_1_431' title='bbox 1640 3134 1712 3196; x_wconf 84' lang='grc' dir='ltr'><strong>είς</strong></span> 
     </span>
    </p>
   </div>
   <div class='ocr_carea' id='block_1_61' title="bbox 1829 3130 3401 3203">
    <p class='ocr_par' dir='ltr' id='par_1_61' title="bbox 1829 3132 3401 3203">
     <span class='ocr_line' id='line_1_62' title="bbox 1829 3132 3401 3203; baseline 0.002 -16"><span class='ocrx_word' id='word_1_432' title='bbox 1829 3134 1941 3187; x_wconf 89' lang='lat' dir='ltr'><strong>ruit.</strong></span> <span class='ocrx_word' id='word_1_433' title='bbox 1977 3132 2185 3196; x_wconf 86' lang='lat' dir='ltr'><strong>Tertia,</strong></span> <span class='ocrx_word' id='word_1_434' title='bbox 2235 3135 2429 3188; x_wconf 79' lang='lat' dir='ltr'><strong>mortis</strong></span> <span class='ocrx_word' id='word_1_435' title='bbox 2463 3134 2745 3188; x_wconf 83' lang='lat' dir='ltr'><strong>interitum</strong></span> <span class='ocrx_word' id='word_1_436' title='bbox 2789 3148 2854 3188; x_wconf 86' lang='lat' dir='ltr'><strong>ac</strong></span> <span class='ocrx_word' id='word_1_437' title='bbox 2889 3142 3153 3203; x_wconf 73' lang='lat' dir='ltr'><strong>trOpaeum</strong></span> <span class='ocrx_word' id='word_1_438' title='bbox 3188 3136 3401 3198; x_wconf 88' lang='lat' dir='ltr'><strong>crucis,</strong></span> 
     </span>
    </p>
   </div>
   <div class='ocr_carea' id='block_1_62' title="bbox 114 3223 1712 3302">
    <p class='ocr_par' dir='ltr' id='par_1_62' title="bbox 114 3223 1712 3296">
     <span class='ocr_line' id='line_1_63' title="bbox 114 3223 1712 3296; baseline 0.001 -20"><span class='ocrx_word' id='word_1_439' title='bbox 114 3224 403 3294; x_wconf 68' lang='grc' dir='ltr'>εὺρανοὺς</span> <span class='ocrx_word' id='word_1_440' title='bbox 430 3223 636 3290; x_wconf 76' lang='grc' dir='ltr'>ἄνοδον,</span> <span class='ocrx_word' id='word_1_441' title='bbox 683 3226 780 3280; x_wconf 77' lang='grc' dir='ltr'><strong>καὶ</strong></span> <span class='ocrx_word' id='word_1_442' title='bbox 823 3225 924 3296; x_wconf 83' lang='grc' dir='ltr'><strong>τὴν</strong></span> <span class='ocrx_word' id='word_1_443' title='bbox 973 3226 1038 3279; x_wconf 88' lang='grc' dir='ltr'><strong>ἑκ</strong></span> <span class='ocrx_word' id='word_1_444' title='bbox 1078 3225 1268 3291; x_wconf 79' lang='grc' dir='ltr'>δεξιῶν</span> <span class='ocrx_word' id='word_1_445' title='bbox 1312 3225 1552 3295; x_wconf 81' lang='grc' dir='ltr'>κέκραγε</span> <span class='ocrx_word' id='word_1_446' title='bbox 1587 3224 1712 3278; x_wconf 85' lang='grc' dir='ltr'>καθ-</span> 
     </span>
    </p>
   </div>
   <div class='ocr_carea' id='block_1_63' title="bbox 1829 3223 3402 3302">
    <p class='ocr_par' dir='ltr' id='par_1_63' title="bbox 1829 3227 3402 3298">
     <span class='ocr_line' id='line_1_64' title="bbox 1829 3227 3402 3298; baseline 0.002 -19"><span class='ocrx_word' id='word_1_447' title='bbox 1829 3227 2354 3297; x_wconf 86' lang='lat' dir='ltr'><strong>resurrectionisque</strong></span> <span class='ocrx_word' id='word_1_448' title='bbox 2382 3228 2606 3293; x_wconf 88' lang='lat' dir='ltr'><strong>donum,</strong></span> <span class='ocrx_word' id='word_1_449' title='bbox 2637 3242 2701 3281; x_wconf 90' lang='lat' dir='ltr'><strong>ac</strong></span> <span class='ocrx_word' id='word_1_450' title='bbox 2727 3242 2836 3298; x_wconf 92' lang='lat' dir='ltr'><strong>quo</strong></span> <span class='ocrx_word' id='word_1_451' title='bbox 2863 3228 3112 3297; x_wconf 86' lang='lat' dir='ltr'><strong>patribus</strong></span> <span class='ocrx_word' id='word_1_452' title='bbox 3137 3236 3288 3297; x_wconf 86' lang='lat' dir='ltr'><strong>parta</strong></span> <span class='ocrx_word' id='word_1_453' title='bbox 3315 3233 3402 3282; x_wconf 75' lang='lat' dir='ltr'><strong>est</strong></span> 
     </span>
    </p>
   </div>
   <div class='ocr_carea' id='block_1_64' title="bbox 113 3306 1712 3388">
    <p class='ocr_par' dir='ltr' id='par_1_64' title="bbox 113 3306 1712 3388">
     <span class='ocr_line' id='line_1_65' title="bbox 113 3306 1712 3388; baseline 0 -19"><span class='ocrx_word' id='word_1_454' title='bbox 113 3316 311 3388; x_wconf 72' lang='grc' dir='ltr'>έδραν.</span> <span class='ocrx_word' id='word_1_455' title='bbox 345 3317 416 3370; x_wconf 87' lang='grc' dir='ltr'><em>Ἢ</em></span> <span class='ocrx_word' id='word_1_456' title='bbox 440 3316 664 3388; x_wconf 77' lang='grc' dir='ltr'>πέμπτη</span> <span class='ocrx_word' id='word_1_457' title='bbox 686 3316 1006 3388; x_wconf 86' lang='grc' dir='ltr'>Πνεύματος</span> <span class='ocrx_word' id='word_1_458' title='bbox 1035 3315 1190 3384; x_wconf 81' lang='grc' dir='ltr'>ἁγίου</span> <span class='ocrx_word' id='word_1_459' title='bbox 1220 3306 1465 3378; x_wconf 80' lang='grc' dir='ltr'>κάθοδον,</span> <span class='ocrx_word' id='word_1_460' title='bbox 1492 3316 1586 3370; x_wconf 83' lang='grc' dir='ltr'>καὶ</span> <span class='ocrx_word' id='word_1_461' title='bbox 1622 3334 1712 3388; x_wconf 87' lang='grc' dir='ltr'>μυ-</span> 
     </span>
    </p>
   </div>
   <div class='ocr_carea' id='block_1_65' title="bbox 1829 3306 3400 3388">
    <p class='ocr_par' dir='ltr' id='par_1_65' title="bbox 1829 3317 3400 3388">
     <span class='ocr_line' id='line_1_66' title="bbox 1829 3317 3400 3388; baseline -0.001 -16"><span class='ocrx_word' id='word_1_462' title='bbox 1829 3318 2081 3381; x_wconf 89' lang='lat' dir='ltr'><strong>libertas,</strong></span> <span class='ocrx_word' id='word_1_463' title='bbox 2147 3317 2268 3371; x_wconf 66' lang='lat' dir='ltr'><strong>laeto</strong></span> <span class='ocrx_word' id='word_1_464' title='bbox 2309 3317 2603 3388; x_wconf 75' lang='lat' dir='ltr'><strong>faustoque</strong></span> <span class='ocrx_word' id='word_1_465' title='bbox 2642 3319 2836 3372; x_wconf 89' lang='lat' dir='ltr'><strong>nuntio</strong></span> <span class='ocrx_word' id='word_1_466' title='bbox 2883 3318 3110 3372; x_wconf 87' lang='lat' dir='ltr'><strong>indicat.</strong></span> <span class='ocrx_word' id='word_1_467' title='bbox 3173 3317 3400 3383; x_wconf 88' lang='lat' dir='ltr'><strong>Quarta,</strong></span> 
     </span>
    </p>
   </div>
   <div class='ocr_carea' id='block_1_66' title="bbox 115 3401 1712 3481">
    <p class='ocr_par' dir='ltr' id='par_1_66' title="bbox 115 3401 1712 3480">
     <span class='ocr_line' id='line_1_67' title="bbox 115 3401 1712 3480; baseline 0.002 -20"><span class='ocrx_word' id='word_1_468' title='bbox 115 3410 260 3479; x_wconf 80' lang='grc' dir='ltr'>ρίων</span> <span class='ocrx_word' id='word_1_469' title='bbox 302 3407 668 3479; x_wconf 85' lang='grc' dir='ltr'>χαρισμάτων</span> <span class='ocrx_word' id='word_1_470' title='bbox 697 3409 939 3480; x_wconf 77' lang='grc' dir='ltr'>ὄμϐρους</span> <span class='ocrx_word' id='word_1_471' title='bbox 974 3407 1244 3473; x_wconf 78' lang='grc' dir='ltr'>σαλπίζει.</span> <span class='ocrx_word' id='word_1_472' title='bbox 1281 3401 1454 3462; x_wconf 79' lang='grc' dir='ltr'>Αὗταί</span> <span class='ocrx_word' id='word_1_473' title='bbox 1496 3410 1633 3462; x_wconf 77' lang='grc' dir='ltr'>εἰσιν</span> <span class='ocrx_word' id='word_1_474' title='bbox 1663 3410 1712 3463; x_wconf 82' lang='lat' dir='ltr'><strong>al</strong></span> 
     </span>
    </p>
   </div>
   <div class='ocr_carea' id='block_1_67' title="bbox 1829 3401 3401 3481">
    <p class='ocr_par' dir='ltr' id='par_1_67' title="bbox 1829 3411 3401 3481">
     <span class='ocr_line' id='line_1_68' title="bbox 1829 3411 3401 3481; baseline -0.001 -17"><span class='ocrx_word' id='word_1_475' title='bbox 1829 3411 2192 3481; x_wconf 78' lang='lat' dir='ltr'><strong>primitiaruni</strong></span> <span class='ocrx_word' id='word_1_476' title='bbox 2220 3420 2528 3465; x_wconf 87' lang='lat' dir='ltr'><strong>nostrarum</strong></span> <span class='ocrx_word' id='word_1_477' title='bbox 2561 3415 2616 3465; x_wconf 90' lang='lat' dir='ltr'><strong>in</strong></span> <span class='ocrx_word' id='word_1_478' title='bbox 2648 3411 2820 3466; x_wconf 75' lang='lat' dir='ltr'><strong>caelos</strong></span> <span class='ocrx_word' id='word_1_479' title='bbox 2853 3424 3165 3470; x_wconf 87' lang='lat' dir='ltr'><strong>ascensum.</strong></span> <span class='ocrx_word' id='word_1_480' title='bbox 3193 3424 3401 3464; x_wconf 91' lang='lat' dir='ltr'><strong>earum-</strong></span> 
     </span>
    </p>
   </div>
   <div class='ocr_carea' id='block_1_68' title="bbox 113 3499 1712 3575">
    <p class='ocr_par' dir='ltr' id='par_1_68' title="bbox 113 3499 1712 3572">
     <span class='ocr_line' id='line_1_69' title="bbox 113 3499 1712 3572; baseline 0.001 -19"><span class='ocrx_word' id='word_1_481' title='bbox 113 3502 318 3571; x_wconf 79' lang='grc' dir='ltr'>ἑορταὶ</span> <span class='ocrx_word' id='word_1_482' title='bbox 355 3499 426 3563; x_wconf 78' lang='grc' dir='ltr'><strong>ἃς</strong></span> <span class='ocrx_word' id='word_1_483' title='bbox 463 3501 717 3572; x_wconf 82' lang='grc' dir='ltr'>ἐποίησεν</span> <span class='ocrx_word' id='word_1_484' title='bbox 760 3501 789 3552; x_wconf 83' lang='grc' dir='ltr'>ὁ</span> <span class='ocrx_word' id='word_1_485' title='bbox 842 3501 1082 3572; x_wconf 75' lang='grc' dir='ltr'>Κύριοςο</span> <span class='ocrx_word' id='word_1_486' title='bbox 1131 3499 1592 3571; x_wconf 86' lang='grc' dir='ltr'>άγαλλιασώμεθα</span> <span class='ocrx_word' id='word_1_487' title='bbox 1626 3503 1712 3555; x_wconf 71' lang='grc' dir='ltr'><strong>καὶ</strong></span> 
     </span>
    </p>
   </div>
   <div class='ocr_carea' id='block_1_69' title="bbox 1829 3499 3401 3575">
    <p class='ocr_par' dir='ltr' id='par_1_69' title="bbox 1829 3501 3401 3575">
     <span class='ocr_line' id='line_1_70' title="bbox 1829 3501 3401 3575; baseline -0.001 -16"><span class='ocrx_word' id='word_1_488' title='bbox 1829 3521 1934 3575; x_wconf 90' lang='lat' dir='ltr'><strong>que</strong></span> <span class='ocrx_word' id='word_1_489' title='bbox 1971 3522 1999 3558; x_wconf 93' lang='lat' dir='ltr'><strong>a</strong></span> <span class='ocrx_word' id='word_1_490' title='bbox 2039 3505 2250 3560; x_wconf 81' lang='lat' dir='ltr'><strong>dextris</strong></span> <span class='ocrx_word' id='word_1_491' title='bbox 2283 3519 2597 3560; x_wconf 89' lang='lat' dir='ltr'><strong>consessum</strong></span> <span class='ocrx_word' id='word_1_492' title='bbox 2625 3506 2847 3559; x_wconf 92' lang='lat' dir='ltr'><strong>clamat.</strong></span> <span class='ocrx_word' id='word_1_493' title='bbox 2892 3502 3129 3570; x_wconf 91' lang='lat' dir='ltr'><strong>Quinta,</strong></span> <span class='ocrx_word' id='word_1_494' title='bbox 3165 3501 3401 3572; x_wconf 85' lang='lat' dir='ltr'><strong>Spiritus</strong></span> 
     </span>
    </p>
   </div>
   <div class='ocr_carea' id='block_1_70' title="bbox 112 3591 1712 3667">
    <p class='ocr_par' dir='ltr' id='par_1_70' title="bbox 112 3591 854 3663">
     <span class='ocr_line' id='line_1_71' title="bbox 112 3591 854 3663; baseline 0.003 -19"><span class='ocrx_word' id='word_1_495' title='bbox 112 3591 534 3663; x_wconf 61' lang='grc' dir='ltr'>εὖφρανθῶμεν</span> <span class='ocrx_word' id='word_1_496' title='bbox 562 3593 619 3644; x_wconf 85' lang='grc' dir='ltr'>ὲν</span> <span class='ocrx_word' id='word_1_497' title='bbox 644 3593 854 3656; x_wconf 84' lang='grc' dir='ltr'>αὐταῖς.</span> 
     </span>
    </p>
   </div>
   <div class='ocr_carea' id='block_1_71' title="bbox 1829 3591 3398 3667">
    <p class='ocr_par' dir='ltr' id='par_1_71' title="bbox 1829 3595 3398 3667">
     <span class='ocr_line' id='line_1_72' title="bbox 1829 3595 3398 3667; baseline -0.003 -13"><span class='ocrx_word' id='word_1_498' title='bbox 1829 3598 2004 3654; x_wconf 90' lang='lat' dir='ltr'><strong>sancti</strong></span> <span class='ocrx_word' id='word_1_499' title='bbox 2053 3598 2378 3652; x_wconf 88' lang='lat' dir='ltr'><strong>descensum</strong></span> <span class='ocrx_word' id='word_1_500' title='bbox 2417 3611 2490 3664; x_wconf 42' lang='lat' dir='ltr'><strong>,ac</strong></span> <span class='ocrx_word' id='word_1_501' title='bbox 2538 3605 2826 3652; x_wconf 79' lang='lat' dir='ltr'><strong>sexcentos</strong></span> <span class='ocrx_word' id='word_1_502' title='bbox 2866 3597 3163 3667; x_wconf 85' lang='lat' dir='ltr'><strong>gratiarum</strong></span> <span class='ocrx_word' id='word_1_503' title='bbox 3199 3595 3398 3649; x_wconf 79' lang='lat' dir='ltr'><strong>imbres</strong></span> 
     </span>
    </p>
   </div>
   <div class='ocr_carea' id='block_1_72' title="bbox 111 3679 3398 3756">
    <p class='ocr_par' dir='ltr' id='par_1_72' title="bbox 111 3679 3398 3756">
     <span class='ocr_line' id='line_1_73' title="bbox 111 3679 3398 3756; baseline 0.002 -22"><span class='ocrx_word' id='word_1_504' title='bbox 111 3698 218 3736; x_wconf 78' lang='lat' dir='ltr'><strong>ceu</strong></span> <span class='ocrx_word' id='word_1_505' title='bbox 258 3687 414 3736; x_wconf 65' lang='lat' dir='ltr'><strong>tubae</strong></span> <span class='ocrx_word' id='word_1_506' title='bbox 439 3680 713 3750; x_wconf 63' lang='lat' dir='ltr'><strong>praeconio</strong></span> <span class='ocrx_word' id='word_1_507' title='bbox 742 3681 849 3736; x_wconf 88' lang='lat' dir='ltr'><strong>alte</strong></span> <span class='ocrx_word' id='word_1_508' title='bbox 875 3679 1107 3736; x_wconf 92' lang='lat' dir='ltr'><strong>intonat.</strong></span> <span class='ocrx_word' id='word_1_509' title='bbox 1157 3680 1284 3736; x_wconf 75' lang='lat' dir='ltr'><strong>Haec</strong></span> <span class='ocrx_word' id='word_1_510' title='bbox 1347 3680 1616 3737; x_wconf 88' lang='lat' dir='ltr'><strong>solemnia</strong></span> <span class='ocrx_word' id='word_1_511' title='bbox 1644 3692 1775 3739; x_wconf 87' lang='lat' dir='ltr'><strong>sunt</strong></span> <span class='ocrx_word' id='word_1_512' title='bbox 1819 3703 1941 3756; x_wconf 68' lang='lat' dir='ltr'><strong>quae</strong></span> <span class='ocrx_word' id='word_1_513' title='bbox 1986 3685 2116 3742; x_wconf 78' lang='lat' dir='ltr'><strong>fecit</strong></span> <span class='ocrx_word' id='word_1_514' title='bbox 2162 3685 2428 3741; x_wconf 90' lang='lat' dir='ltr'><strong>Dominus</strong></span> <span class='ocrx_word' id='word_1_515' title='bbox 2464 3703 2478 3740; x_wconf 90' lang='lat'><strong>:</strong></span> <span class='ocrx_word' id='word_1_516' title='bbox 2508 3684 2882 3754; x_wconf 82' lang='lat' dir='ltr'><strong>Exsultemus,</strong></span> <span class='ocrx_word' id='word_1_517' title='bbox 2943 3695 3013 3754; x_wconf 51' lang='lat' dir='ltr'><strong>eti</strong></span> <span class='ocrx_word' id='word_1_518' title='bbox 3045 3687 3292 3742; x_wconf 73' lang='lat' dir='ltr'><strong>laetemur</strong></span> <span class='ocrx_word' id='word_1_519' title='bbox 3346 3686 3398 3741; x_wconf 88' lang='lat' dir='ltr'><strong>in</strong></span> 
     </span>
    </p>
   </div>
   <div class='ocr_carea' id='block_1_73' title="bbox 110 3772 288 3829">
    <p class='ocr_par' dir='ltr' id='par_1_73' title="bbox 110 3772 288 3829">
     <span class='ocr_line' id='line_1_74' title="bbox 110 3772 288 3829; baseline -0.034 0"><span class='ocrx_word' id='word_1_520' title='bbox 110 3772 288 3829; x_wconf 76' lang='lat' dir='ltr'><strong>eis&quot;.</strong></span> 
     </span>
    </p>
   </div>
   <div class='ocr_carea' id='block_1_74' title="bbox 192 3861 1726 3935">
    <p class='ocr_par' dir='ltr' id='par_1_74' title="bbox 192 3861 1726 3935">
     <span class='ocr_line' id='line_1_75' title="bbox 192 3861 1726 3935; baseline 0.001 -19"><span class='ocrx_word' id='word_1_521' title='bbox 192 3864 238 3916; x_wconf 87' lang='grc' dir='ltr'><strong>Γ</strong></span> <span class='ocrx_word' id='word_1_522' title='bbox 239 3870 279 3916; x_wconf 93' lang='lat'><strong>&#39;.</strong></span> <span class='ocrx_word' id='word_1_523' title='bbox 328 3866 403 3920; x_wconf 89' lang='grc' dir='ltr'>Τί</span> <span class='ocrx_word' id='word_1_524' title='bbox 463 3863 574 3934; x_wconf 81' lang='grc' dir='ltr'><strong>γάρ</strong></span> <span class='ocrx_word' id='word_1_525' title='bbox 619 3863 723 3917; x_wconf 85' lang='grc' dir='ltr'><strong>οὐκ</strong></span> <span class='ocrx_word' id='word_1_526' title='bbox 759 3861 905 3915; x_wconf 75' lang='grc' dir='ltr'>ἔστιν</span> <span class='ocrx_word' id='word_1_527' title='bbox 935 3863 993 3914; x_wconf 84' lang='grc' dir='ltr'><strong>ἑν</strong></span> <span class='ocrx_word' id='word_1_528' title='bbox 1027 3863 1217 3925; x_wconf 81' lang='grc' dir='ltr'>αὐταῖς</span> <span class='ocrx_word' id='word_1_529' title='bbox 1251 3863 1363 3935; x_wconf 76' lang='lat'><strong>(33)</strong></span> <span class='ocrx_word' id='word_1_530' title='bbox 1415 3863 1726 3935; x_wconf 74' lang='grc' dir='ltr'>θαυμαστὸν</span> 
     </span>
    </p>
   </div>
   <div class='ocr_carea' id='block_1_75' title="bbox 111 3953 1728 4028">
    <p class='ocr_par' dir='ltr' id='par_1_75' title="bbox 111 3953 1728 4028">
     <span class='ocr_line' id='line_1_76' title="bbox 111 3953 1728 4028; baseline -0.001 -17"><span class='ocrx_word' id='word_1_531' title='bbox 111 3958 216 4011; x_wconf 73' lang='grc' dir='ltr'><strong>καὶ</strong></span> <span class='ocrx_word' id='word_1_532' title='bbox 276 3953 610 4026; x_wconf 77' lang='grc' dir='ltr'>παράδοξον,</span> <span class='ocrx_word' id='word_1_533' title='bbox 657 3956 723 4026; x_wconf 84' lang='grc' dir='ltr'>ἢν</span> <span class='ocrx_word' id='word_1_534' title='bbox 763 3953 890 4024; x_wconf 85' lang='grc' dir='ltr'>χθὲς</span> <span class='ocrx_word' id='word_1_535' title='bbox 937 3955 1357 4027; x_wconf 78' lang='grc' dir='ltr'>ἑπετελέσαμεν,</span> <span class='ocrx_word' id='word_1_536' title='bbox 1414 3956 1539 4010; x_wconf 74' lang='grc' dir='ltr'>οὔτε</span> <span class='ocrx_word' id='word_1_537' title='bbox 1588 3958 1728 4028; x_wconf 83' lang='grc' dir='ltr'>μετὰ</span> 
     </span>
    </p>
   </div>
   <div class='ocr_carea' id='block_1_76' title="bbox 111 4040 1726 4121">
    <p class='ocr_par' dir='ltr' id='par_1_76' title="bbox 111 4040 1726 4121">
     <span class='ocr_line' id='line_1_77' title="bbox 111 4040 1726 4121; baseline 0.002 -22"><span class='ocrx_word' id='word_1_538' title='bbox 111 4048 338 4121; x_wconf 75' lang='grc' dir='ltr'>φρίκης</span> <span class='ocrx_word' id='word_1_539' title='bbox 389 4047 486 4099; x_wconf 78' lang='grc' dir='ltr'><strong>καὶ</strong></span> <span class='ocrx_word' id='word_1_540' title='bbox 528 4045 720 4117; x_wconf 80' lang='grc' dir='ltr'>δόξης;</span> <span class='ocrx_word' id='word_1_541' title='bbox 767 4044 830 4098; x_wconf 88' lang='grc' dir='ltr'><strong>Τί</strong></span> <span class='ocrx_word' id='word_1_542' title='bbox 862 4044 970 4117; x_wconf 84' lang='grc' dir='ltr'><strong>γὰρ</strong></span> <span class='ocrx_word' id='word_1_543' title='bbox 1011 4040 1080 4117; x_wconf 79' lang='grc' dir='ltr'><strong>ἦν</strong></span> <span class='ocrx_word' id='word_1_544' title='bbox 1127 4046 1380 4118; x_wconf 82' lang='grc' dir='ltr'>χθεσινῆς</span> <span class='ocrx_word' id='word_1_545' title='bbox 1430 4048 1626 4118; x_wconf 80' lang='grc' dir='ltr'>ἑορτῆς</span> <span class='ocrx_word' id='word_1_546' title='bbox 1666 4047 1726 4102; x_wconf 83' lang='grc' dir='ltr'><strong>τὸ</strong></span> 
     </span>
    </p>
   </div>
   <div class='ocr_carea' id='block_1_77' title="bbox 111 4137 1722 4211">
    <p class='ocr_par' dir='ltr' id='par_1_77' title="bbox 111 4137 1722 4211">
     <span class='ocr_line' id='line_1_78' title="bbox 111 4137 1722 4211; baseline 0 -19"><span class='ocrx_word' id='word_1_547' title='bbox 111 4139 356 4211; x_wconf 74' lang='grc' dir='ltr'>θαῦμας</span> <span class='ocrx_word' id='word_1_548' title='bbox 391 4137 529 4191; x_wconf 82' lang='grc' dir='ltr'>ἀλλὰ</span> <span class='ocrx_word' id='word_1_549' title='bbox 561 4137 888 4210; x_wconf 80' lang='grc' dir='ltr'>παρακαλῶ,</span> <span class='ocrx_word' id='word_1_550' title='bbox 917 4138 1056 4208; x_wconf 85' lang='grc' dir='ltr'>μετὰ</span> <span class='ocrx_word' id='word_1_551' title='bbox 1085 4137 1414 4209; x_wconf 80' lang='grc' dir='ltr'>συγγνώμης</span> <span class='ocrx_word' id='word_1_552' title='bbox 1432 4138 1722 4202; x_wconf 87' lang='grc' dir='ltr'>ἀκούσατε,</span> 
     </span>
    </p>
   </div>
   <div class='ocr_carea' id='block_1_78' title="bbox 108 4228 1724 4303">
    <p class='ocr_par' dir='ltr' id='par_1_78' title="bbox 108 4228 1724 4303">
     <span class='ocr_line' id='line_1_79' title="bbox 108 4228 1724 4303; baseline -0.001 -17"><span class='ocrx_word' id='word_1_553' title='bbox 108 4232 345 4303; x_wconf 84' lang='grc' dir='ltr'>Πηλίνη</span> <span class='ocrx_word' id='word_1_554' title='bbox 385 4229 498 4301; x_wconf 83' lang='grc' dir='ltr'><strong>γὰρ</strong></span> <span class='ocrx_word' id='word_1_555' title='bbox 532 4229 756 4298; x_wconf 86' lang='grc' dir='ltr'>γλῶσσα</span> <span class='ocrx_word' id='word_1_556' title='bbox 797 4228 934 4282; x_wconf 85' lang='grc' dir='ltr'>Θεοῦ</span> <span class='ocrx_word' id='word_1_557' title='bbox 969 4232 1242 4300; x_wconf 84' lang='grc' dir='ltr'>μυστήρια</span> <span class='ocrx_word' id='word_1_558' title='bbox 1291 4231 1724 4302; x_wconf 86' lang='grc' dir='ltr'>διαπορθμεῦσαι</span> 
     </span>
    </p>
   </div>
   <div class='ocr_carea' id='block_1_79' title="bbox 110 4319 1712 4396">
    <p class='ocr_par' dir='ltr' id='par_1_79' title="bbox 110 4319 1712 4396">
     <span class='ocr_line' id='line_1_80' title="bbox 110 4319 1712 4396; baseline -0.003 -17"><span class='ocrx_word' id='word_1_559' title='bbox 110 4325 430 4396; x_wconf 76' lang='grc' dir='ltr'>ἐπιχειρεῖ.</span> <span class='ocrx_word' id='word_1_560' title='bbox 477 4323 545 4374; x_wconf 86' lang='grc' dir='ltr'>Τί</span> <span class='ocrx_word' id='word_1_561' title='bbox 596 4319 689 4376; x_wconf 78' lang='grc' dir='ltr'>οὖν</span> <span class='ocrx_word' id='word_1_562' title='bbox 733 4323 832 4394; x_wconf 83' lang='grc' dir='ltr'><strong>τῆς</strong></span> <span class='ocrx_word' id='word_1_563' title='bbox 886 4323 1140 4394; x_wconf 77' lang='grc' dir='ltr'>χθεσινῆς</span> <span class='ocrx_word' id='word_1_564' title='bbox 1185 4323 1378 4394; x_wconf 77' lang='grc' dir='ltr'>ἑορτῆς</span> <span class='ocrx_word' id='word_1_565' title='bbox 1410 4322 1470 4376; x_wconf 83' lang='grc' dir='ltr'>τὸ</span> <span class='ocrx_word' id='word_1_566' title='bbox 1509 4323 1712 4395; x_wconf 67' lang='grc' dir='ltr'>Θαῦμας</span> 
     </span>
    </p>
   </div>
   <div class='ocr_carea' id='block_1_80' title="bbox 1829 4319 3403 4396">
    <p class='ocr_par' dir='ltr' id='par_1_80' title="bbox 1842 4319 3403 4393">
     <span class='ocr_line' id='line_1_81' title="bbox 1842 4319 3403 4393; baseline 0.003 -21"><span class='ocrx_word' id='word_1_567' title='bbox 1842 4319 1932 4375; x_wconf 85' lang='lat' dir='ltr'><strong>Dei</strong></span> <span class='ocrx_word' id='word_1_568' title='bbox 1952 4322 2208 4391; x_wconf 85' lang='lat' dir='ltr'><strong>mysteria</strong></span> <span class='ocrx_word' id='word_1_569' title='bbox 2228 4319 2512 4375; x_wconf 84' lang='lat' dir='ltr'><strong>traducere</strong></span> <span class='ocrx_word' id='word_1_570' title='bbox 2524 4322 2679 4376; x_wconf 86' lang='lat' dir='ltr'><strong>audet</strong></span> <span class='ocrx_word' id='word_1_571' title='bbox 2702 4337 2764 4375; x_wconf 92' lang='lat' dir='ltr'><strong>ac</strong></span> <span class='ocrx_word' id='word_1_572' title='bbox 2781 4321 3092 4393; x_wconf 76' lang='lat' dir='ltr'><strong>aggreditur</strong></span> <span class='ocrx_word' id='word_1_573' title='bbox 3110 4322 3403 4390; x_wconf 84' lang='lat' dir='ltr'><strong>explicare.</strong></span> 
     </span>
    </p>
   </div>
   <div class='ocr_carea' id='block_1_81' title="bbox 110 4413 1712 4487">
    <p class='ocr_par' dir='ltr' id='par_1_81' title="bbox 110 4414 1712 4487">
     <span class='ocr_line' id='line_1_82' title="bbox 110 4414 1712 4487; baseline -0.004 -14"><span class='ocrx_word' id='word_1_574' title='bbox 110 4419 398 4486; x_wconf 74' lang='grc' dir='ltr'>θεότητος</span> <span class='ocrx_word' id='word_1_575' title='bbox 414 4416 510 4469; x_wconf 74' lang='grc' dir='ltr'><strong>καὶ</strong></span> <span class='ocrx_word' id='word_1_576' title='bbox 533 4414 632 4469; x_wconf 83' lang='grc' dir='ltr'><strong>άνθ</strong></span> <span class='ocrx_word' id='word_1_577' title='bbox 643 4416 950 4487; x_wconf 81' lang='grc' dir='ltr'>ρωπότητος</span> <span class='ocrx_word' id='word_1_578' title='bbox 975 4417 1368 4487; x_wconf 72' lang='grc' dir='ltr'>ἄνερμήνευτον</span> <span class='ocrx_word' id='word_1_579' title='bbox 1396 4417 1712 4486; x_wconf 72' lang='grc' dir='ltr'><strong>μυστήριον⁴</strong></span> 
     </span>
    </p>
   </div>
   <div class='ocr_carea' id='block_1_82' title="bbox 1829 4413 3408 4487">
    <p class='ocr_par' dir='ltr' id='par_1_82' title="bbox 1831 4413 3408 4483">
     <span class='ocr_line' id='line_1_83' title="bbox 1831 4413 3408 4483; baseline 0.002 -15"><span class='ocrx_word' id='word_1_580' title='bbox 1831 4413 2123 4482; x_wconf 81' lang='lat' dir='ltr'><strong>Quodnam</strong></span> <span class='ocrx_word' id='word_1_581' title='bbox 2169 4413 2305 4468; x_wconf 90' lang='lat' dir='ltr'><strong>illud</strong></span> <span class='ocrx_word' id='word_1_582' title='bbox 2368 4413 2554 4483; x_wconf 88' lang='lat' dir='ltr'><strong>itaque</strong></span> <span class='ocrx_word' id='word_1_583' title='bbox 2596 4413 2866 4468; x_wconf 70' lang='lat' dir='ltr'><strong>hesternae</strong></span> <span class='ocrx_word' id='word_1_584' title='bbox 2909 4415 3278 4470; x_wconf 54' lang='lat' dir='ltr'><strong>solem‘nitatis</strong></span> <span class='ocrx_word' id='word_1_585' title='bbox 3323 4421 3408 4471; x_wconf 83' lang='lat' dir='ltr'><strong>est</strong></span> 
     </span>
    </p>
   </div>
   <div class='ocr_carea' id='block_1_83' title="bbox 108 4498 1712 4578">
    <p class='ocr_par' dir='ltr' id='par_1_83' title="bbox 108 4506 1712 4578">
     <span class='ocr_line' id='line_1_84' title="bbox 108 4506 1712 4578; baseline -0.003 -14"><span class='ocrx_word' id='word_1_586' title='bbox 108 4511 256 4564; x_wconf 74' lang='grc' dir='ltr'>ὠδὶν</span> <span class='ocrx_word' id='word_1_587' title='bbox 291 4508 591 4577; x_wconf 76' lang='grc' dir='ltr'>ἁλόχευτος</span> <span class='ocrx_word' id='word_1_588' title='bbox 611 4525 623 4537; x_wconf 89' lang='grc'><strong>·</strong></span> <span class='ocrx_word' id='word_1_589' title='bbox 657 4507 932 4578; x_wconf 87' lang='grc' dir='ltr'>σάρκωσις</span> <span class='ocrx_word' id='word_1_590' title='bbox 957 4507 1184 4570; x_wconf 84' lang='grc' dir='ltr'>ἀπαθῶς</span> <span class='ocrx_word' id='word_1_591' title='bbox 1211 4506 1301 4560; x_wconf 80' lang='grc' dir='ltr'>τὸν</span> <span class='ocrx_word' id='word_1_592' title='bbox 1329 4507 1712 4578; x_wconf 64' lang='grc' dir='ltr'>άσχημάτιστοτ</span> 
     </span>
    </p>
   </div>
   <div class='ocr_carea' id='block_1_84' title="bbox 1829 4498 3410 4578">
    <p class='ocr_par' dir='ltr' id='par_1_84' title="bbox 1838 4505 3410 4564">
     <span class='ocr_line' id='line_1_85' title="bbox 1838 4505 3410 4564; baseline 0.001 -3"><span class='ocrx_word' id='word_1_593' title='bbox 1838 4507 2207 4562; x_wconf 86' lang='lat' dir='ltr'><strong>miraculum?</strong></span> <span class='ocrx_word' id='word_1_594' title='bbox 2251 4505 2526 4560; x_wconf 84' lang='lat' dir='ltr'><strong>Nimirum</strong></span> <span class='ocrx_word' id='word_1_595' title='bbox 2595 4506 2897 4561; x_wconf 85' lang='lat' dir='ltr'><strong>divinitatis</strong></span> <span class='ocrx_word' id='word_1_596' title='bbox 2953 4514 3008 4562; x_wconf 91' lang='lat' dir='ltr'><strong>et</strong></span> <span class='ocrx_word' id='word_1_597' title='bbox 3052 4507 3410 4564; x_wconf 84' lang='lat' dir='ltr'><strong>humanitatis</strong></span> 
     </span>
    </p>
   </div>
   <div class='ocr_carea' id='block_1_85' title="bbox 112 4597 1712 4674">
    <p class='ocr_par' dir='ltr' id='par_1_85' title="bbox 112 4597 1712 4674">
     <span class='ocr_line' id='line_1_86' title="bbox 112 4597 1712 4674; baseline -0.001 -19"><span class='ocrx_word' id='word_1_598' title='bbox 112 4599 520 4674; x_wconf 74' lang='grc' dir='ltr'>μορφώσασαο</span> <span class='ocrx_word' id='word_1_599' title='bbox 553 4599 710 4661; x_wconf 85' lang='grc' dir='ltr'>τόκος</span> <span class='ocrx_word' id='word_1_600' title='bbox 753 4598 1057 4667; x_wconf 78' lang='grc' dir='ltr'>παράδοξος</span> <span class='ocrx_word' id='word_1_601' title='bbox 1079 4615 1092 4628; x_wconf 88' lang='grc'><strong>·</strong></span> <span class='ocrx_word' id='word_1_602' title='bbox 1127 4597 1292 4670; x_wconf 79' lang='grc' dir='ltr'>ἁρχὴ,</span> <span class='ocrx_word' id='word_1_603' title='bbox 1333 4600 1428 4652; x_wconf 75' lang='grc' dir='ltr'><strong>καὶ</strong></span> <span class='ocrx_word' id='word_1_604' title='bbox 1454 4599 1554 4652; x_wconf 86' lang='grc' dir='ltr'><strong>οὐκ</strong></span> <span class='ocrx_word' id='word_1_605' title='bbox 1582 4599 1712 4671; x_wconf 72' lang='grc' dir='ltr'><strong>ἀρχὲ</strong></span> 
     </span>
    </p>
   </div>
   <div class='ocr_carea' id='block_1_86' title="bbox 1829 4597 3411 4674">
    <p class='ocr_par' dir='ltr' id='par_1_86' title="bbox 1833 4597 3411 4671">
     <span class='ocr_line' id='line_1_87' title="bbox 1833 4597 3411 4671; baseline 0.001 -17"><span class='ocrx_word' id='word_1_606' title='bbox 1833 4598 2216 4669; x_wconf 87' lang='lat' dir='ltr'><strong>inexplicabile</strong></span> <span class='ocrx_word' id='word_1_607' title='bbox 2267 4599 2629 4671; x_wconf 89' lang='lat' dir='ltr'><strong>mysterium;</strong></span> <span class='ocrx_word' id='word_1_608' title='bbox 2680 4597 2845 4653; x_wconf 91' lang='lat' dir='ltr'><strong>nullis</strong></span> <span class='ocrx_word' id='word_1_609' title='bbox 2896 4606 3090 4668; x_wconf 90' lang='lat' dir='ltr'><strong>partus</strong></span> <span class='ocrx_word' id='word_1_610' title='bbox 3150 4599 3411 4655; x_wconf 85' lang='lat' dir='ltr'><strong>sordibus</strong></span> 
     </span>
    </p>
   </div>
   <div class='ocr_carea' id='block_1_87' title="bbox 107 4679 1712 4763">
    <p class='ocr_par' dir='ltr' id='par_1_87' title="bbox 107 4690 1712 4763">
     <span class='ocr_line' id='line_1_88' title="bbox 107 4690 1712 4763; baseline -0.002 -16"><span class='ocrx_word' id='word_1_611' title='bbox 107 4693 220 4747; x_wconf 83' lang='grc' dir='ltr'><strong>τοῦ</strong></span> <span class='ocrx_word' id='word_1_612' title='bbox 273 4691 596 4762; x_wconf 79' lang='grc' dir='ltr'>τεχθέντος’</span> <span class='ocrx_word' id='word_1_613' title='bbox 630 4691 730 4763; x_wconf 85' lang='grc' dir='ltr'>τῆς</span> <span class='ocrx_word' id='word_1_614' title='bbox 776 4690 876 4761; x_wconf 84' lang='grc' dir='ltr'><strong>μὲν</strong></span> <span class='ocrx_word' id='word_1_615' title='bbox 923 4691 1031 4762; x_wconf 77' lang='grc' dir='ltr'><strong>γάρ</strong></span> <span class='ocrx_word' id='word_1_616' title='bbox 1060 4690 1474 4762; x_wconf 85' lang='grc' dir='ltr'>άνθρωπότητος</span> <span class='ocrx_word' id='word_1_617' title='bbox 1503 4691 1712 4760; x_wconf 62' lang='grc' dir='ltr'>γέγονει</span> 
     </span>
    </p>
   </div>
   <div class='ocr_carea' id='block_1_88' title="bbox 1829 4679 3411 4763">
    <p class='ocr_par' dir='ltr' id='par_1_88' title="bbox 1836 4679 3411 4762">
     <span class='ocr_line' id='line_1_89' title="bbox 1836 4679 3411 4762; baseline 0 -16"><span class='ocrx_word' id='word_1_618' title='bbox 1836 4692 2122 4762; x_wconf 84' lang='lat' dir='ltr'><strong>inquinata</strong></span> <span class='ocrx_word' id='word_1_619' title='bbox 2160 4679 2385 4762; x_wconf 77' lang='lat' dir='ltr'><strong>proles;</strong></span> <span class='ocrx_word' id='word_1_620' title='bbox 2431 4692 2757 4758; x_wconf 89' lang='lat' dir='ltr'><strong>incarnatio,</strong></span> <span class='ocrx_word' id='word_1_621' title='bbox 2807 4693 2954 4746; x_wconf 89' lang='lat' dir='ltr'><strong>nulla</strong></span> <span class='ocrx_word' id='word_1_622' title='bbox 2994 4685 3411 4762; x_wconf 45' lang='lat' dir='ltr'><strong>eum&#39;passione</strong></span> 
     </span>
    </p>
   </div>
   <div class='ocr_carea' id='block_1_89' title="bbox 105 4782 1712 4858">
    <p class='ocr_par' dir='ltr' id='par_1_89' title="bbox 105 4783 1712 4858">
     <span class='ocr_line' id='line_1_90' title="bbox 105 4783 1712 4858; baseline -0.001 -18"><span class='ocrx_word' id='word_1_623' title='bbox 105 4786 304 4858; x_wconf 75' lang='grc' dir='ltr'>ἁρχὴ,</span> <span class='ocrx_word' id='word_1_624' title='bbox 337 4786 373 4854; x_wconf 83' lang='grc' dir='ltr'>ἡ</span> <span class='ocrx_word' id='word_1_625' title='bbox 404 4783 460 4838; x_wconf 85' lang='grc' dir='ltr'>δὲ</span> <span class='ocrx_word' id='word_1_626' title='bbox 494 4783 686 4854; x_wconf 86' lang='grc' dir='ltr'>θεότης</span> <span class='ocrx_word' id='word_1_627' title='bbox 729 4783 945 4855; x_wconf 79' lang='grc' dir='ltr'>ἔμεινεν</span> <span class='ocrx_word' id='word_1_628' title='bbox 974 4783 1240 4854; x_wconf 73' lang='grc' dir='ltr'>ἄναρχοςο</span> <span class='ocrx_word' id='word_1_629' title='bbox 1277 4783 1458 4855; x_wconf 77' lang='grc' dir='ltr'>μορφὴ</span> <span class='ocrx_word' id='word_1_630' title='bbox 1512 4783 1712 4856; x_wconf 66' lang='grc' dir='ltr'>μορφὴι</span> 
     </span>
    </p>
   </div>
   <div class='ocr_carea' id='block_1_90' title="bbox 1829 4782 3412 4858">
    <p class='ocr_par' dir='ltr' id='par_1_90' title="bbox 1834 4782 3412 4853">
     <span class='ocr_line' id='line_1_91' title="bbox 1834 4782 3412 4853; baseline -0.001 -15"><span class='ocrx_word' id='word_1_631' title='bbox 1834 4784 2171 4845; x_wconf 80' lang='lat' dir='ltr'><strong>informans,</strong></span> <span class='ocrx_word' id='word_1_632' title='bbox 2213 4785 2308 4853; x_wconf 92' lang='lat' dir='ltr'><strong>qui</strong></span> <span class='ocrx_word' id='word_1_633' title='bbox 2359 4783 2566 4836; x_wconf 91' lang='lat' dir='ltr'><strong>nullam</strong></span> <span class='ocrx_word' id='word_1_634' title='bbox 2621 4783 2851 4837; x_wconf 81' lang='lat' dir='ltr'><strong>formam</strong></span> <span class='ocrx_word' id='word_1_635' title='bbox 2896 4790 2992 4836; x_wconf 90' lang='lat' dir='ltr'><strong>aut</strong></span> <span class='ocrx_word' id='word_1_636' title='bbox 3040 4782 3268 4853; x_wconf 80' lang='lat' dir='ltr'><strong>ﬁguram</strong></span> <span class='ocrx_word' id='word_1_637' title='bbox 3317 4782 3412 4836; x_wconf 84' lang='lat' dir='ltr'><strong>ad-</strong></span> 
     </span>
    </p>
   </div>
   <div class='ocr_carea' id='block_1_91' title="bbox 108 4873 1712 4948">
    <p class='ocr_par' dir='ltr' id='par_1_91' title="bbox 108 4874 1712 4948">
     <span class='ocr_line' id='line_1_92' title="bbox 108 4874 1712 4948; baseline -0.001 -18"><span class='ocrx_word' id='word_1_638' title='bbox 108 4875 549 4948; x_wconf 75' lang='grc' dir='ltr'>προσλαϐοῦσα,</span> <span class='ocrx_word' id='word_1_639' title='bbox 599 4878 694 4930; x_wconf 73' lang='grc' dir='ltr'>καὶ</span> <span class='ocrx_word' id='word_1_640' title='bbox 728 4877 762 4947; x_wconf 78' lang='grc' dir='ltr'>ἡ</span> <span class='ocrx_word' id='word_1_641' title='bbox 805 4876 976 4947; x_wconf 77' lang='grc' dir='ltr'>Τριάς</span> <span class='ocrx_word' id='word_1_642' title='bbox 1014 4877 1114 4928; x_wconf 85' lang='grc' dir='ltr'><strong>οὐκ</strong></span> <span class='ocrx_word' id='word_1_643' title='bbox 1151 4874 1474 4930; x_wconf 85' lang='grc' dir='ltr'>ἐπλεόνασεν</span> <span class='ocrx_word' id='word_1_644' title='bbox 1521 4878 1601 4940; x_wconf 83' lang='grc' dir='ltr'><strong>είς</strong></span> <span class='ocrx_word' id='word_1_645' title='bbox 1641 4893 1712 4931; x_wconf 89' lang='grc' dir='ltr'>τε-</span> 
     </span>
    </p>
   </div>
   <div class='ocr_carea' id='block_1_92' title="bbox 1829 4873 3409 4948">
    <p class='ocr_par' dir='ltr' id='par_1_92' title="bbox 1833 4873 3409 4947">
     <span class='ocr_line' id='line_1_93' title="bbox 1833 4873 3409 4947; baseline -0.001 -17"><span class='ocrx_word' id='word_1_646' title='bbox 1833 4877 2016 4930; x_wconf 85' lang='lat' dir='ltr'><strong>mittat</strong></span> <span class='ocrx_word' id='word_1_647' title='bbox 2047 4894 2060 4931; x_wconf 91' lang='lat'><strong>:</strong></span> <span class='ocrx_word' id='word_1_648' title='bbox 2097 4883 2288 4946; x_wconf 87' lang='lat' dir='ltr'><strong>partus</strong></span> <span class='ocrx_word' id='word_1_649' title='bbox 2311 4875 2653 4930; x_wconf 85' lang='lat' dir='ltr'><strong>admirabilis</strong></span> <span class='ocrx_word' id='word_1_650' title='bbox 2691 4875 2837 4947; x_wconf 77' lang='lat'><strong>(37):</strong></span> <span class='ocrx_word' id='word_1_651' title='bbox 2882 4873 3009 4929; x_wconf 84' lang='lat' dir='ltr'><strong>Nati</strong></span> <span class='ocrx_word' id='word_1_652' title='bbox 3053 4874 3409 4946; x_wconf 87' lang='lat' dir='ltr'><strong>principium,</strong></span> 
     </span>
    </p>
   </div>
   <div class='ocr_carea' id='block_1_93' title="bbox 1893 3862 3394 3943">
    <p class='ocr_par' dir='ltr' id='par_1_93' title="bbox 1893 3862 3394 3943">
     <span class='ocr_line' id='line_1_94' title="bbox 1893 3862 3394 3943; baseline -0.003 -20"><span class='ocrx_word' id='word_1_653' title='bbox 1893 3867 1979 3924; x_wconf 85' lang='grc' dir='ltr'><strong>ΠΙ.</strong></span> <span class='ocrx_word' id='word_1_654' title='bbox 2010 3865 2150 3933; x_wconf 83' lang='lat' dir='ltr'><strong>Quid</strong></span> <span class='ocrx_word' id='word_1_655' title='bbox 2187 3865 2332 3922; x_wconf 87' lang='lat' dir='ltr'><strong>enim</strong></span> <span class='ocrx_word' id='word_1_656' title='bbox 2378 3865 2566 3935; x_wconf 88' lang='lat' dir='ltr'><strong>utique</strong></span> <span class='ocrx_word' id='word_1_657' title='bbox 2588 3904 2602 3928; x_wconf 93' lang='lat'><strong>,</strong></span> <span class='ocrx_word' id='word_1_658' title='bbox 2638 3864 2695 3918; x_wconf 90' lang='lat' dir='ltr'><strong>in</strong></span> <span class='ocrx_word' id='word_1_659' title='bbox 2739 3879 2801 3918; x_wconf 90' lang='lat' dir='ltr'><strong>ea</strong></span> <span class='ocrx_word' id='word_1_660' title='bbox 2828 3878 2989 3934; x_wconf 91' lang='lat' dir='ltr'><strong>quam</strong></span> <span class='ocrx_word' id='word_1_661' title='bbox 3016 3863 3273 3943; x_wconf 83' lang='lat' dir='ltr'><strong>hesterna</strong></span> <span class='ocrx_word' id='word_1_662' title='bbox 3301 3862 3394 3918; x_wconf 90' lang='lat' dir='ltr'><strong>die</strong></span> 
     </span>
    </p>
   </div>
   <div class='ocr_carea' id='block_1_94' title="bbox 1830 3955 3386 4032">
    <p class='ocr_par' dir='ltr' id='par_1_94' title="bbox 1830 3955 3386 4032">
     <span class='ocr_line' id='line_1_95' title="bbox 1830 3955 3386 4032; baseline -0.004 -17"><span class='ocrx_word' id='word_1_663' title='bbox 1830 3964 2137 4032; x_wconf 78' lang='lat' dir='ltr'><strong>peregimus</strong></span> <span class='ocrx_word' id='word_1_664' title='bbox 2169 3959 2537 4021; x_wconf 88' lang='lat' dir='ltr'><strong>solemnitate,</strong></span> <span class='ocrx_word' id='word_1_665' title='bbox 2578 3972 2686 4010; x_wconf 92' lang='lat' dir='ltr'><strong>non</strong></span> <span class='ocrx_word' id='word_1_666' title='bbox 2726 3955 3042 4010; x_wconf 78' lang='lat' dir='ltr'><strong>admirabile</strong></span> <span class='ocrx_word' id='word_1_667' title='bbox 3067 3970 3129 4011; x_wconf 85' lang='lat' dir='ltr'><strong>ac</strong></span> <span class='ocrx_word' id='word_1_668' title='bbox 3161 3971 3386 4021; x_wconf 87' lang='lat' dir='ltr'><strong>novum,</strong></span> 
     </span>
    </p>
   </div>
   <div class='ocr_carea' id='block_1_95' title="bbox 1830 4047 3389 4119">
    <p class='ocr_par' dir='ltr' id='par_1_95' title="bbox 1830 4047 3389 4119">
     <span class='ocr_line' id='line_1_96' title="bbox 1830 4047 3389 4119; baseline -0.002 -15"><span class='ocrx_word' id='word_1_669' title='bbox 1830 4054 2144 4118; x_wconf 89' lang='lat' dir='ltr'><strong>honoreque</strong></span> <span class='ocrx_word' id='word_1_670' title='bbox 2206 4063 2269 4102; x_wconf 88' lang='lat' dir='ltr'><strong>ac</strong></span> <span class='ocrx_word' id='word_1_671' title='bbox 2307 4049 2479 4119; x_wconf 82' lang='lat' dir='ltr'><strong>gloria</strong></span> <span class='ocrx_word' id='word_1_672' title='bbox 2527 4048 2951 4118; x_wconf 88' lang='lat' dir='ltr'><strong>plenum?quod</strong></span> <span class='ocrx_word' id='word_1_673' title='bbox 2998 4062 3230 4116; x_wconf 81' lang='lat' dir='ltr'><strong>namque</strong></span> <span class='ocrx_word' id='word_1_674' title='bbox 3255 4047 3389 4101; x_wconf 91' lang='lat' dir='ltr'><strong>illud</strong></span> 
     </span>
    </p>
   </div>
   <div class='ocr_carea' id='block_1_96' title="bbox 1831 4136 3403 4204">
    <p class='ocr_par' dir='ltr' id='par_1_96' title="bbox 1831 4136 3403 4204">
     <span class='ocr_line' id='line_1_97' title="bbox 1831 4136 3403 4204; baseline -0.003 -8"><span class='ocrx_word' id='word_1_675' title='bbox 1831 4143 2103 4196; x_wconf 62' lang='lat' dir='ltr'><strong>hesternae</strong></span> <span class='ocrx_word' id='word_1_676' title='bbox 2135 4139 2446 4195; x_wconf 78' lang='lat' dir='ltr'><strong>festivitatis</strong></span> <span class='ocrx_word' id='word_1_677' title='bbox 2492 4141 2850 4194; x_wconf 84' lang='lat' dir='ltr'><strong>miraculum?</strong></span> <span class='ocrx_word' id='word_1_678' title='bbox 2884 4136 3108 4204; x_wconf 83' lang='lat' dir='ltr'><strong>Verum,</strong></span> <span class='ocrx_word' id='word_1_679' title='bbox 3144 4139 3403 4202; x_wconf 78' lang='lat' dir='ltr'><strong>obsecro,</strong></span> 
     </span>
    </p>
   </div>
   <div class='ocr_carea' id='block_1_97' title="bbox 1839 4231 3409 4302">
    <p class='ocr_par' dir='ltr' id='par_1_97' title="bbox 1839 4231 3409 4302">
     <span class='ocr_line' id='line_1_98' title="bbox 1839 4231 3409 4302; baseline -0.001 -16"><span class='ocrx_word' id='word_1_680' title='bbox 1839 4248 1962 4287; x_wconf 93' lang='lat' dir='ltr'><strong>cum</strong></span> <span class='ocrx_word' id='word_1_681' title='bbox 1985 4232 2316 4302; x_wconf 85' lang='lat' dir='ltr'><strong>indulgentia</strong></span> <span class='ocrx_word' id='word_1_682' title='bbox 2347 4232 2545 4286; x_wconf 90' lang='lat' dir='ltr'><strong>audite.</strong></span> <span class='ocrx_word' id='word_1_683' title='bbox 2575 4231 2742 4286; x_wconf 88' lang='lat' dir='ltr'><strong>Lutea</strong></span> <span class='ocrx_word' id='word_1_684' title='bbox 2774 4232 2917 4286; x_wconf 91' lang='lat' dir='ltr'><strong>enim</strong></span> <span class='ocrx_word' id='word_1_685' title='bbox 2953 4232 3136 4300; x_wconf 87' lang='lat' dir='ltr'><strong>lingua</strong></span> <span class='ocrx_word' id='word_1_686' title='bbox 3173 4241 3256 4285; x_wconf 90' lang='lat' dir='ltr'><strong>est</strong></span> <span class='ocrx_word' id='word_1_687' title='bbox 3285 4245 3409 4300; x_wconf 66' lang='lat' dir='ltr'><strong>quae</strong></span> 
     </span>
    </p>
   </div>
   <div class='ocr_carea' id='block_1_98' title="bbox 179 5029 1712 5104">
    <p class='ocr_par' dir='ltr' id='par_1_98' title="bbox 179 5031 1703 5104">
     <span class='ocr_line' id='line_1_99' title="bbox 179 5031 1703 5104; baseline -0.001 -17"><span class='ocrx_word' id='word_1_688' title='bbox 179 5034 238 5066; x_wconf 78' lang='lat'><strong>“</strong></span> <span class='ocrx_word' id='word_1_689' title='bbox 266 5032 419 5087; x_wconf 80' lang='lat' dir='ltr'><strong>Nah.</strong></span> <span class='ocrx_word' id='word_1_690' title='bbox 450 5047 492 5096; x_wconf 89' lang='grc' dir='ltr'><strong>ι,</strong></span> <span class='ocrx_word' id='word_1_691' title='bbox 523 5032 627 5100; x_wconf 78' lang='lat' dir='ltr'><strong>l5;</strong></span> <span class='ocrx_word' id='word_1_692' title='bbox 660 5048 723 5098; x_wconf 87' lang='grc' dir='ltr'><strong>ιι,</strong></span> <span class='ocrx_word' id='word_1_693' title='bbox 759 5031 812 5086; x_wconf 78' lang='grc'><strong>1.</strong></span> <span class='ocrx_word' id='word_1_694' title='bbox 888 5032 935 5065; x_wconf 75' lang='grc'><strong><em>⁸⁸</em></strong></span> <span class='ocrx_word' id='word_1_695' title='bbox 973 5031 1148 5088; x_wconf 76' lang='lat' dir='ltr'><strong>Exod.</strong></span> <span class='ocrx_word' id='word_1_696' title='bbox 1185 5047 1356 5096; x_wconf 81' lang='lat' dir='ltr'><strong>xxxn,</strong></span> <span class='ocrx_word' id='word_1_697' title='bbox 1391 5031 1416 5084; x_wconf 80' lang='grc'><strong>1</strong></span> <span class='ocrx_word' id='word_1_698' title='bbox 1455 5048 1579 5104; x_wconf 86' lang='lat' dir='ltr'><strong>sqq.</strong></span> <span class='ocrx_word' id='word_1_699' title='bbox 1656 5031 1703 5063; x_wconf 81' lang='grc'>⁸⁸</span> 
     </span>
    </p>
   </div>
   <div class='ocr_carea' id='block_1_99' title="bbox 1829 5029 2758 5104">
    <p class='ocr_par' dir='ltr' id='par_1_99' title="bbox 1836 5029 2758 5097">
     <span class='ocr_line' id='line_1_100' title="bbox 1836 5029 2758 5097; baseline 0.003 -13"><span class='ocrx_word' id='word_1_700' title='bbox 1836 5069 1850 5084; x_wconf 91' lang='grc'><strong>.</strong></span> <span class='ocrx_word' id='word_1_701' title='bbox 1887 5045 2044 5096; x_wconf 80' lang='lat' dir='ltr'><strong>LVIII,</strong></span> <span class='ocrx_word' id='word_1_702' title='bbox 2075 5031 2129 5086; x_wconf 75' lang='grc'><strong>4.</strong></span> <span class='ocrx_word' id='word_1_703' title='bbox 2208 5031 2251 5062; x_wconf 80' lang='grc'><strong>⁸⁷</strong></span> <span class='ocrx_word' id='word_1_704' title='bbox 2278 5029 2424 5086; x_wconf 86' lang='lat' dir='ltr'><strong>Psal.</strong></span> <span class='ocrx_word' id='word_1_705' title='bbox 2465 5045 2632 5097; x_wconf 85' lang='lat' dir='ltr'><strong>cxvn,</strong></span> <span class='ocrx_word' id='word_1_706' title='bbox 2663 5031 2758 5088; x_wconf 69' lang='lat'><strong>24.</strong></span> 
     </span>
    </p>
   </div>
   <div class='ocr_carea' id='block_1_100' title="bbox 193 5189 696 5262">
    <p class='ocr_par' dir='ltr' id='par_1_100' title="bbox 193 5189 696 5262">
     <span class='ocr_line' id='line_1_101' title="bbox 193 5189 696 5262; baseline -0.008 -15"><span class='ocrx_word' id='word_1_707' title='bbox 193 5191 325 5260; x_wconf 66' lang='grc'><strong>(34)</strong></span> <span class='ocrx_word' id='word_1_708' title='bbox 368 5189 502 5262; x_wconf 67' lang='lat' dir='ltr'><strong>[.eg.</strong></span> <span class='ocrx_word' id='word_1_709' title='bbox 524 5191 696 5262; x_wconf 80' lang='grc' dir='ltr'>αὐτῇ.</span> 
     </span>
    </p>
   </div>
   <div class='ocr_carea' id='block_1_101' title="bbox 194 5258 1726 5334">
    <p class='ocr_par' dir='ltr' id='par_1_101' title="bbox 194 5258 1726 5334">
     <span class='ocr_line' id='line_1_102' title="bbox 194 5258 1726 5334; baseline -0.002 -17"><span class='ocrx_word' id='word_1_710' title='bbox 194 5258 327 5334; x_wconf 75' lang='lat'><strong>(35)</strong></span> <span class='ocrx_word' id='word_1_711' title='bbox 369 5258 740 5334; x_wconf 58' lang='lat' dir='ltr'><strong>Iusuﬂlansin</strong></span> <span class='ocrx_word' id='word_1_712' title='bbox 770 5260 960 5334; x_wconf 77' lang='lat' dir='ltr'><strong>faciem</strong></span> <span class='ocrx_word' id='word_1_713' title='bbox 992 5269 1161 5334; x_wconf 68' lang='lat' dir='ltr'><strong>tuum.</strong></span> <span class='ocrx_word' id='word_1_714' title='bbox 1188 5258 1397 5334; x_wconf 84' lang='lat' dir='ltr'><strong>Allusio</strong></span> <span class='ocrx_word' id='word_1_715' title='bbox 1427 5259 1608 5334; x_wconf 85' lang='lat' dir='ltr'><strong>e_s_t__ad</strong></span> <span class='ocrx_word' id='word_1_716' title='bbox 1640 5259 1726 5334; x_wconf 43' lang='lat' dir='ltr'><strong>in:</strong></span> 
     </span>
    </p>
   </div>
   <div class='ocr_carea' id='block_1_102' title="bbox 103 5329 1725 5402">
    <p class='ocr_par' dir='ltr' id='par_1_102' title="bbox 103 5329 1725 5402">
     <span class='ocr_line' id='line_1_103' title="bbox 103 5329 1725 5402; baseline -0.003 -13"><span class='ocrx_word' id='word_1_717' title='bbox 103 5329 646 5402; x_wconf 28' lang='lat' dir='ltr'><strong>suﬁ‘lationeni‘qua</strong></span> <span class='ocrx_word' id='word_1_718' title='bbox 676 5329 819 5386; x_wconf 87' lang='lat' dir='ltr'><strong>Deus</strong></span> <span class='ocrx_word' id='word_1_719' title='bbox 859 5332 1066 5388; x_wconf 91' lang='lat' dir='ltr'><strong>homini</strong></span> <span class='ocrx_word' id='word_1_720' title='bbox 1092 5333 1344 5402; x_wconf 85' lang='lat' dir='ltr'><strong>animam</strong></span> <span class='ocrx_word' id='word_1_721' title='bbox 1373 5329 1571 5402; x_wconf 71' lang='lat' dir='ltr'><strong>indidit</strong></span> <span class='ocrx_word' id='word_1_722' title='bbox 1603 5353 1613 5385; x_wconf 83' lang='lat'><strong>;</strong></span> <span class='ocrx_word' id='word_1_723' title='bbox 1641 5331 1725 5384; x_wconf 90' lang='lat' dir='ltr'><strong>vel</strong></span> 
     </span>
    </p>
   </div>
   <div class='ocr_carea' id='block_1_103' title="bbox 101 5397 1722 5470">
    <p class='ocr_par' dir='ltr' id='par_1_103' title="bbox 101 5397 1722 5470">
     <span class='ocr_line' id='line_1_104' title="bbox 101 5397 1722 5470; baseline -0.006 -7"><span class='ocrx_word' id='word_1_724' title='bbox 101 5411 305 5463; x_wconf 82' lang='lat' dir='ltr'><strong>etiam</strong></span> <span class='ocrx_word' id='word_1_725' title='bbox 337 5404 408 5456; x_wconf 87' lang='lat' dir='ltr'><strong>ad</strong></span> <span class='ocrx_word' id='word_1_726' title='bbox 442 5397 769 5457; x_wconf 67' lang='lat' dir='ltr'><strong>dominicam</strong></span> <span class='ocrx_word' id='word_1_727' title='bbox 800 5402 948 5456; x_wconf 84' lang='lat' dir='ltr'><strong>illam</strong></span> <span class='ocrx_word' id='word_1_728' title='bbox 983 5401 1039 5455; x_wconf 92' lang='lat' dir='ltr'><strong>in</strong></span> <span class='ocrx_word' id='word_1_729' title='bbox 1071 5401 1372 5470; x_wconf 91' lang='lat' dir='ltr'><strong>discipulos</strong></span> <span class='ocrx_word' id='word_1_730' title='bbox 1400 5397 1600 5470; x_wconf 79' lang='lat' dir='ltr'><strong>(Joan.</strong></span> <span class='ocrx_word' id='word_1_731' title='bbox 1629 5417 1722 5464; x_wconf 88' lang='lat' dir='ltr'><strong>xx,</strong></span> 
     </span>
    </p>
   </div>
   <div class='ocr_carea' id='block_1_104' title="bbox 102 5471 1725 5548">
    <p class='ocr_par' dir='ltr' id='par_1_104' title="bbox 102 5471 1725 5548">
     <span class='ocr_line' id='line_1_105' title="bbox 102 5471 1725 5548; baseline 0 -21"><span class='ocrx_word' id='word_1_732' title='bbox 102 5479 194 5534; x_wconf 71' lang='lat'><strong>22</strong></span> <span class='ocrx_word' id='word_1_733' title='bbox 217 5478 264 5548; x_wconf 95' lang='lat'><strong>).</strong></span> <span class='ocrx_word' id='word_1_734' title='bbox 284 5473 448 5548; x_wconf 52' lang='lat' dir='ltr'><strong>idem</strong></span> <span class='ocrx_word' id='word_1_735' title='bbox 477 5475 622 5548; x_wconf 71' lang='lat' dir='ltr'><strong>enim</strong></span> <span class='ocrx_word' id='word_1_736' title='bbox 649 5480 704 5528; x_wconf 90' lang='lat' dir='ltr'><strong>et</strong></span> <span class='ocrx_word' id='word_1_737' title='bbox 725 5482 936 5548; x_wconf 57' lang='lat' dir='ltr'><strong>natura}</strong></span> <span class='ocrx_word' id='word_1_738' title='bbox 959 5473 1218 5548; x_wconf 78' lang='lat' dir='ltr'><strong>primum,</strong></span> <span class='ocrx_word' id='word_1_739' title='bbox 1244 5482 1298 5525; x_wconf 92' lang='lat' dir='ltr'><strong>et</strong></span> <span class='ocrx_word' id='word_1_740' title='bbox 1321 5471 1510 5541; x_wconf 83' lang='lat' dir='ltr'><strong>gratiae</strong></span> <span class='ocrx_word' id='word_1_741' title='bbox 1537 5483 1725 5548; x_wconf 81' lang='lat' dir='ltr'><strong>postea</strong></span> 
     </span>
    </p>
   </div>
   <div class='ocr_carea' id='block_1_105' title="bbox 101 5541 1724 5614">
    <p class='ocr_par' dir='ltr' id='par_1_105' title="bbox 101 5541 1724 5614">
     <span class='ocr_line' id='line_1_106' title="bbox 101 5541 1724 5614; baseline -0.004 -11"><span class='ocrx_word' id='word_1_742' title='bbox 101 5541 443 5606; x_wconf 69' lang='lat' dir='ltr'><strong>insinuavit</strong></span> <span class='ocrx_word' id='word_1_743' title='bbox 477 5541 777 5613; x_wconf 88' lang='lat' dir='ltr'><strong>Spiritum;</strong></span> <span class='ocrx_word' id='word_1_744' title='bbox 809 5543 928 5612; x_wconf 91' lang='lat' dir='ltr'><strong>ipse</strong></span> <span class='ocrx_word' id='word_1_745' title='bbox 965 5541 1060 5614; x_wconf 82' lang='lat' dir='ltr'><strong>qui</strong></span> <span class='ocrx_word' id='word_1_746' title='bbox 1092 5558 1122 5597; x_wconf 91' lang='lat' dir='ltr'><strong>e</strong></span> <span class='ocrx_word' id='word_1_747' title='bbox 1170 5550 1316 5597; x_wconf 89' lang='lat' dir='ltr'><strong>terra</strong></span> <span class='ocrx_word' id='word_1_748' title='bbox 1353 5543 1620 5603; x_wconf 86' lang='lat' dir='ltr'><strong>ascendit,</strong></span> <span class='ocrx_word' id='word_1_749' title='bbox 1642 5557 1724 5614; x_wconf 85' lang='lat' dir='ltr'><strong>ac</strong></span> 
     </span>
    </p>
   </div>
   <div class='ocr_carea' id='block_1_106' title="bbox 101 5613 1722 5682">
    <p class='ocr_par' dir='ltr' id='par_1_106' title="bbox 101 5613 1722 5682">
     <span class='ocr_line' id='line_1_107' title="bbox 101 5613 1722 5682; baseline -0.008 -4"><span class='ocrx_word' id='word_1_750' title='bbox 101 5617 468 5677; x_wconf 80' lang='lat' dir='ltr'><strong>resurrexit.</strong></span> <span class='ocrx_word' id='word_1_751' title='bbox 507 5623 711 5669; x_wconf 59' lang='lat' dir='ltr'><strong>nostra</strong></span> <span class='ocrx_word' id='word_1_752' title='bbox 739 5613 995 5682; x_wconf 58' lang='lat' dir='ltr'><strong>primitias</strong></span> <span class='ocrx_word' id='word_1_753' title='bbox 1024 5629 1089 5669; x_wconf 91' lang='lat' dir='ltr'><strong>ac</strong></span> <span class='ocrx_word' id='word_1_754' title='bbox 1121 5620 1313 5668; x_wconf 88' lang='lat' dir='ltr'><strong>auctor</strong></span> <span class='ocrx_word' id='word_1_755' title='bbox 1358 5613 1722 5666; x_wconf 88' lang='lat' dir='ltr'><strong>resurrectio-</strong></span> 
     </span>
    </p>
   </div>
   <div class='ocr_carea' id='block_1_107' title="bbox 103 5682 1721 5756">
    <p class='ocr_par' dir='ltr' id='par_1_107' title="bbox 103 5682 1721 5756">
     <span class='ocr_line' id='line_1_108' title="bbox 103 5682 1721 5756; baseline -0.006 -10"><span class='ocrx_word' id='word_1_756' title='bbox 103 5692 242 5746; x_wconf 78' lang='lat' dir='ltr'><strong>nis.</strong></span> <span class='ocrx_word' id='word_1_757' title='bbox 299 5684 478 5738; x_wconf 86' lang='lat' dir='ltr'><strong>Etiam</strong></span> <span class='ocrx_word' id='word_1_758' title='bbox 525 5685 764 5756; x_wconf 75' lang='lat' dir='ltr'><strong>Cyriilus</strong></span> <span class='ocrx_word' id='word_1_759' title='bbox 800 5685 858 5738; x_wconf 83' lang='lat' dir='ltr'><strong>in</strong></span> <span class='ocrx_word' id='word_1_760' title='bbox 896 5683 1115 5738; x_wconf 66' lang='lat' dir='ltr'><strong>Aulium</strong></span> <span class='ocrx_word' id='word_1_761' title='bbox 1137 5699 1205 5756; x_wconf 74' lang='grc' dir='ltr'><strong>ιι,</strong></span> <span class='ocrx_word' id='word_1_762' title='bbox 1239 5682 1476 5754; x_wconf 81' lang='lat' dir='ltr'><strong>explicat</strong></span> <span class='ocrx_word' id='word_1_763' title='bbox 1513 5685 1582 5756; x_wconf 85' lang='lat' dir='ltr'><strong>de</strong></span> <span class='ocrx_word' id='word_1_764' title='bbox 1630 5699 1721 5738; x_wconf 92' lang='lat' dir='ltr'><strong>re-</strong></span> 
     </span>
    </p>
   </div>
   <div class='ocr_carea' id='block_1_108' title="bbox 101 5753 1718 5827">
    <p class='ocr_par' dir='ltr' id='par_1_108' title="bbox 101 5753 1718 5827">
     <span class='ocr_line' id='line_1_109' title="bbox 101 5753 1718 5827; baseline -0.006 -10"><span class='ocrx_word' id='word_1_765' title='bbox 101 5757 490 5827; x_wconf 75' lang='lat' dir='ltr'><strong>surrectione</strong></span> <span class='ocrx_word' id='word_1_766' title='bbox 524 5771 540 5810; x_wconf 90' lang='lat'><strong>:</strong></span> <span class='ocrx_word' id='word_1_767' title='bbox 573 5753 632 5812; x_wconf 81' lang='lat' dir='ltr'><strong>et</strong></span> <span class='ocrx_word' id='word_1_768' title='bbox 660 5756 1088 5827; x_wconf 75' lang='lat' dir='ltr'><strong>Chrysostomus</strong></span> <span class='ocrx_word' id='word_1_769' title='bbox 1133 5753 1282 5810; x_wconf 89' lang='lat' dir='ltr'><strong>hom.</strong></span> <span class='ocrx_word' id='word_1_770' title='bbox 1314 5753 1366 5809; x_wconf 87' lang='grc' dir='ltr'><strong>ιι</strong></span> <span class='ocrx_word' id='word_1_771' title='bbox 1427 5769 1493 5809; x_wconf 83' lang='lat' dir='ltr'><strong>ex</strong></span> <span class='ocrx_word' id='word_1_772' title='bbox 1531 5753 1718 5810; x_wconf 88' lang='lat' dir='ltr'><strong>decem</strong></span> 
     </span>
    </p>
   </div>
   <div class='ocr_carea' id='block_1_109' title="bbox 103 5826 540 5886">
    <p class='ocr_par' dir='ltr' id='par_1_109' title="bbox 103 5826 540 5886">
     <span class='ocr_line' id='line_1_110' title="bbox 103 5826 540 5886; baseline -0.011 0"><span class='ocrx_word' id='word_1_773' title='bbox 103 5832 330 5886; x_wconf 65' lang='lat' dir='ltr'><strong>Romae</strong></span> <span class='ocrx_word' id='word_1_774' title='bbox 364 5826 540 5884; x_wconf 25' lang='lat' dir='ltr'><strong>editis.</strong></span> 
     </span>
    </p>
   </div>
   <div class='ocr_carea' id='block_1_110' title="bbox 1901 5185 3415 5258">
    <p class='ocr_par' dir='ltr' id='par_1_110' title="bbox 1901 5185 3415 5258">
     <span class='ocr_line' id='line_1_111' title="bbox 1901 5185 3415 5258; baseline 0.001 -15"><span class='ocrx_word' id='word_1_775' title='bbox 1901 5185 2014 5258; x_wconf 78' lang='grc'><strong>(56)</strong></span> <span class='ocrx_word' id='word_1_776' title='bbox 2050 5185 2483 5258; x_wconf 73' lang='lat' dir='ltr'><strong>Christianorum</strong></span> <span class='ocrx_word' id='word_1_777' title='bbox 2530 5187 2810 5241; x_wconf 78' lang='lat' dir='ltr'><strong>solemnia.</strong></span> <span class='ocrx_word' id='word_1_778' title='bbox 2858 5185 3060 5242; x_wconf 85' lang='lat' dir='ltr'><strong>Eodem</strong></span> <span class='ocrx_word' id='word_1_779' title='bbox 3100 5185 3214 5242; x_wconf 84' lang='lat' dir='ltr'><strong>fere</strong></span> <span class='ocrx_word' id='word_1_780' title='bbox 3251 5188 3415 5244; x_wconf 90' lang='lat' dir='ltr'><strong>modo</strong></span> 
     </span>
    </p>
   </div>
   <div class='ocr_carea' id='block_1_111' title="bbox 1829 5257 3416 5322">
    <p class='ocr_par' dir='ltr' id='par_1_111' title="bbox 1829 5257 3416 5322">
     <span class='ocr_line' id='line_1_112' title="bbox 1829 5257 3416 5322; baseline 0 -9"><span class='ocrx_word' id='word_1_781' title='bbox 1829 5257 2080 5313; x_wconf 83' lang='lat' dir='ltr'><strong>Asterius</strong></span> <span class='ocrx_word' id='word_1_782' title='bbox 2113 5257 2308 5312; x_wconf 81' lang='lat' dir='ltr'><strong>festum</strong></span> <span class='ocrx_word' id='word_1_783' title='bbox 2354 5257 2724 5313; x_wconf 79' lang='lat' dir='ltr'><strong>Kalendarum</strong></span> <span class='ocrx_word' id='word_1_784' title='bbox 2773 5259 3104 5322; x_wconf 90' lang='lat' dir='ltr'><strong>traducens,</strong></span> <span class='ocrx_word' id='word_1_785' title='bbox 3142 5257 3416 5313; x_wconf 84' lang='lat' dir='ltr'><strong>Christia-</strong></span> 
     </span>
    </p>
   </div>
   <div class='ocr_carea' id='block_1_112' title="bbox 1832 5327 3417 5399">
    <p class='ocr_par' dir='ltr' id='par_1_112' title="bbox 1832 5327 3417 5399">
     <span class='ocr_line' id='line_1_113' title="bbox 1832 5327 3417 5399; baseline -0.001 -16"><span class='ocrx_word' id='word_1_786' title='bbox 1832 5345 2026 5383; x_wconf 88' lang='lat' dir='ltr'><strong>norum</strong></span> <span class='ocrx_word' id='word_1_787' title='bbox 2052 5338 2339 5399; x_wconf 77' lang='lat' dir='ltr'><strong>percenset</strong></span> <span class='ocrx_word' id='word_1_788' title='bbox 2383 5328 2544 5392; x_wconf 85' lang='lat' dir='ltr'><strong>festa,</strong></span> <span class='ocrx_word' id='word_1_789' title='bbox 2569 5345 2635 5383; x_wconf 90' lang='lat' dir='ltr'><strong>ac</strong></span> <span class='ocrx_word' id='word_1_790' title='bbox 2678 5345 2871 5399; x_wconf 77' lang='lat' dir='ltr'><strong>eorum</strong></span> <span class='ocrx_word' id='word_1_791' title='bbox 2906 5331 3171 5384; x_wconf 86' lang='lat' dir='ltr'><strong>rationes.</strong></span> <span class='ocrx_word' id='word_1_792' title='bbox 3212 5327 3417 5383; x_wconf 82' lang='lat' dir='ltr'><strong>Viden-</strong></span> 
     </span>
    </p>
   </div>
   <div class='ocr_carea' id='block_1_113' title="bbox 1831 5385 3412 5471">
    <p class='ocr_par' dir='ltr' id='par_1_113' title="bbox 1831 5385 3412 5471">
     <span class='ocr_line' id='line_1_114' title="bbox 1831 5385 3412 5471; baseline 0.001 -16"><span class='ocrx_word' id='word_1_793' title='bbox 1831 5401 1935 5455; x_wconf 91' lang='lat' dir='ltr'><strong>dus</strong></span> <span class='ocrx_word' id='word_1_794' title='bbox 1966 5385 2094 5454; x_wconf 77' lang='lat' dir='ltr'><strong>item</strong></span> <span class='ocrx_word' id='word_1_795' title='bbox 2129 5385 2558 5471; x_wconf 81' lang='lat' dir='ltr'><strong>Chrysostomus</strong></span> <span class='ocrx_word' id='word_1_796' title='bbox 2589 5400 2644 5454; x_wconf 95' lang='lat' dir='ltr'><strong>in</strong></span> <span class='ocrx_word' id='word_1_797' title='bbox 2680 5385 3090 5471; x_wconf 74' lang='lat' dir='ltr'><strong>Pliilogonium,</strong></span> <span class='ocrx_word' id='word_1_798' title='bbox 3126 5415 3191 5455; x_wconf 91' lang='lat' dir='ltr'><strong>ac</strong></span> <span class='ocrx_word' id='word_1_799' title='bbox 3219 5400 3412 5457; x_wconf 89' lang='lat' dir='ltr'><strong>bomil.</strong></span> 
     </span>
    </p>
   </div>
   <div class='ocr_carea' id='block_1_114' title="bbox 1831 5469 2740 5540">
    <p class='ocr_par' dir='ltr' id='par_1_114' title="bbox 1831 5469 2740 5540">
     <span class='ocr_line' id='line_1_115' title="bbox 1831 5469 2740 5540; baseline -0.001 -14"><span class='ocrx_word' id='word_1_800' title='bbox 1831 5471 1900 5526; x_wconf 92' lang='lat' dir='ltr'><strong>de</strong></span> <span class='ocrx_word' id='word_1_801' title='bbox 1937 5469 2255 5540; x_wconf 30' lang='lat' dir='ltr'><strong>Pentecost.’</strong></span> <span class='ocrx_word' id='word_1_802' title='bbox 2281 5471 2422 5540; x_wconf 90' lang='lat' dir='ltr'><strong>apud</strong></span> <span class='ocrx_word' id='word_1_803' title='bbox 2457 5469 2740 5526; x_wconf 66' lang='lat' dir='ltr'><strong>Ducaaum.</strong></span> 
     </span>
    </p>
   </div>
   <div class='ocr_carea' id='block_1_115' title="bbox 1903 5537 3414 5610">
    <p class='ocr_par' dir='ltr' id='par_1_115' title="bbox 1903 5537 3414 5610">
     <span class='ocr_line' id='line_1_116' title="bbox 1903 5537 3414 5610; baseline -0.003 -15"><span class='ocrx_word' id='word_1_804' title='bbox 1903 5541 2016 5608; x_wconf 81' lang='grc'><strong>(57)</strong></span> <span class='ocrx_word' id='word_1_805' title='bbox 2061 5539 2260 5594; x_wconf 76' lang='lat' dir='ltr'><strong>Partus</strong></span> <span class='ocrx_word' id='word_1_806' title='bbox 2295 5537 2658 5606; x_wconf 70' lang='lat' dir='ltr'><strong>admirabilis,</strong></span> <span class='ocrx_word' id='word_1_807' title='bbox 2691 5541 2870 5609; x_wconf 83' lang='grc' dir='ltr'>τόκος</span> <span class='ocrx_word' id='word_1_808' title='bbox 2907 5538 3270 5610; x_wconf 79' lang='grc' dir='ltr'>παράδοξος.</span> <span class='ocrx_word' id='word_1_809' title='bbox 3300 5537 3414 5610; x_wconf 75' lang='lat' dir='ltr'><strong>Ha-</strong></span> 
     </span>
    </p>
   </div>
   <div class='ocr_carea' id='block_1_116' title="bbox 1829 5608 3416 5693">
    <p class='ocr_par' dir='ltr' id='par_1_116' title="bbox 1829 5608 3416 5693">
     <span class='ocr_line' id='line_1_117' title="bbox 1829 5608 3416 5693; baseline -0.003 -28"><span class='ocrx_word' id='word_1_810' title='bbox 1829 5611 2032 5693; x_wconf 74' lang='lat' dir='ltr'><strong>beptur</strong></span> <span class='ocrx_word' id='word_1_811' title='bbox 2059 5612 2178 5693; x_wconf 66' lang='lat' dir='ltr'><strong>haec</strong></span> <span class='ocrx_word' id='word_1_812' title='bbox 2198 5627 2286 5693; x_wconf 81' lang='lat' dir='ltr'><strong>_at_:</strong></span> <span class='ocrx_word' id='word_1_813' title='bbox 2315 5614 2620 5693; x_wconf 72' lang='lat' dir='ltr'><strong>sequentia,</strong></span> <span class='ocrx_word' id='word_1_814' title='bbox 2673 5608 2858 5693; x_wconf 58' lang='lat' dir='ltr'><strong>usque</strong></span> <span class='ocrx_word' id='word_1_815' title='bbox 2883 5612 2951 5693; x_wconf 75' lang='lat' dir='ltr'><strong>ad</strong></span> <span class='ocrx_word' id='word_1_816' title='bbox 2984 5608 3075 5665; x_wconf 88' lang='lat' dir='ltr'><strong>illa</strong></span> <span class='ocrx_word' id='word_1_817' title='bbox 3102 5611 3287 5693; x_wconf 59' lang='lat' dir='ltr'><strong>verba,</strong></span> <span class='ocrx_word' id='word_1_818' title='bbox 3320 5608 3416 5693; x_wconf 59' lang='lat' dir='ltr'><strong>xuii:</strong></span> 
     </span>
    </p>
   </div>
   <div class='ocr_carea' id='block_1_117' title="bbox 1826 5679 3417 5755">
    <p class='ocr_par' dir='ltr' id='par_1_117' title="bbox 1826 5679 3417 5755">
     <span class='ocr_line' id='line_1_118' title="bbox 1826 5679 3417 5755; baseline -0.001 -19"><span class='ocrx_word' id='word_1_819' title='bbox 1826 5681 2120 5755; x_wconf 78' lang='grc' dir='ltr'>ἄνθρωπος</span> <span class='ocrx_word' id='word_1_820' title='bbox 2161 5682 2222 5746; x_wconf 77' lang='grc' dir='ltr'><strong>ἐξ</strong></span> <span class='ocrx_word' id='word_1_821' title='bbox 2264 5679 2423 5755; x_wconf 74' lang='grc' dir='ltr'>ἐμοῦ,</span> <span class='ocrx_word' id='word_1_822' title='bbox 2486 5683 2546 5737; x_wconf 89' lang='lat' dir='ltr'><strong>in</strong></span> <span class='ocrx_word' id='word_1_823' title='bbox 2584 5679 2778 5739; x_wconf 81' lang='lat' dir='ltr'><strong>codice</strong></span> <span class='ocrx_word' id='word_1_824' title='bbox 2819 5682 3179 5755; x_wconf 81' lang='lat' dir='ltr'><strong>Columnensi</strong></span> <span class='ocrx_word' id='word_1_825' title='bbox 3234 5679 3417 5735; x_wconf 79' lang='lat' dir='ltr'><strong>Procli</strong></span> 
     </span>
    </p>
   </div>
   <div class='ocr_carea' id='block_1_118' title="bbox 1829 5750 3418 5818">
    <p class='ocr_par' dir='ltr' id='par_1_118' title="bbox 1829 5750 3418 5818">
     <span class='ocr_line' id='line_1_119' title="bbox 1829 5750 3418 5818; baseline 0.001 -11"><span class='ocrx_word' id='word_1_826' title='bbox 1829 5750 2074 5818; x_wconf 81' lang='lat' dir='ltr'><strong>nomine,</strong></span> <span class='ocrx_word' id='word_1_827' title='bbox 2111 5753 2254 5808; x_wconf 88' lang='lat' dir='ltr'><strong>inter</strong></span> <span class='ocrx_word' id='word_1_828' title='bbox 2288 5750 2514 5808; x_wconf 88' lang='lat' dir='ltr'><strong>Patrum</strong></span> <span class='ocrx_word' id='word_1_829' title='bbox 2550 5756 2870 5812; x_wconf 86' lang='lat' dir='ltr'><strong>testimonia</strong></span> <span class='ocrx_word' id='word_1_830' title='bbox 2900 5752 2972 5808; x_wconf 88' lang='lat' dir='ltr'><strong>de</strong></span> <span class='ocrx_word' id='word_1_831' title='bbox 3003 5750 3224 5807; x_wconf 85' lang='lat' dir='ltr'><strong>duabus</strong></span> <span class='ocrx_word' id='word_1_832' title='bbox 3258 5759 3418 5808; x_wconf 82' lang='lat' dir='ltr'><strong>natu-</strong></span> 
     </span>
    </p>
   </div>
   <div class='ocr_carea' id='block_1_119' title="bbox 1830 5821 2551 5884">
    <p class='ocr_par' dir='ltr' id='par_1_119' title="bbox 1830 5821 2551 5884">
     <span class='ocr_line' id='line_1_120' title="bbox 1830 5821 2551 5884; baseline 0.007 -8"><span class='ocrx_word' id='word_1_833' title='bbox 1830 5828 1926 5884; x_wconf 87' lang='lat' dir='ltr'><strong>ris.</strong></span> <span class='ocrx_word' id='word_1_834' title='bbox 1950 5831 2006 5878; x_wconf 89' lang='lat' dir='ltr'><strong>ut</strong></span> <span class='ocrx_word' id='word_1_835' title='bbox 2034 5821 2200 5879; x_wconf 77' lang='lat' dir='ltr'><strong>refert</strong></span> <span class='ocrx_word' id='word_1_836' title='bbox 2220 5821 2387 5880; x_wconf 77' lang='lat' dir='ltr'><strong>Ricca</strong></span> <span class='ocrx_word' id='word_1_837' title='bbox 2398 5825 2551 5881; x_wconf 86' lang='lat' dir='ltr'><strong>rdus.</strong></span> 
     </span>
    </p>
   </div>
  </div>
