3842 6310
153 307 274 366 709

1185 318 1443 380 ORATIO
1479 323 1545 380 IN
1583 324 1916 385 NA'I‘ALEM
1959 330 2120 385 DIEM
2160 332 2418 392 DOMINI.

3313 347 3419 406 710

145 422 186 490 ἠ
221 421 486 488 ὑπόθεσις
507 440 520 452 ·
553 425 785 498 λαμπρά
831 429 951 499 μὲν,
985 432 1064 485 ὅτι
1097 431 1256 506 ξένην
1295 437 1604 509 ἀνθρώποις
1640 457 1723 495 σω·

1816 495 1820 504 ,
1850 446 1978 499 tatis
2013 457 2394 516 argumentum
2429 469 2440 481 -
2496 452 2818 522 praeclarum
2855 457 3073 526 quidem
3118 461 3260 530 quod
3313 481 3417 520 no-

143 516 358 586 τηρεαν
400 517 782 588 ἐπανήγαγεν·
828 523 1132 592 παράδοξος
1163 525 1242 592 δὲ,
1283 529 1365 581 ὅτι
1393 530 1483 583 τὸν
1510 531 1610 600 τῆς
1643 533 1744 602 φύ-

145 624 306 671 σεως
333 609 495 679 νόμον
525 610 778 682 ἐνίκησεν
803 615 832 666 ό
863 614 1037 680 τόκος.
1075 617 1242 682 Φύσις
1273 620 1373 690 μὲν
1397 622 1505 696 γάρ
1541 626 1738 680 ἐννοεῖ-

137 713 246 750 ται
293 699 396 765 τὴν
440 701 709 755 τεκοῦσαν
741 705 951 775 μητέρα
971 723 985 736 ·
1021 709 1053 777 ἡ
1087 707 1144 760 δὲ
1168 710 1328 782 χάρις
1356 714 1448 767 καὶ
1477 717 1740 770 τεκοῦσαν

137 788 352 854 ἔδειξε,
385 793 479 844 καὶ
517 793 786 864 παρθένον
815 796 1076 864 ἐφύλαξε,
1115 801 1208 854 καὶ
1249 803 1461 874 μητέρα
1495 807 1736 877 ἐποίησε,

135 882 248 934 καὶ
293 881 396 952 τὴν
445 883 759 957 ἀφθαρσίαν
809 888 909 941 οὐκ
957 888 1209 959 ἔϐλαψεν.
1267 895 1329 946 Ὤ
1359 895 1464 965 γῆς
1496 898 1738 971 ἀσπόρου

135 973 370 1043 καρπὸν
394 973 775 1048 βλαπησάσης
786 979 1036 1050 οὐράνιον
1059 983 1071 1034 l
1097 983 1160 1034 Ὢ
1185 983 1460 1056 Παρθένος
1477 990 1737 1055 ἀνοίξασα

131 1064 226 1133 τῷ
269 1064 450 1136 ’Δδὰμ
481 1066 574 1120 τὸν
595 1068 951 1140 παράδεισον,
979 1073 1175 1141 μᾶλλον
1195 1075 1254 1128 δὲ
1281 1077 1376 1130 τοῦ
1405 1081 1732 1150 παραδείσου

129 1155 472 1230 ἐνδοξοτέρα
521 1161 876 1232 ὑπάρχουσαέ
927 1165 986 1216 ὐ
1021 1167 1118 1235 μὲν
1152 1167 1260 1240 γὰρ
1299 1169 1434 1223 Θεοῦ
1463 1170 1734 1244 γεώργιον

125 1248 410 1318 γέγονεν,
445 1252 478 1321 ὴ
517 1252 576 1304 δὲ
623 1254 766 1307 κατά
806 1257 980 1327 σάρκα
1025 1257 1157 1310 Θεὸν
1199 1259 1360 1314 αὑτὸν
1395 1263 1728 1335 ἐγεώργησε.

123 1343 314 1396 Δεῦτε
329 1341 428 1398 οὖν
443 1347 658 1411 πάντες,
673 1347 774 1417 τῆς
793 1349 882 1401 τοῦ
904 1351 1173 1405 Δεσπότου
1194 1355 1399 1426 μητρὸς
1417 1357 1617 1428 μήπως
1635 1361 1730 1412 καὶ

121 1435 264 1498 τοὺς
293 1437 514 1506 γάμους
539 1439 910 1510 χορεύσωμενο
965 1443 1234 1515 παρθένος
1273 1447 1381 1518 γάρ
1399 1451 1513 1502 ἐστι
1536 1450 1730 1520 γάμων

121 1527 414 1598 ἀμύητος,
437 1529 531 1582 καὶ
557 1530 749 1601 γάμων
776 1532 1034 1605 ἀϐόητος’
1064 1535 1200 1591 ἀλλά
1251 1539 1349 1602 τὰς
1385 1541 1728 1612 ἀνυμφεῦτου

119 1617 524 1687 αὺῆςὼδῖνας
541 1623 882 1693 τιμήσωμεν.
911 1627 1112 1698 Μήτηρ
1136 1627 1244 1700 γάρ
1275 1631 1368 1683 καὶ
1392 1632 1518 1685 ἄνευ
1536 1635 1728 1704 γάμων

119 1707 362 1776 ἐγένετο
381 1727 396 1740 ·
429 1712 526 1764 καὶ
550 1713 740 1785 ἀνδρὸς
775 1718 971 1788 πεῖραν
1001 1718 1102 1772 οὐκ
1134 1720 1320 1774 ἔλαϐε·
1358 1723 1452 1776 καὶ
1490 1725 1724 1796 ὀρφανὸς

1845 549 1966 588 vam
2001 535 2114 608 (41)
2143 538 2459 597 hominibus
2489 545 2757 600 revenerit
2797 549 3063 618 salutem;
3095 553 3417 614 admirabile

1844 637 2044 693 autem,
2083 633 2232 700 quod
2293 643 2481 704 partus
2531 645 2742 693 naturae
2785 641 2928 711 leges
2979 645 3223 702 evicerit.
3277 647 3413 704 Nam

1842 729 2038 774 natura
2070 721 2182 792 (42)
2217 726 2438 793 quidem
2465 731 2713 798 agnoscit
2746 747 3102 804 puerperam;
3130 746 3184 790 at
3213 741 3412 808 gratia,

1840 827 2163 882 puerperam
2199 817 2404 884 pariter
2437 819 2637 884 effecit,
2669 837 2731 876 ac
2761 827 3058 880 custodivit
3101 831 3364 899 virginem
3393 851 3409 887 :

1839 902 2200 974 exhibuitque
2249 917 2503 974 matrem,
2558 927 2659 967 nec
2711 915 3006 986 quidquam
3043 918 3407 988 integritatem

1837 993 1997 1049 ltesit.
2031 994 2074 1050 Ο
2097 1006 2306 1052 terram
2341 1015 2447 1052 non
2476 1011 2670 1066 satam,
2701 1021 2822 1073 qua:
2856 1008 3135 1062 caelestem
3167 1011 3408 1066 fructum

1835 1091 2090 1158 protulit!
2125 1089 2169 1147 0
2193 1091 2496 1164 Virginem,
2530 1113 2650 1166 quae
2675 1099 2884 1155 Adamo
2915 1103 3226 1172 paradisum
3261 1120 3412 1160 rese-

1836 1181 2018 1234 ravitl
2053 1183 2182 1250 imo,
2221 1201 2340 1254 quae
2377 1187 2496 1255 ipso
2529 1191 2787 1258 paradiso
2831 1193 3122 1264 gloriosior
3174 1198 3406 1253 exstitit.

1833 1269 1967 1326 Nam
1995 1277 2278 1343 paradisus
2305 1279 2524 1349 quidem
2554 1283 2644 1338 Dei
2675 1285 2890 1338 cultura
2919 1285 3053 1354 fuit;
3083 1287 3196 1340 hinc
3226 1297 3404 1344 autem

1834 1363 2002 1419 Deum
2055 1359 2230 1437 ipsum
2276 1374 2458 1428 carnis
2522 1377 2734 1431 ratione
2786 1378 3047 1432 excoluit.
3097 1381 3258 1448 Agite
3302 1382 3405 1436 huc

1833 1456 2017 1526 itaque
2047 1475 2260 1527 omnes,
2295 1479 2403 1518 non
2438 1467 2656 1534 quidem
2704 1469 2896 1524 matris
2935 1468 3148 1524 Domini
3184 1475 3404 1542 nuptias

1831 1549 2050 1604 choreis
2104 1567 2168 1605 ac
2217 1555 2456 1624 tripudio
2518 1559 2892 1614 celebraturi:
2943 1562 3098 1630 virgo
3146 1563 3288 1617 enim
3319 1575 3404 1620 est

1828 1641 2142 1710 nuptiarum
2197 1659 2393 1714 expers
2433 1649 2543 1720 (45)
2582 1665 2646 1704 ac
2681 1651 2904 1705 omnino
2961 1655 3272 1723 nuptiarum
3308 1673 3405 1710 ex-

1828 1747 1992 1788 sors:
2035 1734 2127 1788 sed
2161 1737 2280 1805 ejus
2315 1739 2560 1809 innupta:
2605 1751 2822 1812 partum
2867 1745 3168 1802 honoribus
3210 1765 3403 1817 prose-

117 1799 148 1850 ὁ
194 1803 336 1860 παῖς
363 1801 465 1872 οὐχ
496 1803 830 1873 εὑρίσκεται.
857 1807 1023 1860 Δεῦτε
1069 1809 1265 1880 ἴδωμεν
1297 1814 1541 1885 γαστέρα
1574 1817 1722 1889 Παρ-

1826 1825 2029 1878 cuturi.
2065 1823 2308 1883 Tametsi
2352 1829 2495 1883 enim
2551 1831 2816 1902 innupta,
2854 1843 3028 1889 mater
3068 1836 3255 1890 effecta
3293 1847 3398 1902 est,

117 1885 292 1940 θὲνου
325 1889 676 1963 πλατυτέραν
717 1895 819 1964 τῆς
848 1896 1098 1961 κτίσεως.
1145 1900 1201 1953 '0
1233 1899 1342 1972 γὰρ
1368 1902 1488 1954 ἐκεῖ
1513 1903 1587 1974 μὴ
1615 1885 1724 1975 xur-

119 1977 432 2049 ρούμενος,
475 1983 712 2038 ἐνταῦθα
743 1985 1198 2060 ἀστενοχωρήτως
1245 1990 1490 2062 ἐχώρησε
1512 2037 1526 2060 ,
1563 1995 1656 2048 καὶ
1693 1997 1723 2049 ὁ

61 2143 64 2145 Δ
117 2072 178 2123 ὲν
221 2075 298 2142 τῇ
333 2073 484 2144 χειρὶ
521 2075 614 2127 καὶ
644 2076 812 2146 αὐτὴν
835 2078 933 2148 τὴν
959 2081 1222 2134 τεκοῦσαν
1255 2082 1538 2152 βαστάζων
1583 2087 1722 2156 μετά

115 2165 396 2229 πάντων,
595 2166 801 2238 ταύτης
846 2171 903 2222 ἐν
939 2175 1135 2243 γαστρὶ
1177 2173 1524 2243 βαστάζεται.
1558 2177 1720 2231 Δεῦτε

113 2256 338 2326 ἴδωμεν
383 2260 488 2330 τὴν
543 2259 886 2333 ἀλατόμητον
925 2264 1130 2335 πέτραν
1187 2271 1246 2320 ὲν
1293 2272 1358 2340 τῇ
1417 2269 1716 2343 παρθενικῇ

113 2349 350 2422 ἀράχνῃ
381 2352 680 2422 ὑπερφυῶς
701 2357 1026 2428 φερομένην,
1055 2359 1150 2412 καὶ
1167 2360 1266 2429 τὴν
1291 2361 1450 2429 φύσιν
1481 2363 1554 2434 μὴ
1587 2364 1718 2433 βλά-

113 2455 399 2504 πτουσαν,
433 2443 528 2494 καὶ
553 2443 644 2497 τὸν
677 2444 879 2516 κόσμον
906 2447 1256 2518 έδράζουσαν.
1308 2453 1474 2506 Δεῦτε
1519 2455 1716 2527 ἴδωμεν

111 2536 248 2604 νηὸς
263 2536 711 2608 ποντοπορούσης
721 2539 1032 2611 ἀθεώρητον
1047 2545 1292 2614 πορείαν,
1307 2547 1404 2617 τῆς
1423 2547 1715 2622 βυθισάσης

109 2627 218 2697 μὲν
271 2627 370 2681 τὸν
431 2630 768 2700 ἀρχέκακον,
819 2633 1146 2706 ἀλιευσάσης
1186 2638 1242 2691 δὲ
1269 2638 1360 2693 τὸν
1393 2643 1714 2711 πρωτόπλα-

107 2735 248 2772 στον
273 2737 289 2750 ·
321 2713 398 2791 ἧς
444 2723 542 2774 καὶ
583 2723 616 2792 ἡ
649 2723 854 2788 εἴσοδος
899 2727 1274 2800 ἀνιστόρητος.
1325 2733 1422 2785 καὶ
1457 2735 1490 2804 ἡ
1537 2733 1714 2800 ἔξοδος

106 2811 556 2880 ἀνερμήνευτος.
589 2813 755 2867 Δεῦτε
791 2815 988 2886 ῐδωμεν
1019 2817 1110 2872 τὸν
1139 2820 1327 2890 νοητὸν
1353 2821 1495 2890 ὅφιν,
1523 2825 1615 2879 τὸν
1644 2828 1710 2896 τῇ

105 2904 362 2975 θυγατρὶ
391 2905 490 2977 τῆς
513 2905 657 2971 Εὔας
683 2910 1138 2980 προσομιλοῦντα,
1167 2913 1261 2966 καὶ
1279 2913 1712 2988 τδ”γραμμάτιον

101 2998 212 3068 τῆς
247 2998 548 3068 παρακοῆς
577 3000 908 3072 ἀκυροῦντα.
952 3001 1124 3056 Δεῦτε
1153 3005 1350 3076 ἴδωμεν
1376 3010 1470 3062 καὶ
1509 3011 1569 3064 τὸ
1596 3011 1711 3080 φῶς

109 3090 210 3160 τῆς
245 3091 536 3160 θεότητος,
567 3093 644 3156 ὡς
673 3093 962 3164 διαφανοῦς
993 3095 1085 3149 τοῦ
1133 3096 1404 3169 σώματος,
1435 3101 1531 3165 τὰς
1561 3105 1712 3157 ἀκτῖ-

105 3199 204 3246 νας
239 3183 540 3253 ὲκπέμπον
573 3184 672 3254 τῆς
699 3184 940 3256 χάριτος.

1825 1931 1928 1969 nec
1958 1925 2138 1973 tamen
2177 1929 2262 1974 est
2294 1929 2517 1990 experta
2564 1925 2739 1978 virum
2767 1944 2779 1979 :
2813 1941 2875 1980 ac
2917 1944 3091 1997 neque
3139 1945 3274 1998 puer
3306 1947 3399 1984 or-

1825 2007 2039 2075 phanus
2070 2010 2371 2076 invenitur,
2400 2028 2464 2067 ac
2491 2015 2661 2070 orbus
2687 2023 2862 2086 patre.
2881 2018 3059 2088 Agite,
3086 2021 3399 2077 intueamur

1825 2095 2066 2169 Virginis
2119 2111 2333 2174 utemm
2391 2107 2596 2161 mundo
2643 2107 2762 2177 ipso
2805 2111 3124 2180 ampliorem
3166 2132 3179 2167 :
3233 2131 3396 2184 quem

1821 2189 1966 2246 enim
2013 2193 2103 2248 ille
2145 2209 2341 2264 capere
2389 2213 2497 2252 non
2541 2209 2783 2268 poterat,
2820 2202 2966 2257 hunc
3019 2205 3122 2260 iste
3171 2207 3396 2276 capiens

1821 2295 1930 2335 non
1979 2291 2264 2340 arctatur:
2316 2293 2481 2356 atque
2523 2287 2570 2344 is
2624 2290 2716 2358 qui
2767 2297 2821 2344 et
2856 2293 3030 2362 ipsam
3071 2295 3392 2364 genitricem

1821 2385 1944 2424 cum
2002 2374 2274 2431 universis
2327 2377 2450 2432 aliis
2504 2394 2668 2432 manu
2723 2389 2924 2450 portat,
2977 2383 3120 2438 idem
3163 2386 3280 2456 ipse
3337 2387 3392 2440 in

1819 2473 1977 2518 utero
2000 2465 2068 2519 ab
2097 2482 2157 2522 ea
2191 2475 2466 2536 portatur.
2497 2469 2675 2540 Agite,
2703 2472 2988 2530 videamus
3013 2490 3120 2529 non
3145 2477 3392 2532 excisum

1819 2556 2052 2626 lapidem
2080 2559 2149 2620 τ’,
2189 2561 2240 2612 in
2293 2561 2541 2631 virginali
2591 2571 2860 2633 gestatum
2908 2567 3046 2620 uteri
3093 2569 3273 2622 tunica
3327 2583 3393 2623 ac

1813 2647 2023 2702 ventris
2061 2663 2280 2715 aranea,
2314 2667 2414 2705 nec
2451 2655 2746 2723 quidquam
2789 2654 3072 2710 laedentem
3113 2667 3390 2724 naturam,

1815 2739 1910 2794 sed
1941 2742 2204 2795 mundum
2235 2743 2573 2800 fulcientem.
2605 2747 2782 2817 Agite,
2824 2750 2980 2804 navis
3021 2765 3170 2803 mare
3199 2767 3389 2821 perva-

1815 2832 1995 2898 gantis
2017 2831 2063 2863 ⁸ο
2096 2833 2237 2886 viam
2259 2836 2449 2890 oculos
2483 2833 2776 2907 fugientem
2799 2841 3234 2909 eonspiciamus;
3269 2859 3389 2911 quze

1814 2923 2074 2976 nimirum
2132 2935 2409 2980 auctorem
2457 2929 2583 2982 mali
2635 2929 2908 2999 profundo
2952 2933 3236 3000 merserit;
3281 2935 3386 3003 pri-

1814 3029 1962 3068 mum
2011 3031 2140 3070 vero
2188 3017 2480 3072 l’orn‘iatum
2511 3021 2786 3076 hominem
2837 3023 3139 3092 expiscata,
3180 3041 3244 3078 ex
3281 3026 3388 3080 imo

1813 3108 2029 3178 gurgite
2066 3113 2404 3164 extraxerit:
2448 3113 2608 3182 cujus
2635 3123 2690 3168 et
2731 3114 3012 3185 ingressus
3048 3117 3386 3174 admirabilis

1737 3191 1780 3247 (ἶ
1815 3200 1906 3262 sit,
1941 3209 1996 3253 et
2028 3215 2283 3270 egressus
2319 3201 2632 3260 ineﬂ'abilis.
2672 3203 2849 3276 Agite,
2891 3208 3192 3277 spiritalem
3229 3225 3383 3279 aspe-

101 3287 336 3332 ctemus
369 3289 681 3348 serpentem
716 3296 1001 3338 sermones
1031 3299 1154 3338 cum
1185 3283 1308 3344 Eva:
1337 3287 1444 3340 lilia
1469 3289 1786 3346 miscentem
1810 3295 1878 3358 εί,
1918 3311 1982 3350 ac
2050 3300 2412 3354 contumaciae
2475 3301 2718 3356 libellum
2785 3303 3163 3371 abrogantem.
3228 3306 3386 3378 Agite

101 3373 297 3442 ipsam
321 3382 691 3432 contueamur
719 3373 1022 3429 divinitatis
1057 3377 1255 3438 lucem,
1284 3377 1440 3448 quasi
1471 3394 1501 3434 e
1527 3379 1802 3448 pellucido
1833 3400 2064 3456 corpore
2103 3389 2290 3458 gratia!
2321 3389 2507 3446 radios
2537 3393 2900 3448 emittentem.

172 3467 260 3520 B'.
307 3467 576 3530 Γυναῖκες
625 3467 992 3538 τρεχέτωσαν,
1035 3470 1117 3523 ὅτι
1164 3472 1300 3542 γυνὴ
1353 3471 1414 3524 οὐ
1466 3472 1698 3527 θανάτου

95 3559 354 3616 δεικνύει
391 3561 576 3630 φυτὸν,
616 3561 750 3615 ἀλλά
780 3559 925 3633 ζωῆς
953 3563 1126 3626 τίκτει
1161 3565 1392 3637 καρπόν.
1433 3567 1700 3639 Παρθένοι

97 3653 586 3724 συπρεχὲτωσαν,
615 3655 697 3707 ὅτι
740 3651 1008 3724 παρθένος
1038 3655 1243 3724 ἔτεκεν,
1279 3659 1397 3729 οὐχὶ
1427 3659 1526 3731 τὴν
1563 3679 1702 3734 παρ-

201 3808 258 3840 "
303 3807 446 3864 Dan.
490 3825 550 3872 tt,
583 3809 674 3865 54.
745 3813 792 3844 ⁸ο
832 3811 994 3868 Prov.
1027 3830 1157 3878 xxx,
1185 3815 1272 3871 19.
1349 3816 1394 3848 ⁸¹
1435 3816 1572 3873 Gen.
1607 3819 1773 3883 "1,1.

92 3925 158 4001 τὸ
193 3923 648 4001 ἀπε-ρίγραπτον.
685 3925 922 4001 Τοιαῦτα
954 3928 1160 4001 ημῖν-ἡ
1199 3929 1332 3996 ἁγία
1381 3929 1700 4001 μητροπάρτ

93 3995 286 4070 θενος¹
310 3993 376 4046 ὲν
396 3993 610 4070 -ἁγιαις
640 3997 838 4070 ,αὐτῆς
880 3993 1213 4070 έπιλόιμψέσι
1250 3993 1582 4070 ’προκομίζει
1631 3993 1701 4054 τὰ

93 4063 474 4139 ἀγαθά-Αἶα
503 4066 652 4139 ,παρ’
708 4063 846 4139 αὐτῇ
881 4063 1058 4138 πηγη
1085 4063 1250 4139 ζωῆς.
1303 4063 1392 4124 Ea:
1435 4063 1695 4132 oratione,

91 4133 274 4204 quam
332 4133 382 4188 Τ
381 4133 642 4209 headotus
699 4133 1244 4209 Ancﬁerepiscopus
1305 4143 1593 4209 composuit
1641 4142 1695 4196 in

93 4203 362 4280 sanctam
395 4203 490 4259 Dei
514 4203 835 4280 Genitrice-ni
847 4218 896 4280 et
919 4203 1252 4278 Symeonem,
1274 4203 1431 4280 apud'
1446 4221 1692 4264 sanctum

93 4275 488 4350 Nicephorum
536 4275 809 4350 adversus
869 4275 1214 4350 lcogiiomach.
1259 4275 1353 4336 lib.
1391 4280 1696 4350 n):Gaude

95 4347 404 4422 nsinimum
447 4346 548 4399 loci
601 4351 876 4422 spatium,
912 4347 1027 4422 ejus
1059 4350 1263 4418 factum
1301 4346 1493 4420 capas,
1535 4353 1627 4422 qui
1661 4369 1694 4406 a

91 4418 262 4487 nullo
293 4425 470 4483 Potest
495 4416 632 4482 capi.
652 4417 784 4484 Quis
806 4434 924 4472 vero
951 4416 1066 4487 ejus
1092 4416 1423 4474 nativitatem
1443 4416 1696 4476 enarrare

1882 3479 1944 3533 Ιῐ.
1987 3483 2294 3536 Accurrant
2326 3485 2602 3546 mulieres,
2637 3483 2782 3554 quod
2819 3485 3014 3540 mulier
3053 3501 3159 3541 non
3191 3491 3386 3544 mortis

1807 3571 2056 3626 arborem
2090 3575 2380 3638 ostendat,
2419 3575 2516 3629 sed
2557 3577 2732 3646 pariat
2768 3577 3008 3632 fructum
3047 3580 3194 3634 vitte.
3229 3582 3394 3656 Con-1

1807 3671 2032 3718 currant
2058 3665 2316 3736 virgines,
2346 3667 2490 3738 quod
2517 3666 2686 3740 Virgo
2717 3671 3010 3741 pepererit,
3044 3672 3242 3728 nedum
3273 3689 3383 3729 non

3361 3771 3482 3868 λ’

1881 3929 1993 4000 (42)
2032 3929 2178 3983 Nam
2222 3941 2434 3984 na'ura.
2471 3928 2686 4000 Sequor
2729 3930 2906 3985 sancti
2953 3929 3185 3985 Andreae
3229 3934 3382 3986 codi-

1806 4014 1947 4062 cem,
1968 4017 2030 4055 ex
2061 4016 2170 4070 quo
2210 4002 2460 4054 restituta
2493 4001 2694 4063 littera,
2729 4004 3014 4070 planaiest
3076 4015 3138 4054 ac
3167 4001 3376 4059 facilis:

1805 4069 2272 4141 nulloquemodo
2303 4071 2500 4125 adduci
2531 4074 2759 4141 possim,
2794 4081 2852 4125 ut
2893 4069 3144 4141 Ri_ccardi
3187 4072 3380 4127 lectio-

1801 4157 1923 4196 ncm
1969 4139 2229 4211 probem,
2283 4139 2578 4208 putemqiie
2622 4142 2912 4211 scripsisse
2947 4139 3224 4204 Proclum,
3259 4143 3380 4198 loco

1799 4211 2104 4276 τεκοῦσαν,
2157 4211 2444 4282 σεκοῦραν.
2494 4211 2736 4268 Tametsi
2787 4213 2932 4266 enim
2981 4211 3154 4282 κοῡρα
3204 4216 3379 4280 possit

1801 4282 1972 4352 accipi
2007 4297 2106 4354 pro
2132 4281 2293 4354 κόρη,
2323 4290 2376 4336 et
2406 4282 2540 4354 κόρη
2583 4284 2703 4338 loco
2747 4282 3040 4354 παρθένος,
3090 4281 3374 4352 nusquam

1799 4359 1984 4407 tamen
2031 4352 2268 4408 Proeliis
2293 4355 2374 4407 sic
2400 4352 2632 4407 Atticam
2679 4352 2972 4408 dialectum
3013 4353 3190 4406 Ionica
3229 4370 3378 4408 com-

1801 4425 2034 4477 mutavit
2068 4425 2120 4477 in
2164 4440 2298 4478 voce
2323 4423 2496 4494 κόρη,
2527 4424 2772 4494 nihilque
2809 4423 3127 4494 impeditius
3166 4424 3373 4491 littera,

89 4486 302 4552 possit,
327 4489 424 4555 qui
458 4487 576 4556 ipsa
602 4489 873 4564 antiquior
899 4485 1232 4564 generatione
1257 4493 1514 4564 exsistit?
1551 4493 1693 4564 Quid
1727 4485 1768 4539 Ι)
1797 4509 1959 4563 quam
1991 4495 2094 4548 sibi
2139 4495 2229 4548 ille
2263 4511 2326 4548 ex
2380 4485 2822 4564 Heidelbergensi
2861 4485 3184 4562 composuit
3214 4512 3226 4546 :
3279 4485 3374 4562 qui

91 4573 511 4630 prosequemur,
549 4557 933 4630 admiratione,
968 4561 1204 4630 divinum
1267 4579 1329 4615 ac
1375 4563 1698 4630 ineffabilem

91 4631 312 4698 fetum,
373 4643 442 4680 an
495 4629 921 4702 inexplicabilem
972 4629 1250 4702 feturam?
1301 4629 1578 4702 Nequeunt
1635 4651 1698 4688 ea

90 4713 360 4772 sermone
393 4699 782 4772 comprehendi,
803 4717 920 4772 qua:
954 4701 1059 4754 vim
1093 4711 1258 4755 totam
1288 4699 1515 4757 rationis
1540 4719 1697 4772 supe-

91 4779 254 4822 ιαηι.
289 4765 418 4820 Non
447 4765 666 4835 possunt
701 4765 998 4824 intellectus
1035 4772 1083 4824 vi
1118 4773 1478 4826 circumscribi
1509 4791 1570 4826 ac
1599 4765 1695 4830 de-

87 4839 282 4908 ﬁniri,
324 4855 446 4903 quae
507 4841 764 4894 excedunt
816 4841 1242 4911 intelligentiam.
1280 4843 1516 4898 Tametsi
1556 4847 1695 4900 enim

85 4912 280 4978 pictor
303 4919 530 4962 matrem
556 4911 946 4965 incarnationis
968 4914 1134 4980 pingit
1153 4955 1166 4972 ,
1195 4930 1296 4966 non
1327 4925 1499 4968 tamen
1523 4932 1694 4970 sermo

86 4981 470 5051 conceptionis
509 4979 722 5033 modum
759 4979 1100 5049 interpretari
1129 4986 1318 5050 possit.
1359 4983 1694 5051 Principium

83 5049 248 5125 proli
285 5052 660 5125 imponemus?
709 5061 762 5104 at
802 5067 908 5105 non
952 5055 1192 5125 consistit
1233 5055 1426 5125 absque
1474 5049 1688 5113 aeterno.

87 5122 386 5194 Infantem
414 5137 532 5174 eum
561 5123 650 5188 qui
681 5131 840 5175 natus
884 5133 984 5186 est,
1013 5123 1250 5178 dicemus
1275 5128 1300 5180 ?
1326 5122 1380 5178 at
1415 5128 1692 5194 antiquum

81 5193 260 5246 illum
308 5191 518 5244 dierum
571 5201 840 5247 auctorem
897 5211 959 5246 ac
1013 5210 1230 5247 causam
1286 5195 1460 5250 habet.
1519 5191 1692 5250 Vincit

83 5263 334 5317 intentio
383 5261 522 5336 quod
565 5261 906 5336 demissionis
961 5275 1073 5328 est;
1120 5265 1364 5336 quodque
1403 5267 1686 5336 incircum-

81 5337 390 5406 scriptum,
435 5334 978 5406 circumscriptionem
1023 5334 1370 5392 transcendit.
1403 5335 1690 5406 Ejusmodi

83 5405 254 5457 nobis
285 5403 452 5464 bona,
493 5401 648 5472 Virgo
665 5401 836 5457 mater
867 5407 1037 5458 sacris
1085 5409 1198 5461 suis
1233 5401 1687 5463 illustrationibus

81 5473 324 5544 prefert
345 5515 362 5544 ,
393 5483 454 5526 ut
480 5474 626 5544 apud
647 5489 806 5544 quam
828 5475 897 5528 sit
921 5477 1040 5544 fons
1065 5478 1205 5532 vitaz.

159 5543 288 5614 (Μ)
327 5543 486 5610 Quod
485 5543 937 5618 _ttovam,£ér'qr.
971 5548 1012 5599 A
1039 5563 1146 5617 qua
1181 5550 1336 5618 longe
1366 5555 1482 5602 erat
1515 5563 1686 5618 genus

82 5613 432 5689 humanum.
468 5613 1016 5689 _Tl_teo_dotns‘habet
1057 5613 1242 5689 κοινήν
1270 5613 1299 5682 ξ
1315 5613 1641 5672 communem
1665 5636 1684 5672 :

79 5700 206 5756 quo
229 5686 406 5740 etiam
440 5685 601 5739 titulo
637 5685 868 5741 illustris
899 5685 1208 5742 admodum
1225 5691 1280 5744 tit
1316 5690 1434 5745 dies
1477 5689 1682 5745 Christi

79 5755 304 5815 natalis
329 5774 348 5813 :
383 5757 683 5827 malimque
716 5771 818 5828 ego
869 5756 931 5810 τὸ
962 5759 1168 5830 κοινήν.

1798 4566 1958 4634 plane
2001 4565 2374 4620 emendandus
2413 4573 2516 4630 est,
2551 4575 2606 4619 ut
2653 4581 2751 4634 pro
2800 4567 3014 4634 ἀγνοεῖ,
3063 4566 3149 4634 sit_
3167 4565 3370 4615 ἐννοεῖ-

1797 4632 1942 4705 quod
1981 4651 2151 4688 unum
2179 4637 2352 4690 series
2397 4643 2509 4688 tota
2543 4632 2696 4704 petit,
2745 4632 2858 4705 qua
2881 4636 3076 4689 doceat
3119 4632 3373 4694 Proelus.

1795 4704 1927 4776 quid
1959 4707 2134 4776 gratia
2164 4721 2330 4775 supra
2351 4706 2574 4759 humani
2608 4704 2874 4762 rationem
2900 4715 3089 4774 partus
3124 4719 3187 4756 ac
3217 4719 3372 4772 puer-

1795 4775 1931 4845 perii
1963 4774 2016 4829 in
2037 4774 2213 4846 Maria
2237 4774 2576 4846 praestiterit.

1869 4846 1980 4914 (45)
2023 4841 2347 4913 Nuptiarum
2376 4862 2577 4912 expers,
2624 4845 2826 4916 γάμων
2864 4845 3145 4916 ἀμύητος.
3201 4841 3370 4916 Valde
3453 4869 3458 4872 ·

1793 4914 2050 4996 displicet
2073 4919 2218 4996 quod
2255 4917 2432 4970 reddit
2461 4914 2812 4996 Riccai'dus_:_
2832 4933 2864 4969 a
2903 4915 3368 4996 prpfanisinuptiis

1794 4987 1990 5066 aliena.
2019 4987 2160 5040 Sunt
2185 5001 2425 5056 namque
2450 4988 2652 5066 nuptiae
2682 4989 2814 5066 nihil
2849 4985 3115 5066 profanae,
3149 4985 3366 5066 tati-remi

1793 5057 2037 5128 sanctior
2078 5067 2160 5112 est
2197 5073 2260 5110 ac
2301 5055 2567 5112 sacratior
2597 5055 2902 5128 virginitas.
2947 5055 3183 5110 Verbum
3233 5055 3366 5110 illud

1791 5126 2037 5198 ἀμύητος
2105 5137 2265 5181 sonat
2326 5143 2436 5180 non
2492 5126 2802 5198 initiatam,
2853 5141 3138 5182 sacrorum
3174 5135 3367 5198 meta-

1791 5196 1984 5267 phora,
2007 5198 2206 5267 quibus
2239 5198 2442 5251 initiari
2472 5197 2797 5252 dicebantur
2832 5199 2924 5267 qui
2946 5211 3136 5251 eorum
3164 5196 3368 5250 ﬁebant

1791 5268 2108 5338 participes.
2159 5283 2332 5338 eaque
2365 5268 2720 5322 docebantur.
2753 5267 2906 5333 Quod
2951 5267 3219 5336 sequitur.
3254 5267 3366 5338 καὶ

1788 5337 2276 5417 γάμωνίάὁόητος·
2321 5355 2384 5417 ac
2425 5339 2571 5417 velut
2603 5339 2894 5417 explicatio
2941 5337 3362 5417 praecedentium

1789 5407 2058 5486 ponitur,_
2082 5407 2190 5464 nan
2235 5411 2374 5486 male
2407 5409 2584 5480 possit
2611 5407 2832 5486 exponi,
2867 5426 2982 5480 qua:
3014 5425 3076 5460 ne
3127 5407 3365 5486 audisset

1787 5479 1996 5548 quidem
2025 5482 2090 5533 de
2123 5479 2324 5548 nuptiis
2356 5495 2374 5532 :
2410 5479 2484 5532 ’ut
2529 5495 2650 5550 qua:
2689 5496 2748 5534 se
2798 5479 2906 5550 Deo
2953 5489 3083 5550 voto
3121 5479 3365 5532 obstrin-

1789 5551 1984 5610 xisset,
2014 5565 2116 5604 nec
2148 5553 2305 5604 aliter
2335 5551 2527 5604 fuisset
2548 5549 2777 5604 ’tradita
2798 5549 3060 5620 Josepho,
3108 5561 3272 5617 quam
3304 5553 3363 5598 ut

1787 5621 2028 5682 custodi,
2055 5635 2161 5691 non
2199 5629 2258 5691 ut
2285 5622 2520 5686 marito;
2557 5631 2613 5674 ut
2647 5623 2834 5691 plures
2878 5621 3068 5675 Patres
3111 5621 3358 5691 tradunt.

1786 5691 2024 5763 ipseque
2040 5690 2176 5745 adeo
2199 5689 2426 5763 Proclus
2453 5685 2592 5749 orat.
2621 5685 2674 5746 νί
2699 5709 2716 5759 ;
2745 5708 2852 5763 qua
2885 5691 2954 5746 de
2979 5706 3037 5745 re
3071 5687 3160 5742 adi
3190 5685 3362 5742 Geor-

1786 5763 1937 5832 gium
1965 5761 2247 5817 Nicomed.
