3842 6304
466 297 564 351 711

1661 289 1719 344 8.
1756 286 2000 342 I’ROCLI
2038 285 2144 341 (ΖΡ.
2186 286 2492 343 EPISCOPI

3594 293 3693 347 7l2

465 413 665 467 violata
718 407 1054 480 virginitate,
1097 403 1192 460 sed
1252 412 1306 459 et
1351 404 1636 475 obsignata
1686 404 2020 474 integritate.

2140 401 2309 455 ieviav
2333 401 2680 472 αἰσχύνουσα,
2711 401 2845 456 ἀλλὰ
2871 401 2969 473 τὴν
2993 401 3301 473 ἀφθαρσίαν
3332 404 3687 473 σφραγίσασα.

464 502 669 558 Prodiit
701 501 841 555 enim
873 497 1077 559 infans,
1112 504 1164 550 et
1197 495 1436 565 integras
1477 495 1614 548 uteri
1654 495 1870 549 tunicas
1901 494 2027 547 reli-

463 597 616 667 quit.
648 610 711 649 ac
761 600 969 648 naturae
1001 588 1309 658 Opificiuam
1334 627 1349 651 ,
1383 601 1491 656 quo
1532 593 1807 654 repererat
1839 584 2023 646 modo.

463 686 692 752 dimisit,
720 698 924 754 augens
949 681 1136 753 grati-.e
1164 690 1466 734 cremento.
1493 678 1798 732 Accurrant
1824 684 2028 730 matres

463 795 529 833 eo
553 780 695 847 quod
727 774 890 846 Virgo
935 782 1126 837 mater,
1173 772 1555 827 inobedientize
1606 770 1856 824 arborem
1904 768 2029 822 vita:

463 870 655 924 arbore
691 865 1016 922 emendavit.
1048 864 1396 918 Concurrant
1445 863 1565 916 tiliae
1589 903 1604 928 ,
1647 861 1793 932 quod
1832 861 2025 915 inobe-

463 962 680 1016 dientiae
711 967 970 1013 materna!
1008 957 1298 1030 iniuriam,
1333 955 1457 1010 lilia:
1486 955 1796 1010 obedientia
1849 955 2028 1009 vindi-

463 1057 622 1109 carit.
655 1051 960 1106 Accurrant
1002 1060 1180 1120 patres
1204 1088 1218 1112 ,
1252 1056 1474 1118 propter
1503 1062 1624 1101 eum
1664 1046 1757 1115 qui
1793 1046 2031 1100 novissi-

465 1144 570 1198 mis
605 1143 822 1198 saacnlis
853 1149 1012 1196 natus
1045 1148 1128 1196 est
1167 1141 1346 1195 Pater.
1379 1140 1724 1194 Concurrant
1751 1137 1990 1192 infantes
2011 1180 2026 1206 ,

465 1236 584 1304 ejus
613 1248 779 1288 causa
822 1234 914 1302 qui
949 1230 1129 1286 infans
1163 1231 1217 1284 in
1264 1233 1528 1300 prtesepio
1574 1231 1772 1300 pannis
1809 1229 2032 1282 involvi-

467 1335 572 1380 tur.
617 1327 926 1379 Accurrant
980 1331 1262 1414 pastores,
1303 1329 1524 1392 propter
1548 1331 1729 1375 ortum
1778 1336 1843 1375 ex
1891 1337 2029 1390 agna

470 1417 716 1488 virginali
749 1412 1048 1484 pastorem;
1079 1412 1272 1468 Pastor
1301 1428 1556 1482 namque,
1589 1427 1787 1466 novum
1818 1427 2032 1482 compa-

465 1516 607 1563 ctam
643 1507 818 1560 induit
841 1507 1090 1575 corporis
1126 1506 1355 1575 pellem;
1386 1506 1686 1574 vidensque
1719 1504 1878 1573 lupus
1904 1503 2029 1572 agni

466 1602 726 1670 speciem,
752 1600 804 1652 in
828 1615 950 1654 eum
979 1599 1135 1652 hians
1159 1597 1520 1667 undequaque
1545 1597 1794 1650 incurrit.
1830 1593 2029 1649 Verum

467 1694 657 1748 dentes
687 1693 904 1762 quidem
943 1694 1124 1754 acuit;
1154 1704 1351 1744 carnes
1382 1698 1563 1742 tamen
1594 1687 1731 1757 Λειιί
1765 1687 2030 1739 immacu-

2139 493 2358 564 Ἐξῆλθε
2383 495 2492 565 γὰρ
2522 493 2582 546 τὸ
2613 493 2808 562 βρέφος
2828 536 2841 558 ,
2874 496 2968 548 καὶ
2995 494 3288 564 ἀκεραίους
3319 497 3446 556 τοὺς
3471 497 3689 564 χιτῶνας

2126 585 2224 655 τῆς
2257 585 2491 654 γαστρὸς
2543 585 2804 648 ἀπέλιπε,
2844 585 3087 638 τοιοῦτον
3129 585 3288 653 ἀφεὶς
3321 587 3380 637 ἐν
3419 587 3691 658 προσθήκῃ

2127 676 2224 745 τῆς
2259 677 2499 746 χάριτος,
2534 669 2615 738 οἷς
2649 670 2774 746 εὗρε
2811 676 2873 728 τὸ
2914 675 3016 745 τῆς
3055 676 3267 746 φύσεως
3319 678 3688 747 ἐργαστήριον.

2127 767 2377 838 Μητέρες
2413 769 2780 837 τρεχέτωσαν,
2817 768 2897 820 ὃτι
2935 770 3116 840 μήτηρ
3150 768 3418 839 παρθένος
3456 768 3518 820 τὸ
3552 767 3690 831 ξύλον

2126 861 2228 930 τῆς
2261 862 2545 932 παρακοῆς
2578 861 2666 914 διὰ
2708 861 2801 914 τοῦ
2836 861 2994 928 ξύλου
3028 863 3126 931 τῆς
3161 862 3304 931 ζωῆς
3335 860 3686 932 διωρθώσατο.

2129 951 2434 1023 Θυγατέρες
2475 954 2930 1023 συντρεχέτωσαν.
2976 955 3058 1006 ὃτι
3109 953 3382 1024 μητρικῆς
3420 956 3690 1023 παρακοῆς

2131 1043 2306 1114 ὓϐριν,
2342 1043 2607 1114 θυγατρὸς
2641 1043 2854 1113 ὑπακοὴ
2885 1043 3180 1114 ἐξεδίκησε.
3225 1045 3467 1113 Πατέρες
3514 1043 3688 1113 τρεχέο

2130 1153 2329 1199 τωσαν,
2368 1135 2457 1188 διά
2498 1137 2588 1188 τὸν
2624 1139 2710 1190 ἐπ’
2744 1138 2984 1207 ἐσχάτων
3033 1137 3142 1188 τῶν
3192 1137 3401 1188 αἰώνων
3443 1135 3690 1204 τεχθέντα

2131 1227 2368 1298 Πατέρα.
2421 1229 2602 1300 Βρέψη
2658 1229 3114 1300 συντρεχέτωσαν.
3167 1228 3372 1281 διάστὸ
3422 1229 3483 1280 ἐν
3531 1229 3688 1300 φάτνῃ

2133 1287 2612 1398 σπαργωύμενον
2659 1287 3175 1392 ﬂpétp'og’:110tpé‘as;
3209 1287 3689 1391 τρεχέτωσανῖδιά

2129 1413 2219 1464 τὸν
2253 1413 2315 1463 ἐκ
2337 1411 2436 1481 τῆς
2461 1411 2794 1483 παρθενικῆς
2823 1413 3059 1483 ἀμνάδος
3087 1414 3418 1484 προελθόντα
3449 1413 3686 1480 ποιμένα.

2140 1502 2200 1555 '0
2233 1503 2340 1574 γὰρ
2370 1503 2570 1573 ποιμὴν
2599 1505 2696 1575 τὴν
2721 1504 2986 1575 ξενοπαγῆ
3017 1505 3109 1558 τοῦ
3143 1505 3396 1575 σώματος
3421 1503 3690 1576 περιέθετο

2131 1594 2293 1666 δοράν
2314 1611 2328 1627 ⁸
2365 1596 2458 1648 καὶ¹
2489 1598 2518 1648 6
2551 1595 2712 1660 λύκος
2756 1597 2830 1660 ὡς
2863 1597 3032 1665 ἀμνὸν
3068 1595 3190 1652 ἰδὼν
3224 1596 3575 1668 περιέτρεχεν
3606 1612 3690 1647 κε-

2133 1687 2331 1756 χηνώςο
2363 1687 2497 1740 ἀλλὰ
2524 1688 2646 1750 τοὺς
2683 1689 2780 1759 μὲν
2811 1690 3027 1754 ὀδόντας
3059 1691 3322 1760 ἡκόνησε,
3349 1688 3458 1739 τῶν
3482 1687 3540 1740 δέ
3570 1703 3690 1756 σαρ-

469 1784 560 1838 lati
595 1801 693 1840 nec
737 1784 978 1838 delibare
1027 1782 1237 1851 potuit;
1285 1796 1409 1834 nam
1448 1780 1561 1846 eius
1614 1796 1737 1832 caro
1766 1795 1868 1831 non
1903 1778 2031 1831 vidit

2140 1781 2248 1831 κῶν
2277 1781 2368 1834 τοῦ
2397 1782 2628 1852 ἀμώμου
2649 1783 2748 1834 οὐκ
2772 1783 2956 1852 ἴσχυσε
2983 1781 3300 1851 γεύσασθαι.
3338 1781 3400 1834 Ἠ
3418 1780 3526 1850 γάρ
3549 1779 3691 1847 σὰρξ

467 1872 847 1940 corruptionem
883 1873 949 1926 ⁷⁸.
987 1870 1195 1926 Etenim
1220 1869 1407 1939 Agnus
1432 1871 1549 1938 ipse
1584 1869 1770 1937 lupum
1807 1867 2030 1930 occidit,

467 1977 534 2018 ac
569 1979 708 2034 quos
733 1965 820 2018 ille
847 1980 875 2017 a
907 1963 1107 2018 saeculo
1135 1963 1388 2025 tenebat,
1430 1968 1674 2015 ventrem
1702 1959 1886 2014 edacis
1910 1958 2037 2010 fera:

466 2069 716 2114 evomere
756 2054 1058 2124 compulit;
1098 2054 1178 2106 sic
1211 2055 1506 2107 humanum
1544 2051 1842 2106 extrahens
1863 2066 2036 2120 genus

468 2146 615 2200 velut
652 2146 780 2199 olim
814 2143 1005 2198 Jonam
1042 2162 1072 2198 e
1105 2151 1292 2198 ventre
1324 2143 1429 2198 ceti
1463 2143 1530 2198 ".
1567 2141 1912 2197 Concurrant
1951 2158 2036 2196 re-

468 2250 593 2306 ges,
636 2235 782 2305 quod
813 2235 926 2289 Rex
961 2235 1148 2304 gloriae
1177 2250 1275 2305 pro
1301 2234 1468 2306 regali
1500 2235 1686 2288 trabea
1728 2233 1918 2288 fasciis
1952 2234 2036 2286 in-

467 2327 684 2381 volutus
727 2325 816 2380 sit.
867 2327 1175 2378 Accurrant
1227 2325 1542 2394 principes,
1596 2323 1743 2394 quod
1791 2325 2036 2391 Princeps

467 2418 558 2472 ille
583 2418 727 2486 pacis
747 2417 794 2448 ⁷⁸
821 2417 876 2471 in
909 2417 1158 2487 virginali
1189 2416 1466 2486 opiﬁcina,
1496 2416 1744 2484 corporis
1771 2430 1922 2469 arma
1949 2431 2038 2468 cu-

466 2509 623 2575 dcns,
651 2525 824 2579 eaque
858 2509 1295 2564 incontaminata
1345 2507 1548 2562 deitate
1580 2503 1806 2568 durans,
1842 2507 2037 2560 iisdem

465 2600 741 2654 diabolum
772 2601 983 2655 hostem
1011 2601 1366 2655 interemerit.
1392 2598 1738 2653 Concurrant
1759 2599 2034 2661 consules,

468 2692 614 2762 quod
664 2693 904 2746 caelestis
953 2700 1268 2748 terrestrem
1317 2690 1682 2759 assumpserit
1720 2690 2034 2755 consulem,

469 2782 755 2851 pulchram
789 2781 994 2834 habens
1025 2796 1088 2834 ac
1115 2782 1371 2834 decoram
1405 2780 1594 2835 sellam
1622 2777 1890 2843 curulem,
1917 2793 2041 2832 san-

472 2882 617 2926 ctam
647 2873 739 2926 Dei
785 2872 1102 2941 genitricem
1154 2871 1431 2942 Virginem
1466 2870 1735 2924 Mariam:
1782 2871 2039 2924 consula-

473 2981 586 3020 rem
627 2981 755 3020 vero
781 2975 980 3036 togam,
1017 2965 1168 3018 nullo
1189 2979 1410 3018 carnem
1439 2972 1614 3018 satam
1647 2964 1876 3026 semine,
1913 2978 2038 3032 pre-

472 3057 630 3110 tiosis
682 3058 827 3110 illam
879 3057 1142 3110 intextam
1189 3069 1254 3109 ac
1296 3062 1544 3108 ornatam
1583 3054 1805 3124 lapillis,
1842 3068 2040 3122 nempe

474 3157 786 3202 sanctorum
826 3147 951 3200 vitis
983 3161 1047 3200 ac
1083 3161 1270 3200 eorum
1306 3145 1470 3200 rebus
1503 3145 1709 3213 gestis;
1745 3144 2040 3198 inastima-
2068 3109 2109 3165 Ο

473 3237 674 3291 bilibus
720 3237 1029 3306 margaritis
1054 3279 1068 3303 ,
1102 3235 1383 3305 praeclaris
1426 3251 1622 3306 nempe
1652 3235 2039 3304 prophetarum

471 3326 776 3391 vaticiniis;
811 3342 917 3380 non
949 3327 1042 3396 qui
1077 3343 1271 3380 aurqu
1304 3326 1584 3395 dispergat
1630 3327 1914 3395 pravitatis
1943 3339 2042 3377 au-

472 3427 702 3478 ctorem.
737 3417 829 3472 sed
864 3420 958 3486 qui
997 3417 1431 3471 misericordiam
1471 3417 1665 3471 salutis
1703 3417 2040 3470 conciliatri-

473 3527 589 3566 com
616 3510 838 3580 prtemio
869 3511 1052 3563 donet.
1077 3511 1344 3563 Accurrat
1374 3509 1545 3578 plebs,
1579 3509 1835 3577 quoniam
1864 3507 2040 3562 Judex

471 3602 684 3673 plebeio
734 3600 938 3653 amictu
979 3600 1203 3654 indutus
1250 3607 1370 3660 est,
1423 3606 1480 3651 ut
1515 3614 1580 3652 eo
1613 3598 1913 3652 latitantem
1952 3615 2041 3651 ca-

473 3694 586 3758 piat
629 3693 802 3746 fnrem
840 3691 1152 3752 diabolum,
1185 3700 1570 3759 armatumque
1609 3691 1898 3758 exspoliet.
1943 3689 2042 3743 Mi-

473 3800 593 3837 rum
625 3799 756 3838 sane
779 3823 794 3848 ,
828 3798 890 3836 ac
939 3797 1197 3852 perquam
1237 3796 1438 3834 novum
1486 3779 1861 3834 indumentum
1894 3779 2040 3849 (44);

473 3883 793 3944 texturaque
819 3873 1192 3933 admirabilis,
1223 3881 1410 3940 utpote
1437 3873 1644 3941 absque
1672 3871 1922 3924 humana:
1954 3885 2042 3923 ar-

471 3969 544 4020 tis
578 3981 697 4034 ope.
721 3967 765 4019 0
793 3964 973 4032 Virgo,
1003 3964 1180 4034 puella
1207 3964 1458 4032 innupta,
1499 3977 1564 4016 ac
1595 3963 1714 4016 sine
1753 3964 2040 4031 puerperio

473 4057 835 4124 sordibusque
877 4064 1066 4115 mater,
1099 4053 1372 4108 undenatn
1413 4062 1634 4121 accepta
1682 4053 1804 4105 lana
1839 4060 2040 4106 vestem

473 4148 614 4202 hanc
637 4149 985 4212 contexuisti,
1021 4162 1184 4216 quam
1238 4146 1429 4199 mundi
1474 4144 1737 4198 Dominus
1764 4144 1928 4197 hodie
1959 4145 2042 4196 in-

473 4239 632 4293 duit?
672 4239 1018 4308 Eequodnam
1054 4237 1352 4293 textrinum
1385 4237 1525 4290 uteri
1558 4236 1748 4306 jngum
1783 4236 2040 4293 inveniSti

475 4333 529 4386 in
571 4348 679 4402 quo
719 4332 1104 4386 inconsutilem
1135 4331 1379 4382 tunicam
1422 4330 1568 4383 illam
1599 4329 1911 4384 intexeres?
1939 4331 2044 4382 Au-

2133 1871 2318 1926 αὑτοῦ
2359 1873 2470 1926 οὐκ
2499 1868 2620 1926 εἶδε
2647 1872 2764 1940 τὴν
2799 1872 3144 1942 διαφθοράν.
3188 1873 3245 1926 Ὀ
3277 1871 3387 1942 γὰρ
3421 1872 3588 1940 ἀμνὸς
3611 1873 3694 1925 τὸν

2133 1961 2294 2015 λύκον
2323 1963 2633 2029 ἀπέκτεινε,
2651 1964 2745 2017 καὶ
2771 1966 2895 2028 τοὺς
2925 1966 3020 2018 ἀπ’
3041 1964 3235 2027 αἰῶνος
3264 1965 3518 2032 ἐξεμέσαι
3544 1965 3698 2031 ἠνάγ-

2135 2070 2298 2107 κασεν
2337 2052 2394 2119 ἐξ
2444 2055 2613 2124 αὐτῆς
2651 2057 2751 2125 τῆς
2789 2055 3025 2126 γαστρὸς
3054 2053 3146 2107 τοῦ
3186 2053 3488 2124 παμφάγου
3522 2053 3694 2123 θηρὸς,

2134 2144 2210 2207 ὡς
2247 2145 2336 2198 τὸν
2380 2147 2563 2199 Ἰωνᾶν
2596 2147 2890 2212 ἐξελκύσας
2931 2148 2994 2199 ἐκ
3030 2146 3122 2199 τοῦ
3155 2147 3350 2217 κήτους
3378 2145 3468 2198 τὸν
3501 2146 3697 2218 ἀνθρωο

2135 2252 2256 2291 πον.
2305 2237 2553 2302 Βασιλεῖς
2605 2240 3066 2310 συντρεχέτωσαν,
3114 2241 3196 2292 ὅτι
3238 2241 3268 2291 6
3317 2238 3568 2308 βασιλεὺς
3606 2238 3698 2306 τῆς

2135 2327 2293 2399 δόξης
2325 2328 2444 2382 ἀνθ’
2473 2331 2787 2401 άλουργίδος
2819 2331 2889 2384 τὰ
2922 2332 3212 2403 σπάργανα
3237 2330 3538 2402 περιέθετο.
3575 2331 3699 2398 ’Δρ-

2137 2436 2322 2488 χοντες
2346 2421 2708 2491 τρεχέτωσαν,
2748 2422 2829 2474 ὅτι
2868 2424 2896 2475 6
2927 2421 3108 2494 ἄρχων
3150 2423 3253 2494 τῆς
3295 2424 3520 2495 εἰρήνης
3543 2425 3599 2476 ἐν
3625 2424 3698 2494 τῷ

2138 2510 2452 2580 παρθενικῷ
2480 2511 2825 2584 ἐργαστηρίῳ
2857 2513 3162 2583 χαλκεύσας
3199 2514 3262 2566 τὸ
3287 2515 3449 2568 ὅπλον
3481 2515 3571 2569 τοῦ
3603 2514 3698 2568 σώ-

2141 2618 2330 2671 ματος,
2357 2605 2452 2656 καὶ
2484 2603 2767 2674 στομώσας
2793 2605 2923 2658 αὐτὸ
2953 2608 3018 2676 τῇ
3053 2607 3304 2677 ἀχράντῳ
3345 2607 3577 2676 θεάτητι.
3613 2609 3697 2660 τὸν

2139 2688 2396 2759 πολέμιον
2445 2689 2688 2744 διάϐολον
2737 2691 2802 2743 δι’
2849 2691 3014 2744 αὑτοῦ
3063 2692 3418 2747 ἐθανάτωσεν.
3476 2695 3700 2746 ’Υπατοι

2140 2777 2601 2846 συντρεχέτωσαν,
2627 2778 2708 2830 ὅτι
2743 2780 2772 2831 6
2808 2779 3129 2850 ἐπουράνιος
3155 2781 3245 2833 τὸν
3299 2782 3538 2849 ἐπίγειον
3578 2798 3700 2834 κατ-

2137 2866 2328 2919 έλαϐεν
2353 2867 2577 2932 ὕπατονο
2603 2867 2788 2939 δίφρον
2813 2869 2949 2939 ἔχων
2969 2871 3309 2942 καλλιπρεπῆ
3334 2873 3431 2942 τὴν
3450 2872 3701 2926 Θεοτόκον

2141 2954 2407 3025 παρθένον
2451 2955 2696 3026 Μαρίαν·
2755 2957 2921 3026 τόγαν
2973 2958 3264 3028 ὑπατικὴν,
3318 2961 3416 3029 τὴν
3470 2960 3700 3028 ἄσπορον

2145 3045 2357 3116 σάρκα,
2411 3045 2592 3111 λίθους
2651 3047 2880 3118 ἔχουσαν
2931 3050 3148 3120 τιμίους
3207 3049 3315 3103 τῶν
3367 3053 3533 3119 ἁγίων
3583 3053 3701 3116 τοὺς

2145 3137 2322 3206 βίους’
2371 3139 2712 3211 μαργαρίτας
2769 3142 3100 3212 ἀτιμήτους,
3126 3121 3232 3195 τῶν
3275 3144 3566 3214 προφητῶν
3609 3144 3700 3204 τὰς

2141 3227 2536 3299 πολυτιμήτους
2566 3232 2900 3302 προρρήσεις
2921 3249 2934 3262 ·
2959 3233 3018 3285 ού
3050 3234 3247 3304 χρυσὸν
3278 3234 3584 3306 σκορπίζων
3612 3237 3706 3305 τῆς

2140 3319 2364 3384 ἀταξίας
2391 3319 2483 3373 τὸν
2515 3320 2706 3386 αἴτιον,
2737 3323 2850 3376 ἀλλ’
2881 3325 3278 3395 εὐσπλαγχνίαν
3313 3327 3590 3397 βραϐεύων
3613 3330 3705 3397 τῆς

2142 3413 2417 3484 σωτηρίας
2447 3413 2545 3486 τὴν
2573 3415 2849 3486 πρόξενον.
2897 3417 3122 3471 ’ἰδιῶται
3161 3420 3528 3490 τρεχέτωσαν,
3573 3421 3653 3472 δτι
3679 3420 3707 3472 6

2140 3507 2330 3574 κριτὴς
2361 3505 2625 3558 ἰδιωτικὸν
2654 3507 2866 3576 ἱμάτιον
2896 3509 3196 3580 περιέθετο,
3234 3511 3321 3563 ἵνα
3349 3511 3440 3562 τὸν
3475 3510 3708 3578 κλέπτην

2140 3593 2383 3646 διάϐολον
2425 3595 2490 3648 δι’
2524 3595 2687 3650 αὐτοῦ
2721 3597 2934 3671 θηράσῃ
2965 3600 3360 3670 κρυπτόμενον,
3406 3603 3503 3653 καὶ
3546 3601 3713 3654 ἐκθω-

2143 3685 2344 3757 ρακίζῃ
2375 3686 2726 3757 ὁπλούμενον.
2759 3687 2919 3742 Ξένον
2950 3689 3010 3742 τὸ
3039 3690 3258 3761 ἔνδυμα,
3285 3691 3378 3743 καὶ
3401 3691 3711 3742 καινότατον

2139 3778 2201 3830 τὸ
2233 3779 2476 3848 ἱμάτιον·
2512 3780 2603 3832 καὶ
2637 3783 2671 3850 ἡ
2703 3781 2864 3850 πῆξις
2898 3782 3226 3854 παράδοξος,
3262 3783 3338 3846 ὼς
3366 3783 3714 3853 ἀνθρωπίνης

2140 3869 2334 3941 τέχνης
2362 3871 2648 3942 ἀμέτοχος.
2683 3868 2749 3925 Ὦ
2785 3874 3040 3946 παρθένε,
3078 3876 3213 3947 κόρη
3235 3877 3606 3948 ﬁrmatae,
3627 3878 3715 3929 καὶ

2145 3963 2326 4033 μήτηρ
2347 3962 2604 4033 άλύχευτε
2631 3983 2644 3997 ο
2676 3965 2838 4019 πόθεν
2866 3967 3105 4020 λαϐοῦσα
3129 3968 3189 4021 τὸ
3217 3968 3360 4040 ἔριον
3387 3969 3716 4022 κατεσκεύα-

2145 4075 2242 4121 σας
2278 4059 2512 4129 ἱμάτιον,
2546 4060 2574 4112 ὃ
2604 4062 2838 4132 σήμερον
2871 4065 2898 4114 6
2925 4062 3197 4132 Δεσπότης
3235 4063 3333 4133 τῆς
3377 4064 3610 4127 κτίσεως
3641 4065 3717 4116 ἐν·

2144 4150 2402 4216 εδύσατο;
2451 4154 2601 4204 ποῖον
2629 4152 2674 4204 δ’
2709 4148 2864 4224 εὗρες
2899 4153 3097 4207 ίστῶνα
3145 4153 3415 4224 γαστρὸς,
3452 4154 3584 4207 ἔνθα
3629 4154 3715 4205 τὸν

2143 4238 2388 4309 άρῤαφον
2413 4240 2614 4309 χιτῶνα
2637 4238 2939 4309 ἐξύφανας;
2978 4241 3218 4294 Ἀκούειν
3241 4243 3340 4311 τῆς
3364 4241 3580 4310 φύσεως
3599 4241 3713 4294 ἀντὶ

2143 4329 2243 4398 τῆς
2272 4331 2542 4399 παρθένου
2578 4327 2757 4385 εἷπον·
2797 4333 3055 4401 φυλάττει
3083 4335 3189 4406 γάρ
3218 4336 3377 4400 τάξιν
3409 4333 3488 4403 τῷ
3517 4331 3713 4402 παρθευ

473 4425 749 4490 diendazn,
772 4423 891 4476 loco
922 4421 1162 4491 Virginis
1190 4422 1302 4488 (45)
1323 4460 1339 4484 ,
1378 4428 1629 4474 naturam
1665 4421 1870 4475 suadeo
1903 4438 1916 4472 :
1948 4435 2036 4473 or-

2146 4419 2279 4490 νικῷ
2305 4421 2447 4491 τόκῳ
2472 4422 2562 4475 τὸν
2591 4423 2766 4492 λόγον.
2805 4423 3036 4494 ’Ῑμάτιον
3064 4426 3262 4496 σαρκὸς
3288 4424 3410 4495 δίχα
3437 4425 3710 4484 κοινωνίας

473 4515 602 4567 dine
645 4515 787 4568 enim
822 4528 886 4566 ac
931 4514 1174 4573 ratione,
1221 4512 1474 4582 virginali
1517 4511 1694 4582 partui
1734 4527 2042 4565 sermonem

473 4603 735 4657 servabit.
773 4602 884 4672 Ego
907 4643 922 4668 ,
956 4603 1156 4672 inquit,
1196 4601 1620 4672 haudquaquam
1661 4604 1848 4657 carnis
1881 4603 2046 4657 vesti-

473 4707 714 4750 mentum
764 4696 968 4765 ahsque
1002 4696 1107 4750 viri
1159 4694 1558 4750 consuetudine
1605 4695 1849 4748 intexere
1892 4694 2042 4748 novi.

473 4786 588 4840 Mea
650 4795 861 4840 textura
911 4784 1191 4840 immunda
1253 4784 1382 4839 facit
1442 4783 1782 4838 indumenta.
1861 4782 2041 4838 induit

2149 4511 2339 4580 ἀνδρὸς
2374 4507 2490 4566 οἶδα
2530 4517 2724 4567 ποιεῖν.
2783 4515 2841 4566 Ὀ
2882 4515 3013 4586 ἐμὸς
3045 4516 3185 4580 ἱστὸς
3217 4517 3436 4588 ῥυπαρά
3486 4519 3630 4568 ποιεί
3653 4517 3712 4566 τι

2151 4603 2442 4672 ἐνδύματα.
2491 4605 2808 4661 Ἐνεδύσατο
2843 4610 2871 4662 6
2911 4607 3102 4678 Ἀδὰμ,
3137 4611 3228 4662 καὶ
3257 4608 3547 4680 ἐγυμνώθη
3570 4645 3587 4668 .
3628 4606 3712 4658 καὶ

2152 4693 2326 4760 φύλλα
2361 4695 2529 4766 συκῆς
2565 4699 2680 4768 μετ’
2719 4699 2980 4770 αἰσχύνης
3022 4700 3390 4770 περιεϐάλετο.
3444 4700 3607 4753 Ὀθεν
3642 4700 3712 4755 εἰς

2144 4785 2427 4856 διόρθωσιν
2457 4788 2549 4841 τοῦ
2582 4788 2878 4862 φθαρέντος
2902 4789 3146 4862 χιτῶνος,
3173 4792 3207 4863 ἡ
3236 4791 3398 4861 σοφία
3431 4793 3598 4862 ἐαυτῇ
3631 4786 3711 4838 τὸν

580 4944 624 4974 ⁷³
664 4945 784 4996 Act.
821 4957 881 5004 ιι,
908 4937 1193 5007 51;Psal.
1235 4954 1324 5002 xv,
1358 4937 1444 4990 10.
1523 4938 1568 4968 ⁷³
1600 4936 1728 4991 Jon.
1762 4953 1825 5001 ll,
1855 4935 1941 4990 Η.
2015 4937 2034 4968 ⁷

2140 4952 2199 4992 ια.
2236 4954 2312 5006 tx,
2341 4938 2395 4995 6.

547 5107 657 5173 (μ)
698 5108 771 5159 Ac
799 5121 1046 5175 perquam
1085 5121 1269 5162 novum
1305 5103 1689 5175 indumentum,
1737 5101 1833 5154 καὶ
1864 5098 2045 5175 καινότ-

477 5171 656 5230 τατον.
706 5171 936 5230 Ριαιΐετὶ)
974 5192 1091 5230 eam
1135 5176 1420 5228 lectionem
1457 5173 1622 5225 Palat.
1666 5173 1919 5240 impress.
1955 5171 2041 5224 cui

479 5248 650 5300 alltnis
698 5245 1035 5313 Heidelberg.
1071 5245 1167 5298 ml.
1220 5243 1563 5312 καινότερον·
1612 5241 1910 5313 lticcardns
1961 5242 2043 5293 vi-

478 5316 653 5370 tanda:
679 5330 840 5370 causa
867 5311 1212 5384 cacophonia:
1250 5315 1375 5383 legit
1407 5313 1501 5384 και
1527 5311 1733 5384 νοερόν·
1757 5327 1880 5379 qua:
1908 5325 2041 5384 sane

480 5388 637 5440 lectio
684 5387 812 5440 nihil
847 5396 972 5454 apta
1002 5379 1135 5450 'cst;
1173 5401 1272 5438 nec
1305 5379 1449 5438 enim
1493 5379 1873 5454 indumentum
1905 5379 2039 5454 illud

481 5458 534 5510 in
567 5472 735 5511 sacrae
768 5449 1005 5525 Virginis
1054 5449 1208 5510 utero
1239 5455 1471 5525 factum,
1512 5467 1576 5504 ac
1620 5451 1766 5520 quod
1805 5449 2036 5525 Verbum

481 5529 682 5587 induit.
718 5519 900 5599 νοερόν
943 5533 1048 5585 est.
1082 5535 1236 5594 prout
1263 5524 1450 5594 νοερόν
1478 5519 1667 5599 contra
1699 5535 1899 5599 corpus
1929 5519 2039 5573 dis-

478 5600 745 5666 tinguitur
777 5591 820 5652 τ’
852 5599 945 5652 sed
997 5591 1174 5667 ipsum
1224 5591 1646 5667 corpitsanima
1702 5591 2036 5667 intelligente

479 5660 799 5739 préditum;
847 5660 1617 5739 cujus'gd'untaxat'editionis
1657 5660 1876 5739 modum
1912 5675 2038 5739 vere

481 5731 679 5793 horum
703 5751 756 5796 et
787 5731 1159 5794 admirabilem
1187 5741 1341 5806 urget
1369 5731 1599 5788 Proeliis
1623 5749 1638 5787 :
1669 5733 1802 5802 quin
1825 5745 1894 5786 ne
1920 5731 2038 5806 ipse

2147 5098 2366 5173 quidem
2392 5096 2693 5173 Biceardus
2728 5101 2987 5173 reddit__16
3021 5105 3223 5173 νοερόν.

2229 5169 2332 5236 145)
2375 5170 2705 5224 Audiendum
2739 5173 2848 5225 loco
2894 5169 3138 5241 Virginis.
3172 5173 3394 5227 Intrieat
3417 5172 3704 5227 Riccardus

2147 5239 2409 5312 adjuncta
2463 5255 2593 5294 voce
2619 5242 2770 5312 εἴκω,
2806 5258 2869 5294 ex
2895 5239 3233 5312 Heidelberg.
3271 5252 3327 5296 ut
3364 5245 3460 5298 ait.
3496 5243 3705 5297 Plauatn

2147 5325 2248 5378 ego
2297 5311 2530 5363 litteram
2563 5326 2627 5364 ex
2669 5311 2840 5364 Palat.
2879 5311 3129 5380 impress.
3170 5311 3233 5366 ac
3276 5314 3450 5368 sancti
3487 5315 3710 5367 Andre:

2148 5381 2423 5442 existimo,
2454 5380 2626 5448 ipsam
2657 5397 2818 5452 quam
2849 5384 3047 5446 reddo;
3076 5397 3182 5436 non
3213 5399 3376 5452 quam
3406 5385 3499 5452 ille
3523 5400 3550 5437 a
3581 5399 3708 5438 con-

2147 5458 2296 5502 textu
2323 5450 2743 5504 remotissimam
2773 5450 3470 5509 coouniniscitur.Inducit
3491 5451 3710 5507 Proetus

2145 5533 2416 5591 naturam,
2447 5536 2547 5591 sua
2584 5524 2817 5591 primum
2849 5521 3188 5585 edicentem,
3225 5532 3338 5577 tum
3376 5524 3704 5577 desinentem

2142 5589 2200 5662 i_i_i
2229 5589 2545 5662 virginalem
2585 5589 2837 5659 partum,
2892 5607 2956 5646 ac
3001 5594 3236 5661 denique
3288 5594 3497 5648 inducit
3539 5596 3704 5662 ipsam

2141 5657 2422 5783 Virginea:
2471 5657 2623 5715 suam
2673 5662 2936 5718 adversus
3005 5657 3222 5720 Iuda-os
3281 5657 3706 5735 propugnantem

2142 5743 2339 5783 νινιιιιιι
2367 5744 2396 5781 a
2426 5745 2536 5783 elll.

2142 5744 2536 5798 Virginitatem.
