3976 6332
656 327 724 379 5ῖὶ
1662 315 2034 371 ΤΗΕΟΡΙΙΠᾸ
2077 314 2381 370 EPISCOPI
2427 312 2897 369 ALEXANDBINI
3810 309 3874 363 36

1463 570 1687 656 ΤΟΥ
1748 569 2124 656 ΑΥΤΟΥ
2176 568 3082 655 ΥΠΟΜΖΝΗΣΤΙΚΟΝ

1714 750 1888 820 Ὅπερ
1919 747 2079 802 ἔλαϐε
2106 746 2356 818 Ἀμμῶν,
2395 747 2481 801 διὰ
2514 748 2613 818 τὴν
2648 747 2832 802 Λυκώ.

922 963 1283 1027 EIUSDEM
1318 958 2019 1023 COMMONITORIUM
2048 958 2273 1032 QUOD
2302 958 2635 1020 ACCEPIT
2674 958 2969 1021 AMMON
3021 958 3387 1019 PROPTER
3419 957 3651 1019 LYCO.

1286 1150 1514 1208 CANON
1553 1150 1592 1204 l.

2928 1152 3167 1206 ΚΑΝΩΝ
3220 1152 3299 1204 A'.

731 1249 803 1303 De
832 1251 896 1303 iis
920 1250 1007 1320 qui
1035 1249 1250 1302 Arionis
1290 1246 1825 1311 communicaverunt,
1866 1253 1917 1300 et
1953 1243 2221 1302 Ecclesias

657 1341 755 1395 huc
789 1358 947 1411 usque
979 1341 1233 1407 detinent,
1260 1350 1316 1393 ut
1341 1356 1395 1394 se
1423 1337 1575 1394 habet
1601 1338 1942 1400 consuetudo,
1971 1340 2070 1408 ﬁat
2101 1356 2119 1393 :
2145 1342 2222 1393 ita

658 1444 832 1489 tamen
867 1444 921 1487 ut
951 1435 1045 1487 alii
1079 1435 1494 1495 constituantur,
1529 1432 1618 1501 qui
1646 1432 1700 1484 in
1734 1430 2050 1484 orthodoxia
2079 1434 2225 1485 testi-

658 1527 901 1593 ﬁcentnr,
926 1535 975 1579 et
1004 1525 1084 1578 illi
1123 1531 1487 1594 permaneant.
1522 1521 1620 1575 Ilis
1646 1538 1846 1591 quoque
1894 1521 1971 1574 ita
2016 1521 2227 1590 dispen-

658 1617 808 1676 satis,
836 1628 891 1667 ut
928 1617 1047 1669 aliis
1084 1614 1298 1668 urbibus
1319 1612 1601 1668 orthodoxi
1627 1614 1679 1666 in
1707 1613 1969 1666 Thebaide
2001 1614 2228 1681 episcopi

657 1706 909 1775 fecerunt,
940 1705 1029 1775 qui
1067 1704 1130 1756 ab
1168 1705 1405 1771 episcopo
1438 1702 1679 1771 Apolline
1712 1703 2010 1767 constituti,
2053 1712 2103 1756 et
2140 1705 2229 1773 qui

657 1814 773 1848 cum
821 1797 1033 1849 Arianis
1067 1795 1332 1848 Ecclesias
1381 1794 1691 1847 habentibus
1752 1795 2225 1857 communicantes,

658 1890 983 1956 puniantur;
1029 1887 1074 1939 si
1118 1885 1323 1955 quidem
1367 1886 1602 1953 ipsorum
1643 1886 1911 1939 voluntate
1950 1886 2045 1939 hoc
2094 1887 2230 1955 fece-

659 1990 814 2041 runt;
854 1980 936 2032 sin
971 1990 1143 2031 autem
1185 1979 1401 2046 proprio
1441 1979 1678 2046 episcopo
1726 1979 2062 2041 obedierunt,
2112 1996 2226 2048 per—

659 2079 938 2134 maneant,
982 2070 1080 2122 etsi
1139 2068 1276 2139 quod
1300 2069 1509 2138 justum
1544 2079 1620 2123 est
1653 2088 1753 2123 non
1796 2073 2045 2124 noverint.
2082 2071 2146 2123 Et
2186 2074 2231 2125 si

660 2179 836 2215 omnes
876 2160 1086 2232 quidem
1120 2160 1301 2229 populi
1342 2177 1428 2214 eos
1489 2176 1609 2213 cum
1660 2160 1782 2214 aliis
1819 2161 2084 2224 reficiant,
2136 2163 2230 2213 alii

660 2255 1001 2317 ordinentur;
1047 2255 1129 2307 sin
1158 2264 1335 2307 autem
1363 2271 1449 2308 eos
1487 2255 1707 2307 retinent
1749 2270 1864 2307 cum
1902 2254 2009 2306 illis
2048 2255 2230 2324 quibus

659 2347 1139 2410 communicarunt,
1176 2347 1215 2398 ii
1251 2362 1452 2416 quoque
1480 2362 1593 2400 eam
1624 2349 2053 2399 consuetudinem
2082 2362 2233 2404 expe-

661 2440 888 2501 riantur,
913 2454 1016 2507 qua
1043 2438 1127 2491 usi
1170 2447 1294 2492 sunt
1329 2454 1505 2492 omnes
1556 2437 1835 2491 orthodoxi
1876 2438 1927 2490 in
1973 2436 2231 2491 Thebaide

660 2532 908 2600 episcopi.

2396 1246 2538 1316 Περὶ
2576 1245 2692 1300 τῶν
2728 1244 3221 1312 κοινωνησάντων
3267 1242 3392 1308 τοῖς
3450 1242 3759 1312 Ἀρειανοῖς
3795 1243 3881 1295 καὶ

2321 1340 2499 1411 μέχρι
2526 1340 2644 1394 νῦν
2687 1338 2796 1403 τὰς
2823 1338 3190 1405 Ἐκκλησίας
3222 1337 3614 1404 κατεχόντων,
3647 1336 3726 1401 ὡς
3762 1336 3882 1401 ἔθος

2326 1431 2599 1500 γινέσθω,
2630 1429 2782 1482 οὕτω
2820 1427 3025 1498 μέντοι
3067 1426 3306 1496 ἐτέρους
3345 1425 3715 1494 καταστῆναι
3751 1441 3884 1495 μαρ‹

2327 1521 2731 1592 τυρουμένους
2785 1522 2854 1575 ἐν
2916 1521 3226 1589 ὀρθοδοξίᾳ
3246 1561 3260 1585 ,
3306 1520 3625 1584 κάκείνους
3667 1516 3883 1578 αὐλίζε-

2328 1619 2485 1670 σθαι.
2530 1616 2726 1679 Οὕτως
2762 1613 3271 1684 οἰκονομουμένων
3308 1612 3670 1673 καὶτούτων,
3697 1610 3884 1676 ὥσπερ

2330 1709 2428 1763 καὶ
2461 1710 2530 1761 ἐν
2561 1710 2688 1774 ταῖς
2714 1707 2932 1773 ἄλλαις
2961 1708 3178 1760 πόλεσι
3223 1704 3627 1771 πεποιήκασιν
3653 1707 3705 1758 ol
3729 1704 3796 1756 ἐν
3818 1701 3883 1769 τῇ

2332 1798 2572 1867 Θηϐαΐδι
2631 1798 2937 1866 ὀρθόδοξοι
2987 1799 3339 1862 ἐπίσκοποι,
3392 1799 3446 1849 oi
3494 1792 3884 1855 καταστάντες

2330 1893 2490 1961 παρὰ
2517 1891 2623 1945 τοῦ
2665 1893 3033 1954 Ἀπόλλωνος
3077 1888 3183 1943 τοῦ
3236 1890 3592 1953 ἐπισκόπου,
3636 1887 3735 1940 καὶ
3775 1904 3883 1938 κοι-

2332 1984 2710 2052 νωνήσαντες
2755 1983 2878 2048 τοῖς
2909 1982 3120 2051 ἔχουσι
3148 1980 3254 2048 τὰς
3287 1981 3651 2048 Ἐκκλησίας
3688 1980 3884 2046 Ἀρεια-

2330 2077 2477 2143 νοῖς,
2503 2075 3007 2143 ἐπιτιμᾶσθωσαν,
3046 2074 3169 2144 εἴγε
3197 2072 3395 2143 γνώμῃ
3425 2071 3621 2126 αὐτῶν
3648 2069 3883 2134 πεποιή-

2331 2184 2474 2224 κασι
2505 2168 2680 2222 τοῦτο
2701 2185 2714 2197 ⁸
2787 2171 2840 2221 εὶ
2871 2167 2938 2220 δὲ
2973 2168 3231 2235 ὑπήκοοι
3269 2167 3549 2235 γεγόνασι
3581 2163 3662 2229 τῷ
3710 2164 3887 2227 οἰκείῳ

2332 2261 2657 2328 ἑπισκόπῳ,
2712 2258 3179 2325 αὑλιζέσθωσαν,
3224 2259 3323 2314 καὶ
3368 2257 3453 2327 μὴ
3503 2258 3887 2327 ἐπεγνωκότες

2337 2351 2394 2403 τὸ
2424 2351 2698 2420 εὔλογον.
2732 2351 2842 2404 Καὶ
2873 2354 2925 2403 εί
2954 2351 3069 2419 μὲν
3110 2351 3333 2417 πάντες
3376 2352 3430 2404 οἱ
3476 2350 3609 2404 λαοὶ
3654 2350 3887 2410 τούτους

2333 2437 2764 2495 ἀποποιοῦνται
2800 2442 2950 2511 μετὰ
2991 2442 3110 2496 τῶν
3144 2442 3368 2506 ἄλλων,
3418 2442 3603 2508 ἕτεροι
3642 2453 3889 2509 χειροτοο

2262 2516 2301 2567 Β
2329 2534 2668 2588 νείσθωσαν
2688 2552 2700 2563 ·
2736 2538 2788 2588 εἱ
2814 2534 2880 2587 δὲ
2900 2536 3347 2589 ἀντιποιοῦνται
3378 2533 3577 2588 αὐτῶν
3593 2531 3722 2600 μετ’
3748 2528 3885 2583 ἐκεί-

658 2643 782 2680 νων
835 2620 926 2689 οἷς
966 2623 1437 2689 κεκοινωνήκασι
1479 2624 1686 2689 ταῦτα,
1734 2623 1832 2676 καὶ
1883 2619 2047 2679 οὗτοι
2111 2623 2651 2693 ἀποπειρὰσθωσαν
2685 2627 2797 2698 τῆς
2841 2629 3186 2696 συνηθείας,
3225 2622 3264 2699 ᾖ
3322 2626 3659 2696 ἐχρήσαντο
3724 2625 3774 2677 oi
3829 2622 3887 2674 ἑν

664 2719 902 2786 Θηϐαΐδι
936 2718 1161 2784 πάντες
1192 2719 1513 2773 ἐπίσκοποι
1553 2718 1883 2786 ὀρθόδοξοι.

1280 2831 1509 2886 CANON
1551 2831 1617 2886 ll.

736 2926 808 2980 De
837 2926 1005 2989 Bisto,
1038 2927 1126 2996 qui
1172 2927 1227 2978 in
1263 2923 1435 2977 Ereba
1486 2926 1801 2976 constitutus
1837 2937 1911 2978 est
1944 2927 2232 2996 presbyter,

661 3016 996 3085 quaerendum
1018 3025 1093 3069 est
1113 3025 1191 3079 ;et
1222 3017 1266 3068 si
1293 3015 1456 3068 alicui
1477 3013 1684 3082 quidem
1708 3016 1918 3066 mulieri
1949 3027 2231 3084 separatae,

662 3107 856 3158 vivente
886 3106 1101 3168 marito,
1123 3104 1227 3156 vim
1271 3104 1471 3164 attulit,
1509 3118 1610 3155 non
1644 3104 1851 3156 sinatur
1882 3120 1991 3156 esse
2033 3104 2238 3174 presby-

666 3207 774 3257 ter;
803 3212 924 3248 nam
965 3212 1025 3248 ne
1060 3206 1117 3248 ut
1158 3195 1323 3249 laicus
1372 3194 1580 3265 quidem
1624 3195 1772 3248 debet
1823 3199 2228 3258 communicare.

664 3304 779 3339 cum
808 3304 893 3340 eos
920 3289 1009 3356 qui
1033 3287 1162 3341 tales
1189 3297 1310 3341 sunt
1334 3302 1581 3357 separare
1609 3289 1928 3342 consueverit
1967 3288 2227 3342 Ecclesia.

673 3377 782 3432 Hoc
815 3388 990 3432 autem
1027 3378 1233 3432 nullum
1258 3379 1412 3448 aﬂ‘ert
1446 3380 1689 3449 episcopo
1720 3378 1952 3447 Apollini
1979 3379 2232 3446 prtvjuili-

664 3470 823 3532 cium,
847 3472 891 3521 si
916 3486 1033 3523 eum
1061 3486 1153 3538 per
1182 3470 1540 3541 ignorantiam
1573 3471 1878 3530 constituit;
1906 3484 2024 3520 cum
2047 3479 2232 3521 sancta

666 3563 892 3631 synodus
923 3563 1145 3631 jusserit
1167 3580 1276 3629 eos,
1315 3564 1403 3633 qui
1445 3573 1563 3633 post
1606 3564 1993 3618 ordinationem
2024 3572 2232 3631 propter

665 3653 859 3706 crimen
891 3653 1093 3724 indiqni
1115 3670 1228 3708 esse
1260 3655 1661 3722 convincuntur,
1696 3655 1909 3722 expelli.

735 3835 929 3928 BALS.
979 3836 1165 3928 Bistus
1217 3837 1286 3928 ab
1344 3837 1597 3928 Apolline
1650 3837 1909 3906 episcopo
1953 3838 2233 3928 presbyter
2262 3870 2306 3928 ο

2930 2836 3171 2889 ΚΑΝΩΝ
3228 2836 3304 2890 Β’.

2407 2928 2544 2994 Περὶ
2573 2928 2794 2980 Βίστου
2822 2926 3230 2992 καταστάντος
3277 2927 3348 2979 ἐν
3401 2929 3605 2997 Ἐρέϐῃ
3646 2933 3887 2998 πρεσϐυ-

2338 3017 2506 3084 τέρου
2536 3016 2845 3085 ζητητέονο
2892 3017 2989 3069 καὶ
3025 3020 3077 3069 εὶ
3120 3018 3238 3085 μὲν
3279 3019 3741 3090 ἁποταξιιμένην
3774 3025 3887 3075 τινὰ

2337 3107 2547 3172 ζῶντος
2596 3107 2700 3159 τοῦ
2736 3106 2954 3174 ἀνδρὸς
3003 3107 3303 3169 ἐϐιάσατο,
3347 3108 3433 3177 μὴ
3478 3117 3886 3181 συγχωρείσθω

2335 3195 2483 3251 εἶναι
2511 3199 2926 3267 πρεσϐύτερος,
2960 3196 3111 3250 ὅπου
3140 3215 3204 3267 γε
3233 3197 3374 3251 οὐδὲ
3406 3200 3485 3265 ὡς
3504 3202 3717 3269 dat/cog
3749 3203 3888 3272 ὀρεί-

2336 3290 2429 3340 λει
2466 3285 2855 3358 συνάγεσθαι,
2891 3284 2999 3354 τῆς
3054 3287 3414 3354 Ἐκκλησίας
3451 3290 3726 3356 εἰωθυίας
3764 3291 3888 3355 τοὺς

2337 3380 2639 3443 τοιούτους
2679 3378 2955 3447 χωρίζειν.
2994 3380 3075 3432 οὐ
3112 3380 3277 3448 φέρει
3302 3381 3368 3433 δὲ
3392 3381 3563 3435 τοῦτο
3609 3386 3886 3453 πρόκριμιι

2337 3471 2417 3537 τῷ
2456 3473 2764 3536 amonem,»
2822 3472 3176 3535 Ἀπόλλωνι,
3221 3476 3273 3526 εὶ
3315 3474 3384 3539 ἐξ
3437 3475 3684 3544 ἀγνοίας
3718 3478 3889 3532 αὐτὸν

2338 3564 2690 3632 κατέστησε,
2730 3562 2839 3630 τῆς
2870 3565 3044 3632 ἁγίας
3070 3565 3334 3619 συνόδου
3362 3568 3742 3635 κελευσάσης
3763 3570 3887 3633 τοὺς

2333 3656 2619 3722 ἀναξίους
2642 3657 2792 3725 μετὰ
2812 3654 2927 3723 τὴν
2956 3658 3325 3725 χειροτονίαν
3348 3658 3781 3728 ἐλεγχομένους
3802 3662 3886 3714 ἐπὶ

2334 3746 2603 3815 ἔγκλημα
2628 3745 3001 3799 ἐκϐαλέσθαι.

2407 3837 2597 3888 ΒΑΛΣ.
2657 3837 2717 3888 '0
2768 3836 2957 3899 Βίστος
3014 3836 3164 3906 παρὰ
3220 3838 3546 3904 Ἀπόλλωνος
3604 3843 3888 3896 ἐπισκόπου

664 3927 1001 3981 constitutus
1050 3926 1225 3980 fuerat
1273 3924 1328 3978 in
1377 3923 1582 3991 Ereba;
1628 3935 1712 3980 est
1765 3935 1941 3980 autem
1987 3942 2049 3980 ea
2086 3926 2233 3995 regio

2336 3926 2569 3996 κατέστη
2601 3924 2964 3997 πρεσϐύτερος
2986 3926 3043 3979 ὲν
3086 3927 3279 3998 Ἐρέϐῃ
3301 3942 3316 3956 ⁸
3352 3930 3505 4000 χώρα
3540 3930 3598 3983 δὲ
3637 3932 3774 4003 αὕτη
3808 3933 3889 3984 Αἰ-

666 4018 886 4091 Aﬂgypti
908 4019 1052 4074 sicut
1080 4028 1135 4074 et
1157 4018 1326 4091 Lyco.
1362 4019 1413 4076 ls
1446 4035 1576 4074 vero
1606 4018 1891 4073 dicebatur
1922 4027 2046 4073 ante
2082 4020 2234 4073 ordi-

666 4114 941 4167 nationem
975 4114 1191 4170 mulieri
1223 4122 1488 4185 separata:
1527 4113 1634 4168 vim
1655 4113 1929 4167 attulisse.
1970 4113 2092 4166 vivo
2125 4131 2238 4166 ma-

669 4207 794 4256 rito.
835 4205 908 4258 De
947 4221 1013 4259 eo
1041 4208 1206 4275 igitur
1239 4208 1606 4278 interrogatus
1638 4204 1995 4275 Theophilus,
2021 4206 2234 4274 inquit:

669 4297 953 4360 Quteratur
980 4312 1050 4349 an
1089 4298 1160 4349 sit
1194 4313 1383 4351 verum
1414 4315 1538 4352 eum
1577 4299 1789 4353 mulieri
1822 4298 1931 4351 vim
1971 4298 2237 4363 attulisse,

671 4395 725 4438 et
757 4386 802 4439 si
839 4386 910 4439 ita
951 4387 1042 4447 sit,
1085 4402 1154 4440 ne
1197 4387 1246 4440 ei
1280 4402 1403 4442 esse
1450 4390 1829 4457 presbyterum
1875 4390 2235 4455 permittatur.

672 4477 954 4542 Quomodo
993 4476 1138 4531 enim
1174 4476 1337 4530 fuerit
1380 4477 1429 4531 is
1463 4476 1769 4548 presbyter,
1821 4478 1909 4531 cui
1955 4494 2055 4533 nec
2101 4481 2240 4532 laico

673 4567 727 4618 iu
760 4565 1045 4619 ecclesiam
1089 4566 1309 4634 quidem
1359 4564 1694 4635 permittitur
1741 4566 1974 4634 ingredi,
2011 4583 2134 4620 eum
2170 4571 2241 4621 sit

677 4668 893 4728 propter
922 4666 1201 4728 peccatum
1238 4657 1589 4728 segregatus?
1624 4656 1729 4713 Eos
1756 4659 1923 4719 enim,
1977 4664 2066 4727 qui
2113 4674 2240 4714 sunt

674 4751 962 4817 ejusmodi,
995 4748 1236 4804 extrudit
1277 4748 1519 4801 Ecclesia
1560 4759 1614 4804 et
1656 4757 1872 4819 separat
1906 4765 1933 4801 a
1970 4751 2237 4805 liilclibus.

677 4842 791 4897 iloe
816 4852 992 4896 autem
1033 4857 1061 4894 a
1101 4841 1402 4911 'I'heophilo
1444 4857 1787 4912 nequaquam
1846 4844 2112 4895 cationice
2159 4843 2241 4895 di-

677 4946 821 4989 ctum
861 4943 945 4988 est
979 4952 992 4988 :
1028 4932 1468 5003 quandoquidem
1510 4946 1820 4988 sanetorum
1872 4937 2239 5003 apostolorum

679 5045 780 5083 xxv
793 5043 992 5088 canon,
1021 5034 1075 5080 et
1102 5026 1281 5095 magni
1317 5024 1502 5078 Basilii
1532 5026 1725 5079 tertius
1750 5033 1803 5079 et
1832 5041 2003 5089 xxxii,
2032 5034 2085 5080 et
2110 5026 2248 5081 Car.

678 5123 882 5192 tliagiu.
925 5136 1045 5191 syn.
1088 5135 1241 5183 xm,
1278 5119 1530 5179 clericos.
1577 5120 1668 5188 qui
1712 5128 2028 5189 peccarunt,
2065 5130 2116 5173 ct
2146 5120 2239 5175 de-

2336 4019 2575 4087 γυπτίων
2633 4020 2808 4085 ἐστὶν,
2864 4018 3053 4091 ὥσπερ
3103 4021 3196 4073 καὶ
3242 4023 3274 4092 ὴ
3312 4021 3493 4077 Λυκώ.
3557 4024 3805 4094 Ἐλέγετο
3842 4025 3887 4076 δὲ

2339 4112 2466 4183 περὶ
2527 4112 2767 4176 ἐκείνου,
2837 4112 2919 4165 ὅτι
2973 4112 3079 4184 πρὸ
3131 4113 3230 4184 τῆς
3286 4115 3613 4185 χειροτονίας
3669 4122 3889 4186 γυναῖκα

2338 4204 2589 4258 ἐϐιάσατο
2633 4204 3049 4276 ἀποταξαμένην
3100 4206 3301 4273 ζῶντος
3352 4208 3443 4262 τοῦ
3504 4210 3714 4281 ἀνδρός.
3770 4212 3890 4281 Περὶ

2338 4298 2523 4350 τούτου
2557 4292 2648 4350 οὖν
2677 4298 2968 4368 ἐρωτηθεὶς
3004 4302 3032 4352 ό
3073 4300 3348 4371 Θεόφιλος,
3389 4301 3514 4371 ἔφη.
3558 4302 3639 4354 ὅτι
3682 4305 3890 4374 ἐρευνη-

2340 4388 2505 4458 θήτω,
2551 4388 2643 4440 καὶ
2683 4389 2730 4440 εί
2764 4388 2964 4459 ἀληθές
2999 4392 3112 4442 ἐστι
3155 4391 3215 4444 τὸ
3260 4391 3548 4460 βιάσασθαι
3599 4393 3759 4445 αὑτὸν
3803 4394 3890 4461 τὴν

2320 4481 2592 4547 γυναῖκα,
2636 4480 2709 4551 μὴ
2750 4481 3133 4551 συγχωρεῖσθω
3172 4477 3311 4535 εἶναι
3352 4483 3741 4555 πρεσϐύτερος.
3778 4485 3889 4547 Πῶς

2317 4572 2444 4642 γὰρ
2490 4572 2571 4641 εἴη
2615 4572 3014 4643 πρεσϐύτερος,
3062 4572 3120 4637 ὃς
3162 4573 3282 4627 οὐδὲ
3323 4574 3508 4639 λαῖκὺς
3544 4581 3887 4650 συγχωρεῖται

2318 4658 2564 4713 ἐἰσιέναι
2590 4663 2669 4724 εἰς
2696 4660 3006 4733 ἐκκλησίαν,
3033 4661 3417 4737 ἀφοριζόμενος
3437 4665 3524 4719 διὰ
3558 4667 3614 4719 τὸ
3643 4668 3887 4739 ἁμάρτη-

2343 4767 2450 4820 μα;
2484 4749 2674 4815 ἐξωθεί
2696 4753 2803 4825 γὰρ
2826 4754 2951 4817 τοὺς
2984 4753 3253 4819 τοιούτους
3288 4757 3319 4825 ἡ
3352 4754 3645 4828 Ἐκκλησία
3670 4759 3764 4811 καὶ
3792 4777 3885 4827 χω-

2340 4841 2478 4911 ρίζει
2515 4843 2620 4904 ἀπὸ
2662 4844 2768 4897 τῶν
2806 4844 3030 4899 πιστῶν.
3082 4847 3251 4900 Τοῦτο
3293 4847 3349 4900 δὲ
3388 4849 3449 4900 οὐ
3490 4850 3784 4913 κανονικῶς
3821 4848 3889 4918 τῷ

2338 4933 2578 5005 Θεοφίλῳ
2606 4937 2844 5007 εἴρηται·
2879 4937 2907 4989 ὃ
2930 4953 2988 4989 τε
3016 4938 3124 5008 γὰρ
3151 4939 3258 4991 τῶν
3293 4940 3462 5006 ἁγίων
3490 4942 3802 4996 ἀποστόλων
3821 4947 3888 4995 κε’

2339 5022 2538 5088 κανὼν,
2564 5027 2654 5078 καὶ
2670 5027 2699 5079 ό
2728 5026 2820 5079 τοῦ
2856 5026 3087 5097 μεγάλου
3110 5025 3387 5081 Βασιλείου
3414 5029 3593 5100 τρίτος
3628 5034 3720 5085 καὶ
3739 5035 3766 5086 ὁ
3797 5032 3886 5103 λβ⁹ν

2339 5118 2432 5172 καὶ
2456 5119 2485 5170 ὁ
2512 5118 2612 5188 τῆς
2635 5120 2693 5171 ἐν
2732 5118 3056 5189 Καρθαγὲνῃ
3096 5118 3178 5189 κβ¹
3224 5121 3347 5184 τοὺς
3390 5120 3684 5192 κληρικοὺς
3717 5126 3885 5195 ἁμαρ-

681 5214 837 5282 positi
891 5211 1130 5276 fuerunt,
1178 5226 1207 5264 a
1242 5210 1628 5264 communione
1671 5224 1777 5263 non
1823 5217 2032 5265 arcent.
2078 5209 2232 5276 Quod

2337 5208 2634 5277 τήσαντας,
2689 5210 2782 5261 καὶ
2833 5208 3283 5279 καθαιρεθέντας,
3334 5212 3433 5284 τῆς
3476 5216 3757 5280 κοινωνίας
3799 5220 3888 5270 οὐκ

680 5319 855 5363 autem
893 5310 1175 5362 ordinatus
1207 5308 1299 5370 sit,
1328 5305 1381 5359 id
1411 5321 1517 5359 non
1560 5304 1715 5359 aliert
1746 5304 2002 5359 damnum
2028 5306 2237 5375 episco-

685 5419 770 5470 μυ.
811 5402 903 5472 qui
933 5417 1079 5463 eum,
1126 5407 1403 5469 peccatum
1441 5399 1731 5467 ignorans,
1776 5397 2071 5451 ordinavit.
2116 5396 2237 5452 Sta-

687 5496 788 5547 tuit
839 5495 980 5548 enim
1038 5492 1298 5564 synodus,
1354 5499 1412 5545 ut
1452 5490 1543 5560 qui
1604 5498 1952 5560 peccatorum
2003 5491 2238 5545 convicti

686 5585 923 5647 fuerunt.
956 5586 1118 5641 etiam
1150 5593 1270 5655 post
1303 5584 1701 5638 ordinationem
1726 5583 2036 5653 ejiciantur.
2062 5583 2119 5636 Id
2145 5599 2240 5636 au-

689 5688 792 5729 tem
819 5690 903 5730 est
924 5677 1108 5745 prima:
1131 5673 1321 5747 synodi
1345 5673 1576 5728 Nicaeus:
1598 5690 1721 5729 can.
1757 5690 1831 5729 Ix.
1861 5674 1992 5729 Illud
2019 5685 2195 5729 autem
2222 5692 2234 5727 :

692 5768 957 5837 Separata’
986 5768 1094 5822 viro
1140 5767 1365 5829 marito;
1402 5768 1524 5821 facti
1563 5776 1667 5831 est,
1700 5776 1752 5822 et
1800 5767 1919 5823 ideo
1968 5767 2236 5837 adjectum

2341 5298 2680 5368 ἀπείργουσι.
2730 5300 2801 5353 Τὸ
2850 5301 2907 5354 δὲ
2955 5303 3389 5381 χειροτονηθῆναι
3439 5306 3599 5359 αὐτὸν
3640 5310 3700 5362 οὑ
3747 5311 3889 5381 φέρει

2345 5390 2545 5461 βλάϐην
2608 5392 2684 5462 τῷ
2742 5399 3173 5466 χειροτονήσαντι
3252 5397 3412 5451 αὐτὸν
3487 5402 3767 5474 ὲπισκὸπῳ
3838 5403 3888 5465 ἐξ

2343 5484 2562 5550 ἀγνοίας
2586 5483 2676 5537 τοῦ
2703 5486 3119 5557 ἁμαρτήματοςο
3147 5488 3307 5559 ἡγὰρ
3341 5489 3551 5555 σύνοδος
3580 5493 3745 5568 ὥρισε
3773 5494 3889 5553 τοὺς

2345 5573 2729 5645 ἐλεγχομένους
2765 5578 2857 5629 ἐπὶ
2890 5578 3191 5650 ἐγκλήματι
3221 5581 3314 5633 καὶ
3357 5582 3494 5652 μετὰ
3530 5583 3627 5655 τὴν
3663 5602 3889 5657 χειροτο-

2345 5665 2460 5718 νίαν
2497 5666 2867 5722 ἐκϐάλλεσθαι.
2920 5668 3088 5722 Τοῦτο
3126 5671 3180 5724 δὲ
3221 5672 3318 5741 τῆς
3356 5676 3413 5726 ὲν
3450 5675 3645 5746 Nauali;
3681 5677 3885 5730 συνόδου

2346 5758 2565 5830 πρώτης
2591 5762 2702 5813 ἐστὶ
2732 5761 2908 5815 κανὼν
2952 5763 3188 5828 ἔννοιτος.
3221 5766 3292 5818 Τὸ
3327 5766 3405 5826 δὲ,
3439 5766 3883 5837 ἀποταξαμὲνην
