3976 6332
443 409 516 467 19
1472 415 1837 472 SEVERIANI
1878 417 2307 477 GABALORUM
2344 418 2641 476 EPISCOPI
3612 420 3684 478 "20

515 524 578 580 V.
622 523 822 583 Volens
852 535 1030 584 autem
1061 529 1328 601 Propheta
1356 532 1521 589 etiam
1556 536 1793 592 fructum
1822 546 2010 593 osten-

2181 539 2255 593 E'.
2296 538 2622 610 Βουλόμενος
2650 537 2705 594 δὲ
2729 540 2758 592 ὁ
2782 538 3073 611 Προφήτης
3097 539 3188 592 καὶ
3217 539 3308 592 τὸν
3335 538 3544 610 καρπὸν
3567 541 3689 594 ὲπι-

444 619 575 675 dere
607 619 867 679 adventus
894 622 1057 693 hujus
1098 626 1335 696 pastoris
1368 646 1382 680 :
1412 627 1623 694 Eacita,
1649 630 1804 694 dixit,
1831 640 2014 701 poten-

446 716 616 762 tatum
647 717 817 779 tuum,
850 721 901 766 et
926 713 1040 771 veni
1087 713 1157 767 ad
1199 715 1513 773 saluandam
1542 737 1636 774 nos
1655 721 1699 776 ⁸.
1731 722 2013 797 Apparitio

442 801 588 854 enim
619 798 942 866 Salvatoris,
977 801 1101 858 fons
1129 804 1297 860 totius
1329 812 1413 860 est
1446 807 1716 863 beneficii.
1750 810 2015 881 Apparuit

445 889 627 963 itaque
658 891 990 963 Redemptor
1020 894 1171 951 orbis
1202 896 1465 962 universi,
1491 900 1675 954 omnia
1708 903 2015 972 suscipiens

448 982 505 1036 in
554 999 635 1055 se,
663 993 884 1061 propter
933 996 1323 1058 congruentem
1376 991 1477 1046 sibi
1528 993 1845 1048 bonitatem.
1880 994 2013 1049 Cum

447 1076 594 1130 enim
623 1075 851 1134 vidisset
884 1082 1066 1134 omnia
1099 1095 1220 1152 qua:
1266 1082 1321 1137 in
1369 1084 1685 1142 hominibus
1715 1097 1843 1143 sunt
1891 1104 2014 1143 cor-

451 1169 649 1235 ruisse,
671 1178 726 1225 et
753 1171 1120 1228 sacerdotium
1150 1175 1296 1245 quod
1322 1176 1545 1234 dederat
1570 1178 1780 1244 lsraeli,
1806 1190 1859 1236 et
1888 1198 2015 1252 pro-

448 1260 711 1332 phetiam,
745 1270 801 1319 et
831 1279 1022 1337 omnes
1047 1269 1437 1351 prterogativas
1469 1289 1482 1325 :
1522 1271 1637 1353 ipse
1664 1285 1890 1330 renovat
1926 1291 2018 1344 per

449 1367 511 1409 se
535 1355 711 1445 ipsum
741 1355 885 1412 dona
912 1372 1033 1413 sua.
1067 1357 1352 1426 Quomodo
1383 1365 1543 1423 vero?
1571 1364 1733 1421 Audi.

521 1535 610 1592 Vl.
650 1536 851 1601 Factus
874 1550 959 1596 est
983 1542 1268 1615 propheta,
1294 1554 1581 1617 postquam
1613 1548 1915 1604 adulterata
1936 1560 2021 1606 est

450 1627 736 1698 prophetia
783 1633 852 1685 ab
897 1630 1160 1703 indignis,
1181 1634 1339 1703 juxta
1384 1636 1530 1706 quod
1581 1638 1843 1710 scriptum
1892 1649 2016 1697 est:

452 1716 772 1791 Prophetam
802 1722 943 1777 vobis
972 1725 1251 1791 suscitabit
1286 1725 1545 1783 Dominus
1575 1728 1717 1785 Deus
1748 1740 1926 1787 noster
1958 1749 2023 1787 ex

450 1812 714 1883 fratribus
742 1815 949 1881 vestris,
976 1817 1112 1875 Sicut
1151 1818 1284 1883 me”.
1316 1817 1557 1879 Effectus
1595 1830 1677 1878 est
1722 1825 2019 1894 apostolus,

2116 631 2284 698 δεῖξαι
2314 631 2411 702 τῆς
2440 629 2533 683 τοῦ
2565 629 2819 699 ποιμένος
2849 630 3166 702 ὲπιδημίας³
3203 629 3554 700 Ἐξέτεφον,
3589 650 3690 702 φη-

2119 724 2224 788 σὶν,
2261 721 2376 790 τὴν
2412 721 2776 776 δυναστείαν
2804 737 2941 788 σου,
2972 720 3075 776 καὶ
3105 721 3245 776 ἐλθὲ
3285 725 3372 788 είς
3402 721 3466 777 τὸ
3496 722 3688 777 σῶσαι

2122 811 2295 883 ἡμᾶς.
2325 814 2390 866 Ἡ
2431 812 2537 886 γάρ
2575 812 2667 866 τοῦ
2702 813 2950 884 Σωτῆρος
2981 813 3273 883 ἐπιφάνεια
3318 815 3470 886 πηγὴ
3511 815 3688 886 πάσης

2122 907 2459 979 εὐεργεσίας.
2477 907 2750 977 Ἐπεφάνη
2784 906 2962 961 τοίνυν
3005 910 3034 961 6
3078 906 3357 979 λυτρωτὴς
3387 906 3570 979 πάσης
3594 909 3693 978 τῆς

2121 1000 2463 1072 οἰκουμένης,
2492 1000 2669 1053 πάντα
2697 999 2982 1054 ἀναλαϐὼν
3008 1002 3090 1064 είς
3112 999 3302 1054 ἑαυτὸν
3332 998 3421 1054 διὰ
3462 999 3560 1071 τὴν
3597 999 3692 1053 αὑ-

2122 1093 2200 1164 τῷ
2221 1094 2535 1165 πρέπουσαν
2556 1093 2885 1164 άγαθότητα.
2906 1093 3120 1165 Ἐπειδὴ
3141 1092 3250 1164 γάρ
3272 1088 3410 1146 εἶδεν
3432 1094 3609 1147 πάντα
3624 1092 3693 1146 τά

2124 1186 2181 1236 ὲν
2211 1166 2515 1255 ἀνθρώποις
2543 1182 2886 1247 διαπεσόντα,
2913 1184 3008 1238 καὶ
3034 1183 3132 1256 τὴν
3168 1182 3485 1255 ἱερωσύνην,
3510 1184 3578 1254 ἢν
3606 1183 3694 1237 δέ·

2123 1274 2293 1328 δωκεν
2321 1276 2378 1327 ὲν
2406 1273 2482 1345 τῷ
2510 1274 2746 1346 Ἰσραὴλ,
2779 1276 2872 1329 καὶ
2892 1276 2989 1348 τὴν
3024 1276 3378 1349 προφητείαν,
3407 1276 3502 1330 καὶ
3523 1276 3697 1331 πάντα

2128 1366 2192 1417 τά
2228 1365 2501 1436 ἐξαίρετα,
2535 1365 2697 1428 αὑτὸς
2727 1366 3062 1431 ἀνακαινίζει
3090 1367 3157 1421 δι’
3183 1367 3375 1421 ἑαυτοῦ
3406 1368 3477 1422 τά
3503 1367 3697 1423 ἑαυτοῦ

2124 1454 2272 1528 δῶρα
2292 1473 2307 1487 ’
2339 1457 2435 1510 καὶ
2468 1457 2585 1521 πῶς
2612 1474 2626 1522 ;
2660 1457 2880 1512 Ἀκουε.

2199 1549 2286 1614 ς’.
2342 1546 2586 1615 Ἐγένετο
2606 1549 2913 1619 προφήτης,
2940 1549 3125 1621 ἐπειδὴ
3151 1550 3403 1622 ὲνοθεύθη
3428 1554 3463 1622 ἠ
3488 1568 3701 1622 προφη-

2127 1639 2248 1692 τεία
2286 1640 2436 1710 παρὰ
2468 1641 2575 1694 τῶν
2604 1641 2854 1708 ἀναξίων,
2883 1640 3065 1706 καθὼς
3101 1642 3433 1714 γέγραπται·
3466 1644 3700 1713 Προφή-

2128 1748 2241 1798 την
2266 1731 2407 1801 ὑμῖν
2430 1716 2765 1799 ἀναστήσει
2785 1734 3000 1801 Κύριος
3038 1736 3072 1788 ὁ
3108 1734 3254 1801 Θεὸς
3281 1734 3451 1804 ’ἡμῶν
3474 1734 3544 1788 ἐκ
3581 1732 3701 1788 τῶν

2129 1820 2408 1890 ἀδελφῶν
2442 1820 2629 1891 ὑμῶν,
2657 1824 2738 1890 ὡς
2758 1823 2881 1893 ἐμέ.
2910 1824 3123 1879 Γίνεται
3154 1823 3449 1888 ἀπόστολος
3475 1825 3702 1879 κατὰ-τὸ

451 1907 755 1963 secundum
788 1910 935 1981 quod
966 1908 1286 1967 dictum‘est
1317 1911 1696 1987 :Considerate
1722 1919 2020 1990 pontiﬁcem

2138 1914 2409 1986 εἰρημένον
2430 1930 2445 1944 ·
2476 1914 2904 1983 Κατανοήσατε
2946 1916 3055 1970 τὸν
3092 1915 3365 1986 ἀρχιερέα
3407 1917 3506 1971 καί
3548 1917 3699 1971 ἀπό-

450 2006 501 2051 et
523 1998 821 2069 apostolum
845 2000 1133 2055 vocationis
1166 2011 1362 2065 nostra:
1390 2001 1654 2060 Iesum".
1684 2007 1925 2066 Effectus
1943 2022 2028 2069 est

451 2088 617 2143 etiam
652 2089 912 2147 sacerdos
939 2091 1081 2147 sicut
1111 2095 1187 2149 ait
1211 2093 1663 2169 Hymnographus
1689 2120 1703 2155 :
1737 2101 1815 2161 Tu
1847 2121 1902 2159 es
1937 2123 2029 2160 sa-

454 2190 636 2255 cerdos
659 2192 715 2248 in
741 2193 996 2257 saxulum
1023 2196 1312 2251 secundum
1340 2196 1575 2254 ordinem
1593 2194 1942 2261 Melchisedec
1961 2200 2026 2256 “.

452 2283 691 2343 Eﬂ‘ectus
732 2296 817 2343 est
857 2303 1076 2359 quoque
1109 2290 1397 2359 diaconus.
1426 2302 1485 2349 ut
1524 2293 1703 2363 inquit
1734 2309 2030 2365 generosus

454 2373 657 2443 Paulus
682 2396 695 2435 :
725 2376 853 2433 Dico
873 2381 1011 2434 enim
1032 2379 1300 2438 Christum
1329 2383 1611 2445 diaconum
1643 2386 1843 2454 factum
1866 2387 2032 2457 fuisse

455 2468 872 2543 circumcisionis
897 2488 993 2541 pro
1022 2475 1239 2531 veritate
1281 2477 1398 2543 Dei,
1431 2478 1500 2533 ad
1544 2479 1878 2548 complendas
1906 2496 2030 2550 pro-

456 2559 731 2623 missiones
754 2572 969 2631 patrum
987 2565 1053 2620 ".
1083 2564 1188 2621 Per
1212 2582 1428 2624 omnem
1466 2569 1633 2639 igitur
1662 2573 1860 2626 transit
1890 2573 2031 2628 ordi-

457 2664 604 2705 nem.
662 2650 902 2709 Ell‘eetus
942 2662 1029 2710 est
1078 2656 1280 2727 pariter
1323 2658 1486 2713 etiam
1534 2658 1723 2713 lector.
1754 2659 2029 2727 Accipiens

453 2740 596 2794 enim
622 2740 825 2797 Isaiam
872 2743 1158 2814 legebat",
1202 2746 1345 2801 sicut
1385 2747 1627 2803 declarat
1652 2747 2027 2817 Evangelium,

456 2847 568 2904 quo
604 2834 765 2907 etiam
797 2836 1073 2905 propheta:
1112 2838 1461 2896 confirmaret
1490 2854 1672 2901 voces,
1709 2848 1763 2896 et
1793 2840 2029 2897 honora-

457 2931 542 2978 rct
574 2925 777 2995 gradus
800 2927 1224 2983 ecclesiasticos.
1257 2926 1378 2983 Fuit
1400 2937 1455 2983 et
1484 2944 1600 2988 rex.
1628 2928 1738 2984 Rea:
1761 2933 2025 3001 regum";

457 3024 520 3071 ut
566 3017 745 3090 inquit
789 3016 1086 3087 Nathanael
1120 3038 1133 3074 :
1169 3019 1248 3077 Tu
1280 3036 1333 3074 es
1372 3018 1548 3075 Filius
1580 3020 1709 3087 Dei;
1746 3031 1802 3076 tu
1835 3040 1887 3077 es
1939 3039 2030 3075 rex

459 3106 633 3164 Israel
655 3110 719 3164 ¹³.

530 3282 643 3355 VH.
672 3283 778 3340 Sed
795 3285 939 3341 dicet
961 3285 1195 3343 fortasse
1214 3288 1482 3359 quispiam
1508 3291 1985 3346 circumstantium
2011 3311 2023 3345 ι

460 3373 601 3442 Quid
640 3376 805 3446 igitur
839 3376 907 3431 ad
942 3393 1028 3433 me
1056 3378 1326 3433 hominem
1361 3381 1697 3445 sazcularem,
1726 3383 1772 3438 si
1800 3383 2030 3454 prOpbe-

461 3468 592 3521 tiam
646 3476 701 3523 et
747 3470 1107 3539 apostolatum
1156 3479 1210 3525 et
1253 3472 1630 3540 pontilicatum
1658 3474 1908 3529 Christus
1949 3475 2031 3527 in-

462 3557 620 3612 duit?
648 3559 779 3629 quid
808 3559 872 3613 ad
902 3577 987 3617 me
1013 3564 1066 3616 in
1098 3563 1347 3617 szeculari
1377 3572 1518 3618 statu
1567 3564 1842 3636 positum?
1870 3565 2033 3620 Maxi-

463 3666 552 3707 me
586 3667 717 3707 vero
745 3664 967 3725 propter
998 3670 1191 3711 omnes
1238 3657 1488 3714 homines
1523 3657 1698 3713 lactus
1742 3667 1825 3713 est
1869 3657 2033 3712 homo

467 3742 896 3803 humanissimus
926 3745 1036 3801 ille.
1091 3746 1168 3801 Ac
1207 3747 1253 3802 si
1294 3748 1375 3802 vis
1402 3746 1585 3804 videre
1609 3748 1759 3801 illum
1789 3747 2032 3803 laicalem

467 3842 669 3891 statum
703 3837 989 3894 obeuntem
1023 3848 1243 3917 propter
1268 3852 1343 3900 te.
1376 3849 1567 3910 reputa
1599 3850 1774 3894 tecum
1822 3847 1876 3894 et
1913 3855 2037 3894 con-

468 3928 647 3984 sidera
671 3945 792 4000 qum
814 3930 927 4000 jam
956 3932 1181 3987 dicenda
1213 3939 1361 3987 sunt.
1395 3930 1524 3986 Sine
1546 3933 1918 3988 controversia
1943 3932 2036 4003 qui

465 4019 706 4091 haptizat
732 4038 909 4087 nonne
941 4023 994 4079 in
1022 4023 1214 4095 ordine
1263 4033 1348 4079 est
1396 4023 1751 4088 sacerdotali;
1782 4024 1874 4092 qui
1911 4007 2039 4080 vero

470 4111 800 4184 baptizatur,
825 4132 1005 4170 nonne
1036 4115 1091 4181 in
1134 4116 1316 4179 laicali
1350 4114 1520 4187 gradu
1555 4117 1889 4173 conStitutus
1916 4117 2041 4173 est?

470 4205 704 4260 Attende
735 4206 899 4275 igitur
936 4205 1203 4263 Joannem
1238 4209 1292 4262 in
1322 4206 1497 4279 gradu
1528 4208 1831 4265 sacerdotis
1869 4209 2044 4280 bapti-

475 4303 708 4361 zantem,
736 4304 790 4350 et
832 4293 1110 4350 Christum
1162 4295 1218 4348 in
1262 4296 1442 4351 laicali
1489 4307 1632 4353 statu
1684 4298 2040 4369 baptizatum.

476 4384 647 4442 llodie
674 4403 928 4455 namque,
967 4386 1187 4452 fratres,
1231 4387 1391 4444 hodie
1419 4389 1885 4459 dispensationem
1915 4392 2046 4444 sub—

475 4478 572 4532 ivit
600 4494 862 4547 aquarum
892 4498 905 4533 :
931 4494 1040 4533 non
1064 4495 1129 4534 ex
1161 4480 1315 4550 aquis
1345 4478 1744 4545 sanetillcatus,
1768 4481 1862 4534 sed
1888 4480 2044 4549 aquis

2129 2009 2354 2060 στολον
2402 2006 2511 2077 τῆς
2558 2006 2833 2074 κλήσεως
2871 2007 3041 2078 ἡμῶν
3075 2008 3328 2077 Ἰησοῦν.
3357 2008 3568 2062 Γίνεται
3609 2008 3705 2063 καὶ

2133 2098 2330 2169 ἱερεὺς,
2356 2098 2501 2152 καθά
2526 2116 2687 2168 φησιν
2717 2101 2745 2152 6
2771 2101 3147 2173 ’Υμνογράφος
3167 2117 3180 2131 ⁸
3209 2100 3292 2154 Σὺ
3325 2098 3380 2154 εί
3403 2100 3592 2169 ἱερεὺς
3618 2103 3707 2167 είς

2128 2190 2236 2245 τὸν
2279 2191 2467 2246 αἰῶνα
2514 2193 2663 2247 κατὰ
2701 2191 2818 2261 τὴν
2851 2193 3025 2259 τάξιν
3063 2194 3458 2262 Μελχισεδέκ.
3493 2194 3711 2247 Γίνεται

2130 2284 2224 2336 καὶ
2269 2283 2533 2351 διάκονος,
2560 2285 2637 2348 ὥς
2686 2303 2851 2357 φησιν
2901 2288 2930 2339 6
2972 2288 3216 2355 γενναῖος
3264 2284 3506 2348 Παῦλοςο
3540 2284 3703 2354 Λέγω

2130 2376 2240 2446 γὰρ
2263 2377 2520 2446 Χριστὸν
2545 2377 2829 2434 διάκονον
2843 2378 3196 2449 γεγενῆσθαι
3214 2375 3532 2448 περιτομῆς
3550 2377 3702 2444 ὑπὲρ

2131 2466 2413 2533 ἀληθείας
2441 2467 2610 2531 Θεοῦ,
2644 2469 2731 2533 εὶς
2758 2467 2825 2520 τὸ
2848 2464 3162 2535 πληρῶσαι
3203 2467 3309 2534 τὰς
3348 2466 3705 2536 ἐπαγγελίας

2132 2559 2249 2614 τῶν
2286 2559 2573 2629 πατέρων.
2606 2560 2704 2614 Διὰ
2729 2560 2910 2630 πάσης
2936 2556 3029 2613 οὖν
3050 2559 3224 2613 ὁδεύει
3245 2558 3470 2624 τάξεως.
3498 2557 3707 2612 Γίνεται

2132 2650 2293 2705 πάλιν
2348 2652 2441 2705 καὶ
2498 2653 2869 2724 άναγνὼστης.
2909 2651 3120 2707 Λαϐὼν
3166 2652 3278 2722 γὰρ
3327 2651 3434 2705 τὸν
3466 2651 3710 2705 Ἡσαΐαν

2131 2745 2556 2815 ἀνεγίνωσκεν,
2606 2748 2683 2811 ὡς
2733 2746 2972 2801 δείκνυσι
3021 2745 3082 2799 τὸ
3113 2744 3463 2813 Εὑαγγέλιον,
3489 2743 3577 2796 ἵνα
3614 2742 3709 2796 καὶ

2130 2835 2224 2889 τοῦ
2250 2839 2526 2909 προφήτου
2555 2837 2652 2902 τὰς
2674 2839 2858 2907 φωνὰς
2889 2836 3182 2909 βεϐαιώσῃ.
3209 2838 3304 2891 καὶ
3345 2837 3443 2907 τῆς
3483 2835 3710 2908 Ἐκκλη-

2135 2926 2254 2989 σίας
2296 2930 2423 2990 τοὺς
2470 2928 2713 2998 βαθμοὺς
2743 2930 2975 3001 τιμήσῃ.
3036 2928 3285 2997 Ἐγένετο
3311 2932 3405 2981 καὶ
3437 2926 3710 2998 βασιλεὺς,

2146 3020 2205 3071 '0
2238 3019 2540 3084 Βασιλεὺς
2578 3018 2697 3073 τῶν
2719 3021 3178 3083 βασιλευόντων
3196 3035 3209 3048 ·
3238 3018 3314 3082 ὥς
3342 3036 3507 3089 φησιν
3537 3020 3567 3071 6
3590 3017 3702 3071 Na.-

2133 3108 2338 3180 θαναήλ
2357 3126 2370 3139 ·
2399 3109 2483 3164 Σὺ
2516 3106 2623 3164 ald
2668 3108 2800 3175 Υἱὸς
2830 3108 2936 3162 τοῦ
2975 3109 3150 3163 Θεοῦ·
3177 3108 3258 3163 σὺ
3279 3105 3386 3163 εἷό
3410 3106 3709 3174 ,ϐασιλεὺς

2132 3198 2238 3255 τοῦ
2279 3196 2542 3266 Ἰσραήλέ

2202 3288 2274 3340 Z'.
2329 3285 2467 3339 Ἀλλ’
2491 3288 2607 3358 ἐρεῖ
2648 3303 2733 3350 τις
2768 3287 2897 3351 ἴσως
2942 3286 3047 3340 τῶν
3080 3287 3461 3361 περιεστώτων
3483 3306 3496 3321 ·
3521 3289 3586 3341 Τί
3617 3283 3709 3342 οὖν

2133 3376 2268 3449 πρὸς
2308 3376 2407 3449 ἐμὲ
2448 3376 2540 3430 τὸν
2572 3377 2777 3444 λαῖκδν,
2808 3380 2857 3432 εί
2903 3378 3236 3450 προφητείαν
3282 3380 3377 3433 καὶ
3408 3379 3711 3451 ἀποστολήν

2134 3466 2228 3518 καὶ
2251 3465 2660 3539 ἀρχιερωσύνην
2690 3466 3007 3534 ὲνεδύσατος
3033 3468 3086 3520 τί
3113 3468 3249 3540 πρὸς
3275 3469 3376 3539 ἐμὲ
3401 3468 3492 3522 τὸν
3514 3471 3571 3523 ἐν
3594 3468 3709 3523 λαῖ-

2136 3558 2204 3625 κῇ
2229 3555 2379 3622 τάξει
2403 3556 2843 3629 κατηλεγμένον;
2876 3556 3127 3612 Μάλιστα
3159 3558 3256 3629 μὲν
3276 3557 3365 3611 διὰ
3388 3559 3593 3621 πάντας
3617 3560 3709 3612 άν-

2136 3651 2386 3724 Θρώπους
2436 3651 2659 3721 γέγονεν
2706 3651 2991 3723 ἄνθρωπος
3038 3653 3067 3705 6
3116 3650 3517 3722 φιλάνθρωπος.
3550 3650 3616 3704 El
3657 3651 3712 3703 δὲ

2138 3743 2317 3815 βούλει
2342 3743 2502 3798 αὑτὸν
2530 3744 2625 3798 καὶ
2651 3742 2841 3797 λαῑκοῦ
2869 3741 3023 3807 τάξιν
3066 3744 3434 3814 ὑπερχόμενον
3477 3742 3602 3796 ἱδεῖν
3626 3742 3715 3796 διά

2140 3837 2220 3903 σὲ,
2249 3837 2538 3908 άνάκρινον
2560 3837 2710 3907 παρὰ
2740 3837 2799 3890 σὲ
2830 3838 2905 3907 (5)
2928 3835 3077 3906 αὑτῷ
3106 3837 3199 3889 καὶ
3228 3836 3499 3906 σκόπησον
3520 3835 3589 3889 τὰ
3619 3838 3706 3907 ρη-

2138 3928 2927 3999 οησόμενα.’ομολογουμένως
2973 3930 3001 3981 6
3043 3927 3318 3998 βαπτίζων
3340 3929 3440 3981 οὑκ
3471 3929 3530 3981 ὲν
3564 3926 3718 3999 χώρᾳ

2140 4020 2287 4074 ἐστὶν
2340 4019 2435 4073 τοῦ
2469 4019 2678 4092 ἱερέως,
2728 4022 2759 4073 6
2805 4021 2864 4073 δὲ
2910 4018 3323 4089 βαπτιζόμενος,
3351 4018 3452 4071 οὑκ
3482 4017 3541 4071 ὲν
3567 4015 3717 4082 τάξει

2139 4112 2234 4167 τοῦ
2265 4112 2449 4167 λαῖκοῦ
2501 4111 2875 4184 καθέστηκεν;
2910 4112 3052 4182 Ὅρα
3074 4107 3168 4166 οὖν
3204 4111 3453 4182 Ἰωάννην
3481 4112 3540 4164 ὲν
3566 4107 3718 4177 τάξει

2145 4206 2334 4280 ἱερέως
2361 4206 2709 4277 βαπτίζοντα,
2737 4206 2942 4260 καὶτὸν
2968 4205 3200 4278 Χριστὸν
3228 4206 3287 4258 ὲν
3314 4204 3719 4275 λαῖκῴ’τάγμα-

2143 4317 2197 4353 τι
2247 4299 2663 4369 βαπτιζόμενον.
2720 4299 2970 4370 Σήμερον
3022 4298 3152 4371 γὰρ,
3198 4297 3435 4366 ἀδελφοὶ,
3479 4297 3719 4367 σήμερον

2145 4391 2243 4460 τὴν
2270 4390 2358 4443 διὰ
2381 4390 2490 4444 τῶν
2518 4389 2727 4443 ὑδάτων
2755 4390 2994 4460 ὑπῆλθεν
3026 4389 3355 4460 οἰκονομίαν.
3383 4389 3497 4443 Οὑκ
3522 4389 3585 4441 ὲκ
3612 4385 3721 4440 τῶν

2149 4478 2353 4533 ὑδάτων
2385 4478 2766 4550 άγιαζόμενος,
2796 4481 2933 4535 ἀλλὰ
2966 4483 3077 4543 τοῖς
3110 4479 3297 4534 ὑδασιν
3337 4477 3428 4530 τὸν
3453 4475 3723 4547 άγιασμὺν

477 4570 964 4647 sanctificationem
998 4571 1211 4627 iudens.
1234 4570 1475 4627 Joannes
1503 4569 1674 4626 vicem
1708 4571 1929 4641 gerebat
1955 4586 2034 4625 sa-

2147 4572 2534 4644 παρεχόμενος.
2551 4570 2800 4644 Ἰωάννης
2841 4572 3080 4643 ἐπλήρου
3124 4569 3185 4621 τὸ
3222 4569 3406 4639 σχῆμα
3441 4568 3501 4621 τὺ
3523 4570 3722 4638 ἱερατι-

478 4661 743 4727 ecrdotis;
780 4662 986 4717 accedit
1010 4662 1340 4737 Redemptor
1374 4662 1525 4718 orbis
1557 4662 1626 4716 ad
1657 4661 2045 4732 baptizantem,

480 4753 527 4807 is
562 4752 656 4824 qui
692 4751 928 4829 illustrat
974 4754 1029 4809 in
1061 4753 1296 4826 Spiritu,
1340 4770 1437 4813 rex
1486 4754 1603 4825 ipse
1637 4752 1704 4811 ad
1744 4768 2048 4823 praecurso-

479 4860 616 4911 rem,
641 4846 782 4901 Deus
809 4846 924 4916 ipse
950 4846 1017 4901 ad
1042 4848 1381 4927 prophetam.
1413 4843 1674 4914 Joannes,
1699 4844 1918 4909 fratres,
1940 4860 2048 4905 non

481 4937 767 5007 ignorabat
794 4939 1112 5010 dignitatem
1145 4948 1365 5009 propter
1398 4937 1902 5010 dispensationem;
1938 4952 2047 4992 non

485 5029 672 5085 fefellit
698 5047 822 5087 eum
850 5032 1065 5089 habitus
1094 5033 1377 5101 corporis;
1412 5046 1523 5086 non
1554 5030 1770 5103 decepit
1796 5046 1918 5087 eum
1949 5045 2050 5103 ap-

482 5138 681 5193 parens
711 5139 870 5194 caro;
889 5127 1018 5197 quin
1041 5126 1223 5196 potius
1245 5125 1534 5180 illustravit
1555 5141 1678 5181 eum
1708 5126 1921 5182 occulta
1942 5125 2051 5180 vir-

484 5230 591 5283 tus,
613 5236 774 5291 quam
798 5224 1174 5293 ignorantibus
1198 5234 1413 5291 quoque
1437 5219 1786 5289 praedicabat.
1806 5218 2050 5274 Lucerna

483 5312 685 5384 quippe
715 5323 903 5369 sancta
925 5325 1045 5370 erat
1071 5314 1155 5368 vir
1183 5313 1273 5367 ille
1304 5310 1657 5368 admirandus
1693 5332 1706 5367 :
1738 5314 1961 5368 lucerna
1983 5311 2052 5367 de

485 5415 591 5471 qua
618 5401 851 5458 :Paravi
881 5403 1147 5457 lucernam
1170 5400 1379 5457 Christo
1400 5418 1513 5457 meo
1530 5402 1593 5467 ",
1609 5418 1704 5473 per
1723 5401 2049 5473 Prophetam

486 5496 800 5579 praedictum
837 5494 1029 5550 fuerat.
1061 5493 1302 5551 Lucerna
1346 5510 1475 5553 vero
1498 5492 1735 5552 Joannes
1762 5496 2047 5565 pra-nomi-

559 5720 585 5754 ⁸
617 5716 761 5776 Psal.
787 5736 969 5781 una.
997 5720 1053 5774 ‘2.
1130 5724 1151 5754 θ
1190 5719 1342 5775 Deut.
1375 5737 1529 5784 xvnt,
1561 5721 1646 5778 15.
1729 5721 1769 5753 ⁸⁸
1811 5719 1973 5776 Hebr.
2003 5737 2085 5785 in,
2116 5722 2168 5775 1.

492 5789 580 5846 Π.
661 5791 704 5822 ’⁸
746 5791 762 5844 1
797 5791 1033 5857 Τὶιιι.νι,
1069 5792 1154 5846 15.
1233 5792 1276 5823 ¹⁸
1317 5789 1473 5846 Joan.
1505 5808 1540 5854 ι,
1570 5793 1658 5847 49.
1719 5793 1761 5824 ’⁸
1785 5790 1927 5848 Psal.
1961 5808 2146 5858 exul,
2178 5793 2259 5846 l7.

561 5882 638 5952 (5)
681 5881 839 5938 Forte
868 5881 967 5949 σοί,
1008 5901 1069 5939 ex
1100 5900 1283 5940 errore
1317 5894 1523 5955 typogr.

2145 4664 2260 4727 κὸν,
2302 4662 2659 4735 προσέρχεται
2682 4666 2711 4718 6
2741 4661 3034 4735 Δυτρωτὴς
3054 4661 3153 4732 τῆς
3174 4661 3495 4732 οἰκουμένης
3524 4659 3600 4731 τῷ
3623 4659 3720 4731 βα-

2145 4754 2408 4820 πτίζοντι,
2441 4758 2470 4809 6
2502 4757 2749 4824 φωτίζων
2768 4758 2825 4809 ὲν
2845 4755 3147 4827 Πνεύματι,
3168 4755 3197 4807 6
3220 4753 3468 4825 βασιλεὺς
3488 4752 3566 4824 τῷ
3590 4769 3723 4825 προ-

2144 4848 2348 4920 δρόμῳ,
2380 4851 2409 4902 6
2448 4848 2581 4913 Θεὸς
2621 4849 2700 4921 τῷ
2742 4851 3016 4921 προφήτῃ.
3033 4849 3306 4918 Ἰωάννης,
3353 4847 3588 4917 ἀδελφοὶ,
3623 4846 3725 4900 οὑκ

2146 4941 2411 5012 ἠγνόησεν
2431 4941 2530 5013 τὴν
2559 4941 2716 5008 ἀξίαν
2744 4942 2833 4996 διὰ
2859 4941 2958 5011 τὴν
2984 4940 3296 5010 οἱκονομίαν
3320 4955 3334 4970 ·
3364 4939 3465 4991 οὐκ
3496 4936 3723 5006 ἔσφαλεν

2148 5033 2309 5086 αὑτὸν
2356 5033 2416 5087 τὸ
2457 5033 2644 5105 σχῆμα
2683 5032 2776 5087 τοῦ
2808 5033 3054 5102 σώματος
3077 5046 3092 5062 ’
3124 5031 3225 5085 οὑκ
3254 5031 3535 5101 ἠπάτησεν
3561 5029 3722 5083 αὑτὸν

2147 5126 2182 5192 ή
2213 5124 2512 5197 φαινομένη
2563 5124 2722 5199 σὰρξ,
2751 5124 2888 5179 άλλά
2931 5123 3307 5195 περιέλαμπεν
3332 5121 3493 5176 αὑτὸν
3524 5124 3558 5191 ή
3591 5138 3724 5194 κρυ-

2151 5215 2397 5287 πτομένη
2435 5216 2680 5287 δύναμις,
2721 5217 2789 5287 ἣν
2822 5215 2916 5269 καὶ
2946 5217 3062 5279 τοῖς
3085 5212 3367 5285 ἀγνοοῦσιν
3407 5213 3719 5284 ἐκήρυττεν.

2150 5310 2354 5380 Λύχνος
2382 5310 2491 5381 γάρ
2515 5305 2583 5382 ἦν
2616 5308 2768 5378 ἅγιος
2799 5311 2828 5363 6
2857 5307 3160 5380 θαυμάσιος
3182 5324 3196 5337 °
3226 5307 3437 5378 λύχνος,
3473 5305 3601 5374 περὶ
3627 5299 3688 5358 οὗ
3705 5319 3723 5335 ο

2166 5404 2490 5474 Ἠτοίμασα
2518 5402 2751 5472 λύχνον
2779 5401 2859 5469 τῷ
2886 5400 3118 5472 Χριστῷ
3153 5418 3292 5471 μου,
3323 5399 3410 5453 διὰ
3449 5396 3544 5451 τοῦ
3588 5396 3727 5466 Προ-

2157 5500 2326 5567 φήτου
2356 5495 2695 5567 προείρηται.
2731 5495 2938 5567 Λύχνος
2966 5494 3023 5548 δὲ
3065 5496 3095 5547 6
3132 5492 3382 5561 Ἰωάννης
3427 5487 3727 5559 προανηγό⁴

2249 5725 2291 5756 ¹¹
2329 5727 2476 5781 Psal.
2518 5743 2624 5795 cur,
2659 5731 2711 5785 4.
2793 5726 2834 5757 ¹¹
2877 5724 3032 5781 Rom.
3095 5740 3183 5789 xv,
3243 5720 3296 5775 8.
3376 5720 3418 5752 "
3481 5716 3721 5785 Luc.tv,
