3974 6332
239 404 303 460 2|
1356 398 1612 455 ORATIO
1651 398 1716 455 IN
1759 400 1813 455 υ]

1917 399 2425 461 ἎΡΡΑΒΙΤΙΟΝΕΗ.
3400 417 3470 472 2'3

245 536 455 593 ρευται,
486 518 587 573 οὐκ
623 515 811 586 ἐπειδὴ
842 513 919 585 τῷ
952 515 1068 586 Θεῷ
1095 515 1270 586 Λόγῳ,
1301 518 1377 587 τῷ
1402 519 1539 586 φωτὶ
1560 517 1657 586 τῆς
1677 516 1808 585 ἁλη-

1917 524 2071 572 natus
2120 526 2233 579 est;
2266 531 2375 571 non
2420 516 2548 587 quia
2591 515 2700 572 Deo
2724 515 2926 584 Verbo,
2969 518 3182 585 lumini,
3225 517 3513 590 inquam,-

243 614 414 676 θείας,
466 608 626 681 χρεία
676 604 743 679 ἦν
786 606 885 678 τῆς
930 609 1033 660 ἀπὸ
1084 607 1175 659 τοῦ
1222 607 1412 678 λύχνου
1470 608 1811 681 προσθήκης·

253 706 402 772 ἥλιος
452 701 562 772 γὰρ
590 695 657 770 ἦν
679 698 1022 766 δικαιοσύνης
1042 713 1056 726 ·
1091 696 1205 750 ἀλλ’
1235 696 1421 768 ἐπειδὴ
1445 698 1535 751 τὸν
1570 700 1626 751 ἐν
1656 698 1818 768 σαρκὶ

245 792 617 864 κρυπτόμενον
644 788 847 859 Κύριον
879 787 1190 859 ἐγνώριζεν,
1213 787 1288 851 ὡς
1322 788 1378 842 ἐν
1400 788 1575 848 νυκτὶ,
1596 790 1662 859 τῇ
1692 789 1821 840 Ἴου-

243 886 403 954 δαῖκῇ
433 880 785 940 καταστάσει,
810 877 901 931 τὸν
923 877 1113 948 λύχνον
1133 879 1535 949 άπαστράπτων
1557 878 1648 932 τοῦ
1676 877 1816 932 θείου

246 977 441 1045 Λόγου.
473 973 736 1028 Καλεῖται
764 966 856 1023 οῦν
886 969 1077 1039 λύχνος
1105 970 1349 1033 εἰκότως.

320 1068 402 1119 Η’.
437 1066 548 1118 Καὶ
568 1065 731 1136 ὁρᾶτε
758 1061 819 1114 τὸ
845 1060 1172 1131 θαυμαστὸν,
1197 1061 1433 1131 ἀδελφοί.
1456 1062 1583 1115 Ὅτε
1609 1060 1818 1133 παρῆλ-

248 1159 339 1210 θεν
370 1157 465 1209 ἐπὶ
492 1155 592 1226 τὴν
623 1153 885 1223 ἔνσαρκον
906 1151 1218 1222 οἰκονομίαν
1248 1153 1276 1204 ό
1305 1150 1437 1221 πρὸς
1459 1151 1607 1221 ἡμᾶς
1631 1149 1818 1221 ἐπιδη-

249 1251 429 1318 μήσας
464 1246 761 1316 Δεσπότης,
798 1242 1081 1315 ἄνθρωπος
1105 1242 1193 1296 διὰ
1220 1241 1625 1313 φιλανθρωπίαν
1660 1242 1816 1310 γενό-

249 1358 430 1412 μενος,
460 1340 556 1393 καὶ
583 1336 651 1410 ἦν
672 1338 818 1404 ξένον
855 1336 1039 1406 θαῦμα
1064 1377 1079 1400 ,
1117 1336 1201 1389 ὃτι
1235 1335 1367 1399 Θεὸς
1396 1336 1454 1388 ἐν
1482 1333 1813 1408 ἀνθρώποις,

245 1438 301 1487 ἐν
320 1434 530 1496 δούλοις
556 1434 584 1484 ό
618 1432 909 1498 Δεσπότης,
942 1430 1080 1500 μετὰ
1108 1429 1216 1482 τῶν
1257 1428 1574 1503 ποιημάτων
1604 1429 1632 1479 ό
1657 1445 1815 1499 ποιη-

244 1524 360 1592 τὴς,
389 1524 419 1574 ὁ
443 1520 685 1588 ἁγιάζων
710 1518 847 1589 μετὰ
870 1518 980 1570 τῶν
1011 1517 1382 1587 ἀγιαζομένων
1401 1536 1415 1549 ·
1434 1518 1557 1571 τότε
1592 1518 1815 1572 όΊωάν-

245 1630 340 1683 νης
361 1612 627 1683 κηρύττει
653 1610 752 1681 τὴν
772 1608 946 1674 ἀξίαν,
970 1609 1064 1661 καὶ
1084 1604 1152 1680 ἦν
1176 1610 1302 1661 ἰδεῖν
1330 1608 1475 1673 ξένον
1500 1608 1682 1681 θαῦμα
1703 1626 1716 1639 °
1745 1605 1814 1680 ἦν

249 1704 375 1756 ίδεῖν
405 1704 499 1756 τὸν
536 1702 726 1773 λύχνον
749 1700 1035 1771 δεχόμενον
1048 1700 1138 1754 τὸν
1161 1700 1309 1771 ἥλιον
1341 1699 1441 1771 τῆς
1471 1700 1815 1773 δικαιοσύνης

255 1796 486 1868 Ἰησοῦν.
513 1794 619 1848 Τὸν
638 1793 746 1863 γὰρ
778 1792 1029 1846 ἁπάντων
1074 1792 1366 1863 Λυτρωτὴν
1414 1791 1618 1862 Κύριον
1649 1794 1677 1846 ὁ
1712 1792 1805 1848 λυ-

1917 607 2181 672 veritatis,
2212 623 2352 677 opus
2385 615 2531 663 esset
2557 606 2870 663 accessione
2915 607 3169 674 lucernte,
3217 609 3300 664 sol
3319 608 3493 664 enim:

1917 704 2034 750 erat
2059 696 2312 765 iustitiae;
2354 704 2409 750 at
2443 697 2571 769 quia
2613 695 2943 757 occultatum
2991 696 3044 755 in
3085 696 3477 759 carne-Bomi-

1918 802 2068 852 num,
2098 788 2371 858 cognitum
2403 786 2656 852 faciebat,
2683 796 2938 855 tanquam
2989 787 3043 853 in
3076 797 3254 855 nocte,
3285 787 3471 865 iudai-

1918 894 1995 933 ea:
2040 878 2375 949 reipublicw,
2408 879 2685 935 lucernam
2732 878 3049 949 illmninans
3074 875 3240 937 Verbi
3279 878 3470 934 divini.
3500 923 3512 930 .

1919 968 2154 1024 Vocatur
2181 970 2342 1041 igitur
2368 969 2589 1025 lucerna
2620 970 2833 1026 merito.

1990 1060 2121 1117 Vill.
2150 1061 2344 1118 Videte
2371 1077 2537 1133 porro
2566 1077 2679 1118 rem
2703 1061 3027 1137 mirabilem,
3055 1059 3276 1118 fratres.
3291 1057 3474 1126 Quan-
3492 1091 3511 1098 --

1915 1154 1988 1210 do
2021 1155 2288 1226 processit
2335 1155 2402 1209 ad
2441 1153 2835 1219 incarnationis
2868 1151 3333 1225 dispensationem
3365 1147 3474 1204 Do-

1916 1246 2101 1301 minus
2130 1248 2224 1319 qui
2261 1247 2546 1303 nobiscum
2569 1251 2925 1302 conversatus
2944 1230 3047 1311 est,
3066 1243 3229 1299 homo
3251 1248 3474 1317 propter

1916 1336 2367 1408 benignissimum
2402 1335 2798 1391 humanitatem
2849 1332 3050 1399 factus,
3104 1339 3336 1403 eratque
3365 1338 3474 1387 stu-
3564 1356 3573 1363 -

1917 1425 2150 1495 pendam
2196 1426 2542 1493 miraculum,
2569 1425 2736 1481 Deum
2768 1424 2978 1482 versari
3023 1423 3169 1481 inter
3200 1422 3472 1488 homines,

1915 1532 2039 1573 cum
2084 1516 2257 1572 servis
2293 1515 2604 1582 Dominum,
2658 1530 2785 1571 cum
2816 1515 3088 1572 creaturis
3143 1522 3473 1577 creatorem,

1914 1604 2371 1660 sanctiﬁcatorem
2422 1620 2547 1660 cum
2598 1604 2997 1662 sanetilicatis:
3051 1614 3181 1660 tunc
3233 1601 3471 1667 Joannes

1915 1696 2173 1768 praedicat
2205 1696 2351 1753 illius
2374 1696 2720 1767 dignitatem,
2755 1696 3060 1767 licebatque
3079 1696 3263 1753 videre
3285 1696 3473 1765 prodi-

1914 1791 2062 1861 gium
2120 1804 2285 1860 supra
2342 1804 2558 1844 omnem
2592 1788 2941 1859 opinionem;
2974 1788 3199 1853 licebat,
3226 1787 3471 1859 inquam,

243 1861 497 1961 τρῶσεως
537 1861 788 1959 δεόμενος
830 1884 1112 1955 ἄνθρωπος
1154 1861 1481 1948 ἐθάπτιζεν,
1507 1861 1592 1936 Ῠού
1635 1884 1806 1956 τόλμῃ

1917 1882 2091 1937 videre
2105 1882 2387 1938 lucernam
2409 1880 2797 1952 suscipientem
2821 1880 2990 1937 solem
3010 1879 3242 1952 iustitiae
3261 1879 3469 1935 Jesum.

244 1981 595 2052 προσαχθεὶς,
634 1978 768 2033 ἀλλὰ
795 1977 1177 2048 προστάγματι
1206 1976 1511 2039 δουλωθείς.
1562 1976 1696 2030 Τότε
1744 1977 1809 2048 δὴ

246 2075 364 2128 τότε
390 2073 725 2144 συνέδραμον
742 2071 833 2124 δύο
850 2069 1181 2142 προφητικαὶ
1208 2068 1410 2139 φωναί·
1430 2068 1600 2136 Φωνὴ
1617 2068 1813 2133 βοῶν-

250 2183 348 2231 τος
378 2166 452 2218 ἐν
474 2162 550 2232 τῇ
568 2162 764 2231 ἐρήμῳ
783 2177 795 2189 ·
824 2160 937 2225 καὶ,
968 2159 1137 2229 Φωνὴ
1159 2159 1381 2228 Κυρίου
1416 2159 1513 2212 ἐπὶ
1536 2159 1654 2213 τῶν
1666 2160 1809 2215 ὑδά-

246 2273 380 2309 των.
423 2254 482 2307 Ὀ
518 2251 691 2323 κῆρυξ
717 2251 814 2322 τῆς
842 2249 1098 2322 ἀληθείας
1131 2249 1286 2314 ἐϐόα,
1314 2248 1408 2303 καὶ
1450 2249 1503 2302 '0
1526 2249 1669 2317 Θεὸς
1701 2250 1812 2319 τῆς

242 2346 428 2412 δόξης
475 2345 741 2412 ἐϐρόντα.
790 2342 899 2395 Καὶ
942 2336 1010 2412 ἦν
1040 2342 1158 2394 ἐκεῖ
1189 2342 1222 2414 ἡ
1257 2340 1606 2413 προσκυνητὴ
1642 2340 1811 2412 Τριὰς

242 2436 343 2507 τὴν
380 2435 554 2503 αὐτῆς
594 2433 751 2496 δόξαν
792 2430 1197 2502 ἀστράπτουσα.
1242 2430 1433 2503 Πατὴρ
1469 2430 1671 2485 ἄνωθεν
1719 2430 1811 2485 τὸν

245 2526 373 2580 Υἱδν
395 2525 709 2597 κηρύττων,
739 2523 867 2587 Υἱὸς
912 2521 1155 2576 κάτωθεν
1175 2522 1273 2595 τὴν
1309 2523 1619 2593 οἰκονομίαν
1670 2523 1811 2595 πλη-

253 2620 377 2691 ρῶν,
404 2619 466 2671 τὸ
490 2617 714 2689 Πνεῦμα
736 2617 796 2669 τὸ
818 2617 971 2685 ἅγιον
988 2615 1382 2688 ὲπισφραγίζον
1404 2616 1502 2689 τὴν
1534 2616 1810 2688 θεοπρεπῆ

250 2709 663 2782 μυσταγωγίαν.
682 2709 790 2761 Καὶ
811 2707 961 2778 φωνὴ
989 2709 1225 2779 τοσαύτη
1248 2708 1457 2777 γίνεται
1477 2706 1813 2780 μαρτυροῦν-

246 2817 335 2864 τος
367 2798 572 2853 ἆνωθεν
607 2796 699 2848 τοῦ
735 2795 945 2866 Πατρὸς
996 2794 1073 2865 τῷ
1125 2794 1320 2848 ἑαυτοῦ
1372 2795 1685 2862 Μονογενεῖ,
1736 2793 1812 2855 ὡς

251 2891 535 2961 σχισθῆναι
590 2889 793 2943 ἄνωθεν
842 2889 967 2951 τοὺς
1038 2886 1316 2959 οὐρανούς.
1373 2887 1813 2953 Ἆγαϐαίνοντος

251 2985 375 3054 γάρ,
404 2983 557 3052 φησὶ,
583 2981 688 3035 τοῦ
728 2980 921 3048 Ἰησοῦ
945 2979 1061 3034 ἀπὸ
1099 2979 1206 3033 τοῦ
1244 2979 1485 3045 ὕδατος,
1523 2980 1812 3048 ἐσχίσθη-

255 3090 371 3126 σαν
388 3076 443 3127 ot
462 3072 727 3139 οὐραγοί.
759 3072 831 3124 Ού
858 3071 964 3139 γάρ
991 3071 1228 3142 ἤνεγκαν
1249 3070 1347 3142 τὴν
1373 3071 1553 3141 φωνὴν
1576 3072 1673 3142 τῆς
1689 3088 1809 3124 τοσ-

1914 1970 2302 2026 Universorum
2358 1970 2502 2025 enim
2561 1968 2960 2040 redemptorem
3007 1969 3320 2036 Dominum,
3375 1970 3471 2040 qui

1908 2062 2280 2133 redemptione
2316 2062 2597 2134 indigebat
2627 2062 2793 2117 homo
2818 2061 3148 2134 baptizabat,
3166 2075 3279 2115 non
3298 2068 3473 2116 teme-

1909 2155 2055 2209 rario
2077 2169 2213 2209 ausu
2233 2169 2344 2208 rem
2364 2169 2681 2225 aggressus,
2697 2152 2793 2213 sed
2811 2152 3070 2209 mandato
3090 2151 3468 2210 subserviens.

1911 2243 2064 2299 Tunc
2091 2245 2236 2300 enim
2266 2259 2418 2309 vero,
2461 2252 2595 2299 tunc
2628 2249 3028 2299 concurrerunt
3068 2243 3190 2300 dua:
3230 2243 3469 2315 prophe-

1910 2333 2033 2388 tica:
2052 2347 2212 2388 voces
2241 2348 2256 2385 :
2303 2332 2416 2388 Vox
2436 2333 2720 2388 clamantis
2741 2333 2794 2388 in
2814 2331 3020 2391 deserto
3040 2334 3112 2400 ",
3126 2340 3202 2401 et,
3240 2333 3352 2389 Vos:
3369 2333 3477 2389 Do-

1910 2423 2042 2477 mini
2072 2437 2228 2491 super
2267 2439 2433 2495 aquas
2464 2423 2529 2478 ".
2581 2421 2769 2479 Praeco
2798 2423 3047 2479 veritatis
3085 2422 3378 2491 clamabat,
3416 2434 3473 2479 et

1910 2512 2050 2569 Deus
2081 2514 2378 2585 majestatis
2424 2514 2656 2569 intonuit
2683 2516 2752 2571 ".
2792 2515 3029 2587 Eratque
3070 2514 3147 2571 ibi
3196 2516 3471 2572 adoranda

1911 2602 2174 2671 Trinitas,
2205 2621 2326 2677 qua:
2356 2605 2585 2677 gloriam
2618 2621 2773 2664 suam
2801 2606 3060 2679 aliulgere
3089 2608 3345 2666 faciebat.
3371 2609 3475 2665 Pa-

1910 2705 1994 2753 ter
2013 2712 2179 2769 supra
2211 2695 2408 2752 Filium
2433 2698 2761 2769 pradicans,
2800 2697 2975 2756 Filius
3016 2699 3159 2757 infra
3180 2700 3473 2773 dispensa-

1910 2789 2112 2844 tionem
2138 2788 2389 2859 implens,
2427 2789 2669 2859 Spiritus
2694 2801 2940 2856 sanctus,
2972 2792 3129 2863 quasi
3161 2792 3341 2864 sigillo
3370 2809 3479 2852 suo

1911 2880 2240 2935 confirmans
2289 2879 2399 2935 Deo
2448 2880 2672 2952 dignam
2711 2880 3132 2939 institutionem.
3189 2883 3254 2939 Et
3298 2900 3477 2956 usque

1911 2972 2045 3026 adeo
2075 2986 2268 3043 magna
2298 2969 2439 3026 facta
2470 2979 2556 3028 est
2583 2986 2710 3037 vox,
2737 2970 2899 3026 Patre
2928 2971 3161 3044 desuper
3184 2971 3483 3045 Unigenito

1913 3079 2015 3120 suo
2042 3063 2412 3119 testimonium
2444 3064 2787 3134 perhibente,
2819 3073 2879 3118 ut
2914 3063 3088 3135 aperti
3115 3063 3323 3120 fuerint
3348 3068 3472 3122 caeli

258 3166 418 3238 αύτης
458 3163 784 3236 μαρτυρίας,
820 3161 1104 3233 φρίξαντες
1129 3162 1226 3233 τὴν
1250 3162 1431 3215 ἔνθεον
1455 3162 1782 3232 οἰκονομίαν.

1917 3155 2167 3225 desuper.
2192 3153 2511 3209 Ascendente
2537 3154 2707 3221 enim,
2742 3156 2841 3220 ait,
2881 3154 3012 3210 Jesu
3040 3155 3103 3211 de
3135 3173 3297 3228 aqua,
3319 3159 3497 3213 scissi.

317 3424 393 3477 ϐ’.
438 3422 579 3475 Ἀλλ’
609 3424 708 3494 ὅρα
734 3423 793 3475 τὸ
833 3422 1161 3494 θαυμαστόν.
1222 3423 1286 3475 Ἥ
1321 3424 1471 3493 φωνὴ
1515 3423 1651 3496 αὕτη
1689 3426 1813 3489 τοὺς

253 3518 509 3589 οὖρανοὺς
530 3518 764 3587 ἔσχισεν,
796 3516 890 3569 καὶ
914 3518 1221 3587 αίρετικοὺς
1248 3516 1345 3569 οὐκ
1372 3516 1632 3587 ἐφόϐησεν
1650 3533 1663 3547 ·
1697 3514 1812 3574 015-

256 3611 350 3674 τός
369 3610 545 3662 ἐστιν
569 3611 605 3659 ό
628 3610 759 3673 Υἱός
774 3625 913 3676 μου,
941 3612 973 3662 ό
992 3608 1314 3676 ἀγαπητὸς,
1345 3608 1530 3661 αὐτοῦ
1545 3609 1810 3663 ἀκούετε.

268 3698 478 3769 Ἐπειδὴ
526 3697 824 3767 προέλαϐεν
860 3697 1022 3767 νόμος
1061 3697 1368 3767 κηρύττων,
1397 3698 1492 3751 καὶ
1538 3698 1814 3770 προφῆται

259 3786 744 3855 εὐαγγελιζόμενοι,
776 3786 862 3839 ἶνα
893 3786 966 3856 μή
993 3802 1075 3849 τις
1106 3787 1174 3856 τῇ
1208 3785 1451 3857 προτέρᾳ
1484 3787 1814 3841 καταστάσει

258 3876 351 3946 τῆς
404 3876 700 3947 Ἰουδαϊκῆς
755 3875 1007 3947 λατρείας
1050 3877 1333 3946 ἑπόμενος,
1388 3874 1669 3948 ἀπώσηται
1725 3878 1815 3931 τὸν

260 3968 413 4037 ζυγὸν
436 3968 539 4039 τῆς
576 3967 933 4038 εὐαγγελικῆς
953 3968 1193 4039 χάριτος,
1225 3968 1259 4038 ἡ
1289 3967 1407 4020 θεία
1440 3968 1590 4038 φωνὴ
1613 3968 1813 4040 διέκριο

259 4075 341 4112 νεν
384 4061 447 4112 τὸ
487 4059 754 4113 οἰκετικὸν
786 4059 893 4112 άπὸ
940 4058 1046 4112 τῶν
1093 4056 1427 4112 δεσποτικῶν
1468 4058 1810 4129 ἀξιωμάτων.

258 4152 447 4206 Αὐτοῦ
478 4152 759 4212 ἀκούετε,
807 4150 1045 4222 δηλονότι
1081 4150 1175 4202 τοῦ
1219 4149 1475 4221 Χριστοῦ.
1520 4149 1817 4220 Πλήρωμα

257 4245 361 4314 γὰρ
387 4247 577 4313 νόμου
603 4242 877 4311 Χριστὸς,
896 4242 1167 4313 πλήρωμα
1195 4240 1304 4294 τῶν
1320 4240 1535 4310 ἀγαθῶν
1561 4240 1811 4312 Χριστός.

256 4336 317 4389 ΕΞ
338 4336 446 4407 γὰρ
477 4337 573 4389 καὶ
600 4333 898 4405 προέλαϐον
927 4335 986 4385 ἐν
1020 4333 1099 4403 τῷ
1137 4333 1285 4404 νόμῳ
1332 4332 1411 4404 τῷ
1442 4332 1717 4405 Μωσαῖκῷ
1758 4334 1814 4386 al

256 4430 509 4497 εύλογίαι,
544 4427 661 4481 ἀλλ’
718 4427 816 4479 οὐκ
866 4422 1001 4497 ἦσαν
1049 4424 1297 4490 ἐντελεῖς,
1350 4425 1695 4497 ἐκδεχόμεναι
1722 4425 1813 4480 τὸν

1916 3254 2037 3299 sunt
2062 3244 2179 3297 cmti
2199 3244 2263 3296 ὀ.
2300 3245 2420 3299 Non
2446 3245 2589 3300 enim
2637 3246 2883 3301 tulerunt
2920 3262 3110 3303 vocem
3147 3249 3283 3303 tanti
3317 3250 3476 3306 testi-

1915 3339 2105 3400 monii,
2132 3338 2416 3393 horrentes
2454 3336 2695 3391 divinam
2722 3335 3207 3411 dispensationem.

1987 3427 2077 3482 IX.
2106 3426 2209 3483 Sed
2241 3427 2460 3482 adverte
2484 3426 2806 3497 prodigium.
2840 3427 2917 3482 Ea
2949 3442 3053 3484 vox
3085 3430 3260 3485 oculos
3286 3431 3483 3500 scidit,

1916 3529 1969 3575 et
1993 3519 2277 3574 hmreticos
2303 3533 2411 3572 non
2443 3518 2672 3588 perculit
2696 3534 2711 3571 :
2744 3516 2848 3573 Hic
2868 3528 2947 3574 est
2978 3517 3151 3577 Filius
3172 3538 3318 3577 meus
3339 3522 3479 3578 dite.

1916 3621 2030 3666 ctus
2061 3610 2127 3676 “,
2153 3611 2254 3681 ipsi
2287 3612 2585 3665 auscultate
2615 3613 2680 3664 ".
2708 3609 2845 3678 Quia
2882 3626 3356 3687 pmccupaverat
3386 3616 3472 3672 lex

1916 3699 2159 3764 edicens,
2194 3709 2249 3755 et
2276 3701 2553 3771 prophetae
2574 3701 3014 3773 evangelizantes
3037 3742 3053 3769 ,
3096 3720 3166 3761 ne
3212 3707 3338 3777 quis
3385 3722 3476 3762 se—

1915 3798 2078 3846 cutus
2129 3790 2364 3860 priorem
2400 3789 2615 3846 Judaici
2663 3793 2841 3848 cultus
2860 3792 3471 3867 institutionem,repel-

1916 3884 2053 3939 leret
2078 3883 2402 3953 evangelicae
2430 3882 2615 3952 gratia:
2634 3881 2851 3954 jugum.
2882 3884 3067 3943 divina
3100 3901 3204 3940 vox
3226 3885 3475 3942 distinxit

1914 3973 2137 4028 herilem
2166 3988 2197 4026 a
2224 3972 2412 4027 famuli
2445 3971 2821 4042 dignitatibus.
2848 3967 2957 4040 Ipsi
2987 3973 3474 4043 auscultatethri-

1916 4073 2002 4119 slo
2016 4063 2286 4119 videlicet.
2314 4062 2596 4117 Plenitudo
2616 4064 2755 4117 enim
2782 4063 2907 4132 legis
2941 4061 3182 4117 Christus
3209 4063 3274 4124 ³³,
3300 4065 3497 4135 ριοιιὶον

1915 4157 2044 4210 tudo
2072 4155 2339 4210 bonorum
2370 4152 2645 4209 Christus.
2674 4151 2788 4207 Etsi
2806 4152 2951 4209 enim
2988 4165 3387 4224 praeesserunt
3415 4156 3471 4211 in

1916 4245 2035 4314 lege
2062 4243 2297 4299 Mosaica
2338 4243 2763 4306 benedictiones,
2796 4251 2853 4298 at
2880 4258 2993 4299 non
3012 4253 3167 4300 erant
3194 4247 3491 4317 perfecte,

1914 4341 2290 4404 exspectantes
2335 4333 2622 4387 Dominum
2670 4345 2917 4389 nostrum
2950 4351 2965 4387 :
3010 4334 3080 4391 de
3115 4353 3236 4408 quo
3271 4335 3492 4394 Paulus.

1915 4428 1993 4482 ait
2022 4442 2037 4479 :
2070 4425 2347 4481 Plenitudo
2376 4425 2500 4496 legis
2521 4424 2782 4482 Christus.
2839 4425 2960 4482 Vin’
2992 4443 3058 4484 ex
3091 4444 3151 4485 re
3187 4431 3469 4487 manifesta

256 4520 454 4593 Κύριον
477 4519 654 4590 ἡμῶν,
688 4518 815 4587 περὶ
843 4511 903 4571 οὗ
936 4533 1100 4585 φησιν
1135 4517 1164 4567 ό
1218 4515 1458 4580 Παῦλοςο
1517 4515 1811 4586 Πλήρωμα

1917 4519 2195 4576 exhibeam
2218 4518 2319 4574 tibi
2346 4520 2631 4575 veritatem
2677 4520 2869 4575 vadem
2903 4520 3211 4578 dictorum?
3237 4523 3469 4579 Attende

252 4618 437 4685 νόμον
462 4613 737 4682 Χριστός.
767 4611 877 4664 Καὶ
897 4608 1090 4675 θέλεις,
1114 4611 1178 4661 ἐκ
1203 4609 1525 4678 πράγματος
1553 4609 1815 4679 ἐναργοῦς

256 4707 591 4778 παραστήσω
614 4722 695 4757 σοι
724 4703 824 4774 τὴν
838 4701 1095 4772 ἀλήθειαν
1121 4700 1315 4769 ἔγγυον
1341 4699 1449 4752 τῶν
1477 4700 1812 4772 εἰρημένωνς

254 4800 490 4870 Πρόσεχε
512 4796 767 4868 ἀκριϐῶς.
799 4792 1283 4864 ΚελεύειΜωῦσῆς
1323 4794 1352 4845 ό
1390 4791 1685 4864 νομοθέτης
1722 4810 1815 4863 με-

258 4892 501 4962 ρισθῆναι
519 4890 619 4953 τάς
639 4888 841 4942 δώδεκα
864 4884 1035 4958 φυλάς
1063 4886 1156 4939 τοῦ
1198 4884 1432 4957 Ἰσραὴλ,
1458 4886 1552 4938 καὶ
1583 4885 1683 4948 τὰς
1715 4884 1814 4956 μὲν

254 4983 314 5048 ἐξ
339 4982 512 5053 φυλὰς
546 4982 639 5036 ἐπὶ
667 4981 728 5033 τὸ
747 4981 871 5053 ὅρος
909 4979 1098 5048 ἀνάγει
1124 4979 1184 5032 τὺ
1216 4977 1418 5049 Γηϐὰλ,
1458 4979 1556 5042 τὰς
1594 4979 1651 5033 δὲ
1692 4979 1812 5032 ἐτέ-

260 5091 353 5145 ρας
375 5072 438 5137 ἐξ
463 5074 544 5135 είς
567 5071 629 5124 τὸ
650 5069 774 5142 ὅρος
801 5070 863 5123 τὸ
892 5069 1159 5141 Γαρίζειν,
1197 5068 1291 5120 καὶ
1323 5067 1533 5121 κελεύει
1568 5067 1668 5131 τὰς
1717 5067 1814 5138 μὲν

257 5165 513 5233 εὐλογεῖν,
551 5164 650 5227 τὰς
669 5163 725 5215 δὲ
751 5160 1111 5233 καταρᾶσθαι.
1134 5159 1388 5228 Εὐλογεῖν
1418 5160 1515 5225 μὲν
1536 5160 1663 5223 τοὺς
1685 5176 1814 5212 κατ-

255 5256 545 5328 ορθοῦντας
569 5255 661 5307 τὸν
704 5254 894 5323 νόμον,
941 5252 1281 5324 καταρᾶσθαι
1305 5252 1364 5305 δὲ
1392 5253 1518 5314 τοὺς
1544 5250 1816 5319 παραθαί-

255 5365 459 5411 νυντας.
503 5345 569 5400 Τί
613 5342 741 5413 οὖνς
788 5346 910 5399 Ἐπὶ
951 5343 1178 5415 μὲντῶν
1196 5343 1449 5415 καταρῶν
1478 5343 1704 5397 ἀπασῶν
1741 5339 1811 5415 ἦν

257 5439 588 5510 ἐπαγόμενον
611 5438 1026 5509 ἐπισφράγισμα
1042 5454 1055 5468 ·
1092 5434 1331 5504 Ἐροῦσι
1350 5434 1457 5505 τὰρ
1477 5437 1531 5489 οἱ
1553 5434 1809 5489 Λευΐτου

271 5531 726 5599 Ἐπικατάρατος
742 5532 775 5583 ό
801 5528 1330 5599 ἑγκαταλιμπάνων
1354 5526 1458 5579 τὸν
1486 5527 1689 5596 νόμον,
1715 5526 1813 5579 καὶ

258 5626 378 5696 ἐρεῖ
392 5624 508 5690 πᾶς
539 5627 573 5679 ό
603 5625 781 5689 λαός·
838 5620 1037 5690 Ἀμήν.
1090 5618 1543 5688 Ἐπικατάρατος
1593 5623 1626 5673 ό
1676 5619 1813 5675 δου-

335 5745 377 5776 ¹⁷
408 5744 527 5801 lsai.
561 5760 647 5807 ιι,
670 5743 725 5795 '5.

269 5813 422 5877 1,17.
497 5814 543 5845 ”
585 5814 739 5867 lium.
771 5827 900 5878 sui,
934 5810 1020 5865 10.
1096 5811 1147 5842 ’λ
1176 5809 1327 5864 Deut.
1374 5825 1542 5875 xxvii,
1582 5810 1651 5865 26
1676 5852 1691 5877 ,
1727 5813 1817 5867 15.

1914 4613 2219 4683 diligenter.
2246 4608 2409 4666 lubet
2444 4609 2657 4685 Moyses
2677 4611 2953 4682 legislator
2983 4612 3151 4668 dividi
3187 4612 3467 4671 duodecim
3496 4658 3499 4663 .

1915 4703 2091 4760 trihus
2118 4702 2306 4766 lsrael,
2337 4710 2391 4757 et
2420 4718 2515 4759 sex
2544 4702 2762 4774 quidem
2795 4705 2977 4760 tribus
3004 4705 3059 4759 in
3090 4713 3326 4761 montem
3368 4708 3472 4762 duo

1915 4795 1992 4849 cit
2020 4792 2209 4855 Gebal,
2253 4792 2494 4862 reliquas
2526 4806 2661 4848 vero
2686 4809 2804 4856 sex,
2860 4793 2913 4847 in
2956 4793 3174 4848 Garizin
3207 4804 3501 4860 montem,.

1914 4885 2243 4956 mandatque
2266 4894 2324 4940 ut
2343 4886 2463 4939 aliae
2486 4883 2826 4949 benedicant,
2857 4884 2976 4939 alia:
3003 4886 3348 4942 maledicam.
3369 4888 3469 4945 Be-

1917 4979 2175 5033 nedicant
2202 4977 2336 5049 legis
2369 4978 2747 5032 observatores
2769 5016 2786 5042 ,
2830 4984 3268 5047 transgressores
3302 4981 3467 5035 male-

1917 5069 2121 5124 dicant.
2146 5066 2289 5136 Quid
2318 5068 2485 5139 ergo?
2510 5066 2567 5122 ln
2600 5068 2854 5124 omnibus
2880 5069 3356 5127 maledictionibus
3390 5071 3471 5125 in~

1916 5163 2107 5216 dutum
2142 5169 2260 5216 erat
2289 5161 2457 5215 veluti
2486 5159 2757 5231 quoddam
2787 5160 3021 5231 sigillum
3047 5175 3063 5211 :
3111 5158 3296 5215 Dicent
3336 5164 3476 5216 enim

1916 5253 2148 5308 Lenitur:
2185 5251 2501 5307 Maledictus
2547 5252 2639 5324 qui
2676 5252 2962 5306 deseruerit
2995 5252 3193 5323 legem;
3240 5264 3292 5309 et
3336 5254 3493 5310 dicet

1919 5346 2088 5401 omnis
2117 5344 2361 5414 populus,
2387 5345 2571 5401 Amen.
2598 5341 2921 5398 Maledictus
2944 5343 3032 5410 qui
3050 5344 3178 5400 colit
3196 5343 3319 5401 deos
3342 5346 3477 5402 alie-

1919 5452 2050 5498 nos;
2075 5447 2123 5490 ct
2144 5436 2281 5491 dicet
2296 5437 2464 5491 omnis
2496 5435 2741 5505 populus,
2767 5435 2932 5491 Amen
2959 5440 3026 5493 ".
3054 5437 3231 5510 Atque
3257 5439 3313 5494 in
3333 5456 3492 5517 quo--

1918 5545 2023 5599 que
2042 5536 2313 5599 praecepto
2352 5528 2627 5598 impendet
2653 5528 2819 5583 Amen
2865 5531 3386 5602 transgressoribus.
3412 5531 3470 5588 la

1918 5620 2385 5678 benedictionibus
2406 5635 2535 5675 vero
2556 5620 2654 5685 ait,
2681 5621 2864 5676 dicent
2892 5621 3121 5678 Levita:
3158 5623 3484 5684 Benedictus.

801 5742 843 5774 "
874 5740 1017 5811 Psal.
1045 5740 1289 5811 xxvu_u.5.
1368 5740 1408 5772 ¹⁹
1451 5739 1603 5811 ιδιά.
1660 5743 1706 5773 ³ο
1753 5742 1813 5799 Il:

1917 5768 1941 5799 ι.
1984 5762 2041 5800 ιιι
2069 5787 2095 5811 ,_
2138 5745 2219 5800 l6.
2296 5745 2338 5775 “
2383 5739 2515 5797 ibid.
2554 5739 2639 5794 18.
2715 5740 2760 5770 ’³
2790 5737 2975 5794 Matth.
3006 5744 3221 5808 "11,5.
3276 5740 3493 5800 Ιιὶιιτ..
