3974 6332
515 398 584 454 2'5
1523 401 1885 466 SEVERIANI
1924 412 2344 471 GABALORUM
2387 417 2696 473 EPISCOPI
3661 425 3726 481 2!.

507 501 601 569 qui
616 501 845 558 custodit
879 504 1035 577 legem
1066 506 1277 563 Domini
1296 529 1314 576 ;
1333 511 1633 571 benedictus
1662 520 1716 573 in
1746 539 1893 593 agro,
1918 521 2050 580 bene.

2170 529 2366 583 λεύων
2418 529 2575 596 θεοῖς
2611 531 2968 600 ἀλλοτρίοις,
3016 534 3113 586 καὶ
3166 532 3288 601 ἐρεῖ
3332 531 3448 600 πᾶς
3476 512 3726 603 ἀλαός.

507 592 679 647 uictus
711 593 766 647 in
785 595 995 651 civitate
1027 599 1097 663 ³⁸,
1127 603 1447 673 etnuspiam
1477 606 1534 660 in
1558 609 1669 663 ulla
1699 612 2069 672 benedictione

505 689 668 739 Amen
707 701 1003 759 comparet.
1054 690 1167 747 Cur
1198 695 1364 766 igitur
1393 700 1799 761 maledictiones
1832 707 2065 778 sigillum

504 775 831 845 suscipiunt,
855 778 1264 840 benedictiones
1287 801 1417 843 vero
1449 804 1557 845 non
1588 790 1754 848 item?
1784 775 1925 863 Quid
1964 798 2067 853 sibi

501 865 618 919 vult
647 865 752 921 hoc
780 871 1107 939 symbolum,
1131 875 1264 944 quid
1292 877 1473 934 innuit
1511 882 1615 937 hoc
1658 888 1924 957 aenigma?
1955 887 2067 944 Lex

501 958 801 1013 sententias
856 966 1201 1020 exsecutioni
1243 970 1574 1040 mandabat,
1626 975 2064 1034 benedictionum

499 1056 677 1102 autem
705 1050 1060 1108 eonlirmator
1085 1065 1169 1110 est
1198 1056 1476 1117 Christus.
1513 1062 1580 1116 Et
1622 1067 1749 1136 quia
1781 1069 2067 1138 oportebat

496 1152 618 1205 quae
649 1137 784 1210 legis
815 1149 942 1195 sunt
963 1146 1182 1214 propria
1213 1147 1315 1219 legi
1353 1165 1634 1220 asserere,
1666 1165 1720 1210 et
1763 1137 1906 1227 quod
1939 1176 2067 1229 pro-

496 1229 677 1296 prium
711 1238 795 1285 est
823 1235 1149 1304 evangelicae
1175 1241 1383 1309 gratiae,
1416 1245 1604 1314 gratiae
1623 1249 1912 1311 reservari,
1937 1266 2065 1321 pro-

495 1327 682 1391 pterea
716 1337 1100 1382 remanserunt
1136 1330 1548 1392 benedictiones
1578 1336 1836 1410 deinceps
1871 1355 2065 1412 exspe-

495 1421 705 1468 ctantes
731 1413 919 1472 Amen.

2185 617 2379 686 Ἀμήν.
2417 618 2521 673 Καὶ
2559 622 2644 690 ἐφ’
2693 622 2898 694 ἑκάστῃ
2929 623 3117 696 ἐντολῇ
3153 623 3421 678 ἐπίκειται
3461 625 3522 679 τὸ
3560 626 3731 696 Ἀμὴν

2169 708 2282 771 τοῖς
2326 709 2738 779 παραϐαίνουσι.
2801 711 2924 765 Ἐπὶ
2978 711 3035 765 δὲ
3074 716 3195 777 ταῖς
3217 714 3489 783 εὐλογίαις
3530 716 3729 788 ἐροῦσι,

2172 797 2355 868 φησὶν,
2385 800 2435 851 οἱ
2456 798 2676 854 Λευῖται
2696 817 2710 832 ο
2735 802 3156 874 Εὐλογημένος
3193 808 3227 860 δ
3266 805 3600 874 φυλάσσων
3629 808 3731 860 τὸν

2170 890 2357 958 νόμον
2376 892 2618 959 Κυρίου,
2644 895 3048 965 εὐλογημένος
3083 897 3153 951 ἑν
3183 896 3361 967 ἀγρῷ,
3411 900 3731 968 εὐλογημέ-

2170 999 2277 1048 νος
2299 982 2370 1037 ἐν
2390 985 2582 1047 πόλει,
2603 986 2695 1038 καὶ
2713 986 2948 1059 οὐδαμοῦ
2973 988 3035 1041 τὸ
3085 987 3264 1057 Ἀμὴν
3292 989 3350 1041 ἐν
3377 988 3601 1060 οὐδεμιᾷ
3627 991 3730 1042 τῶν

2174 1072 2450 1142 εὐλογιῶν.
2478 1074 2542 1125 Τί
2565 1072 2656 1127 οὖν
2686 1078 2739 1129 αἱ
2768 1077 3003 1148 κατάραι
3032 1076 3365 1148 λαμϐάνουσι
3387 1078 3448 1131 τὸ
3469 1080 3729 1151 ἐπισφρα-

2171 1180 2367 1235 γισμα,
2389 1166 2444 1217 αί
2481 1164 2541 1217 δὲ
2563 1165 2803 1234 εὐλογίαι
2831 1168 2893 1221 οὐ
2923 1169 3169 1239 δέχονται
3198 1169 3298 1241 τὴν
3347 1170 3642 1241 σφραγῖδας
3669 1171 3731 1222 Τί

2171 1256 2416 1327 βούλεται
2449 1257 2511 1309 τὸ
2538 1258 2824 1330 σύνθημας
2855 1261 2906 1313 τί
2937 1261 3229 1333 ὲρμηνεύει
3257 1263 3316 1315 τὸ
3337 1262 3599 1333 αίνιγμα;
3628 1262 3733 1315 τῶν

2169 1346 2494 1414 ἀποφάσεων
2545 1347 2834 1421 πληρωτὴς
2885 1346 2951 1421 ἦν
2993 1353 3021 1403 6
3046 1352 3226 1422 νόμος,
3252 1352 3359 1404 τῶν
3393 1351 3448 1405 δὲ
3479 1351 3733 1421 εὐλογιῶν

2169 1436 2467 1514 βεϐαιωτὴς
2507 1439 2731 1510 Ἰησοῦς.
2777 1441 2991 1513 Ἐπειδὴ
3020 1442 3077 1495 δὲ
3102 1442 3208 1496 ἔδει
3228 1444 3297 1497 τὰ
3325 1444 3423 1514 μὲν
3455 1443 3548 1498 τοῦ
3571 1444 3732 1514 νόμου

493 1506 602 1561 ἴδια
619 1508 837 1580 δοθῆναι
862 1511 941 1583 τῷ
968 1513 1137 1586 νόμῳ,
1174 1516 1236 1569 τὸ
1260 1517 1317 1571 δὲ
1338 1520 1435 1590 τῆς
1461 1522 1821 1596 εὐαγγελικῆς
1863 1525 2082 1599 χάριτος
2111 1506 2455 1619 φυλαχθῆναι
2486 1534 2552 1615 τῇ
2570 1506 2580 1510 ὴ
2600 1533 2808 1604 χάριτι,
2838 1506 3060 1603 ἔμειναν
3099 1536 3155 1589 αἱ
3184 1534 3462 1605 εὐλογίαι,
3499 1536 3600 1605 τὴν
3642 1533 3732 1587 τοῦ

503 1597 683 1669 Ἀμὴν
714 1603 1032 1676 προσθήκην
1061 1608 1121 1659 τὸ
1148 1608 1332 1661 λοιπὸν
1362 1612 1735 1684 ἐπιζητοῦσαι.

562 1693 629 1748 Χ.
656 1698 735 1751 Ac
765 1715 832 1754 ne
860 1703 945 1755 cui
974 1715 1199 1760 coactus
1217 1709 1468 1764 videatur
1492 1728 1674 1767 sermo
1697 1724 1903 1781 noster,
1931 1718 2061 1786 quin

2240 1719 2292 1770 l’.
2326 1718 2441 1769 Ἵνα
2460 1717 2517 1769 δὲ
2544 1717 2616 1790 μὴ
2639 1717 2766 1791 δόξῃ
2798 1736 2878 1783 τις
2905 1718 3257 1790 βεϐιασμένον
3279 1716 3415 1775 εἶναι
3440 1722 3529 1774 τδν
3557 1721 3734 1790 λόγον,

491 1790 671 1856 potius
689 1806 752 1845 ex
773 1791 1005 1862 ipsumet
1028 1798 1257 1854 veritate
1284 1803 1655 1859 testimonium
1681 1799 2050 1874 haberet,audi

2166 1807 2299 1860 ἀλλὰ
2321 1808 2519 1878 μᾶλλον
2546 1807 2606 1874 ἐξ
2636 1810 2802 1880 αὐτῆς
2822 1812 2920 1881 τῆς
2946 1811 3201 1883 ἀληθείας
3225 1817 3731 1887 μεμαρτυρημένον,

488 1876 716 1935 Paulum
767 1883 1081 1941 dicentem:
1145 1890 1397 1947 Dominus
1451 1906 1626 1950 autent
1669 1910 1848 1955 noster
1902 1900 2050 1957 Jesus

2164 1876 2331 1951 ἄκουε
2357 1898 2570 1952 Παύλου
2594 1876 2842 1967 λέγοντος
2864 1876 2887 1932 ’1
2925 1902 2986 1955 '0
3020 1876 3128 1972 γὰρ
3161 1876 3392 1972 Κθρίος
3630 1876 3731 1973 ἰηξ

489 1969 730 2027 Christus
760 1992 863 2030 non
892 1976 992 2046 fuit
1024 1983 1202 2051 utique
1227 1994 1276 2038 et
1303 1987 1535 2052 minime,
1560 1989 1650 2043 sed
1677 1992 1856 2061 utique
1876 1994 1929 2047 in
1950 1995 2061 2061 ipso

488 2060 609 2132 fuit.
643 2060 907 2133 Quotquot
928 2069 1065 2121 enim
1106 2085 1226 2125 sunt
1266 2075 1675 2143 pollicitationes
1717 2060 1808 2135 Dei
1836 2082 1890 2135 in
1939 2060 2056 2147 illo,

486 2153 657 2216 ipsum
679 2158 884 2227 utique;
923 2169 973 2213 et
994 2178 1085 2231 per
1110 2164 1282 2232 illum,
1313 2168 1484 2236 ipsum
1518 2170 1709 2235 Amen;
1737 2172 1806 2226 ad
1835 2175 2059 2245 gloriam

486 2241 597 2296 Deo
621 2246 686 2298 ".
721 2244 858 2301 Hinc
886 2249 1012 2304 licet
1034 2252 1335 2325 intelligere
1364 2258 1561 2313 iterum
1586 2262 1726 2331 quod
1763 2241 1968 2318 dictum
1991 2266 2058 2319 ab

485 2335 747 2402 Apostolo
785 2338 886 2395 fuit
921 2358 936 2393 :
976 2342 1115 2407 Quia
1148 2363 1269 2400 cum
1317 2353 1514 2405 mortui
1563 2369 1794 2409 essemus
1829 2359 2055 2425 peccatis

483 2438 533 2480 et
557 2431 812 2499 prwputio
842 2435 1018 2489 carnis
1049 2448 1266 2502 nostra,
1306 2445 1689 2513 convivi/iacvit
1722 2448 1777 2501 in
1817 2448 1933 2515 illo,
1975 2453 2056 2505 in-

482 2521 701 2590 dulgens
730 2525 880 2580 nobis
904 2529 1083 2585 omnia
1112 2542 1327 2599 peccata
1365 2547 1551 2591 nostra
1569 2579 1584 2604 ,
1614 2538 1900 2596 obliterans
1931 2558 2056 2598 con-

483 2614 708 2669 trarium
737 2617 886 2673 nobis
920 2619 1344 2693 chirographum,
1383 2628 1523 2697 quod
1547 2628 1926 2686 adversabatur
1958 2651 2055 2689 no-

481 2704 562 2758 bis
595 2707 662 2760 ²⁷.
697 2708 1019 2778 Cujusmodi
1067 2716 1535 2789 chirographum?
1586 2720 1723 2777 Hinc
1769 2724 1936 2781 habes
1975 2726 2053 2780 rei

480 2795 1027 2857 demonstrationem.
1060 2804 1294 2870 Quando
1339 2808 1483 2863 enim
1517 2813 1795 2868 recensuit
1825 2816 1911 2869 lex
1938 2832 2052 2870 ma-

480 2887 815 2956 ledictioncs,
837 2893 1013 2962 ipsum
1043 2897 1229 2966 populi
1251 2902 1432 2965 Amen,
1454 2903 1785 2973 subscriptio
1806 2906 2051 2974 quaedam

477 2988 596 3032 erat
624 2982 983 3038 audientium.
1008 2985 1172 3043 Jesus
1200 2991 1403 3060 quippe
1433 3000 1552 3046 erat
1581 2994 1863 3063 plenitudo
1887 2996 2051 3051 bene-

478 3071 803 3138 dctionum,
827 3075 919 3145 qui
944 3076 999 3129 in
1029 3074 1267 3136 Iordane
1288 3085 1562 3152 apparuit,
1586 3086 1678 3154 qui
1705 3087 2046 3157 prophetiam

2162 1990 2311 2055 σοῦς
2335 1992 2591 2059 Χριστὸς
2611 1994 2723 2047 οὐκ
2756 1992 2991 2063 ἐγένετο
3026 1996 3124 2049 ναί
3154 1997 3252 2050 καὶ
3297 1997 3370 2051 οὒ
3389 2041 3403 2065 ,
3437 1999 3601 2053 ἀλλὰ
3634 2002 3730 2054 ναὶ

2160 2083 2228 2135 ἑν
2247 2082 2406 2148 αὐτῷ
2432 2083 2696 2155 γέγονεν.
2740 2085 2910 2138 Ὅσαι
2948 2087 3058 2157 γὰρ
3105 2089 3449 2159 ἐπαγγελίαι
3486 2091 3634 2147 Θεοῦ
3663 2093 3731 2145 ἑν

2158 2174 2336 2241 αὐτῷ,
2360 2177 2426 2228 τὸ
2450 2178 2552 2230 ναί
2565 2193 2580 2207 ’
2605 2180 2701 2231 καὶ
2730 2177 2806 2232 δι’
2829 2179 3036 2246 αὐτοῦ,
3062 2180 3129 2234 τὸ
3170 2181 3346 2251 Ἀμὴν
3368 2183 3517 2251 πρὸς
3545 2184 3733 2249 δόξαν

2157 2266 2237 2331 τῷ
2268 2266 2406 2332 Θεῷ.
2458 2268 2739 2323 Ἐντεῦθεν
2758 2269 2905 2323 ἐστιν
2944 2272 3131 2341 νοῆσαι
3166 2272 3327 2327 πάλιν
3354 2274 3414 2327 τὸ
3445 2276 3731 2345 εἰρημένον

2158 2356 2262 2409 ὐπὸ
2294 2355 2388 2411 τοῦ
2427 2357 2745 2411 Ἀποστόλου
2762 2375 2776 2388 ·
2808 2361 2937 2412 "Ott
2958 2362 3212 2428 νεκροὺς
3234 2360 3393 2431 ἡμᾶς
3414 2364 3594 2430 ὄντας
3609 2366 3730 2431 τοῖς

2156 2449 2626 2520 παραπτώμασιν
2681 2451 2780 2505 καί
2831 2451 2902 2520 τῇ
2955 2454 3316 2523 ἀκροϐυστίᾳ
3363 2454 3475 2523 τῆς
3502 2456 3753 2539 σαρκὸς

2153 2540 2340 2609 ἡμῶν,
2397 2541 2920 2611 συνεζωοποίησεν
2977 2544 3048 2597 ἐν
3098 2545 3276 2611 αὐτῷ,
3328 2546 3728 2617 χαρισάμενος

2151 2631 2296 2700 ἡμῖν
2320 2632 2515 2687 πάντα
2547 2635 2618 2688 τὰ
2647 2634 3084 2705 παραπτώματα
3102 2636 3291 2708 ἡμῶν,
3308 2636 3641 2707 ἐξαλείψας
3659 2639 3725 2693 τὸ

2152 2723 2281 2776 καθ’
2311 2723 2481 2792 ἡμῶν
2534 2727 2950 2795 χειρόγραφον,
2994 2726 3025 2781 ὃ
3059 2723 3138 2798 ἦν
3167 2728 3307 2797 ἡμῖν
3340 2731 3723 2784 ὑπεναντίον.

2152 2814 2311 2868 Ποῖον
2341 2815 2702 2888 χειρόγραφον
2727 2835 2742 2885 ;
2768 2819 2912 2890 ἔχεις
2938 2819 3128 2874 τούτου
3149 2819 3249 2891 τὴν
3273 2821 3562 2888 ἀπόδειξιν.
3601 2825 3725 2876 Ὅτε

2151 2905 2259 2976 γὰρ
2281 2907 2621 2978 ὐπηγόρευσε
2645 2908 2744 2973 τὰς
2782 2908 3030 2980 κατάρας
3053 2912 3081 2964 6
3112 2911 3291 2983 νόμος,
3314 2911 3376 2964 τὸ
3420 2913 3597 2981 Ἀμὴν
3631 2914 3724 2966 τοῦ

2150 2994 2280 3048 λαοῦ
2304 2996 2594 3068 ὑπογραφὴ
2638 2993 2705 3069 ἦν
2735 2991 2843 3051 τῶν
2874 3000 3197 3054 ἀκουόντων.
3261 3000 3469 3072 Ἰησοῦς
3514 3001 3623 3073 γὰρ
3656 2998 3724 3074 ἦν

2148 3083 2208 3137 τὸ
2236 3085 2506 3157 πλήρωμα
2531 3085 2636 3139 τῶν
2664 3087 2942 3156 εὐλογιῶν,
2984 3091 3012 3142 ὁ
3035 3091 3128 3142 ἐπὶ
3160 3089 3253 3143 τοῦ
3309 3092 3571 3162 Ἰορδάνου
3619 3110 3723 3162 φα-

477 3160 631 3217 lsaia:
659 3163 713 3217 in
742 3166 927 3237 seipso
942 3170 1250 3239 complevit.
1269 3173 1572 3231 Disitenim
1601 3176 1768 3234 Isaias
1802 3196 1814 3231 :
1846 3182 2045 3235 Exsul—

2155 3176 2277 3240 νεὶς,
2308 3177 2457 3247 ὁτὴν
2487 3177 2822 3249 προφητείαν
2866 3180 3087 3232 Ἡσαΐου
3141 3183 3221 3244 είς
3268 3160 3458 3236 ἑαυτὸν
3498 3160 3723 3255 πληρώ-

480 3265 585 3306 (en!
609 3254 815 3310 deserta
848 3256 1128 3327 Iordanis,
1146 3265 1271 3333 quia
1291 3265 1464 3336 gloria
1503 3267 1693 3323 Libani
1724 3272 1853 3325 data
1880 3284 1957 3327 est
1978 3278 2046 3338 ei,

475 3353 525 3397 et
561 3343 726 3397 honor
756 3344 987 3403 Carmeli
1014 3350 1079 3407 ".
1103 3349 1549 3425 Dictumquidcm
1580 3360 2047 3434 obscurum,qnod

475 3445 657 3491 tamen
690 3453 787 3506 per
813 3441 1042 3509 gratiam
1078 3442 1405 3502 declaratur.

547 3606 640 3664 Xl.
672 3610 935 3670 Libanum
954 3626 1109 3674 vocat
1143 3621 1425 3692 Scriptura
1451 3627 1596 3685 illius
1624 3637 1881 3704 temporis
1899 3638 2051 3695 Jeru-

476 3703 665 3755 salem.
701 3700 888 3773 Neque
916 3706 1199 3765 existimes
1232 3721 1477 3769 coactam
1512 3732 1635 3775 esse
1664 3700 1802 3779 hanc
1830 3738 2046 3784 senten-

479 3792 629 3844 tiam.
669 3792 920 3851 Ezechiel
970 3808 1204 3856 testatur
1234 3803 1302 3862 de
1340 3806 1847 3872 Nabuchodonosor
1895 3835 2041 3892 rege.

2149 3283 2267 3331 σας.
2295 3267 2519 3337 Ἔλεγεν
2548 3271 2654 3340 γὰρ
2687 3268 2913 3334 Ἡσαΐας
2933 3286 2946 3301 ·
2992 3270 3391 3341 Ἀγαλλιάσθω
3427 3274 3499 3329 τὰ
3529 3274 3724 3343 ἔρημα

2146 3357 2253 3411 τοῦ
2304 3357 2635 3427 Ἰορδάνου,
2664 3359 2753 3413 ὅτι
2784 3361 2822 3429 ’ἡ
2843 3360 2993 3426 δόξα
3025 3360 3282 3415 Λιϐάνου
3328 3361 3505 3432 ἐδόθη
3543 3364 3719 3434 αὐτῇ,

2146 3448 2243 3501 καὶ
2269 3451 2308 3517 τ’)
2338 3448 2476 3519 τιμὴ
2502 3451 2609 3505 τοῦ
2633 3451 2980 3521 Καρμήλου.
3012 3452 3084 3506 Τὸ
3107 3454 3257 3525 ῥῆμα
3286 3455 3516 3523 ἀσαφὲς.
3546 3472 3722 3526 σαφη-

2145 3542 2347 3607 νίζεται
2367 3543 2455 3597 διὰ
2485 3543 2586 3614 τῆς
2618 3544 2859 3615 χάριτος.

2216 3636 2315 3689 1Α’.
2352 3635 2583 3688 Λίϐανον
2611 3636 2770 3689 καλεῖ
2812 3639 2845 3708 ἡ
2880 3637 3070 3709 Γραφὴ
3109 3638 3208 3710 τὴν
3263 3640 3617 3712 Ἰερουσαλὴμ
3657 3641 3720 3694 τὸ

2142 3726 2460 3795 τηνικαῦτα.
2515 3726 2619 3781 Καὶ
2653 3728 2725 3799 μὴ
2760 3728 2989 3802 νομίσῃς
3039 3729 3394 3801 βεϐιασμένον
3441 3728 3580 3786 εἶναι
3624 3731 3717 3786 τὸν

2143 3817 2318 3885 λόγον.
2366 3819 2625 3892 ’ῐεζεκιὴλ
2660 3823 2930 3892 μαρτυρεῖ
2957 3819 3196 3893 περὶτοῦ
3230 3822 3717 3897 Ναϐουχοδονόσωρ

478 3881 782 3939 Dixitenim
815 3902 827 3937 :
867 3889 1060 3959 Aquila
1088 3907 1280 3963 magna
1311 3912 1625 3967 magnarum
1666 3903 1899 3972 alarum,
1927 3881 2044 3979 quia

2155 3881 2234 3961 ιού
2291 3881 2591 3978 βασιλέως..
2625 3881 2822 3980 ’Ἔλεγε
2846 3881 2964 3983 ’γάρ
2991 3930 3004 3942 ”
3030 3881 3111 3966 "0
3157 3914 3329 3980 ἀετὸς
3375 3881 3648 3985 dapem,

475 3972 589 4026 alus
618 3990 878 4045 expansos
930 3977 1083 4034 habet
1111 3991 1160 4037 et
1189 3983 1346 4052 plena
1386 3998 1466 4042 est
1511 3995 1786 4061 unguium,
1830 3972 1961 4052 venit
1989 4002 2042 4054 in

2155 3972 2659 4072 αεγαλοπτέρυγος
2677 4044 2691 4068 ,
2740 3972 2781 4057 ό.
2813 3972 3200 4074 ἐπτεταμένος
3232 3972 3362 4070 sail;
3388 3972 3676 4075 πτέρυξιν
3697 4048 3712 4072 ,

476 4065 757 4129 Libanum,
787 4079 837 4124 et
867 4073 1066 4151 accepit
1093 4074 1261 4130 electa
1300 4077 1577 4136 cedrorum
1617 4083 1828 4151 Liboni,
1866 4098 1915 4144 et
1945 4091 2042 4145 ad-

2155 4065 2239 4147 καί
2272 4065 2507 4163 πλήρης
2539 4065 2796 4165 diedic-tr,
2829 4065 3126 4167 ﬁlbsrvslc
3163 4065 3267 4152 τὸν
3292 4065 3570 4165 Λίϐανον,
3612 4101 3712 4155 καὶ

473 4157 626 4207 «luxit
652 4157 704 4208 in
724 4146 1047 4228 Babylonem
1074 4164 1138 4216 ²⁹.
1166 4163 1310 4233 Quid
1342 4183 1468 4226 vero
1484 4171 1659 4228 electa
1686 4146 2041 4245 suntiQuan-

2155 4146 2357 4239 ἔλαϐεν
2892 4146 3117 4256 κέδρου
3148 4189 3256 4243 τοῦ
3298 4191 3577 4255 Λιϐάνου,
3615 4192 3715 4245 καί

473 4242 767 4310 doquident
817 4246 1058 4303 vinctum
1121 4250 1404 4312 Sedeciam
1462 4277 1642 4332 regem
1704 4242 1945 4333 abduxit,
1988 4278 2041 4325 ει

486 4332 719 4355 ,Δημώ
782 4346 825 4355 ,.
865 4338 1107 4355 LM...»
1237 4342 1250 4355 -

2155 4274 2452 4344 ἀπήγαγεν
2489 4281 2576 4342 είς
2608 4242 2955 4334 Βαϐυλιῖῖνα.
2986 4242 3165 4335 Ἰλάδὲ
3195 4280 3424 4335 ὲκλεκτὰ
3459 4281 3581 4335 τίνα
3604 4277 3674 4355 ἦν
3700 4301 3715 4347 ;

473 4332 723 4385 Joachim
776 4346 831 4388 et
865 4338 1150 4404 pontiﬁces
1184 4359 1199 4394 :
1236 4342 1353 4398 haec
1405 4360 1558 4403 erant
1613 4357 1784 4414 electa
1824 4358 2037 4426 Libani,

473 4437 594 4495 qtae
634 4422 962 4495 Babylonem
1012 4430 1256 4486 adduxit.
1298 4433 1440 4500 Quid
1472 4447 1555 4493 est
1595 4457 1725 4507 ergo
1755 4448 1889 4502 illud
1922 4467 1937 4504 :

471 4512 643 4584 gloria
673 4512 862 4570 Libani
911 4518 1041 4573 data
1074 4532 1153 4575 est
1184 4523 1268 4585 ei?
1307 4524 1442 4592 Quia
1481 4531 1848 4589 sacerdotium
1876 4536 2037 4595 Jeru-

473 4603 641 4659 salem
666 4612 720 4658 et
749 4606 1030 4676 prophetia
1057 4612 1310 4669 universa
1345 4615 1400 4669 in
1433 4615 1699 4677 Joannem
1738 4627 2040 4698 emigrave-

473 4707 576 4755 rat.
606 4706 659 4751 et
694 4706 810 4753 tota
861 4700 1256 4776 Hierosolyma,
1314 4709 1505 4770 relicto
1546 4715 1728 4783 altari,
1758 4718 1940 4776 exibat
1970 4722 2038 4778 ad

472 4789 847 4862 accipiendum
888 4796 1154 4865 baptisma
1192 4797 1462 4870 Joannis;
1508 4817 1869 4882 anteoccupat
1913 4830 2040 4886 pro-

473 4884 629 4953 pheta
664 4886 815 4956 loqui
837 4887 903 4943 de
938 4889 1158 4946 deserto
1187 4890 1467 4960 Iordanis,
1512 4899 1768 4970 inquiens
1805 4923 1820 4960 :
1856 4884 2039 4963 Gloria

474 4975 665 5035 Libani
693 4977 822 5033 data
850 4990 930 5034 est
949 4982 1017 5046 ei,
1056 4993 1106 5037 et
1136 4983 1303 5040 honor
1327 4988 1581 5049 Carmeli.
1618 4992 1757 5060 Quis
1779 5013 1905 5055 vero
1940 5001 2038 5057 ho-

473 5067 616 5121 nor?
643 5068 786 5128 Audi
844 5073 1008 5127 veluti
1042 5073 1096 5129 in
1136 5079 1394 5135 transitu.
1431 5081 1576 5139 Elias
1622 5089 1883 5158 propheta
1923 5101 2038 5147 erat

477 5156 650 5211 honor
682 5160 938 5216 Carmeli.
972 5162 1100 5219 Erat
1125 5169 1326 5241 quippe
1355 5170 1408 5223 in
1444 5170 1696 5230 Carmelo
1724 5156 1887 5233 Ειὶεε.
1903 5180 2037 5248 Quia

476 5248 640 5315 igitur
668 5251 865 5319 prodiit
893 5251 1131 5314 Joannes
1179 5260 1233 5313 in
1262 5262 1455 5323 spiritu
1484 5273 1535 5317 et
1570 5267 1758 5322 virtute
1787 5269 1921 5325 Elite
1947 5273 1990 5304 ³⁸
2018 5293 2031 5328 :

475 5348 756 5409 propterea
789 5343 922 5398 dicit
952 5346 1139 5404 datum
1169 5367 1352 5409 eremo
1384 5354 1646 5415 honorem
1677 5361 1929 5427 Carmeli,
1967 5366 2034 5421 de

473 5448 580 5501 quo
605 5432 779 5504 inquit
801 5433 1050 5496 Salvator
1081 5462 1095 5497 :
1137 5443 1203 5497 Et
1237 5446 1284 5500 si
1314 5447 1470 5502 vultis
1502 5454 1781 5522 suscipere,
1825 5457 1934 5526 ipse
1954 5471 2032 5513 est

472 5523 622 5581 Elius
642 5528 732 5597 qui
768 5540 1011 5588 venturus
1037 5546 1116 5594 est
1143 5538 1208 5592 ³⁸.
1240 5539 1376 5604 Quia
1399 5541 1565 5614 igitur
1580 5523 1870 5618 aliquando
1884 5551 2027 5608 Elias

560 5701 608 5733 ³⁸
633 5702 786 5776 ρευι.
828 5722 1014 5770 xxvm,
1041 5710 1092 5776 l,
1129 5712 1181 5766 3.

473 5773 780 5836 “11.5.4.
853 5773 1263 5847 "Lucgnn.
1339 5773 1850 5859 ιιιιειιιιιάίιλὶζ

1287 5713 1396 5802 "ll
1423 5716 1563 5802 goria
1600 5735 1636 5778 ι.
1665 5722 1876 5802 19.
1976 5727 2018 5759 "’
2057 5727 2265 5786 Coloss.
2313 5749 2378 5797 ιι,
2434 5736 2531 5802 13,
2584 5736 2667 5792 14,

2153 4367 2368 4437 Ἐπειδὴ
2426 4368 2679 4423 Σεδεκίαν
2710 4370 2879 4441 δήσας
2905 4373 3191 4442 ἀπήγαγεν
3220 4373 3309 4428 τὸν
3349 4374 3573 4444 βασιλέα
3616 4378 3713 4431 καὶ

2137 4457 2228 4511 τὸν
2260 4458 2515 4529 Ἰωακεὶμ
2529 4460 2765 4524 καὶτοὺς
2790 4462 3083 4531 ἀρχιερεῖς,
3104 4464 3273 4518 ταῦτα
3293 4460 3361 4536 ἦν
3386 4470 3456 4518 τὰ
3476 4466 3710 4522 ὲκλεκτὰ

2141 4545 2234 4602 τοῦ
2281 4548 2537 4616 Λιϐάνου,
2587 4550 2680 4603 καὶ
2720 4546 3006 4621 ἀπήγαγεν
3046 4553 3128 4613 είς
3165 4552 3480 4608 Βαϐυλῶνα.
3523 4555 3589 4608 Τί
3614 4552 3709 4610 οὖν

2142 4643 2290 4697 ἐστιν
2322 4640 2417 4695 τό⁶
2441 4642 2551 4697 Kal
2590 4643 2630 4711 ἠ
2669 4642 2820 4707 δόξα
2864 4642 2971 4697 τοῦ
3012 4644 3270 4700 Λιϐάνου
3296 4645 3474 4715 ἐδόθη
3512 4646 3709 4717 aut???

2156 4735 2370 4807 Ἐπειδὴ
2388 4738 2421 4808 ὴ
2445 4735 2712 4808 ἱερωσύνη
2726 4735 2828 4806 τῆς
2861 4737 2928 4790 ’Ῐε
2936 4737 3166 4810 ρουσαλὴ
3174 4756 3213 4809 μ
3236 4739 3374 4810 καὶὴ
3399 4741 3706 4812 προφητεία

2143 4826 2291 4878 πᾶσα
2322 4826 2524 4897 μετέϐη
2554 4828 2633 4891 είς
2653 4827 2744 4881 τὸν
2779 4827 3051 4899 Ἰωάννην,
3087 4830 3182 4884 καὶ
3224 4831 3368 4885 πᾶσα
3405 4833 3439 4903 ἠ
3479 4832 3705 4904 Ἰεροσὸ-

2135 4914 2301 4988 λυμα,
2328 4918 2701 4972 καταλιποῦσα
2724 4919 2786 4972 τὸ
2804 4917 3206 4992 θυσιαστήριον,
3229 4922 3489 4995 ἐξήρχετο
3516 4926 3612 4978 ἐπὶ
3642 4926 3702 4980 τὸ

2134 5009 2318 5063 λαϐεῖν
2342 5012 2404 5064 τὸ
2426 5010 2706 5082 βάπτισμα
2736 5012 3003 5078 Ἰωάννου,
3044 5015 3332 5086 προλαϐὼν
3358 5019 3386 5070 ὁ
3416 5020 3700 5090 προφήτης

2135 5099 2280 5167 λέγει
2309 5100 2436 5171 περὶ
2458 5101 2560 5169 τῆς
2586 5102 2792 5172 ἐρήμου
2821 5101 2915 5156 τοῦ
2968 5103 3230 5173 Ἰορδάνου
3250 5121 3266 5138 ⁸
3309 5106 3370 5161 Ἠ
3394 5104 3544 5171 δόξα
3589 5109 3698 5163 τοῦ

2135 5191 2391 5246 Λιϐάνου
2417 5191 2591 5262 ἐδόθη
2614 5193 2790 5264 αὐτῇ,
2820 5195 2917 5249 καὶ
2942 5196 2980 5263 ἡ
3020 5198 3156 5266 τιμὴ
3201 5196 3306 5251 τοῦ
3351 5198 3690 5268 Καρμήλου.

2134 5283 2244 5336 Καὶ
2268 5282 2401 5353 τίςή
2436 5285 2566 5355 τιμή
2595 5301 2609 5349 ;
2637 5286 2855 5350 Ἄκουε,
2904 5286 2979 5352 ὡς
3014 5289 3073 5343 ἐν
3106 5289 3448 5360 παραδρομῇ.
3511 5290 3693 5355 Ἠλίας

2133 5366 2199 5441 ἦν
2224 5373 2252 5424 6
2282 5373 2564 5444 προφήτης
2595 5375 2628 5445 ἡ
2658 5378 2789 5447 τιμὴ
2810 5375 2902 5430 τοῦ
2925 5377 3240 5448 Καρμήλου.
3287 5377 3469 5441 Ἠλίας
3490 5378 3596 5451 γὰρ
3623 5374 3691 5451 ἦν

2134 5463 2191 5515 ἐν
2224 5464 2299 5533 τῷ
2331 5466 2635 5538 Καρμήλῳ.
2682 5468 2830 5521 Ἐπεὶ
2883 5464 2975 5521 οὖν
3023 5467 3286 5539 προῆλθεν
3341 5467 3587 5540 Ἰωάννης
3633 5472 3691 5524 ὲν

2135 5555 2403 5627 πνεύματι
2461 5561 2554 5614 καί
2606 5560 2830 5630 δυνάμει
2890 5559 3089 5625 Ἡλίου,
3141 5559 3227 5614 διὰ
3272 5559 3426 5615 τοῦτό
3489 5579 3688 5633 φησιν·

2771 5737 2816 5770 ⁸⁸
2844 5735 2965 5793 lsai.
3006 5753 3163 5805 xxxv,
3196 5738 3245 5805 l,
3267 5738 3320 5793 Ξ.
3416 5736 3458 5766 ³⁸
3491 5737 3682 5794 Ezeclt.
