3974 6332
125 414 199 467 9.5
1228 415 1479 471 ORAXTIO
1521 416 1588 470 lN
1629 416 1737 470 DEI
1778 414 2308 471 APPARlTlONEM.
3315 417 3386 469 ‘26

133 528 328 597 Ἐδόθη
350 530 383 598 ἡ
414 527 549 599 τιμὴ
580 527 673 581 τοῦ
708 530 1003 601 Καρμήλου
1038 534 1103 603 τῇ
1132 532 1346 604 ὲρήμῳ,
1375 534 1500 604 περὶ
1529 525 1588 587 οὗ
1615 550 1714 603 φη-

1818 533 2127 587 Carmclum
2166 531 2457 591 incolebat,
2492 546 2639 585 nunc
2674 546 2803 585 vero
2828 546 3069 586 ereimnn
3110 531 3381 601 Joannes,

124 639 211 673 ειν
235 623 268 673 ὁ
297 621 491 691 Σωτήρ
511 637 524 649 ·
554 621 662 675 Καὶ
698 624 751 674 εὶ
784 621 988 676 θέλετε
1011 623 1319 692 δέξασθαι,
1340 628 1519 692 αὑτός
1542 627 1713 680 ἐστιν

133 712 352 777 Ἠλίας
376 714 411 765 ὁ
436 710 683 781 μέλλων
715 711 1016 781 ἔρχεσθαι.
1064 717 1216 770 Ἐπεὶ
1268 713 1361 771 οὖν
1406 716 1535 771 ποτὲ
1612 718 1711 787 μὲν

1818 633 2104 694 propterea
2143 627 2339 679 merito
2370 623 2502 676 dicit
2539 642 2551 677 :
2592 621 2779 676 Gloria
2815 622 3006 676 Libani
3035 627 3164 676 data
3194 634 3272 675 est
3313 624 3383 675 ei.

1815 729 1864 772 et
1898 718 2064 771 horror
2088 718 2338 771 Carmeli.

135 805 331 869 Ἠλίας
351 806 486 877 ᾤκει
530 808 619 861 τὸν
667 808 986 880 Κάρμηλον,
1026 810 1120 864 νῦν
1147 813 1205 866 δὲ
1251 814 1500 885 Ἰωάννης
1546 814 1643 884 τὴν
1704 813 1927 883 ἔρημον,
1956 815 2183 876 εἰκότως
2238 812 2435 883 φησίν·
2475 814 2547 867 Ἡ
2575 811 2726 875 δόξα
2770 811 2871 864 τοῦ
2902 808 3159 865 Λιϐάνου
3217 807 3386 874 ἐδόθη

132 900 310 969 αὐτῇ,
342 902 442 955 καὶ
473 904 513 971 ἠ
547 902 685 971 τιμὴ
715 903 823 958 τοῦ
843 905 1187 974 Καρμήλου.

168 1018 275 1073 IB'.
316 1019 430 1073 Νῦν
449 1020 527 1083 δὲ,
556 1020 853 1093 ἀδελφοὶ,ή
885 1022 1012 1088 δόξα
1044 1024 1225 1095 ἐκείνη
1269 1025 1330 1077 οὐ
1366 1026 1464 1097 τὴν
1505 1024 1708 1097 ἔρημον

130 1114 306 1183 μόνην
333 1112 672 1184 ἐπλήρωσεν,
705 1112 842 1167 ἀλλὰ
874 1114 968 1167 καὶ
992 1114 1091 1185 τὴν
1121 1117 1443 1189 οἰκουμένην
1471 1116 1707 1170 ἃπασαν.

128 1204 378 1273 Σήμερον
400 1204 510 1273 γὰρ
538 1205 815 1275 πανταχοῦ
850 1206 948 1277 τῆς
968 1210 1071 1277 γῆς
1105 1206 1265 1278 ὕμνοι
1294 1210 1385 1262 καὶ
1420 1209 1709 1277 θεολογίαν

127 1294 238 1345 ἀπὸ
277 1294 521 1365 ἑσπέρας
549 1296 713 1367 μέχρι
746 1298 846 1366 τῆς
880 1297 1041 1369 δεῦρο
1085 1300 1377 1370 ἑστήκασιν
1410 1300 1707 1370 ἄνθρωποι,

129 1387 220 1437 καὶ
238 1384 431 1455 ὕμνοις
455 1388 547 1439 τὸν
564 1387 728 1442 ὕπνον
753 1388 1009 1460 ἐνίκησαν
1029 1407 1043 1421 ·
1071 1392 1163 1443 καὶ
1183 1393 1214 1461 ἡ
1238 1392 1396 1462 χάρις
1420 1391 1709 1453 ἐδείκνυτο,

128 1482 221 1532 καὶ
248 1483 284 1550 ἠ
320 1480 481 1549 φύσις
505 1481 605 1534 οὐκ
626 1482 906 1551 ⁴ὶιλεξγχετο.
939 1484 1049 1535 Καὶ
1068 1483 1212 1549 μάλα
1234 1484 1476 1545 εἰκότως.
1501 1484 1711 1551 Ὥσπερ

127 1572 236 1641 γὰρ
274 1570 515 1642 σίδηρος,
573 1574 705 1643 πυρὶ
737 1573 1166 1643 προσομιλήσας,
1191 1574 1219 1625 ὃ
1266 1574 1363 1644 μὲν
1390 1570 1477 1644 ἦν,
1529 1575 1710 1629 οὐκέτι

133 1663 405 1731 φαίνεται,
425 1664 453 1715 ὃ
478 1664 534 1715 δὲ
560 1664 660 1716 οὐκ
688 1660 776 1735 ἢν,
801 1664 1137 1729 ὲπενδύεται,
1169 1667 1230 1717 οὐ
1258 1666 1358 1736 τὴν
1388 1666 1548 1735 φύσιν
1579 1668 1714 1720 ἀπο-

130 1754 433 1826 τιθέμενος,
468 1755 583 1808 ἀλλ’
612 1756 705 1808 ἐπὶ
732 1757 835 1827 τὴν
864 1755 1025 1824 φύσιν
1046 1756 1144 1827 τὴν
1177 1757 1537 1828 λαμπρότητα
1558 1757 1712 1820 δεξὸ-

133 1863 295 1914 μενος
320 1865 337 1878 ο
396 1846 570 1909 οὕτως
610 1848 705 1900 καὶ
750 1849 909 1918 ἡμεῖς
937 1847 1365 1913 καταξιωθέντες
1417 1848 1511 1901 τοῦ
1554 1847 1708 1915 ἁγίου

1815 1862 2061 1907 naturam
2092 1848 2433 1919 Splendorem
2467 1846 2747 1916 accipiens
2786 1862 2798 1898 :

130 1938 270 1989 Πνεύ
281 1954 468 2007 ματος,
502 1938 860 2008 ἠρνησάμεθα
884 1936 979 1991 τοῦ
1014 1937 1261 2008 σώματος
1283 1938 1379 2009 τὴν
1402 1937 1704 2004 ἀσθένειαν,

132 2031 225 2082 καὶ
248 2030 616 2098 ἐνεδυςάμεθα
629 2029 723 2082 τοῦ
743 2029 883 2082 [Inui
892 2046 1058 2100 ματος
1070 2029 1170 2100 τὴν
1194 2030 1495 2101 ἐνέργειαν.
1517 2032 1708 2102 Ἔστη-

130 2139 225 2174 κεν
262 2124 294 2191 ἡ
344 2121 642 2191 Ἐκκλησία
689 2122 867 2174 διόλου
912 2122 1226 2192 λάμπουσα,
1275 2125 1366 2175 καὶ
1409 2123 1709 2194 πληροῦται

131 2216 218 2266 ἐπ’
254 2214 391 2283 αὐτῇ
418 2213 510 2265 τόδ
548 2213 813 2282 Ἐγένετο
863 2214 1089 2282 ἑσπέρα
1109 2255 1123 2277 ,
1156 2215 1254 2267 καί
1297 2214 1532 2284 ἐγένετο
1563 2216 1712 2284 πρωῒ

128 2304 319 2372 ἡμέρα
350 2304 479 2370 μία.
531 2304 645 2357 Οὺκ
697 2301 843 2374 εἶχεν
880 2307 912 2376 ἡ
965 2306 1058 2372 νὺξ
1100 2307 1323 2368 σκότος,
1366 2310 1429 2378 τῇ
1467 2307 1710 2379 οεο).ογίᾳ

130 2395 493 2463 φωτιζόμενος
514 2396 609 2465 (4).
630 2398 744 2449 Οὐκ
764 2393 907 2467 εἶχεν
928 2398 961 2468 ἡ
992 2397 1087 2463 νὺξ
1111 2398 1330 2460 σκότος·
1351 2397 1427 2467 τῷ
1453 2399 1561 2468 γὰρ
1583 2397 1711 2468 θείῳ

132 2485 290 2556 Λόγῳ
314 2487 694 2558 κατελάμπετο
721 2490 861 2542 κατὰ
881 2488 941 2542 τὸ
970 2489 1255 2563 εἰρημένον
1279 2490 1382 2543 ὑπὸ
1406 2488 1497 2541 τοῦ
1525 2489 1708 2542 Δαϐίόο

134 2578 239 2629 Kal
271 2576 386 2641 νὺξ
414 2578 720 2647 φωτισμός
745 2581 814 2633 ἐν
845 2578 920 2649 τῇ
961 2579 1158 2649 τρυφῇ
1193 2598 1333 2649 μου,
1384 2580 1466 2635 ὅτι
1491 2582 1711 2647 σκότος

134 2673 203 2723 οὐ
234 2669 707 2736 σκοτισθήσεται
752 2672 874 2727 ἀπὸ
912 2673 1052 2736 σοῦ,
1107 2674 1204 2726 καὶ
1254 2673 1370 2737 νὺξ
1414 2677 1495 2738 ὠς
1524 2673 1713 2743 ἡμέρα

135 2763 591 2831 φωτισθήσεται.
625 2766 890 2819 Τοσοῦτον
920 2767 1055 2835 φῶς,
1086 2766 1335 2819 τοσοῦτον
1387 2767 1580 2830 κάλλος
1614 2784 1713 2819 πε-

138 2854 493 2927 ριαπράπτει
527 2858 626 2928 τὴν
663 2859 1010 2929 Ἐκκλησίαν.
1034 2860 1247 2913 Γένοιτο
1272 2860 1329 2912 δὲ
1364 2861 1528 2930 ἡμᾶς,
1560 2859 1716 2913 ἀδελο

136 2950 245 3014 φοὶ,
266 2949 388 3019 Θείᾳ
418 2949 603 3020 χάριτι
637 2951 869 3004 πάντοτε
895 2951 1423 3022 καταλαμπομένους
1461 2951 1539 3022 τῷ
1587 2971 1715 3006 παν-

137 3042 276 3111 ario)
304 3041 421 3111 Θεῷ
452 3041 608 3108 δόξαν
631 3044 971 3114 ἀναπέμπειν
988 3061 1001 3075 ’
1021 3037 1066 3111 ᾧ
1090 3044 1289 3115 πρέπει
1309 3044 1434 3108 δόξα
1461 3044 1558 3098 καὶ
1580 3045 1711 3115 τιμὴ

139 3138 217 3199 είς
243 3136 370 3197 τοὺς
398 3135 624 3200 αξῶνας.
666 3137 858 3208 Ἀμήν.

209 3289 253 3322 ³³
279 3290 411 3346 Gen.
440 3308 477 3356 ι,
515 3291 571 3345 5.
649 3293 694 3324 ³³
729 3292 871 3347 Psal.
921 3308 1182 3360 cxxxvm,
1214 3292 1301 3358 ll,
1332 3293 1431 3347 l2.

210 3444 287 3520 lt)
322 3446 669 3520 ιζξωτιζομένη
714 3458 854 3520 puto
898 3448 1184 3518 legendum
1210 3490 1225 3514 ,
1273 3450 1355 3520 vel
1412 3449 1801 3520 φωτιζόμενον.

1882 1022 1999 1076 Xll.
2034 1022 2189 1075 Nunc
2246 1037 2374 1074 vero
2399 1063 2411 1083 ,
2452 1021 2643 1074 fratres
2665 1060 2679 1084 ,
2725 1018 2894 1089 gloria
2929 1020 3018 1073 illa
3072 1035 3179 1073 non
3213 1021 3387 1076 solum

1813 1135 2059 1174 eremmu
2101 1118 2363 1186 implevit,
2405 1116 2497 1170 sed
2548 1123 2603 1168 et
2643 1115 2827 1167 orbem
2859 1124 3127 1167 terrarum
3167 1114 3389 1168 univer—

1814 1226 1956 1266 sum.
1995 1207 2162 1261 Ilodie
2190 1206 2336 1260 enim
2361 1204 2562 1273 ubique
2589 1211 2859 1256 terrarum
2883 1202 3070 1272 hymni
3099 1210 3151 1256 et
3178 1218 3391 1257 sermo-

1813 1320 1913 1358 nes
1948 1301 2014 1356 de
2046 1302 2172 1355 Deo.
2206 1299 2249 1351 A
2280 1313 2501 1366 vespere
2538 1294 2606 1348 ad
2644 1295 2785 1348 hanc
2832 1311 3005 1364 usque
3059 1295 3248 1349 horam
3279 1306 3391 1351 ste-

1815 1404 2002 1449 terunt
2028 1393 2298 1450 homines.
2330 1400 2385 1444 et
2424 1390 2638 1460 hymnis
2676 1406 2924 1444 somnum
2955 1389 3202 1442 vicerunt
3226 1405 3241 1453 ;
3266 1403 3391 1458 gra-

1812 1490 1887 1541 tia
1909 1485 2225 1555 apparebat,
2254 1492 2307 1536 et
2328 1489 2522 1535 natura
2551 1498 2657 1535 non
2696 1482 3051 1551 arguebatur.
3087 1482 3164 1533 Ac
3194 1480 3391 1534 merito

1811 1595 1962 1634 sane.
1985 1575 2450 1643 Quemadmodum
2482 1575 2627 1627 enim
2654 1574 2857 1626 ferrum
2894 1573 3039 1641 quod
3072 1572 3164 1626 diu
3188 1573 3241 1626 in
3268 1573 3389 1642 igne

1812 1672 1935 1731 fuit,
1989 1669 2134 1740 quod
2170 1668 2387 1738 quidem
2423 1674 2545 1720 erat
2597 1681 2704 1719 non
2758 1666 2992 1735 amplius
3040 1674 3282 1734 apparet,
3336 1674 3391 1720 et.

1812 1762 1959 1833 quod
1986 1778 2091 1817 non
2120 1770 2237 1815 erat
2269 1759 2446 1812 induit
2475 1775 2489 1823 ;
2520 1774 2623 1811 non
2655 1767 2904 1810 naturam
2937 1772 3165 1820 exuens,
3197 1756 3290 1810 sed
3322 1759 3388 1809 ad

2851 1847 2933 1901 sie
2962 1848 3126 1901 etiam
3161 1861 3259 1900 nos
3309 1846 3392 1900 di-

1808 1944 1899 2015 gni
1929 1942 2106 1999 effecti
2153 1951 2346 2001 sancto
2390 1938 2635 2008 Spiritu,
2690 1939 3085 2008 abnegavitnus
3140 1939 3389 2008 corporis

1810 2036 2282 2097 imbecillitatem,
2326 2042 2381 2089 et
2421 2031 2698 2086 induimus
2759 2032 3003 2100 Spiritus
3063 2030 3388 2085 efﬁcaciam.

1812 2129 1974 2183 Stetit
2000 2127 2240 2180 Ecclesia
2273 2143 2369 2195 per
2409 2126 2589 2179 omnia
2642 2122 2855 2193 fulgens
2883 2167 2897 2189 ,
2934 2126 3302 2194 impleturque
3335 2125 3389 2177 iu

1810 2238 1872 2274 ea
1896 2221 2027 2273 illud
2066 2237 2078 2271 :
2108 2217 2233 2271 Fuit
2261 2234 2492 2286 vespera,
2524 2226 2572 2270 et
2607 2217 2708 2286 fuit
2732 2233 2884 2270 mane
2917 2215 3027 2270 dies
3052 2234 3158 2269 una
3180 2217 3247 2271 ³⁸.
3275 2215 3388 2270 Non

1812 2313 2045 2367 habebat
2079 2327 2183 2366 nos
2236 2310 2630 2364 obscuritatem
2676 2310 2775 2379 (ὅ),
2838 2310 3065 2364 assiduo
3117 2309 3388 2362 illustrata

1811 2420 2064 2460 sermone
2085 2404 2152 2457 de
2179 2403 2303 2457 Deo.
2328 2401 2444 2455 Non
2475 2402 2707 2456 habebat
2738 2401 3131 2455 obscuritatem
3160 2398 3381 2454 :diviuo

1811 2496 1954 2550 enim
1981 2494 2761 2563 Verboillustrabatur,juxta
2805 2495 2950 2564 quod
2993 2509 3022 2547 a
3066 2493 3269 2549 Davide
3298 2495 3383 2549 di-

1812 2596 1959 2642 ctum
1993 2596 2110 2641 est:
2139 2586 2204 2639 Et
2234 2602 2338 2638 nox
2367 2586 2688 2640 illuminatio
2721 2588 2773 2639 in
2809 2586 3073 2655 voluptate
3103 2588 3392 2657 mea;quia

1814 2677 2037 2733 tenebra:
2063 2696 2165 2731 non
2200 2677 2557 2735 tenebrescent
2586 2695 2619 2730 a
2656 2688 2725 2740 te,
2751 2687 2799 2731 et
2827 2693 2931 2731 nox
2970 2679 3106 2732 sicut
3129 2677 3238 2731 dies
3271 2676 3392 2731 illa--

1813 2769 2100 2822 minabitur
2130 2770 2196 2821 ³³.
2228 2771 2403 2822 Tanta
2435 2771 2547 2830 lux,
2585 2776 2738 2821 tanta
2780 2768 3132 2836 pulchritudo
3165 2768 3393 2820 circum-

1814 2859 1983 2928 fulget
2020 2858 2298 2915 Ecclesiw.
2344 2859 2639 2928 Contingat
2671 2865 2849 2911 autem
2884 2872 3022 2922 nos,
3055 2856 3275 2923 fratres,
3305 2855 3389 2909 di—

1814 2954 1938 3007 vina
1987 2954 2161 3023 gratia
2217 2967 2435 3022 semper
2498 2951 2799 3004 illustratos
2865 2948 3216 3003 sanctissimo
3277 2946 3388 3001 Deo

1814 3044 2041 3114 gloriam
2087 3043 2314 3099 reddere
2339 3083 2355 3109 ,
2404 3058 2564 3114 quem
2617 3043 2772 3097 decet
2806 3039 2981 3112 gloria
3028 3047 3082 3095 et
3122 3040 3298 3094 honor
3332 3038 3385 3092 in

1816 3138 2034 3201 saecula,
2069 3138 2261 3192 Amen.

210 3516 290 3586 (5)
332 3516 597 3572 Videntur
623 3516 876 3590 vigilasse
906 3534 936 3573 a
960 3516 1200 3589 'vespere
1232 3519 1301 3573 ad
1342 3516 1567 3575 multam
1591 3516 1707 3590 jam
1744 3520 1888 3575 diem
1911 3527 2128 3576 veteres
2158 3521 2214 3574 in
2244 3523 2387 3577 festo
2413 3519 2750 3591 Epiphania.

1068 3891 1174 3950 DE
1218 3888 1612 3963 SEQUENTI
1656 3887 2003 3949 HOMILIA
2046 3887 2445 3948 MONITUM.

1299 4036 1316 4096 (
1344 4034 1438 4084 Mar
1483 4031 1658 4097 Spicil.
1698 4035 1836 4082 Rom.
1865 4033 1926 4093 X,
1974 4047 2021 4096 p.
2052 4033 2162 4081 221.
2190 4034 2205 4091 )

220 4164 279 4223 In
308 4169 481 4224 codice
509 4170 689 4238 prisco
722 4166 1057 4227 Sessoriano,
1082 4167 1393 4220 observante
1427 4163 1494 4220 P.
1524 4166 1797 4227 Amatore,
1824 4178 1918 4216 nec
1954 4178 2057 4214 non
2087 4162 2143 4215 in
2171 4161 2279 4213 alio
2310 4159 2602 4225 exemplari
2634 4157 2858 4210 Itomilia
2882 4165 3057 4211 exstat
3090 4156 3164 4212 De
3193 4155 3385 4214 Kalen-

150 4263 232 4319 dis
263 4264 529 4327 Januarii,
562 4263 648 4315 cui
680 4261 855 4317 sancti
887 4258 1170 4315 Severiani
1201 4273 1390 4311 nomen
1418 4256 1735 4324 inscriptum
1776 4262 1876 4309 est.
1913 4252 2071 4306 Hunc
2104 4267 2198 4321 ego
2227 4265 2543 4314 sermonem,
2584 4249 2729 4317 facta
2762 4248 3072 4313 collatione,
3119 4246 3385 4302 diversum

152 4377 254 4413 esse
282 4359 663 4429 comperiebam
692 4378 725 4413 a
754 4358 1083 4413 sermonibus
1120 4372 1214 4423 per
1250 4355 1461 4409 easdem
1494 4350 1772 4406 Kalendas
1803 4349 1960 4404 dictis
1997 4350 2049 4402 1.
2086 4347 2143 4403 S.
2177 4347 2467 4417 Augustini
2500 4362 2661 4402 serm.
2704 4344 2947 4409 XCVII,
3000 4354 3049 4399 et
3089 4343 3340 4401 XCVIII
3364 4361 3384 4409 ,'

156 4454 205 4505 Ξ.
234 4450 287 4506 S.
304 4451 453 4506 Petri
482 4450 966 4522 Clcrysologiserm.
999 4447 1177 4508 CLV;
1211 4444 1345 4502 5.8.
1376 4444 1643 4499 Ambrosii
1659 4459 1818 4498 serm.
1844 4440 2065 4507 γ11;4.
2098 4439 2156 4495 S.
2180 4439 2376 4494 Asterii
2410 4438 2662 4493 Amaseni
2694 4438 2834 4506 apud
2851 4437 3222 4508 Combeﬁsium
3248 4439 3379 4493 Nov.

156 4551 289 4597 auct.
312 4554 351 4600 t.
379 4542 432 4607 I,
464 4560 517 4612 ρ.
543 4542 860 4616 65(Patrol.
878 4540 969 4596 Gr.
990 4548 1030 4595 t.
1049 4539 1161 4609 XL)
1181 4556 1196 4605 ;
1214 4539 1269 4595 5.
1289 4538 1348 4594 S.
1366 4536 1592 4592 Maximi
1616 4536 1836 4591 Taurin.
1862 4552 2021 4589 serm.
2053 4532 2192 4589 XVI
2206 4533 2291 4598 ;6,
2318 4533 2526 4586 Attonis
2564 4531 2784 4587 Vercell.
2813 4548 2967 4587 serm.
2985 4531 3107 4597 Ill,
3139 4533 3278 4603 apud
3306 4550 3387 4588 me

161 4634 324 4706 Serip.
344 4645 453 4691 vet.
474 4646 514 4689 t.
538 4633 635 4700 νι,
663 4644 805 4705 part.
825 4650 885 4697 ll,
913 4649 965 4702 p.
995 4635 1080 4688 15.
1102 4631 1242 4699 Quid
1262 4648 1466 4702 agerem
1484 4634 1509 4688 7
1529 4629 1739 4685 Satisne
1752 4629 2053 4700 qucesiviuse
2080 4644 2160 4681 me
2186 4626 2249 4680 de
2265 4626 2360 4680 hoc
2392 4626 2591 4693 scripto
2617 4622 2983 4691 crederem,an
3013 4626 3185 4692 ipsum
3214 4624 3384 4679 adhuc

157 4729 442 4796 suspicarer
474 4726 670 4780 alicubi
693 4728 912 4791 editum,
938 4728 1043 4782 sive
1074 4728 1169 4781 sub
1210 4725 1476 4782 Seueriani
1506 4726 1613 4780 sive
1649 4725 1744 4779 sub
1776 4724 2072 4794 cujuspiam
2101 4721 2321 4775 alterius
2352 4720 2599 4775 nomine?
2630 4717 2783 4774 Certe
2811 4718 2875 4772 de
2918 4717 3237 4772 Gabalitano
3263 4723 3375 4790 epi-

157 4835 302 4887 seopo
336 4817 616 4873 Severiano
635 4819 723 4871 vix
745 4816 1078 4890 cogitandum
1107 4817 1378 4887 putabam,
1401 4818 1592 4871 etenim
1614 4814 1810 4869 Latina
1838 4815 2063 4869 elocutio
2094 4814 2219 4868 talis
2251 4822 2349 4877 est,
2390 4830 2507 4883 qua:
2532 4812 2595 4865 de
2628 4808 2809 4865 erco
2840 4810 2983 4877 {ante
3021 4827 3238 4864 manare
3269 4829 3373 4865 non

161 4917 370 4969 ridetur.
414 4912 559 4968 Num
586 4913 818 4970 Severini
860 4915 1034 4983 potius
1062 4929 1249 4968 nomen
1290 4913 1384 4968 sub
1421 4912 1705 4996 Severiapo
1747 4912 1913 4965 latere
1943 4910 2253 4974 arbitrarer,
2286 4926 2406 4979 qua:
2427 4923 2609 4975 reapse
2636 4906 2980 4960 commutatio
3020 4907 3075 4960 in
3114 4907 3382 4963 nonnullis

164 5007 416 5060 codicibus
452 5008 536 5075 ﬁt,
565 5008 655 5059 ubi
678 5008 877 5076 aliquot
910 5006 968 5061 S.
1018 5007 1164 5061 Petri
1202 5006 1513 5077 Chrysologi
1552 5023 1837 5069 sermones,
1869 5005 2027 5059 modo
2058 5004 2305 5058 Severino
2339 5002 2702 5056 inscribuntur
2731 4999 2888 5054 modo
2921 4998 3251 5057 Severiano?
3288 5001 3383 5056 Ve-

164 5110 445 5155 rumtamen
486 5119 547 5155 ne
575 5101 809 5156 Severini
840 5102 1045 5172 quidem
1086 5102 1315 5171 episcopi
1338 5102 1481 5155 ullus
1507 5100 1645 5170 quod
1671 5100 1833 5155 sciam
1865 5115 2036 5153 sermo
2059 5107 2254 5153 exstat.
2313 5094 2456 5150 Nam
2491 5093 2729 5150 Severini
2766 5094 3034 5148 sententiw
3059 5093 3169 5147 illa:
3196 5113 3228 5147 a
3269 5092 3381 5147 Sir-

166 5191 341 5244 mondo
381 5190 517 5261 Opp.
558 5201 599 5244 t.
642 5189 727 5249 Il.
769 5191 944 5252 editaz,
992 5201 1041 5245 et
1090 5210 1122 5245 a
1156 5191 1313 5245 Pezio
1345 5191 1614 5245 Thesaur.
1655 5188 1847 5245 anecd.
1882 5201 1921 5243 t.
1972 5188 2082 5257 IV,
2113 5205 2205 5242 ceu
2234 5189 2447 5243 inedita:
2472 5187 2707 5257 repetitae
2759 5187 3081 5257 (quanquam
3110 5188 3155 5241 is
3201 5199 3381 5255 postea

166 5296 383 5334 errorem
416 5298 569 5336 suum
594 5283 827 5353 agnovit)
853 5282 989 5336 nihil
1009 5283 1198 5336 habent
1225 5282 1361 5352 quod
1387 5280 1456 5335 ad
1484 5282 1620 5333 hunc
1643 5279 1830 5346 referri
1863 5297 2155 5335 sermonem
2182 5290 2358 5351 queat.
2396 5280 2761 5334 Verumtamen
2782 5294 2844 5333 ne
2868 5279 3153 5347 pretiosum
3181 5280 3381 5351 fugien-

173 5377 228 5426 tis
261 5378 371 5431 sine
402 5386 606 5446 tempus
636 5377 693 5431 in
733 5377 832 5432 hac
880 5376 1223 5432 meditatione
1248 5376 1449 5431 diutius
1492 5387 1730 5439 tererem,
1762 5377 1844 5429 hic
1881 5377 2016 5431 velut
2048 5378 2103 5429 in
2145 5375 2267 5429 libri
2304 5377 2500 5447 angulo
2530 5376 2798 5431 eruditum
2831 5374 2967 5429 hunc
2994 5376 3379 5430 sermunculnm

168 5467 408 5524 collocare
435 5470 658 5531 decrevi,
690 5469 754 5525 de
777 5487 876 5542 quo
916 5471 1189 5529 otiosiores
1224 5479 1271 5525 et
1302 5471 1617 5527 curiosiores
1651 5470 1882 5523 homines
1924 5486 2019 5538 pro
2052 5486 2148 5525 sua
2171 5469 2439 5526 industria
2468 5467 2760 5539 disquirent
2786 5477 2835 5524 et
2854 5466 3189 5538 judicabant.
