3976 6332
589 367 651 420 ΞΤ
1520 363 1881 419 SEV‘liillANl
1920 367 2201 422 llOillLlA
2244 370 2331 424 DE
2370 368 2821 427 PYTHONIBUS.
3742 371 3819 423 ρει

605 535 3795 563 .._._____.____________________________.

1446 705 2152 825 SEVERIAN
2165 713 2209 825 Ι
2300 713 2941 828 EPISCOPI

926 939 1452 1032 HOMILIA
1508 942 1654 1032 DE
1713 943 2493 1040 PYTHONIBUS
2545 948 2697 1039 ΕΤ
2749 949 3472 1042 MALEFICIIS.

648 1199 969 1272 Evangelica
1018 1204 1178 1256 modo
1214 1204 1513 1259 claudenda
1549 1206 1710 1262 nobis
1756 1208 1885 1262 tuba
1931 1208 2003 1279 (6)
2034 1219 2139 1275 est,
2172 1228 2213 1280 Α
2243 1213 2398 1281 dunt,
2437 1222 2490 1268 et
2533 1218 2590 1269 to
2624 1213 2720 1267 tali
2750 1212 2961 1267 insania
3014 1211 3333 1277 conﬁdunt;
3364 1220 3557 1282 putant
3604 1209 3803 1266 bonum

578 1293 741 1347 modo
774 1295 988 1349 tacendi
1023 1298 1180 1351 nobis
1213 1305 1343 1351 sunt
1381 1301 1669 1368 apostolici
1705 1316 1922 1363 sensus,
1955 1311 2014 1355 ut
2055 1304 2144 1356 illa
2246 1322 2389 1376 opus
2420 1305 2606 1361 iacere
2638 1304 2765 1369 sibi,
2794 1314 2859 1360 et'
2877 1306 2957 1360 sic
2986 1305 3283 1359 incurrunt
3327 1319 3491 1375 grave
3526 1303 3803 1358 delictum.

580 1395 790 1438 tantum
822 1387 924 1439 lam
948 1389 1228 1444 mtationis
1250 1391 1582 1459 prophetica:
1610 1406 1825 1448 resonet
1848 1396 2142 1461 cantilena,
2252 1395 2387 1463 Quia
2430 1397 2521 1451 ille
2567 1397 2708 1450 inter
2734 1396 2870 1450 tales
2910 1395 3041 1450 deos
3088 1394 3518 1466 magniﬁcentior
3545 1395 3801 1456 creditur,

579 1495 696 1543 qua:
739 1479 871 1531 dicit
907 1497 918 1532 :
961 1478 1211 1534 Obmutui
1247 1490 1298 1535 et
1340 1482 1648 1536 humiliatus
1697 1501 1836 1547 sunt,
1876 1495 1926 1538 et
1956 1487 2081 1539 silui
2112 1505 2143 1539 a
2249 1487 2341 1556 qui
2383 1488 2523 1540 inter
2552 1497 2738 1556 turpes
2769 1486 2979 1555 turpior
3006 1486 3302 1540 invenitur.
3345 1487 3410 1539 Μ
3440 1485 3530 1538 ille
3555 1486 3802 1554 magniﬁ—

579 1569 748 1631 bonis,
779 1584 827 1623 ct
852 1570 1007 1624 dolor
1036 1589 1178 1625 meus
1210 1585 1486 1628 renovatus
1504 1584 1581 1628 est
1611 1575 1676 1628 ".
1709 1574 2028 1630 Renum-tur
2054 1579 2147 1631 do-
2246 1596 2343 1634 cus
2380 1580 2631 1645 habetur,
2670 1594 2831 1647 quem
2884 1592 2985 1646 pro
3026 1576 3375 1632 deformitate
3409 1576 3670 1646 singulari
3710 1591 3804 1646 po-

576 1661 664 1715 lor
698 1665 970 1731 pontilicis
1018 1664 1340 1731 Christiani,
1391 1670 1611 1736 quando
1660 1669 1945 1736 gentilium
1991 1685 2146 1724 error
2248 1673 2615 1744 tnerintipsa
2661 1680 2909 1727 monstra
2942 1672 3151 1725 mirari.
3188 1671 3466 1740 lmpletum
3494 1672 3659 1725 estin
3696 1670 3804 1724 illis

578 1771 678 1808 nec
710 1758 1005 1810 Vclcrescit
1031 1768 1296 1826 tempore,
1327 1774 1427 1812 nec
1445 1768 1597 1812 tanto
1632 1760 1753 1813 fidei
1783 1761 1998 1832 fulgore
2025 1762 2145 1816 dis-
2246 1764 2621 1836 propheticum
2684 1762 3029 1817 maledictum
3078 1780 3093 1817 :
3146 1761 3356 1817 Similes
3396 1764 3506 1817 illis
3551 1764 3684 1833 ﬁant
3715 1765 3805 1834 qui

576 1850 839 1918 pergitur.
866 1851 1004 1904 Ecce
1072 1852 1452 1914 veniuntdies,
1473 1867 1601 1905 ecce
1617 1851 1871 1907 Kalendae
1900 1855 2142 1920 veniunt,
2246 1857 2453 1925 faciunt
2488 1874 2570 1919 ea,
2604 1864 2652 1908 et
2701 1871 2878 1909 omnes
2908 1855 2997 1924 qui
3024 1855 3293 1924 conﬁdunt
3319 1856 3374 1909 in
3403 1856 3476 1909 eis
3503 1856 3572 1910 ³⁸.
3608 1855 3671 1908 Ει
3702 1856 3803 1911 hoc

576 1952 631 1996 et
685 1952 794 1997 tota
829 1944 1137 1997 daemonum
1171 1961 1367 2015 pompa
1422 1948 1688 2016 procedit,
1733 1948 1998 2001 idolorum
2032 1957 2143 2002 tota
2246 1946 2543 2001 Christiani
2576 1945 2785 2008 vident,
2813 1942 3106 2000 Christiani
3134 1954 3451 2015 exspectant
3474 1946 3575 2017 (8),
3607 1947 3806 2000 admit-

579 2036 905 2105 producitur
934 2037 1177 2103 ollicina,
1212 2046 1266 2091 et
1297 2039 1591 2107 sacrilegio
1618 2048 1828 2094 vetusto
1876 2042 2000 2093 anni
2043 2057 2144 2093 no-
2246 2048 2368 2094 tunt
2404 2041 2456 2092 in
2488 2039 2689 2093 domos
2711 2053 2861 2102 suas,
2889 2038 3189 2094 Christiani
3213 2040 3267 2092 in
3296 2039 3552 2093 domibus
3576 2040 3691 2094 suis
3720 2055 3807 2093 re-

578 2132 719 2184 vitas
768 2138 1151 2185 consecratur.
1227 2130 1493 2199 Figurant
1540 2130 1879 2196 Saturnum,
1936 2130 2146 2185 faciunt
2246 2131 2501 2201 cipiunt?
2536 2132 2884 2184 immemores
2935 2128 3081 2183 illius
3106 2129 3388 2198 apostolici
3435 2128 3611 2183 dicti:
3660 2130 3808 2195 Quo-

574 2220 782 2284 Jovem,
821 2222 1053 2274 formant
1082 2220 1396 2283 Herculem,
1429 2229 1715 2289 exponunt
1743 2238 1865 2273 cum
1897 2224 2145 2274 venanti-
2248 2224 2391 2277 niam
2416 2223 2506 2292 qui
2538 2220 2669 2274 talia
2709 2229 2891 2290 agunt,
2923 2219 3069 2289 digni
3092 2228 3213 2272 sunt
3247 2231 3412 2273 morte
3434 2220 3500 2273 ³⁸.

576 2316 680 2369 bus
704 2315 780 2380 (τ)
813 2315 927 2370 suis
959 2313 1210 2375 Dianam,
1241 2313 1668 2366 circumducunt
1697 2311 2001 2366 Vulcanum
2028 2330 2146 2367 ver—
2317 2315 2421 2369 Sed
2463 2316 2606 2368 dicis
2658 2331 2671 2365 :
2724 2312 2828 2377 Qui
2879 2310 3087 2364 faciunt
3119 2326 3203 2375 ea,
3238 2312 3552 2366 moriantur.
3598 2312 3715 2368 Non
3758 2324 3807 2365 te.

580 2408 667 2461 bis
698 2407 1049 2460 anhelantem
1079 2405 1446 2475 turpitudines
1476 2422 1625 2471 suas,
1658 2411 1713 2459 et
1733 2406 1886 2475 plura
1910 2420 2140 2475 quorum
2244 2416 2475 2463 excusat
2499 2420 2681 2461 sermo
2705 2418 2865 2473 quem
2890 2405 3147 2458 voluntas
3177 2412 3422 2470 accusat,
3453 2421 3551 2459 nec
3592 2418 3810 2474 separat

575 2498 704 2566 quia
736 2504 984 2566 portenta
1005 2504 1153 2560 sunt,
1183 2496 1408 2549 nomina
1443 2505 1569 2549 sunt
1612 2495 1872 2559 tacenda;
1908 2509 2140 2563 quorum
2247 2498 2481 2553 omeium
2546 2511 2705 2566 quem
2743 2494 3077 2564 constringit
3124 2502 3177 2548 et
3226 2494 3475 2564 adiungit
3522 2510 3805 2551 assensus.

574 2588 949 2642 deformitates
992 2588 1119 2656 quia
1159 2596 1360 2640 natura
1396 2602 1505 2639 non
1538 2588 1724 2652 habet,
1760 2597 2013 2641 creatura
2043 2603 2141 2640 nc-
2172 2566 2213 2620 Β
2247 2590 2387 2645 Audi
2420 2588 2552 2659 quid
2584 2586 2869 2656 sequitur:
2904 2582 3029 2639 Non
3052 2586 3225 2639 solum
3255 2585 3345 2655 qui
3373 2586 3579 2655 faciunt
3603 2602 3686 2650 ea,
3718 2587 3807 2640 sed

577 2680 701 2742 scit,
750 2682 954 2748 tingere
985 2695 1075 2734 ars
1106 2680 1341 2732 laborat.
1391 2678 1661 2733 Praeterea
1702 2681 2005 2733 vestiuntur
2039 2680 2140 2731 ho-
2242 2692 2291 2737 et
2319 2684 2409 2753 qui
2438 2682 2767 2736 consentiunt
2798 2676 3113 2749 facientibus
3137 2677 3203 2730 ".
3236 2675 3389 2748 Rogo
3413 2694 3531 2742 vos,
3560 2679 3643 2732 vel
3665 2679 3810 2734 inter

578 2771 751 2824 mines
788 2772 842 2824 in
891 2772 1146 2842 pecudes,
1197 2780 1251 2826 et
1306 2773 1360 2825 in
1414 2771 1647 2827 feminas
1698 2772 1846 2826 viros
1901 2780 2137 2837 vertunt,
2242 2776 2383 2829 mala
2424 2782 2643 2827 cessent
2674 2775 2834 2824 mala.
2869 2770 3109 2834 Credite,
3137 2769 3365 2830 credite,
3402 2770 3718 2833 delicerent,
3763 2773 3808 2826 si

578 2862 918 2916 honestatem
966 2863 1168 2927 rident,
1203 2864 1409 2916 violant
1442 2863 1672 2928 judicia,
1717 2881 2004 2918 censuram
2037 2881 2140 2935 pu-
2244 2880 2309 2918 ea
2340 2864 2777 2917 Christianorum
2808 2861 3086 2917 simulatio
3130 2875 3240 2913 non
3268 2860 3527 2915 transiret
3563 2860 3663 2931 (9).
3700 2859 3809 2915 Fu-

579 2953 774 3005 blivam
810 2953 1006 3014 rident,
1041 2956 1276 3007 illinlunt
1310 2955 1515 3007 szcculo
1570 2963 1729 3019 teste,
1760 2963 1813 3007 et
1850 2955 2040 3007 dicunt
2082 2969 2143 3008 se
2243 2956 2354 3024 gite
2387 2955 2513 3017 ista,
2546 2972 2579 3009 ο
2608 2953 2929 3016 Christiani,
2964 2952 3166 3021 fugite;
3189 2950 3427 3005 claudite
3456 2966 3552 3006 vos
3596 2961 3656 3005 ut
3699 2970 3807 3008 non

578 3043 843 3098 facientes
888 3046 991 3097 ista
1041 3045 1237 3112 jocari.
1276 3043 1393 3096 Non
1420 3045 1712 3112 suntjoca,
1744 3045 1837 3096 sed
1868 3054 1995 3097 sunt
2027 3045 2141 3097 cri-
2244 3046 2476 3099 videatis
2523 3046 2651 3097 talia
2687 3044 3055 3107 insanientes;
3086 3042 3321 3097 claudite
3365 3058 3462 3098 vos
3487 3052 3811 3116 vestrasque

579 3135 748 3187 mina.
783 3134 839 3186 In
874 3134 1076 3187 idolum
1121 3134 1542 3202 transﬂgnratur
1574 3135 1755 3187 homo.
1792 3133 1855 3186 Et
1885 3136 1930 3188 si
1966 3138 2045 3189 ire
2074 3135 2141 3189 ad
2248 3136 2459 3198 domos,
2504 3135 2630 3204 quia
2659 3132 2804 3188 Deus
2833 3133 2926 3202 qui
2971 3135 3025 3186 in
3050 3122 3268 3187 occulto
3299 3133 3465 3200 videt,
3498 3134 3807 3191 circumve-

582 3225 725 3279 idola
749 3227 954 3279 crimen
978 3234 1084 3288 est,
1115 3242 1241 3281 esse
1264 3226 1469 3279 idolum
1497 3226 1627 3294 quid
1652 3226 1908 3279 videtur?
1934 3226 2012 3279 Ad
2048 3226 2140 3280 Dei
2246 3228 2352 3281 niri
2385 3242 2492 3280 non
2533 3235 2711 3296 potest
2742 3228 2798 3278 in
2845 3233 3053 3294 aperto.
3085 3223 3263 3290 Exite,
3302 3228 3465 3291 exite,
3495 3229 3640 3281 sicut
3671 3228 3808 3282 dixit

582 3319 871 3388 imaginem
905 3319 1084 3373 factus
1118 3327 1201 3374 est
1243 3319 1423 3373 homo.
1473 3318 1747 3388 Quidquid
1794 3321 1849 3372 in
1884 3328 1935 3373 tc
1979 3320 2142 3388 impie
2250 3318 2545 3388 propheta,
2572 3316 2636 3370 de
2674 3316 2845 3369 medio
2873 3332 3075 3380 eorum,
3118 3324 3168 3369 et
3196 3318 3517 3387 separamini
3542 3318 3607 3370 ab
3633 3320 3734 3383 eis,
3759 3332 3807 3374 ct

584 3408 801 3477 propria
836 3411 1186 3464 deformitate
1215 3410 1484 3474 intuleris,
1522 3410 1586 3462 ad
1622 3408 1716 3462 Dei
1758 3410 2026 3477 pertendit
2058 3412 2142 3463 in-
2245 3426 2308 3464 ne
2331 3408 2657 3461 immundum
2702 3408 2972 3477 tetigeritis
2996 3407 3079 3460 ⁸⁸ε
3116 3414 3177 3460 ut
3204 3408 3424 3462 tandem
3456 3417 3643 3463 nostro
3675 3412 3811 3465 resi-

575 3500 801 3567 jnriam.
831 3500 996 3555 Plane
1024 3519 1130 3555 non
1157 3511 1287 3556 sunt
1318 3503 1432 3555 haec
1456 3517 1846 3571 usquequaque
1877 3513 1968 3555 tua
1995 3512 2139 3564 vota,
2249 3504 2460 3571 piscant
2497 3500 2697 3563 studio,
2732 3499 2826 3569 qui
2868 3499 3133 3554 hactenus
3171 3510 3363 3555 nostro
3407 3501 3650 3554 colludio
3678 3512 3806 3555 sunt

580 3596 674 3647 sed
706 3610 769 3647 ex
814 3607 966 3663 parte
1012 3596 1245 3649 maxima
1276 3604 1406 3649 sunt
1434 3596 1639 3664 judicia
1682 3595 1803 3660 Dei,
1832 3605 1891 3648 ut
1930 3611 2140 3659 eorum,
2246 3592 2479 3662 decepti.
2518 3590 2710 3662 Fugite
2739 3608 2872 3663 ergo
2910 3593 3213 3648 daemonica
3252 3593 3382 3658 ista,
3421 3594 3467 3649 si
3493 3593 3673 3647 divina
3704 3595 3806 3649 de-

578 3702 815 3756 quorum
870 3703 963 3756 per
992 3687 1162 3741 Deum
1195 3692 1336 3757 perit
1383 3688 1582 3751 cultus,
1616 3703 1712 3756 per
1745 3701 1795 3743 te
1817 3689 2141 3743 sweulorum
2246 3684 2501 3738 sideratis
2527 3682 2738 3738 audire.

580 3779 935 3847 pertendatur
972 3788 1024 3833 et
1054 3791 1270 3833 maneat
1300 3777 1605 3849 turpitudo.

2315 3796 2456 3850 Exin
2474 3797 2814 3851 continuatur
2834 3798 2889 3850 in
2910 3813 3013 3851 uno
3029 3814 3057 3851 e
3081 3797 3369 3861 codicibus,
3397 3809 3647 3867 tanquam
3678 3815 3804 3868 pars

650 3870 892 3940 Namque
922 3872 1112 3926 talium
1148 3874 1376 3928 deorum
1409 3873 1575 3929 facies
1597 3881 1655 3925 ut
1686 3871 1985 3942 pernigrari
2016 3887 2142 3942 pos-
2170 3899 2213 3954 ο

2245 3890 2481 3957 prwdicti
2504 3891 2760 3944 sermonis
2791 3891 2866 3944 sic
2895 3907 2913 3943 :
2938 3889 3262 3959 Quanquam
3291 3905 3400 3943 non
3420 3889 3663 3943 dubitem
3684 3907 3799 3954 vos,

581 3963 712 4026 sint,
742 3964 907 4018 carbo
952 3964 1173 4030 delicit;
1205 3974 1260 4019 et
1296 3976 1352 4019 ut
1381 3981 1572 4019 eorum
1614 3965 1831 4018 habitus
1852 3964 2013 4033 pleno
2045 3980 2143 4019 cu-

2244 3982 2580 4047 cbarissimi,
2617 3997 2710 4051 per
2750 3991 3031 4052 paternam
3071 3981 3517 4047 sollicitudinem,
3553 3990 3685 4049 etc.,
3714 3982 3802 4052 qui

582 4055 821 4109 muletur
870 4055 1118 4118 horrore,
1156 4058 1346 4125 paleae,
1393 4058 1582 4126 pelles,
1627 4055 1817 4124 panni,
1874 4064 2141 4119 stercora,

2244 4072 2481 4127 videlicet
2520 4082 2597 4126 est
2621 4071 2680 4128 S.
2704 4071 2930 4125 Maximi
2957 4088 3127 4125 sermo
3149 4071 3383 4126 decimus
3408 4080 3583 4124 sextus
3609 4071 3661 4123 in
3695 4070 3802 4125 Ro-

580 4153 695 4197 toto
729 4145 930 4198 saeculo
968 4146 1391 4214 perquiruntur;
1425 4153 1479 4200 et
1522 4143 1788 4215 quidquid
1822 4152 1907 4198 est
1949 4144 2141 4199 confu-

2246 4180 2406 4217 mana
2441 4164 2605 4217 Brutti
2643 4165 2889 4228 editione,
2921 4178 3193 4232 perperam
3221 4163 3278 4215 in
3305 4161 3478 4217 codice
3504 4178 3620 4215 cum
3651 4160 3804 4217 Sere-

582 4234 758 4288 sionis
784 4234 1053 4297 humanae,
1084 4236 1137 4287 in
1164 4251 1352 4289 eorum
1384 4234 1522 4291 facie
1549 4236 1870 4291 collocatur.
1899 4234 1962 4287 Et
1986 4235 2143 4305 pejus
2247 4256 2399 4309 τίαηο
2428 4265 2722 4310 omnem“.

580 4336 875 4391 operantur
893 4324 984 4394 qui
1012 4333 1209 4396 gyrant
1238 4327 1468 4381 bestiola
1497 4341 1599 4380 sua
1627 4326 1720 4380 ubi
1747 4324 1925 4394 ignem
1947 4338 2145 4380 accen-

650 4478 697 4512 “
729 4477 877 4534 Psal.
910 4496 1137 4546 xxxvtu,
1168 4484 1222 4538 5.
1300 4482 1344 4514 ³⁵
1385 4482 1531 4540 Psal.
1556 4496 1711 4550 cxni,
1748 4485 1804 4539 8.
1892 4486 1938 4517 ³⁸
1973 4484 2133 4541 Rom.
2167 4501 2205 4552 ι,

1997 4485 2133 4541 tom.
2167 4501 2205 4552 1,
2238 4483 2327 4540 32.
2367 4481 2409 4512 ⁸⁷
2448 4481 2576 4536 ibid.
2652 4482 2698 4513 ⁸³
2737 4484 2843 4538 lsa.
2880 4498 2972 4547 LII,
3006 4482 3178 4546 11;"
3211 4482 3336 4537 Cor.
3373 4500 3448 4547 vr,
3481 4485 3567 4537 i7.

650 4637 727 4707 (6)
771 4638 828 4692 ln
859 4640 964 4694 alio
990 4638 1179 4695 codice
1203 4639 1354 4694 lectio
1388 4653 1484 4710 pro
1520 4637 1664 4693 tuba.
2315 4635 2391 4710 (δ)
2427 4636 2503 4710 lla
2535 4635 2694 4691 codd.
2728 4651 2831 4710 pro
2854 4646 3113 4705 spectant,
3147 4644 3207 4692 ut
3227 4638 3380 4693 alibi.

649 4710 727 4781 (7)
762 4711 933 4765 Codd.
978 4711 1339 4766 cernentibus.
1389 4706 1405 4710 “
1508 4734 1518 4745 ·
2319 4706 2391 4777 (9)
2432 4706 2634 4777 Nempe
2664 4706 2929 4762 toleraret.

1584 5052 2233 5144 SEVERIANI
2288 5050 2815 5142 HOMILIA

641 5255 726 5314 De
762 5251 989 5333 sigillis
1028 5251 1361 5322 librorum,
1387 5256 1447 5311 et
1476 5247 1797 5327 quomodo
1828 5250 2033 5311 Filius
2062 5250 2248 5388 Pqtri,
2283 5251 2464 5311 Pater
2494 5250 2661 5312 Filio
2692 5248 2934 5323 oderat,
2971 5266 3042 5312 ac
3070 5248 3148 5313 de
3175 5250 3523 5316 Servatoris
3574 5248 3773 5313 incar-

2042 5346 2320 5388 naione.

2042 5346 2320 5391 natione.

1019 5496 1143 5552 Vide
1176 5497 1311 5551 inter
1343 5496 1515 5566 Opera
1541 5494 1599 5552 S.
1626 5494 1852 5551 Joannis
1880 5492 2237 5564 Chrysostomi
2265 5502 2458 5548 nostra:
2486 5494 2751 5560 editionis,
2777 5503 2901 5551 tam.
2930 5491 3075 5562 XII,
3099 5492 3200 5550 col.
3226 5492 3352 5551 539.
