3974 6332
72 408 129 459 39
1055 418 1487 478 THEOPUILUS
1539 423 1718 478 ALEX

1740 426 1903 478 tNDit
1916 468 1928 481 .
1974 426 2371 485 EPISCOPUS.

959 762 1311 826 EIUSDEM
1356 767 1701 831 HOMILIA
1748 770 2065 832 CONTRA
2105 774 2449 835 JUDASOS.

1230 928 1357 984 Vide
1385 933 1473 985 ubi
1500 949 1684 1003 supra,
1713 944 1842 992 tam.
1867 934 1939 999 Χ,
1962 936 2063 991 col.
2091 939 2214 993 795.

88 1145 3290 1181 ____________________________________________

948 1331 1486 1421 EJUSDEM
1570 1335 1701 1424 SE
1721 1337 2207 1430 RMONES
2309 1343 2475 1434 XV

517 1547 610 1606 E1
642 1545 1000 1607 Armenicis
1027 1546 1652 1611 codicibusVenetiis
1686 1568 1855 1614 anno
1882 1555 2057 1628 1827,
2089 1564 2349 1619 curante
2369 1559 2686 1635 Auchero,
2718 1563 2896 1625 editi.

547 1705 675 1764 Vide
700 1711 770 1763 ad
802 1726 996 1769 armum
1031 1727 1191 1779 supra
1218 1715 1450 1783 positum
1481 1714 1697 1782 hujusce
1734 1715 2067 1786 Patrologia:
2107 1721 2295 1773 seriem
2325 1737 2465 1775 mere
2504 1720 2853 1779 Orientalem.

78 1930 3268 1966 Ἦ

1374 2130 1546 2172 ANNO
1590 2130 1821 2173 DOMINI
1869 2132 2039 2174 CDXII

837 2252 2555 2597 THEOPHILUS

708 2753 1804 2870 ALEXANDRINUS
1888 2711 2665 2877 EPISCOPUS

1406 3197 1915 3290 NOTITIA

807 3388 1092 3452 (Guttam,
1124 3388 1353 3438 Veterum
1375 3389 1577 3437 Patrum
1599 3384 1846 3448 Biblioth,
1873 3393 1907 3436 t.
1932 3387 2038 3449 νη,
2066 3389 2287 3452 Prnleg.,
2324 3404 2373 3452 p.
2401 3391 2569 3454 um.)

1653 3586 1721 3597 -ο

136 3727 172 3782 l.
213 3727 458 3799 Longum
492 3736 640 3784 esset
679 3729 761 3784 ire
790 3744 886 3801 per
915 3730 1147 3800 singula,
1183 3744 1305 3800 qua:
1334 3729 1403 3785 de
1446 3728 1625 3787 Theo-
1662 3744 1704 3800 Α
1737 3734 1897 3788 Anno
1960 3733 2180 3789 circiter
2242 3733 2347 3790 39‘2
2409 3728 2652 3803 synodus
2710 3729 2971 3799 Capuana
3024 3732 3095 3786 ob
3161 3731 3308 3789 sedis

78 3822 214 3893 pbilo
243 3820 504 3876 Ecclesia:
526 3821 909 3877 Alexandriam
929 3823 1174 3878 antistite
1202 3833 1415 3878 veteres
1440 3822 1637 3881 litteris

77 3915 360 3970 tradidere.
400 3913 594 3984 Neque
626 3916 800 3971 nostri
851 3914 1068 3971 demum
1107 3916 1347 3972 instituti
1388 3917 1532 3971 ratio
1580 3915 1637 3970 id

78 4007 290 4074 patitur,
319 4004 453 4074 quin
493 4012 547 4059 et
578 4004 648 4060 ab
678 4005 946 4075 ejusmodi
977 4021 1204 4062 munere
1233 4022 1514 4077 pensoque
1543 4006 1638 4061 ab-

81 4098 329 4153 solvendo
353 4114 458 4153 nos
484 4098 737 4168 prohibet
761 4099 1003 4166 omnino,
1031 4115 1156 4153 cum
1192 4108 1382 4155 nostra
1406 4109 1638 4155 tantum—

81 4188 232 4242 modo
278 4188 520 4252 intersit,
556 4202 617 4242 ea
669 4189 979 4244 summatim
1011 4189 1296 4259 attingere,
1339 4204 1460 4259 qua:
1498 4198 1636 4244 tem-

83 4280 218 4346 poris
240 4280 583 4334 notationem
610 4279 884 4350 praecipue
914 4280 1239 4350 respiciunt.
1262 4281 1420 4336 Anno
1451 4281 1634 4351 itaque

84 4370 177 4425 385
217 4371 458 4427 Arcadio
494 4371 742 4440 Augusto
792 4372 1030 4442 primum
1082 4380 1137 4427 et
1170 4371 1415 4429 Bautone
1461 4388 1631 4439 coss.,

84 4472 200 4519 teste
230 4466 463 4520 Socrate
504 4464 601 4535 (a),
638 4463 855 4520 sublato
914 4479 979 4519 ex
1031 4464 1136 4522 hac
1188 4466 1311 4521 lucc
1343 4464 1634 4521 Timotheo

83 4554 141 4608 de
162 4571 264 4625 quo
310 4556 565 4625 superius
595 4556 756 4611 verba
785 4555 1039 4615 fecimus.
1071 4571 1262 4612 mense
1296 4555 1441 4612 Julio
1490 4555 1633 4612 desi-

84 4655 242 4712 nente,
274 4646 612 4717 Theophilus
641 4647 931 4702 sacerdotii
962 4648 1491 4703 administrationem
1509 4663 1633 4704 sus—-

82 4742 225 4810 cepit.
268 4741 350 4796 Eo
399 4740 640 4795 instante
681 4748 844 4810 atque
878 4740 1156 4796 adnitente
1197 4739 1446 4796 funditus
1477 4741 1629 4798 exci-

82 4846 185 4887 sam
212 4832 629 4889 celeberrimum
668 4831 954 4903 Serapidis
985 4833 1244 4903 templum
1272 4852 1286 4889 :
1324 4833 1469 4903 quod
1495 4850 1629 4889 con-

82 4925 247 4995 tigisse
279 4939 431 4978 anno
458 4924 559 4978 591
591 4925 848 4994 pluribus
880 4924 1121 4980 ostendit
1142 4923 1344 4995 Pagius
1367 4924 1464 4994 (ὁ).
1493 4924 1649 4998 ΒιιειηΔ

84 5015 182 5069 fuse
224 5015 551 5071 describunt
592 5030 706 5086 prae
745 5015 960 5069 caeteris
994 5012 1362 5069 Theodoritus
1396 5014 1488 5083 (ι’),
1524 5013 1625 5067 So-

1743 3825 2126 3881 Alexandrina:
2174 3829 2505 3896 praecipuam
2557 3823 2615 3877 in
2663 3820 2884 3878 Oriente
2927 3824 3310 3880 auctoritatem

1742 3916 1920 3986 ipsum
1980 3916 2181 3986 delegit
2224 3916 2293 3970 ad
2343 3913 2782 3985 componendum
2824 3914 3111 3970 dissidium
3167 3916 3310 3969 inter

1741 4008 2061 4063 Flavianum
2085 4018 2139 4064 et
2170 4008 2483 4079 Evagrium,
2513 4007 2742 4063 Paulino
2782 4006 3071 4060 demortuo
3110 4007 3164 4060 in
3188 4007 3306 4075 epi-

1740 4112 1966 4174 scopatu
2010 4103 2354 4157 Antiocheno
2402 4102 2727 4158 sulIectum:
2777 4100 2897 4167 ejus
2935 4108 3113 4152 tamen
3162 4099 3309 4167 judi-

1739 4196 1884 4249 cium
1912 4193 2204 4249 Flavianus
2230 4192 2518 4247 admittere
2542 4190 2735 4246 noluit.
2756 4189 2873 4254 Qua
2900 4188 2967 4243 de
2999 4205 3057 4243 re
3082 4198 3308 4244 sanctus

1738 4282 2061 4337 Ambrosius
2096 4282 2165 4336 ad
2203 4282 2453 4337 eumdem
2489 4279 2852 4349 Theophilum
2895 4279 3143 4334 scribens
3183 4278 3255 4351 (g)
3290 4300 3304 4333 :

1738 4369 1860 4426 Non
1899 4370 2084 4436 habet,
2124 4370 2343 4441 inquit,
2393 4368 2532 4440 quod
2572 4380 2759 4438 urgeat
2803 4367 3103 4439 Euagrius;
3157 4369 3307 4423 habet

1734 4464 1873 4537 quod
1935 4473 2136 4518 metuat
2188 4462 2508 4529 Flavianus,
2562 4460 2778 4532 ideoque
2830 4461 3021 4531 refugit
3065 4475 3303 4517 examen.

1734 4556 1873 4611 Deut
1901 4555 2098 4625 fratres
2137 4555 2342 4609 veniam
2366 4553 2543 4607 dolori
2574 4554 2748 4621 justo,
2772 4554 2898 4622 quia
2933 4563 3144 4620 propter
3165 4552 3305 4621 ipsos

1733 4651 2008 4703 universus
2043 4647 2184 4702 orbis
2213 4646 2548 4712 concutitur;
2594 4655 2643 4700 et
2672 4645 2751 4705 illi
2788 4655 2959 4699 tamen
2988 4654 3166 4699 nostro
3202 4660 3305 4699 non

1732 4738 2124 4806 compatiuntur
2153 4735 2350 4791 dolori.
2381 4736 2545 4795 Plura
2574 4736 2705 4791 item
2747 4738 2895 4805 legas
2928 4736 3070 4805 apud
3104 4738 3303 4790 Socra-

1733 4840 1839 4884 tem
1883 4830 1958 4901 (Ιι)
1989 4838 2044 4885 et
2088 4828 2453 4885 Sozomenum
2487 4829 2572 4899 (i).
2607 4827 2860 4891 Interfuit
2888 4837 3150 4897 praetorea
3175 4843 3307 4883 cou-

1732 4923 1860 4976 cilio
1887 4921 2515 4991 Constantinopolitano,
2546 4919 2829 4975 desinente
2866 4935 3011 4975 anno
3043 4920 3147 4974 594
3174 4935 3305 4975 coa-

1733 5025 1840 5078 cto,
1872 5015 1962 5068 ubi
1988 5014 2175 5085 Agapii
2207 5024 2260 5067 et
2284 5013 2502 5081 Bagadii
2533 5013 2907 5066 contmversia
2930 5011 2997 5066 de
3019 5011 3299 5066 Bostrensi

80 5114 235 5162 crates
269 5105 349 5178 (ὀ)
397 5113 452 5162 et
480 5106 820 5161 Sozomenus
849 5106 918 5176 (e)
956 5125 969 5160 :
1000 5121 1176 5176 neque
1204 5107 1272 5161 de
1307 5106 1619 5176 liujusmodi
1656 5105 1698 5159 Β
1725 5106 2041 5174 episcopatu
2076 5104 2296 5174 agitata.
2362 5102 2574 5159 Videsis
2628 5102 2895 5167 Zonaram
2931 5102 2997 5176 (j)
3031 5110 3085 5155 et
3112 5103 3302 5155 Balsa-

83 5196 302 5253 iaciuore
357 5198 512 5255 siluit
540 5196 822 5269 Eunapius
866 5198 954 5269 (η.
988 5199 1198 5254 Exinde
1235 5213 1365 5253 vero
1414 5198 1624 5268 profani

83 5290 240 5345 cultus
287 5289 561 5345 idolorum
600 5290 861 5361 reliquias
898 5282 1001 5359 per
1046 5288 1344 5362 Egyptum
1407 5290 1624 5344 delevit.

135 5498 207 5565 (α)
240 5496 471 5568 _Socrat.
504 5494 811 5568 Hist._eccl.
834 5496 948 5568 lib.
973 5513 1027 5561 γ,
1064 5513 1186 5568 cap.
1221 5498 1309 5550 12.

135 5570 206 5636 ib)
238 5566 371 5637 Pagi
410 5566 476 5619 ad
503 5581 632 5637 ann.
660 5566 787 5629 589,
827 5565 854 5636 §
895 5567 964 5619 12
989 5584 1102 5637 seq.

137 5635 199 5708 te)
232 5635 688 5708 Theodoram“.
721 5638 848 5690 εισι.
884 5637 977 5690 lib.
1020 5635 1082 5702 νζ
1103 5654 1224 5708 cap.
1250 5638 1340 5694 22.

139 5706 209 5838 Sd)
250 5707 466 5791 §ocrat.
503 5706 598 5786 lib.
628 5724 682 5772 ν,
718 5722 839 5775 cap.
875 5707 959 5761 16.

160 5779 205 5836 el
242 5781 462 5832 bozom.
492 5777 589 5832 lib.
626 5792 724 5837 vu.
760 5793 881 5838 cap.
917 5777 959 5831 ll

160 5779 205 5847 ι)
242 5780 462 5832 Sozom.
492 5777 589 5847 l_i_b.
626 5792 724 5837 vu.
760 5793 881 5847 cap.
917 5777 983 5831 15

144 5845 202 5919 ll)
238 5848 449 5917 Eunap.
498 5845 600 5903 Vit.
635 5845 844 5919 philosf
865 5862 986 5917 cap.
1022 5846 1074 5915 4,
1108 5863 1229 5919 pag.
1268 5848 1362 5912 64,
1393 5862 1505 5916 ειη.

1734 5213 1949 5253 monem
1982 5196 2076 5268 (It).
2118 5195 2366 5262 Quatuor
2402 5204 2525 5266 post
2561 5211 2732 5251 annos
2766 5193 3299 5263 ConstantinOpolim

1738 5290 1999 5344 remeavit
2020 5287 2089 5342 ad
2111 5288 2550 5358 inaugurandum
2572 5296 2821 5344 sanctum
2842 5285 3106 5341 Joannem
3132 5286 3302 5358 Chry-

1796 5496 1871 5571 (g)
1908 5495 2097 5571 gmbr.
2127 5497 2288 5571 epist.
2319 5497 2407 5559 56,
2434 5496 2462 5568 §
2490 5495 2702 5571 l,_0pp.
2736 5508 2871 5571 tom.
2896 5496 2958 5571 ll,
2991 5512 3113 5571 pag.
3138 5494 3297 5553 1006.

1797 5565 1873 5640 (lt)
1907 5566 2121 5640 §ocrat.
2153 5565 2298 5640 Hist.
2334 5565 2462 5623 eccl'.
2497 5565 2679 5640 lib_.__‘v‘,
2706 5583 2826 5640 cap.
2858 5569 2944 5624 15.

1796 5636 1861 5708 (i)
1903 5635 2120 5708 δοκοίη.
2152 5639 2247 5708 lib.
2282 5654 2379 5701 vn,
2403 5653 2523 5708 cap.
2559 5637 2644 5708 15.

1796 5706 1863 5778 (j)
1903 5706 2098 5761 Zonar.
2130 5709 2184 5763 in
2221 5707 2382 5772 Cau.,
2424 5706 2548 5778 pag.
2582 5707 2706 5762 525.

1797 5775 1867 5848 (Ir)
1909 5778 2143 5833 Balsam.
2185 5782 2239 5833 in
2271 5775 2437 5844 Can.,
2471 5775 2593 5851 pag.
2631 5778 2752 5833 76l.
