3974 6332
641 411 701 465 Si
1624 396 1986 452 THILOPHILI
2029 394 2217 448 EPISC

2322 394 2330 447 l
2361 394 2478 447 ΑΗ
2495 388 2819 447 XANDRINI
2968 411 2974 417 ’
3781 393 3845 448 52

634 526 938 578 sostomum
993 513 1048 569 in
1081 514 1229 568 illius
1257 512 1419 583 regiae
1461 511 1615 566 urbis
1662 511 1948 580 praesulem
2004 524 2195 563 recens
2228 516 2268 567 Α
2301 522 2376 558 Sis
2419 521 2511 558 seu
2548 502 2902 572 ltiospolitani
2953 490 3029 553 ad.
3071 499 3321 556 eumdem
3374 499 3733 570 Theophilum,
3766 521 3853 558 nec

632 616 866 670 electum
896 628 911 663 :
941 623 1099 678 quem
1126 615 1307 659 tamen
1347 605 1604 673 deinceps
1632 603 1831 657 acriter
1852 610 1936 656 est
1965 601 2200 654 insecta-

632 715 741 770 tus,
784 713 837 755 et
859 702 914 754 in
954 699 1165 771 synodo
1198 696 1493 763 Quercensi
1529 711 1673 749 anno
1702 694 1807 748 405
1835 701 2200 747 exauctoran-

632 799 762 852 dum
813 794 1044 848 curavit.
1099 790 1339 860 Denique
1372 788 1635 856 lethargia
1682 793 1971 855 correptus
2012 799 2203 853 supre-

633 903 779 941 mum
805 885 947 938 diem
986 884 1185 937 clausit
1214 897 1359 934 anno
1395 880 1519 942 412,
1554 880 1737 934 Idibus
1786 876 2062 939 Octobris,
2095 875 2203 930 Ho-

637 979 794 1031 norio
821 975 889 1029 IX
921 986 973 1029 et
1001 973 1312 1028 Theodosio
1344 970 1388 1025 V
1426 987 1596 1035 coss.,
1627 977 1687 1025 ut
1733 970 1916 1025 scribit
1950 968 2202 1023 Socrates

634 1064 760 1133 (a):
811 1065 1056 1135 adeoque
1101 1074 1243 1120 totos
1272 1079 1423 1119 xxvu
1477 1078 1649 1117 annos
1713 1070 1930 1130 tresque
1987 1073 2203 1113 menses

638 1162 782 1216 haud
810 1161 1111 1229 completos
1141 1158 1438 1212 Ecclesiam
1476 1157 1620 1210 rexit
1648 1152 2093 1208 Alexandrinam.

706 1253 767 1309 Il.
813 1254 1106 1322 Complura
1170 1252 1369 1306 litteris
1419 1250 1776 1320 consignasse
1818 1245 2200 1314 Theophilum,

636 1359 747 1401 tum
786 1361 852 1398 ex
893 1345 960 1398 iis
998 1361 1118 1414 quae
1169 1343 1460 1397 hodienum
1527 1341 1743 1409 integra
1774 1347 2054 1407 superant,
2088 1342 2203 1388 tum

634 1453 764 1490 vero
788 1453 852 1491 ex
880 1452 1070 1490 eorum
1099 1435 1416 1505 fragmentis
1454 1448 1575 1503 quae
1615 1430 2033 1491 interciderunt,
2063 1425 2206 1497 apud

635 1535 846 1581 veteres
882 1525 1143 1590 servatis,
1194 1522 1567 1592 intelligimus.
1616 1521 1819 1575 Ilorum
1854 1528 2035 1573 autem
2067 1532 2205 1587 pra:-

638 1620 795 1687 ripua
838 1625 1046 1669 tantum
1093 1615 1332 1668 breviter
1371 1614 1459 1667 hic
1503 1612 1944 1668 recensebimus;
1999 1609 2207 1678 reliqua

636 1727 768 1765 vero
804 1709 1294 1780 prtetermittimus,
1330 1707 1753 1763 internoscenda
1787 1721 1851 1759 ex
1894 1703 2209 1771 inscriptio-

639 1804 800 1859 nibus
857 1819 976 1866 qua:
1026 1801 1208 1855 fontes
1260 1800 1512 1869 aperiunt
1542 1798 1687 1852 unde
1739 1797 1832 1850 illa
1865 1795 2206 1865 potissimum

643 1898 950 1949 hausimus.
1004 1893 1194 1962 Itaque
1229 1892 1372 1945 inter
1426 1889 1710 1961 Theophili
1750 1889 1953 1957 scripta
2006 1885 2210 1953 princi-

640 2002 760 2057 pem
795 1986 974 2039 locum
1006 1985 1215 2038 obtinet
1235 1984 1357 2050 ejus
1390 1982 1590 2053 Cyclus
1622 1981 1894 2052 paschalis
1954 1977 2210 2048 quadrin-

638 2087 912 2148 gentorum
948 2074 1234 2129 octodecim
1258 2089 1538 2134 annorum,
1575 2082 1635 2126 ut
1687 2071 1763 2124 ait
1817 2070 2073 2140 Cyrillus,
2109 2083 2209 2122 au-

640 2170 812 2222 ctoris
852 2184 1022 2235 nepos
1055 2175 1110 2221 et
1159 2181 1448 2220 successor
1489 2164 1586 2233 (b).
1635 2162 1808 2228 Quam
1856 2161 2076 2231 quidem
2118 2175 2211 2230 pe-

640 2261 852 2314 riodum
908 2260 1211 2329 paschalem
1265 2257 1560 2312 Theodosii
1620 2256 1798 2327 Magni
1857 2266 2045 2325 rogatu
2081 2270 2212 2308 con-

641 2356 833 2416 texuit,
860 2368 984 2407 cum
1010 2352 1249 2405 nondmn
1276 2358 1422 2405 esset
1448 2350 1761 2419 episcopus,
1792 2346 2077 2417 eidemque
2104 2346 2214 2398 Au-

640 2460 801 2515 gusto
830 2444 1053 2499 dicavit.
1081 2442 1150 2496 At
1180 2459 1309 2495 vero
1333 2458 1395 2495 ne
1419 2441 1555 2510 forte
1592 2450 1665 2493 tot
1717 2455 1977 2492 annorum
2032 2454 2217 2507 conge-

643 2540 745 2591 ries
781 2548 871 2592 aut
906 2536 1184 2601 fastidium
1213 2532 1577 2603 cognoscendi,
1602 2540 1694 2584 aut
1724 2532 1992 2601 pigritiam
2022 2528 2218 2583 deseri-

643 2630 796 2683 bendi
822 2627 1134 2699 quibusdam
1163 2624 1395 2693 afferret,
1430 2622 1750 2677 laterculum
1782 2633 1996 2675 centum
2047 2635 2219 2674 anno-

641 2736 763 2777 rum
815 2719 1117 2788 composuit
1163 2734 1196 2770 a
1242 2715 1412 2785 primo
1444 2731 1582 2768 anno
1633 2712 1939 2766 consulatus
1974 2711 2217 2781 ejusdem

644 2813 970 2876 Theodosii,
1006 2809 1214 2865 Christi
1242 2805 1450 2877 vulgari
1489 2805 1616 2869 580,
1646 2805 1864 2858 initittm
1896 2804 2121 2868 ducens,
2162 2811 2222 2856 ut

644 2924 708 2963 ex
743 2907 933 2963 eodem
977 2903 1181 2974 (Iyrillo
1220 2899 1504 2955 erudimur
1529 2898 1622 2967 (ο).
1654 2896 1730 2952 De
1765 2896 2082 2964 hujusmodi
2123 2910 2222 2948 au-

646 3009 751 3053 tem
787 2994 1075 3063 TheOphili
1120 2991 1275 3062 cyclo
1319 2997 1374 3043 et
1439 2986 1724 3050 laterculo,
1768 2994 1963 3055 praeter
2014 2985 2224 3038 Buche-

649 3090 791 3141 rium
827 3085 903 3157 (ά)
935 3093 988 3137 et
1005 3078 1410 3135 Tillemontium
1434 3076 1528 3149 (e),
1557 3076 1714 3146 plura
1737 3075 1949 3130 erudite
1970 3074 2222 3129 observat

648 3177 887 3231 Joannes
922 3172 1038 3227 Van
1066 3172 1163 3226 der
1184 3168 1400 3239 Haagen
1432 3170 1487 3222 in
1520 3167 1781 3237 peculiari
1814 3166 2219 3230 dissertatione,
2251 3200 2294 3258 ο

651 3284 811 3338 quam
869 3267 972 3320 hoc
1029 3264 1096 3319 de
1163 3267 1483 3333 argumento
1556 3258 1906 3327 conscripsit.
1963 3258 2226 3330 Superest

652 3363 947 3414 etiamnum
970 3357 1231 3422 Prologus
1255 3368 1413 3423 quem
1437 3359 1630 3406 auctor
1652 3351 1766 3405 sive
1791 3368 1892 3406 suo
1930 3353 2084 3422 cyclo
2111 3352 2228 3408 sive

654 3451 912 3506 laterculo
974 3448 1203 3519 praefixit
1234 3465 1247 3501 :
1284 3445 1512 3513 ejusque
1551 3440 1737 3497 Graeca
1779 3458 1842 3497 ex
1881 3441 2102 3499 Petavio
2137 3445 2224 3515 (ι’),

653 3550 891 3596 veterem
933 3554 1063 3594 vero
1117 3537 1426 3593 versionem
1471 3549 1540 3588 ex
1593 3532 1813 3587 laudato
1856 3533 2120 3590 Bueherio
2154 3538 2227 3606 (g)

658 3634 1067 3702 descripsimus.

730 3723 814 3776 Ill.
856 3722 1143 3793 Theophili
1178 3723 1425 3792 epistolis
1466 3721 1860 3793 superstitibus
1896 3718 2087 3773 Edicta
2138 3735 2230 3771 ca-

660 3818 846 3870 nonica
879 3814 925 3866 X
951 3825 1006 3869 et
1041 3830 1293 3884 responsa
1316 3812 1403 3877 III,
1440 3829 1563 3868 cum
1594 3812 1934 3867 Balsamonis
1964 3825 2235 3864 commen-

664 3909 820 3963 tariis
850 3906 1214 3977 praemisimus
1238 3945 1251 3967 .
1287 3922 1355 3961 ex
1386 3904 1677 3959 Pandectis
1709 3918 1981 3956 canonum
2006 3901 2235 3956 Bevere-

663 4002 733 4070 gii
763 4005 1046 4070 desumpta
1081 3999 1177 4069 (Ii).
1214 3997 1362 4052 Inter
1398 3996 1660 4067 epistolas
1689 4008 1820 4048 vero
1864 3991 2051 4046 statim
2106 3990 2237 4044 sub-

659 4102 832 4160 jectas
879 4093 968 4146 illa
1015 4091 1239 4154 eminet,
1266 4104 1430 4160 quam
1466 4095 1655 4142 auctor
1698 4082 2005 4138 Palaestinis
2044 4089 2098 4135 et
2129 4080 2237 4151 Cy-

670 4182 803 4251 priis
835 4182 1140 4249 inscripsit;
1186 4182 1281 4235 ubi
1334 4182 1492 4251 plura
1536 4178 1607 4234 de
1661 4175 1916 4246 Origenis
1952 4173 2236 4228 erroribus

669 4273 909 4327 disserit.
936 4269 1087 4323 Hanc
1115 4280 1295 4324 autem
1330 4273 1616 4339 epistolam
1658 4267 1838 4337 magni
1869 4281 2001 4321 sane
2034 4264 2238 4319 ducen-

670 4364 816 4427 dam,
843 4378 906 4416 ex
938 4367 1252 4431 pervetusto
1280 4359 1697 4416 Mediolanensis
1746 4377 1851 4415 ms.
1894 4358 2240 4412 bibliotheca:

671 4454 1044 4510 Ambrosiam:
1072 4451 1283 4523 primus
1321 4466 1351 4503 e
1383 4450 1627 4504 tenebris
1651 4452 1793 4502 eruit
1831 4447 2238 4503 eruditissimus

2302 612 2408 650 non
2467 596 2740 650 Anastasii
2790 609 2939 663 papa:
2991 593 3060 645 ad
3107 591 3506 660 Simplicianum
3558 594 3850 663 epistolas:

2301 703 2438 755 quas
2470 702 2657 740 omnes
2688 701 2811 739 cum
2844 692 3069 739 sanctus
3106 683 3466 755 Ilieronymus
3492 683 3647 739 Latio
3685 686 3853 741 reddi-

2302 779 2463 840 derit,
2499 787 2556 831 ut
2582 779 2808 847 ipsemet
2828 778 3055 831 innuere
3076 776 3291 831 videtur
3321 777 3382 847 (ί)
3406 816 3421 839 ,
3459 779 3713 832 laudatus
3738 777 3852 830 Val-

2302 870 2504 924 larsius
2552 870 2793 923 insuam
2844 867 3089 922 Doctoris
3124 870 3343 921 maximi
3398 866 3634 937 Operam
3675 870 3856 923 editio-

2302 976 2427 1016 nem
2456 960 2659 1015 invexit
2695 960 2782 1031 (ἱ).
2822 959 3027 1016 Exinde
3059 974 3187 1014 vero
3228 970 3339 1015 tres
3372 976 3583 1029 priores
3608 970 3855 1027 epistolas

2304 1052 2453 1121 prelo
2482 1050 2884 1121 consignandas
2917 1052 3249 1119 accepimus,
3283 1060 3476 1119 quarta
3507 1062 3855 1104 Anastasiaua

2304 1142 2666 1213 prmterinissa
2711 1158 2875 1211 quam
2924 1140 3052 1194 alibi
3089 1150 3274 1210 postea
3318 1140 3723 1204 exhibebimus;
3775 1140 3858 1192 lis-

2304 1251 2408 1305 que
2438 1243 2594 1288 notas
2623 1232 2995 1287 Vallarsianas
3030 1241 3211 1287 textus
3244 1232 3482 1286 litteram
3514 1231 3858 1300 respicientes

2306 1325 2656 1393 subjecimus,
2704 1325 2955 1393 pauculis
2979 1324 3188 1378 nostris
3232 1323 3476 1377 intextis.

2379 1433 2476 1487 Hic
2507 1449 2670 1504 porro
2700 1433 2844 1488 haud
2885 1442 2969 1489 est
2998 1432 3382 1497 omittendum,
3423 1432 3769 1487 existimasse
3799 1436 3865 1486 cl.

2307 1531 2565 1585 editorem
2621 1528 2691 1599 (Ir)
2742 1528 3011 1597 ejusmodi
3066 1526 3351 1597 Theophili
3416 1527 3705 1597 epistolam
3757 1542 3868 1581 esse

2312 1622 2481 1691 ipsam
2521 1621 2665 1674 illam
2703 1620 3041 1691 synodieam,
3079 1635 3241 1689 quam
3267 1619 3335 1673 ab
3378 1634 3437 1674 se
3482 1618 3653 1674 fuisse
3694 1617 3869 1672 Latine

2315 1712 2584 1767 redditam
2631 1712 2822 1766 scribit
2874 1720 3097 1766 sanctus
3129 1709 3513 1781 Hieronymus,
3552 1710 3644 1764 ubi
3674 1710 3748 1764 si:
3773 1709 3866 1780 (1;:

2311 1803 2478 1869 Duas,
2508 1803 2813 1874 synodicam
2841 1812 2890 1856 et
2936 1800 3235 1872 paschalem
3264 1800 3377 1870 ejus
3420 1800 3748 1871 (Theophili)
3778 1804 3871 1870 epi-

2310 1898 2476 1950 stolas
2503 1906 2688 1949 contra
2713 1895 2986 1966 Origenem
3012 1891 3258 1964 illiusque
3278 1893 3638 1965 discipulos—
3666 1912 3758 1965 per
3788 1898 3871 1948 hoc

2312 1983 2473 2051 ferme
2508 1982 2771 2035 biennium
2813 1982 3189 2049 interpretatus
3217 1998 3369 2043 sum,
3393 1991 3445 2035 et
3487 1983 3541 2036 in
3581 1984 3872 2053 a'diﬁcatio-

2313 2090 2429 2127 nem
2455 2071 2706 2127 Ecclesia:
2722 2072 2963 2143 legendas
2996 2083 3190 2127 nostra:
3210 2072 3403 2144 linguae
3428 2074 3726 2129 hominibus
3744 2074 3874 2129 dedi.

2314 2164 2513 2220 Verum
2541 2165 2660 2234 ejus
2691 2165 3019 2219 sententiam
3068 2165 3190 2219 aliis
3230 2167 3412 2221 minus
3432 2166 3713 2239 probatam
3738 2181 3879 2219 com-

2316 2256 2578 2325 perimus.
2605 2253 2805 2309 Noster
2838 2262 2987 2309 certe
3030 2253 3393 2326 Hieronymus
3427 2255 3494 2310 de
3517 2253 3684 2310 Prato
3724 2256 3875 2324 pluri-

2315 2347 2419 2401 bus
2448 2361 2548 2399 nec
2590 2346 2799 2400 levibus
2829 2348 3167 2417 argumentis
3211 2362 3331 2401 eam
3378 2346 3689 2401 infirmasse
3732 2350 3875 2402 novi-

2316 2454 2438 2492 mus
2473 2439 2568 2506 (m)
2606 2454 2620 2491 :
2657 2438 2818 2507 eique
2851 2439 3112 2508 deinceps
3128 2437 3422 2494 adluesisse
3461 2440 3636 2493 virum
3669 2439 3881 2494 doctum

2316 2524 2473 2579 Joan.
2500 2524 2699 2581 Franc.
2718 2525 3051 2580 Bel-nardum
3075 2527 3144 2581 de
3167 2528 3372 2583 Hubeis
3402 2528 3757 2599 intelligimus
3790 2530 3877 2600 (η).

2318 2618 2490 2683 Quam
2537 2616 2757 2687 quidem
2814 2618 3266 2690 disceptationem
3311 2619 3436 2675 aliis
3480 2618 3880 2689 dijudicandam

2320 2712 2699 2780 relinquimus.

2391 2861 2480 2915 IV.
2520 2862 2842 2932 Hujnsmodi
2875 2871 3056 2920 autem
3091 2864 3545 2937 Theophilensem
3577 2866 3879 2937 epistolam,

2321 2957 2637 3026 encyclicam
2684 2958 2868 3027 potius
2906 2974 3070 3027 quam
3104 2962 3411 3029 synodicam
3436 2960 3672 3017 fortasse
3715 2961 3884 3032 appel-

2320 3044 2560 3109 landam,
2586 3053 2701 3100 tres
2735 3046 3013 3115 excipiunt
3040 3048 3316 3117 paschales
3353 3050 3592 3119 epistolce
3625 3066 3882 3107 annorum

2324 3132 2450 3195 401,
2485 3133 2590 3188 402
2612 3141 2665 3189 et
2697 3134 2821 3189 404.
2855 3136 3081 3191 Constat
3137 3139 3280 3192 enim
3337 3139 3607 3194 antistites
3659 3138 3885 3195 Alexan-

2327 3226 2515 3281 drinos
2559 3226 2626 3280 de
2658 3242 2810 3281 more
2854 3227 3005 3283 illius
3043 3226 3298 3283 Ecclesiae
3343 3230 3661 3299 quotannis,
3682 3242 3885 3300 peracto

2329 3315 2745 3385 Epiplianiorum
2767 3314 2869 3381 die,
2904 3325 2962 3372 ut
2985 3318 3162 3389 inquit
3181 3319 3478 3375 Cassianus
3509 3319 3603 3391 (ο),
3638 3322 3887 3392 epistolas

2328 3407 2705 3477 promulgasse
2741 3407 2807 3461 ad
2840 3407 3080 3463 solemne
3101 3406 3386 3464 Paschatis
3413 3417 3628 3479 tempus
3647 3409 3889 3465 indicen-

2328 3501 2456 3555 dum
2482 3539 2497 3561 ,
2534 3499 2803 3568 paschales
2847 3509 3164 3569 propterea,
3216 3500 3333 3555 sive
3367 3501 3529 3555 etiam
3571 3501 3892 3571 quandoque

2332 3591 2543 3661 [estates
2570 3591 2746 3645 dictae.
2791 3589 2900 3646 Has
2926 3606 3054 3645 vero
3079 3590 3366 3661 TheOphili
3397 3592 3655 3663 epistolas
3688 3591 3892 3647 Latinis

2332 3682 2556 3736 auribus
2588 3681 2813 3737 donavit
2853 3687 3081 3737 sanctus
3121 3679 3484 3753 Hieronymus
3506 3722 3523 3748 ,
3559 3687 3727 3753 atque
3759 3684 3892 3737 inter

2333 3774 2452 3843 ejus
2478 3789 2642 3843 opera
2667 3774 2988 3844 plerumque
3013 3774 3473 3830 circumferuntur
3494 3776 3619 3841 ;sed
3646 3775 3701 3829 in
3726 3776 3895 3833 omni-

2334 3868 2435 3921 bus
2476 3867 2657 3928 editis,
2710 3868 2757 3922 si
2788 3865 3187 3922 Vallarsianum
3217 3867 3481 3938 excipias,
3521 3868 3714 3923 ordine
3762 3884 3895 3938 prae-

2334 3966 2552 4029 postero
2578 3958 2729 4013 fuere
2751 3960 3055 4030 dispositae.
3078 3960 3448 4015 Inversionem
3477 3961 3686 4031 primus
3703 3961 3895 4016 detexit

2335 4052 2800 4107 eminentissimus
2831 4050 3083 4108 Norisius
3130 4051 3205 4122 (ρ)
3228 4092 3244 4118 ,
3281 4053 3373 4123 qui
3404 4051 3631 4123 proinde
3660 4054 3896 4123 singulas

2339 4147 2457 4203 suis
2484 4146 2643 4202 annis
2676 4154 2935 4202 accurate
2958 4146 3215 4203 restituit.

2407 4267 2589 4322 Prima
2621 4269 2826 4337 itaque,
2856 4269 3015 4338 cujus
3044 4276 3126 4323 est
3162 4266 3469 4329 exordium,
3502 4266 3783 4322 Christum
3810 4264 3894 4319 Je-

2339 4374 2455 4411 sum
2488 4357 2793 4421 Dominum,
2819 4359 2922 4412 sub
2950 4358 3110 4411 finem
3152 4356 3362 4411 Pascha
3407 4357 3598 4413 indicit
3626 4357 3895 4413 celebran-

2340 4454 2468 4509 dum
2490 4455 2579 4510 die
2610 4470 2702 4509 xix
2728 4455 2935 4510 mensis
2983 4452 3302 4507 Pharmuthi
3331 4453 3486 4521 juxta
3522 4454 3707 4524 cyclos
3741 4452 3875 4522 IEgy

674 4546 974 4600 Vallarsius
1007 4563 1021 4599 :
1058 4545 1216 4613 eique
1254 4550 1513 4613 praeterea
1554 4557 1623 4596 ex
1654 4538 1841 4595 eodem
1895 4541 2084 4597 codice
2124 4547 2238 4596 tres
2270 4543 2315 4599 D
2343 4549 2505 4617 ptios,
2558 4561 2753 4616 nempe
2803 4545 2945 4615 apud
2984 4543 3208 4599 Latinos
3254 4544 3409 4613 juxta
3464 4545 3895 4615 supputationem

675 4635 809 4688 alias
840 4632 1089 4699 attexuit,
1119 4632 1187 4686 ad
1216 4630 1460 4686 eamdem
1492 4645 1712 4686 causam
1749 4629 2115 4699 pertinentes;
2156 4632 2240 4683 ni-

676 4728 872 4781 mirum
905 4725 973 4779 ad
1002 4723 1397 4794 praecedentem
1429 4720 1714 4793 Theophili
1743 4722 2023 4793 epistolam
2048 4722 2240 4792 synodi

662 4808 1183 4889 'Hierosolymitana:
1233 4831 1578 4888 responsum,
1610 4815 1963 4888 Dionysiique
2008 4815 2239 4869 Lidden-

752 4978 824 5049 (a)
871 4976 1082 5049 Socrat.
1107 4976 1252 5031 Hist.
1285 4976 1539 5049 eccl._lib.
1566 4991 1661 5040 vn,
1686 4990 1807 5044 cap.
1842 4975 1891 5049 7_.

862 5048 1050 5119 Cyrill.
1097 5049 1252 5104 Alex.
1291 5050 1349 5102 in
1400 5043 1811 5119 pI'OIeg:_ItlIlIl.
1857 5045 1910 5108 2,
1945 5044 2087 5114 apud
2136 5043 2241 5098 Bu-

680 5116 832 5174 cher.
878 5116 953 5173 De
983 5118 1154 5172 doctr.
1192 5128 1369 5187 temp.,
1404 5132 1523 5185 pag.
1557 5116 1671 5170 482.

755 5189 827 5260 (c)
870 5189 946 5242 Id.
988 5190 1119 5241 ihid.
1150 5205 1355 5260 numm.
1390 5188 1425 5240 2
1448 5195 1500 5240 et
1524 5188 1576 5239 6.

756 5257 835 5327 (tt)
871 5260 1100 5313 Bucher.
1136 5259 1211 5311 De
1244 5260 1413 5311 doctr.
1466 5269 1619 5323 temp.
1654 5272 1776 5327 pag.
1816 5257 1917 5307 129
1953 5272 2104 5324 seqq.

759 5326 825 5397 (ei
868 5328 1081 5381 Tillem.
1121 5327 1278 5381 Mem.
1330 5327 1455 5380 eccl.
1510 5338 1640 5383 tom.
1682 5326 1773 5387 XI,
1839 5344 1995 5398 pagg.
2041 5327 2145 5381 M39
2193 5334 2245 5379 et

685 5400 812 5452 030.
842 5410 956 5451 not.
985 5398 1023 5449 Υ
1055 5414 1147 5451 sur
1182 5399 1479 5466 'I'lie'opiiile.

758 5468 824 5536 tn
860 5467 1042 5522 Petav.
1098 5468 1175 5521 De
1210 5469 1378 5520 doctr.
1414 5479 1565 5536 temp.
1606 5479 1736 5520 tom.
1766 5467 1831 5529 ll.
1862 5482 1982 5535 pag.
2015 5466 2141 5521 50!.

763 5540 835 5607 (g)
878 5537 1107 5592 Bucher.
1140 5540 1172 5589 l.
1205 5556 1255 5591 c.
1293 5555 1412 5607 pag.
1458 5538 1704 5591 471475.

787 5606 841 5677 Ii)
885 5607 1069 5661 Bever.
1103 5608 1275 5661 Pand.
1311 5606 1441 5661 (Ian.
1484 5618 1614 5666 tom.
1651 5608 1712 5667 II,
1743 5623 1897 5677 pagg.
1934 5606 2177 5660 170-173.

790 5676 831 5747 ἑ)
873 5677 1092 5747 Hieron.
1122 5680 1212 5731 lib.
1245 5695 1258 5731 ι
1286 5682 1504 5747 Apolog.
1525 5692 1690 5732 contr.
1719 5677 1894 5746 litt/in.
2009 5678 2087 5740 I2,
2116 5678 2247 5745 Opp.

699 5746 838 5826 me:
882 5746 945 5826 [ἐν
972 5764 1094 5826 ρης·
1123 5749 1251 5826 46$:
1434 5798 1452 5826 -

776 5818 844 5893 (1')
888 5813 1116 5874 Vallars.
1153 5819 1281 5874 edit.
1320 5813 1539 5877 Hieron.
1579 5818 1769 5886 loni.l,
1804 5834 1959 5890 pagg.
1993 5813 2249 5873 531-552.

2341 4640 2609 4699 Julianam
2634 4639 2722 4693 die
2766 4652 2855 4690 xlv
2886 4636 3130 4706 Aprilis:
3166 4650 3273 4706 qua
3304 4650 3435 4691 sane
3457 4637 3547 4691 die
3576 4637 3632 4690 in
3660 4635 3895 4691 Ecclesia

2341 4730 2584 4829 Romapa
2615 4730 2944 4785 celebratum
2978 4739 3062 4785 est
3092 4730 3289 4784 festum
3325 4730 3581 4800 paschale
3604 4745 3750 4785 anno
3774 4730 3895 4785 401.

2343 4824 2493 4894 cyclo
2509 4819 2651 4878 solis
2680 4838 2833 4884 xvnt,
2865 4821 3005 4876 lunae
3037 4837 3121 4884 In,
3150 4822 3255 4875 litt.
3282 4820 3433 4875 Doni.
3470 4820 3528 4873 F.
3561 4819 3684 4875 Haec
3723 4828 3895 4874 autem

2416 4976 2605 5049 (k)rld.
2652 4975 2859 5049 praefat.
2902 4976 2968 5030 ad
3013 4985 3143 5029 tom.
3176 4974 3400 5049 IL‘pag.
3442 4973 3714 5049 20.,_nur_n.
3851 4980 3897 5025 et

2343 5043 2623 5118 pag.'557.
2657 5043 2713 5099 in
2769 5058 2883 5100 not.
2932 5055 2986 5101 et
3024 5055 3157 5100 tom.
3214 5043 3322 5106 XI;
3356 5043 3423 5097 in
3483 5043 3586 5097 Vit.
3636 5043 3699 5098 S.
3750 5043 3894 5097 Hier.

2348 5135 2504 5189 pagg.
2524 5118 2798 5189 "185-188.

2417 5182 2742 5311 (Q‘SHieron.
2805 5187 2900 5240 lib.
2945 5202 3003 5238 ιιι
3053 5196 3221 5239 contr.
3260 5184 3437 5253 Ruﬁn.
3470 5182 3497 5255 ς
3535 5183 3621 5249 16,
3663 5195 3793 5238 tom.
3836 5182 3894 5243 ll,

2347 5275 2399 5323 po
2419 5275 2620 5399 (ἤδη.
2644 5312 2709 5381 de
2732 5326 2897 5380 Prato
2918 5322 3147 5379 Dissert.
3166 5340 3217 5378 vt
3243 5325 3311 5376 ad
3343 5322 3543 5391 Sulpic.
3570 5325 3687 5378 Sev.
3711 5332 3840 5377 tom.
3859 5320 3896 5384 l,

2348 5398 2502 5467 pagg.
2539 5398 2644 5451 277
2674 5414 2825 5465 seqq.

2350 5462 2495 5591 "1031)
2537 5468 2595 5523 Β.
2625 5468 2692 5524 de
2719 5462 2856 5523 Hui).
2897 5466 3120 5518 Dissert.
3156 5463 3219 5516 de
3244 5462 3421 5531 Ila/in.
3467 5480 3587 5534 cap.
3624 5465 3710 5528 15,
3744 5479 3894 5533 pagg.

2504 5555 2652 5591 seun.

2383 5543 2452 5594 00
2504 5555 2652 5606 seqq.

2421 5560 2452 5591 υ
2504 5560 2652 5607 seqq.

2421 5611 2490 5679 to)
2532 5605 3016 5679 CassianL‘Collat.
3046 5606 3291 5679 10,__cap.
3324 5604 3380 5659 ἓ.

2421 5673 2495 5749 (p)
2537 5678 2713 5749 Neris.
2747 5676 2885 5749 Ηὶειἐ
2926 5674 3104 5749 Pelag.
3139 5674 3231 5728 lib.
3272 5691 3332 5749 i,_
3356 5688 3473 5743 cap.
3507 5675 3560 5728 Ξ.
3595 5683 3655 5749 et
3680 5673 3896 5727 Dissert.

2352 5751 2413 5803 de
2444 5744 2616 5802 sanet.
2652 5747 2809 5800 Siric.
2851 5745 2944 5812 Pp.
2983 5744 3118 5813 Opp.
3154 5754 3284 5797 tom.
3319 5744 3372 5804 1,
3398 5759 3562 5815 pagg.
3599 5746 3668 5801 9.0
3722 5758 3897 5815 seqq..

2355 5830 2407 5875 et
2439 5832 2565 5874 tom.
2604 5816 2691 5883 IV,
2733 5832 2887 5887 pagg.
2918 5816 3020 5869 7‘26
3051 5832 3199 5884 seqq.
3233 5814 3362 5869 edit.
3398 5813 3592 5868 Veron.
