3974 6332
119 346 182 401 55
1578 341 1803 397 CANON
1812 342 1910 398 ES.
3289 342 3360 404 Ἠ

117 459 402 528 Theophili
436 459 671 529 epistola
702 459 755 513 in
793 459 1029 531 vulgatis
1072 460 1409 516 editionihus
1456 460 1685 514 secunda
1718 465 1762 518 Α
1794 460 2130 528 paschalium
2199 458 2444 513 crdinem
2506 474 2534 511 a
2594 457 2810 511 Norisio
2867 460 2985 513 viro
3042 461 3360 516 doctissimo

118 566 395 617 perperam
433 551 703 622 signatur.

182 632 441 698 Secunda
460 657 625 713 porro
645 658 767 713 quae
798 643 994 714 incipit
1027 661 1040 698 :
1067 642 1309 697 Primum
1341 644 1692 698 solemnitatis

117 744 353 803 augusti:
375 751 529 789 servo
552 733 785 800 divinus,
812 751 1041 806 qumque
1072 745 1228 791 antea
1258 737 1399 790 male
1439 737 1494 790 in
1528 737 1691 791 editis

116 835 372 896 tanquam
405 826 583 895 prima
623 826 952 893 habebatur,
975 826 1187 882 Pascha
1214 828 1457 883 futurum
1489 828 1693 883 denun-

116 918 209 970 tiat
229 917 322 971 die
350 932 407 969 ιι
434 916 641 972 mensis
675 914 1019 981 Pharmuthi,
1046 918 1099 972 id
1126 926 1210 973 est
1237 919 1388 987 juxta
1426 920 1688 988 epocham

117 1007 388 1063 Julianam
423 1008 513 1063 die
537 1025 592 1062 vr
620 1007 825 1079 Aprilis
862 1028 876 1063 :
911 1024 1017 1078 qua
1049 1008 1268 1078 quidem
1311 1009 1398 1063 die
1428 1025 1457 1062 a
1483 1009 1691 1063 Latinis

120 1117 257 1155 anno
291 1101 425 1164 402,
466 1101 743 1171 paschalia
776 1102 916 1157 festa
947 1110 1166 1172 peracta
1197 1111 1346 1166 sunt,
1383 1103 1536 1173 cyclo
1561 1104 1691 1158 solis

121 1209 229 1256 nx,
266 1194 416 1248 luna:
450 1210 525 1260 tv,
559 1194 663 1248 litt.
707 1192 863 1248 Dom.
892 1192 955 1246 E.

184 1284 376 1339 Tertia
411 1284 649 1355 denique
668 1285 976 1355 incipiens:
1024 1285 1182 1339 Nunc
1210 1302 1407 1357 quoque
1444 1285 1535 1340 Dei
1579 1287 1691 1341 viva

119 1376 422 1442 sapientia,
474 1375 689 1431 Pascha
742 1376 994 1446 designat
1039 1378 1404 1449 peragendum
1455 1379 1542 1432 die
1577 1393 1687 1432 xxii

119 1465 367 1534 ejusdem
404 1466 610 1522 mensis
642 1465 964 1521 Pharmuthi
1001 1486 1015 1521 :
1061 1482 1233 1536 eaque
1273 1468 1361 1522 die
1391 1483 1535 1522 anno
1577 1470 1692 1523 bis-

120 1556 299 1610 sextili
325 1554 435 1610 404
455 1557 792 1611 celebratum
819 1556 923 1612 fuit
953 1558 1108 1628 cyclo
1133 1558 1265 1613 solis
1293 1574 1409 1622 XXI,
1442 1559 1585 1613 lunae
1615 1576 1689 1625 vr,

122 1646 319 1702 litteris
344 1644 504 1701 Dom.
528 1646 596 1708 C.
622 1645 682 1701 Β.

188 1742 367 1808 Atque
406 1740 478 1792 ita
526 1740 749 1808 quidem
803 1742 968 1797 trium
1010 1740 1295 1812 Theophili
1335 1744 1690 1812 epistularum

1792 553 2101 606 restilulum
2144 552 2315 605 secuti
2347 565 2538 604 sumus
2571 559 2691 619 post
2720 548 3067 614 Vallarsium,
3110 570 3173 605 ex
3201 555 3359 621 cujus

1789 643 2059 697 recensita
2100 641 2345 695 editione
2392 640 2811 710 llieronymiaua
2861 655 2954 694 eas
3007 643 3355 711 protulimus.

1788 734 2100 803 Adjecimus
2153 742 2415 802 praeterea
2484 732 2799 786 earumdem
2857 734 3208 801 epistolarum
3253 736 3360 787 fra-

1791 831 2006 893 gmenta
2040 824 2248 882 Graeca.
2294 839 2401 877 non
2449 822 2624 877 solum
2649 838 2711 876 ex
2752 822 2952 893 Cyrillo
2995 824 3361 878 Alexandrino

1791 931 1852 968 ac
1910 913 2278 976 Theodorito.
2324 930 2507 969 verum
2563 914 2727 969 etiam
2775 931 2841 969 ex
2903 914 3100 970 Cosma
3145 917 3357 970 Indico—

1791 1007 2001 1075 pleuste
2032 1005 2317 1075 desumpta
2352 1026 2365 1061 :
2400 1007 2545 1076 quod
2589 1007 2789 1061 nemini
2823 1007 3088 1062 hactenus
3119 1008 3363 1062 animad-

1790 1114 2028 1152 versum.
2066 1099 2265 1153 Adhwc
2299 1115 2365 1154 ex
2405 1100 2545 1153 actis
2573 1101 2790 1154 concilii
2828 1101 3082 1170 Epliesini
3118 1102 3227 1155 duo
3256 1101 3359 1155 alia

1792 1190 1978 1246 Grmca
2014 1191 2313 1261 fragmenta
2359 1208 2427 1247 ex
2481 1191 2725 1260 ejusdem
2786 1191 3074 1263 Theophili
3115 1194 3361 1264 epistolis

1792 1285 2141 1354 paschalibus
2174 1302 2205 1339 ν
2261 1294 2315 1340 et
2341 1302 2393 1340 v1
2425 1296 2677 1357 excerpta
2715 1287 3077 1343 subdidimus.

1861 1376 1993 1443 Qua:
2040 1393 2170 1431 vero
2218 1393 2359 1447 pone
2401 1379 2811 1450 subsequuntur
2850 1381 3115 1451 epistolae,
3147 1381 3362 1453 aliaque.

1792 1484 1857 1521 ex
1895 1469 2139 1523 auctoris
2179 1470 2354 1525 nostri
2404 1472 2663 1540 operibus
2709 1472 3011 1542 deperditis
3045 1473 3207 1527 simul
3242 1473 3360 1527 col-

1792 1563 1928 1616 lecta
1980 1562 2311 1633 fragmenta.
2360 1580 2597 1619 necnon
2651 1566 2823 1635 ipsius
2853 1566 3304 1636 apophthegmata
3344 1584 3359 1620 :

1793 1654 1926 1717 haec,
1961 1654 2206 1723 inquam,
2228 1655 2408 1708 omnia
2438 1656 2580 1710 unde
2595 1656 2704 1710 sint
2734 1657 2949 1710 demum
2993 1658 3205 1722 hausta,
3244 1660 3361 1715 loca

1793 1746 1998 1815 ubique
2020 1747 2333 1815 singillatim
2370 1755 2786 1816 priemonstrata
2821 1749 3113 1804 docebunt.

1302 2160 2177 2309 ΘΕΟΦΙΛΟΥ

844 2434 1764 2524 ΑΡΧΙΕΠΙΣΚΟΠΟΥ
1819 2430 2641 2528 ΑΛΕΞΑΝΔΡΕΙΑΣ

1201 2677 2274 2795 ΠΡΟΣΦΩΝΗΣΙΣ

852 2915 984 2971 ΤΩΝ
1022 2916 1223 2970 APION
1261 2913 1647 2970 ΘΕοΦΔΝΙΩΝ
1686 2913 2127 2972 ΕΠΙΣΤΑΝΤΩΝ
2159 2920 2250 2973 EN
2287 2920 2625 2992 ΚΥΡΙΑΚῌ.

913 3271 1617 3402 EDICTUM
1716 3278 2581 3403 THEOPHILI

1208 3533 1733 3592 ARCHIEPISCOPI
1773 3536 2266 3603 ALEXANDRINI,

558 3736 720 3798 CUM
766 3737 1070 3800 SANCTA
1117 3737 1643 3800 THEOPHANIA
1696 3738 1778 3799 IN
1832 3741 1968 3801 DIE
2004 3742 2405 3805 DOMINICO
2448 3745 2899 3807 INSTARENT

193 4045 294 4099 Καὶ
328 4043 395 4097 τὸ
435 4039 574 4106 ἔθος
612 4040 689 4109 (l)
724 4041 822 4095 καὶ
864 4041 930 4094 τὸ
979 4041 1206 4109 πρέπον
1245 4043 1403 4113 ἡμᾶς
1451 4047 1689 4101 ἀπαιτεῖ

1859 4049 1927 4102 Et
1960 4067 2071 4103 mos
2099 4059 2147 4102 et
2180 4050 2422 4104 honestas
2460 4067 2491 4102 a
2519 4050 2665 4103 nobis
2693 4049 2870 4119 exigit,
2902 4056 2959 4100 ut
2992 4062 3191 4099 onmem
3221 4046 3358 4099 diem

126 4135 325 4191 πᾶσαν
359 4131 671 4201 Κυριακὴν
694 4131 888 4202 τιμᾷν,
921 4136 1018 4187 καὶ
1042 4135 1111 4186 ἐν
1145 4137 1328 4205 ταύτῃ
1358 4142 1685 4209 πανηγυρί-

129 4226 256 4293 ζειν,
282 4223 611 4293 ἐπειδήπερ
640 4225 709 4278 ἐν
735 4226 917 4292 ταύτῃ
945 4228 977 4279 ό
1001 4227 1213 4293 Κύριος
1243 4227 1413 4296 ἡμῶν
1456 4230 1683 4296 Ἰησοῦς

131 4322 375 4389 Χριστὸς
414 4319 530 4386 τὴν
572 4319 641 4372 ἐκ
678 4318 905 4386 νεκρῶν
945 4318 1282 4373 ἀνάστασιν
1327 4321 1471 4391 ἡμῖν
1512 4323 1683 4391 ἐπρυ-

133 4411 398 4464 τὰνευσε.
449 4408 545 4462 Διὸ
595 4407 695 4461 καὶ
743 4408 813 4461 ἐν
861 4408 990 4474 ταῖς
1031 4408 1211 4477 ἱεραῖς
1253 4412 1303 4465 Γ
1298 4412 1548 4480 ραφαῖς,
1590 4414 1684 4468 καὶ

134 4502 320 4567 πρώτη
347 4499 655 4567 κέκληται,
676 4500 756 4565 ὡς
782 4499 936 4569 ἀρχὴ
967 4498 1113 4568 ζωῆς
1144 4502 1288 4571 ἡμῖν
1310 4503 1685 4573 ὑπάρχουσα,

134 4595 218 4647 καὶ
242 4592 452 4662 ὀγδόη,
493 4592 594 4645 ἅτε
632 4592 1065 4659 ὑπερϐεϐηκυῖα
1096 4592 1205 4646 τὸν
1234 4595 1353 4650 τῶν
1397 4596 1690 4651 Ἰουδαίων

134 4684 554 4753 σαϐϐατισμόν.
603 4682 756 4736 Ἐπεὶ
792 4678 908 4737 οὖν
940 4683 1167 4753 συνέϐη
1211 4686 1327 4754 τὴν
1357 4685 1475 4741 τῶν
1508 4689 1690 4751 ἁγίων

136 4774 469 4842 Θεοφανίων
498 4770 791 4840 νήστιμον
818 4772 1049 4840 ’ἡμέραν
1084 4771 1235 4829 εἶναι
1266 4777 1510 4843 ταύτην,
1534 4779 1691 4831 οἱκο-

133 4868 482 4933 νομήσωμεν
500 4904 514 4928 ,
568 4863 663 4916 καὶ
738 4864 888 4931 πρὸς
941 4864 1233 4933 ἑκατέρων
1282 4866 1690 4935 ἐπιστημόνως

132 4957 508 5025 χωρήσωμεν,
551 4955 652 5009 ἵνα
674 4955 1228 5025 μεταλαμϐάνοντες
1252 4958 1470 5028 ὀλίγων
1503 4960 1691 5027 φοινί-

134 5064 259 5114 κων,
300 5049 677 5117 ἐκκλίνωμεν
717 5047 837 5117 ἅμα
879 5048 979 5101 καὶ
1022 5049 1128 5114 τὰς
1171 5048 1431 5117 αἱρέσεις
1463 5050 1571 5116 τὰς
1603 5051 1689 5120 μὴ

137 5141 386 5208 τιμώσας
415 5139 530 5207 τὴν
562 5138 977 5208 ἀναστάσιμον
1001 5139 1104 5193 τοῦ
1141 5141 1358 5207 Κυρίου
1386 5141 1554 5209 ἡμῶν
1591 5142 1693 5209 ’1η-

135 5232 237 5285 σοῦ
280 5231 545 5300 Χριστοῦ
600 5230 861 5300 ἡμέραν,
913 5232 1010 5285 καὶ
1064 5231 1131 5284 τὸ
1188 5232 1577 5300 ὀφειλόμενον
1617 5232 1692 5300 τῇ

135 5325 393 5392 νηστίμφ
449 5321 639 5391 ἡμέρᾳ
691 5322 1003 5393 ἀποδῶμεν
1020 5363 1034 5387 ,
1114 5323 1528 5393 περιμένοντες
1578 5324 1693 5392 τὴν

1788 4140 2122 4194 Dominicum
2178 4141 2509 4203 Itonoremus,
2559 4156 2773 4208 eumque
2828 4137 3178 4199 celebremus;
3225 4155 3357 4207 qua-

1787 4235 1932 4286 niam
1967 4232 2227 4287 Dominus
2258 4241 2434 4286 noster
2462 4224 2619 4285 Iesus
2666 4230 2909 4285 Christus
2945 4230 3263 4299 prceclarum
3301 4233 3356 4283 in

1786 4339 1849 4376 ea
1869 4338 1979 4375 sum
2008 4322 2415 4375 resurrectionis
2456 4337 2641 4373 munus
2680 4319 2823 4374 obiit.
2864 4318 2931 4372 Et
2957 4318 3071 4373 ideo
3102 4322 3154 4372 in
3188 4322 3354 4373 sacris

1788 4414 2079 4483 Scriptum:
2112 4429 2238 4481 ipse,
2271 4423 2321 4467 et
2351 4415 2550 4481 primus
2598 4413 2894 4483 appellatus
2926 4422 3022 4475 est,
3064 4422 3119 4464 ut
3167 4413 3257 4480 qui
3287 4414 3357 4465 sit

1787 4505 1934 4558 nobis
1962 4505 2081 4558 vitae
2122 4503 2456 4573 principium.
2496 4511 2543 4554 et
2573 4512 2806 4562 octavus,
2838 4510 2894 4553 ut
2928 4501 3015 4570 qui
3046 4498 3355 4553 Judteorum

1789 4596 2168 4651 sabbatismum
2213 4595 2623 4663 exsuperaverit.
2670 4593 2808 4659 Quia
2857 4609 2979 4662 ergo
3034 4592 3246 4647 accidit.
3300 4601 3357 4643 ut

1788 4697 2091 4742 sanctorum
2148 4686 2605 4755 Theophaniorum
2664 4684 2748 4737 hic
2799 4692 2933 4737 esset
2988 4683 3096 4736 dies
3146 4682 3354 4750 jejunio

1793 4780 2141 4848 peragendus,
2172 4780 2564 4847 dispenscmus,
2613 4790 2662 4830 et
2710 4777 2776 4829 ad
2823 4786 3097 4842 utrumque
3142 4775 3353 4827 scientes

1788 4870 2151 4939 procedamus,
2196 4881 2251 4923 ut
2280 4887 2474 4940 paucos
2518 4867 2754 4936 dactylos
2794 4874 3075 4925 sumentes,
3111 4862 3270 4915 simul
3306 4874 3352 4914 et

1790 4965 2011 5017 ha’reses
2052 4964 2290 5025 vitemus,
2333 4979 2449 5031 qua:
2505 4959 2718 5012 Domini
2768 4958 2938 5011 nostri
2977 4955 3106 5009 Iesu
3157 4956 3354 5007 (Ilii-isti

1791 5056 2184 5108 resurrectionis
2234 5056 2370 5107 diem
2422 5070 2522 5107 non
2571 5052 2855 5113 honorant,
2916 5058 2966 5102 et
3019 5048 3121 5100 diei
3167 5046 3350 5113 jejunii

1790 5146 1926 5216 quod
1952 5146 2165 5199 debetur
2194 5146 2498 5207 reddamus,
2529 5146 2871 5211 vespertinam
2905 5142 3348 5209 congregationem

1791 5248 2166 5307 exspectantes,
2198 5255 2313 5306 qua:
2341 5238 2443 5295 hic.
2479 5237 2587 5290 Deo
2609 5237 2785 5297 dante,
2820 5235 3102 5304 peragitur.
3136 5229 3335 5299 Congre

1791 5345 1977 5397 gamur
2007 5347 2125 5400 ergo
2157 5331 2238 5382 hic
2265 5329 2329 5382 ab
2355 5330 2484 5382 hora
2513 5346 2671 5383 nona.

134 5409 451 5483 ἐσπερινὴν
487 5413 768 5480 σύναξιν,
823 5416 956 5483 ἣτις
987 5415 1263 5479 ἐνταῦθα,
1310 5415 1456 5469 Θεοῦ
1499 5414 1799 5484 θέλοντος,
1862 5421 2139 5476 τελεῖται.
2188 5419 2584 5490 Συναχθῶμεν
2624 5421 2831 5475 τοίνυν
2877 5418 2994 5473 ἀπὸ
3042 5416 3196 5485 ὥρας
3259 5422 3328 5473 ἐν

136 5505 305 5574 nitri;
333 5505 614 5561 ἐνταῦθα.

200 5710 426 5777 (nitate
456 5706 850 5777 descripsimus
888 5723 952 5762 ex
996 5707 1250 5762 Paudect.
1282 5722 1465 5760 canon.
1508 5705 1671 5760 Beve-
1778 5704 2134 5777 Concitiorum
2171 5705 2496 5777 collectione.
2545 5713 2676 5760 tom.
2721 5705 2794 5770 ll,
2839 5723 2961 5777 pag.
3012 5703 3146 5757 1576
3196 5717 3345 5771 seqq.

134 5774 279 5850 regii.
302 5788 438 5834 tom.
465 5777 528 5846 ll,
556 5774 713 5850 pagg.
746 5777 1005 5833 170475.
1055 5777 1282 5834 Exstant
1331 5786 1588 5847 praeterea
1621 5777 1674 5830 in
1784 5778 1914 5832 edit.
1944 5774 2343 5835 Veneto-Lahb.
