3976 6332
651 349 720 402 33
1658 334 2029 390 TllEOPlllLI
2072 332 2377 389 EPISCOPI
2423 329 2892 387 ALEXANDBINI
3807 324 3870 378 36

1460 590 1683 676 ΤΟΥ
1745 588 2120 675 ΑΥΤΟΥ
2172 584 3078 673 ΥΠΟΜΝΗΣΤΙΚΟΝ

1711 770 1885 840 Ὅπερ
1916 766 2075 821 ἔλαϐε
2103 764 2354 837 Ἀμμῶν,
2392 765 2480 819 διὰ
2511 766 2610 836 τὴν
2645 765 2829 820 Λυκώ.

920 984 1280 1048 EIUSDEM
1316 977 2016 1044 COMMONITORIUM
2046 977 2271 1051 QUOD
2300 977 2633 1038 ACCEPIT
2672 976 2966 1038 AMMON
3018 974 3385 1036 PROPTER
3416 973 3648 1034 LYCO.

1285 1171 1513 1228 CANON
1551 1170 1590 1225 1.
2254 1227 2259 1236 ί

2926 1168 3164 1224 ΚΑΝΩΝ
3218 1168 3296 1220 A'.

728 1270 801 1324 De
830 1271 895 1324 iis
918 1271 1004 1340 qui
1033 1270 1249 1322 Arionis
1288 1267 1824 1331 communicaverunt,
1865 1273 1915 1319 et
1952 1262 2219 1321 Ecclesias

2395 1265 2536 1334 Περὶ
2573 1263 2690 1318 τῶν
2726 1261 3219 1329 κοινωνησάντων
3265 1258 3391 1324 τοῖς
3448 1257 3758 1327 Ἄρειανοῖς
3794 1257 3879 1310 καὶ

655 1363 754 1417 huc
786 1379 946 1432 usque
977 1361 1231 1428 detinent,
1258 1370 1316 1414 ut
1339 1377 1393 1414 se
1421 1358 1575 1413 habet
1601 1357 1941 1420 consuetudo,
1969 1359 2070 1427 ﬁat
2100 1375 2118 1412 :
2143 1360 2220 1412 ita

2337 1358 2496 1429 μέχρι
2525 1357 2643 1412 νῦν
2686 1355 2795 1421 τὰς
2822 1354 3189 1421 Ἐκκλησίας
3220 1352 3612 1419 κατεχόντων,
3646 1351 3725 1416 ὡς
3760 1351 3880 1416 ἒθος

657 1466 830 1510 tamen
864 1465 920 1508 ut
950 1455 1044 1508 alii
1077 1455 1492 1514 constituantur,
1527 1452 1615 1521 qui
1644 1452 1698 1503 in
1733 1449 2049 1503 orthodoxia
2077 1452 2224 1504 testi-

658 1548 900 1615 ﬁcentur,
924 1556 973 1600 et
1004 1546 1083 1599 illi
1122 1550 1486 1615 permaneant.
1521 1541 1619 1595 llis
1645 1556 1845 1610 quoque
1894 1540 1970 1593 ita
2015 1540 2226 1609 dispen-

657 1639 808 1698 satis,
836 1650 890 1689 ut
926 1637 1046 1690 aliis
1083 1634 1297 1688 urbibus
1317 1631 1600 1686 orthodoxi
1626 1633 1677 1685 in
1706 1631 1968 1685 Thebaide
2000 1633 2228 1700 episcopi

656 1728 908 1796 fecerunt,
939 1725 1027 1795 qui
1065 1723 1129 1776 ab
1167 1723 1404 1790 episcopo
1437 1721 1678 1791 Apolline
1710 1722 2009 1785 constituti,
2052 1730 2101 1775 et
2139 1724 2227 1792 qui

656 1834 772 1870 cum
820 1817 1032 1868 Arionis
1066 1814 1332 1868 Ecclesias
1380 1813 1690 1866 habentibus
1751 1814 2224 1875 communicantes,

657 1910 982 1976 puniantur;
1028 1907 1073 1959 si
1117 1904 1323 1976 quidem
1366 1906 1601 1972 ipsorum
1643 1905 1910 1958 voluntate
1950 1905 2045 1959 hoc
2093 1906 2231 1974 fece-

659 2012 813 2063 runt;
853 2001 935 2053 sin
969 2010 1143 2052 autem
1185 1999 1400 2067 proprio
1440 1999 1678 2066 episcopo
1725 1998 2061 2059 obediernnt,
2112 2014 2225 2066 per-

659 2100 937 2155 maneant,
981 2092 1079 2144 etsi
1139 2088 1276 2159 quod
1300 2089 1509 2159 justum
1543 2099 1620 2142 est
1652 2106 1753 2143 non
1796 2091 2044 2143 noverint.
2082 2090 2146 2142 Et
2186 2092 2230 2142 si

660 2200 837 2236 omnes
875 2182 1085 2253 quidem
1119 2180 1301 2250 populi
1341 2196 1427 2235 eos
1489 2196 1609 2233 cum
1660 2179 1782 2233 aliis
1818 2180 2084 2243 reiiciant,
2136 2180 2230 2231 alii

661 2277 1002 2338 ordinentur;
1047 2276 1129 2328 sin
1158 2285 1335 2328 autem
1363 2290 1449 2327 eos
1487 2275 1708 2326 retinent
1749 2289 1863 2325 cum
1902 2273 2010 2325 illis
2048 2274 2230 2343 quibus

660 2368 1139 2430 communicarunt,
1176 2367 1214 2420 ii
1251 2382 1451 2436 quoque
1480 2382 1594 2419 eam
1624 2367 2053 2417 consuetudinem
2083 2380 2233 2423 exne-

662 2463 889 2522 riantur,
914 2475 1017 2529 qua
1046 2459 1128 2513 usi
1170 2468 1294 2513 sunt
1329 2473 1505 2512 omnes
1556 2456 1835 2510 orthodoxi
1877 2457 1927 2509 in
1974 2455 2231 2510 Thebaide

661 2553 910 2623 episcopi.

2325 1448 2598 1519 γινέσθω,
2628 1446 2781 1499 οὕτω
2819 1444 3024 1515 μέντοι
3065 1441 3305 1512 ἐτέρους
3343 1441 3713 1510 καταστῆναι
3749 1456 3884 1509 gap.

2325 1539 2729 1610 τυρουμένους
2784 1540 2852 1591 ἐν
2914 1537 3259 1606 όρθοδοξίᾳ,
3305 1535 3624 1599 κάκείνους
3665 1530 3882 1593 αὐλίζε-

2328 1637 2484 1688 σθαι.
2530 1633 2725 1697 Οὕτως
2761 1629 3270 1700 οἰκονομουμένων
3306 1626 3669 1688 καὶτούτων,
3696 1624 3884 1691 ὥσπερ

2329 1726 2427 1781 καὶ
2459 1728 2529 1779 ἐν
2559 1728 2688 1791 ταῖς
2713 1723 2931 1790 ἄλλαις
2960 1724 3177 1776 πόλεσι
3222 1720 3625 1787 πεποιήκασιν
3651 1722 3705 1773 οἱ
3728 1719 3795 1771 ἐν
3817 1715 3883 1785 τῇ

2332 1816 2572 1885 Θηϐαΐδι
2630 1815 2938 1883 όρθόδοξοι
2987 1814 3339 1877 ἐπίσκοποι,
3392 1814 3445 1864 οἱ
3494 1807 3884 1870 καταστάντες

2330 1911 2490 1979 παρὰ
2518 1909 2622 1963 τοῦ
2665 1910 3033 1972 Ἀπόλλωνος
3076 1905 3183 1959 τοῦ
3236 1905 3591 1968 ἐπισκόπου,
3636 1902 3734 1955 καὶ
3775 1919 3883 1953 not—

2331 2002 2711 2070 νωνήσαντες
2755 2000 2877 2065 τοῖς
2909 1999 3120 2067 ἔχουσι
3147 1997 3254 2064 τὰς
3287 1997 3650 2064 Ἐκκλησιας
3688 1994 3884 2061 Ἀρειιι-

2329 2095 2477 2161 νοῖς,
2503 2093 3006 2162 ἐπιτιμᾶσθωσαν,
3046 2091 3169 2160 εἴγε
3197 2088 3396 2159 γνώμῃ
3424 2086 3621 2142 αὐτῶν
3648 2084 3884 2150 πεποιή-

2332 2203 2476 2242 κασι
2505 2186 2680 2240 τοῦτο
2702 2202 2715 2215 ⁸
2787 2188 2841 2238 εἰ
2871 2184 2939 2238 δὲ
2974 2185 3231 2252 ὑπήκοοι
3270 2183 3550 2252 γεγόνασι
3581 2178 3661 2245 τῷ
3709 2178 3888 2242 οἰκείῳ

2332 2280 2658 2346 ἑπισκόπῳ,
2713 2276 3180 2341 αὑλιζέσθωσαν,
3225 2274 3323 2330 καὶ
3368 2273 3454 2343 μὴ
3504 2274 3888 2342 ἐπεγνωκότες

2337 2370 2395 2421 τὸ
2425 2369 2699 2437 εὔλογον.
2733 2368 2843 2421 Καὶ
2874 2370 2926 2421 εὶ
2955 2367 3070 2435 μὲν
3111 2367 3333 2433 πάντες
3377 2369 3431 2419 οἱ
3476 2366 3610 2419 λαοὶ
3654 2364 3889 2425 τούτους

2335 2455 2766 2513 ἀποποιοῦνται
2802 2458 2950 2528 μετὰ
2992 2459 3111 2513 τῶν
3145 2458 3369 2521 ἄλλων,
3419 2457 3605 2523 ἕτεροι
3643 2468 3891 2524 χειροτοο

2264 2535 2302 2585 Β
2330 2552 2669 2606 νείσθωσαν
2689 2569 2701 2580 ·
2737 2555 2789 2605 εἱ
2815 2551 2881 2605 δὲ
2902 2552 3348 2606 ἀντιποιοῦνται
3379 2548 3579 2603 αὐτῶν
3595 2547 3723 2616 μετ’
3749 2542 3888 2598 ἐκεί-

660 2658 783 2703 νων
836 2642 927 2711 οἷς
967 2644 1437 2710 κεχοινωνήκασι
1480 2643 1686 2708 ταῦτα,
1735 2642 1833 2695 καὶ
1883 2638 2048 2697 οὗτοι
2112 2642 2653 2711 ἀποπειράσθωσαν
2687 2644 2799 2715 τῆς
2842 2646 3187 2713 συνηθείας,
3226 2638 3266 2715 ᾗ
3323 2641 3660 2712 ἐχρήσαντο
3725 2640 3775 2692 oi
3831 2636 3889 2688 ἐν

665 2742 905 2810 Θηϐαΐδι
938 2740 1162 2806 πάντες
1194 2740 1514 2793 ἐπίσκοποι
1553 2739 1885 2806 όρθόὸοξοι.

1282 2852 1510 2908 CANON
1552 2852 1618 2907 ll.

739 2949 810 3003 De
840 2949 1007 3012 Bisto,
1041 2949 1129 3018 qui
1175 2949 1229 3001 in
1264 2945 1437 2998 Erebo
1488 2946 1803 2997 constitutas
1839 2956 1913 2997 est
1946 2947 2234 3015 presbyter,

664 3039 999 3109 quaerendum
1021 3048 1094 3091 est
1116 3047 1193 3102 ;et
1225 3039 1269 3089 si
1296 3037 1458 3089 alicui
1480 3033 1686 3103 quidem
1711 3036 1920 3087 mulieri
1951 3046 2233 3104 separata’,

666 3130 860 3181 vivente
889 3129 1104 3191 marito,
1126 3126 1230 3179 vim
1273 3126 1474 3186 attulit,
1512 3139 1613 3176 non
1647 3124 1854 3175 sinatur
1884 3140 1994 3175 esse
2036 3124 2241 3192 presby-

669 3231 778 3279 ter;
807 3235 927 3271 nnm
968 3234 1029 3270 ne
1063 3229 1120 3270 ut
1161 3217 1326 3271 laicus
1375 3215 1583 3287 quidem
1627 3216 1774 3269 debet
1826 3219 2232 3276 communicare,

668 3327 784 3362 cum
811 3327 897 3363 eos
923 3312 1012 3380 qui
1036 3310 1165 3362 tales
1191 3318 1313 3365 sunt
1337 3323 1584 3379 separare
1612 3309 1932 3362 consueverit
1970 3307 2230 3361 Ecclesia.

677 3401 785 3455 Hoc
819 3411 993 3455 autem
1031 3401 1236 3454 nullum
1261 3401 1416 3469 aﬂ'ert
1449 3401 1692 3469 episcopo
1723 3397 1955 3467 Apollini
1981 3398 2235 3465 prtejudi-

667 3494 827 3556 cium,
850 3495 895 3544 si
920 3509 1036 3546 eum
1064 3508 1156 3561 per
1185 3492 1544 3563 ignorantiam
1576 3492 1881 3551 constituit;
1910 3503 2027 3540 cum
2050 3499 2235 3540 sancta

669 3586 896 3655 synodus
927 3585 1280 3655 jnsseriteos,
1318 3585 1407 3654 qui
1449 3593 1567 3654 post
1609 3584 1995 3638 ordinationem
2027 3592 2236 3650 propter

669 3677 863 3730 crimen
894 3676 1098 3745 indiqni
1118 3692 1232 3730 esse
1264 3676 1665 3741 convincuntur,
1700 3675 1912 3742 expelli.

740 3856 934 3913 BALS.
984 3857 1169 3913 Bistus
1221 3857 1291 3947 ab
1348 3857 1601 3947 Apolline
1654 3857 1913 3926 episcopo
1956 3856 2310 3947 presbyterc

669 3949 1007 4003 constitutus
1053 3948 1230 4001 fuerat
1277 3945 1333 3999 in
1382 3944 1587 4011 Ereba;
1632 3956 1717 4000 est
1769 3955 1946 3999 autem
1992 3962 2054 3999 ea
2090 3945 2237 4014 regio

671 4041 891 4114 Λίδη)ιί
914 4042 1058 4096 sicut
1086 4049 1140 4095 et
1162 4039 1330 4113 Lyco.
1367 4040 1418 4097 Is
1452 4055 1581 4095 vero
1610 4039 1896 4093 dicebatur
1927 4046 2051 4092 ante
2087 4039 2239 4091 ordi-

673 4137 947 4190 nationem
981 4136 1196 4192 mulieri
1228 4142 1493 4206 separataa
1532 4134 1640 4188 vim
1660 4133 1934 4187 attulisse.
1975 4133 2097 4186 vivo
2130 4149 2243 4185 ma-

674 4231 799 4281 rito.
840 4228 913 4282 De
953 4244 1019 4282 eo
1047 4230 1212 4298 igitur
1244 4230 1611 4299 interrogatus
1643 4224 1999 4295 Theophilus,
2027 4225 2239 4293 inquit:

675 4321 958 4385 Quaeratur
986 4335 1055 4372 an
1094 4321 1165 4372 sit
1200 4335 1387 4373 verum
1420 4336 1543 4374 eum
1582 4319 1795 4373 mulieri
1828 4318 1937 4370 vim
1977 4318 2243 4381 attulisse,

677 4411 807 4464 etsi
844 4411 915 4463 ita
957 4410 1048 4469 sit,
1091 4425 1160 4463 ne
1201 4409 1252 4462 ei
1285 4424 1408 4464 esse
1455 4411 1834 4478 presbyterum
1881 4410 2241 4475 permittatur.

678 4501 960 4566 Quomodo
998 4498 1143 4553 enim
1180 4500 1342 4553 fuerit
1386 4499 1434 4552 is
1469 4496 1774 4568 presbyter,
1826 4497 1915 4551 cui
1962 4514 2061 4553 nec
2106 4500 2246 4551 laico

679 4592 734 4643 in
766 4588 1051 4644 ecclesiam
1095 4587 1315 4656 quidem
1364 4584 1699 4657 permittitur
1747 4585 1980 4655 ingredi,
2018 4601 2140 4639 enim
2177 4589 2247 4641 sit

683 4692 899 4751 propter
927 4688 1207 4750 peccatum
1244 4678 1594 4749 segregatus?
1630 4676 1735 4733 Eos
1762 4679 1929 4739 enim,
1983 4682 2073 4746 qui
2119 4692 2247 4733 sunt

681 4774 968 4840 ejusmodi,
1001 4769 1242 4827 extrudit
1283 4770 1525 4823 Ecclesia
1565 4780 1620 4825 et
1662 4777 1878 4840 separat
1912 4784 1940 4821 a
1977 4770 2244 4824 ﬁdelibus.

685 4866 798 4920 Hoc
823 4874 998 4918 autem
1039 4880 1067 4916 a
1107 4863 1408 4932 'l'beOpbilo
1449 4877 1794 4932 nequaquam
1853 4863 2118 4915 cammice
2165 4862 2248 4914 di-

685 4969 829 5012 ctum
868 4965 951 5011 est
984 4975 998 5010 ε
1035 4953 1474 5025 quandoquidem
1516 4966 1827 5009 sanetorum
1879 4957 2245 5022 apostolorum

688 5065 999 5109 xxvcauou.
1028 5055 1082 5102 et
1110 5047 1289 5116 magni
1324 5045 1509 5099 Basilii
1538 5046 1732 5100 tertius
1758 5054 1810 5099 et
1840 5061 2010 5109 xxx",
2039 5054 2092 5099 et
2117 5045 2254 5100 Car.

687 5145 890 5214 tltagin.
933 5157 1052 5212 syn.
1094 5156 1248 5203 xm,
1286 5140 1537 5200 clericos,
1584 5140 1675 5209 qui
1720 5149 2035 5209 peccarunt,
2071 5150 2124 5193 et
2153 5140 2247 5195 de-

2933 2852 3173 2905 ΚΑΝΩΝ
3230 2852 3307 2906 Β’.

2409 2946 2545 3012 Περὶ
2576 2946 2796 2998 Βίστου
2824 2943 3232 3008 καταστάντος
3279 2944 3350 2995 ἐν
3403 2944 3607 3012 Ἐρέϐῃ
3649 2948 3890 3014 πρεσϐυ-

2340 3035 2508 3103 τέρου
2539 3035 2847 3102 ζιιτητέονο
2895 3034 2991 3086 καὶ
3027 3037 3079 3087 εἰ
3122 3034 3240 3101 μὲν
3280 3035 3743 3106 ἀποταξαμένην
3775 3038 3891 3091 τινὰ

2339 3125 2551 3190 ζῶντος
2598 3126 2703 3178 τοῦ
2739 3124 2957 3190 ἀνδρὸς
3005 3123 3305 3184 ἐϐιάσατο,
3349 3125 3435 3193 μὴ
3480 3131 3890 3197 συγχωρείσθω

2337 3213 2487 3269 εἶναι
2513 3217 2929 3285 πρεσϐύτερος,
2962 3213 3113 3267 ὅπου
3142 3231 3206 3283 γε
3235 3214 3377 3267 οὐδὲ
3408 3215 3489 3281 ὡς
3507 3217 3718 3284 ,λαικὸς
3751 3218 3892 3286 όφείυ

2338 3309 2430 3359 λει
2470 3303 2858 3376 συνάγεσθαι,
2895 3301 3002 3371 τῆς
3057 3303 3417 3370 Ἐκκλησίας
3453 3306 3727 3371 εἰωθυίας
3765 3306 3892 3369 τοὺς

2340 3398 2642 3461 τοιούτους
2682 3395 2959 3464 χωρίζειν.
2997 3397 3078 3448 Ui)
3115 3397 3279 3464 φέρει
3304 3397 3371 3449 δὲ
3394 3397 3566 3451 τοῦτο
3612 3402 3891 3468 πρόκριμα

2340 3490 2421 3555 τῷ
2461 3492 2767 3553 ἐπισκόπῳ
2825 3490 3178 3551 Ἀπόλλωνι,
3224 3492 3277 3542 εὶ
3318 3490 3387 3555 ἐξ
3440 3491 3687 3560 ἀγνοίας
3721 3492 3894 3548 αὐτὸν

2342 3582 2693 3649 κατέστησε,
2732 3579 2842 3648 τῆς
2874 3582 3047 3649 ἁγίας
3073 3582 3337 3635 συνόδου
3365 3583 3745 3650 κελευσάσης
3766 3584 3893 3649 τοὺς

2337 3674 2622 3740 ἀναξίους
2646 3674 2796 3742 μετὰ
2817 3671 2931 3740 τὴν
2960 3674 3329 3742 χειροτονίαν
3352 3674 3784 3744 ἐλεγχομένους
3806 3676 3892 3729 ἐπὶ

2339 3764 2607 3834 ἔγκλημα
2632 3761 3006 3816 ἐκϐαλέσθιιι.

2411 3854 2602 3906 ΒΛΛΣ.
2662 3855 2722 3906 ὐ
2772 3853 2962 3917 Βίστος
3018 3852 3168 3923 παρὰ
3224 3854 3550 3919 Ἀπόλλωνος
3607 3858 3894 3911 ἐπισκόπου

2340 3944 2574 4014 κατέστη
2606 3942 2969 4014 πρεσϐύτερος
2990 3943 3047 3995 ὲν
3090 3943 3283 4014 Ἐρὲϐῃ
3305 3958 3321 3973 ’
3356 3945 3510 4016 χώρα
3544 3945 3601 3998 δὲ
3640 3946 3778 4017 αὕτη
3813 3948 3896 3999 Λί-

2340 4037 2580 4105 γυπτίων
2638 4037 2813 4102 ἐστὶν,
2869 4035 3057 4107 ὥσπερ
3107 4037 3201 4090 καὶ
3246 4038 3279 4109 ὴ
3317 4038 3498 4092 Λυκώ.
3561 4039 3809 4109 Ἐλέγετο
3848 4040 3895 4092 δὲ

2343 4131 2472 4201 περὶ
2532 4130 2772 4194 ἐκείνου,
2842 4129 2924 4183 ὅτι
2978 4129 3084 4201 πρὸ
3135 4129 3235 4201 τῆς
3290 4130 3618 4201 χειροτονίας
3673 4136 3896 4202 γυναῖκα

2343 4222 2594 4276 ἐϐιάσατο
2638 4221 3054 4293 ἀποταξαμένην
3105 4222 3307 4289 ζῶντος
3357 4224 3449 4278 τοῦ
3508 4225 3719 4296 ἀνδρός.
3776 4227 3896 4296 Περὶ

2342 4316 2528 4368 τούτου
2562 4310 2654 4369 οὖν
2682 4316 2973 4387 ἐρωτηθεὶς
3009 4318 3037 4369 ὁ
3078 4317 3353 4387 Θεόφιλος,
3394 4316 3519 4387 ἔφη,
3563 4317 3644 4369 ὅτι
3688 4320 3896 4390 ἐρευνη-

2345 4406 2511 4476 Θήτω,
2557 4406 2649 4458 καὶ
2689 4407 2736 4457 εἰ
2769 4406 2969 4477 ἀληθές
3003 4409 3117 4459 ἐστι
3161 4408 3221 4460 τὸ
3266 4407 3554 4477 βιάσασθαι
3605 4408 3765 4461 αὑτὸν
3808 4409 3896 4477 τὴν

2345 4499 2598 4565 γυναῖκα,
2642 4498 2715 4569 μὴ
2754 4498 3139 4568 συγχωρεῖσθω
3177 4494 3317 4551 εἶναι
3357 4499 3746 4570 πρεσϐύτερος.
3784 4500 3895 4561 Πῶς

2344 4590 2451 4660 γὰρ
2495 4590 2577 4659 εἴη
2620 4590 3019 4660 πρεσϐύτερος,
3068 4590 3126 4654 ὃς
3168 4589 3288 4643 οὐδὲ
3329 4590 3514 4655 λαῖκὸς
3549 4596 3895 4664 συγχωρεῖται

2322 4677 2570 4731 ἐἰσιέναι
2596 4681 2675 4742 εἰς
2702 4679 3011 4751 ἐκκλησίαν,
3039 4678 3424 4753 ἀφοριζόμενος
3443 4681 3531 4735 διὰ
3563 4682 3620 4735 τὸ
3650 4684 3894 4755 ἁμάρτη-

2350 4786 2457 4838 μα;
2490 4768 2680 4834 ἐξωθεί
2702 4771 2809 4842 γὰρ
2832 4771 2958 4834 τοὺς
2990 4770 3259 4836 τοιούτους
3294 4774 3326 4842 ἡ
3358 4770 3651 4844 Ἐκκλησία
3677 4774 3771 4826 καὶ
3798 4792 3893 4842 χιιι-

2346 4860 2484 4930 ρίζει
2522 4862 2627 4923 ἀπὸ
2668 4862 2775 4915 τῶν
2813 4862 3037 4916 πιστῶν.
3089 4864 3257 4916 Τοῦτο
3299 4863 3356 4916 δὲ
3395 4865 3454 4916 οὐ
3497 4865 3790 4928 κανονικῶς
3827 4863 3896 4932 τῷ

2345 4952 2585 5024 Θεοφίλῳ
2612 4954 2851 5025 εἴρηται·
2886 4955 2914 5006 ὃ
2937 4971 2995 5005 τε
3023 4955 3130 5024 γὰρ
3158 4955 3265 5006 τῶν
3300 4956 3468 5021 ἁγίων
3497 4957 3807 5011 ἀποστόλων
3827 4962 3895 5010 κε’

2347 5041 2545 5105 κανὼν,
2571 5045 2705 5097 καὶὸ
2735 5044 2826 5096 τοῦ
2862 5042 3093 5113 μεγάλου
3116 5041 3393 5096 Βασιλείου
3420 5044 3601 5116 τρίτος
3634 5050 3726 5100 καὶ
3745 5051 3772 5102 ὁ
3803 5047 3893 5118 λβ’,

2346 5138 2440 5190 καὶ
2463 5138 2492 5189 ὁ
2519 5136 2619 5207 τῆς
2643 5138 2700 5189 ὲν
2738 5135 3063 5205 Καρθαγένῃ
3102 5134 3184 5205 κβ¹
3229 5136 3354 5199 τοὺς
3397 5136 3690 5208 κληρικοῖις
3724 5142 3893 5211 ἅμαρ-

689 5236 845 5306 positi
900 5233 1136 5298 fuerunt,
1184 5247 1214 5284 a
1249 5230 1634 5285 communione
1677 5244 1784 5283 non
1831 5238 2039 5285 arcent.
2085 5230 2238 5297 Quod

2344 5227 2642 5297 τήσαντας,
2695 5226 2788 5278 καὶ
2838 5224 3289 5295 καθαιρεθέντας,
3340 5228 3440 5300 τῆς
3482 5231 3763 5296 κοινωνίας
3806 5235 3895 5284 οὐκ

688 5342 863 5385 autem
900 5331 1182 5383 ordinatus
1214 5328 1306 5390 sit,
1335 5326 1388 5380 id
1418 5342 1524 5380 non
1568 5324 1723 5380 affert
1753 5325 2008 5380 damnum
2035 5327 2245 5395 episco-

693 5442 778 5494 po.
819 5424 912 5494 qui
940 5439 1086 5484 euin,
1133 5428 1411 5490 peccatum
1448 5420 1739 5488 ignorans,
1784 5418 2078 5472 ordinavit.
2123 5417 2245 5472 Sta-

694 5520 795 5571 tuit
847 5518 988 5572 enim
1045 5513 1307 5586 synodus,
1361 5520 1420 5567 ut
1460 5511 1551 5581 qui
1611 5520 1958 5581 peccatorum
2011 5510 2245 5564 convicti

694 5610 930 5671 fuerunt,
963 5610 1126 5664 etiam
1157 5613 1278 5677 post
1311 5605 1709 5659 ordinationem
1734 5603 2043 5672 ejiciantur.
2070 5601 2127 5655 Id
2152 5617 2247 5654 au-

697 5712 799 5755 tem
826 5716 910 5755 est
932 5701 1117 5770 primae
1139 5694 1329 5768 synodi
1353 5693 1584 5749 Nicaeam
1606 5709 1730 5749 can.
1765 5709 1840 5747 Ix.
1868 5693 2001 5747 illud
2027 5703 2203 5747 autem
2230 5711 2242 5746 :

700 5793 965 5862 Separatte
994 5792 1102 5845 vivo
1148 5788 1374 5849 marito;
1410 5788 1533 5841 facti
1572 5795 1675 5850 est,
1709 5794 1760 5840 et
1807 5785 1927 5840 ideo
1977 5785 2244 5853 adjectum

2348 5317 2687 5386 ἀπείργουσι.
2736 5316 2808 5369 Τὸ
2857 5317 2912 5370 δὲ
2961 5319 3397 5398 χειροτονηθῆναι
3446 5322 3605 5375 αὑτὸν
3647 5325 3707 5376 οὐ
3753 5326 3897 5397 φέρει

2352 5408 2553 5479 βλάϐην
2615 5409 2691 5479 τῷ
2749 5415 3179 5484 χειροτονήσαντι
3260 5414 3419 5466 αὐτὸν
3494 5417 3774 5489 ὲπισκόπῳ
3845 5417 3897 5480 ἐξ

2351 5502 2570 5568 ἀγνοίας
2593 5501 2684 5554 τοῦ
2710 5502 3126 5575 ἁμαρτήματος·
3153 5507 3186 5576 ἡ
3208 5504 3314 5576 γὰρ
3348 5505 3558 5571 σύνοδος
3587 5507 3751 5583 ὥρισε
3780 5509 3898 5568 τοὺς

2353 5591 2736 5663 ἐλεγχομένους
2773 5595 2864 5647 ἐπὶ
2897 5596 3198 5668 ἐγκλήματι
3228 5596 3322 5648 καὶ
3365 5598 3502 5668 μετὰ
3537 5598 3635 5670 τὴν
3670 5616 3898 5672 χειροτο-

2353 5682 2468 5735 νίαν
2504 5684 2874 5740 ἐκϐάλλεσθαι.
2928 5686 3096 5740 Τοῦτο
3133 5688 3187 5740 δὲ
3229 5688 3326 5756 τῆς
3363 5692 3420 5742 ὲν
3456 5690 3653 5761 Νικαίᾳ
3688 5692 3895 5744 συνόδου

2354 5776 2573 5848 πρώτης
2599 5780 2711 5832 ἐστὶ
2741 5779 2916 5834 κανὼν
2960 5781 3196 5844 ἔννατος.
3229 5781 3300 5834 Τὸ
3335 5783 3412 5841 δὲ,
3446 5780 3893 5851 ἀποταξαμένην
