3974 6332
169 335 238 389 57
1184 336 1189 337 ’
1622 331 1956 388 CANONES.
3346 345 3414 399 33

168 457 390 518 ζῶντος
437 450 548 506 τοῦ
595 448 837 517 ἀνδρὸς,
887 448 980 503 τοῦ
1026 449 1233 518 φάκτου
1286 451 1422 514 ἐστὶ,
1460 452 1547 507 διὰ
1587 451 1724 503 τοῦτ(

1845 457 1931 504 est
1960 470 1973 505 :
2004 453 2200 517 Alicui,
2240 454 2380 508 sicut
2417 463 2471 509 et
2505 456 2637 511 illud
2660 497 2675 521 ,
2709 460 2814 512 vim
2845 462 3049 515 attulit.
3088 460 3239 515 Licet
3267 466 3411 517 enim

166 543 262 599 καὶ
296 545 376 603 τὸ,
420 539 579 605 τινὰ,
623 540 965 611 πρόσκειται,
999 539 1188 611 ὥσπερ
1221 539 1316 593 καὶ
1345 541 1406 593 τὸ
1443 539 1738 595 ἐϐιάσατο.

168 635 286 691 Κάν
318 631 431 705 γὰρ
477 631 665 694 ἁπλῶς
703 630 840 702 ἄλλῃ
890 631 1197 704 συνεφθάρη
1243 632 1457 701 γυναικὶ
1501 633 1575 703 μὴ
1611 634 1743 686 ἀπο-

165 725 468 799 ταξαμένη,
509 724 607 778 καὶ
641 724 812 787 οὕτως
851 725 886 794 ἡ
926 724 1241 796 καθαίρεσις
1299 723 1449 795 αὐτῷ
1485 725 1739 796 ἐπήγετο,

163 818 267 872 κᾶν
307 817 386 891 μὴ
417 817 675 872 ἐϐιάσατο
699 817 889 887 αὑτήν.

769 929 1013 984 ΚΔΝΩΝ
1060 931 1134 985 1".

233 1010 375 1089 Περὶ
411 1022 482 1075 δὲ
512 1021 688 1091 Σοὺρ,
736 1021 943 1090 ἐπειδὴ
974 1025 1008 1076 ό
1049 1023 1382 1089 ἐπίσκοπος
1440 1023 1741 1077 Ἁπόλλων

162 1111 620 1168 διεϐεϐαιώσατο
644 1114 742 1167 καί
773 1113 1216 1168 ἀπεσταλκέναι
1252 1113 1469 1169 τοῦτον
1504 1115 1603 1169 καὶ
1633 1117 1740 1170 ἀλ-

160 1207 406 1274 λότριον
446 1204 561 1274 τῆς
603 1206 964 1274 Ἐκκλησίας
1003 1206 1409 1277 πεποιηκέναι,
1450 1210 1605 1263 ἐστω
1638 1209 1737 1263 οὕ-

160 1312 273 1362 τως
303 1295 389 1362 ὡς
417 1296 768 1366 ἀπεφήνατο
796 1300 830 1350 ό
860 1298 1215 1364 ἐπίσκοπος,
1247 1299 1554 1368 χρωμένου
1586 1302 1736 1355 ἐκεί-

158 1405 272 1444 νου
306 1389 445 1456 ταῖς
479 1391 725 1457 οἰκείαις
762 1389 1190 1461 δικαιολογίαις
1211 1432 1224 1455 ,
1264 1393 1387 1462 εῑγε
1422 1394 1732 1458 βούλεται,

161 1480 259 1535 καὶ
280 1481 579 1551 μέμφεται
597 1480 712 1550 τὴν
739 1482 1046 1551 ἀπόφασιν
1068 1483 1176 1539 τοῦ
1203 1484 1557 1539 ἐπισκόπου.

228 1594 430 1648 ΒΔΛΣ.
453 1594 730 1665 Κληρικδς
757 1590 827 1667 ἦν
860 1599 887 1650 ὁ
912 1598 1052 1668 Σοὺρ
1080 1597 1174 1651 τοῦ
1212 1598 1506 1652 ἐπισκόπου
1545 1599 1733 1652 Ἀπόλ-

161 1685 327 1749 λωνος
342 1703 356 1717 ·
394 1686 455 1750 ὃς
479 1687 776 1751 ἐπίσκοπος
800 1688 960 1742 αὐτὸν
984 1689 1383 1744 ἀπεσταλκέναι
1411 1691 1505 1744 τοῦ
1528 1692 1731 1764 κλήρου

161 1774 615 1842 ὃιεϐεϐαιώσατο,
658 1778 778 1831 ἀντὶ
819 1778 914 1831 τοῦ
950 1779 1359 1852 ἐκϐεϐληκέναι.
1400 1783 1579 1836 Ἔστω
1615 1779 1729 1847 οὖν,
1763 1816 1805 1871 Β

164 1867 317 1938 φησι,
349 1866 495 1920 κατὰ
521 1867 620 1939 τὴν
655 1869 739 1922 ἐπ’
765 1869 915 1941 αὐτῷ
952 1870 1133 1942 κρίσιν
1166 1871 1257 1925 τοῦ
1283 1873 1601 1938 ἐπισκόπου,
1637 1874 1729 1928 τοῦ

162 1959 366 2030 κλήρου
422 1959 716 2032 ἀλλότριος.
766 1962 830 2015 El
871 1961 929 2016 δὲ
980 1965 1216 2018 αἰτιᾶται
1248 1966 1344 2036 τὴν
1385 1967 1478 2020 τοῦ
1513 1968 1733 2022 ἐπισκό-

158 2070 266 2107 που
314 2053 616 2122 ἀπόφασιν,
665 2054 889 2126 χράσθω
918 2058 1039 2119 ταῖς
1080 2057 1306 2122 οἰκείαις
1351 2058 1734 2130 δικαιολογίαις

365 2148 432 2217 τῇ
485 2147 707 2217 συνόδῳ,
770 2147 830 2212 ἐξ
877 2144 946 2222 ἧς
996 2144 1063 2221 ῆν
1125 2150 1341 2214 πάντως
1398 2154 1491 2206 καὶ
1537 2156 1565 2208 ὁ
1602 2154 1725 2208 ἐπί-

162 2254 384 2302 σκοπος.

764 2331 1000 2385 ΚΛΝΩΝ
1052 2334 1123 2385 Δ’.

229 2422 369 2490 Περὶ
396 2422 643 2491 Πανοὺςρ
667 2422 774 2477 τοῦ
811 2423 1219 2491 καταστάντος
1242 2424 1526 2480 διακόνου
1557 2427 1627 2480 ἐν
1654 2427 1730 2496 τῇ

158 2514 355 2576 Αυκὼ,
395 2514 492 2567 δεῖ
516 2511 787 2582 ζητῆσαι.
825 2515 936 2569 Καὶ
977 2518 1026 2569 εὶ
1057 2516 1169 2586 μὲν
1212 2518 1477 2587 εὑρεθείη
1527 2514 1725 2585 οὗτος,

156 2607 605 2673 κατηχούμενος
631 2605 965 2675 τυγχάνων,
1004 2608 1119 2673 τὴν
1156 2608 1488 2679 ἀδελφιδὴν
1510 2612 1726 2667 ἑαυτοῦ

155 2694 309 2763 πρὸς
359 2694 551 2763 γάμου
597 2697 915 2751 κοινωνίαν
961 2698 1304 2768 δεξάμενος,
1351 2702 1499 2771 μετὰ
1549 2702 1618 2755 δὲ
1659 2704 1727 2757 τὸ

150 2786 469 2853 ,ϐάπτισμα
497 2790 582 2854 είς
608 2788 839 2857 κλῆρον
857 2789 1107 2860 δεχθεὶς,
1122 2791 1350 2861 μενέτω
1378 2794 1447 2847 ἐν
1472 2792 1553 2858 τῷ
1582 2794 1728 2859 κλή-

154 2901 237 2950 ιφ
252 2898 268 2910 ο
293 2882 419 2951 εῑγε
439 2883 783 2951 κεκοίμηται
800 2884 1002 2952 ἐκείνη
1023 2885 1120 2938 καὶ
1140 2884 1292 2955 μετὰ
1318 2885 1385 2939 τὸ
1408 2885 1726 2957 βάπτισμα

154 2974 265 3025 οὐκ
295 2971 700 3038 ἐκοινώνησεν
735 2971 911 3041 αὐτῇ.
942 2975 1012 3026 El
1055 2972 1124 3025 δὲ
1159 2974 1375 3040 πιστὸς
1412 2972 1726 3043 τυγχάνων

154 3064 271 3131 τὴν
295 3063 491 3130 αὐτὴν
509 3062 841 3132 ἀδελφιδῆν
871 3064 1089 3118 ἑαυτοῦ
1116 3064 1266 3133 πρὸς
1302 3065 1494 3134 γάμου
1524 3082 1725 3120 κοινω-

1853 540 2172 612 simpliciter
2206 561 2328 599 cum
2356 547 2581 602 muliere
2605 548 2810 617 aliqua,
2846 566 2954 604 non
2990 563 3261 621 separata,
3297 570 3409 609 rem

1850 631 2133 701 habuerit;
2171 636 2250 689 sic
2283 653 2501 707 quoque
2541 639 2593 691 in
2624 650 2747 693 eum
2794 641 3064 710 depositio
3102 646 3413 703 introducm

1848 734 1953 785 est,
1984 724 2083 778 etsi
2105 727 2152 779 ei
2189 727 2293 780 vim
2328 744 2434 781 non
2471 731 2736 783 attulerit.

2435 927 2665 983 CANON
2709 927 2793 984 Ill.

1918 1016 1996 1071 De
2029 1018 2136 1071 Sur
2164 1030 2357 1082 autem,
2406 1022 2532 1091 quia
2582 1022 2772 1091 Apollo
2821 1023 3094 1090 episcopus
3130 1026 3409 1095 afﬁrmavit

1845 1125 1899 1162 se
1927 1119 1975 1162 et
2013 1126 2130 1163 eum
2181 1111 2568 1178 amandurisse,
2617 1123 2668 1166 et
2695 1115 2761 1167 ab
2791 1112 3031 1168 Ecclesia
3060 1117 3292 1170 alienum
3327 1117 3409 1186 fe-

1843 1201 1995 1265 cisse,
2038 1202 2115 1255 ita
2146 1204 2214 1257 sit
2245 1215 2302 1258 ut
2343 1207 2701 1273 pronuntiavit
2748 1208 3061 1276 episcopus;
3110 1220 3288 1264 utente
3316 1211 3408 1264 illo

1843 1296 1952 1348 suis
1988 1294 2400 1363 defensionibus,
2442 1300 2488 1351 si
2527 1298 2657 1364 vult,
2696 1308 2745 1353 et
2778 1298 2844 1352 de
2886 1301 3111 1369 episcopi
3146 1304 3407 1356 sententia

1843 1390 2199 1456 conqueritur.

1912 1584 2098 1640 BALS.
2134 1585 2263 1639 Erat
2308 1587 2523 1657 quidem
2565 1589 2671 1642 Snr
2710 1590 2944 1645 clericus
2977 1592 3219 1662 episcopi
3250 1593 3408 1663 Apol-

1839 1678 1985 1736 linis.
2018 1680 2109 1748 qui
2137 1680 2427 1750 episcopus
2455 1697 2513 1737 se
2543 1697 2667 1736 eum
2713 1696 2743 1736 a
2784 1684 2932 1738 clero
2970 1686 3316 1749 amandasse,
3351 1688 3401 1740 id

1838 1778 1941 1831 est,
1973 1771 2264 1839 expulisse,
2313 1773 2617 1826 atlirmavit.
2664 1771 2747 1827 Sit
2781 1788 2930 1841 ergo,
2968 1774 3164 1843 inquit,
3209 1791 3406 1829 secun-

1834 1862 1960 1916 dum
1998 1864 2238 1933 episcopi
2266 1863 2559 1930 judicium,
2608 1863 2755 1934 quod
2798 1865 2854 1917 in
2900 1864 3079 1933 ipsum
3130 1866 3400 1934 prolatum

1834 1966 1935 2017 est,
1970 1970 1997 2008 a
2020 1957 2167 2010 clero
2198 1956 2432 2011 alienus.
2468 1956 2564 2009 Sin
2589 1964 2768 2010 autem
2797 1955 3039 2025 episcopi
3068 1957 3398 2009 sententiam

1833 2054 2075 2110 accusat,
2109 2057 2289 2101 utatur
2323 2047 2438 2102 suis
2477 2046 2908 2109 defensionibus,
2944 2046 3087 2116 apud
3130 2046 3397 2117 synodum

1832 2140 2073 2204 scilicet,
2105 2155 2167 2194 ex
2204 2156 2309 2210 qua
2343 2148 2426 2195 cst
2448 2141 2610 2195 etiam
2641 2142 2949 2211 episc0pus.

2422 2323 2651 2380 CANON
2697 2322 2790 2379 IV.

1901 2416 1977 2471 De
2000 2416 2245 2486 Panuph,
2276 2420 2365 2487 qui
2390 2420 2444 2471 in
2486 2417 2623 2487 Lyco
2654 2419 2913 2472 diaconus
2948 2418 3262 2470 constitutus
3297 2426 3396 2477 est,

1829 2524 2058 2579 quaerere
2108 2519 2346 2577 oportet;
2396 2522 2445 2563 et
2480 2512 2526 2563 si
2576 2510 2621 2563 is
2673 2509 2881 2579 quidem
2929 2510 3161 2563 inventus
3214 2510 3393 2576 fuerit,

1828 2617 1949 2655 cum
1975 2612 2108 2657 esset
2132 2602 2552 2665 catecliumenus,
2592 2603 2779 2670 fratris
2813 2603 2896 2655 sui
2921 2603 3091 2671 ﬁliam
3129 2603 3181 2654 in
3214 2603 3396 2654 matri-

1829 2695 1991 2747 monii
2012 2696 2314 2748 societatem
2338 2695 2611 2762 accepisse,
2640 2704 2755 2762 post
2780 2693 3096 2760 baptismum
3123 2695 3175 2746 in
3200 2694 3396 2746 clerum

1827 2796 2114 2855 promotus,
2150 2787 2205 2838 in
2232 2789 2371 2839 clero
2397 2797 2630 2848 maneat,
2662 2789 2712 2840 si
2746 2787 2841 2839 illa
2880 2802 2945 2839 ea:
2984 2787 3090 2839 vita
3126 2788 3390 2853 migrarit,

1825 2887 1874 2930 et
1894 2888 2008 2945 post
2029 2876 2347 2944 baptismum
2374 2892 2489 2928 cum
2515 2892 2576 2929 ea
2609 2892 2719 2929 rem
2752 2893 2854 2929 non
2884 2875 3144 2928 habuerit.
3174 2877 3269 2929 .Sin
3291 2893 3360 2928 au
3381 2906 3393 2915 -

1829 2971 1929 3016 tem
1971 2979 2089 3015 cum
2133 2972 2269 3016 esset
2314 2962 2487 3031 ﬁdelis
2532 2962 2765 3016 eamdem
2797 2963 2985 3032 fratris
3016 2964 3099 3016 sui
3137 2964 3303 3031 ﬁlium
3338 2966 3393 3016 in

1827 3056 2157 3109 matrimonii
2177 3055 2480 3108 societatem
2502 3052 2675 3118 duxit,
2700 3055 2768 3107 sit
2796 3071 2829 3107 a
2852 3056 2992 3108 clero
3013 3055 3237 3108 alienus.
3272 3055 3391 3108 Non

156 3161 293 3210 νίαν
329 3157 598 3221 ἐδέξατο,
644 3157 801 3211 ἔστω
846 3158 952 3212 τοῦ
996 3158 1221 3225 κλήρου
1263 3158 1599 3226 ἀλλότριος.
1640 3160 1723 3213 Οὐ

1833 3157 1903 3201 est
1941 3149 2077 3202 enim
2119 3149 2356 3217 episcopo
2388 3146 2623 3215 Apollini
2662 3147 3031 3217 prtejudicium
3087 3149 3134 3201 si
3165 3165 3279 3201 eum
3305 3162 3394 3215 per

156 3250 262 3319 γὰρ
315 3253 614 3322 πρόκριμα
658 3250 740 3316 τῷ
785 3251 1090 3316 ἐπισκόπῳ
1147 3251 1468 3305 Ἀπόλλωνι
1487 3290 1502 3316 ,
1557 3253 1610 3304 εὶ
1653 3251 1723 3315 ἐξ

1833 3241 2182 3312 ignorantiam
2213 3241 2510 3295 constituit.

154 3336 400 3403 ἀγνοίας
418 3334 795 3404 κατέστησεν
816 3338 1020 3391 αὐτόν.

224 3438 413 3506 ΒᾸΛΣ.
466 3450 531 3506 '0
570 3450 792 3519 Πανοὺφ
825 3449 1038 3519 ἐλέγετο
1078 3452 1184 3523 πρὸ
1228 3451 1321 3506 τοῦ⁹
1360 3450 1719 3522 βαπτισθῆναι

157 3545 251 3614 τὴν
291 3545 497 3599 οἰκείαν
540 3545 823 3616 ἀδελφιδῆν
868 3546 949 3608 εἰς
995 3548 1228 3614 γυναῖκα
1264 3545 1482 3598 λαϐεῖν’
1523 3544 1718 3615 βαπτι-

160 3637 297 3701 σθεὶς
330 3638 386 3689 δὲ
426 3638 836 3709 κεχειροτόνητο
867 3637 1128 3701 διάκονος.
1163 3637 1322 3705 Λέγει
1352 3632 1444 3690 οὖν
1471 3639 1498 3690 ὁ
1524 3636 1718 3705 Θεόφι-

157 3730 260 3792 λος,
306 3730 387 3782 ἇτι
433 3730 529 3783 ἐὰν
562 3731 595 3798 ή
639 3729 775 3800 γυνὴ
824 3728 1161 3799 ἐτελεύτησε,
1206 3728 1301 3782 καὶ
1348 3729 1484 3799 μετὰ
1518 3727 1579 3782 τὺ
1624 3728 1720 3799 βά-

157 3839 362 3892 πτισμα
396 3822 497 3876 οὑκ
536 3822 803 3893 ἐχρήσατο
842 3822 978 3893 αὐτῇ
1001 3861 1016 3887 ,
1082 3821 1287 3893 μενέτω
1329 3821 1605 3885 διάκονος,
1644 3821 1720 3884 ὡς

156 3913 243 3966 τοῦ
277 3914 431 3981 ἁγίου
460 3913 834 3984 βαπτίσματος
873 3911 942 3966 τὰ
986 3912 1092 3985 πρὸ
1141 3911 1332 3965 τούτου
1380 3911 1718 3983 καθάραντος

114 4023 118 4027 ‘
156 4008 545 4078 ἁμαρτήματα.
604 4006 666 4058 Εἰ
716 4004 773 4057 δέ
824 4002 1012 4067 πιστὸς
1053 4004 1129 4058 ὣν
1179 4005 1316 4073 μετὰ
1341 4002 1401 4058 τὸ
1435 4004 1718 4074 βάπτισμα

154 4099 304 4172 ἔσχεν
359 4100 568 4172 αὐτὴν,
612 4097 931 4170 ἐκϐληθήτω
983 4099 1077 4152 τοῦ
1137 4098 1359 4171 κλήρου.
1412 4096 1502 4170 Τῷ
1552 4099 1607 4153 δὲ
1658 4098 1715 4164 ἐξ

154 4192 371 4260 ἀγνοίας
418 4192 582 4247 αὐτὸν
627 4193 1060 4263 χειροτονήσαντι
1102 4193 1166 4245 ἐκ
1206 4191 1394 4244 τούτου
1443 4189 1610 4259 βλάϐη
1654 4189 1714 4242 οὺ

157 4288 603 4358 προσγενήσεται.
638 4284 712 4337 Τὸ
747 4286 822 4345 δέ,
864 4286 918 4336 ei
958 4283 1298 4351 κεκοίμηται
1340 4282 1378 4347 ή
1420 4278 1597 4348 γυνὴ,
1641 4273 1717 4331 εἴ-

156 4394 270 4443 πεν,
311 4378 389 4441 ὡς
437 4377 579 4431 οὕτω
632 4375 1033 4447 συμϐεϐηκέναι
1084 4373 1400 4443 λεγόμενον
1448 4370 1716 4438 ἐπείτοιγε

154 4471 254 4523 κᾶν
282 4470 436 4534 ζῶσα
458 4465 524 4540 ἦν
551 4468 645 4522 καὶ
676 4467 814 4539 μετὰ
850 4466 912 4519 τὸ
937 4465 1214 4536 βάπτισμα
1250 4464 1350 4516 οὐκ
1378 4462 1517 4531 ἔγνω
1549 4462 1716 4533 αὐτὴν

155 4566 180 4615 ὁ
206 4562 454 4630 Πανοὺφ,
482 4560 615 4615 ἀλλὰ
646 4560 740 4614 καὶ
766 4556 1126 4628 ἀπεπέμψατο
1156 4555 1342 4627 αὐτὴν,
1368 4554 1595 4609 ἠδύνατο
1623 4554 1714 4608 καὶ

156 4653 320 4718 οὕτως
351 4649 493 4707 εἶναι
522 4652 783 4713 διάκονος.

738 4750 995 4818 ’ΚΑΝΩΝ
1028 4765 1107 4820 E'.

219 4857 358 4924 Περὶ
405 4854 614 4910 Ἰακὼϐ
642 4853 757 4923 χρὴ
793 4853 1061 4924 ζητῆσαι.
1090 4855 1158 4907 El
1192 4850 1582 4922 ἀναγνώστης
1609 4848 1707 4922 ἦν,

154 4947 245 5000 καὶ
279 4944 611 5016 ἐγκλήματι
646 4944 925 5012 πορνείας
963 4944 1302 5008 ὑπεύθυνος
1324 4940 1582 5011 ἐδείχθη,
1612 4941 1710 4994 καὶ

152 5039 308 5106 παρὰ
324 5037 446 5090 τῶν
468 5035 879 5107 πρεσϐυτέρων
900 5035 1212 5104 ἐξεϐλήθη,
1237 5030 1365 5088 εἶτα
1384 5032 1711 5103 κεχειροτό-

151 5147 320 5200 νηται
367 5125 574 5196 οὗτος,
611 5128 1011 5191 ἑκϐαλλέσθω,
1062 5126 1340 5195 ἀκριϐοῦς
1381 5123 1710 5189 ἐξετάσεως

149 5221 496 5293 γενομένης,
526 5220 625 5275 καὶ
642 5217 728 5288 μὴ
749 5220 938 5289 μόνον
965 5217 1034 5271 ἐκ
1060 5212 1435 5286 ψιθυρισμῶν
1462 5213 1502 5281 ἢ
1536 5229 1709 5266 κακο-

147 5314 365 5387 λογιῶν
412 5313 681 5382 ὑποψίας
705 5313 794 5374 είς
837 5311 1021 5366 αὐτὸν
1053 5308 1394 5378 γενομένης.
1424 5309 1495 5361 El
1533 5304 1600 5360 δὲ
1621 5304 1706 5373 μὴ

146 5408 407 5476 εὑρεθείη
439 5406 798 5470 ὑπεύθυνος,
816 5402 1038 5473 μενέτω
1055 5402 1124 5456 ἐν
1144 5398 1225 5466 τῷ
1248 5400 1473 5481 κλήρῳ·
1504 5401 1575 5453 οὐ
1600 5397 1708 5469 γὰρ

147 5498 240 5554 δεῖ
268 5500 396 5566 ταῖς
417 5498 701 5570 ματαίαις
725 5493 1025 5561 διαϐολαῖς
1048 5493 1391 5563 προσέχειν.

208 5614 408 5669 ΒΔΔΣ.
453 5610 649 5667 Ἰακώϐ
677 5627 762 5674 τις
792 5607 1138 5679 ἁναγνὼστης
1170 5606 1384 5675 ἐλέγετο
1428 5600 1584 5669 εἶναι,
1611 5603 1706 5658 καὶ

144 5707 231 5761 ἰπὶ
256 5705 514 5779 πορνείας
549 5701 923 5772 διαϐληθῆναι,
966 5700 1059 5755 καὶ
1096 5697 1423 5769 ἐκϐληθῆναι
1447 5698 1540 5750 τοῦ
1574 5695 1705 5766 κλή-

146 5817 256 5871 ρου,
286 5796 403 5856 εἶτα
434 5801 516 5864 είς
543 5794 764 5870 μείζονα
791 5791 1223 5865 χειροτονηθῆναι
1251 5789 1474 5861 βαθμὸν.
1499 5788 1701 5863 Γράφει

1895 3439 2085 3495 BALS.
2119 3438 2410 3493 Dicebatur
2447 3437 2671 3508 Panuph
2719 3445 3008 3507 antequam
3045 3448 3191 3492 esset
3217 3440 3389 3508 bapti-

1822 3543 1976 3589 zatus
2002 3533 2159 3589 [atris
2189 3531 2273 3587 sui
2317 3532 2480 3586 tiliam
2524 3546 2747 3586 uxorem
2784 3530 3029 3585 duxisse.
3082 3531 3390 3601 Baptizatus

1821 3636 1998 3679 autem
2029 3625 2292 3679 diaconus
2338 3623 2623 3677 ordinatus
2652 3623 2852 3677 fuerat.
2880 3620 3017 3677 Dicit
3057 3639 3186 3694 ergo
3221 3623 3392 3679 Thec-

1822 3718 2021 3788 philus,
2055 3718 2198 3787 quod
2253 3715 2299 3769 si
2350 3714 2546 3771 mulier
2587 3730 2619 3770 e
2656 3715 2769 3770 vita
2824 3716 3146 3778 excesserit,
3182 3725 3235 3769 et
3265 3730 3387 3786 post

1821 3811 2148 3880 baptismum
2200 3824 2264 3864 ea
2321 3824 2430 3863 non
2489 3823 2623 3863 usus
2673 3807 2765 3872 sit,
2823 3816 3040 3861 maneat
3082 3806 3380 3871 diaconus;

1821 3919 2012 3974 nempe
2036 3918 2157 3958 cum
2180 3909 2403 3958 sanctus
2438 3900 2741 3970 baptismus
2777 3899 2957 3952 omnia
2999 3908 3219 3967 peccata
3251 3918 3386 3969 prw~

1818 3997 2072 4052 cedentia
2102 3997 2298 4051 deleat.
2333 3994 2431 4049 Sin
2465 4000 2670 4057 autem,
2701 4006 2825 4045 cum
2869 3997 3015 4044 esset
3044 3990 3237 4053 ﬁdelis,
3283 4008 3378 4044 seu

1820 4100 1941 4159 post
1997 4090 2345 4160 baptismum,
2384 4102 2504 4141 eam
2547 4084 2755 4142 habuit.
2796 4082 2945 4136 clero
2993 4080 3260 4148 ejiciatur.
3320 4085 3378 4137 Ei

1820 4191 2023 4245 autem,
2074 4183 2165 4250 qui
2212 4196 2335 4235 eum
2374 4177 2613 4232 insciens
2648 4173 2943 4235 ordinavit,
3006 4173 3380 4243 prtejutlicium

1819 4289 1925 4328 non
1972 4270 2241 4326 aﬂ‘eretur.
2303 4269 2440 4324 Illud
2486 4275 2665 4321 autem
2700 4283 2714 4321 :
2750 4264 2810 4320 Si
2852 4266 3098 4319 muliere
3129 4268 3236 4320 vita
3282 4269 3381 4320 ini-

1823 4366 2008 4437 grarit,
2053 4364 2208 4427 dicit,
2239 4371 2424 4434 utpote
2458 4360 2716 4431 quoniam
2747 4358 2820 4413 ita
2866 4360 3112 4416 evenisse
3156 4361 3375 4415 dicitur.

1827 4458 1958 4513 Nam
1989 4458 2091 4514 etsi
2123 4458 2283 4513 etiam
2314 4462 2437 4526 post
2468 4455 2800 4524 baptismum
2842 4452 3090 4516 vixisset,
3131 4467 3229 4507 nec
3260 4469 3379 4507 eam

1742 4516 1797 4578 θ
1829 4551 2051 4621 Panupli
2098 4516 2465 4620 cognovisset,
2496 4545 2590 4601 sed
2619 4546 2792 4616 ipsam
2812 4545 2976 4600 etiam
3004 4545 3379 4612 amandasset;

1823 4643 2088 4715 potuisset
2115 4642 2196 4697 sic
2219 4655 2434 4712 quoque
2462 4653 2587 4693 esse
2621 4638 2905 4692 diaconus.

2434 4754 2659 4810 CANON
2690 4752 2754 4808 ν.

1886 4854 1963 4909 De
1988 4850 2153 4905 Jacob
2182 4864 2413 4919 quwrere
2443 4854 2661 4914 oportet.
2696 4842 2757 4897 Si
2791 4844 2929 4895 enim
2974 4844 3134 4894 lector
3164 4851 3298 4901 erat,
3328 4851 3377 4894 et

1816 4945 2020 5000 crimini
2056 4941 2418 5012 fornicationis
2446 4938 2611 5007 fuisse
2638 4951 2754 4987 eum
2786 4933 3087 4999 obnoxium,
3113 4943 3375 4985 ostensum

1817 5039 1909 5101 sit,
1939 5045 1989 5089 et
2028 5052 2060 5088 a
2086 5030 2399 5104 presbyteris
2436 5028 2501 5081 sit
2545 5027 2758 5095 ejectus,
2798 5022 2982 5078 deinde
3029 5024 3076 5077 is
3108 5032 3186 5076 est
3226 5022 3380 5074 ordi-

1818 5136 1994 5186 natus,
2034 5124 2312 5193 ejiciatur;
2346 5126 2598 5173 accurata
2634 5115 3020 5169 examinatione
3065 5113 3242 5181 facta;
3273 5130 3373 5166 non

1818 5231 1989 5273 autem
2015 5231 2081 5271 ex
2120 5215 2352 5270 susurris
2385 5210 2463 5266 vel
2496 5207 2791 5263 maledictis
2825 5214 2942 5260 orta
2971 5206 3026 5258 in
3055 5221 3171 5258 eum
3198 5208 3373 5273 suspi-

1814 5315 1977 5365 cione.
2010 5308 2105 5363 Sin
2147 5317 2320 5361 autem
2351 5321 2455 5359 non
2485 5302 2645 5373 fuerit
2687 5301 2922 5355 inventus
2967 5299 3176 5352 crimini
3209 5298 3370 5352 obno-

1812 5405 1951 5466 xius,
1986 5409 2192 5455 maneat
2236 5400 2291 5451 in
2337 5398 2493 5450 clero.
2528 5393 2707 5466 Neque
2741 5394 2876 5448 enim
2904 5392 3052 5446 vanis
3092 5391 3372 5445 calumniis

1813 5496 2047 5548 animum
2080 5492 2322 5546 adhibere
2351 5496 2569 5558 oportet.

1881 5604 2077 5661 BALS.
2105 5602 2273 5658 Iacob
2306 5601 2527 5672 quidam
2568 5599 2739 5655 lector
2768 5597 2940 5652 fuisse
2977 5595 3282 5657 dicebatur,
3317 5602 3370 5648 et

1812 5706 2033 5771 propter
2062 5695 2469 5751 fornicationem
2497 5693 2642 5748 clero
2670 5706 2793 5747 esse
2821 5688 3048 5759 ejectus,
3078 5696 3132 5743 et
3176 5687 3371 5743 deinde

1813 5792 1881 5848 ad
1920 5789 2179 5861 majorem
2213 5786 2437 5858 gradum
2466 5786 2635 5842 fuisse
2664 5784 2967 5840 ordinatus.
3002 5780 3201 5835 Scribit
3237 5794 3367 5850 ergo
