3976 6332
580 294 650 349 59
1599 281 1963 337 THEOPHILI
2007 279 2307 335 EPISCOPI
2348 274 2809 333 ALEXANDRlNl
3735 270 3800 326 1,0

576 404 904 475 Theophilus
944 403 1187 473 diligenti
1243 400 1642 455 examinatione
1698 402 1871 463 facta,
1922 400 1967 453 si
2016 415 2138 453 eum

2265 393 2332 451 ιῦν
2373 398 2402 448 ὀ
2435 396 2709 463 Θεόφιλος,
2742 396 2824 447 ὅτι
2856 392 3148 457 ἐξετάσεως
3193 389 3450 460 ἀκριϐοῦς
3488 393 3802 458 γενομένης,

578 514 830 570 peccasse
850 504 1185 566 compertum
1206 493 1391 555 fuerit,
1416 493 1562 545 clero
1583 492 1846 561 ejiciatur.
1866 490 1981 543 Non
2001 490 2144 544 enim

575 596 786 659 oportet
818 606 885 644 ex
944 589 1186 642 susurris
1235 601 1332 640 seu
1379 584 1733 639 clandestinis
1781 583 2143 645 sermonibus,

575 680 657 732 \el
688 677 991 731 maledictis
1019 692 1113 730 seu
1139 674 1342 744 apertis
1369 673 1632 727 conviciis
1662 681 1780 725 orta
1814 672 2143 740 suspicione,

575 767 927 821 enndeinnari
993 766 1249 834 aliquem.
1311 761 1466 826 Quod
1509 763 1555 816 si
1617 776 1783 815 causa
1840 760 2145 815 examinata

583 861 769 913 insons
804 865 1115 926 compertus
1150 854 1332 916 fuerit,
1362 860 1576 907 maneat
1599 852 1652 905 in
1676 852 1841 906 clero.

1182 961 1413 1018 CANON
1456 960 1547 1016 Vl.

652 1085 725 1139 De
759 1085 823 1137 iis
849 1082 936 1153 qui
957 1081 1242 1135 ordinandi
1262 1091 1379 1135 sunt
1403 1080 1514 1135 haec
1535 1081 1634 1135 erit
1663 1080 1836 1149 forma
1859 1094 1877 1131 :
1907 1076 1972 1130 Ut
1994 1076 2147 1147 quid-

575 1174 702 1244 quid
732 1183 808 1227 est
842 1171 1190 1226 sacerdotalis
1232 1170 1434 1224 ordinis
1473 1170 1767 1223 consentiat
1798 1178 1846 1221 et
1884 1167 2062 1236 eligat,
2099 1174 2148 1219 et

580 1279 703 1320 tunc
755 1268 1026 1335 episcopus
1082 1266 1370 1329 examinet,
1419 1263 1499 1317 vel
1542 1264 1589 1318 ei
1636 1261 1797 1315 etiam
1840 1260 2148 1313 assentiente

578 1358 903 1412 sacerdotali
952 1355 1134 1410 ordine
1165 1357 1220 1409 in
1266 1356 1437 1409 media
1488 1355 1710 1442 ecclesia
1745 1353 1972 1415 ordinet,
2009 1369 2146 1422 pra:-

577 1463 720 1505 sente
753 1451 963 1518 populo,
997 1460 1046 1503 et
1071 1451 1310 1519 episcopo
1341 1448 1658 1517 alloquente,
1696 1463 1764 1498 an
1792 1448 1952 1500 etiam
1984 1447 2148 1512 possit

576 1542 625 1593 ei
651 1544 872 1609 populus
914 1540 1051 1607 ferre
1084 1540 1457 1593 testimonium.
1494 1537 1777 1592 Ordinatio
1827 1548 2000 1590 autem
2044 1553 2145 1588 non

580 1632 676 1699 [iat
719 1630 1038 1683 clanculum.
1078 1626 1315 1680 Ecclesia
1363 1625 1499 1678 enim
1533 1641 1712 1692 paceni
1758 1622 1972 1677 habente
2005 1623 2147 1676 deret

2248 492 2340 543 ἐὰν
2388 490 2580 560 εὑρεθῇ
2615 486 2969 559 ἡμαρτηκὼς,
3009 485 3327 554 ἐκϐληθήτω
3367 482 3456 534 τοῦ
3488 482 3713 550 κλήροψ
3746 485 3807 533 c3

2246 582 2325 634 δεῖ
2350 581 2457 651 γὰρ
2489 583 2551 633 ἐκ
2584 579 2925 649 ψιθυρισμῶν
2949 579 3065 648 ἦτοι
3098 575 3423 636 καταλαλιᾶς
3459 573 3737 642 λαθραίας,
3770 575 3802 643 ἦ

2248 671 2576 738 κακολογιῶν
2603 672 2720 740 ἦτοι
2761 668 3034 740 λοιδοριῶν
3063 665 3307 737 φανερῶν
3344 665 3575 733 ὑποψίας
3599 664 3808 733 γινομέ-

2248 783 2344 834 νης
2378 762 2796 833 κατακρίνεσθαί
2823 779 2960 815 τινα.
2986 762 3049 815 Εἰ
3072 760 3128 812 δὲ
3153 761 3250 830 τῆς
3295 758 3598 820 ὑποθέσεως
3630 755 3809 820 ἐξετα-

2248 855 2480 925 ζομένης
2511 854 2797 917 ἀνεύθυνος
2822 852 3088 923 εὑρεθείη,
3118 852 3321 922 μενέτω
3352 852 3409 903 ἐν
3435 849 3513 919 τῷ
3533 848 3738 919 κλήρῳ.

2839 964 3078 1017 ΚΑΝΩΝ
3125 960 3217 1029 (Γ.

2316 1080 2453 1146 Περὶ
2506 1079 2625 1133 τῶν
2687 1082 3036 1150 μελλόντων·
3109 1074 3573 1148 χειροτονεῖσθαι
3634 1068 3810 1139 οὗτος

2247 1171 2416 1225 ἔσται
2446 1172 2633 1237 τύπος
2658 1187 2672 1203 ο
2705 1172 2882 1226 Ὥστε
2911 1169 3033 1226 πᾶν
3062 1169 3129 1223 τὸ
3158 1168 3445 1236 ὶερατεῖον
3472 1164 3812 1235 συμφωνεῖν

2249 1265 2347 1317 καὶ
2389 1263 2699 1333 αΙρεῒσθαι,
2735 1264 2831 1317 καὶ
2882 1266 3013 1319 τότε
3055 1262 3162 1317 τὸν
3196 1262 3531 1315 ἐπίσκοπον
3576 1254 3814 1326 darequi-

2249 1354 2385 1419 ζειν,
2420 1356 2457 1421 ἢ
2478 1357 2574 1410 καὶ
2600 1354 3036 1420 συναινοῦντος
3066 1352 3225 1418 αὐτῷ
3253 1351 3359 1407 τοῦ
3383 1354 3459 1418 leg,
3470 1349 3668 1403 ατείου
3701 1364 3815 1416 χει-

2239 1444 2514 1512 ροτονεῖν
2567 1446 2634 1500 ἐν
2686 1446 2841 1517 μέσῃ
2893 1436 3327 1514 τῇὲκκλησίᾳ,
3378 1441 3671 1508 παρόντος
3710 1438 3813 1492 τοῦ

2246 1538 2419 1600 λαοῦ,
2450 1538 2547 1592 καὶ
2580 1537 3084 1607 προσφωνοῦντος
3115 1536 3222 1589 τοῦ
3253 1534 3610 1593 ἐπισκόπου,
3640 1533 3691 1585 εί
3721 1531 3813 1582 καὶ

2248 1633 2280 1681 ὁ
2312 1628 2461 1693 λαὸς
2503 1628 2748 1681 δύναται
2786 1625 2944 1691 αὐτῷ
2980 1623 3322 1694 μαρτυρεῖν.
3378 1620 3718 1689 Χειροτονια
3752 1616 3817 1671 δὲ

580 1723 919 1789 prwsentibus
971 1719 1171 1772 sanctis
1221 1715 1580 1770 ordinationes
1631 1716 1746 1784 ﬁeri
1798 1716 1850 1767 in
1891 1715 2140 1768 ecclesiis.

2265 1721 2539 1787 ίαθραίως
2566 1719 2651 1787 μὴ
2682 1719 2953 1789 γινέσθω.
2994 1716 3109 1785 Τῆς
3132 1717 3241 1786 γὰρ
3281 1714 3639 1780 Ἑκκλησίας
3664 1708 3817 1776 sipri-

579 1814 644 1868 .’::
674 1815 875 1883 regione
910 1823 1083 1865 autem
1126 1811 1173 1864 si
1210 1811 1300 1879 qui
1346 1810 1473 1875 sint,
1519 1809 1608 1879 qui
1642 1808 2140 1860 comnmnicanlium

578 1906 770 1957 animis
827 1900 1369 1963 communicaverint;
1429 1914 1531 1951 non
1589 1898 1745 1949 aliter
1812 1896 2142 1962 ordinentur,

2241 1828 2356 1877 νην
2368 1811 2628 1878 ἐχούσης
2643 1810 2850 1877 πρέπει
2867 1811 3178 1877 παρόντων
3191 1805 3308 1859 τῶν
3322 1806 3501 1874 ἁγίων
3516 1803 3621 1867 τὰς
3635 1816 3818 1870 χειρο-

2238 1903 2439 1966 τονίας
2470 1902 2569 1955 ἐπὶ
2617 1902 2744 1967 ταῖς
2773 1901 3124 1969 ἐκκλησίαις
3165 1888 3455 1969 τίνεσθαι.
3503 1896 3604 1977 Ἐκ
3643 1888 3711 1944 δὲ
3748 1889 3818 1958 τῇ

576 2009 733 2050 quam
765 1991 857 2055 iis,
897 1992 986 2061 qui
1022 1999 1144 2044 sunt
1172 2004 1285 2042 uere
1316 1986 1595 2040 orthodoxi
1616 1986 1813 2047 clerici,
1839 1988 2149 2038 examinan-

2266 1993 2460 2059 πνορίᾳ,
2488 1996 2539 2045 εὶ
2563 1992 2679 2061 μὲν
2701 1990 3179 2058 κοινωι·ήσαντές·
3207 1990 3328 2043 εισι
3351 2006 3507 2053 τινες
3538 1985 3668 2049 ταῖς
3704 1980 3822 2036 τῶν

582 2086 741 2145 tibus,
777 2092 1031 2151 prwsente
1056 2097 1241 2133 rursus
1274 2079 1532 2149 episcopo,
1568 2087 1618 2131 et
1640 2084 1945 2145 prwsenlem
1977 2092 2146 2144 popu-

585 2192 689 2242 lum
725 2174 1036 2242 alloquente,
1072 2188 1133 2225 ne
1160 2170 1451 2224 intercedat
1484 2170 1666 2239 aliqua
1692 2169 2079 2221 circumventio.

2246 2083 2739 2149 κοινωνησάντων
2793 2082 3071 2152 γνώμαις,
3109 2080 3195 2150 μὴ
3231 2080 3431 2144 ἄλλως
3473 2072 3821 2148 χειροτονεί-

2247 2178 2512 2240 σθωσιιν,
2542 2174 2699 2227 ἀλλὰ
2733 2173 2851 2226 τῶν
2884 2172 3121 2239 ἀληθῶς
3160 2172 3489 2239 ὀρθοδόξων
3527 2161 3824 2235 κληρικῶν

583 2265 1027 2334 δοκιμαζόντων,
1057 2263 1352 2330 παρόντος
1375 2260 1560 2315 πάλιν
1614 2260 1717 2314 τοῦ
1742 2261 2077 2313 ἐπισκόπου
2111 2263 2205 2315 καὶ
2244 2268 2747 2334 προσφωνοῦντος
2784 2266 3031 2333 παρόντι
3062 2262 3142 2329 τῷ
3178 2263 3328 2329 λαῷ,
3358 2265 3457 2316 ἵνα
3513 2260 3599 2330 μὴ
3630 2258 3825 2328 μέσον

582 2359 899 2429 περιδρομή
926 2376 1016 2423 τις
1046 2357 1288 2428 γένηται

655 2473 847 2527 BALS.
882 2473 957 2527 De
997 2473 1063 2529 iis
1103 2472 1197 2543 qui
1233 2473 1290 2525 in
1349 2472 1497 2527 clero
1547 2472 1831 2526 ordinandi
1889 2479 2019 2527 sunt
2060 2469 2153 2523 dat

583 2576 796 2639 typum,
833 2574 887 2620 et
920 2565 1053 2619 dicit
1088 2565 1231 2635 quod
1262 2572 1476 2633 oportet
1511 2579 1633 2618 eum
1666 2565 1758 2632 qui
1790 2574 1873 2617 est
1902 2564 2155 2617 ordinan-

585 2663 687 2715 dus
720 2674 750 2713 a
794 2667 908 2713 ιοιο
953 2657 1145 2711 ordine
1190 2655 1516 2711 sacerdotali
1555 2656 1704 2725 eligi,
1744 2656 1847 2710 hoc
1886 2665 1990 2720 est,
2021 2670 2155 2708 una-

586 2750 719 2805 nimi
749 2764 1018 2803 consensu
1052 2748 1340 2816 approbari
1376 2754 1428 2800 et
1455 2746 1735 2815 praalcrri,
1767 2756 1820 2800 et
1849 2761 1972 2800 cum
2009 2748 2156 2816 ejus-

587 2841 732 2895 modi
762 2841 1004 2895 delectus
1039 2839 1107 2893 de
1148 2854 1213 2893 eo
1259 2839 1436 2893 lactus
1476 2837 1659 2901 fuerit,
1700 2848 1829 2891 tunc
1872 2840 2050 2908 ipsum
2087 2837 2155 2891 ab

585 2936 842 3004 episcopo
891 2930 1212 2992 examinari,
1248 2938 1300 2982 et
1339 2928 1556 2999 quando
1609 2928 1687 2981 illi
1730 2942 1946 2996 quoque
1995 2927 2156 2978 homo

2327 2469 2519 2522 ΒΑΛΣ.
2556 2469 2687 2539 Περὶ
2704 2467 2812 2521 τῶν
2844 2466 3143 2538 μελλόντων
3166 2469 3585 2539 χειροτονεῖσθαι
3606 2474 3664 2524 ἐν
3691 2472 3823 2542 κλή-

2260 2580 2337 2632 ρῳ
2383 2561 2561 2613 δίδωσι
2606 2561 2795 2622 τύπον,
2850 2561 2943 2612 καί
2986 2578 3149 2631 φησιν
3181 2561 3263 2613 ὅτι
3315 2560 3395 2612 δεῖ
3445 2563 3535 2614 τὸν
3567 2563 3826 2633 μέλλοντα

2257 2652 2671 2722 χειροτονεῖσθαι
2699 2654 2848 2723 παρὰ
2871 2653 3070 2715 παντὸς
3097 2653 3359 2724 ἰερατείου
3389 2655 3679 2725 αἱρεῖσθαι,
3710 2658 3827 2710 ἀντὶ

2259 2745 2351 2797 τοῦ
2383 2743 2767 2815 προκρίνεσθαι
2807 2742 3126 2814 συμφώνως,
3168 2745 3309 2799 οὕτω
3338 2745 3395 2798 δὲ
3442 2748 3823 2817 προκριθέντα.

2258 2835 2377 2888 τότε
2424 2836 2809 2905 δοκιμάζεσθαι
2858 2837 3020 2889 αὑτὸν
3063 2837 3211 2907 παρὰ
3240 2837 3332 2890 τοῦ
3380 2839 3700 2901 ἐπισκόπου,
3738 2840 3827 2891 καὶ

2260 2930 2347 2980 ὅτε
2374 2928 2606 2998 κάκείνῳ
2627 2929 2764 2992 δόξει
2789 2932 2817 2980 ὁ
2839 2930 3120 3000 ἄνθρωπος
3145 2930 3443 2999 ἐπιτήδειος
3481 2932 3561 2993 εὶς
3587 2936 3827 3001 χειροτο-

590 3032 739 3081 visus
769 3026 929 3079 fuerit
964 3035 1122 3093 aptus
1159 3030 1217 3076 ut
1247 3020 1551 3084 ordinetur,
1581 3027 1712 3071 tunc
1758 3032 1881 3071 eum
1912 3015 2156 3069 ordinari

2265 3023 2397 3087 νίαν,
2429 3023 2549 3075 τότε
2604 3024 3023 3093 χειροτονεῖσθαι
3069 3024 3369 3076 συναινέσει
3400 3025 3494 3076 τοῦ
3539 3026 3826 3095 ίερατείου,

588 3131 864 3169 consensu
911 3113 1259 3169 sacer-dolatis
1292 3110 1520 3170 ordinis,
1560 3116 1825 3178 praesente
1853 3106 2017 3161 etiam
2057 3119 2157 3175 po-

592 3206 741 3275 pulo.
769 3204 879 3258 Cur
915 3214 1092 3257 autem
1136 3204 1294 3266 dixit,
1333 3217 1455 3254 eum
1492 3199 1853 3254 ordinandum
1887 3211 2158 3250 consensu

592 3296 943 3351 sacerdotalis
969 3295 1215 3350 ordinis?
1237 3293 1370 3347 Nam
1402 3306 1525 3346 cum
1556 3305 1585 3343 a
1617 3289 1940 3345 sacerdotali
1971 3287 2162 3341 ordine

590 3391 796 3444 electus
830 3397 933 3451 est,
961 3388 1027 3441 ad
1050 3386 1449 3441 ordinationem
1479 3397 1783 3439 consensus
1811 3396 1919 3435 non
1950 3380 2163 3433 videtur

589 3496 713 3535 esse
747 3478 1114 3533 necessarius.
1150 3476 1255 3530 Sed
1280 3486 1364 3530 est
1386 3474 1682 3529 verisimile
1708 3487 1869 3542 posse
1899 3481 2024 3542 post
2054 3472 2164 3524 ele—

593 3572 827 3625 ctionem
854 3566 1058 3637 aliquid
1081 3566 1341 3635 temporis
1368 3566 1714 3633 praeteriisse,
1738 3572 1793 3618 et
1822 3578 1918 3618 eos
1949 3564 2164 3616 interim

594 3662 689 3731 qui
738 3660 1103 3715 ordinandum
1153 3656 1515 3727 praeiudicant
1574 3655 1867 3711 rescivisse
1919 3653 2164 3723 aliquid,

594 3756 739 3826 quod
786 3756 906 3825 ejus
961 3752 1357 3807 ordinationem
1408 3748 1713 3819 prohibeat.
1738 3747 1804 3800 Et
1867 3746 1991 3803 ideo
2037 3746 2170 3799 dicit

595 3852 743 3917 ipsos
767 3845 1100 3907 consentire,
1120 3850 1173 3897 et
1209 3842 1336 3896 dum
1359 3842 1646 3895 ordinatur
1666 3840 1923 3910 populum
1954 3852 2170 3908 quoque

595 3943 663 3995 ab
691 3940 946 4010 episcopo
976 3935 1323 4005 interrogari,
1358 3950 1426 3987 an
1450 3934 1645 4003 dignus
1676 3934 1766 3996 sit,
1808 3931 1895 3985 cui
1926 3930 2170 3985 testiino-

598 4038 747 4088 nium
771 4032 947 4086 lerunt
978 4028 1047 4083 ad
1088 4027 1514 4082 ordinationem.
1541 4024 1832 4081 Dissuadet
1864 4031 2066 4084 autem,
2103 4039 2170 4075 ne

600 4126 731 4177 iiant
762 4122 1139 4176 ordinationes
1179 4114 1556 4172 clandestinae.
1591 4114 1725 4169 Cum
1767 4114 1934 4176 enim,
1971 4113 2167 4181 inquit,

599 4229 702 4280 pax
730 4221 815 4266 est
843 4214 899 4262 in
940 4208 1205 4273 Ecclesia,
1250 4206 1460 4261 scilicet
1488 4221 1613 4259 cum
1648 4220 1795 4259 nunc
1840 4220 1948 4259 non
1977 4213 2060 4258 est
2091 4204 2171 4257 di-

601 4304 756 4355 visus
777 4299 1010 4369 populus
1029 4297 1372 4351 cessantibus
1390 4297 1709 4361 haeresibus,
1728 4296 1819 4351 sed
1842 4304 1968 4350 sunt
1982 4310 2171 4350 omnes

2260 3113 2524 3184 παρόντος
2551 3115 2643 3165 καὶ
2669 3114 2763 3166 τοῦ
2793 3114 2942 3168 λαοῦ.
2971 3116 3123 3167 Διατί
3151 3116 3195 3167 δ’
3228 3112 3366 3178 εἷπε,
3393 3120 3718 3185 χειροτονεῖν
3743 3118 3830 3169 αύο

2259 3205 2349 3257 τὸν
2375 3205 2678 3257 συναινέσει
2701 3203 2793 3257 τοῦ
2824 3205 3111 3275 ἱερατείου;
3130 3205 3283 3258 Ἐπεὶ
3303 3206 3408 3275 γὰρ
3435 3206 3652 3277 ἐξελέγη
3683 3206 3832 3277 παρὰ

2260 3295 2355 3347 τοῦ
2397 3294 2684 3364 ίερατείου,
2718 3298 2750 3366 ή
2793 3296 2882 3346 ἐπὶ
2916 3296 3217 3366 χειροτονίᾳ
3245 3295 3545 3359 συναίνεσις
3582 3296 3731 3350 δοκεῖ
3761 3296 3831 3367 μὴ

2262 3384 2534 3449 ἀναγκαία
2584 3379 2739 3437 εἶναι.
2788 3383 2925 3434 Ἀλλ’
2960 3384 3102 3446 εἰκὸς
3151 3385 3338 3454 καιρόν
3383 3402 3503 3438 τινα
3548 3386 3686 3456 μετὰ
3738 3386 3832 3453 τὴν

2264 3473 2492 3545 ἐκλογὴν
2508 3474 2815 3543 παρελθεῖν,
2838 3475 2931 3527 καὶ¹
2948 3476 3005 3526 ὲν
3017 3474 3094 3544 τῷ
3115 3476 3264 3543 μέσῳ
3286 3475 3486 3542 γνῶναί
3501 3494 3553 3528 τι
3568 3478 3694 3540 τοὺς
3707 3493 3834 3548 προ-

2265 3565 2545 3630 κρίνοντας
2582 3565 2672 3616 τὸν
2706 3563 2965 3633 μέλλοντα
2997 3564 3433 3634 χειροτονηθῆναι
3468 3567 3672 3620 κωλύον
3692 3565 3833 3634 αὑτῴ

2263 3656 2360 3725 τὴν
2376 3657 2724 3725 χειροτονίαν.
2747 3654 2844 3707 Διὰ
2857 3655 3014 3707 τοῦτο
3037 3651 3130 3707 οὖν
3157 3661 3423 3709 συναινεῖν
3450 3658 3644 3721 αὐτοὺς
3660 3676 3835 3729 κεχει-

2270 3746 2627 3816 ροτονημένου
2658 3746 2819 3799 αὑτοῦ
2848 3743 2988 3810 εἷπε,
3021 3749 3112 3800 καὶ
3140 3746 3230 3800 τόν
3262 3749 3555 3801 ἐπίσκοπον
3597 3752 3690 3803 καὶ
3718 3752 3834 3804 τότε

2269 3841 2602 3908 προσφωνεῖν
2624 3838 2700 3907 τῷ
2716 3837 2848 3908 λαῷ,
2869 3838 3154 3910 ἐρωτῶντα
3178 3841 3224 3892 εἰ
3251 3841 3683 3911 μαρτυρεῖαύτὸν
3705 3843 3836 3913 πρὸς

2268 3928 2597 3997 χειροτονίαν
2626 3926 2795 3992 ἄξιον.
2832 3927 3109 3998 Λαθραίας
3141 3928 3195 3981 δὲ
3234 3931 3564 3999 χειροτονίας
3597 3931 3837 3998 γίνεσθαι

2269 4020 2584 4089 ἀποτρέπει.
2641 4021 2791 4073 Ἐπεὶ
2836 4021 2963 4091 γὰρ,
2996 4021 3179 4091 φησὶν,
3213 4023 3402 4092 εἰρήνη
3437 4023 3552 4074 ἐστὶ
3581 4024 3735 4095 παρὰ
3765 4026 3826 4092 τῇ

2283 4112 2597 4181 Ἐκκλησία,
2620 4112 2785 4181 ἤγουν
2810 4112 2931 4164 ἐπεὶ
2956 4112 3049 4163 νῦν
3074 4113 3133 4165 οὑ
3163 4112 3486 4183 μεμέρισται
3508 4116 3535 4165 ὁ
3558 4114 3685 4179 λαὸς
3711 4132 3839 4169 παυ-

2272 4203 2383 4265 θεὶς
2404 4201 2511 4255 τῶν
2531 4203 2809 4272 αἱρέσεων,
2836 4203 2969 4256 ἀλλὰ
2992 4203 3192 4266 πάντες
3223 4206 3318 4275 τῆς
3346 4206 3621 4277 όρθοδόξου
3649 4207 3839 4277 μοίρας

2276 4295 2405 4356 εἰσὶ,
2434 4294 2634 4359 πάντες
2665 4296 2792 4363 μιᾶς
2818 4294 3030 4347 ἔσονται
3056 4295 3297 4366 γνώμης,
3327 4297 3417 4349 καὶ
3445 4296 3525 4348 δεῖ
3574 4298 3839 4367 παρουσίᾳ

602 4389 919 4445 orthodoxa:
963 4388 1168 4458 partis;
1215 4402 1405 4442 omnes
1462 4386 1626 4439 unius
1665 4394 1826 4440 erunt
1867 4387 2159 4445 scnlcntiw,

2274 4382 2381 4434 τῶν
2408 4382 2577 4449 ἁγίων
2604 4383 2718 4452 ἢτοι
2745 4384 2852 4436 τῶν
2883 4386 3089 4438 πιστῶν
3117 4387 3217 4450 τὰς
3236 4388 3568 4458 χειροτονίας
3597 4388 3840 4457 γίνεσθαι

603 4495 659 4538 et
687 4490 896 4553 oportet
934 4481 988 4534 in
1020 4479 1306 4550 praesentia
1340 4485 1653 4532 sanctorum
1690 4492 1784 4530 seu
1813 4476 2050 4529 ﬁdelium
2080 4490 2169 4529 or-

607 4573 917 4628 diuationes
946 4572 1063 4625 lieri
1107 4572 1162 4625 in
1199 4569 1454 4625 ecclesia.
1486 4566 1722 4622 Sanctos
1766 4573 1947 4619 autem
1991 4566 2171 4620 ﬁdeles

614 4664 922 4735 appellavit,
946 4678 1011 4717 ex
1035 4670 1224 4716 sancto
1252 4660 1355 4714 hoc
1379 4658 1550 4712 Paulo
1579 4672 1881 4711 assumens.
1908 4656 1996 4707 Ille
2028 4657 2170 4708 enim

613 4756 692 4810 sic
723 4753 910 4808 ﬁdeles
945 4752 998 4806 in
1021 4752 1137 4807 suis
1169 4749 1429 4820 Epistolis
1460 4747 1713 4817 appellat.
1745 4744 1869 4798 llaec
1903 4745 2083 4813 itaque
2109 4744 2174 4797 de

614 4848 702 4909 iis,
731 4846 823 4915 qui
857 4847 908 4897 in
948 4843 1177 4896 urbibus
1221 4840 1488 4905 habitant,
1537 4837 1749 4890 videtur
1786 4836 1982 4888 dicere.
2014 4832 2085 4888 De
2108 4834 2175 4887 iis

615 4947 819 5001 autem,
844 4936 935 5005 qui
961 4942 1086 4989 sunt
1116 4934 1169 4986 in
1200 4932 1436 5002 regione,
1465 4946 1557 4984 seu
1584 4929 1637 4981 in
1661 4927 1816 4987 vicis,
1848 4926 1998 4988 dicit,
2029 4926 2175 4995 quod

616 5030 870 5099 quoniam
910 5027 1066 5081 multi
1097 5025 1261 5079 etiam
1303 5023 1455 5076 inviti
1499 5019 1971 5073 communicabant
2003 5019 2175 5072 luere-

617 5122 773 5185 ticis;
804 5132 989 5172 eorum
1032 5123 1212 5170 autem
1246 5112 1399 5165 multi
1434 5108 1665 5162 ﬁdelium
1704 5108 1902 5162 animis
1935 5124 2176 5161 commu-

619 5211 873 5264 nicabant
910 5209 1023 5261 sive
1070 5202 1462 5258 conveniebant
1509 5206 1561 5252 et
1613 5200 2049 5253 assentiebantur
2076 5218 2088 5251 :
2119 5199 2175 5252 Si

617 5302 741 5370 quis
763 5313 945 5353 eorum
972 5297 1041 5351 sit
1068 5290 1400 5347 ordinandus
1429 5290 1483 5343 in
1508 5291 1736 5351 clerum,
1764 5305 1889 5343 eum
1914 5305 2019 5342 non
2043 5290 2176 5343 alias

619 5386 1000 5449 ordinandum,
1032 5395 1193 5450 quam
1228 5394 1349 5432 cum
1398 5378 1785 5448 approbatione
1829 5378 2172 5444 clericorum,

620 5492 758 5545 quos
789 5480 1002 5529 constat
1033 5485 1154 5525 esse
1190 5469 1545 5535 orthodoxos,
1579 5476 1844 5538 praesente
1872 5470 2034 5523 etiam
2065 5469 2177 5537 epi-

622 5581 811 5636 scOpo,
840 5574 894 5619 et
927 5564 1233 5633 alloquente
1267 5561 1547 5632 populum,
1584 5570 1645 5615 ut
1685 5559 1939 5631 superius
1972 5560 2174 5613 dictum

619 5668 727 5715 εει.
762 5656 883 5711 llaec
912 5663 1088 5710 autem
1122 5654 1253 5711 dicit
1280 5653 1417 5720 ﬁeri,
1444 5670 1511 5710 ne
1540 5653 1838 5713 intercedat
1864 5654 2043 5727 aliqua
2070 5654 2175 5708 cir-

2277 4473 2363 4523 ὲπ’
2403 4473 2711 4543 ἐκκλησίας.
2751 4475 2964 4543 Ἀγίους
2993 4474 3049 4527 δὲ
3077 4477 3203 4538 τοὺς
3232 4478 3455 4539 πιστοὺς
3474 4477 3750 4540 ἐκάλεσεν,
3781 4477 3841 4527 ἐκ

2275 4562 2367 4615 τοῦ
2403 4562 2687 4615 θεσπεσίου
2734 4564 2945 4616 Παύλου
2983 4564 3142 4617 τοῦτο
3181 4565 3538 4635 παραλαϐών
3567 4567 3710 4621 οὕτω
3737 4567 3841 4633 γὰρ

2277 4656 2526 4716 κάκεῖνος
2552 4656 2608 4706 ἐν
2630 4659 2749 4719 ταῖς
2783 4656 3117 4720 Ἐπιστολαῖς
3145 4657 3308 4711 αὑτοῦ
3332 4662 3458 4722 τοὺς
3489 4659 3712 4722 πιστοὺς
3732 4659 3840 4708 ὀνο-

2281 4748 2457 4818 μάζει.
2490 4749 2673 4802 Ταῦτα
2733 4751 2830 4821 μὲν
2876 4747 2968 4804 οὖν
2997 4754 3124 4824 περὶ
3173 4753 3280 4806 τῶν
3328 4755 3386 4807 ἐν
3419 4755 3634 4807 πόλεσιν
3678 4755 3842 4808 ὄντων

2278 4840 2419 4893 ἔοικε
2454 4840 2649 4908 λέγειν.
2681 4842 2814 4911 Περὶ
2840 4841 2895 4895 δὲ
2925 4843 3031 4895 τῶν
3070 4846 3127 4897 ὲν
3159 4847 3223 4914 τῇ
3265 4844 3462 4914 ὲνορίᾳ,
3504 4846 3618 4915 ἤτοι
3645 4846 3751 4897 τῶν
3786 4843 3841 4893 ἐν

2276 4933 2341 5001 τῇ
2373 4929 2543 5002 χώρα,
2572 4934 2752 5002 φησὶν,
2781 4933 2866 4985 ὅτι
2893 4933 3014 4984 ἐπεὶ
3043 4932 3226 4985 πολλοὶ
3256 4937 3365 4995 τοῖς
3388 4935 3680 5004 αἱρετικοῖς
3706 4937 3837 4987 ὲκοιυ

2279 5021 2478 5075 νώνουν
2509 5024 2603 5077 καὶ
2634 5024 2874 5087 ἄκοντες,
2904 5024 3011 5076 τῶν
3039 5022 3288 5076 τοιούτων
3317 5024 3372 5075 δὲ
3406 5025 3587 5079 πολλοὶ
3619 5027 3726 5079 τῶν
3754 5041 3840 5077 πι-

2280 5114 2418 5167 στῶν
2450 5113 2763 5167 ἐκοινώνουν
2787 5117 2904 5175 ταῖς
2932 5112 3196 5182 γνώμαις,
3224 5114 3392 5182 ἦγουν
3424 5118 3840 5185 συγκατέϐαινον

2278 5202 2372 5254 καὶ
2409 5203 2667 5274 συνῄνουν
2689 5220 2702 5232 ⁸
2735 5203 2796 5255 Εἰ
2842 5204 2905 5253 ἐκ
2937 5204 3140 5254 τούτων
3188 5202 3369 5271 μέλλει
3405 5223 3488 5269 τις
3532 5206 3842 5278 χειροτονεῖ-

2281 5292 2403 5345 σθαι
2430 5297 2508 5357 εἱς
2543 5295 2632 5347 τὸν
2666 5294 2882 5365 κλῆρον,
2922 5293 2995 5363 μὴ
3026 5292 3199 5357 ἄλλως
3231 5299 3666 5368 χειροτονεῖσθαι,
3692 5299 3739 5350 εί
3771 5292 3842 5364 μὴ

2282 5384 2422 5451 μετὰ
2440 5385 2759 5455 δοκιμασίας
2788 5384 2894 5436 τῶν
2924 5383 3365 5454 ὁμολογουμένως
3400 5387 3694 5458 ὀρθοδόξων
3717 5386 3841 5453 κλη-

2286 5475 2469 5541 ρικῶν,
2495 5476 2755 5545 παρόντος
2781 5473 2875 5527 καὶ
2902 5472 2991 5526 τοῦ
3017 5476 3335 5537 ἐπισκόπου,
3364 5478 3456 5529 καὶ
3477 5473 3846 5549 προσφωνοῦνυ

2280 5582 2371 5627 τος
2396 5564 2473 5634 τῷ
2504 5564 2636 5635 λαῷ,
2671 5566 2744 5627 ὡς
2773 5566 2976 5620 ἄνωθεν
3019 5566 3251 5636 εἴρηται.
3287 5566 3470 5621 Ταῦτα
3501 5571 3556 5623 δὲ
3584 5571 3729 5639 λέγει
3761 5561 3843 5633 γία

2280 5656 2482 5721 νεσθαι,
2521 5657 2605 5709 ἵνα
2640 5656 2713 5727 μὴ
2756 5657 2918 5728 μέσον
2949 5657 3175 5728 γένηταί
3209 5675 3292 5721 τις
3329 5661 3647 5729 περιδρομὴ,
3681 5664 3842 5732 ἤγουν
