3976 6332
188 318 247 373 ιι
1639 296 1979 361 CANONES.
2443 350 2446 353 .
2824 356 2845 375 ,
3374 285 3444 343 te

189 437 371 507 ἀπάτη
399 434 496 490 καὶ
521 430 866 503 συναρπαγὴ,
896 429 990 483 καὶ
1013 424 1360 500 χειροτονηθῇ
1390 442 1470 487 τις
1501 424 1577 496 μὴ
1598 425 1766 493 ὑγιῶς

1907 422 2202 485 umventio,
2230 433 2325 476 seu
2367 419 2519 475 fraus
2547 425 2602 475 et
2635 420 2900 490 abreptis,
2931 425 2984 475 et
3014 417 3301 474 ordinetur
3339 413 3443 469 ali-

189 530 329 600 εχων
350 526 483 597 περὶ
499 524 601 596 τήν
624 522 825 577 πίστιν.

811 630 1052 690 ΚΑΝΩΝ
1089 636 1160 689 Z'.

269 733 347 790 Τὰ
358 730 821 802 προσφερόμενα
834 730 920 793 εἰς
930 728 1116 796 λόγον
1125 726 1362 790 θυσίας,
1380 722 1529 792 μετὰ
1541 723 1612 776 τὰ
1632 722 1773 776 ἀνα-

192 825 532 894 λισκόμενα
550 824 638 888 εις
655 816 906 888 τὴντῶν
926 816 1276 887 μυστηρίων
1296 813 1525 883 χρείαν,
1547 815 1601 866 οἱ
1629 814 1774 878 κλη-

188 919 348 991 ρικοί
401 912 944 987 διανειμάσθωσαν,
992 908 1091 962 καί
1134 906 1286 977 μήτε
1330 905 1776 974 κατηχούμενος

195 1013 265 1066 ἐκ
314 1011 544 1065 τούτων
589 1004 836 1060 ἐσθιέτω
881 998 920 1066 ἢ
966 1000 1200 1065 πινέτω,
1250 998 1409 1054 ἀλλὰ
1457 996 1698 1066 μᾶλλον
1721 998 1775 1048 οἱ

198 1099 472 1169 κληρικοί
496 1098 595 1152 καί
620 1098 673 1151 οι
697 1093 818 1150 σὺν
849 1092 1052 1157 αὐτοῖς
1074 1091 1276 1144 πιστοὶ
1302 1088 1571 1157 ἀδελφοί.

266 1215 475 1269 ΒΔΛΣ,
510 1212 577 1266 Εἴ
599 1228 723 1265 τινα
755 1207 1129 1281 περιττεύουσι
1156 1204 1265 1259 τῶν
1288 1207 1367 1267 εἰς
1397 1202 1585 1256 θυσίαν
1609 1218 1773 1273 προσ·

199 1305 483 1376 αγομένων
516 1303 669 1375 παρὰ
707 1299 813 1353 τῶν
860 1297 1089 1366 πιστῶν,
1132 1295 1268 1368 μετὰ
1302 1295 1370 1348 τὰ
1411 1292 1776 1364 δαπανώμενα

201 1401 281 1461 είς
312 1395 382 1448 τὰ
420 1394 542 1447 θεῖα
597 1391 890 1463 μυστήρια,
936 1391 1052 1449 τοῖς
1108 1386 1388 1458 κληρικοϊς
1431 1386 1543 1436 δεῖν
1582 1383 1774 1446 ταῦτα,

201 1491 355 1561 φησὶ,
392 1485 764 1557 διανέμεσθαι,
810 1482 948 1535 ὥστε
979 1481 1106 1551 παρ’
1147 1481 1326 1542 αὐτοῖς
1381 1476 1655 1530 ἐσθίεσθαι
1686 1477 1780 1529 καὶ

203 1579 482 1641 πίνεσθαις
501 1577 595 1630 καὶ
619 1574 770 1646 παρὰ
782 1574 887 1628 τῶν
910 1571 1115 1625 πιστῶν
1139 1570 1342 1625 luistth
1361 1587 1373 1600 ο
1406 1572 1515 1634 τοῖς
1529 1569 1585 1623 δὲ
1611 1585 1778 1639 κατη-

202 1674 489 1744 χουμένοίς
538 1669 701 1741 μηδὲν
735 1669 792 1735 ἐξ
819 1666 998 1721 αὐτῶν
1018 1665 1272 1719 δίδοσθαι.
1312 1662 1467 1719 Ἐπεὶ
1489 1662 1593 1734 γὰρ
1618 1678 1782 1733 προσο

202 1766 452 1836 ήχθησαν
509 1761 584 1832 τῷ
640 1759 1024 1830 θυσιαστηρίῳ,
1067 1758 1162 1810 καὶ
1216 1754 1276 1820 ἐξ
1333 1754 1512 1809 αὐτῶν
1569 1752 1778 1824 μερίδες

1873 514 2000 585 quis
2027 513 2120 585 qui
2151 527 2258 568 non
2293 521 2439 568 recte
2468 514 2635 568 sentit
2657 513 2724 567 de
2755 512 2878 567 ﬁde.

2461 622 2690 680 cauos
2739 621 2846 678 νυ.
3234 692 3239 697 η

1947 716 2080 784 Qua
2108 718 2161 770 in
2183 716 2439 787 sacriﬁcii
2466 717 2724 770 rationem
2751 713 3067 783 offeruntur,
3092 723 3209 782 post
3231 728 3294 767 ea
3324 725 3443 782 qua!

1876 810 1929 862 in
1966 813 2335 879 mysteriorum
2362 824 2514 862 usum
2551 816 2954 867 consumuntur,
2983 805 3159 859 clerici
3180 804 3442 865 dividant,

1874 908 1923 953 et
1961 914 2053 953 nec
2090 899 2489 952 catechumenus
2518 913 2583 951 ea:
2614 898 2679 950 iis
2721 895 2958 950 comedat
2998 895 3078 950 vel
3124 894 3304 958 bibat,
3351 895 3444 948 sed

1874 992 2047 1047 solum
2071 992 2266 1054 clerici,
2294 1000 2343 1045 et
2373 992 2460 1057 qui
2493 1004 2611 1044 cum
2641 990 2717 1045 eis
2748 997 2871 1043 sunt
2893 988 3075 1058 ﬁdeles
3109 989 3325 1057 fratres.

1950 1193 2145 1249 BALS.
2177 1190 2235 1248 Si
2269 1208 2374 1263 qua
2412 1209 2600 1249 eorum
2655 1208 2777 1264 qua:
2801 1209 2831 1247 a
2862 1193 3112 1249 ﬁdelibus
3142 1191 3208 1248 ad
3246 1191 3438 1249 sacriﬁ-

1875 1288 2020 1341 cium
2070 1285 2392 1348 oﬂeruntur,
2452 1286 2918 1355 superabundant,
2961 1293 3081 1355 post
3123 1298 3186 1340 ea
3220 1299 3344 1354 quas
3393 1284 3447 1338 in

1877 1377 2058 1432 divina
2082 1377 2340 1447 mysteria
2357 1382 2782 1439 consumuntur,
2802 1376 3040 1438 clericis.
3075 1375 3272 1446 inquit,
3297 1390 3452 1445 opor-

1877 1478 1955 1524 tet
1981 1484 2043 1524 ea
2088 1469 2352 1531 dividere,
2386 1477 2446 1520 ut
2479 1468 2546 1521 ab
2599 1468 2734 1538 ipsis
2763 1468 3124 1523 comedantur
3167 1482 3230 1522 ac
3259 1467 3454 1523 biban-

1879 1568 1990 1626 tur,
2024 1569 2077 1612 et
2105 1560 2269 1613 etiam
2317 1573 2350 1612 a
2382 1557 2629 1614 ﬁdelibus
2676 1559 2871 1623 laicis;
2902 1559 3313 1615 catecltumenis
3356 1573 3454 1613 au-

1878 1658 1987 1704 tem
2018 1650 2153 1703 nihil
2174 1649 2243 1707 ab
2263 1649 2343 1705 eis
2369 1648 2548 1704 detur.
2574 1648 2713 1714 Quia
2742 1650 2885 1703 enim
2915 1651 3072 1704 altari
3095 1651 3276 1705 oblata
3299 1657 3452 1715 sunt.

1881 1752 1935 1797 et
1963 1742 2029 1796 ad
2064 1742 2243 1797 divina
2274 1740 2416 1795 dona
2461 1757 2529 1796 ex
2569 1741 2675 1796 illis
2727 1751 2906 1811 partes
2936 1743 3182 1812 quaedam
3224 1752 3455 1813 sumpta!

205 1833 518 1928 έλήςέθησαν
562 1855 643 1915 είς
684 1852 752 1904 τὰ
795 1850 913 1903 θεῖα
948 1848 1118 1919 δῶρα,
1163 1847 1391 1901 κάκεῖνα
1423 1842 1782 1916 ήγιάσθησαν,

1907 1841 2049 1903 itque
2077 1833 2432 1889 sanctificata:
2461 1833 2647 1899 fuere;
2678 1833 2953 1900 quomodo
2983 1834 3050 1887 iis
3079 1834 3170 1902 qui
3201 1842 3329 1888 sunt
3360 1836 3461 1889 im-

204 1951 322 2012 πῶς
350 1951 415 2001 ὲκ
438 1946 643 2000 τούτων
670 1947 781 2006 τοῖς
801 1939 1173 2011 ἀτελεστέροις
1200 1938 1516 2007 δοθήσονται
1543 1936 1784 2005 δαπανη-

204 2042 519 2112 θησόμενα;
549 2036 631 2090 Τὰ
665 2037 722 2089 δὲ
752 2036 832 2097 είς
861 2032 1050 2086 θυσίαν
1083 2029 1470 2102 προσαγόμενα
1502 2028 1665 2098 ἄρτος
1691 2026 1786 2080 καὶ

205 2133 346 2198 οἶνός
374 2137 512 2188 εἰσιν
536 2150 551 2162 ·
605 2131 791 2200 ἕτερον
823 2126 929 2197 γάρ
967 2143 1019 2178 τι
1062 2123 1433 2197 προσάγεσθαι
1477 2124 1556 2185 είς
1596 2121 1783 2175 θυσια-

208 2227 430 2296 στήριον
471 2223 572 2275 οὐκ
614 2221 844 2287 ἐφεῖται.
894 2214 1190 2284 ’Δνάγνωθι
1223 2213 1312 2267 τὸν
1363 2218 1404 2281 γ’
1433 2209 1785 2265 ἀποστολικὸν

208 2318 429 2376 κανόνα,
464 2314 559 2367 καὶ
604 2311 705 2380 τῆς
734 2312 791 2363 ὲν
831 2308 909 2381 τῷ
946 2305 1200 2379 Τρούλλῳ
1234 2302 1450 2357 συνόδου
1493 2302 1590 2370 τῆς
1628 2300 1786 2370 λεγο-

210 2409 380 2481 μένης
415 2403 469 2469 ς’
497 2403 695 2457 κανόνα
724 2406 829 2471 κη’.

816 2508 1053 2562 ΚΑΝΩΝ
1105 2504 1188 2560 H’.

291 2604 532 2673 Ἐπειδὴ
577 2601 761 2672 Ἰέραξ
788 2602 983 2665 τόνδε,
1022 2599 1241 2654 ὡσανεὶ
1271 2598 1370 2665 ἐπὶ
1395 2598 1644 2668 πορνείᾳ
1662 2597 1790 2652 δια-

213 2701 607 2768 ϐαλλόμενον,
636 2695 748 2748 οὐκ
783 2693 1049 2762 ὀφείλειν
1068 2690 1227 2759 λέγει
1250 2685 1431 2764 ἐνιτῷ
1468 2689 1671 2757 κλήρῳ
1707 2682 1789 2741 εῖ-

211 2809 329 2849 ναι.
357 2794 391 2844 ό
419 2788 488 2841 δὲ
510 2787 845 2849 ἐπίσκοπος
876 2783 1187 2836 Ἀπόλλων
1213 2777 1606 2848 διισχυρίζετο
1626 2793 1792 2846 ,τηνι-

213 2884 426 2944 scabra,
468 2877 704 2948 μηδένα
735 2874 1068 2943 xanipr
1107 2872 1176 2927 ἐν
1210 2872 1379 2942 μέσῳ
1425 2869 1792 2939 ἐληλυθέναι

216 2976 341 3031 κατ’
368 2970 586 3033 αὐτοῦ,
615 2966 973 3045 ἐξεταζέσθω
995 2966 1091 3020 καί
1122 2961 1297 3033 οὗτος
1316 2982 1329 2995 ·
1361 2965 1459 3019 καὶ
1483 2967 1535 3018 el
1552 2962 1670 3034 μὲν
1692 2979 1795 3016 κα-

216 3066 471 3136 τήγορός
518 3080 610 3127 τις
655 3060 982 3129 ἀναφύεται
1027 3058 1286 3121 πίστεως
1330 3054 1520 3120 ἄξιος,
1576 3054 1675 3108 καί
1726 3052 1793 3107 τὸ

1889 1925 2243 1996 perfectiores
2274 1924 2549 1979 dabuntur
2579 1925 2988 1979 consumenda?
3012 1924 3141 1991 Quae
3179 1932 3358 1980 autem
3387 1924 3459 1979 ad

1889 2014 2218 2072 sacriﬁcium
2255 2012 2576 2077 olleruntur,
2623 2022 2752 2069 sunt
2793 2015 2952 2084 panis
2977 2025 3032 2069 et
3064 2016 3286 2080 vinum;
3320 2017 3459 2071 nihil

1888 2109 2031 2162 enim
2066 2107 2214 2162 aliud
2269 2106 2337 2160 ad
2389 2108 2564 2162 altare
2600 2108 2784 2162 oderri
2836 2109 3188 2177 permittitur.
3225 2107 3364 2179 Lege
3396 2126 3459 2165 ιιι

1889 2216 2090 2257 canon.
2137 2201 2333 2270 Apost,
2375 2208 2429 2255 et
2481 2201 2675 2272 synod.
2718 2201 2772 2254 in
2821 2198 3031 2267 Trullo,
3086 2216 3204 2273 quae
3257 2202 3462 2259 dicitur

1889 2304 2063 2357 εοκιιι,
2093 2308 2289 2349 canon.
2322 2308 2509 2348 XXVIII.

2478 2487 2708 2545 CANON
2746 2484 2882 2544 VIII.

1965 2584 2230 2654 Quoniam
2264 2580 2468 2639 Hierax
2508 2578 2649 2636 dicit'
2667 2582 2946 2653 quemdam
2993 2598 3097 2635 non
3145 2580 3329 2636 debere
3354 2596 3468 2635 esse

1892 2682 1946 2734 in
1972 2680 2131 2742 clero,
2166 2689 2223 2731 ut
2251 2678 2341 2749 qui
2371 2677 2439 2731 sit
2471 2675 2839 2746 fornicationis
2871 2673 3117 2737 delatus;
3149 2673 3337 2741 Apollo
3370 2689 3471 2726 au-

1895 2781 1997 2825 tem
2040 2771 2312 2840 episcopus
2354 2777 2477 2822 tunc
2521 2764 2801 2837 aﬂirmavit
2855 2765 3059 2819 nullum
3107 2774 3469 2818 accusatorem

1895 2861 2146 2915 adversus
2195 2875 2315 2912 eum
2370 2859 2424 2910 in
2472 2856 2701 2909 medium
2753 2855 3088 2923 processisse,
3139 2853 3224 2905 hic
3272 2868 3472 2923 quoque

1892 2954 2262 3008 examinetur:
2290 2958 2340 3004 et
2385 2950 2433 3004 si
2465 2948 2660 3017 aliquis
2690 2946 2899 3017 quidem
2943 2954 3223 3000 accusator
3245 2945 3350 3015 ﬁde
3387 2945 3473 2998 dia

1895 3063 2028 3118 gnus
2086 3044 2348 3108 exoritur,
2392 3051 2440 3096 et
2490 3041 2687 3095 crimen
2739 3039 2996 3109 probatur
3042 3038 3310 3109 productis
3367 3037 3472 3107 ﬁde

216 3130 488 3228 θέλημα
535 3151 977 3212 ἀποδείκνυται,
1044 3144 1386 3217 φερομένων
1426 3145 1794 3209 ἀξιοπίστων

1907 3137 2071 3209 dignis
2104 3134 2345 3199 testibus,
2377 3132 2619 3187 Ecclesia
2655 3130 2934 3201 ejiciatur;
2961 3131 3042 3185 sin
3078 3140 3253 3185 autem
3282 3131 3472 3203 dignus

213 3219 547 3319 μαρτύρων,
592 3244 702 3311 τῆς
760 3240 1125 3307 Ἑκκλησίας
1175 3235 1589 3290 ἐκϐαλλέσθωο
1630 3236 1683 3288 εὶ
1729 3232 1794 3287 δὲ

1907 3237 1976 3307 est
2015 3227 2175 3291 clero,
2206 3235 2256 3280 et
2278 3227 2341 3278 de
2360 3227 2473 3295 ejus
2510 3220 2830 3277 continentia
2861 3221 3216 3275 testimonium
3245 3219 3473 3290 feratur,

219 3341 321 3394 τοῦ
354 3336 584 3405 κλήρου
618 3332 785 3399 ἄξιός
817 3333 963 3396 ἐστι,
996 3330 1094 3384 καί
1133 3329 1228 3382 ἐπὶ
1259 3327 1624 3397 σωφροσύνῃ
1650 3343 1798 3395 μορ-

220 3430 495 3500 τυρεῖται,
524 3426 752 3497 μενέτω
782 3425 850 3477 ἐν
872 3424 1078 3487 τούτῳ.

289 3543 487 3597 ΒΔΛΣ.
538 3539 945 3611 Ἐχειροτονήθη
967 3554 1049 3600 τις
1096 3533 1375 3606 κληρικὸς,
1408 3529 1525 3586 εἶτα
1543 3530 1799 3603 διεϐλήθη

226 3637 295 3698 ὡς
329 3632 657 3707 πορνεύσας.
685 3630 908 3698 Ἔλεγεν
937 3624 1029 3682 οὖν
1070 3625 1244 3699 Ἰέραξ
1274 3643 1381 3690 τις.
1411 3624 1485 3696 μὴ
1506 3623 1615 3677 δεῖν
1641 3622 1801 3677 αὐτὸν

226 3731 281 3782 ὲν
315 3729 503 3799 κλήρῳ
538 3720 678 3777 εἶναι
700 3739 714 3753 ο
750 3722 778 3775 ὁ
806 3722 862 3774 δὲ
913 3721 1296 3791 χειροτονήσας
1330 3716 1491 3770 αὐτὸν
1535 3715 1802 3787 διῖσχυρίο

228 3824 366 3887 ζετο,
405 3822 525 3890 ἦτοι
567 3818 834 3876 ἐνίστατο,
865 3815 940 3885 μὴ
980 3808 1422 3883 κατηγορηθῆναι
1464 3806 1625 3865 αὐτὸν
1653 3806 1804 3878 παρά

229 3931 386 3976 τινος.
420 3913 568 3978 Ἔφη
618 3904 711 3962 οὖν
742 3910 770 3960 ὁ
815 3903 1094 3972 Θεόφιλος,
1129 3905 1207 3956 ὅτι
1256 3900 1600 3971 ὲξετασθήτω
1636 3900 1665 3952 ὁ
1710 3900 1804 3953 ἄν·

230 4005 462 4077 θρωπος,
489 4003 585 4056 καὶ
611 4002 661 4053 εί
689 3999 786 4068 μὲν
810 3994 1123 4067 εὑρίσκεταί
1148 4011 1229 4057 τις
1249 3994 1550 4064 κατήγορος
1570 3990 1805 4052 πίστεως

229 4096 371 4160 ἄξιος
414 4096 582 4165 ήγουν
637 4089 824 4152 δεκτὸς
872 4090 951 4152 εἰς
983 4084 1308 4156 κατηγορίαν
1342 4083 1436 4153 (οὐ
1494 4081 1604 4153 γὰρ
1641 4080 1806 4134 παντὶ

232 4190 437 4256 ἐφεῖται
480 4184 806 4254 κατηγορεῖν
846 4178 1178 4251 ἱερωμένων,
1221 4175 1360 4229 κατά
1403 4176 1495 4228 τὸν
1529 4182 1582 4239 ς’
1610 4172 1807 4227 κανόνα

229 4277 323 4348 τῆς
353 4275 614 4346 δευτέρας
646 4270 1030 4341 οἱκουμενικῆς
1076 4267 1314 4330 συνόδου,
1355 4266 1450 4320 καί¹
1481 4265 1572 4318 τὸν
1609 4263 1808 4318 κανόνα

230 4368 310 4423 ua.’
354 4368 456 4438 τῆς
509 4366 546 4420 δ’
577 4363 960 4433 οἱκουμενικῆς
1011 4357 1287 4427 συνόδου),
1337 4354 1656 4426 ἐκϐληθήτω
1710 4353 1809 4424 τῆς

241 4460 562 4531 Ἐκκλησίας
587 4456 724 4527 μετὰ
751 4450 1023 4518 ἀπόδειξιν
1041 4469 1055 4483 ·
1082 4450 1129 4503 εἰ
1151 4449 1207 4502 δὲ
1237 4448 1388 4501 οὐδὲν
1416 4445 1652 4500 τοιοῦτον
1673 4446 1806 4498 ἀπο-

228 4555 520 4620 δείκνυται,
556 4550 763 4623 μενέτω
795 4549 853 4601 ὲν
880 4545 959 4617 τῷ
989 4544 1194 4616 κλήρῳ.

845 4656 1082 4709 ΚΛΝΩΝ
1120 4656 1196 4709 θ’.

300 4754 482 4809 Ὥστε
512 4750 714 4822 γνώμῃ
738 4746 975 4835 ὅτιαντὸῌς
1003 4745 1289 4814 ἱερατείου
1320 4743 1639 4812 οἰκονόμον
1658 4740 1808 4795 ἀπο-

232 4843 537 4914 δειχθῆναι
552 4829 776 4908 ἕτερον,
800 4837 891 4908 ἐφ’
915 4829 962 4902 ᾧ
987 4831 1357 4897 συντέθειται
1385 4832 1483 4885 καὶ
1510 4835 1541 4885 d
1566 4830 1810 4883 ἐπίσκο-

200 4926 342 5005 ’.σος
401 4936 717 4991 Ἀπόλλων
762 4930 910 4999 πρὸς
959 4928 1026 4981 τὸ
1067 4926 1139 4980 τὰ
1174 4925 1283 4994 τῆς
1320 4924 1685 4991 Ἐκκλησίας
1724 4921 1811 4983 είς
1868 4996 1871 4999 δ

233 5027 367 5082 δέον
391 5022 853 5081 ἀναλίσκεσθαι.

295 5117 497 5172 ΒΔΛΣ.
545 5114 604 5167 '0
630 5112 792 5175 αὐτὸς
824 5108 1048 5181 γνώμην
1075 5108 1241 5162 ἔδωκε
1278 5106 1456 5178 κρίσει
1496 5103 1689 5166 παντὸς
1716 5101 1809 5156 τοῦ

231 5211 499 5284 ἱερατείαν
539 5207 631 5261 τὸν
664 5205 945 5273 οἰκονόμον
974 5202 1075 5271 τῆς
1116 5200 1419 5269 ἐπισκοπῆς
1458 5194 1722 5269 γίνεσθαι,
1763 5198 1811 5249 εἰ

228 5307 312 5359 καὶ
338 5306 367 5358 ὁ
381 5302 681 5363 ἐπίσκοπος
696 5293 1154 5366 ’συγκατατίθεται
1180 5294 1247 5363 τῇ
1266 5291 1440 5361 κρίσει
1457 5288 1548 5343 τοῦ
1576 5287 1777 5362 κλήρου
1795 5305 1807 5318 ·

227 5395 471 5465 γίνεσθαι
513 5395 574 5449 δὲ
613 5393 921 5464 οἰκονόμον,
960 5391 1050 5444 ἴνα
1093 5388 1162 5442 τὰ
1215 5388 1314 5458 τῆς
1358 5387 1685 5458 Ἐκκλησίας
1733 5387 1813 5449 είς

228 5487 339 5543 δέον
371 5486 723 5542 δαπανῶνται
772 5483 1013 5556 φροντίδι
1051 5481 1283 5535 ἐκείνου.
1309 5479 1421 5549 Τὴν
1468 5479 1525 5531 δὲ
1562 5481 1651 5544 εὶς
1674 5477 1815 5531 δέον

225 5574 490 5648 δαπάνην,
519 5575 582 5627 τὸ
615 5574 745 5644 ἑξῆς
782 5574 930 5643 δηλοῖ
957 5571 1268 5642 κεφάλαιον,
1296 5570 1421 5640 ἥτις
1463 5569 1599 5632 ἐστὶ,
1639 5568 1709 5622 τὰ
1734 5570 1812 5633 εἰς

224 5670 398 5741 χήρας
418 5669 515 5724 καί
540 5667 728 5736 ξένους
754 5667 849 5720 θεαὶ
873 5667 1109 5736 πένητας
1134 5662 1486 5733 ἀναλώματα.
1525 5662 1816 5715 ’ἰδιοποιεί-

231 5760 349 5815 σθαι
371 5761 483 5830 γὰρ
505 5759 573 5812 τὰ
594 5760 694 5828 τῆς
733 5756 1062 5828 Ἑκκλησίας
1082 5756 1187 5809 τινὶ
1209 5756 1308 5809 οὐκ
1333 5756 1560 5824 ἐφεῖται,
1585 5753 1666 5806 ὅτι
1689 5752 1815 5821 ὰφι-

515 5850 783 5910 Ριιτιιοι..
844 5849 888 5907 G
902 5867 959 5907 ιι.
998 5847 1186 5909 LXV.

1898 3322 1954 3375 in
1980 3338 2038 3375 eo
2072 3329 2279 3386 maneat
2290 3359 2302 3371 .

1975 3519 2166 3583 BALS.
2222 3518 2452 3587 Quidam
2509 3516 2795 3572 ordinatus
2844 3523 2928 3570 est
2979 3513 3238 3577 clericus,
3283 3511 3480 3568 deinde

1903 3624 2162 3683 tanquam
2193 3610 2286 3681 qui
2320 3609 2623 3665 fornicatus
2661 3615 2828 3671 esset,
2865 3614 3157 3661 accusatus
3187 3611 3290 3659 est.
3322 3602 3476 3657 Dice-

1902 3707 1995 3761 bat
2020 3720 2147 3777 ergo
2171 3703 2391 3775 quidam
2421 3701 2645 3766 Hierax,
2674 3716 2786 3756 non
2813 3706 3067 3770 oportere
3094 3712 3217 3753 eum
3254 3698 3307 3750 in
3334 3696 3481 3750 clero

1903 3812 2060 3862 esse;
2098 3796 2145 3851 is
2190 3801 2371 3849 autem
2428 3791 2521 3863 qui
2563 3807 2689 3847 eum
2737 3789 3104 3849 ordinaverat,
3154 3785 3482 3845 aﬁirmabat.

1905 3904 2001 3942 seu
2051 3886 2310 3952 instabat,
2345 3900 2468 3940 eum
2508 3898 2618 3937 non
2663 3896 2786 3936 esse
2827 3880 2895 3934 ab
2925 3880 3107 3943 aliquo
3137 3883 3505 3930 accusatum.

1908 3978 2049 4033 Dicit
2076 3992 2206 4050 ergo
2235 3975 2606 4046 Theophilus:
2640 3972 2814 4026 llomo
2843 3972 3205 4029 examinetur,
3243 3975 3297 4019 et
3321 3965 3367 4019 si
3400 3965 3484 4017 in-

1908 4069 2125 4123 venitur
2166 4065 2389 4138 quidem
2436 4058 2638 4134 aliquis
2681 4065 2967 4118 accusator
2994 4056 3098 4115 ﬁde
3127 4057 3345 4126 dignus,
3382 4070 3482 4110 seu

1907 4163 2001 4233 qui
2035 4162 2106 4218 sit
2136 4161 2203 4215 ad
2232 4157 2602 4214 accusandum
2630 4150 3000 4207 admittendus
3027 4150 3159 4221 (non
3184 4148 3331 4204 enim
3360 4148 3484 4202 cui-

1907 4257 1991 4310 vis
2031 4254 2367 4324 permittitur
2397 4263 2656 4304 accusare
2691 4261 2787 4302 eos
2815 4245 2909 4315 qui
2939 4250 3069 4299 sunt
3105 4243 3158 4296 in
3201 4241 3396 4305 sacris,
3425 4247 3488 4295 ut

1909 4346 2025 4400 vult
2050 4360 2103 4399 vr
2133 4359 2255 4398 can.
2281 4342 2327 4396 ll
2355 4357 2477 4413 syn.
2511 4338 2886 4400 meumenicaa,
2927 4343 2981 4391 et
3010 4350 3123 4400 χχι,
3164 4332 3230 4387 ιν
3262 4332 3485 4387 univer-

1913 4437 2047 4494 salis
2074 4437 2242 4509 syn.),
2268 4432 2791 4508 Ecclesia‘ejiciatur
2812 4438 2937 4500 post
2963 4426 3374 4499 probationem;
3397 4424 3486 4480 sin

1913 4540 2089 4585 autem
2115 4527 2249 4582 nihil
2280 4527 2386 4582 tale
2414 4526 2695 4597 probetur,
2722 4531 2940 4578 maneat
2973 4522 3027 4575 in
3063 4521 3231 4575 clero.

2501 4636 2730 4693 CANON
2784 4636 2875 4692 IX.

1985 4734 2052 4789 Ut
2087 4735 2247 4789 totius
2294 4731 2643 4786 sacerdotalis
2677 4730 2881 4784 ordinis
2915 4726 3172 4781 sententia
3218 4724 3357 4777 alius
3406 4736 3490 4771 re-

1912 4831 2180 4883 nuntietur
2205 4842 2525 4888 mconomus,
2550 4826 2603 4877 in
2633 4839 2733 4892 quo
2776 4820 2965 4890 Apollo
2988 4832 3189 4888 quoque
3217 4816 3487 4884 episcopus

1912 4922 2197 4983 consensit,
2220 4929 2276 4974 ut
2308 4920 2444 4973 bona
2479 4914 2728 4969 Ecclesia:
2755 4914 2807 4966 in
2835 4928 2899 4966 ea
2927 4925 3043 4978 qua:
3069 4914 3269 4976 oportet
3297 4905 3492 4975 impen-

1913 5014 2131 5068 dantur.

1986 5103 2184 5161 BALS.
2214 5104 2359 5164 Idem
2389 5101 2514 5155 tulit
2547 5098 2899 5159 sententiam,
2936 5095 3106 5148 totius
3133 5087 3491 5147 sacerdotalis

1913 5199 2123 5256 ordinis
2145 5196 2354 5268 judicio
2378 5194 2491 5251 ﬁeri
2511 5193 2711 5249 debere
2736 5189 3089 5259 episcopatus
3117 5194 3489 5241 meonomum,

1915 5291 1963 5347 si
2000 5290 2165 5346 etiam
2198 5288 2491 5357 episcopus
2533 5281 2867 5340 assentiatur
2911 5274 3042 5332 cleri
3077 5273 3305 5345 judicio.
3346 5268 3495 5325 Fieri

1916 5391 2097 5437 autem
2125 5391 2494 5441 oeconomum,
2536 5383 2593 5429 ut
2627 5375 2770 5429 bona
2800 5367 3059 5426 Ecclesia:
3091 5364 3238 5420 illius
3275 5374 3406 5417 cura
3439 5357 3494 5412 in

1915 5490 1977 5529 ea
2008 5488 2131 5543 qme
2162 5477 2379 5541 Oportet
2406 5465 2813 5537 impendantur.
2847 5460 2986 5528 Quid
3027 5459 3097 5514 sit
3136 5463 3315 5509 autem
3345 5451 3401 5505 iu
3429 5466 3496 5543 ea

1915 5537 2043 5634 quae.
2064 5537 2281 5631 oportet
2324 5559 2638 5630 impendere
2677 5566 2914 5623 sequens
2938 5550 3100 5621 docet
3129 5549 3314 5612 caput,
3347 5537 3497 5634 quod

1916 5627 2000 5711 est
2027 5627 2342 5725 impendere
2372 5627 2427 5705 in
2464 5648 2682 5713 viduas,
2709 5647 2954 5715 hospites
2977 5647 3031 5697 et
3065 5648 3350 5717 pauperes.
3389 5627 3497 5725 Se-

1918 5746 2052 5804 mini
2088 5720 2232 5801 enim
2279 5743 2609 5816 permittitur
2666 5741 2808 5796 bona
2848 5734 3105 5793 Ecclesize
3153 5730 3206 5783 in
3243 5720 3496 5795 proprio:

3134 5824 3175 5878 '2
