3974 6332
555 299 627 351 ιτ)
1138 348 1147 357 .
1538 297 1911 354 TllEOPlllLl
1943 297 2253 357 EPISCOPI
2296 304 2770 364 ALEXANDRINI
3756 317 3829 371 Η

552 432 688 471 usus
708 416 1040 481 transferre;
1067 411 1267 486 quippe
1288 413 1435 485 quod
1461 424 1677 485 oportet
1697 415 1792 471 Dei
1822 416 2109 471 ministrun

2238 420 2507 494 λάργυρον
2531 423 2612 477 δεῖ
2634 420 2774 479 εἶναι
2806 424 2898 479 τὸν
2925 425 3236 500 λειτουργδι
3270 426 3366 483 τοῦ
3388 428 3548 496 Θεοῦ,
3574 432 3668 486 καὶ
3697 433 3823 491 οὐδὲ

553 521 674 562 esse
701 507 768 560 ab
791 506 1025 560 avaritia
1048 505 1318 573 alienum;
1347 512 1402 561 et
1434 520 1535 561 nec
1563 506 1631 561 ad
1661 522 1821 562 usum
1850 507 2130 577 proprium

554 598 629 649 uti
662 597 826 652 rebus
853 597 1203 666 episcopatus
1240 597 1504 668 episcopo
1542 598 1897 665 conceditur;
1924 598 2030 655 nisi
2063 598 2132 652 ad

549 700 610 738 ea
638 674 760 754 quae
792 691 922 739 sunt
968 687 1194 741 omnino
1236 685 1574 753 necessaria,
1615 693 1670 741 et
1727 694 1859 741 tunc
1912 687 2130 742 demum

558 775 769 843 mando
811 774 863 830 ei
912 773 1063 829 domi
1094 774 1296 832 desunt
1338 775 1664 845 facultates;
1709 777 2012 834 secundum
2042 791 2132 831 xu

545 881 671 920 can.
695 875 1014 923 sanctorum
1037 867 1434 938 apostolorum.
1453 869 1649 936 Quare
1668 885 1792 942 quas
1813 870 1871 926 in
1899 885 1965 926 eo
1994 871 2129 927 scri-

550 970 641 1028 pta
669 968 817 1023 sunt,
847 968 904 1016 et
933 975 1065 1016 xstv
1094 974 1219 1017 can.
1245 976 1370 1033 syn.
1399 962 1772 1019 Antiochenaa.

1170 1073 1402 1131 CANON
1435 1074 1506 1132 Χ.

614 1162 812 1221 Midam
845 1176 897 1222 et
939 1182 1193 1239 pauperes
1226 1175 1276 1222 et
1307 1167 1697 1238 peregrinantes
1727 1165 1954 1234 hospites
1987 1166 2131 1220 omni

547 1253 715 1320 quiete
747 1255 1000 1325 fruantur
1021 1299 1039 1325 ,
1082 1269 1133 1316 et
1163 1275 1314 1315 nemo
1367 1274 1430 1313 ea
1459 1274 1578 1329 qui:
1606 1266 1729 1313 sunt
1762 1256 2034 1323 Ecclesiar,
2071 1266 2129 1311 ut

2239 513 2319 576 εἰς
2340 514 2548 569 οἰκείαν
2578 517 2773 588 χρῆσιν
2803 520 2912 581 τοῖς
2939 518 3038 590 τῆς
3067 519 3374 591 ἐπισκοπῆς
3412 523 3698 594 πράγμασι
3727 543 3823 580 κε-

2238 604 2472 675 χρῆσθαι
2494 606 2586 678 τῷ
2614 608 2899 680 ὲπισκόπῳ
2951 608 3391 682 συγκεχώρηται,
3438 612 3487 665 ει
3522 613 3597 686 μὴ
3639 615 3719 677 εἰς
3750 613 3823 668 τὰ

2239 694 2379 749 πάνυ
2394 696 2684 766 ἀναγκαῖα.
2706 699 2802 754 καὶ
2832 699 2953 754 τότε
2978 700 3066 754 ὅτε
3096 700 3308 756 οἴκοθεν
3332 702 3431 756 οὐκ
3456 703 3682 777 εὐπορεῖ
3705 705 3822 758 ratio

2236 800 2346 839 των
2359 786 2389 840 ὁ
2411 786 2727 852 ἐπίσκοπος,
2746 787 2887 842 κατὰ
2906 788 2999 842 τὸν
3017 795 3106 861 μα’
3134 790 3338 846 κανόνα
3357 791 3466 846 τῶν
3489 791 3658 861 ἁγίων
3680 792 3821 848 ἀπο-
3856 822 3859 825 -

2251 876 2473 933 στόλων.
2501 879 2664 950 Ζήτει
2698 879 2768 933 τὰ
2795 880 2854 934 ὲν
2875 881 3069 953 ἐκεινῳ
3094 882 3475 954 γεγραμμένα,
3503 883 3712 938 καὶτὸν
3740 885 3820 938 κδ’

2236 964 2438 1021 κανόνα
2472 967 2570 1038 τῆς
2592 969 2651 1021 ὲν
2691 969 2991 1043 Ἀντιοχείᾳ
3022 971 3263 1026 συνόδου.

2863 1085 3104 1138 ΚΑΝΩΝ
3152 1087 3211 1139 l'.

2305 1169 2493 1240 Χῆραι
2523 1172 2622 1227 καὶ
2665 1176 2720 1228 οἱ
2748 1174 3003 1243 πένητες
3026 1178 3125 1229 καὶ
3163 1178 3218 1229 οὶ
3260 1175 3817 1246 παρεπιδημοῦντες

2235 1260 2397 1323 ξένοι
2421 1261 2625 1330 πάσης
2644 1265 3039 1332 ἀναπαύσεως
3062 1266 3555 1336 ἀπολαυέτωσαν,
3577 1268 3675 1322 καὶ
3696 1266 3816 1338 μή-

547 1359 647 1398 sua
676 1358 919 1419 usurpet.

2235 1367 2326 1418 τις
2352 1352 2423 1408 τὰ
2452 1355 2564 1424 τῆς
2614 1356 2974 1427 Euxino-lac
3002 1358 3421 1416 ἱδιοποιείσθω.

1550 1602 1781 1690 ΤΟΥ
1827 1597 2209 1690 ΑΥΤΟΥ
2257 1602 2810 1690 ΑΦΗΓΗΣΙΣ

1697 1784 1836 1855 Περὶ
1861 1784 1971 1839 τῶν
2008 1783 2322 1855 λεγομένων
2354 1784 2648 1857 Καθαρῶν.

1092 2007 1453 2071 EIUSDEM
1499 2010 1917 2072 NABBATIO
1962 2010 2069 2071 DE
2110 1979 2213 2071 iis
2254 2008 2390 2083 QUI
2438 2010 2841 2075 DICUNTUR
2887 2016 3271 2081 CATHABI.

2161 2169 2237 2189 -ι

615 2238 915 2296 Declaravit
949 2242 1078 2297 mihi
1102 2253 1195 2298 tua
1230 2247 1437 2316 pietas,
1483 2251 1623 2319 quod
1669 2252 1888 2323 quidam
1935 2254 2109 2307 horum

2296 2249 2605 2319 Δεδήλωκέ
2622 2272 2726 2324 μοι
2752 2256 2790 2325 ἡ
2814 2256 2898 2325 σὴ
2920 2258 3220 2323 εὐλάϐεια,
3235 2261 3315 2328 ὡς
3346 2264 3498 2330 τινὲς
3526 2265 3643 2318 τῶν
3666 2268 3806 2322 ὀνο-

537 2332 636 2425 qui
662 2347 719 2386 se
745 2331 1007 2387 Catharos
1043 2337 1318 2392 norninant
1344 2378 1359 2401 ,
1392 2340 1571 2395 volunt
1598 2344 1667 2396 ad
1697 2343 1989 2399 Ecclesium
2023 2360 2109 2399 ac-

2217 2341 2521 2414 μαζόντων
2562 2346 2815 2414 ἑαυτοὺς
2844 2351 3154 2420 Καθαροὺς
3181 2392 3196 2418 ,
3253 2358 3612 2422 προσελθεῖν
3652 2361 3807 2425 ﬁmi-

538 2415 738 2474 cedere.
782 2418 1048 2485 Quoniam
1093 2438 1215 2493 ergo
1245 2441 1440 2497 magna
1478 2430 1737 2499 synodus,
1768 2449 1887 2499 qua:
1917 2430 2109 2488 Nicaea

2217 2439 2427 2490 λονται
2474 2435 2547 2504 τῇ
2585 2438 2926 2508 Ἐκκλησία.
2972 2415 3205 2514 ’ἐπειδῆ
3257 2415 3466 2503 solum»
3497 2450 3535 2518 ἡ
3563 2415 3803 2522 μεγάλη

536 2507 719 2563 habita
748 2518 827 2565 est
855 2527 886 2564 a
916 2513 1118 2567 sanctis
1150 2512 1408 2571 Patribus
1442 2520 1664 2583 nostris,
1695 2523 1906 2585 statuit,
1937 2532 1995 2577 ut
2029 2539 2118 2577 or-

533 2600 784 2655 dinentur
814 2603 905 2673 qui
935 2603 1228 2670 accedunt,
1258 2608 1382 2663 uelis
1405 2609 1573 2681 juxta
1601 2611 1736 2665 hanc
1774 2612 2000 2683 formam
2026 2632 2114 2670 eos

533 2691 623 2761 qui
646 2691 716 2746 ad
735 2690 1027 2749 Ecclesium
1062 2696 1305 2752 accedere
1328 2701 1507 2755 volunt
1527 2701 1796 2766 ordinare,
1826 2706 1873 2759 si
1904 2704 2114 2777 quidem

528 2781 639 2834 rita
670 2798 850 2838 eorum
882 2793 1027 2841 recta
1055 2795 1155 2855 est,
1185 2796 1237 2842 et
1268 2789 1401 2844 nihil
1428 2791 1503 2846 eis
1533 2792 1862 2849 adversatur.

590 3066 799 3122 ‘BALS.
842 3068 919 3125 De
949 3069 1269 3129 Novatianis
1303 3073 1674 3147 interrogatus
1710 3086 1797 3133 est
1841 3078 1933 3149 (hi
1960 3080 2110 3135 enim

527 3167 661 3216 sunt
687 3160 782 3231 qui
819 3160 983 3217 etiam
1030 3162 1255 3219 Cathari
1296 3165 1642 3238 dicuntur),
1677 3175 1732 3224 et
1781 3183 2109 3239 responsum

525 3256 633 3318 est,
662 3249 809 3321 quod
831 3251 879 3308 si
909 3250 978 3307 ad
1001 3250 1096 3309 Dei
1116 3252 1417 3313 Ecclesiam
1442 3258 1734 3325 accedunt,
1766 3260 1891 3331 quia
1912 3276 2109 3333 magna

524 3347 582 3398 et
608 3342 785 3412 prima
807 3342 1027 3401 Nicana
1056 3348 1303 3419 synodus
1335 3350 1560 3417 statuit,
1597 3360 1658 3407 ut
1682 3351 1720 3407 ii
1759 3353 2106 3419 ordinentur,

528 3434 616 3491 fac
649 3444 704 3491 tu
737 3453 957 3510 quoque
990 3442 1293 3498 secundum
1326 3442 1469 3499 lianc
1499 3442 1730 3500 formam
1760 3445 1878 3502 sive
1908 3461 2110 3503 secun-

524 3526 654 3582 dum
690 3529 854 3586 istum
888 3546 1155 3590 canonem
1176 3574 1191 3601 ,
1244 3543 1300 3591 et
1324 3534 1519 3591 ordina
1547 3552 1644 3593 eos
1673 3537 1768 3608 qui
1797 3538 2104 3606 accedunt;

2216 2522 2478 2589 σύνοδος
2508 2524 2546 2592 ἡ
2579 2526 2867 2596 γενομένη
2897 2530 2967 2584 ἐν
3002 2533 3215 2601 Νικαίᾳ
3243 2536 3403 2605 παρὰ
3448 2536 3569 2592 τῶν
3599 2557 3802 2609 μακα-

2207 2614 2358 2684 ρίων
2406 2614 2683 2685 Πατέρων
2734 2617 2905 2689 ἡμῶν
2926 2662 2941 2687 ,
2975 2621 3226 2691 ὥρισεν,
3259 2625 3417 2680 ὥστε
3447 2632 3803 2699 χειροτονεῖ-

2215 2707 2357 2759 σθαι
2389 2706 2529 2774 τοὺς
2574 2711 3096 2782 προσερχομένους
3119 2755 3135 2779 ,
3177 2715 3445 2786 θέλησον
3489 2722 3637 2776 κατὰ
3686 2723 3801 2777 τὸν

2214 2795 2408 2851 τύπον
2448 2796 2666 2854 τοῦτον
2702 2801 2846 2868 τοὺς
2880 2802 3202 2871 ἐθέλοντας
3231 2808 3670 2879 προσέρχεσθαι
3718 2812 3800 2883 τῇ

2226 2886 2551 2957 Ἐκκλησία
2571 2895 2936 2962 χειροτονεῖν
2955 2937 2971 2961 ,
2997 2896 3120 2967 εἴτε
3160 2901 3194 2951 ό
3214 2899 3358 2967 ,βίος
3389 2902 3589 2957 αὐτῶν
3619 2905 3801 2974 ὀρθός

2211 2975 2343 3030 ἐστι
2379 2978 2479 3033 παι
2509 2981 2707 3049 μηδὲν
2734 2985 2964 3051 τούτοις
2991 2986 3334 3042 ἀντίκειται.

2283 3074 2481 3147 ΒΑΛΣ.
2513 3094 2650 3167 Περὶ
2680 3096 3035 3152 Ναυατιανῶν
3058 3099 3317 3172 ἠρωτήθη
3351 3101 3548 3171 (τοῦτοι
3578 3105 3685 3176 γάρ
3715 3109 3796 3161 εἰς

2212 3198 2296 3236 σιν
2343 3183 2393 3237 οἱ
2445 3183 2727 3258 λεγόμενοι
2758 3189 3071 3264 Καθαροὶ),
3108 3191 3202 3245 καὶ
3247 3193 3557 3266 ἀπεκρίθη,
3612 3196 3698 3250 ὅτι
3744 3199 3798 3251 el

2210 3274 2603 3347 προσέρχονται
2634 3282 2699 3351 τῇ
2747 3281 3076 3356 Ἐκκλησία,
3106 3285 3229 3339 ἐπεὶ
3262 3287 3296 3357 ἡ
3331 3285 3542 3359 μεγάλη
3575 3288 3795 3355 σύνοδος

2207 3365 2240 3435 ἡ
2278 3367 2335 3420 ἐν
2356 3367 2563 3442 Νικαίᾳ
2586 3411 2602 3436 ,
2642 3372 2809 3443 ἤγουν
2837 3375 2869 3446 ἡ
2913 3374 3098 3448 πρώτη
3121 3418 3136 3440 ,
3173 3377 3340 3450 ὥρισε
3371 3380 3797 3450 χειροτονεῖσθαι

2207 3456 2437 3524 αὐτοὺς,
2471 3461 2614 3516 ποίει
2654 3464 2746 3518 καὶ
2776 3466 2839 3520 σὺ
2870 3468 3015 3523 κατὰ
3036 3470 3127 3523 τὸν
3153 3472 3324 3524 τύπον
3344 3513 3360 3538 ,
3388 3472 3508 3544 ἦτοι
3530 3471 3671 3526 κατὰ
3696 3473 3795 3526 τὸν

2208 3548 2409 3602 κανόνα
2434 3551 2660 3622 τοῦτον,
2694 3557 2789 3611 καὶ
2818 3559 3115 3630 χειροτόνει
3141 3563 3269 3627 τοὺς
3298 3563 3792 3634 προσερχομένους,

523 3617 629 3673 nisi
658 3619 880 3691 aliquod
909 3622 1359 3694 impedimentum
1388 3642 1456 3683 ex
1482 3627 1594 3683 vita
1623 3643 1816 3684 eorum
1846 3627 2104 3686 adverse-

2217 3638 2254 3690 εἰ
2282 3641 2356 3711 μή
2389 3659 2442 3695 τι
2471 3617 2702 3717 κώλυμα
2729 3617 2852 3701 aut:
2884 3617 2978 3704 τοῦ
3030 3650 3144 3721 βίου
3192 3617 3373 3707 αότῶὲ
3402 3617 3585 3718 uitaui;
3631 3617 3789 3706 ὲνανἐ

522 3718 631 3764 tur.
660 3707 736 3767 De
762 3710 1079 3773 Novatianis
1097 3727 1291 3775 autem
1318 3732 1496 3775 canon
1541 3725 1627 3776 est
1656 3726 1886 3777 octavus
1915 3720 2104 3791 prima:

520 3801 735 3872 synodi.

2208 3729 2439 3787 τιοῦται.
2476 3735 2535 3788 '0
2575 3736 2631 3790 δὲ
2666 3740 2792 3810 περὶ
2839 3740 2948 3794 τῶν
2987 3742 3344 3798 Ναυατιανῶν
3380 3744 3558 3800 κανὼν
3607 3743 3791 3813 δγδαύς

2209 3821 2326 3876 ἐστι
2354 3824 2453 3896 τῆς
2483 3829 2706 3901 πρώτης
2736 3832 2970 3887 συνόδου.

1154 3992 1424 4126 ’ΤΟΥ
1479 4042 1858 4132 AYTOY
1922 4045 2425 4137 ΑΓΑΘΩΝΙ
2479 4055 3104 4186 ΕΠΙΣΚΟΠῼ.

1982 4321 2298 4381 EJUSDEM

1480 4487 2104 4584 AGA'I‘HONI
2186 4494 2816 4598 EPISCOPO.

582 4730 852 4789 Maximus
886 4735 1109 4790 asseruit
1132 4753 1186 4789 se
1210 4734 1462 4792 Ecclesia:
1493 4740 1625 4810 leges
1656 4743 1985 4812 ignorantem
2029 4750 2094 4803 il-
2128 4760 2171 4815 ι)

511 4824 656 4879 licito
688 4825 1025 4880 matrimonio
1056 4825 1397 4895 conjunctum
1437 4842 1551 4881 esse
1572 4867 1585 4891 ,
1615 4839 1665 4882 et
1697 4832 1821 4900 quia
1855 4834 1951 4888 hoc
1974 4852 2091 4890 eum

510 4917 649 4971 male
673 4915 829 4970 habet
855 4915 995 4986 quod
1023 4932 1127 4969 non
1170 4927 1306 4971 recte
1336 4927 1388 4970 et
1425 4933 1490 4972 ea:
1533 4917 1718 4973 ordine
1751 4933 1910 4992 agat,
1950 4926 2090 4994 afﬁr-

510 5009 693 5070 mavit.
724 5009 813 5078 qui
844 5015 1028 5062 contra
1059 5009 1195 5079 leges
1228 5009 1350 5078 fecit
1386 5026 1480 5079 per
1502 5011 1859 5082 ignorantiam
1884 5054 1898 5077 ,
1936 5032 1991 5070 se
2021 5017 2088 5070 ab

507 5101 703 5156 illicita
743 5104 862 5157 vita:
895 5101 1144 5156 societate
1171 5117 1237 5156 ea:
1269 5119 1524 5157 consensu
1563 5104 1927 5161 abstenturum
1952 5149 1967 5175 ,
1993 5109 2091 5187 illa

505 5195 667 5247 etiam
693 5193 788 5248 hoc
822 5193 1039 5253 volente.
1082 5193 1144 5250 Si
1174 5190 1297 5265 érgo
1328 5195 1631 5263 probaveris
1657 5236 1672 5262 ,
1702 5199 1842 5265 quod
1890 5199 1986 5255 hoc
2024 5218 2092 5257 ex

506 5302 760 5341 consensu
786 5286 1014 5356 faciant,
1037 5296 1088 5343 et
1117 5304 1220 5342 non
1241 5286 1437 5357 fallant
1462 5328 1476 5352 ,
1508 5289 1635 5359 quia
1661 5300 1738 5343 est
1770 5298 1968 5361 tempus
1997 5294 2089 5349 de-

505 5377 720 5431 cennale
739 5393 759 5442 ;
775 5378 822 5431 si
848 5379 1146 5436 consideres
1164 5395 1252 5434 eos
1273 5378 1456 5435 debere
1488 5384 1687 5436 versari
1708 5399 1828 5437 cum
1854 5385 2090 5458 catechu-

506 5467 670 5521 menis
697 5509 711 5532 ,
744 5483 882 5522 nunc
904 5485 991 5524 eos
1019 5470 1098 5524 sic
1126 5470 1395 5539 dispensa.
1435 5468 1530 5525 Sin
1565 5482 1739 5525 autem
1783 5473 1925 5528 vides
1948 5475 2087 5544 quod

511 5558 738 5628 decipere
767 5559 924 5624 velit,
976 5570 1025 5614 et
1075 5562 1364 5617 acerbitate
1394 5563 1570 5617 adhuc
1616 5564 1671 5617 iu
1702 5580 1762 5618 eo
1804 5581 1933 5633 opus
1970 5569 2037 5621 sit
2067 5585 2085 5629 ;

492 5652 592 5718 [ac
613 5648 669 5707 id
697 5648 835 5720 quod
862 5648 1000 5707 Deus
1032 5652 1129 5707 tibi
1157 5656 1472 5725 suggesserit
1491 5654 1598 5719 {id
1632 5670 1836 5729 semper
1865 5673 2082 5731 sequens

2273 4751 2534 4820 ,Αἶνοῶν
2556 4752 2698 4819 τοὺς
2728 4752 2838 4822 τῆς
2853 4755 3215 4825 Ἐκκλησίας
3242 4761 3464 4832 νόμους
3486 4766 3782 4839 Μάξιμος,

2198 4842 2615 4910 διισχυρισατο
2652 4848 3010 4928 παρανόμως
3056 4853 3378 4920 συμϐιώσει
3421 4856 3725 4928 συνῆφθαι
3760 4879 3778 4894 ·

2192 4933 2291 4988 καὶ
2322 4933 2532 5003 ἐπειδὴ
2566 4938 2804 5006 θορυϐεῖ
2845 4926 3034 4995 αυτὸν
3079 4945 3146 4996 τὸ
3185 4946 3568 5002 ἀσύντακτον
3589 4926 3778 5019 εἶναι,

2191 5025 2660 5094 διεϐεϐαιώσατο,
2681 5029 2888 5102 ἐπειδὴ
2910 5034 3124 5104 ἀγνοίᾳ
3145 5035 3211 5089 τὸ
3238 5037 3586 5110 παράνομον
3603 5043 3780 5113 ἔθρα-

2191 5132 2304 5172 σεν
2324 5158 2340 5185 ,
2391 5118 2461 5173 ἐκ
2508 5120 2838 5190 συμφώνου
2886 5125 3217 5196 ἀπέχεσθαι
3262 5128 3375 5197 τῆς
3424 5137 3778 5204 παρανόμου

2190 5208 2575 5278 συμϐιώσεως
2598 5249 2613 5275 ,
2647 5212 2932 5281 κάκείνης
2953 5216 3285 5287 ἀγαπώσης
3312 5220 3505 5275 τοῦτο.
3547 5223 3681 5277 Ἐὰν
3703 5224 3779 5279 δὲ

2190 5299 2400 5353 τοίνυν
2423 5299 2756 5374 δοκιμάσῃς
2773 5345 2789 5371 ,
2820 5305 2910 5360 ὅτι
2937 5309 3110 5363 τοῦτο
3135 5311 3420 5366 ποιοῦσιν
3439 5314 3507 5369 ἐκ
3535 5318 3775 5387 συμφώ-

2188 5405 2300 5442 νου
2329 5388 2427 5443 real
2452 5391 2541 5460 μὴ
2579 5393 2926 5466 ἀπατῶσιν,
2959 5399 3164 5472 ἐπειδὴ
3202 5402 3490 5473 δεκαετής
3516 5406 3687 5462 ἐστιν
3734 5413 3774 5465 ὁ

2186 5480 2407 5549 χρόνος
2430 5520 2446 5548 ν
2472 5485 2522 5538 εὶ
2548 5486 2798 5555 σκοπεῖς
2821 5491 2975 5559 μετὰ
3014 5491 3130 5546 τῶν
3161 5496 3626 5565 κατηχουμένων
3656 5503 3771 5553 αὑ·

2186 5571 2328 5638 τοὺς
2360 5574 2732 5646 συνάγεσθαι
2758 5618 2774 5641 ,
2815 5581 2962 5647 τέως
3012 5583 3166 5637 οὕτω
3214 5584 3545 5655 διοίκησον.
3581 5594 3653 5645 El
3697 5592 3770 5647 δὲ

2184 5662 2482 5734 συνορᾷς.
2535 5668 2625 5724 ὅτι
2668 5671 2974 5738 ἀπατῆσαι
3002 5675 3316 5747 βούλεται,
3350 5680 3449 5734 καὶ
3479 5679 3661 5737 δεῖται
3691 5680 3764 5733 τὰ
