3974 6332
136 332 209 387 45
1590 336 1718 392 CAN

1824 336 1928 392 ES.
2422 362 2427 367 ’
3333 352 3406 410 46

137 441 264 498 κατ’
290 443 524 513 αὐτοὺς
556 446 941 518 exterae-suc
962 491 977 515 ,
1018 450 1163 520 ὅπερ
1200 453 1234 507 d
1272 455 1417 521 Θεὸς
1450 456 1718 525 ὑποϐάλῃ

1831 454 1969 524 quod
2006 455 2061 509 in
2090 470 2188 509 usu
2215 466 2294 512 est
2332 458 2535 529 vimque
2563 460 2776 518 obtinet.
2822 462 2965 518 Nam
3003 481 3120 521 cum
3149 467 3216 524 iis
3244 468 3318 525 eis
3348 470 3404 524 in

135 553 235 592 σοι
257 581 274 605 ,
321 541 507 597 τοῦτο
550 545 814 613 ποίησον
837 587 851 611 ,
884 552 1197 623 πανταχοῦ
1230 553 1378 621 πριῗες
1408 551 1473 605 τὸ
1508 549 1729 620 ἐπέχον

136 629 573 703 ὁδητηούμενος.
614 638 746 693 Ἐπί
785 639 896 708 γὰρ
923 639 1042 695 τῶν
1069 645 1267 697 τόπων
1290 642 1600 714 τυγχάνων
1622 643 1728 709 τὰς

137 719 377 790 γνώμας
408 724 617 778 αὐτῶν
630 725 875 795 μᾶλλον
897 729 1117 785 ειδέναι
1150 731 1426 799 δύνασαι.

202 813 405 867 ΒΑΛΣ.
454 817 710 888 Μάξιμός
762 808 882 884 τις,
914 821 992 885 ὡς
1038 825 1340 896 παρανόμῳ
1388 826 1551 897 γάμῳ
1603 844 1728 879 συν-

136 904 331 973 αφθεὶς
354 910 599 975 γυναικὶ,
624 911 910 983 ἀφωρίσθη
939 916 1030 968 καὶ
1052 916 1151 988 τῆς
1178 919 1446 983 συνάξεως
1468 919 1566 990 τῆς
1590 919 1727 990 μετά

132 996 236 1050 τῶν
296 1000 516 1054 πιστῶν
564 1001 800 1075 εἴργετο.
842 1006 903 1060 '0
936 1007 993 1061 δὲ
1042 1007 1226 1078 ἔλεγεν
1252 1050 1267 1074 ,
1309 1010 1392 1064 ὅτι
1440 1011 1497 1064 ἐν
1533 1012 1728 1084 ἀγνοίᾳ

134 1089 360 1160 ἐποίησε
388 1092 454 1145 τὺ
492 1093 831 1168 παράνομον,
860 1099 955 1152 καὶ
988 1098 1206 1172 ἕτοιμός
1248 1103 1397 1155 ἐστιν
1424 1104 1724 1174 ἀποστῆναι

132 1179 222 1233 τοῦ
251 1182 465 1253 γάμου.
504 1183 663 1238 τοῦτο
690 1187 784 1240 καὶ
812 1188 913 1258 τῆς
940 1190 1198 1258 γυναικὸς
1230 1190 1587 1262 βουλομένης·
1629 1192 1725 1247 καὶ

132 1270 320 1341 ἐζήτει
378 1274 748 1347 ἀφιστάμενος
780 1278 1055 1351 δεχθῆναι.
1089 1281 1234 1352 Πρὸς
1270 1281 1440 1336 ταῦτα
1490 1278 1584 1336 οὖν
1618 1282 1722 1354 ἔφη

133 1364 161 1415 δ
185 1363 459 1434 Θεόφιλος
477 1408 492 1431 ,
514 1367 590 1431 ὡς
626 1367 692 1422 ἂν
721 1369 983 1436 ἐξετάσας
1005 1372 1286 1445 εὑρήσεις,
1304 1374 1385 1428 ὅτι
1412 1375 1477 1428 ἐκ
1502 1377 1725 1445 συμφώ-

133 1471 248 1522 νου,
278 1455 405 1510 ἀντὶ
430 1457 529 1511 τοῦ
565 1460 630 1514 ὲκ
662 1463 848 1534 κοινῆς
874 1463 1072 1535 βουλῆς
1095 1504 1110 1529 ,
1140 1464 1462 1533 ἀφίστανται
1489 1465 1579 1519 τοῦ
1623 1466 1723 1534 γά-

136 1561 241 1615 μου
271 1587 287 1610 ,
328 1547 430 1602 καὶ
475 1550 577 1603 οὐκ
632 1552 919 1615 ἀπατῶσι,
968 1554 1253 1608 δεκαετίαν
1305 1556 1723 1627 συνοικήσαντες

1831 547 1984 616 locis,
2019 564 2199 603 eorum
2231 560 2427 606 mentes
2458 550 2646 609 melius
2674 572 2829 611 nosse
2853 567 3019 626 potes.

1901 808 2094 863 BALS.
2122 810 2388 866 Maximus
2420 813 2639 883 quidam
2667 855 2683 878 ,
2716 822 2777 870 ut
2832 815 3023 871 illicito
3053 819 3402 876 matrimonio

1829 900 2042 955 mulieri
2073 902 2405 971 conjunctus
2435 915 2751 975 segregatus
2784 907 2982 973 fuerat,
3023 917 3077 963 et
3107 923 3138 961 a
3166 923 3401 981 congre-

1825 993 2046 1063 gatione
2070 1006 2194 1047 cum
2231 992 2481 1050 ﬁdelibus
2506 997 2915 1067 prohibebatur.
2950 996 3000 1054 Is
3030 1014 3160 1054 vero
3188 999 3403 1057 dicebat

1828 1097 1886 1137 se
1912 1099 2008 1153 per
2040 1083 2404 1155 ignorantiam
2437 1086 2631 1144 fecisse
2656 1100 2848 1143 contra
2876 1091 3043 1161 leges,
3068 1100 3122 1147 et
3150 1104 3400 1164 paratum

1825 1189 1947 1230 esse
1979 1175 2049 1230 ab
2100 1175 2203 1230 hoc
2249 1180 2600 1236 matrimonio
2631 1181 2885 1237 recedere
2912 1221 2928 1243 .
2977 1184 3206 1241 muliere
3233 1185 3400 1240 etiam

1825 1271 2040 1325 volente
2067 1289 2082 1332 :
2110 1278 2165 1326 et
2200 1273 2453 1343 petebat.
2482 1283 2541 1329 ut
2569 1276 2636 1328 ab
2666 1291 2729 1331 ea
2758 1276 3059 1333 abscedens
3087 1279 3404 1335 admittere-

1830 1370 1941 1415 tur.
1973 1360 2054 1416 Ad
2090 1362 2204 1418 haec
2229 1378 2357 1435 ergo
2386 1364 2519 1420 dicit
2549 1364 2906 1436 TlieOphilus,
2939 1368 3084 1438 quod
3120 1369 3165 1425 si
3215 1370 3399 1440 inqui-

1826 1466 1952 1505 rens
1978 1451 2253 1507 inveneris
2284 1468 2380 1509 eos
2401 1469 2465 1510 ex
2497 1470 2769 1511 consensu
2791 1499 2804 1522 ,
2840 1458 2942 1512 hoc
2973 1466 3089 1522 est,
3121 1461 3400 1515 communi

1824 1543 2089 1607 consilio,
2134 1559 2165 1599 a
2197 1546 2546 1601 matrimonio
2601 1548 2903 1613 absistere,
2957 1558 3010 1606 et
3044 1567 3153 1605 non
3190 1551 3398 1613 fallere.

132 1637 395 1708 ἀλλήλοις
416 1682 432 1706 ,
462 1642 725 1717 δυσχερὲς
753 1644 884 1709 ἴσως
918 1645 984 1700 ἂν
1012 1646 1283 1716 λογίζοιτο
1314 1648 1497 1711 αὐτοῖς
1537 1649 1569 1718 ή
1603 1648 1718 1702 διά-

1823 1650 1946 1690 eum
1977 1636 2165 1692 decem
2200 1638 2361 1693 annis
2392 1639 2556 1694 simul
2604 1640 2999 1707 cohabitarint,
3030 1642 3266 1698 diﬂicilis
3294 1644 3400 1696 l'or-

131 1728 320 1797 ζευξις
340 1771 355 1794 ,
385 1732 481 1786 καὶ
511 1735 719 1805 μήποτε
752 1736 1055 1792 ἀπατῶσιν.
1083 1737 1146 1790 Εἰ
1179 1740 1434 1802 σκοπεῖς,
1475 1737 1593 1792 ἀντὶ
1624 1737 1718 1790 τοῦ

1823 1742 1922 1781 san
1957 1727 2025 1783 iis
2072 1728 2373 1783 existimari
2409 1738 2592 1799 posset
2639 1746 2667 1785 a
2704 1746 2763 1786 se
2811 1732 3041 1787 invicem
3073 1733 3396 1802 disjunctio,

131 1824 184 1875 εί
218 1823 428 1893 κρίνεις
474 1826 613 1895 μετά
638 1827 749 1880 τῶν
777 1828 1202 1900 κατηχουμένων
1241 1830 1440 1893 αὐτοὺς
1469 1828 1718 1889 ἵστασθαι

1823 1827 1873 1872 ει
1900 1833 1969 1873 ne
1998 1816 2210 1874 fallant.
2239 1818 2298 1874 Si
2330 1821 2664 1895 consideras,
2698 1822 2804 1878 hoc
2833 1831 2938 1888 est,
2973 1823 3020 1879 si
3055 1824 3270 1893 judicas
3299 1841 3397 1880 eos

131 1914 311 1977 τέως.
350 1916 519 1983 ἤγουν
549 1917 686 1990 πρὸς
718 1918 779 1971 τὸ
804 1919 999 1990 παρὸν,
1023 1918 1197 1984 οὕτως
1233 1920 1396 1973 αὑτὸν
1428 1919 1715 1990 οίκονόμη·

1824 1917 1971 1965 stare
2004 1908 2203 1966 debere
2236 1925 2360 1967 cum
2393 1913 2837 1978 catechumenis,
2872 1931 3018 1970 nunc
3039 1956 3055 1981 ,
3107 1916 3156 1969 ἰιΙ
3211 1923 3295 1971 εει
3338 1916 3397 1971 in

131 2019 250 2055 σον,
300 2004 363 2056 Et
390 2005 447 2057 δὲ
474 2009 647 2071 νοεῖς,
681 2010 845 2080 φησὶν
870 2050 884 2074 ,
916 2011 997 2064 ὅτι
1047 2010 1189 2065 κατά
1238 2011 1453 2080 ἀπάτην
1500 2010 1716 2078 λέγουσι

1823 2002 2147 2072 praesentia,
2181 2004 2262 2059 sic
2295 2019 2390 2060 eos
2438 2004 2717 2077 dispenso.
2748 2006 2903 2073 Quod
2937 2008 2984 2063 si
3040 2007 3394 2073 intellexeris,

132 2093 331 2158 ταῦτα,
367 2099 460 2149 καὶ
487 2098 568 2151 ὅτι
603 2098 685 2153 ἔτι
733 2100 941 2156 δέονται
982 2101 1227 2172 στύψεως
1251 2142 1266 2166 ,
1308 2102 1426 2174 ἦτοι
1451 2102 1718 2171 αὐστηρο-

1827 2093 2023 2161 inquit,
2052 2095 2196 2164 quod
2225 2112 2322 2166 per
2347 2097 2591 2153 fraudem
2627 2098 2740 2154 haec
2765 2098 2954 2154 dicunt
2983 2139 2998 2164 ,
3026 2110 3079 2155 et
3111 2100 3259 2171 quod
3300 2102 3397 2157 ad-

134 2187 312 2258 τέρων
361 2190 684 2260 ἐπιτιμίων,
713 2193 939 2267 ποίησον
968 2195 1107 2266 ὅπερ
1138 2193 1204 2248 ἂν
1247 2194 1276 2246 δ
1311 2194 1443 2258 Θεὸς
1469 2193 1716 2264 ὑποόἀλῃ

1824 2180 1930 2237 huc
1958 2184 2255 2240 acerbitate
2274 2186 2542 2258 indigent,
2566 2204 2661 2244 seu
2686 2190 3059 2248 acerbioribus
3082 2192 3278 2263 pomis,
3308 2190 3395 2247 fac

131 2293 242 2343 σοι,
276 2278 398 2332 ἀντὶ
422 2278 518 2333 τοῦ
547 2281 790 2355 ἐνηχήσῃ
814 2283 893 2356 τῷ
922 2284 1165 2357 λογισμῷ
1200 2302 1295 2338 σου
1321 2326 1335 2349 ,
1367 2285 1503 2356 ὅπερ
1532 2287 1560 2339 ὁ
1586 2284 1718 2349 Θεὸς

1823 2273 1964 2343 quod
1997 2273 2137 2329 Deus
2168 2276 2265 2331 tibi
2300 2281 2636 2350 suggesserit
2655 2324 2669 2347 ,
2701 2280 2806 2338 hoc
2829 2292 2943 2348 est,
2974 2291 3079 2339 tua:
3110 2285 3274 2340 menti
3308 2284 3397 2340 in-

131 2369 431 2442 ὲνθυμήσει
457 2388 539 2437 σε,
564 2373 840 2445 πανταχοῦ
867 2374 1082 2448 πρδςτὸ
1109 2375 1305 2445 ἐπέχον
1331 2373 1524 2445 ὁδηγοῦ
1535 2390 1714 2444 μενος,

129 2461 254 2529 ἦτοι
288 2461 421 2534 πρὸς
444 2463 508 2518 τὺ
532 2465 865 2537 ἐπικρατοῦν
894 2467 927 2538 ἢ
962 2467 1024 2522 τὸ
1050 2469 1394 2535 κατεπεῖγον.

1818 2365 2104 2434 spiraverit
2129 2407 2143 2430 ,
2182 2369 2327 2439 quod
2360 2370 2413 2425 in
2441 2372 2682 2428 animum
2717 2374 3005 2431 immiserit
3043 2374 3218 2439 Deus,
3253 2391 3399 2433 sem-

1820 2471 1915 2551 per
1946 2458 1997 2513 id
2022 2460 2167 2551 quod
2187 2469 2273 2518 est
2300 2463 2354 2517 in
2380 2479 2480 2519 usu
2500 2472 2553 2522 et
2573 2466 2717 2537 quod
2738 2467 2885 2523 vires
2905 2468 3114 2524 obtinet
3134 2484 3391 2541 sequens,

1818 2548 1871 2604 id
1906 2560 2012 2616 est,
2044 2548 2190 2625 quod
2229 2556 2404 2628 magis
2434 2565 2517 2614 est
2545 2565 2720 2614 ratum
2752 2574 2816 2615 ac
2846 2560 3108 2618 validum.

916 2743 1143 2830 ΤΟΥ
1206 2741 1577 2830 ΑΥΤΟΥ
1638 2671 1961 2859 ΜῇΝᾼ
2014 2735 2628 2858 ΕΠΙΣΚΟΠῼ.

1605 2945 1674 3002 EJ
1682 2942 1915 3005 USDEM

1234 3076 1605 3164 MENIE
1680 3074 2302 3168 EPISCOPO.

204 3306 470 3376 Νόμιμον
510 3300 748 3372 πρᾶγμα
792 3301 1195 3369 πεποιήκασιν
1226 3304 1279 3356 οι
1320 3304 1713 3374 πρεσϐύτεροι

1889 3300 2016 3355 Rem
2049 3299 2251 3367 iustam
2295 3298 2526 3366 fecerant
2569 3295 2855 3367 presbyteri
2891 3297 2946 3351 in
2980 3295 3196 3351 Gemino
3232 3313 3390 3366 pago.

135 3399 203 3452 ἐν
225 3398 461 3466 Γεμίνιε)
486 3394 560 3463 τῇ
590 3394 785 3464 κώμῃ.
819 3397 871 3448 εὶ
897 3395 1178 3464 ἀληθεύει
1206 3393 1244 3462 ἡ
1284 3395 1616 3463 κομίζουσα
1646 3396 1712 3449 τὸ

134 3487 370 3558 mea
416 3485 787 3551 Εὑσταθοῦς.
823 3484 1046 3539 Φάσκει
1097 3485 1241 3555 τὰρ,
1292 3484 1381 3538 ὅτι
1418 3484 1716 3553 Κυράδιον

133 3577 471 3633 ἀδικοῦσαν
499 3573 597 3630 καί
641 3573 727 3644 μὴ
773 3573 1162 3643 ,ϐουλομένην
1206 3572 1556 3628 ἀναστεῖλαι
1600 3574 1716 3642 τὴν

132 3670 395 3735 ἀδικίαν,
421 3670 723 3737 ἐχώρισαν
751 3665 861 3735 τῆς
880 3666 1211 3733 συνάξεως.
1244 3667 1476 3735 Ἐπειδὴ
1506 3667 1715 3721 τοίνυν

134 3756 348 3829 εὗρον,
389 3760 473 3825 ὡς
500 3758 565 3813 τὸ
594 3756 815 3827 ἑαυτῆς
837 3758 1028 3813 κακὸν
1056 3760 1471 3829 θεραπεύουσα
1487 3761 1708 3824 βούλε-

135 3868 224 3906 ται
265 3849 652 3921 συναχθῆναι
668 3891 683 3916 ,
711 3852 976 3920 θέλησον
1019 3851 1474 3921 παρασκευάσαι
1519 3851 1715 3918 αὐτὴν

135 3943 467 3997 ἀποθέσθαι
522 3941 761 4011 πρῶτον
787 3942 902 4010 τὴν
933 3942 1192 4009 ἀδικίαν,
1229 3944 1327 3997 καὶ
1363 3942 1568 3997 πεῖσαι
1609 3960 1715 4012 με-

137 4034 429 4104 τανοῆσαι
455 4074 473 4096 ,
500 4035 579 4088 ἵν’
605 4035 793 4101 οὕτως
810 4075 825 4098 ,
854 4037 909 4089 εί
935 4035 1195 4104 συνίδῃς
1240 4035 1329 4089 ὅτι
1377 4036 1538 4106 νόμῳ
1564 4034 1712 4089 Θεοῦ

138 4127 529 4198 προσέρχεται
557 4126 669 4195 τῆς
687 4127 1000 4193 συνάξεως
1025 4127 1346 4197 ὀρεγομένη
1386 4127 1714 4197 ἐπιτρίψῃς

136 4221 326 4288 αὐτὴν
346 4219 501 4289 μετὰ
525 4218 643 4274 τῶν
669 4218 836 4274 ,λαῶν
858 4218 1249 4287 συνάγεσθαι.

200 4311 402 4366 ΒΔΔΣ.
426 4308 670 4365 Γυναίκά
697 4328 817 4365 τινα
841 4310 1110 4382 Κυράδιον
1138 4310 1437 4382 λεγομένην
1469 4313 1563 4365 καὶ
1595 4310 1714 4364 ἀδι-
1750 4346 1757 4351 -

141 4403 338 4457 troia”
366 4407 417 4457 οἱ
446 4406 506 4456 ὲν
526 4404 741 4475 Γεμίνῳ
770 4403 1127 4475 πρεσδὺτεροι
1146 4404 1435 4476 ἀφώρισαν
1463 4405 1562 4476 τῆς
1586 4405 1713 4458 Ἐκ-

140 4495 394 4565 κλησίας,
435 4495 510 4565 μή
539 4494 885 4565 ἀπεχομένην
917 4494 1015 4565 τῆς
1038 4495 1268 4558 ἀδικίας.
1302 4495 1367 4546 Ἡ
1405 4495 1482 4558 δὲ,
1510 4494 1597 4547 διὰ
1622 4496 1713 4548 τὸν

141 4586 460 4658 ἀφορισμδν,
494 4587 806 4656 ὑπισχνεῖτο
834 4586 1169 4657 θεραπεῦσαι
1195 4586 1292 4657 τὴν
1328 4585 1543 4640 ἀδικίαν
1570 4628 1585 4651 ,
1621 4587 1715 4639 καὶ

1815 3395 1864 3448 si
1892 3408 2068 3448 verum
2116 3389 2286 3455 divit,
2315 3405 2431 3457 qua:
2479 3387 2647 3457 defert
2683 3390 2886 3443 litteras
2928 3386 3219 3442 Eustathii.
3253 3388 3394 3441 Diri:

1813 3483 1978 3543 enim,
2017 3480 2156 3552 quod
2185 3478 2476 3549 Cyradium
2500 3478 2779 3548 facientem
2809 3478 3088 3548 injurinm,
3114 3494 3205 3531 nec
3236 3476 3301 3530 ab
3333 3494 3393 3531 eu

1815 3574 2064 3629 desistere
2092 3572 2366 3631 volentem,
2392 3588 2425 3624 a
2450 3571 2813 3625 communione
2834 3578 3229 3635 separaverunt.
3253 3568 3393 3635 Quia

1813 3682 1937 3736 ergo
1970 3664 2182 3724 inveni,
2224 3662 2363 3733 quod
2410 3679 2506 3716 suo
2541 3660 2684 3715 malo
2731 3677 2914 3715 curam
2973 3660 3228 3715 adhibens
3282 3661 3393 3715 vult

1812 3756 2203 3813 communicare
2228 3795 2243 3817 .
2271 3754 2359 3824 {ac
2387 3770 2452 3808 ea
2497 3755 2577 3809 ita
2601 3769 2657 3808 se
2701 3763 3005 3822 comparet,
3043 3762 3100 3806 ut
3134 3754 3393 3822 injuriam

1813 3850 2040 3916 primunt
2070 3847 2332 3918 deponat,
2376 3857 2425 3900 et
2470 3846 2826 3916 paenitentiam
2857 3862 3009 3915 agere
3054 3846 3108 3899 in
3155 3845 3393 3899 animum

1814 3940 2057 4006 inducat,
2084 3950 2143 3993 ut
2172 3939 2221 3993 si
2248 3939 2327 3993 sic
2352 3937 2693 3998 intellexeris,
2727 3934 2866 4005 quod
2896 3935 3115 3997 accedit,
3154 3951 3387 3988 commu-

1816 4033 2021 4086 nionem
2046 4031 2379 4092 desiderans,
2401 4029 2675 4098 permittas
2705 4028 2752 4080 ei
2780 4035 2837 4079 ut
2862 4043 2975 4080 cum
3001 4027 3205 4091 populis
3235 4041 3381 4079 com-

1814 4124 2058 4179 municet.

1888 4298 2085 4356 BALS.
2122 4298 2399 4353 Mulierem
2429 4294 2719 4367 quamdam
2746 4333 2761 4359 ,
2804 4309 2925 4364 qua:
2952 4292 3246 4362 Cyradium
3293 4309 3390 4364 ap-

1815 4393 2152 4463 pellabatur,
2182 4398 2237 4444 et
2263 4387 2522 4457 injuriam
2556 4394 2682 4442 ante
2713 4384 2944 4441 faciebat
2972 4425 2987 4447 ,
3017 4385 3111 4455 qui
3144 4392 3300 4440 erant
3334 4388 3391 4438 in

1816 4485 2045 4541 Gemino
2073 4481 2375 4554 presbyteri
2423 4481 2493 4536 ab
2523 4478 2764 4535 Ecclesia
2805 4485 3222 4549 separaverunt,
3262 4492 3387 4531 cum

1817 4576 1886 4631 ab
1925 4574 2123 4644 injuria
2151 4589 2259 4628 non
2289 4568 2732 4655 abstineretdlla
2760 4584 2890 4624 vero
2946 4577 3165 4640 propter
3203 4585 3385 4638 segre~

139 4677 289 4747 ἤθελε
322 4657 605 4749 δεχθῆναι.
629 4678 831 4751 Γράφει
852 4674 946 4732 οὖν
979 4680 1010 4732 ὁ
1040 4677 1298 4746 Θεόφιλος
1317 4678 1455 4750 πρὸς
1482 4678 1572 4732 τὸν
1609 4677 1711 4746 τῆς

1823 4666 2091 4738 gationem
2126 4664 2485 4735 pollicebatur
2522 4677 2583 4718 se
2610 4662 2826 4732 injuria:
2854 4660 3153 4715 remedium
3190 4659 3381 4712 allatu-

140 4768 316 4839 χώρας
348 4770 650 4823 ἐπίσκοπον
673 4809 688 4832 ,
718 4770 801 4823 ὅτι
831 4769 1262 4838 Παρασκευασον
1314 4769 1481 4842 αὐτὴν
1516 4768 1713 4823 ἀποθέ-

142 4863 255 4912 σϋαι
286 4858 508 4930 πρῶτον
536 4857 636 4928 τὴν
667 4857 899 4920 ἀδικίαν,
928 4859 1094 4930 ἡγουν
1122 4856 1413 4913 ἀποδοῦναι
1449 4858 1485 4913 ἃ
1514 4857 1712 4922 ἀδίκως

140 4950 423 5023 ἐκτήσατο,
447 4951 540 5004 καὶ
570 4953 931 5021 μετανοῆσαι,
964 4951 1086 5005 ἀντὶ
1115 4951 1211 5006 τοῦ
1253 4952 1346 5005 ἐπὶ
1371 4953 1437 5023 τῇ
1468 4950 1714 5021 ἁμαρτίᾳ

140 5043 228 5114 τῆς
268 5042 493 5106 ἀδικίας
529 5043 997 5114 μεταμεληθῆναι,
1023 5043 1120 5097 καὶ
1149 5042 1406 5115 δεηθῆναι
1452 5041 1547 5094 τοῦ
1578 5040 1711 5093 Θεοῦ

139 5133 399 5204 ἀφεθῆναι
427 5132 568 5203 αὐτῇ
598 5133 660 5185 τὸ
693 5132 1016 5204 ἁμάρτημα.
1047 5133 1158 5186 Καὶ
1198 5131 1369 5186 ταῦτα
1407 5131 1711 5204 ποιησάσης

141 5222 338 5293 αὐτῆς,
369 5225 421 5276 εί
462 5221 716 5294 συνίδῃς,
763 5224 1043 5286 τουτέστι,
1086 5222 1232 5293 γνῷς
1266 5223 1349 5276 ὅτι
1390 5223 1541 5293 νόμῳ
1580 5221 1715 5275 Θεοῦ

142 5314 527 5386 προσέρχεται,
570 5313 738 5385 ἤγουν
770 5314 1077 5385 συνειδήσει
1102 5312 1278 5386 ἀγαθῇ
1310 5315 1385 5385 μὴ
1414 5312 1713 5384 ἀνεχομένη

142 5404 466 5476 κεχωρίσθαι
497 5403 600 5475 τῆς
626 5402 738 5457 τῶν
781 5404 990 5459 πιστῶν
1022 5401 1327 5468 συνάξεως,
1350 5403 1438 5457 διά
1467 5403 1558 5456 τὸν
1582 5403 1715 5455 Θεὸν

142 5496 228 5549 καὶ
256 5496 332 5568 μὴ
360 5496 430 5551 δι’
464 5494 734 5568 αἰσχύνην
757 5494 1083 5568 ἀνθρώπων,
1117 5495 1238 5548 τότε
1261 5493 1551 5565 ἐπίτρεψον
1576 5494 1713 5563 αὐτῇ

140 5586 229 5658 τὴν
255 5586 396 5658 μετά
425 5586 538 5641 τῶν
569 5585 778 5641 πιστῶν
802 5585 948 5639 λαῶν
982 5584 1198 5650 σύναξιν
1241 5584 1335 5637 καὶ
1370 5583 1626 5636 σύστασιν
1658 5581 1715 5634 ἐν

140 5678 240 5741 τοῖς
279 5676 494 5749 ὕμνοις.

1819 4773 1932 4811 ram
1965 4795 1981 4819 ,
2010 4765 2063 4810 et
2096 4755 2163 4810 ad
2193 4753 2632 4809 communionem
2675 4751 2890 4806 admitti
2919 4750 3151 4803 volebat.
3186 4748 3387 4802 Scribit

1818 4863 1949 4920 ergo
1989 4847 2330 4917 TbeOphilns
2356 4846 2422 4901 ad
2450 4846 2765 4915 episcOpum
2797 4842 3068 4911 regionis:
3100 4838 3207 4895 l’ac
3244 4853 3303 4896 ut
3327 4855 3390 4895 ea

1819 4941 2055 5009 primum
2083 4941 2319 5010 deponat
2351 4938 2605 5007 injuriam
2628 4975 2641 4997 .
2676 4934 2776 4988 hoc
2799 4941 2916 4996 est,
2946 4932 3136 4987 reddat
3183 4945 3245 4985 ea
3272 4946 3394 5001 quae

1818 5031 2021 5100 injuste
2055 5028 2375 5099 acquisivit,
2405 5036 2459 5082 et
2487 5024 2861 5097 paenitentiam
2915 5030 3073 5091 agat,
3105 5021 3158 5075 id
3181 5028 3303 5084 est,
3332 5036 3394 5076 se

1819 5123 2075 5190 iniuriam
2109 5119 2308 5174 fecisse
2347 5133 2488 5188 aegre
2541 5117 2708 5179 ferat,
2740 5121 2795 5169 et
2824 5112 2992 5168 Deum
3025 5118 3146 5165 oret
3178 5118 3237 5164 ut
3287 5111 3388 5165 sibi

1818 5218 2043 5280 peccata
2072 5209 2475 5264 condoneutur.
2504 5206 2568 5259 Et
2601 5221 2724 5260 cum
2754 5204 2872 5258 haec
2905 5202 3116 5263 iecerit,
3146 5202 3191 5256 si
3227 5201 3390 5255 intel-

1822 5301 2041 5364 lexeris,
2069 5299 2176 5355 hoc
2206 5308 2328 5363 est,
2370 5298 2416 5352 si
2440 5295 2799 5368 cognoveris,
2834 5292 2979 5363 quod
3012 5293 3128 5362 lege
3171 5290 3264 5346 Dei
3302 5305 3393 5344 ac—

1818 5390 1997 5456 cedit,
2056 5404 2150 5447 seu
2198 5390 2340 5444 bona
2369 5384 2744 5450 conscientia,
2801 5398 2922 5453 quas
2976 5396 3083 5436 non
3119 5380 3222 5436 fert
3257 5394 3317 5435 se
3362 5394 3392 5432 ιι

1822 5481 2060 5536 ﬁdelium
2083 5480 2468 5535 communione
2482 5492 2604 5533 esse
2621 5481 2949 5544 separatam,
2964 5479 3187 5541 propter
3199 5469 3362 5524 Deum
3377 5507 3394 5533 ,

1820 5580 1875 5626 et
1906 5586 2015 5626 non
2044 5581 2264 5641 prepter
2293 5570 2570 5624 hominum
2600 5566 2861 5639 pudorem
2885 5604 2900 5628 ,
2925 5572 3057 5618 tunc
3083 5561 3134 5616 ei
3168 5562 3394 5632 permit-

1824 5676 1905 5718 tes
1929 5679 2052 5717 cum
2094 5662 2345 5717 ﬁdelibus
2371 5660 2584 5733 populis
2618 5657 3026 5716 communicare
3063 5666 3117 5710 et
3147 5654 3202 5708 in
3237 5653 3394 5727 hym-

1824 5755 1910 5811 nis
1932 5753 2250 5809 consistere.
