3974 6332
112 435 180 490 49
752 489 757 495 _
1053 430 1422 488 PROLOGL'S
1466 433 1554 487 AD
1594 427 1978 488 EPISTOLAS
2018 426 2443 482 PASCHALES.
3299 424 3369 483 50

117 522 299 585 ,ἱαξαι
346 521 456 575 τόν
477 518 648 589 μῆνα
680 517 796 571 τῶν
827 517 1001 582 νέων,
1044 519 1142 574 καὶ
1173 525 1448 586 ποιήσεις
1481 525 1546 574 τὸ
1583 521 1701 574 Πά-

1807 533 1921 568 rum
1940 532 1956 578 ;
1976 526 2022 568 et
2043 516 2205 584 facies
2230 515 2440 570 Pascha
2470 515 2691 569 Domino
2711 514 2818 568 Deo
2845 525 2936 570 tuo
2956 515 3158 570 decima
3178 525 3374 586 quarta

121 632 248 683 σχα
297 616 492 682 Κυρίῳ
532 610 610 678 τῷ
645 611 767 676 Θεῷ
795 624 912 665 σου
961 609 1035 677 τῇ
1077 611 1702 680 τεσσαρεσκαιδεκάτῃ

116 703 307 773 ἡμέρᾳ
339 703 444 756 τοῦ
475 700 709 770 πρώτου
737 700 954 768 μηνός.
1001 701 1160 769 Μῆνα
1206 700 1262 752 δὲ
1295 701 1415 752 νέον
1445 702 1616 770 λέγει,
1644 702 1702 754 ὃν

118 794 215 845 καὶ
247 791 470 862 πρῶτον
501 790 680 853 καλεῖ,
718 791 775 841 ὲν
799 782 844 856 ᾧ
867 789 1153 860 τεθηλότες
1187 792 1235 842 οἱ
1259 795 1463 861 καρποὶ
1493 793 1590 862 τὴν
1612 810 1704 860 γε-

118 883 356 953 νομένην
415 882 526 934 τῶν
569 880 820 933 παλαιῶν
867 881 1301 952 προσημαίνουσι
1337 882 1698 935 κατάπαυσιν.

131 974 219 1025 Ἐν
249 973 308 1026 δὲ
336 975 404 1043 τῇ
453 969 1026 1042 τεσσαρεσκαιδεκάτῃ
1062 971 1244 1040 ἡμέρᾳ
1285 971 1377 1022 τοῦ
1417 971 1583 1041 μηνὸς
1609 971 1700 1024 τοῦ

120 1063 341 1135 πρώτου
371 1061 752 1132 ἐπιτηρεῖσθαι
781 1061 840 1113 τὸ
868 1062 1058 1131 Πάσχα
1086 1060 1390 1125 συνέταξεν.
1416 1063 1516 1115 οὐκ
1543 1063 1701 1116 ἄλλου

117 1153 280 1208 τοῦτο
333 1150 520 1223 χάριν,
558 1154 591 1224 ἢ
637 1153 723 1206 ἵνα
757 1151 897 1205 κατὰ
931 1153 1163 1222 μίμησιν
1209 1153 1304 1205 τοῦ
1343 1154 1440 1222 τῆς
1475 1154 1704 1223 σελήνης

121 1247 304 1315 φωτὸς
335 1245 518 1315 πλήρη
555 1243 646 1296 τὸν
678 1244 806 1296 ἴδιον
833 1241 1030 1295 κύκλον
1061 1241 1315 1312 ἐχούσης,
1351 1242 1441 1294 τὸν
1475 1243 1575 1312 μὲν
1603 1244 1701 1313 τῆς

120 1338 361 1400 διανοίας
419 1336 681 1407 φωστῆρα
713 1337 874 1404 ἡμεῖς
903 1335 1108 1388 τέλεον
1152 1335 1384 1405 ἔχοντες,
1435 1338 1492 1388 ὲν
1527 1336 1702 1404 σκότῳ

121 1429 402 1499 ἁμαρτίας
439 1428 514 1497 μὴ
544 1426 935 1496 διατρίϐωμεν,
972 1426 1260 1488 θάλλοντες
1285 1426 1342 1479 δέ
1371 1443 1473 1478 που
1505 1444 1698 1478 παντο-

119 1523 353 1576 δαπέσιν
381 1523 626 1591 ἀρεταῖς,
653 1520 748 1572 καὶ
781 1523 893 1582 τοῖς
935 1521 1140 1572 τούτων
1176 1517 1426 1582 πετάλοις
1457 1512 1544 1570 οἷα
1578 1535 1702 1588 τερ-

122 1615 230 1666 πνά
264 1613 406 1682 φυτά
431 1613 784 1681 σκεπόμενοι,
801 1610 970 1681 λητων
999 1611 1156 1682 δίκην
1179 1610 1396 1680 φαιδροὶ
1414 1609 1702 1679 διαμείνω-

123 1721 245 1772 μεν.
293 1702 909 1773 Τεσσαρεσκαιδεκάτην
955 1699 1011 1753 δὲ
1060 1700 1154 1753 τοῦ
1209 1700 1376 1770 μηνὸς
1410 1699 1588 1767 λέγει,
1639 1699 1700 1751 οὑ

120 1793 266 1846 κατά
300 1793 393 1845 τὸν
427 1792 652 1863 ἡλιακὸν
702 1792 922 1853 κύκλον,
959 1790 1096 1844 ἀλλὰ
1139 1791 1281 1843 κατὰ
1318 1791 1417 1860 τὴν
1449 1791 1695 1860 σελήνην.

129 1883 408 1954 Ἐϐραὶων
437 1883 548 1958 γάρ
591 1883 802 1945 παῖδες,
833 1883 933 1934 ούκ
965 1884 1029 1935 ὲκ
1072 1882 1166 1935 τοῦ
1201 1881 1428 1951 ἡλιακοῦ
1475 1883 1695 1953 δρόμου,

117 1975 239 2028 ἀλλ’
289 1976 353 2027 ὲκ
385 1973 480 2026 τοῦ
528 1975 627 2043 τῆς
673 1973 904 2044 σελήνης
951 1972 1154 2026 κύκλου
1189 1975 1279 2026 τὸν
1329 1975 1473 2042 μῆνα
1525 1977 1697 2025 ποιεῖν

121 2067 531 2136 ἐπαιδεύθησαν
552 2084 566 2096 ’
607 2065 796 2135 ἐπειδὴ
823 2066 918 2118 καὶ
945 2067 973 2118 ὁ
1008 2066 1113 2135 μὴν
1141 2065 1282 2118 κατὰ
1310 2065 1370 2118 τὸ
1401 2065 1571 2135 ὄνομα
1597 2066 1698 2134 τῆς

122 2158 358 2228 σελήνης
386 2156 624 2222 λέγεται.
659 2155 819 2225 Μήνη
850 2154 960 2226 γὰρ
982 2154 1119 2225 αὕτη
1137 2154 1461 2224 ὀνομάζεται
1492 2154 1697 2208 Ἑλλάδι

118 2252 184 2319 τῇ
222 2248 714 2317 φωνῇ.·Δίγύπτιοι
747 2246 875 2316 γοῦν
915 2245 1128 2318 πρῶτον
1159 2245 1247 2297 διὰ
1272 2245 1333 2297 τὸ
1358 2245 1448 2298 τὸν
1477 2245 1577 2313 τῆς
1607 2262 1697 2297 σε-

119 2340 295 2410 λήνης
327 2339 526 2411 δρόμον
568 2339 826 2404 ὀξύτατον
849 2333 1008 2401 εἶναι,
1043 2338 1138 2390 καὶ⁹
1166 2339 1231 2390 ὲκ
1249 2336 1438 2390 τούτου
1468 2337 1695 2407 συμϐαί-

117 2448 236 2483 νειν
286 2431 495 2502 πλάνην
531 2431 644 2484 τῶν
689 2431 908 2501 ἡμερῶν
960 2430 1109 2501 παρά
1147 2446 1257 2480 τισι
1307 2427 1580 2496 γενέσθαι,
1641 2427 1699 2492 ἐξ

117 2521 281 2590 ἡλίου
315 2522 412 2585 τὰς
434 2521 528 2574 τοῦ
564 2521 736 2591 μηνὸς
768 2521 982 2591 ἡμέρας
1010 2521 1311 2591 ἐπενόησαν
1341 2519 1695 2590 ψηφίζεσθαι,

121 2611 456 2683 βραδύτερον
488 2612 580 2666 τοῦ
613 2613 714 2681 τῆς
745 2612 974 2682 σελήνης
1003 2611 1140 2665 κατὰ
1167 2612 1256 2664 τὸν
1278 2611 1470 2664 ἑαυτοῦ
1499 2611 1698 2682 δρόμον

121 2703 468 2773 κινουμένου,
501 2703 577 2767 ὡς
593 2703 689 2756 καὶ
717 2702 1018 2774 δυναμένου
1053 2702 1241 2755 τοῦτον
1273 2703 1348 2769 (3)
1378 2704 1505 2773 ῥᾷον
1534 2719 1699 2759 κατα·

121 2792 518 2864 λαμϐάνεσθαι.

193 2885 270 2937 B'.
314 2884 533 2937 Τούτων
577 2885 754 2938 τοίνυν
794 2884 967 2948 οὓτως
1009 2883 1199 2945 ὄντων,
1248 2883 1430 2936 πολλοὶ
1475 2885 1566 2936 καὶ
1610 2882 1700 2936 τὸν

123 2977 346 3048 πρῶτον
383 2977 528 3047 μῆνα
557 2975 652 3029 τοῦ
693 2974 934 3029 ἐνιαυτοῦ
966 2973 1277 3026 συντέλειαν
1307 2973 1436 3026 ὄντα
1464 2973 1563 3042 τῆς
1587 2991 1698 3043 χει-

127 3068 355 3140 μερινῆς
379 3067 605 3137 τροπῆς,
628 3067 702 3129 ὼς
729 3067 943 3137 πρῶτον
963 3065 1030 3118 δι’
1060 3064 1180 3118 ὅλου
1204 3064 1506 3118 τάττουσιν.
1534 3064 1701 3117 Τοῦτο

122 3156 184 3211 δὲ
227 3157 478 3210 ποιοῦσιν
525 3155 844 3224 ἀγνοοῦντες
880 3156 955 3225 (.i)
1000 3156 1028 3206 ὁ
1070 3154 1170 3223 τῆς
1223 3154 1445 3224 ἐαρινῆς
1491 3155 1702 3225 τροπῆς

127 3249 463 3320 ἀρχομένης,
490 3250 614 3318 ἦτις
652 3248 761 3300 ἀπὸ
789 3247 889 3316 τῆς
919 3247 1025 3317 πρὸ
1067 3246 1132 3316 ιβ’
1169 3245 1447 3299 καλανδῶν
1494 3246 1702 3319 Ἀπριλ-

127 3341 240 3394 λίου
286 3340 580 3411 τυγχάνειο
611 3341 640 3393 ὃ
679 3341 828 3392 ἐστιν
868 3339 942 3409 (5)
993 3337 1253 3409 Φαμενὼθ
1317 3347 1412 3401 κε’,
1456 3340 1699 3410 Μαρτίου

129 3438 210 3484 κα⁹
264 3430 429 3499 (κατὰ
473 3430 530 3482 δὲ
579 3429 802 3500 Σύρους,
870 3428 1195 3498 Ἀντιοχέας,
1240 3429 1334 3481 καὶ
1383 3429 1701 3493 Μακεδόνας

126 3523 378 3593 Μαρτίου
404 3527 512 3586 κα’,
537 3521 778 3591 Δύστρου
807 3523 910 3591 μιᾷ
935 3521 1028 3574 καὶ
1050 3520 1244 3591 εἰκάδι)
1275 3522 1416 3574 κατὰ
1435 3521 1526 3574 τὸν
1554 3522 1702 3594 ἡλια-

127 3613 218 3666 κὸν
248 3614 484 3684 δρόμον·
522 3614 589 3684 ἥν
623 3615 905 3683 ἐπιτηρεῖν
940 3616 1205 3684 προσήκει
1247 3613 1499 3684 μάλιστα,
1537 3617 1701 3684 μήπω

127 3706 327 3777 ταύτης
351 3705 647 3777 κατωτέρω
676 3705 1105 3776 πεπλανημένως
1134 3722 1239 3769 τις,
1268 3705 1364 3774 τὴν
1400 3723 1699 3777 τεσσαρεσ-

130 3796 519 3849 καιδεκαταξαν
593 3795 739 3848 κατὰ
791 3796 1020 3865 σελήνην
1073 3795 1238 3860 τάξας
1289 3795 1566 3868 διαμάρτῃ
1609 3796 1700 3850 τοῦ

131 3887 344 3955 Πάσχα,
378 3887 455 3948 ὡς
484 3886 578 3938 τοῦ
605 3884 821 3956 πρώτου
853 3885 1019 3957 μηνὸς
1047 3885 1283 3956 νομίζων
1304 3885 1440 3940 εἶναι
1475 3887 1698 3958 ταύτην.

131 3978 200 4029 Οὐ
233 3980 347 4048 γὰρ
396 3980 454 4030 ὲν
487 3977 565 4047 τῷ
595 3977 890 4048 δωδεκάτῳ
937 3979 1066 4048 μηνὶ
1113 3979 1429 4050 χειμερινῆς
1470 3982 1698 4050 τροπῆς,

129 4066 202 4131 ὡς
229 4073 517 4139 προεῖπον,
553 4068 719 4138 οὔσης
749 4071 778 4122 ὁ
801 4068 910 4122 τῶν
949 4070 1082 4121 νέων
1111 4071 1361 4122 τάττεται
1393 4071 1522 4140 μὴν,
1551 4069 1703 4124 οὔπω

133 4158 231 4210 τῶν
261 4159 498 4229 καρπῶν
523 4160 630 4214 τῶν
658 4160 794 4212 νέων
822 4159 1231 4228 πεπονημένων,
1264 4160 1384 4214 οὐδὲ
1407 4161 1701 4232 δυναμένου

136 4251 396 4321 δρεπάνου
437 4253 494 4303 ὲν
524 4251 720 4322 ἀμητῷ
752 4251 1098 4321 πέμπεσθαι·
1133 4252 1288 4306 τοῦτο
1325 4253 1434 4324 γὰρ
1471 4254 1703 4323 μάλιστα

141 4347 353 4414 σημεῖον
388 4342 482 4395 τοῦ
513 4343 729 4413 πρώτου
765 4342 930 4412 μηνὸς
962 4345 990 4396 ὁ
1022 4342 1161 4407 θεῖος
1190 4342 1346 4410 ἔταξε
1380 4345 1559 4416 νόμος.

201 4599 273 4654 Ρ.
320 4599 464 4652 Ἀλλ’
500 4600 622 4653 ἐπεὶ
656 4601 942 4670 ωμὸαξνει
974 4601 1242 4669 προφάσει
1280 4601 1376 4669 τῆς
1409 4616 1703 4671 τεσσαρεσ-

141 4691 522 4754 καιδεκαταίοις
563 4692 702 4746 κατὰ
735 4692 966 4762 σελήνην
994 4691 1085 4745 τοῦ
1110 4691 1272 4745 αὑτοῦ
1296 4689 1510 4761 πρώτου
1539 4690 1706 4761 μηνὸς

143 4782 211 4843 εἰς
241 4780 454 4848 πλάνην
497 4779 872 4848 ἐμπίπτοντάς
900 4796 1056 4840 τινας
1083 4779 1410 4848 ἀπαντώσης
1446 4779 1615 4847 αὐτῆς
1649 4780 1705 4830 ἐν

144 4868 422 4938 κυριακῇ,
455 4867 487 4936 ἢ
527 4869 580 4919 ὲν
630 4867 921 4938 Σαϐδάτῳ,
959 4865 1236 4939 περιλύειν
1283 4867 1381 4928 τὰς
1420 4869 1702 4936 νηστείας,

140 4959 590 5027 τρισκαιδεκάτης
618 4959 1014 5030 εὐρισκομένης
1035 4960 1155 5012 τότε
1187 4959 1328 5012 κατὰ
1357 4958 1603 5028 σελήνην,
1633 4959 1705 5022 ὡς

144 5044 255 5106 ξένα
297 5045 396 5097 τοῦ
439 5044 608 5115 νόμου
643 5045 904 5114 πράττειν
929 5062 940 5073 ·
977 5046 1138 5101 τοῦτο
1168 5049 1386 5098 σκοπεῖν
1417 5047 1704 5115 προσήκει,

143 5138 211 5189 ὁτι
246 5155 352 5207 περ
400 5139 447 5188 εἰ
492 5137 672 5208 συμῦῇ
710 5141 808 5206 τὴν
837 5138 1006 5208 αὐτὴν
1057 5139 1708 5210 τεσσαρεσκαιδεκαταίαν

145 5229 231 5297 τῆς
267 5230 500 5299 σελήνης
550 5231 607 5282 ἐν
642 5231 894 5300 κυριακῇ
937 5229 1302 5300 εὑρίσκεσθαι,
1346 5233 1424 5294 εἰς
1455 5231 1551 5300 τὴν
1583 5232 1710 5302 ἑξῆς

146 5319 404 5391 ἑδδομάδα
435 5320 657 5390 ἄμεινον
702 5320 1110 5390 ὑπερτίθεσθαι,
1150 5320 1242 5374 δύο
1275 5321 1478 5374 τούτων
1516 5322 1706 5375 ἓνεκα·

149 5413 348 5480 πρῶτον
384 5413 486 5483 μὲν
522 5413 609 5464 ἵνα
645 5411 718 5482 μὴ
760 5413 1269 5483 τρισκαιδεκαταίας
1298 5414 1438 5467 κατὰ
1461 5415 1707 5486 σελήνην,

147 5502 415 5557 Σαϐϐάτου
459 5505 585 5558 τότε
622 5505 1037 5576 εὑρισκομένου,
1074 5505 1452 5576 περιλύσωμεν
1485 5507 1583 5570 τὰς
1612 5525 1710 5579 νηο

149 5596 344 5660 στείας·
390 5599 531 5669 ὅπερ
565 5598 666 5650 ούκ
711 5597 1026 5661 ἀκόλουθον,
1079 5597 1174 5651 τοῦ
1213 5599 1374 5670 νόμον
1431 5601 1588 5654 τοῦτο
1637 5613 1709 5673 μη

211 5730 282 5796 (Ξ)
326 5730 668 5785 Vcrtendum
697 5741 818 5784 erat
852 5734 1071 5798 factum.

214 5803 281 5867 ὦ)
322 5800 488 5857 Forte
519 5801 609 5854 διὰ
637 5801 812 5854 τοῦτο.

1803 606 1888 660 die
1942 609 2131 661 mensis
2186 609 2366 676 primi.
2423 607 2663 662 Mensetn
2720 614 2901 659 autem
2953 605 3160 660 Novum
3211 607 3369 672 dixit,

1808 716 1968 769 quem
2006 707 2059 754 et
2091 701 2323 769 primum
2377 707 2558 763 vocat,
2597 699 2650 752 in
2679 712 2791 768 quo
2837 697 3010 750 adulti
3047 697 3258 753 fructus
3293 698 3370 769 (ε)

1803 793 2098 846 adventum
2121 807 2281 848 suum
2308 790 2695 860 praenuntiant,
2716 795 2962 843 veterum
2984 789 3370 846 cessationem.

1803 883 1859 936 lu
1891 881 2103 936 decima
2128 891 2322 951 quarta
2351 891 2534 935 autem"
2559 879 2650 934 die
2679 879 2842 933 istius
2863 878 3023 948 primi
3043 879 3250 934 mensis
3273 881 3372 935 ob-

1803 974 2010 1028 servari
2031 972 2238 1027 Pascha
2263 971 2545 1041 praecepit,
2564 985 2673 1024 non
2693 979 2912 1040 propter
2929 969 3093 1023 aliam
3119 983 3367 1034 causam,
3447 1005 3453 1016 ς

1803 1069 1910 1122 nisi
1947 1077 2170 1138 propter
2209 1064 2626 1122 similitudinem
2653 1065 2815 1126 lunae,
2850 1078 2970 1132 quae
2998 1069 3131 1118 tunc
3169 1062 3222 1116 in
3264 1061 3386 1117 ful--
3451 1071 3458 1130 ζ

1803 1174 1931 1228 gore
1968 1159 2185 1226 plenum
2213 1156 2376 1212 habet
2411 1155 2628 1225 globum
2650 1152 2956 1223 proprium,
3001 1159 3064 1205 ut
3106 1166 3206 1206 nos
3236 1165 3375 1221 quo-
3455 1175 3461 1184 -

1802 1265 1908 1318 que
1933 1249 2234 1318 perfectura
2265 1245 2608 1315 splendorem
2641 1243 2763 1298 ﬁdei
2796 1251 2851 1297 et
2873 1258 3068 1297 sensus
3095 1251 3386 1312 gerentes,_
3453 1231 3458 1253 τ

1803 1356 1831 1394 a
1863 1342 2067 1410 peccati
2099 1340 2345 1394 tenebris
2371 1352 2738 1408 segregemur,
2765 1346 2819 1390 et
2851 1343 2910 1390 ut
2934 1335 3166 1405 vegetati
3198 1334 3378 1388 diver-

1802 1449 1986 1486 sarum
2021 1435 2289 1486 varietate
2325 1431 2610 1494 virtutum,
2645 1443 2945 1496 earumque
2993 1428 3159 1494 foliis,
3207 1428 3370 1482 veluti

1802 1535 2032 1574 amoena:
2059 1521 2275 1576 arboris
2307 1519 2724 1576 adumbratione
2749 1519 2928 1582 velati,
2954 1526 3210 1588 tanquam
3242 1519 3373 1572 laetae

1803 1623 1967 1682 atque
2035 1613 2335 1667 fructiferae
2398 1620 2609 1681 segetes
2681 1611 3030 1679 pullu‘lemus.
3093 1609 3370 1664 Decimum

1802 1712 2060 1773 quartum
2111 1711 2291 1758 autem
2326 1702 2469 1757 diem
2507 1701 2710 1756 mensis
2741 1701 3000 1769 appellat,
3035 1717 3142 1754 non
3174 1716 3372 1755 secun-

1801 1795 1929 1847 dum
1958 1795 2093 1850 solis
2130 1810 2354 1849 cursum
2377 1833 2391 1855 ,
2441 1792 2535 1848 sed
2567 1791 2868 1846 secundum
2920 1793 3124 1845 lunam.
3162 1791 3370 1846 HeLrei

1801 1888 1944 1940 enim
1979 1903 2085 1941 non
2107 1902 2173 1940 ex
2205 1887 2337 1941 solis
2363 1902 2554 1951 cursu,
2589 1885 2682 1939 sed
2707 1901 2774 1940 ex
2794 1886 2936 1940 lunae
2954 1884 3106 1953 cyclo
3132 1898 3369 1937 mensem

1803 1977 1915 2031 tieri
1937 1976 2138 2031 debere
2165 1977 2439 2041 dixerunt,
2473 1976 2730 2046 quoniam
2750 1982 2804 2029 et
2831 1974 3038 2028 mensis
3066 1971 3369 2028 secundum

1800 2070 1985 2123 lunam
2015 2069 2237 2131 dicitur,
2275 2082 2584 2136 nomenque
2621 2066 2827 2120 Achiva
2864 2065 3048 2133 lingua
3085 2062 3236 2116 Mene
3269 2077 3372 2116 vo-

1800 2170 1981 2213 catur.
2024 2158 2264 2229 A'lgyptii
2297 2159 2443 2213 enim
2477 2158 2662 2228 primi,
2695 2164 2918 2226 pr0pter
2943 2157 3085 2208 lunae
3120 2155 3371 2208 celerita-

1800 2259 1938 2312 tem;
1971 2266 2034 2304 ex
2069 2266 2176 2318 qua
2212 2249 2355 2318 apud
2389 2247 2652 2317 quosdam
2682 2247 2892 2302 dierum
2913 2259 3072 2299 error
3100 2244 3253 2298 nasci
3281 2258 3372 2298 so-
3428 2283 3433 2287 -

1803 2343 1969 2404 lebat,
2013 2358 2078 2396 ex
2118 2342 2254 2395 solis
2285 2356 2451 2395 cursu
2480 2355 2708 2411 menses
2740 2353 2803 2392 ac
2845 2337 2961 2390 dies
2992 2335 3371 2405 supputandos

1802 2433 2019 2488 facilius
2065 2432 2443 2496 crediderunt,
2491 2445 2558 2485 eo
2601 2428 2748 2500 quod
2789 2429 2869 2482 sol
2911 2426 3122 2481 tardius
3173 2426 3374 2480 coelum

1799 2538 1962 2592 quam
2007 2523 2132 2576 luna
2181 2523 2505 2585 circumeat,
2554 2530 2718 2590 atque
2764 2519 2883 2573 ideo
2929 2517 3099 2589 possit
3157 2517 3383 2576 facilius

1800 2630 1919 2668 com
1928 2613 2210 2686 prehendi.

1871 2870 1932 2924 ll.
1955 2869 2050 2925 llis
2075 2869 2240 2940 igitur
2269 2867 2342 2924 ita
2375 2884 2433 2924 se
2460 2866 2810 2932 habentibus,
2844 2867 2996 2921 multi
3028 2876 3079 2921 et
3109 2867 3350 2937 primum

1804 2979 2070 3028 mensem,
2113 2970 2166 3018 et
2201 2963 2256 3016 in
2287 2976 2352 3017 eo
2385 2960 2606 3014 Pascha:
2635 2959 2906 3016 decimum
2943 2966 3198 3028 quartum
3228 2957 3370 3011 diem

1806 3056 2074 3120 nesciunt,
2097 3055 2223 3125 quia
2249 3053 2581 3122 frequenter,
2605 3034 2900 3105 secundum
2927 3049 3204 3114 Hebraeos,
3236 3051 3373 3102 duo—

1803 3148 2074 3202 decimum
2101 3145 2230 3200 anni
2263 3161 2530 3208 mensem,
2554 3143 2766 3198 hiberni
2797 3143 3056 3213 temporis
3087 3140 3372 3195 mutationi

1803 3240 2075 3293 conliuem
2113 3247 2277 3307 atque
2307 3235 2653 3304 contiguum,
2688 3243 2743 3286 ut
2771 3250 2864 3302 per
2901 3233 3084 3286 omnia
3115 3232 3371 3301 primum.

1803 3335 2076 3384 statuunt.
2114 3325 2226 3380 Hoc
2259 3332 2440 3379 autem
2469 3323 2704 3385 faciunt,
2740 3321 2866 3390 quia
2896 3337 3076 3374 verna:
3119 3319 3374 3372 immuta-

1805 3419 2240 3489 tionisignoraut
2263 3416 2500 3479 initium,
2527 3413 2674 3483 quod
2695 3411 3079 3466 duodecimum
3099 3408 3372 3462 Kalendas

1803 3509 2003 3580 Aprilis
2034 3508 2201 3572 diem,
2229 3506 2384 3575 juxta
2418 3503 2552 3557 solis
2600 3517 2846 3561 cursum,
2878 3515 3089 3569 semper
3122 3497 3374 3556 incurrit,

1801 3598 1947 3670 quod
1987 3607 2112 3652 ante
2147 3595 2333 3652 omnia
2385 3595 2682 3649 observare
2727 3607 2827 3645 nos
2867 3589 3147 3650 convenit,
3196 3603 3281 3650 ne,
3327 3586 3375 3641 si

1803 3693 1942 3746 forte
1978 3692 2030 3743 in
2067 3690 2169 3745 hac
2206 3689 2325 3758 ipsa
2362 3686 2667 3740 mutatione.
2704 3683 2934 3738 inferius
2970 3681 3149 3735 adhuc
3179 3686 3232 3733 et
3257 3679 3368 3731 lou-

1803 3786 1926 3855 gius
1961 3783 2286 3843 constituta,
2329 3796 2426 3850 per
2459 3793 2700 3834 errorem
2746 3776 2871 3846 quis
2904 3774 3169 3828 decimam
3212 3785 3376 3839 quar-

1803 3883 1911 3926 tam
1959 3877 2238 3940 computet
2269 3870 2477 3930 lunam,
2521 3867 2575 3921 in
2622 3865 2906 3920 Paschalis
2939 3861 3134 3917 calculi
3167 3859 3377 3912 ratione

1805 3963 2042 4026 fallatur,
2075 3960 2232 4031 quasi
2278 3957 2440 4029 primi
2469 3972 2589 4011 eam
2617 3956 2897 4010 ιεειὶηιιιιιε
2932 3951 3154 4006 mensis.
3191 3947 3378 4017 Neque

1802 4055 1947 4109 enim
1995 4055 2048 4107 in
2085 4051 2415 4108 duodecimo
2447 4063 2656 4113 mense,
2693 4055 2935 4113 tempore
2968 4040 3146 4094 adhuc
3176 4038 3377 4092 hiemis

1802 4144 2126 4205 exsistente,
2159 4150 2217 4196 ut
2252 4141 2408 4211 prius
2437 4138 2572 4201 dixi,
2608 4151 2873 4191 novorum
2907 4133 3181 4186 fructuum
3217 4129 3374 4200 poni-

1804 4243 1893 4288 tur
1921 4233 2150 4296 mensis,
2177 4247 2277 4288 nec
2306 4229 2435 4286 dum
2464 4228 2740 4285 fructibus
2781 4225 2940 4280 novis
2967 4220 3379 4277 maturescenti-

1804 4325 1932 4388 bus,
1980 4321 2426 4392 quandoQuidem
2461 4335 2564 4375 nec
2601 4319 2770 4372 falces
2821 4317 3053 4386 supponi
3105 4314 3391 4369 messibus.

1807 4421 2061 4485 possunt,
2111 4415 2213 4468 hoc
2243 4413 2392 4468 enim
2431 4410 2668 4465 maxime
2712 4410 2924 4480 signum
2974 4406 3130 4478 primi
3171 4406 3380 4461 mensis

1807 4507 1889 4560 lex
1917 4505 2099 4559 divina
2133 4502 2441 4558 constituit.

1879 4597 1972 4650 Ill.
2008 4595 2112 4650 Sed
2145 4595 2272 4665 quia
2318 4591 2570 4648 accidere
2617 4592 2888 4646 interdum
2924 4590 3084 4655 solet,
3119 4597 3177 4641 ut
3217 4603 3378 4643 occa-

1810 4690 1964 4745 sione
1996 4688 2222 4742 decimae
2251 4691 2460 4754 quartae
2485 4683 2626 4738 lunae
2659 4683 2819 4752 primi
2858 4681 3091 4740 tnensis,
3128 4678 3376 4732 nonnulli

1809 4783 1861 4834 in
1895 4795 2137 4834 errorem
2168 4779 2391 4838 cadant,
2439 4777 2485 4830 si
2531 4775 2742 4830 decima
2773 4779 2968 4843 quarta
3012 4772 3126 4839 ipsa
3160 4771 3286 4823 luna
3323 4769 3376 4820 in

1810 4871 2152 4926 Dominicum
2183 4871 2326 4924 diem
2357 4867 2537 4921 veniat
2570 4871 2702 4935 (quo
2725 4863 2870 4916 facto
2901 4876 3128 4916 necesse
3153 4867 3238 4913 est
3262 4859 3376 4928 jatn

1805 4965 2074 5034 jejunium
2127 4961 2262 5017 solvi
2296 4958 2517 5014 Sabbati
2557 4958 2664 5017 die,
2707 4954 2925 5022 quando
2966 4952 3172 5008 decima
3217 4949 3376 5004 tertia

1811 5057 1935 5110 luna
1963 5055 2258 5115 invenitur,
2294 5058 2347 5105 et
2377 5048 2670 5118 incipimus
2703 5047 2804 5116 legi
2839 5045 3116 5098 contraria
3151 5045 3376 5106 facere),

1810 5145 2064 5198 convenit
2105 5144 2205 5196 hoc
2245 5141 2536 5209 diligenter
2577 5136 2879 5197 attendere,
2928 5143 2986 5188 ut
3027 5134 3245 5202 quoties
3283 5133 3378 5186 de-

1811 5237 1950 5288 cima
1980 5243 2177 5303 quarta
2223 5232 2351 5284 luna
2386 5231 2439 5282 in
2474 5227 2817 5282 Dominicum
2853 5225 3090 5278 incurrit
3115 5224 3282 5279 diem.
3320 5221 3374 5274 in

1813 5337 2126 5395 sequentem
2150 5323 2512 5393 septimanam
2547 5319 2864 5375 Paschalem
2887 5317 3031 5371 diem
3068 5317 3246 5386 potius
3275 5315 3382 5368 dil-

1815 5419 2075 5473 fcramus.
2119 5416 2331 5485 Duplici
2374 5416 2478 5469 hac
2498 5429 2666 5468 causa
2706 5431 2720 5467 :
2753 5411 2993 5487 Primum
3024 5409 3264 5478 quidem,
3289 5423 3379 5470 ne,

1811 5510 2024 5564 decima
2053 5509 2214 5563 tertia
2238 5509 2364 5560 luna
2392 5507 2634 5567 inventa,
2665 5505 2720 5558 in
2751 5501 2972 5557 Sabbati
3000 5501 3088 5555 die
3103 5499 3380 5554 solvamus

1809 5601 2080 5671 jejunium
2115 5619 2126 5653 :
2154 5600 2298 5669 quod
2331 5613 2674 5669 consequens
2699 5610 2807 5650 non
2829 5602 2930 5660 est,
2964 5591 3106 5663 quod
3140 5606 3236 5644 nec
3268 5588 3383 5658 ipsa

1884 5735 1958 5806 (ι)
2003 5733 2186 5806 Mutila
2243 5741 2373 5806 sunt
2404 5732 2490 5785 hic
2520 5730 2726 5806 Graeca.

1874 5795 1951 5874 (Si)
1988 5805 2117 5871 Qum
2142 5804 2475 5858 clauduntur
2495 5799 2832 5868 parenthesi,
2861 5797 3061 5852 omittit
3092 5795 3385 5865 interpres.
