3976 6332
620 445 680 501 δι
1566 442 1573 448 ’
1615 446 1980 505 ΤΠΕΟΡΗΠΛ
2026 442 2187 500 EPlSt

2296 444 2335 500 ἰ
2374 444 2845 502 ALEXANDRINI
3790 442 3853 497 59

618 560 709 616 les
753 558 1031 630 praecipit;
1072 562 1308 615 maxime
1355 575 1480 616 cum
1527 568 1581 616 et
1624 562 1808 617 lumen
1849 560 2023 632 ipsius
2053 561 2187 616 lunae

2300 558 2723 631 προστάξαντος,
2758 555 2894 611 ἀλλὰ
2924 554 3018 610 καὶ
3060 551 3155 609 τοῦ
3196 551 3483 625 φωστῆρος
3508 551 3605 624 τῆς
3641 550 3855 622 σελήνης

614 650 994 724 imperfectum
1022 652 1200 708 adhuc
1227 653 1281 708 in
1311 655 1534 725 proprio
1566 654 1731 726 globo
1765 669 1891 711 esse
1916 655 2188 711 videatur.

614 743 849 809 Deinde,
887 760 977 810 ne,
1031 743 1318 801 Dominica
1357 746 1489 801 luna
1530 747 1748 802 decima
1807 753 2004 819 quarta
2041 744 2192 800 exsi-

616 848 817 903 stente,
853 836 1108 908 jejunare
1150 853 1453 910 cogamur;
1498 838 1846 896 indecentem
1886 854 2000 895 rem
2033 837 2196 893 illici-

612 937 840 999 tamque
868 925 1183 987 facientes:
1236 931 1345 987 hoc
1392 931 1540 988 enim
1583 930 2008 987 Manichaeorum
2046 937 2195 985 recte

614 1019 960 1076 consuetudo
983 1021 1249 1090 possidet.
1273 1020 1545 1088 Quoniam
1578 1022 1744 1093 igitur
1758 1022 1973 1077 decima
1993 1027 2195 1091 quarta

618 1113 747 1164 luna
788 1109 1043 1166 veniente
1074 1111 1131 1166 in
1183 1110 1522 1168 Dominicam
1568 1113 1734 1178 diem,
1777 1112 2034 1183 jejunare
2083 1125 2194 1166 non

612 1203 919 1274 debemus“
941 1219 1120 1273 neque
1153 1219 1502 1276 consequens
1539 1212 1646 1269 est,
1683 1214 1741 1260 ut
1775 1205 1823 1260 si
1867 1206 1923 1259 in
1971 1202 2194 1259 Sabbati

613 1293 704 1348 die
736 1294 949 1348 decima
974 1302 1168 1364 quarta
1198 1297 1325 1350 luna
1351 1296 1554 1359 veniat,
1573 1298 1852 1354 solvamus
1884 1293 2190 1365 jejunium:

613 1385 931 1441 necessario
948 1387 1253 1443 asserimus
1281 1388 1384 1443 hoc
1407 1389 1461 1443 in
1492 1390 1858 1460 semimanam
1877 1395 2193 1457 sequentem

612 1474 814 1530 debere
858 1473 1088 1540 dill‘erri,
1143 1476 1307 1531 sicuti
1358 1476 1524 1548 paulo
1569 1476 1828 1547 superius
1875 1476 2024 1542 dixi;
2087 1491 2193 1530 non

611 1573 795 1620 tamen
825 1581 894 1621 ex
921 1565 1024 1621 hac
1042 1567 1328 1631 dilatione,
1361 1569 1810 1637 praevaricatione
1833 1567 2016 1638 aliqua
2044 1567 2194 1622 circa

611 1655 932 1713 Paschalem
988 1657 1257 1713 circulum
1322 1667 1658 1731 perpetrata.
1718 1657 2192 1725 Quemadmodum

609 1748 757 1803 enim
788 1748 1038 1805 decimus
1056 1764 1323 1807 numerus
1351 1751 1743 1822 complectitur
1772 1765 2004 1813 nonum,
2035 1748 2115 1804 sic
2142 1756 2193 1803 et

608 1840 829 1911 quoties
861 1841 1076 1897 decima
1116 1850 1314 1913 quarta
1349 1843 1481 1897 luna
1522 1840 1578 1897 in
1629 1841 1968 1898 Dominicam
2008 1841 2196 1896 incur-

2295 650 2375 705 ἑτι
2419 668 2527 722 περ
2556 647 2786 714 ἀτελοῦς
2813 649 2943 722 περὶ
2970 649 3063 703 τὸν
3102 646 3302 701 κύκλον
3340 646 3431 699 τὸν
3472 647 3666 698 ἑαυτοὺ
3693 644 3849 707 ὄντος.

2299 743 2527 797 Ἔπειτα
2574 743 2662 796 ἵνα
2694 740 2771 813 μὴ
2801 741 2897 795 καὶ
2937 739 3224 813 Κυριακῆς
3249 737 3433 809 οὑσης,
3461 737 3554 791 καὶ
3580 752 3860 806 τεσσαρεσ-

2299 833 2683 899 καιδεκαταὶας
2746 833 2891 888 κατὰ
2937 831 3169 904 σελήνην
3217 828 3591 902 ὑπαρχούσης,
3631 829 3860 897 ἀναγκα-

2301 923 2520 996 σθῶμεν
2547 923 2850 996 νηστεύειν,
2882 922 3131 995 ἀπρεπὲς
3161 921 3397 992 πρᾶγμα
3426 916 3725 980 ποιοῦντες.
3753 919 3861 970 Μα-

2295 1014 2518 1084 νιχαίων
2544 1014 2654 1085 γάρ
2693 1014 2841 1067 ἑστιν
2866 1012 2994 1067 ἴδιον
3024 1012 3259 1083 πρᾶγμα
3280 1008 3342 1062 τὸ
3376 1006 3635 1062 τοιοῦτον.
3667 1006 3862 1060 Οὐκοῦν

2297 1105 2489 1176 ἐπειδὴ
2515 1106 2637 1158 οὑδὲ
2665 1104 2765 1175 τῆς
2796 1100 3453 1176 τεσσαρεσκαιδεκαταίας
3478 1098 3620 1153 κατὰ
3646 1097 3861 1167 σελήνην

2300 1197 2358 1249 ἑν
2408 1199 2661 1269 Κυριακῇ
2711 1196 3105 1268 εὑρισκομένης
3144 1194 3427 1266 νηστεύειν
3463 1192 3564 1256 δεῖ,
3598 1188 3721 1244 οὑτε
3747 1189 3866 1244 ἀκό-

2296 1288 2486 1343 λουθον
2531 1291 2590 1343 ἑν
2620 1288 2886 1358 Σαϐϐάτῳ
2916 1286 3367 1360 τρισκαιδεκάτης
3396 1281 3725 1353 ἀπαντώσης
3772 1297 3863 1334 πε-

2300 1378 2499 1449 ριλύειν
2527 1378 2629 1443 τὰς
2662 1378 2915 1449 νηστείας
2935 1395 2949 1408 ·
2977 1378 3252 1447 ἀναγκαία
3279 1378 3313 1448 ἡ
3347 1375 3639 1447 ὑπέρθεσις
3670 1376 3750 1436 εὶς
3775 1372 3866 1440 τὴν

2295 1467 2427 1540 ἑξῆς
2458 1469 2753 1541 ἑϐδομάδα,
2780 1469 2855 1534 ὡς
2889 1469 3056 1539 ὀλίγῳ
3087 1468 3323 1541 πρόσθεν
3346 1467 3581 1540 εἴρηται,
3609 1466 3671 1519 οὑ
3707 1482 3867 1536 παρα-

2295 1559 2504 1626 λύσεως
2530 1561 2861 1632 γιγνομένης
2884 1563 2941 1614 ἑν
2961 1560 3040 1632 τῷ
3061 1561 3253 1632 Πάσχα
3272 1559 3360 1613 διά
3385 1559 3488 1629 τῆς
3507 1556 3864 1628 ὑπερθέσεως.

2308 1651 2450 1706 Ἀλλ’
2505 1653 2697 1726 ὥσπερ
2728 1655 2756 1707 ό
2789 1653 3013 1717 δέκατος
3062 1652 3299 1726 ἀριθμὸς
3346 1649 3742 1724 περιλαμϐάνει
3781 1648 3868 1702 τὸν

2297 1745 2479 1814 ἑννέα,
2512 1746 2690 1811 οὑτως
2715 1749 2748 1818 ή
2778 1743 3409 1815 τεσσαρεσκαιδεκαταεα
3432 1743 3530 1814 τῆς
3564 1742 3792 1813 σελήνης
3815 1742 3869 1795 ἑν

2299 1838 2557 1908 κυριακῇ
2592 1836 2979 1909 εὑρισκομένη,
3018 1834 3107 1889 διὰ
3133 1835 3197 1888 τὸ
3231 1834 3306 1906 μὴ
3350 1834 3460 1888 δεῖν
3484 1835 3540 1888 ἑν
3581 1833 3769 1904 ταύτῃ.
3783 1848 3870 1902 νη-

610 1933 745 1989 rerit
771 1932 933 1998 diem,
965 1948 1032 1989 eo
1062 1935 1207 2004 quod
1254 1935 1310 1989 in
1355 1950 1419 1990 ea
1469 1934 1725 2005 jejunare
1755 1949 1866 1990 non
1900 1933 2082 1998 liceat,
2136 1933 2187 1989 in

2301 1928 2532 1994 στεύειν,
2569 1930 2649 1993 εἰς
2688 1927 2788 1999 τὴν
2819 1928 2946 1997 ἑξῆς
2976 1927 3247 1999 ἑϐδομάδα
3281 1925 3574 1998 ὑπέρθεσις
3613 1925 3869 1995 γίγνοιτο,

608 2023 914 2093 proximam
944 2023 1305 2093 septimanam
1330 2023 1541 2081 dili‘erri
1566 2039 1791 2081 necesse
1808 2031 1892 2081 est
1915 2024 2058 2080 diem
2085 2024 2190 2079 Pa-

608 2112 792 2180 schae;
829 2114 981 2170 nulla
1015 2113 1164 2172 enim
1199 2130 1266 2172 ex
1305 2115 1410 2172 hoc
1453 2116 1769 2172 imminutio
1806 2116 1925 2172 ﬁeri
1968 2116 2192 2173 Pascha:

606 2206 847 2273 videtur,
882 2207 1013 2279 quia
1048 2223 1146 2265 sex
1183 2219 1477 2280 sequentes
1510 2208 1628 2266 dies
1654 2210 2093 2280 complectuntur
2136 2218 2192 2265 et

607 2298 874 2369 reliquos.

679 2411 770 2468 IV.
794 2412 972 2468 Aliter
998 2422 1202 2480 autem,
1236 2414 1383 2486 quod
1412 2423 1467 2472 et
1495 2415 1751 2472 Salvator
1767 2422 1954 2473 noster
1976 2415 2188 2472 decima

607 2511 805 2574 quarta
837 2505 1058 2575 quidem
1106 2514 1192 2563 est
1238 2506 1478 2563 traditus
1526 2508 1678 2572 luna,
1710 2508 1816 2563 huc
1865 2515 1951 2564 est
1997 2506 2188 2578 quinta

604 2603 732 2666 post
754 2593 1050 2652 Sabbatum
1068 2614 1085 2666 ;
1102 2598 1313 2654 decima
1331 2602 1524 2670 quinta
1541 2609 1721 2656 autem
1750 2599 2069 2664 cruciﬁxus,
2099 2597 2189 2654 die

603 2687 773 2742 tertio
803 2690 1190 2753 resurrexerit,
1221 2689 1327 2746 hoc
1355 2698 1462 2756 est,
1496 2690 1713 2747 decima
1756 2691 1992 2763 septima
2032 2691 2184 2757 luna,

612 2794 739 2849 quae
775 2789 908 2835 tunc
939 2780 993 2834 in
1032 2778 1316 2837 Dominica
1356 2782 1445 2837 die
1472 2782 1693 2838 inventa
1721 2792 1838 2849 est;
1868 2784 2010 2839 sicut
2037 2791 2091 2839 et
2120 2798 2187 2838 ex

602 2867 1027 2941 Evangeliorum
1055 2872 1341 2926 notatione
1357 2872 1750 2941 comperimus.
1765 2871 2042 2928 Habemus
2056 2887 2187 2943 ergo

600 2960 888 3025 solatium,
910 2976 1020 3030 quo
1047 2970 1195 3015 recte
1220 2961 1398 3016 facere
1415 2960 1626 3017 Pascha
1648 2962 1948 3031 possimus,
1966 2962 2186 3017 etiamsi

502 3038 507 3044 ’
601 3048 800 3106 dilatio
831 3050 998 3105 fuerit
1028 3060 1353 3115 consecuta,
1399 3059 1623 3121 propter
1665 3052 2040 3107 incurrentem
2088 3066 2186 3107 ne-

600 3141 938 3208 cessitatem,
978 3151 1038 3196 ut
1076 3142 1123 3198 si
1158 3143 1371 3198 decima
1399 3152 1594 3213 quarta
1618 3142 1783 3213 primi
1815 3144 2022 3199 mensis
2044 3142 2185 3198 Sab-

601 3232 731 3288 bato
760 3236 1005 3289 evenerit
1040 3236 1193 3298 luna,
1229 3246 1324 3289 aut
1356 3236 1402 3290 si
1443 3245 1570 3290 ante
1617 3235 1918 3291 Sabbatum
1957 3236 2013 3290 in
2060 3235 2184 3292 aliis

601 3324 926 3394 septimanae
955 3327 1238 3396 sequentis
1266 3327 1462 3382 diebus
1493 3327 1777 3393 acciderit,
1814 3328 1936 3383 sine
1963 3327 2185 3382 dubita-

599 3414 755 3471 tione
780 3414 993 3472 Pascha
1038 3419 1402 3474 celebremus.
1445 3416 1503 3472 Si
1546 3435 1679 3474 vero
1727 3419 1782 3474 in
1840 3420 2185 3475 Dominicum

601 3504 879 3569 inciderit,
920 3507 1239 3563 omnimodo
1272 3508 1326 3563 in
1357 3510 1719 3578 septimanam
1747 3518 2092 3580 sequentem,
2124 3516 2186 3564 ut

602 3598 807 3668 saepius
856 3597 1063 3654 dictum
1112 3608 1220 3664 est,
1279 3601 1671 3666 conferamus,
1717 3602 1849 3672 quia
1898 3600 2184 3657 Dominica

600 3688 964 3746 hebdomadis
994 3691 1170 3763 prima
1201 3692 1320 3749 dies
1346 3703 1448 3760 est,
1484 3703 1541 3748 ut
1579 3695 1732 3764 prius
1760 3693 1897 3748 dixi.

673 3842 742 3901 V.
778 3844 875 3923 llis
926 3862 1058 3925 ergo
1096 3846 1485 3906 demonstratis
1516 3856 1684 3920 atque
1723 3848 2040 3920 patefactis,
2080 3846 2185 3900 hoc

599 3936 769 3992 etiam
821 3938 1285 3994 considerandum
1322 3947 1429 4002 est,
1470 3939 1615 4011 quod
1648 3949 1703 3994 et
1746 3941 1831 3995 lex
1866 3937 2185 4008 frequenter

599 4043 769 4084 causa
795 4031 1148 4085 necessitatis
1181 4046 1278 4086 eos
1333 4030 1429 4100 qui
1468 4029 1869 4085 constrictione
1916 4028 2184 4098 temporis

598 4120 840 4189 quadam
874 4136 982 4175 non
1008 4130 1307 4192 potuerunt
1337 4123 1391 4177 in
1426 4122 1606 4193 primo
1628 4136 1823 4178 mense
1852 4120 2070 4178 Pascha
2095 4137 2186 4178 ce-

599 4209 842 4274 lebrare,
887 4213 1132 4269 secundo
1175 4213 1319 4269 idem
1359 4214 1541 4270 facere
1570 4215 1838 4286 praecipit.
1873 4213 2066 4269 Melius
2099 4220 2185 4269 est

594 4301 747 4358 'enim
786 4301 841 4355 in
893 4304 1228 4358 necessitate
1265 4306 1479 4373 positos
1520 4307 1809 4376 superiora
1842 4322 2006 4377 quam
2044 4305 2183 4361 infe-

597 4388 751 4445 riora
784 4391 1008 4456 sectari,
1040 4393 1305 4461 quoniam
1346 4393 1613 4448 inferiora
1647 4395 2029 4464 superioribus
2056 4409 2185 4449 con-

598 4482 889 4549 tinentur;
951 4484 1240 4554 superiora
1288 4495 1472 4540 autem
1525 4485 1596 4539 ab
1652 4486 1900 4542 inferiori
1952 4502 2182 4542 numero

597 4589 711 4630 non
739 4574 1117 4632 includuntur.
1150 4575 1288 4632 ιιιυά
1321 4578 1542 4643 iterum,
1571 4576 1717 4647 quod
1750 4579 2056 4648 posuimus,
2087 4579 2182 4634 de-

596 4669 897 4732 clarantes,
936 4668 1198 4740 quoniam
1229 4669 1478 4726 decimus
1508 4685 1773 4725 numerus
1806 4683 2011 4723 nonum
2038 4670 2180 4726 intra

597 4779 660 4819 se
681 4764 983 4827 contineat,
1014 4777 1198 4821 nonus
1228 4770 1411 4818 autem
1438 4763 1713 4818 decimum
1750 4763 2033 4818 continere
2068 4779 2178 4819 non

595 4856 796 4926 possit.
834 4855 990 4923 Quod
1023 4857 1070 4911 si
1103 4858 1189 4912 lex
1218 4856 1286 4911 ad
1329 4857 1631 4912 secundum
1667 4871 1913 4913 mensem
1939 4859 2177 4913 transire

596 4963 699 5003 nos
756 4947 1033 5018 praecipit,
1082 4947 1127 5002 si
1180 4962 1290 5002 non
1329 4948 1607 5019 possimus
1660 4956 1912 5004 sanctum
1963 4948 2173 5005 Pascha

594 5039 774 5112 primo
804 5054 992 5096 mense
1015 5039 1295 5097 celebrare
1318 5048 1545 5113 propter
1574 5042 1841 5113 quasdam
1870 5043 2174 5099 necessita-

644 5282 719 5353 (ϐ)
768 5277 818 5335 is
843 5296 1023 5337 annus
1049 5294 1133 5340 est
1163 5284 1401 5356 vulgaris
1430 5286 1636 5343 Christi
1680 5287 1809 5343 580.

2299 2022 2360 2075 οὑ
2402 2020 2497 2074 τοῦ
2531 2021 2724 2091 Πάσχα
2753 2019 3051 2075 ἐλάττωσιν
3091 2018 3355 2073 ποιοῦσαο
3404 2016 3512 2072 τῶν
3555 2017 3617 2083 ἓξ
3657 2016 3872 2090 ἡμερῶν

2300 2128 2368 2164 πε
2375 2109 2828 2184 ριλαμϐανουσῶν
2856 2109 2949 2163 καὶ.
2976 2107 3076 2174 τάς
3104 2108 3284 2172 ἄλλας.

2372 2427 2445 2482 Δ’.
2483 2427 2697 2491 Ἀλλως
2727 2442 2788 2479 τε
2825 2425 3013 2497 ἐπειδὴ
3032 2426 3061 2478 ό
3090 2422 3280 2495 Σωτὴρ
3307 2421 3468 2495 ἡμῶν
3494 2423 3560 2493 τῇ
3597 2420 3700 2492 μὲν
3729 2433 3875 2491 τρισ-

2297 2514 2656 2586 καιδεκαταίᾳ
2707 2513 3015 2585 παρεδόθη,
3080 2511 3328 2566 τουτέστι
3377 2512 3446 2582 τῇ
3499 2508 3733 2580 πέμπτῃ
3784 2503 3874 2560 τοῦ

2298 2606 2601 2670 Σαϐϐάτου,
2657 2608 2724 2677 τῇ
2757 2604 2816 2658 δὲ
2857 2601 3489 2676 τεσσαρεσκαιδεκαταίᾳ
3533 2595 3874 2669 ἐσταυρώθη,

2295 2697 2354 2749 ἑν
2396 2696 2682 2768 τριημέρῳ
2724 2694 2985 2758 ἀναστὰς,
3024 2693 3303 2747 τουτέστιν
3350 2694 3418 2765 τῇ
3465 2688 3874 2758 ἑξκαιδεκάτῃ

2296 2788 2441 2842 κατὰ
2488 2788 2737 2860 σελήνην,
2780 2787 2904 2858 ἥτις
2934 2785 3143 2858 ηὑρέθη
3186 2785 3307 2839 τότε
3337 2784 3395 2837 ἑν
3427 2783 3705 2855 κυριακῇ,
3733 2779 3811 2844 ὼς
3835 2779 3867 2849 ή

2293 2877 2403 2930 τῶν
2437 2876 2785 2945 Εὑαγγελίων
2828 2875 2941 2946 ἑχει
2988 2874 3392 2946 παρατήρησις.
3427 2872 3664 2942 Ἐχομεν
3697 2883 3876 2939 παρα-

2298 2966 2489 3036 μύθιον
2538 2964 2632 3017 τοῦ
2666 2965 2847 3028 καλῶς
2881 2966 3055 3016 ποιεῖν
3080 2962 3143 3015 τὸ
3190 2962 3403 3032 Πάσχα,
3430 2959 3534 3014 κᾶν
3580 2958 3875 3030 ὑπέρθεσις

2294 3053 2540 3124 γένηται,
2581 3053 2671 3107 διὰ
2715 3053 2815 3123 τὴν
2851 3053 3267 3107 καταλαϐοῦσαν
3311 3051 3580 3120 ἀνάγκην.
3617 3050 3721 3104 Ἂν
3777 3048 3873 3120 μὲν

2293 3141 2386 3199 οὖν
2412 3147 2445 3215 ἠ
2479 3143 3052 3215 τεσσαρεσκαιδεκάτη
3081 3144 3177 3196 τοῦ
3225 3141 3384 3211 ἁγίου
3411 3141 3606 3211 Πάσχα
3642 3140 3877 3213 ἔρχηται

2293 3240 2351 3293 ἑν
2380 3236 2667 3306 Σαϐϐάτῳ,
2699 3236 2733 3307 ἢ
2758 3234 2864 3308 πρὸ
2891 3234 2987 3288 τοῦ
3014 3234 3297 3289 Σαϐϐάτου
3327 3237 3385 3289 ἑν
3409 3237 3530 3298 ταῖς
3557 3234 3755 3299 ἄλλαις
3781 3234 3878 3304 τῆς

2293 3329 2586 3401 ἑϐδομάδος
2607 3327 2864 3399 ἡμέραις,
2890 3327 3176 3398 ἀραρότως
3192 3325 3353 3380 τοῦτο
3381 3328 3556 3380 ποιεῖν
3579 3328 3875 3398 προσήκειο

2288 3419 2385 3473 ἐὰν
2409 3418 2465 3472 δὲ
2501 3420 2559 3472 ὲν
2594 3419 2851 3490 Κυριακῇ
2895 3417 3201 3487 ἀπαντήσει
3247 3417 3282 3487 ἡ
3338 3417 3877 3486 τεσσαρεσκαιδεκα-

2287 3513 2417 3567 ταία
2460 3512 2561 3583 τῆς
2616 3510 2848 3581 σελήνης
2895 3508 2991 3561 τοῦ
3036 3507 3258 3580 πρώτου
3300 3508 3498 3579 μηνὸς,
3545 3506 3880 3580 ὑπερθετέον

2289 3604 2505 3667 πάντως
2537 3605 2617 3668 εἰς
2663 3601 2762 3674 τὴν
2809 3600 2938 3672 ἑξῆς
2981 3599 3275 3671 ἑϐδομάδα.
3339 3599 3404 3652 Ἡ
3450 3598 3560 3671 γὰρ
3614 3599 3878 3671 Κυριακὴ

2288 3692 2481 3764 πρώτη
2514 3692 2700 3763 ήμέρα
2745 3692 2845 3763 τῆς
2873 3689 3168 3760 ἑϐδομάδος
3206 3690 3378 3752 ἑστὶν,
3412 3687 3487 3753 ὡς
3520 3689 3877 3762 προείρηται.

2287 3854 2408 3913 tes;
2434 3862 2543 3903 non
2578 3846 2826 3919 intelligo
2857 3859 2954 3902 cur
2996 3861 3130 3911 non,
3163 3844 3212 3902 si
3254 3844 3472 3902 decima
3506 3852 3712 3916 quarta
3746 3846 3881 3902 luna

2288 3940 2342 3994 in
2373 3938 2719 3993 Dominicum
2750 3939 2895 3993 diem
2929 3937 3247 4003 incurrerit,
3268 3935 3677 3992 rationabiliter
3706 3936 3767 3990 in
3802 3950 3884 3991 se

2287 4032 2596 4102 ptimanam
2665 4040 2988 4102 sequentem
3024 4030 3347 4086 dilationem
3408 4027 3638 4084 Pascha:
3692 4028 3883 4085 facere

2287 4120 2634 4176 debeamus:
2688 4128 2946 4176 manente
2985 4128 3040 4176 et
3086 4120 3266 4192 primo
3294 4133 3505 4185 mense,
3554 4126 3609 4175 et
3655 4118 3882 4176 decima

2285 4215 2481 4286 quinta
2525 4214 2676 4275 luna.
2719 4213 2776 4268 in
2818 4228 2928 4284 qua
2958 4211 3212 4268 Salvator
3261 4210 3560 4266 cruciﬁxus
3589 4217 3723 4276 est;
3761 4224 3884 4264 ma-

2287 4315 2454 4360 nente
2484 4306 2655 4359 etiam
2692 4312 2747 4358 et
2783 4303 2999 4379 decima
3033 4304 3289 4373 septima,
3343 4301 3566 4372 quando
3605 4310 3741 4371 post
3779 4300 3884 4355 tri-

2284 4396 2454 4450 duum
2484 4395 2807 4450 resurrexit.

2357 4487 2447 4541 γι.
2484 4486 2599 4541 Hac
2639 4487 2809 4558 igitur
2855 4484 3211 4542 mediocriter
3241 4503 3273 4541 a
3308 4486 3468 4542 nobis
3520 4486 3885 4544 ordinatione

2286 4579 2581 4651 disposita,
2634 4579 3077 4650 uniuscujusque
3124 4581 3256 4635 anni
3298 4582 3595 4648 calculum,
3648 4583 3753 4651 qui
3812 4580 3882 4636 ad

2291 4671 2741 4742 supputationem
2781 4674 3019 4742 pertinet
3048 4671 3294 4737 Paschae,
3327 4672 3623 4745 diligenter
3647 4689 3885 4744 quoque

2286 4764 2577 4837 posuimus
2634 4761 2749 4833 (6);
2792 4776 2824 4817 a
2872 4763 3052 4833 primo
3113 4765 3406 4820 consulatu
3462 4764 3881 4835 religiosissimi

2285 4857 2639 4928 imperatoris
2668 4855 2992 4920 Theodosii,
3021 4864 3245 4911 centum
3285 4871 3460 4926 usque
3497 4871 3675 4911 annos
3702 4858 3884 4915 adne-

2281 4960 2521 5015 ctentes,
2587 4951 2752 5008 simul
2803 4966 2869 5006 ac
2909 4948 3332 5006 manifestantes
3379 4948 3608 5004 decimae
3656 4962 3882 5021 quarta:

2281 5044 2428 5099 lunae
2458 5043 2738 5108 notitiam,
2763 5053 2817 5099 et
2850 5040 3120 5097 Dominici
3144 5038 3429 5097 Paschalis
3462 5038 3595 5095 diei.
