3974 6332
514 392 584 449 εει
1516 387 1882 445 THEOPHILI
1924 383 2232 442 EPISCOPI
2267 380 2737 437 ALEXANDRINI
3484 414 3491 418 -
3683 376 3761 435 56

510 520 612 579 pro
643 504 801 561 nobis
845 504 1132 575 ingressus
1177 512 1283 571 est,
1334 513 1498 576 atque
1534 507 1655 576 ejus
1693 506 1787 576 qui
1824 505 1876 558 in
1920 504 2120 574 ﬁgura,

2205 502 2333 574 ὅπερ
2361 499 2519 573 ἡμῶν
2549 497 2786 569 εἰσῆλθε,
2824 496 2917 550 καὶ
2956 494 3051 549 τοῦ
3083 493 3223 549 κατὰ
3260 476 3352 547 τὸν
3388 490 3558 546 τύπον
3589 493 3774 565 ἀρχιε-

509 597 707 652 summi
743 594 1046 651 sacerdotis
1079 611 1282 651 munus
1316 596 1560 667 gerebat,
1590 611 1748 651 usum
1780 594 2084 664 abrogavit,

2199 595 2334 666 ρέως
2373 593 2627 648 πέπαυκε
2665 590 2764 660 τὴν
2803 588 3012 661 χρείαν,
3058 588 3189 658 ἡμῖν
3239 585 3460 639 αἰωνίαν
3506 584 3776 654 λύτρωσιν

507 695 711 744 aeterna
732 703 829 758 pro
854 688 1014 743 nobis
1044 688 1424 759 redemptione
1453 688 1693 753 inventa,
1713 702 1776 741 ac
1810 701 1906 757 pro
1930 685 2090 741 nobis

2205 685 2512 758 εὑράμενος,
2537 684 2630 737 καὶ
2652 681 2790 752 ὑπὲρ
2813 678 2969 752 ἡμῶν
3002 677 3357 749 ἐμφανισθεὶς
3387 676 3464 748 τῷ
3500 673 3775 746 προσώπῳ

509 778 684 832 vultui
718 777 812 833 Dei
840 794 899 834 se
931 780 1154 835 sistens.
1189 777 1345 834 Tunc
1387 778 1607 848 quidem
1641 777 1811 833 semel
1844 777 1899 830 in
1944 790 2091 830 anno

2205 776 2286 832 τοῦ
2335 775 2492 829 Θεοῦ.
2557 775 2690 827 Τότε
2748 773 2847 843 μὲν
2904 771 3050 838 ἅπαξ
3100 768 3194 823 τοῦ
3243 767 3490 823 ἐνιαυτοῦ
3542 767 3701 838 μόνος
3746 771 3776 823 6

509 868 663 923 solus
694 884 945 924 summus
970 868 1229 925 sacerdos
1260 868 1314 922 in
1336 867 1535 923 Sancta
1567 874 1881 922 sanctorum
1906 865 2091 935 ingre-

2205 867 2481 940 ὶρχιερεὺς
2508 865 2796 934 εἰσήρχετο
2828 865 2905 926 είς
2934 861 3005 916 τὰ
3034 863 3169 930 ἆγια
3192 861 3301 913 τῶν
3331 860 3519 929 ἁγίων,
3551 860 3655 926 ἔξω
3677 860 3775 915 τοῦ

510 955 790 1020 diebatur,
825 959 1029 1029 populo
1062 957 1198 1012 foris
1245 968 1535 1022 manente,
1570 957 1784 1012 scilicet
1814 956 1885 1011 ob
1930 962 2090 1026 pote-

511 1051 671 1104 statis
718 1049 1074 1105 tenuitatem:
1115 1049 1369 1105 Salvator
1393 1060 1573 1105 autem
1607 1048 1917 1118 ingressus,
1956 1045 2090 1103 libe-

509 1153 627 1199 ram
657 1142 860 1207 cuique
894 1142 1098 1198 volenti
1129 1141 1370 1200 intrandi
1398 1141 1710 1196 facultatem
1746 1138 1911 1194 dedit.

2189 959 2320 1014 λαοῦ
2360 959 2646 1030 μένοντος,
2685 956 2774 1011 διὰ
2823 955 2884 1008 τὸ
2936 954 3134 1025 μικρὸν
3178 954 3276 1024 τῆς
3308 953 3627 1024 δυνάμεως·
3654 955 3683 1006 ὁ
3718 953 3777 1011 δὲ

2195 1052 2388 1122 Σωτὴρ
2415 1048 2609 1113 mea;
2642 1048 2826 1104 ἄδειαν
2861 1051 2973 1113 τοῖς
3001 1047 3344 1119 βουλομένοις
3377 1046 3630 1102 δέδωκεν.

1130 1405 1510 1476 Fragmentum
1540 1423 1605 1461 ea:
1628 1406 1870 1476 Epistola
1905 1402 2156 1458 Paschali
2188 1417 2313 1455 ann.
2346 1398 2470 1466 401,
2511 1398 2539 1471 §
2570 1400 2625 1466 5,
2657 1414 2817 1468 supra
2836 1415 2957 1470 pag.
2989 1399 3114 1453 (illi.

580 1547 735 1620 Apud
765 1545 1029 1617 Cyrillum
1052 1547 1206 1602 Alex.
1236 1546 1327 1603 lib.
1369 1563 1406 1611 ι,
1432 1545 1513 1599 De
1553 1552 1701 1599 recta
1734 1543 1838 1602 ﬁde
1868 1541 1933 1596 ad
1961 1536 2408 1680 reli‘ggossigsimas
2464 1506 2703 1608 reginas,
2737 1533 2870 1604 Opp.
2897 1543 3022 1590 tam.
3067 1533 3126 1599 V,
3150 1543 3293 1605 part.
3341 1551 3401 1600 ιι,
3431 1534 3524 1589 sub
3581 1536 3702 1606 ﬁn.,

641 1696 673 1711 ρ

517 1754 784 1826 Theophili
808 1757 1064 1828 episcopi,
1099 1772 1166 1828 ᾳ
1191 1771 1439 1828 sermone
1467 1755 1723 1828 inscripto
1762 1752 1841 1807 Ad
1875 1764 1972 1806 eos
2001 1749 2095 1819 qui

951 1824 1075 1880 cum
1109 1824 1345 1895 Origene
1377 1824 1668 1879 sentirent.

895 1938 985 1993 Sic
1013 1946 1188 1997 autem
1214 1935 1343 1990 dicit
1370 1934 1433 1990 de
1460 1932 1693 1990 Christo.

580 2050 854 2105 Caeterum
901 2063 970 2103 ne
1016 2048 1065 2103 is
1112 2047 1205 2117 qui
1259 2048 1514 2117 apparuit
1563 2046 1682 2102 solo
1730 2044 1929 2107 verbo,
1991 2042 2087 2097 sed

508 2144 715 2198 virtute
763 2154 982 2213 quoque
1034 2153 1195 2193 verus
1242 2135 1387 2193 Deus
1418 2152 1542 2193 esse
1584 2137 1923 2199 crederetur,
1973 2134 2090 2204 ipse

507 2248 736 2304 operum
780 2230 1186 2302 magniﬁcentia
1230 2229 1600 2286 certissimum
1634 2226 1936 2284 divinitatis
1976 2239 2088 2279 sum

510 2325 775 2380 indicium
834 2323 981 2382 fecit,
1017 2321 1301 2378 Perfectus
1351 2322 1536 2392 itaque
1570 2319 1714 2375 Deus
1758 2334 1883 2374 cum
1920 2325 2087 2380 esset,

509 2421 694 2475 factus
736 2425 823 2473 est
874 2417 1160 2473 voluntate
1194 2431 1290 2471 sua
1324 2416 1524 2483 homo;
1580 2430 1765 2485 neque,
1789 2413 2087 2484 quidquam

509 2510 777 2574 omnino,
829 2506 973 2578 quod
1023 2506 1280 2562 humanas
1319 2516 1530 2562 naturtc
1581 2514 1873 2577 cognatum
1908 2512 2089 2567 esset,

510 2608 709 2671 praeter
739 2615 903 2659 unam
956 2600 1177 2670 impiam
1226 2600 1492 2659 malitiam
1523 2600 1939 2672 reliquit;nam
1983 2596 2087 2651 etsi

510 2694 716 2761 infans,
750 2693 1069 2751 Emmanuel
1105 2703 1285 2749 tamen
1316 2689 1440 2750 esse
1480 2695 1902 2764 agnoscebatur.
1938 2689 2088 2745 Con-

509 2793 620 2841 stat
665 2800 903 2855 namque
948 2784 1152 2855 Magos,
1193 2786 1285 2855 qui
1327 2786 1393 2840 ad
1446 2786 1598 2840 illum
1630 2790 1917 2847 venerunt,
1962 2795 2090 2837 eum

509 2877 690 2948 ipsum
731 2876 825 2948 qui
866 2884 1216 2946 apparuerat,
1252 2883 1314 2929 ut
1353 2874 1522 2932 Deum
1554 2877 1835 2938 adorasse,
1874 2888 2089 2929 necnon

509 2967 857 3023 adorandum
888 2982 1033 3031 esse,
1071 2981 1236 3035 opere
1270 2966 1391 3035 ipso
1435 2970 1695 3018 testatum
1742 2963 1962 3018 fecisse.
1998 2961 2091 3016 Sic

509 3072 731 3129 quoque
753 3058 881 3116 licet
902 3057 1211 3112 secundum
1237 3071 1460 3113 carnem
1485 3055 1540 3110 in
1568 3070 1788 3110 crucem
1812 3062 2086 3126 ageretur,

512 3147 647 3208 solis
672 3155 853 3202 tamen
900 3147 1085 3201 radios
1134 3146 1486 3217 reprimebat,
1528 3161 1779 3216 novoque
1823 3144 2090 3203 miraculo

512 3339 679 3395 quam
721 3332 815 3379 aut
858 3341 918 3381 se
961 3326 1143 3396 ipsum
1174 3326 1462 3391 divisisse,
1501 3335 1596 3380 aut
1630 3326 1686 3382 in
1729 3327 1870 3381 duos
1910 3328 2091 3381 salva-

510 3426 664 3472 tores
693 3416 1030 3475 dissecuisse
1064 3418 1426 3491 contperitur.
1458 3417 1603 3484 Quin
1629 3416 1878 3489 ejusdem
1909 3418 2093 3488 potius

507 3522 767 3566 sermone
809 3508 1110 3579 discipulos
1145 3524 1278 3566 suos
1324 3511 1688 3581 compellasse
1737 3510 1973 3581 legitur:
2017 3512 2095 3564 Ne

512 3603 705 3657 vocetis
740 3602 1052 3672 magistrum
1085 3602 1140 3656 in
1175 3610 1356 3667 terra;
1396 3618 1529 3656 unus
1564 3612 1641 3657 est
1673 3602 1811 3656 enim
1844 3603 2095 3673 magister

510 3703 682 3749 uester
709 3692 952 3749 Christus
975 3695 1015 3749 ³.
1044 3693 1234 3765 Neque
1259 3695 1406 3751 enim
1439 3695 1661 3765 quando
1689 3695 1951 3766 apostolis
1976 3696 2093 3752 haec

512 3784 839 3854 imperabat,
872 3784 1214 3842 divinitatem
1252 3802 1407 3846 suam
1454 3800 1484 3840 a
1522 3801 1756 3858 cprpore
1790 3788 1937 3858 quod
1971 3803 2093 3844 cer-

513 3875 772 3939 uehatur,
823 3876 1165 3947 sejungebat,
1194 3894 1372 3949 neque
1405 3894 1647 3946 rursum,
1678 3893 1803 3934 cum
1834 3895 1893 3936 se
1929 3878 2091 3935 Chri-

513 3974 660 4022 stum
696 3985 821 4026 esse
851 3973 1182 4036 testabatur,
1229 3989 1288 4029 se
1320 3973 1389 4029 ab
1418 3974 1604 4029 animo
1646 3982 1702 4030 et
1737 3989 1972 4046 corpore
2005 3974 2093 4029 di-

512 4060 781 4128 vellebat,
814 4063 912 4120 sed
973 4065 1138 4122 simul
1173 4074 1504 4138 utrumque,
1562 4066 1668 4122 hoc
1699 4076 1819 4131 est,
1868 4065 2012 4123 Deus
2041 4075 2096 4123 et

2204 1767 2501 1835 Θεοφίλου
2556 1765 2893 1835 ἐπισκόπου
2918 1803 2934 1828 ,
2992 1763 3062 1835 ἐκ
3119 1762 3225 1816 τοῦ
3268 1763 3779 1835 ’προσφωνητικοῦ

2326 1832 2513 1904 λόγου
2546 1834 2691 1906 Πρὸς
2713 1836 2840 1896 τοὺς
2864 1832 3196 1904 φρονοῦντας
3223 1832 3292 1885 τὰ
3317 1834 3644 1904 Ὠριγένους.

2514 1948 2670 2016 Ἔφη
2699 1944 2768 1999 δὲ
2796 1945 2986 2010 οὕτως
3013 1945 3146 2013 περὶ
3177 1945 3460 2013 Χριστοῦ.

2271 2062 2385 2114 Ἵνα
2414 2059 2488 2131 μὴ
2511 2062 2568 2112 ὲν
2600 2058 2744 2129 λόγῳ
2781 2058 2947 2129 μόνῳ,
2974 2057 3111 2113 ἀλλὰ
3159 2058 3252 2111 καὶ
3297 2060 3354 2112 ἐν
3386 2057 3612 2129 δυνάμει
3645 2057 3781 2122 Θεὸς

2196 2149 2446 2222 ἀληθινὸς
2470 2152 2498 2217 ῤ
2523 2148 2710 2218 φανεὶς
2733 2145 2872 2201 εἶναι
2896 2147 3241 2218 πιστεύηται,
3259 2149 3323 2219 τῇ
3356 2147 3463 2200 τῶν
3484 2147 3781 2219 δρωμένων

2200 2237 2568 2312 μεγαλουργίᾳ
2594 2239 2694 2312 τὴν
2724 2240 2852 2312 περὶ
2892 2238 3056 2292 αὑτοῦ
3082 2238 3258 2308 δηλῶν
3287 2238 3606 2308 ἀσφάλειαν,
3637 2239 3781 2310 πλήο

2200 2350 2299 2405 ρης
2331 2332 2428 2403 μὲν
2468 2330 2542 2383 ὢν
2581 2331 2736 2394 Θεὸς,
2771 2330 3073 2393 αὐτοτελῶς
3107 2331 3164 2384 δὲ
3204 2332 3650 2403 ἑνανθρωπήσας,
3685 2330 3782 2384 καὶ

2201 2425 2366 2496 μηδὲν
2428 2422 2773 2495 ἀνθρωπείας
2826 2422 3139 2493 ὁμοιώσεως
3196 2423 3526 2490 καταλείψας
3580 2421 3779 2486 ἐκτὸς,

2198 2515 2339 2588 πλὴν
2381 2516 2550 2588 μόνης
2587 2514 2687 2585 τῆς
2735 2513 2952 2567 ἀνοσίου
2998 2515 3217 2577 κακίας.
3270 2516 3381 2569 Καὶ
3424 2514 3621 2585 βρέφος
3670 2516 3783 2585 γὰρ

2198 2608 2508 2679 γενόμενος,
2566 2605 2915 2679 Ἑμμανουὴλ
2966 2606 3330 2676 ὡμολογεῖτο,
3394 2607 3584 2677 μάγων
3642 2606 3782 2678 πρὸς

2199 2698 2359 2753 αὑτὸν
2391 2700 2598 2761 ἰόντων,
2634 2698 2727 2753 καὶ
2751 2698 2830 2770 τῷ
2862 2700 3191 2770 προσκυνεῖν
3221 2698 3316 2752 καὶ
3349 2698 3483 2752 Θεὸν
3522 2693 3660 2750 εἶναι
3688 2698 3784 2751 τὸν

2200 2792 2437 2864 φανέντα
2460 2790 2710 2862 βοώντων
2731 2808 2745 2823 ο
2766 2793 2846 2845 ὅτι
2873 2792 2965 2845 καὶ
2993 2792 3156 2863 σαρκὶ
3182 2792 3602 2863 σταυρούμενος.
3629 2789 3781 2862 ἡλίου

2200 2883 2549 2937 συνέστελλεν
2578 2884 2833 2948 ἀκτῖνας,
2879 2883 2972 2936 καὶ
3000 2882 3079 2954 τῷ
3120 2882 3255 2953 ξένῳ
3287 2881 3528 2953 θαύματι
3574 2881 3670 2950 τὴν
3703 2880 3784 2932 ol-

2199 2975 2352 3030 κείαν
2396 2973 2706 3045 σαφηνίζων
2744 2973 3006 3045 θεότητα,
3040 2973 3275 3044 οὐδαμοῦ
3310 2973 3608 3045 σκορπίσας
3651 2974 3783 3026 ἐαυ-

2197 3065 2311 3130 τὸν,
2356 3064 2388 3133 ἢ
2433 3064 2694 3127 διαλύσας
2744 3065 2825 3128 είς
2856 3063 3109 3136 σωτῆρας
3154 3063 3267 3117 δύο.
3327 3063 3489 3117 Ἀλλά
3532 3064 3626 3116 καὶ
3669 3065 3786 3126 τοῖς

2200 3155 2471 3229 μαθηταῖς
2501 3156 2655 3223 ἔλεγε
2675 3172 2689 3187 ο
2716 3153 2814 3223 Μὴ
2840 3153 3138 3223 καλέσητε
3160 3153 3532 3208 διδάσκαλον
3551 3153 3648 3207 ἐπὶ
3674 3151 3786 3223 τῆς

388 3288 405 3297 ,
511 3237 858 3293 divinitatem
889 3252 1045 3293 suam
1072 3238 1192 3294 orbi
1219 3245 1489 3291 terrarum
1514 3236 1876 3306 patelaciebat
1906 3254 1919 3290 :
1954 3250 2090 3291 nus-
2119 3297 2120 3303 γ

2205 3248 2341 3319 γῆς’
2375 3245 2463 3315 εἵς
2497 3246 2605 3318 γάρ
2636 3248 2808 3302 ἐστιν
2841 3245 3011 3316 ὑμῶν
3043 3244 3389 3315 καθηγητὴς
3435 3247 3467 3298 ό
3503 3243 3782 3311 Χριστός.

2196 3343 2271 3395 Οὐ
2298 3340 2408 3411 γὰρ
2437 3341 2525 3393 ὅτε
2537 3338 2694 3393 τοῦτο
2715 3342 2827 3402 τοῖς
2843 3337 3157 3401 ἀποστόλοις
3175 3334 3509 3408 παρήγγειλε
3536 3334 3671 3404 (10),
3685 3332 3783 3387 τοῦ

2197 3434 2520 3506 φαινομένου
2571 3431 2823 3504 σώματος
2859 3430 2958 3501 τὴν
3002 3430 3209 3484 οίκείαν
3247 3427 3467 3499 διώριζε
3513 3426 3782 3497 θεότητα·

2196 3526 2316 3580 οὐδὲ
2345 3526 2433 3579 ὅτε
2484 3525 2718 3597 Χριστὸν
2751 3523 2942 3576 ἑαυτὸν
2975 3520 3369 3594 διεμαρτύρετο
3412 3516 3573 3582 εἶναι,
3603 3515 3786 3587 ψυχῆς

2196 3617 2290 3671 καὶ
2325 3616 2529 3687 σαρκὸς
2567 3612 2871 3685 διωρίζετο,
2899 3610 3073 3675 οὓτως
3114 3611 3283 3683 ἄμφω
3309 3608 3610 3680 τυγχάνων,
3648 3604 3788 3671 Θεός

2196 3725 2253 3760 τε
2282 3707 2375 3760 καὶ
2409 3706 2714 3777 ἅνθρωπος,
2746 3702 2932 3767 δοῦλος
2955 3702 3251 3774 ὁρώμενος,
3278 3702 3373 3756 καὶ
3408 3700 3610 3770 Κύριος
3638 3715 3785 3766 γνωο

2200 3797 2503 3871 ριζόμενος,
2528 3799 2589 3850 τὸ
2631 3796 2729 3868 μὲν
2764 3795 2968 3867 ὑψηλὸν
3002 3796 3101 3866 τῆς
3143 3794 3395 3865 θεότητος
3437 3791 3514 3863 τῷ
3544 3788 3787 3862 ταπεινῷ

2197 3892 2296 3961 τῆς
2335 3888 2799 3961 ὲνανθρωπήσεως
2833 3887 3316 3959 ὑποκρυπτόμενος
3361 3885 3690 3959 φρονήματι,
3719 3880 3788 3936 τὸ
3866 3930 3871 3933 ,

2198 3982 2255 4036 δέ
2292 3999 2355 4052 γε
2388 3981 2640 4035 ταπεινὸν
2674 3979 2768 4033 τοῦ
2816 3980 3096 4051 ὁρωμένου
3130 3977 3378 4050 σώματος
3420 3979 3486 4048 τῇ
3533 3976 3631 4047 τῆς
3665 3972 3787 4027 θεό-
3846 3996 3851 4001 ·

2199 4089 2361 4143 τητος
2399 4070 2710 4145 ὑπεραίρων
2739 4072 3011 4147 ἐνεργείᾳ.

430 4168 439 4177 ·
515 4151 682 4207 homo
714 4162 856 4209 erat.
892 4155 1097 4213 Servus
1144 4159 1344 4230 quippe
1392 4167 1532 4226 erat,
1576 4160 1670 4231 qui
1716 4161 2084 4230 cernebatur;
2140 4163 2406 4221 Dominus
2436 4181 2564 4221 vero
2640 4165 2733 4236 qui
2783 4164 3217 4237 intelligebatur,
3263 4161 3486 4218 deitatis
3556 4155 3787 4213 celsitu-

512 4247 735 4314 dinem,
791 4249 986 4303 bumili
1035 4251 1435 4308 incarnationis
1486 4269 1655 4310 sensu
1707 4252 2061 4325 occultabat;
2115 4265 2307 4312 contra
2371 4274 2500 4313 vero
2535 4260 2807 4329 corporis,
2851 4256 2998 4324 quod
3036 4257 3345 4319 videbatur,
3413 4250 3785 4307 humilitatem

515 4337 719 4395 ellicaci
751 4338 973 4395 deitatis
1005 4344 1323 4412 operatione
1344 4343 1626 4401 evellebat.

1081 4614 1457 4687 Fragmentum
1480 4632 1544 4670 ea:
1577 4618 1760 4672 eadem
1788 4618 2030 4691 Epistola
2062 4622 2310 4679 Paschali
2339 4639 2466 4676 aint.
2499 4621 2622 4687 Mli,
2659 4619 2686 4691 ᾗ
2713 4621 2765 4685 4,
2797 4633 2916 4687 sup.
2937 4633 3055 4688 pag.
3089 4616 3211 4670 617.

1369 4720 1526 4822 Apud
1556 4752 1934 4811 Tlieodoritum
1962 4756 2099 4812 Dial.
2134 4771 2195 4822 ll,
2231 4755 2364 4826 Opp.
2393 4764 2522 4809 tam.
2550 4752 2657 4820 IV,
2685 4768 2807 4824 pag.
2844 4739 2966 4807 lOl.

518 4893 672 4948 Beati
709 4890 1226 4962 Theopltiliepiseopi
1248 4889 1612 4962 Alexgudria,
1644 4907 1708 4945 ea:
1730 4892 1795 4949 iis
1818 4908 1935 4962 qua:
1960 4893 2097 4948 srri-

2209 4891 2319 4951 Τοῦ
2377 4892 2676 4962 μακαρίου
2743 4890 3048 4962 ,Θεοφίλου
3112 4889 3453 4962 ἐπισκόπου
3517 4887 3794 4954 Ἀλεξαν-

920 4960 1023 5030 psit
1056 4958 1336 5017 Adversus
1365 4958 1675 5031 Origenem.

588 5072 701 5129 Nec
741 5071 1103 5129 similitudine
1130 5080 1340 5141 nostra,
1368 5088 1532 5145 quam
1566 5074 1887 5144 assumpsit,
1925 5074 1978 5127 in
2015 5073 2096 5128 di-

518 5165 767 5220 vinitatis
804 5171 1060 5219 naturam
1094 5173 1324 5231 mutata,
1373 5181 1471 5220 nec
1512 5164 1799 5220 divinitate
1835 5166 2008 5236 ipsius
2039 5166 2096 5223 in

520 5257 936 5313 similitudinem
963 5266 1210 5313 nostram
1241 5273 1530 5314 conversa.
1554 5256 1734 5313 Manet
1756 5257 1927 5325 enim,
1951 5259 2096 5330 quod

2482 4959 2705 5031 ὀρείας,
2729 4961 2795 5014 ἐκ
2834 4959 2953 5014 τῶν
2980 4959 3141 5013 Κατὰ
3187 4959 3511 5030 Ὥριγένους.

2281 5074 2418 5129 Οὔτε
2454 5075 2552 5145 τῆς
2593 5075 2866 5146 ἡμετέρας
2896 5070 3225 5144 ὁμοιώσεως,
3260 5072 3396 5144 πρὸς
3431 5074 3496 5143 ἣν
3529 5072 3794 5125 κεκοινώ-

2209 5186 2395 5240 νηκεν,
2431 5169 2509 5231 εἰς
2537 5167 2791 5238 θεότητος
2815 5165 2976 5237 φύσιν
3009 5164 3506 5235 μεταϐαλλομένης,
3533 5163 3657 5217 οὔτε
3688 5164 3797 5233 τῆς

2210 5260 2464 5325 θεότητος
2484 5258 2649 5313 αὐτοῦ
2674 5257 3017 5331 τρεπομένης
3047 5258 3128 5320 εἰς
3155 5256 3251 5327 τὴν
3286 5255 3562 5325 ἡμετέραν
3588 5254 3794 5325 ὁμοίω-

521 5348 593 5403 ab
624 5347 780 5403 initio
829 5357 968 5414 erat,
1002 5348 1169 5412 Deus,
1218 5358 1403 5404 manet
1449 5349 1613 5408 etiam
1664 5357 1911 5404 nostram
1948 5348 2002 5403 in
2040 5365 2100 5405 se

2211 5369 2316 5405 σιν.
2348 5345 2508 5405 Μένει
2538 5350 2648 5421 γὰρ
2677 5350 2705 5403 ὃ
2732 5346 2800 5420 ἦν
2838 5350 2932 5402 ἀπ’
2958 5349 3154 5419 ἀρχῆς,
3186 5347 3348 5411 Θεός’
3387 5347 3538 5418 μένει
3567 5352 3658 5404 καὶ
3692 5344 3794 5419 τὴν

520 5441 644 5512 ipso
678 5442 920 5498 retinens
948 5441 1332 5501 substantiam.

595 5617 614 5647 ³
647 5617 837 5674 Matth.
874 5633 1032 5679 x-xul,
1063 5618 1116 5684 8,
1157 5618 1242 5674 10.

602 5792 649 5860 (ί
662 5792 717 5863 0)
757 5791 884 5862 ch.
925 5788 1284 5867 παρήγγελλε.

2208 5443 2366 5523 ἡμῶν
2390 5443 2449 5497 ἐν
2480 5442 2659 5517 ἑαυτῷ
2698 5438 3130 5515 παρασκευάζων
3155 5438 3406 5513 ὓπαρξιν.
