3974 6332
221 396 289 455 57
1461 407 1827 470 ueterem
1867 409 2295 470 PASCIIALES.
3413 398 3482 453 58

938 500 947 511 ί
1829 546 1916 606 tv.

895 650 1277 726 Fragmentum
1316 670 1383 711 ex
1415 654 1659 728 Epistola
1688 659 1936 716 Paschali
1972 678 2097 715 ann.
2121 661 2246 723 402,
2284 658 2311 731 §
2341 659 2393 724 ’7,
2424 675 2541 728 sup.
2572 674 2693 729 pag.
2721 658 2844 715 6‘23.

1046 767 1196 836 Apud
1226 768 1597 827 Theodoritttm
1629 773 1763 828 Dial.
1798 790 1880 839 ιιι,
1916 774 2050 844 Opp.
2084 785 2213 828 tom.
2243 773 2273 828 Ι
2295 773 2350 837 ν,
2380 789 2504 844 pag.
2534 773 2656 828 167.

230 873 534 943 Θεοφίλου
582 874 923 930 ἐπισκόπου
965 877 1407 955 assam-epam
1426 920 1440 946 ,
1474 884 1545 947 ἐξ
1595 883 1819 952 Ἑορτα-
1852 891 1889 946 Α

1957 883 2199 955 "Iteopltili
2261 885 2492 953 episcopi
2541 882 2915 947 Alexandria,
2967 897 3035 938 ea:
3078 892 3220 939 (omo
3267 882 3497 940 Hearin-

804 948 1017 1000 στικοῦ
1058 953 1240 1018 τόμου

305 1058 431 1111 Τῶν
468 1058 579 1130 γὰρ
606 1058 817 1129 ἀλόγων
842 1062 942 1114 οὐκ
973 1061 1217 1133 αἴρονται
1259 1065 1354 1118 καὶ
1399 1064 1632 1118 τίθενται
1660 1066 1822 1120 πάλιν

232 1153 293 1206 αἱ
322 1151 518 1221 ψυχαὶ,
541 1153 678 1207 ἀλλὰ
706 1154 844 1225 μετὰ
870 1153 977 1207 τῶν
1007 1155 1275 1226 σωμάτων
1299 1156 1816 1228 συνδιαφθείρονται,

234 1242 336 1293 καὶ
365 1243 448 1304 είς
479 1241 610 1312 χοῦν
653 1242 995 1297 ἀναλύονσιν.
1039 1244 1098 1296 ὐ
1135 1243 1192 1297 δὲ
1227 1245 1435 1317 Σωτὴρ,
1467 1248 1607 1319 ἄρας
1655 1249 1822 1302 αὑτοῦ

234 1334 395 1405 παρὰ
445 1334 540 1386 τὸν
568 1335 760 1407 καιρὸν
804 1334 897 1389 τοῦ
938 1335 1175 1407 σταυροῦ
1216 1338 1315 1408 τὴν
1351 1338 1526 1409 ψυχὴν
1575 1341 1685 1395 ἀπὸ
1726 1340 1823 1395 τοῦ

235 1424 445 1477 οἰκείου
504 1423 790 1494 σώματος,
842 1427 1003 1480 πάλιν
1053 1427 1222 1497 αὐτὴν
1273 1431 1355 1491 εἰς
1405 1430 1538 1482 αὐτὸ
1580 1431 1824 1485 τέθεικεν

162 1504 169 1509 ’
237 1516 559 1585 ἀναστήσας
596 1517 661 1568 ὲκ
693 1517 921 1587 νεκρῶν.
962 1517 1132 1570 Τοῦτο
1164 1518 1227 1587 δὴ
1266 1519 1623 1589 πιστούμενος
1657 1523 1824 1592 ἡμᾶς,

239 1606 516 1677 προῦλεγε
542 1606 633 1660 διὰ
658 1608 753 1660 τοῦ
784 1608 1089 1679 Ψαλμῳδοῦ
1122 1608 1288 1679 βοῶν’
1318 1612 1442 1663 Οὐκ
1477 1611 1828 1680 erantcaet-

238 1701 384 1765 ψεις
420 1697 539 1764 τὴν
572 1700 787 1768 ψυχήν
815 1717 934 1770 μου
981 1701 1070 1765 εἰς
1109 1699 1284 1767 ᾅδην,
1316 1700 1459 1755 οὐδὲ
1483 1700 1700 1770 δώσεις
1722 1704 1832 1758 τὸν

239 1786 425 1841 ὅσιόν
448 1803 567 1842 σου
597 1789 747 1844 Mair
772 1788 1121 1860 διαφθοράν.

1847 1889 1916 1947 γ.

2639 955 2793 1007 uico.

1996 1066 2232 1122 Ratione
2256 1067 2563 1123 carentium
2600 1081 2708 1120 non
2747 1066 3038 1130 tolluntur,
3080 1075 3134 1121 et
3172 1067 3370 1123 iterum
3406 1084 3505 1140 po-

1926 1167 2133 1212 nuntur
2160 1159 2376 1222 anima,
2410 1158 2505 1212 sed
2540 1174 2644 1211 una
2681 1172 2805 1210 cum
2843 1172 3076 1227 corpore
3118 1159 3415 1221 intereunt,
3450 1165 3507 1215 et

1926 1249 1981 1303 in
2009 1250 2289 1320 pulverem
2325 1250 2694 1305 resolvuntur.
2728 1252 2798 1302 At
2844 1247 3098 1303 Salvator
3144 1248 3339 1305 tollens
3377 1260 3508 1305 tem-

1927 1356 2059 1412 pore
2090 1342 2370 1412 passionis
2410 1342 2648 1396 animam
2688 1355 2718 1394 ε
2754 1341 2978 1411 proprio
3012 1356 3266 1411 corpore,
3306 1340 3507 1395 iterum

1928 1447 2050 1486 eam
2086 1435 2327 1488 restituit
2357 1432 2576 1503 corpori
2617 1447 2647 1486 a
2687 1433 2920 1487 mortuis
2948 1433 3297 1487 resuscitato.
3334 1431 3509 1501 Hujus

1930 1523 2010 1577 rei
2062 1522 2224 1577 ﬁdem
2274 1524 2436 1579 nobis
2483 1525 2695 1581 faciens
2721 1525 2974 1595 pradixit
3027 1538 3124 1593 per
3164 1522 3510 1575 Psalmistant

1930 1614 2220 1669 clama-ns:
2260 1614 2382 1669 Non
2415 1617 2675 1686 relinques
2714 1616 2949 1669 animam
2982 1630 3151 1667 meam
3192 1613 3244 1665 in
3285 1612 3509 1682 inferno,

1931 1722 2091 1775 neque
2118 1706 2270 1761 dabis
2302 1717 2542 1761 sanctum
2573 1718 2718 1761 tuum
2750 1705 2923 1759 videre
2953 1702 3402 1776 corruptionent‘.

778 2022 1156 2093 Fragmentum
1186 2039 1251 2077 ex
1279 2026 1460 2078 cadent
1489 2021 1725 2094 Epistola
1751 2024 2005 2083 Paschali
2040 2044 2169 2083 ann.
2196 2027 2328 2091 402,
2363 2027 2391 2100 §
2420 2028 2504 2095 ιδ,
2537 2045 2656 2099 sup.
2686 2045 2808 2101 pag.
2832 2028 2962 2084 623.

1084 2134 1236 2204 Apud
1267 2134 1640 2189 Tlteodoritum
1682 2136 1816 2192 Dial.
1855 2154 1914 2202 ιι,
1947 2139 2080 2210 Opp.
2118 2150 2248 2195 tom.
2282 2139 2373 2205 IV,
2404 2156 2526 2211 pag.
2556 2142 2678 2198 iOl.

289 2252 405 2308 Τοῦ
451 2252 751 2331 μαλίαρζου
795 2252 1088 2331 Θεοφίλου
1135 2252 1473 2331 ἑξπιςκόεζου
1530 2253 1800 2319 Ἀλεξαν-
1869 2269 1889 2328 ι

1957 2257 2094 2311 Beati
2122 2258 2392 2328 Theophili
2421 2259 2651 2331 episcopi
2671 2258 3032 2331 Alexandria,
3060 2273 3126 2314 ex
3154 2262 3220 2318 iis
3243 2276 3360 2331 qua
3383 2260 3525 2319 scri-

554 2322 774 2389 δρείας,
807 2324 869 2375 ἐκ
903 2321 1009 2373 τῶν
1039 2321 1179 2375 κατὰ
1215 2322 1542 2393 Ὡριγένους.

337 2429 479 2482 Ἀλλ’
501 2430 562 2481 οὐ
586 2428 694 2500 γὰρ
718 2431 819 2499 οὐχ
844 2429 1133 2500 ἡσυχάζων
1152 2430 1312 2485 πάλιν
1339 2432 1679 2503 βλασφημεῖς
1701 2434 1835 2505 (Η),

256 2523 613 2593 συκοφαντῶν
658 2522 750 2575 τὸν
799 2522 929 2576 Υίὸν
967 2522 1060 2575 τοῦ
1108 2523 1273 2589 Θεοῦ,
1308 2526 1404 2577 καὶ
1438 2525 1614 2594 λέγων
1655 2527 1839 2591 αὐτοῖς

254 2617 503 2687 ῥήμασιν
523 2613 695 2677 οὕτως
717 2631 731 2644 ο
758 2633 777 2665 ι
808 2612 1017 2682 Ὥσπερ
1035 2615 1063 2667 6
1085 2614 1214 2679 Tib;
1235 2618 1326 2668 καὶ
1368 2618 1554 2689 Πατὴρ
1577 2618 1635 2670 ἓν
1677 2620 1839 2685 εἰσιν,

252 2707 398 2759 οὓτω
419 2707 515 2760 καὶ
540 2706 606 2776 ἢν
633 2705 854 2774 εἴληφεν
877 2705 906 2758 6
926 2704 1057 2767 Tib;
1080 2704 1257 2777 ψυχὴν
1278 2708 1371 2760 καὶ
1391 2709 1839 2774 αὑτὸς,“ἐνείσιν·›

254 2798 470 2867 ἀγνοῶν
498 2798 580 2850 ὅτι
610 2800 638 2850 6
681 2797 780 2868 μὲν
822 2795 952 2860 Υἱὸς
980 2797 1074 2850 καὶ
1105 2800 1134 2851 6
1181 2799 1371 2871 Πατὴρ
1392 2799 1452 2854 ἓν
1488 2802 1595 2854 εἰσι
1625 2798 1714 2853 διὰ
1742 2801 1843 2872 τὴν

259 2891 392 2960 μίαν
426 2891 636 2955 οὐσίαν,
669 2890 764 2942 καὶ
793 2891 891 2960 τὴν
924 2890 1093 2961 αὐτὴν
1131 2890 1359 2961 θεότητα
1379 2909 1392 2922 ·
1422 2895 1454 2963 ὴ
1485 2893 1541 2946 δὲ
1570 2892 1717 2964 ψυχὴ
1750 2894 1845 2946 καὶ

253 2983 286 3034 6
315 2981 465 3044 Υἱὸς.
490 2981 653 3052 ἑτέρα
686 2980 822 3052 πρὸς
851 2980 1044 3053 ἑτέραν
1079 2981 1226 3034 ἐστὶν
1249 2982 1406 3035 οὐσία
1434 2999 1494 3035 τε
1528 2984 1625 3037 καὶ
1660 2982 1841 3052 φύσις.

257 3073 321 3127 Εἰ
349 3072 460 3143 γὰρ
487 3072 678 3143 ὥσπερ
701 3074 729 3125 6
756 3073 944 3146 Πατὴρ
976 3074 1069 3127 καὶ
1097 3075 1124 3126 6
1146 3073 1272 3137 Tib;
1304 3075 1363 3127 ἓν
1391 3077 1547 3143 εἰσιν,
1579 3075 1721 3129 οὕτω
1749 3077 1844 3131 καὶ

260 3164 295 3233 ἡ
322 3163 471 3234 ψυχὴ
506 3164 601 3216 τοῦ
647 3163 777 3217 Υἱοῦ
827 3165 921 3217 καὶ
960 3167 989 3217 6
1034 3165 1164 3229 Tib;
1210 3165 1267 3219 ἐν
1299 3168 1469 3228 εἰσιν,
1506 3166 1657 3220 ἔσται
1695 3167 1789 3221 καὶ
1817 3170 1846 3221 6

264 3255 456 3327 Πατὴρ
492 3257 649 3327 καὶὴ
698 3256 843 3327 ψυχὴ
877 3255 958 3320 ἓν,
1000 3258 1093 3309 καὶ
1127 3257 1266 3322 λέξει
1321 3258 1450 3311 ποτὲ
1497 3260 1589 3312 κο.)¹
1631 3260 1665 3330 ἡ
1700 3258 1846 3331 ψυχὴ

261 3347 356 3401 τοῦ
400 3346 553 3410 Υἱοῦ,
598 3349 658 3399 '0
698 3347 972 3415 ἑωρακὼς
1012 3348 1117 3417 ἐμὲ
1168 3347 1391 3417 ἑώρακε
1438 3349 1547 3403 τὸν
1590 3349 1843 3418 Πατέρα.

278 3440 415 3492 Ἀλλ’
447 3441 550 3492 οὐκ
582 3438 695 3492 ἐστι
732 3439 911 3502 τοῦτο,
946 3440 1021 3510 μὴ
1063 3439 1301 3508 γένοιτοί
1338 3442 1395 3494 ’0
1440 3441 1548 3511 γὰρ
1583 3440 1711 3505 Υἱὸς
1756 3443 1849 3495 καὶ

262 3533 294 3584 6
324 3532 512 3602 Πατὴρ
568 3530 649 3596 ἓν,
703 3532 889 3603 ἐπειδὴ
942 3533 1016 3603 μὴ
1049 3532 1296 3603 διάτοροι
1346 3534 1660 3603 ποιότητες·
1713 3535 1745 3605 ἡ
1791 3534 1849 3587 δὲ

2366 2332 2474 2399 psit
2497 2328 2761 2384 adversus
2783 2328 3096 2399 Origenetn.

2018 2441 2086 2494 At
2113 2440 2260 2495 enim
2291 2455 2397 2495 non
2424 2439 2683 2497 desinens
2709 2440 2905 2493 iterum
2930 2439 3303 2509 blasphemas,
3326 2438 3523 2494 Filium

1945 2530 2041 2588 Dei
2073 2533 2437 2595 calumnians,
2460 2524 2517 2585 et
2542 2532 2628 2587 his
2659 2533 2840 2587 verbis
2873 2539 3032 2587 utens
3060 2549 3074 2585 :
3112 2550 3129 2582 ι
3160 2531 3527 2597 Quemadmo-

1946 2622 2076 2675 dum
2111 2619 2284 2677 Filius
2310 2630 2366 2676 et
2388 2620 2550 2676 Pater
2579 2638 2749 2675 unum
2779 2629 2928 2686 sunt,
2961 2620 3042 2675 sic
3071 2628 3125 2674 et
3154 2621 3336 2673 anima
3360 2634 3527 2689 quam

1948 2713 2246 2782 assumpsit
2264 2711 2435 2766 Filius
2463 2724 2516 2766 et
2544 2713 2660 2781 ipse
2687 2728 2854 2765 unum
2875 2718 3036 2765 sunt:
3072 2728 3091 2761 ι
3115 2711 3365 2764 nesciens
3382 2708 3528 2779 quod

1948 2800 2123 2857 Filius
2162 2802 2381 2871 quidem
2422 2811 2475 2855 et
2526 2800 2687 2854 Pater
2732 2816 2899 2852 unum
2949 2800 3059 2853 sint
3110 2807 3331 2868 propter
3365 2813 3529 2852 unam

1904 2942 1909 2949 .
1950 2892 2343 2956 substantiam,
2369 2900 2423 2945 et
2449 2891 2695 2945 eamdem
2731 2891 3111 2955 divinitatem;
3147 2892 3325 2943 anima
3348 2899 3531 2946 autem

1950 2992 2003 3038 et
2030 2982 2207 3039 Filius
2229 2962 2506 3039 diversam
2540 2985 2685 3037 inter
2715 2998 2775 3037 se
2807 2985 3170 3038 substantiam
3204 2983 3445 3038 habeant
3475 2990 3532 3038 et

1950 3085 2231 3127 naturam.
2260 3071 2319 3126 Si
2347 3073 2493 3128 enim
2532 3074 2677 3127 sicut
2705 3071 2867 3128 Pater
2893 3080 2943 3127 et
2980 3071 3151 3129 Filius
3178 3090 3344 3128 unum
3378 3081 3531 3139 sunt,

1955 3173 2119 3221 erunt
2150 3173 2204 3220 et
2230 3162 2396 3219 Pater
2433 3174 2488 3221 et
2520 3165 2701 3218 anima
2737 3180 2929 3228 unum,
2971 3172 3027 3220 et
3063 3166 3208 3220 dicet
3238 3166 3535 3235 aliquando

1951 3261 2115 3316 etiam
2144 3258 2265 3313 Filii
2297 3259 2477 3313 anima
2504 3277 2517 3312 :
2549 3257 2655 3325 Qui
2677 3257 2804 3311 vidit
2837 3274 2935 3320 me,
2961 3258 3090 3313 vidit
3117 3257 3328 3312 Patrem
3356 3258 3398 3312 ⁸.
3427 3257 3535 3313 Sed

1955 3365 2063 3404 non
2113 3351 2191 3403 ita
2230 3357 2350 3412 est,
2399 3349 2581 3403 absit!
2635 3347 2771 3401 Nam
2831 3346 3006 3403 Filius
3054 3360 3108 3403 et
3152 3347 3314 3402 Pater
3366 3364 3537 3403 unntn

1954 3449 2104 3501 sunt.
2128 3440 2258 3509 quia
2287 3454 2398 3494 non
2424 3448 2555 3493 sunt
2580 3439 2816 3494 diversa
2844 3441 3139 3509 qualitates
3160 3456 3175 3505 ;
3194 3441 3377 3493 anima
3407 3454 3540 3495 vero

1953 3540 2008 3587 et
2044 3530 2218 3587 Filius
2274 3543 2329 3586 et
2354 3540 2550 3585 natura
2584 3540 2638 3586 et
2681 3532 2992 3587 substantia
3021 3531 3301 3595 diﬂ’erunt,
3331 3531 3457 3601 quia
3486 3538 3541 3587 et

267 3623 413 3693 ψυχὴ
439 3623 537 3675 καὶ
574 3625 603 3676 6
637 3622 787 3685 Υἱὸς,
812 3625 907 3676 καὶ
936 3627 1000 3694 τῇ
1036 3623 1218 3693 φύσει,
1247 3625 1342 3677 καὶ
1370 3627 1436 3696 τῇ
1456 3626 1618 3697 οὐσίᾳ
1638 3627 1850 3698 ἓτερον,
1879 3637 1889 3683 4.

1957 3624 2074 3695 ipsa
2097 3640 2314 3694 quoque
2343 3639 2439 3694 per
2482 3640 2607 3679 eum
2644 3625 2788 3679 facta
2834 3632 2941 3689 est,
2973 3626 3221 3680 eamdem
3251 3624 3540 3679 nobiscum

269 3713 456 3784 ἐπειδὴ
494 3713 589 3766 καὶ
631 3714 772 3786 αὑτὴ
816 3715 884 3767 δι’
921 3715 1084 3769 αὐτοῦ
1122 3716 1366 3786 γέγονεν,
1411 3717 1695 3788 όμοούσιος
1725 3721 1857 3790 ἡμῖν

272 3804 614 3875 ὑπάρχουσα.
652 3806 715 3858 Ei
749 3805 859 3877 γὰρ
902 3800 947 3874 ᾧ
993 3807 1181 3879 τρόπῳ
1226 3809 1255 3861 6
1295 3808 1486 3879 Πατὴρ
1534 3810 1629 3863 καὶ
1665 3812 1694 3864 6
1729 3810 1857 3875 Υἱός

273 3898 408 3949 εἰσιν
435 3898 515 3961 ἓν,
551 3896 726 3969 τούτῳ
758 3898 835 3969 τῷ
863 3898 1049 3970 τρόπῳ
1076 3901 1169 3954 καὶ
1196 3900 1229 3972 ἡ
1270 3899 1417 3972 ψυχὴ
1445 3900 1538 3954 καὶ
1580 3903 1610 3955 6
1636 3902 1763 3967 Tib;
1799 3902 1859 3958 ἓν

273 3989 402 4052 εἰσι,
433 3988 580 4041 κατὰ
621 3988 712 4041 τὸν
750 3989 1052 4062 Ὦριγένην,
1100 3990 1252 4044 ἔσται
1298 3993 1393 4046 καὶ
1430 3993 1463 4063 ἡ
1506 3992 1675 4065 ψυχὴ,
1723 3996 1799 4061 ὡς
1831 3998 1860 4050 6

277 4079 424 4145 Υἱὸς,
462 4080 806 4152 ἀπαύγασμα
827 4082 926 4153 τῆς
954 4082 1111 4153 δόξης
1138 4083 1229 4136 τοῦ
1256 4083 1413 4148 Θεοῦ,
1451 4086 1546 4138 καὶ
1573 4087 1861 4159 χαρακτὴρ

276 4172 375 4244 τῆς
404 4173 760 4237 ὑποστάσεως
794 4172 982 4228 αὐτοῦ.
1020 4173 1183 4228 Ἀλλὰ
1223 4174 1329 4248 μὴν
1366 4174 1627 4231 ἀδύνατον
1666 4177 1858 4233 τοῦτο’

277 4264 539 4320 ἀδύνατον
583 4266 691 4337 ἄρα
733 4266 826 4319 καὶ
868 4265 959 4321 τὸν
991 4266 1117 4320 Υἱὸν
1158 4267 1254 4321 καὶ
1280 4267 1376 4338 τὴν
1404 4268 1580 4341 ψυχὴν
1608 4269 1774 4323 αὐτοῦ
1807 4270 1863 4322 ἓν

281 4351 442 4420 εἶναι,
479 4356 735 4429 καθάπερ
780 4358 944 4421 αὐτὸς
977 4358 1072 4412 καὶ
1113 4361 1141 4412 6
1172 4360 1364 4431 Πατὴρ
1407 4360 1465 4414 ἓν
1504 4363 1628 4415 εἰσι.
1680 4363 1786 4415 Καὶ
1813 4362 1864 4415 τί

283 4450 500 4521 ποιήσει
548 4450 711 4504 πάλιν
747 4450 926 4521 ἐαυτῷ
961 4452 1344 4524 περιπίπτωνς
1376 4454 1578 4525 γράφει
1616 4456 1724 4527 γὰρ
1774 4454 1865 4509 οὖ-

283 4559 419 4605 τως·
457 4542 533 4595 Οὐ
579 4543 754 4614 δήπου
796 4543 906 4615 γὰρ
943 4546 977 4614 ἡ
1011 4545 1392 4615 τεταραγμένη
1432 4546 1524 4598 καὶ
1570 4545 1866 4616 περίλυπος

282 4633 417 4700 οὖσα
453 4636 603 4709 ψυχὴ
629 4640 657 4691 6
688 4636 998 4709 Μονογενὴς
1036 4639 1130 4690 mi.
1163 4637 1504 4709 πρωτότοκος
1540 4637 1719 4708 πάσης
1749 4636 1866 4691 κτί-

287 4745 424 4792 σεως
450 4728 748 4799 ἐτύγχανεν
780 4725 935 4782 οὖσα.
973 4728 1033 4781 '0
1059 4727 1169 4798 γὰρ
1197 4727 1329 4791 Θεὸς
1359 4727 1551 4794 Λόγος,
1581 4727 1657 4790 ὡς
1688 4726 1868 4795 κρείτ-

285 4835 392 4871 των
423 4821 524 4891 τῆς
559 4818 739 4890 ψυχῆς
764 4818 1072 4889 τυγχάνων,
1100 4818 1263 4882 αὐτὸς
1295 4819 1324 4871 6
1354 4818 1483 4880 Titi;
1514 4834 1700 4888 φησιν,
1738 4816 1868 4880 Ἐξ-

286 4911 507 4965 ουσίαν
553 4911 673 4980 ἔχω
730 4910 917 4964 θεῖναι
974 4909 1207 4969 αὐτὴν,
1258 4909 1358 4963 καὶ
1419 4909 1711 4973 ἐξουσίαν
1750 4907 1869 4977 ἔχω

1960 3718 2170 3772 habens
2189 3716 2582 3771 substantiam.
2610 3714 2670 3771 Si
2700 3715 2847 3771 enim
2878 3716 3343 3786 quemadmodum
3384 3715 3541 3769 Pater

1958 3822 2013 3864 et
2052 3808 2226 3864 Filius
2265 3824 2437 3864 unum
2486 3818 2649 3874 sunt,
2693 3809 2775 3863 sic
2815 3809 2997 3862 anima
3044 3818 3095 3864 et
3142 3807 3315 3862 Filius
3369 3823 3543 3862 unuttt

1960 3910 2110 3963 sunt,
2135 3911 2197 3956 ut
2228 3901 2344 3956 vult
2391 3899 2680 3971 Origenes,
2712 3901 2818 3955 erit
2844 3912 2897 3955 et
2922 3900 3138 3962 anima,
3174 3900 3321 3953 sicut
3349 3896 3544 3965 Filius,

1961 3993 2223 4064 splendor
2251 3992 2440 4064 gloria
2466 3991 2585 4057 Dei,
2607 3999 2662 4047 et
2686 3992 2975 4046 character
3001 3990 3321 4043 substantia
3347 3990 3541 4057 ipsius.

1961 4086 2128 4156 Atqui
2178 4085 2283 4140 hoc
2320 4085 2436 4139 ﬁeri
2476 4084 2687 4153 nequit.
2723 4081 3066 4151 lmpossibile
3111 4089 3198 4135 est
3242 4082 3441 4149 igitur,
3487 4089 3549 4135 ut

1964 4175 2139 4232 Filius
2161 4184 2214 4230 et
2240 4175 2363 4245 ejus
2397 4174 2581 4228 anima
2610 4188 2777 4227 unum
2811 4172 2942 4235 sint,
2973 4172 3117 4226 sicut
3151 4171 3269 4241 ipse
3305 4181 3358 4226 et
3386 4170 3547 4224 Pater

1965 4281 2136 4320 unum
2172 4274 2323 4322 sunt.
2355 4263 2423 4319 Et
2451 4264 2583 4334 quid
2624 4262 2789 4318 faciet
2829 4277 3053 4317 rursum
3094 4263 3199 4317 sibi
3237 4262 3341 4332 ipsi
3385 4276 3550 4331 repu-

1966 4358 2179 4429 gnans?
2232 4355 2325 4412 Sic
2356 4356 2504 4413 enim
2554 4356 2798 4412 scribit:
2831 4353 3186 4425 Nequaquam
3227 4355 3448 4408 turbata
3493 4360 3550 4408 et

1967 4451 2146 4507 tristis
2204 4449 2389 4504 anima
2441 4446 2773 4520 Unigenitus
2826 4457 2983 4514 erat,
3042 4455 3093 4503 et
3150 4446 3550 4517 primogenitus

1965 4542 2148 4597 omnis
2172 4548 2463 4596 creatura.
2487 4539 2622 4594 Nam
2649 4540 2791 4597 Deus
2821 4539 3077 4605 Verbum,
3116 4549 3175 4592 ut
3204 4539 3383 4592 anima
3413 4552 3551 4606 pra-

1968 4634 2223 4697 stantior.
2256 4633 2372 4703 ipse
2406 4630 2578 4687 Filius
2618 4633 2736 4687 ait:
2774 4631 3099 4686 Potestatem
3128 4630 3289 4683 habeo
3323 4627 3549 4697 ponendi

1967 4741 2107 4790 eam,
2133 4736 2182 4780 et
2216 4733 2524 4794 potestatem
2556 4723 2719 4777 habeo
2749 4722 3051 4777 assumendi
3082 4738 3199 4775 eam
3214 4721 3257 4772 ⁸.
3294 4718 3350 4772 Si
3385 4720 3552 4788 igitur

1970 4819 2157 4886 Filius
2196 4818 2548 4889 prastantior
2585 4823 2670 4871 est
2711 4815 2895 4867 anima
2942 4827 3077 4877 sua,
3109 4810 3255 4864 sicut
3287 4817 3554 4879 pra-stan-

1972 4908 2168 4962 tioretn
2195 4923 2319 4963 esse
2358 4907 2414 4960 in
2457 4902 2718 4959 confesso
2746 4911 2851 4967 est,
2887 4900 3164 4972 quomodo
3206 4901 3327 4970 ejus
3370 4900 3553 4953 anima

285 5000 493 5055 λαϐεῖν
524 5002 742 5067 αὑτήν.
773 5004 837 5055 Εἰ
864 5002 1044 5056 τοίνυν
1075 5003 1339 5073 κρείττων
1368 5000 1515 5053 ἐστὶν
1552 5001 1580 5052 6
1621 5000 1747 5064 Tib;
1770 5000 1868 5071 τῆς

1980 4999 2208 5069 aqualis
2252 5004 2337 5053 est
2366 4996 2500 5059 Deo,
2542 5002 2596 5050 et
2630 4994 2685 5048 in
2724 4993 2898 5048 forma
2950 4991 3162 5062 ipsius?
3190 4989 3366 5060 Ipsam
3404 4989 3553 5045 enim

289 5092 479 5146 ἑαυτοῦ
511 5093 714 5164 ψυχῆς.
747 5092 934 5166 ὥσπερ
961 5090 1056 5147 οὖν
1088 5092 1182 5146 καὶ
1202 5091 1465 5163 κρείττων
1498 5090 1865 5162 ὡμολόγηται,

289 5186 403 5250 πῶς
436 5188 471 5258 ἡ
500 5186 647 5258 ψυχὴ
685 5187 876 5240 τούτου
912 5185 1003 5241 ίσα
1046 5186 1185 5258 Θεῷ,
1214 5186 1307 5239 καὶ
1336 5187 1394 5239 ἐν
1440 5187 1619 5256 μορφῇ
1664 5184 1865 5248 αὐτοῦς

290 5278 458 5349 αὐτὴν
482 5279 595 5349 γὰρ
646 5274 784 5331 εἷναί
818 5295 998 5348 φαμεν
1027 5281 1127 5350 τὴν
1160 5277 1477 5330 κενώσασαν
1509 5276 1729 5347 ἑαυτὴν.
1775 5276 1871 5329 καὶ

294 5369 507 5442 μορφὴν
537 5369 726 5423 δούλου
749 5369 1039 5426 λαϐοῦσαν.
1082 5372 1215 5434 Ταῖς
1247 5370 1570 5441 ὑπερῦολαῖς
1608 5370 1716 5423 τῶν
1745 5370 1872 5424 ἀσε-

293 5462 453 5515 ϐειῶν
490 5462 894 5534 ἐπισημότερος
932 5462 1040 5516 τῶν
1084 5461 1259 5516 ἄλλων
1292 5461 1581 5533 αἱρετικῶν
1625 5460 1870 5529 ἐγένετο,

291 5550 367 5617 ὥς
397 5551 894 5624 ἐπισημηνάμεθα.
934 5553 995 5606 Et
1021 5551 1131 5624 γὰρ
1162 5553 1224 5607 ἐν
1254 5554 1432 5625 μορφῇ
1474 5552 1610 5607 Θεοῦ
1640 5551 1875 5625 ὑπάρχει

359 5704 551 5764 Ῥεοῑ.
583 5725 675 5774 xv,
707 5707 798 5765 10.
872 5710 894 5741 ⁸
918 5706 1079 5763 Joan.
1111 5724 1225 5773 xw,
1256 5705 1311 5760 9.
1404 5708 1425 5737 ⁸
1457 5705 1614 5763 Joan.
1653 5723 1705 5771 ι,
1736 5706 1818 5763 18.

1972 5108 2098 5150 esse
2125 5092 2404 5167 dicimus,
2441 5104 2562 5159 qua
2612 5104 2673 5144 se
2727 5089 2903 5158 ipsam
2937 5084 3271 5151 exinanivit,
3300 5092 3355 5139 et
3408 5082 3553 5139 servi

1973 5184 2206 5243 formam
2242 5183 2471 5253 accepit.
2506 5180 2687 5249 Quare
2717 5179 2984 5251 Origenes
3028 5193 3220 5233 omnes
3253 5177 3395 5233 alios
3440 5175 3555 5231 hac

1975 5280 2178 5336 reticos
2216 5277 2493 5347 impietate
2528 5282 2774 5345 superat,
2822 5282 2882 5328 ut
2927 5270 3446 5327 demonstravimus.
3495 5268 3555 5323 Si

1975 5369 2121 5425 enim
2154 5370 2209 5421 in
2245 5366 2417 5421 forma
2456 5366 2548 5420 Dei
2577 5372 2664 5420 est
2694 5363 2953 5428 Verbum,
2990 5369 3043 5417 et
3067 5360 3178 5417 Deo
3206 5367 3290 5417 est
3320 5359 3553 5430 aquale.

1980 5459 2037 5512 in
2069 5458 2245 5513 forma
2275 5472 2404 5513 vero
2445 5456 2539 5513 Dei
2567 5472 2711 5519 esse,
2759 5462 2814 5511 et
2844 5454 3108 5525 aqualem
3139 5468 3262 5509 esse
3297 5452 3407 5508 Deo
3436 5450 3558 5505 ani-

1982 5568 2126 5606 mam
2160 5550 2463 5608 Salvatoris
2496 5557 2669 5622 putat,
2711 5549 2806 5621 qui
2856 5549 2939 5607 sic
2978 5547 3221 5606 scribere
3250 5560 3420 5602 ausus
3447 5549 3554 5613 est,

362 5820 478 5895 (ll)
519 5821 648 5895 ch.
681 5822 1012 5894 βλασφημεῖ,
1049 5820 1391 5889 blaspltemat.
1434 5819 1525 5876 Sic
1555 5835 1687 5876 sane
1726 5818 1937 5892 legebat
1972 5818 2349 5888 Hieronymus.
