3974 6332
377 328 448 386 63
1386 331 1751 389 TBEOPHILI
1794 329 2103 390 EPISCOPI
2140 331 2612 390 ALEXANDRINI
3567 335 3649 394 65

376 455 487 499 tem
540 449 699 500 extra
749 441 884 499 lines
931 457 1065 500 suos
1104 443 1350 514 iudicet;
1389 446 1437 501 si
1480 455 1661 503 autem
1709 447 1954 518 ignoras,

2079 449 2139 520 ιὴ
2169 449 2375 520 κρίνειν
2401 449 2587 519 δίκην·
2618 451 2668 503 εἰ
2688 448 2745 503 δὲ
2771 450 3004 518 ἀγνοεῖς,
3031 448 3219 520 μαθὼν
3251 445 3491 520 ἀπόσχου
3521 450 3651 504 τῶν

377 538 555 601 disce,
605 543 660 591 et
693 551 723 590 a
759 535 962 591 libellis
1006 534 1275 592 adversus
1312 553 1400 593 me
1435 538 1676 595 abstine.
1722 537 1858 593 Nam
1907 539 1953 595 si

375 624 615 694 iudicari
649 637 735 678 me
774 631 1081 694 oporteret,
1126 625 1195 679 ab
1225 625 1504 699 Egypliis
1542 629 1821 699 episc0pis
1860 629 1955 699 ju-

378 717 649 773 dicandus
682 732 802 772 sum
824 758 841 783 ,
876 731 988 772 non
1020 732 1053 772 a
1100 727 1154 774 te
1183 719 1277 789 qui
1321 721 1666 793 septuaginta
1709 722 1957 795 quinque

379 810 591 865 dierum
626 811 821 864 itinere
852 809 980 864 hinc
1003 811 1157 866 abes.

2063 539 2184 591 κατ’
2228 537 2361 608 ἐμοῦ
2399 537 2676 592 λισέλλων.
2710 538 2773 592 El
2820 539 2927 611 γὰρ
2956 541 3046 593 καὶ
3086 538 3196 593 δέοι
3230 556 3296 609 με
3340 537 3605 610 κριθῆναι
3627 577 3647 605 ,

2064 627 2217 700 παρὰ
2248 630 2357 683 τῶν
2393 629 2724 698 Αἰγυπτίων,
2754 630 2850 682 καὶ
2890 630 2950 682 οὐ
2982 628 3138 701 παρὰ
3174 629 3291 694 σοῦ,
3320 627 3650 699 ἀφεστῶτος

2067 717 2600 790 ἐσδομηκονταπέντε
2639 716 2861 791 ἡμερῶν
2894 717 3034 773 ὁδόν.

698 918 832 977 Vlll.
873 921 1138 978 EPISTOLA
1175 921 1398 979 JOANRIS
1434 941 1670 981 EPISCOPI
1700 924 1905 988 Cmut,
1943 938 1971 977 ε

2079 934 2362 976 ,εει-εἴπω
2387 917 2681 974 ΤΕΕΟΡΗΙΙΔ
2709 935 2943 977 ενιεοοιη
2963 918 3355 974 Αιεχλιωιιικι.

1108 1059 1262 1130 Apud
1293 1060 1612 1117 Cotelerium
1633 1064 1703 1117 ad
1730 1062 2166 1118 Constitutiones
2192 1056 2427 1128 apostol.
2460 1055 2554 1110 lib.
2580 1070 2632 1122 ν,
2661 1073 2778 1125 cap.
2809 1056 2900 1114 20.

452 1198 657 1254 Diebus
680 1197 902 1268 jejunii,
931 1199 1083 1254 circa
1110 1201 1301 1256 horam
1331 1216 1536 1257 nonam
1570 1213 1694 1273 post
1719 1217 1959 1258 consue-

381 1302 465 1347 tas
516 1306 746 1362 preces,
794 1293 1105 1362 sumptione
1150 1295 1311 1364 panis
1361 1295 1660 1357 duntaxat,
1703 1311 1859 1367 aqua:
1904 1303 1960 1351 et

382 1384 619 1446 olerum,
659 1388 754 1435 aut
789 1381 1131 1444 caricarum,
1166 1393 1259 1439 aut
1293 1385 1635 1457 dactylornm
1658 1426 1674 1451 ,
1714 1388 1960 1442 necessi-

385 1479 551 1525 talem
609 1471 859 1541 corporis
909 1473 1225 1544 explemus;
1279 1485 1643 1546 praeterquam
1686 1477 1731 1532 si
1771 1477 1960 1549 aliquo

387 1561 579 1615 morbo
606 1562 739 1616 illud
770 1562 1081 1618 aﬂlictetur.
1108 1565 1242 1621 Cum
1276 1566 1447 1637 igitur
1476 1576 1530 1622 et
1559 1566 1647 1623 die
1679 1576 1802 1623 ante
1831 1584 1958 1623 sano

383 1658 470 1705 cta
504 1649 855 1721 Theophania
884 1654 1181 1724 jubeamur
1209 1649 1501 1729 jejunare,
1537 1666 1662 1728 post
1697 1657 1962 1728 vesperti-

383 1756 516 1795 num
556 1741 807 1798 Oﬂicium
860 1744 1052 1817 illique
1096 1748 1451 1816 conjunctam
1492 1749 1662 1803 divini
1714 1750 1962 1821 mysterii

2149 1201 2238 1253 Ἐν
2278 1203 2399 1263 ταῖς
2445 1197 2729 1269 νηστίμοις
2774 1195 2884 1249 τῶν
2920 1194 3179 1267 ἡμερῶν,
3226 1196 3358 1267 περί
3404 1196 3654 1269 ἐννάτην

2064 1294 2215 1364 ὥραν
2251 1290 2390 1363 μετὰ
2432 1289 2535 1352 τὰς
2570 1287 2819 1359 συνήθεις
2852 1286 3036 1356 εὐχὰς,
3086 1288 3143 1341 ἐν
3174 1286 3325 1357 ἄρτῳ
3366 1286 3511 1359 μόνῳ
3546 1290 3655 1343 καὶ

2066 1384 2219 1439 ὕδατι
2252 1384 2347 1438 καὶ
2376 1381 2651 1453 λαχάνοις,
2701 1381 2736 1451 ἡ
2772 1380 2984 1451 ἰσχάσιν
3030 1378 3167 1449 (l5),
3211 1379 3245 1450 ῆ
3288 1378 3516 1448 φοίνιξιν
3541 1380 3655 1451 τὴν

2064 1476 2255 1549 χρείαν
2300 1472 2723 1544 ἀποπληροῦμεν
2755 1470 2854 1525 τοῦ
2900 1470 3183 1542 σώματος,
3223 1472 3273 1524 εἰ
3320 1472 3512 1542 μήτις
3557 1472 3657 1524 ὲν-

2066 1567 2249 1639 οχλοίη
2280 1566 2454 1637 τούτῳ
2480 1563 2752 1618 ἀσθένεια.
2795 1563 2950 1616 Ἐπεὶ
2971 1561 3148 1615 τοίνυν
3180 1560 3280 1615 κάν
3306 1564 3373 1633 τῇ
3402 1561 3508 1632 πρὸ
3534 1561 3658 1615 τῶν

2066 1659 2238 1727 ἁγίων
2270 1655 2579 1726 Θεοφανίων
2612 1654 2799 1725 ἡμέρᾳ
2829 1651 3303 1723 προστεταγμένον
3340 1652 3654 1724 νηστεύειν,

2073 1748 2210 1820 μετὰ
2235 1746 2333 1817 τὴν
2361 1745 2712 1815 συνημμένην
2736 1742 2910 1815 ταύτῃ
2934 1741 3086 1797 θείαν
3112 1742 3523 1813 μυσταγωγίαν,
3551 1743 3660 1796 ἐπὶ

382 1830 834 1901 celebrationem,
863 1836 934 1890 ad
966 1836 1150 1891 cibum
1185 1840 1403 1908 corpori
1436 1839 1852 1894 convenientem
1879 1855 1968 1895 so-

2079 1842 2163 1912 τὴν
2199 1837 2514 1910 σωματικὴν
2548 1835 2818 1906 εἰώθαμεν
2858 1834 2994 1889 ίέναι
3032 1833 3238 1905 τροφὴν
3262 1875 3277 1900 ,
3307 1835 3367 1887 ού
3411 1832 3659 1904 μεταλη-

381 1919 561 1979 lemus
609 1925 903 1993 accedere;
932 1934 1066 1982 tunc
1096 1943 1318 1983 sumere
1360 1944 1469 1984 non
1502 1938 1721 2001 oportet
1749 1931 1928 1986 oleum
1947 1971 1963 1997 ,
1992 1976 2005 1991 .

378 2024 479 2067 aut
518 2015 721 2083 pisces.
756 2014 892 2071 Nam
934 2018 981 2072 si
1015 2033 1080 2073 ea
1109 2019 1248 2083 dies,
1278 2020 1464 2090 vigilia
1485 2061 1500 2085 ,
1544 2022 1768 2092 inquam
1789 2062 1804 2086 ,
1837 2037 1965 2079 san-

382 2115 597 2163 ctorum
652 2106 1160 2178 Theophaniorum,
1217 2112 1272 2167 in
1295 2112 1438 2167 diem
1484 2113 1829 2170 Dominicum
1880 2116 1967 2169 in-

384 2197 688 2263 currisset;
717 2196 1058 2268 Theophilus
1091 2201 1444 2257 Alexandriae
1489 2203 1785 2273 episcopus
1823 2204 1967 2258 cari-

384 2298 481 2338 cas
510 2292 725 2338 tantum
760 2295 854 2341 aut
884 2289 1157 2357 palmulas
1181 2291 1465 2348 comedere
1491 2292 1751 2364 injungit,
1784 2302 1971 2363 quate-

385 2391 492 2431 nus
551 2386 815 2432 eaveatur
874 2395 945 2435 ne
999 2381 1282 2438 Dominica
1345 2384 1631 2440 videamur
1678 2386 1965 2455 jejunare;

386 2474 590 2522 temere
620 2483 770 2533 vero,
796 2470 989 2526 eadem
1014 2472 1196 2542 vigilia
1220 2474 1277 2528 in
1296 2475 1477 2530 alium
1504 2475 1645 2531 diem
1667 2476 1965 2541 incidente,

384 2558 569 2614 cibum
599 2560 940 2630 pinguiorem
979 2564 1349 2635 attigerimus.
1387 2550 1543 2633 Quod
1567 2569 1612 2623 si
1645 2577 1968 2625 sanctorum

386 2651 870 2722 Theophaniorum
904 2641 1025 2712 dies
1052 2658 1107 2711 in
1134 2657 1375 2716 Tetrade
1407 2669 1502 2715 aut
1539 2661 1846 2717 Parasceve
1867 2659 1968 2732 (IV,

385 2750 481 2796 aut
514 2757 566 2798 Vl
600 2742 772 2813 feria)
803 2745 1096 2811 institerit,
1121 2748 1357 2804 sulliciat
1385 2752 1544 2806 nobis
1576 2753 1791 2808 solvere
1820 2750 1968 2822 quod

380 2828 541 2898 juxta
572 2833 958 2902 Apostolorum
989 2852 1253 2894 canonem
1284 2855 1411 2899 uix
1431 2884 1446 2908 ,
1481 2842 1631 2898 hisce
1660 2842 1857 2899 diebus
1885 2842 1973 2898 in-

386 2923 641 2978 stitutum
678 2936 763 2981 est
788 2927 1096 2997 jejunium;
1129 2932 1206 2985 uti
1249 2941 1432 2986 autem
1463 2934 1584 2988 oleo
1616 2944 1673 2989 et
1702 2935 1967 3003 piscibus.

385 3011 456 3064 At
485 3027 705 3069 carnem
731 3019 812 3069 vel
837 3032 1060 3071 caseum
1080 3018 1439 3084 manducare,
1466 3022 1720 3093 ingluviei
1744 3038 1970 3093 prorsus

387 3111 755 3159 commentum
788 3115 906 3169 est,
944 3123 1052 3161 non
1086 3110 1406 3178 apostolicae
1447 3104 1810 3182 legislationis
1851 3115 1973 3182 jus-

2066 1930 2227 1983 πτέον
2262 1928 2441 1981 ἐλαίου
2470 1926 2504 1996 ἡ
2543 1925 2759 1996 ἰχθύων.
2801 1925 2864 1979 Εἰ
2894 1923 3003 1995 γὰρ
3031 1925 3131 1993 τῆς
3165 1923 3376 1995 ἡμέρας
3402 1923 3612 1992 ταύτης
3636 1964 3655 1984 .

2064 2016 2165 2085 τῆς
2194 2012 2513 2085 παραμονῆς
2556 2030 2698 2083 φημι
2737 2011 2845 2065 τῶν
2889 2007 3059 2081 ἁγίων
3088 2011 3429 2081 Θεοφανίων,
3461 2012 3661 2084 ἡμέρᾳ

2068 2108 2318 2178 κυριακῇ
2385 2103 2773 2176 συνελθούσης,
2841 2106 2870 2158 ό
2924 2102 3183 2173 Θεόφιλος
3241 2102 3660 2184 Ἀλεξανδρείας

2071 2198 2301 2269 ἰσχάδων
2351 2198 2509 2269 μόνον
2544 2196 2578 2267 ἦ
2622 2195 2879 2266 φοινίκων
2927 2196 3257 2267 ἐπισκήπτει
3294 2194 3661 2266 μεταλαμϐά-

2067 2307 2209 2352 νειν,
2240 2290 2364 2342 ὅσον
2395 2286 2736 2357 φυλάξασθαι
2770 2286 2831 2339 τὸ
2863 2287 2922 2340 ὲν
2954 2287 3207 2361 Κυριακῇ
3240 2284 3513 2355 δειχθῆναι
3547 2301 3658 2355 νη-

2070 2380 2278 2433 στεύειν
2307 2396 2319 2408 ·
2356 2377 2519 2448 σχολῇ
2547 2380 2597 2445 γ’
2630 2377 2696 2431 ἂν
2724 2377 2890 2448 ἑτέρα
2922 2368 3308 2447 συμπεσούσης
3332 2375 3537 2448 ἡμέρᾳ,
3565 2375 3656 2428 λι-

2069 2469 2391 2543 παρωτέρας
2417 2469 2621 2540 τροφῆς
2655 2466 2955 2539 ἀψαίμεθα.
2983 2468 3049 2521 El
3072 2466 3130 2521 δὲ
3153 2468 3253 2521 καὶ
3275 2469 3309 2538 ἡ
3341 2466 3453 2522 τῶν
3476 2465 3660 2535 ἁγίων

2069 2560 2380 2633 Θεοφανίων
2403 2560 2585 2632 ἡμέρα
2610 2562 2670 2614 ὲν
2700 2558 2984 2633 Τετράδιῆ
3011 2560 3338 2632 Παρασκευῇ
3368 2559 3658 2631 ἐπισταίη,

2068 2655 2302 2727 ἀρκετὸν
2342 2656 2476 2726 ἡμῖν
2524 2653 2685 2708 λῦσαι
2724 2654 2825 2726 τὴν
2854 2655 2912 2708 ὲν
2946 2655 3067 2718 ταῖς
3103 2651 3384 2717 τοιαύταις
3412 2653 3662 2725 ἡμέραις

2071 2742 2466 2815 νενομισμένην
2494 2742 2748 2813 νηστείαν
2779 2742 2922 2797 κατὰ
2949 2743 3042 2799 τὸν
3073 2741 3148 2809 ξθ¹
3176 2741 3288 2797 τῶν
3319 2741 3485 2812 ἁγίων
3513 2744 3660 2797 ἀπο-

2076 2840 2277 2897 στόλων
2318 2838 2537 2901 κανόνα,
2570 2837 2734 2907 ἐλαίῳ
2781 2853 2841 2889 τε
2879 2836 3181 2914 χρήσασθαι
3216 2838 3310 2892 καὶ
3341 2836 3538 2908 ἰχθύσι.
3578 2835 3662 2888 Τὸ

2072 2930 2129 2984 δὲ
2163 2930 2389 3000 κρέατος
2416 2929 2449 2998 ἢ
2473 2927 2639 2999 τυροῦ
2671 2931 2889 2998 φαγεῖν,
2930 2928 3378 2999 γαστριμαργίας
3408 2926 3661 2998 ἀτεχνῶς

2073 3016 2312 3089 εὕρημα,
2336 3018 2436 3070 οὐκ
2458 3017 2822 3087 ἀποστολικῆς
2854 3016 3173 3087 νομοθεσίας
3202 3018 3502 3087 ἐπίταγμα.
3530 3020 3663 3071 Οὐκ

2074 3110 2205 3164 ἔστι
2235 3107 2344 3179 γὰρ
2371 3111 2408 3177 ἡ
2427 3109 2716 3173 ,βασιλεία
2741 3106 2845 3162 τοῦ
2872 3107 3043 3173 Θεοῦ,
3068 3104 3301 3177 ,ϐρῶσις
3322 3109 3420 3163 καί
3447 3108 3662 3175 πόσις,
3749 3106 3752 3109 Α

389 3203 532 3244 sum.
562 3188 744 3260 Neque
775 3193 920 3246 enim
950 3177 1162 3265 regnum
1191 3195 1286 3252 Dei
1311 3209 1390 3253 est
1411 3177 1533 3258 escit
1561 3210 1609 3257 et
1636 3213 1790 3270 potus
1820 3177 1898 3268 “v;
1920 3209 1971 3257 et

2081 3201 2176 3253 καὶ
2204 3177 2272 3254 τὰ
2300 3199 2448 3270 ἑξῆς.

390 3295 511 3350 quae
542 3292 869 3353 sequuntur.

1178 3429 1338 3493 Igitur
1355 3433 1590 3485 allocutio
1616 3443 1667 3485 et
1691 3436 1773 3486 lex
1799 3437 2020 3499 episcopi
2042 3433 2306 3499 Theophili
2328 3434 2475 3485 Alex.
2505 3435 2617 3484 talis
2638 3434 2861 3485 habetur.

465 3548 528 3601 Et
561 3563 681 3605 mos
703 3557 757 3606 et
780 3550 941 3605 ollicii
974 3556 1113 3609 ratio
1135 3571 1165 3609 a
1196 3559 1355 3613 nobis
1381 3563 1640 3629 postulat,
1677 3571 1736 3617 ut
1754 3579 1970 3621 onmem

391 3640 537 3695 diem
575 3641 922 3698 Dominicum
965 3646 1335 3718 honoremus,
1368 3669 1603 3723 eumque
1632 3654 1830 3711 festum
1870 3656 1973 3711 ha-

393 3728 643 3798 beamus,
677 3747 802 3786 eum
840 3733 892 3787 in
928 3751 994 3790 eo
1024 3737 1291 3795 Dominus
1320 3752 1509 3798 noster
1530 3743 1693 3801 .lcsus
1721 3747 1976 3803 Christus

393 3823 850 3879 resurrectionem
885 3841 954 3882 ex
985 3832 1220 3887 mortuis
1264 3832 1422 3889 nobis
1472 3838 1875 3904 procuravcrit.
1915 3838 1981 3892 Et

392 3911 517 3966 ideo
547 3911 638 3966 hic
672 3914 791 3969 dies
818 3915 873 3970 in
904 3918 1081 3975 sacris
1113 3917 1421 3992 Seripturis
1453 3932 1508 3978 et
1548 3926 1759 3995 primus
1789 3926 1980 3997 appel-

392 4003 539 4058 latus
568 4012 674 4070 est,
699 4016 758 4061 ut
787 4010 881 4079 qui
914 4011 985 4066 sit
1014 4013 1177 4069 nobis
1208 4016 1332 4069 vita:
1364 4016 1581 4073 initium
1605 4036 1620 4085 ;
1644 4026 1698 4074 et
1730 4030 1982 4086 octavus,

392 4102 581 4166 utpote
631 4099 726 4168 qui
780 4099 1098 4159 Judaaorum
1145 4105 1553 4164 Sabbatismum
1595 4112 1981 4182 supergreditu-

394 4192 505 4240 tur.
539 4184 679 4251 Quia
701 4188 868 4258 igitur
894 4196 1146 4264 contigit,
1170 4197 1314 4250 diem
1343 4197 1539 4270 jejunii
1568 4201 1661 4271 qui
1690 4199 1980 4257 ad'sancta

396 4274 752 4346 TheOphania
776 4283 1032 4350 pertinet,
1059 4287 1116 4338 in
1138 4288 1289 4340 illum
1321 4289 1665 4347 Dominicum
1700 4296 1977 4362 incidere;

397 4368 705 4422 meonomia
739 4377 982 4440 utamur,
1003 4381 1059 4428 et
1088 4374 1159 4429 ad
1188 4383 1480 4448 utrumque
1508 4383 1804 4450 prudenter
1830 4400 1982 4442 acce-

2151 3566 2262 3637 (16)
2297 3566 2406 3618 Καὶ
2432 3564 2493 3617 τὸ
2524 3562 2643 3626 ἔθος
2672 3563 2765 3615 καί
2793 3563 2855 3615 τὸ
2885 3565 3096 3635 πρέπον
3126 3565 3276 3635 ἡμᾶς
3306 3564 3526 3618 ἀπαιτεῖ
3555 3565 3661 3619 πᾶ-

2082 3674 2178 3710 σαν
2228 3655 2511 3727 Κυριακὴν
2544 3656 2732 3725 τιμᾷν,
2788 3656 2883 3708 καὶ
2930 3658 2987 3708 ὲν
3024 3655 3196 3730 ταύτῃ
3244 3656 3661 3729 πανηγυρίζειν,

2082 3748 2377 3819 ἐπειδήπερ
2406 3749 2463 3801 ἐν
2493 3748 2666 3819 ταύτῃ
2696 3749 2724 3801 ὁ
2760 3745 2964 3818 Κύριος
2989 3747 3144 3818 ἡμῶν
3184 3746 3391 3817 Ἰησοῦς
3423 3746 3663 3818 Χριστὸς

2082 3841 2183 3911 τὴν
2218 3842 2283 3893 ἐκ
2311 3838 2520 3909 νεκρῶν
2562 3838 2857 3893 ἀνάστασιν
2897 3839 3287 3910 ὲπρυτάνευσε.
3321 3838 3414 3892 Διὸ
3460 3839 3554 3891 καὶ
3602 3840 3663 3890 ἐν

2087 3934 2205 3995 ταῖς
2232 3933 2407 4001 ίεραῖς
2432 3931 2471 3983 Γ
2478 3932 2697 4001 ραφαίς,
2739 3930 2833 3982 καὶ
2860 3928 3051 4002 πρώτη
3093 3930 3385 4000 κέκληται,
3413 3930 3489 3993 ὡς
3517 3930 3663 3999 ἀρχὴ

2091 4020 2236 4089 ζωῆς
2277 4022 2407 4091 ἡμῖν
2442 4021 2784 4091 ὑπάρχουσα,
2819 4021 2915 4075 καὶ
2944 4021 3103 4092 ὀγδόη
3123 4062 3136 4082 ,
3163 4022 3259 4075 ἆτε
3289 4021 3663 4101 δὴιύπερανα-

2082 4109 2351 4179 ϐεϐηκυῖα
2384 4109 2477 4162 τὸν
2502 4109 2610 4162 τῶν
2652 4109 2920 4163 Ἰουδαίων
2953 4109 3342 4180 σαϐϐατισμόν.
3390 4110 3542 4163 Ἐπεὶ
3569 4105 3665 4164 οὖν

2084 4199 2283 4270 συνέϐη
2312 4200 2411 4271 τὴν
2455 4199 2564 4253 τῶν
2604 4201 2773 4269 ἁγίων
2814 4200 3127 4269 Θεοφανίων
3158 4202 3419 4272 νὴστιμον
3451 4202 3667 4273 ἡμέραν

2081 4287 2219 4343 εἷναι
2248 4290 2451 4358 ταύτην
2489 4290 2624 4359 H7).
2654 4292 3132 4361 οἰκονομήσωμεν,
3169 4292 3264 4345 καὶ⁵
3298 4293 3433 4365 πρὸς
3472 4296 3665 4349 ἑκάτε-

2084 4399 2177 4453 ρον
2210 4381 2594 4451 ἐπιστημόνως
2622 4381 2963 4451 χωρήσωμεν
2984 4418 3000 4443 ,
3037 4381 3125 4435 ἵνα
3154 4382 3666 4454 μεταλαμϐάνοντες

397 4461 613 4527 damus,
641 4472 700 4515 ut
728 4472 1010 4520 sumentes
1039 4482 1245 4537 paucas
1276 4470 1568 4538 palmulas,
1594 4474 1759 4529 simul
1790 4484 1847 4529 et
1877 4476 1971 4532 ha:-

2082 4472 2279 4540 ὀλίγων
2310 4471 2588 4539 φοινίκων,
2623 4471 2959 4540 ὲκκλίνωμεν
2992 4472 3110 4542 ἃμα
3148 4472 3244 4525 καὶ
3277 4475 3375 4536 τὰς
3403 4476 3664 4546 αἱρέσεις,

399 4565 551 4606 reses
590 4553 860 4617 vitemus,
916 4572 1039 4626 quae
1083 4557 1228 4612 diem
1270 4563 1700 4620 resurrectionis
1759 4564 1971 4621 Domini

2083 4563 2180 4627 τὰς
2219 4563 2293 4633 μὴ
2335 4560 2578 4632 τιμώσας
2606 4561 2705 4632 τὴν
2743 4561 3113 4631 ἀναστάσιμον
3150 4562 3244 4615 τοῦ
3272 4564 3478 4636 Κυρίου
3506 4565 3665 4636 ἡμῶν

399 4644 575 4699 nostri
607 4644 739 4700 Jesu
768 4646 975 4703 Christi
1008 4665 1116 4704 non
1151 4650 1458 4719 honorant;
1489 4661 1542 4708 et
1571 4657 1716 4726 quod
1752 4656 1983 4714 debetur

399 4737 509 4792 diei
542 4738 742 4808 jejuuii
796 4742 1125 4809 reddamus.
1174 4755 1560 4817 exspectantes
1608 4751 1979 4820 vespertinum

401 4840 752 4899 conventum,
783 4839 876 4904 qui
908 4836 1034 4915 hic,_
1055 4837 1166 4894 Deo
1199 4840 1414 4895 volente
1434 4882 1450 4905 ,
1483 4854 1797 4915 peragetur.
1832 4846 1979 4902 Con-

403 4937 689 4994 grrgemur
719 4926 904 4998 itaque
927 4906 1117 4985 hic'ab
1147 4931 1281 4987 hora
1318 4949 1485 4990 nona.

476 5163 516 5205 ⁸³
546 5163 707 5224 Rom.
742 5183 858 5236 τιν,
907 5168 997 5228 17.

480 5324 590 5411 (ἰῇ)
617 5325 693 5411 Ἰζ
716 5326 952 5411 101.1“.
978 5328 1073 5411 mg.
1103 5330 1207 5411 ἰσχ.
1226 5328 1342 5411 _Sic
1374 5328 1501 5411 item
1529 5326 1691 5391 infra.
1719 5329 1812 5384 καὶ
1838 5329 1979 5400 φοίν.

403 5394 573 5468 ρι’σῇ
600 5394 739 5468 epota.
775 5394 854 5468 Et,
874 5413 996 5453 mox
1026 5398 1069 5451 δ’
1096 5394 1240 5468 ἂνγ’
1274 5414 1370 5468 pro
1397 5399 1482 5455 ἄν.

478 5464 591 5535 (l6_)
620 5464 744 5519 llaec
771 5467 959 5524 videas
987 5464 1242 5535 superius
1276 5464 1444 5523 relata
1476 5486 1539 5526 ex
1578 5469 1832 5527 Pandect.
1871 5469 1981 5526 σοι

403 5533 533 5589 non.
556 5533 1000 5610 Devercgiitom.
1035 5533 1098 5603 ll,
1126 5555 1284 5610 pagg.
1313 5540 1580 5610 170-175.,
1599 5540 1833 5606 Exstant
1854 5556 1983 5610 prae-

406 5556 533 5589 non.
559 5556 831 5606 neveregn
867 5556 1000 5592 ιοιη.
1036 5556 1284 5663 mragg.
1313 5556 1337 5594 ι
1358 5556 1563 5596 ιυ-ιτιο.
1599 5556 1978 5641 mstantprae-

406 5611 556 5660 terea
588 5604 641 5669 in
667 5604 1024 5663 Conciliurum
1049 5626 1107 5664 co
1134 5611 1373 5676 lectione,
1401 5622 1535 5669 tom.
1570 5609 1633 5674 ll,
1654 5624 1774 5680 pag.
1816 5612 1978 5677 L576,

2098 4653 2271 4724 Ἰησοῦ
2307 4652 2545 4724 Χριστοῦ
2575 4654 2821 4725 ἡμέραν,
2875 4655 2969 4708 καὶ
3001 4655 3061 4707 τὸ
3102 4655 3452 4726 ὀφειλόμενον
3477 4661 3542 4729 τῇ
3571 4674 3668 4728 νη-

2087 4744 2264 4815 στίμῳ
2310 4744 2491 4815 ἡμέρᾳ
2524 4742 2844 4814 ἀποδῶμεν,
2883 4745 3265 4817 περιμένοντες
3304 4748 3401 4819 τὴν
3440 4749 3663 4819 ἑσπερι-

2084 4837 2180 4907 νὴν
2211 4837 2460 4904 σύναξιν,
2497 4838 2620 4908 ἥτις
2675 4837 2941 4899 ἐνταῦθα,
2989 4838 3123 4890 Θεοῦ
3171 4839 3443 4903 θέλοντος,
3491 4839 3661 4893 τελεῖς

2083 4948 2174 4983 ται
2205 4930 2341 4999 (18).
2384 4930 2741 5001 Συναχθῶμεν
2776 4931 2954 4984 τοίνυν
3000 4929 3106 4982 ἀπὸ
3134 4928 3281 5002 ὥρας
3313 4931 3537 5000 ὲννάτης
3575 4931 3662 4983 ὲν-

2084 5021 2271 5079 ταῦθα.

2089 5328 2219 5385 edit.
2254 5330 2656 5387 Veneto-Labb.

2117 5467 2136 5485 τ
2161 5402 2273 5469 (l7)
2306 5397 2474 5456 Εἶναι
2502 5404 2745 5473 ταύτην.
2793 5401 2848 5457 In
2888 5407 3220 5461 membranis
3255 5405 3436 5479 Regiis
3465 5401 3664 5470 ταύτην

2091 5489 2254 5526 ειναι.

2161 5543 2274 5614 (18)
2312 5543 2588 5600 Τελεῖται.
2623 5545 2732 5600 Aut
2761 5528 3141 5602 συντελεῖται.⁸

2027 5752 2095 5766 ρ-
