3974 6332
282 318 365 373 65
1702 332 2143 398 FRAGMENTA.
3476 348 3545 404 οδ

292 526 3532 581 ...Ἥ-...Ἣ

792 704 1469 802 THEOPHILI
1556 714 2397 816 ALEXANDRINI
2476 730 3021 829 EPISCOPI

1109 922 1537 981 FRAGMENTA
1575 926 1669 983 EX
1704 928 1885 988 ALllS
1936 931 2279 994 OPERIBUS
2318 937 2730 1001 DEPERDITIS

1038 1199 1103 1255 In
1139 1201 1277 1256 illud
1314 1199 1518 1258 Psalmi
1547 1219 1680 1271 xcu,
1705 1206 1968 1265 Dominus
1997 1214 2262 1283 regnavit,
2287 1214 2538 1274 decorem
2570 1219 2765 1276 induit.

1593 1293 1679 1349 Ex
1712 1298 1887 1354 codice
1914 1301 2051 1371 regio
2090 1301 2216 1357 2H.

749 1437 901 1503 Apud
924 1435 1266 1494 Simondum
1295 1441 1366 1494 ad
1402 1439 1580 1512 Ruﬁni
1612 1442 1891 1499 Palwstini
1923 1446 2115 1499 librum
2147 1446 2222 1503 De
2245 1448 2368 1514 ﬁde,
2395 1449 2527 1519 Opp.
2556 1462 2682 1509 tant.
2714 1454 2763 1523 I,
2788 1474 2909 1530 pag.
2943 1461 3065 1517 513.

362 1577 422 1629 '0
444 1573 662 1642 Κύριος
685 1572 1105 1636 ἐϐασίλευσεν,
1129 1574 1459 1630 ἐνεδύσατο
1480 1575 1861 1647 εὐπρέπειαν.
1890 1634 1892 1639 ι

2044 1579 2301 1636 Dominus
2342 1585 2595 1653 regnavit,
2632 1592 2872 1643 decorem
2910 1592 3082 1648 induit
3112 1595 3173 1648 ".
3204 1594 3341 1663 Quia
3390 1599 3533 1654 enim

291 1665 518 1737 Ἐπειδὴ
549 1665 659 1736 γὰρ
693 1663 852 1718 ἔλαϐε
886 1663 1124 1738 φθαρτὸν
1156 1666 1347 1738 σῶμα,
1378 1669 1713 1740 εὐπρέπειαν
1745 1671 1861 1722 ἐνε-

278 1753 483 1808 δύσατο
514 1754 824 1824 ἀγαπήσας
853 1754 1003 1819 αὐτὸ,
1034 1756 1095 1808 οὐ
1131 1756 1392 1828 φθαρτὸν,
1423 1757 1537 1812 ἀλλ’
1559 1758 1856 1830 ἄφθαρτον.

293 1847 353 1900 '0
372 1844 579 1916 Κύριος
602 1843 964 1907 ἐϐασίλευσεν,
984 1847 1316 1918 εὐπρέπειαν
1332 1848 1634 1903 ἐνεδύσατο.
1660 1849 1859 1905 Ἔλαῦε

286 1942 391 2009 γὰρ
423 1935 734 2006 ἀναστήσας
770 1935 932 1991 πάλιν
954 1938 1021 1991 τὸ
1045 1923 1240 1993 ἑαυτοῦ
1270 1938 1449 2012 σῶμα,
1480 1942 1621 1997 κατὰ
1653 1943 1750 2015 τὴν
1779 1947 1859 1998 ot-

281 2029 437 2082 κείαν
473 2026 854 2096 ὲπαγγέλειαν,
889 2031 1125 2083 Λύσατε
1164 2031 1270 2084 τὸν
1309 2032 1459 2088 ναὸν
1486 2034 1732 2100 τοῦτον,
1761 2036 1861 2090 καί

282 2121 381 2175 ἐπὶ
427 2120 626 2191 τρισὶν
660 2122 905 2191 ἡμέραις
926 2122 1106 2194 ἐγερῶ
1126 2128 1331 2181 αὐτόν.
1368 2129 1432 2180 Ὃ
1466 2129 1650 2200 ἤγειρε
1684 2130 1862 2183 τοίνυν

284 2211 573 2267 ἐνεδύσατο
589 2212 768 2285 σῶμα.
789 2215 981 2285 Ἔλεγε
993 2217 1121 2288 γὰρ,
1135 2220 1258 2272 Οὐκ
1276 2219 1731 2290 ἐγκαταλείψεις
1748 2221 1865 2291 τὴν

278 2305 494 2374 ψυχήν
516 2324 639 2375 μου
675 2309 763 2373 εις
793 2308 972 2376 ᾅδην.
997 2309 1140 2364 οὐδὲ
1166 2310 1383 2379 δώσεις
1412 2313 1518 2367 τὸν
1547 2313 1721 2368 ὅσιόν
1741 2330 1861 2371 σου

281 2393 431 2448 ἰδεῖν
444 2395 798 2465 διαφθοράν
811 2398 898 2452 ἔτι
915 2398 983 2452 δὲ
1007 2399 1107 2454 καί
1126 2401 1164 2468 ἠ
1187 2400 1471 2473 σάρξμου
1484 2405 1861 2474 κατασκηνώ-

279 2495 377 2534 σει
400 2482 495 2535 ἐπ’
516 2478 738 2538 ἐλπίδι.
782 2485 1045 2552 Ἀναστὰς
1073 2490 1130 2542 ἐν
1150 2488 1228 2558 τῷ
1252 2492 1492 2562 μνήματι
1516 2491 1615 2545 οὐκ
1643 2491 1824 2563 ἔμεινε
1844 2510 1859 2527 σ

280 2572 374 2626 καὶ
409 2575 603 2644 μείνας
640 2578 699 2630 ὲν
729 2576 808 2647 τῷ
840 2580 1102 2649 μνήματι,
1134 2579 1235 2633 οὐκ
1264 2580 1371 2633 ἴδεν
1401 2581 1720 2653 διαφθορὰν,
1757 2584 1858 2638 οὐκ

277 2663 582 2736 ἐκράτησεν
619 2664 783 2720 αὐτοῦ
813 2669 845 2738 ἡ
872 2666 1158 2741 διαφθορά.
1194 2670 1254 2723 ὐ
1284 2671 1560 2742 ἄφθαρτος
1587 2672 1761 2741 Λόγος
1796 2674 1858 2727 τὸ

279 2755 517 2827 φθαρτὸν
546 2756 813 2825 ἀνέστησε
854 2758 1011 2831 σῶμα
1045 2764 1124 2825 εἰς
1154 2761 1459 2832 ἀφθαρσίαν

1963 1672 2324 1742 corruptibile
2341 1687 2544 1745 corpus
2565 1680 2889 1749 assumpsit,
2909 1684 3161 1740 decorem
3192 1688 3389 1754 induit,
3414 1707 3539 1748 sus-

1959 1760 2143 1816 citans
2177 1762 2309 1817 illud
2359 1779 2469 1817 non
2514 1769 2906 1837 corruptibile,
2950 1773 3044 1827 sed
3098 1774 3530 1847 incorruptibile.

1964 1851 2217 1907 Dominus
2262 1857 2518 1925 regnavit,
2561 1855 2796 1912 decorem
2825 1860 3014 1918 induit.
3048 1861 3363 1935 Assumpsit
3389 1872 3535 1926 enim
3609 1855 3637 1865 ’

1960 1952 2251 2008 resurgens
2280 1940 2480 1995 iterum
2504 1946 2785 2014 proprium
2811 1962 3031 2018 corpus,
3064 1963 3227 2020 prout
3258 1956 3377 2025 ipse
3404 1974 3537 2027 prae-

1959 2025 2172 2082 dixerat
2215 2047 2227 2084 :
2272 2028 2470 2085 Solvite
2525 2034 2772 2102 templum
2801 2038 2929 2103 hoc,
2961 2052 3006 2093 et
3049 2043 3103 2095 in
3130 2045 3315 2099 -tribns
3351 2025 3535 2105 diebus

1957 2118 2198 2173 excitabo
2234 2120 2369 2174 illud
2396 2122 2462 2177 ".
2495 2122 2651 2189 Quod
2696 2130 2962 2184 excitarat
2992 2147 3123 2202 ergo
3147 2175 3163 2200 ,
3198 2136 3375 2191 induit
3414 2156 3536 2194 cor-

1959 2226 2086 2282 pus.
2120 2210 2345 2269 Dicebat
2376 2215 2522 2269 enim
2553 2236 2564 2269 :
2593 2215 2716 2270 Non
2745 2219 3068 2293 derelinquas
3100 2228 3331 2282 animum
3364 2247 3534 2286 meum

1958 2300 2014 2353 in
2048 2300 2275 2369 inferno,
2308 2319 2401 2356 nec
2422 2304 2575 2359 dabis
2597 2321 2839 2361 sanctum
2869 2320 3012 2365 tuum
3037 2314 3205 2371 videre
3232 2324 3535 2390 corruptio-

1960 2407 2074 2445 nem
2100 2393 2146 2424 “
2172 2414 2185 2449 :
2213 2395 2427 2468 insuper
2455 2409 2631 2452 autem
2664 2409 2713 2454 et
2738 2418 2863 2456 caro
2891 2420 3007 2459 mea
3035 2398 3313 2479 requiescet
3337 2414 3391 2467 in
3421 2430 3530 2483 spe.

1956 2480 2272 2555 Resurgens
2317 2504 2423 2542 non
2459 2493 2658 2545 mansit
2689 2492 2743 2547 in
2793 2506 3191 2555 monumento:
3248 2505 3342 2559 sed
3379 2480 3534 2560 et'in

1956 2586 2311 2631 monumento
2351 2594 2579 2636 manens
2608 2598 2715 2637 non
2766 2585 2900 2640 vidit
2934 2593 3369 2662 corruptionem;
3407 2612 3533 2652 cor-

1954 2667 2135 2735 ruptio
2162 2667 2240 2721 illi
2272 2684 2378 2723 non
2402 2679 2487 2726 est
2513 2672 2816 2729 dominata.
2849 2677 3088 2735 Verbum
3118 2682 3539 2757 incorruptibile

1952 2760 2315 2829 corruptibile
2358 2777 2564 2834 corpus
2603 2768 2893 2824 suscitavit
2926 2774 2994 2826 ad
3039 2773 3532 2846 incorruptibilita-

1951 2857 2079 2904 tem.

1335 3091 1414 3146 Ea:
1444 3091 1648 3149 Catena
1679 3094 1732 3149 in
1765 3095 2026 3156 Genesiu.
2046 3097 2164 3161 cod.
2200 3114 2305 3168 reg.
2334 3098 2458 3155 810.

1367 3210 1519 3280 Apud
1546 3206 1912 3283 Sirmondum,
1940 3224 2094 3279 Μέση
2124 3231 2247 3286 pag.
2276 3216 2406 3273 292.

348 3344 463 3417 (l9)
493 3346 617 3399 Ὅτι
637 3343 700 3400 οὗ
720 3345 788 3400 δι’
805 3344 1102 3418 ἁμαρτίας,
1117 3345 1192 3411 ὥς
1222 3348 1483 3421 Ὠριγένει
1501 3350 1668 3418 εδοξε,
1687 3368 1857 3405 κατα·
1886 3361 1892 3415 ]

2026 3352 2183 3419 Quod
2236 3370 2345 3410 non
2392 3357 2463 3412 ob
2505 3367 2815 3428 peccatum,
2851 3372 2909 3418 ut
2956 3365 3176 3439 Origeni
3211 3373 3389 3430 visum
3426 3387 3535 3445 est,

276 3430 607 3502 ϐεϐλημέναι
646 3434 703 3486 αἱ
745 3432 918 3504 ψυχαὶ
956 3433 1173 3505 σώμασι
1216 3438 1646 3510 συνεπλάκησαν,
1689 3442 1855 3512 ἐχρη-

282 3522 492 3593 σάμεθα
524 3522 602 3593 τῷ
627 3524 870 3589 Μωσέως
908 3527 1134 3597 ῥήματι,
1162 3527 1413 3597 λέγοντος
1441 3532 1553 3593 τοῖς
1584 3533 1719 3595 υἱοῖς
1757 3533 1856 3585 ἰσ-

284 3616 449 3688 ραὴλ,
495 3617 714 3684 Κύριος
760 3618 793 3670 ό
838 3618 982 3684 Θεὸς
1013 3618 1130 3674 τῶν
1160 3619 1430 3689 πατέρων
1461 3622 1627 3691 ὑμῶν
1656 3637 1847 3691 προσ-

280 3708 405 3776 θείη
455 3707 602 3776 ὑμῖν
640 3708 905 3778 σήμερον
938 3710 1022 3775 ὠς
1051 3710 1193 3766 ἐστὲ
1232 3714 1667 3783 χιλιοπλασιως
1688 3753 1704 3779 ,
1749 3716 1849 3770 καί

280 3796 607 3869 εὐλογήσω
651 3798 806 3871 ὑμᾶς
840 3805 1046 3857 καθότι
1090 3804 1398 3874 ἐλάλησεν
1432 3807 1595 3878 ὑμῖν.
1631 3808 1706 3861 Οὐ
1743 3808 1853 3881 γὰρ

281 3888 496 3958 εὐλογία
527 3890 672 3945 κατὰ
706 3893 987 3965 Ὠριγένην
1014 3895 1162 3951 ἐστὶν
1188 3898 1221 3968 ἡ
1254 3897 1362 3952 τῶν
1398 3900 1665 3971 σωμάτων
1695 3901 1854 3971 ποίη-

283 3998 385 4049 σις,
412 3984 553 4041 ἀλλὰ
578 3987 793 4059 κατάρα
835 3989 1215 4061 πλανωμέναις
1244 3991 1464 4064 ψυχαῖς.

1963 3443 2188 3515 dejectae
2229 3448 2424 3503 anima;
2456 3452 2781 3527 corporibus
2817 3457 3092 3526 implicita:
3136 3463 3282 3527 sint,
3322 3482 3387 3522 ex
3428 3443 3533 3526 Mo-

1962 3536 2041 3592 sis
2078 3536 2261 3592 verbis
2294 3538 2612 3608 didicimus,
2654 3526 2781 3599 ﬁliis
2828 3543 2995 3601 Israel
3028 3549 3263 3608 dicentis
3296 3573 3310 3610 :
3349 3557 3535 3612 Domi-

1959 3646 2059 3684 nus
2085 3629 2227 3685 Deus
2254 3641 2462 3700 patrum
2487 3642 2775 3690 uestrorum
2804 3640 3023 3709 adjiciat
3052 3645 3219 3709 vobis,
3246 3648 3380 3701 sicut
3406 3652 3534 3706 estis

1956 3721 2131 3783 hodie.
2159 3723 2328 3778 millia
2351 3726 2537 3791 multa,
2560 3737 2609 3791 et
2634 3727 2903 3785 benedicat
2928 3735 3091 3801 vobis,
3123 3738 3259 3791 sicut
3286 3741 3427 3794 vobis
3458 3744 3537 3797 lo-

1953 3823 2106 3868 cutus
2134 3824 2211 3869 est
2245 3816 2309 3869 ¹⁸.
2343 3815 2529 3887 Neque
2557 3819 2701 3874 enim
2735 3822 3062 3891 benedictio,
3083 3830 3384 3885 secundum
3412 3832 3534 3888 Ori-

1954 3919 2170 3974 genem,
2204 3914 2286 3961 est
2310 3920 2603 3977 corporum
2631 3909 2942 3983 productio,
2974 3916 3069 3971 sed
3097 3920 3411 3976 maledictio
3436 3937 3534 3978 ero

1957 3996 2210 4051 rantibus
2243 3997 2554 4055 animabus.

1514 4221 1595 4274 Ex
1620 4223 1799 4277 eodem
1826 4226 1943 4277 cod.
1968 4238 2077 4292 reg.
2109 4222 2234 4279 810.

1677 4336 1809 4391 ibid.
1843 4352 1966 4423 ρας..
1996 4335 2126 4391 295.

350 4447 526 4511 Μέσος
553 4442 648 4502 ὥν
678 4451 707 4503 ό
739 4448 1024 4521 ἄνθρωπος
1043 4450 1152 4505 τῶν
1181 4448 1275 4505 Wo
1297 4452 1510 4520 ἐγένετο
1532 4469 1545 4483 ·
1574 4452 1696 4506 οὔτε
1727 4453 1855 4525 θνη-

282 4536 368 4602 τὸς
414 4538 732 4611 ὁλοσχερὴς,
770 4539 895 4595 οὔτε
927 4541 1193 4606 ἀθάνατος
1222 4542 1450 4597 καθόλου
1470 4585 1484 4609 ,
1514 4543 1762 4608 δεκτικὸς
1794 4544 1851 4598 δὲ

281 4629 564 4703 ἑκατέρου.

2036 4452 2246 4510 Medius
2279 4455 2450 4525 igitur
2473 4456 2616 4513 inter
2641 4458 2779 4516 duos
2808 4460 2969 4517 homo
2997 4460 3172 4519 factus
3199 4464 3375 4521 fuerat
3400 4485 3414 4523 :
3443 4483 3534 4525 ne-

1958 4561 2064 4617 que
2092 4547 2343 4603 mortalis
2380 4549 2530 4603 omni
2560 4564 2626 4605 ex
2656 4559 2833 4621 parte,
2862 4570 3040 4625 neque
3069 4564 3217 4613 totus
3250 4557 3532 4615 immorta-

1958 4638 2046 4704 lis,
2081 4640 2174 4695 sed
2209 4654 2380 4710 capas
2420 4642 2728 4714 utriusque.

1864 4776 1950 4833 IV.

920 4886 1070 4955 Apud
1096 4884 1154 4942 S.
1186 4885 1451 4973 Joannem
1484 4888 1733 4944 Damasc.
1770 4889 1965 4946 Pnrall.
1998 4906 2141 4948 sacr.
2178 4891 2312 4962 Opp.
2355 4902 2482 4948 tom.
2516 4893 2604 4960 II,
2639 4911 2757 4966 pag.
2783 4896 2908 4953 339.

350 4994 479 5051 Εἶτα
508 4997 763 5069 βασιλεὺς
788 5001 887 5072 μὲν
920 5003 1161 5072 ἐπίγειος
1188 5002 1502 5056 πιστεύεται
1528 4998 1667 5055 εἶναι
1687 5043 1703 5068 ,
1736 5005 1859 5058 καί·

281 5107 383 5163 περ
425 5090 501 5162 μὴ
530 5092 668 5145 πᾶσι
712 5091 1073 5166 βλεπόμενος,
1104 5094 1191 5149 διὰ
1214 5094 1272 5148 δὲ
1304 5094 1486 5165 νόμων
1534 5095 1631 5149 καὶ
1678 5095 1857 5150 διατάα

281 5180 412 5246 ξεων
442 5183 632 5248 αὑτοῦ,
662 5184 757 5238 καὶ
778 5186 1039 5252 ἐξουσιῶν
1070 5187 1164 5240 καὶ
1198 5186 1482 5255 δυνάμεων
1512 5187 1606 5239 καὶ
1636 5188 1860 5241 εἰκόνων

279 5275 506 5326 νοεῖταν
537 5274 630 5328 τὸν
663 5276 721 5329 δὲ
747 5277 878 5331 Θεὸν
904 5278 965 5331 οὺ
996 5277 1176 5351 βούλει
1203 5277 1443 5331 νοεῖσθαι
1466 5276 1535 5330 δι’
1560 5277 1737 5349 ἔργων
1766 5280 1858 5333 καὶ

280 5356 558 5431 δυνάμεων
573 5378 591 5426 ;

2032 5005 2109 5060 Ita
2139 5023 2206 5061 ne
2237 5007 2455 5063 tandem
2486 5024 2579 5063 rex
2611 5018 2889 5074 terrenus,
2923 5012 3025 5067 etsi
3062 5011 3287 5068 minime
3317 5015 3532 5072 videtur

1959 5098 2027 5151 ab
2053 5099 2334 5164 omnibus,
2370 5108 2553 5155 tamen
2590 5117 2686 5172 per
2729 5102 2876 5172 leges
2908 5110 2962 5157 et
2993 5102 3170 5157 edicta
3191 5142 3205 5167 ,
3242 5109 3534 5163 auctorita-

1959 5192 2180 5254 lemque
2216 5193 2269 5241 et
2302 5189 2601 5257 potentiam
2641 5204 2705 5244 ac
2735 5190 3001 5260 imagines
3048 5191 3535 5251 exsistere'credi-

1960 5284 2085 5340 tur;
2130 5275 2302 5332 Deum
2348 5295 2478 5335 vero
2518 5296 2584 5335 es
2625 5280 2887 5351 cperibus
2936 5290 2991 5337 et
3033 5286 3272 5353 potentia
3302 5286 3531 5360 intelligi

1961 5383 2068 5422 non
2110 5368 2226 5424 vis?

348 5514 391 5546 ⁸⁸
420 5513 567 5571 Psal.
596 5533 729 5583 xcu,
772 5520 851 5574 l3.
930 5521 973 5554 ¹³
1008 5518 1168 5580 Joan.
1202 5538 1260 5590 II,
1307 5523 1391 5579 ις).
1470 5523 1513 5557 η
1546 5523 1692 5582 Psal.
1732 5543 1818 5591 xv,
1856 5528 1892 5582 ll

2020 5528 2061 5559 ¹⁵
2096 5527 2253 5586 Deut.
2292 5547 2331 5596 I,
2366 5530 2452 5587 ll.

349 5668 457 5737 (l9)
494 5671 808 5754 mmmam
853 5676 1044 5732 scribit
1091 5687 1283 5735 auctor
1326 5679 1379 5735 in
1431 5678 1602 5751 Epist.
1653 5680 1844 5735 Pasch.
1879 5695 2005 5739 ann.
2037 5682 2160 5750 401,
2189 5683 2215 5754 §
2246 5685 2333 5751 l8,
2370 5685 2460 5739 ubi
2487 5693 2538 5741 ct
2572 5684 2978 5745 Dcutcronomii
3005 5689 3183 5746 locum
3217 5689 3306 5747 hic
3335 5689 3525 5747 lauda-

284 5744 390 5792 tum
415 5745 640 5797 excitat.
