3976 6332
448 386 545 446 “⁴19
1604 390 1609 397 ’
1639 388 1983 448 APPENDIX
2020 432 2027 447 .

2152 382 2568 457 PALLAmuu.
3649 380 3724 472 is

415 552 419 557 .
469 505 553 563 dit
585 519 711 561 eum
761 502 1025 559 fratribus
1059 501 1269 559 urbane
1306 511 1589 574 agentem.
1627 503 1830 561 Veiens
1862 517 2027 562 auten

2150 511 2286 581 μετὰ
2315 513 2423 566 τῶν
2446 513 2690 585 ἀδελφῶν
2720 515 2762 571 ³.
2790 514 2972 572 Θέλων
3013 516 3070 572 δὲ
3111 517 3272 574 αὐτὸν
3309 518 3721 598 πληροφορῆσαι

468 598 520 655 ei
550 599 707 671 plene
723 596 1057 668 persuadere
1071 610 1270 661 senex,
1296 595 1570 650 interdum
1603 597 2027 653 condcseendenl

2146 603 2175 655 6
2204 603 2402 676 γέρων,
2437 606 2518 660 ότι
2553 607 2658 678 χρὴ
2689 608 2819 679 μίαν
2849 609 2871 642 ⁸
2906 611 3364 678 συγκαταϐαίνειν
3407 617 3520 678 τοῖς
3558 595 3721 672 66¢)-

469 690 606 748 dum
640 706 763 746 esse
789 688 1076 752 fratribus,
1100 687 1178 742 ait
1201 687 1278 742 illi
1306 686 1494 743 :‘Pone
1516 688 1768 758 sagittam
1820 689 1876 744 in
1906 704 2027 744 arcu

2146 699 2285 764 φοῖς,
2334 698 2481 767 λέγει
2510 701 2658 773 αὐτῷ
2676 719 2693 735 ο
2726 704 2864 758 Βάλε
2923 704 3074 775 βέλος
3101 708 3180 770 είς
3206 704 3265 761 τὺ
3285 707 3439 775 τόξον
3474 725 3591 773 σου,
3620 711 3719 764 καὶ

469 793 586 849 tuo,
642 797 708 838 ac
754 780 937 836 tende.
987 783 1165 850 Atque
1209 779 1286 834 ita
1319 778 1468 834 fecit.
1516 778 1659 834 Dicit
1695 779 1744 835 ei
1794 796 1811 832 -:
1851 780 2027 836 Adhm

2143 791 2319 844 τεῖνον
2339 808 2352 822 ·
2389 793 2483 845 καὶ
2508 794 2766 865 ἐποίησεν
2792 794 2983 859 οὕτως.
3011 797 3173 866 Λέγει
3201 793 3381 870 αὐτῷ’
3411 798 3581 853 Πάλιν
3606 804 3719 853 τεῖ-

466 876 652 933 tende.
686 875 752 929 Et
786 873 1035 929 tetendit.
1077 872 1273 928 Iterum
1324 873 1401 927 ait
1434 890 1448 927 :
1484 871 1693 929 Tende.
1743 872 2027 944 Respondit

2143 898 2232 935 vov
2254 895 2270 911 °
2296 883 2390 936 καὶ
2414 884 2633 941 ἔτεινεν.
2654 886 2758 940 Kal
2778 887 2940 944 πάλιν
2962 888 3123 960 φησί’
3152 890 3357 945 Τεῖνον.
3388 890 3550 959 Λέγει
3565 891 3718 963 αὐτῷ

465 976 699 1027 venator
725 987 740 1023 :
765 965 823 1022 Si
860 968 1002 1022 ultra
1042 979 1357 1021 mensuram
1402 965 1710 1031 tetendere,
1760 975 2045 1037 rumpetur

466 1075 650 1119 arcus.
677 1058 817 1114 Tum
844 1073 1009 1114 senex
1040 1073 1056 1110 :
1084 1056 1184 1122 Ita,
1222 1056 1419 1127 inquit,
1455 1057 1618 1112 etiam
1651 1057 1706 1111 in
1735 1057 1829 1113 Dei
1854 1072 2039 1129 opere,

467 1155 512 1212 si
537 1167 704 1224 supra
742 1165 1059 1206 mensuram
1089 1149 1487 1205 tetenderimus
1523 1163 1652 1221 erga
1683 1149 1905 1214 fratres,
1929 1150 2041 1206 cito

464 1244 809 1313 irangentur.
846 1239 1078 1311 Oportet
1123 1241 1291 1311 igitur
1323 1240 1608 1310 paululum
1649 1247 1705 1296 et
1751 1241 2040 1310 aliquoties

462 1335 730 1390 fratribus
749 1332 1216 1388 condescendere.
1273 1329 1372 1386 His
1398 1330 1601 1386 auditis
1633 1340 1861 1386 venator
1889 1345 2040 1385 com-

463 1429 762 1499 punctione
794 1426 998 1480 ductus
1045 1431 1163 1491 est;
1196 1424 1539 1493 multumque
1575 1436 1608 1475 a
1646 1437 1778 1477 sene
1824 1422 2036 1476 emolu-

461 1521 630 1574 menti
655 1517 903 1587 capiens,
926 1516 1212 1581 discessit;
1261 1514 1461 1570 fratres
1500 1514 1667 1569 etiam
1703 1511 2033 1580 continuati,

460 1609 665 1665 reversi
693 1615 821 1662 sunt
850 1608 903 1661 in
938 1605 1114 1660 locum
1137 1620 1320 1660 suum.

530 1697 617 1752 14.
649 1696 762 1766 (29)
804 1694 1027 1749 Audivit
1065 1693 1236 1747 abbas
1274 1690 1548 1747 Antonius
1578 1691 1647 1746 de
1690 1691 1926 1763 quodam
1955 1691 2037 1761 ju-

458 1792 614 1847 niore
641 1788 934 1853 Ionacho,
970 1786 1065 1856 qui
1096 1785 1168 1839 in'
1202 1785 1293 1839 via
1325 1783 1658 1838 miraculum
1717 1779 2031 1854 hujusmodi

455 1881 680 1937 fecerat.
713 1877 853 1932 Cum
906 1874 1135 1931 vidisset
1183 1888 1343 1929 senes
1378 1872 1644 1942 quosdam
1672 1874 1778 1928 iter
1810 1882 2032 1944 agentes

428 1979 618 2043 ‘atque
671 1968 1025 2039 defatigatos,
1073 1966 1297 2038 onagris
1348 1966 1519 2036 jussit
1562 1973 1623 2020 ut
1672 1967 1923 2021 venirent
1967 1982 2032 2022 ac

453 2070 738 2135 portarent
762 2074 945 2125 senes,
996 2058 1171 2114 donec
1204 2058 1586 2125 pervenissent
1611 2056 1679 2111 ad
1708 2057 2028 2111 Antonium.

452 2154 581 2210 Haec
605 2168 735 2224 ergo
764 2167 926 2207 senes
968 2150 1154 2205 abbati
1201 2149 1442 2204 Antonio
1487 2148 1835 2204 nuntiarunt.
1869 2147 1926 2202 Et
1955 2149 2031 2203 ait

452 2247 605 2304 illis:
637 2243 869 2299 Videtur
900 2241 1034 2297 mihi
1087 2241 1393 2295 monachus
1431 2240 1537 2296 iste
1574 2240 1851 2308 navigium
1908 2255 2031 2295 esse

450 2337 674 2408 plenum
706 2333 903 2399 bonis;
945 2329 1041 2388 sed
1070 2329 1258 2386 nescio
1287 2344 1357 2384 an
1400 2330 1467 2384 ad
1517 2338 1739 2400 portum
1772 2330 2026 2401 appellet.

451 2429 519 2485 Et
558 2435 681 2501 post
732 2427 1071 2496 aliquantum
1124 2422 1417 2494 temporis,
1469 2437 1598 2478 ecce
1639 2422 1822 2478 subito
1864 2422 2031 2489 coepit

451 2521 624 2578 abbas
645 2518 923 2574 Antonius
975 2514 1126 2582 flere,
1178 2515 1410 2584 capillos
1445 2513 1668 2576 vellere,
1716 2513 2025 2568 lamentari.

449 2613 653 2671 Dicunt
707 2610 759 2677 ei
819 2608 1077 2679 discipuli
1112 2607 1287 2677 ipsius
1324 2621 1339 2657 :
1369 2605 1542 2672 Quam
1574 2606 1645 2660 ob
1669 2620 1783 2661 rem
1820 2606 2026 2675 ploras,

451 2700 627 2758 abba?
650 2698 953 2771 Respondit
978 2710 1144 2752 senex
1177 2714 1190 2750 :
1224 2694 1383 2750 Modo
1423 2710 1621 2766 magna
1641 2693 1901 2751 Ecclesiae
1934 2710 2028 2750 co-

450 2793 637 2849 lumna
668 2790 890 2847 cecidit.
927 2787 1284 2860 Loquebatur
1310 2797 1489 2842 autem
1520 2786 1587 2842 de
1611 2786 1813 2857 juvene
1838 2803 2028 2843 mona-

448 2885 576 2941 cho.
610 2882 716 2938 Sed
749 2879 1186 2952 proficiscimini,
1220 2878 1422 2949 inquit,
1451 2893 1626 2949 usque
1659 2878 1726 2933 ad
1753 2879 1927 2945 illum,
1961 2894 2027 2934 ac

448 2974 629 3029 videte
658 2971 919 3042 quidnam
960 2969 1277 3040 contigerit.
1305 2969 1519 3023 Abeunt
1551 2984 1686 3041 ergo
1722 2970 1977 3041 discipuli
2008 2987 2023 3035 ;

449 3067 846 3135 iuveniuntque
891 3063 1218 3118 monachum
1271 3062 1328 3117 in
1377 3070 1548 3116 malta
1605 3061 1905 3127 sedentem,
1960 3077 2026 3117 ac

436 3159 667 3221 ﬂentem
697 3155 843 3227 quod
864 3154 1216 3210 commiserat
1241 3161 1552 3224 peccatum.
1585 3151 1821 3209 lutuitus
1845 3162 2023 3209 autem

449 3246 601 3306 senis
630 3247 951 3318 discipulos,
983 3245 1063 3300 ait
1095 3264 1110 3302 :
1156 3244 1334 3301 Dicite
1362 3244 1504 3309 seni,
1535 3252 1596 3299 ut
1624 3245 1793 3301 Deum
1835 3246 2029 3317 depre—

448 3349 628 3408 cetur,
655 3340 844 3394 decem
904 3338 1250 3396 solummodo
1273 3338 1392 3396 dies
1442 3340 1576 3396 mihi
1621 3342 1906 3407 concedat.
1965 3357 2031 3398 ac

450 3444 612 3500 spero
669 3427 818 3501 quod
861 3428 1222 3486 satisfaciam.
1271 3428 1381 3488 Sed
1424 3431 1570 3488 intra
1613 3433 1858 3506 quinque
1911 3432 2029 3489 dies

448 3523 607 3578 obiit.

519 3612 609 3668 15.
655 3610 771 3685 (30)
804 3611 1085 3668 Laudatus
1115 3610 1293 3669 fuerat
1313 3626 1344 3667 a
1366 3612 1633 3669 fratribus
1666 3614 1890 3686 quidam
1913 3628 2027 3670 mo-

450 3704 660 3759 nachus
688 3704 832 3774 apud
865 3703 1116 3760 abbatem
1141 3703 1462 3759 Antonium.
1495 3704 1596 3761 Hic
1643 3716 1826 3761 autem
1872 3706 2026 3760 illum

445 3810 573 3851 cum
602 3796 928 3853 accessisset
959 3797 1210 3861 tentavit,
1240 3810 1310 3850 an
1342 3795 1509 3852 ferret
1542 3797 1799 3868 injuriam
1835 3815 1849 3853 :
1879 3812 2029 3852 com-

447 3894 714 3959 pertoque
738 3887 886 3959 quod
915 3902 1027 3943 non
1059 3885 1332 3953 sull‘errct,
1358 3887 1434 3941 ait
1455 3888 1535 3943 illi
1573 3906 1589 3942 :
1625 3887 1837 3946 Similis
1857 3904 1919 3945 es
1946 3889 2029 3945 vi-

445 3988 536 4043 co,
571 3976 733 4048 cujus
774 3977 1052 4033 anteriora
1096 3976 1320 4047 quidem
1362 3986 1632 4032 exornata
1657 3988 1808 4045 sunt,
1842 3991 2028 4050 poste-

447 4068 599 4125 riora
627 4085 762 4126 vero
786 4084 817 4125 a
846 4068 1195 4140 pradonibus
1220 4067 1456 4140 direpta.

520 4156 609 4213 16.
649 4158 761 4227 (31)
799 4158 989 4215 Frater
1036 4159 1178 4215 dixit
1221 4159 1403 4215 abbati
1440 4161 1680 4217 Antonio
1715 4180 1729 4217 :
1761 4160 1871 4217 Ora
1929 4178 2028 4234 pro

448 4263 557 4303 me.
586 4248 676 4300 Ait
705 4247 782 4300 illi
813 4262 979 4303 senex
1001 4264 1016 4299 :
1040 4247 1152 4303 Nec
1173 4265 1274 4321 ego
1305 4251 1383 4306 tui
1412 4252 1699 4317 misereor,
1732 4268 1835 4309 nec
1859 4254 2024 4321 Deus,

448 4339 553 4394 nisi
586 4346 643 4392 tu
683 4352 901 4408 quoque
942 4352 1163 4407 operam
1204 4343 1513 4408 navaveris,
1545 4343 1825 4416 Deumque
1856 4346 2026 4401 fueris

452 4428 795 4501 deprecatus.

2140 972 2171 1025 6
2201 971 2468 1046 θηρευτής
2493 993 2510 1009 ο
2555 978 2678 1032 Ἐάν
2708 967 2850 1052 ὑπὲρ
2877 979 2939 1033 τὸ
2971 980 3167 1051 μέτρον
3220 980 3401 1045 τείνω,
3428 981 3622 1036 κλᾶται
3654 983 3718 1036 τὸ

2139 1064 2314 1133 τόξον.
2351 1067 2514 1136 Λέγει
2541 1068 2691 1140 αὐτῷ
2720 1071 2748 1123 6
2782 1070 2959 1142 γέρων
2978 1087 2993 1103 ’
3027 1069 3214 1135 Οὕτως
3242 1072 3336 1126 καὶ
3356 1073 3435 1135 είς
3459 1072 3521 1125 τὸ
3552 1072 3717 1144 ἔργον

2138 1157 2234 1210 τοῦ
2265 1158 2399 1212 Θεοῦ
2419 1174 2434 1191 ⁶
2460 1161 2554 1215 ἐὰν
2589 1161 2769 1216 πλεῖον
2799 1162 2892 1216 τοῦ
2920 1163 3121 1236 μέτρου
3154 1164 3417 1235 τείνωμεν
3442 1166 3584 1218 κατὰ
3605 1158 3720 1221 τῶν

2139 1245 2407 1317 ἀδελφῶν,
2447 1251 2586 1320 ταχὺ
2622 1252 3051 1322 προσρήσσουσι.
3109 1251 3230 1324 Χρὴ
3277 1249 3370 1307 οὖν
3421 1253 3547 1324 μίαν
3587 1262 3718 1324 μίαν

2139 1338 2595 1407 συγκαταϐαίνειν
2627 1344 2740 1404 τοῖς
2762 1341 3029 1412 ἀδελφοῖς.
3067 1342 3248 1395 Ταῦτα
3297 1342 3532 1407 ἀκούσας
3559 1345 3590 1396 6
3617 1343 3718 1415 θη-

2140 1430 2355 1501 ρευτὴς,
2386 1432 2679 1502 κατενύγη,
2733 1433 2827 1486 καὶ
2861 1432 3028 1486 πολλὰ
3075 1432 3376 1503 ὠφεληθεὶς
3429 1435 3577 1506 παρὰ
3617 1434 3715 1489 τοῦ

2134 1522 2412 1593 γέροντος,
2439 1524 2649 1595 ἀπῆλθε
2679 1536 2694 1554 ⁶
2725 1527 2818 1580 καὶ
2842 1525 2893 1579 οί
2925 1526 3146 1595 ἀδελφοὶ
3186 1525 3568 1598 στηριχθέντες
3620 1526 3719 1580 άν-

2137 1613 2426 1686 εχώρησαν
2458 1618 2538 1680 είς
2568 1617 2660 1669 τὸν
2685 1610 3079 1671 τόπονάὐτῶν.

2212 1705 2292 1759 ιδ’.
2326 1708 2595 1763 Ἤκουσεν
2624 1710 2652 1760 6
2673 1709 2846 1773 666:1;
2887 1710 3168 1773 ’Δντώνιος
3194 1710 3321 1782 περί
3345 1726 3491 1773 τινος
3518 1709 3710 1764 νεωτέ-

2142 1810 2235 1869 ρου
2294 1799 2551 1869 μοναχοῦ,
2621 1802 2949 1873 ποιήσαντος
3003 1802 3230 1872 σημεῖον
3278 1786 3335 1853 ἐν
3364 1804 3430 1872 τῇ
3459 1801 3562 1873 ὁδῷ
3586 1820 3600 1833 ο
3634 1803 3715 1867 ὡς

2137 1890 2329 1944 τούτου
2363 1889 2668 1963 ἑωρακότος
2703 1892 2965 1964 γέροντάς
3011 1909 3163 1957 τινας
3186 1894 3467 1959 ὁδεύοντας
3488 1894 3583 1947 καὶ
3614 1892 3716 1948 κά-

2147 1964 2375 2052 μνοντας
2407 1984 2465 2036 ἐν
2495 1985 2560 2054 τῇ
2587 1982 2710 2054 ὀδῷ,
2739 1984 2833 2036 καὶ
2860 1983 3125 2056 όνάγρους
3162 1984 3513 2048 ἐπιτάξαντος
3539 1984 3715 2037 ἐλθεῖν

2141 2075 2235 2127 καὶ
2268 2074 2536 2144 βαστάσαι
2578 2076 2706 2136 τοὺς
2742 2075 3024 2147 γέροντας,
3064 2075 3170 2140 ἕως
3201 2072 3264 2130 οὗ
3295 2075 3539 2144 φθάσωσι
3574 2071 3715 2145 πρὸς

2153 2166 2457 2221 Ἀντώνιον.
2514 2168 2577 2220 Οἱ
2622 2162 2716 2221 οὖν
2761 2168 3017 2239 γέροντες
3068 2167 3395 2239 άνήγγειλαν
3447 2166 3525 2237 τῷ
3567 2167 3716 2238 ἀϐϐᾷ

2152 2257 2421 2330 Ἀντωνίῳ
2441 2258 2632 2313 ταῦτα.
2660 2261 2770 2313 Kal
2788 2260 2933 2328 λέγει
2960 2260 3144 2323 αὐτοῖς
3162 2276 3177 2289 ο
3217 2259 3402 2313 Ἔοικέ
3436 2276 3524 2329 μοι
3552 2258 3581 2311 6
3613 2272 3715 2328 μσ-

2139 2350 2300 2420 ναχὸς
2328 2344 2483 2414 οὗτος
2510 2351 2692 2405 πλοῖον
2717 2348 2855 2405 εἶναι
2885 2352 3080 2424 μεστὸν
3108 2350 3348 2419 ἀγαθῶν,
3377 2351 3477 2404 οὐκ
3505 2346 3620 2403 οἶδα
3649 2348 3715 2402 δὲ

2139 2445 2188 2496 εί
2234 2443 2352 2515 ἥξει
2412 2446 2490 2509 είς
2529 2444 2622 2497 τὸν
2680 2442 2893 2511 λιμένα.
2933 2443 3043 2495 Kal
3072 2442 3211 2513 μετὰ
3251 2440 3440 2512 χρόνον
3484 2439 3717 2510 ἄρχεται

2138 2536 2397 2606 ἐξαίφνης
2441 2537 2470 2588 6
2519 2535 2694 2598 άϐϐἄς
2735 2533 3017 2597 Ἃντώνιος
3045 2532 3251 2587 κλαίειν
3279 2534 3374 2586 καὶ
3396 2532 3592 2585 τίλλειν
3612 2531 3716 2594 τὰς

2136 2634 2329 2704 τρίχας
2354 2630 2521 2687 αὐτοῦ
2562 2633 2654 2687 καὶ
2677 2631 2985 2704 ὀδύρεσθαι.
3011 2630 3273 2700 Λέγουσιν
3287 2628 3434 2700 αὐτῷ
3462 2629 3510 2681 οἱ
3534 2626 3715 2698 μαθη-

2135 2729 2227 2781 ταὶ
2260 2727 2425 2782 αὑτοῦ
2450 2745 2465 2759 θ
2494 2726 2558 2780 Τί
2596 2726 2825 2790 κλαίεις.
2870 2725 3054 2791 assa;
3088 2726 3196 2778 Kal
3225 2717 3378 2776 εἶπεν
3426 2724 3454 2775 6
3487 2722 3667 2792 γέρων
3690 2734 3709 2749 ⁶

2136 2822 2328 2890 Μέγας
2358 2820 2545 2885 στύλος
2572 2819 2672 2891 τῆς
2709 2818 3033 2891 Ἐκκλησίας
3075 2818 3199 2888 ἄρτι
3233 2816 3425 2869 ἔπεσεν
3454 2814 3625 2886 (ἔλεγε
3650 2812 3713 2866 δὲ

2129 2912 2264 2983 ’περὶ
2293 2910 2388 2963 τοῦ
2420 2910 2685 2981 νεωτέρου
2718 2907 2975 2979 μοναχοῦ)
2994 2925 3006 2937 ·
3041 2906 3175 2960 ἀλλὰ
3212 2905 3491 2967 ἀπέλθετε,
3521 2904 3709 2975 φησὶν,

2133 3002 2239 3066 ἕως
2290 3001 2480 3068 αὑτοῦ,
2531 3000 2624 3055 καὶ
2657 3000 2883 3071 βλέπετε
2934 2999 2994 3052 τὸ
3040 2997 3281 3067 γεγονός.
3348 2997 3712 3066 ’Λπέρχονται

2133 3088 2226 3148 οὗν
2253 3095 2303 3148 oi
2347 3094 2604 3165 μαθηταὶ,
2623 3090 2718 3145 καὶ⁵
2750 3091 3061 3163 εὑρίσκουσι
3089 3089 3181 3143 τον
3214 3086 3443 3160 μοναχὸν
3465 3086 3558 3140 ἐπὶ
3584 3085 3716 3157 ψια-

2053 3198 2097 3256 C
2129 3189 2246 3245 θίου
2281 3187 2612 3258 καθήμενον,
2639 3185 2734 3238 καὶ
2781 3183 3035 3237 κλαίοντα
3072 3182 3172 3251 τὴν
3209 3180 3480 3253 ἁμαρτίαν
3501 3180 3567 3251 ἣν
3589 3181 3712 3251 είρ--

2128 3278 2353 3348 γάσατο.
2401 3271 2694 3345 Ἐωρακὼς
2751 3272 2807 3326 δὲ
2856 3273 2980 3335 τοὺς
3015 3270 3260 3341 μαθητάς
3290 3270 3385 3323 τοῦ
3427 3269 3711 3341 γέροντος,

2129 3369 2277 3437 λέγει
2298 3385 2311 3399 ’
2349 3365 2556 3420 Εἴπατε
2588 3362 2668 3435 τῷ
2691 3364 2905 3436 γέροντι
2933 3363 3019 3416 ἵνα
3046 3362 3399 3433 παρακαλέσῃ
3428 3360 3519 3414 τὸν
3547 3360 3708 3426 Θεὸν,

2127 3458 2262 3513 δέκα
2309 3457 2473 3528 μόνας
2502 3456 2717 3528 ἡμέρας
2748 3453 2992 3508 ἐνδοῦναί
3027 3470 3137 3525 μοι,
3166 3452 3263 3506 καὶ
3283 3451 3484 3516 ἐλπίζω
3506 3450 3710 3506 ἀπολο-

2127 3547 2422 3619 γήσασθαι.
2477 3543 2590 3599 Kal
2618 3543 2769 3609 ἐντὸς
2800 3544 3018 3616 ἡμερῶν
3045 3543 3206 3597 πέντε
3259 3541 3629 3613 ἐτελεύτησεν.
3692 3541 3696 3544 ’

2203 3645 2286 3692 ιε’.
2337 3636 2602 3708 Ἐπῃνέθη
2631 3654 2715 3700 τις
2747 3636 2976 3707 μοναχδς
3005 3634 3109 3689 ὑπὸ
3136 3633 3245 3688 τῶν
3283 3633 3526 3702 ἀδελφῶν
3564 3633 3711 3707 πρὸς

2125 3737 2219 3785 τὸν
2248 3729 2422 3785 ἀὸϐἄν
2455 3727 2833 3783 Ἀντώνιον.”0
2865 3727 2921 3780 δὲ
2952 3726 3336 3798 παραϐαλόντα
3366 3725 3527 3780 αὑτὸν
3552 3726 3710 3778 ἐπεί-

2129 3837 2314 3896 ρασεν,
2347 3824 2395 3876 εί
2427 3821 2582 3893 φέρει
2609 3818 2861 3890 ἀτιμίαν
2898 3817 2992 3871 καί⁵
3021 3816 3196 3889 εὑρὼν
3226 3818 3307 3870 ὅτι
3338 3816 3398 3870 οὐ
3423 3815 3704 3886 βαστάζει,

2127 3915 2282 3969 εἶπεν
2315 3913 2494 3985 αὐτῷ·
2531 3915 2754 3974 Ἔοικας
2787 3910 2970 3984 κώμῃ,
2992 3911 3060 3963 τά
3088 3909 3394 3982 ἔμπροσθεν
3427 3910 3709 3964 κεκαλλω-

2127 4007 2388 4079 πισμένῃ,
2426 4005 2497 4060 τά
2522 4005 2578 4059 δὲ
2607 4004 2831 4059 ὄπισθεν
2860 4003 2964 4057 ὑπὸ
2988 4002 3199 4076 λῃστῶν
3234 4001 3560 4074 συλουμένῃ.

2201 4188 2296 4246 ις’.
2350 4178 2602 4250 ’Λδελφὸς
2625 4176 2745 4234 εἷπε
2774 4178 2853 4250 τῷ
2880 4179 3024 4251 esse
3050 4175 3318 4247 ’Λντωνίῳ
3336 4192 3350 4208 ·
3374 4169 3540 4243 Εὗξαι
3559 4176 3705 4250 ὑπὲρ

2127 4268 2282 4341 ἐμοῦ.
2314 4272 2476 4341 Λέγει
2504 4270 2650 4341 αὐτῷ
2686 4272 2715 4323 6
2744 4270 2923 4341 γέρων
2942 4283 2959 4300 ⁸
2983 4269 3116 4322 Οὐδὲ
3151 4266 3262 4337 ἐγώ
3302 4283 3360 4320 σε
3393 4266 3548 4331 ἐλεῶ,
3577 4269 3704 4321 οὐδὲ

2126 4364 2154 4416 6
2187 4361 2337 4424 Θεὸς.
2369 4362 2464 4415 ἐὰν
2498 4361 2573 4433 μὴ
2610 4361 2673 4413 σὺ
2710 4359 2870 4421 αὐτὸς
2895 4357 3219 4430 σπουδάσῃς,
3252 4356 3345 4411 καὶ
3383 4358 3714 4435 αἰτήσῃςτδιε

2126 4453 2283 4511 Θεόν.

518 4521 606 4574 17.
650 4519 764 4592 (32)
800 4520 1188 4577 Convenerunt
1232 4522 1528 4593 aliquando
1579 4541 1739 4583 senes
1769 4531 2017 4585 abbatem

2198 4537 2282 4602 ιζ’.
2324 4538 2637 4611 Παρέϐαλόν
2672 4554 2803 4590 ποτε
2836 4537 3091 4607 γέροντες
3114 4536 3192 4607 τῷ
3221 4536 3367 4607 άϐϐᾆ
3402 4537 3698 4607 Ἀντωνίῳ,

444 4612 767 4676 Antonium,
795 4618 1021 4681 eratque
1062 4627 1168 4665 una
1197 4627 1322 4667 cum
1352 4613 1463 4670 illis
1497 4616 1667 4673 abbas
1696 4617 1919 4689 Ioseph.
1955 4620 2021 4677 Et

444 4703 637 4758 volens
668 4717 835 4758 senex
865 4702 1101 4771 probare
1138 4717 1258 4769 eos,
1283 4718 1594 4762 sermonem
1635 4711 1921 4781 proposuit
1953 4728 2021 4768 ex

449 4791 1063 4866 Scriptura,c(epitque
1113 4799 1426 4866 percontari
1464 4814 1495 4853 a
1545 4803 1852 4879 minoribus
1894 4790 2021 4878 quis

440 4895 593 4942 esset
623 4901 806 4942 sermo
839 4887 955 4943 ille.
999 4886 1064 4941 Et
1095 4891 1477 4962 unusquisque
1502 4907 1600 4963 pro
1625 4894 1767 4951 virili
1799 4912 1898 4953 sua
1925 4917 2023 4955 ex-

438 4974 727 5044 planabat.
756 4976 937 5034 Senex
981 4988 1164 5035 autem
1206 4982 1439 5054 singulis
1469 4983 1688 5041 dicebat
1718 5005 1734 5043 :
1764 4986 2018 5047 Nondum

447 5067 727 5125 invenisti.
775 5069 908 5128 Post
954 5079 1184 5147 cunctos
1231 5075 1416 5130 abbati
1464 5074 1706 5148 Josepho
1752 5081 1829 5136 ait
1864 5101 1878 5136 :
1911 5081 2017 5148 Tu,

447 5159 579 5228 quid
607 5161 713 5216 sibi
740 5163 878 5218 velle
903 5162 959 5218 id
987 5150 1137 5220 verbi
1168 5167 1396 5223 censes?
1422 5165 1724 5238 Respondit
1756 5190 1770 5226 :
1795 5170 2017 5230 Nescio.

447 5246 672 5323 Excepit
721 5253 892 5308 abbas
940 5253 1265 5311 Antonius:
1301 5258 1537 5315 Omnino
1590 5262 1765 5318 abbas
1814 5262 2016 5338 Ioseph

444 5341 588 5395 viam
630 5343 857 5410 invenit,
888 5347 982 5417 qui
1015 5361 1076 5404 se
1102 5349 1319 5405 nescire
1346 5350 1635 5420 professus
1660 5361 1768 5411 est.

518 5495 541 5528 ι
576 5497 661 5550 Al.
683 5496 808 5552 add.
835 5500 931 5554 και
957 5500 1372 5574 ἐσκανδαλίσθη.
1448 5503 1472 5538 ι
1503 5504 1589 5560 Al.
1627 5506 1758 5577 μίαν
1793 5508 1943 5579 μίαν.

517 5656 631 5742 (_29_)
673 5658 782 5742 Xit.
815 5661 972 5742 Patr.
1009 5681 1155 5742 Διιιιι,
1219 5668 1292 5734 l;
1331 5668 1606 5728 Climacus
1661 5668 1843 5728 Gradu
1902 5674 2011 5742 15;

446 5721 633 5783 Schol.
662 5729 751 5795 Η,
777 5733 842 5785 ad
874 5732 1038 5788 Grad.
1064 5735 1122 5788 4.

517 5799 628 5867 (50)
683 5798 788 5857 Vit.
832 5802 984 5859 Patr.
1012 5820 1094 5874 ιιι,
1127 5804 1228 5875 88;
1266 5821 1385 5874 vm,
1413 5807 1468 5863 2.

406 5887 438 5904 ί.

2127 4629 2221 4681 καὶ
2251 4624 2320 4701 ἦν
2352 4631 2381 4682 6
2416 4629 2588 4690 ἀϐϐἅς
2621 4627 2815 4699 Ἰωσὴφ
2848 4626 2968 4698 μετ’
2991 4626 3190 4680 αὐτῶν.
3213 4629 3324 4681 Καὶ
3357 4627 3525 4683 θέλων
3552 4629 3580 4681 6
3600 4628 3700 4697 γέ-

2128 4736 2239 4791 ρων
2258 4719 2547 4790 δοκιμάσαι
2577 4718 2794 4781 αὐτοὺς,
2819 4717 3150 4789 προεϐάλετο
3176 4719 3329 4791 ῥῆμα
3352 4720 3412 4771 ἐκ
3432 4719 3532 4790 τῆς
3558 4719 3704 4789 Γρα-

2128 4813 2254 4883 φῆς,
2276 4812 2372 4865 καὶ
2400 4812 2604 4882 ἤρξατο
2629 4812 2837 4883 ἐρωτᾷν
2863 4812 2970 4866 ἀπὸ
2993 4813 3101 4866 τῶν
3125 4813 3478 4885 μικροτέρων,
3505 4813 3558 4865 τί
3581 4814 3700 4865 ἐστι

2126 4900 2192 4953 τὸ
2224 4899 2375 4971 ῥῆμα
2405 4899 2583 4955 τοῦτο.
2616 4902 2727 4955 Kal
2757 4901 2984 4966 ἕκαστος
3031 4902 3184 4971 ἔλεγε
3230 4903 3370 4956 κατὰ
3411 4902 3510 4975 τὴν
3561 4902 3699 4956 ἰδίαν

2127 4991 2379 5063 δύναμιν.
2406 4993 2464 5047 '0
2492 4993 2549 5046 δέ
2596 4994 2775 5065 γέρων
2820 4995 3034 5064 ἑκάστῳ
3065 4993 3280 5064 ἐλεγεψ
3323 4991 3489 5048 οὔπω
3517 4988 3697 5064 εὗρες.

2124 5083 2391 5156 ’Υστερον
2430 5085 2566 5139 ὅλων
2598 5085 2745 5155 λέγει
2794 5085 2872 5156 τῷ
2918 5085 3059 5158 ἀϐϐᾷ
3091 5086 3323 5157 Ἰωσήφ·
3357 5086 3429 5139 Σὺ
3459 5086 3577 5149 πιῖις
3609 5085 3698 5139 λέ-

2119 5192 2241 5245 γεις
2266 5173 2405 5231 εἶναι
2432 5177 2523 5231 τὸν
2546 5178 2704 5247 λόγον
2723 5177 2915 5232 τοῦτον
2936 5193 2952 5243 ;
2980 5174 3358 5250 ’Λποκρίνεται
3378 5195 3394 5209 ο
3421 5177 3534 5232 Οὐκ
3551 5174 3692 5233 οἶδα.

2120 5269 2284 5339 Λέγει
2306 5266 2401 5325 οὖν
2429 5272 2458 5323 6
2482 5253 2998 5336 ἀϐϐἄςᾌντὼνιος·
3032 5271 3254 5335 Πάντως
3288 5269 3462 5334 ἀϐϐᾶς
3495 5268 3695 5343 Ἰωσὴφ

2118 5355 2246 5433 εὗρε
2273 5361 2371 5432 τὴν
2403 5362 2542 5428 ὁδὸν,
2572 5363 2655 5417 ὅτι
2683 5358 2858 5432 εἶπεν,
2891 5364 3006 5417 Οὐκ
3038 5360 3176 5423 οἶδα.

2195 5671 2307 5737 (3t)
2359 5669 2461 5724 γη.
2499 5669 2652 5724 Patr.
2682 5685 2737 5726 κ.
2767 5667 2824 5737 3.

2194 5744 2309 5814 (δε)
2356 5740 2461 5795 γει.
2495 5739 2651 5823 Patr.
2678 5755 2767 5806 xv,
2794 5736 2853 5797 6.
