3976 6332
216 351 271 408 81
1341 352 1753 414 APOPIITIIEG
1763 359 1955 414 .IIATA
1992 359 2220 417 PATRU
2233 362 2298 416 Μ.
3397 371 3471 423 δε

279 470 362 536 ιη’.
417 460 661 536 ’Ᾱδελφόἳ
713 465 1023 538 παρέϐαλον
1077 469 1155 540 τῷ
1200 469 1344 542 ἁϐὁᾷ
1383 473 1652 547 Ἀντωνίῳ
1684 477 1792 532 ἀπὸ

1969 479 2052 535 18.
2095 479 2208 550 (55)
2247 476 2468 534 Fratres
2512 475 2766 532 abbatem
2814 475 3112 532 Antonium
3163 476 3475 534 inviserunt

221 557 474 630 Σκήτεως,
510 559 605 612 καὶ
631 559 900 631 ἐμϐάντες
926 563 1008 625 εἰς
1037 562 1218 617 πλοῖον
1249 565 1502 620 ἀπελθεῖν
1535 568 1673 640 πρὸς
1700 570 1792 624 αὑ-

219 650 318 717 ·ιὺν,
345 646 504 724 εὗρον
537 653 770 725 γέροντα
806 653 1027 708 θέλοντα
1055 657 1150 710 καὶ
1178 658 1337 712 αὐτὸν
1363 642 1616 714 ἀπελθεῖν
1649 663 1786 716 ἐκεῖ.

233 745 473 813 Ἦγνόουν
506 746 563 798 δὲ
595 747 758 800 αὑτὸν
788 748 840 800 οἱ
871 747 1111 818 ἀδελφοί.
1151 751 1261 804 Καὶ
1294 751 1592 822 καθήμενοι
1624 754 1682 806 ὲν
1713 753 1790 824 τῷ

220 836 372 907 πλοίῳ
397 836 619 891 ἐλάλουν
648 839 838 906 λόγους
868 839 1149 912 Πατέρων,
1185 842 1280 894 καὶ
1318 843 1382 895 ὲκ
1415 843 1516 913 τῆς
1546 844 1584 895 Γ
1591 845 1789 916 ραφῆς,

222 928 305 981 καὶ
351 929 513 982 πάλιν
555 929 682 1001 περὶ
723 931 1054 1002 ὲργοχείρων
1106 933 1336 991 ἑαυτῶν.
1372 934 1433 986 '0
1475 933 1531 987 δὲ
1575 935 1791 1005 γέρων⁸

219 1015 436 1071 ἐσιώπα.
455 1018 749 1072 Ἐλθόντων
780 1019 838 1072 δὲ
866 1020 1046 1074 αὐτῶν
1086 1021 1180 1075 ἐπὶ
1222 1021 1317 1076 τοῦ
1363 1023 1558 1098 ὅρμου,
1591 1022 1790 1098 εὑρέθη

218 1111 302 1163 καὶ
328 1111 356 1162 6
378 1110 557 1180 γέρων
582 1111 809 1178 ὑπάγων
842 1113 979 1182 πρὸς
1024 1113 1118 1166 τὸν
1164 1113 1338 1168 ἀόΰᾶν
1381 1114 1685 1170 Ἄντώνιον.
1705 1117 1793 1181 Ὠς

217 1200 269 1253 δὲ
295 1195 454 1272 ἦλθον
493 1202 630 1272 πρὸς
673 1203 855 1266 αὑτὸν,
899 1204 1046 1272 λέγει
1078 1207 1296 1270 αὐτοῖς·
1331 1207 1515 1279 Καλὴν
1549 1209 1793 1263 συνοδίαν

220 1290 416 1361 εὕρετε,
447 1291 538 1344 τὸν
567 1293 796 1364 γέροντα
824 1295 1034 1349 τοῦτον.
1068 1292 1203 1348 Εἷπε
1232 1297 1286 1349 δὲ
1313 1299 1405 1350 καὶ
1433 1297 1510 1370 τῷ
1538 1299 1756 1371 γέροντι
1776 1316 1790 1332 ⁸

219 1382 419 1446 Καλοὺς
449 1384 711 1453 ἀδελφοὺς
738 1379 897 1457 εὗρες
935 1387 1072 1458 μετὰ
1102 1387 1216 1451 σοῦ’,
1246 1389 1408 1444 assa.
1447 1391 1611 1460 Λέγει
1639 1393 1668 1446 ὁ
1696 1391 1792 1460 γέ·-

219 1489 344 1542 ρων·
379 1475 552 1527 Καλοὶ
598 1478 700 1547 μέν
731 1479 888 1543 εἰσιν,
925 1478 1098 1551 ἀλλ’ἢ
1134 1481 1272 1554 αὐλὴ
1303 1484 1485 1536 αὐτῶν
1532 1487 1635 1545 οὐκ
1679 1486 1793 1558 ἔχει

217 1564 395 1633 θύραν,
430 1567 527 1620 καὶ
562 1570 589 1619 6
639 1567 808 1622 θέλων
837 1570 1144 1640 εἰσέρχεται
1185 1574 1265 1636 εἰς
1301 1575 1392 1627 τὸν
1424 1575 1672 1641 σταῦλον,
1701 1577 1794 1637 καὶ

215 1653 323 1709 λύει
350 1656 439 1709 τὸν
461 1657 601 1712 ὃνον.
636 1659 808 1713 Τοῦτο
831 1662 888 1714 δὲ
912 1661 1115 1732 ἔλεγεν,
1144 1665 1228 1719 ὅτι
1253 1667 1321 1719 τὰ
1347 1667 1614 1740 ἐρχόμενα
1633 1673 1712 1736 εις
1735 1671 1794 1725 τὸ

217 1749 383 1820 στόμα
409 1752 590 1804 αὐτῶν
618 1753 869 1808 λαλοῦσιν
895 1755 940 1813 ⁸.

283 1927 366 1981 ιϐ’.
407 1929 724 2001 Παρέὄαλον
757 1933 979 2004 ἀδελφοὶ
1004 1936 1083 2008 τῷ
1111 1937 1254 2010 ἅὸσᾷ
1285 1939 1574 2012 Ἀντωνίῳ,
1601 1942 1694 1997 κα)¹
1715 1944 1805 2001 λέ-

217 2035 396 2085 γουσιν
443 2021 594 2092 αύτῷ
615 2041 628 2053 ·
674 2025 811 2078 Εἰπὲ
844 2029 979 2097 ἡμῖν
1004 2029 1183 2098 λόγον,
1219 2032 1336 2095 πῶς
1365 2029 1628 2105 σωθῶμεν
1652 2052 1667 2101 ;
1695 2035 1802 2090 Λέ-

217 2125 298 2176 γει
329 2111 513 2175 αὐτοῖς
560 2114 590 2164 6
627 2114 837 2185 γέρων-⁸
878 2119 1180 2174 Ἠκούσατε
1205 2122 1305 2195 τὴν
1329 2124 1582 2198 Γραφήν;
1623 2127 1804 2193 καλῶς

217 2200 339 2270 ύμῖν
365 2201 500 2272 ἔχει.
531 2205 593 2257 0i
625 2205 681 2258 δὲ
708 2201 858 2260 εἷπον
880 2225 894 2240 ’
932 2211 1042 2264 Καὶ
1070 2212 1222 2284 παρὰ
1252 2213 1348 2267 σοῦ
1376 2215 1603 2287 θέλομεν
1638 2218 1805 2272 ἀκοῦ-

219 2309 322 2359 σαι,
353 2295 557 2366 Πάτερ.
583 2295 718 2350 Εἷπε
749 2299 806 2352 δὲ
841 2302 1024 2367 αὐτοῖς
1051 2306 1079 2358 6
1101 2305 1279 2377 γέρων
1301 2324 1313 2338 ⁸
1345 2309 1510 2376 Λέγει
1535 2308 1595 2362 τὸ
1628 2311 1806 2381 Εὐαγ-

214 2384 390 2451 τέλιον
410 2404 422 2415 ·
470 2387 614 2441 Ἐάν
634 2391 729 2456 τις
757 2409 830 2446 σε
850 2395 1094 2465 pruriam
1136 2400 1224 2465 εἰς
1265 2397 1382 2468 τὴν
1430 2399 1639 2467 δεξιὰν
1669 2417 1804 2458 σια-

216 2478 377 2547 γόνα.
427 2482 700 2550 στρέψον
743 2484 904 2551 αὺτῷ
953 2487 1053 2541 καὶ
1099 2488 1214 2557 τὴν
1263 2490 1486 2560 ἀλλην.
1538 2493 1806 2562 Λέγουσιν

216 2572 358 2641 αύτῷ
383 2589 400 2603 ο
431 2575 508 2625 Οὐ
551 2575 829 2648 δυνάμεθα
871 2578 1033 2633 τοῦτο
1077 2581 1320 2654 ποιῆσαι.
1353 2584 1516 2654 Λέγει
1561 2586 1746 2650 αὐτοῖς
1777 2587 1806 2640 6

216 2662 391 2734 γέρων
413 2679 430 2695 ο
464 2665 527 2715 Εἰ
575 2667 647 2737 μὴ
691 2666 920 2722 δύνασθε
957 2672 1183 2743 στρέψαι
1219 2675 1312 2728 καὶ
1341 2675 1440 2746 τὴν
1474 2675 1663 2745 ἄλλην,
1703 2675 1806 2732 κᾶν

217 2753 310 2824 τὴν
347 2754 479 2822 μῖαν
525 2755 876 2828 ὑπομείνατε.
918 2762 1185 2830 Λέγουσιν
1238 2765 1420 2835 αὐτῷ’
1461 2767 1598 2820 Οὐδὲ
1649 2767 1807 2822 τοῦτο

215 2846 510 2921 δυνάμεθα.
546 2852 708 2920 Λέγει
735 2855 763 2905 6
788 2853 966 2924 γέρων
991 2871 1004 2884 ·
1039 2856 1100 2908 El
1127 2855 1249 2909 οὐδὲ
1274 2856 1435 2910 τοῦτο
1459 2856 1708 2922 δύνασθε,
1730 2860 1805 2933 μὴ

214 2940 326 2994 δότε
361 2943 482 2996 ἀνθ’
507 2937 568 2998 οὗ
598 2943 840 2996 ἐλάϐετε.
878 2945 988 2998 Καὶ
1039 2942 1223 3000 εἷπον·
1267 2949 1401 3002 Οὐδὲ
1444 2950 1602 3004 τοῦτο
1646 2951 1806 3006 δυνά-

219 3032 377 3101 μεθα.
428 3033 593 3103 Λέγει
635 3031 728 3088 οὖν
760 3038 789 3089 6
824 3036 1002 3107 γέρων
1031 3037 1107 3108 τῷ
1139 3039 1356 3111 μαθητῇ
1387 3043 1553 3096 αὐτοῦ
1573 3059 1589 3074 ·
1644 3043 1810 3114 Ποίηο

220 3125 341 3176 σον⁷
370 3126 562 3188 αὐτοῖς
584 3126 790 3199 μικρὰν
816 3128 1025 3200 ἀθὴραν
1044 3147 1058 3160 ⁸
1089 3130 1374 3186 ἀσθενοῦσι
1409 3134 1576 3205 γάρ.⁸
1602 3134 1808 3190 E1103-

219 3233 277 3268 το
306 3219 365 3270 ού
398 3217 653 3284 δύνασθε,
696 3221 915 3273 κάκεῖνο
941 3222 1002 3274 οὐ
1039 3221 1060 3254 ³
1091 3222 1300 3290 θέλετε,
1327 3223 1376 3276 τί
1406 3226 1536 3297 ὑμῖν
1561 3229 1805 3294 nomen);

218 3306 402 3376 Εύχῶν
417 3307 600 3376 χρεία.

286 3395 356 3450 κ’.
412 3399 668 3469 Ἀδελφὸς
701 3400 1111 3473 ἀποταξάμενος
1149 3403 1226 3477 τῷ
1260 3405 1448 3479 κόσμῳ
1477 3409 1570 3462 καὶ
1599 3409 1810 3474 διαδοὺς

219 3489 284 3543 τὰ
311 3491 625 3564 ὑπάρχοντα
654 3493 817 3546 αὑτοῦ
845 3498 1102 3566 πτωχοῖς,
1141 3501 1584 3570 παρακατασχὼν
1621 3501 1676 3554 δὲ
1714 3501 1815 3554 ὀλί-

217 3596 291 3647 γα
332 3583 414 3642 εἰς
460 3582 617 3650 λόγον
667 3583 884 3648 ἑαυτοῦ,
917 3585 1194 3652 παρέϐαλε
1227 3587 1304 3658 τῷ
1331 3588 1475 3661 ἁϐὄᾷ
1522 3589 1809 3660 ’Λντωνίῳ.

219 3673 328 3725 Καὶ
360 3673 523 3726 τοῦτο
561 3673 765 3744 μαθὼν,
800 3675 946 3744 λέγει
997 3677 1144 3749 αύτῷ
1193 3681 1222 3732 6
1263 3680 1473 3752 γέρων·
1530 3682 1592 3734 El
1639 3681 1815 3746 θέλεις

223 3765 456 3835 μοναχδς
495 3766 770 3832 γενέσθαι,
803 3769 1004 3823 ἄπελθε
1035 3773 1114 3834 εἰς
1145 3772 1299 3842 τήνδε
1339 3773 1436 3844 τὴν
1471 3772 1684 3845 κώμην,
1720 3775 1817 3828 καὶ

221 3857 496 3927 ἀγόρασον
524 3859 715 3929 κρέας,
747 3862 840 3913 καὶ
874 3862 1094 3934 περίθες
1114 3863 1192 3938 τῷ
1233 3863 1444 3934 σώματί
1476 3883 1566 3918 σου
1602 3866 1814 3938 γυμνῷ,

223 3949 316 4000 καὶ
347 3949 524 4012 οὕτως
566 3950 684 4003 ἐλθὲ
716 3952 970 4007 ἐνταῦθα.
1002 3955 1111 4006 Καὶ
1163 3957 1489 4024 ποιήσαντος
1521 3956 1694 4020 οὕτως
1721 3957 1816 4010 τοῦ

222 4039 480 4110 ἀδελφοῦ,
510 4043 563 4094 οι
604 4040 765 4107 κύνες
805 4046 900 4097 καὶ
933 4046 1001 4099 τὰ
1030 4032 1276 4117 δρνεᾶτὸ
1307 4047 1467 4118 σῶμα
1497 4048 1660 4102 αὑτοῦ
1690 4067 1820 4103 κατ-

221 4130 928 4207 ἑτεμνον.⁹Λπαντήσαντος
962 4137 1016 4190 δὲ
1065 4139 1229 4191 αὐτοῦ
1265 4139 1401 4209 πρὸς
1439 4139 1530 4194 τὸν
1563 4141 1818 4212 γέροντα,

224 4225 459 4278 ὲπύθετο
480 4227 529 4278 εἰ
557 4226 778 4295 γέγονεν
799 4227 876 4291 ὡς
909 4230 1342 4285 συνεϐούλευσεν.
1363 4231 1601 4286 Ἐκείνου
1624 4233 1680 4286 δὲ
1700 4235 1822 4287 ἑπι-

222 4315 581 4386 δεικνυμένου
615 4319 674 4372 τὸ
715 4319 873 4391 σῶμα
897 4321 1392 4392 διεσπαραγμὲνον,
1431 4323 1580 4393 λέγει
1609 4327 1637 4377 ό
1666 4325 1821 4395 ἅγιος

237 4405 554 4471 Ἀντὼνιοςο
579 4410 641 4462 Οἱ
671 4410 1070 4481 ἁποταξάμενοι
1095 4412 1172 4483 τῷ
1206 4412 1414 4484 κόσμῳ,
1452 4415 1546 4466 καὶ
1579 4414 1823 4479 θέλοντες

1897 570 1966 626 de
1996 571 2164 637 Sceti,
2194 579 2250 628 et
2272 569 2507 643 ingressi
2541 583 2736 625 navem
2765 576 2826 623 ut
2861 569 3004 624 irent
3031 569 3104 624 ad
3137 585 3286 636 eum,
3320 571 3477 626 inve-

1898 668 2099 717 nerunt
2129 678 2315 719 senem
2345 661 2441 733 qui
2483 661 2601 732 ipse
2630 660 2796 715 etiam
2839 659 2971 715 illuc
3014 659 3289 729 proficisci
3332 660 3480 716 volo-

1899 753 2011 808 bat.
2036 753 2321 809 Fratribus
2348 760 2532 810 autem
2565 765 2677 807 non
2704 757 2824 806 erat
2853 761 3038 806 notus.
3072 748 3336 806 Sedentes
3359 765 3482 820 por-

1899 861 1961 900 ro
1992 846 2048 900 in
2078 845 2226 911 navi,
2257 845 2626 916 loquebantur
2675 856 2962 899 sermones
2990 838 3239 904 Pal—rum,
3267 855 3483 896 necnon

1897 953 1962 992 ex
2011 937 2335 1009 Scripturis,
2366 947 2554 1008 postea
2601 935 2669 991 de
2721 935 3006 990 laboribus
3051 949 3314 988 manuum
3355 948 3482 988 sua-

1900 1044 2041 1083 rum.
2072 1030 2143 1083 At
2192 1045 2358 1085 senex
2412 1027 2652 1083 tacebat.
2684 1027 2824 1082 Cum
2860 1034 3042 1082 autem
3076 1025 3362 1080 venissent
3415 1024 3483 1079 ad

1899 1130 2140 1194 portum,
2171 1122 2548 1191 deprehensus
2595 1126 2684 1176 est.
2728 1121 2896 1174 etiam
2927 1133 3096 1174 senex
3129 1118 3197 1172 ad
3231 1117 3487 1172 abbatem

1899 1211 2196 1266 Antonium
2229 1209 2522 1282 proficisci.
2552 1207 2733 1278 thue
2786 1205 2855 1262 ad
2902 1220 3030 1261 eum
3081 1211 3376 1265 venerunt,
3411 1202 3490 1257 ait

1901 1304 2010 1358 illis
2043 1322 2057 1357 :
2097 1301 2304 1356 Bonum
2339 1301 2663 1356 comitatum
2699 1298 2844 1353 nacti
2891 1298 3048 1360 estis,
3083 1294 3232 1349 hunc
3275 1308 3486 1349 senem.

1900 1393 2048 1450 Dixit
2077 1407 2296 1462 quoque
2330 1394 2447 1448 seni
2479 1411 2492 1447 :
2524 1391 2738 1451 Probos
2769 1390 2970 1444 fratres
3001 1395 3180 1442 tecum
3211 1384 3486 1456 reperisti,

1901 1485 2038 1539 abba
2091 1483 2229 1538 Tum
2275 1499 2488 1540 senex:
2528 1483 2787 1538 Praeclari
2833 1481 3055 1551 quidem
3099 1485 3265 1544 sunt;
3300 1492 3489 1532 verum

1901 1577 2027 1632 aula
2068 1591 2256 1632 eorum
2297 1592 2406 1631 non
2443 1576 2605 1630 habet
2627 1575 2878 1643 januam,
2914 1580 2973 1628 et
3016 1572 3333 1642 quicunque
3375 1569 3494 1624 vult

1901 1670 2070 1725 intrat
2108 1669 2161 1724 in
2192 1668 2492 1729 stabulum,
2529 1681 2592 1720 ac
2621 1667 2784 1721 solvit
2817 1665 3059 1720 asinum.
3092 1662 3147 1718 Id
3180 1677 3312 1717 vero
3341 1662 3494 1717 dice-

1901 1762 2015 1824 bat,
2047 1761 2175 1832 quia
2205 1758 2473 1831 quidquid
2505 1758 2616 1814 illis
2643 1759 2698 1814 in
2734 1759 2963 1813 buccam
2997 1756 3272 1821 veniebat,
3300 1755 3494 1826 loque-

1825 1849 1870 1905 Β
1899 1855 2120 1910 bantur.

1979 1946 2063 2001 I9.
2105 1944 2220 2015 (54)
2261 1943 2542 2000 Venerunt
2563 1943 2762 1998 fratres
2790 1940 2858 1996 ad
2883 1941 3136 1996 abbatem
3161 1937 3490 2000 Antonium,

1904 2039 2166 2110 aiuntque
2194 2037 2244 2092 ei
2283 2036 2502 2092 :Eﬂ‘are
2557 2037 2720 2091 nobis
2772 2036 3020 2099 verbum,
3057 2048 3297 2103 quonam
3330 2029 3495 2085 modo

1905 2131 2041 2187 salvi
2077 2130 2331 2186 erimus?
2363 2129 2670 2200 Respondit
2721 2143 2888 2183 senex
2918 2141 2932 2179 :
2963 2124 3212 2180 Audistis
3243 2122 3495 2192 Scriptu-

1905 2215 2229 2279 ranﬂBene
2262 2220 2546 2276 vobiscum
2579 2222 2781 2290 agitur.
2825 2217 2893 2270 At
2925 2217 3003 2270 illi
3033 2219 3370 2283 exceperunt
3403 2230 3417 2266 :
3449 2213 3495 2265 A

1907 2323 1960 2370 te
1983 2313 2192 2382 pariter
2219 2311 2412 2367 audire
2441 2311 2717 2380 cupimus,
2751 2308 2936 2364 Pater.
2966 2306 3123 2361 Tunc
3155 2305 3219 2359 ad
3252 2304 3374 2359 illos
3401 2318 3493 2358 se-

1907 2422 2013 2462 nex
2055 2423 2069 2460 :
2107 2403 2286 2459 Verba
2321 2402 2604 2473 Evangelii
2640 2409 2770 2457 sunt
2807 2419 2821 2455 :
2858 2399 3058 2469 Siquis
3096 2406 3143 2451 te
3182 2394 3497 2465 percusserit

1907 2498 1962 2552 in
1987 2497 2258 2551 dexteram
2287 2495 2590 2556 niaxillam,
2627 2492 2800 2561 prwbe
2847 2492 2930 2545 illi
2981 2499 3031 2543 et
3059 2487 3371 2542 alterum“.
3406 2484 3500 2539 Di-

1908 2598 2040 2643 cunt
2066 2588 2115 2642 ei
2148 2607 2162 2642 :
2196 2587 2311 2642 Hoc
2342 2586 2522 2642 facere
2555 2599 2665 2639 non
2697 2598 3014 2655 possumus.
3047 2579 3260 2646 Quibus
3289 2591 3494 2632 senex:

1911 2679 1968 2733 Si
2005 2678 2232 2732 alteram
2264 2677 2506 2747 praebere
2559 2691 2668 2730 non
2721 2673 2977 2744 potestis,
3010 2672 3206 2725 saltem
3235 2683 3344 2725 una
3375 2682 3500 2737 per-

1909 2785 2074 2826 cussa
2123 2768 2370 2823 tolerate.
2424 2767 2595 2820 Aiunt
2632 2764 2682 2818 ei
2719 2782 2735 2818 :
2767 2762 2956 2832 Neque
3008 2761 3114 2814 hoc
3157 2773 3319 2830 agere
3353 2758 3499 2812 vale-

1909 2878 2053 2918 mus.
2102 2860 2236 2914 Dcin
2267 2874 2430 2914 senex
2459 2876 2473 2912 :
2511 2857 2572 2913 Si
2605 2870 2783 2928 neque
2817 2855 2923 2910 hoc
2952 2852 3172 2916 valetis,
3209 2851 3379 2906 nolite
3418 2849 3502 2905 fe-

1911 2953 2020 3008 rire
2053 2966 2151 3023 pro
2184 2966 2250 3005 eo
2278 2949 2426 3020 quod
2451 2947 2775 3019 vapulastis.
2814 2943 2898 2999 Illi
2935 2961 2949 3000 :
2984 2941 3174 3013 Neque
3209 2941 3266 2996 id
3304 2955 3502 3012 possu-

1910 3059 2054 3100 mus.
2102 3041 2245 3098 Dicit
2281 3042 2448 3113 igitur
2491 3055 2658 3096 senex
2692 3037 2968 3108 diseipulo
3011 3050 3113 3092 suo
3152 3032 3338 3090 :Para
3391 3033 3503 3089 illis

1911 3152 2133 3208 parvam
2179 3135 2422 3206 pultem;
2470 3132 2676 3188 etenim
2721 3134 3012 3200 aegrotant.
3063 3125 3309 3198 [Deinde
3363 3123 3504 3179 dixit

1909 3235 1992 3288 eis
2018 3229 2079 3303 :]
2111 3227 2170 3283 Si
2203 3229 2305 3282 hoc
2331 3242 2439 3282 non
2473 3223 2725 3297 potestis,
2766 3237 2945 3293 neque
2974 3218 3110 3275 illud
3148 3217 3338 3283 vultis,
3367 3215 3502 3287 quid

1913 3323 2110 3378 faciam
2134 3319 2335 3375 vobis?
2363 3316 2622 3388 Indigetis
2656 3314 2938 3387 precibus.

1980 3415 2072 3470 20.
2115 3414 2228 3486 (35)
2275 3409 2466 3466 Frater
2499 3409 2592 3480 qui
2626 3407 3037 3463 renuntiaverat
3067 3401 3293 3468 saeculo.
3326 3408 3380 3456 et
3405 3411 3506 3454 Sua

1913 3508 2250 3580 pauperibus
2271 3504 2660 3566 distribuerat,
2689 3501 2796 3557 sibi
2830 3497 3346 3555 tamen..retinucrat
3367 3507 3503 3564 pau-

1915 3615 2002 3662 ca,
2045 3597 2280 3653 accessit
2311 3595 2380 3650 ad
2411 3593 2664 3648 abbatem
2700 3589 3020 3647 Antonium.
3049 3586 3170 3653 Quo
3193 3592 3508 3654 comperto.

1917 3691 2055 3746 dixit
2087 3691 2136 3745 ei
2170 3703 2338 3745 senex
2373 3704 2386 3740 :
2427 3684 2486 3740 Si
2513 3684 2599 3740 vis
2631 3682 2938 3738 monachus
2971 3678 3110 3742 fieri,
3143 3691 3308 3748 perge
3342 3675 3410 3730 ad
3446 3674 3510 3726 il-

1918 3783 2029 3838 lum
2075 3783 2281 3845 vicum,
2318 3795 2439 3836 eme
2477 3792 2697 3841 carnes,
2735 3767 3371 3843 eireumponeeorporir
3410 3773 3509 3822 tuo

1920 3874 2090 3934 nudo.
2144 3872 2336 3941 sicque
2386 3868 2496 3923 huc
2527 3867 2671 3921 veni.
2699 3865 2836 3919 Cum
2871 3874 3002 3927 ergo
3031 3857 3108 3916 ita
3139 3855 3360 3916 fecisset
3391 3853 3506 3906 fra-

1921 3975 2023 4029 ter,
2054 3978 2219 4018 canes
2265 3969 2430 4032 atque
2473 3974 2601 4014 aves
2637 3970 2841 4025 corpus
2880 3953 3002 4019 ejus
3031 3947 3371 4008 lacerabant.
3402 3942 3509 3999 Oc-

1920 4063 2174 4108 cnrrente
2204 4059 2387 4106 autem
2411 4050 2505 4106 illo
2537 4047 2604 4100 ad
2633 4059 2844 4106 senem,
2878 4036 3239 4108 interrogavit
3272 4049 3400 4089 num
3425 4034 3509 4088 fcv

1921 4142 2087 4195 cisset
2140 4147 2199 4193 ut
2248 4139 2350 4209 ipsi
2394 4133 2687 4191 consilium
2736 4128 2982 4191 dederat,
3027 4125 3093 4184 Et
3136 4130 3426 4196 postquam
3460 4123 3508 4180 is

1922 4230 2258 4288 ostendisset
2305 4242 2507 4297 corpus
2553 4238 2714 4280 suum
2767 4221 3152 4280 dilaceratum,
3181 4216 3257 4270 ait
3282 4223 3508 4280 sanctus

1927 4320 2196 4381 Antonius
2232 4338 2246 4374 ;
2281 4317 2386 4385 Qui
2437 4313 2643 4370 mundo
2685 4309 3163 4372 renuntiaverunt,
3209 4304 3510 4374 voluntqun

1925 4412 2124 4467 habere
2148 4409 2430 4482 pecunias,
2453 4407 2600 4464 hunc
2629 4404 2686 4464 in
2717 4402 2941 4460 modum
2975 4395 3375 4461 adatmonibus
3407 4394 3511 4453 into

232 4493 380 4564 ἔχειν
417 4497 700 4568 χρήματα,
748 4497 924 4562 οὕτως
965 4499 1073 4552 ἀπὸ
1121 4499 1232 4553 τῶν
1279 4499 1549 4570 δαιμόνων
1587 4503 1808 4557 κατακό-

1930 4503 2151 4575 pngnati
2182 4499 2596 4568 discerpuntur.

229 4599 460 4639 πτονται
496 4587 916 4658 πολεμούμενοι.

297 4683 412 4729 κα’.
465 4677 704 4748 Ἀδελφῷ
734 4697 861 4732 ποτε
893 4681 1090 4753 συνέϐη
1122 4684 1426 4756 πειρασμὸς
1457 4683 1536 4746 εἰς
1557 4683 1617 4737 τὸ
1649 4683 1824 4738 κοινό-

228 4765 349 4819 διον
384 4767 482 4821 τοῦ
507 4769 652 4823 ἁϐϐᾶ
692 4771 842 4825 Ἦλῐτ
876 4773 919 4804 ⁸⁵
941 4790 956 4805 ·
981 4776 1075 4827 καὶ
1090 4775 1338 4846 διωχθεὶς
1354 4775 1561 4829 ἐκεῖθεν
1583 4777 1824 4848 ἀπῆλθεν

228 4860 310 4920 εἰς
344 4859 476 4930 ὅρος
518 4861 652 4933 πρὸς
698 4863 789 4917 τδν
839 4865 1014 4920 ἁῦϐᾶν
1054 4868 1356 4921 Ἄντώνιον.
1398 4869 1508 4921 Καὶ
1547 4869 1826 4939 μείναντος

226 4949 328 5002 τοῦ
358 4952 592 5021 ἀδελφοῦ
619 4955 811 5025 χρόνον
837 4957 972 5028 πρὸς
1006 4959 1190 5020 αὐτὸν,
1217 4959 1536 5012 ἀπέστειλεν
1566 4957 1726 5015 αὑτὸν
1746 4959 1825 5020 εἰς

227 5042 290 5094 τὸ
330 5043 603 5096 κοινόὸιον
644 5045 765 5099 ὅθεν
801 5046 979 5118 ἐξέϐη.
1019 5050 1081 5100 Οἱ
1112 5049 1169 5101 δὲ
1211 5049 1411 5111 ἰδόντες
1452 5048 1634 5111 αὐτὸν,
1663 5049 1824 5104 πάλιν

229 5132 496 5198 ἐδίωξανο
542 5135 573 5187 6
620 5136 676 5190 δὲ
705 5137 987 5209 ἁνέκαμψε
1013 5140 1146 5216 πρὸς
1185 5140 1274 5194 τὸν
1307 5140 1480 5194 ἀόὅᾶν
1519 5139 1823 5206 Ἀντώνιον,

229 5223 410 5293 λέγων
431 5244 445 5258 ·
481 5228 599 5280 Ούκ
627 5229 899 5299 ἠθέλησαν
931 5249 997 5302 με
1025 5231 1301 5296 δέξασθαι,
1331 5231 1534 5302 Πάτερ.
1555 5231 1827 5284 Ἀπέστει-

231 5313 322 5369 λεν
347 5314 444 5371 οὗν
484 5320 514 5371 6
547 5319 724 5390 γέρων
765 5321 973 5389 λέγων·
1028 5323 1217 5376 Πλοίον
1265 5322 1604 5391 ἐναυάγησεν
1645 5323 1703 5374 ὲν
1749 5321 1828 5392 τῷ

233 5407 485 5476 πελάγει,
515 5411 611 5464 καὶ¹
642 5411 892 5465 ἀπώλεσε
919 5413 1010 5466 τὸν
1038 5414 1226 5483 γόμον,
1263 5413 1358 5467 καὶ
1388 5412 1527 5484 μετὰ
1579 5413 1827 5483 καμάτου

1995 4680 2082 4741 21.
2126 4678 2239 4750 (56)
2278 4675 2518 4746 Contigit
2540 4671 2839 4742 aliquando
2867 4665 3280 4724 fratritentatio
3310 4663 3364 4718 in
3393 4675 3512 4717 cte-

1928 4772 2094 4828 nobio
2117 4771 2332 4826 abbatis
2354 4768 2516 4833 Elite;
2549 4781 2614 4819 ac
2637 4762 2902 4832 expulsus
2936 4757 3085 4824 inde,
3115 4757 3248 4812 abiit
3277 4755 3332 4809 in
3355 4767 3514 4807 mon-

1930 4872 2036 4919 tem
2098 4863 2166 4920 ad
2231 4862 2480 4918 abbatem
2545 4853 2869 4913 Antonium.
2909 4850 3160 4920 Cumque
3214 4845 3512 4901 mansisset

1930 4955 2074 5027 apud
2101 4969 2224 5010 eum
2257 4952 2426 5006 frater
2463 4964 2561 5020 per
2598 4947 2822 5018 aliquod
2849 4953 3086 5011 tempus,
3116 4938 3329 4996 remisit
3355 4937 3510 5027 illum

1933 5023 1986 5098 in
2034 5042 2349 5100 cmnobinm
2409 5037 2553 5094 unde
2607 5051 2866 5108 egressus
2903 5034 3103 5088 fuerat.
3135 5030 3207 5081 At
3250 5023 3511 5080 monachi

1932 5137 2111 5208 ipsum
2163 5133 2369 5198 intuiti,
2402 5132 2598 5190 iterum
2631 5131 2954 5199 ejecerunt;
2987 5123 3036 5177 is
3065 5134 3195 5177 vero
3227 5115 3296 5208 ad
3337 5114 3512 5170 abba-

1933 5207 2039 5281 tem
2094 5225 2394 5279 Antonium
2446 5236 2704 5278 reversus
2733 5227 2840 5283 est,
2874 5215 3122 5284 dixitque
3155 5229 3168 5264 :
3202 5207 3514 5263 Noluerunt

1934 5336 2021 5376 me
2065 5319 2366 5388 suscipere,
2398 5314 2576 5369 Pater.
2615 5313 2799 5382 Itaque
2853 5307 3008 5364 misit
3055 5317 3242 5367 senex,
3272 5300 3512 5356 dicens:

1935 5409 2100 5465 Navis
2133 5411 2196 5468 in,
2221 5409 2411 5480 pelago
2441 5405 2786 5475 naufragium
2838 5399 2986 5463 fecit,
3021 5395 3316 5470 amisitque
3362 5402 3514 5446 mer-

306 5522 653 5598 ξΑΑΙ-ηἱιιεετ.
685 5525 792 5579 ἀεί.
852 5526 985 5598 [ΑΙ.
1012 5527 1367 5598 εἰσερχόμενα
1397 5528 1474 5590 εἰς
1495 5527 1690 5592 αὐτοὺς
1721 5530 1808 5584 ἐλά

1916 5544 1962 5583 ν.
2038 5530 2058 5561 τ
2093 5527 2178 5581 AI.
2212 5527 2324 5588 τοῖς
2353 5521 2620 5590 ἀδελφοῖς.
2696 5518 2719 5552 ⁸
2745 5515 2830 5572 Al.
2863 5513 2990 5571 add.
3016 5510 3282 5580 καὶλέγει
3300 5504 3510 5570 αὐτοῖς.

238 5584 259 5614 ⁹
289 5593 378 5648 Al.
412 5594 670 5650 δύνασθε.
747 5597 791 5628 ¹⁰
825 5597 1025 5652 Ἠλίου.
1106 5584 1146 5630 ίί
1168 5584 1370 5655 ’Μτειιιικ
1408 5584 1471 5653 γ’
1493 5598 1578 5654 59.

307 5705 426 5843 ἒόὄὶ
490 5705 595 5756 Vit.
631 5703 782 5760 Patr.
812 5721 883 5764 Iv.
917 5705 965 5776 II.

335 5776 426 5843 56)
481 5774 587 5829 Vit.
627 5774 776 5830 Patr.
812 5789 886 5843 Iv,
923 5777 965 5829 Il

335 5776 426 5846 δε)
481 5774 587 5829 νει.
627 5774 776 5830 Patr.
812 5789 886 5843 Iv,
923 5774 1004 5831 Η.

2005 5699 2116 5768 (55)
2167 5697 2272 5768 νὴ.
2297 5695 2452 5768 Patr.
2489 5707 2570 5754 nt.
2603 5690 2700 5768 6_8;
2733 5705 2803 5760 Iv,
2842 5689 2895 5749 ι.

2010 5765 2122 5842 (56)
2173 5767 2276 5822 γει.
2311 5766 2463 5821 Patr.
2507 5779 2585 5835 ιχ,
2614 5765 2665 5819 I.
