3974 6332
464 353 537 409 83
1635 350 1975 407 APPENDIX
2016 353 2058 406 Α

2181 351 2566 411 ιΑιιΑοιωι.
3663 332 3751 418 ει

465 486 563 528 ces
605 486 757 534 suas,
789 479 842 524 et
883 469 974 524 vix
1006 469 1060 522 iu
1092 476 1293 523 terram
1321 465 1470 522 salva
1500 465 1745 536 appulit;
1788 482 1885 521 vos
1915 481 2046 520 vero

2182 468 2329 541 σώθη
2361 470 2455 524 ἐπὶ
2479 470 2579 542 τὴν
2607 470 2743 541 γῆν-
2773 472 2929 543 ὑμεῖς
2947 471 3004 526 at
3029 471 3095 526 τὰ
3129 471 3368 528 σωθέντα
3389 471 3485 527 ἐπὶ
3508 472 3608 545 τὴν
3630 459 3737 545 γῆν

465 578 588 635 quae
615 562 685 618 ad
721 570 924 617 terram
956 566 1173 615 servata
1204 558 1426 612 fuerunt
1461 557 1628 612 vultis
1666 557 2040 626 submergere.

465 656 548 713 Illi
600 670 766 727 porro
816 652 1215 723 comperientes
1261 648 1407 720 quod
1450 649 1520 703 ab
1565 648 1761 703 abbate
1813 648 2047 727 Antonio

464 726 673 804 missus
712 745 929 807 fuisset,
963 743 1147 799 statim
1180 757 1306 798 eum
1344 747 1688 810 receperunt.
2003 726 2009 731 ’

534 840 626 896 22.
670 837 785 909 (57)
829 835 975 891 Dixit
1029 835 1198 891 abbas
1251 833 1525 889 Antonius
1569 851 1585 888 :
1633 833 1847 903 Reputo
1900 833 2045 903 quod

470 948 671 1003 corpus
704 931 903 986 habeat
933 928 1229 983 motionem
1263 927 1569 983 naturalem
1598 927 1702 997 ipsi
1736 932 2049 995 contempe-

472 1032 670 1087 ratam,
697 1023 792 1079 sed
848 1021 1070 1077 nolente
1119 1020 1324 1086 animo,
1355 1035 1464 1075 non
1513 1027 1805 1090 operatur;
1835 1027 2047 1072 tantum

466 1115 677 1171 indicat
711 1114 766 1168 in
793 1126 1025 1182 corpore
1053 1119 1261 1167 motum
1291 1112 1412 1168 sine
1436 1111 1709 1182 passione.
1742 1109 1838 1164 Est
1865 1116 2046 1164 autem

467 1217 523 1263 et
564 1206 672 1261 alia
720 1205 911 1268 motio,
942 1219 1010 1258 ex
1053 1204 1355 1259 nutritione
1398 1204 1754 1272 fomentoque
1800 1201 2050 1271 corporis

466 1312 567 1369 per
599 1297 784 1350 cibum
816 1309 881 1349 ac
915 1302 1144 1366 potum;
1182 1295 1330 1350 unde
1356 1294 1644 1366 sanguinis
1673 1293 1826 1348 calor
1848 1306 2050 1362 corpus

467 1390 671 1447 excitat
700 1390 768 1444 ad
794 1388 1191 1459 operationem.
1223 1385 1405 1454 Quare
1438 1386 1738 1457 Apostolus
1781 1384 2005 1455 scripsit
2031 1401 2045 1437 :

469 1479 654 1536 Nolite
682 1479 939 1534 inebriari
963 1479 1101 1542 vino,
1129 1478 1182 1532 in
1211 1493 1312 1548 quo
1347 1486 1424 1532 est
1447 1475 1765 1529 luxuria‘“.
1790 1473 2053 1528 Rursum-

468 1588 578 1644 que
624 1572 890 1628 Dominus
940 1571 993 1625 in
1046 1569 1340 1640 Evangelio
1384 1567 1675 1639 discipulis
1724 1566 2051 1636 praecipiens

469 1666 656 1723 dixit:
701 1666 899 1728 Videte,
936 1680 1000 1718 ne
1049 1664 1186 1732 forte
1231 1668 1517 1731 graventur
1566 1658 1731 1713 corda
1782 1668 1955 1713 vestra
1996 1658 2052 1710 in

471 1759 692 1828 crapula
742 1768 792 1812 et
837 1757 1087 1813 ebrietate
1104 1754 1168 1809 ¹¹.
1200 1752 1300 1810 Est
1332 1761 1388 1809 et
1411 1754 1519 1807 alia
1547 1753 1723 1808 motio
1767 1752 1824 1806 in
1859 1751 1927 1806 iis
1958 1749 2049 1820 qui

2154 559 2336 614 θέλετε
2368 562 2782 619 καταποντίσαι.
2818 561 2880 616 Οἱ
2927 562 2984 617 δὲ
3024 563 3356 628 ἀκούσαντες
3382 567 3465 619 ὃτι
3500 567 3529 620 6
3560 565 3739 631 ἀϐϐἇς

2165 651 2449 718 Ἀντώνιος
2497 653 2660 711 αὐτὸν
2705 654 3042 721 ἀπέστειλεν,
3088 654 3290 720 εὐθέως
3336 656 3584 726 ἐδέξαντο
3633 658 3737 714 αὺ-

2152 746 2264 801 τόν.

2223 839 2327 910 κβ’.
2368 836 2536 894 Εἶπεν
2565 842 2593 894 ό
2629 839 2805 905 eaea;
2839 839 3155 906 Ἀντώνιος·
3184 841 3484 914 Λογίζομαι
3510 842 3593 898 ὅτι
3625 841 3743 914 ἔχει

2152 931 2213 984 τὸ
2240 931 2399 1003 σῶμα
2425 931 2637 1005 κίνησιν
2665 933 2902 1004 φυσικὴν
2934 937 3401 1006 συναναφυρεῖσαν
3422 934 3598 1006 αὐτῷ’
3623 933 3741 989 ἀλλ’

2154 1022 2254 1076 οὐκ
2289 1025 2520 1094 ἐνεργεῖ,
2561 1025 2636 1096 μὴ
2688 1024 2948 1097 θελούσης
2978 1026 3079 1099 τῆς
3105 1025 3282 1099 ψυχῆς
3306 1043 3321 1056 ’
3363 1030 3523 1099 μόνον
3551 1027 3610 1082 δὲ
3643 1044 3746 1100 ση-

2159 1115 2339 1185 μαίνει
2369 1119 2426 1170 ὲν
2458 1115 2537 1188 τῷ
2567 1114 2777 1186 σώματι
2802 1118 2986 1189 ἀπαθῆ
3014 1119 3412 1190 κίνησιν.Ἔστι
3439 1118 3495 1172 δὲ
3523 1119 3619 1173 καὶ
3647 1119 3748 1175 ἀλ·-

2154 1206 2223 1278 λη
2247 1204 2478 1273 κίνησις,
2503 1207 2567 1260 ἐκ
2593 1206 2690 1260 τοῦ
2715 1208 2934 1281 τρέφειν
2961 1209 3056 1263 καὶ
3076 1208 3303 1263 θάλπειν
3324 1210 3385 1264 τὸ
3415 1209 3576 1282 σῶμα
3601 1209 3747 1282 βρώ-

2159 1315 2292 1370 μασι
2329 1299 2422 1352 καὶ
2440 1298 2678 1370 πόμασιν
2698 1316 2712 1330 ·
2742 1300 2802 1365 ἐξ
2825 1293 2899 1354 ὧν
2928 1303 2962 1373 ἡ
2988 1300 3163 1374 θέρμη
3187 1301 3280 1355 τοῦ
3303 1302 3532 1374 αἵματος
3551 1301 3751 1371 διεγείο

2161 1406 2241 1459 ρει
2266 1390 2328 1444 τὸ
2361 1391 2520 1463 σῶμα
2551 1393 2685 1466 πρὸς
2714 1393 3008 1465 ἐνέργειαν.
3049 1392 3141 1447 Διὸ
3175 1393 3269 1447 καὶ
3313 1393 3495 1463 ἔλεγεν
3519 1396 3548 1447 6
3581 1394 3750 1449 ’Λπό-

2160 1479 2372 1545 στολος·
2408 1484 2465 1535 Μ
2473 1483 2506 1550 ὴ
2535 1484 2917 1552 μεθύσκεσθε
2950 1481 3199 1547 οινῳ,ὲν
3224 1474 3275 1549 ᾧ
3301 1482 3475 1537 ἐστιν
3493 1483 3747 1539 ἀσωτία.

2158 1570 2269 1624 Kal
2292 1571 2453 1625 πάλιν
2482 1573 2511 1625 6
2540 1571 2745 1645 Κύριος
2774 1573 2831 1625 ὲν
2855 1573 2933 1645 τῷ
2966 1573 3282 1644 Εὑαγγελίῳ
3315 1577 3428 1637 τοῖς
3478 1574 3751 1644 μαθηταῖς

2160 1661 2536 1733 ἐντελλόμενος
2572 1659 2691 1717 εἷπε
2712 1681 2725 1693 ·
2757 1663 3019 1719 Βλέπετε
3064 1664 3299 1735 μήποτε
3321 1664 3674 1736 ,ϐαρηθῶσιν
3701 1666 3751 1699 ⁸⁸

2160 1754 2328 1825 ὑμῶν
2353 1757 2415 1809 αἱ
2454 1755 2689 1825 καρδίαι
2731 1756 2802 1810 ἐν
2826 1756 3126 1827 κραιπάλῃ
3164 1759 3261 1811 καὶ
3296 1757 3471 1828 μέθῃ.
3494 1758 3651 1812 Ἔστι
3688 1757 3753 1812 δέ

470 1853 528 1907 in
561 1827 725 1920 hujus
754 1849 879 1906 vita
907 1863 1082 1920 agone
1106 1846 1412 1912 decertant,
1444 1859 1569 1916 qum
1613 1860 1681 1900 ex
1729 1842 1944 1899 insidiis
1987 1856 2052 1896 ac

2181 1864 2238 1911 ἰς
2266 1848 2359 1902 καὶ
2386 1848 2549 1919 ἑτέρα
2574 1847 2789 1919 κίνησις
2831 1851 2943 1912 τοῖς
2967 1848 3406 1920 ἀγωνιζομένοις.
3438 1847 3498 1913 ἐξ
3526 1847 3751 1901 ἐπιϐου-

472 1941 676 1996 invidia
700 1940 1010 1994 daemonum
1054 1937 1390 2008 supervenit.
1421 1934 1610 2005 Itaque
1640 1935 1784 1991 scire
1813 1939 2049 2004 oportet,

472 2041 587 2088 tres
639 2046 763 2087 esse
813 2028 1145 2100 corporales
1197 2036 1416 2093 motus;
1472 2042 1643 2081 unum
1704 2025 2051 2091 naturalem,

474 2124 643 2179 alium
677 2138 743 2178 ex
783 2124 1101 2193 promiscuo
1131 2136 1239 2178 usu
1269 2120 1539 2187 ciborum,
1566 2119 1790 2175 tertium
1820 2116 2055 2188 denique

475 2233 507 2272 a
538 2215 898 2272 dmmonibus.

473 2346 481 2352 ρ
545 2308 639 2364 25.
682 2308 793 2380 (58)
836 2306 981 2361 Dixit
1018 2307 1237 2372 iterum,
1265 2304 1436 2361 Deum
1465 2318 1573 2358 non
1600 2300 1891 2357 demittere
1917 2297 2059 2354 bella

472 2399 922 2469 tentationesque
975 2398 1032 2453 in
1083 2405 1300 2453 aetatem
1362 2396 1526 2461 hanc,
1592 2390 2057 2465 quemadmodum

478 2489 623 2560 apud
660 2490 917 2558 antiquos
948 2507 963 2543 :
1000 2488 1146 2544 scire
1175 2486 1321 2542 enim
1350 2485 1601 2540 homines
1631 2497 1781 2538 nunc
1810 2480 2061 2537 inﬁrmos

476 2599 628 2646 0350,
664 2597 765 2673 nec
799 2595 959 2652 posse
988 2588 1232 2652 portare.

546 2675 640 2731 24.
683 2666 1002 2729 Revelatum
1033 2679 1119 2727 est
1155 2672 1209 2726 in
1245 2671 1541 2728 solitudine
1585 2669 1768 2725 abbati
1799 2666 2061 2730 Antonio,

480 2782 603 2825 esse
636 2767 872 2836 aliquem
903 2765 956 2819 in
993 2764 1127 2819 urbe
1154 2764 1255 2834 ipsi
1288 2763 1546 2827 similem,
1579 2760 1922 2832 professione
1950 2772 2064 2814 me-

483 2861 691 2922 dicum,
720 2861 813 2929 qui
846 2857 1111 2929 quidquid
1140 2854 1401 2927 superﬂui
1443 2852 1761 2926 possidebat
1789 2850 1946 2905 daret
1978 2849 2063 2903 in-

483 2951 819 3023 digentibus,
847 2957 902 3004 et
932 2948 1180 3020 quotidie
1198 2946 1510 3018 Trisagium
1539 2959 1664 3000 eum
1689 2942 1896 3014 angelis
1920 2940 2067 3012 psal-

485 3046 643 3100 ieret.

2155 1938 2257 2009 λῆς
2283 1940 2378 1993 καὶ
2414 1938 2609 2009 φθόνου
2642 1939 2912 2011 δαιμόνων
2950 1939 3332 2012 ὲπιγινομένη,
3367 1938 3509 1993 ὥστε
3546 1938 3752 1992 εἰδέναι

2155 2030 2253 2096 δεῖ,
2287 2031 2369 2084 ὅτι
2405 2033 2551 2102 τρεῖς
2586 2032 2693 2085 εἱσι
2722 2032 3036 2103 σωματικαὶ
3071 2032 3337 2103 κινήσεις,
3385 2029 3486 2101 μία
3519 2029 3618 2101 μὲν
3648 2046 3755 2098 φυ-

2160 2121 2309 2191 σικὴ.
2330 2120 2493 2190 ἑτέρα
2516 2120 2573 2174 δὲ
2595 2120 2655 2185 ἐξ
2679 2118 3001 2193 ἀδιαφορίας
3025 2119 3244 2193 τροφῶν
3272 2119 3407 2191 (ιο),
3444 2122 3478 2193 ἡ
3506 2119 3562 2173 δὲ
3588 2118 3755 2191 τρίτη

2159 2212 2268 2267 ἀπὸ
2296 2211 2584 2282 δαιμόνων.

2232 2311 2337 2373 κγ’.
2381 2299 2515 2357 Eii-.5
2544 2303 2727 2371 πάλιν,
2758 2303 2842 2358 ὃτι
2882 2305 2911 2358 6
2951 2303 3083 2368 Θεὸς
3108 2304 3208 2357 οὐκ
3232 2302 3383 2374 ἀφίει
3418 2297 3545 2367 τοῦς
3583 2298 3755 2355 πολέ-

2166 2412 2297 2467 μους
2336 2395 2428 2447 ἐπὶ
2470 2394 2570 2466 τὴν
2599 2393 2791 2463 γενεὰν
2834 2394 3063 2464 ταύτην,
3100 2393 3290 2467 ὥσπερ
3344 2394 3438 2447 ἐπὶ
3483 2391 3592 2446 τῶν
3643 2392 3756 2460 ἀρ-

2163 2487 2350 2559 χαίων.
2383 2482 2505 2541 Οἶδε
2540 2486 2649 2559 γὰρ
2676 2487 2758 2540 ὅτι
2794 2480 3041 2550 ἀσθενεῖς
3087 2487 3194 2540 εἱσι
3228 2486 3323 2539 καὶ
3353 2485 3413 2538 οὐ
3452 2481 3761 2556 βαστάζου-

2165 2596 2269 2634 σιν.

2237 2670 2335 2724 κδ’.
2377 2669 2467 2741 Τῷ
2500 2668 2643 2741 ἀὸδᾷ
2672 2668 2941 2740 Ἀντωνίῳ
2968 2666 3329 2739 ἀπεκαλύφθη
3359 2667 3417 2720 ὲν
3443 2669 3510 2739 τῇ
3535 2667 3757 2740 ἐρήμῳ.

2165 2761 2247 2814 ότι
2293 2759 2383 2813 Ἑν
2416 2762 2482 2832 τῇ
2511 2759 2665 2813 πόλει
2694 2760 2810 2814 ἔστί
2832 2777 2917 2825 τις
2943 2758 3128 2831 ὅμοιός
3162 2775 3264 2819 σοι.
3295 2757 3477 2830 ἰατρὸς
3503 2757 3600 2828 τὴν
3628 2757 3764 2810 ἑπι-

2169 2856 2405 2926 στήμην,
2448 2853 2546 2925 τὴν
2603 2853 2917 2927 περισσείαν
2961 2850 3126 2907 αὐτοῦ
3175 2850 3352 2913 διδοὺς
3405 2850 3517 2911 τοῖς
3562 2848 3764 2919 χρείαν

2167 2944 2371 3016 ἔχουσι,
2398 2945 2491 2998 καὶ
2524 2945 2707 2997 πᾶσαν
2750 2942 2848 3015 τὴν
2881 2941 3094 3015 ἡμέραν
3119 2941 3182 2995 τὸ
3211 2938 3505 3012 Τρισάγιον
3537 2935 3767 3008 ψάλλων

2174 3036 2312 3109 μετά
2341 3035 2452 3091 τῶν
2488 3033 2758 3104 ἀγγέλων.

557 3135 651 3190 25.
691 3132 906 3187 Dictum
932 3129 1146 3186 abbatis
1175 3129 1388 3187 Antonii
1427 3146 1442 3184 :
1477 3125 1642 3185 Venit
1690 3133 1929 3196 tempus,
1957 3139 2062 3194 quo

2243 3132 2340 3184 κε’.
2380 3124 2549 3181 Εἶπεν
2585 3128 2615 3181 6
2645 3125 2819 3190 ἀὸδᾶς
2856 3122 3170 3190 Ἀντώνιος,
3219 3122 3301 3177 ὅτι
3333 3123 3593 3194 Ἔρχεται
3635 3137 3768 3175 και-

490 3225 743 3282 homines
798 3222 1094 3285 insanieut,
1124 3227 1181 3277 et
1225 3234 1347 3275 cum
1382 3217 1621 3273 viderint
1666 3216 1903 3287 aliquem
1957 3230 2066 3268 non

487 3319 765 3379 insanum,
799 3315 1087 3384 insurgent
1120 3313 1384 3367 adversus
1414 3310 1592 3373 illum,
1625 3309 1874 3365 dicentes
1920 3328 1936 3365 :
1985 3305 2069 3360 Tu

489 3407 737 3470 insanis;
769 3420 835 3460 eo
867 3404 1013 3475 quod
1036 3404 1170 3473 ipsis
1200 3401 1397 3459 similis
1423 3416 1532 3456 non
1564 3401 1655 3457 sit.

562 3498 654 3553 26.
696 3495 920 3551 Fratres
950 3502 1324 3550 convenerunt
1372 3494 1622 3548 abbatem
1648 3491 1972 3557 Antonium,
2007 3505 2071 3546 ac

493 3588 843 3659 protulerunt
890 3586 967 3641 illi
1019 3586 1393 3641 testimonium
1426 3583 1745 3639 eLevitico.
1802 3581 2073 3653 Egressus

492 3685 686 3751 itaque
726 3687 812 3735 est
858 3693 1023 3735 senex
1070 3678 1126 3733 in
1175 3692 1443 3743 eremum,
1469 3677 1610 3732 clam
1652 3684 1911 3746 sequente
1945 3691 2070 3731 eum

499 3774 695 3829 abbate
715 3773 1001 3838 Ammona,
1030 3771 1123 3842 qui
1147 3768 1596 3826 consuetudinem
1628 3769 1803 3838 ipsius
1826 3775 2070 3821 noverat.

499 3863 566 3918 Et
616 3862 808 3934 procul
860 3877 1030 3919 senex
1080 3860 1384 3932 profectus.
1420 3872 1575 3915 stans
1619 3859 1687 3912 ad
1742 3859 2070 3921 orationem,

497 3960 755 4014 clamavit
787 3973 919 4015 voce
950 3972 1145 4029 magna
1175 3976 1188 4013 :
1219 3955 1385 4021 Deus,
1415 3955 1637 4027 Moysen
1663 3956 1837 4017 mitte,
1866 3954 1959 4024 qui
1988 3969 2075 4010 me

496 4052 691 4108 doceat
720 4052 773 4107 id
802 4052 1109 4107 oraculum.
1145 4049 1284 4104 Tum
1329 4048 1478 4103 venit
1528 4046 1597 4101 ad
1640 4062 1763 4103 eum
1808 4061 1914 4101 vox
1949 4061 2074 4101 cum

497 4142 622 4211 ipso
669 4145 1008 4212 colloquens.
1038 4141 1186 4196 Dixit
1239 4141 1405 4212 igitur
1453 4139 1622 4195 abbas
1666 4138 1989 4203 Ammonas,
2018 4152 2079 4193 se

496 4231 715 4301 quidem
744 4232 985 4287 audiisse
1013 4249 1201 4287 vocem
1229 4248 1352 4287 cum
1383 4233 1504 4304 ipso
1526 4232 1861 4305 loquentem,
1884 4246 2075 4287 verum

502 4321 778 4379 sermonis
808 4322 917 4374 vim
958 4335 1066 4374 non
1098 4323 1457 4379 intellexisse.

570 4414 663 4468 2⁸1.
705 4411 843 4466 Tres
869 4410 1060 4467 Patres
1094 4411 1345 4467 solebant
1380 4413 1611 4482 singulis
1640 4416 1799 4469 annis
1841 4414 1907 4468 ad
1949 4415 2079 4469 bea—

2174 3218 2287 3291 ρδς,
2318 3218 2404 3271 ῖνα
2432 3217 2482 3271 οἰ
2514 3215 2790 3288 ἄνθρωποι
2821 3213 3052 3287 μανῶσι,
3077 3214 3171 3266 κα)⁵
3193 3212 3330 3266 ὲπάν
3361 3212 3512 3269 ἴδωσί
3535 3230 3657 3267 τινα
3682 3212 3769 3283 μὴ

2173 3310 2518 3381 μαινόμενον,
2553 3311 3015 3379 ἐπαναστήσονται
3058 3305 3208 3378 αὑτῷ
3245 3305 3515 3376 λέγοντες,
3559 3306 3643 3360 ὃτι
3685 3306 3769 3360 Σὺ

2175 3402 2362 3474 μαίνῃ,
2392 3400 2481 3454 διὰ
2507 3401 2567 3454 τδ
2604 3400 2679 3473 μὴ
2704 3396 2846 3454 εἶναι
2879 3401 3065 3471 ὅμοιον
3097 3400 3304 3465 αὐτοῖς.

2246 3499 2359 3560 κε’.
2414 3492 2659 3562 Ἀδελφοὶ
2694 3491 3001 3564 παρέϐαλον
3046 3491 3125 3563 τῷ
3148 3491 3299 3564 ἀδὸᾆ
3339 3491 3632 3563 ’Δντωνίῳ,
3662 3492 3771 3546 καὶ

2178 3582 2331 3641 εἶπον
2363 3585 2514 3658 αὐτῷ
2547 3587 2697 3659 ῥῆμα
2728 3584 2823 3638 τοῦ
2857 3585 3165 3640 Δευῖτικοῦ.
3183 3584 3438 3656 Ἐξῆλθεν
3473 3580 3565 3639 οὖν
3601 3587 3630 3640 6
3665 3585 3773 3654 γέ-

2177 3700 2285 3756 ρων
2335 3682 2416 3745 εἰς
2459 3679 2559 3752 τὴν
2614 3679 2837 3751 ἔρημον,
2869 3679 2962 3733 καὶ
3008 3677 3374 3750 ἠκολούθησεν
3402 3675 3550 3747 αὐτῷ
3586 3676 3773 3740 ἀϐὃᾶς

2186 3775 2481 3845 Ἀμμωνᾶς
2526 3772 2731 3845 κρυφῆ,
2766 3770 2921 3835 είδὼς
2962 3770 3060 3843 τὴν
3111 3769 3398 3842 συνήθειαν
3426 3767 3613 3824 αὐτοῦ.
3653 3770 3773 3823 Kal

2179 3865 2462 3937 μακρύνας
2488 3864 2622 3918 πολὺ
2652 3866 2681 3917 6
2714 3864 2913 3936 γέρων,
2948 3861 3080 3927 στὰς
3114 3863 3193 3926 είς
3225 3861 3537 3933 προσευχὴν
3563 3859 3771 3933 ἔκραξε

2177 3961 2327 4031 φωνῇ
2361 3957 2603 4030 μεγάλῃ·
2643 3955 2702 4011 '0
2734 3954 2888 4018 Θεὸς,
2919 3953 3235 4010 ἀπόστειλον
3268 3954 3360 4007 τὸν
3384 3954 3644 4024 Μωῦσῆν,
3671 3954 3773 4008 καὶ

2177 4050 2376 4118 διδάξει
2414 4068 2481 4122 με
2513 4050 2574 4103 τὸ
2605 4050 2672 4121 ρῆ
2681 4066 2757 4120 μα
2785 4046 2963 4101 τοῦτο.
2991 4047 3101 4100 Kal
3126 4042 3289 4117 ἦλθεν
3314 4043 3465 4116 αὐτῷ
3495 4042 3646 4115 φωνὴ
3671 4042 3776 4097 λα-

2178 4142 2345 4198 λοῦσα
2382 4144 2498 4214 μετ’
2525 4141 2711 4198 αὐτοῦ.
2740 4136 2909 4194 Εἶπεν
2937 4135 3031 4194 οὖν
3062 4140 3090 4193 6
3120 4136 3294 4201 ἀόὅᾶς
3327 4137 3644 4208 ’Δμμωνᾶς,
3684 4137 3775 4191 ὅτι

2179 4234 2289 4308 Τὴν
2322 4235 2418 4307 μὲν
2451 4234 2634 4305 φωνὴν
2661 4232 2871 4304 ἤκουσα
2898 4229 2997 4301 τὴν
3022 4226 3292 4284 λαλοῦσαν
3322 4226 3439 4300 μετ’
3463 4224 3775 4297 αὑτοῦ,τὴν

2180 4328 2238 4381 δὲ
2268 4326 2500 4396 δύναμιν
2531 4323 2623 4379 τοῦ
2653 4323 2813 4391 λόγου
2844 4323 2945 4376 οὐκ
2973 4320 3198 4390 ἔμαθον.

2254 4418 2354 4483 κζ’.
2396 4418 2557 4489 Τρεῖς
2606 4415 2713 4470 τῶν
2767 4412 3027 4484 Πατέρων
3055 4410 3198 4484 εἶχον
3227 4410 3348 4477 ἔθος
3373 4410 3493 4466 κατ’
3519 4407 3770 4462 ἐνιαυτὸν

503 4513 617 4559 tum
646 4501 943 4556 Antonium
975 4499 1287 4571 proficisci;
1323 4515 1387 4554 ac
1434 4501 1544 4555 duo
1577 4502 1798 4572 quidem
1828 4502 2062 4559 sciscita-

2184 4506 2417 4574 ὑπάγειν
2455 4505 2591 4577 πρὸς
2637 4502 2729 4558 τὸν
2770 4501 3039 4574 μακάριον
3082 4497 3397 4554 Ἀντώνιον·
3426 4499 3521 4554 καὶ
3568 4500 3618 4551 oi.
3671 4498 3775 4569 μὲν

504 4598 705 4652 bantur
740 4594 916 4664 ipsum
949 4592 1018 4647 de
1047 4591 1479 4663 cogitationibus
1524 4601 1579 4647 et
1620 4594 1802 4649 salute
1847 4594 2080 4660 animae;

507 4689 703 4744 tertius
741 4701 891 4752 vero,
924 4686 1138 4741 tacebat
1177 4684 1424 4750 omnino,
1456 4700 1559 4740 nec
1598 4684 1896 4755 quidquam
1925 4699 2086 4756 roga-

506 4782 621 4835 bat.
652 4779 837 4849 ltaque
863 4785 986 4848 post
1020 4777 1248 4832 multum
1278 4782 1517 4847 tempus,
1554 4777 1630 4832 ait
1655 4776 1731 4831 illi
1769 4774 1939 4831 abbas
1970 4775 2085 4830 An»

2184 4596 2279 4651 δύο
2310 4594 2543 4667 ἠρώτων
2571 4592 2732 4647 αὐτὸν
2759 4591 2887 4663 περὶ
2910 4588 3189 4661 λογισμῶν
3229 4589 3326 4644 καὶ
3364 4586 3637 4661 σωτηρίας
3667 4588 3778 4658 ψυ-

2187 4687 2319 4758 χῆς·
2363 4689 2391 4740 ό
2430 4685 2485 4738 δὲ
2532 4680 2611 4749 εἷς
2643 4680 2883 4737 πάνταίδ
2909 4678 3121 4735 ἐσιώπα
3152 4678 3317 4751 μηδὲν
3345 4677 3584 4751 ἐρωτῶν.
3619 4678 3778 4732 Μετά

2188 4780 2245 4833 δὲ
2274 4778 2440 4832 πολὺν
2467 4775 2657 4849 χρόνον
2684 4774 2833 4844 λέγει
2861 4772 3010 4845 αὐτῷ
3038 4774 3067 4827 ό
3091 4771 3266 4835 ἀὸϐἄς
3293 4768 3604 4832 Ἀντώνιος·
3640 4768 3779 4824 Ἰδοὺ

509 4870 693 4925 tonius
726 4887 739 4925 :
778 4868 915 4923 Ecce
950 4884 981 4921 a
1021 4875 1173 4923 tanto
1213 4875 1460 4938 tempore
1512 4868 1619 4923 huc
1667 4867 1842 4935 venis,
1881 4882 1981 4922 nec
2021 4867 2062 4922 (ιι

2187 4868 2443 4924 τοσοῦτον
2469 4868 2659 4940 χρόνον
2693 4868 2837 4939 ἔχεις
2864 4866 3156 4939 ἐρχόμενος
3180 4857 3305 4929 ὧδε,
3340 4860 3436 4915 καὶ
3467 4859 3618 4915 οὐδὲν
3645 4859 3782 4931 ἱρω-

510 4975 784 5030 quoquam
816 4960 1122 5027 interrogas
1154 4974 1258 5013 me.
1287 4957 1427 5013 Tum
1459 4959 1801 5031 respondens
1830 4958 1965 5014 dixit
1995 4959 2042 5012 ei
2067 4977 2077 5011 :

512 5048 642 5104 Mihi
667 5048 721 5104 id
748 5065 918 5105 unum
950 5048 1166 5111 sullicit,
1195 5048 1376 5115 Pater,
1410 5051 1555 5121 quod
1592 5060 1645 5105 te
1679 5050 1855 5106 video.

581 5140 673 5195 28.
718 5142 831 5214 (39)
869 5142 1101 5198 Aiebant
1132 5142 1423 5214 quemdam
1476 5159 1666 5198 senum
1695 5160 1725 5198 a
1761 5142 1868 5199 Deo
1896 5154 2088 5215 postu-

2193 4961 2293 5031 τᾷς
2322 4976 2408 5031 με.
2440 4958 2550 5012 Καὶ
2579 4957 2899 5030 ἀποκριθεὶς
2926 4952 3078 5008 εἶπεν
3110 4952 3262 5023 αὑτῷ
3282 4971 3296 4984 ·
3342 4951 3527 5022 ’Δρκεῖ
3555 4967 3647 5021 μοι
3683 4951 3782 5021 μό-

2197 5067 2284 5103 νον
2312 5050 2463 5104 τοῡ¹⁵
2498 5049 2716 5119 βλέπειν
2747 5065 2827 5115 σε,
2859 5046 3060 5115 Πάτερ.
3186 5113 3194 5121 ,

2272 5148 2380 5214 κη’.
2424 5142 2669 5210 Ἔλεγον,
2709 5142 2798 5194 ὅτι
2839 5155 2922 5202 τις
2970 5137 3075 5192 τῶν
3108 5135 3375 5207 γερόντων
3403 5132 3657 5207 ἠρώτησε
3688 5131 3785 5186 τὸν

538 5220 660 5289 asse
697 5235 777 5288 uti
810 5233 1019 5289 videret
1064 5233 1295 5304 Patre‘s;
1346 5250 1410 5290 ac
1458 5235 1663 5291 vidisse
1706 5236 1852 5302 illos,
1894 5244 2061 5308 praete

2198 5232 2330 5288 Θεὸν
2359 5232 2488 5285 ἰδεῖν
2516 5229 2644 5294 τοὺς
2670 5227 2919 5302 Πατέρας
2938 5244 2953 5259 ο
2982 5227 3077 5281 καὶ
3103 5220 3242 5281 εἶδεν
3271 5224 3469 5289 αὐτοὺς
3500 5222 3669 5296 χωρὶς
3686 5221 3784 5277 τοῦ

588 5383 658 5419 ⁸⁸⁸
686 5384 888 5457 Ephes.
921 5404 974 5452 ν,
1011 5388 1097 5446 i8.
1174 5391 1218 5421 ¹²
1258 5388 1390 5445 Luc.
1424 5406 1535 5453 xxi,
1567 5390 1658 5446 31.
1735 5391 1779 5423 ¹³
1818 5391 1902 5446 Al.
1937 5370 2062 5463 βαρ.

2181 5407 2292 5446 νσιν.
2374 5390 2418 5421 ⁸⁸
2459 5388 2543 5442 Al.
2576 5385 2827 5440 πάντοτε.
2907 5384 2951 5417 ⁸⁸
2978 5383 3063 5439 Al.
3106 5382 3185 5439 τό.

620 5536 712 5610 3'1)
763 5539 869 5610 fit.
895 5537 1049 5610 Patr.
1079 5558 1131 5609 v,
1164 5542 1215 5597 i.

532 5634 541 5641 -
591 5608 708 5674 (38)
761 5608 861 5666 Vit.
895 5609 1048 5665 Patr.
1077 5608 1130 5675 κ,
1161 5615 1214 5667 4.

654 5678 710 5747 9)
744 5678 804 5733 [ι.
833 5680 1133 5746 Moschum,
1156 5697 1204 5736 c.
1240 5683 1358 5738 l28.

531 5823 539 5832 .
597 5748 733 5833 μοι
752 5749 857 5813 Ἐξ
885 5749 1232 5833 ἀδιαφορίας
1258 5756 1509 5833 magster.
1539 5756 1821 5833 Invenerat
1844 5758 2062 5833 Pciagiu

2209 5748 2443 5822 videtur,

530 5823 583 5877 in
614 5819 803 5877 codice
837 5834 958 5886 suo,
1003 5823 1067 5875 ὲκ
1100 5819 1475 5897 πληροξρορέας
1525 5832 1756 5900 τροφῶν,
1792 5832 1940 5888 Alias
1980 5819 2098 5885 ἶιοιι

2206 5544 2550 5629 reddidisset,
2575 5558 2639 5627 et:
2664 5541 2989 5629 plenil‘agine
3017 5540 3273 5629 riserunt.
3305 5538 3364 5595 In
3394 5537 3660 5629 Operibns
3681 5550 3783 5629 au:

2206 5626 2313 5671 tem
2355 5615 2623 5685 Ephrmmi
2781 5612 2907 5676 587,
2940 5629 2997 5666 ιι.
3059 5611 3114 5678 7,
3172 5611 3440 5680 interpres
3497 5611 3786 5679 praesentis

2208 5685 2666 5808 Apophthezmatia
2729 5681 2872 5745 abet,
2902 5697 2967 5736 ex
2989 5680 3190 5764 delectu
3220 5681 3474 5749 ciborum,
3502 5684 3649 5752 quod
3663 5692 3786 5736 esse

2209 5757 2443 5808 videtur.
2508 5773 2541 5808 κ
2577 5754 2840 5808 διατορᾶς
2869 5768 3107 5808 τοοφων.

2508 5773 2541 5808 κ
2577 5768 2662 5808 οια
2672 5768 2840 5825 φορας
2869 5768 3107 5824 τροφων.
