3976 6332
475 341 548 401 87
1451 417 1456 423 _
1642 355 1988 417 APPENDIX
2026 357 2118 411 AD
2155 358 2580 420 PALLADIUM.
3677 384 3747 439 88

471 475 586 532 quo
617 475 789 530 usque
827 461 909 516 sol
944 460 1012 516 ad
1040 475 1298 519 occasum
1333 465 1595 534 venisset,
1623 470 1696 524 ita
1729 471 1946 529 loculus
1971 482 2043 527 e5I

2158 490 2256 527 σαν
2288 476 2388 553 τὴν
2423 477 2627 548 ἔρημον
2665 479 2772 543 ἕως
2797 471 2858 534 οὗ
2883 481 3056 538 ἐλθεῖν
3086 481 3242 539 δῦναι
3270 486 3362 541 τὸν
3387 487 3562 557 ἥλιον,
3593 488 3747 559 λέγει

474 551 644 608 abbas
669 550 970 607 Antonius:
997 552 1254 618 Oremus,
1286 563 1451 626 atque
1474 558 1563 612 hic
1593 568 1904 616 statuamus
1928 576 2055 615 cru-

474 658 614 708 cem,
646 651 706 697 ut
744 644 942 698 ibidem
973 645 1242 702 aediﬁcent
1274 649 1368 718 qui
1395 647 1666 705 aediﬁcare
1695 653 1914 720 volunt;
1947 668 2055 728 quo

472 735 509 788 ii
549 735 641 804 qui
673 735 787 789 illic
815 737 1137 804 manebunt,
1166 740 1388 808 quando
1422 741 1489 796 ad
1515 757 1610 799 eos
1639 745 1728 813 qui
1757 744 1845 799 hic
1876 761 2056 802 versa-

471 824 579 878 turi
613 831 743 880 sunt
769 825 1031 882 accedere
1065 829 1362 895 voluerint,
1390 837 1609 901 gustata
1642 832 1708 886 ad
1737 832 1926 886 horam
1959 848 2055 887 no-

471 928 597 967 nam
642 929 810 983 parva
861 931 960 971 sua
991 917 1215 981 huccea,
1250 919 1332 973 sic
1360 919 1659 986 accedant;
1700 933 1753 977 et
1787 923 1882 992 qui
1925 923 2053 977 hinc

471 1005 614 1059 idem
671 1003 938 1060 facientes
990 1008 1359 1076 perrexerint,
1394 1008 1451 1062 in
1505 1018 1695 1064 mutua
1742 1012 2054 1067 visitatione

471 1099 682 1168 absque
707 1100 906 1153 mentis
942 1099 1303 1156 distractione
1334 1109 1704 1171 perseverent.
1743 1102 1839 1158 Est
1868 1111 2052 1160 autem

471 1189 815 1244 intervallum
871 1189 1111 1260 lapidum
1143 1191 1457 1248 duodecim.

542 1276 632 1332 55.
671 1278 854 1333 Abbas
903 1278 1181 1336 Antonius
1230 1282 1370 1336 dixit
1409 1301 1423 1336 :
1471 1282 1577 1350 Qui
1626 1300 1864 1341 massam
1922 1285 2052 1342 ferri

471 1369 730 1437 percutit,
764 1369 918 1438 prius
966 1381 1152 1428 mente
1198 1382 1418 1444 reputat
1465 1377 1730 1445 quidnam
1765 1377 2053 1433 confectu-

471 1474 569 1514 rus
598 1460 689 1524 sit,
726 1459 938 1526 falcem,
968 1464 1230 1534 gladium,
1261 1467 1522 1522 securim.
1574 1467 1650 1522 lta
1679 1484 1780 1525 nos
1809 1485 2047 1540 quoque,

470 1552 776 1621 recogitare
825 1553 1110 1623 debemus,
1153 1557 1460 1626 cujusmodi
1496 1558 1754 1617 virtutem
1799 1563 2060 1634 aggredi--

472 1659 628 1710 mur;
665 1660 732 1700 ne
758 1645 1068 1704 laboremus
1099 1647 1154 1701 in
1183 1663 1407 1704 vanum.

540 1735 631 1791 56.
676 1735 828 1790 Hanc
862 1752 1082 1807 quoque
1113 1741 1444 1798 sententiam
1478 1745 1704 1813 protulit
1733 1765 1746 1800 :
1779 1745 2051 1804 Ohedien-

469 1827 544 1881 tia
577 1841 701 1880 cum
728 1829 1081 1896 abstinentia,
1111 1831 1256 1888 feras
1292 1833 1609 1892 hominibus
1641 1838 1882 1908 subiicit.

512 1918 631 1972 '57.
672 1916 912 1974 Rursum
945 1922 1022 1975 ait
1056 1941 1070 1977 :
1104 1922 1240 1979 Novi
1271 1928 1572 1985 monachos
1624 1931 1717 2000 qui
1745 1942 1868 2000 post
1893 1933 2049 1989 labo-

465 2021 556 2063 res
603 2008 889 2080 plurimos,
923 2011 1063 2081 lapsi
1112 2023 1264 2079 sunt,
1299 2024 1353 2070 et
1402 2017 1459 2072 in
1512 2020 1714 2076 mentis
1760 2037 2048 2077 excessum

468 2100 816 2182 inciderunt;
846 2105 991 2171 quod
1040 2106 1096 2160 in
1140 2108 1403 2178 cperibus
1449 2110 1569 2165 suis
1595 2122 1934 2182 sperassent,
1966 2124 2050 2169 at-

466 2207 575 2272 que
599 2178 815 2263 decepti
844 2211 953 2250 non
981 2197 1375 2268 cogitavissent
1405 2178 1738 2258 'mandatum
1772 2178 1926 2260 illius.
1952 2206 2048 2276 qui

474 2270 640 2340 dicit:
669 2285 946 2359 Interroga
975 2299 1180 2358 patrem
1215 2301 1383 2358 tuum,
1413 2301 1464 2347 et
1489 2295 1830 2351 annuntiab’it
1867 2270 2042 2354 tibi)".

480 2379 492 2386 "
539 2377 628 2434 38.
663 2379 774 2450 (~44)
800 2380 945 2435 Dixit
972 2383 1185 2440 adhuc:
1213 2383 1269 2439 Si
1294 2384 1408 2440 ﬁeri
1433 2395 1630 2456 potest,
1659 2398 1793 2459 quot
1822 2405 2048 2462 gressus

467 2469 769 2526 monachus
815 2471 1040 2540 incedit,
1090 2476 1175 2530 vel
1219 2485 1353 2546 quot
1391 2492 1546 2549 aqua:
1591 2472 1775 2550 guttas
1821 2482 1957 2540 bibit
1990 2483 2044 2539 in

472 2557 604 2611 cella
635 2575 757 2630 sua,
784 2560 943 2618 debet
971 2564 1307 2624 conﬁdenter
1331 2569 1556 2628 senibus
1584 2570 1885 2645 declarare,
1911 2592 2044 2633 num

471 2647 526 2704 in
547 2648 662 2707 iiiis
687 2650 945 2710 oﬁ‘endat.

566 2807 570 2810 .
972 2770 1050 2827 De
1083 2773 1270 2828 abbate
1298 2774 1545 2832 Artamo.

537 2857 590 2912 ί.
637 2857 748 2930 (45)
797 2858 978 2918 Abbas
1009 2861 1296 2931 Arsenius,
1352 2880 1478 2925 cum
1513 2865 1693 2924 adhuc
1743 2869 1799 2924 in
1839 2872 2042 2942 palatio

464 2959 795 3016 versaretur,
835 2953 1010 3008 oravit
1031 2955 1100 3013 ad
1135 2954 1328 3021 Deum,
1361 2957 1590 3016 dicens:
1643 2959 1890 3027 Domine,
1935 2965 2042 3020 duc

465 3056 554 3096 me
586 3058 684 3113 per
711 3043 854 3098 viam
884 3059 991 3115 qua
1032 3046 1262 3102 salutem
1289 3064 1620 3121 consequar.
1664 3052 1729 3106 Et
1758 3054 2042 3112 descendit

2159 565 2309 638 αὑτῷ
2337 570 2365 621 ὁ
2393 567 2566 631 ἁϐϐἄς
2601 569 2910 636 Ἀντώνιος’
2953 575 3277 648 Ποιήσωμεν
3306 577 3472 650 εὐχὴν
3494 581 3588 634 καὶ
3618 587 3755 652 στη-

2159 675 2340 729 σωμεν
2377 654 2481 714 ὧδε
2518 662 2751 734 σταυρὸν
2781 665 2918 737 (50),
2949 665 3035 719 ἵνα
3062 663 3164 722 ὧδε
3197 668 3458 725 κτίσωσιν
3483 672 3532 725 οἱ
3559 671 3744 726 θέλον-

2153 767 2245 815 τες
2278 752 2479 817 κτίσαι,
2513 754 2602 810 ἵνα
2630 755 2722 808 καὶ
2749 757 2798 809 oi
2831 757 3062 822 ἐκεῖθεν,
3079 761 3209 815 ὅταν
3233 762 3588 839 παραϐάλωσι
3617 765 3745 819 τού-

2153 859 2288 906 τοις,
2331 845 2661 913 γευσάμενοι
2694 847 2755 900 τὸ
2790 849 2985 920 μικρὸν
3008 849 3194 919 βουκὶν
3231 852 3316 922 (51
3329 855 3343 921 )
3378 853 3552 912 αὐτων
3590 855 3745 927 ὥραν

2154 933 2372 1006 ἐνάτην,
2398 933 2571 1000 οὕτως
2615 937 2995 1008 παραϐάλωσι,
3023 939 3119 993 καὶ
3161 941 3210 993 oi
3244 940 3395 995 ἐνθεν
3421 944 3743 1019 ἀπερχόμε-

2154 1039 2256 1088 νοι,
2296 1024 2357 1076 τὸ
2389 1025 2520 1078 αὐτὸ
2545 1025 2846 1094 ποιοῦντες,
2881 1029 3282 1100 ἀπερίσπαστοι
3311 1033 3547 1102 μένωσιν
3574 1017 3742 1108 ἐντῷ

2154 1115 2523 1187 παραϐάλλειν
2567 1117 3003 1192 ἀλλήλοις.Ἔστι
3037 1120 3095 1176 δὲ
3123 1123 3184 1176 τὸ
3215 1122 3491 1196 διάστημα
3537 1131 3743 1198 σημεῖα

2152 1203 2398 1260 δεκαδύο.

2225 1295 2320 1350 λε’.
2361 1293 2531 1353 Εἶπεν
2572 1300 2601 1354 ὁ
2629 1299 2805 1364 ἀόὅᾶς
2836 1300 3152 1368 Ἀντώνιοςο
3197 1305 3258 1358 ‘0
3286 1305 3506 1360 τύπτων
3540 1307 3601 1361 τὸ
3634 1327 3743 1380 μα-

2153 1386 2237 1450 ζὶν
2283 1386 2376 1440 τοῦ
2418 1389 2659 1460 σιδήρου,
2702 1389 2916 1461 πρῶτον
2962 1395 3159 1446 σκοπεῖ
3194 1393 3286 1447 τὸν
3336 1395 3597 1469 λογισμὸν
3614 1397 3661 1428 ²¹
3688 1395 3743 1449 τί

2156 1478 2338 1548 μέλλει
2378 1483 2578 1544 ποιεῖν,
2610 1481 2897 1552 δρέπανον,
2937 1486 3233 1555 μάχαιραν,
3267 1484 3499 1539 πέλυκα.
3550 1485 3740 1550 Οὕτως

2157 1573 2250 1625 καὶ
2277 1574 2437 1644 ἡμεῖς
2465 1573 2754 1645 ὀφείλομεν
2781 1575 3090 1644 λογίζεσθαι
3125 1577 3282 1631 ποίαν
3317 1577 3518 1650 ἀρετὴν
3544 1595 3672 1648 μετε
3684 1595 3744 1649 ρ-

2152 1662 2381 1732 χόμεθα,
2415 1664 2502 1716 ἵνα
2533 1664 2607 1735 μὴ
2639 1666 2720 1728 είς
2749 1665 2906 1718 κενὸν
2937 1666 3308 1737 κοπιάσωμεν.

2224 1756 2333 1820 λς’.
2376 1753 2513 1809 Εἶπε
2553 1757 2736 1825 πάλιν,
2768 1759 2851 1812 ὃτι
2883 1761 2916 1832 ὴ
2944 1759 3193 1831 ὑποταγὴ
3227 1759 3367 1831 μετὰ
3408 1761 3740 1834 ἐγκρατείας

2083 1812 2126 1868 Β
2156 1812 2450 1901 ὑποτάσσει
2486 1847 2669 1920 θηρία.

2221 1937 2320 2003 λζ’.
2361 1935 2496 1992 Εἷπε
2528 1940 2720 1993 πάλινο
2755 1936 2885 1995 Οἶδα
2923 1943 3191 2014 μοναχοὺς
3222 1945 3359 2016 μετὰ
3387 1947 3615 2011 πολλοὺς
3647 1947 3740 2001 κό-

2151 2043 2284 2090 πους
2327 2028 2613 2094 πεσόντας,
2645 2031 2740 2083 καὶ
2783 2033 2864 2096 εἰς
2908 2031 3162 2088 ἔκστασιν
3201 2036 3412 2107 φρενῶν
3459 2037 3733 2101 ἐλθόντας,

2148 2119 2236 2173 διὰ
2260 2119 2320 2172 τὸ
2345 2119 2635 2190 ἠλπικέναι
2660 2123 2752 2175 ἐπὶ
2789 2123 2851 2176 τὸ
2893 2123 3053 2199 ἔργον
3080 2125 3278 2192 αὐτῶν,
3308 2129 3399 2181 καὶ
3432 2129 3735 2200 παραλογι-

2151 2211 2419 2282 σαμένθυς
2453 2211 2551 2288 τὴν
2590 2213 2808 2286 ἐντολὴν
2841 2215 2934 2268 τοῦ
2983 2218 3230 2283 εἰπόντος
3250 2235 3263 2249 ·
3319 2219 3738 2289 Ἐπερώτησον

2147 2302 2257 2357 τὸν
2287 2303 2514 2371 πατέρα
2542 2320 2683 2372 σου,
2712 2306 2811 2360 καὶ
2836 2307 3164 2376 ἀναγγελεῖ
3188 2324 3308 2363 σοι.
3375 2312 3378 2316 ’

2217 2392 2320 2465 λη’.
2364 2391 2502 2448 Εἶπε
2536 2395 2698 2451 πάλιν
2720 2413 2734 2427 ’
2781 2399 2844 2450 El
2872 2397 3121 2463 δυνατὸν,
3167 2399 3269 2454 ὅσα
3295 2400 3518 2471 βήματα
3547 2400 3736 2479 βάλλει

2145 2487 2174 2539 ὁ
2202 2487 2454 2557 μοναχδς,
2483 2488 2517 2559 ἦ
2541 2489 2673 2552 ὅσας
2705 2489 2974 2558 σταγόνας
3007 2489 3154 2543 πίνει
3183 2491 3294 2564 (52)
3318 2492 3398 2555 ei;
3436 2492 3494 2545 τὸ
3523 2492 3738 2546 κελλίον

2145 2577 2334 2642 αὑτοῦ,
2363 2578 2566 2648 ὀφείλει
2587 2579 2806 2653 θαρρεῖν
2819 2584 2933 2644 τοῖς
2950 2581 3228 2654 γέρουσιν,
3249 2585 3298 2636 εί
3328 2581 3437 2654 ἄρα
3470 2582 3530 2636 οὐ
3549 2583 3739 2638 πταίει

2147 2672 2204 2728 ἐν
2225 2671 2423 2738 αὐτοῖς.

2522 2788 2664 2858 Περὶ
2691 2789 2797 2846 τοῦ
2832 2789 2984 2846 ἀϐὅᾶ
3012 2790 3346 2858 Ἀρσενίου.

2214 2881 2284 2936 α’.
2319 2880 2377 2935 '0
2411 2881 2587 2944 assa;
2620 2882 2895 2950 ’Δρσένιος
2932 2882 3070 2951 (55),
3119 2881 3201 2936 ἔτι
3235 2881 3310 2953 ὢν
3356 2883 3412 2936 ἐν
3441 2878 3516 2951 τῷ
3554 2880 3738 2934 παλαι-η

2142 2972 2264 3042 τίῳ,
2287 2971 2482 3037 εὔξατο
2503 2971 2582 3043 τῷ
2609 2972 2731 3043 Θεῷ
2763 2972 2964 3042 λέγων’
2992 2973 3188 3044 Κύριε,
3226 2973 3490 3044 ὁδήγησόν
3519 2989 3585 3044 με
3609 2972 3738 3036 πῶς

2145 3059 2323 3113 σωθῶ.
2345 3062 2453 3114 Καὶ
2466 3057 2630 3132 ἦλθεν
2644 3061 2795 3132 αὐτῷ
2811 3061 2962 3133 φωνὴ
2978 3061 3214 3130 λέγουσα
3231 3079 3245 3093 ’
3278 3061 3541 3134 Ἀρσένιε,
3563 3060 3740 3131 φεῦγε

466 3132 533 3186 ad
555 3147 678 3187 eum
697 3133 810 3188 haec
829 3149 960 3192 vox:
980 3136 1196 3202 Arseni,
1213 3138 1336 3211 fuge
1355 3139 1628 3209 homines,
1644 3153 1695 3206 et
1712 3147 1896 3202 salvus
1914 3150 2043 3207 eris.

2158 3152 2275 3216 τοὺς
2306 3150 2646 3224 ἀνθρώπους,
2671 3152 2768 3206 καὶ
2797 3132 2964 3224 σώζῃ.

535 3223 589 3276 2.
623 3223 735 3294 (46)
762 3224 905 3280 Idem
937 3241 1066 3285 cum.
1084 3229 1150 3282 ad
1169 3229 1470 3287 solitariam
1502 3235 1670 3292 vitam
1693 3241 2040 3310 secessisset,

466 3299 664 3368 iterum
697 3315 872 3371 oravit
900 3319 1146 3373 eamdem
1180 3336 1420 3390 precem.
1470 3323 1804 3400 Audivitque
1849 3347 2042 3390 vocem

465 3404 813 3474 hujusmodi:
860 3409 1079 3474 Arseni,
1113 3410 1258 3484 fuge,
1297 3421 1438 3483 tace,
1483 3418 1725 3488 quiesce.
1775 3421 1869 3480 Hae
1896 3427 2041 3480 enim

467 3506 596 3552 sunt
629 3499 843 3555 radices
874 3501 1264 3570 iinpeccantiaa.

537 3587 590 3642 5.
633 3588 744 3661 (47)
789 3590 1096 3648 Astiterunt
1143 3594 1438 3669 aliquando
1477 3599 1660 3658 abbati
1709 3601 1938 3660 Arsenio
1986 3605 2041 3660 in

465 3681 600 3735 cella
632 3682 814 3750 posito
841 3683 1135 3749 daemones,
1159 3695 1213 3742 et
1243 3689 1496 3744 molestia
1527 3691 1679 3746 illum
1711 3693 2038 3751 adiciebant.

464 3772 800 3830 Act-edentes
845 3784 1026 3832 autem
1057 3779 1291 3834 ministri
1343 3782 1483 3851 ejus,
1536 3795 1590 3838 et
1638 3795 1793 3840 extra
1846 3788 2040 3844 cellam

465 3872 696 3934 stantes,
744 3867 1036 3927 audierunt
1082 3871 1236 3926 illum
1273 3874 1600 3932 clamantem
1659 3879 1726 3933 ad
1763 3879 1929 3937 Deum
1976 3899 2042 3940 ac

463 3951 780 4014 dicentem:
825 3959 997 4027 Deus,
1051 3978 1120 4016 ne
1163 3963 1509 4037 derelinquas
1550 3984 1674 4036 me;
1727 3971 1862 4031 nihil
1910 3973 2041 4030 boni

462 4047 565 4117 feci
599 4067 783 4106 coram
808 4061 898 4122 te;
930 4054 1027 4110 sed
1053 4054 1121 4110 da
1151 4057 1282 4118 mihi
1313 4060 1614 4115 secundum
1647 4061 2039 4134 benignitatem

462 4149 634 4204 tuam,
671 4153 731 4196 ut
760 4160 906 4201 nunc
933 4146 1190 4218 incipiam
1226 4149 1364 4209 bene
1397 4166 1576 4222 agere.

530 4229 584 4285 4.
633 4230 743 4301 (48)
782 4233 1018 4290 Aiebant
1060 4237 1128 4292 de
1159 4242 1346 4296 eodem
1373 4282 1388 4306 ,
1431 4243 1574 4313 quod
1607 4244 1752 4300 sicut
1788 4248 1973 4308 nullus
2007 4266 2039 4307 e

462 4323 684 4391 palatio,
718 4325 1028 4393 pretiosiori
1050 4343 1117 4381 eo
1146 4340 1294 4386 veste
1326 4333 1696 4406 induebatur;
1738 4338 1814 4393 ita
1845 4356 1950 4396 nec
1980 4342 2037 4397 in

462 4409 706 4465 Ecclesia
741 4412 886 4472 ullus
921 4415 1204 4484 tegebatur
1231 4419 1434 4474 viliori.

2220 3244 2286 3315 β’.
2334 3244 2392 3298 '0
2419 3245 2582 3308 αὐτὸς
2607 3245 2967 3317 ἀναχωρήσας
2999 3247 3058 3299 ἐν
3092 3244 3170 3315 τῷ
3204 3245 3430 3317 μονήρει
3463 3245 3587 3316 βίῳ,
3621 3246 3736 3300 πά-

2145 3333 2228 3386 λιν
2253 3332 2466 3403 εὖξατο,
2489 3334 2580 3388 τὸν
2605 3335 2766 3389 αὐτὸν
2787 3335 2944 3404 λόγον
2969 3335 3157 3390 εἰπών.
3182 3337 3293 3390 Καὶ
3322 3337 3520 3408 ἤκουσε
3545 3337 3737 3409 φωνῆς

2142 3425 2408 3495 λεγούσης
2437 3425 2586 3497 αύτῷ
2609 3445 2624 3461 ·
2673 3426 2938 3498 Ἀρσένιε,
2981 3427 3171 3497 φεῦγε,
3210 3426 3412 3492 σιώπα,
3445 3428 3691 3499 ἡσύχαζε
3715 3445 3731 3460 ·

2144 3507 2306 3573 αὗται
2339 3517 2448 3588 γάρ
2479 3518 2618 3571 εἰσιν
2648 3519 2704 3571 αι
2730 3517 2875 3591 ῥίζαι
2898 3519 2997 3590 τῆς
3019 3519 3456 3590 ἁναμαρτησίας.

2216 3615 2286 3677 γ’.
2333 3608 2671 3679 Ἐπέστησάν
2701 3625 2836 3662 ποτε
2857 3602 2934 3680 τῷ
2953 3608 3097 3679 assa
3128 3609 3388 3680 Ἀρσενίῳ
3407 3611 3456 3662 οἱ
3478 3609 3733 3679 δαίμονες

2144 3701 2204 3756 ἐν
2223 3700 2300 3772 τῷ
2323 3700 2520 3771 κελλίῳ
2541 3700 2812 3765 Θλίὸοντες
2828 3701 3010 3756 αὐτόν.
3027 3701 3445 3772 Παραδαλόντες
3465 3701 3522 3755 δέ
3544 3703 3590 3754 oi
3609 3701 3735 3756 δια-

2143 3792 2427 3856 κονοῦντες
2451 3791 2620 3862 αὐτῷ,
2661 3792 2757 3847 καὶ
2786 3794 3010 3857 στάντες
3045 3792 3151 3858 ἔξω
3174 3794 3275 3864 τῆς
3313 3793 3527 3864 κέλλης,
3559 3793 3732 3864 ἠκου-

2146 3898 2245 3941 σαν
2281 3881 2446 3938 αὐτοῦ
2487 3881 2721 3950 βοῶντος
2762 3882 2900 3955 πρὸς
2935 3883 3028 3936 τὸν
3061 3882 3193 3938 Θεὸν
3216 3884 3310 3938 καὶ
3340 3883 3623 3952 λέγοντος·
3665 3884 3731 3939 '0

2143 3974 2294 4039 Θεὸς,
2319 3974 2393 4046 μὴ
2417 3974 2795 4048 ἐγκαταλίπῃς
2820 3992 2889 4045 με
2910 3991 2924 4005 ο
2954 3975 3107 4029 οὐδὲν
3132 3975 3362 4046 ἐποίησα
3380 3974 3608 4028 ἐνώπιόν
3628 3992 3728 4030 σου

2141 4065 2341 4134 ἀγαθόν
2365 4082 2379 4096 ο
2427 4064 2564 4120 ἀλλὰ
2585 4065 2675 4130 δός
2705 4083 2795 4137 μοι
2816 4064 2960 4122 κατὰ
2983 4066 3082 4137 τὴν
3119 4066 3464 4139 χρηστότητα
3498 4083 3592 4120 σου
3622 4066 3729 4137 βα·-

2140 4157 2253 4211 λετν
2283 4159 2478 4230 ἀρχὴν.

2210 4249 2272 4305 δ’.
2314 4250 2536 4320 Ἔλεγον
2566 4251 2694 4322 περὶ
2732 4248 2922 4317 αὑτοῦ,
2961 4251 3043 4304 ὅτι
3073 4249 3261 4320 ὥσπερ
3289 4246 3464 4311 οὐδεὶς
3491 4248 3586 4302 τοῦ
3617 4265 3728 4302 πα-

2139 4341 2322 4395 λατίου
2362 4342 2548 4410 ἐφόρει
2583 4342 2829 4412 βελτίονα
2861 4340 3026 4394 αὐτοῦ
3063 4342 3269 4412 ἐσθῆτα
3289 4341 3368 4372 ’⁸⁸
3393 4339 3566 4405 οὕτως
3600 4340 3725 4395 οὐδὲ

2139 4434 2219 4496 είς
2244 4433 2344 4503 τὴν
2388 4431 2714 4501 Ἐκκλησίαν
2759 4430 3146 4501 εὐτελεστέραν
3189 4448 3275 4492 τις
3318 4429 3482 4484 αὑτοῦ
3511 4431 3720 4502 ἐφόρει.

530 4501 584 4554 5.
615 4501 727 4575 (49)
774 4489 918 4560 Dixit
974 4507 1176 4577 aliquis
1235 4511 1396 4567 beato
1428 4515 1707 4574 Arsenio:
1748 4519 2033 4594 Quomodo

2197 4489 2266 4574 ε’.
2299 4489 2436 4574 ὲῖπέ
2454 4537 2537 4582 τις
2673 4519 2929 4590 μακαρίῳ
2953 4489 3212 4589 ’Δρ-σενίῳ
3232 4489 3398 4584 ’-Πῶς
3414 4489 3574 4592 ἡμεῖς
3611 4489 3724 4574 απὸ

462 4606 585 4657 nos,
617 4592 712 4664 qui
751 4593 886 4652 adeo
914 4597 1115 4658 eruditi
1162 4614 1226 4656 ac
1259 4603 1406 4658 docti
1444 4622 1658 4674 sumus,
1695 4592 1832 4666 nihil
1863 4612 2032 4669 hahe-

2135 4610 2405 4681 τοσαύτης
2430 4608 2768 4673 παιδεύσεως
2801 4610 2896 4663 καὶ
2928 4609 3122 4680 σοφίας
3147 4610 3297 4665 οὐδὲν
3330 4611 3548 4684 ἔχομεν,
3573 4606 3722 4666 οὗτοι

531 4751 574 4781 ¹¹
619 4749 774 4806 Deut.
805 4768 981 4822 xxx",
1008 4756 1062 4810 7.
1137 4757 1192 4790 ’τ
1207 4757 1294 4812 Al.
1327 4758 1404 4831 τῷ
1435 4761 1698 4837 λογισμῷ.
1777 4765 1823 4797 ³⁸
1849 4765 1935 4820 Al.
1959 4766 2043 4821 ins

2158 4785 2194 4820 τε
2224 4761 2290 4838 ἦν
2319 4766 2376 4819 ἐν
2399 4765 2477 4836 τῷ
2498 4764 2763 4836 παλατίῳ.

697 4863 799 4919 Vit.
833 4865 982 4933 Patr.
1010 4885 1090 4933 tu,
1121 4872 1241 4927 176.

832 4932 985 4991 Patr.
1023 4931 1108 5006 ut,
1147 4942 1280 5010 190;
1310 4960 1368 5010 ll,
1409 4947 1458 5003 5.

531 5002 644 5068 (46)
681 5002 817 5059 Ibid.

554 5073 642 5141 47)
692 5073 797 5129 Vit.
833 5075 984 5131 Patr.
1017 5095 1107 5141 xv,
1139 5081 1193 5135 5.

690 5144 795 5215 Vit.
835 5145 985 5215 Patr.
1013 5165 1098 5215 xv,
1131 5151 1184 5205 6.

553 5211 643 5277 49)
693 5211 801 5272 Vit.
838 5214 991 5270 Patr.
1025 5211 1094 5277 χ.
1125 5221 1178 5274 5.

555 5283 643 5351 50)
683 5283 1008 5364 Στῄσωμεν
1025 5285 1141 5345 ὧδε
1167 5292 1449 5360 σταιιοόν.
1478 5291 1636 5351 Vides
1652 5295 2028 5366 antiquitatem

461 5347 964 5420 Stattropegiornin.

533 5419 642 5504 (5i)
683 5419 920 5504 ρομκίγ.
961 5427 1065 5484 Pro
1092 5431 1332 5504 Ῠβουκίον,
1387 5434 1652 5504 βουκκίον,
1689 5436 1912 5491 buccea.
1966 5437 2027 5492 In

461 5491 728 5577 Aii‘nst‘as‘ii
757 5491 970 5577 Ηράεσρ
1001 5515 1076 5577 [ι.Δ
1089 5491 1158 5555 30
1181 5517 1203 5577 εΔ
1239 5504 1298 5556 '0
1321 5491 1516 5577 αρ’τος,
1560 5491 1654 5558 καί
1683 5505 1756 5577 ίτδ
1790 5491 2026 5577 ψωμίον,

456 5557 552 5640 καὶ
580 5560 644 5640 32
669 5557 873 5640 βουκίν,
907 5557 1019 5640 ’ξὲὺ
1049 5569 1283 5640 βουκίον.
1329 5557 1651 5630 liorotheus

460 5629 545 5690 Il.
572 5629 876 5715 ρ’Έκλεπτεν
917 5637 946 5688 ὁ
985 5629 1207 5715 ἀρελφὸς
1248 5629 1725 5715 ἐκεξίνοςνβουκκία,
1751 5629 2023 5715 φοινίκιαι,

457 5697 643 5780 auxia,
679 5700 987 5780 xpéptttua._
1018 5697 1133 5765 Ubi'
1162 5697 1389 5780 βουκκὶα

459 5767 613 5839 fabae,
649 5767 738 5826 aui
763 5767 930 5831 v‘iéim.
969 5775 1141 5835 lnstit.
1162 5767 1261 5849 ἐι,
1293 5767 1489 5852 quiest.
1510 5767 2025 5854 exsatiata};

2142 4879 2450 4967 Bouaiv'aou
2482 4881 2562 4967 εἰς
2587 4881 2684 4967 dita
2705 4879 2996 4967 ςτᾶέψητά.
3024 4881 3205 4967 atque
3235 4880 3719 4967 lii'nc‘pouréxpaz:

2136 4949 2227 5021 τον
2251 4953 2303 5004 in
2335 4950 2455 5004 Vita
2479 4950 2738 5005 Dosithei.
2768 4949 2913 5014 Haéc,
2945 4950 3073 5021 quia
3109 4949 3212 5006 vox
3243 4949 3458 5006 abest’a
3490 4949 3718 5008 Meursii

2300 5037 2434 5073 8H0.

2136 5020 2675 5159 Glissgirgéayomc.
2715 5089 2918 5145 Calices
2963 5107 3117 5160 aqua
3160 5089 3214 5144 in
3257 5090 3391 5145 Vitis
3451 5089 3715 5156 Patrum;

2133 5161 2458 5231 antilaxiori
2508 5162 2795 5227 versione;
2852 5168 2945 5214 aut
2987 5163 3115 5231 quia
3180 5161 3398 5227 lectum,
3453 5161 3712 5230 λαγόνας,

2131 5229 2598 5313 νθὶ.λ.οιγιὲξαςι,--
2654 5297 2693 5313 ..
2806 5299 2819 5313 .
3003 5229 3020 5313 ζ
3102 5300 3116 5313 .
3197 5299 3212 5313 .
3332 5299 3386 5313 ..

2204 5296 2337 5370 (55)
2369 5300 2420 5352 '0
2449 5296 2632 5370 ᾀβόᾄς
2653 5297 2970 5370 ᾎρσένιος.
3004 5299 3063 5356 In
3087 5299 3300 5370 duobus
3332 5299 3486 5355 hisco
3517 5301 3708 5370 primis

2131 5369 2400 5437 capitibus
2417 5367 2619 5450 videsis
2650 5367 2914 5452 Eicerpta
2948 5369 3083 5425 Vita:
3101 5367 3531 5439 Lucwjunioris,
3569 5380 3706 5454 tom.

2131 5436 2173 5491 ll
2221 5438 2464 5492 Auctarit
2518 5438 2899 5494 Combelismni
2954 5441 3061 5494 col.
3126 5440 3262 5497 989.
3317 5455 3383 5494 ac
3433 5440 3708 5497 Enbmmt

2133 5455 2173 5491 ll
2221 5455 2464 5492 auctam
2518 5455 2899 5494 homoetismni
2954 5455 3061 5494 cm.
3126 5455 3262 5502 9w,
3317 5455 3383 5494 ac
3433 5455 3708 5510 Lpnmmt

2130 5507 2304 5578 Opera
2328 5525 2382 5578 p.
2409 5507 2533 5570 386,
2561 5523 2616 5561 n.
2647 5507 2700 5572 6,
2731 5525 2854 5564 cum
2872 5509 3165 5572 Dorotlieo,
3183 5510 3366 5563 Doctr.
3385 5510 3710 5573 LCedreno

2205 5575 2391 5650 Clit-7a.
2411 5578 2562 5632 Adde
2582 5577 2670 5650 hic
2696 5589 2748 5650 et
2779 5580 2902 5633 aliis
2931 5580 3249 5650 Arsenianis
3279 5582 3708 5650 apopbthegmae

2128 5645 2328 5730 tibusv
2340 5648 2466 5730 itam
2483 5648 2814 5730 sanctissimi
2832 5649 3200 5730 anachoreta,
3209 5645 3335 5730 quae
3362 5645 3706 5730 e'xstatapud

2133 5716 2353 5792 S_urium
2390 5716 2456 5792 lg
2488 5715 2640 5792 Julii.
2670 5719 2724 5772 in
2750 5733 2885 5776 mss.
2931 5717 3136 5778 Graecis
3190 5715 3475 5792 Simeonis
3528 5715 3706 5776 Meta-

2128 5786 2384 5858 plirastae,
2421 5786 2455 5842 8
2501 5786 2648 5845 Maii.
