3974 6332
541 382 613 442 55
1715 375 2060 433 APPENDIX
2103 376 2193 432 AD
2227 378 2646 435 PALLADIUM.
2804 377 2806 379 ’
3729 370 3798 425 96

539 497 767 570 griuos?
814 493 1154 566 Respondit:
1200 491 1576 564 Nequaquam.
1621 491 1765 548 Tum
1786 493 2108 561 illezQuare

2228 495 2288 552 ⁸0
2313 496 2369 549 δὲ
2393 496 2562 565 λέγει’
2591 497 2711 551 Ὅτι
2735 489 2889 556 eius;
2918 509 3029 561 μοι,
3051 491 3184 546 ὃταν
3205 489 3508 563 ἀποσχίσῃς
3522 493 3567 524 ²⁹
3585 490 3656 546 τὰ
3680 489 3797 545 θαλ·

536 604 668 658 ergo
716 602 823 642 non
873 585 1110 642 venisti?
1156 583 1286 639 llic:
1338 584 1478 651 Quia
1528 583 1716 639 dixisti
1762 584 1931 638 mihi:
1983 585 2105 639 Cum

2230 588 2306 640 lia
2335 605 2451 652 σου,
2483 587 2639 640 ἐλθέ·
2699 587 2794 640 καὶ
2819 583 3003 656 τηρῶν
3034 582 3125 636 τὸν
3155 583 3312 651 λόγον
3349 600 3465 642 σου,
3495 583 3593 636 οὐκ
3623 578 3799 654 ἦλθον,

538 678 844 732 absciileris
866 677 1074 746 palmas
1099 676 1406 740 tuas,veui;
1434 676 1578 729 unde
1595 675 1744 730 dicto
1757 675 2107 742 tuoaudiens,

2232 679 2298 731 ὅτι
2349 680 2473 748 ἄρτι
2528 678 2843 748 ὲπλήρωσα.
2905 677 3016 729 Kal
3062 674 3373 745 ἐθαύμασεν
3410 677 3439 728 6
3479 674 3660 746 γέρων
3709 675 3801 746 τὴν

538 784 650 823 ιιοιι
681 768 958 837 prolectus
987 782 1130 830 sum,
1165 767 1292 836 quia
1324 765 1486 820 modo
1519 765 1746 835 perfeci.
1779 764 1920 820 Tum
1950 766 2107 819 mira

2231 769 2502 840 ἀκρίϐειαν
2531 769 2720 832 αὑτοῦ,
2762 767 2860 821 καὶ
2896 768 3048 834 λέγει
3079 765 3230 836 αύτῷ
3253 782 3266 797 '
3308 767 3615 837 Ταχύτερον
3641 767 3800 821 κατά-

540 867 631 914 tus
656 866 742 913 est
777 873 940 912 senex
982 865 1294 910 accuratam
1331 855 1453 924 ejus
1484 855 1890 921 obedientiam;
1938 855 2109 926 aitque

2232 861 2313 914 lus
2336 858 2468 929 (86),
2521 859 2607 912 ἵνα
2631 859 2727 915 καί
2753 858 2852 930 τὴν
2895 856 3116 924 σύναξίν
3167 874 3257 909 σου
3290 855 3458 927 βάλῃς
3487 857 3552 920 ³⁸,
3591 857 3685 908 καὶ
3713 856 3801 910 τοῦ

544 949 663 1002 illi:
704 947 882 1002 Citius
917 945 1067 1000 solve
1097 944 1389 1013 jejunium,
1433 958 1542 1014 quo
1590 952 1645 998 et
1689 945 1924 999 oliicium
1967 951 2113 998 tuum

2233 947 2416 1010 ὕδατός
2464 964 2559 1001 σου
2591 946 2904 1019 μεταλάὸῃς
2925 962 2940 977 ·
2984 946 3034 1002 εἰ
3078 944 3135 998 δὲ
3164 945 3330 1018 μήγε,
3363 945 3571 1018 ταχέως
3596 945 3707 1016 ἕχει
3749 946 3802 999 τὸ

546 1039 771 1100 recites,
820 1044 875 1092 et
920 1051 1118 1106 aquam
1163 1044 1308 1089 tuam
1356 1049 1571 1091 sumas:
1620 1037 1704 1090 sin
1750 1036 1934 1090 minus
1972 1035 2115 1092 brevi

1289 1051 1308 1087 ι
1356 1049 1571 1091 sumas:
1620 1037 1704 1090 sin
1750 1036 1934 1090 minus
1972 1035 2124 1092 brevi
2225 1038 2388 1109 σῶμά
2419 1055 2513 1091 σου
2542 1037 2858 1109 ἀσθενῆσαι.

546 1144 748 1199 corpus
780 1137 934 1183 tuum
970 1129 1024 1181 in
1059 1126 1430 1181 inﬁrmitatem
1468 1126 1730 1182 incurret.

615 1222 706 1274 25.
750 1219 861 1288 (80)
905 1218 1165 1272 Pervenit
1211 1217 1505 1288 aliquando
1551 1219 1720 1274 abbas
1751 1219 2017 1276 Arsenius
2055 1218 2126 1273 ad

2297 1222 2394 1269 κε’.
2436 1211 2720 1287 Παρέὸαλέ
2776 1229 2908 1266 ποτε
2937 1213 2966 1265 6
2997 1211 3172 1276 ἀὸᾶᾶς
3210 1211 3485 1284 Ἀρσένιος
3519 1214 3598 1275 εἰς
3623 1213 3807 1278 τόπον,

547 1310 837 1376 quemdam
884 1309 1062 1362 locum
1104 1307 1158 1360 in
1206 1321 1318 1376 quo
1356 1315 1516 1361 erant
1555 1307 1881 1374 arundines;
1933 1323 2053 1378 quae
2095 1323 2116 1362 a

2235 1308 2321 1360 καὶ
2340 1302 2482 1380 ἦσαν
2510 1308 2630 1360 ἐκεῖ
2661 1304 2916 1376 κάλαμοι,
2948 1305 3044 1358 καὶ
3074 1305 3403 1377 ἐκινήθησαν
3437 1305 3540 1358 ὑπὸ
3566 1306 3657 1359 τοῦ
3691 1307 3804 1359 ἀνέ-

549 1410 709 1455 \ento
742 1409 898 1454 motae
943 1409 1092 1454 sunt.
1136 1398 1201 1452 Et
1241 1399 1318 1452 ait
1344 1414 1509 1454 senex
1536 1397 1840 1454 fratribus:
1883 1400 2019 1466 Quis
2042 1407 2118 1455 est

2240 1414 2353 1468 μου.
2416 1395 2527 1450 Kal
2566 1395 2714 1464 λέγει
2745 1398 2774 1449 6
2804 1395 2981 1466 γέρων
3027 1399 3140 1458 τοῖς
3188 1395 3468 1464 ἀδελφοίςο
3511 1396 3576 1448 Τί
3613 1397 3760 1449 ἐστιν
3783 1397 3809 1449 6

551 1501 729 1545 motus
763 1491 882 1546 hic?
928 1489 1380 1560 Responderunt:
1420 1490 1728 1546 Arundines
1758 1498 1908 1546 sunt.
1943 1491 2120 1562 itaque

2242 1486 2450 1558 σεισμὸς
2495 1480 2685 1556 οὗτοςς
2737 1488 2848 1540 Kal
2888 1486 3137 1554 λέγουσι’
3174 1487 3424 1557 Κάλαμοί
3473 1488 3598 1540 εἰσι.
3649 1488 3811 1556 Λέγει

550 1583 683 1636 dicit
714 1583 795 1638 eis
825 1598 1026 1637 senex;
1079 1581 1291 1635 Revera
1326 1581 1371 1635 si
1415 1582 1540 1651 quis
1567 1580 1772 1637 sederit
1799 1583 2000 1652 quiete,
2032 1597 2119 1637 au-

2242 1573 2322 1631 οὖν
2358 1577 2541 1640 αὐτοῖς
2566 1579 2594 1630 6
2637 1577 2815 1650 γέρων
2833 1594 2848 1608 ⁸
2902 1576 3066 1630 Φύσει
3095 1578 3190 1630 ὲάν
3221 1577 3457 1647 κάθηταί
3482 1595 3565 1640 τις
3591 1578 3649 1632 ὲν
3683 1580 3811 1647 ἡσυ-

550 1673 818 1740 dierilque
845 1687 1034 1724 vocem
1073 1670 1321 1733 aviculae,
1359 1686 1468 1724 non
1495 1671 1718 1726 habebit
1759 1687 1856 1726 cor
1894 1672 2014 1742 ejus
2041 1688 2119 1728 re-

2244 1669 2342 1740 ίίᾳ,
2377 1667 2602 1723 ἀκούσει
2629 1668 2686 1721 δὲ
2719 1669 2903 1739 φωνὴν
2944 1667 3248 1740 στρουθίου,
3281 1669 3381 1721 ούκ
3413 1668 3525 1737 ἔχει
3555 1670 3588 1739 ἡ
3617 1669 3813 1740 καρδία

549 1764 731 1832 quiem
759 1761 1044 1817 eamdem:
1081 1769 1288 1832 quanto
1319 1763 1493 1834 magis
1527 1779 1648 1830 vos,
1683 1764 1875 1818 harum
1907 1765 2118 1820 arundi-

2244 1761 2329 1832 τὴν
2361 1759 2530 1831 αὐτὴν
2556 1759 2786 1830 ἡσυχίαν
2806 1776 2821 1791 ο
2853 1760 3004 1831 πόσῳ
3061 1759 3259 1830 μᾶλλον
3297 1760 3454 1830 ὑμεῖς
3489 1759 3701 1830 ἔχοντες
3721 1761 3813 1816 τὸν

553 1867 682 1905 num
713 1851 1064 1921 agitationem
1101 1849 1430 1907 sentientes.

2161 1835 2206 1886 Β
2233 1853 2456 1924 σεισμὸν
2485 1851 2593 1916 τῶν
2617 1852 2878 1923 καλάμων
2900 1853 3132 1906 τούτων.

621 1942 711 1999 26.
747 1943 858 2012 (81)
895 1941 1183 1996 Referebat
1207 1942 1380 1996 abbas
1408 1941 1617 2008 Daniel,
1641 1942 1906 2014 quosdam
1931 1942 2129 2000 fratres

2303 1954 2416 2012 κς’.
2442 1945 2675 2015 Ἔλεγεν
2697 1947 2726 1999 6
2745 1945 2922 2009 ἀϐϐᾶς
2947 1945 3168 2018 Δανιὴλ,
3190 1946 3271 1999 ὃτι
3291 1945 3434 2009 τινες
3453 1945 3670 2013 ἀδελφοὶ
3687 1945 3815 2015 μέλ-

554 2030 837 2084 Thebaida
863 2037 1081 2100 propter
1110 2029 1256 2081 ﬁlum
1275 2030 1477 2083 lineum
1496 2038 1868 2099 perrecturus,
1887 2030 2123 2088 dixisse:

2246 2039 2414 2096 λοντες
2451 2035 2680 2104 ὑπάγειν
2707 2035 2788 2098 εἰς
2807 2033 3046 2105 Θηϐαΐδα
3078 2034 3166 2087 διὰ
3195 2033 3432 2105 λινάρια,
3455 2035 3674 2102 λέγουσι
3693 2050 3706 2061 ·
3736 2033 3815 2085 Δι’

560 2121 669 2173 Per
703 2119 1050 2172 occasionem
1069 2118 1336 2173 'abbatem
1364 2119 1656 2173 Arsenium
1683 2119 2008 2176 invisamus.
2027 2121 2129 2176 Ita-

2247 2127 2489 2198 itpopp‘ljc
2523 2126 2721 2196 ἴδωμεν
2755 2125 2848 2178 κα)⁸
2889 2125 2981 2179 τὸν
3023 2123 3196 2178 ἁϐσᾶν
3232 2125 3528 2197 Ἀρσένιον.
3565 2125 3674 2177 Kal
3702 2126 3816 2176 εἰσ-

555 2226 662 2281 que
686 2210 966 2280 ingressus
989 2209 1160 2265 abbas
1185 2210 1512 2274 Alexander,
1535 2210 1674 2264 dixit
1705 2212 1822 2266 seni
1849 2227 1862 2263 :
1910 2210 2124 2269 Fratres

2245 2218 2396 2290 ἦλθεν
2432 2219 2462 2271 6
2509 2217 2684 2282 ἀϐὁᾶς
2739 2216 3102 2288 Ἀλέξανδρος,
3149 2216 3242 2270 καὶ
3287 2212 3407 2268 εἰπε
3452 2215 3529 2286 τῷ
3557 2216 3775 2286 γέροντι
3801 2231 3814 2245 ·

556 2317 622 2358 cx
655 2301 982 2356 Alexandria
1009 2301 1304 2364 venientes,
1325 2300 1510 2357 videre
1533 2310 1584 2357 te
1605 2301 1853 2372 cupiunt.
1885 2300 2125 2372 Respon-

2249 2309 2492 2379 ’Λδελφοὶ
2517 2308 2760 2372 ἐλθόντες
2787 2309 2895 2362 ἀπὸ
2917 2307 3325 2380 Ἀλεξανδρείας
3347 2307 3557 2362 θέλουσί
3583 2324 3640 2360 σε
3667 2307 3817 2360 ἰδεῖν.

558 2397 636 2449 ilit
667 2410 869 2450 senex:
899 2393 1057 2450 Disce
1076 2410 1142 2449 ex
1171 2395 1240 2452 iis
1263 2409 1369 2465 qua
1393 2394 1461 2450 de
1483 2409 1650 2450 causa
1671 2393 2010 2450 advenerint.
2042 2393 2127 2450 Ille

2252 2400 2397 2468 λέγει
2421 2400 2450 2452 6
2475 2401 2654 2473 γέρων
2671 2416 2684 2430 °
2711 2399 2866 2454 Μάθε
2897 2399 3026 2471 παρ’
3054 2399 3232 2452 αὐτῶν
3255 2399 3320 2452 δι’
3347 2399 3414 2470 ῆν
3433 2399 3612 2453 αἰτίαν
3641 2415 3821 2470 παρα-

560 2485 654 2540 ubi
689 2486 1066 2554 comperisset,
1095 2484 1150 2538 in
1175 2483 1506 2539 Thebaidem
1534 2483 1630 2538 lini
1673 2499 1802 2554 ergo
1833 2483 2129 2554 proﬁcisci,

2253 2491 2516 2560 γεγόνασι.
2571 2491 2684 2544 Kal
2719 2490 2906 2561 μαθὼν
2947 2491 3030 2544 ὅτι
3072 2493 3151 2554 εἰς
3204 2490 3444 2562 Θηϐαΐδα
3479 2490 3566 2542 διὰ
3601 2489 3822 2562 λινάρια

560 2574 677 2628 seni
732 2573 1082 2628 renuntiavit.
1134 2572 1272 2627 Tum
1319 2572 1438 2629 hic:
1493 2570 1654 2625 Certe
1686 2569 1882 2624 faciem
1919 2571 2129 2626 Arsenii

2242 2581 2556 2649 ὑπάγουσιν,
2582 2579 2881 2651 ἀπήγγειλε
2904 2580 2987 2652 τῷ
3016 2579 3252 2652 γέροντι.
3289 2581 3450 2650 Λέγει
3483 2582 3577 2635 καὶ
3609 2581 3773 2645 αὑτός
3797 2598 3811 2612 ’

561 2683 668 2722 non
699 2665 1064 2736 conspicieut,
1099 2665 1360 2734 quoniam
1390 2662 1494 2717 mei
1537 2661 1712 2732 gratia
1743 2676 1854 2716 non
1891 2675 2130 2717 aceesse

2249 2670 2404 2725 Ducat
2431 2671 2493 2724 ού
2525 2670 2778 2742 βλέπουσι
2800 2671 2861 2724 τὸ
2886 2671 3175 2742 πρόσωπον
3202 2673 3499 2741 Ἀρσενίου,
3517 2672 3598 2724 ὅτι
3630 2671 3818 2742 autem

560 2767 712 2822 runt,
744 2759 838 2812 sed
888 2757 959 2811 ob
987 2772 1125 2827 opus
1153 2771 1334 2811 suum.
1390 2752 1620 2824 Suscipe
1645 2767 1740 2808 eos
1769 2766 1834 2806 ac
1865 2760 2129 2808 recreatos

2246 2762 2341 2820 οὐκ
2364 2757 2547 2832 ἦλθον,
2580 2760 2716 2815 ἀλλά
2742 2759 2832 2815 διὰ
2852 2761 2912 2815 τὸ
2942 2761 3101 2833 ἔργον
3124 2762 3324 2818 αὐτῶν.
3355 2763 3688 2816 Ἀνάπαυσον
3712 2762 3815 2816 αύ-

559 2849 772 2904 dimitte
823 2847 877 2900 in
935 2861 1090 2917 pace,
1123 2846 1346 2901 dicens:
1416 2843 1595 2900 Senex
1641 2842 1800 2899 vobis
1850 2857 2128 2900 occurrere

2254 2852 2386 2915 τοὺς,
2407 2851 2501 2904 καὶ
2520 2850 2789 2904 ἀπόλυσον
2817 2851 2873 2904 ὲν
2901 2853 3113 2923 εἰρήνῃ,
3140 2850 3309 2904 εἰπὼν
3330 2850 3533 2915 αὐτοῖς,
3553 2851 3634 2904 ὅτι
3654 2853 3713 2906 '0
3724 2849 3823 2918 γέ-

560 2955 671 2995 non
701 2946 896 3009 potest.

2244 2957 2353 3013 ρων
2381 2941 2442 3000 οὐ
2467 2939 2690 2998 δύναται
2715 2939 3047 3009 ἀπαντῆσαι.

629 3034 721 3086 27.
755 3031 869 3100 (82)
895 3031 1104 3100 Aliquis
1145 3029 1375 3084 fratrum
1407 3028 1542 3084 abiit
1573 3028 1642 3082 ad
1689 3027 1887 3083 cellam
1928 3028 2142 3086 abbatis

2311 3031 2414 3096 κζ’.
2452 3032 2703 3101 Ἀδελφός
2728 3048 2813 3094 τις
2841 3029 3085 3101 ἀπῆλθεν
3110 3031 3190 3095 εἰς
3217 3031 3278 3086 τὸ
3321 3031 3528 3088 κελλίον
3558 3030 3650 3085 τοῦ
3680 3030 3827 3086 ἀΰσᾶ

565 3124 778 3181 Arsenii
809 3123 860 3176 in
899 3122 1069 3183 Secti,
1119 3135 1183 3174 ac
1233 3135 1328 3193 per
1357 3120 1557 3174 ostium
1596 3119 1931 3185 attendebat,
1961 3119 2134 3176 videt-

2255 3123 2529 3195 Ἀρσενίου
2555 3123 2613 3176 ὲν
2652 3123 2869 3194 Σκήτει,
2897 3123 2992 3178 καὶ
3029 3123 3306 3198 προσέσχε
3344 3123 3434 3177 διὰ
3462 3123 3559 3193 τῆς
3589 3121 3823 3193 θυρίδος,

566 3231 672 3285 que
694 3229 879 3269 senem
911 3213 1088 3266 instar
1116 3211 1258 3282 ignis
1289 3219 1460 3265 totum
1487 3228 1502 3277 ;
1534 3220 1652 3266 erat
1673 3219 1855 3266 autem
1891 3211 1939 3268 is
1972 3211 2135 3267 frater

2260 3216 2338 3270 ια).
2369 3215 2562 3286 θεωρεῖ
2591 3214 2682 3269 τὸν
2718 3213 2951 3286 γέροντα
2983 3215 3102 3269 ὅλον
3131 3214 3206 3278 ὡς
3235 3213 3380 3285 πῦρο
3421 3209 3488 3282 ἦν
3525 3213 3581 3266 δὲ
3623 3213 3772 3277 ἄξιος
3800 3215 3829 3267 6

565 3308 764 3376 dignus
803 3305 895 3374 qui
951 3305 1318 3372 conspiceret.
1357 3300 1536 3372 thue
1583 3302 1839 3372 pulsavit,
1885 3318 2134 3373 egressus

2257 3306 2471 3376 ἀδελφὸς
2495 3305 2589 3359 τοῦ
2618 3306 2764 3361 ἰδεῖν.
2793 3307 2905 3361 Καὶ
2923 3305 2998 3370 ὡς
3023 3305 3301 3378 ἔκρουσεν,
3332 3303 3553 3374 ἐξῆλθεν
3579 3305 3606 3356 6
3625 3304 3826 3374 γέρων,

568 3406 653 3452 est
685 3413 872 3462 senex,
895 3404 946 3450 et
977 3395 1328 3460 conspicatus
1348 3393 1569 3450 fratrem
1600 3395 1747 3450 velut
1767 3402 1992 3465 stupore
2015 3410 2137 3450 cor-

2259 3400 2340 3453 ιιαὶ
2365 3400 2560 3470 θεωρεί
2591 3397 2682 3450 τὸν
2715 3398 2942 3469 ἀδελφὸν
2968 3399 3042 3464 ὡς
3073 3398 3366 3469 ἐκθαμϐον.
3397 3397 3508 3456 Kal
3541 3395 3688 3463 λέγει
3724 3396 3828 3448 αύ-

570 3496 803 3559 reptum,
853 3486 990 3540 dixit
1025 3487 1108 3541 ei.-
1179 3487 1220 3538 Α
1256 3486 1498 3540 multone
1527 3492 1771 3558 tempore
1811 3485 1956 3542 fores
2016 3487 2139 3558 pui-

2264 3487 2326 3559 ιῷ
2348 3504 2362 3517 ·
2391 3489 2574 3560 Ἔχεις
2612 3487 2812 3559 πολλὴν
2840 3488 2990 3560 ὥραν
3019 3488 3270 3561 κρούων;
3325 3487 3399 3559 μή
3433 3487 3485 3540 τί
3524 3503 3654 3538 ποτε
3689 3481 3833 3546 εἶδες

571 3580 700 3634 sas?
729 3577 866 3631 Num
898 3577 1100 3648 aliquid
1143 3576 1232 3632 hic
1257 3592 1317 3631 es
1353 3577 1624 3633 intuitus?
1672 3576 2003 3649 Respondit:
2040 3577 2140 3636 Ne-

2269 3574 2386 3646 ἷιδε;
2441 3579 2552 3635 Καὶ
2593 3575 2755 3634 εἰπε·
2806 3579 2961 3650 Οὐχί.
3020 3580 3131 3635 Καὶ
3174 3577 3414 3650 λαλήσας
3433 3577 3476 3609 ³⁸
3521 3575 3683 3631 αὐτὸν
3723 3576 3838 3628 ἁπ-

570 3681 865 3738 quaquam.
897 3666 1034 3720 Tum
1075 3667 1403 3726 collocutus.
1437 3667 1814 3722 dimisiteum.
2253 3671 2463 3726 έλυσεν.

639 3777 731 3832 ‘28.
772 3776 885 3849 (85)
927 3776 1174 3842 Quodam
1213 3784 1460 3845 tempore
1499 3776 1628 3830 dum
1669 3775 1938 3831 resideret
1975 3775 2145 3833 abbas

2321 3791 2426 3856 κη’.
2467 3784 2790 3855 Καθημένου
2835 3801 2936 3838 ποτ
2973 3771 2977 3776 ’
3006 3781 3098 3836 τοῦ
3129 3781 3276 3836 assa
3317 3778 3598 3852 Ἀρσενίου
3632 3779 3714 3843 εἰς
3737 3779 3835 3833 τδν

570 3869 836 3928 Arseuius
869 3869 924 3922 in
954 3867 1198 3938 Canopo,
1230 3868 1493 3923 senatorii
1539 3867 1753 3937 generis
1783 3867 1956 3938 virgo,
1995 3867 2139 3924 dives

2265 3875 2539 3940 Κάνωπον,
2579 3871 2708 3946 ἦλθε
2753 3875 2851 3945 μία
2903 3873 3240 3945 συγκλητικὴ
3289 3871 3557 3943 παρθένος
3599 3869 3834 3922 πλουσία

573 3961 885 4024 admodum,
931 3973 994 4012 ac
1026 3957 1193 4012 Deum
1227 3956 1449 4022 timens,
1491 3957 1641 4010 venit
1686 3971 1719 4010 a
1752 3954 1946 4022 Roma,
1972 3967 2028 4011 ut
2061 3957 2142 4011 vi-

2267 3965 2457 4035 σφόδρα
2493 3966 2588 4018 καὶ
2629 3965 2937 4036 φοϐουμένη
2976 3964 3066 4018 τὸν
3100 3963 3254 4027 Θεὸν,
3305 3961 3412 4015 ἀπὸ
3452 3959 3666 4030 Ῥώμης
3705 3959 3836 4013 ἰδεῖν

573 4053 726 4108 deret
755 4066 918 4118 eum;
967 4057 1332 4120 susceptaque
1370 4053 1455 4104 est
1489 4062 1519 4101 a
1551 4046 1852 4118 Theophilo
1879 4047 2142 4119 archiepi-

2265 4056 2415 4111 ιύτόν
2435 4072 2448 4086 ·
2485 4056 2579 4110 καὶ
2612 4056 2905 4122 ὑπεδέξατο
2937 4055 3106 4127 αὐτὴν
3141 4051 3393 4120 Θεόφιλος
3421 4052 3450 4103 6
3475 4049 3834 4122 ἁρχιεπίσκοο

575 4158 777 4212 scopo;
802 4158 963 4212 quem
996 4141 1229 4212 rogavit,
1249 4147 1309 4194 ut
1342 4141 1460 4196 seni
1491 4139 1843 4211 persuaderet
1865 4140 2144 4196 admittere

2270 4163 2384 4211 lto;'
2421 4147 2516 4200 καὶ
2545 4146 2918 4220 παρεκάλεσεν
2952 4147 3134 4212 αὐτὸν,
3179 4146 3265 4198 ἴνα
3296 4143 3460 4216 πείσῃ
3484 4142 3575 4194 τὸν
3599 4141 3839 4211 γέροντα

536 4226 539 4230 ’
578 4233 747 4288 illam.
774 4232 840 4285 Et
867 4234 1112 4296 veniens,
1139 4233 1390 4288 hortatus
1409 4241 1494 4288 est
1521 4248 1644 4289 eum
1665 4232 1750 4290 bis
1779 4233 1961 4290 verbis
1986 4251 2000 4288 :
2033 4232 2105 4287 Ill:

2268 4236 2509 4304 Ξέξασθαι
2535 4239 2726 4309 αὐτήν.
2771 4237 2882 4292 Kal
2922 4236 3091 4290 ἐλθὼν
3127 4236 3263 4307 πρὸς
3290 4233 3448 4288 αὑτὸν
3489 4232 3837 4304 παρεκάλεσε

581 4323 879 4388 senatoria,
928 4338 958 4376 e
996 4323 1169 4375 Roma
1211 4323 1456 4386 advenit.
1493 4327 1721 4398 vultque
1749 4326 1936 4383 videre
1972 4335 2043 4382 te.
2082 4329 2150 4381 At

2272 4329 2458 4396 ιέγων·
2487 4330 2552 4382 Ἠ
2567 4329 2760 4399 δεῖναή
2788 4328 3123 4398 συγκλητικὴ
3144 4323 3305 4397 ἦλθεν
3331 4325 3437 4380 ἀπὸ
3463 4323 3702 4394 Ῥώμης.
3738 4323 3841 4377 καὶ

578 4429 742 4469 senex
781 4427 888 4466 non
921 4411 1196 4481 acquievit
1227 4420 1287 4465 ut
1327 4413 1542 4467 mulieri
1575 4416 1792 4470 obviam
1838 4418 1959 4472 iret.
2015 4416 2147 4472 Cum

2273 4418 2400 4471 θέλει
2435 4435 2495 4470 σε
2522 4418 2665 4471 ἰδεῖν.
2703 4417 2765 4472 Ὀ
2796 4417 2852 4470 δὲ
2877 4417 3053 4489 γέρων
3082 4418 3142 4472 ού
3171 4416 3494 4483 κατεδέξατο
3522 4412 3842 4483 ἀπαντῆσαι

576 4520 709 4574 ergo
751 4502 945 4574 virgini
978 4501 1349 4556 renuntiatum
1384 4502 1598 4568 fuisset,
1644 4505 1811 4574 jussit
1853 4509 2024 4563 sterni
2063 4510 2145 4581 ju-

2275 4509 2414 4579 ιύτῇ.
2460 4507 2548 4569 Ὠς
2576 4501 2667 4559 οὖν
2701 4504 2971 4575 ἀνηγγέλη
3014 4505 3152 4574 αὐτῇ
3193 4505 3385 4569 ταῦτα,
3421 4503 3629 4556 κελεύει
3657 4518 3844 4574 στρω-

578 4585 785 4658 menta,
821 4593 966 4664 apud
992 4607 1052 4648 se
1079 4592 1299 4648 dicens:
1336 4592 1563 4649 Confido
1593 4593 1725 4661 Deo,
1756 4597 1902 4666 quod
1924 4614 2147 4671 conspe-

2271 4601 2410 4669 Ιῆναι
2438 4599 2632 4669 κτήνη,
2658 4596 2923 4663 λέγουσαο
2969 4593 3216 4647 Πιστεύω
3239 4593 3318 4664 τῷ
3349 4593 3468 4665 Θεῷ
3503 4594 3626 4647 ἰδεῖν
3650 4592 3840 4648 αὐτόν.

579 4695 734 4742 ctura
763 4689 864 4741 sim
895 4683 1224 4751 Arsenium;
1261 4699 1367 4739 non
1393 4685 1540 4740 enim
1566 4687 1634 4740 ad
1665 4687 1938 4743 hominem
1966 4691 2148 4747 viden-

2275 4691 2324 4744 )ύ
2357 4689 2462 4761 γὰρ
2505 4687 2787 4758 ἄνθρωπον
2832 4681 2998 4758 ἦλθον
3033 4685 3196 4739 ἰδεῖν⁶
3251 4685 3360 4740 εἰσὶ
3412 4685 3520 4756 γὰρ
3552 4683 3647 4737 καὶ
3679 4685 3738 4736 ἐν
3769 4686 3844 4756 τῇ

579 4777 707 4835 dum
745 4792 865 4834 sum
893 4776 1174 4848 profecta;
1215 4775 1416 4846 quippe
1447 4791 1570 4831 cum
1608 4778 1858 4849 plurimis
1898 4782 2029 4836 viris
2069 4798 2148 4838 re-

2276 4781 2409 4838 πόλει
2433 4780 2588 4851 ἡμῶν
2627 4777 2813 4832 πολλοὶ
2841 4777 3114 4850 ἄνθρωποι
3135 4795 3149 4810 ·
3193 4778 3331 4832 ἀλλὰ
3357 4778 3641 4849 προφήτην
3669 4772 3845 4847 ἦλθον

580 4867 722 4924 ferta
744 4868 817 4925 sit
832 4877 1021 4924 nostra
1047 4868 1271 4936 civitas;
1293 4868 1389 4924 sed
1408 4867 1475 4922 ad
1495 4867 1814 4925 intuendum
1836 4873 2149 4943 prophetam

2275 4872 2407 4925 δεῖν.
2435 4871 2546 4925 Kal
2574 4869 2650 4934 ὡς
2678 4868 2878 4944 ἔφθασε
2914 4870 3042 4941 περὶ
3077 4869 3177 4940 τὴν
3211 4869 3405 4922 κέλλαν
3430 4867 3526 4921 τοῦ
3560 4867 3844 4936 γέροντος,

581 4959 686 5018 Ιιοι·
739 4959 980 5030 suscepi.
1042 4959 1221 5029 thue
1275 4961 1519 5030 pervenit
1559 4961 1704 5017 circa
1739 4963 1933 5017 cellam
1987 4965 2150 5030 senis,

2278 4962 2378 5017 ιατ’
2427 4961 2737 5032 οἰκονομίαν
2775 4960 2911 5014 Θεοῦ
2961 4959 3288 5032 εύκαίρησεν
3326 4961 3355 5012 6
3388 4958 3565 5029 γέρων
3594 4957 3700 5022 ἔξω
3736 4959 3847 5029 τῆς

584 5050 932 5106 commodum
960 5050 1040 5107 sic
1065 5050 1174 5106 Deo
1209 5051 1533 5122 disponente
1569 5069 1735 5108 senex
1777 5061 1930 5108 extra
1968 5055 2153 5109 cellam

2279 5052 2453 5124 ιέλλης
2475 5069 2490 5084 ⁸
2539 5053 2634 5109 καὶ
2665 5050 2847 5107 ἰδοῦσα
2870 5050 3034 5103 αὐτὸν
3063 5050 3368 5122 προσέπεσε
3411 5051 3523 5113 τοῖς
3549 5048 3708 5101 ποσὶν
3737 5047 3848 5103 αὐ-

582 5141 812 5196 vacahat
839 5159 852 5194 :
881 5158 1042 5212 quem
1068 5142 1156 5197 illa
1179 5152 1466 5208 contuens,
1493 5141 1726 5214 procidit
1750 5144 1816 5198 ad
1838 5143 2000 5213 pedes
2022 5143 2151 5214 ejus.

2280 5144 2376 5198 ποῦ.
2421 5144 2479 5197 '0
2500 5144 2556 5197 δὲ
2579 5144 2797 5215 ἦγειρεν
2827 5142 2996 5214 αὐτὴν
3022 5144 3138 5213 μετ’
3168 5142 3337 5214 ὀργῆς
3359 5141 3469 5212 (85)
3489 5158 3504 5172 ·
3543 5141 3639 5194 καὶ
3668 5157 3849 5211 προσ-

586 5226 640 5285 is
667 5246 797 5286 vero
824 5233 1004 5288 erexit
1036 5233 1182 5288 illam
1215 5247 1341 5287 cum
1375 5233 1487 5300 ira;
1531 5232 1930 5305 intendensque
1961 5238 2016 5289 in
2045 5249 2155 5290 eam

2276 5235 2418 5306 ἑσχεν
2451 5235 2587 5306 αὐτῇ
2625 5235 2832 5304 λέγων·
2865 5237 2928 5289 Εἰ
2950 5235 3011 5289 τὺ
3039 5234 3327 5308 πρόσωπόν
3359 5250 3460 5306 μου
3485 5233 3657 5298 θέλεις
3685 5233 3845 5299 ἰδεῖν,

662 5399 709 5432 ³³
736 5386 824 5454 Al.
863 5403 1098 5475 ἀπόσχῃ.
1176 5404 1220 5438 ³⁸
1251 5405 1340 5461 ΑΞ.
1374 5408 1532 5477 ποιῇς
1552 5405 1858 5478 ἀταράχως.
1919 5407 1961 5439 ³¹
1996 5407 2082 5462 Al.
2104 5407 2208 5466 ins.
2235 5408 2403 5480 αὐτῷ.

656 5551 774 5636 (
965 5555 1112 5636 Patr.
1151 5575 1212 5621 ιι,
1237 5561 1321 5636 5L
1337 5630 1359 5636 Δ
1813 5633 1830 5636 _
2339 5563 2393 5633 (8
2407 5563 2450 5636 ξ)
2488 5563 3078 5636 Κατάλυεηίιιιρινριόε
3093 5573 3270 5628 vetus,
3289 5564 3588 5635 disjungerr
3602 5563 3668 5618 ab
3686 5580 3855 5634 opere

661 5624 774 5689 (Si)
824 5625 927 5704 Vit.
967 5627 1115 5679 Patr.
1147 5645 1228 5685 ιιι.
1263 5630 1400 5694 192;
1440 5645 1537 5699 vii,
1575 5648 1764 5700 xxxw,
1805 5633 1870 5690 9..
2270 5624 2378 5686 tuo.
2407 5624 2622 5693 Inscite.
2652 5649 2716 5687 ac
2750 5634 2926 5689 alieno
2956 5624 3117 5704 plane
3159 5624 3343 5689 sensu.

661 5692 774 5740 (82)
826 5694 927 5740 γη-
970 5694 1116 5740 Patr-
1157 5713 1303 5740 xviii,
1348 5702 1390 5740 I_
1881 5713 1894 5740 \
2328 5703 2452 5740 -ιΩβὲι
2497 5704 2628 5740 Μετ’
2662 5701 2846 5740 rlan
2910 5703 3040 5740 Ριηνι
3080 5703 3338 5740 ὅηιιεηηηιε

967 5694 1117 5748 Patr.
1157 5692 1396 5781 XVIIILI.
1525 5692 1537 5699 ’
1753 5692 1761 5700 ’
1881 5713 1894 5740 l
2328 5703 2452 5770 (85)
2489 5692 2628 5756 Μετ’
2662 5701 2864 5772 ὀργῆς.
2910 5692 3040 5759 cum
3079 5703 3458 5773 indignatione,
3481 5705 3643 5758 vertit
3677 5701 3846 5760 Ptia-

686 5766 754 5818 80
829 5763 930 5817 lit.
966 5763 1116 5818 Patr.
1158 5782 1233 5832 ui,
1264 5772 1364 5832 tio;
1395 5785 1460 5832 ιι,
1496 5769 1548 5825 7.
2271 5774 2390 5832 gius
2425 5791 2438 5826 :
2478 5790 2593 5826 cum
2624 5773 2982 5832 festinatione.
3013 5773 3272 5832 Rufinus.
3305 5774 3422 5832 μεθ’
3459 5773 3652 5832 ὁρμῆς.

686 5763 776 5832 8'5)
829 5763 930 5817 Vit.
966 5763 1116 5818 Patr.
1158 5782 1233 5832 ui,
1264 5768 1364 5834 65;
1395 5785 1460 5836 ιι,
1496 5769 1548 5825 7.

2271 5763 2390 5844 gius
2425 5763 2445 5826 ι’
2478 5790 2593 5826 cum
2622 5763 2982 5844 [eiti'nt'ttionq
3013 5763 3272 5841 Rufinus,
3304 5774 3422 5846 μεθ’
3447 5763 3651 5845 epam.
