3976 6332
545 434 614 489 £9
1723 407 2067 469 APPENDIX
2101 407 2193 462 AD
2229 400 2653 462 PALLADIUM.

3708 377 3810 433 1Ρο

548 544 732 603 solito,
770 539 947 596 visum
984 546 1068 593 est
1109 533 1302 590 cellam
1344 530 1675 599 relinquere.
1714 526 1791 579 Ac
1831 525 1965 580 nihil
1999 521 2124 577 inde

2261 521 2545 574 ατα).ιπεῖν
2573 516 2634 571 τὸ
2656 513 2888 568 κελλίον.
2922 508 3106 579 Μηδὲν
3132 502 3189 560 δέ
3213 500 3274 568 ἐξ
3303 498 3468 555 αὐτοῦ
3491 493 3696 560 λαϐὼν,
3728 493 3813 548 οὖ-

549 647 859 697 assumens,
887 630 961 684 ita
997 626 1236 697 perrexit
1267 622 1332 678 ad
1364 639 1495 679 suos
1527 620 1828 689 discipulos
1862 615 2131 670 Pharani-

2263 631 2338 677 eo;
2375 608 2645 683 ἐπορεύθη
2669 606 2715 640 ³⁸
2749 602 2995 677 μαθητάς
3031 600 3158 661 τοὺς
3202 592 3511 667 Φαρανίτας
3563 584 3811 652 Ἀλέξαν-

548 734 638 780 tas
667 722 1036 779 Alexandrum
1080 726 1133 775 et
1165 717 1402 771 Zoilum.
1437 714 1583 768 Ilixit
1612 727 1741 783 ergo
1774 708 2081 765 Alexandro
2114 720 2128 760 :

2231 706 2356 778 δρον
2378 676 2720 758 καὶ-Ζώῖλνον.
2746 691 2915 750 Εἶπεν
2937 688 3031 746 οὖν
3052 690 3132 760 τῷ
3158 683 3511 753 Ἀλεξάνδρῳ’
3549 676 3813 739 Ἀναστὰς

553 818 752 889 Surge,
781 815 1064 873 ascendite
1099 826 1316 867 navem.
1364 807 1542 878 Atque
1585 805 1659 860 ita
1674 769 1851 859 “fecit.
1887 801 1953 856 Et
1982 800 2133 856 Zoilo

2261 799 2592 853 ινάπλευσον.
2643 792 2753 847 Kal
2803 788 3061 859 ἐποίησεν
3110 782 3302 843 οὕτως.
3346 777 3458 832 Kal
3499 773 3577 844 τῷ
3626 769 3814 842 Ζωΐλῳ

2265 887 2285 889 "
2706 886 2719 889 ε
2752 886 2763 889 -
2856 881 2882 889 ·-
2909 881 2931 889 -·
3109 875 3135 887 ·-
3361 869 3411 889 .9
3459 867 3547 889 --.Α
3582 860 3814 889 ’να-...λη

554 915 629 965 ait
656 928 670 963 :
703 907 837 964 Veni
869 921 1082 961 mecum
1108 917 1281 974 usque
1311 901 1379 954 ad
1406 898 1631 960 ﬂumen,
1661 902 1714 949 et
1742 908 1925 965 quaere
1954 891 2134 946 navim

554 1017 676 1073 quae
695 997 1078 1054 Alexandriam
1109 1011 1194 1049 me
1219 993 1399 1055 vehat,
1427 990 1618 1061 sicque
1641 987 1711 1043 ad
1736 986 1957 1042 fratrem
1982 991 2136 1038 tuum

555 1093 775 1159 naviga.
817 1089 1003 1145 Zoilus
1034 1103 1163 1143 vero
1196 1087 1293 1139 tali
1324 1098 1579 1141 sermone
1626 1079 2011 1142 conturbatus,
2060 1085 2141 1130 ta-

552 1187 691 1240 cuit.
737 1183 924 1253 quue
964 1179 1125 1235 modo
1152 1194 1183 1233 a
1214 1194 1273 1234 se
1304 1176 1539 1232 invicem
1572 1172 1833 1244 disjuncti
1864 1177 2012 1226 sunt.
2035 1167 2140 1223 De-

559 1276 773 1335 scendit
800 1276 966 1346 igitur
984 1288 1149 1329 senex
1181 1269 1247 1324 ad
1281 1281 1463 1339 partes
1492 1264 1867 1328 Alexandriae;
1900 1277 2006 1331 quo
2034 1258 2139 1313 loci

559 1370 617 1425 in
653 1371 1028 1423 vehementem
1061 1363 1311 1419 morbum
1348 1359 1563 1417 incidit.
1595 1357 1666 1411 At
1699 1356 1872 1427 ipsius
1901 1352 2140 1408 ministri

568 1479 665 1518 seu
705 1460 961 1530 discipuli
991 1474 1050 1514 se
1082 1464 1272 1511 mutuo
1313 1457 1682 1523 rogaverunt:
1716 1446 1857 1502 Num
1886 1448 2146 1501 alteruter

561 1567 813 1609 noslrum
860 1565 1044 1606 senem
1102 1546 1479 1610 contrislavit,
1528 1551 1581 1599 et
1622 1556 1741 1596 eam
1796 1538 1868 1594 ob
1923 1551 2143 1594 causam

562 1644 794 1701 secessit
823 1659 851 1696 a
884 1640 1082 1696 nobis?
1130 1637 1239 1693 Nec
1290 1639 1617 1691 invenerunt
1664 1632 1719 1686 in
1764 1646 1824 1687 se
1867 1630 2144 1702 quidpiam

562 1738 762 1806 eulpae,
803 1741 898 1788 aut
937 1730 1344 1786 inobedientim.
1386 1726 1558 1781 Porro
1608 1740 1775 1780 senex
1826 1729 2146 1791 recuperata

562 1829 822 1889 sanitate,
859 1825 997 1879 dixit
1027 1841 1041 1878 :
1077 1821 1284 1877 Vadam
1331 1818 1399 1872 ad
1454 1817 1645 1872 Patres
1691 1829 1862 1871 meos.
1901 1811 2057 1867 llunc
2091 1811 2146 1864 in

2236 887 2376 945 εἷπε·
2410 889 2578 960 Δεῦρο
2606 886 2722 958 μετ’
2749 881 2885 955 ἐμοῦ
2909 881 3012 942 ἕως
3041 875 3138 930 τοῦ
3166 869 3436 942 ποταμοῦ,
3458 867 3553 921 καὶ
3579 860 3817 960 ζήτησύν

2240 1001 2329 1056 μοι
2354 953 2544 1035 πλοῖον
2571 953 2663 1032 ἐπὶ
2680 953 2794 1047 τὴν
2826 969 3238 1041 Ἀλεξάνδρειαν
3256 960 3585 1025 καταπλέον,
3610 974 3681 1012 κα
3725 953 3820 1010 οῦ-

2238 1047 2345 1140 τως
2370 1073 2705 1129 ἁνάπλευσον
2734 1068 2827 1123 zeal
2854 1067 2917 1120 σὺ
2946 1064 3081 1136 πρὸς
3117 1060 3209 1115 τὸν
3246 1054 3476 1125 ἀδελφόν
3505 1069 3621 1105 σου.
3670 1050 3728 1102 ’0
3763 1047 3820 1101 δὲ

2240 1167 2459 1231 Ζώῖλος,
2479 1164 2572 1218 ἐπὶ
2588 1162 2666 1233 τῷ
2684 1161 2830 1231 λόγῳ
2850 1155 3162 1229 ταραχθεὶς,
3194 1147 3491 1216 ἐσιώπησε.
3516 1142 3630 1197 Kal
3647 1140 3823 1233 οῦτωέξ⁵

2242 1256 2619 1330 ἐχωρίσθησαν
2639 1230 2738 1306 *ἀπ’
2763 1248 3026 1319 ἀλλήλων.
3054 1240 3339 1312 Κατῆλθεν
3361 1233 3453 1290 οὖν
3477 1238 3506 1289 6
3526 1234 3706 1305 γέρων
3731 1230 3825 1284 ἐπὶ

2243 1322 2311 1405 τά
2354 1322 2512 1421 μέρη⁷
2552 1341 2982 1414 Ἀλεξανδρείας,
3027 1336 3122 1391 zeal
3166 1331 3462 1421 ἠσθένησεν
3510 1322 3826 1397 ἀρρωστίαν

2249 1416 2508 1515 μεγάλήν.
2542 1440 2605 1491 Οἱ
2639 1438 2696 1491 δὲ
2729 1435 2919 1488 τούτου
2953 1426 3270 1498 διακονηταὶ
3307 1419 3460 1477 εἷπον
3492 1419 3628 1490 πρὸς
3660 1416 3828 1487 anq-

2244 1508 2390 1601 λοῦς’
2418 1508 2508 1604 Μὴ
2542 1532 2650 1604 ἄρα
2669 1547 2752 1594 τις
2776 1526 2932 1600 ἡμῶν
2955 1524 3194 1594 ἐλύπησε
3220 1517 3313 1572 τὸν
3336 1517 3590 1604 γέροντα,
3620 1510 3717 1604 zeal
3742 1508 3831 1562 διὰ

2247 1627 2405 1681 τοῦτο
2436 1602 2710 1697 ἐχωρίσθη
2741 1619 2834 1688 ἀφ’
2858 1616 3013 1689 ἡμῶν
3037 1627 3052 1682 ;
3083 1612 3194 1667 Kal
3220 1609 3320 1680 οὐχ
3346 1602 3503 1679 εὖρον
3527 1605 3588 1657 ἐν
3617 1602 3832 1659 ἑαυτοῖς

2247 1721 2423 1781 οὐδὲν,
2456 1718 2579 1771 ούτε
2605 1716 2687 1769 ὃτι
2714 1713 3071 1783 παρήκουσαν
3096 1703 3260 1760 αὐτοῦ
3288 1717 3442 1755 ποτε.
3484 1693 3751 1763 ’Υγιάνας
3778 1690 3836 1742 δὲ

2248 1813 2278 1864 6
2306 1810 2482 1881 γέρων
2516 1805 2658 1861 εἷπε’
2688 1802 3035 1875 Πορεύσομαι
3059 1796 3196 1869 πρὸς
3216 1794 3342 1856 τοὺς
3363 1789 3530 1861 ἐμοὺς
3558 1783 3832 1881 Πατέρας.

564 1919 790 1977 modum
819 1915 1168 1983 renavigans,
1203 1911 1350 1967 venit
1381 1909 1446 1963 ad
1478 1910 1658 1962 locum
1687 1905 1779 1975 qui
1813 1902 2015 1958 dicitur
2045 1899 2148 1956 Pe-

2261 1869 2568 1961 Kal'oi'mo;
2602 1869 2951 1955 ἅναπλεύσαξ
2987 1886 3152 1962 ἦλθεν
3196 1888 3276 1949 εἰς
3318 1881 3417 1950 τὴν
3448 1878 3669 1983 Πέτραν
3701 1874 3836 1983 ὅπου

567 2021 676 2077 tra,
711 2011 802 2066 ubi
839 2009 1133 2063 manebant
1186 2004 1423 2060 ministri
1476 2001 1671 2072 ipsius.
1720 1996 1968 2066 Cumque
2002 2001 2150 2052 esset

565 2106 724 2177 juxta
753 2104 974 2168 ﬂumen,
996 2099 1192 2156 ancilla
1214 2097 1461 2169 quaedam
1490 2094 1832 2162 Ethiopissa
1854 2090 2146 2152 accedens,

570 2194 752 2263 tetigit
792 2191 966 2262 ipsius
990 2187 1245 2243 meloten.
1267 2182 1406 2239 Tum
1441 2198 1609 2238 senex
1642 2179 1944 2249 increpavit
1976 2177 2148 2231 illam.

571 2285 743 2359 Igitur
786 2283 980 2339 ancilla
1019 2280 1086 2335 ad
1122 2295 1248 2336 eum
1278 2278 1419 2332 dixit
1458 2294 1471 2330 :
1508 2274 1566 2330 Si
1615 2272 1917 2328 monachus
1964 2285 2044 2335 es,
2097 2270 2149 2324 in

554 2385 815 2451 montem
847 2371 1216 2445 proficiscere.
1257 2367 1376 2435 Quo
1413 2380 1665 2424 sermone
1699 2378 1865 2419 senex
1907 2361 1962 2415 in
1994 2375 2149 2415 com-

576 2467 930 2539 punctionem
965 2463 1259 2524 adductus,
1288 2460 1504 2514 dicebat
1537 2456 1678 2528 apud
1713 2471 1771 2511 se
1811 2473 1824 2508 :
1856 2453 2071 2516 Arseni,
2101 2453 2149 2507 si

575 2575 636 2615 es
668 2557 991 2619 monachus,
1034 2556 1089 2609 in
1131 2561 1368 2609 montem
1400 2550 1771 2621 proﬁciscere.
1812 2548 2027 2601 Interea
2060 2559 2152 2599 oc-

575 2656 869 2706 currerunt
890 2648 939 2702 ei
965 2645 1274 2702 Alexander
1303 2653 1356 2699 et
1384 2641 1591 2697 Zoilus.
1622 2639 1870 2710 Cumque
1896 2636 2155 2708 procidis

576 2751 700 2799 sent
736 2752 862 2796 ante
894 2738 1057 2812 pedes
1092 2737 1262 2802 illius,
1296 2750 1356 2790 se
1404 2733 1570 2789 etiam
1616 2729 1918 2802 prostravit
1954 2743 2155 2794 senex;

576 2850 641 2889 ac
671 2834 870 2888 ﬂebant
901 2847 965 2887 ex
992 2838 1223 2900 utraque
1250 2835 1425 2898 parte.
1462 2825 1553 2880 Ait
1585 2840 1751 2893 senex
1783 2842 1796 2877 :
1828 2820 2024 2877 Nonne
2055 2836 2155 2874 au-

576 2924 758 2980 diistis
783 2929 1077 2992 mgrotasse
1100 2918 1222 2974 me?
1248 2915 1677 2988 lleSponderunt
1706 2933 1719 2969 :
1744 2912 1822 2968 Ita
1852 2921 1953 2969 est.
1977 2914 2157 2969 Senex

577 3025 708 3071 tunc
736 3033 749 3069 :
778 3014 843 3067 Et
876 3028 975 3067 cur
1008 3025 1116 3064 non
1151 3008 1380 3063 venistis
1410 3005 1478 3060 ad
1509 3004 1804 3060 videndum
1830 3004 1956 3059 me?
1976 3004 2159 3057 Abbas

2253 1990 2397 2064 ἦσαν
2429 1993 2479 2043 ol
2512 1985 2829 2058 διακονηταὶ
2870 1981 3060 2037 αὐτοῦ.
3109 1980 3300 2039 Ὄντος
3327 1972 3385 2026 δὲ
3415 1968 3577 2025 αὐτοῦ
3610 1964 3840 2064 πλησίον

2255 2086 2349 2139 τοῦ
2376 2080 2639 2153 ποταμοῦ,
2662 2077 2920 2147 παιδίσκη
2941 2091 3025 2138 τις
3047 2068 3375 2125 Ᾱίθιύπισσα
3390 2061 3639 2118 ἐλθοῦσα,
3659 2054 3844 2125 ἥψατο

2256 2178 2355 2247 τῆς
2395 2148 2649 2247 μηλωτῆς
2688 2168 2874 2225 αὐτοῦ.
2922 2167 2982 2219 '0
3011 2165 3067 2217 δὲ
3096 2162 3273 2233 γέρων
3310 2155 3639 2247 ἐπετίμηῌσεν
3676 2148 3842 2247 αὐτῇ.

2270 2269 2332 2323 Ἠ
2366 2264 2458 2321 οὖν
2489 2265 2749 2332 παιδίσκη
2775 2259 2925 2314 εἶπεν
2958 2254 3129 2327 αὐτῷ·
3157 2253 3220 2306 Ei.
3251 2248 3480 2321 μοναχδς
3504 2240 3575 2308 εἴ,
3605 2240 3845 2312 πορεύου

2260 2359 2339 2421 εἰς
2380 2355 2442 2409 τὸ
2485 2355 2629 2426 ὅρος.
2682 2325 2823 2406 ’θ’δὲ
2854 2346 3031 2418 γέρων
3073 2325 3166 2396 ἐπὶ
3198 2337 3277 2410 τῷ
3312 2337 3458 2426 λόγω
3497 2325 3840 2426 κατανυγεὶξ

2261 2418 2444 2517 ἔλεγεν
2471 2418 2530 2499 ἐν
2551 2441 2748 2512 ἐαυτῷ
2785 2438 3052 2510 Ἀρσένιε,
3080 2435 3128 2487 εί
3157 2428 3387 2504 μοναχδς
3409 2422 3476 2488 εἴ,
3505 2420 3740 2493 πορεύου
3761 2418 3849 2478 εἰς

2260 2542 2318 2594 τὺ
2348 2508 2495 2612 δρος.
2523 2538 2634 2591 Kal.
2671 2508 2765 2588 ἐπὶ
2802 2508 2977 2601 τούτῳ
3008 2527 3330 2596 ἀπήντησαν
3363 2515 3513 2587 αὑτῷ
3542 2515 3571 2568 δ
3593 2529 3653 2566 τε
3697 2508 3854 2563 Ἀλέ-

2264 2634 2486 2705 ξανδρος
2513 2630 2606 2684 zeal.
2636 2625 2855 2688 Ζὼἳλοςο
2884 2622 2978 2676 zeal
3007 2614 3381 2673 ἐπιπεσόντων
3405 2604 3585 2663 αὐτῶν
3605 2603 3722 2664 τοῖς
3746 2614 3854 2651 πο-

2265 2692 2349 2777 σὶν
2383 2692 2570 2783 άύτοῦ,
2595 2714 2817 2788 ἔρριψεν
2840 2709 3032 2767 ἐαυτὸν
3054 2707 3149 2761 zeal
3172 2706 3201 2757 6
3226 2701 3291 2772 γέ
3302 2715 3428 2773 ρωνο
3449 2695 3544 2751 zeal
3570 2692 3853 2788 ἔκλαυσαν

2263 2779 2584 2885 ἀμφότεροι.
2778 2804 2835 2856 δὲ
2864 2804 2892 2855 6
2916 2801 3114 2871 γέρωνο
3143 2793 3258 2849 Ούκ
3280 2785 3660 2885 Moderare-61:
3693 2779 3890 2885 ἡσθέῖ

2264 2869 2435 2974 νῆέω
2460 2869 2570 2952 Kal
2600 2891 2755 2949 εἶπον
2782 2869 2948 2962 αύτῷζ
2984 2869 3110 2942 Ναί.
3141 2885 3253 2939 Kal
3277 2881 3426 2949 λέγει
3452 2879 3480 2930 6
3507 2869 3859 2974 γέρων-,βοὶ

2264 2958 2405 3045 ea:
2421 2958 2521 3041 ὸοκ
2546 2984 2735 3056 ἧλθετε
2769 2958 3017 3049 laenae;
3049 2976 3158 3030 Kal.
3184 2973 3331 3040 λέγει
3358 2971 3387 3022 6
3412 2958 3861 3056 ἀϐὄᾶςἋλέξαν-

579 3050 708 3071 ...ην
737 3056 749 3069 ,
781 3050 843 3067 ι..
876 3050 964 3067 υ...
1009 3050 1116 3064 ..νη
1161 3050 1379 3063 .-.........
1410 3050 1478 3060 κ..
1520 3050 1804 3060 ..-ηπ-η-
1832 3050 1948 3059 -----
1976 3050 2157 3057 πη---

579 3104 889 3160 Alexander
917 3102 1083 3155 dixit:
1117 3097 1402 3168 Separatio
1427 3105 1517 3150 tua
1542 3110 1571 3148 a
1598 3095 1755 3150 nobis
1814 3108 2157 3165 nequaquam

2263 3083 2387 3153 δρος
2424 3081 2506 3134 ὅτι
2616 3072 2892 3147 χωρισμός
2910 3087 3002 3123 σου
3020 3068 3112 3137 ἀφ’
3127 3064 3283 3136 ἡμῶν
3304 3062 3364 3114 οὐ
3386 3059 3577 3128 γέγονε
3601 3050 3857 3114 πιθανὸς.

581 3197 683 3249 l’uit
714 3200 961 3261 accepta,
985 3191 1098 3245 imo
1120 3188 1306 3242 multis
1332 3186 1540 3250 nocuit,
1564 3186 1658 3255 qui
1683 3185 1758 3240 ita
1779 3185 2162 3241 disserebant:

579 3286 696 3340 Nisi
727 3282 1103 3338 inobedientes
1128 3278 1474 3334 exstitissent
1503 3276 1645 3344 seni,
1681 3292 1791 3332 non
1826 3278 1894 3332 ab
1927 3277 2038 3333 illis
2077 3291 2166 3332 se-

581 3374 863 3428 cessiss--t.
899 3369 1040 3423 Dicit
1067 3367 1148 3423 eis
1188 3386 1201 3422 :
1255 3365 1471 3422 Rursus
1525 3367 1710 3436 itaque
1756 3366 2165 3436 pronuntiaturi

581 3473 711 3520 sunt
741 3462 1027 3516 homines:
1069 3457 1188 3513 Non
1228 3459 1434 3512 invenit
1462 3446 1714 3513 columba
1747 3460 1989 3528 requiem
2024 3458 2169 3529 pedi-

581 3556 687 3611 bus
713 3553 854 3617 suis,
889 3558 946 3606 et
974 3566 1194 3608 reversa
1229 3556 1313 3605 est
1342 3547 1411 3601 ad
1443 3545 1559 3602 Noe
1593 3548 1652 3600 in
1684 3562 1870 3602 arcam
1892 3549 1959 3601 ³³.
1990 3550 2172 3619 Atque‘

584 3649 688 3702 huc
720 3652 878 3716 pacto
903 3642 1181 3699 conciliati
1214 3651 1377 3708 sunt;
1404 3640 1715 3710 mansitque
1739 3654 1862 3693 cum
1890 3640 1970 3696 eis
1994 3656 2169 3711 usque

585 3740 653 3795 ad
690 3744 917 3791 mortem
948 3750 1128 3790 suam.

659 3833 751 3888 35.
767 3830 905 3901 (95’)
927 3827 1073 3882 Dixit
1091 3827 1257 3882 abbas
1276 3824 1465 3880 Daniel
1485 3843 1499 3878 :
1516 3823 1686 3880 Nobis
1711 3823 1878 3879 abbas
1901 3823 2169 3879 Arsenius

583 3925 740 3981 velut
769 3922 836 3978 de
862 3920 975 3976 alio
1006 3919 1283 3984 narravit;
1320 3917 1459 3972 forte
1484 3926 1666 3972 autem
1695 3917 1811 3987 ipse
1840 3923 1992 3980 erat;
2024 3914 2169 3984 quod

585 4017 654 4074 ad
688 4030 876 4071 senem
918 4012 1215 4084 quemdam
1255 4012 1311 4065 in
1349 4025 1449 4065 sua
1475 4009 1612 4065 cella
1642 4009 1918 4064 sedentem
1947 4006 2170 4078 delapsa

589 4108 757 4163 fuerit
799 4104 1119 4176 hujnsmodi
1158 4119 1264 4158 vox
1292 4122 1306 4159 :
1332 4101 1492 4169 Veni,
1532 4100 1820 4156 ostendam
1858 4099 1954 4154 tibi
2003 4112 2170 4169 opera

591 4198 903 4250 hominum.
940 4195 1015 4249 Ac
1049 4209 1283 4267 surgens
1310 4209 1571 4265 egressus
1601 4200 1716 4260 est;
1747 4192 2011 4261 duxitque
2043 4204 2195 4244 eum-

593 4288 646 4342 in
673 4288 855 4341 locum
881 4286 1196 4356 quemdam.
1217 4296 1272 4340 et
1298 4285 1541 4342 ostendit
1564 4284 1878 4355 Ethiopem
1903 4283 2048 4354 ligna
2071 4296 2172 4335 cae-

592 4379 836 4440 dentem,
863 4392 928 4431 ex
959 4376 1165 4446 quibus
1194 4376 1521 4430 conﬁciebat
1560 4376 1820 4445 grandem
1856 4372 2163 4436 sarcinam;

2279 3146 2371 3228 zeal
2392 3171 2572 3224 πολλοὶ
2592 3146 2690 3221 οὐκ
2708 3146 3469 3235 ὠφελήθησαν,λέγοντες,ὄτι
3495 3150 3558 3203 Ei
3582 3146 3656 3217 μὴ
3704 3158 3863 3213 παρη

2272 3268 2508 3340 ήκουσαν
2523 3260 2615 3315 τοῦ
2633 3254 3007 3329 γέροεθτο,,ούκ
3022 3250 3085 3305 ἂν
3102 3243 3371 3318 ἐχωρίσθη
3390 3240 3450 3307 ἐξ
3463 3240 3660 3295 αὐτῶν.
3688 3235 3860 3303 Λέγει

2272 3326 2474 3418 αὐτοῖς’
2498 3326 2667 3409 Πάλιν
2688 3326 2780 3403 οὖν
2799 3345 3051 3418 μέλλουσι
3063 3340 3242 3408 λέγειν
3257 3337 3307 3389 οἱ
3326 3334 3423 3389 ave
3432 3347 3626 3405 ρωποι,
3639 3329 3723 3382 ὅτι
3739 3326 3865 3394 Οὐχ

2274 3442 2433 3519 εὗρεν
2467 3448 2502 3518 ἡ
2544 3441 2841 3516 περιστερὰ
2878 3435 3182 3492 ἀνάπαυσιν
3213 3431 3325 3491 τοῖς
3355 3425 3511 3480 ποσὶν
3539 3424 3729 3492 αὐτῆς,
3758 3421 3866 3473 καὶ

2274 3512 2573 3611 ἀνέστρεψε
2599 3512 2736 3607 πρὸς
2766 3533 2857 3585 τὸν
2882 3529 3028 3591 Νῶε,
3052 3526 3132 3587 εἰς
3151 3523 3249 3593 τὴν
3272 3518 3523 3574 κιϐωτόν.
3546 3515 3655 3569 Kal
3676 3512 3868 3577 οὕτως

2275 3627 2741 3702 ἐθεραπεύθησαν⁹
2777 3621 2872 3675 zeal.
2902 3620 3085 3691 ἔμεινε
3115 3613 3233 3687 μετ’
3258 3610 3436 3666 αὐτῶν
3458 3609 3503 3641 ³⁸
3521 3608 3625 3670 ἕως
3647 3607 3750 3677 τῆς
3768 3621 3869 3657 τε-

2273 3722 2465 3791 λευτῆς
2499 3716 2685 3773 αὐτοῦ.

2344 3790 2445 3884 λγί.
2492 3809 2659 3865 Εἶπεν
2686 3811 2715 3862 6
2743 3805 2918 3869 esse;
2946 3800 3164 3870 Δανιὴλ,
3211 3799 3294 3852 ὃτι
3327 3794 3632 3866 Διηγήσατο
3662 3791 3807 3861 ἡμῖν
3837 3790 3869 3842 6

2275 3883 2449 3970 άῦϐάς
2491 3903 2763 3976 Ἀρσένιος
2790 3900 2865 3963 ὡς
2896 3895 3027 3968 περὶ
3054 3883 3222 3947 ἄλλου
3240 3888 3404 3951 τινός·
3440 3888 3579 3956 τάχα
3603 3884 3660 3938 δὲ
3692 3883 3873 3945 αὐτὸς

2273 3997 2363 4073 ἦν·
2393 4001 2475 4053 ὄτι
2508 3974 2819 4066 καθημένου
2849 3988 2995 4051 τινὸς
3025 3985 3280 4057 γέροντος
3308 3983 3389 4043 είς
3419 3977 3481 4031 τδ
3512 3974 3725 4030 κελλίον
3751 3975 3868 4026 αὑ-

2275 4068 2391 4159 τοῦ,
2414 4089 2577 4166 ἦλθεν
2602 4086 2749 4159 αύτῷ
2780 4084 2931 4156 φωνὴ
2958 4082 3211 4151 λέγουσα’
3235 4075 3425 4147 Δεῦρο,
3458 4073 3554 4126 zeal
3582 4068 3743 4135 δείξω
3773 4084 3872 4122 σοι

2274 4187 2344 4241 τὰ
2374 4159 2510 4256 ἐρίτα
2553 4181 2661 4236 τῶν
2707 4174 3030 4250 ἀνθρώπων.
3063 4170 3177 4227 Kal.
3220 4165 3456 4228 ἀναστάς
3502 4159 3713 4230 £5110;-
3760 4160 3873 4214 zeal

2275 4252 2586 4350 araque-{xw
2614 4270 2776 4326 αὐτὸν
2805 4269 2884 4332 εις
2908 4265 3072 4320 τόπον
3098 4261 3241 4326 τινὰ,
3278 4259 3373 4313 zeal
3402 4255 3601 4321 ἔδειξεν
3621 4252 3871 4306 Αἰθίοπα

2276 4370 2544 4423 κόπτοντα
2584 4363 2738 4431 ξύλα,
2772 4361 2867 4414 zeal
2901 4358 3201 4427 ποιήσαντα
3241 4350 3460 4422 φορτίον
3501 4345 3661 4418 μέγα·
3699 4344 3873 4397 ἐπει-

590 4468 898 4523 conabatur
928 4473 1108 4521 autem
1136 4466 1284 4520 illam
1317 4436 1689 4535 portare,'nec
1709 4463 1955 4529 valebat;
1984 4471 2038 4519 et
2067 4477 2157 4533 pro

2271 4463 2401 4533 ρὶτο
2425 4459 2481 4512 δὲ
2507 4456 2638 4510 αὐτὸ
2658 4452 2950 4525 βαστάσαι,
2974 4449 3072 4501 zeal
3098 4446 3200 4500 οὐκ
3227 4442 3480 4514 ἡδύνατο’
3503 4438 3599 4493 zeal
3618 4437 3741 4490 ἀντὶ
3761 4436 3871 4490 τοῦ

592 4571 660 4611 eo
692 4562 750 4610 ut
776 4554 907 4610 inde
933 4553 1184 4610 nonnihil
1199 4552 1658 4618 tolleret,iternm
1686 4551 1959 4606 incidebat
1990 4552 2156 4622 ligna,

593 4658 758 4719 atque
787 4646 1080 4716 adjiciebat
1107 4645 1176 4702 ad
1205 4645 1501 4702 sarcinam.
1539 4641 1599 4697 Id
1641 4657 1804 4712 porro
1836 4641 2044 4697 diutius
2080 4640 2163 4695 fa-

591 4738 796 4794 ciebat.
830 4736 892 4790 Et
920 4736 1200 4807 paululum
1232 4748 1580 4806 progressus,
1615 4732 1811 4788 iterum
1846 4732 2083 4788 ostendit
2114 4732 2164 4786 ei

594 4828 870 4884 hominem
893 4827 990 4896 qui
1017 4827 1193 4882 stabat
1224 4825 1288 4879 ad
1321 4826 1519 4887 lacum,
1551 4822 1944 4890 bauriebatque
1969 4834 2164 4890 aquam

591 4934 664 4975 ex
688 4919 802 4981 illo,
827 4933 891 4973 ac
923 4916 1287 4973 transferebat
1316 4916 1371 4970 in
1404 4923 1684 4987 pertusum
1707 4927 1824 4977 vas,
1852 4910 1995 4982 quod
2016 4925 2165 4965 eam-

594 5010 719 5065 dem
750 5023 949 5079 aquam
986 5009 1043 5063 in
1081 5008 1260 5063 lacum
1305 5007 1648 5063 refundebat.
1681 5004 1875 5061 Postea
1908 5004 2046 5059 dixit
2071 5004 2120 5058 ei
2152 5022 2166 5058 :

594 5097 756 5162 Veni,
787 5097 1072 5154 ostendam
1103 5097 1201 5152 tibi
1233 5096 1404 5151 aliud.
1435 5096 1573 5151 Tum
1612 5095 1749 5151 vidit
1786 5094 2071 5164 templum,
2105 5107 2170 5147 ac

591 5189 733 5244 duos
763 5189 913 5244 viros
943 5186 1196 5245 sedentes
1236 5188 1290 5242 in
1329 5187 1509 5259 equis,
1542 5193 1595 5243 et
1639 5193 1921 5258 portantes
1960 5185 2166 5256 lignum

593 5280 834 5349 oblique,
884 5280 1032 5335 hunc
1077 5288 1268 5336 contra
1315 5279 1505 5344 illum;
1553 5277 1809 5335 volebant
1855 5284 2034 5332 autem
2076 5290 2172 5343 per

590 5369 815 5438 ianuam
870 5369 1104 5441 ingredi,
1144 5384 1324 5440 neque
1371 5377 1646 5440 poterant,
1692 5376 1979 5438 propterea
2020 5365 2168 5436 quod

593 5460 801 5531 lignum
826 5468 1201 5518 transversum
1231 5468 1399 5519 esset.
1434 5459 1545 5515 Nec
1576 5474 1636 5515 se
1659 5458 1880 5516 demisit
1907 5459 2169 5514 alteruter

664 5617 708 5649 ³³
741 5616 876 5673 Gen.
904 5622 1023 5685 vm',
1054 5618 1108 5673 9.

592 5682 851 5757 πλαγίως.

664 5803 800 5875 (93')
840 5800 947 5856 Vit.
987 5798 1145 5858 Patr.
1179 5816 1337 5869 xvm,
1361 5800 1419 5855 2.

2260 4527 2392 4624 άραι
2428 4549 2487 4616 ἐξ
2515 4545 2703 4611 αὐτοῦ,
2735 4541 2898 4597 πάλιν
2920 4539 2967 4572 ³⁸
3000 4537 3200 4592 ἔκοπτε
3231 4534 3386 4599 ξύλα,
3418 4532 3513 4587 zeal
3542 4527 3871 4601 προσετίθει

2259 4620 2337 4711 τῷ
2381 4638 2605 4710 φορτίῳ.
2638 4632 2809 4688 Τοῦτο
2855 4630 2912 4685 δέ
2958 4630 3051 4683 ἐπὶ⁸
3083 4628 3218 4682 πολὺ
3250 4626 3443 4680 ἐποίει.
3487 4621 3598 4677 Kal
3642 4620 3874 4691 προϐὰς

2260 4732 2438 4800 ὀλίγον
2474 4728 2633 4783 πάλιν
2680 4724 2878 4789 ἔδειξεν
2924 4719 3073 4793 αύτῷ
3105 4719 3393 4790 ἄνθρωπον
3433 4715 3723 4786 ἱστάμενον
3763 4717 3873 4769 ἐπὶ

2262 4825 2489 4888 λάκκου,
2519 4821 2613 4875 καὶ
2645 4817 2944 4874 ἁντλοῦντα
2978 4815 3124 4887 ὕδωρ
3152 4812 3211 4880 ἐξ
3243 4810 3433 4874 αὐτοῦ,
3455 4808 3550 4863 zeal
3580 4806 3871 4878 μεταϐάλ-

2264 4915 2425 4969 λοντα
2451 4916 2530 4978 είς
2561 4912 2861 4983 δεξαμενὴν
2882 4908 3294 4982 τετρημμένην,
3321 4903 3416 4959 zeal
3453 4902 3514 4956 τὸ
3539 4900 3673 4957 αὐτὸ
3706 4900 3871 4973 ὕδωρ

2267 5008 2563 5077 ἐκχέουσαν
2601 5005 2680 5067 είς
2725 5002 2816 5056 τὸν
2860 5002 3081 5055 λάκκον.
3132 4998 3243 5052 Kal
3282 4996 3432 5065 λέγει
3463 4991 3611 5063 αὐτῷ
3665 4992 3865 5048 πάλιν·

2266 5095 2455 5167 Δεῦρο,
2488 5094 2645 5158 δείξω
2680 5111 2761 5146 σοι
2790 5090 2936 5147 ἄλλο.
2960 5089 3070 5142 Kal
3112 5089 3307 5159 θεωρεῖ
3333 5086 3497 5158 ἱερὸν,
3521 5085 3615 5138 zeal
3641 5082 3739 5137 δύο
3765 5084 3873 5138 ἄν·

2267 5184 2398 5256 δρας
2430 5183 2769 5255 καθημένους
2791 5182 3000 5243 ἵπποις,
3022 5180 3117 5233 zeal
3135 5176 3501 5249 βαστάζοντας
3531 5174 3685 5242 ξύλον
3714 5175 3871 5229 πλα-

2276 5276 2426 5344 γίως,
2450 5275 2546 5328 ἕνα
2570 5274 2856 5328 κατέναντι
2880 5270 2974 5326 τοῦ
3005 5270 3141 5333 ἐνόςο
3164 5267 3352 5342 ἤθελον
3375 5268 3432 5323 δὲ
3452 5267 3540 5321 διὰ
3557 5265 3658 5337 τῆς
3679 5265 3875 5338 πύλης

2275 5366 2558 5430 εἰσελθεῖν,
2605 5365 2700 5419 zeal
2745 5367 2846 5418 οὐκ
2886 5364 3169 5434 ἠδύναντο,
3217 5361 3305 5415 διά
3343 5361 3406 5414 τὸ
3431 5354 3574 5413 εἶναι
3601 5359 3664 5411 τὸ
3697 5357 3875 5425 ξύλον

2232 5468 2237 5473 ‘
2275 5456 2504 5524 πλάγιον
2525 5455 2591 5511 ".
2608 5455 2723 5508 Οὐκ
2746 5452 3077 5508 ἐταπείνωσε
3101 5452 3156 5505 δέ
3175 5453 3204 5504 6
3231 5445 3312 5515 εἷς
3341 5448 3528 5504 ἐαυτὸν
3556 5445 3736 5501 ὀπίσω
3763 5448 3877 5501 τοῦ

1207 5616 1254 5650 ⁸⁸
1286 5616 1373 5675 Al.
1400 5615 1570 5676 inser.
1596 5617 1732 5690 πρὸς
1766 5617 1892 5682 τοὺς
1937 5614 2154 5672 ἑαυτοῦ.

2261 5615 2297 5695 rs
2328 5613 2413 5669 Αι,
2451 5611 2670 5683 ἔμειναν
2706 5610 2824 5683 μετ’
2857 5608 3045 5665 αὐτοῦ.
3137 5609 3183 5641 ⁹⁹
3213 5607 3302 5662 Al.
3336 5602 3608 5662 ἀπελθών.
3683 5603 3730 5638 ⁸⁷
3768 5604 3874 5664 Al.
