3974 6332
185 411 280 468 {Ol

1357 401 1967 461 ΔΓΟΡΙΙΤΙΙΕΟΜΑΤΑ
2011 405 2313 463 ΡΑΤΒΕΜ.

3352 411 3452 470 1οξ

178 519 371 591 ἑτέρου
403 516 628 585 ἐνέγκαι
661 512 722 568 τὸ
755 512 909 580 ξύλον
950 515 1031 569 ἐπ’
1060 516 1295 580 εὖθείας·
1340 517 1433 568 κα)⁵
1473 517 1561 570 διὰ
1600 514 1759 571 τοῦτο

1868 528 2031 585 retro,
2066 528 2125 574 ut
2163 520 2371 592 lignum
2418 517 2585 574 ferret
2632 518 2685 575 in
2733 529 2982 589 rectum;
3025 523 3255 596 ideoque
3296 538 3445 582 extra

180 612 407 680 ἔμειναν
430 609 538 673 ἔξω
563 608 665 676 τῆς
700 605 897 677 πύλης.
928 600 1089 661 Οὗτοί
1113 610 1239 670 εἰσι,
1276 610 1459 677 φησὶν,
1483 609 1531 661 oi
1569 609 1769 678 βαστά-

180 700 370 765 ζοντες
401 698 479 761 ὡς
504 697 856 767 δικαιοσύνης
884 695 1045 764 ςυγδν
1074 695 1211 764 μετά
1246 696 1643 767 ὑπερηφανίας,
1676 698 1771 751 xal

180 793 283 846 οὐκ
316 788 767 859 ἀταπεινώθησαν
806 787 902 840 τοῦ
948 786 1343 859 διορθώσασθαι
1390 790 1635 851 ἑαυτοὺς,
1676 789 1770 842 καὶ

182 879 521 953 πορευθῆναι
549 882 615 949 τῇ
642 880 873 949 ταπεινῇ
900 876 1004 947 ὁδῷ
1027 876 1120 931 τοῦ
1148 878 1404 949 Χριστοῦ·
1432 880 1514 933 διὸ
1548 881 1641 932 καὶ
1671 880 1769 951 μέ-

178 987 364 1024 νωσιν
401 968 508 1035 ἔξω
535 968 634 1037 τῆς
664 965 937 1036 βασιλείας
961 966 1055 1020 τοῦ
1085 966 1241 1023 Θεοῦ.
1285 969 1345 1022 '0
1369 970 1423 1021 δὲ
1455 969 1667 1021 κόπτων
1698 969 1769 1023 τὰ

179 1062 316 1129 ξύλα
350 1060 636 1131 Ξνθρωπὸς
661 1061 811 1113 ἐστιν
840 1058 898 1111 ὲν
925 1057 1220 1130 ἁμαρτίαις
1250 1059 1491 1123 πολλατςο
1527 1060 1621 1114 καὶ
1646 1061 1768 1113 ἀντὶ

175 1152 273 1209 τοῦ
310 1152 664 1224 μετανοῆσαι.
695 1149 862 1212 ἄλλας
894 1149 1123 1220 ἀνομίας
1151 1150 1431 1221 προστιθεί
1451 1152 1635 1205 ἐπάνω
1661 1151 1768 1204 τῶν

177 1246 470 1319 ἁμαρτιῶν
512 1242 699 1298 αὑτοῦ.
733 1243 844 1297 Kal
874 1244 902 1296 6
944 1241 1005 1296 τδ
1050 1240 1195 1314 ὕδωρ
1234 1243 1440 1298 ἀντλῶν
1483 1244 1768 1317 ἄνθρωπός

178 1343 294 1395 ἐστι
340 1339 481 1393 καλὰ
513 1337 609 1408 μὲν
636 1335 773 1409 ἔργα
809 1334 999 1396 ποιῶν.
1035 1335 1149 1389 ἀλλ’
1193 1336 1377 1407 ἐπειδὴ
1416 1330 1558 1407 εἶχεν
1586 1340 1641 1389 ὲν
1664 1338 1765 1390 αὑ-

173 1433 289 1493 τοῖς
334 1426 582 1497 πονηράν
615 1424 918 1495 συμμιγὴν.
962 1425 1019 1477 ὲν
1052 1420 1227 1494 τούτῳ
1271 1422 1518 1479 ἀπώλεσε
1568 1425 1659 1477 καὶ
1698 1423 1767 1477 τὰ

172 1521 320 1573 καλά
353 1517 525 1571 αὐτοῦ
564 1515 719 1588 ἔργα.
766 1516 886 1585 Χρὴ
926 1510 1019 1567 οὖν
1049 1515 1237 1584 νήφειν
1267 1516 1444 1568 πάντα
1483 1514 1767 1588 ἄνθρωπον

173 1611 256 1671 είς
282 1608 351 1660 τὰ
380 1607 521 1676 ἔργα
557 1603 745 1668 αὑτοῦ,
781 1603 868 1657 ἴνα
895 1602 969 1674 μὴ
995 1605 1072 1666 είς
1103 1602 1257 1656 κενὸν
1290 1604 1553 1676 κοπιάσῃ.

245 1696 342 1748 λδ’.
391 1697 451 1748 '0
484 1693 645 1757 αὐτὸς
674 1695 991 1764 διηγήσατο.
1020 1693 1099 1746 ὅτι
1136 1692 1267 1747 ποτὲ
1296 1688 1458 1766 ἦλθόν
1486 1708 1629 1759 τινες
1657 1692 1767 1749 τῶν

174 1785 444 1857 Πατέρων
474 1784 584 1838 ἀπὸ
621 1783 1048 1855 Ἀλεξανδρείας.
1081 1784 1209 1837 ίδεῐν
1240 1783 1330 1837 τὸν
1357 1784 1531 1837 ἀὸὃᾶν
1575 1782 1762 1855 Ἀρσέ-

1872 619 2083 680 portam
2114 617 2522 665 remanserunt.
2556 609 2644 676 Hi,
2675 610 2874 681 inquit,
2908 624 3035 668 sunt
3066 617 3316 673 homines
3348 621 3439 689 qui

1871 700 2016 753 velut
2039 698 2267 771 iustitiae
2288 698 2480 770 jugum
2508 710 2727 771 portant
2750 718 2873 757 cum
2898 706 3175 775 superbia,
3199 725 3300 765 nec
3326 726 3447 765 sese

1870 786 2207 843 demiserunt
2238 797 2295 843 ut
2328 791 2757 862 corrigerentur,
2805 794 3229 868 incederentque
3260 801 3312 855 in
3347 801 3449 854 ίιιιο

1869 877 1983 930 mili
2022 876 2230 932 Christi
2269 879 2356 934 via
2397 898 2409 935 :
2454 880 2599 936 unde
2642 890 2797 937 extra
2832 900 3059 957 regnum
3101 887 3195 943 Dei
3228 905 3447 959 perma-

1869 974 2019 1020 nent.
2056 965 2158 1033 Qui
2206 982 2338 1022 vero
2369 969 2517 1040 ligna
2549 969 2815 1036 caedebat,
2871 973 3033 1027 homo
3080 982 3165 1028 est
3211 985 3445 1032 onustus

1871 1058 2144 1127 peccatis;
2178 1060 2270 1129 qui
2308 1057 2428 1112 loco
2457 1061 2812 1130 pmnitentiaa,
2845 1063 2983 1117 alias
3021 1062 3208 1132 adjicit
3244 1065 3450 1136 iniqui-

1868 1154 2008 1202 tates
2031 1147 2096 1201 ad
2129 1156 2349 1218 peccata
2378 1165 2497 1206 sua.
2530 1148 2623 1206 Ille
2649 1167 2779 1207 vero
2800 1154 2893 1223 qui
2917 1154 3203 1209 hauriebat
3224 1170 3442 1226 aquam,

1868 1237 2030 1292 homo
2066 1248 2169 1301 est,
2212 1241 2305 1310 qui
2337 1242 2558 1312 quidem
2604 1244 2742 1298 bona
2785 1260 2949 1313 opera
2994 1246 3142 1310 facit,
3182 1249 3277 1304 sed
3314 1250 3443 1319 quia

1864 1342 1992 1382 cum
2034 1329 2141 1385 illis
2183 1331 2325 1383 mala
2372 1332 2633 1400 permista
2681 1332 2865 1399 habet,
2914 1335 2967 1388 in
3008 1350 3076 1390 eo
3105 1338 3269 1391 etiam
3303 1338 3443 1392 bona

1867 1430 2033 1485 Opera
2070 1419 2321 1486 perdidit.
2359 1418 2585 1490 Oportet
2624 1422 2789 1491 igitur
2819 1433 2878 1478 ut
2901 1426 3130 1494 quilibet
3156 1428 3447 1497 vigilanter

1867 1507 2107 1561 attendat
2138 1508 2203 1561 ad
2234 1525 2397 1578 opera
2432 1526 2553 1575 sua,
2587 1527 2696 1581 quo
2736 1528 2846 1568 non
2886 1515 3097 1570 laboret
3132 1517 3185 1570 in
3218 1532 3442 1572 vanum.

1937 1684 2025 1739 ει.
2061 1683 2175 1756 (95)
2207 1683 2350 1739 idem
2383 1688 2566 1742 retulit
2618 1688 2765 1758 quod
2796 1690 2980 1759 aliquo
3005 1699 3248 1762 tempore
3274 1709 3443 1750 vene-

1865 1775 1976 1829 rint
2003 1774 2223 1845 quidam
2254 1776 2479 1832 Patrum
2514 1779 2583 1833 ab
2611 1781 2963 1845 Alexandria,
2987 1790 3048 1836 ut
3076 1784 3328 1839 viderent
3347 1790 3445 1840 ab-

175 1894 309 1931 vtov'
335 1878 434 1930 καὶ
452 1870 519 1947 ἦν
542 1869 622 1938 εἷς
642 1874 700 1941 ἐξ
725 1874 905 1928 αὐτῶν
955 1872 1095 1937 θεῖος
1119 1871 1215 1926 τοῦ
1238 1872 1469 1929 παλαιοῦ
1499 1873 1762 1945 Τιμοθέου

1868 1867 2046 1922 batem
2079 1868 2407 1935 Arsenium;
2446 1884 2511 1923 ex
2555 1871 2756 1940 quibus
2796 1888 2935 1927 unus
2968 1885 3087 1928 erat
3122 1878 3321 1932 veteris
3351 1877 3442 1932 Ti-

176 1967 613 2039 ἀρχιεπισκόπου
653 1963 1059 2037 Ἀλεξανδρείας
1081 1963 1172 2017 τοῦ
1201 1964 1493 2035 λεγομένου
1525 1967 1767 2036 ἀκτήμο-

176 2076 289 2121 νος,
327 2056 423 2112 καὶ
447 2051 594 2128 εἶχεν
618 2056 715 2110 ἕνα
736 2056 799 2108 ὲκ
816 2055 924 2109 τῶν
945 2054 1317 2125 τεκναδέλφων
1342 2052 1521 2109 αὑτοῦ.
1560 2053 1685 2126 Εἶχε
1711 2057 1766 2109 δὲ

174 2151 299 2205 τότε
333 2153 363 2204 6
385 2148 564 2218 γέρων
590 2146 894 2209 ἀσθένειαν,
921 2147 1014 2200 καὶ
1038 2148 1139 2200 οὐκ
1163 2145 1424 2217 ἠθέλησεν
1453 2147 1763 2216 ἀπαντῆσαι

175 2242 387 2304 αὐτοῖς,
414 2240 500 2293 ἵνα
524 2237 717 2309 μήκαὶ
750 2237 894 2291 ἄλλοι
928 2237 1121 2290 ἔλθωσι
1156 2238 1249 2291 καὶ
1288 2236 1763 2309 παρενοχλήσωσιν

174 2331 362 2386 αὐτόν.
384 2326 494 2383 Ἦν
524 2329 580 2383 δὲ
612 2328 731 2382 τότε
766 2330 845 2392 είς
875 2329 973 2400 τὴν
1008 2328 1219 2398 Πέτραν
1248 2328 1352 2399 τῆς
1398 2328 1611 2398 Τρώης.
1655 2329 1764 2382 Kal

175 2420 507 2491 ἀνέκαμψαν
520 2420 692 2473 λυπού
700 2436 869 2491 μενοι.
891 2418 1095 2491 Συνέϐη
1107 2419 1162 2473 δὲ
1180 2420 1464 2473 ἐπίστασιν
1476 2418 1763 2491 βαρϐάρων

174 2511 455 2578 γενέσθαι,
474 2512 569 2563 καὶ
586 2509 757 2563 θέλων
771 2511 814 2540 ³⁸
829 2508 1040 2580 ἔμεινεν
1057 2512 1113 2563 ὲν
1130 2513 1241 2572 τοῖς
1258 2510 1407 2564 κάτω
1426 2510 1633 2580 μέρεσι.
1654 2510 1763 2563 Kal

175 2598 518 2662 axos'vaawsg
542 2598 706 2652 πάλιν
732 2594 894 2669 ἦλθον
919 2599 1047 2651 ίδεῖν
1073 2598 1254 2653 αὐτόν.
1289 2600 1399 2653 Kal
1431 2598 1568 2667 μετά
1588 2598 1761 2670 χαρᾶς

185 2686 552 2759 προσελάϐετο
588 2687 803 2752 αὐτούς.
828 2689 937 2740 Kal
957 2687 1103 2757 λέγει
1128 2688 1277 2759 αὐτῷ
1298 2691 1327 2742 6
1351 2686 1577 2758 ἀδελφὸς
1604 2690 1664 2751 δς
1693 2684 1761 2759 ἦν

180 2784 299 2853 μετ’
319 2781 525 2835 αὖτῶνο
555 2781 670 2835 υύκ
689 2776 857 2843 οἶδας,
878 2779 1042 2843 ἀὸὃᾶ,
1066 2782 1147 2835 ὅτι
1168 2782 1400 2853 ἧλθομεν
1425 2780 1760 2850 παραϐαλεῖν

177 2887 261 2923 σοι
291 2872 375 2933 είς
404 2868 620 2941 Τρὼην,
653 2870 747 2923 καὶ
773 2868 872 2921 οὐκ
900 2867 1065 2933 ἐδέξω
1092 2872 1273 2940 ἡμᾶς
1304 2869 1413 2923 Kal
1440 2869 1591 2937 λέγει
1611 2867 1761 2937 αὐτῷ

178 2965 206 3018 6
240 2964 445 3035 γέρων·
495 2963 683 3031 Ὑμεῖς
718 2960 1015 3029 ἐγεύσασθε
1044 2963 1210 3032 ἄρτου
1238 2962 1332 3015 καὶ
1363 2962 1545 3015 ὲπξετε
1594 2961 1757 3034 ὕδωρ·

180 3054 340 3125 φῦσει
374 3052 433 3106 δὲ
460 3050 590 3120 ἐγὼ,
616 3053 825 3114 τέκνον,
866 3050 989 3104 οὔτε
1022 3051 1186 3123 ἄρτου
1219 3052 1339 3106 οὔτε
1378 3053 1568 3117 ὓδατος
1607 3053 1761 3121 ἐγευ-

179 3148 387 3217 σάμην,
415 3143 541 3198 οὔτε
578 3145 682 3216 μὴν
708 3144 954 3210 ἐκάθισα,
1000 3145 1242 3209 κολάζων
1276 3145 1534 3216 ἐμαυτὸν,
1566 3146 1668 3208 ἕως
1696 3139 1758 3197 οὒ

179 3237 482 3307 ὶδσκίμασα
515 3238 597 3289 ὃτι
632 3236 901 3305 ὲφθάσατε
930 3238 1008 3299 είς
1035 3237 1127 3289 τὸν
1160 3238 1324 3289 τόπον
1363 3238 1534 3308 ὑμῶν,
1572 3238 1654 3290 ὅτι
1691 3236 1760 3289 δι’

180 3331 278 3400 εμὲ
326 3329 424 3382 καὶ
476 3329 634 3398 ὑμεῖς
682 3327 969 3399 ὲσκύλητεο
1017 3327 1152 3381 ἀλλά
1201 3327 1589 3400 συγχωρήσατε
1644 3344 1757 3399 μοι,

181 3420 420 3490 ἀδελφοί.
445 3421 555 3475 Kal
579 3419 1019 3492 παρακληθέντες
1037 3417 1409 3492 ἀνεχώρησαν.

247 3601 346 3659 λε’.
393 3600 455 3657 ’0
476 3602 636 3667 αὑτδς
664 3602 867 3672 ἔλεγεν,
891 3605 972 3659 ὅτι
1001 3604 1255 3661 Ἑκάλεσέ
1289 3623 1355 3678 με
1382 3607 1510 3679 μίαν
1531 3610 1559 3665 6
1586 3610 1761 3678 666d;

191 3694 490 3767 ’Δρσένιος,
508 3697 603 3748 καὶ
622 3693 773 3764 λέγει
798 3712 906 3766 μοι·
938 3697 1275 3751 Ἀνάπαυσον
1294 3697 1385 3751 τὸν
1409 3698 1621 3771 πατέρα
1642 3718 1759 3764 σου,

178 3788 266 3841 ἵνα
291 3788 425 3840 ὅταν
448 3785 661 3860 ἀπέλθῃ
690 3786 826 3858 πρὶς
849 3786 1076 3859 Κύριον,
1100 3788 1457 3862 παρακαλέσῃ
1477 3788 1618 3863 ὑπὲρ
1638 3790 1757 3861 σοῦ,

180 3879 272 3930 καὶ
297 3878 365 3932 εὖ
400 3895 483 3931 σοι
507 3877 750 3950 γένηται.

247 3968 360 4034 λς’.
398 3970 625 4039 Ἔλεγον
648 3969 775 4042 περὶ
797 3968 887 4024 τοῦ
910 3968 1054 4025 ἀδεᾶ
1088 3970 1386 4043 Ἀρσενίου,
1413 3972 1518 4039 ὅτι,
1541 3973 1762 4046 ἀσθενή-

183 4078 377 4126 σαντος
416 4062 582 4116 αὐτοῦ
629 4080 759 4117 ποτε
796 4065 876 4128 είς
913 4062 1135 4134 Σκῆτιν,
1196 4063 1437 4136 ἀπῆλθεν
1464 4067 1494 4119 6
1522 4065 1761 4137 πρεσϐύ-

183 4171 360 4227 τερος,
414 4154 508 4207 καὶ
552 4154 782 4223 ἤνεγκεν
819 4156 979 4209 αὐτὸν
1036 4156 1118 4220 εἰς
1165 4155 1265 4227 τὴν
1315 4156 1631 4228 ἐκκλησίαν,
1665 4160 1760 4213 καὶ

185 4244 378 4315 ἔθηκεν
418 4245 580 4299 αὐτὸν
612 4247 691 4310 εἰς
740 4246 1047 4319 χαλάδριον,
1091 4247 1284 4319 μικρὸν
1319 4250 1757 4320 προσκεφάλαιον

184 4334 317 4403 πρὸς
367 4336 434 4406 τῇ
487 4334 697 4408 κεφαλῇ
731 4335 918 4392 αὑτοῦ.
948 4338 1057 4391 Καὶ
1089 4337 1198 4392 ἰδοὺ
1226 4331 1307 4401 εἷς
1333 4339 1442 4392 τῶν
1488 4340 1759 4412 γερόντων

184 4424 353 4477 ὲλθὼν
418 4424 817 4492 ἐπισκέψασθαι
880 4426 1065 4491 αὐτὸν,
1138 4428 1231 4481 καὶ
1282 4427 1408 4481 ίδὼν
1459 4430 1622 4483 αὐτὸν
1678 4433 1760 4496 είς

1869 1957 2075 2012 mothei
2109 1959 2509 2030 archiepisc0pi
2538 1961 2917 2026 Alexandrini,
2945 1967 3203 2035 pauperis
3228 1984 3442 2023 nuncu-

1866 2050 1999 2116 pati.
2038 2050 2367 2110 avunculus,
2399 2050 2764 2121 comitemque
2798 2053 3036 2108 habebat
3066 2070 3097 2109 e
3132 2054 3322 2111 fratris
3354 2058 3441 2111 sui

1866 2135 2055 2193 liberis
2097 2155 2285 2192 unum.
2324 2137 2479 2193 Tunc
2513 2156 2639 2195 vero
2671 2143 2973 2211 :vgrotabat
3013 2141 3204 2207 senex,
3236 2146 3443 2200 noluit-
3530 2160 3534 2164 '

1865 2241 1974 2297 que
1998 2226 2081 2283 eis
2112 2243 2423 2292 occurrere,
2476 2244 2546 2285 ne
2597 2230 2688 2284 alii
2736 2233 2944 2301 pariter
2989 2235 3332 2295 accederent.
3376 2251 3443 2290 ac

1864 2335 1987 2375 eum
2020 2321 2466 2378 iuterturbarent.
2505 2321 2635 2377 Erat
2664 2338 2829 2394 porro
2866 2326 2921 2379 in
2950 2324 3111 2381 Petra
3143 2326 3318 2383 Tioze.
3355 2329 3439 2382 illi

1865 2413 2055 2467 tristes
2100 2422 2435 2468 remearunt.
2480 2415 2721 2486 Contigit
2757 2425 2938 2471 autem
2982 2427 3042 2472 ut
3077 2418 3439 2475 barbarorum

1865 2503 2092 2575 irruptio
2132 2506 2312 2568 ﬁeret;
2347 2506 2492 2563 unde
2523 2512 2725 2565 mansit
2758 2518 2955 2579 sponte
2988 2512 3045 2565 in
3081 2512 3438 2568 inferioribus

1863 2597 2133 2664 partibus.
2172 2596 2292 2663 Quo
2322 2598 2527 2663 audito,
2562 2600 2757 2654 iterum
2795 2611 3065 2656 venerunt
3099 2603 3252 2657 illum
3294 2605 3438 2658 invi-

1862 2703 2004 2745 sere.
2034 2688 2097 2742 Et
2122 2690 2377 2745 alacriter
2403 2693 2647 2761 suscepit
2670 2707 2786 2748 eos.
2827 2693 2971 2749 Dicit
3010 2696 3088 2748 illi
3135 2695 3305 2750 frater
3335 2699 3429 2767 qui

1862 2795 1970 2834 una
2004 2795 2126 2834 cum
2153 2781 2261 2834 illis
2283 2790 2438 2835 erat:
2471 2782 2658 2837 Nonne
2689 2785 2820 2848 scis,
2856 2786 3016 2851 abba,
3043 2802 3146 2841 nos
3173 2802 3438 2856 congres-

1862 2886 2023 2925 suros
2059 2880 2259 2934 tecum,
2302 2873 2609 2942 perrexisse
2640 2874 2843 2938 Troen,
2877 2892 2978 2932 nec
3010 2892 3042 2931 a
3079 2887 3131 2931 te
3160 2879 3437 2935 admissos

1862 2960 2075 3015 fuisse?
2121 2961 2421 3030 Respondit
2469 2978 2675 3017 senex:
2709 2961 2816 3019 Vos
2857 2979 3055 3035 panem
3094 2967 3435 3027 eomedistis.

1861 3068 1924 3106 ac
1956 3053 2169 3109 bibistis
2197 3064 2429 3124 aquam;
2462 3069 2562 3125 ego
2600 3070 2750 3116 vero.
2787 3055 2882 3120 liii,
2919 3071 3053 3112 sane
3092 3073 3192 3112 nec
3235 3075 3436 3129 panem

1863 3161 1965 3200 nec
1989 3161 2183 3216 aquam
2216 3147 2454 3216 gustavi,
2498 3162 2674 3216 neque
2700 3146 2840 3211 sedi,
2874 3148 3144 3219 meipsum
3181 3151 3436 3219 puniens.

1864 3238 2039 3292 donec
2088 3240 2432 3308 exploratum
2487 3238 2675 3301 habui,
2718 3253 2817 3294 vos
2859 3238 2928 3293 ad
2978 3239 3157 3294 locum
3194 3252 3438 3296 vestrum

1863 3331 2197 3399 pervenisse,
2233 3328 2358 3401 quia
2399 3338 2621 3401 propter
2650 3345 2736 3385 me
2780 3330 2992 3401 fatigati
3042 3331 3307 3399 fueratis;
3342 3333 3439 3389 sed

1861 3420 2076 3476 veniam
2117 3421 2249 3476 mihi
2273 3419 2497 3487 donate,
2534 3418 2757 3477 fratres.
2790 3418 2871 3475 Illi
2902 3421 3135 3478 recreati
3167 3422 3441 3480 discesse-

1861 3520 2012 3566 ΐυηΙ.

1931 3605 2022 3660 55.
2057 3603 2205 3659 Idem
2231 3603 2539 3660 referebat:
2568 3602 2817 3670 Quodam
2849 3603 2940 3658 die
2977 3604 3194 3659 vocavit
3225 3620 3310 3659 me
3337 3605 3437 3660 ab-

1861 3694 1960 3753 bas
1987 3697 2273 3760 Arsenius,
2308 3696 2555 3767 dixitque
2581 3695 2714 3750 mihi
2739 3714 2753 3751 :
2792 3693 3002 3750 Solatio
3032 3696 3109 3751 sis
3140 3694 3290 3751 Patri
3317 3704 3433 3762 tuo.

1863 3794 1923 3843 ut
1961 3796 2254 3858 postquam
2285 3785 2354 3841 ad
2384 3786 2676 3842 Dominum
2708 3784 3057 3854 discesserit,
3085 3794 3207 3841 oret
3227 3800 3327 3856 pro
3359 3794 3433 3851 te,

1865 3893 1931 3934 ac
1972 3878 2109 3932 bene
2138 3878 2209 3931 sit
2242 3875 2363 3932 tibi.

1932 3970 2022 4024 56.
2063 3968 2177 4040 (96)
2202 3968 2460 4022 Dixerunt
2493 3965 2560 4023 de
2600 3966 2798 4024 abbate
2827 3964 3097 4030 Arsenio,
3123 3964 3267 4035 quod
3308 3980 3431 4018 eum

1863 4059 2009 4117 Secti
2036 4067 2348 4130 aegrotaret,
2391 4055 2667 4129 profectus
2696 4057 3002 4128 presbyter,
3042 4069 3168 4108 eum
3207 4052 3436 4107 adduxit

1862 4154 1927 4206 ad
1965 4152 2275 4215 ecclesiam,
2310 4149 2601 4219 posuitque
2633 4149 2688 4203 in
2717 4154 2910 4212 strato,
2943 4160 3069 4200 cum
3110 4159 3280 4214 parvo
3314 4159 3438 4201 cer-

1859 4240 2020 4296 vicali
2070 4240 2173 4294 sub
2209 4240 2388 4309 capite
2418 4238 2559 4307 ejus.
2606 4235 2746 4293 'l'um
2792 4251 2923 4293 ecce
2955 4251 2987 4292 e
3024 4234 3251 4292 senibus
3288 4250 3437 4291 unus

1860 4332 2084 4389 veniens
2131 4329 2199 4385 ad
2242 4326 2572 4385 visitandum
2615 4344 2762 4397 eum,
2807 4327 2899 4384 ubi
2934 4327 3162 4383 vidisset
3190 4327 3342 4382 illum
3373 4328 3430 4382 in

1861 4431 2059 4485 strato,
2083 4437 2206 4477 cum
2233 4422 2491 4477 cerricali
2520 4422 2739 4486 subtus,
2770 4419 3087 4477 scandalum
3111 4433 3310 4489 passus
3326 4426 3433 4484 est,

184 4514 239 4568 εδ
284 4514 579 4586 χαλάδριον
601 4515 735 4586 (9!).
780 4515 874 4569 καὶ
913 4516 975 4571 τὸ
1024 4516 1458 4590 προσκεφάλαιον
1503 4522 1760 4576 ὑποκάτω

1868 4514 2110 4584 dixitque
2142 4531 2158 4569 :
2190 4512 2417 4569 Hiceine
2442 4521 2526 4569 est
2546 4515 2716 4569 abbas
2747 4512 3054 4569 Arseniusi
3077 4520 3133 4568 et
3167 4528 3236 4567 eo
3273 4512 3435 4567 modo

184 4607 370 4671 αὐτοῦ,
420 4606 834 4679 ἐσκανδαλίσθη,
879 4607 1074 4678 λέγων·
1114 4602 1280 4673 Οὗτός
1328 4611 1474 4665 ἐστιν
1517 4614 1547 4667 ὁ
1586 4614 1760 4678 ἀϐϐἄς

195 4699 505 4772 ’Δρσένιοςς
541 4700 635 4753 καὶ
656 4700 738 4763 εἰς
758 4698 929 4756 ταῦτα
948 4699 1263 4767 ἀνάκειται;
1297 4702 1487 4756 Λαὸὼν
1507 4703 1564 4756 δὲ
1594 4705 1757 4759 αὐτὸν

185 4791 555 4865 πρεσϐύτερος
586 4792 706 4845 κατ’
738 4790 892 4854 ίδίαν,
925 4790 1071 4858 λέγει
1105 4791 1272 4861 αὐτῷ’
1306 4792 1374 4844 Τί
1403 4787 1472 4863 ἦν
1505 4792 1566 4846 τὸ
1597 4793 1756 4865 ἔργον

186 4900 275 4937 σου
300 4885 359 4935 ὲν
378 4883 447 4954 τῇ
478 4879 639 4956 κώμῃ
680 4898 804 4948 σονς
837 4882 895 4936 Ὀ
919 4880 975 4935 δὲ
1011 4876 1154 4935 εἴπεο
1191 4881 1402 4953 Ποιμὴν
1432 4882 1599 4954 ἥμην.
1630 4882 1757 4946 Πῶς

183 4968 294 5037 οὖν,
320 4975 479 5043 φησι,
512 4973 697 5044 διῆγες
720 4974 813 5028 τὸν
847 4973 958 5043 βίον
981 4989 1108 5039 σονς
1143 4971 1202 5027 Ὀ
1221 4973 1276 5027 δὲ
1301 4972 1424 5042 ἔφη·
1469 4974 1557 5027 Ἐν
1580 4973 1759 5044 πολλῷ

183 5066 335 5136 τόπῳ
361 5066 566 5135 διῆγον.
591 5063 701 5117 Kal
720 5064 868 5134 λέγει
892 5064 1059 5136 αὐτῷ’
1088 5064 1202 5118 Νῦν
1228 5059 1319 5118 οὖν
1345 5064 1461 5128 πῶς
1480 5063 1685 5132 διάγεις
1706 5067 1763 5118 ἐν

182 5155 257 5225 τῷ
290 5154 520 5225 κελλίῳ;
554 5155 614 5207 ’0
638 5153 695 5207 δὲ
724 5152 849 5222 ἔφη’
882 5154 1101 5208 Μᾶλλον
1126 5152 1500 5225 ἀναπαύομαι.
1537 5154 1645 5208 Kal
1676 5153 1763 5207 λέο

183 5260 268 5314 γει
290 5244 463 5315 αὐτῷ’
494 5244 722 5308 Βλέπεις
756 5243 946 5298 τοῦτον
976 5243 1072 5298 τὸν
1103 5243 1278 5298 ἀδὸᾶν
1312 5242 1615 5315 ’Δρσὲνιον;
1652 5261 1760 5297 πα-

255 5397 301 5429 ⁸⁹
330 5397 419 5452 Al.
451 5396 645 5452 ἐλθών.

254 5508 365 5580 (91)
387 5509 763 5584 ΔΧρῑᾴὶίέηον.
796 5511 1059 5584 Stratum,
1103 5512 1278 5566 instar
1314 5513 1497 5569 lectuli
1531 5513 1765 5584 pellibus

188 5577 419 5703 initrati.
455 5577 667 5636 Umida
695 5580 905 5637 Joanne
950 5583 1235 5638 Geometra
1272 5599 1366 5653 per
1395 5577 1545 5638 κώεα
1585 5588 1766 5657 expri-

188 5665 255 5703 ῐΙΙΙ
287 5666 350 5703 ιη’
373 5666 389 5703 2

187 5665 389 5705 ιιιιιιιτε

252 5738 528 5810 Μέμφετο
554 5738 859 5807 ’Μσένιόν
883 5722 973 5806 tu}
993 5739 1134 5796 ίδὼν
1151 5740 1251 5795 ἐπὶ
1274 5739 1497 5797 κώεσιν
1524 5742 1689 5798 ὄντα.

193 5827 400 5887 Dictum
433 5841 619 5888 autem
659 5832 873 5890 videtur
899 5831 1210 5904 χαλάδριον,
1260 5840 1353 5887 aut
1387 5848 1417 5887 a
1454 5834 1618 5892 verbo
1660 5851 1762 5907 χα-

1862 4605 2169 4662 recumbit?
2207 4604 2441 4661 Sumens
2472 4611 2651 4661 autem
2685 4603 2836 4659 illum
2868 4604 3098 4661 seorsim
3127 4604 3432 4675 presbyter.

1859 4698 1974 4753 ait:
2010 4696 2295 4763 Quodnam
2337 4705 2457 4751 erat
2502 4712 2641 4766 opus
2690 4702 2841 4749 tuum
2886 4695 2942 4749 in
2987 4703 3081 4748 tuo
3118 4694 3295 4763 pago?
3332 4692 3436 4749 Re-

1861 4786 2083 4857 spondit
2116 4784 2208 4839 llle
2229 4802 2243 4839 :
2268 4783 2429 4839 Eram
2461 4792 2666 4854 pastor.
2696 4782 2943 4848 Quonam
2975 4795 3107 4851 ergo
3129 4781 3315 4846 modo,
3349 4781 3436 4836 in-

1859 4881 2000 4950 quit,
2027 4879 2192 4933 vitam
2219 4875 2599 4948 transigebas?
2624 4875 2715 4928 Ait
2743 4893 2755 4928 :
2782 4874 2839 4928 in
2871 4873 3057 4928 labore
3080 4874 3274 4928 multo.
3294 4873 3436 4928 Tum

1860 4970 2146 5041 presbyter
2189 4986 2203 5023 :
2246 4966 2404 5023 Nunc
2443 4981 2572 5022 vero
2617 4980 2779 5036 quem
2823 4964 2891 5019 ad
2929 4964 3149 5020 modum
3205 4966 3259 5020 in
3298 4965 3437 5021 cella

1865 5061 2020 5131 agis?
2051 5059 2228 5113 Senex
2258 5077 2272 5112 :
2297 5058 2355 5112 In
2385 5056 2580 5126 majori
2616 5055 2755 5124 dego
2784 5055 2986 5125 quiete.
3021 5054 3162 5111 Dicit
3192 5056 3269 5110 illi
3298 5074 3312 5111 :
3347 5055 3440 5109 Vi-

1862 5152 1961 5208 des
1999 5150 2145 5205 hunc
2184 5149 2435 5204 abbatem
2486 5147 2817 5204 Arsenium?
2860 5146 3092 5213 Quando
3134 5147 3188 5201 in
3232 5147 3440 5201 mundo

1863 5243 2210 5307 versabatur,
2241 5253 2395 5313 pater
2414 5241 2623 5299 exstitit
2652 5242 3084 5312 imperatorum;
3116 5239 3265 5296 mille
3290 5240 3440 5310 servi

1864 5510 1999 5568 λάω,
2029 5514 2122 5563 aut
2154 5506 2309 5579 quasi
2340 5505 2652 5579 χαράδριον.
2687 5504 2811 5562 Vita
2839 5505 3075 5579 AArscnii
3112 5508 3294 5579 Graeca
3328 5520 3437 5579 ms.

1865 5580 2080 5652 εὐτελές
2102 5595 2153 5633 τι
2172 5576 2425 5652 hrpaga.
2456 5576 2612 5645 ρυοιι
2653 5579 2796 5649 apud
2831 5576 3151 5645 Surium,n.
3196 5576 3287 5642 2|,
3338 5578 3446 5629 vite

1865 5651 2183 5720 stragulum.
2247 5651 2252 5652 “

1937 5720 2050 5789 (95)
2092 5718 2212 5789 Yid.
2248 5715 2425 5789 Vitam
2462 5718 2684 5789 Arrenii,
2719 5733 2772 5770 ιι.
2803 5715 2896 5770 ‘22.

1945 5786 2054 5862 (96)
2094 5786 2252 5845 Joan.
2279 5787 2469 5844 Geom.
2503 5786 2701 5842 Parad.
2741 5788 2821 5842 10.
