3974 6332
184 302 302 361 103
1081 302 1099 317 ⁶
1333 304 1764 363 APOPIITlIlCG}

1871 307 1948 362 ΓΑ
1987 308 2294 369 PATRUM.
3350 320 3463 380 ’106

186 414 538 485 καταστῆσαι
562 413 748 478 αὑτὸν,
772 414 854 469 ὅτι
884 414 1103 486 μακράν
1128 410 1196 486 ῆν
1219 417 1252 487 ή
1273 419 1437 473 κέλλα
1457 420 1645 475 αὑτοῦ.
1670 422 1764 474 Kal

1883 433 2043 489 trem,
2076 426 2169 494 qui
2209 439 2334 479 eum
2366 423 2607 492 sisteret,
2643 426 2901 496 quoniam
2934 429 3127 499 procul
3163 438 3284 486 erat
3319 435 3457 491 cella

184 507 533 577 κρούσαντες
556 505 657 577 τὴν
686 505 855 578 θύραν
877 506 1147 577 εἰσῆλθον,
1174 507 1267 561 καὶ
1288 511 1667 583 ἀσπασάμενοι
1689 514 1764 567 τδη

1884 514 2080 584 ipsius.
2116 515 2363 584 Cumque
2389 515 2590 568 ostium
2623 516 2957 586 pulsassent,
3002 519 3301 576 intrarunt.
3352 524 3462 580 Sa-

186 605 424 670 γέροντα
457 598 724 652 ἐκάθισαν
759 597 1091 663 σιωπῶντες.
1127 596 1294 655 Εἶπεν
1318 598 1411 657 οὖν
1442 605 1471 656 6
1500 604 1727 674 ἁδελφὸς
1753 614 1764 660 ε

1882 606 2164 675 lutatoque
2194 620 2324 661 sene
2357 607 2621 661 sederunt
2654 607 2829 662 taciti.
2872 607 3020 663 Dixit
3062 611 3153 667 ille
3196 612 3453 673 Ecclesia:

185 690 293 759 τῆς
332 688 682 759 Ἑκκλησίας
721 687 863 757 Ἐγὼ
889 688 1103 757 ὑπάγω,
1122 689 1349 757 εὔξασθε
1376 694 1516 766 ὑπὲρ
1539 695 1696 765 ἐμοῦ.
1723 696 1764 749 ’C

1881 699 2053 754 frater
2077 716 2090 752 :
2129 697 2239 768 Ego
2268 698 2426 761 abeo,
2462 707 2617 753 orate
2646 713 2747 770 pro
2774 715 2879 754 me.
2913 700 3106 757 Frater
3137 720 3270 760 vero
3299 722 3457 777 pere-

183 781 244 833 δέ
279 779 512 849 ἁδελφὸς
543 780 573 831 6
610 779 783 843 ξένος,
829 779 904 852 μὴ
937 780 1115 853 εὑρὼν
1146 783 1463 854 παρρησίαν
1504 786 1643 856 πρὸς
1685 788 1764 841 τὸι

1877 792 2095 860 grinus,
2131 795 2278 860 quod
2327 804 2457 858 erga
2501 806 2686 846 senem
2731 791 2986 847 ﬁduciam
3043 795 3299 866 loquendi
3344 814 3456 854 non

186 870 445 941 γέροντα,
474 867 597 924 εἶπε
620 871 698 942 τῷ
718 871 954 943 ἀδελφῷ·
986 875 1263 946 Ἔρχομαι
1301 875 1456 945 κάγὼ
1490 882 1629 947 μετὰ
1659 879 1774 933 σοῦ.

185 956 304 1012 Kal
343 961 572 1032 ἐξῆλθον
613 963 773 1033 ὁμοῦ.
810 964 1191 1035 Παρεκάλεσεν
1233 963 1326 1020 οὖν
1356 968 1538 1032 αὐτὸν,
1581 968 1774 1038 λέγων·

187 1057 338 1107 Λάϐε
374 1070 444 1122 με
474 1054 570 1106 καὶ
602 1053 742 1125 πρὸς
773 1054 864 1107 τὸν
882 1054 1057 1108 ἀδόἄν
1072 1057 1275 1129 Μωσῆν
1295 1058 1385 1112 τὸν
1407 1060 1518 1113 ἀπὸ
1542 1059 1773 1134 λῃστῶν.

184 1145 301 1197 Ka‘t
320 1144 593 1199 ἐλθόντων
615 1145 796 1200 αὐτῶν
816 1147 952 1219 πρὸς
972 1148 1154 1214 αὐτὸν,
1175 1150 1394 1214 ἐδέξατο
1417 1153 1612 1217 αὐτοὺς
1637 1153 1775 1224 μετὰ

183 1244 389 1313 χαρᾶς,
424 1243 519 1297 καὶ
548 1243 951 1315 φιλοφρονήσας
971 1245 1016 1277 ³⁵
1050 1246 1248 1311 αὐτοὺς
1269 1246 1526 1301 ἀπέλυσε.
1554 1249 1663 1302 Ka‘t
1682 1248 1769 1302 λέ-

182 1349 275 1400 γει
305 1332 460 1403 αὐτῷ
486 1335 514 1386 6
544 1334 771 1401 ἀδελφὸς
791 1337 821 1388 6
846 1334 1084 1404 ἐνεγκὼν
1109 1338 1296 1391 αὐτόν’
1340 1339 1470 1392 Ἰδοὺ
1492 1341 1773 1410 ἀπένεγκά

182 1440 248 1476 σε
288 1423 430 1495 πρὸς
460 1423 555 1477 τὸν
590 1422 799 1488 ξενικὸν
830 1426 925 1479 καὶ
949 1425 1088 1498 πρὸς
1115 1427 1206 1481 τὸν
1234 1428 1550 1497 Αίγύπτιον.
1585 1431 1681 1496 Τίς
1707 1434 1772 1485 ἐκ

180 1513 293 1566 τῶν
324 1514 434 1567 δύο
474 1514 642 1585 ἤρεσέ
677 1532 791 1580 σοις
833 1517 890 1569 '0
930 1517 986 1570 δὲ
1028 1517 1349 1590 ἀποκριθεὶς
1386 1517 1562 1574 εἶπεν
1616 1521 1770 1592 Ἐμοὶ

181 1607 324 1669 τέως
352 1607 383 1658 6
408 1606 710 1674 Αἰγύπτιος
736 1609 951 1679 ἤρεσεν.
991 1609 1252 1673 Ἀκούσας
1270 1611 1327 1665 δέ
1354 1629 1438 1677 τις
1466 1614 1573 1667 τῶν
1601 1614 1762 1667 Πατέ-

184 1714 295 1769 ρων
314 1696 513 1758 ταῦτα,
542 1697 736 1762 εὔξατο
764 1698 843 1769 τῷ
864 1699 1003 1771 Θεῷ,
1039 1700 1234 1769 λέγων’
1263 1702 1454 1775 Κύριε,
1482 1703 1653 1772 δεῖξόν
1677 1724 1766 1777 μοι

1878 882 2129 945 haberet,
2160 882 2302 935 dixit
2328 882 2483 935 fratri
2513 900 2526 936 :
2560 881 2671 953 Ego
2702 884 2866 938 etiam
2909 892 3086 940 tecum
3115 889 3451 958 proficiscor.

1878 971 2164 1041 Simulque
2208 973 2486 1027 exierunt.
2526 973 2863 1043 Deprecatus
2895 993 3028 1047 ergo
3066 994 3192 1034 eum
3229 989 3333 1047 est,
3373 984 3457 1037 tli-

1874 1078 2046 1118 cens:
2084 1063 2197 1118 Duc
2228 1079 2315 1119 me
2357 1064 2423 1118 ad
2466 1065 2716 1120 abbatem
2768 1066 2972 1124 Mosem
3021 1071 3114 1140 qui
3151 1071 3253 1126 fuit
3289 1074 3449 1128 latro.

1873 1152 1995 1219 Quo
2022 1169 2145 1209 cum
2179 1154 2582 1224 pervenissent,
2629 1157 2875 1226 suscepit
2924 1157 3045 1212 illos
3082 1158 3257 1221 laetus,
3289 1159 3452 1214 dimi-

1873 1247 2054 1318 sitque
2079 1254 2328 1301 amanter
2352 1254 2639 1302 tractatos.
2672 1248 2816 1301 Dixit
2846 1247 3015 1303 frater
3045 1251 3135 1319 qui
3163 1250 3331 1304 alium
3362 1250 3454 1305 ad-

1872 1337 2105 1393 duxerat
2130 1354 2143 1390 :
2172 1336 2311 1391 Ecce
2352 1337 2486 1392 duxi
2534 1348 2585 1392 te
2622 1337 2689 1392 ad
2730 1345 3051 1393 extraneum
3090 1350 3143 1395 et
3184 1342 3248 1395 ad
3280 1341 3451 1414 Egy-

1872 1430 2044 1500 ptium
2071 1446 2085 1482 :
2117 1428 2239 1497 quis
2265 1444 2296 1484 e
2322 1429 2538 1483 duobus
2568 1429 2775 1498 placuit
2808 1431 2949 1485 tibi?
2982 1431 3280 1502 llespondit
3309 1435 3402 1490 ille
3432 1453 3445 1488 :

1872 1519 2000 1572 Mihi
2048 1518 2235 1587 utique
2280 1517 2485 1587 placuit
2530 1517 2844 1589 Egyptins.
2882 1521 3128 1577 Audiens
3173 1529 3303 1577 vero
3342 1524 3447 1579 ista

1870 1608 2093 1663 Patrum
2122 1609 2342 1679 aliquis,
2367 1608 2545 1663 oravit
2575 1608 2745 1664 Deum
2777 1610 2858 1664 sic
2888 1630 2902 1666 :
2939 1611 3189 1678 Domine,
3219 1617 3447 1670 ostende

1869 1703 2004 1756 mihi
2052 1702 2193 1755 hanc
2237 1715 2375 1766 rem,
2416 1700 2547 1770 quia
2593 1700 2685 1755 ille
2731 1701 2952 1771 quidem
2996 1715 3217 1773 propter
3244 1720 3443 1760 nomen

180 1788 245 1841 τὺ
266 1790 505 1859 πρᾶγμα
529 1788 710 1843 τοῦτου
733 1791 817 1843 ὅτι
840 1791 898 1855 ὃς
922 1792 1022 1862 μὲν
1046 1792 1239 1863 φεύγει
1257 1794 1347 1848 διὰ
1366 1796 1427 1848 τὸ
1451 1794 1623 1868 δνομά
1647 1816 1761 1852 σου·

1871 1799 2022 1847 tuum
2060 1791 2216 1862 fugit,
2242 1790 2333 1845 hic
2364 1804 2496 1845 vero
2528 1798 2751 1861 propter
2782 1791 2923 1846 idem
2957 1808 3156 1848 nomen
3181 1794 3446 1849 ambabus

181 1880 241 1943 ὃς
264 1880 322 1933 δὲ
342 1879 762 1947 ἐναγκαλίζεται
784 1881 873 1935 διὰ
891 1882 952 1936 τὸ
973 1881 1146 1955 ὄνομά
1161 1902 1275 1938 σου.
1297 1887 1406 1941 Καὶ
1425 1887 1534 1942 ιδοὺ
1550 1888 1764 1960 ἐδείχθη

182 1972 333 2041 αὐτῷ
351 1971 448 2024 δύο
478 1971 640 2025 πλοῖα
660 1973 869 2042 μεγάλα
890 1976 948 2027 ἐν
972 1974 1050 2046 τῷ
1073 1992 1209 2029 ποτα
1217 1975 1321 2047 μῷ,
1345 1979 1439 2031 κα)⁵
1461 1978 1657 2051 θεωρεῖ
1674 1980 1766 2037 τὸν

181 2061 363 2116 ἀϐϐἆν
378 2062 435 2112 ’A
442 2061 654 2132 ρσένιον
666 2063 762 2116 καὶ
772 2063 823 2115 τί
835 2063 972 2119 Πιεῦ
982 2082 1055 2135 μα
1064 2065 1157 2119 τοῦ
1173 2066 1307 2120 Θεοῦ
1324 2067 1483 2121 πλέον
1499 2071 1556 2122 ἐν
1568 2071 1767 2145 ἡσυχίᾳ

182 2152 263 2215 εἰς
283 2152 385 2204 ἕνα
403 2153 473 2183 ⁸⁸·
501 2153 597 2205 καὶ
612 2156 639 2206 6
658 2152 832 2215 666d;
846 2155 1051 2225 Μωσῆς
1078 2157 1172 2208 καὶ
1193 2159 1241 2211 οί
1264 2158 1485 2226 ἄγγελοι
1511 2162 1604 2214 τοῦ
1629 2162 1764 2217 Θεοῦ

182 2242 446 2308 πλέοντες
470 2244 550 2307 είς
568 2242 746 2307 Eva“,
772 2245 866 2297 καὶ
892 2243 1167 2316 ἐψώμιζον
1194 2248 1357 2302 αὑτὸν
1390 2249 1763 2323 μελικηρίδας.

252 2333 356 2387 λθ’.
390 2333 617 2403 Ἔλεγεν
643 2337 672 2388 6
704 2334 879 2400 ά66ᾶς
908 2337 1130 2408 Δανιὴλ,
1156 2339 1240 2392 ὅτι
1280 2339 1489 2410 μέλλων
1510 2343 1766 2417 τελευτᾷν

180 2424 212 2477 6
255 2421 437 2487 άὸσᾶς
492 2423 788 2494 ’Δρσένιος,
843 2425 1209 2496 παρήγγειλεν
1253 2428 1383 2497 ἡμῖν
1427 2427 1620 2497 λέγων·
1673 2431 1763 2505 Μὴ

182 2515 514 2587 φροντίσητε
551 2517 727 2569 ποιεῖν
759 2517 979 2585 άγάπας
996 2518 1041 2549 ⁸³
1077 2518 1217 2589 ὑπὲρ
1245 2517 1405 2588 ἐμοῦ
1434 2520 1545 2588 ἐγὼ
1577 2524 1683 2592 γὰρ
1717 2524 1765 2575 εί

181 2606 421 2678 ἐποίησα
447 2606 670 2677 ἐμαυτῷ
690 2607 931 2679 ἀγάπην,
960 2607 1164 2680 ταύτην
1192 2608 1300 2679 ἔχω
1332 2610 1531 2682 εύρεῖν.

256 2704 335 2768 μ’.
366 2697 671 2763 Μέλλοντος
707 2699 966 2771 τελευτᾷν
1002 2701 1095 2755 τοῦ
1134 2701 1278 2755 άὸὁᾶ
1317 2700 1612 2773 ’Δρσενίου,
1644 2704 1768 2757 ἐτα-

184 2785 469 2860 ρὼλθησαν
497 2790 546 2842 οί
574 2788 812 2859 μαθηταὶ
835 2790 1021 2845 αὐτοῦ.
1057 2792 1164 2844 Καὶ
1189 2792 1336 2861 λέγει
1366 2794 1571 2858 αὐτοῖς’
1600 2791 1767 2848 οὔπω

181 2875 347 2948 ἦλθεν
377 2882 414 2951 ή
445 2878 583 2952 ὥρα⁶
613 2881 702 2935 ὅτε
728 2882 786 2934 δέ
820 2882 949 2957 ἔλθῃ
979 2883 1115 2954 ὥρα,
1147 2883 1289 2953 λέγω
1314 2884 1463 2954 ὑμῖν.
1490 2885 1767 2960 Κριθῆναι

182 2967 239 3021 δὲ
263 2967 378 3039 ἔχω
406 2968 528 3038 μεθ’
556 2968 717 3039 ’ὑμῶν
757 2971 850 3023 ἐπὶ
892 2970 983 3024 τοῦ
1015 2970 1256 3041 βήματος
1302 2971 1397 3025 τοῦ
1446 2972 1680 3045 φοϐεροῦ
1696 2974 1764 3038 δι’

182 3055 279 3113 ἐὰν
305 3057 449 3111 δῶτε
489 3057 552 3111 τὸ
587 3057 841 3128 λείψανόν
881 3059 981 3131 μού
1018 3074 1142 3113 τινι.
1174 3062 1237 3114 Ol
1266 3061 1325 3114 δὲ
1359 3057 1534 3116 εἶπονο
1574 3062 1640 3116 Τί
1672 3058 1764 3117 οὖν

1872 1885 2018 1940 ulnis
2044 1883 2296 1953 suscipit.
2333 1882 2399 1935 Et
2432 1898 2564 1938 ecce
2594 1892 2832 1939 ostensa:
2860 1894 2989 1938 sunt
3012 1886 3062 1939 ei
3091 1885 3211 1940 duae
3235 1902 3446 1957 magnai

1868 1991 2034 2032 naves
2060 1977 2117 2029 in
2147 1973 2347 2040 ﬂuvio;
2383 1974 2843 2045 conspicaturque
2869 1975 3119 2031 abbatem
3147 1978 3441 2033 Arsenium

1867 2080 1923 2124 et
1946 2068 2207 2139 Spiritum
2240 2065 2333 2120 Dei
2370 2067 2425 2120 in
2457 2081 2567 2121 una
2597 2068 2777 2136 quiete
2804 2069 3141 2138 navigantes.
3173 2069 3308 2124 Cum
3340 2071 3439 2125 ab-

1868 2154 1994 2210 bate
2044 2169 2175 2210 vero
2217 2153 2366 2208 Mose
2408 2154 2585 2223 angeli
2628 2153 2724 2209 Dei
2773 2156 2829 2210 in
2870 2156 3039 2211 altera
3080 2158 3439 2223 vehebantur,

1869 2258 2103 2313 eumque
2141 2242 2302 2297 melle
2328 2256 2359 2297 e
2394 2241 2532 2297 favis
2558 2243 2857 2299 distillante
2878 2244 3156 2301 cibabant.
3322 2248 3338 2260 ‘

1938 2335 2027 2390 59.
2077 2333 2154 2406 (2)
2200 2332 2397 2388 Aiebat
2439 2335 2610 2390 abbas
2655 2334 2842 2391 Daniel
2886 2355 2899 2390 :
2935 2336 3231 2394 Moriturus
3271 2340 3441 2395 abbas

1869 2426 2154 2488 Arsenius,
2210 2424 2559 2480 denuntiavit
2606 2426 2766 2481 nobis
2815 2427 3052 2482 dicens:
3087 2427 3263 2483 Nolite
3308 2430 3441 2484 dare

1866 2533 2088 2588 Operam
2118 2525 2180 2571 ut
2207 2532 2309 2587 pro
2328 2531 2414 2571 me
2444 2531 2648 2587 agapas
2673 2516 2911 2573 faciatis.
2935 2516 3048 2589 Ego
3065 2519 3212 2574 enim
3232 2519 3278 2574 si
3304 2521 3437 2575 mihi

1865 2623 2073 2679 agapen
2111 2607 2236 2673 feci,
2273 2608 2602 2662 inventurus
2628 2622 2750 2663 sum
2782 2623 2925 2663 eam.

1934 2695 2025 2751 40.
2075 2696 2154 2767 (5)
2185 2696 2324 2752 Cum
2371 2696 2540 2751 abbas
2598 2696 2865 2750 Arsenius
2921 2698 3222 2753 moriturus
3265 2708 3434 2762 esset,

1866 2787 2070 2843 turbati
2101 2794 2230 2842 sunt
2261 2786 2438 2869 ipsius
2468 2786 2743 2856 discipuli.
2775 2786 2841 2840 Et
2876 2788 3013 2842 dixit
3036 2789 3118 2844 eis
3143 2808 3157 2844 :
3181 2788 3436 2844 Nondum

1866 2878 2015 2933 venit
2050 2877 2215 2943 hora;
2240 2877 2460 2946 quando
2487 2884 2669 2933 autem
2697 2877 2933 2943 venerit,
2966 2878 3122 2934 vobis
3146 2881 3433 2937 nuntiabo.

1864 2970 2129 3025 Caeterum
2150 2969 2487 3038 judicandus
2507 2985 2627 3025 sum
2647 2970 2929 3026 vobiscum
2950 2978 3075 3026 ante
3094 2974 3433 3029 tremendum

1866 3058 2128 3124 tribunal,
2154 3058 2200 3113 si
2227 3073 2428 3127 corpus
2450 3074 2633 3113 meum
2667 3061 2923 3129 cuiquam
2957 3061 3238 3118 dederitis.
3273 3062 3439 3119 Dixe-

182 3147 514 3219 ποιήσομεν,
555 3149 637 3202 ὃτι
669 3150 772 3203 οὐκ
809 3150 1028 3221 οἴδαμεν
1069 3151 1420 3220 ἐνταφιάσαι;
1462 3153 1574 3208 Καὶ
1613 3153 1763 3222 λέγει

1871 3160 1992 3206 runt
2012 3153 2048 3206 ii
2082 3170 2095 3206 :
2121 3150 2264 3217 Quid
2286 3151 2832 3226 ergo.faciemus,qui
2858 3152 3134 3208 nescimus
3163 3154 3434 3224 sepelire?

181 3240 371 3303 αὐτοῖς
401 3241 434 3293 6
469 3239 667 3311 γέρων·
711 3242 825 3295 Οὐκ
850 3242 1027 3296 οἴδατε
1063 3244 1247 3313 βαλεῖν
1287 3243 1518 3314 σχινίον
1560 3246 1641 3309 είς
1674 3246 1764 3300 τὸν

182 3331 323 3387 πόδα
361 3350 490 3403 μου,
526 3335 620 3387 καὶ
650 3330 780 3406 ἇραί
813 3352 879 3405 με
903 3337 984 3398 είς
1007 3336 1069 3389 τὸ
1098 3334 1254 3405 ὅρος;
1282 3321 1452 3399 Οὗτος
1479 3337 1535 3389 δὲ
1561 3338 1591 3392 6
1609 3337 1765 3406 λόγος

178 3424 279 3478 τοῦ
327 3424 586 3497 γέροντος
617 3421 707 3498 ἦν’
761 3427 1023 3497 Ἀρσένιε,
1074 3427 1155 3480 διὸ
1201 3427 1453 3499 ἐξῆλθες;
1502 3428 1760 3500 λαλήσας,

183 3517 449 3581 πολλάκις
470 3517 874 3589 μετεμελήθην,
891 3521 1173 3589 σιωπήσας
1199 3520 1256 3572 δὲ
1280 3521 1555 3577 οὐδέποτε.
1590 3522 1677 3586 Ὠς
1706 3523 1763 3575 δὲ

185 3610 350 3677 ἐγγὺς
386 3604 457 3681 ἦν
497 3609 594 3663 τοῦ
644 3609 901 3680 τελευτᾷν
921 3610 988 3673 ⁸⁸,
1039 3606 1179 3663 εἶδον
1230 3612 1391 3665 αὑτὸν
1441 3615 1489 3665 oi
1545 3611 1764 3681 ἀδελφοὶ

183 3700 460 3755 κλαίοντα⁸
507 3700 604 3754 καὶ
644 3699 892 3769 λέγουσιν
939 3700 1107 3771 αὐτῷ·
1163 3702 1253 3755 Ἐν
1282 3701 1516 3775 ,ἀληθείᾳ
1559 3703 1654 3757 καὶ
1696 3704 1760 3757 σὺ

183 3791 345 3861 φοϐῇ,
372 3791 589 3862 Πάτερ;
618 3791 728 3845 Καὶ
748 3787 899 3844 εἶπεν
925 3793 1126 3854 αὐτοῖς’
1166 3792 1253 3845 Ἐν
1274 3791 1520 3864 ἀληθείᾳ,
1543 3796 1573 3847 6
1599 3794 1762 3864 φόϐος

182 3883 324 3938 ὁνῦν
355 3884 476 3954 μετ’
507 3881 643 3953 ἐμοῦ
672 3886 731 3938 ἐν
765 3886 830 3954 τῇ
873 3884 991 3956 ὥρα
1021 3883 1213 3957 ταύτῃ,
1266 3886 1383 3955 μετ’
1434 3884 1570 3955 ἐμοῦ
1613 3886 1761 3938 ἐστιν

182 3976 274 4046 ἀφ’
300 3969 363 4030 οὗ
390 3975 662 4046 ἐγενόμην
684 3974 933 4047 μοναχός.
966 3977 1078 4029 Kal.
1098 3976 1271 4036 οὕτως
1290 3976 1579 4049 ἐκοιμήθη.

254 4071 367 4138 μα’.
408 4063 639 4132 Ἔλεγον
662 4063 720 4117 δὲ
755 4065 839 4119 ὅτι
867 4065 987 4118 ὅλον
1013 4066 1104 4120 τὸν
1138 4068 1326 4137 χρόνον
1355 4068 1454 4138 τῆς
1486 4067 1633 4139 ζωῆς
1658 4069 1759 4123 αὑ-

185 4156 297 4222 τιιῦ,
338 4153 704 4226 καθεζόμενος
745 4157 828 4219 εἰς
871 4157 930 4210 τὸ
971 4157 1284 4229 ἐργόχειρον
1326 4159 1514 4224 αὐτοῦ,
1559 4161 1760 4230 ῥάκκος

186 4243 326 4321 εἶχεν
350 4249 411 4300 ἐν
436 4246 517 4316 τῷ
543 4247 746 4318 κόλπῳ,
788 4246 947 4320 χάριν
981 4248 1090 4302 τῶν
1122 4249 1370 4321 δακρύων
1401 4248 1510 4304 τῶν
1534 4251 1760 4305 πιπτόν-

185 4354 289 4393 των
321 4337 435 4392 ἀπὸ
469 4338 579 4392 τῶν
602 4337 896 4409 ὀφθαλμῶν
920 4338 1107 4395 αὑτοῦ.
1156 4340 1418 4404 Ἀκούσας
1443 4340 1501 4396 δέ
1530 4344 1559 4396 6
1585 4341 1758 4407 άϐὄᾶς

1860 3244 2166 3315 Respondit
2201 3258 2370 3299 senex
2396 3261 2412 3298 :
2444 3241 2681 3298 Nescitis
2710 3245 2924 3299 mittere
2947 3246 3129 3301 funem
3160 3245 3213 3299 in
3238 3246 3431 3316 pedem

1865 3352 2066 3401 meum,
2099 3347 2151 3392 et
2190 3337 2410 3390 trahere
2447 3351 2532 3390 me
2562 3336 2617 3389 in
2658 3337 2938 3391 montem?
2968 3336 3044 3407 (4)
3078 3335 3297 3393 Solebat
3334 3354 3434 3393 au-

1862 3433 1969 3479 tem
2000 3425 2183 3480 dicere
2210 3442 2226 3479 :
2260 3423 2480 3486 Arseni,
2514 3425 2868 3493 quamobrem
2899 3440 2928 3479 e
2951 3426 3150 3481 sazculo
3174 3442 3432 3497 egressus

1860 3517 1957 3572 es?
1986 3514 2183 3586 Loqui,
2212 3515 2469 3586 pmnituit
2497 3531 2583 3570 me
2616 3531 2789 3585 szepc;
2826 3516 3085 3581 tacuisse,
3127 3534 3428 3588 nunquam.

1862 3607 1929 3664 Ut
1950 3617 2134 3664 autem
2161 3610 2322 3661 morti
2350 3608 2455 3661 fuit
2479 3608 2785 3677 proximus,
2820 3608 3015 3663 fratres
3034 3608 3286 3664 viderunt
3306 3626 3429 3664 eum

1859 3699 2018 3767 flere;
2058 3710 2113 3756 et
2155 3700 2312 3754 aiunt
2347 3699 2397 3754 ei
2430 3717 2444 3753 :
2479 3697 2539 3752 In
2580 3700 2829 3766 veritate,
2880 3706 2936 3752 tu
2992 3714 3213 3770 quoque
3247 3700 3425 3764 times,

1858 3791 2056 3848 Pater?
2082 3791 2134 3848 Is
2167 3790 2277 3846 illis
2310 3808 2324 3844 :
2377 3789 2611 3853 Revera,
2657 3792 2823 3844 timor
2857 3805 2965 3861 quo
3005 3791 3110 3844 hac
3142 3791 3276 3846 hora
3304 3806 3428 3846 cor-

1859 3882 2050 3952 ripior,
2082 3896 2294 3937 mecum
2327 3895 2450 3935 esse
2478 3896 2587 3934 non
2617 3881 2826 3935 destitit
2854 3896 2885 3935 a
2909 3889 3152 3950 tempore
3174 3896 3283 3951 quo
3308 3898 3430 3936 mo-

1858 3975 2126 4029 nasticam
2160 3974 2326 4038 vitam
2362 3973 2602 4043 suscepi.
2636 3972 2817 4041 Atque
2851 3974 2925 4025 ita
2946 3971 3300 4026 obdormivit.

1924 4068 2016 4122 ιι.
2046 4066 2122 4138 (5)
2157 4066 2515 4121 Affirmabant
2549 4072 2754 4126 autem,
2786 4063 2930 4132 quod
2968 4078 3064 4133 per
3088 4077 3252 4119 omne
3284 4071 3426 4118 tem-

1858 4174 1961 4229 pus
1981 4160 2107 4213 vitae
2126 4173 2258 4222 suae,
2279 4158 2475 4212 sedens
2497 4157 2562 4211 ad
2586 4153 2936 4209 manuftcium
2971 4169 3153 4219 suum,
3187 4170 3427 4226 pannum

1857 4249 1913 4304 in
1946 4249 2070 4303 sinu
2092 4248 2412 4320 gestaverit,
2437 4247 2509 4302 ob
2539 4247 2815 4317 lacrymas
2844 4261 2909 4301 ex
2935 4246 3110 4301 oculis
3136 4248 3259 4318 ejus
3281 4249 3430 4305 decl-

1859 4341 2072 4397 dentes.
2117 4339 2192 4412 (6)
2238 4339 2507 4395 Caeterum
2556 4339 2726 4394 abbas
2761 4339 3008 4404 Pmmen,
3064 4339 3251 4395 audita
3281 4340 3426 4396 illius

187 4428 397 4500 Ποιμήν
432 4430 515 4482 ὅτι
557 4430 846 4501 ἐκοιμήθη,
884 4429 1161 4502 δακρύσας
1197 4428 1338 4485 εἷπε·
1367 4433 1653 4503 Μακάριος
1686 4429 1757 4499 εἴ,

1871 4430 2207 4497 lormitione,
2238 4430 2374 4485 ﬂens
2404 4428 2522 4483 iniit
2538 4447 2552 4485 :
2571 4426 2810 4485 Felicem
2837 4439 2910 4495 te,
2929 4430 3067 4484 abba
3089 4430 3309 4496 Arseni,
3331 4432 3425 4501 qui

188 4519 327 4573 666:1
366 4520 631 4592 ’Δρσένιε,
659 4520 742 4574 ὅτι
774 4519 1040 4584 ἔκλαυσας
1063 4522 1252 4576 ἐαυτὸν
1277 4524 1357 4587 εἰς
1383 4524 1474 4577 τὸν
1514 4518 1617 4577 ὧδε
1662 4525 1756 4580 κό-

190 4628 339 4680 σμον.
375 4611 437 4663 Ὁ
481 4610 593 4681 γὰρ
638 4610 712 4680 μὴ
753 4608 955 4664 κλαίων
998 4611 1190 4665 ἐαυτὸν
1226 4605 1345 4671 ὧδε.
1378 4612 1612 4676 αἰωνίως
1643 4615 1761 4666 ἐκεῖ

186 4701 500 4756 κλαύσεται.
523 4701 649 4754 Εἴτε
668 4698 761 4755 οῦν
784 4696 885 4755 ὦδε
902 4700 1189 4768 ἐκὼν,εἱ’τε
1206 4703 1323 4757 ἐκεῖ
1347 4703 1456 4757 ἀπὸ
1484 4702 1753 4774 βασάνων,

184 4793 444 4848 ἀδύνατον
479 4794 554 4865 μὴ
579 4792 832 4847 κλαῦσαι.

250 4905 360 4977 μβ’.
397 4906 707 4977 Διηγήσατο
732 4907 789 4961 δέ
819 4909 848 4961 6
875 4906 1049 4971 άϐδᾶς
1080 4906 1273 4978 Δανιὴλ
1306 4908 1435 4980 περὶ
1466 4909 1650 4969 αὑτοῦ.
1673 4910 1757 4964 ὅτι

181 4998 435 5051 οὖδέποτε
484 4999 641 5070 ἤθελε
678 4999 858 5052 λαλεῖν
898 5017 951 5052 τι
998 4997 1218 5069 ζήτημα
1265 5001 1330 5052 ἐκ
1371 5001 1471 5071 τῆς
1514 5001 1759 5072 Γραφῆς,

180 5087 382 5157 καίπερ
418 5086 717 5158 δυνάμενος
747 5087 977 5159 λαλῆσαι
1005 5087 1054 5140 εξ
1086 5087 1297 5159 ήθελενο
1338 5087 1451 5140 ἀλλ’
1483 5088 1605 5142 οὐδὲ
1640 5090 1762 5143 ἐπι-

184 5178 373 5251 στολὴν
410 5181 620 5249 ταχέως
648 5179 907 5251 ἔγραφεν.
946 5181 1074 5234 Ὅτε
1104 5180 1161 5233 δὲ
1198 5180 1397 5251 ήρχετο
1436 5182 1517 5240 είς
1545 5178 1639 5247 τὴν
1669 5196 1761 5235 εκ·-

180 5268 410 5340 κλησίαν
434 5268 525 5322 διὰ
550 5270 766 5342 χρόνου,
792 5271 970 5324 ὀπίσω
996 5269 1091 5324 τοῦ
1122 5270 1315 5323 στύλου
1337 5270 1648 5336 ἐκαθέζετο,
1673 5271 1761 5326 ἵνα

1858 4524 2026 4577 hocce
2054 4522 2109 4576 in
2138 4520 2344 4577 mundo
2378 4521 2611 4591 teipsum
2654 4519 2893 4577 ﬂeveris.
2935 4519 3071 4576 Nam
3104 4523 3197 4592 qui
3228 4533 3428 4578 semet.

1857 4615 2037 4685 ipsum
2060 4613 2149 4668 hic
2176 4627 2286 4668 non
2312 4610 2500 4678 deﬂet,
2523 4612 2857 4681 sempiterne
2879 4611 2989 4665 illic
3018 4612 3273 4681 plorabit.
3302 4610 3427 4668 Sive

1855 4720 1987 4773 ergo
2012 4704 2099 4758 hic
2135 4713 2350 4774 sponte,
2383 4703 2499 4757 sive
2529 4702 2599 4756 ibi
2637 4717 2732 4771 per
2766 4710 3061 4769 tormenta,
3091 4702 3206 4756 fieri
3239 4705 3428 4773 nequit

1854 4796 1987 4866 quin
2014 4798 2317 4867 lugeamus.

1929 4910 2019 4965 4‘2.
2056 4911 2131 4981 (7)
2170 4907 2423 4963 Narravit
2471 4907 2539 4961 de
2589 4890 2779 4961 eodem
2828 4905 3000 4961 abbas
3031 4904 3243 4969 Daniel,
3280 4906 3425 4975 quod
3532 4952 3543 4959 .

1858 5017 2135 5072 nunquam
2165 4999 2232 5055 de
2267 5001 2376 5053 ulla
2406 4996 2699 5066 Scriptura:
2726 4997 3032 5065 quastione
3060 4997 3206 5065 loqui
3243 4997 3428 5050 volue-

1858 5093 1951 5157 rit,
1991 5094 2117 5147 licet
2158 5091 2398 5161 potuerit
2431 5092 2477 5144 si
2510 5089 2794 5143 voluisset.
2833 5088 2938 5143 Sed
2973 5106 3071 5144 nec
3101 5089 3311 5143 litteras
3343 5087 3426 5143 fa-

1855 5184 1960 5237 cile
1994 5183 2293 5239 scribebat.
2331 5180 2561 5247 Quando
2588 5189 2769 5235 autem
2808 5178 2877 5232 ad
2900 5179 3187 5235 ecclesiam
3222 5194 3316 5249 per
3344 5180 3427 5233 in-

1857 5274 2082 5329 tervalla
2109 5271 2382 5336 veniebat,
2410 5270 2635 5325 sedebat
2662 5284 2692 5324 a
2725 5279 2876 5340 tergo
2903 5269 3189 5336 columnae,
3214 5286 3281 5324 ne
3302 5270 3429 5341 quis

251 5383 296 5414 ”
330 5385 412 5463 Al.
444 5383 803 5453 φιλοξενίσας.
882 5384 928 5417 ⁸⁸
951 5384 1038 5440 Al.
1072 5383 1152 5440 ἓν.
1229 5386 1271 5417 ⁵³
1306 5379 1392 5441 Al.
1418 5387 1494 5443 ἐν.
1568 5389 1612 5420 ⁸²
1647 5389 1730 5443 Al.

1871 5406 2010 5463 ιπην.
2090 5389 2137 5422 ⁸³
2169 5388 2253 5445 Al.
2286 5387 2545 5463 Χριστοῦ.
2624 5387 2671 5419 ⁵⁸
2701 5386 2784 5441 Al.
2808 5385 3041 5458 ἤμελλεν
3075 5387 3428 5461 παραδιδόναι

180 5451 239 5505 τὸ
265 5451 505 5525 πνεῦμα.

361 5592 465 5673 [ἕρ.
497 5592 649 5673 Ilatr.
676 5610 732 5659 ι,

270 5664 323 5730 3)
373 5663 478 5717 Vit.
515 5664 667 5719 Patr.
696 5681 749 5726 ι,
779 5664 834 5719 9.

271 5736 325 5806 6)
358 5735 584 5791 Doroth.
616 5734 801 5789 Doctr.
834 5734 937 5804 1ος
971 5733 1244 5807 Euthymii
1282 5733 1424 5803 Vita,
1458 5753 1513 5792 η.
1547 5736 1635 5794 59.

454 5829 731 5888 ΡΑτιιοι..
778 5828 898 5890 Gn.
948 5829 1135 5892 LXV.

1924 5596 2001 5668 (5)
2046 5595 2151 5668 lfit.
2180 5593 2331 5668 Patr.
2365 5610 2448 5657 ιιι,
2488 5595 2548 5668 ‘l_;
2586 5592 2959 5668 Martyroloy..
2988 5591 3097 5650 Jul.
3132 5593 3218 5649 l9.

1949 5664 2004 5726 6)
2044 5666 2151 5722 Vit.
2181 5664 2331 5719 Patr.
2366 5681 2455 5726 xv,
2492 5666 2544 5719 9.

1927 5596 1980 5668 (5
2048 5596 2151 5651 Vit.
2180 5596 2331 5650 Patr.
2365 5610 2448 5657 ttt,
2488 5596 2548 5657 1;

1949 5667 1982 5720 6
2044 5666 2151 5722 Vit.
2181 5664 2331 5719 Patr.
2366 5681 2455 5726 xv,
2492 5666 2544 5719 9.

1927 5596 2006 5807 (7;
2045 5735 2151 5791 Vit.
2180 5735 2332 5791 Patr.
2358 5751 2445 5802 xv,
2476 5735 2557 5791 l0.

3121 5832 3157 5887 Β
