  <div class='ocr_page' id='page_1' title='image "/cluster/home/n/w/nwhite01/storage/ocr_20150623/65/hvd.32044052838166/061.png"; bbox 0 0 3974 6332; ppageno 0'>
   <div class='ocr_carea' id='block_1_1' title="bbox 507 347 638 402">
    <p class='ocr_par' dir='ltr' id='par_1_1' title="bbox 507 347 638 402">
     <span class='ocr_line' id='line_1_1' title="bbox 507 347 638 402; baseline 0.008 -1"><span class='ocrx_word' id='word_1_1' title='bbox 507 347 638 402; x_wconf 65' lang='grc' dir='ltr'>-Ψστ</span> 
     </span>
    </p>
   </div>
   <div class='ocr_carea' id='block_1_2' title="bbox 1698 337 2620 396">
    <p class='ocr_par' dir='ltr' id='par_1_2' title="bbox 1698 337 2620 396">
     <span class='ocr_line' id='line_1_2' title="bbox 1698 337 2620 396; baseline -0.002 -3"><span class='ocrx_word' id='word_1_2' title='bbox 1698 338 2043 396; x_wconf 74' lang='lat' dir='ltr'><strong>APPENDlX</strong></span> <span class='ocrx_word' id='word_1_3' title='bbox 2081 339 2170 394; x_wconf 82' lang='lat' dir='ltr'><strong>AD</strong></span> <span class='ocrx_word' id='word_1_4' title='bbox 2199 337 2620 396; x_wconf 75' lang='lat' dir='ltr'><strong>PALLADIUM.</strong></span> 
     </span>
    </p>
   </div>
   <div class='ocr_carea' id='block_1_3' title="bbox 3693 338 3803 392">
    <p class='ocr_par' dir='ltr' id='par_1_3' title="bbox 3693 338 3803 392">
     <span class='ocr_line' id='line_1_3' title="bbox 3693 338 3803 392; baseline 0.027 -3"><span class='ocrx_word' id='word_1_5' title='bbox 3693 338 3803 392; x_wconf 66' lang='grc' dir='ltr'>ωδ</span> 
     </span>
    </p>
   </div>
   <div class='ocr_carea' id='block_1_4' title="bbox 508 445 2121 523">
    <p class='ocr_par' dir='ltr' id='par_1_4' title="bbox 508 445 2100 520">
     <span class='ocr_line' id='line_1_4' title="bbox 508 445 2100 520; baseline -0.006 -6"><span class='ocrx_word' id='word_1_6' title='bbox 508 454 746 514; x_wconf 62' lang='grc' dir='ltr'>ννίάοιει</span> <span class='ocrx_word' id='word_1_7' title='bbox 785 448 1218 520; x_wconf 70' lang='grc' dir='ltr'>ῖαοὶεηιίίβείυι.</span> <span class='ocrx_word' id='word_1_8' title='bbox 1276 463 1379 504; x_wconf 90' lang='lat' dir='ltr'><strong>nec</strong></span> <span class='ocrx_word' id='word_1_9' title='bbox 1436 446 1553 517; x_wconf 80' lang='lat' dir='ltr'><strong>ipse</strong></span> <span class='ocrx_word' id='word_1_10' title='bbox 1605 445 1730 504; x_wconf 85' lang='lat' dir='ltr'><strong>aliis</strong></span> <span class='ocrx_word' id='word_1_11' title='bbox 1771 449 2100 505; x_wconf 91' lang='lat' dir='ltr'><strong>intenderet.</strong></span> 
     </span>
    </p>
   </div>
   <div class='ocr_carea' id='block_1_5' title="bbox 2230 445 3794 523">
    <p class='ocr_par' dir='ltr' id='par_1_5' title="bbox 2230 445 3794 523">
     <span class='ocr_line' id='line_1_5' title="bbox 2230 445 3794 523; baseline -0.001 -20"><span class='ocrx_word' id='word_1_12' title='bbox 2230 450 2400 523; x_wconf 75' lang='grc' dir='ltr'>ιηδεὶς</span> <span class='ocrx_word' id='word_1_13' title='bbox 2446 450 2526 521; x_wconf 74' lang='grc' dir='ltr'><strong>ἰδῇ</strong></span> <span class='ocrx_word' id='word_1_14' title='bbox 2570 450 2632 502; x_wconf 86' lang='grc' dir='ltr'><strong>τὸ</strong></span> <span class='ocrx_word' id='word_1_15' title='bbox 2678 447 2966 519; x_wconf 81' lang='grc' dir='ltr'>πρόσωπον</span> <span class='ocrx_word' id='word_1_16' title='bbox 3028 445 3217 511; x_wconf 80' lang='grc' dir='ltr'>αὐτοῦ,</span> <span class='ocrx_word' id='word_1_17' title='bbox 3262 446 3397 518; x_wconf 64' lang='grc' dir='ltr'><strong>μηδὲ</strong></span> <span class='ocrx_word' id='word_1_18' title='bbox 3441 446 3605 509; x_wconf 78' lang='grc' dir='ltr'>αὐτὸς</span> <span class='ocrx_word' id='word_1_19' title='bbox 3646 451 3794 519; x_wconf 49' lang='lat' dir='ltr'><strong>an.)</strong></span> 
     </span>
    </p>
   </div>
   <div class='ocr_carea' id='block_1_6' title="bbox 535 536 2107 613">
    <p class='ocr_par' dir='ltr' id='par_1_6' title="bbox 535 536 2107 613">
     <span class='ocr_line' id='line_1_6' title="bbox 535 536 2107 613; baseline -0.005 -10"><span class='ocrx_word' id='word_1_20' title='bbox 535 544 708 603; x_wconf 81' lang='lat' dir='ltr'><strong>Porro</strong></span> <span class='ocrx_word' id='word_1_21' title='bbox 732 541 917 613; x_wconf 79' lang='lat' dir='ltr'><strong>specie</strong></span> <span class='ocrx_word' id='word_1_22' title='bbox 951 552 1070 597; x_wconf 80' lang='lat' dir='ltr'><strong>erat</strong></span> <span class='ocrx_word' id='word_1_23' title='bbox 1105 539 1374 612; x_wconf 88' lang='lat' dir='ltr'><strong>angelica,</strong></span> <span class='ocrx_word' id='word_1_24' title='bbox 1421 539 1566 594; x_wconf 85' lang='lat' dir='ltr'><strong>sicut</strong></span> <span class='ocrx_word' id='word_1_25' title='bbox 1599 536 1806 608; x_wconf 72' lang='lat' dir='ltr'><strong>Iacob;</strong></span> <span class='ocrx_word' id='word_1_26' title='bbox 1834 548 1986 596; x_wconf 88' lang='lat' dir='ltr'><strong>totus</strong></span> <span class='ocrx_word' id='word_1_27' title='bbox 2012 556 2107 596; x_wconf 90' lang='lat' dir='ltr'><strong>ca-</strong></span> 
     </span>
    </p>
   </div>
   <div class='ocr_carea' id='block_1_7' title="bbox 535 628 2108 705">
    <p class='ocr_par' dir='ltr' id='par_1_7' title="bbox 535 628 2108 705">
     <span class='ocr_line' id='line_1_7' title="bbox 535 628 2108 705; baseline -0.004 -11"><span class='ocrx_word' id='word_1_28' title='bbox 535 652 663 702; x_wconf 84' lang='lat' dir='ltr'><strong>nus.</strong></span> <span class='ocrx_word' id='word_1_29' title='bbox 694 649 923 705; x_wconf 89' lang='lat' dir='ltr'><strong>corpore</strong></span> <span class='ocrx_word' id='word_1_30' title='bbox 951 628 1185 703; x_wconf 68' lang='lat' dir='ltr'><strong>eleganti</strong></span> <span class='ocrx_word' id='word_1_31' title='bbox 1223 650 1236 687; x_wconf 91' lang='lat'><strong>:</strong></span> <span class='ocrx_word' id='word_1_32' title='bbox 1267 630 1370 687; x_wconf 85' lang='lat' dir='ltr'><strong>fuit</strong></span> <span class='ocrx_word' id='word_1_33' title='bbox 1397 642 1581 688; x_wconf 90' lang='lat' dir='ltr'><strong>autem</strong></span> <span class='ocrx_word' id='word_1_34' title='bbox 1622 632 1841 699; x_wconf 87' lang='lat' dir='ltr'><strong>aridus;</strong></span> <span class='ocrx_word' id='word_1_35' title='bbox 1874 634 2108 704; x_wconf 86' lang='lat' dir='ltr'><strong>gestavit</strong></span> 
     </span>
    </p>
   </div>
   <div class='ocr_carea' id='block_1_8' title="bbox 533 723 2109 795">
    <p class='ocr_par' dir='ltr' id='par_1_8' title="bbox 533 723 2109 795">
     <span class='ocr_line' id='line_1_8' title="bbox 533 723 2109 795; baseline -0.003 -13"><span class='ocrx_word' id='word_1_36' title='bbox 533 727 760 782; x_wconf 79' lang='lat' dir='ltr'><strong>barbam</strong></span> <span class='ocrx_word' id='word_1_37' title='bbox 795 725 1013 793; x_wconf 84' lang='lat' dir='ltr'><strong>longam</strong></span> <span class='ocrx_word' id='word_1_38' title='bbox 1045 738 1168 794; x_wconf 66' lang='lat' dir='ltr'><strong>quas</strong></span> <span class='ocrx_word' id='word_1_39' title='bbox 1199 723 1266 778; x_wconf 91' lang='lat' dir='ltr'><strong>ad</strong></span> <span class='ocrx_word' id='word_1_40' title='bbox 1307 730 1550 777; x_wconf 76' lang='lat' dir='ltr'><strong>ventrem</strong></span> <span class='ocrx_word' id='word_1_41' title='bbox 1599 725 1959 793; x_wconf 82' lang='lat' dir='ltr'><strong>pertingeret;</strong></span> <span class='ocrx_word' id='word_1_42' title='bbox 2012 725 2109 795; x_wconf 85' lang='lat' dir='ltr'><strong>pili</strong></span> 
     </span>
    </p>
   </div>
   <div class='ocr_carea' id='block_1_9' title="bbox 533 811 2110 887">
    <p class='ocr_par' dir='ltr' id='par_1_9' title="bbox 533 811 2110 887">
     <span class='ocr_line' id='line_1_9' title="bbox 533 811 2110 887; baseline -0.002 -15"><span class='ocrx_word' id='word_1_43' title='bbox 533 816 822 872; x_wconf 89' lang='lat' dir='ltr'><strong>oculorum</strong></span> <span class='ocrx_word' id='word_1_44' title='bbox 848 830 962 887; x_wconf 65' lang='lat' dir='ltr'><strong>pra:</strong></span> <span class='ocrx_word' id='word_1_45' title='bbox 985 813 1142 870; x_wconf 82' lang='lat' dir='ltr'><strong>ﬂetus</strong></span> <span class='ocrx_word' id='word_1_46' title='bbox 1163 812 1506 869; x_wconf 84' lang='lat' dir='ltr'><strong>vehementia</strong></span> <span class='ocrx_word' id='word_1_47' title='bbox 1527 811 1865 869; x_wconf 88' lang='lat' dir='ltr'><strong>deciderant.</strong></span> <span class='ocrx_word' id='word_1_48' title='bbox 1888 813 2110 869; x_wconf 82' lang='lat' dir='ltr'><strong>Statura</strong></span> 
     </span>
    </p>
   </div>
   <div class='ocr_carea' id='block_1_10' title="bbox 535 902 2111 974">
    <p class='ocr_par' dir='ltr' id='par_1_10' title="bbox 535 902 2111 974">
     <span class='ocr_line' id='line_1_10' title="bbox 535 902 2111 974; baseline -0.001 -15"><span class='ocrx_word' id='word_1_49' title='bbox 535 913 653 960; x_wconf 87' lang='lat' dir='ltr'><strong>erat</strong></span> <span class='ocrx_word' id='word_1_50' title='bbox 681 905 813 969; x_wconf 81' lang='lat' dir='ltr'><strong>alta,</strong></span> <span class='ocrx_word' id='word_1_51' title='bbox 839 905 937 960; x_wconf 88' lang='lat' dir='ltr'><strong>sed</strong></span> <span class='ocrx_word' id='word_1_52' title='bbox 966 902 1122 959; x_wconf 88' lang='lat' dir='ltr'><strong>senio</strong></span> <span class='ocrx_word' id='word_1_53' title='bbox 1151 916 1374 957; x_wconf 90' lang='lat' dir='ltr'><strong>curvus.</strong></span> <span class='ocrx_word' id='word_1_54' title='bbox 1408 903 1595 958; x_wconf 84' lang='lat' dir='ltr'><strong>Annos</strong></span> <span class='ocrx_word' id='word_1_55' title='bbox 1621 911 1784 958; x_wconf 89' lang='lat' dir='ltr'><strong>natus</strong></span> <span class='ocrx_word' id='word_1_56' title='bbox 1816 905 2111 974; x_wconf 82' lang='lat' dir='ltr'><strong>nonaginta</strong></span> 
     </span>
    </p>
   </div>
   <div class='ocr_carea' id='block_1_11' title="bbox 534 994 2113 1068">
    <p class='ocr_par' dir='ltr' id='par_1_11' title="bbox 534 994 2113 1068">
     <span class='ocr_line' id='line_1_11' title="bbox 534 994 2113 1068; baseline -0.001 -17"><span class='ocrx_word' id='word_1_57' title='bbox 534 997 798 1068; x_wconf 82' lang='lat' dir='ltr'><strong>quinque.</strong></span> <span class='ocrx_word' id='word_1_58' title='bbox 837 995 903 1049; x_wconf 86' lang='lat' dir='ltr'><strong>Et</strong></span> <span class='ocrx_word' id='word_1_59' title='bbox 926 1010 1062 1050; x_wconf 80' lang='lat' dir='ltr'><strong>vero</strong></span> <span class='ocrx_word' id='word_1_60' title='bbox 1090 994 1290 1050; x_wconf 85' lang='lat' dir='ltr'><strong>mansit</strong></span> <span class='ocrx_word' id='word_1_61' title='bbox 1318 994 1371 1048; x_wconf 92' lang='lat' dir='ltr'><strong>in</strong></span> <span class='ocrx_word' id='word_1_62' title='bbox 1400 994 1601 1050; x_wconf 62' lang='lat' dir='ltr'><strong>divina:</strong></span> <span class='ocrx_word' id='word_1_63' title='bbox 1629 996 1905 1051; x_wconf 67' lang='lat' dir='ltr'><strong>memoria:</strong></span> <span class='ocrx_word' id='word_1_64' title='bbox 1934 994 2113 1050; x_wconf 80' lang='lat' dir='ltr'><strong>Theo-</strong></span> 
     </span>
    </p>
   </div>
   <div class='ocr_carea' id='block_1_12' title="bbox 535 1084 2112 1157">
    <p class='ocr_par' dir='ltr' id='par_1_12' title="bbox 535 1084 2112 1157">
     <span class='ocr_line' id='line_1_12' title="bbox 535 1084 2112 1157; baseline -0.001 -16"><span class='ocrx_word' id='word_1_65' title='bbox 535 1087 681 1142; x_wconf 86' lang='lat' dir='ltr'><strong>dosii</strong></span> <span class='ocrx_word' id='word_1_66' title='bbox 719 1086 949 1156; x_wconf 84' lang='lat' dir='ltr'><strong>majoris</strong></span> <span class='ocrx_word' id='word_1_67' title='bbox 980 1086 1184 1157; x_wconf 88' lang='lat' dir='ltr'><strong>palatio</strong></span> <span class='ocrx_word' id='word_1_68' title='bbox 1215 1098 1390 1139; x_wconf 90' lang='lat' dir='ltr'><strong>annos</strong></span> <span class='ocrx_word' id='word_1_69' title='bbox 1424 1085 1811 1155; x_wconf 83' lang='lat' dir='ltr'><strong>quadraginta,</strong></span> <span class='ocrx_word' id='word_1_70' title='bbox 1848 1094 2004 1156; x_wconf 88' lang='lat' dir='ltr'><strong>pater</strong></span> <span class='ocrx_word' id='word_1_71' title='bbox 2026 1084 2112 1139; x_wconf 88' lang='lat' dir='ltr'><strong>fa-</strong></span> 
     </span>
    </p>
   </div>
   <div class='ocr_carea' id='block_1_13' title="bbox 537 1175 2113 1245">
    <p class='ocr_par' dir='ltr' id='par_1_13' title="bbox 537 1175 2113 1245">
     <span class='ocr_line' id='line_1_13' title="bbox 537 1175 2113 1245; baseline -0.001 -12"><span class='ocrx_word' id='word_1_72' title='bbox 537 1184 660 1235; x_wconf 92' lang='lat' dir='ltr'><strong>ctus</strong></span> <span class='ocrx_word' id='word_1_73' title='bbox 687 1179 1163 1235; x_wconf 89' lang='lat' dir='ltr'><strong>divinissimorum</strong></span> <span class='ocrx_word' id='word_1_74' title='bbox 1194 1176 1417 1232; x_wconf 83' lang='lat' dir='ltr'><strong>Arcadii</strong></span> <span class='ocrx_word' id='word_1_75' title='bbox 1444 1184 1498 1231; x_wconf 89' lang='lat' dir='ltr'><strong>et</strong></span> <span class='ocrx_word' id='word_1_76' title='bbox 1520 1175 1777 1245; x_wconf 82' lang='lat' dir='ltr'><strong>llonorii;</strong></span> <span class='ocrx_word' id='word_1_77' title='bbox 1809 1177 1956 1233; x_wconf 90' lang='lat' dir='ltr'><strong>Sceti</strong></span> <span class='ocrx_word' id='word_1_78' title='bbox 1977 1177 2113 1232; x_wconf 89' lang='lat' dir='ltr'><strong>alios</strong></span> 
     </span>
    </p>
   </div>
   <div class='ocr_carea' id='block_1_14' title="bbox 536 1265 2114 1341">
    <p class='ocr_par' dir='ltr' id='par_1_14' title="bbox 536 1265 2114 1341">
     <span class='ocr_line' id='line_1_14' title="bbox 536 1265 2114 1341; baseline -0.002 -16"><span class='ocrx_word' id='word_1_79' title='bbox 536 1270 932 1341; x_wconf 77' lang='lat' dir='ltr'><strong>quadraginta;</strong></span> <span class='ocrx_word' id='word_1_80' title='bbox 963 1268 1020 1322; x_wconf 91' lang='lat' dir='ltr'><strong>in</strong></span> <span class='ocrx_word' id='word_1_81' title='bbox 1056 1266 1201 1323; x_wconf 89' lang='lat' dir='ltr'><strong>Troe</strong></span> <span class='ocrx_word' id='word_1_82' title='bbox 1236 1266 1542 1336; x_wconf 86' lang='lat' dir='ltr'><strong>superioris</strong></span> <span class='ocrx_word' id='word_1_83' title='bbox 1569 1265 1889 1337; x_wconf 81' lang='lat' dir='ltr'><strong>Babylonis,</strong></span> <span class='ocrx_word' id='word_1_84' title='bbox 1919 1281 2114 1322; x_wconf 87' lang='lat' dir='ltr'><strong>versus</strong></span> 
     </span>
    </p>
   </div>
   <div class='ocr_carea' id='block_1_15' title="bbox 539 1356 2114 1431">
    <p class='ocr_par' dir='ltr' id='par_1_15' title="bbox 539 1356 2114 1431">
     <span class='ocr_line' id='line_1_15' title="bbox 539 1356 2114 1431; baseline -0.001 -17"><span class='ocrx_word' id='word_1_85' title='bbox 539 1361 854 1431; x_wconf 78' lang='lat' dir='ltr'><strong>Memphim,</strong></span> <span class='ocrx_word' id='word_1_86' title='bbox 887 1359 1075 1415; x_wconf 89' lang='lat' dir='ltr'><strong>decem</strong></span> <span class='ocrx_word' id='word_1_87' title='bbox 1101 1376 1116 1426; x_wconf 86' lang='lat'><strong>;</strong></span> <span class='ocrx_word' id='word_1_88' title='bbox 1148 1364 1261 1414; x_wconf 91' lang='lat' dir='ltr'><strong>tres</strong></span> <span class='ocrx_word' id='word_1_89' title='bbox 1296 1358 1350 1412; x_wconf 90' lang='lat' dir='ltr'><strong>in</strong></span> <span class='ocrx_word' id='word_1_90' title='bbox 1380 1356 1616 1427; x_wconf 80' lang='lat' dir='ltr'><strong>CanOpo</strong></span> <span class='ocrx_word' id='word_1_91' title='bbox 1641 1358 2020 1427; x_wconf 82' lang='lat' dir='ltr'><strong>Alexandriae;</strong></span> <span class='ocrx_word' id='word_1_92' title='bbox 2046 1358 2114 1413; x_wconf 88' lang='lat' dir='ltr'><strong>ad</strong></span> 
     </span>
    </p>
   </div>
   <div class='ocr_carea' id='block_1_16' title="bbox 538 1447 2117 1522">
    <p class='ocr_par' dir='ltr' id='par_1_16' title="bbox 538 1447 2117 1522">
     <span class='ocr_line' id='line_1_16' title="bbox 538 1447 2117 1522; baseline -0.001 -15"><span class='ocrx_word' id='word_1_93' title='bbox 538 1454 783 1522; x_wconf 88' lang='lat' dir='ltr'><strong>reliquos</strong></span> <span class='ocrx_word' id='word_1_94' title='bbox 806 1458 989 1506; x_wconf 88' lang='lat' dir='ltr'><strong>autem</strong></span> <span class='ocrx_word' id='word_1_95' title='bbox 1021 1450 1160 1505; x_wconf 92' lang='lat' dir='ltr'><strong>duos</strong></span> <span class='ocrx_word' id='word_1_96' title='bbox 1186 1464 1385 1511; x_wconf 86' lang='lat' dir='ltr'><strong>annos.</strong></span> <span class='ocrx_word' id='word_1_97' title='bbox 1413 1449 1574 1503; x_wconf 84' lang='lat' dir='ltr'><strong>rediit</strong></span> <span class='ocrx_word' id='word_1_98' title='bbox 1606 1447 1822 1514; x_wconf 88' lang='lat' dir='ltr'><strong>Troen;</strong></span> <span class='ocrx_word' id='word_1_99' title='bbox 1856 1449 1948 1503; x_wconf 91' lang='lat' dir='ltr'><strong>ubi</strong></span> <span class='ocrx_word' id='word_1_100' title='bbox 1973 1464 2117 1505; x_wconf 83' lang='lat' dir='ltr'><strong>mor-</strong></span> 
     </span>
    </p>
   </div>
   <div class='ocr_carea' id='block_1_17' title="bbox 541 1540 2116 1616">
    <p class='ocr_par' dir='ltr' id='par_1_17' title="bbox 541 1540 2116 1616">
     <span class='ocr_line' id='line_1_17' title="bbox 541 1540 2116 1616; baseline -0.003 -15"><span class='ocrx_word' id='word_1_101' title='bbox 541 1557 668 1602; x_wconf 91' lang='lat' dir='ltr'><strong>tuus</strong></span> <span class='ocrx_word' id='word_1_102' title='bbox 701 1554 823 1615; x_wconf 88' lang='lat' dir='ltr'><strong>est;</strong></span> <span class='ocrx_word' id='word_1_103' title='bbox 859 1551 1149 1616; x_wconf 85' lang='lat' dir='ltr'><strong>postquam</strong></span> <span class='ocrx_word' id='word_1_104' title='bbox 1187 1546 1240 1597; x_wconf 90' lang='lat' dir='ltr'><strong>in</strong></span> <span class='ocrx_word' id='word_1_105' title='bbox 1274 1557 1405 1612; x_wconf 90' lang='lat' dir='ltr'><strong>pace</strong></span> <span class='ocrx_word' id='word_1_106' title='bbox 1442 1556 1506 1596; x_wconf 92' lang='lat' dir='ltr'><strong>ac</strong></span> <span class='ocrx_word' id='word_1_107' title='bbox 1538 1541 1738 1596; x_wconf 87' lang='lat' dir='ltr'><strong>timore</strong></span> <span class='ocrx_word' id='word_1_108' title='bbox 1773 1540 1866 1597; x_wconf 90' lang='lat' dir='ltr'><strong>Dei</strong></span> <span class='ocrx_word' id='word_1_109' title='bbox 1890 1556 2116 1597; x_wconf 89' lang='lat' dir='ltr'><strong>cursum</strong></span> 
     </span>
    </p>
   </div>
   <div class='ocr_carea' id='block_1_18' title="bbox 541 1632 2116 1703">
    <p class='ocr_par' dir='ltr' id='par_1_18' title="bbox 541 1632 2116 1703">
     <span class='ocr_line' id='line_1_18' title="bbox 541 1632 2116 1703; baseline -0.006 -6"><span class='ocrx_word' id='word_1_110' title='bbox 541 1656 701 1697; x_wconf 88' lang='lat' dir='ltr'><strong>suum</strong></span> <span class='ocrx_word' id='word_1_111' title='bbox 723 1635 1162 1695; x_wconf 75' lang='lat' dir='ltr'><strong>consummasset</strong></span> <span class='ocrx_word' id='word_1_112' title='bbox 1192 1654 1205 1689; x_wconf 90' lang='lat'>:</span> <span class='ocrx_word' id='word_1_113' title='bbox 1238 1635 1377 1699; x_wconf 82' lang='lat' dir='ltr'><strong>Quia</strong></span> <span class='ocrx_word' id='word_1_114' title='bbox 1406 1642 1523 1688; x_wconf 86' lang='lat' dir='ltr'><strong>erat</strong></span> <span class='ocrx_word' id='word_1_115' title='bbox 1560 1634 1636 1687; x_wconf 81' lang='lat' dir='ltr'><strong>vir</strong></span> <span class='ocrx_word' id='word_1_116' title='bbox 1659 1632 1825 1688; x_wconf 77' lang='lat' dir='ltr'><strong>bonus</strong></span> <span class='ocrx_word' id='word_1_117' title='bbox 1850 1642 1900 1687; x_wconf 85' lang='lat' dir='ltr'><strong>et</strong></span> <span class='ocrx_word' id='word_1_118' title='bbox 1930 1634 2116 1703; x_wconf 77' lang='lat' dir='ltr'><strong>plenus</strong></span> 
     </span>
    </p>
   </div>
   <div class='ocr_carea' id='block_1_19' title="bbox 540 1724 2117 1799">
    <p class='ocr_par' dir='ltr' id='par_1_19' title="bbox 540 1724 2117 1799">
     <span class='ocr_line' id='line_1_19' title="bbox 540 1724 2117 1799; baseline -0.003 -13"><span class='ocrx_word' id='word_1_119' title='bbox 540 1731 745 1799; x_wconf 79' lang='lat' dir='ltr'><strong>Spiritu</strong></span> <span class='ocrx_word' id='word_1_120' title='bbox 767 1737 950 1784; x_wconf 80' lang='lat' dir='ltr'><strong>sancto</strong></span> <span class='ocrx_word' id='word_1_121' title='bbox 971 1742 1020 1783; x_wconf 79' lang='lat' dir='ltr'><strong>et</strong></span> <span class='ocrx_word' id='word_1_122' title='bbox 1047 1726 1151 1797; x_wconf 80' lang='lat' dir='ltr'><strong>ﬁde</strong></span> <span class='ocrx_word' id='word_1_123' title='bbox 1166 1726 1233 1779; x_wconf 74' lang='lat'><strong>“.</strong></span> <span class='ocrx_word' id='word_1_124' title='bbox 1259 1724 1499 1796; x_wconf 78' lang='lat' dir='ltr'><strong>Reliquit</strong></span> <span class='ocrx_word' id='word_1_125' title='bbox 1521 1741 1654 1781; x_wconf 90' lang='lat' dir='ltr'><strong>vero</strong></span> <span class='ocrx_word' id='word_1_126' title='bbox 1674 1726 1806 1780; x_wconf 91' lang='lat' dir='ltr'><strong>mihi</strong></span> <span class='ocrx_word' id='word_1_127' title='bbox 1832 1727 2117 1796; x_wconf 87' lang='lat' dir='ltr'><strong>pelliccam</strong></span> 
     </span>
    </p>
   </div>
   <div class='ocr_carea' id='block_1_20' title="bbox 2215 536 3801 614">
    <p class='ocr_par' dir='ltr' id='par_1_20' title="bbox 2215 536 3801 614">
     <span class='ocr_line' id='line_1_20' title="bbox 2215 536 3801 614; baseline -0.001 -18"><span class='ocrx_word' id='word_1_128' title='bbox 2215 544 2450 614; x_wconf 80' lang='grc' dir='ltr'>πρόσχῃ.</span> <span class='ocrx_word' id='word_1_129' title='bbox 2478 538 2586 595; x_wconf 87' lang='grc' dir='ltr'>Ἦν</span> <span class='ocrx_word' id='word_1_130' title='bbox 2603 542 2660 594; x_wconf 81' lang='grc' dir='ltr'><strong>δὲ</strong></span> <span class='ocrx_word' id='word_1_131' title='bbox 2685 542 2746 593; x_wconf 78' lang='grc' dir='ltr'><strong>τὸ</strong></span> <span class='ocrx_word' id='word_1_132' title='bbox 2776 536 2914 603; x_wconf 73' lang='grc' dir='ltr'>εἶδος</span> <span class='ocrx_word' id='word_1_133' title='bbox 2932 539 3119 601; x_wconf 78' lang='grc' dir='ltr'>αὑτοῦ,</span> <span class='ocrx_word' id='word_1_134' title='bbox 3144 538 3456 608; x_wconf 76' lang='grc' dir='ltr'>ἀγγελικδν,</span> <span class='ocrx_word' id='word_1_135' title='bbox 3482 538 3672 613; x_wconf 83' lang='grc' dir='ltr'>ὥσπερ</span> <span class='ocrx_word' id='word_1_136' title='bbox 3695 541 3801 597; x_wconf 73' lang='grc' dir='ltr'><strong>τοῦ</strong></span> 
     </span>
    </p>
   </div>
   <div class='ocr_carea' id='block_1_21' title="bbox 2228 630 3801 706">
    <p class='ocr_par' dir='ltr' id='par_1_21' title="bbox 2228 630 3801 706">
     <span class='ocr_line' id='line_1_21' title="bbox 2228 630 3801 706; baseline -0.01 -16"><span class='ocrx_word' id='word_1_137' title='bbox 2228 635 2440 690; x_wconf 72' lang='grc' dir='ltr'><strong>Ἰακώϐ*</strong></span> <span class='ocrx_word' id='word_1_138' title='bbox 2462 634 2756 696; x_wconf 72' lang='grc' dir='ltr'>ὁλοπύλιος,</span> <span class='ocrx_word' id='word_1_139' title='bbox 2781 634 2992 695; x_wconf 77' lang='grc' dir='ltr'>ἀστεῖος</span> <span class='ocrx_word' id='word_1_140' title='bbox 3006 631 3083 702; x_wconf 82' lang='grc' dir='ltr'><strong>τῷ</strong></span> <span class='ocrx_word' id='word_1_141' title='bbox 3107 630 3338 701; x_wconf 88' lang='grc' dir='ltr'>σώματι·</span> <span class='ocrx_word' id='word_1_142' title='bbox 3363 631 3522 703; x_wconf 76' lang='grc' dir='ltr'>ξηρὸς</span> <span class='ocrx_word' id='word_1_143' title='bbox 3541 633 3597 686; x_wconf 83' lang='grc' dir='ltr'><strong>δὲ</strong></span> <span class='ocrx_word' id='word_1_144' title='bbox 3617 635 3730 705; x_wconf 80' lang='grc' dir='ltr'><strong>ὑπῆ</strong></span> <span class='ocrx_word' id='word_1_145' title='bbox 3741 652 3801 706; x_wconf 87' lang='grc' dir='ltr'><strong>ρ-</strong></span> 
     </span>
    </p>
   </div>
   <div class='ocr_carea' id='block_1_22' title="bbox 2215 722 3802 797">
    <p class='ocr_par' dir='ltr' id='par_1_22' title="bbox 2215 722 3802 797">
     <span class='ocr_line' id='line_1_22' title="bbox 2215 722 3802 797; baseline 0 -19"><span class='ocrx_word' id='word_1_146' title='bbox 2215 742 2329 797; x_wconf 80' lang='grc' dir='ltr'>χεν’</span> <span class='ocrx_word' id='word_1_147' title='bbox 2357 722 2469 796; x_wconf 81' lang='grc' dir='ltr'>εἶχε</span> <span class='ocrx_word' id='word_1_148' title='bbox 2496 726 2553 778; x_wconf 81' lang='grc' dir='ltr'>δὲ</span> <span class='ocrx_word' id='word_1_149' title='bbox 2579 724 2668 779; x_wconf 78' lang='grc' dir='ltr'><strong>τὸν</strong></span> <span class='ocrx_word' id='word_1_150' title='bbox 2685 723 2921 792; x_wconf 79' lang='grc' dir='ltr'>πώγωνα</span> <span class='ocrx_word' id='word_1_151' title='bbox 2946 723 3117 793; x_wconf 84' lang='grc' dir='ltr'>μέγαν</span> <span class='ocrx_word' id='word_1_152' title='bbox 3144 722 3411 791; x_wconf 72' lang='grc' dir='ltr'>φθάνοντα</span> <span class='ocrx_word' id='word_1_153' title='bbox 3436 723 3541 786; x_wconf 75' lang='grc' dir='ltr'>ἕως</span> <span class='ocrx_word' id='word_1_154' title='bbox 3559 725 3656 794; x_wconf 80' lang='grc' dir='ltr'>τῆς</span> <span class='ocrx_word' id='word_1_155' title='bbox 3680 743 3802 778; x_wconf 82' lang='grc' dir='ltr'>κοι-</span> 
     </span>
    </p>
   </div>
   <div class='ocr_carea' id='block_1_23' title="bbox 2216 813 3803 887">
    <p class='ocr_par' dir='ltr' id='par_1_23' title="bbox 2216 813 3803 887">
     <span class='ocr_line' id='line_1_23' title="bbox 2216 813 3803 887; baseline -0.002 -17"><span class='ocrx_word' id='word_1_156' title='bbox 2216 818 2355 881; x_wconf 84' lang='grc' dir='ltr'>λίας·</span> <span class='ocrx_word' id='word_1_157' title='bbox 2389 820 2443 870; x_wconf 86' lang='grc' dir='ltr'>αἱ</span> <span class='ocrx_word' id='word_1_158' title='bbox 2481 817 2539 870; x_wconf 74' lang='grc' dir='ltr'><strong>δὲ</strong></span> <span class='ocrx_word' id='word_1_159' title='bbox 2568 816 2753 887; x_wconf 82' lang='grc' dir='ltr'><strong>τρίχες</strong></span> <span class='ocrx_word' id='word_1_160' title='bbox 2787 815 2895 867; x_wconf 83' lang='grc' dir='ltr'><strong>τῶν</strong></span> <span class='ocrx_word' id='word_1_161' title='bbox 2931 814 3223 885; x_wconf 69' lang='grc' dir='ltr'>ὀφθαλμῶν</span> <span class='ocrx_word' id='word_1_162' title='bbox 3256 813 3422 867; x_wconf 79' lang='grc' dir='ltr'>αὑτοῦ</span> <span class='ocrx_word' id='word_1_163' title='bbox 3458 814 3652 868; x_wconf 73' lang='grc' dir='ltr'>ἔπεσον</span> <span class='ocrx_word' id='word_1_164' title='bbox 3684 817 3803 870; x_wconf 71' lang='grc' dir='ltr'><strong>ἀπὸ</strong></span> 
     </span>
    </p>
   </div>
   <div class='ocr_carea' id='block_1_24' title="bbox 2216 900 3801 977">
    <p class='ocr_par' dir='ltr' id='par_1_24' title="bbox 2216 900 3801 977">
     <span class='ocr_line' id='line_1_24' title="bbox 2216 900 3801 977; baseline -0.001 -16"><span class='ocrx_word' id='word_1_165' title='bbox 2216 906 2313 961; x_wconf 78' lang='grc' dir='ltr'>τοῦ</span> <span class='ocrx_word' id='word_1_166' title='bbox 2344 906 2645 976; x_wconf 75' lang='grc' dir='ltr'><strong>κλαυθμοῦ·</strong></span> <span class='ocrx_word' id='word_1_167' title='bbox 2679 905 2884 976; x_wconf 71' lang='grc' dir='ltr'>μακρὸς</span> <span class='ocrx_word' id='word_1_168' title='bbox 2904 906 2960 958; x_wconf 78' lang='grc' dir='ltr'><strong>δὲ</strong></span> <span class='ocrx_word' id='word_1_169' title='bbox 2984 900 3074 975; x_wconf 77' lang='grc' dir='ltr'>ἦν,</span> <span class='ocrx_word' id='word_1_170' title='bbox 3107 906 3223 958; x_wconf 84' lang='grc' dir='ltr'>ἀλλ’</span> <span class='ocrx_word' id='word_1_171' title='bbox 3251 905 3536 977; x_wconf 78' lang='grc' dir='ltr'>ὲκυρτώοη</span> <span class='ocrx_word' id='word_1_172' title='bbox 3569 906 3676 959; x_wconf 76' lang='grc' dir='ltr'>ἀπὸ</span> <span class='ocrx_word' id='word_1_173' title='bbox 3695 907 3801 960; x_wconf 78' lang='grc' dir='ltr'>τοῦ</span> 
     </span>
    </p>
   </div>
   <div class='ocr_carea' id='block_1_25' title="bbox 2217 997 3802 1070">
    <p class='ocr_par' dir='ltr' id='par_1_25' title="bbox 2217 997 3802 1070">
     <span class='ocr_line' id='line_1_25' title="bbox 2217 997 3802 1070; baseline 0 -19"><span class='ocrx_word' id='word_1_174' title='bbox 2217 1000 2421 1070; x_wconf 80' lang='grc' dir='ltr'><strong>γήρως.</strong></span> <span class='ocrx_word' id='word_1_175' title='bbox 2454 998 2699 1065; x_wconf 71' lang='grc' dir='ltr'>Ἐγένετο</span> <span class='ocrx_word' id='word_1_176' title='bbox 2722 998 2766 1030; x_wconf 69' lang='grc'><strong>⁸⁸</strong></span> <span class='ocrx_word' id='word_1_177' title='bbox 2785 998 2841 1052; x_wconf 83' lang='grc' dir='ltr'>δὲ</span> <span class='ocrx_word' id='word_1_178' title='bbox 2861 997 2998 1049; x_wconf 86' lang='grc' dir='ltr'><strong>ὲτῶν</strong></span> <span class='ocrx_word' id='word_1_179' title='bbox 3021 998 3342 1069; x_wconf 80' lang='grc' dir='ltr'>ἐνενήκοντα</span> <span class='ocrx_word' id='word_1_180' title='bbox 3362 998 3543 1051; x_wconf 74' lang='grc' dir='ltr'>πέντε.</span> <span class='ocrx_word' id='word_1_181' title='bbox 3575 998 3802 1070; x_wconf 78' lang='grc' dir='ltr'>Ἐποίη-</span> 
     </span>
    </p>
   </div>
   <div class='ocr_carea' id='block_1_26' title="bbox 2221 1086 3802 1159">
    <p class='ocr_par' dir='ltr' id='par_1_26' title="bbox 2221 1086 3802 1159">
     <span class='ocr_line' id='line_1_26' title="bbox 2221 1086 3802 1159; baseline -0.002 -15"><span class='ocrx_word' id='word_1_182' title='bbox 2221 1108 2282 1145; x_wconf 87' lang='grc' dir='ltr'><strong>σε</strong></span> <span class='ocrx_word' id='word_1_183' title='bbox 2314 1092 2368 1144; x_wconf 83' lang='grc' dir='ltr'><strong>δὲ</strong></span> <span class='ocrx_word' id='word_1_184' title='bbox 2403 1092 2482 1154; x_wconf 87' lang='grc' dir='ltr'>εἰς</span> <span class='ocrx_word' id='word_1_185' title='bbox 2518 1090 2578 1143; x_wconf 80' lang='grc' dir='ltr'>τὸ</span> <span class='ocrx_word' id='word_1_186' title='bbox 2628 1088 2888 1143; x_wconf 66' lang='grc' dir='ltr'>παλαι-ιον</span> <span class='ocrx_word' id='word_1_187' title='bbox 2935 1087 3026 1141; x_wconf 76' lang='grc' dir='ltr'><strong>τοῦ</strong></span> <span class='ocrx_word' id='word_1_188' title='bbox 3055 1086 3156 1156; x_wconf 73' lang='grc' dir='ltr'><strong>τῆς</strong></span> <span class='ocrx_word' id='word_1_189' title='bbox 3182 1086 3331 1149; x_wconf 70' lang='grc' dir='ltr'>θείας</span> <span class='ocrx_word' id='word_1_190' title='bbox 3357 1089 3577 1159; x_wconf 76' lang='grc' dir='ltr'>μνήμης</span> <span class='ocrx_word' id='word_1_191' title='bbox 3605 1088 3802 1142; x_wconf 82' lang='grc' dir='ltr'>Θεοδο-</span> 
     </span>
    </p>
   </div>
   <div class='ocr_carea' id='block_1_27' title="bbox 2222 1178 3805 1252">
    <p class='ocr_par' dir='ltr' id='par_1_27' title="bbox 2222 1178 3805 1252">
     <span class='ocr_line' id='line_1_27' title="bbox 2222 1178 3805 1252; baseline -0.004 -15"><span class='ocrx_word' id='word_1_192' title='bbox 2222 1184 2338 1237; x_wconf 83' lang='grc' dir='ltr'>σίου</span> <span class='ocrx_word' id='word_1_193' title='bbox 2372 1182 2464 1236; x_wconf 75' lang='grc' dir='ltr'>τοῦ</span> <span class='ocrx_word' id='word_1_194' title='bbox 2498 1182 2731 1252; x_wconf 69' lang='grc' dir='ltr'>μεγάλου</span> <span class='ocrx_word' id='word_1_195' title='bbox 2756 1180 2872 1250; x_wconf 56' lang='grc' dir='ltr'><strong>ἐτη</strong></span> <span class='ocrx_word' id='word_1_196' title='bbox 2898 1179 3327 1250; x_wconf 80' lang='grc' dir='ltr'>τεσσαράκοντα,</span> <span class='ocrx_word' id='word_1_197' title='bbox 3354 1178 3536 1249; x_wconf 73' lang='grc' dir='ltr'>πατὴρ</span> <span class='ocrx_word' id='word_1_198' title='bbox 3562 1180 3805 1247; x_wconf 78' lang='grc' dir='ltr'>γενόμε-</span> 
     </span>
    </p>
   </div>
   <div class='ocr_carea' id='block_1_28' title="bbox 2220 1269 3806 1341">
    <p class='ocr_par' dir='ltr' id='par_1_28' title="bbox 2220 1269 3806 1341">
     <span class='ocr_line' id='line_1_28' title="bbox 2220 1269 3806 1341; baseline -0.004 -13"><span class='ocrx_word' id='word_1_199' title='bbox 2220 1292 2309 1338; x_wconf 85' lang='grc' dir='ltr'><strong>νος</strong></span> <span class='ocrx_word' id='word_1_200' title='bbox 2337 1274 2445 1327; x_wconf 84' lang='grc' dir='ltr'>τῶν</span> <span class='ocrx_word' id='word_1_201' title='bbox 2474 1273 2761 1327; x_wconf 78' lang='grc' dir='ltr'>Θειοτάτων</span> <span class='ocrx_word' id='word_1_202' title='bbox 2794 1269 3076 1341; x_wconf 82' lang='grc' dir='ltr'>Ἀρκαδίου</span> <span class='ocrx_word' id='word_1_203' title='bbox 3099 1271 3193 1323; x_wconf 72' lang='grc' dir='ltr'><strong>καὶ</strong></span> <span class='ocrx_word' id='word_1_204' title='bbox 3228 1270 3503 1340; x_wconf 61' lang='grc' dir='ltr'>Ὀπδωρίου·</span> <span class='ocrx_word' id='word_1_205' title='bbox 3528 1270 3621 1322; x_wconf 75' lang='grc' dir='ltr'><strong>καὶ</strong></span> <span class='ocrx_word' id='word_1_206' title='bbox 3647 1272 3706 1324; x_wconf 77' lang='grc' dir='ltr'>ὲν</span> <span class='ocrx_word' id='word_1_207' title='bbox 3729 1271 3806 1340; x_wconf 75' lang='grc' dir='ltr'>τῇ</span> 
     </span>
    </p>
   </div>
   <div class='ocr_carea' id='block_1_29' title="bbox 2224 1358 3805 1437">
    <p class='ocr_par' dir='ltr' id='par_1_29' title="bbox 2224 1358 3805 1437">
     <span class='ocr_line' id='line_1_29' title="bbox 2224 1358 3805 1437; baseline -0.003 -19"><span class='ocrx_word' id='word_1_208' title='bbox 2224 1366 2418 1437; x_wconf 81' lang='grc' dir='ltr'>Σκήτει</span> <span class='ocrx_word' id='word_1_209' title='bbox 2465 1364 2717 1433; x_wconf 74' lang='grc' dir='ltr'>ἐποίησεν</span> <span class='ocrx_word' id='word_1_210' title='bbox 2767 1360 2862 1431; x_wconf 79' lang='grc' dir='ltr'><strong>ἔτη</strong></span> <span class='ocrx_word' id='word_1_211' title='bbox 2908 1358 3337 1430; x_wconf 75' lang='grc' dir='ltr'>τεσσαράκοντα·</span> <span class='ocrx_word' id='word_1_212' title='bbox 3393 1360 3486 1413; x_wconf 69' lang='grc' dir='ltr'><strong>καὶ</strong></span> <span class='ocrx_word' id='word_1_213' title='bbox 3534 1359 3665 1414; x_wconf 79' lang='grc' dir='ltr'>δέκα</span> <span class='ocrx_word' id='word_1_214' title='bbox 3717 1362 3805 1422; x_wconf 79' lang='grc' dir='ltr'><strong>εἰς</strong></span> 
     </span>
    </p>
   </div>
   <div class='ocr_carea' id='block_1_30' title="bbox 2223 1450 3804 1529">
    <p class='ocr_par' dir='ltr' id='par_1_30' title="bbox 2223 1450 3804 1529">
     <span class='ocr_line' id='line_1_30' title="bbox 2223 1450 3804 1529; baseline -0.004 -20"><span class='ocrx_word' id='word_1_215' title='bbox 2223 1457 2417 1529; x_wconf 77' lang='grc' dir='ltr'>Τρώην</span> <span class='ocrx_word' id='word_1_216' title='bbox 2447 1456 2545 1525; x_wconf 77' lang='grc' dir='ltr'>τῆς</span> <span class='ocrx_word' id='word_1_217' title='bbox 2585 1455 2696 1509; x_wconf 79' lang='grc' dir='ltr'><strong>ἄνω</strong></span> <span class='ocrx_word' id='word_1_218' title='bbox 2723 1451 3039 1513; x_wconf 78' lang='grc' dir='ltr'>Βαϐυλῶνος</span> <span class='ocrx_word' id='word_1_219' title='bbox 3075 1451 3149 1522; x_wconf 85' lang='grc'><strong>(9)</strong></span> <span class='ocrx_word' id='word_1_220' title='bbox 3183 1450 3470 1504; x_wconf 78' lang='grc' dir='ltr'>κατέναντι</span> <span class='ocrx_word' id='word_1_221' title='bbox 3495 1450 3804 1521; x_wconf 79' lang='grc' dir='ltr'>Μέμφεως-</span> 
     </span>
    </p>
   </div>
   <div class='ocr_carea' id='block_1_31' title="bbox 2224 1540 3810 1619">
    <p class='ocr_par' dir='ltr' id='par_1_31' title="bbox 2224 1540 3810 1619">
     <span class='ocr_line' id='line_1_31' title="bbox 2224 1540 3810 1619; baseline -0.004 -18"><span class='ocrx_word' id='word_1_222' title='bbox 2224 1547 2320 1601; x_wconf 61' lang='lat' dir='ltr'><strong>xxi.</strong></span> <span class='ocrx_word' id='word_1_223' title='bbox 2343 1547 2469 1619; x_wconf 83' lang='grc' dir='ltr'>τρία</span> <span class='ocrx_word' id='word_1_224' title='bbox 2498 1546 2593 1616; x_wconf 78' lang='grc' dir='ltr'><strong>ἐτη</strong></span> <span class='ocrx_word' id='word_1_225' title='bbox 2617 1547 2696 1607; x_wconf 79' lang='grc' dir='ltr'>εἰς</span> <span class='ocrx_word' id='word_1_226' title='bbox 2721 1544 2809 1597; x_wconf 81' lang='grc' dir='ltr'><strong>τὸν</strong></span> <span class='ocrx_word' id='word_1_227' title='bbox 2845 1542 3112 1595; x_wconf 84' lang='grc' dir='ltr'>Κάνωπον</span> <span class='ocrx_word' id='word_1_228' title='bbox 3151 1540 3572 1613; x_wconf 78' lang='grc' dir='ltr'>Ἀλεξανδρείας·</span> <span class='ocrx_word' id='word_1_229' title='bbox 3602 1542 3699 1595; x_wconf 71' lang='grc' dir='ltr'><strong>καὶ</strong></span> <span class='ocrx_word' id='word_1_230' title='bbox 3727 1540 3810 1595; x_wconf 75' lang='grc' dir='ltr'>τὰ</span> 
     </span>
    </p>
   </div>
   <div class='ocr_carea' id='block_1_32' title="bbox 2224 1630 3809 1706">
    <p class='ocr_par' dir='ltr' id='par_1_32' title="bbox 2224 1630 3809 1706">
     <span class='ocr_line' id='line_1_32' title="bbox 2224 1630 3809 1706; baseline -0.004 -14"><span class='ocrx_word' id='word_1_231' title='bbox 2224 1638 2358 1692; x_wconf 79' lang='grc' dir='ltr'>ἄλλα</span> <span class='ocrx_word' id='word_1_232' title='bbox 2389 1637 2479 1691; x_wconf 80' lang='grc' dir='ltr'>δύο</span> <span class='ocrx_word' id='word_1_233' title='bbox 2515 1637 2631 1706; x_wconf 77' lang='grc' dir='ltr'>ἔτη,</span> <span class='ocrx_word' id='word_1_234' title='bbox 2666 1632 2797 1706; x_wconf 78' lang='grc' dir='ltr'>ἦλθε</span> <span class='ocrx_word' id='word_1_235' title='bbox 2830 1634 2989 1687; x_wconf 79' lang='grc' dir='ltr'>πάλιν</span> <span class='ocrx_word' id='word_1_236' title='bbox 3022 1636 3102 1696; x_wconf 81' lang='grc' dir='ltr'><strong>είς</strong></span> <span class='ocrx_word' id='word_1_237' title='bbox 3128 1630 3341 1703; x_wconf 81' lang='grc' dir='ltr'>Τρώην,</span> <span class='ocrx_word' id='word_1_238' title='bbox 3378 1634 3471 1686; x_wconf 75' lang='grc' dir='ltr'><strong>καὶ</strong></span> <span class='ocrx_word' id='word_1_239' title='bbox 3508 1634 3626 1686; x_wconf 78' lang='grc' dir='ltr'>ἐκεῖ</span> <span class='ocrx_word' id='word_1_240' title='bbox 3653 1635 3809 1687; x_wconf 80' lang='grc' dir='ltr'>ὲκοι-</span> 
     </span>
    </p>
   </div>
   <div class='ocr_carea' id='block_1_33' title="bbox 2229 1724 3806 1801">
    <p class='ocr_par' dir='ltr' id='par_1_33' title="bbox 2229 1724 3806 1801">
     <span class='ocr_line' id='line_1_33' title="bbox 2229 1724 3806 1801; baseline -0.003 -20"><span class='ocrx_word' id='word_1_241' title='bbox 2229 1729 2398 1801; x_wconf 77' lang='grc' dir='ltr'>μήθη,</span> <span class='ocrx_word' id='word_1_242' title='bbox 2419 1728 2640 1791; x_wconf 75' lang='grc' dir='ltr'><strong>τελέσας</strong></span> <span class='ocrx_word' id='word_1_243' title='bbox 2663 1728 2706 1758; x_wconf 73' lang='grc'><strong>⁸⁷</strong></span> <span class='ocrx_word' id='word_1_244' title='bbox 2728 1729 2787 1779; x_wconf 82' lang='grc' dir='ltr'><strong>ὲν</strong></span> <span class='ocrx_word' id='word_1_245' title='bbox 2811 1726 3001 1798; x_wconf 72' lang='grc' dir='ltr'>εἰρήνῃ</span> <span class='ocrx_word' id='word_1_246' title='bbox 3028 1727 3122 1779; x_wconf 58' lang='grc' dir='ltr'><strong>καὶ¹</strong></span> <span class='ocrx_word' id='word_1_247' title='bbox 3149 1728 3205 1781; x_wconf 79' lang='grc' dir='ltr'><strong>ἐν</strong></span> <span class='ocrx_word' id='word_1_248' title='bbox 3227 1725 3376 1795; x_wconf 80' lang='grc' dir='ltr'><strong>φόϐῳ</strong></span> <span class='ocrx_word' id='word_1_249' title='bbox 3398 1724 3535 1778; x_wconf 79' lang='grc' dir='ltr'>Θεοῦ</span> <span class='ocrx_word' id='word_1_250' title='bbox 3561 1725 3652 1777; x_wconf 83' lang='grc' dir='ltr'><strong>τὸν</strong></span> <span class='ocrx_word' id='word_1_251' title='bbox 3671 1724 3806 1796; x_wconf 83' lang='grc' dir='ltr'><strong>δρό-</strong></span> 
     </span>
    </p>
   </div>
   <div class='ocr_carea' id='block_1_34' title="bbox 539 1809 2121 1893">
    <p class='ocr_par' dir='ltr' id='par_1_34' title="bbox 539 1817 2115 1884">
     <span class='ocr_line' id='line_1_34' title="bbox 539 1817 2115 1884; baseline -0.003 -7"><span class='ocrx_word' id='word_1_252' title='bbox 539 1838 698 1878; x_wconf 79' lang='lat' dir='ltr'><strong>suam</strong></span> <span class='ocrx_word' id='word_1_253' title='bbox 747 1824 1017 1884; x_wconf 89' lang='lat' dir='ltr'><strong>tunicam,</strong></span> <span class='ocrx_word' id='word_1_254' title='bbox 1068 1818 1351 1873; x_wconf 91' lang='lat' dir='ltr'><strong>ciliciuum</strong></span> <span class='ocrx_word' id='word_1_255' title='bbox 1399 1832 1681 1872; x_wconf 88' lang='lat' dir='ltr'><strong>camasum</strong></span> <span class='ocrx_word' id='word_1_256' title='bbox 1730 1817 1937 1883; x_wconf 87' lang='lat' dir='ltr'><strong>album,</strong></span> <span class='ocrx_word' id='word_1_257' title='bbox 1992 1833 2115 1873; x_wconf 90' lang='lat' dir='ltr'><strong>cum</strong></span> 
     </span>
    </p>
   </div>
   <div class='ocr_carea' id='block_1_35' title="bbox 2230 1809 3805 1893">
    <p class='ocr_par' dir='ltr' id='par_1_35' title="bbox 2230 1813 3805 1893">
     <span class='ocr_line' id='line_1_35' title="bbox 2230 1813 3805 1893; baseline -0.003 -19"><span class='ocrx_word' id='word_1_258' title='bbox 2230 1839 2323 1893; x_wconf 91' lang='grc' dir='ltr'><strong>μον</strong></span> <span class='ocrx_word' id='word_1_259' title='bbox 2358 1819 2544 1873; x_wconf 77' lang='grc' dir='ltr'>αὐτοῦ·</span> <span class='ocrx_word' id='word_1_260' title='bbox 2589 1820 2671 1872; x_wconf 81' lang='grc' dir='ltr'><strong>ὅτι</strong></span> <span class='ocrx_word' id='word_1_261' title='bbox 2710 1813 2778 1889; x_wconf 78' lang='grc' dir='ltr'>ἦν</span> <span class='ocrx_word' id='word_1_262' title='bbox 2809 1817 2947 1887; x_wconf 81' lang='grc' dir='ltr'>ἀνὴρ</span> <span class='ocrx_word' id='word_1_263' title='bbox 2982 1816 3185 1885; x_wconf 76' lang='grc' dir='ltr'>ἀγαθὸς</span> <span class='ocrx_word' id='word_1_264' title='bbox 3216 1817 3311 1869; x_wconf 74' lang='grc' dir='ltr'>καὶ</span> <span class='ocrx_word' id='word_1_265' title='bbox 3336 1815 3575 1884; x_wconf 78' lang='grc' dir='ltr'><strong>πλήρης</strong></span> <span class='ocrx_word' id='word_1_266' title='bbox 3606 1819 3805 1870; x_wconf 83' lang='grc' dir='ltr'><strong>Πνεύ-</strong></span> 
     </span>
    </p>
   </div>
   <div class='ocr_carea' id='block_1_36' title="bbox 539 1908 2121 1985">
    <p class='ocr_par' dir='ltr' id='par_1_36' title="bbox 539 1908 2118 1985">
     <span class='ocr_line' id='line_1_36' title="bbox 539 1908 2118 1985; baseline -0.006 -11"><span class='ocrx_word' id='word_1_267' title='bbox 539 1916 808 1974; x_wconf 87' lang='lat' dir='ltr'><strong>sandaliis</strong></span> <span class='ocrx_word' id='word_1_268' title='bbox 864 1912 1114 1985; x_wconf 81' lang='lat' dir='ltr'><strong>palmeis.</strong></span> <span class='ocrx_word' id='word_1_269' title='bbox 1167 1911 1300 1979; x_wconf 78' lang='lat' dir='ltr'><strong>Quae</strong></span> <span class='ocrx_word' id='word_1_270' title='bbox 1344 1925 1447 1981; x_wconf 86' lang='lat' dir='ltr'><strong>ego</strong></span> <span class='ocrx_word' id='word_1_271' title='bbox 1494 1908 1753 1981; x_wconf 81' lang='lat' dir='ltr'><strong>indignus</strong></span> <span class='ocrx_word' id='word_1_272' title='bbox 1794 1911 2022 1982; x_wconf 78' lang='lat' dir='ltr'><strong>gestavi,</strong></span> <span class='ocrx_word' id='word_1_273' title='bbox 2058 1920 2118 1966; x_wconf 91' lang='lat' dir='ltr'><strong>ut</strong></span> 
     </span>
    </p>
   </div>
   <div class='ocr_carea' id='block_1_37' title="bbox 2230 1908 3809 1985">
    <p class='ocr_par' dir='ltr' id='par_1_37' title="bbox 2230 1909 3809 1983">
     <span class='ocr_line' id='line_1_37' title="bbox 2230 1909 3809 1983; baseline -0.004 -14"><span class='ocrx_word' id='word_1_274' title='bbox 2230 1931 2405 1980; x_wconf 80' lang='grc' dir='ltr'>ματος</span> <span class='ocrx_word' id='word_1_275' title='bbox 2430 1914 2603 1983; x_wconf 73' lang='grc' dir='ltr'>ἁγίου</span> <span class='ocrx_word' id='word_1_276' title='bbox 2643 1911 2742 1965; x_wconf 78' lang='grc' dir='ltr'>καὶ</span> <span class='ocrx_word' id='word_1_277' title='bbox 2774 1912 3055 1976; x_wconf 79' lang='grc' dir='ltr'>πίστεως.</span> <span class='ocrx_word' id='word_1_278' title='bbox 3094 1909 3367 1963; x_wconf 75' lang='grc' dir='ltr'><strong>Κατέλιπε</strong></span> <span class='ocrx_word' id='word_1_279' title='bbox 3393 1910 3448 1961; x_wconf 80' lang='grc' dir='ltr'><strong>δέ</strong></span> <span class='ocrx_word' id='word_1_280' title='bbox 3482 1927 3571 1979; x_wconf 88' lang='grc' dir='ltr'><strong>μοι</strong></span> <span class='ocrx_word' id='word_1_281' title='bbox 3599 1910 3690 1962; x_wconf 81' lang='grc' dir='ltr'>τὸν</span> <span class='ocrx_word' id='word_1_282' title='bbox 3717 1927 3809 1979; x_wconf 85' lang='grc' dir='ltr'><strong>χι-</strong></span> 
     </span>
    </p>
   </div>
   <div class='ocr_carea' id='block_1_38' title="bbox 538 2004 1128 2080">
    <p class='ocr_par' dir='ltr' id='par_1_38' title="bbox 538 2004 1128 2080">
     <span class='ocr_line' id='line_1_38' title="bbox 538 2004 1128 2080; baseline -0.014 -14"><span class='ocrx_word' id='word_1_283' title='bbox 538 2023 636 2080; x_wconf 77' lang='lat' dir='ltr'><strong>per</strong></span> <span class='ocrx_word' id='word_1_284' title='bbox 661 2022 727 2065; x_wconf 82' lang='lat' dir='ltr'><strong>ea</strong></span> <span class='ocrx_word' id='word_1_285' title='bbox 752 2004 1128 2063; x_wconf 83' lang='lat' dir='ltr'><strong>benedicerer.</strong></span> 
     </span>
    </p>
   </div>
   <div class='ocr_carea' id='block_1_39' title="bbox 613 2270 2120 2331">
    <p class='ocr_par' dir='ltr' id='par_1_39' title="bbox 613 2270 2120 2331">
     <span class='ocr_line' id='line_1_39' title="bbox 613 2270 2120 2331; baseline -0.005 0"><span class='ocrx_word' id='word_1_286' title='bbox 613 2278 703 2331; x_wconf 68' lang='lat'><strong>43.</strong></span> <span class='ocrx_word' id='word_1_287' title='bbox 742 2276 940 2330; x_wconf 86' lang='lat' dir='ltr'><strong>lterum</strong></span> <span class='ocrx_word' id='word_1_288' title='bbox 976 2274 1224 2329; x_wconf 88' lang='lat' dir='ltr'><strong>narravit</strong></span> <span class='ocrx_word' id='word_1_289' title='bbox 1266 2273 1434 2329; x_wconf 80' lang='lat' dir='ltr'><strong>abbas</strong></span> <span class='ocrx_word' id='word_1_290' title='bbox 1466 2272 1653 2327; x_wconf 81' lang='lat' dir='ltr'><strong>Daniel</strong></span> <span class='ocrx_word' id='word_1_291' title='bbox 1692 2271 1761 2327; x_wconf 87' lang='lat' dir='ltr'><strong>de</strong></span> <span class='ocrx_word' id='word_1_292' title='bbox 1790 2270 1985 2328; x_wconf 88' lang='lat' dir='ltr'><strong>abbate</strong></span> <span class='ocrx_word' id='word_1_293' title='bbox 2019 2270 2120 2324; x_wconf 83' lang='lat' dir='ltr'><strong>Ar-</strong></span> 
     </span>
    </p>
   </div>
   <div class='ocr_carea' id='block_1_40' title="bbox 544 2362 2119 2433">
    <p class='ocr_par' dir='ltr' id='par_1_40' title="bbox 544 2362 2119 2433">
     <span class='ocr_line' id='line_1_40' title="bbox 544 2362 2119 2433; baseline -0.004 -12"><span class='ocrx_word' id='word_1_294' title='bbox 544 2365 732 2421; x_wconf 88' lang='lat' dir='ltr'><strong>senio:</strong></span> <span class='ocrx_word' id='word_1_295' title='bbox 772 2362 1001 2419; x_wconf 86' lang='lat' dir='ltr'><strong>Voeavit</strong></span> <span class='ocrx_word' id='word_1_296' title='bbox 1054 2362 1349 2433; x_wconf 89' lang='lat' dir='ltr'><strong>aliquando</strong></span> <span class='ocrx_word' id='word_1_297' title='bbox 1399 2362 1592 2417; x_wconf 86' lang='lat' dir='ltr'><strong>Patres</strong></span> <span class='ocrx_word' id='word_1_298' title='bbox 1646 2377 1835 2426; x_wconf 89' lang='lat' dir='ltr'><strong>meos,</strong></span> <span class='ocrx_word' id='word_1_299' title='bbox 1871 2362 2119 2416; x_wconf 84' lang='lat' dir='ltr'><strong>abbatem</strong></span> 
     </span>
    </p>
   </div>
   <div class='ocr_carea' id='block_1_41' title="bbox 544 2454 2121 2525">
    <p class='ocr_par' dir='ltr' id='par_1_41' title="bbox 544 2454 2121 2525">
     <span class='ocr_line' id='line_1_41' title="bbox 544 2454 2121 2525; baseline 0.001 -15"><span class='ocrx_word' id='word_1_300' title='bbox 544 2456 915 2512; x_wconf 79' lang='lat' dir='ltr'><strong>Alexandrum</strong></span> <span class='ocrx_word' id='word_1_301' title='bbox 943 2471 1006 2510; x_wconf 92' lang='lat' dir='ltr'><strong>ac</strong></span> <span class='ocrx_word' id='word_1_302' title='bbox 1025 2454 1257 2522; x_wconf 90' lang='lat' dir='ltr'><strong>Zoilum,</strong></span> <span class='ocrx_word' id='word_1_303' title='bbox 1279 2463 1333 2509; x_wconf 91' lang='lat' dir='ltr'><strong>et</strong></span> <span class='ocrx_word' id='word_1_304' title='bbox 1363 2472 1472 2525; x_wconf 64' lang='lat' dir='ltr'><strong>pra:</strong></span> <span class='ocrx_word' id='word_1_305' title='bbox 1500 2457 1802 2512; x_wconf 88' lang='lat' dir='ltr'><strong>humilitate</strong></span> <span class='ocrx_word' id='word_1_306' title='bbox 1830 2457 2121 2512; x_wconf 88' lang='lat' dir='ltr'><strong>dcmittens</strong></span> 
     </span>
    </p>
   </div>
   <div class='ocr_carea' id='block_1_42' title="bbox 546 2547 2123 2621">
    <p class='ocr_par' dir='ltr' id='par_1_42' title="bbox 546 2547 2123 2621">
     <span class='ocr_line' id='line_1_42' title="bbox 546 2547 2123 2621; baseline -0.001 -16"><span class='ocrx_word' id='word_1_307' title='bbox 546 2565 642 2612; x_wconf 88' lang='lat' dir='ltr'><strong>se,</strong></span> <span class='ocrx_word' id='word_1_308' title='bbox 677 2548 816 2603; x_wconf 81' lang='lat' dir='ltr'><strong>dixit</strong></span> <span class='ocrx_word' id='word_1_309' title='bbox 848 2548 962 2603; x_wconf 86' lang='lat' dir='ltr'><strong>eis:</strong></span> <span class='ocrx_word' id='word_1_310' title='bbox 1000 2547 1452 2618; x_wconf 86' lang='lat' dir='ltr'><strong>Quandoquidem</strong></span> <span class='ocrx_word' id='word_1_311' title='bbox 1486 2549 1762 2605; x_wconf 69' lang='lat' dir='ltr'><strong>daamones</strong></span> <span class='ocrx_word' id='word_1_312' title='bbox 1799 2550 2123 2621; x_wconf 86' lang='lat' dir='ltr'><strong>impugnant</strong></span> 
     </span>
    </p>
   </div>
   <div class='ocr_carea' id='block_1_43' title="bbox 546 2638 2122 2710">
    <p class='ocr_par' dir='ltr' id='par_1_43' title="bbox 546 2638 2122 2710">
     <span class='ocr_line' id='line_1_43' title="bbox 546 2638 2122 2710; baseline 0.001 -18"><span class='ocrx_word' id='word_1_313' title='bbox 546 2654 655 2702; x_wconf 85' lang='lat' dir='ltr'><strong>me,</strong></span> <span class='ocrx_word' id='word_1_314' title='bbox 680 2654 746 2693; x_wconf 90' lang='lat' dir='ltr'><strong>ac</strong></span> <span class='ocrx_word' id='word_1_315' title='bbox 773 2639 961 2693; x_wconf 89' lang='lat' dir='ltr'><strong>nescio</strong></span> <span class='ocrx_word' id='word_1_316' title='bbox 990 2654 1058 2692; x_wconf 88' lang='lat' dir='ltr'><strong>an</strong></span> <span class='ocrx_word' id='word_1_317' title='bbox 1087 2638 1140 2692; x_wconf 92' lang='lat' dir='ltr'><strong>in</strong></span> <span class='ocrx_word' id='word_1_318' title='bbox 1170 2654 1364 2694; x_wconf 88' lang='lat' dir='ltr'><strong>somno</strong></span> <span class='ocrx_word' id='word_1_319' title='bbox 1394 2640 1713 2710; x_wconf 87' lang='lat' dir='ltr'><strong>subrepant,</strong></span> <span class='ocrx_word' id='word_1_320' title='bbox 1736 2648 1953 2694; x_wconf 89' lang='lat' dir='ltr'><strong>noctem</strong></span> <span class='ocrx_word' id='word_1_321' title='bbox 1985 2643 2122 2694; x_wconf 87' lang='lat' dir='ltr'><strong>hanc</strong></span> 
     </span>
    </p>
   </div>
   <div class='ocr_carea' id='block_1_44' title="bbox 548 2729 2123 2800">
    <p class='ocr_par' dir='ltr' id='par_1_44' title="bbox 548 2729 2123 2800">
     <span class='ocr_line' id='line_1_44' title="bbox 548 2729 2123 2800; baseline -0.001 -14"><span class='ocrx_word' id='word_1_322' title='bbox 548 2729 763 2800; x_wconf 77' lang='lat' dir='ltr'><strong>vigilate</strong></span> <span class='ocrx_word' id='word_1_323' title='bbox 792 2744 1039 2794; x_wconf 79' lang='lat' dir='ltr'><strong>mecura,</strong></span> <span class='ocrx_word' id='word_1_324' title='bbox 1072 2737 1129 2785; x_wconf 88' lang='lat' dir='ltr'><strong>et</strong></span> <span class='ocrx_word' id='word_1_325' title='bbox 1176 2730 1495 2797; x_wconf 85' lang='lat' dir='ltr'><strong>observate,</strong></span> <span class='ocrx_word' id='word_1_326' title='bbox 1550 2747 1680 2785; x_wconf 92' lang='lat' dir='ltr'><strong>num</strong></span> <span class='ocrx_word' id='word_1_327' title='bbox 1733 2732 1789 2785; x_wconf 90' lang='lat' dir='ltr'><strong>in</strong></span> <span class='ocrx_word' id='word_1_328' title='bbox 1840 2732 2123 2800; x_wconf 83' lang='lat' dir='ltr'><strong>pervigilio</strong></span> 
     </span>
    </p>
   </div>
   <div class='ocr_carea' id='block_1_45' title="bbox 543 2818 2124 2892">
    <p class='ocr_par' dir='ltr' id='par_1_45' title="bbox 543 2818 2124 2892">
     <span class='ocr_line' id='line_1_45' title="bbox 543 2818 2124 2892; baseline -0.001 -15"><span class='ocrx_word' id='word_1_329' title='bbox 543 2820 857 2877; x_wconf 88' lang='lat' dir='ltr'><strong>dormitem.</strong></span> <span class='ocrx_word' id='word_1_330' title='bbox 884 2818 1054 2892; x_wconf 91' lang='lat' dir='ltr'><strong>lgitur</strong></span> <span class='ocrx_word' id='word_1_331' title='bbox 1083 2834 1114 2873; x_wconf 91' lang='lat' dir='ltr'><strong>a</strong></span> <span class='ocrx_word' id='word_1_332' title='bbox 1140 2821 1456 2889; x_wconf 86' lang='lat' dir='ltr'><strong>vespertino</strong></span> <span class='ocrx_word' id='word_1_333' title='bbox 1484 2828 1726 2892; x_wconf 73' lang='lat' dir='ltr'><strong>tempore</strong></span> <span class='ocrx_word' id='word_1_334' title='bbox 1750 2820 2012 2876; x_wconf 88' lang='lat' dir='ltr'><strong>sederunt</strong></span> <span class='ocrx_word' id='word_1_335' title='bbox 2042 2831 2124 2875; x_wconf 89' lang='lat' dir='ltr'><strong>ta-</strong></span> 
     </span>
    </p>
   </div>
   <div class='ocr_carea' id='block_1_46' title="bbox 543 2912 2125 2975">
    <p class='ocr_par' dir='ltr' id='par_1_46' title="bbox 543 2912 2125 2975">
     <span class='ocr_line' id='line_1_46' title="bbox 543 2912 2125 2975; baseline 0.001 -8"><span class='ocrx_word' id='word_1_336' title='bbox 543 2914 638 2967; x_wconf 86' lang='lat' dir='ltr'><strong>citi</strong></span> <span class='ocrx_word' id='word_1_337' title='bbox 659 2952 674 2975; x_wconf 88' lang='grc'><strong>,</strong></span> <span class='ocrx_word' id='word_1_338' title='bbox 699 2927 838 2967; x_wconf 83' lang='lat' dir='ltr'><strong>unus</strong></span> <span class='ocrx_word' id='word_1_339' title='bbox 891 2927 921 2965; x_wconf 92' lang='lat' dir='ltr'><strong>a</strong></span> <span class='ocrx_word' id='word_1_340' title='bbox 972 2912 1181 2967; x_wconf 76' lang='lat' dir='ltr'><strong>dextris</strong></span> <span class='ocrx_word' id='word_1_341' title='bbox 1212 2913 1359 2967; x_wconf 84' lang='lat' dir='ltr'><strong>illius</strong></span> <span class='ocrx_word' id='word_1_342' title='bbox 1379 2952 1392 2975; x_wconf 87' lang='lat'><strong>,</strong></span> <span class='ocrx_word' id='word_1_343' title='bbox 1421 2914 1555 2968; x_wconf 89' lang='lat' dir='ltr'><strong>alter</strong></span> <span class='ocrx_word' id='word_1_344' title='bbox 1606 2927 1636 2966; x_wconf 94' lang='lat' dir='ltr'><strong>a</strong></span> <span class='ocrx_word' id='word_1_345' title='bbox 1675 2914 1935 2968; x_wconf 84' lang='lat' dir='ltr'><strong>sinistris.</strong></span> <span class='ocrx_word' id='word_1_346' title='bbox 1966 2913 2125 2968; x_wconf 78' lang='lat' dir='ltr'><strong>Dixe-</strong></span> 
     </span>
    </p>
   </div>
   <div class='ocr_carea' id='block_1_47' title="bbox 545 3001 2120 3074">
    <p class='ocr_par' dir='ltr' id='par_1_47' title="bbox 545 3001 2120 3074">
     <span class='ocr_line' id='line_1_47' title="bbox 545 3001 2120 3074; baseline 0 -16"><span class='ocrx_word' id='word_1_347' title='bbox 545 3012 782 3074; x_wconf 90' lang='lat' dir='ltr'><strong>runtquc</strong></span> <span class='ocrx_word' id='word_1_348' title='bbox 805 3002 996 3058; x_wconf 85' lang='lat' dir='ltr'><strong>Patres</strong></span> <span class='ocrx_word' id='word_1_349' title='bbox 1029 3002 1169 3056; x_wconf 89' lang='lat' dir='ltr'><strong>mei:</strong></span> <span class='ocrx_word' id='word_1_350' title='bbox 1196 3001 1306 3057; x_wconf 85' lang='lat' dir='ltr'><strong>Nos</strong></span> <span class='ocrx_word' id='word_1_351' title='bbox 1334 3002 1694 3057; x_wconf 88' lang='lat' dir='ltr'><strong>dormivimus</strong></span> <span class='ocrx_word' id='word_1_352' title='bbox 1725 3018 1788 3055; x_wconf 89' lang='lat' dir='ltr'><strong>ac</strong></span> <span class='ocrx_word' id='word_1_353' title='bbox 1816 3005 2120 3072; x_wconf 79' lang='lat' dir='ltr'><strong>experrecti</strong></span> 
     </span>
    </p>
   </div>
   <div class='ocr_carea' id='block_1_48' title="bbox 547 3091 2119 3157">
    <p class='ocr_par' dir='ltr' id='par_1_48' title="bbox 547 3091 2119 3157">
     <span class='ocr_line' id='line_1_48' title="bbox 547 3091 2119 3157; baseline -0.001 -9"><span class='ocrx_word' id='word_1_354' title='bbox 547 3108 738 3149; x_wconf 88' lang='lat' dir='ltr'><strong>sumus</strong></span> <span class='ocrx_word' id='word_1_355' title='bbox 761 3132 775 3157; x_wconf 91' lang='lat'><strong>,</strong></span> <span class='ocrx_word' id='word_1_356' title='bbox 805 3108 903 3147; x_wconf 87' lang='lat' dir='ltr'><strong>nec</strong></span> <span class='ocrx_word' id='word_1_357' title='bbox 942 3092 1218 3148; x_wconf 85' lang='lat' dir='ltr'><strong>sensimus</strong></span> <span class='ocrx_word' id='word_1_358' title='bbox 1250 3108 1373 3145; x_wconf 84' lang='lat' dir='ltr'><strong>eum</strong></span> <span class='ocrx_word' id='word_1_359' title='bbox 1407 3092 1722 3146; x_wconf 88' lang='lat' dir='ltr'><strong>nictantem.</strong></span> <span class='ocrx_word' id='word_1_360' title='bbox 1754 3091 1911 3147; x_wconf 83' lang='lat' dir='ltr'><strong>Mane</strong></span> <span class='ocrx_word' id='word_1_361' title='bbox 1940 3104 2119 3148; x_wconf 88' lang='lat' dir='ltr'><strong>autem</strong></span> 
     </span>
    </p>
   </div>
   <div class='ocr_carea' id='block_1_49' title="bbox 548 3180 2125 3253">
    <p class='ocr_par' dir='ltr' id='par_1_49' title="bbox 548 3180 2125 3253">
     <span class='ocr_line' id='line_1_49' title="bbox 548 3180 2125 3253; baseline 0.001 -18"><span class='ocrx_word' id='word_1_362' title='bbox 548 3182 736 3253; x_wconf 88' lang='lat' dir='ltr'><strong>(Deus</strong></span> <span class='ocrx_word' id='word_1_363' title='bbox 767 3182 955 3246; x_wconf 89' lang='lat' dir='ltr'><strong>novit,</strong></span> <span class='ocrx_word' id='word_1_364' title='bbox 1000 3190 1182 3235; x_wconf 87' lang='lat' dir='ltr'><strong>utrum</strong></span> <span class='ocrx_word' id='word_1_365' title='bbox 1212 3181 1329 3251; x_wconf 87' lang='lat' dir='ltr'><strong>ipse</strong></span> <span class='ocrx_word' id='word_1_366' title='bbox 1359 3180 1699 3237; x_wconf 85' lang='lat' dir='ltr'><strong>simulaverit</strong></span> <span class='ocrx_word' id='word_1_367' title='bbox 1720 3225 1733 3248; x_wconf 87' lang='lat'><strong>,</strong></span> <span class='ocrx_word' id='word_1_368' title='bbox 1766 3197 1875 3253; x_wconf 90' lang='lat' dir='ltr'><strong>quo</strong></span> <span class='ocrx_word' id='word_1_369' title='bbox 1907 3192 2125 3253; x_wconf 78' lang='lat' dir='ltr'><strong>putare-</strong></span> 
     </span>
    </p>
   </div>
   <div class='ocr_carea' id='block_1_50' title="bbox 548 3270 2127 3333">
    <p class='ocr_par' dir='ltr' id='par_1_50' title="bbox 548 3270 2127 3333">
     <span class='ocr_line' id='line_1_50' title="bbox 548 3270 2127 3333; baseline 0 -7"><span class='ocrx_word' id='word_1_370' title='bbox 548 3286 670 3327; x_wconf 86' lang='lat' dir='ltr'><strong>mus</strong></span> <span class='ocrx_word' id='word_1_371' title='bbox 711 3286 837 3325; x_wconf 89' lang='lat' dir='ltr'><strong>eum</strong></span> <span class='ocrx_word' id='word_1_372' title='bbox 871 3270 1277 3325; x_wconf 88' lang='lat' dir='ltr'><strong>dormituriisse</strong></span> <span class='ocrx_word' id='word_1_373' title='bbox 1301 3310 1314 3333; x_wconf 91' lang='lat'><strong>,</strong></span> <span class='ocrx_word' id='word_1_374' title='bbox 1350 3286 1443 3325; x_wconf 89' lang='lat' dir='ltr'><strong>seu</strong></span> <span class='ocrx_word' id='word_1_375' title='bbox 1475 3286 1603 3326; x_wconf 88' lang='lat' dir='ltr'><strong>vere</strong></span> <span class='ocrx_word' id='word_1_376' title='bbox 1649 3287 1875 3326; x_wconf 84' lang='lat' dir='ltr'><strong>somnus</strong></span> <span class='ocrx_word' id='word_1_377' title='bbox 1930 3283 2127 3326; x_wconf 84' lang='lat' dir='ltr'><strong>natura</strong></span> 
     </span>
    </p>
   </div>
   <div class='ocr_carea' id='block_1_51' title="bbox 547 3358 2127 3431">
    <p class='ocr_par' dir='ltr' id='par_1_51' title="bbox 547 3358 2127 3431">
     <span class='ocr_line' id='line_1_51' title="bbox 547 3358 2127 3431; baseline 0.003 -16"><span class='ocrx_word' id='word_1_378' title='bbox 547 3367 775 3430; x_wconf 81' lang='lat' dir='ltr'><strong>cogente</strong></span> <span class='ocrx_word' id='word_1_379' title='bbox 808 3359 1127 3430; x_wconf 86' lang='lat' dir='ltr'><strong>advenerit)</strong></span> <span class='ocrx_word' id='word_1_380' title='bbox 1174 3370 1257 3414; x_wconf 90' lang='lat' dir='ltr'><strong>ter</strong></span> <span class='ocrx_word' id='word_1_381' title='bbox 1283 3358 1431 3414; x_wconf 84' lang='lat' dir='ltr'><strong>(lavit</strong></span> <span class='ocrx_word' id='word_1_382' title='bbox 1457 3400 1472 3425; x_wconf 89' lang='lat'><strong>,</strong></span> <span class='ocrx_word' id='word_1_383' title='bbox 1509 3360 1906 3431; x_wconf 84' lang='lat' dir='ltr'><strong>confestimque</strong></span> <span class='ocrx_word' id='word_1_384' title='bbox 1939 3378 2127 3419; x_wconf 84' lang='lat' dir='ltr'><strong>surre—</strong></span> 
     </span>
    </p>
   </div>
   <div class='ocr_carea' id='block_1_52' title="bbox 548 3449 2126 3524">
    <p class='ocr_par' dir='ltr' id='par_1_52' title="bbox 548 3449 2126 3524">
     <span class='ocr_line' id='line_1_52' title="bbox 548 3449 2126 3524; baseline 0.003 -18"><span class='ocrx_word' id='word_1_385' title='bbox 548 3453 623 3506; x_wconf 78' lang='lat' dir='ltr'><strong>xit</strong></span> <span class='ocrx_word' id='word_1_386' title='bbox 650 3490 665 3513; x_wconf 91' lang='lat'><strong>,</strong></span> <span class='ocrx_word' id='word_1_387' title='bbox 721 3451 909 3507; x_wconf 85' lang='lat' dir='ltr'><strong>aiens:</strong></span> <span class='ocrx_word' id='word_1_388' title='bbox 948 3449 1155 3505; x_wconf 89' lang='lat' dir='ltr'><strong>Dormii</strong></span> <span class='ocrx_word' id='word_1_389' title='bbox 1200 3451 1406 3522; x_wconf 90' lang='lat' dir='ltr'><strong>utique.</strong></span> <span class='ocrx_word' id='word_1_390' title='bbox 1439 3451 1503 3505; x_wconf 87' lang='lat' dir='ltr'><strong>Et</strong></span> <span class='ocrx_word' id='word_1_391' title='bbox 1550 3454 1936 3524; x_wconf 86' lang='lat' dir='ltr'><strong>respondimus</strong></span> <span class='ocrx_word' id='word_1_392' title='bbox 1990 3470 2126 3510; x_wconf 91' lang='lat' dir='ltr'><strong>nos:</strong></span> 
     </span>
    </p>
   </div>
   <div class='ocr_carea' id='block_1_53' title="bbox 549 3542 858 3597">
    <p class='ocr_par' dir='ltr' id='par_1_53' title="bbox 549 3542 858 3597">
     <span class='ocr_line' id='line_1_53' title="bbox 549 3542 858 3597; baseline -0.003 0"><span class='ocrx_word' id='word_1_393' title='bbox 549 3542 858 3597; x_wconf 80' lang='lat' dir='ltr'><strong>Nescimus.</strong></span> 
     </span>
    </p>
   </div>
   <div class='ocr_carea' id='block_1_54' title="bbox 619 3634 2128 3704">
    <p class='ocr_par' dir='ltr' id='par_1_54' title="bbox 619 3634 2128 3704">
     <span class='ocr_line' id='line_1_54' title="bbox 619 3634 2128 3704; baseline -0.001 -14"><span class='ocrx_word' id='word_1_394' title='bbox 619 3636 708 3690; x_wconf 73' lang='grc'><strong>44.</strong></span> <span class='ocrx_word' id='word_1_395' title='bbox 741 3635 1019 3690; x_wconf 82' lang='lat' dir='ltr'><strong>Venerunt</strong></span> <span class='ocrx_word' id='word_1_396' title='bbox 1042 3634 1337 3704; x_wconf 91' lang='lat' dir='ltr'><strong>aliquando</strong></span> <span class='ocrx_word' id='word_1_397' title='bbox 1369 3650 1526 3689; x_wconf 83' lang='lat' dir='ltr'><strong>senes</strong></span> <span class='ocrx_word' id='word_1_398' title='bbox 1569 3634 1635 3688; x_wconf 90' lang='lat' dir='ltr'><strong>ad</strong></span> <span class='ocrx_word' id='word_1_399' title='bbox 1672 3634 1921 3690; x_wconf 81' lang='lat' dir='ltr'><strong>abbatem</strong></span> <span class='ocrx_word' id='word_1_400' title='bbox 1962 3636 2128 3691; x_wconf 86' lang='lat' dir='ltr'><strong>Arse-</strong></span> 
     </span>
    </p>
   </div>
   <div class='ocr_carea' id='block_1_55' title="bbox 551 3714 2123 3794">
    <p class='ocr_par' dir='ltr' id='par_1_55' title="bbox 551 3714 2123 3794">
     <span class='ocr_line' id='line_1_55' title="bbox 551 3714 2123 3794; baseline 0 -14"><span class='ocrx_word' id='word_1_401' title='bbox 551 3726 725 3792; x_wconf 88' lang='lat' dir='ltr'><strong>uium,</strong></span> <span class='ocrx_word' id='word_1_402' title='bbox 744 3714 1086 3794; x_wconf 84' lang='lat' dir='ltr'><strong>multumque</strong></span> <span class='ocrx_word' id='word_1_403' title='bbox 1112 3731 1439 3794; x_wconf 81' lang='lat' dir='ltr'><strong>rogaverunt</strong></span> <span class='ocrx_word' id='word_1_404' title='bbox 1464 3732 1522 3778; x_wconf 92' lang='lat' dir='ltr'><strong>ut</strong></span> <span class='ocrx_word' id='word_1_405' title='bbox 1541 3724 1982 3794; x_wconf 81' lang='lat' dir='ltr'><strong>colloquerentur</strong></span> <span class='ocrx_word' id='word_1_406' title='bbox 2004 3740 2123 3780; x_wconf 91' lang='lat' dir='ltr'><strong>cum</strong></span> 
     </span>
    </p>
   </div>
   <div class='ocr_carea' id='block_1_56' title="bbox 550 3813 2128 3886">
    <p class='ocr_par' dir='ltr' id='par_1_56' title="bbox 550 3813 2128 3886">
     <span class='ocr_line' id='line_1_56' title="bbox 550 3813 2128 3886; baseline -0.004 -13"><span class='ocrx_word' id='word_1_407' title='bbox 550 3832 635 3873; x_wconf 86' lang='lat' dir='ltr'><strong>eo.</strong></span> <span class='ocrx_word' id='word_1_408' title='bbox 669 3816 763 3872; x_wconf 89' lang='lat' dir='ltr'><strong>Ille</strong></span> <span class='ocrx_word' id='word_1_409' title='bbox 796 3826 977 3871; x_wconf 89' lang='lat' dir='ltr'><strong>autem</strong></span> <span class='ocrx_word' id='word_1_410' title='bbox 1030 3822 1243 3886; x_wconf 88' lang='lat' dir='ltr'><strong>portam</strong></span> <span class='ocrx_word' id='word_1_411' title='bbox 1276 3819 1508 3884; x_wconf 90' lang='lat' dir='ltr'><strong>aperuit.</strong></span> <span class='ocrx_word' id='word_1_412' title='bbox 1540 3813 1678 3869; x_wconf 90' lang='lat' dir='ltr'><strong>Tum</strong></span> <span class='ocrx_word' id='word_1_413' title='bbox 1727 3815 1928 3870; x_wconf 91' lang='lat' dir='ltr'><strong>hortati</strong></span> <span class='ocrx_word' id='word_1_414' title='bbox 1977 3827 2128 3883; x_wconf 82' lang='lat' dir='ltr'><strong>sunt,</strong></span> 
     </span>
    </p>
   </div>
   <div class='ocr_carea' id='block_1_57' title="bbox 552 3894 2130 3977">
    <p class='ocr_par' dir='ltr' id='par_1_57' title="bbox 552 3894 2130 3977">
     <span class='ocr_line' id='line_1_57' title="bbox 552 3894 2130 3977; baseline -0.001 -12"><span class='ocrx_word' id='word_1_415' title='bbox 552 3917 611 3965; x_wconf 91' lang='lat' dir='ltr'><strong>ut</strong></span> <span class='ocrx_word' id='word_1_416' title='bbox 638 3909 706 3964; x_wconf 88' lang='lat' dir='ltr'><strong>ad</strong></span> <span class='ocrx_word' id='word_1_417' title='bbox 739 3923 836 3965; x_wconf 90' lang='lat' dir='ltr'><strong>eos</strong></span> <span class='ocrx_word' id='word_1_418' title='bbox 874 3921 1181 3963; x_wconf 87' lang='lat' dir='ltr'><strong>sermonem</strong></span> <span class='ocrx_word' id='word_1_419' title='bbox 1231 3906 1456 3963; x_wconf 85' lang='lat' dir='ltr'><strong>haberet</strong></span> <span class='ocrx_word' id='word_1_420' title='bbox 1500 3906 1569 3962; x_wconf 90' lang='lat' dir='ltr'><strong>de</strong></span> <span class='ocrx_word' id='word_1_421' title='bbox 1597 3894 1862 3962; x_wconf 75' lang='lat' dir='ltr'><strong>solitariis</strong></span> <span class='ocrx_word' id='word_1_422' title='bbox 1911 3907 2000 3977; x_wconf 91' lang='lat' dir='ltr'><strong>qui</strong></span> <span class='ocrx_word' id='word_1_423' title='bbox 2030 3925 2130 3963; x_wconf 91' lang='lat' dir='ltr'><strong>ne-</strong></span> 
     </span>
    </p>
   </div>
   <div class='ocr_carea' id='block_1_58' title="bbox 550 3996 2132 4069">
    <p class='ocr_par' dir='ltr' id='par_1_58' title="bbox 550 3996 2132 4069">
     <span class='ocr_line' id='line_1_58' title="bbox 550 3996 2132 4069; baseline -0.001 -14"><span class='ocrx_word' id='word_1_424' title='bbox 550 4000 751 4056; x_wconf 85' lang='lat' dir='ltr'><strong>minem</strong></span> <span class='ocrx_word' id='word_1_425' title='bbox 785 3998 1098 4053; x_wconf 87' lang='lat' dir='ltr'><strong>admittunt.</strong></span> <span class='ocrx_word' id='word_1_426' title='bbox 1127 3997 1216 4052; x_wconf 88' lang='lat' dir='ltr'><strong>Ait</strong></span> <span class='ocrx_word' id='word_1_427' title='bbox 1251 4013 1453 4053; x_wconf 80' lang='lat' dir='ltr'><strong>senex:</strong></span> <span class='ocrx_word' id='word_1_428' title='bbox 1492 3996 1747 4063; x_wconf 84' lang='lat' dir='ltr'><strong>Quandiu</strong></span> <span class='ocrx_word' id='word_1_429' title='bbox 1797 3998 1951 4068; x_wconf 87' lang='lat' dir='ltr'><strong>virgo</strong></span> <span class='ocrx_word' id='word_1_430' title='bbox 1984 3999 2132 4069; x_wconf 88' lang='lat' dir='ltr'><strong>degit</strong></span> 
     </span>
    </p>
   </div>
   <div class='ocr_carea' id='block_1_59' title="bbox 551 4090 2130 4163">
    <p class='ocr_par' dir='ltr' id='par_1_59' title="bbox 551 4090 2130 4163">
     <span class='ocr_line' id='line_1_59' title="bbox 551 4090 2130 4163; baseline -0.002 -14"><span class='ocrx_word' id='word_1_431' title='bbox 551 4093 609 4149; x_wconf 88' lang='lat' dir='ltr'><strong>in</strong></span> <span class='ocrx_word' id='word_1_432' title='bbox 640 4094 802 4149; x_wconf 90' lang='lat' dir='ltr'><strong>domo</strong></span> <span class='ocrx_word' id='word_1_433' title='bbox 840 4091 1015 4163; x_wconf 85' lang='lat' dir='ltr'><strong>patris</strong></span> <span class='ocrx_word' id='word_1_434' title='bbox 1049 4090 1166 4156; x_wconf 92' lang='lat' dir='ltr'><strong>sui,</strong></span> <span class='ocrx_word' id='word_1_435' title='bbox 1211 4090 1435 4160; x_wconf 85' lang='lat' dir='ltr'><strong>plurimi</strong></span> <span class='ocrx_word' id='word_1_436' title='bbox 1479 4092 1705 4160; x_wconf 88' lang='lat' dir='ltr'><strong>cupiunt</strong></span> <span class='ocrx_word' id='word_1_437' title='bbox 1752 4090 1940 4160; x_wconf 86' lang='lat' dir='ltr'><strong>sponsi</strong></span> <span class='ocrx_word' id='word_1_438' title='bbox 1982 4090 2130 4146; x_wconf 89' lang='lat' dir='ltr'><strong>illius</strong></span> 
     </span>
    </p>
   </div>
   <div class='ocr_carea' id='block_1_60' title="bbox 552 4181 2129 4252">
    <p class='ocr_par' dir='ltr' id='par_1_60' title="bbox 552 4181 2129 4252">
     <span class='ocr_line' id='line_1_60' title="bbox 552 4181 2129 4252; baseline -0.001 -15"><span class='ocrx_word' id='word_1_439' title='bbox 552 4183 704 4249; x_wconf 79' lang='lat' dir='ltr'><strong>fieri;</strong></span> <span class='ocrx_word' id='word_1_440' title='bbox 754 4198 880 4238; x_wconf 93' lang='lat' dir='ltr'><strong>cum</strong></span> <span class='ocrx_word' id='word_1_441' title='bbox 934 4198 1065 4238; x_wconf 85' lang='lat' dir='ltr'><strong>vero</strong></span> <span class='ocrx_word' id='word_1_442' title='bbox 1125 4182 1382 4238; x_wconf 90' lang='lat' dir='ltr'><strong>maritum</strong></span> <span class='ocrx_word' id='word_1_443' title='bbox 1426 4181 1728 4252; x_wconf 87' lang='lat' dir='ltr'><strong>acceperit,</strong></span> <span class='ocrx_word' id='word_1_444' title='bbox 1787 4196 2129 4251; x_wconf 86' lang='lat' dir='ltr'><strong>nequaquam</strong></span> 
     </span>
    </p>
   </div>
   <div class='ocr_carea' id='block_1_61' title="bbox 551 4273 2130 4346">
    <p class='ocr_par' dir='ltr' id='par_1_61' title="bbox 551 4273 2130 4346">
     <span class='ocr_line' id='line_1_61' title="bbox 551 4273 2130 4346; baseline -0.001 -18"><span class='ocrx_word' id='word_1_445' title='bbox 551 4274 729 4346; x_wconf 90' lang='lat' dir='ltr'><strong>placet</strong></span> <span class='ocrx_word' id='word_1_446' title='bbox 771 4275 1025 4337; x_wconf 90' lang='lat' dir='ltr'><strong>cunctis,</strong></span> <span class='ocrx_word' id='word_1_447' title='bbox 1074 4273 1167 4329; x_wconf 86' lang='lat' dir='ltr'><strong>sed</strong></span> <span class='ocrx_word' id='word_1_448' title='bbox 1202 4275 1282 4328; x_wconf 91' lang='lat' dir='ltr'><strong>illi</strong></span> <span class='ocrx_word' id='word_1_449' title='bbox 1328 4273 1545 4344; x_wconf 87' lang='lat' dir='ltr'><strong>quidem</strong></span> <span class='ocrx_word' id='word_1_450' title='bbox 1595 4281 1985 4337; x_wconf 87' lang='lat' dir='ltr'><strong>contemnunt,</strong></span> <span class='ocrx_word' id='word_1_451' title='bbox 2038 4274 2130 4327; x_wconf 89' lang='lat' dir='ltr'><strong>alii</strong></span> 
     </span>
    </p>
   </div>
   <div class='ocr_carea' id='block_1_62' title="bbox 551 4363 2131 4435">
    <p class='ocr_par' dir='ltr' id='par_1_62' title="bbox 551 4363 2131 4435">
     <span class='ocr_line' id='line_1_62' title="bbox 551 4363 2131 4435; baseline -0.001 -16"><span class='ocrx_word' id='word_1_452' title='bbox 551 4379 680 4419; x_wconf 88' lang='lat' dir='ltr'><strong>vero</strong></span> <span class='ocrx_word' id='word_1_453' title='bbox 706 4363 1041 4433; x_wconf 67' lang='lat' dir='ltr'><strong>praedicant;</strong></span> <span class='ocrx_word' id='word_1_454' title='bbox 1075 4378 1175 4417; x_wconf 88' lang='lat' dir='ltr'><strong>nec</strong></span> <span class='ocrx_word' id='word_1_455' title='bbox 1201 4363 1256 4416; x_wconf 89' lang='lat' dir='ltr'><strong>in</strong></span> <span class='ocrx_word' id='word_1_456' title='bbox 1285 4364 1379 4417; x_wconf 90' lang='lat' dir='ltr'><strong>tali</strong></span> <span class='ocrx_word' id='word_1_457' title='bbox 1411 4364 1619 4419; x_wconf 82' lang='lat' dir='ltr'><strong>honore</strong></span> <span class='ocrx_word' id='word_1_458' title='bbox 1643 4373 1748 4427; x_wconf 87' lang='lat' dir='ltr'><strong>est,</strong></span> <span class='ocrx_word' id='word_1_459' title='bbox 1789 4366 1935 4435; x_wconf 87' lang='lat' dir='ltr'><strong>quali</strong></span> <span class='ocrx_word' id='word_1_460' title='bbox 1970 4373 2131 4419; x_wconf 88' lang='lat' dir='ltr'><strong>antea</strong></span> 
     </span>
    </p>
   </div>
   <div class='ocr_carea' id='block_1_63' title="bbox 2219 1999 3810 2073">
    <p class='ocr_par' dir='ltr' id='par_1_63' title="bbox 2219 1999 3810 2073">
     <span class='ocr_line' id='line_1_63' title="bbox 2219 1999 3810 2073; baseline -0.003 -13"><span class='ocrx_word' id='word_1_461' title='bbox 2219 2006 2366 2060; x_wconf 83' lang='grc' dir='ltr'>τῶνα</span> <span class='ocrx_word' id='word_1_462' title='bbox 2410 2004 2574 2058; x_wconf 73' lang='grc' dir='ltr'>αὑτοῦ</span> <span class='ocrx_word' id='word_1_463' title='bbox 2615 2003 2707 2057; x_wconf 81' lang='grc' dir='ltr'><strong>τὸν</strong></span> <span class='ocrx_word' id='word_1_464' title='bbox 2752 2002 3098 2073; x_wconf 81' lang='grc' dir='ltr'>δερμάτινον,</span> <span class='ocrx_word' id='word_1_465' title='bbox 3145 2000 3238 2054; x_wconf 74' lang='grc' dir='ltr'><strong>καὶ</strong></span> <span class='ocrx_word' id='word_1_466' title='bbox 3279 1999 3516 2071; x_wconf 82' lang='grc' dir='ltr'>τρίχινον</span> <span class='ocrx_word' id='word_1_467' title='bbox 3556 2001 3810 2071; x_wconf 84' lang='grc' dir='ltr'>καμάσιν</span> 
     </span>
    </p>
   </div>
   <div class='ocr_carea' id='block_1_64' title="bbox 2219 2089 3809 2163">
    <p class='ocr_par' dir='ltr' id='par_1_64' title="bbox 2219 2089 3809 2163">
     <span class='ocr_line' id='line_1_64' title="bbox 2219 2089 3809 2163; baseline -0.002 -13"><span class='ocrx_word' id='word_1_468' title='bbox 2219 2096 2429 2160; x_wconf 72' lang='grc' dir='ltr'>λευκὸν,</span> <span class='ocrx_word' id='word_1_469' title='bbox 2471 2096 2565 2149; x_wconf 66' lang='grc' dir='ltr'><strong>κα)⁵</strong></span> <span class='ocrx_word' id='word_1_470' title='bbox 2589 2094 2847 2147; x_wconf 75' lang='grc' dir='ltr'>σανδάλια</span> <span class='ocrx_word' id='word_1_471' title='bbox 2874 2093 3117 2145; x_wconf 77' lang='grc' dir='ltr'>σεὸἐνινα</span> <span class='ocrx_word' id='word_1_472' title='bbox 3139 2092 3269 2163; x_wconf 89' lang='grc'><strong>(10).</strong></span> <span class='ocrx_word' id='word_1_473' title='bbox 3307 2093 3414 2145; x_wconf 79' lang='grc' dir='ltr'>Καὶ</span> <span class='ocrx_word' id='word_1_474' title='bbox 3441 2089 3552 2160; x_wconf 77' lang='grc' dir='ltr'><strong>ἐγὼ</strong></span> <span class='ocrx_word' id='word_1_475' title='bbox 3579 2091 3809 2158; x_wconf 80' lang='grc' dir='ltr'>ἀνάξιος</span> 
     </span>
    </p>
   </div>
   <div class='ocr_carea' id='block_1_65' title="bbox 2221 2180 3103 2257">
    <p class='ocr_par' dir='ltr' id='par_1_65' title="bbox 2221 2180 3103 2257">
     <span class='ocr_line' id='line_1_65' title="bbox 2221 2180 3103 2257; baseline -0.005 -18"><span class='ocrx_word' id='word_1_476' title='bbox 2221 2186 2457 2257; x_wconf 80' lang='grc' dir='ltr'>ὲφόρεσα</span> <span class='ocrx_word' id='word_1_477' title='bbox 2483 2184 2643 2246; x_wconf 72' lang='grc' dir='ltr'>αὐτὰ,</span> <span class='ocrx_word' id='word_1_478' title='bbox 2685 2184 2771 2236; x_wconf 83' lang='grc' dir='ltr'><strong>ἵνα</strong></span> <span class='ocrx_word' id='word_1_479' title='bbox 2803 2180 3103 2251; x_wconf 55' lang='lat' dir='ltr'><strong>sormea.</strong></span> 
     </span>
    </p>
   </div>
   <div class='ocr_carea' id='block_1_66' title="bbox 2295 2271 3808 2348">
    <p class='ocr_par' dir='ltr' id='par_1_66' title="bbox 2295 2271 3808 2348">
     <span class='ocr_line' id='line_1_66' title="bbox 2295 2271 3808 2348; baseline -0.003 -18"><span class='ocrx_word' id='word_1_480' title='bbox 2295 2283 2404 2348; x_wconf 88' lang='grc' dir='ltr'>μγ’.</span> <span class='ocrx_word' id='word_1_481' title='bbox 2442 2277 2747 2346; x_wconf 77' lang='grc' dir='ltr'>Διηγήσατο</span> <span class='ocrx_word' id='word_1_482' title='bbox 2797 2273 2958 2337; x_wconf 67' lang='grc' dir='ltr'>πάλιν</span> <span class='ocrx_word' id='word_1_483' title='bbox 3005 2276 3034 2326; x_wconf 81' lang='grc' dir='ltr'>ὁ</span> <span class='ocrx_word' id='word_1_484' title='bbox 3072 2271 3244 2337; x_wconf 77' lang='grc' dir='ltr'><strong>ἀϐϐἄς</strong></span> <span class='ocrx_word' id='word_1_485' title='bbox 3285 2272 3482 2344; x_wconf 72' lang='grc' dir='ltr'>Δανιὴλ</span> <span class='ocrx_word' id='word_1_486' title='bbox 3524 2274 3650 2343; x_wconf 69' lang='grc' dir='ltr'>περὶ</span> <span class='ocrx_word' id='word_1_487' title='bbox 3703 2274 3808 2326; x_wconf 75' lang='grc' dir='ltr'>τοῦ</span> 
     </span>
    </p>
   </div>
   <div class='ocr_carea' id='block_1_67' title="bbox 2221 2364 3806 2438">
    <p class='ocr_par' dir='ltr' id='par_1_67' title="bbox 2221 2364 3806 2438">
     <span class='ocr_line' id='line_1_67' title="bbox 2221 2364 3806 2438; baseline -0.004 -15"><span class='ocrx_word' id='word_1_488' title='bbox 2221 2370 2365 2423; x_wconf 71' lang='grc' dir='ltr'><strong>ἀϐίᾶ</strong></span> <span class='ocrx_word' id='word_1_489' title='bbox 2400 2368 2696 2438; x_wconf 79' lang='grc' dir='ltr'>’Λρσενίου,</span> <span class='ocrx_word' id='word_1_490' title='bbox 2731 2367 2812 2418; x_wconf 80' lang='grc' dir='ltr'><strong>ὅτι</strong></span> <span class='ocrx_word' id='word_1_491' title='bbox 2838 2366 2967 2418; x_wconf 79' lang='grc' dir='ltr'>ποτὲ</span> <span class='ocrx_word' id='word_1_492' title='bbox 2997 2364 3225 2417; x_wconf 79' lang='grc' dir='ltr'>ἐκάλεσε</span> <span class='ocrx_word' id='word_1_493' title='bbox 3242 2366 3367 2427; x_wconf 77' lang='grc' dir='ltr'>τοὺς</span> <span class='ocrx_word' id='word_1_494' title='bbox 3392 2365 3639 2438; x_wconf 83' lang='grc' dir='ltr'>Πατέρας</span> <span class='ocrx_word' id='word_1_495' title='bbox 3671 2382 3806 2435; x_wconf 86' lang='grc' dir='ltr'>μου,</span> 
     </span>
    </p>
   </div>
   <div class='ocr_carea' id='block_1_68' title="bbox 2221 2452 3811 2526">
    <p class='ocr_par' dir='ltr' id='par_1_68' title="bbox 2221 2452 3811 2526">
     <span class='ocr_line' id='line_1_68' title="bbox 2221 2452 3811 2526; baseline -0.006 -13"><span class='ocrx_word' id='word_1_496' title='bbox 2221 2461 2313 2513; x_wconf 85' lang='grc' dir='ltr'>τόν</span> <span class='ocrx_word' id='word_1_497' title='bbox 2344 2477 2404 2513; x_wconf 90' lang='grc' dir='ltr'><strong>τε</strong></span> <span class='ocrx_word' id='word_1_498' title='bbox 2431 2459 2604 2512; x_wconf 78' lang='grc' dir='ltr'>ἁϐϐᾶν</span> <span class='ocrx_word' id='word_1_499' title='bbox 2657 2455 3000 2526; x_wconf 80' lang='grc' dir='ltr'>Ἀλέξανδρον</span> <span class='ocrx_word' id='word_1_500' title='bbox 3032 2454 3126 2508; x_wconf 70' lang='grc' dir='ltr'><strong>καὶ</strong></span> <span class='ocrx_word' id='word_1_501' title='bbox 3148 2454 3377 2507; x_wconf 74' lang='grc' dir='ltr'>Ζώῖλονο</span> <span class='ocrx_word' id='word_1_502' title='bbox 3415 2453 3507 2507; x_wconf 75' lang='grc' dir='ltr'><strong>καὶ</strong></span> <span class='ocrx_word' id='word_1_503' title='bbox 3528 2452 3811 2506; x_wconf 79' lang='grc' dir='ltr'>ταπεινῶν</span> 
     </span>
    </p>
   </div>
   <div class='ocr_carea' id='block_1_69' title="bbox 2224 2541 3811 2616">
    <p class='ocr_par' dir='ltr' id='par_1_69' title="bbox 2224 2541 3811 2616">
     <span class='ocr_line' id='line_1_69' title="bbox 2224 2541 3811 2616; baseline -0.007 -10"><span class='ocrx_word' id='word_1_504' title='bbox 2224 2552 2411 2606; x_wconf 80' lang='grc' dir='ltr'>ἑαυτὸν</span> <span class='ocrx_word' id='word_1_505' title='bbox 2439 2548 2588 2603; x_wconf 82' lang='grc' dir='ltr'>εἶπεν</span> <span class='ocrx_word' id='word_1_506' title='bbox 2622 2548 2803 2610; x_wconf 70' lang='grc' dir='ltr'>αὐτοῖς</span> <span class='ocrx_word' id='word_1_507' title='bbox 2826 2562 2840 2575; x_wconf 88' lang='grc'><strong>·</strong></span> <span class='ocrx_word' id='word_1_508' title='bbox 2890 2546 3108 2616; x_wconf 80' lang='grc' dir='ltr'><strong>Ἐπειδὴ</strong></span> <span class='ocrx_word' id='word_1_509' title='bbox 3141 2547 3190 2597; x_wconf 73' lang='lat' dir='ltr'><strong>oi</strong></span> <span class='ocrx_word' id='word_1_510' title='bbox 3222 2545 3472 2614; x_wconf 67' lang='grc' dir='ltr'>δαίμονες</span> <span class='ocrx_word' id='word_1_511' title='bbox 3502 2541 3811 2613; x_wconf 82' lang='grc' dir='ltr'>πολεμοῦσί</span> 
     </span>
    </p>
   </div>
   <div class='ocr_carea' id='block_1_70' title="bbox 2227 2632 3813 2714">
    <p class='ocr_par' dir='ltr' id='par_1_70' title="bbox 2227 2632 3813 2714">
     <span class='ocr_line' id='line_1_70' title="bbox 2227 2632 3813 2714; baseline -0.006 -18"><span class='ocrx_word' id='word_1_512' title='bbox 2227 2660 2293 2714; x_wconf 86' lang='grc' dir='ltr'><strong>με</strong></span> <span class='ocrx_word' id='word_1_513' title='bbox 2319 2683 2332 2706; x_wconf 94' lang='grc'><strong>,</strong></span> <span class='ocrx_word' id='word_1_514' title='bbox 2358 2644 2451 2695; x_wconf 75' lang='grc' dir='ltr'><strong>καὶ</strong></span> <span class='ocrx_word' id='word_1_515' title='bbox 2477 2641 2577 2695; x_wconf 72' lang='grc' dir='ltr'><strong>οὐκ</strong></span> <span class='ocrx_word' id='word_1_516' title='bbox 2606 2636 2721 2693; x_wconf 73' lang='grc' dir='ltr'>οἶδα</span> <span class='ocrx_word' id='word_1_517' title='bbox 2753 2640 2800 2691; x_wconf 80' lang='grc' dir='ltr'><strong>εί</strong></span> <span class='ocrx_word' id='word_1_518' title='bbox 2826 2638 3116 2691; x_wconf 74' lang='grc' dir='ltr'>κλέπτουσί</span> <span class='ocrx_word' id='word_1_519' title='bbox 3143 2654 3208 2707; x_wconf 86' lang='grc' dir='ltr'><strong>με</strong></span> <span class='ocrx_word' id='word_1_520' title='bbox 3240 2638 3297 2690; x_wconf 77' lang='grc' dir='ltr'>ἐν</span> <span class='ocrx_word' id='word_1_521' title='bbox 3323 2636 3476 2707; x_wconf 73' lang='grc' dir='ltr'>ὕπνῳ</span> <span class='ocrx_word' id='word_1_522' title='bbox 3498 2675 3511 2698; x_wconf 90' lang='grc'><strong>,</strong></span> <span class='ocrx_word' id='word_1_523' title='bbox 3542 2634 3679 2688; x_wconf 82' lang='grc' dir='ltr'>ἀλλὰ</span> <span class='ocrx_word' id='word_1_524' title='bbox 3702 2632 3813 2707; x_wconf 73' lang='grc' dir='ltr'>τὴν</span> 
     </span>
    </p>
   </div>
   <div class='ocr_carea' id='block_1_71' title="bbox 2225 2723 3813 2803">
    <p class='ocr_par' dir='ltr' id='par_1_71' title="bbox 2225 2723 3813 2803">
     <span class='ocr_line' id='line_1_71' title="bbox 2225 2723 3813 2803; baseline -0.008 -14"><span class='ocrx_word' id='word_1_525' title='bbox 2225 2736 2394 2789; x_wconf 85' lang='grc' dir='ltr'>νύκτα</span> <span class='ocrx_word' id='word_1_526' title='bbox 2420 2733 2622 2803; x_wconf 72' lang='grc' dir='ltr'>ταύτην</span> <span class='ocrx_word' id='word_1_527' title='bbox 2646 2730 2946 2784; x_wconf 78' lang='grc' dir='ltr'>κοπιάσατε</span> <span class='ocrx_word' id='word_1_528' title='bbox 2971 2729 3087 2800; x_wconf 85' lang='grc' dir='ltr'>μετ’</span> <span class='ocrx_word' id='word_1_529' title='bbox 3115 2727 3273 2798; x_wconf 82' lang='grc' dir='ltr'>ἐμοῦ,</span> <span class='ocrx_word' id='word_1_530' title='bbox 3306 2728 3400 2781; x_wconf 75' lang='grc' dir='ltr'>καὶ</span> <span class='ocrx_word' id='word_1_531' title='bbox 3426 2723 3702 2797; x_wconf 75' lang='grc' dir='ltr'>τηρήσατέ</span> <span class='ocrx_word' id='word_1_532' title='bbox 3732 2741 3813 2795; x_wconf 74' lang='grc' dir='ltr'><strong>με</strong></span> 
     </span>
    </p>
   </div>
   <div class='ocr_carea' id='block_1_72' title="bbox 2225 2814 3809 2894">
    <p class='ocr_par' dir='ltr' id='par_1_72' title="bbox 2225 2814 3809 2894">
     <span class='ocr_line' id='line_1_72' title="bbox 2225 2814 3809 2894; baseline -0.008 -12"><span class='ocrx_word' id='word_1_533' title='bbox 2225 2830 2273 2881; x_wconf 86' lang='grc' dir='ltr'><strong>εί</strong></span> <span class='ocrx_word' id='word_1_534' title='bbox 2304 2826 2553 2885; x_wconf 71' lang='lat' dir='ltr'><strong>vum:an</strong></span> <span class='ocrx_word' id='word_1_535' title='bbox 2585 2827 2641 2877; x_wconf 79' lang='grc' dir='ltr'>ἐν</span> <span class='ocrx_word' id='word_1_536' title='bbox 2669 2827 2735 2893; x_wconf 78' lang='grc' dir='ltr'>τῇ</span> <span class='ocrx_word' id='word_1_537' title='bbox 2769 2822 3065 2894; x_wconf 77' lang='grc' dir='ltr'>ἀγρυπνίᾳ·</span> <span class='ocrx_word' id='word_1_538' title='bbox 3087 2822 3195 2874; x_wconf 76' lang='grc' dir='ltr'>Καὶ</span> <span class='ocrx_word' id='word_1_539' title='bbox 3229 2820 3475 2873; x_wconf 74' lang='grc' dir='ltr'>ἐκάθισεν</span> <span class='ocrx_word' id='word_1_540' title='bbox 3508 2814 3587 2882; x_wconf 69' lang='grc' dir='ltr'>εἷς</span> <span class='ocrx_word' id='word_1_541' title='bbox 3615 2820 3681 2871; x_wconf 83' lang='grc' dir='ltr'>ὲκ</span> <span class='ocrx_word' id='word_1_542' title='bbox 3709 2818 3809 2871; x_wconf 61' lang='grc' dir='ltr'><strong>δεη</strong></span> 
     </span>
    </p>
   </div>
   <div class='ocr_carea' id='block_1_73' title="bbox 2227 2909 3813 2985">
    <p class='ocr_par' dir='ltr' id='par_1_73' title="bbox 2227 2909 3813 2985">
     <span class='ocr_line' id='line_1_73' title="bbox 2227 2909 3813 2985; baseline -0.007 -12"><span class='ocrx_word' id='word_1_543' title='bbox 2227 2919 2354 2985; x_wconf 82' lang='grc' dir='ltr'>ξιῶν</span> <span class='ocrx_word' id='word_1_544' title='bbox 2387 2915 2573 2979; x_wconf 75' lang='grc' dir='ltr'>αὑτοῦ,</span> <span class='ocrx_word' id='word_1_545' title='bbox 2607 2917 2699 2970; x_wconf 73' lang='grc' dir='ltr'><strong>καὶ</strong></span> <span class='ocrx_word' id='word_1_546' title='bbox 2735 2913 2813 2977; x_wconf 72' lang='grc' dir='ltr'>εἷς</span> <span class='ocrx_word' id='word_1_547' title='bbox 2847 2914 2905 2980; x_wconf 76' lang='grc' dir='ltr'><strong>ἐξ</strong></span> <span class='ocrx_word' id='word_1_548' title='bbox 2933 2912 3257 2983; x_wconf 73' lang='grc' dir='ltr'>εὐωνύμων,</span> <span class='ocrx_word' id='word_1_549' title='bbox 3290 2911 3398 2965; x_wconf 72' lang='grc' dir='ltr'><strong>ἀπὸ</strong></span> <span class='ocrx_word' id='word_1_550' title='bbox 3426 2910 3520 2980; x_wconf 70' lang='grc' dir='ltr'><strong>ὀψὲ</strong></span> <span class='ocrx_word' id='word_1_551' title='bbox 3555 2909 3813 2963; x_wconf 67' lang='lat' dir='ltr'><strong>atwm&#39;bv-</strong></span> 
     </span>
    </p>
   </div>
   <div class='ocr_carea' id='block_1_74' title="bbox 2224 3002 3814 3075">
    <p class='ocr_par' dir='ltr' id='par_1_74' title="bbox 2224 3002 3814 3075">
     <span class='ocr_line' id='line_1_74' title="bbox 2224 3002 3814 3075; baseline -0.006 -11"><span class='ocrx_word' id='word_1_552' title='bbox 2224 3028 2335 3074; x_wconf 87' lang='grc' dir='ltr'>τες.</span> <span class='ocrx_word' id='word_1_553' title='bbox 2373 3011 2479 3063; x_wconf 70' lang='grc' dir='ltr'>Καὶ</span> <span class='ocrx_word' id='word_1_554' title='bbox 2508 3005 2657 3060; x_wconf 78' lang='grc' dir='ltr'>εἷπον</span> <span class='ocrx_word' id='word_1_555' title='bbox 2681 3009 2729 3058; x_wconf 80' lang='grc' dir='ltr'>οἱ</span> <span class='ocrx_word' id='word_1_556' title='bbox 2754 3005 2989 3075; x_wconf 87' lang='grc' dir='ltr'>Πατέρες</span> <span class='ocrx_word' id='word_1_557' title='bbox 3014 3022 3136 3074; x_wconf 85' lang='grc' dir='ltr'>μου,</span> <span class='ocrx_word' id='word_1_558' title='bbox 3163 3006 3243 3056; x_wconf 81' lang='grc' dir='ltr'>ὅτι</span> <span class='ocrx_word' id='word_1_559' title='bbox 3288 3004 3476 3074; x_wconf 85' lang='grc' dir='ltr'>Ἡμεῖς</span> <span class='ocrx_word' id='word_1_560' title='bbox 3507 3002 3814 3074; x_wconf 75' lang='grc' dir='ltr'>ἐκοιμήθη-</span> 
     </span>
    </p>
   </div>
   <div class='ocr_carea' id='block_1_75' title="bbox 2230 3091 3815 3171">
    <p class='ocr_par' dir='ltr' id='par_1_75' title="bbox 2230 3091 3815 3171">
     <span class='ocr_line' id='line_1_75' title="bbox 2230 3091 3815 3171; baseline -0.004 -18"><span class='ocrx_word' id='word_1_561' title='bbox 2230 3118 2328 3171; x_wconf 87' lang='grc' dir='ltr'><strong>μεν</strong></span> <span class='ocrx_word' id='word_1_562' title='bbox 2377 3099 2471 3152; x_wconf 66' lang='grc' dir='ltr'><strong>καὶ</strong></span> <span class='ocrx_word' id='word_1_563' title='bbox 2505 3096 2809 3166; x_wconf 83' lang='grc' dir='ltr'>ἁνέστημεν</span> <span class='ocrx_word' id='word_1_564' title='bbox 2829 3136 2842 3158; x_wconf 91' lang='grc'><strong>,</strong></span> <span class='ocrx_word' id='word_1_565' title='bbox 2871 3094 2969 3145; x_wconf 72' lang='grc' dir='ltr'>ικαὶ</span> <span class='ocrx_word' id='word_1_566' title='bbox 2997 3094 3096 3144; x_wconf 78' lang='grc' dir='ltr'><strong>οὐκ</strong></span> <span class='ocrx_word' id='word_1_567' title='bbox 3141 3092 3490 3161; x_wconf 75' lang='grc' dir='ltr'>ᾐσθάνθημεν</span> <span class='ocrx_word' id='word_1_568' title='bbox 3515 3091 3676 3144; x_wconf 82' lang='grc' dir='ltr'>αὐτὸν</span> <span class='ocrx_word' id='word_1_569' title='bbox 3710 3108 3815 3146; x_wconf 83' lang='grc' dir='ltr'>νυ-</span> 
     </span>
    </p>
   </div>
   <div class='ocr_carea' id='block_1_76' title="bbox 2231 3179 3813 3256">
    <p class='ocr_par' dir='ltr' id='par_1_76' title="bbox 2231 3179 3813 3256">
     <span class='ocr_line' id='line_1_76' title="bbox 2231 3179 3813 3256; baseline -0.008 -11"><span class='ocrx_word' id='word_1_570' title='bbox 2231 3192 2517 3256; x_wconf 72' lang='grc' dir='ltr'>στάξλντα.</span> <span class='ocrx_word' id='word_1_571' title='bbox 2551 3190 2658 3241; x_wconf 70' lang='grc' dir='ltr'>Καὶ</span> <span class='ocrx_word' id='word_1_572' title='bbox 2688 3186 2779 3238; x_wconf 65' lang='grc' dir='ltr'><strong>ἐπὶ</strong></span> <span class='ocrx_word' id='word_1_573' title='bbox 2803 3184 2863 3236; x_wconf 77' lang='grc' dir='ltr'><strong>τὸ</strong></span> <span class='ocrx_word' id='word_1_574' title='bbox 2896 3182 3038 3253; x_wconf 75' lang='grc' dir='ltr'>πρωῒ</span> <span class='ocrx_word' id='word_1_575' title='bbox 3066 3182 3114 3253; x_wconf 81' lang='grc' dir='ltr'>(ὁ</span> <span class='ocrx_word' id='word_1_576' title='bbox 3141 3181 3270 3243; x_wconf 81' lang='grc' dir='ltr'>Θεὸς</span> <span class='ocrx_word' id='word_1_577' title='bbox 3302 3179 3443 3233; x_wconf 72' lang='grc' dir='ltr'>οἶδεν</span> <span class='ocrx_word' id='word_1_578' title='bbox 3473 3183 3521 3234; x_wconf 81' lang='grc' dir='ltr'><strong>εί</strong></span> <span class='ocrx_word' id='word_1_579' title='bbox 3553 3182 3644 3250; x_wconf 77' lang='grc' dir='ltr'><strong>ἀφ’</strong></span> <span class='ocrx_word' id='word_1_580' title='bbox 3674 3181 3813 3234; x_wconf 74' lang='grc' dir='ltr'>ἑαυ-</span> 
     </span>
    </p>
   </div>
   <div class='ocr_carea' id='block_1_77' title="bbox 2226 3271 3815 3351">
    <p class='ocr_par' dir='ltr' id='par_1_77' title="bbox 2226 3271 3815 3351">
     <span class='ocr_line' id='line_1_77' title="bbox 2226 3271 3815 3351; baseline -0.006 -15"><span class='ocrx_word' id='word_1_581' title='bbox 2226 3283 2320 3337; x_wconf 76' lang='grc' dir='ltr'>τοῦ</span> <span class='ocrx_word' id='word_1_582' title='bbox 2352 3281 2643 3351; x_wconf 60' lang='grc' dir='ltr'>ἐποίησεερ,</span> <span class='ocrx_word' id='word_1_583' title='bbox 2679 3276 2765 3329; x_wconf 82' lang='grc' dir='ltr'>ἵνα</span> <span class='ocrx_word' id='word_1_584' title='bbox 2794 3276 3075 3344; x_wconf 79' lang='grc' dir='ltr'>νοήσωμεν</span> <span class='ocrx_word' id='word_1_585' title='bbox 3108 3275 3186 3326; x_wconf 79' lang='grc' dir='ltr'><strong>ὅτι</strong></span> <span class='ocrx_word' id='word_1_586' title='bbox 3219 3271 3507 3336; x_wconf 78' lang='grc' dir='ltr'>ὲνύσταξεν</span> <span class='ocrx_word' id='word_1_587' title='bbox 3532 3312 3548 3338; x_wconf 91' lang='grc'><strong>,</strong></span> <span class='ocrx_word' id='word_1_588' title='bbox 3600 3272 3634 3342; x_wconf 81' lang='grc' dir='ltr'><strong>ἢ</strong></span> <span class='ocrx_word' id='word_1_589' title='bbox 3664 3272 3815 3326; x_wconf 86' lang='grc' dir='ltr'>κατὰ</span> 
     </span>
    </p>
   </div>
   <div class='ocr_carea' id='block_1_78' title="bbox 2228 3360 3813 3444">
    <p class='ocr_par' dir='ltr' id='par_1_78' title="bbox 2228 3360 3813 3444">
     <span class='ocr_line' id='line_1_78' title="bbox 2228 3360 3813 3444; baseline -0.008 -16"><span class='ocrx_word' id='word_1_590' title='bbox 2228 3374 2482 3444; x_wconf 76' lang='grc' dir='ltr'>ἀλήθειαν</span> <span class='ocrx_word' id='word_1_591' title='bbox 2530 3373 2563 3441; x_wconf 81' lang='grc' dir='ltr'>ἡ</span> <span class='ocrx_word' id='word_1_592' title='bbox 2594 3370 2754 3439; x_wconf 78' lang='grc' dir='ltr'>φύσις</span> <span class='ocrx_word' id='word_1_593' title='bbox 2804 3366 2898 3420; x_wconf 82' lang='grc' dir='ltr'><strong>τοῦ</strong></span> <span class='ocrx_word' id='word_1_594' title='bbox 2930 3364 3099 3419; x_wconf 78' lang='grc' dir='ltr'>ὕπνου</span> <span class='ocrx_word' id='word_1_595' title='bbox 3123 3360 3305 3434; x_wconf 81' lang='grc' dir='ltr'>ἧλοεν)</span> <span class='ocrx_word' id='word_1_596' title='bbox 3369 3362 3609 3434; x_wconf 54' lang='lat' dir='ltr'><strong>teucros</strong></span> <span class='ocrx_word' id='word_1_597' title='bbox 3655 3365 3813 3434; x_wconf 82' lang='grc' dir='ltr'>τρεῖς</span> 
     </span>
    </p>
   </div>
   <div class='ocr_carea' id='block_1_79' title="bbox 2228 3455 3810 3529">
    <p class='ocr_par' dir='ltr' id='par_1_79' title="bbox 2228 3455 3810 3529">
     <span class='ocr_line' id='line_1_79' title="bbox 2228 3455 3810 3529; baseline -0.006 -10"><span class='ocrx_word' id='word_1_598' title='bbox 2228 3467 2395 3529; x_wconf 73' lang='grc' dir='ltr'>πνοὰς</span> <span class='ocrx_word' id='word_1_599' title='bbox 2421 3505 2434 3528; x_wconf 93' lang='grc'><strong>,</strong></span> <span class='ocrx_word' id='word_1_600' title='bbox 2472 3465 2567 3517; x_wconf 69' lang='grc' dir='ltr'><strong>καὶ</strong></span> <span class='ocrx_word' id='word_1_601' title='bbox 2613 3462 2815 3521; x_wconf 73' lang='grc' dir='ltr'>εὐθέως</span> <span class='ocrx_word' id='word_1_602' title='bbox 2850 3459 3051 3527; x_wconf 77' lang='grc' dir='ltr'>ἀνέστη</span> <span class='ocrx_word' id='word_1_603' title='bbox 3089 3456 3262 3525; x_wconf 73' lang='grc' dir='ltr'>λέγων</span> <span class='ocrx_word' id='word_1_604' title='bbox 3284 3471 3299 3486; x_wconf 87' lang='grc'><strong>·</strong></span> <span class='ocrx_word' id='word_1_605' title='bbox 3350 3455 3666 3521; x_wconf 77' lang='grc' dir='ltr'>Ἑνύσταξα,</span> <span class='ocrx_word' id='word_1_606' title='bbox 3691 3456 3810 3509; x_wconf 83' lang='grc' dir='ltr'>ναί.</span> 
     </span>
    </p>
   </div>
   <div class='ocr_carea' id='block_1_80' title="bbox 2228 3547 3730 3626">
    <p class='ocr_par' dir='ltr' id='par_1_80' title="bbox 2228 3547 3730 3626">
     <span class='ocr_line' id='line_1_80' title="bbox 2228 3547 3730 3626; baseline -0.008 -13"><span class='ocrx_word' id='word_1_607' title='bbox 2228 3561 2337 3613; x_wconf 74' lang='grc' dir='ltr'>Καὶ</span> <span class='ocrx_word' id='word_1_608' title='bbox 2365 3555 2739 3626; x_wconf 78' lang='grc' dir='ltr'>ἁπεκρίθημεν</span> <span class='ocrx_word' id='word_1_609' title='bbox 2786 3554 2946 3623; x_wconf 80' lang='grc' dir='ltr'>ἡμεῖς</span> <span class='ocrx_word' id='word_1_610' title='bbox 2969 3590 2983 3615; x_wconf 94' lang='grc'><strong>,</strong></span> <span class='ocrx_word' id='word_1_611' title='bbox 3025 3549 3272 3617; x_wconf 70' lang='grc' dir='ltr'>λέγοντες</span> <span class='ocrx_word' id='word_1_612' title='bbox 3296 3566 3308 3577; x_wconf 87' lang='grc'><strong>·</strong></span> <span class='ocrx_word' id='word_1_613' title='bbox 3342 3548 3456 3601; x_wconf 70' lang='lat'><strong>037.</strong></span> <span class='ocrx_word' id='word_1_614' title='bbox 3487 3547 3730 3617; x_wconf 74' lang='grc' dir='ltr'>οἴδαμεν.</span> 
     </span>
    </p>
   </div>
   <div class='ocr_carea' id='block_1_81' title="bbox 2304 3636 3816 3721">
    <p class='ocr_par' dir='ltr' id='par_1_81' title="bbox 2304 3636 3816 3721">
     <span class='ocr_line' id='line_1_81' title="bbox 2304 3636 3816 3721; baseline -0.009 -18"><span class='ocrx_word' id='word_1_615' title='bbox 2304 3650 2405 3721; x_wconf 71' lang='grc' dir='ltr'>μδν.</span> <span class='ocrx_word' id='word_1_616' title='bbox 2432 3644 2634 3701; x_wconf 64' lang='grc' dir='ltr'>Ἷὶλῡὸν</span> <span class='ocrx_word' id='word_1_617' title='bbox 2662 3661 2791 3697; x_wconf 83' lang='grc' dir='ltr'>ποτε</span> <span class='ocrx_word' id='word_1_618' title='bbox 2823 3643 3075 3712; x_wconf 78' lang='grc' dir='ltr'>γέροντες</span> <span class='ocrx_word' id='word_1_619' title='bbox 3109 3639 3242 3709; x_wconf 73' lang='grc' dir='ltr'>πρὸς</span> <span class='ocrx_word' id='word_1_620' title='bbox 3286 3639 3377 3691; x_wconf 74' lang='grc' dir='ltr'><strong>τὸν</strong></span> <span class='ocrx_word' id='word_1_621' title='bbox 3410 3637 3583 3690; x_wconf 77' lang='grc' dir='ltr'><strong>ἀϐὀᾶν</strong></span> <span class='ocrx_word' id='word_1_622' title='bbox 3616 3636 3816 3710; x_wconf 71' lang='grc' dir='ltr'><strong>’Δρσέρ</strong></span> 
     </span>
    </p>
   </div>
   <div class='ocr_carea' id='block_1_82' title="bbox 2229 3725 3811 3802">
    <p class='ocr_par' dir='ltr' id='par_1_82' title="bbox 2229 3725 3811 3802">
     <span class='ocr_line' id='line_1_82' title="bbox 2229 3725 3811 3802; baseline -0.008 -8"><span class='ocrx_word' id='word_1_623' title='bbox 2229 3757 2359 3801; x_wconf 83' lang='grc' dir='ltr'>νιον,</span> <span class='ocrx_word' id='word_1_624' title='bbox 2396 3738 2489 3790; x_wconf 65' lang='grc' dir='ltr'>καὶ</span> <span class='ocrx_word' id='word_1_625' title='bbox 2519 3734 2688 3788; x_wconf 76' lang='grc' dir='ltr'>πολλὰ</span> <span class='ocrx_word' id='word_1_626' title='bbox 2721 3729 3096 3802; x_wconf 74' lang='grc' dir='ltr'>παρεκάλεσαν</span> <span class='ocrx_word' id='word_1_627' title='bbox 3140 3729 3225 3780; x_wconf 82' lang='grc' dir='ltr'><strong>ῖνα</strong></span> <span class='ocrx_word' id='word_1_628' title='bbox 3272 3726 3604 3797; x_wconf 79' lang='grc' dir='ltr'>συντύχωσιν</span> <span class='ocrx_word' id='word_1_629' title='bbox 3632 3725 3811 3798; x_wconf 80' lang='grc' dir='ltr'>αὐτῷ.</span> 
     </span>
    </p>
   </div>
   <div class='ocr_carea' id='block_1_83' title="bbox 2240 3817 3813 3900">
    <p class='ocr_par' dir='ltr' id='par_1_83' title="bbox 2240 3817 3813 3900">
     <span class='ocr_line' id='line_1_83' title="bbox 2240 3817 3813 3900; baseline -0.005 -19"><span class='ocrx_word' id='word_1_630' title='bbox 2240 3834 2298 3885; x_wconf 87' lang='grc' dir='ltr'>Ὀ</span> <span class='ocrx_word' id='word_1_631' title='bbox 2325 3831 2381 3884; x_wconf 81' lang='grc' dir='ltr'>δὲ</span> <span class='ocrx_word' id='word_1_632' title='bbox 2414 3826 2620 3900; x_wconf 66' lang='grc' dir='ltr'>ἤνοιξεν</span> <span class='ocrx_word' id='word_1_633' title='bbox 2655 3825 2853 3887; x_wconf 73' lang='grc' dir='ltr'>αὐτοῖς.</span> <span class='ocrx_word' id='word_1_634' title='bbox 2889 3821 2997 3874; x_wconf 72' lang='grc' dir='ltr'><strong>Καὶ</strong></span> <span class='ocrx_word' id='word_1_635' title='bbox 3032 3818 3412 3891; x_wconf 69' lang='grc' dir='ltr'>παρεκάλεσαν</span> <span class='ocrx_word' id='word_1_636' title='bbox 3435 3817 3597 3872; x_wconf 77' lang='grc' dir='ltr'>αὑτὸν</span> <span class='ocrx_word' id='word_1_637' title='bbox 3627 3819 3813 3873; x_wconf 82' lang='grc' dir='ltr'>εἰπεῖν</span> 
     </span>
    </p>
   </div>
   <div class='ocr_carea' id='block_1_84' title="bbox 2228 3910 3813 3987">
    <p class='ocr_par' dir='ltr' id='par_1_84' title="bbox 2228 3910 3813 3987">
     <span class='ocr_line' id='line_1_84' title="bbox 2228 3910 3813 3987; baseline -0.006 -11"><span class='ocrx_word' id='word_1_638' title='bbox 2228 3924 2409 3985; x_wconf 76' lang='grc' dir='ltr'>αὐτοῖς</span> <span class='ocrx_word' id='word_1_639' title='bbox 2464 3919 2619 3986; x_wconf 77' lang='grc' dir='ltr'>λόγον</span> <span class='ocrx_word' id='word_1_640' title='bbox 2680 3916 2808 3987; x_wconf 77' lang='grc' dir='ltr'>περὶ</span> <span class='ocrx_word' id='word_1_641' title='bbox 2876 3912 2983 3965; x_wconf 84' lang='grc' dir='ltr'>τῶν</span> <span class='ocrx_word' id='word_1_642' title='bbox 3037 3910 3419 3981; x_wconf 77' lang='grc' dir='ltr'>ἡσυχαζόντων</span> <span class='ocrx_word' id='word_1_643' title='bbox 3471 3910 3564 3963; x_wconf 74' lang='grc' dir='ltr'>καὶ</span> <span class='ocrx_word' id='word_1_644' title='bbox 3615 3910 3813 3980; x_wconf 75' lang='grc' dir='ltr'>μηδενὶ</span> 
     </span>
    </p>
   </div>
   <div class='ocr_carea' id='block_1_85' title="bbox 2229 4000 3811 4074">
    <p class='ocr_par' dir='ltr' id='par_1_85' title="bbox 2229 4000 3811 4074">
     <span class='ocr_line' id='line_1_85' title="bbox 2229 4000 3811 4074; baseline -0.014 -6"><span class='ocrx_word' id='word_1_645' title='bbox 2229 4009 2613 4068; x_wconf 80' lang='grc' dir='ltr'>ἀπαντώντων.</span> <span class='ocrx_word' id='word_1_646' title='bbox 2644 4007 2805 4074; x_wconf 80' lang='grc' dir='ltr'><strong>Λέγει</strong></span> <span class='ocrx_word' id='word_1_647' title='bbox 2837 4005 3019 4067; x_wconf 84' lang='grc' dir='ltr'>αὐτοῖς</span> <span class='ocrx_word' id='word_1_648' title='bbox 3048 4004 3076 4054; x_wconf 87' lang='grc' dir='ltr'>ὁ</span> <span class='ocrx_word' id='word_1_649' title='bbox 3127 4000 3305 4073; x_wconf 80' lang='grc' dir='ltr'>γέρων</span> <span class='ocrx_word' id='word_1_650' title='bbox 3328 4019 3341 4033; x_wconf 75' lang='grc' dir='ltr'><strong><em>ο</em></strong></span> <span class='ocrx_word' id='word_1_651' title='bbox 3375 4001 3542 4053; x_wconf 85' lang='grc' dir='ltr'>Ὅταν</span> <span class='ocrx_word' id='word_1_652' title='bbox 3584 4002 3618 4071; x_wconf 79' lang='grc' dir='ltr'>ὴ</span> <span class='ocrx_word' id='word_1_653' title='bbox 3656 4017 3811 4074; x_wconf 70' lang='grc' dir='ltr'>παρ-</span> 
     </span>
    </p>
   </div>
   <div class='ocr_carea' id='block_1_86' title="bbox 2233 4087 3812 4171">
    <p class='ocr_par' dir='ltr' id='par_1_86' title="bbox 2233 4087 3812 4171">
     <span class='ocr_line' id='line_1_86' title="bbox 2233 4087 3812 4171; baseline -0.008 -14"><span class='ocrx_word' id='word_1_654' title='bbox 2233 4103 2384 4166; x_wconf 84' lang='grc' dir='ltr'>θένος</span> <span class='ocrx_word' id='word_1_655' title='bbox 2417 4103 2471 4154; x_wconf 79' lang='grc' dir='ltr'>ὲν</span> <span class='ocrx_word' id='word_1_656' title='bbox 2503 4099 2580 4171; x_wconf 80' lang='grc' dir='ltr'>τῷ</span> <span class='ocrx_word' id='word_1_657' title='bbox 2611 4097 2744 4167; x_wconf 82' lang='grc' dir='ltr'>οἴκῳ</span> <span class='ocrx_word' id='word_1_658' title='bbox 2777 4094 2869 4149; x_wconf 80' lang='grc' dir='ltr'>τοῦ</span> <span class='ocrx_word' id='word_1_659' title='bbox 2902 4093 3106 4165; x_wconf 81' lang='grc' dir='ltr'>πατρὸς</span> <span class='ocrx_word' id='word_1_660' title='bbox 3133 4093 3301 4162; x_wconf 79' lang='grc' dir='ltr'>αὐτῆς</span> <span class='ocrx_word' id='word_1_661' title='bbox 3328 4087 3385 4163; x_wconf 82' lang='grc' dir='ltr'><strong>ᾗ,</strong></span> <span class='ocrx_word' id='word_1_662' title='bbox 3416 4091 3601 4144; x_wconf 73' lang='grc' dir='ltr'>πολλοὶ</span> <span class='ocrx_word' id='word_1_663' title='bbox 3627 4091 3812 4145; x_wconf 64' lang='grc' dir='ltr'>ϐέλους</span> 
     </span>
    </p>
   </div>
   <div class='ocr_carea' id='block_1_87' title="bbox 2234 4182 3809 4263">
    <p class='ocr_par' dir='ltr' id='par_1_87' title="bbox 2234 4182 3809 4263">
     <span class='ocr_line' id='line_1_87' title="bbox 2234 4182 3809 4263; baseline -0.008 -14"><span class='ocrx_word' id='word_1_664' title='bbox 2234 4212 2319 4248; x_wconf 87' lang='grc' dir='ltr'><strong>σιν</strong></span> <span class='ocrx_word' id='word_1_665' title='bbox 2372 4193 2507 4263; x_wconf 71' lang='grc' dir='ltr'>αὐτῇ</span> <span class='ocrx_word' id='word_1_666' title='bbox 2560 4188 2992 4261; x_wconf 74' lang='grc' dir='ltr'>μνηστευθῆναιο</span> <span class='ocrx_word' id='word_1_667' title='bbox 3042 4184 3181 4238; x_wconf 76' lang='grc' dir='ltr'>ἐπὰν</span> <span class='ocrx_word' id='word_1_668' title='bbox 3225 4182 3281 4236; x_wconf 81' lang='grc' dir='ltr'><strong>δὲ</strong></span> <span class='ocrx_word' id='word_1_669' title='bbox 3331 4182 3473 4255; x_wconf 78' lang='grc' dir='ltr'>λάϐῃ</span> <span class='ocrx_word' id='word_1_670' title='bbox 3504 4182 3707 4254; x_wconf 80' lang='grc' dir='ltr'>ἄνδρα,</span> <span class='ocrx_word' id='word_1_671' title='bbox 3741 4185 3809 4237; x_wconf 79' lang='grc' dir='ltr'>οὐ</span> 
     </span>
    </p>
   </div>
   <div class='ocr_carea' id='block_1_88' title="bbox 2234 4273 3811 4351">
    <p class='ocr_par' dir='ltr' id='par_1_88' title="bbox 2234 4273 3811 4351">
     <span class='ocr_line' id='line_1_88' title="bbox 2234 4273 3811 4351; baseline -0.014 -12"><span class='ocrx_word' id='word_1_672' title='bbox 2234 4287 2396 4339; x_wconf 84' lang='grc' dir='ltr'>πᾶσιν</span> <span class='ocrx_word' id='word_1_673' title='bbox 2424 4282 2679 4351; x_wconf 78' lang='grc' dir='ltr'>ἀρέσκει·</span> <span class='ocrx_word' id='word_1_674' title='bbox 2714 4282 2762 4332; x_wconf 80' lang='lat' dir='ltr'><strong>oi</strong></span> <span class='ocrx_word' id='word_1_675' title='bbox 2795 4279 2892 4350; x_wconf 84' lang='grc' dir='ltr'>μὲν</span> <span class='ocrx_word' id='word_1_676' title='bbox 2923 4273 3294 4343; x_wconf 81' lang='grc' dir='ltr'>ὲξουθενοῦσιν</span> <span class='ocrx_word' id='word_1_677' title='bbox 3318 4313 3331 4337; x_wconf 89' lang='grc'><strong>,</strong></span> <span class='ocrx_word' id='word_1_678' title='bbox 3370 4273 3519 4328; x_wconf 83' lang='grc' dir='ltr'>ἄλλοι</span> <span class='ocrx_word' id='word_1_679' title='bbox 3545 4274 3601 4328; x_wconf 71' lang='grc' dir='ltr'><strong>δὲ</strong></span> <span class='ocrx_word' id='word_1_680' title='bbox 3640 4277 3811 4330; x_wconf 74' lang='grc' dir='ltr'>ἐπαι-</span> 
     </span>
    </p>
   </div>
   <div class='ocr_carea' id='block_1_89' title="bbox 2232 4365 3807 4441">
    <p class='ocr_par' dir='ltr' id='par_1_89' title="bbox 2232 4365 3807 4441">
     <span class='ocr_line' id='line_1_89' title="bbox 2232 4365 3807 4441; baseline -0.006 -12"><span class='ocrx_word' id='word_1_681' title='bbox 2232 4376 2411 4429; x_wconf 63' lang='grc' dir='ltr'>νυῦσν</span> <span class='ocrx_word' id='word_1_682' title='bbox 2439 4372 2534 4426; x_wconf 74' lang='grc' dir='ltr'>καὶ</span> <span class='ocrx_word' id='word_1_683' title='bbox 2570 4372 2667 4441; x_wconf 77' lang='grc' dir='ltr'>οὐχ</span> <span class='ocrx_word' id='word_1_684' title='bbox 2695 4369 2866 4431; x_wconf 80' lang='grc' dir='ltr'>οὓτως</span> <span class='ocrx_word' id='word_1_685' title='bbox 2893 4368 3006 4439; x_wconf 76' lang='grc' dir='ltr'>ἔχει</span> <span class='ocrx_word' id='word_1_686' title='bbox 3038 4366 3202 4437; x_wconf 73' lang='grc' dir='ltr'>τιμὴν</span> <span class='ocrx_word' id='word_1_687' title='bbox 3238 4365 3315 4430; x_wconf 87' lang='grc' dir='ltr'>ὡς</span> <span class='ocrx_word' id='word_1_688' title='bbox 3337 4365 3397 4419; x_wconf 77' lang='grc' dir='ltr'>τὸ</span> <span class='ocrx_word' id='word_1_689' title='bbox 3424 4365 3638 4435; x_wconf 82' lang='grc' dir='ltr'>πρῶτον</span> <span class='ocrx_word' id='word_1_690' title='bbox 3661 4405 3676 4425; x_wconf 88' lang='grc'><strong>,</strong></span> <span class='ocrx_word' id='word_1_691' title='bbox 3712 4366 3807 4420; x_wconf 72' lang='grc' dir='ltr'><strong>ὅτε</strong></span> 
     </span>
    </p>
   </div>
   <div class='ocr_carea' id='block_1_90' title="bbox 555 4452 2121 4550">
    <p class='ocr_par' dir='ltr' id='par_1_90' title="bbox 555 4452 2121 4523">
     <span class='ocr_line' id='line_1_90' title="bbox 555 4452 2121 4523; baseline 0.001 -14"><span class='ocrx_word' id='word_1_692' title='bbox 555 4454 878 4517; x_wconf 82' lang='lat' dir='ltr'><strong>fruebatur,</strong></span> <span class='ocrx_word' id='word_1_693' title='bbox 932 4452 1155 4523; x_wconf 89' lang='lat' dir='ltr'><strong>quando</strong></span> <span class='ocrx_word' id='word_1_694' title='bbox 1217 4452 1472 4506; x_wconf 87' lang='lat' dir='ltr'><strong>manebat</strong></span> <span class='ocrx_word' id='word_1_695' title='bbox 1538 4453 1875 4508; x_wconf 89' lang='lat' dir='ltr'><strong>abscondita.</strong></span> <span class='ocrx_word' id='word_1_696' title='bbox 1925 4453 2121 4510; x_wconf 86' lang='lat' dir='ltr'><strong>Eodem</strong></span> 
     </span>
    </p>
   </div>
   <div class='ocr_carea' id='block_1_91' title="bbox 2230 4452 3810 4550">
    <p class='ocr_par' dir='ltr' id='par_1_91' title="bbox 2231 4453 3810 4532">
     <span class='ocr_line' id='line_1_91' title="bbox 2231 4453 3810 4532; baseline -0.008 -18"><span class='ocrx_word' id='word_1_697' title='bbox 2231 4457 2298 4532; x_wconf 78' lang='grc' dir='ltr'>ἦν</span> <span class='ocrx_word' id='word_1_698' title='bbox 2331 4458 2705 4528; x_wconf 79' lang='grc' dir='ltr'>κεκρυμμένη.</span> <span class='ocrx_word' id='word_1_699' title='bbox 2741 4455 2925 4518; x_wconf 77' lang='grc' dir='ltr'>υῦτως</span> <span class='ocrx_word' id='word_1_700' title='bbox 2973 4455 3069 4507; x_wconf 73' lang='grc' dir='ltr'>καὶ</span> <span class='ocrx_word' id='word_1_701' title='bbox 3104 4455 3172 4507; x_wconf 72' lang='grc' dir='ltr'>τὰ</span> <span class='ocrx_word' id='word_1_702' title='bbox 3215 4453 3317 4525; x_wconf 73' lang='grc' dir='ltr'>τῆς</span> <span class='ocrx_word' id='word_1_703' title='bbox 3347 4455 3522 4525; x_wconf 74' lang='grc' dir='ltr'>ψυχῆς</span> <span class='ocrx_word' id='word_1_704' title='bbox 3544 4471 3558 4486; x_wconf 79' lang='grc' dir='ltr'><strong><em>ο</em></strong></span> <span class='ocrx_word' id='word_1_705' title='bbox 3595 4455 3688 4523; x_wconf 81' lang='grc' dir='ltr'><strong>ἀφ’</strong></span> <span class='ocrx_word' id='word_1_706' title='bbox 3711 4455 3810 4508; x_wconf 77' lang='grc' dir='ltr'>ὅτε</span> 
     </span>
    </p>
   </div>
   <div class='ocr_carea' id='block_1_92' title="bbox 554 4544 2127 4617">
    <p class='ocr_par' dir='ltr' id='par_1_92' title="bbox 554 4544 2127 4617">
     <span class='ocr_line' id='line_1_92' title="bbox 554 4544 2127 4617; baseline 0.001 -17"><span class='ocrx_word' id='word_1_707' title='bbox 554 4557 715 4617; x_wconf 87' lang='lat' dir='ltr'><strong>pacto</strong></span> <span class='ocrx_word' id='word_1_708' title='bbox 738 4586 756 4612; x_wconf 91' lang='lat'><strong>,</strong></span> <span class='ocrx_word' id='word_1_709' title='bbox 785 4551 841 4599; x_wconf 92' lang='lat' dir='ltr'><strong>et</strong></span> <span class='ocrx_word' id='word_1_710' title='bbox 871 4544 1066 4598; x_wconf 67' lang='lat' dir='ltr'><strong>animae</strong></span> <span class='ocrx_word' id='word_1_711' title='bbox 1094 4558 1183 4599; x_wconf 90' lang='lat' dir='ltr'><strong>res</strong></span> <span class='ocrx_word' id='word_1_712' title='bbox 1211 4562 1225 4598; x_wconf 88' lang='lat'><strong>:</strong></span> <span class='ocrx_word' id='word_1_713' title='bbox 1255 4558 1322 4599; x_wconf 81' lang='lat' dir='ltr'><strong>ex</strong></span> <span class='ocrx_word' id='word_1_714' title='bbox 1368 4558 1477 4613; x_wconf 63' lang='lat' dir='ltr'><strong>que</strong></span> <span class='ocrx_word' id='word_1_715' title='bbox 1504 4544 1797 4615; x_wconf 87' lang='lat' dir='ltr'><strong>vulgantur</strong></span> <span class='ocrx_word' id='word_1_716' title='bbox 1818 4585 1835 4610; x_wconf 86' lang='lat'><strong>,</strong></span> <span class='ocrx_word' id='word_1_717' title='bbox 1874 4547 2127 4602; x_wconf 87' lang='lat' dir='ltr'><strong>omnibus</strong></span> 
     </span>
    </p>
   </div>
   <div class='ocr_carea' id='block_1_93' title="bbox 554 4634 1194 4710">
    <p class='ocr_par' dir='ltr' id='par_1_93' title="bbox 554 4634 1194 4710">
     <span class='ocr_line' id='line_1_93' title="bbox 554 4634 1194 4710; baseline -0.008 -15"><span class='ocrx_word' id='word_1_718' title='bbox 554 4644 831 4710; x_wconf 88' lang='lat' dir='ltr'><strong>nequeunt</strong></span> <span class='ocrx_word' id='word_1_719' title='bbox 863 4634 1194 4694; x_wconf 83' lang='lat' dir='ltr'><strong>satisfacere.</strong></span> 
     </span>
    </p>
   </div>
   <div class='ocr_carea' id='block_1_94' title="bbox 1043 4768 1665 4842">
    <p class='ocr_par' dir='ltr' id='par_1_94' title="bbox 1043 4768 1665 4842">
     <span class='ocr_line' id='line_1_94' title="bbox 1043 4768 1665 4842; baseline 0 -18"><span class='ocrx_word' id='word_1_720' title='bbox 1043 4769 1118 4824; x_wconf 83' lang='lat' dir='ltr'><strong>De</strong></span> <span class='ocrx_word' id='word_1_721' title='bbox 1160 4768 1349 4824; x_wconf 83' lang='lat' dir='ltr'><strong>abbate</strong></span> <span class='ocrx_word' id='word_1_722' title='bbox 1379 4769 1665 4842; x_wconf 79' lang='lat' dir='ltr'><strong>Agathone.</strong></span> 
     </span>
    </p>
   </div>
   <div class='ocr_carea' id='block_1_95' title="bbox 628 4882 2131 4956">
    <p class='ocr_par' dir='ltr' id='par_1_95' title="bbox 628 4882 2131 4956">
     <span class='ocr_line' id='line_1_95' title="bbox 628 4882 2131 4956; baseline 0 -16"><span class='ocrx_word' id='word_1_723' title='bbox 628 4886 680 4940; x_wconf 85' lang='grc'><strong>1.</strong></span> <span class='ocrx_word' id='word_1_724' title='bbox 717 4886 795 4956; x_wconf 88' lang='grc'><strong>(8)</strong></span> <span class='ocrx_word' id='word_1_725' title='bbox 834 4884 981 4939; x_wconf 79' lang='lat' dir='ltr'><strong>Dixit</strong></span> <span class='ocrx_word' id='word_1_726' title='bbox 1025 4884 1194 4940; x_wconf 88' lang='lat' dir='ltr'><strong>abbas</strong></span> <span class='ocrx_word' id='word_1_727' title='bbox 1225 4882 1443 4948; x_wconf 87' lang='lat' dir='ltr'><strong>Petrus,</strong></span> <span class='ocrx_word' id='word_1_728' title='bbox 1475 4885 1564 4939; x_wconf 89' lang='lat' dir='ltr'><strong>ille</strong></span> <span class='ocrx_word' id='word_1_729' title='bbox 1586 4884 1795 4939; x_wconf 87' lang='lat' dir='ltr'><strong>abbatis</strong></span> <span class='ocrx_word' id='word_1_730' title='bbox 1820 4884 1921 4939; x_wconf 87' lang='lat' dir='ltr'><strong>Lot</strong></span> <span class='ocrx_word' id='word_1_731' title='bbox 1947 4885 2131 4956; x_wconf 67' lang='lat' dir='ltr'><strong>[disci-</strong></span> 
     </span>
    </p>
   </div>
   <div class='ocr_carea' id='block_1_96' title="bbox 553 4976 2125 5051">
    <p class='ocr_par' dir='ltr' id='par_1_96' title="bbox 553 4976 2125 5051">
     <span class='ocr_line' id='line_1_96' title="bbox 553 4976 2125 5051; baseline -0.001 -18"><span class='ocrx_word' id='word_1_732' title='bbox 553 4976 776 5051; x_wconf 86' lang='lat' dir='ltr'><strong>pulus]:</strong></span> <span class='ocrx_word' id='word_1_733' title='bbox 810 4978 972 5033; x_wconf 85' lang='lat' dir='ltr'><strong>Eram</strong></span> <span class='ocrx_word' id='word_1_734' title='bbox 1000 4976 1293 5048; x_wconf 88' lang='lat' dir='ltr'><strong>aliquando</strong></span> <span class='ocrx_word' id='word_1_735' title='bbox 1318 4977 1372 5032; x_wconf 92' lang='lat' dir='ltr'><strong>in</strong></span> <span class='ocrx_word' id='word_1_736' title='bbox 1402 4978 1536 5034; x_wconf 89' lang='lat' dir='ltr'><strong>cella</strong></span> <span class='ocrx_word' id='word_1_737' title='bbox 1563 4976 1775 5033; x_wconf 89' lang='lat' dir='ltr'><strong>abbatis</strong></span> <span class='ocrx_word' id='word_1_738' title='bbox 1804 4978 2125 5050; x_wconf 85' lang='lat' dir='ltr'><strong>Agathonis,</strong></span> 
     </span>
    </p>
   </div>
   <div class='ocr_carea' id='block_1_97' title="bbox 625 5134 2152 5207">
    <p class='ocr_par' dir='ltr' id='par_1_97' title="bbox 625 5134 2152 5207">
     <span class='ocr_line' id='line_1_97' title="bbox 625 5134 2152 5207; baseline -0.001 -15"><span class='ocrx_word' id='word_1_739' title='bbox 625 5138 670 5170; x_wconf 78' lang='lat'><strong>“</strong></span> <span class='ocrx_word' id='word_1_740' title='bbox 694 5137 818 5192; x_wconf 84' lang='lat' dir='ltr'><strong>Act.</strong></span> <span class='ocrx_word' id='word_1_741' title='bbox 849 5152 925 5203; x_wconf 70' lang='grc' dir='ltr'>ιι,</span> <span class='ocrx_word' id='word_1_742' title='bbox 955 5134 1046 5191; x_wconf 73' lang='grc'><strong>24.</strong></span> <span class='ocrx_word' id='word_1_743' title='bbox 1127 5135 1169 5168; x_wconf 63' lang='grc'><strong>’⁸</strong></span> <span class='ocrx_word' id='word_1_744' title='bbox 1194 5135 1280 5189; x_wconf 82' lang='lat' dir='ltr'><strong>Al.</strong></span> <span class='ocrx_word' id='word_1_745' title='bbox 1321 5135 1568 5207; x_wconf 77' lang='grc' dir='ltr'>τελευτᾷ.</span> <span class='ocrx_word' id='word_1_746' title='bbox 1642 5134 1686 5168; x_wconf 73' lang='grc'>⁸⁷</span> <span class='ocrx_word' id='word_1_747' title='bbox 1721 5134 1807 5191; x_wconf 88' lang='lat' dir='ltr'><strong>Al.</strong></span> <span class='ocrx_word' id='word_1_748' title='bbox 1842 5135 2152 5200; x_wconf 75' lang='grc' dir='ltr'>τελειώσας.</span> 
     </span>
    </p>
   </div>
   <div class='ocr_carea' id='block_1_98' title="bbox 621 5291 1195 5363">
    <p class='ocr_par' dir='ltr' id='par_1_98' title="bbox 621 5291 1195 5363">
     <span class='ocr_line' id='line_1_98' title="bbox 621 5291 1195 5363; baseline -0.005 -14"><span class='ocrx_word' id='word_1_749' title='bbox 621 5293 699 5363; x_wconf 88' lang='grc'><strong>(8)</strong></span> <span class='ocrx_word' id='word_1_750' title='bbox 735 5291 841 5348; x_wconf 80' lang='lat' dir='ltr'><strong>Vit.</strong></span> <span class='ocrx_word' id='word_1_751' title='bbox 877 5291 1024 5348; x_wconf 83' lang='lat' dir='ltr'><strong>Patr.</strong></span> <span class='ocrx_word' id='word_1_752' title='bbox 1058 5310 1113 5357; x_wconf 74' lang='grc' dir='ltr'>Χ,</span> <span class='ocrx_word' id='word_1_753' title='bbox 1142 5293 1195 5363; x_wconf 74' lang='lat'><strong>8.</strong></span> 
     </span>
    </p>
   </div>
   <div class='ocr_carea' id='block_1_99' title="bbox 622 5362 2121 5434">
    <p class='ocr_par' dir='ltr' id='par_1_99' title="bbox 622 5362 2121 5434">
     <span class='ocr_line' id='line_1_99' title="bbox 622 5362 2121 5434; baseline -0.005 -15"><span class='ocrx_word' id='word_1_754' title='bbox 622 5362 697 5434; x_wconf 85' lang='lat'><strong>(9)</strong></span> <span class='ocrx_word' id='word_1_755' title='bbox 727 5366 833 5434; x_wconf 68' lang='grc' dir='ltr'><strong>Εζς</strong></span> <span class='ocrx_word' id='word_1_756' title='bbox 874 5363 1076 5432; x_wconf 48' lang='lat' dir='ltr'><strong>Tycan</strong></span> <span class='ocrx_word' id='word_1_757' title='bbox 1123 5362 1236 5434; x_wconf 82' lang='grc' dir='ltr'>τῆς</span> <span class='ocrx_word' id='word_1_758' title='bbox 1263 5433 1266 5434; x_wconf 15' lang='grc' dir='ltr'><em>ν</em></span> <span class='ocrx_word' id='word_1_759' title='bbox 1295 5362 1447 5434; x_wconf 58' lang='grc' dir='ltr'><strong>ἂνωῇ</strong></span> <span class='ocrx_word' id='word_1_760' title='bbox 1467 5362 1861 5434; x_wconf 53' lang='grc' dir='ltr'><strong>Βαὸυλῶνοςἒ</strong></span> <span class='ocrx_word' id='word_1_761' title='bbox 1899 5365 2121 5415; x_wconf 84' lang='lat' dir='ltr'><strong>Patrum</strong></span> 
     </span>
    </p>
   </div>
   <div class='ocr_carea' id='block_1_100' title="bbox 560 5430 2119 5503">
    <p class='ocr_par' dir='ltr' id='par_1_100' title="bbox 560 5430 2119 5503">
     <span class='ocr_line' id='line_1_100' title="bbox 560 5430 2119 5503; baseline -0.004 -15"><span class='ocrx_word' id='word_1_762' title='bbox 560 5430 731 5503; x_wconf 62' lang='lat' dir='ltr'><strong>vute.-</strong></span> <span class='ocrx_word' id='word_1_763' title='bbox 774 5431 843 5487; x_wconf 83' lang='lat' dir='ltr'><strong>In</strong></span> <span class='ocrx_word' id='word_1_764' title='bbox 870 5435 995 5503; x_wconf 47' lang='lat' dir='ltr'><strong>loco</strong></span> <span class='ocrx_word' id='word_1_765' title='bbox 1023 5430 1122 5503; x_wconf 8' lang='lat' dir='ltr'><strong>iqui</strong></span> <span class='ocrx_word' id='word_1_766' title='bbox 1165 5430 1605 5503; x_wconf 68' lang='lat' dir='ltr'><strong>dicitur_Trolteu</strong></span> <span class='ocrx_word' id='word_1_767' title='bbox 1635 5434 1777 5503; x_wconf 90' lang='lat' dir='ltr'><strong>(ms.</strong></span> <span class='ocrx_word' id='word_1_768' title='bbox 1831 5432 2119 5503; x_wconf 81' lang='lat' dir='ltr'><strong>Suessiou.</strong></span> 
     </span>
    </p>
   </div>
   <div class='ocr_carea' id='block_1_101' title="bbox 555 5449 2125 5572">
    <p class='ocr_par' dir='ltr' id='par_1_101' title="bbox 555 5449 2125 5572">
     <span class='ocr_line' id='line_1_101' title="bbox 566 5449 2119 5503; baseline -0.003 -16"><span class='ocrx_word' id='word_1_769' title='bbox 566 5449 731 5488; x_wconf 71' lang='lat' dir='ltr'><strong>vute:</strong></span> <span class='ocrx_word' id='word_1_770' title='bbox 774 5449 843 5487; x_wconf 79' lang='grc' dir='ltr'><strong>ιιι</strong></span> <span class='ocrx_word' id='word_1_771' title='bbox 882 5449 995 5486; x_wconf 84' lang='lat' dir='ltr'><strong>toco</strong></span> <span class='ocrx_word' id='word_1_772' title='bbox 1066 5449 1121 5485; x_wconf 77' lang='grc' dir='ltr'>ιιι</span> <span class='ocrx_word' id='word_1_773' title='bbox 1165 5449 1362 5485; x_wconf 82' lang='lat' dir='ltr'><strong>amrur</strong></span> <span class='ocrx_word' id='word_1_774' title='bbox 1408 5449 1605 5485; x_wconf 74' lang='lat' dir='ltr'><strong>rroneu</strong></span> <span class='ocrx_word' id='word_1_775' title='bbox 1635 5449 1777 5503; x_wconf 78' lang='grc'><strong>(1115.</strong></span> <span class='ocrx_word' id='word_1_776' title='bbox 1831 5449 2119 5486; x_wconf 67' lang='grc' dir='ltr'>δυθεειοιι.</span> 
     </span>
     <span class='ocr_line' id='line_1_102' title="bbox 555 5449 2125 5572; baseline -0.001 -17"><span class='ocrx_word' id='word_1_777' title='bbox 555 5501 835 5572; x_wconf 59' lang='grc' dir='ltr'>γιιῖῖοεεοι.</span> <span class='ocrx_word' id='word_1_778' title='bbox 867 5449 1064 5570; x_wconf 44' lang='grc' dir='ltr'>Τῐοεηίζ</span> <span class='ocrx_word' id='word_1_779' title='bbox 1098 5517 1259 5571; x_wconf 79' lang='lat' dir='ltr'><strong>supra</strong></span> <span class='ocrx_word' id='word_1_780' title='bbox 1289 5499 1852 5572; x_wconf 66' lang='lat' dir='ltr'><strong>Babyloniamouod</strong></span> <span class='ocrx_word' id='word_1_781' title='bbox 1889 5511 2007 5565; x_wconf 84' lang='lat' dir='ltr'><strong>est,</strong></span> <span class='ocrx_word' id='word_1_782' title='bbox 2045 5504 2125 5572; x_wconf 83' lang='grc' dir='ltr'><strong>είς</strong></span> 
     </span>
    </p>
   </div>
   <div class='ocr_carea' id='block_1_102' title="bbox 556 5570 2125 5643">
    <p class='ocr_par' dir='ltr' id='par_1_102' title="bbox 556 5570 2125 5643">
     <span class='ocr_line' id='line_1_103' title="bbox 556 5570 2125 5643; baseline 0.002 -21"><span class='ocrx_word' id='word_1_783' title='bbox 556 5570 867 5643; x_wconf 22' lang='grc' dir='ltr'>Τρῴηνλτὴν</span> <span class='ocrx_word' id='word_1_784' title='bbox 892 5573 1003 5643; x_wconf 67' lang='grc' dir='ltr'><strong>ᾷνω</strong></span> <span class='ocrx_word' id='word_1_785' title='bbox 1040 5572 1377 5635; x_wconf 77' lang='grc' dir='ltr'>Βαϐυλῶνος,</span> <span class='ocrx_word' id='word_1_786' title='bbox 1407 5570 1499 5625; x_wconf 79' lang='lat' dir='ltr'><strong>aut</strong></span> <span class='ocrx_word' id='word_1_787' title='bbox 1529 5573 1608 5635; x_wconf 84' lang='grc' dir='ltr'><strong>είς</strong></span> <span class='ocrx_word' id='word_1_788' title='bbox 1641 5570 1864 5643; x_wconf 86' lang='grc' dir='ltr'>Τρώην·</span> <span class='ocrx_word' id='word_1_789' title='bbox 1886 5572 1999 5643; x_wconf 76' lang='grc' dir='ltr'>ἄνω</span> <span class='ocrx_word' id='word_1_790' title='bbox 2026 5571 2125 5639; x_wconf 75' lang='grc' dir='ltr'>τῆς</span> 
     </span>
    </p>
   </div>
   <div class='ocr_carea' id='block_1_103' title="bbox 554 5640 1981 5711">
    <p class='ocr_par' dir='ltr' id='par_1_103' title="bbox 554 5640 1981 5711">
     <span class='ocr_line' id='line_1_104' title="bbox 554 5640 1981 5711; baseline 0.002 -18"><span class='ocrx_word' id='word_1_791' title='bbox 554 5640 888 5711; x_wconf 54' lang='lat' dir='ltr'><strong>rasuram.</strong></span> <span class='ocrx_word' id='word_1_792' title='bbox 912 5641 1198 5697; x_wconf 85' lang='lat' dir='ltr'><strong>Lectiones</strong></span> <span class='ocrx_word' id='word_1_793' title='bbox 1219 5656 1562 5711; x_wconf 87' lang='lat' dir='ltr'><strong>nequaquam</strong></span> <span class='ocrx_word' id='word_1_794' title='bbox 1593 5640 1981 5709; x_wconf 75' lang='lat' dir='ltr'><strong>improbandae.</strong></span> 
     </span>
    </p>
   </div>
   <div class='ocr_carea' id='block_1_104' title="bbox 625 5710 2123 5783">
    <p class='ocr_par' dir='ltr' id='par_1_104' title="bbox 625 5710 2123 5783">
     <span class='ocr_line' id='line_1_105' title="bbox 625 5710 2123 5783; baseline 0.001 -20"><span class='ocrx_word' id='word_1_795' title='bbox 625 5710 736 5783; x_wconf 77' lang='grc'><strong>(10)</strong></span> <span class='ocrx_word' id='word_1_796' title='bbox 755 5713 1053 5766; x_wconf 72' lang='grc' dir='ltr'>Σεϐένινα.</span> <span class='ocrx_word' id='word_1_797' title='bbox 1071 5712 1266 5765; x_wconf 88' lang='lat' dir='ltr'><strong>lterum</strong></span> <span class='ocrx_word' id='word_1_798' title='bbox 1287 5710 1428 5765; x_wconf 87' lang='lat' dir='ltr'><strong>infra</strong></span> <span class='ocrx_word' id='word_1_799' title='bbox 1452 5711 1505 5766; x_wconf 88' lang='lat' dir='ltr'><strong>in</strong></span> <span class='ocrx_word' id='word_1_800' title='bbox 1522 5710 1951 5768; x_wconf 86' lang='lat' dir='ltr'><strong>lsaacoCelliota</strong></span> <span class='ocrx_word' id='word_1_801' title='bbox 1970 5726 2123 5767; x_wconf 90' lang='lat' dir='ltr'><strong>num.</strong></span> 
     </span>
    </p>
   </div>
   <div class='ocr_carea' id='block_1_105' title="bbox 2231 4545 3665 4621">
    <p class='ocr_par' dir='ltr' id='par_1_105' title="bbox 2231 4545 3665 4621">
     <span class='ocr_line' id='line_1_106' title="bbox 2231 4545 3665 4621; baseline -0.005 -14"><span class='ocrx_word' id='word_1_802' title='bbox 2231 4549 2639 4621; x_wconf 75' lang='grc' dir='ltr'>δημοσιεύεται,</span> <span class='ocrx_word' id='word_1_803' title='bbox 2660 4549 2717 4601; x_wconf 74' lang='grc' dir='ltr'><strong>οὐ</strong></span> <span class='ocrx_word' id='word_1_804' title='bbox 2755 4547 2958 4610; x_wconf 84' lang='grc' dir='ltr'>πάντας</span> <span class='ocrx_word' id='word_1_805' title='bbox 2988 4545 3210 4600; x_wconf 77' lang='grc' dir='ltr'>δύναται</span> <span class='ocrx_word' id='word_1_806' title='bbox 3241 4548 3665 4621; x_wconf 71' lang='grc' dir='ltr'>πληροφορῆσαι.</span> 
     </span>
    </p>
   </div>
   <div class='ocr_carea' id='block_1_106' title="bbox 2583 4764 3436 4838">
    <p class='ocr_par' dir='ltr' id='par_1_106' title="bbox 2583 4764 3436 4838">
     <span class='ocr_line' id='line_1_107' title="bbox 2583 4764 3436 4838; baseline -0.007 -15"><span class='ocrx_word' id='word_1_807' title='bbox 2583 4771 2718 4838; x_wconf 75' lang='grc' dir='ltr'>Περὶ</span> <span class='ocrx_word' id='word_1_808' title='bbox 2748 4765 2855 4825; x_wconf 84' lang='grc' dir='ltr'>τοῦ</span> <span class='ocrx_word' id='word_1_809' title='bbox 2893 4764 3039 4821; x_wconf 78' lang='grc' dir='ltr'><strong>ἀϐϐᾶ</strong></span> <span class='ocrx_word' id='word_1_810' title='bbox 3088 4766 3436 4837; x_wconf 76' lang='grc' dir='ltr'>Ἀγάθωνος.</span> 
     </span>
    </p>
   </div>
   <div class='ocr_carea' id='block_1_107' title="bbox 2304 4878 3807 4958">
    <p class='ocr_par' dir='ltr' id='par_1_107' title="bbox 2304 4878 3807 4958">
     <span class='ocr_line' id='line_1_108' title="bbox 2304 4878 3807 4958; baseline -0.004 -17"><span class='ocrx_word' id='word_1_811' title='bbox 2304 4894 2372 4941; x_wconf 82' lang='grc' dir='ltr'>α’.</span> <span class='ocrx_word' id='word_1_812' title='bbox 2410 4881 2572 4939; x_wconf 78' lang='grc' dir='ltr'>Εἶπεν</span> <span class='ocrx_word' id='word_1_813' title='bbox 2601 4887 2630 4939; x_wconf 84' lang='grc' dir='ltr'>ὁ</span> <span class='ocrx_word' id='word_1_814' title='bbox 2658 4885 2827 4949; x_wconf 75' lang='grc' dir='ltr'>ἀϐϐᾶς</span> <span class='ocrx_word' id='word_1_815' title='bbox 2857 4888 3055 4958; x_wconf 63' lang='grc' dir='ltr'>Πέτρος</span> <span class='ocrx_word' id='word_1_816' title='bbox 3081 4892 3108 4939; x_wconf 79' lang='grc' dir='ltr'>ὁ</span> <span class='ocrx_word' id='word_1_817' title='bbox 3138 4884 3231 4939; x_wconf 71' lang='grc' dir='ltr'>τοῦ</span> <span class='ocrx_word' id='word_1_818' title='bbox 3278 4881 3422 4939; x_wconf 46' lang='lat' dir='ltr'><strong>iw</strong></span> <span class='ocrx_word' id='word_1_819' title='bbox 3442 4878 3583 4945; x_wconf 80' lang='grc' dir='ltr'>Λὼτ,</span> <span class='ocrx_word' id='word_1_820' title='bbox 3606 4879 3687 4933; x_wconf 78' lang='grc' dir='ltr'>ὅτι</span> <span class='ocrx_word' id='word_1_821' title='bbox 3717 4880 3807 4933; x_wconf 71' lang='grc' dir='ltr'>Ἐν</span> 
     </span>
    </p>
   </div>
   <div class='ocr_carea' id='block_1_108' title="bbox 2233 4976 3807 5049">
    <p class='ocr_par' dir='ltr' id='par_1_108' title="bbox 2233 4976 3807 5049">
     <span class='ocr_line' id='line_1_109' title="bbox 2233 4976 3807 5049; baseline -0.002 -19"><span class='ocrx_word' id='word_1_822' title='bbox 2233 4978 2309 5048; x_wconf 80' lang='grc' dir='ltr'>τῷ</span> <span class='ocrx_word' id='word_1_823' title='bbox 2344 4976 2536 5048; x_wconf 87' lang='grc' dir='ltr'>κελλίῳ</span> <span class='ocrx_word' id='word_1_824' title='bbox 2568 4977 2663 5030; x_wconf 80' lang='grc' dir='ltr'>τοῦ</span> <span class='ocrx_word' id='word_1_825' title='bbox 2702 4978 2844 5031; x_wconf 76' lang='grc' dir='ltr'><strong>ἁϐϐἅ</strong></span> <span class='ocrx_word' id='word_1_826' title='bbox 2884 4977 3185 5047; x_wconf 74' lang='grc' dir='ltr'>Ἀγάθωνος</span> <span class='ocrx_word' id='word_1_827' title='bbox 3215 4980 3359 5049; x_wconf 73' lang='grc' dir='ltr'>ἥμην</span> <span class='ocrx_word' id='word_1_828' title='bbox 3386 4977 3533 5039; x_wconf 73' lang='grc' dir='ltr'>ποτὲ,</span> <span class='ocrx_word' id='word_1_829' title='bbox 3564 4977 3654 5029; x_wconf 83' lang='grc' dir='ltr'>καὶ</span> <span class='ocrx_word' id='word_1_830' title='bbox 3672 4980 3807 5047; x_wconf 74' lang='grc' dir='ltr'>ὴλθε</span> 
     </span>
    </p>
   </div>
   <div class='ocr_carea' id='block_1_109' title="bbox 2230 5283 3807 5354">
    <p class='ocr_par' dir='ltr' id='par_1_109' title="bbox 2230 5283 3807 5354">
     <span class='ocr_line' id='line_1_110' title="bbox 2230 5283 3807 5354; baseline -0.003 -9"><span class='ocrx_word' id='word_1_831' title='bbox 2230 5292 2283 5354; x_wconf 89' lang='grc'>7,</span> <span class='ocrx_word' id='word_1_832' title='bbox 2316 5303 2530 5345; x_wconf 84' lang='lat' dir='ltr'><strong>necnon</strong></span> <span class='ocrx_word' id='word_1_833' title='bbox 2555 5288 2609 5342; x_wconf 91' lang='lat' dir='ltr'><strong>in</strong></span> <span class='ocrx_word' id='word_1_834' title='bbox 2642 5286 2869 5343; x_wconf 79' lang='lat' dir='ltr'><strong>Joannis</strong></span> <span class='ocrx_word' id='word_1_835' title='bbox 2907 5285 3124 5342; x_wconf 81' lang='lat' dir='ltr'><strong>Meursii</strong></span> <span class='ocrx_word' id='word_1_836' title='bbox 3155 5286 3443 5341; x_wconf 78' lang='lat' dir='ltr'><strong>Glossario.</strong></span> <span class='ocrx_word' id='word_1_837' title='bbox 3480 5283 3807 5340; x_wconf 78' lang='lat' dir='ltr'><strong>Ammonius</strong></span> 
     </span>
    </p>
   </div>
   <div class='ocr_carea' id='block_1_110' title="bbox 2234 5354 3807 5414">
    <p class='ocr_par' dir='ltr' id='par_1_110' title="bbox 2234 5354 3807 5414">
     <span class='ocr_line' id='line_1_111' title="bbox 2234 5354 3807 5414; baseline -0.005 -1"><span class='ocrx_word' id='word_1_838' title='bbox 2234 5360 2538 5414; x_wconf 88' lang='lat' dir='ltr'><strong>monachus</strong></span> <span class='ocrx_word' id='word_1_839' title='bbox 2574 5358 2651 5413; x_wconf 88' lang='lat' dir='ltr'><strong>De</strong></span> <span class='ocrx_word' id='word_1_840' title='bbox 2686 5357 2937 5412; x_wconf 84' lang='lat' dir='ltr'><strong>Patribus</strong></span> <span class='ocrx_word' id='word_1_841' title='bbox 2984 5357 3206 5411; x_wconf 79' lang='lat' dir='ltr'><strong>Smm’tis</strong></span> <span class='ocrx_word' id='word_1_842' title='bbox 3236 5365 3284 5409; x_wconf 85' lang='lat' dir='ltr'><strong>et</strong></span> <span class='ocrx_word' id='word_1_843' title='bbox 3328 5354 3725 5411; x_wconf 75' lang='lat' dir='ltr'><strong>Raithensibus.</strong></span> <span class='ocrx_word' id='word_1_844' title='bbox 3776 5371 3807 5405; x_wconf 81' lang='lat' dir='ltr'><strong>a</strong></span> 
     </span>
    </p>
   </div>
   <div class='ocr_carea' id='block_1_111' title="bbox 2231 5422 3809 5495">
    <p class='ocr_par' dir='ltr' id='par_1_111' title="bbox 2231 5422 3809 5495">
     <span class='ocr_line' id='line_1_112' title="bbox 2231 5422 3809 5495; baseline -0.005 -12"><span class='ocrx_word' id='word_1_845' title='bbox 2231 5430 2298 5483; x_wconf 72' lang='grc' dir='ltr'>Β.</span> <span class='ocrx_word' id='word_1_846' title='bbox 2330 5429 2391 5482; x_wconf 90' lang='grc' dir='ltr'>Ρ.</span> <span class='ocrx_word' id='word_1_847' title='bbox 2422 5427 2749 5483; x_wconf 77' lang='lat' dir='ltr'><strong>Corubefislo</strong></span> <span class='ocrx_word' id='word_1_848' title='bbox 2766 5428 2963 5485; x_wconf 75' lang='lat' dir='ltr'><strong>editus,</strong></span> <span class='ocrx_word' id='word_1_849' title='bbox 2991 5442 3042 5495; x_wconf 91' lang='lat' dir='ltr'><strong>p.</strong></span> <span class='ocrx_word' id='word_1_850' title='bbox 3073 5426 3174 5481; x_wconf 84' lang='grc'><strong>100</strong></span> <span class='ocrx_word' id='word_1_851' title='bbox 3197 5422 3410 5495; x_wconf 45' lang='grc' dir='ltr'><strong>’Ἦν-δὲ</strong></span> <span class='ocrx_word' id='word_1_852' title='bbox 3433 5427 3466 5495; x_wconf 83' lang='grc' dir='ltr'>ἡ</span> <span class='ocrx_word' id='word_1_853' title='bbox 3498 5422 3809 5495; x_wconf 32' lang='grc' dir='ltr'>τροᾳὴ-αὑτ</span> 
     </span>
    </p>
   </div>
   <div class='ocr_carea' id='block_1_112' title="bbox 2231 5489 3810 5570">
    <p class='ocr_par' dir='ltr' id='par_1_112' title="bbox 2231 5489 3810 5570">
     <span class='ocr_line' id='line_1_113' title="bbox 2231 5489 3810 5570; baseline -0.004 -18"><span class='ocrx_word' id='word_1_854' title='bbox 2231 5500 2349 5570; x_wconf 67' lang='grc' dir='ltr'>τοῦ,</span> <span class='ocrx_word' id='word_1_855' title='bbox 2384 5497 2526 5570; x_wconf 74' lang='grc' dir='ltr'>ὕδωρ</span> <span class='ocrx_word' id='word_1_856' title='bbox 2558 5499 2652 5570; x_wconf 70' lang='grc' dir='ltr'><strong>καὶ</strong></span> <span class='ocrx_word' id='word_1_857' title='bbox 2706 5499 2891 5570; x_wconf 66' lang='grc' dir='ltr'>μικροὶ</span> <span class='ocrx_word' id='word_1_858' title='bbox 2931 5489 3192 5570; x_wconf 68' lang='grc' dir='ltr'>φοίνικες,</span> <span class='ocrx_word' id='word_1_859' title='bbox 3233 5496 3291 5570; x_wconf 59' lang='grc' dir='ltr'>ἐξ</span> <span class='ocrx_word' id='word_1_860' title='bbox 3322 5489 3396 5549; x_wconf 79' lang='grc' dir='ltr'>ὧν</span> <span class='ocrx_word' id='word_1_861' title='bbox 3443 5489 3810 5570; x_wconf 41' lang='grc' dir='ltr'><strong>εἶχενξξαξιλςὰ</strong></span> 
     </span>
    </p>
   </div>
   <div class='ocr_carea' id='block_1_113' title="bbox 2234 5561 3809 5638">
    <p class='ocr_par' dir='ltr' id='par_1_113' title="bbox 2234 5561 3809 5638">
     <span class='ocr_line' id='line_1_114' title="bbox 2234 5561 3809 5638; baseline -0.006 -16"><span class='ocrx_word' id='word_1_862' title='bbox 2234 5561 2508 5638; x_wconf 71' lang='grc' dir='ltr'>ἐνδύματα</span> <span class='ocrx_word' id='word_1_863' title='bbox 2535 5568 2642 5621; x_wconf 82' lang='grc' dir='ltr'>ἀπὸ</span> <span class='ocrx_word' id='word_1_864' title='bbox 2668 5561 2921 5638; x_wconf 72' lang='grc' dir='ltr'>σίϐιννίου</span> <span class='ocrx_word' id='word_1_865' title='bbox 2938 5561 3020 5638; x_wconf 76' lang='lat' dir='ltr'><strong>vel</strong></span> <span class='ocrx_word' id='word_1_866' title='bbox 3052 5565 3342 5638; x_wconf 66' lang='lat' dir='ltr'><strong>ot6tvvimv,</strong></span> <span class='ocrx_word' id='word_1_867' title='bbox 3376 5561 3658 5638; x_wconf 41' lang='lat' dir='ltr'><strong>capfl‘lQ,</strong></span> <span class='ocrx_word' id='word_1_868' title='bbox 3679 5561 3809 5622; x_wconf 73' lang='grc'><strong>125,</strong></span> 
     </span>
    </p>
   </div>
   <div class='ocr_carea' id='block_1_114' title="bbox 2233 5630 3776 5764">
    <p class='ocr_par' dir='ltr' id='par_1_114' title="bbox 2233 5630 3776 5764">
     <span class='ocr_line' id='line_1_115' title="bbox 2234 5630 3776 5705; baseline -0.005 -14"><span class='ocrx_word' id='word_1_869' title='bbox 2234 5630 2390 5691; x_wconf 72' lang='grc' dir='ltr'><strong>Ρτηῐξ</strong></span> <span class='ocrx_word' id='word_1_870' title='bbox 2416 5639 2746 5705; x_wconf 73' lang='lat' dir='ltr'><strong>spiritualis,</strong></span> <span class='ocrx_word' id='word_1_871' title='bbox 2773 5637 2880 5691; x_wconf 81' lang='grc' dir='ltr'><strong>ἀπὸ</strong></span> <span class='ocrx_word' id='word_1_872' title='bbox 2905 5636 3129 5690; x_wconf 77' lang='grc' dir='ltr'>σιϐίνου.</span> <span class='ocrx_word' id='word_1_873' title='bbox 3165 5636 3268 5689; x_wconf 84' lang='lat' dir='ltr'><strong>Adi</strong></span> <span class='ocrx_word' id='word_1_874' title='bbox 3318 5630 3559 5691; x_wconf 68' lang='lat' dir='ltr'><strong>Lexicon</strong></span> <span class='ocrx_word' id='word_1_875' title='bbox 3600 5630 3776 5702; x_wconf 82' lang='lat' dir='ltr'><strong>Hippo</strong></span> 
     </span>
     <span class='ocr_line' id='line_1_116' title="bbox 2233 5707 2712 5764; baseline 0.002 -1"><span class='ocrx_word' id='word_1_876' title='bbox 2233 5717 2477 5763; x_wconf 82' lang='lat' dir='ltr'><strong>eratcum</strong></span> <span class='ocrx_word' id='word_1_877' title='bbox 2514 5707 2712 5764; x_wconf 83' lang='lat' dir='ltr'><strong>Focsii.</strong></span> 
     </span>
    </p>
   </div>
  </div>
