3974 6332
250 362 360 417 ειιθ

1390 355 1996 412 APOPllTllliGMATA
2034 355 2341 412 PATRUM.

3400 361 3501 416 1ἔο

250 474 397 545 πρὸς
427 472 587 527 αὑτὸν
615 472 841 540 ἁδελφὸς
864 472 1067 540 λέγων·
1096 472 1247 525 Θέλω
1273 472 1492 541 οἰκῆσαι
1523 472 1659 543 μετὰ
1685 472 1830 524 ἀδελ-

1939 472 2083 526 venit
2137 471 2201 525 ad
2244 485 2366 525 eum
2416 469 2615 536 frater,
2647 471 2867 528 dit-ens:
2897 472 3031 528 Volo
3079 474 3326 533 habitare
3375 495 3498 535 cum

249 566 372 635 φῶν
390 582 406 596 ⁸
428 560 581 619 εἶπόν
613 580 703 634 μοι
732 562 851 627 πῶς
886 566 1004 632 μετ’
1042 562 1217 618 αὐτῶν
1242 564 1467 634 οἰκήσω.
1494 564 1652 632 Λέγει
1683 563 1831 634 αὐτῷ

249 663 287 714 ὁ
317 660 531 731 γέρων·
574 657 665 722 Ὠς
694 659 753 710 ὲν
778 659 843 728 τῇ
873 655 1067 729 πρώτῃ
1106 657 1288 729 ἡμέρᾳ
1326 648 1665 729 ὃτεγείσέρχῃ
1694 656 1832 726 πρὸς

251 751 494 818 αὐτοὺς,
521 749 694 814 οὕτως
719 748 955 819 φύλαξον
981 749 1082 819 τὴν
1121 748 1380 812 ξενιτείαν
1419 765 1512 802 σου
1536 748 1715 811 πάσας
1734 747 1833 811 τὰς

187 838 193 843 ’
249 843 473 913 ἡμέρας
501 841 598 911 τῆς
636 840 782 911 ζωῆς
817 855 911 892 σου
938 878 953 902 ,
1008 839 1097 892 ἵνα
1152 840 1225 910 μὴ
1264 837 1680 911 παρῤησιασθῇς
1715 840 1831 909 μετ’

251 934 455 991 αὐτῶν.
487 932 648 1000 Λέγει
674 929 822 1000 αὐτῷ
852 932 880 984 ὁ
902 929 1074 992 ἀϐσᾶς
1106 932 1390 1002 Μακάριος
1412 948 1427 963 ο
1463 930 1528 984 Τί
1554 930 1664 1000 γὰρ
1693 931 1835 983 ποιεῖ

249 1026 289 1096 ἡ
321 1022 642 1096 παρρησίας
676 1023 843 1091 Λέγει
894 1020 1042 1091 αὐτῷ
1068 1023 1097 1074 ὁ
1141 1021 1319 1091 γέρων
1340 1037 1355 1051 ⁸
1392 1021 1606 1073 Ἔοικεν
1635 1020 1668 1089 ὴ
1693 1020 1833 1090 παρ⁴

249 1112 425 1185 ρησία
466 1113 705 1167 καύσωνι
758 1111 976 1182 μεγάλῳ
1003 1128 1018 1142 ο
1064 1111 1122 1174 ὃς
1165 1111 1293 1165 ὅταν
1328 1110 1585 1182 γένηται,
1633 1108 1831 1172 πάντες

253 1204 549 1274 φεύγουσιν
582 1202 693 1257 ἁπδ
727 1202 1017 1274 προσώπου
1061 1201 1224 1255 αὐτοῦ
1249 1242 1264 1266 ,
1318 1202 1414 1256 καὶ
1455 1201 1565 1254 τῶν
1604 1201 1831 1271 δένδρων

250 1288 348 1343 τὸν
379 1290 592 1361 καρπὸν
621 1289 939 1362 διαφθείρει.
972 1291 1133 1358 Λέγει
1176 1288 1326 1359 αὐτῷ
1355 1291 1385 1341 ὁ
1432 1289 1603 1352 ἀόϐᾶς
1639 1289 1831 1342 Μακά-

258 1397 407 1456 ριος·
439 1379 629 1444 Οὕτως
679 1380 888 1452 χαλεπή
923 1382 1068 1434 ἔστιν
1114 1382 1147 1450 ἡ
1189 1380 1497 1451 παρρησίας
1530 1380 1640 1433 Καὶ
1679 1375 1830 1435 εἶπεν

252 1472 283 1525 ὁ
313 1471 492 1535 ἀϐὄᾶς
537 1472 809 1540 Ἀγάθων·
845 1470 957 1524 Οὐκ
981 1471 1128 1524 ἐστιν
1158 1470 1342 1542 ἕτερον
1387 1470 1555 1535 πάθος
1584 1471 1831 1541 χαλεπώ-

251 1580 413 1635 τερον
443 1565 546 1633 τῆς
597 1562 943 1635 παρρησίας·
988 1564 1279 1633 γεννήτρια
1301 1563 1409 1633 γάρ
1452 1563 1568 1614 ἐστι
1613 1562 1830 1615 πάντων

252 1654 366 1709 τῶν
412 1654 622 1708 παθῶν.
656 1654 860 1726 Πρέπει
892 1652 949 1707 δὲ
995 1652 1074 1723 τῷ
1104 1654 1308 1723 ἐργάτῃ
1348 1653 1422 1724 μὴ
1457 1653 1827 1725 παρρησιάζε-

254 1744 403 1810 σθαι,
434 1745 538 1799 κᾶν
572 1741 788 1819 μόνοςῇ
823 1748 880 1798 ὲν
909 1744 989 1816 τῷ
1012 1743 1225 1813 κελλίῳ.
1262 1740 1390 1796 Οἶδα
1418 1742 1526 1813 γὰρ
1558 1745 1638 1796 ὅτι
1676 1744 1830 1796 ἀδελ-

1935 562 2238 629 fratribus;
2292 566 2426 620 doce
2478 580 2565 619 me
2599 581 2709 635 quo
2756 575 2911 637 pacto
2948 585 3067 623 cum
3100 573 3180 628 eis
3232 588 3499 629 maneam.

1933 654 2230 726 Respondit
2259 672 2456 712 senex:
2491 654 2955 723 Quemadmodum
2981 663 3155 731 primo
3185 663 3272 718 die
3293 666 3501 736 ingres-

1935 763 2029 804 sus
2056 749 2157 814 tui,
2196 749 2277 805 sic
2298 749 2573 805 custodito
2604 749 2900 819 hospitium
2934 758 3084 806 tuum
3115 757 3502 827 peregrinatio-

1933 854 2167 909 nemque
2195 841 2408 894 cunctis
2437 840 2630 895 diebus
2661 841 2782 895 vita:
2816 849 2922 896 tua:
2944 883 2958 907 ,
3016 843 3089 896 ita
3134 854 3190 898 ut
3228 862 3351 917 erga
3382 847 3502 902 illos

1933 944 2041 983 non
2076 930 2250 985 utaris
2282 929 2497 984 ﬁducia.
2527 929 2668 984 Dicit
2712 930 2760 985 ei
2815 932 2984 986 abbas
3018 932 3322 990 Macarius:
3358 936 3500 1003 Quid

1932 1022 2072 1074 enim
2104 1022 2352 1091 designat
2383 1021 2617 1076 fiducia?
2643 1021 2753 1093 (ll)
2788 1021 2925 1077 Tum
2959 1040 3161 1080 senex:
3193 1026 3396 1084 Similis
3419 1044 3503 1087 est

1934 1108 2131 1163 ﬁducia
2159 1111 2312 1164 aestui
2346 1126 2576 1181 magno;
2597 1112 2689 1180 qui
2710 1114 2931 1182 quando
2960 1116 3268 1186 contigerit,
3290 1118 3504 1189 fugiunt

1932 1215 2123 1257 omnes
2152 1217 2183 1255 a
2228 1202 2368 1258 faeie
2404 1202 2557 1271 ejus,
2592 1203 2795 1273 quique
2840 1205 3094 1260 arborum
3137 1208 3347 1264 fructus
3383 1226 3504 1264 eor~

1931 1294 2152 1362 rumpit.
2187 1292 2326 1347 Dicit
2374 1294 2542 1349 abbas
2601 1294 2903 1351 Macarius:
2935 1297 3154 1353 Adeone
3180 1302 3330 1354 srvit
3364 1303 3504 1357 lidu-

1932 1383 2057 1438 eia?
2088 1384 2271 1438 Ahbas
2296 1384 2538 1455 Agatho:
2565 1384 2758 1443 Nullus
2787 1395 2892 1454 est,
2920 1388 3115 1458 inquit,
3150 1390 3373 1446 allectus
3405 1408 3503 1446 εαξη

1931 1472 2051 1524 vior
2077 1471 2308 1527 fiducia:
2337 1474 2577 1527 omnium
2607 1475 2806 1545 quippe
2831 1478 3300 1547 perturbationum
3329 1488 3502 1534 mater

1932 1568 2034 1614 est.
2061 1558 2223 1615 Decet
2253 1569 2431 1613 autem
2458 1563 2723 1617 cultorem
2746 1565 2851 1629 sui,
2888 1565 3085 1619 liducia
3107 1580 3314 1629 carere,
3337 1569 3500 1622 etiam

1933 1651 1977 1706 si
2012 1652 2162 1706 solus
2196 1652 2250 1705 in
2307 1652 2444 1706 cella
2475 1663 2742 1711 versetur.
2787 1656 2924 1710 Novi
2971 1660 3164 1710 etenim
3213 1661 3501 1728 quemdam

1933 1740 2189 1807 fratrem,
2223 1743 2315 1814 qui
2355 1744 2448 1798 diu
2504 1745 2560 1799 in
2592 1747 2725 1800 cella
2779 1760 3255 1816 pcrsevcraverat,
3296 1752 3501 1806 habens

253 1836 355 1905 φὺς
402 1809 639 1907 ποιήσας
665 1809 854 1905 χρόνον
902 1809 973 1888 ἐν,
1007 1832 1086 1904 τῷ
1139 1809 1334 1903 κελλίῳ
1379 1809 1543 1885 οίκῶν
1569 1873 1583 1895 ,
1617 1831 1753 1902 ἔχων
1779 1849 1829 1883 τι

1939 1832 2189 1886 lectulum
2214 1873 2229 1899 ,
2263 1831 2502 1889 dixisse:
2536 1833 2579 1887 E
2608 1836 2743 1890 cella
2791 1838 3171 1907 emigrassetn,
3225 1856 3333 1894 non
3378 1857 3500 1912 per-

254 1928 608 1997 κοιτωνάριον
628 1966 641 1988 ,
673 1920 824 1977 εἶπεν
844 1962 858 1988 ,
890 1924 973 1977 ὅτι
1004 1921 1255 1993 Μετέϐην
1284 1923 1346 1975 ἐκ
1370 1921 1463 1975 τοῦ
1491 1920 1719 1979 κελλίου,
1758 1922 1830 1990 μὴ

252 2019 417 2085 γνοὺς
440 2017 576 2070 αὐτὸ
615 2015 677 2068 τὸ
723 2013 1105 2085 κοιτωνάριον,
1136 2014 1184 2065 εί
1226 2013 1300 2085 μὴ
1333 2012 1518 2081 ἕτερός
1545 2028 1635 2082 μοι
1660 2007 1829 2065 εἶπεν.

266 2109 327 2163 Ὁ
350 2107 591 2171 τοιοῦτος
612 2107 853 2179 ἐργάτης
878 2104 995 2157 ἐστὶ
1030 2105 1126 2158 καὶ
1159 2103 1514 2174 πολεμιστής.

325 2201 393 2272 β’.
423 2196 594 2254 Εἶπεν
627 2202 656 2253 ὁ
686 2198 860 2262 ἁὸϐᾶς
900 2196 1170 2265 Ἀγάθων⁸
1206 2195 1328 2267 Χρὴ
1367 2196 1460 2248 τὸν
1493 2193 1721 2265 μοναχὸν
1757 2193 1831 2263 μὴ

251 2292 412 2347 ἐάσαι
462 2290 561 2364 τὴν
588 2289 892 2360 συνείδησιν
918 2288 1080 2343 αὐτοῦ
1127 2286 1506 2357 κατηγορῆσαι
1541 2282 1705 2338 αὐτοῦ
1753 2286 1833 2347 είς

252 2383 565 2452 οἱονδήποτε
603 2383 861 2453 πρᾶγμα.

324 2472 393 2541 Υ.
426 2470 567 2527 Eine
600 2472 785 2539 πάλιν,
821 2472 902 2525 ὅτι
928 2472 1055 2526 ἄνευ
1086 2468 1333 2538 φυλακῆς
1356 2467 1465 2519 τῶν
1494 2466 1654 2520 θείων
1685 2468 1832 2519 ὲντοο

254 2563 360 2617 λῶν
391 2563 453 2617 οὗ
483 2562 767 2635 ¹προϐαίνει
792 2562 1078 2634 ἅνθρωπος
1111 2560 1233 2613 οὐδὲ
1266 2561 1345 2622 εἰς
1383 2559 1510 2629 μίαν
1544 2559 1765 2630 ἀρετήν.

321 2742 387 2795 δ’.
414 2735 554 2793 Eine
582 2739 765 2803 πάλιν,
798 2740 880 2792 ὅτι
912 2736 1179 2790 Οὐδέποτε
1210 2733 1508 2805 ὲκοιμήθην
1536 2732 1670 2803 ἔχων
1694 2730 1833 2783 κατά

257 2847 398 2894 τινος
419 2848 435 2861 ’
457 2830 581 2884 οὐδὲ
604 2830 792 2900 ἀφῆκά
811 2845 931 2881 τινα
964 2826 1287 2896 κοιμηθῆναι
1312 2824 1501 2895 ἔχοντα
1528 2824 1648 2875 κατ’
1675 2819 1830 2891 ἐμοῦ,

256 2920 395 2975 κατὰ
417 2918 518 2992 τὴν
546 2918 772 2989 δύναμίν
804 2935 927 2987 μου.

1932 1935 2088 1994 cepto
2123 1926 2217 1980 illo
2266 1926 2513 1991 lectulo,
2578 1928 2684 1982 nisi
2738 1928 2877 1982 alius
2928 1930 3230 1987 monuisset
3285 1949 3391 1988 me.
3447 1933 3499 1988 ls

1932 2014 2117 2080 homo,
2155 2032 2283 2073 vere
2310 2027 2396 2073 est
2426 2016 2712 2087 operarius
2737 2020 2799 2071 ac
2836 2018 3083 2074 bellator.

2000 2192 2055 2249 2.
2092 2192 2203 2265 (l2)
2230 2193 2438 2248 Monuit
2480 2196 2648 2251 abbas
2677 2196 2923 2267 Aga3h0:
2966 2196 3191 2269 Oportet
3222 2210 3279 2254 ut
3317 2218 3502 2257 mona-

1931 2285 2069 2340 chus
2097 2300 2201 2340 non
2227 2287 2507 2356 permittat
2532 2290 2884 2357 conscientia:
2909 2306 3023 2346 sua:
3046 2307 3304 2347 accusare
3326 2295 3499 2364 ipsum

1933 2376 2040 2429 ulla
2072 2377 2125 2431 in
2154 2393 2233 2432 re.

2003 2467 2037 2519 '5
2076 2467 2186 2538 (15)
2235 2466 2377 2521 Dixit
2427 2469 2666 2524 iterum:
2705 2468 2835 2526 Sine
2872 2473 3250 2531 observatione
3283 2477 3503 2532 manda-

1933 2566 2112 2614 torum
2150 2559 2277 2627 Dei,
2310 2577 2376 2616 ne
2397 2562 2466 2616 ad
2500 2579 2662 2617 unam
2697 2565 2912 2635 quidem
2947 2567 3203 2622 virtutem
3232 2571 3499 2626 hominem

1936 2650 2244 2720 procedere.

2002 2743 2057 2798 4.
2095 2743 2205 2814 (l4)
2244 2746 2480 2799 Rursum
2512 2746 2679 2801 dixit:
2709 2747 2995 2819 Nunquam
3026 2766 3218 2806 somno
3248 2767 3331 2807 me
3356 2752 3500 2818 dedi,

1933 2832 2139 2888 habens
2187 2834 2449 2890 adversus
2489 2836 2722 2905 aliquem
2758 2838 2805 2870 "
2832 2879 2845 2902 ,
2898 2855 2995 2895 nec
3028 2841 3127 2894 sivi
3178 2858 3501 2912 quemquam

1934 2924 2013 2977 ire
2058 2924 2300 2978 cubitum
2326 2964 2341 2990 ,
2377 2925 2471 2996 qui
2512 2925 2777 2984 adversus
2810 2944 2895 2984 me
2941 2929 3161 2986 haberet
3185 2972 3200 2997 ,
3233 2940 3497 3002 quantum

1934 3013 2154 3085 quidem
2183 3015 2348 3070 valui.

322 3103 385 3151 ε’.
424 3094 651 3163 Ἔλεγον
696 3090 944 3163 περὶτοῦ
977 3089 1121 3144 ὰὸϐἄ
1160 3087 1463 3156 Ἀγάθωνος
1485 3126 1500 3152 ,
1534 3086 1615 3138 ὅτι
1658 3085 1830 3196 dii)?-

2004 3106 2057 3160 5.
2079 3105 2190 3178 (15)
2223 3106 2453 3161 Aiebant
2482 3107 2550 3163 de
2574 3108 2767 3165 abbate
2794 3110 3096 3181 Agathone,
3124 3113 3269 3184 quod
3291 3115 3356 3169 ad
3378 3131 3502 3171 eum

257 3186 345 3240 θόν
374 3202 523 3248 τινες
554 3183 689 3255 πρὸς
717 3180 878 3234 αὐτὸν
904 3219 919 3243 ,
949 3179 1279 3241 ἀκούσαντες
1310 3178 1392 3230 ὅτι
1441 3176 1679 3247 μεγάλην
1710 3175 1827 3229 διά-

257 3294 436 3348 κρισιν
461 3275 605 3347 ἔχει’
641 3273 734 3328 καίΙ
763 3272 1005 3335 θέλοντες
1030 3269 1322 3341 δοκιμάσαι
1349 3268 1395 3301 ⁸⁵⁸
1451 3269 1499 3321 εἰ
1525 3266 1825 3338 ὀργίζεται,

255 3370 503 3438 λέγουσιν
534 3366 685 3436 αὑτῷ
710 3383 725 3399 '
750 3366 821 3419 Σὺ
866 3360 916 3417 εἴ
953 3362 1229 3432 ’Λγὰθων;
1266 3360 1533 3432 ἀκούομεν
1561 3360 1689 3430 περὶ
1731 3357 1826 3412 σοῦ

255 3461 335 3513 ὅτι
371 3459 577 3530 πόρνος
618 3452 701 3520 εἰ,
738 3454 833 3510 καὶ
865 3455 1233 3523 ὑπερήφανος.
1281 3451 1338 3503 '0
1376 3451 1433 3503 δὲ
1477 3445 1662 3502 εἶπεν·
1697 3448 1826 3511 Ναὶ,

256 3549 427 3612 οὕτως
474 3547 612 3617 ἔχει.
641 3544 754 3601 Καὶ
780 3543 1029 3613 λέγουσιν
1082 3541 1259 3612 αὐτῷ·
1295 3541 1369 3593 Σὺ
1406 3535 1459 3592 εἴ
1514 3539 1756 3608 Ἀγάθων
1801 3542 1831 3593 ὁ

257 3645 496 3716 φλύαρος
546 3642 644 3697 καὶ
687 3640 1020 3704 κατὰλαλος;
1064 3639 1120 3691 ’0
1164 3638 1222 3691 δὲ
1256 3631 1409 3689 εἶπεν
1432 3651 1444 3662 ·
1504 3633 1645 3703 Ἐγώ
1693 3634 1827 3702 εἰμι.

256 3738 488 3806 Λέγουσι
524 3734 722 3789 πάλιν·
778 3734 851 3786 Σὺ
897 3728 948 3785 εἷ
982 3729 1227 3799 ’Λγάθων
1280 3730 1309 3782 ὁ
1359 3725 1666 3798 αἱρετικός;
1719 3726 1831 3778 Καὶ

255 3828 530 3901 ἀπεκρίθη
558 3844 572 3858 ο
614 3824 729 3879 Οὐκ
777 3825 893 3894 εἰμὶ
948 3821 1239 3893 αίρετικός.
1291 3819 1402 3873 Καὶ
1450 3817 1828 3889 παρεκάλεσαν

255 3922 419 3976 αὑτὸν
445 3964 461 3987 ,
506 3920 791 3988 λέγοντες·
832 3915 964 3971 Εἰπὲ
1011 3916 1140 3984 ἡμῖν
1167 3911 1308 3967 διατί
1341 3910 1579 3965 τοσαῦτα
1606 3906 1830 3980 εἴπομέν

257 4029 359 4076 σοι,
387 4011 488 4066 καὶ
526 4007 828 4071 κατεδέξω,
855 4006 946 4060 τὸν
976 4005 1033 4058 δὲ
1060 4004 1217 4073 λόγον
1239 4000 1427 4056 τοῦτον
1469 4001 1570 4055 οὐκ
1598 3999 1827 4053 ἐϐάστα-

256 4118 391 4168 σας;
435 4101 601 4169 Λέγει
630 4098 848 4161 αὐτοῖς’
884 4096 965 4150 Τὰ
1007 4094 1200 4167 πρῶτα
1244 4091 1467 4164 ἐμαυτῷ
1495 4088 1824 4161 ἐπιγράφωτ

254 4193 447 4263 ὄφελος
485 4190 595 4261 γάρ
626 4190 743 4243 ἐστι
768 4189 835 4258 τῇ
868 4185 1011 4256 ψυχῇ
1044 4199 1143 4254 μου
1170 4199 1184 4212 ·
1218 4181 1279 4235 τὸ
1310 4181 1366 4234 δὲ
1399 4178 1694 4251 αἱρετικδς,
1723 4195 1831 4249 χω-

260 4281 456 4353 ρισμός
490 4282 639 4334 ἐστιν
671 4278 778 4333 ἀπὸ
812 4275 907 4331 τοῦ
938 4274 1094 4339 Θεοῦ,
1128 4273 1223 4328 καὶ
1245 4273 1306 4326 οὐ
1334 4270 1472 4325 Θέλω
1498 4269 1833 4342 χωρισθῆναι

256 4372 365 4426 ἀπὸ
388 4370 548 4426 Θεοῦ.
582 4372 645 4423 Οἱ
676 4369 735 4423 δὲ
761 4367 1093 4428 ἀκούσαντες
1112 4405 1126 4429 ,
1155 4363 1471 4434 ἐθαύμασαν
1492 4360 1590 4432 τὴν
1619 4359 1832 4430 διάκρι-

260 4482 345 4519 σιν
372 4462 567 4529 αῠτοῦ,
599 4463 693 4516 καὶ
720 4459 962 4531 ἀπῆλθον
987 4457 1455 4529 οἱκοδομηθέντες.
1547 4457 1561 4468 ⁵

328 4561 405 4621 ς’.
446 4554 787 4626 Διηγήσαντο
831 4551 959 4623 περὶ
1012 4548 1106 4603 τοῦ
1154 4547 1299 4601 ἀϐδᾶ
1349 4544 1652 4614 Ἀγάθωνος
1679 4583 1693 4607 ,
1747 4545 1831 4597 ὅτι

260 4643 441 4714 ἔμεινε
487 4642 678 4713 χρόνον
708 4639 892 4694 ἱκανὸν
939 4636 1234 4708 οἰκοδομῶν
1280 4634 1492 4689 κελλίον
1536 4634 1675 4705 μετὰ
1718 4633 1829 4688 τῶν

264 4733 520 4805 μαθητῶν
543 4732 736 4787 αὑτοῦ·
765 4732 862 4786 καὶ
882 4730 1284 4785 τελειωσάντων
1317 4726 1494 4781 αὐτῶν
1513 4726 1572 4779 τὸ
1598 4726 1827 4789 κελλίον,

260 4817 421 4892 ἦλθον
469 4821 654 4876 λοιπὸν
685 4820 780 4875 τοῦ
812 4820 1052 4876 καθίσαι.
1082 4815 1205 4873 Εἷδε
1235 4816 1294 4872 δὲ
1337 4816 1416 4879 εἰς
1464 4815 1563 4885 τὴν
1608 4813 1831 4885 πρώτην

264 4916 530 4987 ἑὸὅομάδα
557 4918 788 4987 πρᾶγμα
816 4915 890 4987 μὴ
927 4913 1168 4983 ὠφελοῦν
1198 4910 1359 4965 αὑτὸν
1380 4949 1394 4974 ,
1424 4907 1692 4977 καὶιλέγει
1721 4910 1832 4972 τοῖς

268 5003 534 5074 μαθηταῖς
591 5003 754 5058 αὐτοῦ
783 5022 797 5036 ο
870 5001 1177 5075 Ἐγείρεσθε
1207 5041 1222 5067 ,
1283 4999 1504 5069 ἄγωμεν
1562 4996 1830 5051 ἐντεῦθεν.

277 5095 685 5167 Ἑταράχθησαν
718 5096 777 5150 δὲ
829 5096 1060 5167 σφόδρα,
1089 5094 1338 5164 λέγοντες
1358 5109 1371 5125 ο
1403 5094 1466 5145 Εἰ
1511 5091 1647 5155 ὅλως
1688 5090 1831 5159 λογι-

268 5186 399 5256 σμὸν
423 5183 568 5257 εἶχες
603 5186 697 5240 τοῦ
751 5185 1080 5257 μεταϐῆναι,
1122 5184 1175 5237 τί
1208 5181 1459 5237 τοσοῦτον
1509 5181 1677 5234 κόπον
1723 5181 1831 5233 ὐπ-

266 5277 557 5347 εμείναμεν
588 5276 1039 5348 οἰκοδομήσαντες
1065 5275 1126 5328 τὸ
1171 5272 1413 5339 κελλίον;
1451 5273 1547 5327 καὶ
1577 5271 1831 5343 μέλλουσι

338 5459 382 5491 ⁵⁸
406 5460 490 5516 Al.
523 5460 692 5517 inser.
724 5460 906 5514 αὐτόν.
984 5459 1029 5492 δ’
1065 5459 1249 5514 Matth.
1290 5475 1342 5526 ν,
1371 5459 1472 5526 25;
1510 5456 1675 5513 Mare.
1713 5473 1790 5521 xi,
1816 5456 1904 5511 25.

336 5616 445 5686 (11)
475 5617 702 5673 Doroth.
736 5616 920 5671 Doctr.
953 5616 1005 5670 4.

336 5686 443 5826 με)
482 5687 588 5769 Vit.
618 5687 774 5743 Patr.
808 5702 882 5751 st,
911 5686 967 5741 2.

364 5757 449 5826 ιδ)
481 5757 616 5812 Ibid.

428 5766 449 5826 )
481 5766 556 5812 un

1934 3198 2270 3267 perrexerint
2302 3199 2580 3265 nonnulli,
2608 3201 2699 3271 qui
2726 3200 3044 3267 audierant,
3079 3219 3271 3275 magna
3303 3206 3498 3279 praedi-

1934 3299 2046 3344 tum
2076 3305 2199 3345 esse
2225 3288 2588 3360 discretione;
2617 3299 2670 3347 et
2699 3294 2945 3350 volentes
2976 3295 3263 3365 explorare
3300 3313 3368 3352 an
3398 3299 3505 3352 ira-

1934 3390 2210 3446 sceretur,
2254 3382 2491 3438 dixerint
2537 3385 2622 3439 ei:
2683 3383 2836 3442 Tune
2878 3400 2939 3441 es
2966 3387 3216 3458 Agatho?
3241 3388 3504 3444 Audimus

1931 3474 1999 3529 de
2034 3481 2108 3538 te,
2145 3473 2291 3543 quod
2320 3475 2397 3529 sis
2427 3473 2722 3530 fornicator
2757 3491 2821 3532 ac
2850 3480 3142 3548 superbus.
3164 3477 3501 3551 Respondit:

1932 3565 2130 3631 Etiam,
2164 3566 2238 3620 ita
2271 3566 2451 3621 habet.
2487 3569 2688 3623 lterum
2736 3569 2931 3625 aiunt:
2986 3569 3068 3625 Tu
3094 3586 3153 3627 es
3178 3572 3389 3642 Agatho
3416 3572 3505 3626 ille

1932 3672 2112 3728 nugax
2144 3666 2198 3712 et
2228 3658 2832 3716 oblocutor‘lAssensus
2859 3668 2944 3716 est
2966 3675 3024 3717 se
3049 3677 3189 3718 esse.
3221 3663 3414 3718 Adhuc
3442 3663 3500 3718 ii:

1903 3746 2014 3801 .Tu
2042 3763 2102 3802 es
2148 3748 2361 3818 Agatho
2402 3749 2729 3807 haereticus?
2759 3751 2827 3806 Et
2885 3755 3206 3825 respondit:
3236 3753 3353 3809 Non
3382 3770 3502 3811 sum

1933 3838 2243 3894 haereticus.
2271 3839 2427 3895 Tunc
2480 3851 2808 3913 rogaverunt
2857 3834 2982 3898 eum
3029 3844 3115 3898 his
3153 3845 3370 3901 verbis:
3421 3846 3508 3901 ln-

1932 3931 2051 3986 dica
2081 3932 2240 3988 nobis
2262 3974 2276 3997 ,
2309 3949 2409 3988 cur
2463 3935 2553 3989 ubi
2588 3943 2736 3989 tanta
2767 3936 2865 3990 tibi
2898 3936 3292 4006 imposuimus,
3334 3952 3504 4007 agno-

1930 4022 2097 4088 veris,
2127 4031 2461 4091 postremum
2497 4039 2626 4078 vero
2660 4040 2968 4080 sermonem
2997 4042 3105 4081 non
3137 4029 3506 4084 sustinueris?

1932 4116 2023 4171 Ait
2072 4115 2448 4173 illis:Priora
2502 4119 2720 4173 ascribo
2771 4121 2941 4183 mihi,
2976 4121 3104 4189 quia
3157 4120 3210 4175 id
3248 4121 3499 4179 conducit

1933 4206 2128 4260 animae
2151 4222 2320 4274 meae;
2352 4212 2407 4259 at
2435 4206 2679 4273 hatresis,
2716 4209 2992 4278 separatio
3022 4216 3106 4264 est
3128 4225 3158 4265 a
3183 4209 3311 4275 Deo,
3344 4226 3374 4265 a
3398 4229 3506 4283 quo

1934 4296 2177 4364 separari
2208 4311 2551 4366 nequaquam
2586 4298 2729 4355 volo.
2759 4298 2973 4366 Quibus
2998 4302 3220 4369 auditis,
3255 4304 3505 4360 admirati

1935 4392 2064 4439 sunt
2092 4385 2169 4439 illi
2198 4385 2581 4442 diseretionem
2620 4390 2741 4461 ejus
2764 4433 2778 4459 ,
2812 4401 2975 4465 atque
3008 4397 3261 4453 instructi
3297 4397 3505 4454 disces

1866 4491 1910 4548 ι)
1940 4485 2151 4548 serunt.

2007 4546 2061 4601 6.
2091 4547 2201 4619 (16)
2246 4546 2323 4604 De
2355 4550 2551 4607 abbate
2598 4553 2882 4624 Agathone
2920 4567 3316 4625 narraverunt,
3362 4563 3505 4632 quod

1938 4639 2074 4694 satis
2094 4637 2186 4693 ditt
2215 4645 2646 4708 perseveraverit
2671 4645 2948 4701 aediﬁcans
2973 4648 3161 4702 cellam
3194 4664 3316 4703 eum
3341 4650 3508 4705 disci-

1937 4727 2081 4797 pulis
2109 4729 2263 4785 suis:
2295 4748 2455 4801 quam
2487 4749 2609 4788 cum
2633 4738 3056 4800 cxstruxissent,
3088 4749 3352 4793 venerunt
3380 4742 3502 4795 dein

1940 4822 2051 4878 illic
2085 4838 2357 4879 mansum.
2393 4824 2541 4880 Vidit
2574 4836 2753 4881 autem
2800 4829 2975 4896 prima
3021 4828 3358 4884 hebdomada
3390 4847 3501 4886 rem

1939 4911 2043 4967 sibi
2071 4913 2290 4966 noxiam
2311 4954 2325 4978 ,
2357 4923 2410 4967 et
2436 4914 2715 4984 discipulis
2747 4917 2863 4970 suis
2904 4916 3007 4970 ait:
3050 4915 3266 4987 Surgite
3292 4959 3306 4983 ,
3344 4920 3503 4974 abea-

1941 5016 2066 5057 mus
2102 5001 2249 5056 hinc.
2284 5003 2363 5056 llli
2397 5004 2742 5061 vehementer
2792 5006 2991 5060 turbati
3043 5018 3205 5072 sunt,
3259 5023 3323 5063 ac
3354 5008 3505 5063 dixe.

1940 5102 2107 5147 runt:
2145 5091 2202 5146 Si
2232 5093 2457 5147 omnino
2489 5094 2709 5148 sedebat
2738 5097 2925 5161 menti,
2957 5097 3221 5166 migrare,
3254 5114 3353 5153 cur
3386 5107 3508 5153 tan-

1940 5190 2057 5237 tum
2088 5184 2293 5240 laboris
2318 5187 2654 5257 sumpsimus
2678 5188 2729 5241 in
2748 5190 2880 5243 cella
2913 5192 3280 5246 construenda
3303 5194 3326 5247 !
3347 5191 3510 5249 Scan-

1939 5275 2120 5329 dalum
2148 5277 2323 5331 adhuc
2352 5286 2574 5348 propter
2596 5295 2693 5334 nos
2728 5281 2939 5350 passuri
2973 5292 3106 5337 sunt
3140 5284 3387 5343 homines
3408 5325 3421 5351 ,
3454 5303 3507 5347 et

2043 5611 2125 5681 l4)
2161 5610 2269 5664 Vit.
2297 5612 2445 5665 Patr.
2479 5628 2613 5671 xvn,
2646 5614 2697 5668 6.

2040 5683 2102 5736 15
2166 5680 2270 5735 Vit.
2313 5681 2465 5736 Patr.
2503 5699 2554 5746 x,
2586 5685 2671 5739 l0.

2011 5609 2123 5822 L6;
2168 5751 2268 5805 Vit.
2304 5751 2455 5805 Patr.
2493 5769 2564 5817 vt,
2590 5754 2641 5807 4.

2040 5683 2123 5746 15)
2166 5680 2270 5735 Vit.
2313 5681 2465 5736 Patr.
2503 5699 2554 5746 x,
2586 5685 2671 5739 l0.

2040 5684 2102 5736 15
2166 5684 2270 5735 Vit.
2313 5684 2465 5736 Patr.
2503 5699 2554 5746 ι,
2586 5685 2641 5737 l0

2038 5684 2123 5822 i6;
2168 5751 2268 5805 Vit.
2304 5751 2455 5805 Patr.
2493 5769 2564 5817 vt,
2590 5754 2641 5807 4.
