3976 6332
452 319 544 378 ιιι

1606 327 1956 385 APPENDIX
1995 331 2088 385 AD
2121 333 2544 396 PALLADIUM.

3584 324 3701 382 4η

448 437 685 493 dicturi:
724 436 862 493 Ecce
900 435 1096 492 iterum
1131 436 1315 496 sedem
1352 450 1631 499 mutarunt
1662 445 1754 501 isti
1786 447 1901 518 vagi
1932 454 2005 501 at-

2122 453 2282 507 πάλιν
2311 456 2358 507 ol
2394 454 2703 526 ἄνθρωποι,
2742 455 3218 519 σκανδαλισθίντες
3263 455 3343 518 είς
3386 454 3568 526 ἡμᾶς.
3594 463 3682 517 λέ-

444 544 552 599 que
599 527 904 585 instabiles.
951 529 1194 586 Cernens
1245 532 1409 603 igitur
1441 550 1536 591 eos
1570 538 2016 607 pusillanimitate

446 619 690 689 dejectos
711 658 727 685 ,
759 618 835 673 ita
865 620 1189 690 prolocutus
1223 630 1339 679 est:
1373 624 1524 681 Licet
1551 627 1825 682 nonnullis
1854 643 2017 684 scan-

444 707 567 765 dalo
589 703 759 764 futuri
791 711 965 766 simus
986 751 1002 776 ,
1034 718 1090 765 at
1123 712 1246 768 aliis
1276 715 1483 772 erimus
1512 717 1892 782 aediﬁcationi,
1920 721 2014 789 qui

444 799 671 854 dicent:
727 799 878 857 Beati
934 801 1024 857 isti
1073 802 1358 872 homines,
1413 808 1541 876 quia
1594 816 1814 879 propter
1843 808 2011 865 Deum

444 892 906 964 transmigrarunt
931 934 946 958 ,
993 897 1248 952 omnibus
1304 899 1590 968 neglectis.
1630 898 2011 956 Verumtamen

442 984 537 1055 qui
568 985 805 1040 voluerit
836 987 1044 1052 venire,
1078 989 1282 1053 veniat,
1315 1005 1414 1061 ego
1440 989 1551 1057 jam
1584 992 1795 1047 recedo.
1829 990 2013 1062 Itaque

442 1091 503 1132 se
524 1075 578 1131 in
604 1077 779 1133 solum
814 1087 1250 1148 prostraverunt,
1285 1080 1646 1153 postulantes,
1676 1082 1849 1137 donec
1885 1097 2010 1153 per-

442 1170 596 1225 missi
629 1178 755 1226 sunt
787 1187 911 1226 cum
945 1188 1010 1228 eo
1037 1174 1141 1228 iter
1175 1188 1354 1244 agere.
1401 1151 1417 1166 ’

511 1263 562 1317 7.
595 1262 856 1319 Dixerunt
883 1280 1076 1320 rursus
1105 1265 1171 1320 de
1198 1267 1313 1330 illo,
1331 1265 1531 1335 saepius
1551 1266 1865 1338 emigrasse,
1884 1285 2008 1324 cum

442 1350 666 1408 baberct
697 1352 962 1408 duntaxat
995 1354 1310 1423 scalpellum
1343 1357 1395 1409 in
1430 1357 1588 1412 cista.

510 1442 563 1500 8.
594 1443 704 1516 (l7)
738 1443 1108 1517 Intermgatns
1137 1454 1220 1503 est
1247 1448 1417 1503 abbas
1444 1449 1653 1520 Agatho
1681 1491 1697 1517 ,
1749 1451 2009 1520 quidnam

442 1535 620 1604 majus
648 1546 830 1603 esset,
862 1536 1014 1591 labor
1031 1538 1278 1608 corporis
1300 1580 1316 1605 ,
1350 1547 1442 1593 aut
1467 1540 1791 1595 interiorum
1825 1550 2011 1597 custo-

441 1626 549 1682 dia.
589 1625 766 1684 Senex
806 1637 988 1683 autem
1038 1631 1413 1698 pronuntiavit
1445 1650 1458 1685 :
1488 1630 1660 1686 llomo
1705 1633 1900 1688 similis
1926 1640 2009 1687 est

442 1718 655 1784 arbori;
705 1725 759 1772 et
790 1720 1090 1789 corporalis
1133 1719 1349 1790 quidem
1393 1722 1586 1787 labor,
1632 1722 1756 1776 l'olia
1805 1723 2006 1789 refert;

442 1808 760 1864 interiorum
792 1824 921 1865 vero
948 1810 1219 1875 custodia,
1247 1809 1508 1864 fructum.
1533 1811 1670 1876 Quia
1701 1827 1831 1866 vero
1855 1813 2010 1879 juxta

441 1893 781 1966 Scripturam
807 1939 822 1963 ,
857 1896 1045 1953 Omnis
1089 1898 1249 1952 arbor
1271 1938 1284 1961 ,
1318 1914 1434 1968 qua:
1461 1915 1563 1952 non
1606 1899 1738 1968 facit
1780 1900 2010 1968 fructum

439 1986 665 2048 bonum,
701 1985 1010 2049 excidetur,
1058 1994 1110 2040 et
1160 1987 1214 2040 in
1262 1987 1432 2056 ignem
1486 1987 1720 2041 mittetur
1748 1989 1814 2056 ⁸⁸,
1863 1998 2011 2061 patet

436 2093 598 2132 omne
634 2077 873 2132 studium
905 2084 1152 2132 nostrum
1200 2086 1447 2148 spectare
1484 2078 1552 2133 ad
1598 2079 1832 2134 fructum
1855 2122 1869 2144 ,
1907 2083 2011 2138 hoc

437 2178 560 2231 est,
604 2168 671 2222 ad
723 2169 923 2223 mentis
950 2168 1281 2225 custodiam.
1326 2168 1475 2241 Opus
1511 2179 1689 2226 tamen
1748 2172 2010 2230 habemus

436 2260 599 2315 etiam
630 2266 943 2331 tegumento
976 2268 1028 2315 et
1056 2269 1252 2315 ornatu
1280 2276 1344 2316 ex
1384 2260 1558 2330 foliis;
1595 2262 1853 2317 nimirum
1885 2279 2010 2320 cor-

437 2352 587 2424 poris
612 2352 820 2407 labore.

504 2443 561 2501 9.
594 2444 706 2516 (18)
740 2443 1216 2516 lnterrogaverunt
1267 2459 1393 2501 eum
1444 2444 1622 2500 adhuc
1666 2444 1894 2512 fratres,
1927 2445 2009 2501 di-

434 2543 656 2593 centes:
692 2534 823 2602 Quae
850 2536 1056 2598 virtus,
1085 2533 1249 2591 Pater
1267 2575 1282 2601 ,
1311 2535 1454 2591 inter
1488 2547 1715 2593 caeteras
1742 2538 2006 2607 majorem

433 2628 601 2699 exigit
632 2626 911 2684 laborem?
937 2625 1079 2682 Dicit
1107 2628 1216 2683 eis:
1249 2626 1517 2699 Ignoscite
1549 2629 1680 2683 mihi
1702 2669 1717 2694 ,
1754 2631 2008 2685 existimo

433 2718 645 2773 nullum
684 2718 923 2773 laborem
968 2717 1171 2788 aequari
1224 2717 1477 2786 precibus
1528 2717 1594 2773 ad
1626 2717 1817 2774 Deum.
1857 2718 2006 2785 Quo-

434 2811 754 2880 tiescuuque
783 2809 931 2871 enim
975 2807 1139 2864 homo
1162 2808 1399 2863 voluerit
1424 2824 1619 2877 orare,
1661 2810 1869 2866 inimici
1906 2825 2005 2866 seu

432 2900 706 2958 dtemones
729 2902 981 2956 nituntur
1000 2916 1124 2955 eum
1147 2908 1411 2955 avertere.
1442 2899 1637 2955 Sciunt
1671 2902 1871 2971 quippe
1894 2918 2005 2956 non

432 2994 590 3047 aliter
620 2992 869 3062 impediri
904 3007 1000 3057 se,
1048 2991 1155 3046 nisi
1205 3006 1302 3060 per
1352 2992 1656 3046 orationem
1707 2993 1774 3046 ad
1811 2992 2000 3045 Deum.

431 3083 591 3139 Certe
640 3080 903 3152 quidquid
942 3079 1089 3133 aliud
1121 3080 1250 3141 boni
1282 3080 1466 3148 operis
1496 3080 1660 3134 homo
1711 3095 2002 3151 aggressus

434 3175 620 3237 fuerit,
653 3173 709 3227 in
740 3187 807 3227 eo
832 3184 1209 3242 perseverans,
1239 3170 1484 3240 requiem
1516 3170 1764 3235 obtinet;
1795 3180 1851 3224 at
1878 3187 2004 3227 ora-

433 3269 509 3322 tio
534 3265 601 3322 ad
649 3264 900 3319 ultimum
948 3277 1120 3335 usque
1149 3262 1402 3333 spiritum
1431 3271 1553 3333 eget
1578 3264 1896 3318 certamine.

511 3442 598 3497 i0.
633 3441 745 3513 (i9)
768 3439 895 3494 Erat
925 3447 1104 3494 autem
1131 3437 1301 3493 abbas
1324 3436 1535 3509 Agatho
1556 3394 1776 3508 sapiens
1804 3447 2001 3501 mente,

434 3536 666 3608 impiger
699 3548 950 3604 corpore.
986 3540 1040 3586 et
1072 3532 1127 3586 in
1162 3531 1375 3587 cunctis
1408 3530 1635 3586 idoneus
1657 3567 1672 3596 ,
1703 3544 1866 3601 opere
1891 3544 2001 3584 ma-

433 3644 626 3693 nuum,
654 3628 799 3695 cibo,
830 3623 1051 3681 vestitu.

506 3814 595 3869 ii.
630 3811 740 3883 (9.0)
773 3808 916 3864 Idem
952 3807 1057 3862 iter
1110 3802 1303 3875 agebat
1355 3817 1479 3857 eum
1536 3799 1818 3871 discipulis
1849 3798 2000 3866 suis;

431 3920 732 3976 eorumque
771 3916 918 3959 unus
972 3900 1192 3954 inventa
1221 3896 1288 3951 ad
1337 3896 1477 3950 viam
1512 3894 1782 3949 cicercula
1817 3892 2000 3954 viridi,

432 4000 509 4054 ait
555 3996 670 4055 seni
712 4014 726 4051 :
765 3993 966 4057 Pater,
1012 3991 1174 4062 jubes
1225 3988 1374 4043 illam
1422 3984 1725 4054 accipiam?
1767 3982 2003 4037 Intentlit

429 4106 560 4162 ergo
604 4089 662 4143 in
698 4101 823 4143 eum
880 4098 1046 4140 senex
1093 4081 1361 4146 miratus,
1412 4077 1681 4147 dicitque:
1734 4073 1888 4129 Tune
1936 4074 2002 4126 il-

432 4181 537 4232 lam
595 4177 669 4231 ibi
719 4173 992 4246 posuisti?
1039 4168 1343 4241 Respondit
1392 4164 1999 4234 frateerequaquam.

431 4269 572 4333 Tum
606 4282 807 4323 senex:
850 4264 972 4332 Quo
1001 4264 1161 4319 modo
1197 4262 1360 4332 igitur
1396 4260 1581 4317 tollere
1606 4260 1689 4315 vis
1718 4255 1863 4329 quod
1893 4270 2001 4311 nou

432 4358 707 4432 posuisti?

2116 560 2234 611 γειν
2261 561 2274 574 ·
2314 546 2446 598 Ἰδοὺ
2495 547 2803 617 μετέὸησαν
2836 547 2995 601 πάλιν
3026 548 3076 600 oi
3109 546 3414 600 ἀκάθιστοι.
3459 543 3604 599 Ἰδὼν
3630 544 3689 600 εδ

2115 634 2309 698 αὐτοὺς
2337 635 2795 706 ὀλιγοψυχοῦντας
2817 677 2832 700 ,
2866 638 3015 704 λέγει
3048 638 3259 701 αὐτοῖς·
3299 637 3363 689 El
3400 636 3494 690 καὶ
3522 652 3680 691 mv-

2113 724 2413 789 δαλίζονταί
2454 744 2630 794 τινες,
2665 728 2800 782 ἀλλὰ
2830 729 2991 782 πάλιν
3023 728 3536 799 οἰκοδομηθὴσονται
3567 726 3687 780 ἔτι·

2116 834 2237 888 ροι,
2272 817 2521 887 λέγοντες
2550 835 2563 849 ·
2617 819 2893 890 Μακάριοι
2942 822 2990 873 οί
3026 819 3293 881 τοιοῦτοι,
3342 818 3424 871 ὅτι
3472 817 3561 872 διὰ
3588 817 3684 871 τὸν

2112 909 2244 963 Θεὸν
2274 909 2578 980 μετέϐησαν
2598 950 2613 973 ,
2655 910 2750 963 καὶ
2773 911 2987 964 πάντων
3014 911 3441 980 κατεφρόνησαν.
3474 909 3618 979 Πλὴν
3651 911 3683 961 6

2114 997 2282 1051 θέλων
2335 998 2510 1051 ἐλθεῖν
2528 1038 2543 1062 ,
2573 998 2732 1070 ἔλθῃ,
2764 997 2872 1064 ἐγὼ
2902 999 3039 1062 τέως
3068 1000 3279 1066 ὑπάγω.
3314 998 3542 1051 ’Ἑϐαλον
3587 994 3683 1051 οὖν

2112 1090 2338 1152 ἑαυτοὺς
2363 1089 2444 1152 είς
2474 1090 2534 1142 τὸ
2560 1089 2782 1157 ἔδαφος,
2825 1088 3096 1154 ἀξιοῦντες
3121 1130 3136 1155 ,
3178 1090 3283 1153 ἕως
3304 1082 3364 1143 οὗ
3394 1106 3684 1161 συγχωρη-

2113 1177 2276 1231 θῶσιν
2305 1180 2400 1230 σὺν
2427 1177 2576 1248 αὐτῷ
2600 1178 2836 1232 ὁδεῦσαι.

2180 1268 2247 1335 ζ’.
2286 1267 2454 1324 Εἶπον
2484 1271 2643 1324 πάλιν
2672 1271 2798 1339 περὶ
2830 1269 2993 1324 αὑτοῦ
3017 1312 3031 1334 ,
3063 1271 3145 1322 ὅτι
3178 1269 3436 1332 πολλάκις
3480 1270 3685 1340 μετέϐη

2111 1360 2250 1431 ἔχων
2278 1362 2375 1430 τὴν
2409 1361 2605 1431 σμίλαν
2640 1361 2836 1414 ἑαυτοῦ
2871 1361 3040 1431 μόνην
3069 1362 3147 1424 είς
3168 1360 3229 1412 τὸ
3259 1360 3512 1430 μαννάδιν
3543 1360 3683 1431 (Ξῖ).

2174 1455 2245 1517 η’.
2287 1449 2572 1519 Ἦρωτήθη
2602 1452 2629 1502 6
2664 1448 2839 1512 assa;
2872 1448 3116 1517 Ἀγάθων
3136 1491 3149 1511 ,
3178 1449 3229 1502 τί
3258 1450 3439 1519 μεῖζον
3459 1490 3473 1507 .
3505 1452 3532 1502 6
3578 1468 3688 1504 σω·-

2113 1540 2341 1610 ματικὸς
2369 1539 2616 1611 κόπος,ἢ
2642 1543 2675 1611 ἡ
2708 1539 2920 1610 φυλακὴ
2950 1540 3057 1593 τῶν
3090 1539 3253 1593 ἔνδον.
3290 1536 3421 1593 Eius
3445 1539 3501 1593 δὲ
3526 1542 3554 1594 6
3584 1540 3685 1609 γέ-

2114 1644 2220 1699 ρων
2245 1644 2257 1657 ·
2303 1629 2484 1681 Ἔοικε
2515 1626 2714 1698 δένδρῳ
2746 1631 2773 1682 6
2816 1630 3124 1699 ἄνθρωπος·
3163 1631 3192 1682 6
3219 1630 3394 1683 τοίνυν
3445 1647 3687 1701 σωματι-

2111 1719 2204 1782 κδς
2234 1719 2400 1782 κόπος
2432 1719 2604 1789 φύλλα
2655 1720 2833 1773 ἐστίν·
2881 1722 2915 1791 ή
2960 1720 3018 1773 δὲ
3067 1720 3176 1775 τῶν
3207 1719 3352 1774 ἔνδον
3387 1720 3599 1793 φυλακὴ
3654 1725 3686 1775 6

2112 1811 2323 1883 καρπός
2370 1812 2539 1864 ἐστιν.
2595 1812 2811 1882 Ἐπειδὴ
2853 1812 2911 1866 δὲ
2970 1812 3109 1866 κατὰ
3157 1813 3217 1867 τὸ
3271 1814 3684 1885 γεγραμμένον,

2108 1902 2239 1957 Πᾶν
2265 1903 2516 1970 δένδρον
2541 1902 2628 1972 μὴ
2658 1904 2874 1959 ποιοῦν
2907 1902 3140 1972 καρπὸν
3174 1905 3368 1959 καλὲν
3392 1905 3681 1958 ἐκκόπτε-

2106 2012 2201 2049 ται
2226 2036 2240 2060 ,
2282 1995 2381 2048 καὶ
2404 1997 2491 2060 εἰς
2517 1995 2637 2063 πῦρ
2678 1996 2975 2059 ,βάλλεται
2996 2035 3012 2059 ,
3056 1998 3286 2066 φανερόν
3309 1998 3453 2051 ἐστιν
3482 1996 3563 2048 ὅτι
3591 1995 3685 2048 διὰ

2106 2088 2197 2140 τὸν
2218 2088 2426 2158 καρπόν
2457 2090 2603 2143 ὲστιν
2632 2087 2787 2158 ἡμῶν
2822 2089 2855 2158 ἡ
2884 2086 3086 2157 σπουδὴ
3114 2089 3281 2150 πᾶσα,
3307 2086 3550 2140 τουτέστι
3578 2086 3685 2155 τὴν

2106 2179 2199 2234 τοῦ
2229 2180 2346 2242 νοὸς
2377 2179 2639 2249 φυλακήν.
2662 2179 2837 2250 Χρεία
2860 2179 2917 2232 δέ
2937 2181 3050 2232 ἐστι
3076 2179 3171 2233 καὶ
3195 2179 3295 2250 τῆς
3320 2180 3384 2231 ὲκ
3413 2175 3519 2230 τῶν
3544 2176 3682 2245 φύλ-

2107 2271 2212 2325 λων
2244 2272 2452 2340 σκέπης
2478 2271 2573 2324 καὶ
2598 2269 2895 2340 εὐκοσμίας
2916 2308 2931 2333 ,
2966 2268 3125 2323 ἅτινά
3148 2271 3295 2322 ἐστιν
3319 2272 3347 2323 6
3368 2268 3683 2339 σωματικὸς

2107 2359 2292 2422 κόπος.

2178 2447 2244 2501 θ’.
2281 2446 2605 2519 Ἡρώτησαν
2632 2447 2794 2501 αὐτὸν
2835 2447 2996 2502 πάλιν
3044 2449 3094 2502 oi
3128 2447 3346 2516 ἀδελφοὶ
3394 2447 3677 2517 λέγοντες·

2105 2538 2241 2592 Ποία
2265 2539 2433 2610 ἀρετή
2472 2541 2611 2604 ἐστι,
2644 2539 2846 2608 Πάτερ,
2874 2542 2931 2592 ἐν
2964 2542 3082 2603 ταῖς
3119 2538 3416 2602 πολιτείαις
3438 2580 3450 2600 ,
3477 2537 3681 2608 ἔχουσα

2105 2628 2323 2683 πλείονα
2362 2629 2639 2700 κάματον;
2675 2631 2836 2699 Λέγει
2888 2632 3097 2694 αὐτοῖς·
3123 2629 3515 2701 Συγχωρήσατέ
3560 2645 3678 2700 μοι⁹

2103 2718 2385 2788 λογίζομαι
2413 2719 2494 2771 ὅτι
2519 2719 2620 2771 οὐκ
2650 2719 2797 2772 ἔστιν
2835 2720 3020 2790 ἕτερος
3058 2720 3331 2792 κάματος,
3377 2720 3452 2784 ὡς
3480 2718 3542 2773 τὸ
3581 2716 3681 2773 εὗ-

2105 2807 2298 2873 ξασθαι
2325 2806 2566 2878 τῷιΘεῷ.
2601 2807 2838 2861 Πάντοτε
2884 2808 2992 2878 γάρ
3033 2808 3121 2861 ὅτε
3151 2808 3280 2882 θέλῃ
3315 2811 3344 2862 6
3391 2807 3682 2879 ἄνθρωπος

2105 2894 2502 2965 προσεύξασθαι
2524 2935 2539 2959 ,
2574 2894 2849 2964 βούλονται
2886 2899 2934 2949 oi
2972 2897 3153 2967 ἐχθροὶ
3197 2897 3425 2969 ἐκκόψαι
3468 2898 3627 2952 αὐτόν
3657 2913 3675 2929 ·

2102 2988 2275 3041 οἴδασι
2325 2987 2432 3058 γὰρ
2461 2988 2540 3040 ὅτι
2571 2987 2871 3056 οὐδαμόθεν
2912 2987 3324 3057 ἐμποδίζονται,
3365 2991 3414 3042 εί
3452 2988 3527 3060 μὴ
3566 2988 3682 3042 ἀπὸ

2104 3078 2197 3131 τοῦ
2230 3078 2488 3143 εὔξασθαι
2514 3077 2593 3148 τῷ
2617 3078 2755 3148 Θεῷ.
2785 3081 2894 3133 Καὶ
2918 3083 3096 3133 πᾶσαν
3125 3079 3181 3130 δὲ
3215 3079 3489 3135 πολιτείαν
3514 3082 3580 3152 ἣν
3608 3081 3682 3137 ἂν

2109 3169 2340 3240 μετέλθῃ
2368 3169 2412 3200 ¹¹
2440 3169 2749 3240 ἄνθρωπος,
2784 3167 3134 3239 ὲγκαρτερῶν
3171 3170 3228 3221 ἐν
3262 3170 3397 3241 αὐτῇ
3424 3211 3437 3232 ,
3477 3174 3681 3227 κτᾶται

2105 3261 2408 3315 ἀνάπαυσιν
2428 3276 2440 3289 '
2494 3262 2555 3314 τὸ
2584 3261 2642 3314 δὲ
2669 3260 2927 3327 εὖξασθαι
2953 3302 2968 3326 ,
2998 3261 3101 3325 ἕως
3133 3261 3365 3334 ἐσχάτης
3401 3264 3682 3337 ἀναπνοῆς

2105 3352 2312 3421 ἀγῶνος
2339 3351 2530 3422 χρῄζει
2554 3353 2620 3406 ⁸⁸.
3168 3342 3171 3343 ν

2174 3450 2222 3497 ι’.
2255 3439 2362 3495 Ἦν
2393 3444 2448 3496 δὲ
2479 3445 2508 3496 6
2532 3444 2707 3508 άῦὃᾶς
2742 3444 2986 3513 Ἀγάθων
3025 3446 3182 3515 σοφὸς
3208 3447 3266 3499 ὲν
3297 3447 3373 3518 τῷ
3409 3448 3681 3519 διανοητι-

2104 3530 2186 3601 κῴ
2205 3570 2220 3594 ,
2251 3532 2343 3585 καὶ
2370 3532 2562 3597 ἄοκνος
2603 3536 2661 3587 ὲν
2701 3534 2779 3604 τῷ
2813 3536 3109 3607 σωματικῷ
3131 3578 3145 3603 ,
3179 3539 3273 3591 καὶ
3296 3539 3574 3611 αὐτάρκης
3613 3542 3678 3593 ἐν

2105 3627 2303 3691 πᾶσιν,
2333 3625 2389 3677 ἔν
2422 3643 2480 3678 τε
2528 3625 2609 3698 τῷ
2656 3628 2955 3699 ὲργοχείρῳ
3006 3630 3100 3683 καὶ
3149 3632 3214 3702 τῇ
3259 3633 3431 3703 τροφῇ
3480 3632 3571 3685 καὶ
3602 3634 3675 3703 τῇ

2103 3716 2311 3785 ἐσθῆτι.

2172 3815 2260 3863 ια’.
2300 3810 2358 3862 '0
2388 3809 2549 3874 αὐτὸς
2571 3809 2737 3864 ὥδευε
2768 3810 2909 3882 μετὰ
2935 3810 3041 3865 τῶν
3070 3812 3324 3884 μαθητῶν
3354 3813 3516 3868 αὐτοῦ
3535 3832 3549 3846 ο
3575 3814 3677 3869 καὶ

2102 3898 2277 3970 εὑρὼν
2305 3894 2385 3961 εἷς
2432 3900 2493 3966 ἐξ
2519 3900 2698 3955 αὐτῶν
2752 3902 2945 3974 μικρὸν
2975 3903 3203 3974 ἀράκιον
3250 3904 3456 3976 χλωρὸν
3506 3906 3563 3959 ὲν
3599 3909 3673 3977 τῇ

2103 3989 2206 4060 ὁδῷ
2222 4030 2238 4055 ,
2263 3990 2410 4060 λέγει
2439 3991 2516 4062 τῷ
2544 3992 2796 4063 γέροντι·
2820 3994 3004 4064 Πάτερ
3026 4034 3041 4059 ,
3066 3994 3306 4060 κελεύεις
3333 3994 3482 4048 λάϐω
3502 3996 3672 4063 αὐτός

2104 4082 2405 4152 προσέσχεν
2426 4079 2519 4136 οὖν
2548 4084 2576 4135 6
2604 4082 2781 4155 γέρων
2810 4084 2957 4155 αὐτῷ
2985 4083 3280 4155 θαυμάζων
3300 4126 3317 4152 ,
3351 4088 3445 4140 καὶ
3477 4085 3624 4154 λέγει
3654 4104 3671 4119 ·

2102 4174 2177 4226 Σὺ
2223 4172 2426 4245 ἔθηκας
2475 4174 2606 4228 αὐτὸ
2637 4176 2789 4240 ὲκεί;
2821 4176 2982 4245 Λέγει
3014 4177 3043 4229 6
3084 4176 3342 4244 ἁδελφός·
3377 4177 3530 4247 οὐχί.
3560 4178 3675 4232 Καὶ

2101 4261 2248 4332 λέγει
2271 4264 2299 4316 6
2325 4263 2532 4335 γέρων·
2562 4263 2691 4330 Πῶς
2718 4260 2811 4320 οὗν
2836 4264 3009 4329 θέλεις
3036 4264 3220 4320 λαϐεῖν
3244 4266 3273 4319 ὃ
3299 4266 3398 4319 οὐκ
3424 4265 3628 4339 ἔθηκας
3652 4286 3669 4335 ς

503 4449 590 4505 12.
624 4448 735 4521 (21)
767 4444 928 4501 Venit
961 4443 1128 4497 frater
1157 4443 1225 4496 ad
1254 4442 1503 4496 abbatem
1530 4441 1887 4511 Agathonem,
1918 4441 1998 4495 di-

2171 4436 2264 4507 tﬁ'.
2307 4437 2556 4508 Ἀδελφδς
2581 4432 2712 4510 ἦλθε
2748 4438 2884 4509 πρὸς
2909 4440 2998 4492 τὸν
3027 4440 3202 4495 άϐὗᾶν
3242 4442 3523 4511 ’Δγάθωνα
3543 4485 3559 4508 ,
3584 4444 3675 4498 λέ-

429 4543 646 4611 xitque:
679 4536 937 4591 Permitte
966 4541 1021 4587 ut
1046 4540 1226 4587 tecum
1259 4546 1525 4585 maneam.
1548 4529 1994 4592 Veniensautem,

431 4629 632 4702 reperit
659 4628 714 4683 in
743 4626 938 4680 itinere
972 4636 1163 4693 parum
1198 4620 1328 4675 uitri
1357 4659 1374 4684 ,
1414 4619 1656 4689 illudque
1680 4620 1879 4673 attulit.
1916 4619 1995 4673 Ad

429 4738 590 4796 quem
617 4735 783 4780 senex
806 4737 821 4774 :
844 4715 1000 4773 Unde
1025 4715 1284 4786 accepisti
1309 4714 1510 4768 nitrum
1528 4713 1551 4766 ἲ
1570 4711 1867 4779 Respondit
1898 4712 2001 4765 fra-

430 4827 544 4873 tcr:
583 4815 645 4869 In
673 4812 761 4868 via
794 4808 1053 4866 incedens
1088 4813 1360 4877 repertum
1391 4803 1619 4874 sumpsi.
1656 4801 1830 4858 Senex
1865 4803 2000 4857 dicit

502 4969 549 5002 “
583 4964 773 5022 Matth.
817 4977 909 5031 ut,
931 4961 1022 5019 10.
1095 4960 1140 4993 ⁸³
1166 4959 1251 5014 Al.
1282 4957 1575 5031 μελετήσῃ.
1649 4959 1695 4989 ⁸⁸
1723 4957 1808 5011 Al.
1840 4958 2021 5029 χρεία.

502 5124 613 5198 (17)
652 5123 755 5198 git.
792 5121 947 5198 Eutr.
978 5135 1035 5183 x,
1069 5117 1157 5198 ιι.

500 5179 617 5265 (is)
650 5193 761 5265 fit.
797 5191 953 5265 fair.
989 5179 1181 5265 xu_,_2;
1215 5187 1374 5244 Joan.
1409 5184 1600 5242 Geom.
1638 5179 1846 5237 Parad.
1873 5180 1959 5237 77.

528 5259 614 5335 19)
650 5262 756 5335 Υίί·
789 5261 941 5335 13W-
968 5276 1024 5320 κο
1053 5259 1143 5335 u:
1314 5328 1327 5335 -
1364 5327 1379 5335 -
1519 5324 1552 5335 ..
1638 5322 1687 5335 ..
1755 5328 1766 5335 .
1811 5320 1869 5335 ,η
1951 5320 1963 5332 .

498 5269 614 5401 ρο)
651 5269 756 5343 Vit.
789 5269 941 5318 Patr.
968 5276 1024 5320 x.
1053 5269 1143 5314 11.
1519 5324 1530 5335 ⁸
1951 5320 1963 5332 .

525 5334 617 5402 20)
651 5330 951 5402 VttLPatr.
987 5345 1067 5402 Iv,
1106 5329 1265 5402 8._:--
1292 5327 1383 5402 _Ad
1413 5329 1592 5402 captata
1632 5322 1689 5402 ll
1720 5328 1774 5401 et
1803 5320 1997 5402 μειδι-

430 5390 693 5473 miliaque
718 5400 846 5473 alia,
874 5390 1073 5473 apponi
1103 5398 1261 5473 velim
1291 5390 1853 5473 loettin'§teplianinin
1883 5390 1996 5443 fra-

429 5458 651 5545 gmento
671 5458 1098 5545 Aquod'jul'gavit
1144 5467 1227 5545 vix;
1244 5466 1492 5545 eruditus
1525 5458 1745 5545 Samuel
1772 5458 1994 5545 Tennu-

432 5528 561 5613 ljius,
592 5528 718 5613 ubi'
742 5540 811 5595 de
843 5528 1083 5613 Dyrbaeis
1110 5554 1123 5591 :
1159 5531 1318 5613 Οὗτοι
1371 5532 1506 5613 οὔτε
1521 5528 1824 5613 ¹ἀδικοῦσιν
1872 5528 1998 5583 οὔτε

432 5598 840 5670 άποίιτείνουσιν
868 5598 1172 5679 ἇνθρῴπων
1197 5605 1416 5679 οὐδένα..
1449 5599 1575 5679 Ἐᾲν
1588 5599 1654 5652 δέ
1682 5616 1736 5679 ἐι
1767 5598 1997 5679 εῷρωσιν

614 5680 740 5756 οδῷ,
776 5667 999 5756 χρυσίον
1026 5675 1296 5756 ἢ-ίρίάτιον
1329 5673 1363 5744 ἢ
1392 5667 1743 5756 άργύριον
1766 5667 1893 5756 ἄλλο
1919 5686 1997 5756 τι.

433 5745 586 5811 οὐδὲν
613 5745 999 5812 damniﬁcam
1017 5745 1170 5811 αὐτό,
1203 5759 1299 5800 seu
1329 5745 1508 5812 potius
1523 5753 1649 5794 cttm
1665 5752 1768 5794 ms.
1802 5745 1993 5800 οὓτως.

2103 4544 2214 4595 γων
2236 4544 2249 4557 ο
2291 4528 2489 4581 Ἔασόν
2526 4544 2593 4598 με
2635 4527 2802 4580 οίκείν
2834 4527 2971 4596 μετὰ
3004 4527 3120 4582 σοῦ.
3167 4528 3490 4602 Ἐρχόμενος
3524 4533 3581 4586 δὲ
3610 4533 3671 4584 ὲν

2102 4620 2167 4688 τῇ
2214 4616 2320 4687 ὁδῷ
2357 4612 2481 4687 εὗρε
2513 4618 2707 4687 μικρὸν
2738 4617 2917 4687 νίτρον
2941 4655 2957 4681 ,
2991 4617 3086 4670 καὶ
3118 4619 3346 4689 ἤνεγκεν
3374 4622 3523 4676 αὐτό.
3559 4622 3673 4676 Καὶ

2104 4708 2249 4776 λέγει
2278 4709 2307 4760 ὁ
2338 4709 2516 4778 γέρων
2539 4724 2551 4736 '
2585 4707 2756 4760 Πόθεν
2782 4700 2940 4779 εὗρες
2961 4708 3023 4762 τὸ
3045 4708 3257 4782 νίτρον;
3280 4713 3442 4781 Λέγει
3468 4714 3496 4766 6
3518 4714 3677 4768 ἁδελ-

2105 4803 2203 4872 φός
2223 4817 2236 4831 ’
2277 4802 2364 4854 Ἐν
2397 4803 2462 4871 τῇ
2494 4800 2597 4871 ὁδῷ
2623 4794 2777 4873 εὗρον
2806 4801 2959 4869 αὐτὸ,
2991 4804 3327 4875 περιπατῶν,
3360 4808 3454 4860 καὶ
3480 4805 3675 4862 ἔλαϐον

2100 5107 2197 5161 ιιιε
2225 5105 2661 5181 ηεᾳιιεὶηἱιινζοηι
2711 5107 3125 5181 faciunt,ueque
3158 5125 3469 5181 quamquam
3500 5110 3676 5166 homi-

2098 5194 2222 5230 num
2254 5174 2515 5231 oecidunt.
2551 5176 2611 5231 Si
2641 5174 2755 5231 vero
2786 5178 2988 5249 aliquid
3017 5174 3073 5233 in
3107 5174 3190 5234 υἱὰ
3221 5174 3529 5249 invenerint.
3565 5198 3668 5235 au-

2096 5263 2236 5321 rum,
2269 5255 2361 5299 aut
2383 5256 2589 5321 vestem,
2616 5257 2709 5301 aut
2732 5248 3026 5321 argentum,
3051 5260 3142 5303 aut
3162 5248 3312 5321 aliud
3342 5248 3487 5319 quid,
3509 5266 3671 5321 neque

2095 5316 2171 5370 sic
2198 5316 2978 5390 eorumquidquamhablaturi
3008 5332 3148 5375 sunt.
3174 5319 3301 5388 Legi
3334 5316 3552 5390 quoque
3574 5316 3673 5389 po-

2095 5394 2233 5448 test,
2265 5394 2323 5438 ut
2345 5385 2500 5454 plura
2542 5401 2648 5439 non
2683 5386 2859 5440 dicam
2886 5428 2900 5450 ,
2938 5386 3133 5442 Rerum
3157 5385 3427 5443 variarum
3463 5385 3530 5444 ex
3566 5385 3669 5444 ad-

2096 5452 2360 5529 versariis
2397 5452 2638 5529 Grctseri
2664 5458 2992 5529 selectarum
3019 5474 3156 5528 opus
3181 5460 3275 5513 lib.
3317 5475 3375 5521 ιι,
3406 5474 3527 5529 cap.
3561 5458 3617 5513 7.

2173 5525 2285 5595 (EH)
2313 5523 2545 5593 Append.
2578 5539 2631 5593 p.
2669 5526 2827 5588 1002,
2854 5542 2908 5579 n.
2949 5526 3002 5580 6.

2171 5614 2287 5685 (22)
2321 5613 2393 5668 Τὸ
2429 5614 2748 5682 parandam
2803 5615 3036 5671 Videtur
3058 5632 3181 5674 esse
3222 5618 3367 5688 quod
3397 5633 3499 5674 nos
3528 5617 3668 5679 Galli

2100 5699 2359 5740 vocamus
2388 5701 2486 5740 une
2516 5702 2723 5751 numne,
2748 5702 2816 5740 un
2843 5690 3180 5758 manusquin,
3209 5690 3360 5745 cista:
3382 5703 3576 5759 genus.
