3974 6332
199 460 315 518 1ιὲ

1342 466 1951 524 APOPHTHEGMATA
1992 462 2301 526 PATBUM.

3349 466 3455 525 ιη

192 581 344 637 atad.
378 580 548 650 Ᾱέγει
575 580 722 652 αὐτῷ
754 583 782 635 6
805 580 984 651 γέρων
1007 598 1019 612 ο
1048 582 1111 635 Ei
1143 583 1261 654 μετ’
1284 584 1420 654 ὲμοῦ
1443 580 1606 656 ἦλθες
1632 587 1783 657 οἰκῆ-

1897 585 1930 639 :i
1952 602 1964 638 :
1989 581 2046 640 Si
2081 599 2294 639 mecum
2321 581 2579 638 veniebas
2607 579 2873 646 habitare,
2892 584 3032 652 quod
3052 600 3158 639 non
3188 600 3452 656 posueras

194 691 305 736 σαι,
339 670 371 726 6
398 672 503 725 οὐκ
529 670 737 741 ἔθηκας
760 710 775 734 ,
808 670 927 733 πῶς
960 670 1226 742 εἴληφας
1257 675 1368 727 Καὶ
1404 674 1651 747 ἔπεμψεν
1681 676 1779 730 αὺ-

192 764 281 817 τὸν
308 763 640 831 ἀπενεγκεῖν
664 761 817 823 αὐτὸ,
843 761 965 815 ὅθεν
990 761 1212 833 εἴληφεν
1236 763 1389 818 αὑτό.

260 861 352 923 ιγ’.
399 853 657 927 ’Δδελφὸς
699 851 951 924 ἠρώτησε
1000 854 1092 909 τὸν
1133 854 1366 927 γέροντα
1404 856 1578 925 λέγων
1604 875 1617 888 ·
1661 859 1778 911 Ἐν-

190 920 316 1015 soli)
352 961 445 1013 μοι
472 920 701 1011 ἐφθασχε,
725 920 824 996 *καὶ
855 920 970 997 ἐστι
995 920 1231 1016 πόλεμος
1266 947 1400 1001 ὅπου
1436 920 1585 1002 ἐστὶν
1613 952 1645 1020 ἡ
1691 953 1779 1004 ὲν·

190 1034 344 1105 τολή.
373 1033 527 1087 Θέλω
562 1029 656 1088 οὖν
708 1035 964 1089 ἀπελθεῖν
1012 1036 1080 1090 δι’
1112 1037 1282 1109 αὐτὴν
1307 1078 1322 1102 ,
1373 1039 1467 1092 καὶ
1506 1041 1779 1112 φοϐοῦμαι

190 1125 281 1179 τὸν
312 1126 573 1197 πόλεμον.
604 1126 717 1180 Καὶ
748 1126 896 1196 λέγει
917 1128 1066 1199 αὑτῷ
1095 1132 1124 1183 6
1165 1130 1345 1203 γέρων
1366 1148 1378 1160 ·
1410 1134 1473 1187 Ei
1507 1128 1574 1205 ἦν
1614 1133 1778 1202 Ἀγά-

191 1217 301 1270 θων
337 1216 453 1288 (23)
480 1257 495 1282 ,
548 1217 724 1271 ἐποίει
773 1217 872 1292 τὴν
915 1219 1133 1293 ἐντολὴν
1160 1262 1176 1288 ,
1219 1222 1316 1276 καὶ
1355 1222 1511 1279 ἐνίκα
1552 1224 1645 1280 τὸν
1677 1226 1779 1280 πό-

191 1308 380 1383 λεμον.

253 1403 341 1457 ιδ’.
386 1403 447 1457 ’0
478 1403 643 1467 αὐτὸς
679 1402 925 1472 ’Δγάθων
948 1442 964 1467 ,
994 1404 1272 1477 συνεδρίου
1320 1409 1616 1479 γενομένου
1647 1410 1779 1483 περὶ

192 1493 521 1565 πράγματός
566 1510 709 1558 τινος
767 1495 824 1547 έν
870 1495 1068 1566 Σκήτει
1095 1536 1110 1561 ,
1141 1498 1236 1551 καὶ
1279 1496 1538 1564 λαϐόντος
1584 1500 1777 1566 τύπον,

192 1582 422 1655 ὕστερον
458 1582 632 1638 ὲλθὼν
672 1581 828 1639 εἶπεν
869 1587 1084 1651 αὐτοῖς’
1126 1589 1201 1641 Οὐ
1235 1589 1418 1654 καλῶς
1460 1591 1778 1646 ὲτυπώσατε

199 1673 253 1729 εδ
291 1677 550 1747 πρᾶγμα.
584 1677 649 1730 οι
679 1677 737 1732 δὲ
769 1676 924 1733 εἷπον
958 1679 1094 1749 πρὸς
1130 1681 1329 1734 αὐτόν·
1381 1683 1454 1737 Σὺ
1482 1684 1569 1746 τίς
1614 1679 1667 1737 εἴ
1697 1686 1778 1739 ὅτι

191 1763 334 1828 δλως
350 1764 537 1828 λαλεῖς
559 1783 575 1832 ;
609 1765 669 1819 '0
689 1766 745 1819 δὲ
770 1762 946 1820 εἶπεν·
978 1768 1104 1831 Υἱὸς
1127 1768 1437 1842 ἀνθρώπου.
1466 1772 1779 1846 Γέγραπται

194 1853 334 1925 γάρ·
358 1855 433 1907 Ei
458 1853 697 1922 ἀληθῶς
720 1856 835 1924 ἄρα
859 1855 1257 1927 δικαιοσύνην
1266 1860 1527 1927 λαλεῖτε,
1543 1864 1781 1931 εὐθείας

194 1944 463 2013 κρίνατε,
478 1945 595 1999 υἱοὶ
626 1943 747 1999 τῶν
767 1945 1116 2015 ἀνθρώπων.

265 2123 351 2170 ιε’.
390 2117 620 2186 Ἔλεγον
669 2118 798 2189 περὶ
847 2117 941 2171 τοῦ
969 2118 1114 2174 esse
1149 2120 1457 2189 Ἀγάθωνος
1480 2161 1497 2187 ,
1541 2123 1625 2176 ὅτι
1651 2122 1778 2196 τρία

193 2207 289 2280 ἔτη
322 2207 601 2278 ἐποίησεν,
631 2208 770 2279 ἔχων
798 2208 945 2264 λίθον
970 2212 1050 2275 εἰς
1078 2211 1138 2265 τὸ
1164 2212 1339 2284 στόμα
1364 2213 1529 2267 αὐτοῦ
1547 2253 1562 2280 ,
1589 2213 1694 2278 ἕως
1717 2209 1779 2270 οὗ

195 2297 533 2371 κατώρθωσε
564 2299 626 2352 τὸ
662 2302 895 2372 σιωπᾷν.

287 2392 384 2458 ις’.
426 2393 653 2461 Ἔλεγον
711 2394 873 2448 πάλιν
937 2396 1067 2467 περὶ
1111 2396 1277 2451 αὐτοῦ
1331 2399 1426 2452 καὶ
1482 2398 1578 2453 τοῦ
1635 2399 1780 2455 ἀϐϐἄ

207 2485 433 2557 Ἀμοῦν,
459 2488 541 2541 ὅτι
564 2489 656 2542 ὅτε
685 2489 1025 2561 ἐπίπρασκον
1056 2489 1270 2555 σκεῦος,
1298 2488 1444 2556 ἅπαξ
1467 2491 1650 2561 ἔλεγον
1682 2492 1779 2564 τὴν

195 2579 362 2650 τιμὴν
388 2620 404 2644 ,
435 2580 530 2632 καὶ
557 2579 618 2632 τὸ
651 2578 928 2651 διδόμενον
955 2580 1137 2644 αὐτοῖς
1186 2580 1490 2651 ἐλάμϐανον
1534 2582 1780 2635 σιωπῶν-

196 2687 288 2734 τες
334 2669 475 2741 μετὰ
526 2670 885 2735 ἀναπαύσεως
911 2684 922 2696 ·
956 2671 1052 2725 καὶ
1095 2671 1256 2726 πάλιν
1300 2672 1387 2725 ὅτε
1430 2672 1620 2744 ἤθελον
1651 2674 1782 2742 ἀγο-

198 2764 361 2834 ράσαι
390 2761 447 2815 τι
479 2779 643 2825 ποτε,
685 2763 746 2816 τὸ
791 2763 1084 2833 λεγόμενον
1129 2765 1310 2830 αὐτοῖς
1343 2768 1606 2836 παρεῖχον
1643 2765 1781 2837 μετὰ

197 2854 413 2924 σιωπῆς
430 2895 446 2919 ,
472 2854 568 2907 κα)⁵
595 2853 900 2926 ἐλάμϐανον
925 2854 985 2907 τὸ
1007 2855 1221 2923 σκεῦος,
1252 2856 1478 2910 καθόλου
1513 2856 1588 2929 μὴ
1616 2856 1782 2927 φθεγ-

197 2948 443 3017 γόμενοι.

262 3042 351 3106 ιζ’.
389 3040 450 3094 '0
492 3039 656 3104 αὐτὸς
688 3040 859 3105 esse;
899 3041 1145 3112 Ἀγάθων
1184 3039 1335 3098 εἶπεν
1362 3083 1377 3110 ,
1408 3045 1490 3098 ὅτι
1512 3045 1782 3099 Οὐδέποτε

197 3131 377 3186 team
428 3132 651 3204 ἀγάπην
694 3133 806 3204 (24)
830 3151 844 3164 ο
901 3133 1042 3189 ἀλλὰ
1094 3135 1155 3189 τὸ
1212 3136 1395 3190 δοῦναι
1453 3136 1546 3191 καὶ
1595 3137 1783 3191 λαϐεῖν

197 3225 388 3294 ἀγάπη
419 3243 512 3296 μοι
543 3221 612 3298 ἦν
634 3242 650 3258 ·
691 3224 1041 3297 λογιζόμενος
1074 3228 1156 3282 ὅτι
1184 3229 1243 3282 τὸ
1293 3230 1481 3303 κέρδος
1507 3229 1601 3285 τοῦ
1631 3230 1784 3285 ἀδελ-

200 3316 304 3388 φοῦ
338 3334 464 3388 μου,
494 3317 657 3389 ἔργον
688 3319 1064 3394 καρποφορίας
1099 3320 1265 3373 ἐστίν.
1589 3318 1595 3322 ’

275 3416 367 3479 ιη’.
412 3409 471 3463 '0
507 3409 672 3472 αὐτὸς
717 3410 805 3463 ὅτε
843 3409 1038 3465 ἔϐλεπε
1082 3414 1346 3483 πρᾶγμα,
1385 3414 1478 3466 καὶ
1517 3413 1708 3485 ἢθελεν
1754 3415 1783 3468 6

198 3498 461 3569 λογισμὸς
494 3497 659 3551 αὐτοῦ
690 3501 901 3571 κρῖναι.
932 3499 1117 3569 ἔλεγεν
1146 3500 1325 3571 ἐαυτῷ
1345 3518 1359 3532 ο
1408 3502 1673 3570 Ἁγάθων,
1709 3503 1784 3574 μὴ

201 3593 437 3664 ποιήσῃς
464 3591 599 3645 αὐτὸ
629 3590 720 3644 σύ.
743 3593 851 3647 Καὶ
871 3586 1024 3657 οὗτος
1045 3593 1091 3625 ⁵³
1110 3594 1139 3646 6
1159 3593 1419 3665 λογισμὸς
1444 3595 1609 3648 αὐτοῦ
1647 3595 1785 3667 ἡσύ-

204 3683 392 3755 χαζεν.

278 3775 364 3829 ιθν.
411 3777 469 3830 '0
495 3776 658 3840 αὐτὸς
685 3770 867 3830 εἶπενο
915 3776 1040 3831 Ἐὰν
1080 3775 1298 3849 ὀργίλος
1339 3778 1530 3850 νεκρὸν
1575 3777 1784 3851 ἐγείρῃ,

204 3868 304 3922 οὐκ
327 3869 444 3923 ἐστι
463 3869 654 3933 δεκτὸς
685 3870 836 3943 παρὰ
862 3870 941 3940 τῷ
971 3870 1111 3941 Θεῷ.

272 3968 345 4015 κ’.
395 3962 562 4032 Ἔσχε
618 3962 750 4014 ποτὲ
799 3964 827 4015 6
877 3963 1048 4027 ἁϐϐἄς
1102 3961 1346 4031 Ἀγάθων
1395 3961 1486 4016 δύο
1537 3961 1789 4033 μαθητὰς

209 4053 631 4125 ἀναχωροῦντας
666 4054 788 4107 κατ’
824 4054 979 4112 ἰδίαν.
1026 4056 1115 4108 Ἐν
1149 4055 1247 4126 μιᾷ
1275 4049 1370 4121 οὖν
1394 4053 1502 4108 τῶν
1543 4054 1786 4125 ἡμερῶν,

208 4140 463 4214 ἠρώτησε
498 4141 586 4195 τὸν
607 4143 724 4195 ἕνα·
748 4142 871 4206 Πῶς
900 4142 1108 4212 διάγεις
1138 4144 1195 4196 ὲν
1223 4141 1301 4213 τῷ
1330 4142 1528 4213 κελλίῳ
1558 4160 1685 4208 σου;
1731 4143 1789 4196 Ὀ

208 4232 264 4286 δὲ
300 4233 405 4303 ἔφη
430 4248 447 4263 ⁸
476 4233 741 4302 Νηστεύω
770 4233 875 4296 ἕως
904 4233 1020 4303 ὀψὲ,
1055 4234 1150 4288 καὶ
1178 4234 1347 4288 ἐσθίω
1388 4234 1482 4288 δύο
1530 4233 1790 4305 «agape-

211 4339 317 4380 τια.
342 4325 511 4394 Λέγει
537 4323 688 4395 αὐτῷ
706 4342 719 4354 ·
750 4324 907 4395 Καλὴ
929 4325 1106 4380 δίαιτα
1125 4366 1140 4390 ,
1171 4328 1231 4380 οὐ
1267 4327 1406 4381 πάνυ
1452 4326 1650 4398 ἔχουσα
1696 4326 1790 4379 κό-

214 4432 333 4471 πον.
368 4416 532 4485 Λέγει
560 4418 656 4470 καὶ
700 4415 777 4487 τῷ
803 4416 949 4486 ἄλλῳ
971 4431 985 4445 ⁸
1017 4418 1090 4470 Σὺ
1124 4419 1277 4484 πῶς;
1321 4419 1379 4472 '0
1420 4418 1477 4470 δὲ
1503 4417 1606 4488 ἔφη
1629 4433 1643 4447 ·
1689 4416 1794 4469 Δύο

212 4505 306 4563 δῦο
324 4507 438 4580 (25)
467 4508 736 4580 νηστεύω,
763 4509 974 4563 καὶδύο
1002 4507 1318 4583 παξαμάτια
1347 4510 1530 4565 ἐσθίω.
1567 4511 1677 4567 Καὶ
1700 4510 1792 4564 λέ-

279 4664 328 4697 ⁸⁸
352 4664 442 4719 ΔΙ.
483 4664 676 4730 οὕτως.
753 4667 803 4699 ⁵⁸
841 4665 991 4722 Psal.
1029 4682 1162 4734 Lvu,
1186 4666 1250 4721 2.

1879 693 1989 747 quo
2023 677 2186 730 modo
2212 676 2454 745 cepisti?
2493 673 2746 745 Misitque
2773 688 2897 729 eum
2936 685 3212 746 reportare
3245 679 3448 734 nitrum

1878 781 1987 836 quo
2012 766 2130 821 loco
2150 773 2457 834 acceperat.

1950 859 2037 913 15.
2069 857 2181 927 (26)
2221 852 2415 911 Frater
2442 856 2518 910 ita
2549 863 2900 927 percontatus
2925 860 3010 909 est
3052 868 3266 910 senem:
3299 855 3453 913 Man-

1879 951 2064 1005 datum
2097 948 2307 1019 accepi,
2336 951 2430 1004 sed
2458 947 2758 1018 periculum
2790 945 3107 1002 tentationis
3132 948 3370 1001 occurrit
3397 947 3449 1001 in

1878 1042 1999 1097 loco
2025 1040 2289 1095 mandati.
2320 1037 2456 1095 Volo
2487 1039 2651 1110 igitur
2688 1053 2912 1108 pergere
2933 1075 2948 1102 ,
2979 1038 3049 1092 ob
3100 1045 3450 1108 praeceptum,

1879 1129 1976 1186 sed
2026 1129 2323 1200 periculum
2376 1129 2561 1184 timeo.
2608 1125 2746 1181 Dicit
2793 1128 2843 1181 ei
2891 1142 3097 1182 senex:
3150 1128 3207 1181 Si
3242 1127 3455 1196 Agatho

1878 1228 2063 1286 esset,
2093 1219 2415 1280 mandatum
2446 1218 2777 1291 peregisset,
2813 1233 2878 1273 ac
2928 1226 3243 1288 superasset
3276 1227 3455 1274 tenta-

1878 1314 2104 1370 tionem.

1954 1405 2040 1461 14.
2079 1404 2189 1477 (27)
2224 1403 2371 1459 Idem
2398 1403 2630 1475 Agatho,
2664 1417 2789 1459 cum
2825 1400 2970 1458 Sceti
3003 1402 3301 1459 haberetur
3321 1417 3457 1459 eon-

1880 1513 2069 1554 sessus
2094 1499 2165 1552 ob
2198 1497 2419 1567 aliquod
2450 1497 2728 1567 negotium
2753 1536 2769 1563 ,
2800 1495 3042 1565 illudque
3074 1494 3358 1549 sanctione
3387 1493 3457 1548 ii-

1878 1604 2003 1644 nem
2033 1588 2357 1659 accepisset,
2383 1595 2573 1658 postea
2596 1587 2820 1643 veniens
2841 1588 2979 1641 dixit
2996 1587 3279 1642 monachis
3299 1604 3313 1640 :
3333 1583 3454 1641 Non

1879 1689 2029 1737 recte
2057 1680 2126 1737 de
2157 1681 2377 1751 negotio
2403 1678 2686 1735 sanxistis.
2720 1677 2801 1733 illi
2836 1685 3016 1732 autem
3048 1679 3117 1731 ad
3151 1686 3308 1733 eum:
3346 1676 3453 1742 Tu,

1879 1772 2156 1843 inquiunt,
2181 1772 2435 1842 quisnam
2461 1785 2543 1836 es,
2577 1770 2670 1840 qui
2694 1770 2779 1824 vel
2803 1768 3088 1839 loqueris?
3113 1767 3455 1839 Respondit:

1882 1863 2014 1919 Sum
2066 1863 2207 1918 [ilius
2256 1861 2517 1917 hominis.
2553 1860 2828 1932 Scriptum
2881 1860 3025 1915 enim
3069 1866 3189 1915 est:
3232 1857 3297 1913 Si
3344 1874 3467 1913 vere

1808 1951 1850 2007 Β
1880 1956 2057 2026 utique
2074 1954 2347 2024 justitiam
2378 1953 2689 2022 loquimini,
2739 1960 2885 2007 recta
2908 1950 3148 2019 iudicate
3169 1990 3185 2017 ,
3228 1951 3331 2022 ﬁlii
3358 1951 3463 2006 Ito-

1879 2047 2080 2100 minum
2096 2046 2160 2100 “.

1950 2138 2039 2192 15.
2073 2137 2184 2209 (28)
2221 2135 2487 2192 Dicebant
2519 2135 2587 2193 de
2624 2135 2821 2192 abbate
2847 2134 3137 2206 Agathone
3164 2174 3180 2201 ,
3222 2146 3323 2206 per
3343 2144 3458 2193 tres

1880 2229 2032 2283 illum
2071 2242 2244 2283 annos
2278 2228 2513 2300 lapidem
2546 2242 2641 2284 ore
2678 2237 2943 2299 gestasse,
2983 2226 3157 2283 donec
3184 2227 3346 2283 silere
3371 2226 3458 2283 di-

1881 2319 2129 2376 dicisset.

1952 2410 2037 2466 16.
2080 2411 2310 2466 Aiebant
2344 2412 2540 2467 iterum
2585 2410 2654 2467 de
2698 2411 2794 2466 illo
2823 2417 2877 2466 et
2922 2409 2989 2467 de
3019 2409 3218 2466 abbate
3254 2409 3459 2476 Amun,

1880 2503 2028 2573 quod
2058 2504 2279 2573 quando
2324 2518 2416 2558 vas
2462 2502 2681 2573 aliquod
2716 2503 3062 2568 vendebant,
3122 2503 3292 2558 semel
3328 2518 3457 2574 pre-

1880 2596 2014 2649 tium
2050 2603 2352 2664 ponerent,
2381 2593 2675 2665 datamque
2704 2597 2993 2665 pecuniam
3033 2596 3345 2666 acciperent
3373 2605 3465 2651 ta-

1881 2687 1976 2741 citi
2014 2700 2139 2741 cum
2184 2688 2405 2756 quiete:
2447 2687 2668 2756 quando
2723 2692 2906 2741 autem
2954 2687 3236 2757 quidpiam
3275 2702 3473 2745 emere

1881 2778 2174 2842 volebant,
2208 2777 2353 2848 quod
2386 2778 2671 2848 petebatur
2718 2777 3020 2832 tribuerent
3059 2793 3183 2832 cum
3218 2777 3459 2843 silentia.

1882 2876 2276 2939 sumerentque
2304 2883 2422 2937 vas,
2452 2868 2588 2923 nihil
2622 2868 2849 2925 omnino
2887 2870 3187 2941 prolocuti.

1955 3048 2042 3104 17.
2088 3046 2230 3104 Idem
2263 3047 2475 3119 Agatho
2502 3047 2675 3103 dixit:
2731 3050 3023 3119 Nunquam
3073 3047 3193 3104 dedi
3228 3062 3459 3119 agapen,

1883 3141 1980 3197 sed
2009 3140 2140 3196 dare
2180 3149 2234 3196 et
2265 3141 2516 3212 accipere
2542 3180 2559 3206 ,
2592 3156 2761 3211 agape
2793 3140 2927 3195 mihi
2956 3149 3106 3208 erat;
3142 3140 3460 3210 reputabam

1883 3231 2029 3287 enim
2070 3230 2216 3301 quod
2260 3231 2475 3286 lucrum
2511 3229 2700 3286 fratris
2729 3231 2869 3297 mei,
2910 3244 3050 3301 opus
3079 3228 3152 3285 sit
3183 3228 3459 3284 fructuum

1882 3322 2192 3378 oblationis.
3203 3332 3211 3340 ‘

1953 3412 2038 3468 18.
2079 3413 2224 3469 Idem
2276 3428 2402 3469 cum
2433 3412 2638 3484 aliquid
2672 3412 2944 3478 vidisset,
2995 3410 3267 3482 velletque
3308 3422 3464 3465 mens

1880 3502 2003 3574 ejus
2034 3505 2102 3559 de
2130 3504 2478 3574 rejudicare,
2512 3504 2736 3561 sibimet
2773 3503 2990 3559 aiebat:
3023 3501 3260 3573 Agatho,
3297 3511 3355 3555 tu
3395 3516 3464 3557 ne

1885 3596 1940 3650 id
1967 3595 2182 3653 ieceris.
2212 3595 2410 3668 Sicque
2432 3597 2653 3669 quietus
2690 3596 2947 3652 manebat
2979 3595 3195 3651 animus
3226 3593 3369 3665 eius.

1954 3780 2040 3836 19.
2068 3779 2182 3853 (29)
2209 3780 2355 3848 Dixit
2377 3780 2556 3837 idem:
2581 3779 2888 3836 iracundus
2911 3778 3162 3850 quamvis
3186 3784 3467 3833 mortuum

1884 3872 2253 3937 suscitaverit.
2291 3873 2433 3943 apud
2467 3871 2637 3928 Deum
2660 3880 2879 3928 nonest
2913 3878 3192 3940 acceptus.

1953 3962 2045 4019 20.
2079 3962 2278 4019 Habuit
2303 3963 2597 4034 aliquando
2624 3963 2794 4018 abbas
2822 3962 3031 4033 Agatho
3055 3961 3196 4016 duos
3224 3958 3467 4028 discipu-

1885 4052 1969 4109 los
2006 4054 2099 4121 qui
2152 4069 2402 4110 seorsum
2449 4055 2617 4109 vitam
2674 4054 3112 4109 anachoreticam
3169 4051 3464 4106 ducebant.

1886 4144 2131 4211 Quadam
2166 4161 2295 4215 ergo
2327 4145 2416 4201 die
2451 4145 2608 4216 petiit
2645 4147 2714 4201 ab
2755 4160 2893 4208 uno,
2928 4158 3166 4213 quonam
3220 4149 3381 4214 pacto
3411 4143 3465 4198 in

1885 4237 2023 4289 cella
2052 4250 2151 4289 sua
2174 4244 2379 4306 ageret.
2408 4235 2710 4305 Respondit
2734 4236 2855 4291 ille:
2882 4233 3069 4306 Usque
3092 4235 3161 4289 ad
3182 4249 3464 4305 vesperam

1881 4326 2071 4396 jejuno
2097 4365 2113 4391 ,
2164 4334 2218 4382 et
2262 4326 2489 4383 comedo
2536 4326 2647 4382 duo
2678 4328 3007 4398 paxamatia.
3045 4326 3184 4382 Tum
3223 4326 3471 4397 Agatho:

1888 4418 2158 4473 Praeclara
2189 4418 2406 4475 vivendi
2434 4420 2598 4482 ratio.
2623 4435 2723 4476 nec
2752 4419 2924 4475 labori
2952 4418 3184 4474 multum
3207 4418 3466 4473 obnoxia.

1888 4511 1969 4566 Ad
1997 4511 2226 4568 alterum
2263 4527 2395 4569 vero
2431 4512 2571 4569 dixit
2606 4530 2622 4568 :
2656 4510 2739 4568 Tu
2770 4519 2952 4569 autem
2974 4550 2989 4578 ,
3021 4508 3334 4582 quomodo?
3365 4507 3472 4565 Be-

283 4822 491 4895 (εξμξι
515 4818 596 4893 ἦν
639 4820 913 4895 Ἁγάθων.
956 4821 1179 4895 Patrum
1220 4821 1386 4882 Vitta:
1411 4823 1501 4881 Sic
1523 4822 1786 4893 eratAga-

1897 4821 2103 4895 γᾲρτις
2138 4818 2477 4895 νη-στεύῃ-ἒμξι
2512 4816 2592 4895 ἐξ,
2620 4815 2713 4895 διαὶ
2732 4813 3081 4895 ὲηκδῷλὲαυτρν
3102 4814 3187 4895 εἰς
3206 4815 3473 4895 μεγάλους

219 4891 321 4947 um.
348 4891 663 4962 Legendum
702 4891 921 4946 videtur
951 4892 1032 4947 Si.

282 4962 395 5034 (2t)
415 4961 719 5034 Οὐδέποτε
736 4962 947 5034 (ἔδωκα
963 4961 1224 5033 ἀγάπην.
1251 4963 1474 5034 Agapen
1508 4962 1791 5031 intelligo:

215 5033 460 5104 solemne
530 5033 865 5104 convivium.
918 5033 1093 5099 Quam
1174 5033 1796 5104 usurpationenrnemo

215 5102 452 5172 ignorat.
491 5104 732 5158 Historia
774 5102 1123 5166 Trevireusis,
1161 5102 1325 5158 tomo‘
1361 5103 1456 5158 Xll
1513 5103 1798 5158 utilissimi

216 5173 429 5243 operis,
464 5172 742 5243 Spicilegii
786 5173 1081 5228 Acheriani
1129 5189 1183 5243 p.
1230 5173 1337 5229 219
1372 5175 1441 5229 de
1477 5173 1795 5243 Eketberto,

217 5240 448 5312 Cumque
471 5240 589 5311 post
619 5240 828 5312 expleta
856 5240 1146 5298 Missurum
1176 5245 1451 5309 solemnia,
1472 5261 1505 5298 a
1537 5242 1797 5312 [ratribus

215 5312 407 5366 obnixe
426 5322 694 5382 peteretur
724 5313 827 5366 cibi
856 5325 1113 5383 potusque
1138 5314 1451 5369 charitatem
1473 5328 1700 5378 sumere,
1736 5327 1798 5367 ne

216 5383 288 5436 eis
309 5399 586 5438 onerosum
619 5383 850 5449 fortasse
901 5388 1196 5447 exsisteret,
1236 5386 1283 5438 si
1319 5393 1471 5438 tanta
1514 5384 1797 5437 comitatus

218 5452 504 5524 ambitione
519 5453 711 5508 ibidem
731 5454 1052 5521 reﬁceretur.
1074 5456 1224 5523 erepit
1245 5470 1278 5507 a
1304 5454 1564 5524 fratribus
1583 5452 1800 5508 omnino

216 5522 532 5577 alacritatem
562 5525 821 5594 refutare,
846 5532 896 5578 et
931 5522 1158 5579 reditum
1188 5522 1345 5579 suum
1376 5527 1433 5579 in
1470 5525 1650 5580 urbem
1685 5539 1804 5577 ma-

220 5601 416 5647 iurare.

289 5662 404 5732 (25)
433 5664 776 5731 Νηστεύειν
817 5663 927 5719 δύο
982 5664 1114 5719 δύο.
1174 5663 1253 5719 Ex
1309 5664 1616 5721 innumeris
1663 5662 1802 5717 locis

217 5748 390 5806 unum
426 5735 603 5806 selegi
638 5733 882 5790 nondum
927 5734 1116 5806 Grecae
1163 5734 1368 5806 editum
1390 5779 1403 5799 ,
1439 5735 1631 5806 Latine
1668 5748 1800 5788 vero

219 5803 375 5875 valde
406 5803 789 5875 depravatum,
819 5820 978 5874 quem
1000 5804 1090 5860 hic
1119 5805 1451 5861 adteserem.
1485 5804 1581 5860 Est
1612 5811 1792 5875 autem

217 5870 373 5930 bats
395 5870 613 5930 abbatis
647 5870 899 5931 oratione
921 5875 978 5943 8,
1033 5875 1087 5931 in
1130 5891 1233 5932 ms.
1270 5875 1621 5933 Colbertino:
1666 5872 1799 5927 Ἐὰν

1891 4882 2096 4954 ἇιόᾶτους
2132 4882 2226 4944 καὶ
2263 4882 2503 4952 ἐντολὰς,
2536 4886 2691 4948 ὲκτὸς
2714 4885 2815 4954 τῆς
2839 4882 2959 4939 ὀδοῦ
2974 4882 3161 4954 at’gjcoii'
3194 4882 3395 4951 πάντες
3422 4887 3472 4939 οι

1893 4962 2052 5015 κόποι
2074 4951 2237 5013 αὑτοῦ
2267 4951 2663 5030 μάταιοιεισιν.
2693 4951 2809 5009 Ηοό
2846 4965 2931 5010 est
2962 4970 2975 5005 :
3011 4951 3156 5030 am
3179 4956 3366 5030 siquis
3388 4957 3473 5026 jev

1885 5030 2039 5099 junet
2067 5046 2159 5100 per
2186 5023 2279 5100 sea?
2301 5038 2352 5100 et
2385 5041 2478 5081 sea:
2510 5027 2643 5091 dies,
2683 5038 2737 5100 et
2779 5040 2834 5079 se
2865 5027 3071 5093 magnis
3113 5023 3472 5100 laboribus'ac

1894 5095 2172 5171 prwceptis
2208 5097 2784 5171 dedat,_e_:rtra_viam
2835 5110 3019 5171 suam“;
3048 5110 3224 5171 omnes
3266 5095 3474 5171 labores

1895 5162 2012 5239 ejus
2034 5162 2212 5224 inanes
2242 5179 2385 5224 sunt.
2419 5167 2605 5239 Zinusr
2625 5166 2929 5239 interpres:
2966 5162 3120 5239 Quod
3150 5165 3332 5239 siquis
3360 5168 3475 5221 sine

1882 5235 2201 5294 -Iiumititate
2231 5240 2307 5294 vel
2343 5238 2557 5307 iejuniis
2590 5237 2878 5307 incumbat,
2915 5237 2990 5288 vel
3021 5250 3132 5288 sese
3153 5235 3475 5307 uehementer

1899 5312 2118 5381 afﬂigat,
2153 5309 2231 5364 uel
2264 5304 2519 5381 mandata
2570 5316 2790 5381 conetur
2814 5305 3111 5381 observare,
3143 5304 3258 5375 ejus
3290 5307 3473 5361 inanes

1896 5376 2026 5435 esse
2040 5381 2269 5437 labores.
2292 5380 2457 5435 Vtiles
2486 5388 2748 5447 quantum
2778 5376 3016 5447 intersit,
3036 5376 3254 5447 Graecos
3285 5384 3473 5432 aucto.

1899 5465 1990 5505 res
2014 5466 2109 5507 sua
2134 5451 2320 5521 lingua
2344 5445 2522 5504 editos
2544 5450 2760 5504 habere.
2785 5445 2894 5521 Sed
2915 5461 3015 5521 nec
3047 5446 3281 5521 feliciter
3297 5456 3477 5521 trans—

1899 5520 2024 5575 tulit
2069 5515 2337 5592 Evagi-ins
2366 5521 2744 5574 Antiochenus
2783 5517 2889 5572 ista
2924 5515 3211 5571 Athanasii
3255 5517 3312 5592 in
3350 5515 3474 5592 Vita

3257 5588 3475 5642 Antonii

1971 5659 2080 5731 (26)
2124 5659 2228 5731 Vit.
2258 5660 2415 5715 Patr.
2450 5674 2553 5731 vlt,
2575 5658 2629 5713 2.

1973 5730 2085 5798 (27⁷)
2120 5730 2228 5785 Vit.
2263 5731 2418 5785 Patr.
2450 5746 2506 5794 ι,
2538 5730 2623 5783 12.

1971 5802 2083 5872 (28)
2123 5799 2229 5872 Υἱι.
2266 5801 2418 5872 Patr.
2446 5814 2524 5864 ιν,
2548 5798 2613 5872 Α’ζ.

1971 5864 2229 5944 (21))ργίι,
2274 5869 2420 5925 Patr.
2456 5885 2512 5938 ι,
2540 5869 2641 5937 i3;
2673 5867 2829 5925 Joan.
2859 5869 3047 5927 Ceam.
3093 5864 3293 5921 Parad.
3317 5865 3441 5922 ω..
