3974 6332
428 442 527 499 Hii

1591 443 1935 499 APPENDIX
1976 446 2064 499 AD
2104 447 2525 507 PALLADIUM.

3564 456 3667 515 fit}

424 552 676 624 Spondit:
708 552 839 609 Post
877 553 1101 609 biduum
1142 554 1339 625 jejunii
1364 599 1377 621 ,
1414 556 1553 613 duos
1598 560 1995 616 subciuericios

2122 582 2184 618 ἐι
2215 567 2363 637 αὐτῷ
2407 571 2435 621 6
2465 568 2642 638 γέρων
2663 584 2674 596 ·
2711 568 2919 637 Romi;
2964 568 3121 637 τόνῳ,
3160 567 3252 619 δύο
3280 568 3547 638 πολέμους
3576 570 3673 640 βα-

422 659 591 715 panes
622 644 912 699 manduco.
954 644 1019 697 Et
1065 644 1139 697 ait
1188 645 1263 699 illi
1305 661 1505 701 senex:
1541 646 1711 703 Valde
1759 650 1996 713 laboras,

423 737 530 790 duo
559 735 696 791 bella
736 751 949 807 gerens.
987 734 1125 802 Quia
1161 737 1207 791 si
1241 737 1364 807 quis
1398 738 1628 809 singulis
1668 740 1861 796 diebus
1905 758 2000 797 co-

425 826 653 881 mederit
674 868 688 893 ,
722 842 823 882 nec
870 827 1034 881 fuerit
1062 828 1329 893 satiatus,
1363 829 1714 900 defatigatur.
1748 831 1845 887 Est
1872 848 1998 888 vero

427 918 587 981 alius,
623 919 717 988 qui
750 919 898 988 cupit
926 934 1021 988 per
1047 919 1209 975 bidua
1240 920 1510 990 jejunare,
1542 931 1704 993 atque
1736 924 1996 979 saturari.

425 1012 493 1065 At
523 1018 578 1064 tu
607 1011 882 1081 duplicato
915 1027 1011 1067 seu
1048 1011 1310 1068 biduatim
1336 1012 1616 1084 jejuuans,
1649 1030 1996 1086 nequaquam

426 1102 666 1157 satiaris.

494 1191 581 1245 21.
613 1190 803 1247 Frater
820 1191 1138 1248 sciscitatus
1168 1201 1251 1250 est
1276 1180 1529 1252 abbatem
1563 1196 1901 1268 Agathonem
1931 1196 1998 1251 de

426 1280 815 1350 fornicatione;
873 1285 965 1353 qui
1023 1297 1342 1353 responsum
1407 1289 1593 1344 dedit:
1635 1287 1822 1355 Vade,
1873 1295 1999 1343 ante

425 1374 594 1429 Deum
625 1375 828 1445 projice
881 1376 1251 1432 infirmitatem
1300 1386 1449 1433 tuam
1478 1420 1492 1445 ,
1529 1387 1582 1435 et
1636 1380 1863 1435 habebis
1914 1396 1999 1435 re-

426 1482 629 1535 qurem.

497 1576 1043 1648 22.1Egrotaverunt
1096 1580 1392 1649 aliquando
1426 1581 1595 1637 abbas
1644 1582 1896 1653 Agatho,
1944 1594 1998 1639 et

427 1668 567 1725 alius
624 1684 809 1724 senex.
865 1669 1330 1727 Recumbentibus
1360 1683 1539 1729 autem
1598 1674 1706 1730 illis
1742 1677 1796 1729 in
1836 1674 1993 1737 cella,

425 1758 594 1813 frater
640 1760 860 1829 quidam
912 1764 1095 1831 legens
1151 1765 1415 1818 recitabat
1452 1780 1482 1820 e
1522 1766 1657 1819 libro
1688 1766 1992 1833 Gencseos,

423 1850 678 1919 venitque
717 1849 785 1903 ad
821 1851 1118 1921 capitulum
1155 1855 1243 1910 ubi
1273 1855 1405 1907 dicit
1436 1852 1637 1908 Jacob:
1668 1853 1863 1922 Josepli
1894 1874 1999 1910 non

424 1949 522 2004 est,
548 1938 771 2009 Symeon
798 1958 901 1995 non
930 1952 1027 2006 est,
1058 1954 1107 1998 et
1130 1943 1410 2012 Benjamin
1436 1944 1725 2012 auferetis;
1753 1954 1801 1998 et
1832 1944 1997 1999 dedu-
2030 1938 2054 1976 ³⁵

424 2031 551 2085 ceti:
601 2040 856 2084 senectam
892 2048 1058 2085 meam
1102 2049 1217 2086 cum
1269 2036 1487 2088 tristitia
1520 2033 1589 2086 ad
1629 2035 1889 2101 infernum
1920 2036 1991 2089 ⁸⁵.

427 2121 494 2176 Et
516 2136 681 2177 senex
711 2122 874 2191 erepit
910 2122 1131 2179 dicere:
1160 2124 1278 2179 Non
1312 2126 1411 2181 tibi
1444 2125 1720 2181 sufﬁciunt
1762 2127 1850 2181 alii
1900 2128 1997 2183 de-

430 2226 544 2266 cem
569 2250 584 2275 ,
618 2209 779 2266 Pater
815 2211 1017 2267 Iacob?
1052 2215 1133 2269 Ad
1169 2231 1327 2285 quem
1362 2216 1605 2287 Agatho:
1648 2215 1845 2272 Desine
1870 2259 1882 2281 ,
1915 2218 1997 2274 in-

429 2307 566 2373 quit,
591 2318 625 2358 ο
652 2320 837 2360 senex.
864 2303 920 2360 Si
944 2304 1085 2362 Deus
1111 2309 1449 2376 comprobat,
1479 2310 1603 2378 quis
1640 2308 1837 2363 audeat
1859 2326 1995 2365 con-

429 2394 690 2449 demnare
720 2395 809 2450 5'?

498 2504 590 2560 25.
622 2504 767 2561 Dixit
786 2507 956 2564 abbas
984 2509 1196 2580 Agatho
1223 2528 1235 2563 :
1270 2509 1326 2564 Si
1353 2512 1479 2581 quis
1511 2515 1638 2569 mihi
1671 2532 1840 2588 supra
1877 2536 1994 2576 mo—

432 2596 561 2652 dum
607 2598 807 2654 charns
839 2611 1004 2665 esset,
1043 2609 1097 2656 et
1133 2617 1517 2672 cognoscerem
1575 2610 1718 2675 quod
1781 2627 1867 2665 me
1923 2613 1992 2666 ad

429 2696 715 2758 peccatum
750 2689 1064 2754 deduceret,
1095 2692 1468 2749 abscinderem
1500 2696 1652 2751 illum
1683 2714 1713 2752 a
1744 2715 1850 2755 me.

499 2798 591 2853 24.
616 2800 789 2855 Etiam
814 2800 986 2856 dixit:
1021 2801 1245 2873 Oportet
1271 2811 1327 2858 ut
1366 2805 1530 2862 homo
1579 2810 1823 2879 qualibet
1864 2811 1996 2868 hora

433 2892 674 2947 attendat
705 2893 1057 2961 adjudicium
1092 2894 1207 2949 Dei.

499 3003 591 3060 25.
619 3002 753 3058 Cum
790 3002 985 3059 fratres
1016 3004 1083 3058 de
1109 3004 1377 3061 charitate
1429 3008 1820 3079 loquerentur,
1866 3014 2001 3068 dixit

433 3094 600 3148 abbas
632 3092 872 3163 Joseph:
909 3093 1128 3149 Scimus
1171 3111 1271 3150 nos
1305 3098 1435 3165 quid
1494 3100 1566 3154 sit
1618 3103 1896 3160 Charitas?
1932 3106 1999 3161 Et

433 3184 617 3239 retulit
652 3183 718 3239 de
740 3184 936 3239 abbate
961 3185 1261 3255 Agathone,
1302 3188 1448 3257 quod
1477 3190 1729 3248 habuerit
1757 3197 1997 3267 scalpel-

434 3276 569 3342 lum,
601 3289 831 3345 cumque
865 3253 1174 3331 advenisset
1209 3253 1398 3343 frater,
1434 3296 1497 3336 ac
1536 3283 1669 3339 illud
1702 3253 2002 3354 praedicas-
2028 3253 2070 3311 Ο

436 3375 539 3433 set,
568 3382 680 3421 non
712 3367 1017 3437 permiserit
1048 3383 1172 3423 cum
1201 3370 1370 3436 abire,
1405 3373 1507 3429 nisi
1532 3386 1822 3448 postquam
1854 3376 2000 3436 Scal—

435 3460 636 3529 pcllum
662 3460 889 3529 accepit.

504 3550 595 3605 26.
624 3550 737 3623 (50)
762 3551 903 3606 Dixit
921 3553 1089 3611 abbas
1111 3558 1321 3627 Agatho
1356 3574 1367 3609 :
1408 3556 1464 3612 Si
1496 3557 1606 3614 fieri
1630 3570 1814 3632 posset
1847 3564 2006 3618 utin-

437 3649 600 3696 vento
634 3641 872 3711 lcproso,
906 3642 1092 3701 darem
1128 3647 1204 3702 illi
1239 3663 1440 3718 corpus
1471 3664 1650 3705 meum
1671 3691 1685 3715 ,
1720 3653 2005 3724 ipsiusque

441 3731 766 3800 acciperem,
795 3732 1027 3790 facerem
1061 3737 1311 3795 libenter.
1348 3738 1425 3794 Ea
1448 3740 1593 3794 enim
1638 3750 1723 3798 cst
1757 3743 2002 3813 perfecta

440 3825 698 3880 charitas.

510 3915 601 3972 27.
626 3916 737 3989 (51)
767 3916 958 3973 Adhuc
982 3920 1047 3976 de
1069 3920 1161 3976 illo
1191 3922 1426 3990 aiebant,
1466 3926 1611 3996 quod
1635 3926 1861 3983 veniens
1910 3928 2007 3982 ali-

443 4006 662 4074 quando
681 4008 748 4062 ad
778 4008 1051 4066 civitatem
1080 4019 1137 4067 ut
1166 4014 1424 4069 venderet
1443 4031 1571 4071 vasa
1591 4030 1711 4080 sua,
1738 4017 2007 4072 invenerit

450 4098 714 4155 hominem
736 4102 1081 4171 peregrinum
1099 4102 1366 4173 jacentem
1384 4106 1437 4159 in
1462 4106 1638 4176 platea
1656 4121 1881 4177 aegrum,
1905 4121 2006 4162 nec

446 4184 731 4242 habentem
761 4189 854 4256 qui
881 4189 999 4258 ejus
1028 4177 1215 4245 curam
1249 4200 1500 4262 gereret;
1536 4193 2009 4264 permanseritque

446 4292 569 4330 cum
596 4292 661 4332 eo
682 4292 867 4342 senex,
894 4281 1161 4335 conducta
1186 4284 1343 4349 cella,
1379 4299 1443 4338 ac
1469 4300 1536 4338 ex
1564 4285 1746 4356 operis
1765 4285 1848 4340 sui
1876 4300 2014 4341 mer-

447 4369 579 4422 cede
608 4367 840 4437 pretium
869 4368 1017 4423 cellae
1051 4370 1296 4434 solverit,
1334 4354 1911 4445 reliquam—pecuniam
1942 4354 2025 4430 ad.

449 4458 649 4514 inllrmi
700 4457 1080 4512 necessitatem
1122 4459 1426 4524 insumens,
1489 4468 1543 4514 et
1589 4464 1857 4517 manserit
1899 4471 2010 4519 tres

2103 655 2332 720 στάζων·
2360 659 2441 710 ὅτι
2475 658 2567 711 ἐάν
2586 675 2669 720 τις
2696 656 2847 727 ἐσθίῃ
2875 658 2993 711 καθ’
3027 658 3241 729 ἡμέραν
3271 660 3362 711 καὶ
3384 660 3445 712 οὐ
3472 663 3673 732 χορτά-

2102 746 2291 817 ζηται,
2328 750 2511 819 κοπιᾷ.
2545 749 2701 802 Ἐστι
2746 750 2802 802 δὲ
2840 749 3029 815 ἄλλος,
3060 750 3338 819 νηστεύειν
3373 750 3542 805 θέλων
3579 752 3675 808 δύο

2098 837 2191 890 δύο
2220 840 2314 891 καὶ
2346 840 2703 911 χορτάζεσθαι
2726 858 2738 870 ·
2765 843 2829 896 σὺ
2858 841 2916 896 δὲ
2941 840 3133 904 διπλᾶς
3158 840 3432 911 νηστεύων
3460 842 3522 896 οὐ
3546 860 3675 917 χορ-

2100 927 2259 999 τάξῃ.

2172 1197 2276 1244 κα’.
2312 1191 2562 1260 Ἀδελφὺς
2594 1191 2847 1263 ἠρώτησε
2873 1193 2962 1245 τὸν
3010 1193 3183 1247 ἀῢϐἄν
3228 1194 3509 1263 Ἀγάθωνα
3547 1200 3677 1268 περὶ

2098 1281 2196 1352 τῆς
2236 1282 2508 1369 πορνείας.
2543 1283 2654 1334 Καὶ
2698 1282 2844 1350 λέγει
2885 1282 3053 1352 αὐτῷ’
3100 1284 3351 1352 ’Ύπαγε,
3389 1285 3544 1355 ῥῖψον
3592 1288 3681 1339 ὲνο

2098 1372 2268 1426 ὠπιον
2294 1372 2386 1426 τοῦ
2408 1372 2543 1426 Θεοῦ
2571 1374 2668 1444 τὴν
2697 1374 2994 1445 ἀδυναμίαν
3015 1373 3060 1405 ⁸⁷
3092 1390 3204 1441 σου,
3241 1376 3337 1428 καὶ
3372 1376 3514 1442 ἔξεις
3545 1377 3680 1432 ἀνά-

2103 1480 2323 1518 παυσιν.

2171 1577 2278 1647 κβκ
2310 1576 2604 1647 Ἠσθένησέ
2630 1594 2753 1631 ποτε
2777 1579 2806 1631 6
2828 1576 3001 1642 ἀϐϐἆς
3030 1578 3272 1646 Ἀγάθων
3299 1579 3393 1632 καὶ
3414 1579 3573 1644 ἄλλος
3591 1598 3682 1645 τις

2097 1669 2206 1722 τῶν
2232 1686 2293 1738 γε
2303 1668 2939 1740 ρόντωνοἊνακειμένων
2966 1669 3024 1723 δὲ
3062 1670 3241 1723 αὐτῶν
3272 1672 3328 1725 ὲν
3352 1670 3430 1743 τῷ
3457 1671 3677 1744 κελλιῳ,

2099 1761 2456 1829 ἀνεγίνωσκεν
2484 1761 2512 1811 6
2540 1758 2855 1827 ἀδελφὸςείς
2877 1761 2974 1831 τὴν
3000 1760 3237 1827 Γένεσιν,
3257 1762 3349 1816 καὶ
3365 1741 3581 1835 ἔρχεται
3598 1741 3681 1827 είς

2100 1853 2161 1906 τὸ
2193 1852 2482 1921 κεφάλαιον
2532 1853 2665 1906 ὅπου
2702 1852 2848 1921 λέγει
2904 1855 2934 1906 6
2994 1853 3224 1907 Ἰακώϐ·
3284 1855 3508 1924 Ἰωσὴφ
3566 1859 3681 1912 οὐκ

2101 1945 2231 1999 ἐστι
2257 1984 2271 2008 ,
2305 1944 2547 2013 Συμεὼν
2578 1946 2689 1997 οὐκ
2716 1946 2848 1998 ἐστι
2867 1984 2882 2008 ,
2917 1944 3147 2000 καὶτὸν
3175 1946 3457 2017 Βενιαμὶν
3482 1949 3684 2016 λήψε-

2102 2041 2212 2092 σθε
2236 2052 2248 2064 ·
2284 2036 2382 2090 καὶ
2421 2035 2698 2100 καθέξετέ
2739 2035 2787 2068 ⁸⁸
2812 2054 2931 2106 μου
2974 2037 3038 2090 τὸ
3088 2034 3273 2106 γῆρας
3296 2037 3449 2106 μετὰ
3475 2040 3682 2107 λύπης

2101 2132 2189 2194 εις
2215 2128 2364 2196 ᾅδου
2400 2128 2535 2199 (52).
2571 2127 2682 2180 Καὶ
2711 2127 3029 2199 ἀποκριθεὶς
3060 2129 3088 2181 6
3129 2128 3306 2199 γέρων
3342 2124 3496 2182 εἶπεν
3517 2147 3532 2163 ·
3564 2130 3681 2183 Οὐκ

2103 2219 2331 2290 ἀρκοῦσι
2365 2236 2446 2272 σοι
2494 2220 2544 2271 oi
2584 2218 2732 2273 ἄλλοι
2763 2218 2895 2272 δέκα
2919 2259 2932 2282 ,
2966 2216 3113 2272 ἀϐϐᾶ
3157 2216 3389 2283 Ἰακώϐς
3437 2217 3601 2288 Λέγει
3650 2219 3681 2272 6

2103 2310 2275 2375 ἀϐϐἄς
2304 2310 2544 2379 Ἀγάθων
2564 2328 2576 2340 ·
2598 2311 2832 2378 Παῦσαι,
2858 2311 3054 2382 γέρων.
3086 2310 3151 2362 Ei
3179 2312 3206 2363 6
3231 2310 3362 2374 Θεὸς
3384 2312 3412 2363 6
3430 2309 3676 2376 δικαιῶν,

2102 2404 2187 2466 τίς
2217 2404 2246 2454 6
2277 2403 2620 2475 κατακρίνων
2641 2421 2657 2470 ;

2174 2523 2280 2585 κγ’.
2310 2512 2479 2571 Εἶπεν
2509 2520 2538 2570 6
2571 2516 2745 2580 ἀϐϐᾶς
2778 2513 3023 2584 Ἀγάθων
3043 2532 3056 2543 ”
3111 2502 3441 2586 Ἀγαπητός
3463 2514 3562 2584 μού
3594 2530 3682 2577 τις

2104 2604 2256 2680 ἐὰνῇ
2288 2608 2409 2662 καθ’
2439 2607 2764 2679 ὑπερϐολὴν,
2810 2607 2906 2661 καὶ
2951 2605 3067 2675 γνῶ
3091 2600 3172 2659 ὃτι
3206 2605 3435 2674 κατάγει
3482 2620 3548 2675 με
3598 2604 3682 2667 είς

2106 2698 2408 2769 ἐλάττωμα,
2436 2699 2730 2752 ἀποκόπτω
2761 2698 2923 2752 αὑτὸν
2953 2697 3046 2750 ἀπ’
3075 2694 3233 2765 ἐμοῦ.

2176 2812 2273 2866 κδ’.
2308 2808 2443 2865 Εἶπε
2487 2812 2675 2867 πάλιν·
2711 2813 2830 2885 Χρὴ
2861 2813 2953 2867 τὸν
2995 2812 3281 2883 ἄνθρωπον
3325 2803 3463 2863 εἶναι
3499 2807 3685 2860 πᾶσαν

2106 2902 2256 2973 ὥραν
2286 2903 2621 2974 προσέχοντα
2650 2903 2727 2974 τῷ
2754 2903 3023 2974 κριτηρίῳ
3051 2902 3146 2956 τοῦ
3168 2899 3326 2954 Θεοῦ.

2176 3021 2275 3069 κε’.
2306 3015 2532 3083 Ἔλεγεν
2562 3017 2590 3067 6
2623 3014 2798 3078 ἁϐϐᾶς
2843 3013 3058 3084 Ἰωσὴφ,
3093 3012 3339 3083 ἀδελφῶν
3377 3007 3683 3064 λαλούντων

2109 3108 2234 3178 περὶ
2273 3107 2513 3178 ἀγάπης,
2560 3106 2641 3158 ὅτι
2675 3106 2863 3175 Ἡμεῖς
2912 3104 3134 3174 οἴδαμεν
3166 3105 3219 3157 τί
3251 3106 3400 3157 ἐστιν
3451 3103 3683 3173 ἀγάπη;

2109 3199 2220 3252 Καὶ
2249 3194 2368 3251 εἷπε
2401 3198 2528 3266 περὶ
2555 3197 2649 3250 τοῦ
2680 3196 2825 3250 ἀϐϐἄ
2875 3194 3181 3264 ’Δγάθωνος
3203 3234 3219 3260 ,
3267 3195 3349 3248 ὅτι
3385 3194 3609 3264 σμιλίον,
3631 3194 3685 3226 ⁸³

2104 3280 2239 3355 εἶχε,
2271 3284 2363 3336 καὶ
2388 3279 2518 3354 ἦλθε
2542 3284 2678 3355 πρὸς
2709 3283 2868 3338 αὑτὸν
2898 3282 3142 3352 ἁδελφὸς,
3168 3283 3262 3337 καὶ
3291 3282 3554 3354 ἐπῄνεσεν
3586 3282 3686 3336 αὐ-

2101 3376 2184 3439 τὸ,
2217 3376 2310 3429 καὶ
2339 3376 2439 3428 οὐκ
2472 3376 2683 3446 ἀφῆκεν
2711 3376 2875 3430 αὐτὸν
2918 3373 3186 3441 ἐξελθεῖν,
3231 3375 3281 3428 εἰ
3317 3372 3393 3445 μὴ
3432 3372 3590 3426 ἔλαϐε
3622 3372 3686 3426 τὸ

2106 3467 2338 3538 σμιλίον.

2175 3563 2286 3621 κς’.
2324 3557 2551 3627 Ἔλεγεν
2578 3558 2607 3610 6
2639 3557 2811 3619 ἀϐϐἄς
2843 3555 3107 3626 Ἀγάθων,
3138 3557 3219 3609 ὅτι
3257 3555 3322 3608 Εἰ
3369 3548 3681 3624 δυνατὸνιῆν

2110 3661 2198 3715 μοι
2231 3645 2407 3716 εὑρεῖν
2451 3646 2676 3715 κελεςρὸν
2719 3645 2854 3717 (55),
2899 3647 2993 3700 καὶ
3043 3645 3226 3700 δοῦναι
3256 3643 3403 3715 αὑτῷ
3439 3644 3501 3696 τὸ
3547 3643 3679 3714 ἐμὸν

2108 3734 2289 3807 σῶμα,
2322 3738 2413 3790 καὶ
2434 3737 2618 3792 λαϐεῖν
2641 3738 2701 3790 τὸ
2739 3736 2928 3805 αὑτοῦ,
2955 3737 3124 3807 ἡδέως
3171 3732 3337 3808 εἶχον.
3374 3733 3522 3805 Αὕτη
3568 3733 3681 3806 γάρ

2108 3826 2258 3878 ἐστιν
2290 3828 2323 3897 ἡ
2352 3826 2529 3880 τελεία
2557 3826 2766 3897 ἀγάπη.
3577 3837 3581 3841 ”

2178 3920 2283 3985 κζ’.
2315 3920 2535 3987 Ἔλεγον
2564 3918 2722 3971 πάλιν
2753 3918 2880 3989 περὶ
2904 3915 3090 3979 αὑτοῦ,
3121 3916 3199 3970 ὅτι
3224 3913 3392 3967 ἐλθών
3412 3928 3541 3966 ποτε
3568 3928 3684 3964 πω-

2108 4014 2270 4085 λῆσαι
2296 4013 2461 4082 σκεύη
2491 4013 2546 4064 ὲν
2574 4012 2638 4081 τῇ
2658 4009 2829 4073 πόλει,
2854 4003 3011 4081 εὗρεν
3039 4006 3321 4077 ἄνθρωπον
3353 4002 3498 4069 ξένον
3528 4003 3586 4055 ὲν
3611 4002 3681 4074 τῇ

2111 4105 2341 4177 πλατείᾳ
2369 4103 2697 4176 ἐρριμμένον
2718 4101 3020 4176 ἄρρωστον,
3047 4098 3121 4170 μὴ
3145 4097 3337 4167 ἔχοντα
3369 4095 3461 4149 τὸν
3490 4095 3689 4163 ἐπιμε-

2110 4196 2367 4267 λούμενον
2387 4210 2401 4223 ·
2439 4195 2533 4246 καὶ
2563 4191 2744 4263 ἔμεινε
2766 4193 2860 4245 σὺν
2885 4190 3034 4260 αὐτῷ
3060 4192 3088 4241 ὁ
3107 4187 3285 4259 γέρων
3329 4183 3513 4239 λαϐὼν
3544 4184 3691 4236 ὲνοι-

2111 4288 2230 4342 κίου
2257 4285 2486 4349 κελλίον,
2518 4286 2612 4337 καὶ
2629 4286 2693 4336 ἐκ
2721 4282 2815 4336 τοῦ
2844 4282 3156 4353 ἐργοχείρου
3193 4279 3416 4349 παρεῖχε
3462 4276 3521 4329 τὸ
3551 4273 3691 4327 ἐνοί-

2113 4396 2249 4443 κιον,
2278 4378 2371 4431 καὶ
2396 4378 2464 4429 τὰ
2486 4374 2650 4429 λοιπά
2678 4376 2759 4438 εἰς
2783 4375 2880 4445 τὴν
2911 4373 3005 4427 τοῦ
3034 4370 3315 4445 ἀρρώστου
3360 4369 3549 4440 χρείαν
3595 4368 3693 4420 ἀν-

2115 4472 2304 4541 ήλισκε
2326 4484 2339 4497 ·
2373 4467 2467 4520 καὶ
2500 4465 2683 4536 ἔμεινε
2704 4465 3065 4535 τετράμηνον,
3094 4463 3199 4525 ἓως
3225 4455 3285 4515 οὗ
3312 4459 3434 4531 ἰάθη
3456 4462 3484 4513 6
3505 4458 3690 4531 ἄρρω-

450 4563 688 4609 menses,
709 4561 993 4617 quousque
1020 4554 1255 4617 azgrotus
1280 4560 1651 4617 recuperasset
1683 4553 1969 4607 sanitatem
1997 4571 2006 4606 :

2122 4578 2260 4623 στος.
2312 4558 2422 4612 K21
2460 4556 2632 4619 οὕτως
2667 4557 2696 4607 6
2734 4554 2912 4625 γέρων
2961 4552 3200 4623 ἀπῆλθεν
3248 4554 3329 4615 εἰς
3370 4550 3434 4604 τὸ
3481 4548 3691 4604 κελλίον

451 4649 613 4709 atque
656 4640 731 4694 ita
786 4639 850 4694 ad
908 4639 1100 4694 cellam
1156 4654 1309 4694 snam
1366 4654 1649 4712 regressus
1689 4640 1852 4697 fuerit
1886 4658 2006 4704 cum

2122 4646 2283 4703 αὐτοῦ
2314 4649 2427 4718 μετ’
2468 4647 2712 4718 εἰρήνης.

450 4747 600 4803 pace.

520 4823 609 4879 28.
640 4822 846 4878 Retulit
906 4823 1075 4879 abbas
1123 4822 1357 4879 Daniel:
1412 4826 1714 4895 Antequam
1774 4826 2016 4882 venisset

454 4916 621 4971 abbas
649 4916 911 4971 Arsenius
940 4915 1005 4969 ad
1036 4913 1224 4970 Patres
1257 4930 1426 4980 meos,
1452 4915 1553 4986 ipsi
1578 4930 1795 4987 quoque
1829 4931 2017 4971 mane-

455 5012 582 5065 bant
617 5023 740 5062 cum
768 5008 961 5062 abbate
1000 5007 1299 5077 Agathone.
1342 5006 1607 5078 Diligebat
1638 5015 1821 5063 autem
1846 5008 2016 5063 abbas

460 5100 660 5170 Agatho
688 5100 938 5155 abbatem
962 5098 1350 5166 Alexandrum,
1381 5100 1509 5169 quia
1549 5106 1665 5154 erat
1699 5109 2017 5154 mansuetus

2190 4831 2297 4896 κη’.
2333 4823 2556 4892 Ἔλεγεν
2581 4824 2609 4876 6
2627 4820 2799 4886 ἀϐϐἄς
2826 4820 3043 4893 Δανιὴλ,
3063 4822 3144 4875 ὅτι
3167 4822 3303 4893 Πρὶν
3320 4820 3449 4893 ἔλθῃ
3470 4822 3498 4873 6
3519 4816 3693 4881 ἀϐϐἄς

2133 4916 2402 4990 Ἀρσένιος
2424 4916 2560 4988 πρὸς
2588 4918 2712 4980 τοὺς
2750 4916 3000 4989 Πατέρας
3028 4934 3150 4988 μου,
3176 4918 3270 4970 καὶ
3301 4916 3452 4969 αὐτοὶ
3474 4915 3695 4985 ἔμειναν

2124 5008 2262 5078 μετά
2282 5007 2374 5061 τοῦ
2397 5007 2541 5062 ἀϐϐἄ
2580 5007 2901 5076 Ἀγάθωνος.
2949 5006 3167 5075 Ἦγάπα
3198 5007 3255 5060 δὲ
3279 5008 3308 5059 6
3332 5005 3508 5067 ἁϐϐἄς
3526 5005 3696 5072 Ἀγά-

2121 5099 2229 5154 θων
2259 5101 2350 5154 τὸν
2402 5100 2576 5154 ἀϐϐᾶν
2633 5098 3000 5170 Ἀλέξανδρον,
3052 5099 3135 5152 ὅτι
3189 5097 3434 5169 ἀσκητὴς
3481 5093 3548 5168 ἦν
3599 5096 3698 5150 καὶ

523 5268 569 5299 ⁸⁸
601 5265 735 5320 Gen.
764 5279 895 5333 χιιι,
926 5264 1015 5331 56,
1045 5266 1133 5321 58.
1209 5266 1257 5298 ⁸⁸
1287 5264 1446 5321 Rom.
1469 5280 1585 5330 vni,
1610 5265 1697 5332 55,
1725 5266 1795 5322 54
1865 5265 1911 5298 ⁸⁷
1945 5267 2006 5320 Al

2122 5287 2306 5341 ιναμιν.
2384 5269 2431 5302 ⁸⁸
2460 5269 2543 5324 Al.
2571 5269 2852 5336 κατάξετὲ,
2927 5269 2973 5301 ⁸³
3006 5266 3089 5321 Al.
3130 5266 3430 5338 σμιλάριον.

457 5425 676 5479 Antonii
706 5440 758 5494 p.
784 5425 888 5479 456
913 5442 926 5477 :
958 5421 1067 5479 Ἦν
1088 5423 1129 5476 δ’
1174 5425 1260 5477 ὖτε
1290 5424 1384 5494 καὶ
1412 5422 1500 5478 διὰ
1524 5422 1933 5494 δύα-πολλάκις
1969 5425 2027 5478 δὲ

458 5497 553 5548 καὶ
585 5494 674 5548 διὰ
710 5491 989 5565 τεσσάρων
1042 5493 1434 5565 μετελάμϐανε,
1489 5494 1602 5555 sic,
1634 5491 2028 5565 Nonnunquam

460 5566 617 5635 biduo
642 5562 924 5635 triduoque
966 5562 1409 5633 sic‘permdnens,
1453 5573 1643 5634 quarta
1686 5562 1891 5617 demunt
1944 5565 2029 5618 die

2134 5423 2302 5490 ᾅδου.
2333 5420 2491 5477 Certa
2528 5421 2835 5477 emendatio
2872 5420 3152 5487 κατάξετε.
3178 5420 3257 5474 Ad
3296 5435 3455 5489 quem
3489 5426 3699 5474 textum

2134 5493 2269 5547 Gen.
2295 5507 2429 5553 XLII,
2458 5492 2548 5562 58,
2577 5493 2893 5562 conspectis
2923 5491 3284 5562 librisrregiis-
3305 5506 3467 5562 manu
3502 5505 3699 5544 exara-

2134 5564 2224 5627 tis,
2260 5562 2437 5616 inveni
2475 5561 2529 5614 in
2563 5561 2690 5624 219,
2725 5560 2850 5624 810,
2880 5560 3042 5623 2416,
3077 5560 3286 5629 ἦξεται.
3314 5560 3367 5614 ln
3394 5560 3486 5614 illo
3515 5569 3699 5613 autem

465 5633 807 5702 reﬁciebatur.
839 5630 849 5635 ⁷
1077 5630 1085 5633 Ἴ
1465 5630 1474 5634 ⁷
2133 5633 2225 5701 qui
2257 5633 2501 5700 signatur
2533 5646 2758 5687 numero
2808 5631 2967 5702 “16,
3006 5631 3330 5702 κατάξηται,
3358 5645 3484 5684 cum
3518 5630 3705 5685 littera

534 5703 647 5825 (5οξ
681 5704 869 5783 Raderi
899 5702 1136 5757 Viridar.
1167 5720 1251 5783 in,
1293 5704 1347 5767 6,
1378 5703 1469 5786 “2.0.
1636 5716 1639 5719 '

534 5773 614 5825 (5|
684 5774 791 5825 Vit.
824 5774 974 5825 Patr.
1011 5787 1093 5825 ut.
1126 5774 1257 5825 £56:
1281 5773 1418 5825 Rud.
1449 5772 1523 5825 τὸ.

2133 5718 2158 5753 ε
2189 5716 2353 5767 supra
2384 5702 2615 5755 litteram
2690 5743 2702 5758 .
2730 5701 2875 5771 quod
2902 5708 2987 5756 est
3013 5701 3324 5766 κατάξεται.

2203 5772 2314 5825 (55)
2345 5721 2771 5825 Κελευόνῖῐοο
2796 5775 2863 5825 de
2884 5771 3103 5825 nomine
3130 5770 3324 5825 Petavii

534 5764 645 5838 (till
684 5774 791 5841 vit.
824 5774 974 5826 Patr.
1011 5787 1093 5836 ιιι,
1126 5764 1257 5841 156}
1281 5764 1418 5841 Rad.
1449 5772 1523 5825 ib.
2203 5764 2314 5840 (5⁵5)
2345 5774 2632 5838 Κελεφόν.
2655 5764 2771 5828 Hoc
2796 5775 2863 5830 de
2884 5771 3103 5828 nomine
3130 5764 3382 5828 Petavius
3413 5775 3467 5826 et
3487 5764 3708 5824 Salma—

532 5841 652 5914 f52)
678 5840 971 5911 Καθέξετέ
1014 5860 1133 5914 μου
1170 5840 1249 5897 τὸν
1285 5840 1472 5913 γῆρας
1503 5843 1653 5914 μετὰ
1682 5846 1883 5912 λύπης
1936 5844 2006 5911 εις

2130 5840 2247 5899 sius
2276 5841 2634 5913 scripserunt.
