3974 6332
200 409 303 468 ΗἹ

1341 414 1954 475 APOPHTIIECMATA
1985 416 2291 473 PATRUM.

3356 422 3495 475 “8"

202 522 476 594 ιπκικής.
516 522 721 593 Συνέϐη
753 522 808 574 δὲ
841 522 997 587 ὅλους
1030 526 1156 589 τοὺς
1197 527 1443 598 μαθητὰς
1463 532 1625 584 αὐτοῦ
1660 534 1792 586 πλύ-

1905 547 1959 586 ac
1984 533 2036 585 in
2053 532 2445 586 exercitatione
2467 529 2768 584 monastica
2792 529 3042 601 diligens.
3061 533 3275 587 Accidit
3302 548 3461 603 porro

202 632 314 668 vuv
344 613 416 667 τά
446 613 587 686 Ορύα
627 615 707 678 εἰς
738 615 827 667 τὸν
852 617 1122 687 ποταμόν’
1151 620 1246 671 καὶ
1273 621 1300 672 6
1329 620 1502 686 ἀϐὅᾶς
1547 623 1789 689 Ἀλέξαν-

203 708 328 777 apo;
355 706 620 769 ἐπιεικῶς
645 706 893 760 ἔπλυνεν.
922 710 986 761 Οἱ
1017 709 1072 763 δὲ
1102 709 1277 765 λοιποὶ
1296 713 1512 783 ἀδελφοὶ
1534 711 1685 769 εἷπον
1711 716 1790 787 τῷ

204 798 456 867 γέροντισ
514 797 574 849 '0
614 797 841 867 ἀδελφὸς
887 798 1235 873 Ἀλέξανδρος
1264 803 1417 856 οὐδὲν
1464 809 1625 859 ποιεῖ.
1679 807 1789 860 Kal

204 887 376 941 Θέλων
393 886 593 949 αὐτοὺς
621 886 976 957 θεραπεῦσαι,
1007 884 1160 942 εἶπεν
1180 891 1355 961 αὐτῷ·
1394 893 1614 962 Ἀδελφὲ
1640 894 1789 948 Ἀλέ-

207 978 440 1049 ξανδρε,
479 977 662 1041 καλῶς
706 978 903 1032 πλῦνον
953 980 1093 1034 αὐτὰ
1145 982 1225 1034 ὅτι
1254 982 1472 1054 λινάριά
1514 987 1642 1039 εἰσι.
1680 986 1789 1039 Kal

205 1071 279 1132 ὡς
305 1071 545 1140 ἤκουσεν
567 1069 831 1140 ἐλυπήθη.
873 1072 982 1123 Kal
1018 1072 1155 1141 μετὰ
1194 1073 1369 1128 ταῦτα
1415 1077 1790 1146 παρεκάλεσεν

203 1162 368 1215 αὑτὸν
400 1164 432 1215 6
460 1161 663 1234 γέρων,
694 1161 866 1228 λέγων
892 1178 906 1191 ⁶
934 1162 1026 1235 Μὴ
1057 1165 1166 1236 γὰρ
1194 1167 1294 1219 οὐκ
1326 1167 1474 1238 ᾔδειν
1506 1169 1587 1220 ὅτι
1609 1167 1791 1232 καλῶς

206 1255 417 1317 ποιεῖς-ς
461 1252 601 1308 ἀλλὰ
635 1252 796 1306 τοῦτο
836 1250 989 1307 εἶπόν
1021 1272 1104 1308 σοι
1143 1257 1234 1308 ἐπὶ
1270 1259 1479 1323 αὐτῶν,
1518 1259 1605 1313 ἵνα
1635 1260 1792 1331 Θερα-

204 1342 398 1397 πεύσω
417 1343 599 1398 αὐτῶν
622 1345 712 1397 τὸν
742 1344 1000 1416 λογισμὸν
1036 1347 1095 1399 ἐν
1123 1351 1188 1416 τῇ
1219 1351 1282 1418 σῇ
1317 1349 1551 1420 ὑπακοῇ,
1570 1352 1785 1421 ἀδελφέ.

274 1436 380 1491 10'.
421 1438 764 1509 Διηγήσαντο
820 1440 948 1510 περὶ
1002 1439 1098 1493 τοῦ
1148 1440 1293 1495 ἀδεᾶ
1348 1443 1671 1511 Ἀγάθωνος,
1707 1448 1790 1500 ὅτι

206 1525 513 1591 ἐσπούδαζε
548 1531 719 1581 ποιεῖν
745 1530 921 1582 πᾶσαν
948 1530 1189 1601 ἐντολήν.
1217 1533 1324 1585 Kal
1352 1535 1400 1587 εί
1425 1534 1691 1590 διέϐαινεν
1712 1539 1793 1601 είς

208 1614 514 1685 πορθμεῖον
539 1656 554 1680 ,
591 1617 753 1680 αὐτὸς
788 1616 1002 1688 πρῶτος
1034 1619 1257 1689 ἐκράτει
1302 1622 1401 1692 τὴν
1425 1622 1618 1695 κώπην
1642 1643 1655 1657 ⁸
1697 1630 1791 1682 καὶ

204 1702 296 1754 ὅτε
336 1701 650 1774 παρέϐαλον
678 1705 827 1776 αὐτῷ
855 1707 1091 1776 ἀδελφοὶ,
1121 1709 1325 1775 εὐθέως
1354 1714 1463 1766 ἀπὸ
1491 1716 1589 1785 τῆς
1626 1717 1793 1788 εὐχῆς

206 1796 239 1863 ὴ
266 1795 391 1865 χεὶρ
409 1795 577 1849 αὑτοῦ
595 1796 693 1866 τὴν
706 1797 984 1867 τράπεζαν
1004 1799 1170 1853 ἐτίθει
1191 1815 1204 1829 ⁸
1222 1797 1291 1873 ἦν
1312 1803 1419 1875 γάρ
1440 1807 1635 1876 μεστὸς
1657 1809 1793 1877 ἀγά-

1892 631 1951 676 ut
1978 637 2168 677 omnes
2202 622 2321 691 ejus
2351 620 2605 690 discipuli
2631 635 2825 688 scapos
2858 622 3098 677 lavarent
3122 625 3175 678 in
3200 623 3462 688 ﬂumine;

1890 718 1944 767 et
1970 713 2139 767 abbas
2168 710 2470 765 Alexander
2504 709 2719 764 lavabat
2753 710 3050 765 moderate.
3091 711 3286 767 Cmteri
3332 729 3462 769 vero

1892 802 2090 857 fratres
2113 801 2370 856 dixerunt
2400 799 2554 856 seni:
2588 798 2777 853 Frater
2810 799 3118 854 Alexander
3140 801 3277 855 nihil
3311 801 3463 856 facit.

1894 893 2046 949 Unde
2080 894 2268 948 volens
2300 893 2382 948 eis
2405 892 2631 954 mederi,
2668 892 2743 945 ait
2774 892 2852 945 illi
2884 907 2896 944 :
2923 890 3114 947 Frater
3138 893 3465 958 Alexander,

1891 994 2037 1041 recte
2073 986 2190 1039 lava
2238 999 2365 1049 eos;
2407 985 2501 1037 lini
2561 983 2708 1038 enim
2742 991 2893 1036 sunt.
2932 980 3112 1053 thue
3140 983 3185 1038 is
3243 983 3466 1045 audivit.

1890 1077 2083 1131 acerbe
2118 1077 2262 1129 tulit.
2300 1075 2365 1128 Et
2398 1083 2585 1145 postea
2634 1077 2844 1141 solatus
2874 1084 2958 1129 est
3020 1088 3145 1128 eum
3187 1088 3350 1128 senex
3385 1074 3470 1128 his

1889 1169 2073 1224 verbis
2102 1187 2114 1222 :
2145 1170 2225 1221 An
2251 1168 2561 1221 nesciebun
2583 1176 2634 1221 te
2656 1174 2802 1220 recte
2834 1181 2993 1235 agere
3015 1164 3038 1218 ἲ
3060 1163 3259 1219 Verum
3291 1165 3345 1219 id
3373 1166 3470 1220 tibi

1890 1273 2077 1313 coram
2112 1257 2219 1312 illis
2259 1257 2394 1323 dixi,
2432 1255 2618 1321 frater,
2655 1271 2764 1326 quo
2809 1269 2998 1311 eorum
3029 1253 3273 1309 animum
3297 1255 3351 1309 in
3378 1263 3470 1309 tua

1890 1348 2202 1405 obedientia
2237 1362 2513 1402 curarem.

1960 1440 2051 1496 29.
2078 1439 2660 1496 Commemoraverunt
2689 1437 2758 1493 de
2791 1437 2988 1493 abbate
3007 1437 3471 1508 Agathone,quod

1891 1544 2053 1583 omne
2085 1529 2404 1583 mandatum
2436 1528 2665 1596 exsequi
2716 1526 3093 1582 contenderet.
3143 1528 3205 1581 Et
3252 1526 3308 1580 in
3349 1527 3472 1579 navi

1893 1618 1940 1673 si
1966 1618 2289 1689 trajiciebat,
2328 1618 2539 1692 primus
2581 1618 2699 1687 ipse
2744 1617 3015 1671 tractabat
3067 1632 3298 1671 remum.
3336 1617 3483 1671 Cum.

1894 1711 2282 1766 adventassent
2314 1710 2540 1777 fratres,
2596 1709 2780 1765 statim
2822 1717 2944 1778 post
2986 1723 3224 1777 precem,
3276 1723 3473 1763 manus

1892 1802 2013 1869 ejus
2032 1816 2277 1854 mensam
2306 1800 2631 1869 apponebat.
2664 1799 2860 1854 Plenus
2886 1800 3031 1855 enim
3059 1807 3177 1854 erat
3206 1799 3476 1853 charitate

210 1902 322 1956 πης
344 1885 506 1940 Θεοῦ.
538 1888 840 1953 Μέλλοντος
862 1888 919 1942 δὲ
949 1892 1114 1945 αὐτοῦ
1130 1895 1405 1967 τελευτᾷν,
1439 1898 1621 1969 ἔμεινε
1644 1875 1792 1973 τρεῖς

1905 1889 2014 1945 Dei.
2038 1890 2437 1961 (5t)C-.rtcrum
2470 1888 2689 1959 quando
2724 1889 2915 1944 mortis
2944 1895 3158 1958 tempus
3181 1889 3477 1959 appropin.

209 1976 427 2048 ἡμέρας
458 1979 835 2049 ἀνεῳγμένους
857 1980 995 2052 ἔχων
1019 1984 1145 2048 τοὺς
1168 1986 1480 2058 ὀφθαλμοὺς
1512 1990 1587 2060 μὴ
1615 2009 1796 2047 κινου-

212 2069 436 2139 μένους.
468 2070 701 2138 Ἔνυξαν
727 2072 783 2125 δὲ
811 2073 976 2128 αὐτὸν
997 2074 1046 2128 οἱ
1073 2076 1294 2146 ἀδελφοὶ
1318 2079 1569 2148 λέγοντες
1593 2101 1607 2115 ο
1626 2085 1797 2140 Ἀϐϐά

225 2160 496 2229 Ἁγάθων,
525 2160 629 2214 ποῦ
648 2160 726 2228 εἷς
749 2164 911 2232 Λέγει
940 2166 1154 2230 αὐτοῖς·
1200 2168 1459 2224 Ἐνώπιον
1489 2173 1584 2227 τοῦ
1609 2192 1797 2247 κριτη-

212 2253 333 2323 ρίου
358 2252 458 2305 τοῦ
486 2252 622 2306 Θεοῦ
648 2253 896 2325 ἵσταμαι.
921 2255 1186 2323 Λέγουσιν
1206 2260 1356 2331 αὐτῷ
1380 2275 1394 2289 ⁸
1415 2264 1524 2316 Καὶ
1547 2267 1610 2321 σὺ
1633 2267 1794 2339 φοϐῇ,

212 2344 399 2416 Πάτερ
420 2360 435 2409 ;
469 2344 633 2412 Λέγει
658 2344 870 2409 αὐτοῖς·
900 2346 1049 2412 Τέως
1074 2349 1305 2421 ἐποίησα
1324 2351 1421 2424 τὴν
1441 2353 1671 2427 δύναμίν
1694 2375 1795 2428 μου

213 2438 295 2499 είς
323 2436 387 2489 τὸ
419 2434 654 2504 φυλάξαι
687 2436 786 2501 τὰς
806 2438 1026 2503 ἐντολάς
1047 2439 1141 2493 τοῦ
1165 2441 1299 2494 Θεοῦ
1324 2460 1337 2474 ’
1373 2444 1487 2497 ἀλλ’
1511 2447 1797 2517 ἄνθρωπός

214 2529 332 2598 εἰμι
354 2544 371 2558 ο
403 2527 569 2581 πόθεν
582 2524 702 2582 οἶδα
724 2530 773 2582 εί
792 2528 853 2582 τὸ
874 2530 1034 2601 ἔργον
1067 2548 1168 2603 μου
1188 2532 1520 2607 εὐηρέστησε
1543 2539 1620 2610 τῷ
1641 2540 1759 2611 θεῷ
1779 2560 1794 2609 ;

218 2619 483 2686 Λέγουσιν
515 2618 666 2690 αὑτῷ
699 2619 749 2672 οἱ
783 2619 1031 2690 ἀδελφοίο
1073 2623 1187 2677 Οὐκ
1218 2620 1270 2678 εἷ
1302 2626 1574 2692 πεποιθὼς
1608 2631 1701 2682 ἐπὶ
1737 2631 1798 2684 τὸ

220 2709 380 2779 ἔργον
406 2726 522 2774 σου,
559 2711 641 2764 δτι
673 2712 814 2765 κατά
835 2711 970 2766 Θεόν
1006 2715 1185 2779 ὲστινς
1219 2717 1380 2786 Λέγει
1409 2721 1436 2772 6
1471 2720 1648 2791 γέρων
1678 2738 1690 2752 ·
1722 2723 1797 2776 υύ

218 2801 431 2873 θαρρῶ,
464 2804 516 2855 εί
556 2802 633 2873 μὴ
654 2802 732 2873 τῷ
756 2802 874 2874 Θεῷ
902 2806 1221 2877 άπαντήσω.
1256 2810 1482 2882 Ἕτερον
1524 2811 1634 2882 γάρ
1682 2814 1797 2865 ἐστι

218 2896 280 2946 τὸ
303 2892 401 2947 τοῦ
428 2893 565 2946 Θεοῦ
596 2896 896 2966 κριτήριον,
928 2897 1020 2950 καὶ
1041 2896 1228 2969 ἕτερον
1254 2899 1316 2952 τὸ
1334 2900 1442 2955 τῶν
1472 2901 1796 2973 ἀνθρώπιον.

233 2985 321 3048 Ὠς
353 2984 414 3037 δὲ
437 2983 629 3055 ἦθελον
663 2985 936 3057 ἐρωτῆσαι
966 2987 1129 3042 αὐτὸν
1169 2989 1353 3062 ἕτερον
1399 2993 1555 3062 λόγον
1578 3034 1592 3056 ,
1649 2994 1798 3062 λέγει

221 3076 408 3139 αὐτοῖς
425 3092 437 3103 ·
463 3076 729 3143 Ποιήσατε
750 3077 993 3147 ἀγάπην,
1023 3079 1096 3150 μὴ
1118 3079 1325 3135 λαλεῖτε
1358 3084 1482 3154 ἄρτι
1508 3086 1624 3154 μετ’
1641 3084 1797 3154 ἐμοῦ,

218 3169 306 3220 ὃτι
331 3166 686 3237 ἀσχολοῦμαι.
725 3165 830 3220 Kal
860 3169 1145 3242 ἐτελειώθη
1198 3173 1244 3204 ⁶⁰
1274 3175 1333 3226 ἐν
1384 3177 1546 3245 χαρᾷ.
1585 3176 1801 3247 Ἐώρων

222 3259 337 3329 γάρ
365 3258 527 3311 αὐτὸν
555 3259 907 3329 ἀναγόμενον,
934 3260 991 3313 ὃν
1022 3262 1223 3331 τρόπον
1242 3280 1326 3327 τις
1349 3266 1651 3329 ἀσπάζεται
1676 3268 1802 3331 τοὺς

224 3346 424 3401 ἑαυτοῦ
455 3347 639 3416 φίλους
672 3350 766 3401 καὶ
802 3350 1139 3421 ἁγαπητούς.
1183 3348 1308 3423 Εἶχε
1347 3353 1399 3406 δὲ
1429 3355 1672 3427 φυλακὴν
1708 3374 1806 3423 με·

224 3439 398 3511 γάλην
434 3443 493 3493 ὲν
519 3441 652 3493 πᾶσι
678 3479 693 3504 ,
730 3441 824 3493 καὶ
849 3441 1032 3510 ἔλεγεν
1052 3459 1065 3473 ο
1094 3444 1257 3496 ’Ἄνευ
1291 3444 1540 3515 φυλακῆς
1564 3447 1805 3519 μεγάλης

222 3534 285 3585 οὐ
313 3531 594 3602 προϐαίνει
620 3532 903 3604 ἄνθρωπος
930 3532 1052 3587 οὔτε
1080 3536 1162 3598 εἰς
1203 3536 1331 3607 μίαν
1369 3537 1592 3609 ἀρετήν.

296 3623 359 3677 λ’.
395 3623 627 3693 Εἰσῆλοέ
669 3640 800 3676 ποτε
828 3625 856 3676 6
896 3625 1070 3689 άϐὅᾶς
1116 3625 1360 3694 ’Λγάοων
1406 3630 1486 3689 είς
1524 3627 1624 3698 τὴν
1654 3628 1808 3680 πόλιν

225 3716 482 3785 πωλῆσαι
510 3715 683 3785 μικρὰ
713 3714 904 3787 σκεύη,
939 3716 1035 3769 καὶ
1068 3717 1453 3786 εὖρίσκειτινὰ
1492 3717 1809 3789 λελωϐημέ-

226 3826 317 3861 νον
357 3808 401 3839 ⁶¹
435 3807 587 3880 παρὰ
636 3809 734 3878 τὴν
765 3808 904 3861 ὁδόν.
936 3808 1098 3877 Λέγει
1149 3809 1297 3879 αὐτῷ
1323 3811 1351 3862 ό
1396 3810 1804 3881 λελωὸημένοςο

229 3898 341 3953 Ποῦ
367 3898 599 3967 ὑπάγεις
622 3913 639 3962 ;
668 3896 832 3965 Λέγει
861 3897 1009 3967 αὐτῷ
1033 3899 1060 3949 6
1089 3898 1264 3961 άὸὅᾶς
1287 3899 1531 3967 Ἀγάθων
1551 3915 1565 3929 θ
1593 3901 1686 3963 Εἰς
1708 3900 1808 3971 τὴν

229 3990 388 4043 πόλιν
420 3990 672 4061 πωλῆσαι
702 3990 890 4060 σκεύη.
925 3990 1089 4058 Λέγει
1110 3986 1259 4061 αὖτῷ
1277 4006 1290 4020 ·
1317 3989 1550 4060 Ποίησον
1567 3990 1806 4061 ἀγάπην,

231 4082 326 4136 καὶ
360 4078 494 4154 ἆρόν
530 4099 598 4153 με
629 4082 765 4135 ἐκεῖ.
805 4083 911 4136 Kal
946 4083 1220 4153 βαστάσας
1264 4081 1460 4145 αὐτὸν,
1500 4083 1809 4153 ἀπήνεγκεν

231 4169 311 4231 είς
334 4168 438 4237 τὴν
467 4168 639 4223 πόλιν.
682 4168 844 4237 Λέγει
869 4169 1019 4240 αὐτῷ
1039 4189 1050 4203 ·
1089 4171 1259 4224 Ὅπου
1288 4170 1487 4233 πωλεῖς
1514 4170 1582 4223 τὰ
1618 4169 1807 4241 σκεύη,

231 4261 349 4313 ἐκεῖ
388 4277 455 4329 με
485 4259 597 4324 θές.
660 4260 910 4332 Ἐποίησε
938 4261 993 4313 δὲ
1031 4260 1225 4324 οὕτως.
1284 4262 1391 4315 Kal
1420 4262 1509 4314 ὅτε
1561 4261 1810 4332 ὲπώλησε

233 4352 446 4415 σκεῦος,
480 4351 667 4419 ἔλεγεν
701 4352 849 4424 αὐτῷ
870 4354 899 4405 6
937 4351 1145 4423 λελωὸη
1156 4353 1315 4422 μένος
1337 4368 1351 4382 °
1380 4353 1555 4407 Πόσου
1596 4352 1806 4425 ὲπώλη·

235 4456 332 4504 σας
364 4442 528 4506 αὖτό;
562 4442 674 4495 Kal
705 4441 858 4510 ἔλεγε
879 4440 1061 4496 τόσου.
1085 4444 1195 4495 Kal
1228 4442 1591 4512 ἔλεγεναὺτῴ
1618 4464 1630 4476 ·
1654 4443 1810 4511 ’Λγό-

246 4531 406 4599 ρασόν
433 4549 523 4601 μοι
573 4530 898 4585 πλακοῦντιν
935 4532 998 4585 ⁸¹.
1038 4532 1147 4585 Kal
1194 4532 1455 4605 ἠγόραζε.
1494 4533 1602 4586 Καὶ
1648 4534 1811 4588 πάλιν

242 4620 436 4675 ἐπώλει
468 4623 601 4677 ἄλλο
644 4621 856 4687 σκεῦος.
896 4623 1004 4677 Kal
1035 4623 1214 4692 ἔλεγε*
1265 4624 1373 4677 Kal
1413 4624 1570 4678 τοῦτο
1608 4625 1809 4692 πόσου;

239 4710 344 4763 Kal
374 4709 525 4779 ἔλεγε
547 4728 561 4741 ο
600 4711 789 4764 Τόσου.
831 4711 942 4765 Kal
965 4706 1150 4781 έλέγεν
1176 4711 1354 4783 αὐτῷ’
1398 4714 1689 4785 Ἀγόρςισόν
1724 4733 1811 4785 μοι

240 4802 377 4856 τόδε.
397 4804 505 4856 Kal
516 4800 775 4873 ἠγόραζε.
795 4802 947 4856 Μετὰ
958 4798 1051 4856 οὖν
1065 4803 1126 4855 τὸ
1150 4804 1401 4873 πωλῆσαι
1422 4804 1519 4856 ὅλα
1534 4805 1604 4857 τά
1620 4805 1809 4874 σκεύη,

249 4894 340 4947 καὶ
384 4892 560 4947 Θέλειν
612 4891 885 4955 ἀπελθεῖν,
937 4892 1083 4961 λέγει
1140 4891 1290 4963 αὑτῴ
1331 4896 1360 4947 6
1398 4893 1805 4963 λελωϐημένος

259 4983 542 5052 ’Υπάγεις;
572 4984 734 5053 Λέγει
753 4982 901 5053 αὑτῴ
922 5000 933 5013 ·
958 4982 1084 5036 Ναί.
1113 4984 1221 5036 Kal
1250 4983 1423 5053 λέγει’
1457 4983 1687 5053 Ποίησον
1709 4983 1813 5036 πά-

243 5075 325 5131 λιν
349 5076 588 5147 ἀγάπην,
629 5077 723 5129 καὶ
758 5072 888 5146 ἆρον
907 5077 1040 5129 ὅπου
1078 5092 1144 5145 με
1188 5068 1362 5147 εὗρες.
1393 5075 1503 5129 Kal
1541 5075 1814 5144 βαστάσας

241 5168 419 5233 αὑτὸν,
447 5170 678 5242 ἠνεγκεν
715 5172 794 5232 εἰς
815 5168 906 5222 τὸν
930 5169 1094 5223 τόπον
1115 5169 1305 5222 αὑτοῦ.
1328 5168 1438 5221 Kal
1461 5168 1609 5235 λέγει
1639 5166 1808 5238 αὐτῷ⁶

245 5260 613 5332 Εὐλογημένος
638 5256 710 5321 εἴ,
727 5261 996 5330 Ἀγάθων,
1027 5261 1132 5314 ὑπὸ
1160 5259 1365 5332 Κυρίου
1393 5262 1450 5313 ὲν
1478 5259 1692 5332 οὐρανῷ
1720 5260 1815 5314 καὶ

243 5351 334 5403 ἐπὶ
362 5353 484 5421 γῆς.
541 5352 652 5404 Kal
695 5351 835 5423 ἄρας
883 5354 1007 5417 τοὺς
1055 5351 1366 5422 ὀφθαλμοὺς
1409 5352 1572 5405 αὑτοῦ
1624 5351 1812 5407 οὐδένα

248 5438 407 5497 εἶδεν·
440 5439 510 5516 ἦν
547 5444 657 5515 γὰρ
683 5443 913 5513 ἄγγελος
950 5444 1158 5517 Κυρίου
1189 5442 1357 5498 ὲλοὼν
1392 5443 1684 5515 δοκιμάσαι
1720 5445 1815 5498 αὑ·

244 5536 351 5589 τόν.

1896 1980 2107 2049 quavit,
2137 1988 2250 2035 tres
2287 1979 2407 2034 dies
2432 1978 2634 2033 mansit
2663 1978 2838 2033 oculis
2866 1979 3072 2048 apertis
3104 1978 3471 2050 immotisque.

1895 2070 2119 2127 Fratres
2134 2079 2312 2125 autem
2343 2071 2859 2140 pulsaverunteum,
2888 2070 3253 2138 dixeruntque
3284 2066 3476 2123 :Abba

1895 2161 2130 2232 Agatho,
2162 2161 2385 2217 ubinam
2438 2162 2534 2216 es?
2563 2159 2866 2230 Respondit
2904 2159 2984 2215 eis
3019 2178 3031 2214 :
3071 2157 3169 2214 Sto
3200 2166 3325 2214 ante
3372 2161 3472 2214 tri-

1898 2254 2065 2310 bunal
2096 2254 2210 2309 Dei.
2239 2254 2351 2325 (55)
2382 2254 2549 2307 Aiunt
2577 2274 2588 2308 :
2624 2252 2797 2306 Etiam
2822 2259 2879 2306 tu
2914 2252 3094 2315 times,
3122 2250 3320 2305 Pater?
3341 2249 3434 2306 Ille
3460 2269 3474 2305 :

1897 2349 2072 2401 Antea
2098 2347 2240 2417 quod
2271 2346 2418 2416 potui
2454 2346 2554 2400 feci
2588 2351 2646 2398 ut
2672 2344 3020 2399 observarem
3062 2343 3315 2398 mandata
3344 2341 3475 2411 Dei;

1900 2436 1996 2492 sed
2026 2438 2188 2493 homo
2238 2453 2398 2493 sum:
2436 2437 2583 2491 unde
2632 2436 2801 2492 sciam
2834 2444 3016 2489 utrum
3065 2433 3176 2490 Deo
3216 2436 3480 2506 placuerit

1899 2540 2039 2596 opus
2054 2542 2233 2581 meum
2250 2528 2275 2581 ?
2292 2526 2490 2582 Dicunt
2514 2528 2562 2581 ei
2580 2525 2782 2581 fratres
2804 2545 2817 2580 :
2842 2524 2960 2581 Non
2984 2525 3215 2581 confidis
3237 2527 3291 2580 in
3313 2541 3481 2597 opere

1899 2622 2016 2682 tuo,
2043 2617 2189 2687 quod
2222 2618 2525 2672 secundum
2583 2615 2753 2671 Deum
2786 2615 2899 2671 sit?
2924 2615 3223 2686 Respondit
3263 2631 3427 2672 senex
3463 2636 3479 2670 :

1898 2707 2017 2763 Non
2048 2711 2221 2765 habeo
2244 2710 2518 2773 fiduciam,
2545 2710 2650 2765 nisi
2676 2709 2785 2764 Deo
2807 2723 3122 2765 oceurrero.
3153 2709 3317 2763 Aliud
3336 2710 3480 2764 enim

1899 2808 1983 2856 est
2008 2800 2275 2869 judicium
2312 2799 2429 2861 Dei,
2465 2800 2613 2854 aliud
2664 2800 2968 2855 hominum.
3003 2799 3252 2869 Cumque
3280 2800 3482 2855 vellent

1901 2907 2025 2947 eum
2061 2892 2168 2946 alia
2194 2893 2260 2947 de
2286 2908 2344 2947 re
2377 2892 2714 2961 percontari,
2746 2892 2822 2944 ait
2851 2891 2995 2947 illis:
3029 2891 3329 2946 Charitatis
3345 2905 3483 2960 Opus

1902 2986 2161 3056 peragite,
2183 3000 2252 3040 ne
2273 2986 2511 3055 amplius
2543 2999 2753 3039 mecum
2776 2984 3105 3054 loquamini:
3136 2999 3256 3039 sum
3282 2984 3484 3054 quippe

1902 3082 2226 3146 occupatus.
2266 3075 2332 3129 Et
2388 3074 2625 3131 excessit
2664 3090 2695 3130 e
2744 3076 2853 3129 vita
2888 3088 3013 3128 cum
3044 3073 3267 3145 gaudio.
3320 3072 3484 3128 Vide-

1905 3176 2034 3221 runt
2059 3167 2329 3238 siquidem
2355 3182 2478 3221 eum
2509 3167 2787 3231 eductum,
2816 3182 2925 3236 quo
2948 3167 3108 3222 modo
3134 3166 3259 3237 quis
3282 3166 3484 3221 salutat

1907 3257 2112 3311 amicos
2144 3271 2276 3312 suos
2319 3256 2680 3325 dilectosque.
2731 3255 2929 3309 llabuit
2975 3269 3141 3325 porro
3180 3255 3233 3309 in
3269 3255 3485 3310 cunctis

1906 3363 2158 3418 magnam
2191 3346 2535 3410 custodiam;
2572 3353 2625 3400 et
2654 3345 2836 3401 dicere
2869 3346 3114 3410 solebat,
3154 3345 3362 3415 absque
3401 3346 3484 3398 in—

1907 3440 2053 3511 genti
2107 3439 2358 3495 custodia
2415 3438 2688 3493 hominem
2723 3453 2899 3509 neque
2928 3438 2994 3492 ad
3032 3453 3195 3491 unam
3221 3438 3481 3492 virtutem

1907 3530 2181 3602 pregredi.

1976 3623 2062 3677 50.
2091 3620 2375 3690 Ingressus
2397 3619 2638 3690 quodam
2664 3631 2907 3691 tempore
2934 3618 2987 3673 in
3019 3618 3296 3674 civitatem
3316 3615 3484 3674 abbas

1907 3710 2118 3781 Agatho
2144 3711 2212 3764 ad
2244 3710 2532 3765 vendenda
2571 3711 2817 3774 vascula,
2853 3711 3057 3781 reperit
3086 3712 3142 3764 in
3180 3709 3267 3766 via
3308 3710 3485 3779 lepro-

1907 3817 2028 3856 sum
2063 3818 2076 3855 :
2115 3802 2208 3872 qui
2241 3803 2560 3858 sciscitatus
2589 3810 2695 3866 est,
2728 3819 2837 3873 quo
2883 3802 3007 3857 iret.
3049 3800 3355 3871 Respondit
3392 3801 3487 3856 ab-

1910 3894 2009 3949 bas
2044 3894 2257 3966 Agatho
2290 3909 2304 3946 :
2348 3893 2429 3948 Ad
2463 3895 2677 3959 urbem,
2710 3893 2987 3949 venditum
3018 3909 3171 3949 vasa.
3215 3892 3369 3946 Tunc
3405 3893 3485 3947 le-

1910 4001 2107 4056 prosus
2136 3986 2254 4040 infit
2284 4005 2297 4040 :
2329 3985 2440 4041 Fac
2469 3986 2816 4050 charitatem,
2864 4000 2929 4040 eo
2974 3999 3061 4038 me
3089 3982 3237 4037 tolle.
3273 3982 3337 4036 Et
3362 3998 3488 4053 por-

1910 4084 2034 4130 tans
2061 4091 2206 4141 eum,
2240 4075 2469 4131 adduxit
2506 4076 2560 4130 in
2607 4076 2904 4131 civitatem.
2964 4073 3164 4127 lterum
3212 4071 3347 4127 ille:
3382 4069 3484 4127 Ubi

1910 4167 2147 4221 vendere
2174 4168 2320 4222 soles
2350 4181 2503 4230 vasa,
2534 4166 2610 4219 ibi
2643 4181 2727 4219 me
2750 4179 2910 4234 pone.
2946 4164 3023 4218 lta
3059 4163 3205 4218 fecit.
3237 4161 3489 4235 Cumque

1912 4258 2249 4313 vendidisset
2278 4272 2397 4323 vas,
2440 4258 2595 4326 petiit
2645 4257 2714 4312 ab
2742 4271 2808 4312 eo
2830 4256 3103 4327 leprosus,
3137 4257 3330 4327 quanti
3357 4272 3486 4313 ven-

1913 4349 2160 4405 didisset.
2196 4348 2375 4412 Tanti,
2413 4347 2611 4418 inquit.
2643 4347 2781 4403 Tum
2814 4347 2862 4404 is
2896 4366 2908 4403 :
2944 4346 3072 4403 Eme
3107 4349 3237 4402 mihi
3276 4348 3489 4419 placen-

1912 4450 2041 4495 tam.
2078 4440 2237 4494 Emit.
2276 4440 2471 4494 lterum
2503 4440 2652 4495 aliud
2682 4455 2777 4496 vas
2809 4439 3074 4495 vendidit.
3106 4438 3172 4493 Et
3209 4442 3300 4497 ille
3334 4459 3346 4495 :
3373 4440 3488 4497 Hoc

1917 4545 2049 4586 vero
2072 4531 2307 4601 quanti?
2355 4530 2537 4595 Tanti,
2592 4532 2787 4603 inquit.
2820 4531 3097 4602 Leprosus
3131 4549 3143 4583 :
3190 4532 3325 4588 Eme
3356 4534 3489 4588 mihi

1919 4623 2043 4677 hoc.
2068 4623 2209 4677 Emit
2231 4625 2419 4680 abbas.
2441 4624 2576 4679 (lum
2608 4641 2738 4697 ergo
2777 4627 3112 4681 vendidisset
3130 4628 3311 4681 omnia
3337 4642 3489 4695 vasa,

1917 4717 2185 4786 velletque
2240 4716 2411 4781 abire,
2446 4718 2583 4772 dixit
2613 4718 2661 4772 ei
2718 4717 2968 4788 leprosus
3001 4736 3013 4771 :
3051 4715 3326 4773 Reccdis?
3387 4717 3492 4773 Re-

1918 4808 2139 4878 spondit
2167 4826 2181 4864 :
2208 4808 2404 4863 Etiam.
2434 4808 2569 4863 Tum
2605 4809 2696 4864 ille
2724 4827 2739 4863 :
2774 4808 2967 4862 Adhuc
3016 4823 3153 4877 opus
3205 4808 3487 4863 charitatis

1918 4912 2133 4963 exerce,
2162 4896 2306 4953 refer
2338 4912 2423 4952 me
2473 4912 2583 4967 quo
2632 4897 2753 4951 loco
2802 4896 3080 4951 invenisti.
3134 4895 3484 4966 Portavitque

1912 5003 2057 5053 eum,
2092 4996 2147 5043 et
2178 4988 2244 5043 ad
2278 5004 2436 5043 suum
2469 4988 2648 5041 locum
2708 4986 2972 5041 restituit.
3009 4985 3165 5041 Tunc
3197 4987 3335 5042 dixit
3380 4988 3430 5042 ei
3469 5007 3483 5043 :

1912 5080 2236 5138 Benedictus
2268 5097 2329 5138 es
2353 5081 2563 5149 Agatho
2594 5095 2624 5134 a
2658 5078 2961 5134 Dominoin
2992 5079 3131 5134 coelo
3162 5088 3216 5134 ct
3243 5080 3484 5133 interra.

1914 5172 2239 5243 Levatisque
2296 5174 2474 5228 oculis
2507 5171 2679 5227 abbas
2734 5169 3010 5225 neminem
3045 5170 3282 5241 amplius
3332 5168 3486 5223 vidit.

1917 5264 2050 5318 Erat
2071 5266 2218 5320 e‘nim
2267 5266 2492 5336 angelus
2523 5261 2737 5319 Domini
2767 5262 2861 5334 qui
2889 5268 3117 5319 venerat
3146 5273 3202 5318 ut
3234 5260 3495 5335 probaret

1918 5372 2059 5411 cum.

320 5695 363 5727 “
387 5693 470 5747 Al.
493 5692 666 5749 inser.
700 5692 922 5757 εὐθέως,
1000 5692 1043 5725 ⁶¹
1075 5693 1159 5747 Al.
1190 5693 1355 5749 inser.
1399 5689 1755 5764 ἐρριμμένον.

1920 5688 2005 5742 Al.
2049 5687 2391 5749 πλακοῦντας
2427 5694 2480 5740 ct
2534 5686 2863 5741 πλακοῦντα.

327 5848 432 5920 (3t)
482 5846 586 5902 δἐι.
621 5847 777 5903 Patr.
814 5866 890 5917 xi,
919 5849 973 5905 2.

1998 5840 2104 5915 (55)
2137 5839 2361 5898 Dorotli.
2397 5839 2571 5893 Doctr.
2603 5856 2661 5905 it,
2698 5840 2751 5894 Si.
