3976 6332
1657 366 1998 424 ΛΡΡΕΝΒΙΧ

2169 365 2590 426 PALLADIUM.
3651 357 3761 413 1Ξο

2562 485 2701 556 Περὶ
2728 479 2835 541 τοῦ
2857 483 3009 541 ἁόϐᾶ
3034 484 3322 556 Ἀμμωνᾶ.

2225 607 2294 654 α’.
2325 601 2577 674 Ἀδελφδς
2606 600 2860 672 ἠρώτησε
2888 599 2980 652 τὸν
2999 597 3176 652 ἀ66ᾶν
3203 597 3521 669 ’Δμμωνᾶν,
3542 595 3745 667 λέγων·

2156 690 2289 745 Εἰπέ
2332 709 2420 762 μοι
2455 691 2626 762 ῥῆμα.
2654 691 2764 743 Kal
2783 690 2928 759 λέγει
2951 691 2980 743 ὁ
3000 690 3179 759 γέρων
3200 704 3212 717 ·
3244 689 3482 757 Ὕπαγε,
3513 689 3744 761 ποίησον

2151 783 2242 835 τὸν
2273 782 2530 853 λογισμόν
2588 800 2680 836 σου
2704 824 2718 847 ,
2763 782 2955 854 ὥσπερ
3012 783 3056 835 οἱ
3088 780 3385 851 κακοῦργοι
3409 781 3650 835 ποιοῦσιν
3685 782 3741 837 οι

2151 869 2302 932 ὄντες
2331 871 2389 922 ἐν
2413 873 2476 941 τῇ
2505 870 2737 942 φυλακῇ.
2770 872 3011 924 Ἐκεῖνοι
3039 870 3148 941 γὰρ
3179 869 3459 941 ἐρωτῶσιν
3490 870 3578 921 ἀεὶ
3608 870 3740 933 τοὺς

2150 961 2486 1032 ἀνθρώπους,
2520 961 2622 1015 ποῦ
2662 962 2807 1014 ἐστιν
2831 964 2859 1014 ὁ
2896 958 3121 1032 ἡγεμὼν
3167 961 3261 1012 καὶ
3312 960 3442 1011 πότε
3480 960 3737 1029 ἔρχεται,

2150 1054 2245 1106 καὶ
2275 1054 2382 1107 ἀπὸ
2412 1054 2514 1122 τῆς
2546 1053 2874 1124 προσδοκίας
2906 1051 3205 1105 κλαίουσιν.
3239 1048 3425 1111 Οὕτως
3455 1050 3550 1101 καὶ
3578 1052 3607 1102 ό
3638 1065 3740 1118 μο-

2148 1146 2310 1215 ναχὸς
2343 1146 2546 1214 ὀφείλει
2570 1145 2857 1205 διαπαντὸς
2891 1142 3198 1214 προσέχειν,
3230 1142 3323 1194 καὶ
3356 1140 3599 1211 ἐλέγχειν
3634 1140 3739 1209 τὴν

2148 1237 2339 1291 ἑαυτοῦ
2361 1238 2559 1308 ψυχὴν,
2589 1237 2762 1305 λέγων
2781 1257 2793 1268 θ
2824 1235 2960 1288 Οὐαί
2991 1252 3081 1305 μοι
3107 1236 3120 1287 l
3163 1232 3289 1295 Πῶς
3315 1232 3422 1302 ἔχω
3448 1231 3737 1303 παραστῆ-

2147 1345 2233 1382 ναι
2263 1327 2340 1398 τῷ
2359 1328 2562 1399 βήματι
2594 1328 2688 1381 τοῦ
2715 1325 2949 1397 Χριστοῦ
2973 1345 2987 1393 ;
3015 1326 3108 1378 καὶ
3133 1324 3252 1386 πῶς
3283 1323 3391 1393 ἔχω
3422 1322 3570 1393 αὐτῷ
3592 1325 3737 1375 ἀπο-

2145 1418 2507 1490 λογήσασθαι;
2551 1420 2674 1473 Ἐὰν
2707 1417 2881 1481 οὕτως
2909 1416 3210 1489 μελετήσῃς
3238 1413 3551 1477 διαπαντὸς,
3573 1412 3733 1466 δύνα-

493 367 595 428 ηε

961 483 1040 542 De
1068 484 1257 540 abbate
1297 486 1581 541 Ammona.
2082 490 2128 547 Α

551 600 605 654 ί.
638 598 753 672 (56)
787 598 981 656 Frater
1022 602 1383 672 interrogavit
1416 602 1667 659 abbatem
1701 606 2049 667 Ammonem,

480 691 715 746 dicens:
770 691 959 747 Profer
989 692 1124 746 mihi
1160 694 1408 749 verbum.
1460 693 1547 747 Ait
1604 708 1768 749 senex
1804 708 1819 747 :
1886 689 2048 756 Vade,

479 782 643 837 talem
674 782 813 837 habe
849 784 1257 855 cogitationem,
1289 785 1507 856 qualem
1525 786 1604 841 rei
1626 785 1717 856 qui
1752 786 1806 839 in
1831 799 2052 839 carcere

477 880 786 928 versantur.
811 873 892 928 llli
916 891 1153 947 namque
1176 892 1391 946 semper
1414 877 1755 946 interrogant
1789 875 2051 930 acceden-

479 969 561 1019 tes
583 965 752 1028 viros,
785 966 1006 1021 ubinam
1034 966 1194 1038 degat
1214 983 1434 1037 pratses,
1458 979 1512 1022 et
1538 968 1757 1038 quando
1786 979 2055 1022 venturus

478 1051 582 1116 sit;
607 1060 768 1121 atque
784 1068 849 1107 ex
874 1057 1279 1131 exspectatione
1310 1057 1545 1126 plorant.
1577 1056 1701 1111 Pari
1735 1055 1897 1111 modo
1926 1071 2048 1110 nio--

478 1142 687 1196 nachus
724 1143 883 1199 debet
911 1160 1124 1216 semper
1170 1146 1471 1210 attendere,
1519 1161 1583 1200 ac
1621 1147 1855 1199 animam
1891 1161 2046 1202 suam

476 1233 788 1304 objurgare,
823 1235 1053 1291 dicendo
1087 1255 1100 1291 :
1142 1234 1235 1291 Va:
1290 1238 1464 1291 mihi!
1523 1236 1805 1302 Quomodo
1857 1244 2048 1309 potero

476 1333 657 1378 astare
685 1324 751 1379 ad
784 1326 1023 1381 tribunal
1063 1328 1313 1383 Christi?
1346 1327 1549 1397 quidve
1598 1328 1810 1383 habebo
1858 1327 2048 1383 defen-

476 1414 648 1470 sionis
682 1430 867 1470 coram
890 1418 1023 1472 illo?
1053 1417 1109 1472 Si
1143 1419 1216 1473 ita
1251 1419 1475 1475 assidue
1519 1418 1814 1475 meditatus
1843 1418 2044 1486 fueris,

476 1508 680 1575 poteris
700 1510 961 1579 consequi
992 1512 1247 1566 salutem.

2148 1527 2238 1563 σαι
2272 1511 2530 1579 σωθῆναι.

548 1596 604 1653 2.
637 1598 747 1669 (57)
778 1599 1148 1656 Memorabant
1170 1603 1236 1657 de
1258 1603 1454 1659 abbate
1477 1603 1767 1669 Ammona,
1787 1601 1931 1672 quod
1955 1602 2039 1657 ba-

2219 1601 2283 1671 βν.
2320 1602 2545 1669 Ἔλεγον
2571 1601 2697 1673 περὶ
2722 1599 2815 1653 τοῦ
2841 1599 2989 1653 ἁ66ᾶ
3027 1597 3315 1669 Ἀμμωνᾶ,
3350 1595 3433 1648 ὅτι
3459 1593 3554 1648 καὶ
3586 1592 3755 1663 βασισ

474 1688 718 1744 siliscum
749 1692 1030 1746 occiderit.
1078 1692 1213 1748 Nam
1244 1694 1522 1765 profectus
1575 1696 1632 1749 in
1669 1694 1953 1750 desertum
1976 1695 2039 1749 ad

2144 1690 2329 1746 λίσκον
2355 1693 2694 1746 ἀπέκτεινεν.
2747 1690 3020 1744 ’Λπελθὼν
3042 1690 3151 1760 γὰρ
3180 1691 3259 1751 είς
3283 1687 3379 1757 τὴν
3405 1686 3610 1757 ἔρημον
3639 1685 3743 1737 ἁν-

470 1777 827 1834 hauriendam
860 1796 1055 1852 aquam
1082 1799 1112 1838 e
1134 1785 1275 1848 lacu,
1304 1800 1429 1839 cum
1455 1784 1679 1840 vidisset
1701 1785 2039 1850 basiliscum,

2146 1783 2340 1853 τλῆσαι
2372 1781 2516 1852 ὕδωρ
2548 1783 2655 1835 ἀπὸ
2684 1781 2908 1846 λάκκου,
2959 1780 3054 1833 καὶ
3104 1776 3226 1831 ίδὼν
3253 1777 3344 1829 τὸν
3399 1775 3731 1845 βασιλίσκον,

475 1886 595 1927 sese
626 1872 680 1927 in
714 1872 909 1929 faciem
963 1876 1276 1945 prostravit,
1328 1891 1393 1931 ac
1421 1876 1599 1931 dixit:
1639 1875 1888 1940 Domine,
1948 1887 2039 1933 aut

2147 1843 2336 1928 ἔϐαλεν
2365 1843 2528 1928 αὑτδν
2554 1874 2647 1926 ἐπὶ
2680 1843 2969 1944 πρόσωπον
2989 1911 3004 1935 ,
3040 1870 3212 1938 λέγων
3234 1884 3248 1898 ⁸
3296 1843 3468 1938 Κύριε
3486 1907 3501 1931 ,
3544 1868 3595 1919 εί
3620 1865 3741 1936 ἐγὼ

469 1977 570 2033 ego
603 1966 829 2031 moriar,
884 1975 978 2021 aut
1012 1967 1136 2025 iste.
1174 1969 1479 2040 Statimque
1512 1968 1809 2027 basiliscus
1843 1972 2039 2029 virtute

2144 1966 2249 2038 ἔχω
2277 1965 2590 2029 ἀποθανεῖν,
2629 1965 2662 2036 ἢ
2694 1958 2869 2024 οὗτος.
2898 1962 3010 2016 Kal
3037 1961 3238 2024 εὐθέως
3261 1960 3290 2012 ὁ
3317 1957 3627 2029 βασιλίσκος
3665 1961 3735 2012 ἔνι

470 2052 672 2109 Christi
697 2056 932 2126 crepuit.

2144 2056 2206 2125 τῇ
2239 2053 2463 2124 δυνάμει
2488 2052 2579 2106 τοῦ
2603 2051 2839 2124 Χριστοῦ
2864 2050 3148 2124 mappam.

538 2138 592 2197 3.
628 2144 740 2215 (58)
773 2146 915 2201 Dixit
939 2147 1110 2204 abbas
1136 2150 1465 2207 Ammonas:
1492 2150 1597 2208 Per
1624 2154 2039 2225 quatuordecim

2210 2152 2276 2215 γ’.
2311 2142 2479 2199 Εἶπεν
2503 2147 2530 2199 ὁ
2559 2144 2732 2208 ἁὸὅᾱς
2756 2145 3072 2215 Ἀμμωνᾶς,
3101 2143 3184 2195 ὅτι
3211 2140 3593 2210 Δεκατέσσαρα
3619 2138 3725 2208 ἔτη,

469 2247 644 2289 annos
669 2234 725 2289 in
757 2233 903 2291 Sceti
934 2246 1306 2293 commoratus
1334 2241 1484 2295 oravi
1514 2240 1680 2296 Deum
1719 2241 1808 2297 die
1848 2258 1912 2297 ac
1941 2259 2039 2299 no-

2144 2239 2372 2308 ἒποίησα
2395 2240 2450 2290 ὲν
2476 2236 2942 2309 Σκήτειδεόμενος
2967 2233 3061 2289 τοῦ
3085 2233 3220 2288 Θεοῦ
3251 2234 3444 2297 νυκτὸς
3473 2233 3567 2286 καὶ
3588 2233 3729 2304 ἠμέ-

468 2330 575 2386 cte,
612 2333 667 2378 ut
699 2325 831 2378 mihi
861 2326 968 2380 vim
1000 2327 1291 2398 largiretur
1320 2330 1575 2384 vincendi
1599 2334 1757 2387 iram.

2144 2347 2262 2402 ρας,
2298 2330 2383 2382 ἵνα
2421 2347 2510 2401 μοι
2539 2328 2827 2400 χαρίσηται
2858 2329 3077 2398 νικῆσαι
3112 2327 3209 2398 τὴν
3247 2327 3437 2398 ὀργήν.

535 2416 591 2472 4.
626 2417 738 2486 (59)
769 2416 1025 2473 Narravit
1062 2419 1287 2490 quidam
1315 2422 1558 2487 Patrum,
1601 2424 1747 2494 quod
1771 2426 1838 2480 ad
1868 2425 2038 2482 Cellia

2208 2421 2269 2475 δ’.
2294 2420 2601 2492 Διηγήσατό
2628 2438 2710 2483 τις
2751 2419 2857 2473 τῶν
2880 2420 3161 2491 Πατέρων,
3210 2419 3291 2472 ὅτι
3331 2416 3398 2491 ἦν
3436 2436 3520 2482 τις
3544 2417 3737 2488 γέρωνι

465 2513 587 2564 erat
642 2509 841 2578 aliquis
891 2525 1060 2565 senex
1092 2511 1421 2579 laboriosus,
1456 2513 1636 2570 ferens
1689 2525 1934 2572 mattam.
1986 2518 2039 2573 ls

2144 2511 2359 2575 πονικὸς
2383 2514 2460 2575 είς
2493 2511 2561 2564 τά
2582 2511 2782 2564 Κελλία
2806 2511 2940 2582 (40),
2971 2511 3154 2582 φορῶν
3176 2510 3389 2580 ψιάθιον
3411 2530 3423 2542 ·
3456 2511 3551 2563 καὶ
3566 2508 3729 2562 ἀπελ-

466 2600 657 2656 abiens
700 2603 849 2657 venit
882 2603 951 2657 ad
998 2604 1250 2660 abbatem
1284 2606 1629 2662 Ammonam.
1663 2609 1767 2675 Qui
1803 2627 2038 2667 cernens

2144 2603 2246 2657 θὼν
2276 2602 2551 2675 παρέϐαλε
2596 2601 2675 2672 τῷ
2719 2602 2865 2674 άϐὅᾷ
2909 2603 3193 2673 Ἀμμωνᾷ.
3230 2598 3350 2655 Εῐδε
3397 2601 3454 2654 δὲ
3489 2599 3651 2653 αὑτὸν
3697 2601 3729 2653 ὁ

465 2707 591 2747 eum
623 2703 791 2749 malta
824 2698 1102 2761 vestitum,
1142 2699 1315 2753 dixit:
1346 2699 1471 2755 Haec
1495 2698 1594 2755 tibi
1628 2702 1759 2756 nihil
1792 2702 2035 2772 prodest.

2144 2697 2317 2765 γέρων
2343 2692 2614 2765 φοροῦντα
2636 2693 2698 2746 τὸ
2725 2692 2959 2763 ψιάθιον,
2998 2693 3090 2746 καὶ
3134 2692 3286 2760 λέγει
3323 2690 3472 2760 αὑτῷ
3491 2705 3505 2719 '
3550 2688 3729 2742 Τοῦτο

468 2784 825 2857 Interrogavit
858 2798 1039 2844 autem
1079 2805 1270 2855 senex,
1307 2791 1540 2847 dicens:
1575 2791 1710 2847 Tres
1750 2793 2038 2864 cogitatio-

2144 2787 2288 2841 οὐδέν
2322 2803 2381 2838 σε
2415 2786 2634 2855 ὠφελεῖ.
2670 2786 2781 2839 Kal
2816 2783 3103 2859 ἠρώτησεν
3150 2784 3310 2839 αὐτὸν
3338 2785 3367 2836 ὁ
3389 2783 3563 2852 γέρων
3586 2779 3724 2847 ,λέ-

467 2890 563 2930 nes
589 2876 720 2930 mihi
746 2876 957 2933 faciunt
985 2881 1314 2946 molestiam,
1355 2883 1438 2936 vel
1468 2898 1564 2952 per
1589 2883 1914 2939 solitudines
1944 2900 2039 2937 va-

2144 2895 2250 2948 γων
2271 2894 2283 2907 ·
2322 2879 2483 2949 Τρεῖς
2513 2877 2763 2946 λογισμοὶ
2794 2876 3009 2946 ὀχλοῦσί
3046 2891 3171 2947 μοι·
3204 2874 3320 2946 ἢτὸ
3344 2872 3639 2936 πλάζεσθαι
3663 2873 3735 2923 ὲν»

465 2968 603 3037 gari,
635 2970 719 3023 vel
744 2970 809 3024 ad
837 2972 1180 3041 peregrinum
1214 2973 1394 3026 locum
1422 2974 1594 3038 abire,
1625 2974 1717 3027 ubi
1751 2990 1912 3028 nemo
1943 2990 2037 3030 co-

2144 2974 2254 3032 ταῖς
2278 2970 2505 3038 ἐρήμοις
2526 2969 2571 2999 ⁸⁸
2589 2968 2731 3037 (41),
2757 2967 2790 3037 ἢ
2821 2968 2905 3019 ἵνα
2935 2967 3154 3019 ἀπέλθω
3182 2967 3273 3018 ἐπὶ
3290 2964 3445 3034 ξένης
3462 2965 3594 3018 ὅπου
3624 2964 3724 3016 οὑρ

465 3068 689 3126 gnoscat
719 3075 838 3125 me;
865 3061 948 3114 vel
973 3060 1207 3129 denique
1238 3070 1297 3115 ut
1330 3063 1381 3116 in
1403 3064 1593 3116 cellam
1621 3078 1706 3117 me
1735 3064 2033 3129 includam,

2136 3060 2247 3121 δείς
2281 3076 2348 3129 με
2377 3056 2752 3127 ἐπιγινώσκει,
2789 3057 2821 3126 ἦ
2851 3057 2937 3109 ἵνα
2966 3056 3230 3123 ἑγκλείσω
3259 3058 3450 3108 ἑαυτὸν
3478 3057 3557 3118 είς
3590 3054 3723 3107 κελ-

465 3160 763 3201 occurrens
804 3147 1033 3210 nemini,
1083 3162 1148 3201 ac
1180 3155 1302 3217 post
1334 3148 1557 3202 biduum
1583 3148 1898 3204 comedens.
1946 3151 2037 3204 Ait

2144 3148 2271 3215 λίον,
2323 3149 2417 3203 καὶ
2469 3147 2657 3218 μηδενὶ
2696 3147 3012 3216 άπαντήσω,
3051 3145 3138 3198 διὰ
3165 3145 3257 3198 δύο
3285 3146 3498 3199 ἐσθίων.
3556 3145 3724 3214 Λέγει

465 3239 549 3293 illi
573 3239 743 3294 abbas
789 3239 1128 3296 Antmonas:
1164 3241 1379 3306 Nullum
1404 3257 1435 3296 e
1469 3242 1646 3295 tribus
1704 3242 1924 3312 expedit
1976 3251 2037 3296 ut

465 3327 673 3394 facias;
711 3328 805 3384 sed
837 3330 1019 3400 potius
1053 3332 1182 3388 sede
1212 3333 1267 3387 in
1300 3333 1436 3387 cella
1467 3342 1557 3387 tua
1577 3373 1591 3398 ,
1634 3345 1688 3389 et
1721 3350 1912 3404 parum
1940 3351 2036 3390 co-

465 3418 619 3472 mede
638 3418 872 3489 singulis
894 3420 1087 3475 diebus
1109 3438 1122 3474 :
1145 3430 1306 3492 atque
1326 3424 1524 3477 habeto
1551 3438 1768 3493 semper
1792 3424 1846 3478 in
1869 3425 2041 3480 corde

446 3520 561 3562 .tuo
586 3508 862 3578 publicani
899 3524 1208 3567 sermonem
1236 3512 1303 3577 ⁸³,
1327 3515 1639 3584 poterisque
1675 3514 1860 3570 salvus
1891 3514 2030 3570 tieri.

535 3685 589 3740 5.
627 3683 909 3742 Fratribus
946 3689 1147 3744 accidit
1199 3688 1419 3746 amictio
1452 3691 1506 3744 in
1547 3691 1668 3748 loco
1720 3707 1937 3759 eorum;
1970 3706 2034 3748 ac

464 3777 712 3834 volentes
745 3778 925 3834 locum
946 3782 1256 3853 relinquere
1277 3782 1504 3852 profecti
1527 3791 1655 3837 sunt
1683 3783 1749 3837 ad
1781 3784 2031 3838 abbatem

464 3874 807 3929 Ammonem.
828 3874 968 3932 Ecce
998 3884 1178 3931 autem
1212 3892 1380 3932 senex
1410 3877 1627 3947 navigio
1642 3877 2029 3932 devehebatur.

465 3964 569 4032 Qui
591 3967 781 4023 videns
804 3968 928 4025 illos
951 3970 1018 4024 ad
1048 3968 1460 4025 ﬂuminislittus
1488 3970 1591 4024 iter
1622 3980 1866 4041 agentes,
1895 3970 2035 4024 dixit

465 4059 650 4114 nautis
685 4077 700 4113 :
741 4058 826 4116 Me
850 4059 918 4115 ad
952 4069 1154 4116 terram
1192 4061 1476 4117 demittite.
1513 4060 1579 4115 Et
1606 4061 1814 4116 vocatis
1849 4060 2036 4115 fratri-

466 4150 591 4217 bus,
623 4150 763 4204 dixit
801 4153 883 4208 eis
917 4171 931 4208 :
964 4150 1076 4223 Ego
1108 4168 1229 4209 sum
1261 4153 1586 4218 Ammonas,
1634 4168 1796 4223 quem
1834 4168 2035 4208 conve-

464 4243 584 4299 nire
608 4243 829 4312 cupitis.
850 4242 1179 4315 Solatusque
1210 4244 1454 4313 ipsorum
1479 4244 1665 4309 corda,
1698 4245 1909 4299 remisit
1938 4259 2033 4299 eos

465 4333 609 4387 unde
640 4344 921 4388 venerant.
973 4331 1094 4388 Non
1119 4334 1265 4388 enim
1294 4334 1442 4403 quod
1474 4336 1777 4406 contigerat
1800 4335 2034 4391 nocebat

463 4423 683 4489 animae,
721 4422 815 4477 sed
846 4421 1087 4477 humana
1119 4430 1239 4477 erat
1268 4424 1508 4477 vexatio.

535 4598 591 4652 6.
618 4595 781 4653 Venit
806 4595 1101 4667 aliquando
1129 4595 1300 4651 abbas
1326 4594 1623 4651 Ammonas
1666 4604 1725 4651 ut
1753 4597 2033 4666 trajiceret

464 4688 689 4751 ﬂumen,
731 4702 797 4741 ac
844 4697 1060 4757 reperto
1098 4687 1367 4742 instructo
1386 4696 1745 4756 promptoque
1775 4694 2030 4755 pontone,

465 4779 692 4836 assedit.
737 4779 879 4834 Ecce
905 4787 1084 4834 autem
1121 4779 1228 4833 alia
1267 4778 1444 4842 navis,
1468 4793 1533 4833 eo
1559 4779 1813 4843 deducta,
1852 4790 2033 4834 vecto-

465 4889 555 4928 res
603 4872 930 4942 trajiciebat.
964 4871 1162 4933 Dicunt
1192 4871 1281 4925 ei:
1331 4868 1467 4925 Veni
1519 4871 1706 4934 etiam,
1760 4877 1815 4923 tu
1867 4870 2029 4934 abba,

467 4963 660 5033 trajice
691 4964 995 5018 nobiscum.
1022 4962 1321 5032 Respondit
1351 4961 1441 5016 ille
1469 4980 1482 5016 :
1510 4959 1624 5015 Nisi
1661 4961 1715 5014 in
1749 4962 2028 5030 publicum

467 5062 760 5126 pontonem
796 5070 906 5109 non
936 5055 1192 5109 ascendo.
1227 5052 1470 5108 Habebat
1494 5060 1673 5107 autem
1706 5052 2029 5109 fasciculum

467 5148 804 5217 palmeorum
837 5146 1298 5209 ramusculorum,
1332 5154 1386 5198 et
1417 5142 1640 5199 sedebat
1692 5146 1921 5214 plectam
1957 5154 2036 5201 te-

539 5307 584 5339 “
616 5306 748 5362 Luc.
774 5321 929 5369 xvm,
953 5304 1040 5359 25.
1117 5302 1165 5334 ⁸⁸
1200 5302 1286 5357 Al.
1318 5300 1641 5366 πελάζεσθαι
1672 5302 1729 5357 ὲν
1754 5306 1818 5375 τῇ
1858 5303 2069 5375 ἐρήμῳ.

540 5440 651 5523 (56)
683 5440 796 5523 ﬁt;
819 5438 973 5493 Patr.
1012 5454 1093 5506 ιιι,
1116 5437 1184 5506 2;
1211 5435 1270 5493 L.
1297 5437 1523 5493 Climac.
1543 5452 1597 5508 p.
1619 5437 1744 5503 418,
1775 5439 2030 5495 Anastas.

469 5509 663 5584 quast.
694 5509 818 5563 155.

542 5583 652 5651 (57)
695 5579 802 5651 Ϊὶι.
833 5579 987 5651 Patr.
1016 5595 1098 5642 in,
1129 5578 1256 5651 2J4.

544 5649 649 5718 (58)
693 5649 795 5703 Vit.
833 5649 983 5703 Patr.
1027 5664 1121 5712 vn,
1157 5649 1209 5702 5.

538 5723 651 5791 (δυ)
694 5720 798 5773 vn.
837 5719 991 5774 Patr.
1030 5736 1086 5778 κ.
1120 5720 1205 5791 ιθ.

538 5782 651 5852 ltili
681 5793 780 5856 Είς
805 5791 877 5845 τὰ
905 5791 1148 5845 Κελλιά.
1196 5782 1461 5856 Pelagius,
1494 5787 1547 5841 in
1580 5787 1732 5842 cella.
1758 5786 1906 5842 Cella
1936 5802 2034 5858 pro

2136 3240 2285 3312 αὐτῷ
2309 3241 2337 3293 ὁ
2362 3239 2534 3302 ά66ἄς
2569 3238 2895 3309 ’Δμμωνᾶς·
2926 3236 3091 3289 Οὐδὲν
3130 3238 3194 3289 ὲκ
3228 3236 3334 3289 τῶν
3373 3236 3541 3307 τριῶν
3583 3254 3723 3307 συμ-

2134 3332 2288 3404 φέρει
2315 3348 2396 3385 σοι
2420 3331 2643 3402 ποιῆσαι
2667 3346 2681 3359 ·
2711 3329 2845 3383 ἀλλὰ
2880 3327 3078 3400 μᾶλλον
3105 3327 3272 3381 κάθου
3301 3329 3382 3391 εἰς
3418 3327 3479 3381 τὸ
3505 3328 3731 3382 κελλίονι

2135 3441 2252 3489 σου,
2284 3424 2379 3477 καὶ
2414 3422 2559 3475 ἔσθιε
2591 3421 2786 3493 μικρὸν
2818 3422 2940 3474 καθ’
2966 3420 3182 3492 ἡμέραν
3204 3438 3217 3452 °
3247 3421 3340 3474 καὶ
3369 3419 3459 3491 ἔχε
3491 3419 3722 3474 διαπαν-

2132 3515 2223 3578 τὸς
2251 3514 2342 3567 τὸν
2368 3513 2524 3582 λόγον
2547 3512 2641 3566 τοῦ
2665 3511 2897 3567 τελώνου
2930 3513 2987 3567 ἐν
3015 3515 3080 3584 τῇ
3109 3512 3309 3584 καρδία
3339 3528 3431 3564 σου
3455 3528 3468 3543 ·
3510 3511 3606 3565 καὶ
3624 3510 3720 3564 δύ-

2133 3620 2294 3658 νασαι
2334 3602 2596 3673 σωθῆναι.

2202 3702 2266 3752 ε’.
2310 3695 2581 3764 Ἀδελφοῖς
2609 3690 2806 3765 συνέϐη
2838 3692 3014 3763 θλῖψις
3032 3695 3089 3747 ὲν
3118 3691 3196 3765 τῷ
3227 3693 3378 3765 τόπῳ
3397 3692 3598 3757 αὐτῶν,
3618 3692 3728 3747 καὶ

2133 3787 2376 3851 θέλοντες
2404 3786 2720 3841 καταλιπεῖν
2751 3786 2932 3851 αὐτὸν,
2960 3784 3201 3856 ἀπῆλθον
3237 3785 3375 3856 πρὸς
3406 3785 3498 3839 τὸν
3539 3783 3718 3841 ἀὸϐᾶν

2144 3881 2455 3952 Ἀμμωνᾶν.
2487 3879 2596 3932 Kal
2618 3878 2727 3931 ίδοὺ
2757 3880 2786 3932 ὁ
2823 3878 3000 3948 γέρων
3022 3876 3308 3941 κατέπλεε,
3344 3878 3439 3931 καὶ
3468 3874 3590 3931 ἰδὼν
3613 3876 3716 3931 αὐ-

2128 3974 2256 4037 τοὺς
2283 3972 2432 4044 παρὰ
2459 3971 2556 4043 τὴν
2593 3971 2760 4043 ὅχθαν
2805 3970 3088 4034 ὁδεύοντας
3132 3969 3225 4023 τοῦ
3271 3969 3537 4040 ποταμοῦ,
3590 3964 3718 4023 εἷπε

2130 4067 2244 4128 τοῖς
2276 4064 2529 4127 ναύταις·
2562 4063 2763 4117 Βάλε-τέ
2799 4080 2866 4132 με
2908 4064 2989 4126 είς
3035 4061 3135 4132 τὴν
3171 4062 3296 4132 γῆν.
3326 4063 3435 4114 Καὶ
3477 4059 3718 4125 καλέσας

2131 4156 2256 4219 τοὺς
2283 4154 2540 4224 ἀδελφοὺς
2585 4149 2739 4207 εἶπεν
2780 4154 2998 4216 αὐτοῖς’
3047 4151 3187 4221 Ἐγώ
3237 4154 3352 4222 εἰμι
3396 4151 3713 4222 ’Δμμωνᾶς,

2134 4246 2270 4318 πρὸς
2305 4246 2364 4301 ὃν
2397 4245 2578 4300 θέλετε
2605 4244 2802 4300 ἐλθεῖν.
2827 4245 2939 4298 Καὶ
2976 4242 3366 4315 παρακαλέσας
3404 4241 3583 4296 αὐτῶν
3613 4241 3721 4305 τὰς

2131 4335 2378 4408 καρδίας,
2403 4336 2657 4406 ἐποίησεν
2690 4335 2885 4397 αὐτοὺς
2919 4334 3258 4406 ὑποστρέψαι
3304 4333 3427 4387 ὅθεν
3466 4332 3712 4403 ἐξῆλθον.

2132 4423 2206 4476 Οὐ
2233 4423 2337 4493 γὰρ
2364 4418 2478 4492 εἶχε
2505 4421 2568 4474 τὸ
2599 4423 2829 4494 πρᾶγμα
2872 4421 3075 4493 ζημίαν
3117 4422 3323 4493 ψυχῆς.
3357 4421 3495 4477 ἀλλὰ
3531 4421 3722 4491 θλίψιν

2064 4516 2109 4572 D
2136 4513 2504 4584 ἀνθρωπίνην.

2204 4608 2280 4665 ς’.
2310 4597 2478 4654 Ἦ).θέ
2504 4618 2632 4654 ποτε
2653 4603 2681 4655 ὁ
2717 4601 2890 4664 άῧδᾶς
2923 4603 3217 4674 Ἀμμωνᾶς
3239 4605 3471 4675 περάσαι
3497 4604 3588 4658 τὸν
3615 4602 3719 4659 πο-

2130 4692 2322 4763 ταμὸν,
2350 4695 2444 4745 καὶ
2471 4685 2596 4764 εὗρε
2622 4693 2684 4745 τὸ
2715 4682 3009 4763 πορθμεῖον
3039 4695 3467 4767 φιλοκαλημένον
3506 4698 3551 4729 ⁸⁸
3571 4737 3586 4760 ,
3617 4698 3719 4751 καὶ

2131 4782 2514 4855 ωρεκαθέσθη
2541 4783 2707 4854 αὐτῷ·
2734 4782 2829 4835 καὶ
2851 4783 2959 4836 ἰδοὺ
2983 4783 3107 4838 ἄλλο
3126 4784 3331 4853 σκάφος
3345 4787 3423 4847 εἰς
3439 4785 3530 4837 τὸν
3550 4788 3718 4841 τόπον

2131 4871 2284 4947 ἦλθε,
2300 4877 2395 4930 καὶ
2408 4876 2644 4947 ἐπέρασε
2670 4877 2797 4939 τοὺς
2815 4877 2972 4939 ὄντας
2989 4876 3326 4949 ἀνθρώπους.
3342 4877 3453 4931 Καὶ
3467 4877 3718 4947 λέγουσιν

2137 4966 2285 5038 αὑτῷ
2304 4984 2317 4997 ’
2343 4966 2513 5039 Δεῦρο
2537 4967 2629 5021 καὶ
2656 4968 2719 5020 σὺ
2749 4967 2912 5029 ἀδεᾶ,
2944 4967 3179 5039 πέρασον
3208 4968 3324 5038 μεθ’
3351 4968 3526 5039 ἡμῶν.
3575 4970 3634 5024 '0
3655 4970 3716 5026 δὲ

2136 5058 2317 5126 λέγει’
2341 5058 2404 5111 El
2423 5059 2497 5128 μὴ
2526 5059 2606 5121 είς
2623 5058 2683 5111 τὸ
2707 5057 2962 5128 δημόσιον
2985 5056 3276 5128 πορθμεῖον
3291 5059 3390 5112 οὐκ
3416 5059 3715 5117 ἀναϐαίνω.

2139 5143 2268 5219 Εἶχε
2299 5146 2358 5201 δὲ
2393 5147 2599 5219 δέσμην
2639 5147 2891 5217 θαλλίων,
2935 5148 3030 5203 zeal
3070 5147 3305 5219 ἐκάθητο
3336 5151 3551 5206 πλέκων
3605 5170 3719 5207 σει-

2144 5305 2190 5338 ⁶⁸
2213 5305 2299 5361 Al.
2325 5306 2653 5380 πεφιλοκαλη
2662 5308 2844 5379 μένον.

2137 5438 2328 5514 Gellia.
2362 5439 2552 5514 Locus
2567 5447 2650 5497 est
2680 5442 2912 5498 celebris
2937 5442 2992 5496 in
3013 5441 3234 5514 Egypti
3258 5457 3465 5514 eremo.
3505 5458 3537 5499 a
3576 5449 3716 5500 mul-

2135 5511 2372 5582 titudine
2398 5512 2720 5567 cellularum
2749 5511 3136 5582 nuncupatus,
3156 5511 3349 5577 Cellia,
3380 5513 3563 5581 Cellae,
3589 5515 3715 5570 σει-

2136 5580 2320 5728 Titii)
2356 5648 2428 5728 Id
2458 5649 2785 5728 agdéjeo'ﬂat
2830 5651 2901 5705 ἐν
2960 5652 3090 5718 ταῖς
3109 5651 3384 5728 ρρήμρις.
3417 5653 3721 5728 interpres

2136 5716 2276 5849 icdegl
2302 5716 2325 5770 ἐ
2358 5716 2425 5772 Ut
2455 5722 2652 5775 alicubi
2683 5724 2734 5776 in
2760 5737 2931 5776 eremo
2971 5716 3245 5777 recedam:
3269 5716 3508 5796 Legebat
3582 5716 3751 5780 πελά»

2172 5805 2230 5840 εσ
2267 5805 2345 5844 αι.
