3976 6332
196 400 295 463 ηε

1307 403 1927 462 ΑΡΟΡΗἸῊΕΕΜΛΥΑ.
1962 404 2277 461 ΡΑἸΤΒΕΜ.

3358 413 3462 469 122

195 517 316 590 pav,
336 516 434 569 καὶ
466 514 630 568 πάλιν
645 513 786 567 λύων
802 514 993 585 αὐτὴν,
1012 515 1117 578 ἓως
1158 509 1219 570 οὗ
1248 516 1438 586 γέγονε
1471 516 1530 570 τδ
1552 519 1598 551 ⁸⁸
1650 536 1785 590 πορ-
1815 571 1819 581 ι

1925 534 2042 587 ens,
2094 520 2406 587 iterumque
2438 516 2669 571 solvens
2690 531 2838 583 eam,
2870 519 3113 589 quandiu
3149 520 3467 590 in.pootono

202 608 415 678 θμεῖον.
468 606 580 660 Kal
614 606 790 670 οὕτως
837 598 1125 677 ἐπέρασεν.
1183 609 1412 663 Ἔϐαλον
1443 605 1535 663 οὖν
1563 611 1711 682 αὐτῷ
1735 615 1784 666 οί

196 697 413 767 ἀδελφοὶ
439 698 753 768 μετάνοιαν,
782 698 1029 766 λέγοντες
1050 717 1062 729 ·
1089 698 1154 751 Τί
1181 698 1340 753 τοῦτο
1367 700 1658 771 ἐποίησας;
1678 704 1787 756 Kal.

198 789 347 857 λέγει
377 789 566 851 αὐτοῖς
593 790 622 840 6
642 788 820 859 γέρων
841 803 857 817 ⁶
892 790 1009 842 Ἵνα
1033 789 1107 859 μὴ
1132 789 1365 843 πάντοτε
1395 792 1788 857 σπουδάζοντος

198 881 288 934 τοῦ
321 880 587 951 λογισμοῦ
623 880 930 951 περιπατῶ.
978 880 1140 934 Ἀλλά
1172 883 1266 935 καὶ
1300 882 1457 936 τοῦτο
1483 883 1790 954 ὑπόδειγμα

200 975 371 1036 ἐστιν,
404 973 491 1025 ἵνα
519 970 659 1042 μετά
685 972 1071 1036 καταστάσεως
1100 971 1408 1044 βαδίζωμεν
1432 974 1531 1045 τὴν
1553 973 1669 1028 ὁδὸν
1688 974 1793 1045 τοῦ

201 1063 360 1119 Θεοῦ.

273 1156 342 1219 ζ’.
385 1155 621 1227 Ἀπῆλθέ
664 1171 792 1208 ποτε
824 1156 852 1208 6
882 1154 1054 1219 ἀϐϐἄς
1115 1156 1407 1227 Ἀμμωνᾶς
1457 1154 1791 1227 παραϐαλεῖν

202 1250 279 1320 τῷ
301 1248 454 1320 ἀϐϐᾷ
485 1248 775 1319 Ἀντωνίῳ,
800 1246 896 1301 καὶ
917 1247 1196 1318 ἐπλανήθη
1218 1248 1316 1319 τὴν
1360 1248 1505 1302 ὁδόν·
1536 1249 1629 1301 καὶ
1658 1248 1792 1300 καθ-

212 1343 333 1407 ίσας
371 1342 644 1414 ἐκοιμήθη
680 1342 907 1414 μικρόν·
960 1345 1053 1396 καὶ
1098 1344 1335 1407 ἀναστὰς
1365 1345 1429 1396 ἐκ
1454 1343 1548 1396 τοῦ
1598 1343 1789 1409 ὕπνου,

204 1435 404 1501 εὔξατο
432 1434 513 1505 τῷ
544 1434 684 1504 Θεῷ,
737 1434 941 1504 λέγων·
969 1434 1173 1505 Δέομαί
1206 1452 1298 1487 σου
1322 1475 1337 1496 ,
1370 1434 1542 1505 Κύριε
1589 1438 1617 1488 6
1661 1435 1793 1500 Θεός

210 1544 334 1598 μου,
373 1527 452 1597 μὴ
480 1523 755 1597 ἀπολέσῃς
780 1526 842 1578 τὸ
881 1525 1110 1595 πλάσμα
1146 1542 1261 1578 σου.
1300 1526 1410 1578 Kal.
1447 1524 1605 1595 ὤφθη
1645 1525 1794 1598 αὑτῷ

206 1620 281 1682 ὡς
314 1620 442 1690 χεὶρ
472 1616 759 1689 ἀνθρώπου
808 1618 1136 1688 κρεμαμένη
1174 1618 1241 1671 ἐκ
1263 1616 1358 1671 τοῦ
1388 1617 1639 1687 οὐρανοῦ,
1687 1618 1795 1671 δει-

209 1709 450 1766 κνύουσα
477 1708 627 1780 αὑτῷ
655 1707 753 1780 τὴν
789 1708 929 1772 ὁδὸν,
957 1709 1063 1772 ἕως
1084 1701 1145 1762 οὗ
1188 1705 1322 1781 ἦλθε
1353 1710 1448 1763 καὶ
1490 1709 1620 1782 ἔστη
1656 1710 1797 1765 κατὰ

209 1802 303 1855 τοῦ
333 1800 606 1871 σπηλαίου
628 1798 721 1853 τοῦ
748 1799 891 1853 ἀϐϐᾱ
929 1798 1233 1854 Ἀντωνίου.

1889 613 2060 664 stetit.
2111 609 2291 680 Atque
2340 608 2414 662 ita
2470 607 2713 661 transiit.
2754 605 2928 678 Igitur
2981 608 3182 666 fratres
3236 626 3468 682 corpore

1888 702 2031 755 ﬂexo
2069 702 2358 770 petierunt,
2398 714 2498 754 cur
2524 699 2576 753 id
2603 698 2844 754 fecisset.
2872 701 2961 753 Ait
2993 716 3159 755 senex
3189 721 3202 756 :
3228 700 3305 756 Ne
3323 718 3466 758 scm-

1889 805 1985 860 per
2018 790 2227 844 intenta
2264 799 2444 843 mente
2473 789 2806 844 incederem.
2845 789 2950 844 Sed
2978 800 3032 844 et
3067 790 3197 845 illud
3220 784 3502 863 exemplo'

1889 888 1995 945 est,
2033 881 2111 934 uti
2151 880 2454 949 composite
2480 879 2542 934 in
2566 880 2653 935 via
2684 879 2781 936 Dei
2815 881 3151 951 gradiamur.

1972 1160 2027 1215 7.
2067 1158 2350 1214 Profectus
2371 1159 2667 1230 aliquando
2693 1159 2863 1214 abbas
2902 1161 3196 1214 Ammonas
3225 1159 3290 1214 ad
3318 1161 3477 1216 abba-

1892 1261 2000 1308 tem
2028 1252 2351 1317 Antoniuin,
2378 1267 2408 1304 a
2438 1252 2525 1305 via
2576 1251 2887 1316 aberravit;
2916 1250 3221 1319 sedensque
3248 1249 3473 1305 dormiit

1893 1361 2187 1416 parumper
2218 1364 2231 1399 :
2268 1346 2393 1398 dein
2428 1359 2458 1397 e
2510 1359 2707 1398 somno
2728 1344 3023 1409 excitatus,
3052 1343 3226 1395 oravit
3261 1341 3427 1397 Deum
3456 1356 3491 1393 .‘

1893 1439 1973 1494 sic
2001 1454 2014 1487 :
2047 1436 2291 1492 Obsecro
2322 1445 2396 1499 te,
2431 1435 2659 1491 Domine
2691 1434 2835 1489 Deus
2863 1450 3036 1496 incus,
3062 1450 3131 1489 ne
3165 1446 3471 1488 creaturam

1896 1537 2042 1583 tuam
2073 1528 2300 1598 patiaris
2327 1527 2525 1595 perire.
2551 1524 2705 1578 Tunc
2737 1525 2992 1594 apparuit
3015 1524 3064 1578 ei
3098 1524 3246 1578 velut
3281 1539 3475 1577 manus

1894 1620 2134 1675 hominis
2151 1635 2181 1673 e
2205 1619 2346 1673 ccelo
2364 1631 2654 1687 suspensa,
2680 1615 2983 1670 ostendens
3006 1615 3173 1680 viam,
3192 1630 3477 1685 quousque

1896 1711 2238 1782 pervenisset
2276 1724 2340 1763 ac
2378 1708 2625 1764 stetisset
2663 1714 2791 1760 ante
2830 1705 3046 1759 abbatis
3086 1705 3310 1760 Antonii
3355 1721 3481 1776 spc-

1897 1803 2137 1857 luncam.

278 1899 352 1964 η’.
386 1891 577 1963 Τούτῳ
604 1890 682 1963 τῷ
709 1890 856 1962 ἀϐϐᾷ
903 1891 1170 1962 Ἀμμωνᾷ
1207 1892 1615 1963 προεφήτευσεν
1640 1893 1669 1946 ὀ
1696 1891 1797 1946 ἀϐ-

1970 1893 2025 1947 8.
2060 1891 2172 1963 (49)
2211 1889 2348 1945 lluic
2377 1888 2564 1945 abbati
2589 1888 2870 1943 Ammona:
2894 1886 3146 1956 praedixit
3172 1887 3341 1941 abbas
3368 1886 3483 1939 An-

213 1984 315 2051 ϐἆς
356 1984 664 2050 ’Δντώνιος,
699 1984 872 2053 λέγων
894 2025 911 2051 ,
956 1984 1042 2038 ὅτι
1074 1983 1261 2056 Ἔχεις
1292 1986 1563 2057 προκόψαι
1596 1987 1675 2051 είς
1711 1986 1801 2040 τὸν

214 2076 383 2148 φόϐον
409 2076 505 2130 τοῦ
532 2075 691 2129 Θεοῦ.
723 2076 835 2129 Καὶ
857 2075 1124 2147 ἐξήγαγεν
1145 2075 1305 2130 αὐτὸν
1322 2076 1426 2141 ἔξω
1452 2077 1547 2130 τοῦ
1565 2077 1799 2143 κελλίου,

214 2170 310 2224 καὶ
361 2168 565 2235 ἔδειξεν
597 2167 745 2237 αὐτῷ
798 2165 946 2220 λίθον
969 2206 984 2230 ,
1014 2167 1108 2221 καὶ
1151 2162 1305 2220 εἶπεν
1327 2167 1509 2238 αὐτῷ’
1543 2164 1804 2241 ’Υϐρισον

214 2260 306 2315 τὸν
360 2259 513 2314 λίθον
566 2260 752 2313 τοῦτον
791 2259 882 2312 καὶ⁹
916 2256 1085 2329 τύψον
1117 2257 1304 2312 αὐτόν.
1351 2257 1409 2311 '0
1463 2258 1519 2312 δέ
1548 2259 1804 2330 ἐποίησεν

218 2350 415 2415 οὕτως.
450 2351 562 2404 Kal
594 2351 738 2419 λέγει
772 2350 922 2420 αὐτῷ
956 2351 984 2401 ὁ
1017 2348 1193 2412 ἀϐϐἄς
1211 2347 1499 2412 Ἀντώνιος
1519 2366 1534 2381 ·
1566 2350 1659 2422 Μή
1683 2350 1806 2406 ἐλά-

216 2440 384 2514 λησεν
409 2444 438 2495 6
469 2440 653 2506 λίθος;
693 2441 751 2494 '0
778 2440 835 2493 δέ
863 2435 1049 2493 εἶπεν
1092 2439 1245 2512 Οὐχί.
1280 2439 1393 2494 Kal.
1423 2439 1569 2508 λέγει
1601 2438 1749 2511 αὑτῷ
1780 2443 1809 2494 6

218 2534 395 2599 esea;
443 2532 759 2595 Ἀντὼνιοςο
797 2530 954 2585 Οὕτω
1000 2531 1186 2586 καὶσὺ
1230 2530 1555 2586 καταλαϐεῖν
1593 2531 1810 2602 μέλλεις

219 2627 374 2682 τοῦτο
399 2626 464 2679 τὸ
517 2624 735 2697 μέτρον.
794 2624 860 2677 Ὃ
918 2623 1013 2677 καὶ
1045 2621 1286 2692 ἐγένετο,
1334 2621 1615 2695 Προέκοψε
1645 2621 1755 2693 γὰρ
1781 2624 1811 2675 6

220 2719 393 2779 ἁϐϐᾶς
435 2716 733 2789 Ἀμμωνᾶς
760 2713 952 2779 οὔτως,
995 2713 1070 2778 ὡς
1098 2713 1206 2766 ἀπδ
1248 2712 1446 2784 πολλῆς
1476 2713 1813 2788 ἀγαθότητο;

225 2810 423 2883 μηκέτι
455 2808 660 2863 εἰδέναι
688 2806 788 2878 τήν
816 2805 1034 2859 κακίαν.
1078 2805 1170 2859 Ἐν
1196 2798 1277 2867 οἷς
1316 2802 1610 2874 γενομένου
1646 2805 1814 2861 αὐτοῦ

223 2903 551 2967 ἐπισκόπου,
577 2900 963 2972 προσήνεγκαν
991 2895 1142 2967 αὐτῷ
1159 2895 1429 2967 παρθένον
1457 2894 1731 2952 λαϐοῦσαν
1757 2900 1816 2951 ἐν

228 2996 450 3066 γαστρὶ,
479 2995 575 3048 καὶ
604 2993 856 3062 λέγουσιν
879 2990 1028 3063 αὑτῷ
1050 3008 1064 3020 ·
1099 2989 1162 3043 '0
1187 2989 1335 3043 δεῖνα
1365 2989 1593 3064 ἐποίησε
1619 2991 1777 3045 τοῦτο
1799 3006 1816 3022 ⁸

229 3087 319 3153 δὺς
345 3087 536 3150 αὐτοῖς
562 3084 869 3155 ἐπιτιμίαν.
895 3083 953 3136 '0
985 3082 1041 3135 δέ
1063 3084 1374 3158 σφραγίσας
1393 3083 1565 3153 αὐτῆς
1582 3083 1682 3153 τήν
1708 3100 1822 3135 κοι-

233 3180 377 3243 λίαν,
412 3177 668 3232 ἐκέλευσε
696 3175 914 3251 δοθῆναι
951 3179 1087 3251 αὐτῇ
1117 3177 1178 3243 ἒξ
1205 3177 1375 3246 me;
1409 3175 1700 3235 σινδονίων,
1730 3171 1818 3224 λέ·-

232 3283 383 3339 γωνο
423 3266 653 3339 Μήποτε
709 3267 787 3330 ὠς
827 3266 1129 3338 ἀπέρχεται
1170 3266 1449 3337 γεννῆσαι,
1500 3261 1751 3334 ἀποθάνῃ
1783 3261 1817 3331 ἢ

235 3361 372 3433 αὐτὴ
401 3359 435 3432 ﬂ
458 3360 521 3413 το
546 3358 780 3423 παιδίον,
806 3358 900 3411 καὶ
924 3358 999 3430 μὴ
1025 3357 1165 3431 εὕρῃ
1180 3356 1529 3428 κηδευθῆναι.
1560 3354 1828 3422 Λέγουσιν

240 3451 386 3521 αὐτῷ
413 3452 463 3503 οἱ
493 3451 617 3503 κατ’
646 3449 816 3519 αὐτῆς
850 3447 1166 3519 ἐντυχόντες
1184 3462 1199 3476 ⁸
1240 3447 1307 3500 Τί
1334 3445 1493 3500 τοῦτο
1530 3443 1826 3514 ἐποίησας;

238 3543 325 3607 δὺς
355 3543 543 3605 αὐτοῖς
566 3539 864 3612 ἐπιτιμίαν.
917 3537 976 3591 '0
1007 3538 1063 3592 δὲ
1120 3536 1268 3606 λέγει
1321 3536 1536 3597 αὐτοῖς’
1565 3532 1824 3595 Βλέπετε,

242 3633 483 3704 ἀδελφοὶ,
521 3633 604 3686 ὅτι
633 3629 802 3701 ἐγγύς
820 3633 935 3685 ἐστι
961 3628 1054 3683 τοῦ
1087 3628 1318 3683 Θανάτου
1337 3645 1353 3662 ο
1383 3626 1478 3681 καὶ
1500 3624 1554 3677 τί
1583 3622 1692 3694 ἔχω
1720 3622 1831 3691 ἐγὼ

247 3727 509 3797 ποιῆσαι;
539 3724 650 3777 Kal.
669 3723 939 3776 ἀπέλυσεν
963 3721 1141 3793 αὑτήν
1160 3739 1174 3754 υ
1207 3720 1302 3774 καὶ
1337 3719 1440 3773 οὐκ
1471 3716 1770 3788 ἐτόλμησεν
1803 3716 1833 3770 6

248 3818 426 3890 γέρων
451 3812 785 3889 ητακρῖναί
814 3829 959 3868 τινα.
1006 3872 1011 3875 ,

319 3909 387 3964 θ’.
426 3908 657 3978 Ἔλεγον
690 3906 820 3979 περὶ
849 3901 1015 3959 αὑτοῦ
1039 3940 1056 3968 ,
1091 3901 1173 3957 ὅτι
1203 3902 1347 3967 τινές
1381 3898 1547 3974 ἦλθον
1571 3897 1836 3971 δικασθῆ-

251 4018 337 4056 ναι
362 4000 499 4072 παρ’
540 3996 711 4069 αὐτῷ.
765 3996 825 4050 '0
854 3995 912 4049 δὲ
960 3994 1140 4068 γέρων
1186 3995 1536 4066 ἐμωροποίει.
1567 3984 1672 4048 Κᾶἶ
1724 3993 1834 4046 ἰδοὺ

250 4093 385 4164 γυνή
420 4108 507 4154 τις
526 4088 658 4160 ἐστη
688 4086 914 4158 πλησίον
950 4084 1136 4150 αὑτοῦ,
1166 4086 1258 4139 καὶ
1288 4084 1474 4154 ἔλεγεν
1501 4085 1546 4116 ⁸⁷
1567 4101 1581 4115 ο
1611 4077 1778 4147 Οὗτος
1808 4085 1838 4137 6

251 4183 432 4255 γέρων
452 4180 614 4243 σαλός
642 4181 810 4232 ἐστιν.
849 4177 1119 4231 Ἤκουσεν
1151 4170 1243 4229 οὗν
1266 4174 1437 4244 αὐτῆς
1460 4175 1489 4227 6
1514 4173 1714 4244 γέρων,
1743 4172 1839 4227 καὶ

255 4276 516 4347 φωνήσας
558 4270 729 4342 αὐτὴν
777 4268 960 4339 λέγει’
1008 4267 1219 4330 Πόσους
1268 4265 1471 4327 κόπους
1523 4263 1754 4335 ἐποίησα
1782 4264 1840 4316 ἐν

254 4371 371 4432 ταῖς
407 4366 663 4437 ἐρήμοις,
693 4362 781 4414 ἵνα
815 4360 1103 4430 κτήσωμαι
1128 4357 1227 4429 τὴν
1272 4355 1541 4424 σαλότητα
1591 4353 1795 4423 ταύτην
1821 4392 1837 4418 ,

261 4460 353 4515 καί
381 4459 472 4513 διὰ
505 4457 569 4509 σὲ
593 4454 704 4526 ἔχω
732 4450 997 4506 ἀπολέσαι
1016 4448 1184 4519 αὐτὴν
1212 4445 1483 4518 σήμερον]

1907 1985 2107 2052 tonius,
2141 1982 2287 2053 quod
2341 1983 2396 2036 in
2451 1983 2648 2036 timore
2687 1979 2783 2033 Dei
2832 1994 3185 2049 progressum
3235 1978 3483 2032 facturus

1901 2087 2067 2133 esset.
2103 2075 2183 2130 Ac
2214 2073 2404 2129 eduxit
2441 2087 2567 2128 eum
2593 2087 2625 2127 e
2663 2072 2833 2136 cella,
2889 2081 3222 2140 ostensoque
3265 2070 3484 2140 lapide,

1903 2167 2042 2223 dixit
2071 2185 2085 2221 :
2116 2166 2378 2222 Convicia
2406 2165 2530 2236 jace
2550 2166 2607 2220 in
2642 2165 2790 2218 hunc
2815 2164 3076 2235 lapidem,
3107 2174 3161 2220 et
3191 2165 3344 2219 illum
3368 2178 3490 2219 ver-

1902 2260 2056 2315 bera.
2109 2258 2200 2314 llle
2232 2273 2362 2313 vero
2416 2259 2491 2312 ita
2526 2256 2673 2312 fecit.
2712 2257 2801 2311 Ait
2835 2257 2912 2310 illi
2952 2258 3122 2312 abbas
3162 2257 3435 2310 Antonius
3467 2272 3484 2311 :

1905 2350 2045 2405 Num
2078 2353 2294 2406 locutus
2341 2357 2427 2405 est
2474 2348 2652 2418 lapis?
2707 2346 3057 2418 Respondit:
3106 2346 3484 2418 Nequaquam.

1908 2443 2046 2497 Tum
2080 2443 2348 2497 Antonius
2377 2457 2391 2493 :
2426 2440 2507 2495 Ita
2538 2448 2595 2494 tu
2630 2439 2697 2493 ad
2743 2454 2864 2493 eam
2919 2454 3232 2495 mensuram
3266 2454 3490 2508 pervcn-

1908 2542 2068 2589 turus
2092 2550 2170 2589 es.
2190 2532 2344 2600 Quod
2371 2539 2424 2589 et
2456 2534 2658 2588 evenit.
2685 2532 2834 2586 Adeo
2858 2531 3002 2586 enim
3047 2529 3279 2600 profecit
3323 2528 3492 2582 abbas

1909 2628 2233 2689 Ammonas,
2289 2635 2349 2682 ut
2380 2642 2491 2697 pne
2543 2626 2714 2680 multa
2762 2624 3040 2686 bonitate,
3103 2637 3212 2675 non
3255 2621 3493 2690 amplius

1913 2730 2102 2777 nosset
2139 2720 2422 2775 malitiam.
2474 2717 2660 2789 Itaque
2690 2732 2815 2771 cum
2856 2715 2924 2770 ad
2972 2715 3343 2785 episcopatum
3367 2728 3495 2767 eve-
3558 2780 3567 2788 .

1913 2822 2037 2869 ctus
2071 2812 2285 2874 fuisset,
2327 2809 2643 2863 obtulerunt
2667 2809 2713 2862 ei
2752 2806 2985 2877 puellam
3016 2810 3406 2874 praegnantem,
3438 2807 3495 2854 et

1915 2904 2213 2958 dixerunt:
2262 2900 2356 2954 llle
2390 2898 2494 2952 hoc
2530 2896 2799 2967 patravit;
2849 2893 3072 2963 injunge
3129 2891 3241 2945 illis
3283 2889 3495 2960 peccati

1917 2997 2001 3050 sui
2037 3006 2272 3064 pteuam.
2301 2990 2684 3043 AtAmmonas
2714 2988 2872 3057 signo
2900 2986 3082 3039 crucis
3108 2998 3274 3052 super
3304 2982 3499 3052 puellm

1918 3096 2133 3142 uterum
2165 3083 2331 3146 facto,
2385 3080 2553 3151 jussit
2601 3079 2653 3133 ei
2701 3078 2820 3133 dari
2876 3093 2970 3133 sex
3001 3074 3293 3131 sindouum
3321 3073 3499 3143 paria,

1922 3177 2109 3232 dicens
2144 3190 2159 3227 :
2199 3173 2274 3228 Ne
2301 3174 2430 3228 dum
2462 3172 2529 3226 ad
2561 3179 2775 3241 partum
2820 3169 3054 3235 venerit,
3086 3174 3181 3221 aut
3235 3167 3375 3237 ipsa,
3406 3175 3503 3219 aut

1928 3264 2110 3320 infans
2155 3263 2337 3326 obeat,
2389 3276 2491 3316 nec
2518 3266 2592 3315 sit
2621 3259 2766 3313 unde
2795 3257 3075 3327 sepultura
3107 3256 3217 3309 fiat.
3249 3255 3418 3308 Aiunt
3453 3254 3502 3307 ei

1927 3356 2021 3427 qui
2049 3350 2305 3409 feminam
2335 3351 2643 3406 accusaturi
2677 3349 3010 3402 advenerant
3042 3362 3056 3398 :
3087 3345 3270 3411 Quare
3301 3345 3403 3399 hoc
3421 3343 3500 3399 fe-

1929 3446 2091 3504 cisti?
2160 3444 2382 3516 Impune
2433 3442 2544 3497 illis
2584 3442 2919 3511 paenitentia:
2976 3439 3254 3492 mulctam.
3292 3436 3385 3490 ille
3436 3433 3505 3487 ad

1929 3554 2025 3596 eos
2050 3557 2063 3570 ·
2090 3536 2318 3601 Videtis,
2359 3535 2581 3597 fratres,
2635 3548 2802 3603 prope
2838 3539 3066 3585 mortem
3099 3537 3215 3594 est;
3247 3526 3378 3597 quid
3407 3541 3509 3595 ego

1931 3645 2093 3701 agere
2138 3626 2345 3682 debeo?
2377 3625 2515 3680 Tum
2550 3624 2759 3678 dimisit
2783 3638 2902 3678 eam
2929 3637 2945 3687 ;
2979 3636 3080 3676 nec
3110 3634 3280 3675 ausus
3304 3627 3389 3673 est
3422 3631 3508 3672 se-

1931 3736 2035 3776 nex
2066 3731 2394 3790 quemquam
2428 3713 2814 3771 condemnare.

2003 3890 2059 3948 9.
2096 3890 2209 3964 (43)
2241 3889 2316 3945 De
2354 3890 2449 3945 illo
2503 3885 2838 3952 referebant,
2873 3884 3018 3956 quod
3059 3883 3395 3939 accesserint
3442 3879 3512 3935 ad

1934 3998 2060 4038 eum
2084 3983 2325 4053 quidam,
2349 3989 2408 4033 ut
2432 3979 2830 4049 judicarentur.
2868 3973 3043 4028 Senex
3077 3982 3256 4025 autem
3285 3968 3512 4023 stultum

1937 4076 2253 4132 simulabat.
2286 4072 2351 4125 Et
2377 4086 2506 4125 ecce
2534 4067 2785 4139 quaedam
2804 4064 2998 4118 mulier
3023 4077 3145 4132 qua:
3164 4074 3330 4130 prope
3360 4058 3513 4112 illum

1939 4167 2140 4228 stabat,
2176 4165 2315 4218 dixit
2350 4177 2362 4215 :
2390 4160 2498 4214 Iste
2529 4173 2696 4214 senex
2722 4172 2753 4210 e
2788 4155 2955 4222 fatuis
2998 4159 3103 4207 est.
3134 4150 3356 4204 Audivit
3385 4162 3518 4217 ergo

1940 4255 2224 4310 mulierem
2253 4265 2441 4312 senex,
2471 4255 2773 4316 vocataque
2792 4257 2856 4297 ea
2883 4243 3019 4297 dixit
3054 4257 3068 4293 :
3098 4240 3344 4306 Quantos
3367 4239 3522 4293 labo-

1940 4362 2031 4401 res
2058 4345 2111 4398 in
2141 4340 2534 4399 solitudinibus
2566 4337 2691 4401 tuli,
2722 4343 2782 4390 ut
2810 4335 2951 4389 hanc
2988 4332 3292 4387 fatuitatem
3325 4329 3513 4399 acqui-

1942 4448 2155 4499 rerem;
2186 4432 2348 4487 hodie
2376 4445 2506 4485 vero
2531 4439 2754 4500 propter
2784 4436 2837 4481 te
2855 4424 3170 4497 perditurus
3199 4438 3322 4478 sum
3351 4422 3528 4476 illam!

330 4508 408 4605 ξαν
622 4508 759 4600 ’ποτε
784 4545 814 4597 6
843 4542 1017 4605 ἀϐϐᾶς
1072 4508 1371 4611 miraculis;
1399 4539 1479 4600 είς
1516 4535 1680 4588 τόπον
1719 4531 1814 4602 γεύ

2019 4526 2107 4581 10.
2161 4524 2275 4598 (44)
2327 4521 2490 4577 \‘euit
2539 4519 2836 4590 aliquando
2882 4517 3055 4572 abbas
3110 4516 3408 4569 Ammonas
3458 4508 3527 4564 ad

268 4643 479 4708 σασθαι,
504 4640 601 4695 κα)⁸
618 4634 686 4711 ἦν
711 4638 829 4689 ἐκεῖ
841 4630 919 4699 εἷς
933 4633 1072 4705 ἔχων
1098 4634 1287 4703 φήμην
1303 4629 1479 4699 κακήν
1499 4643 1514 4656 ·
1532 4628 1625 4680 καὶ
1647 4624 1844 4695 συνέϐη

265 4737 435 4791 ἐλθεῖν
463 4734 568 4804 τὴν
594 4732 850 4799 γυναῖκα,
877 4726 973 4782 καὶ
1001 4723 1261 4778 εἰσελθεῖν
1305 4723 1385 4784 είς
1419 4719 1478 4772 τὸ
1513 4716 1721 4773 κελλίον
1750 4714 1843 4804 τοῦ

265 4823 493 4896 ἀδελφοῦ
520 4799 619 4875 τοῦ
648 4818 861 4891 ἔχοντος
881 4816 979 4887 τήν
1012 4812 1186 4884 κακὴν
1213 4812 1420 4882 φήμην.
1450 4805 1725 4867 Μαθόντες
1750 4799 1844 4896 οὖν

266 4921 311 4974 οἱ
339 4894 622 4975 οἰκοῦντες
653 4913 733 4976 είς
759 4910 851 4963 τὸν
872 4907 1035 4961 τόπον
1064 4906 1289 4965 ἐκεῖνον,
1319 4897 1716 4971 ἐταράχθησαν,
1750 4894 1844 4947 καὶ

270 5009 638 5082 συνήχθησαν,
671 5005 814 5059 ὥστε
851 5001 1041 5068 διῶξαι
1068 4997 1230 5054 αὐτὸν
1254 4998 1318 5050 ἐκ
1341 4993 1435 5047 τοῦ
1460 4992 1690 5047 κελλίου.
1740 4989 1849 5042 Kal.

272 5081 486 5167 γνόντες
536 5101 621 5152 ὅτι
672 5097 703 5150 6
742 5093 1039 5157 ἐπίσκοπος
1095 5088 1389 5161 ’Δμμωνᾶς
1429 5086 1508 5148 είς
1549 5083 1642 5136 τὸν
1688 5081 1851 5134 τόπον

273 5193 478 5247 ἐκεῖνόν
534 5193 717 5257 ἐστιν,
754 5186 1001 5248 ἐλθόντες
1052 5179 1435 5253 παρεκάλεσαν
1479 5173 1657 5239 αὐτὸν,
1705 5173 1854 5233 ὅπως

274 5283 658 5356 παραγένηται
681 5283 779 5335 σὺν
812 5278 1016 5340 αὐτοῖς.
1063 5276 1152 5337 Ὠς
1172 5272 1228 5326 δὲ
1262 5269 1376 5341 γνῶ
1418 5271 1446 5323 6
1474 5265 1699 5335 ἀδελφὸς
1718 5304 1733 5329 ,
1763 5263 1856 5316 λα-

275 5374 385 5429 ϐὼν
413 5376 518 5446 τὴν
548 5375 785 5443 γυναῖκα
811 5367 1048 5442 ἔκρυψεν
1069 5366 1149 5428 εἰς
1177 5363 1335 5417 πίθον
1381 5361 1572 5432 μέγαν.
1602 5358 1683 5410 Πα
1694 5372 1855 5427 ραγε-

282 5468 503 5538 νομένου
531 5465 592 5519 δέ
613 5463 712 5518 τοῦ
745 5461 1010 5534 πλήθους,
1036 5452 1175 5510 εῖδεν
1198 5455 1228 5507 6
1254 5452 1430 5516 ἀϐϐἄς
1473 5449 1771 5523 ’Λμμωνᾶς
1797 5446 1859 5500 τὺ

358 5621 401 5652 ⁸⁸
431 5618 495 5675 F.
528 5620 610 5685 εἰς
632 5620 716 5674 τό.
792 5618 836 5648 ⁸⁷
868 5614 953 5670 Al.
989 5613 1143 5683 ἔλεγε
1173 5614 1239 5685 τῇ
1271 5611 1502 5684 πλησίον
1536 5609 1713 5678 αὐτῆς.

362 5774 471 5844 με)
505 5774 742 5844 Αρρειω.
784 5770 943 5836 meo,
966 5786 1034 5844 _n_.
1067 5768 1123 5824 8.

361 5840 473 5918 με)
511 5840 621 5902 Vit.
650 5843 806 5899 Patr.
834 5858 926 5907 xv,
960 5840 1046 5895 l2.

1954 4619 2244 4692 quemdam
2285 4615 2462 4670 locum
2497 4612 2951 4674 manducaturus,
2984 4608 3078 4662 ubi
3114 4605 3342 4675 degebat
3365 4602 3528 4656 homo

1952 4712 2110 4766 mala:
2142 4709 2296 4762 fama:
2327 4722 2342 4759 :
2376 4707 2604 4775 contigit
2633 4712 2812 4758 autem
2839 4712 2897 4755 ut
2926 4700 3124 4754 mulier
3154 4694 3531 4765 ingrederetur

1950 4806 2006 4859 in
2033 4802 2226 4857 cellam
2260 4798 2445 4852 fratris
2476 4797 2623 4850 illius
2654 4807 2817 4864 prava
2862 4790 3003 4843 fama
3033 4786 3354 4841 laborantis.
3403 4782 3523 4847 Quo

1950 4902 2232 4966 comperto
2262 4891 2454 4946 incolat
2493 4887 2620 4951 loci,
2653 4881 2956 4954 perturbati
2997 4885 3147 4940 sunt,
3182 4882 3237 4929 et
3269 4886 3542 4927 convene-

1951 4961 2102 5053 runt,
2136 4993 2194 5039 ut
2220 4999 2343 5038 eum
2377 4996 2408 5036 e
2428 4979 2566 5034 cella
2593 4976 2947 5045 expellerent.
2986 4970 3235 5037 Cumque
3256 4961 3541 5033 cognovis-

1955 5091 2078 5137 sent
2105 5080 2429 5148 episcopnm
2469 5070 2789 5123 Ammonam
2831 5064 3050 5124 adesse,
3086 5059 3350 5113 adeuntes
3381 5068 3537 5122 roga-

1956 5181 2155 5227 verunt
2184 5183 2307 5222 eum
2334 5173 2394 5219 ut
2428 5178 2552 5218 cum
2586 5160 2695 5214 illis
2725 5156 3033 5211 accederet.
3064 5150 3361 5218 Postquam
3411 5159 3543 5197 vero

1955 5278 2072 5318 rem
2109 5259 2278 5313 frater
2321 5254 2569 5319 rescivit,
2618 5254 2902 5317 acceptam
2933 5241 3218 5297 mulierem
3248 5233 3543 5291 occultavit

1966 5356 2019 5408 in
2053 5366 2251 5423 magno
2285 5349 2454 5404 dolio.
2488 5345 2834 5399 Adventante
2855 5351 2984 5406 ergo
3010 5325 3545 5423 multitudinezquod

1970 5414 2174 5500 fecerat
2206 5438 2368 5495 scivit
2409 5435 2579 5491 abbas
2609 5431 2943 5495 Ammonas,
2995 5421 3090 5480 sed
3126 5429 3349 5493 propter
3374 5414 3547 5469 Deum
