3974 6332
452 385 559 440 ηδ·
1589 364 1934 422 APPENDlX
1972 360 2067 416 AD
2110 361 2528 420 PALLADIUM.
3620 357 3725 412 lit

452 496 660 547 ουιειιι
680 487 996 558 negotium;
1036 492 1092 540 et
1117 484 1406 555 ingressus
1434 483 1576 538 sedit
1607 497 1773 553 supra
1804 480 2037 544 dolium,

2172 480 2448 549 ἐνόμενον,
2478 478 2570 532 καὶ
2595 476 2683 529 διὰ
2704 475 2793 527 τὸν
2820 471 2949 527 Θεὸν
2977 470 3247 524 ὲσκέπασε
3262 469 3322 522 τδ
3339 468 3591 540 πρᾶγμα·
3625 469 3725 522 καὶ

453 582 726 654 jussitque
768 578 1083 649 investigari
1118 593 1214 647 per
1236 577 1452 631 cellam.
1506 575 1603 630 Ubi
1636 576 1803 646 igitur
1836 583 2035 630 cuncta

2172 570 2390 625 ῑσελθὼν
2414 570 2665 624 ἐκάθισεν
2688 567 2871 620 ἐπάνω
2891 562 2983 617 τοῦ
3015 562 3191 625 πίθου,
3216 562 3311 615 καὶ
3342 559 3730 654 Helenae-(n-

457 644 816 734 rimati—sunt,
853 683 951 723 nec
969 644 1251 721 vfemi—nam
1297 644 1825 727 inveneruntpdixit
1867 664 2037 719 abbas

2173 662 2363 732 ηθῆναι
2388 660 2449 713 τὸ
2472 659 2698 712 κελλεον.
2715 657 2803 719 Ὠς
2827 651 2919 708 οὖν
2942 652 3315 723 ἐψηλάφησαν,
3334 651 3427 703 καὶ
3452 651 3549 720 οὐχ
3565 644 3728 720 εὗρον

459 763 758 816 Ammonas
788 780 801 814 :
834 758 975 826 Quid
1006 759 1109 813 hoc
1136 758 1254 814 est?
1281 757 1424 813 Deus
1454 758 1608 813 vobis
1636 758 1850 812 veniam
1900 772 2038 811 con-

461 850 642 906 cedat.
678 848 818 903 Tum
850 848 1103 919 precibus
1128 848 1289 911 fusis,
1314 847 1483 917 jussit
1514 863 1705 903 omnes
1755 848 2037 915 secedere;

464 953 518 995 et
541 940 879 1011 apprehensa
908 954 1074 993 manu
1111 939 1316 1004 fratris,
1346 939 1423 993 ait
1454 955 1468 991 :
1499 939 1734 994 Attende
1767 939 1888 1004 tibi,
1930 939 2039 993 fra-

468 1044 570 1089 ter.
603 1031 792 1103 quue
820 1032 967 1087 dicto
1007 1031 1159 1103 abiit.

544 1212 627 1266 11.
663 1211 775 1280 (45)
805 1212 1180 1279 Interrogatus
1215 1207 1384 1266 abbas
1432 1208 1731 1264 Ammonas
1752 1251 1766 1276 ,
1793 1224 2044 1280 quanam

470 1312 616 1360 esset
635 1301 719 1356 via
753 1311 979 1373 angusta
1007 1310 1057 1355 et
1087 1308 1240 1354 arcta
1257 1300 1326 1364 ⁸⁸,
1357 1298 1644 1368 respondit
1681 1319 1695 1355 :
1734 1298 1835 1354 Via
1875 1316 2048 1371 angu-

473 1401 557 1447 sta
589 1402 643 1447 et
692 1398 864 1456 arcta,
899 1391 1012 1445 haec
1050 1396 1137 1444 est
1168 1407 1183 1445 :
1218 1388 1328 1443 vim
1363 1388 1568 1443 inferre
1622 1390 2047 1459 cogitationibus

473 1482 610 1549 suis,
643 1490 808 1552 atque
838 1480 930 1536 Dei
975 1494 1145 1536 causa
1197 1479 1519 1536 abscindere
1546 1481 1854 1535 voluntates
1893 1496 2045 1538 suas.

476 1571 591 1627 Hoc
617 1573 783 1628 etiam
817 1579 902 1628 est
940 1569 1077 1627 illud
1108 1588 1124 1627 :
1152 1569 1287 1625 Ecce
1311 1587 1406 1625 nos
1439 1571 1746 1641 reliquimus
1771 1573 1972 1638 omnia,
1999 1582 2048 1629 et

474 1670 641 1723 secuti
671 1682 851 1722 sumas
886 1675 935 1721 te
964 1667 1030 1719 ".

975 1774 1056 1831 De
1110 1775 1297 1829 abbate
1341 1775 1552 1830 Achila.

544 1884 597 1938 1.
630 1883 742 1956 (46)
762 1881 1044 1939 Venerunt
1068 1885 1362 1954 aliquando
1389 1895 1499 1941 tres
1526 1902 1684 1942 senes
1713 1886 1782 1941 ad
1802 1887 2052 1945 abbatem

477 1975 997 2045 Achilam,quorum
1037 1992 1178 2031 unus
1210 1977 1266 2031 in
1303 1977 1444 2031 mala
1485 1983 1603 2032 erat
1630 1979 2052 2036 existimatione.

479 2064 540 2117 lit
566 2064 642 2119 ait
673 2081 819 2120 unus
858 2081 1054 2120 senum
1095 2085 1108 2120 :
1150 2067 1326 2131 Abba,
1361 2067 1444 2122 fac
1473 2069 1604 2122 mihi
1638 2084 1918 2140 sagenam.
1947 2071 2055 2125 Re-

479 2156 697 2225 spondit
744 2157 835 2211 ille
870 2175 884 2211 :
924 2155 1042 2212 Non
1077 2155 1239 2214 facio.
1277 2157 1432 2216 Alius
1486 2162 1695 2231 rogavit
1725 2181 1738 2215 :
1770 2160 1957 2216 Facito
1988 2179 2055 2218 ex

489 2246 779 2311 rharitate,
798 2256 855 2301 ut
879 2248 955 2302 tui
970 2251 1287 2304 memoriam
1308 2249 1605 2307 habeamus
1626 2252 1679 2307 in
1698 2255 2052 2311 monasterio.

482 2335 704 2406 Excepit
741 2357 754 2394 :
786 2337 905 2393 Non
940 2340 1073 2394 mihi
1110 2351 1287 2395 vacat.
1322 2338 1562 2406 Tertius,
1592 2344 1680 2399 ille
1711 2345 1865 2401 malae
1899 2346 2057 2403 fama;

483 2428 665 2493 homo,
695 2428 834 2484 dixit
861 2431 912 2486 ei
950 2449 963 2486 :
996 2432 1169 2500 Abba,
1199 2447 1457 2504 sagenam
1504 2436 1637 2490 mihi
1671 2436 1896 2504 confice,
1934 2448 1992 2493 ut
2026 2456 2058 2497 e

483 2519 736 2577 manibus
777 2521 887 2577 tuis
918 2522 1170 2580 habeam.
1210 2523 1407 2580 Statim
1456 2534 1642 2581 autem
1683 2529 1833 2583 dedit
1873 2531 1922 2586 ei
1965 2547 2056 2587 re-

482 2624 745 2679 sponsum
787 2613 951 2668 :Tihi
1006 2614 1316 2670 conficiam.
1369 2615 1486 2673 Duo
1525 2619 1711 2689 itaque
1756 2620 1846 2674 alii
1898 2637 2058 2678 senes

387 2758 399 2769 _
482 2709 693 2755 secreto
718 2701 977 2757 dixerunt
1020 2705 1264 2761 Achilm:
1298 2706 1476 2772 Quare
1525 2710 1684 2764 nobis
1716 2712 2055 2780 rogantibus,

484 2786 710 2843 noluisti
743 2788 943 2859 facere,
975 2792 1102 2848 huic
1126 2804 1305 2850 autem
1342 2798 1641 2866 promisisti
1675 2807 1726 2855 te
1749 2799 2061 2857 facturum?

483 2873 620 2932 Tum
650 2879 757 2936 illis
791 2896 954 2937 senex
991 2901 1005 2938 :
1040 2883 1206 2940 Vobis
1248 2886 1360 2940 dixi
1394 2907 1406 2942 :
1435 2887 1550 2943 Non
1586 2889 1725 2945 facio
1753 2909 1769 2959 ;
1799 2909 1900 2949 nec
1927 2909 2061 2949 con-

482 2971 686 3025 tristati
739 2972 944 3040 fuistis,
981 2976 1140 3045 quasi
1193 2987 1463 3047 occupato
1506 2995 1592 3037 me
1625 2998 1641 3048 ;
1684 2984 1811 3039 huic
1840 3000 1973 3040 vero
2013 2987 2062 3042 si

487 3078 593 3116 non
626 3062 827 3128 fecero,
869 3066 1118 3121 dicturus
1141 3075 1225 3122 est
1258 3067 1526 3139 :Propter
1567 3082 1852 3142 peccatum
1882 3092 2061 3131 meum

2140 753 2238 823 τὴν
2258 754 2510 819 γυναῖκα,
2531 745 2683 802 εἶπεν
2711 750 2739 801 6
2760 746 2934 808 ἁϐϐᾶς
2963 744 3257 813 ’Ᾱμμωνᾶς
3273 758 3287 772 ·
3321 741 3387 794 Τί
3405 742 3519 793 ἐστι
3541 739 3729 804 τοῦτο;

2140 847 2169 898 6
2195 843 2325 907 Θεὸς
2357 842 2701 912 συγχωρήσει
2729 841 2776 871 ⁷⁰
2808 840 2955 909 ὑμῖν.
2998 836 3105 888 Καὶ
3152 832 3446 902 εὐξάμενος
3499 830 3731 900 ἐποίησε

2142 938 2354 999 πάντας
2392 933 2780 1005 ἀναχωρῆσαι·
2826 930 2921 983 καὶ
2960 924 3250 996 κατασχὼν
3300 924 3399 995 τὴν
3426 924 3583 995 χεῖρα
3629 920 3733 974 τοῦ

2144 1024 2395 1094 ἀδελφοῦ.
2427 1019 2579 1075 εἶπεν
2614 1019 2792 1090 αὐτῷ·
2829 1018 3070 1089 Πρόσεχε
3107 1013 3341 1085 σεαυτῷ,
3368 1011 3584 1081 ἀδελφέ.
3618 1011 3739 1064 Καὶ

2142 1109 2303 1167 τοῦτο
2336 1109 2529 1174 εἰπὼν,
2562 1106 2931 1179 ἀνεχώρησεν.

2232 1212 2320 1258 ια’.
2367 1201 2655 1275 Ἠρωτήθη
2732 1201 2758 1253 6
2809 1196 2982 1259 ὰεὸἅς
3057 1192 3390 1265 Ἀμμωνᾶς,
3454 1186 3535 1252 τίς
3585 1188 3741 1275 ἔστιν

2146 1299 2185 1366 ’ἡ
2217 1296 2357 1362 όδὸς
2388 1273 2633 1363 natavi;
2660 1290 2756 1345 καὶ
2784 1286 3163 1357 τεθλιμμένηο
3188 1285 3281 1338 καὶ
3309 1279 3625 1354 ἀποκριθεὶς
3651 1273 3743 1331 εἷς·

2147 1402 2270 1439 πεν·
2304 1386 2365 1437 Ἡ
2403 1384 2519 1446 ὁδὸς
2550 1385 2583 1454 ἡ
2624 1380 2783 1450 στενὴ
2812 1379 2906 1431 καὶ
2949 1373 3283 1445 τεθλιμμένη
3315 1369 3453 1442 αὕτη
3500 1369 3645 1422 ἐστι’
3675 1369 3741 1422 τὸ

2151 1474 2433 1547 βιάζεσθαι
2457 1477 2582 1536 τοὺς
2600 1470 2893 1541 λογισμοὺς
2917 1464 3132 1529 ἑαυτοῦ,
3162 1462 3257 1517 καὶ
3280 1462 3503 1515 κόπτειν
3529 1458 3618 1512 διὰ
3645 1459 3745 1513 τὸν

2149 1566 2281 1620 Θεὸν
2297 1566 2365 1619 τὰ
2387 1565 2493 1618 ἴδια
2514 1564 2794 1638 θελήματα
2814 1578 2827 1591 ·
2856 1560 2948 1613 καὶ
2974 1555 3130 1610 τοῦτό
3150 1557 3262 1607 ἐστι
3284 1553 3366 1618 τὸ,
3395 1550 3541 1607 Ἰδοὺ
3565 1550 3747 1620 ἡμεῖς

2150 1658 2469 1729 ἀφήκαμεν
2499 1655 2717 1718 πάντα,
2748 1652 2847 1705 καὶ
2869 1643 3371 1718 ἠκολουθήσαμέν
3399 1661 3518 1699 σοι.

2504 1769 2643 1836 Περὶ
2688 1766 2794 1822 τοῦ
2837 1763 2988 1820 ἀϐϐᾶ.
3031 1760 3306 1833 Ἀχιλεῖ.71
3340 1803 3353 1816 .

2230 1892 2300 1939 α’.
2332 1881 2647 1954 Παρέὸαλόν
2668 1896 2798 1934 ποτε
2818 1880 2965 1950 τρεῖς
2977 1878 3231 1949 γέροντες
3254 1875 3330 1948 τῷ
3355 1874 3498 1947 ἀῦὃᾷ
3531 1873 3748 1947 ’Δχιλᾷ,

2160 1976 2253 2030 καὶ
2289 1975 2317 2027 ὁ
2344 1969 2424 2038 εἷς
2451 1973 2507 2040 ἐξ
2545 1973 2716 2027 αὐτῶν
2749 1966 2861 2040 εἷχε
2889 1971 3075 2040 φήμην
3108 1967 3305 2038 κακήν.
3338 1963 3475 2019 Εἷπε
3508 1966 3564 2019 δὲ
3594 1965 3749 2035 αὐτῷ

2161 2061 2240 2130 εἷς
2261 2065 2367 2119 τῶν
2392 2064 2661 2136 γερόντων
2687 2078 2699 2090 ·
2724 2062 2911 2125 ‘A665’t,
2935 2059 3156 2131 ποίησόν
3190 2075 3280 2129 μοι
3317 2056 3445 2128 μίαν
3477 2056 3747 2126 σαγήνην.

2173 2158 2229 2211 'O
2259 2157 2315 2209 δὲ
2346 2152 2496 2208 εἶπεν
2520 2173 2533 2187 ο
2569 2155 2644 2208 Οὐ
2693 2152 2852 2207 ποιῶ.
2896 2151 3007 2205 Καὶ
3042 2152 3070 2203 ὁ
3113 2149 3269 2212 ἄλλος
3319 2144 3473 2200 εἷπε·
3512 2147 3751 2219 Ποίησον

2161 2248 2404 2318 ἀγάπην,
2446 2247 2533 2302 ἵνα
2562 2244 2773 2316 ἔχωμεν
2810 2260 2903 2296 σου
2938 2241 3279 2313 μνημόσυνον
3311 2241 3391 2303 εἰς
3428 2238 3526 2309 τὴν
3555 2239 3751 2309 μονήν.

2172 2341 2233 2394 Ὀ
2262 2340 2317 2392 δὲ
2344 2339 2446 2410 ἔφη
2466 2355 2479 2369 ’
2515 2338 2588 2391 Οὐ
2620 2335 2883 2407 σχολάζω.
2915 2336 3078 2404 Λέγει
3133 2332 3282 2403 αὐτῷ
3313 2334 3340 2386 6
3373 2332 3528 2395 ἄλλος
3556 2333 3584 2384 ὁ
3611 2330 3755 2400 ἔχων

2163 2431 2261 2501 τὴν
2288 2430 2463 2498 κακὴν
2502 2430 2689 2498 φήμην
2714 2444 2726 2456 ’
2776 2426 2931 2497 Ἐμοὶ
2972 2424 3195 2497 ποίησον
3224 2426 3268 2456 ⁷³
3308 2423 3435 2495 μίαν
3478 2424 3752 2493 σαγήνην,

2164 2523 2252 2575 ἵνα
2280 2525 2343 2575 ὲκ
2373 2520 2481 2573 τῶν
2518 2519 2716 2589 χειρῶν
2758 2535 2850 2571 σου
2899 2516 3028 2589 ἔχω,
3059 2515 3223 2571 ἀὸϐᾶ.
3264 2516 3322 2568 ὐ
3350 2515 3406 2568 δὲ
3431 2514 3757 2585 ἀποκριθεὶς

2165 2613 2366 2676 εὐθέως
2386 2606 2537 2665 εἶπεν
2563 2609 2740 2682 αὐτῷ·
2779 2609 2922 2680 Ἐγώ
2962 2627 3044 2662 σοι
3076 2608 3233 2662 ποιῶ.
3273 2608 3385 2661 Καὶ
3417 2603 3569 2660 εἷπον
3599 2604 3758 2675 αὺτῷ

2167 2707 2286 2757 κατ’
2320 2703 2456 2757 ἰδίαν
2484 2702 2534 2755 οἱ
2578 2701 2671 2755 δύο
2702 2700 2989 2773 γέροντες’
3024 2701 3147 2764 Πῶς
3182 2702 3341 2771 ἡμεῖς
3375 2696 3758 2768 παρεκαλέσα-

2170 2795 2269 2866 μέν
2304 2812 2385 2860 σε,
2427 2795 2523 2848 καὶ
2555 2794 2655 2847 οὐκ
2691 2793 2963 2863 ἠθέλησας
2993 2794 3124 2863 ἡμῖν
3165 2792 3408 2862 ποιῆσαι,
3442 2790 3538 2844 καὶ
3577 2787 3760 2860 τούτῳ

2167 2883 2359 2952 εἶπας·
2413 2887 2555 2954 Ἑγὼ
2582 2904 2665 2939 σοι
2707 2885 2845 2939 ποιῶ
2874 2902 2889 2950 ;
2920 2884 3084 2951 Λέγει
3125 2885 3309 2947 αὐτοῖς
3350 2886 3379 2937 ό
3409 2882 3621 2954 γέρων’
3661 2874 3763 2934 Εἷς

2170 2997 2268 3032 πον
2295 2980 2442 3049 ὑμῖν,
2471 2977 2545 3031 Οὐ
2581 2975 2719 3029 ποιῶ
2741 3016 2754 3038 ,
2791 2977 2885 3029 καὶ
2910 2975 3011 3028 οὐκ
3044 2974 3375 3045 ἐλυπήθητε,
3405 2975 3480 3037 ὡς
3515 2972 3591 3045 μὴ
3631 2990 3761 3044 σχο-

2168 3069 2419 3135 λάζοντός
2442 3086 2541 3139 μου
2562 3085 2575 3099 ·
2603 3067 2776 3137 τούτῳ
2790 3066 2846 3119 δὲ
2869 3064 2963 3118 ἐὰν
2998 3065 3073 3135 μὴ
3108 3067 3341 3136 ποιήσω,
3373 3066 3508 3136 ἐρεῖ,
3541 3065 3624 3118 ὅτι
3656 3066 3763 3118 Διὰ

487 3154 755 3217 auditum,
792 3171 957 3212 senex
990 3159 1169 3214 noluit
1197 3160 1375 3218 facere
1404 3179 1418 3229 ;
1449 3174 1500 3218 et
1541 3165 1723 3219 statim
1773 3167 2061 3226 incidimus

2172 3163 2268 3235 τὴν
2322 3159 2598 3233 ἁμαρτίαν
2656 3175 2757 3229 μου
2818 3156 3056 3220 ἀκούσας
3087 3160 3116 3210 6
3146 3156 3323 3227 γέρων
3374 3157 3476 3208 οὐκ
3523 3157 3761 3227 ἠθέλησε

489 3241 670 3298 funem
711 3242 955 3304 Excitavi
1007 3264 1138 3323 ergo
1169 3252 1409 3307 animum
1438 3254 1579 3325 ejus,
1605 3269 1673 3310 ne
1701 3255 1923 3313 tristitia
1950 3258 2067 3330 ipse

490 3336 893 3394 absorberetur.

557 3514 614 3570 2.
650 3513 904 3571 Narravit
941 3517 1110 3574 abbas
1167 3517 1402 3576 Betimes
1432 3538 1446 3576 :
1478 3520 1613 3577 Cum
1667 3523 1956 3594 aliquando
2012 3526 2067 3582 in

493 3605 694 3661 Scetim
721 3606 1130 3674 descenderem,
1159 3611 1427 3667 dederunt
1457 3615 1590 3669 mihi
1624 3617 1871 3670 nonnulli
1892 3632 2069 3687 pauca

495 3714 672 3767 poma,
698 3708 757 3755 ut
778 3701 1029 3758 offerrem
1061 3703 1306 3760 senibus.
1333 3705 1397 3759 Et
1418 3708 1630 3777 pulsavi
1660 3708 1726 3762 ad
1752 3709 1943 3763 cellam
1975 3710 2071 3766 ab-

494 3791 638 3847 batis
668 3792 892 3858 Achilaa,
932 3809 1042 3865 quo
1085 3798 1271 3851 darem
1320 3797 1418 3851 illi.
1472 3797 1619 3853 Dixit
1661 3807 1880 3856 autem:
1909 3798 2066 3867 Vere,

496 3881 684 3951 frater,
719 3885 889 3940 nolim
941 3886 1126 3962 pulses
1177 3888 1314 3943 mihi
1366 3891 1824 3961 nunc,quamvis
1869 3907 2070 3948 manna

492 3989 671 4047 esset;
706 3995 808 4035 nec
848 3980 915 4035 ad
949 3980 1114 4037 aliam
1160 3982 1355 4038 cellam
1396 3999 1609 4054 pergas.
1646 3980 1833 4055 Itaque
1869 3988 2071 4044 recessi

496 4068 551 4122 iu
581 4071 770 4126 cellam
813 4088 1011 4140 meam,
1042 4080 1097 4129 et
1126 4075 1194 4130 ad
1229 4074 1518 4131 ecclesiam
1546 4091 1707 4146 poma
1736 4077 1927 4133 detuli.

567 4246 621 4299 3.
662 4246 772 4316 (47)
812 4245 975 4302 Venit
1000 4251 1296 4322 aliquando
1328 4254 1497 4311 abbas
1526 4254 1748 4314 Achilas
1773 4257 1842 4314 ad
1879 4260 2073 4316 cellam

498 4335 710 4391 abbatis
731 4335 879 4391 Isaiae
902 4339 956 4392 in
987 4336 1160 4407 Sceti;
1187 4350 1239 4395 et
1268 4345 1473 4398 invenit
1497 4363 1622 4402 eum
1658 4349 2031 4407 comedentem
2056 4371 2070 4409 :

501 4428 729 4482 miserat
767 4436 948 4483 autem
1000 4428 1057 4482 in
1096 4432 1381 4486 scutellam
1412 4435 1493 4488 sal
1538 4452 1661 4491 cum
1709 4454 1871 4509 aqua.
1904 4440 2073 4498 Porro

2172 3255 2427 3325 ποιῆσαν
2459 3253 2554 3307 καὶ
2575 3250 2777 3315 εὐθέως
2807 3250 3081 3321 κόπτομεν
3110 3248 3169 3301 τὸ
3211 3247 3460 3318 σχοινίον.
3491 3249 3765 3321 Διήγειρα

2172 3343 2263 3402 οὖν
2298 3342 2460 3398 αὐτοῦ
2498 3345 2600 3415 τὴν
2648 3340 2846 3414 ψυχὴν,
2885 3341 2972 3395 ἵνα
3006 3340 3082 3413 μὴ
3123 3342 3189 3412 τῇ
3227 3338 3374 3412 λύπῃ
3408 3342 3689 3413 καταποθῇ
3729 3342 3765 3395 6

2173 3453 2433 3500 τοιουτος.

2247 3528 2312 3599 β’.
2352 3521 2519 3579 Εἶπεν
2554 3524 2583 3577 6
2614 3521 2787 3585 ἀὸϐᾶς
2819 3520 3065 3592 Βητίμης
3099 3521 3166 3586 ’³,
3197 3522 3280 3576 ὅτι
3322 3519 3765 3583 Καταόαίνοντός

2177 3620 2279 3693 μού
2308 3635 2433 3673 ποτε
2470 3619 2550 3680 εἰς
2582 3615 2812 3686 Σκῆτιν,
2843 3614 3051 3667 ἔδωκάν
3092 3612 3182 3684 μοί
3228 3630 3377 3695 τινες
3400 3611 3557 3681 ὀλίγα
3592 3610 3763 3683 μῆλα,

2176 3712 2263 3765 ἵνα
2288 3707 2445 3763 δώσω
2486 3708 2597 3770 τοῖς
2631 3705 2875 3777 γέρουσι.
2920 3704 3032 3757 Καὶ
3077 3704 3319 3776 ἔκρουσαν
3344 3705 3424 3767 εἰς
3456 3703 3518 3756 τὸ
3551 3703 3765 3756 κελλίον

2175 3800 2268 3855 τοῦ
2306 3798 2452 3854 assa
2489 3797 2695 3869 Ἀχιλεῖ,
2729 3796 2816 3849 ἵνα
2857 3794 3014 3848 δώσω
3052 3793 3222 3867 αὐτῷ.
3263 3795 3322 3847 '0
3346 3794 3401 3847 δὲ
3430 3793 3773 3863 ἔφη·Φύσει,

2175 3890 2390 3961 ἀδελφὲ,
2418 3889 2518 3943 οὐκ
2545 3887 2735 3960 ἤθελον
2766 3886 2853 3939 ἴνα
2881 3884 3120 3958 κρούσῃς
3155 3903 3244 3957 μοι
3278 3885 3422 3957 ἄρτι,
3451 3885 3499 3937 εἰ
3522 3878 3590 3955 ἦν
3621 3882 3764 3954 μάν-

2176 3997 2275 4038 να⁰
2312 3981 2445 4055 μηδὲ
2483 3981 2562 4044 εἰς
2610 3978 2739 4033 ἄλλο
2766 3976 2975 4032 κελλίον
2992 3976 3252 4051 ἀπέλθῃς.
3293 3974 3640 4048 Ἀνεχὼρησα
3668 3969 3769 4030 οὖν

2177 4076 2258 4138 εἰς
2288 4073 2347 4126 τὸ
2376 4071 2584 4126 κελλίον
2633 4088 2735 4144 μου
2757 4110 2772 4138 ,
2805 4068 2899 4124 καὶ
2937 4070 3215 4141 ἀνήνεγκα
3260 4069 3400 4123 αὐτὰ
3435 4070 3515 4133 εἰς
3543 4068 3640 4141 τὴν
3667 4069 3768 4124 ὲκ-

2177 4165 2428 4237 κλησίαν.

2186 4246 2190 4251 ’
2245 4263 2316 4325 γ’.
2358 4251 2528 4309 Ἦλθὲ
2554 4271 2685 4307 ποτε
2713 4254 2741 4306 6
2764 4252 2938 4317 666i;
2979 4249 3194 4321 Ἀχιλᾶς
3221 4250 3301 4312 εἰς
3327 4249 3387 4302 τὸ
3424 4249 3636 4302 κελλίον
3663 4247 3767 4304 τοῦ

2178 4346 2324 4403 assa
2368 4347 2591 4399 Ἡσαΐου
2620 4349 2678 4399 ἐν
2711 4347 2926 4416 Σκήτει,
2962 4344 3056 4396 καὶ
3090 4336 3247 4414 εὗρεν
3276 4341 3438 4397 αὑτὸν
3468 4341 3716 4395 ἐσθίοντα
3746 4359 3762 4374 ·

2175 4432 2244 4508 ἦν
2280 4435 2337 4488 δὲ
2374 4434 2552 4505 βαλὼν
2594 4437 2672 4497 εἰς
2699 4434 2759 4486 τὸ
2783 4434 3001 4486 πινάκιν
3036 4433 3168 4495 ἃλας
3198 4431 3290 4485 καὶ
3325 4430 3487 4503 ὕδωρ.
3529 4431 3671 4485 Ἰδὼν
3702 4430 3765 4484 δὲ

501 4535 667 4576 senex
712 4519 1064 4589 conspicatus
1105 4521 1253 4591 quod
1299 4524 1544 4580 catillum
1584 4529 1915 4584 occultasset
1962 4548 2060 4602 pos

2187 4524 2350 4578 αὑτὸν
2379 4523 2408 4576 ὁ
2434 4522 2613 4594 γέρων
2660 4522 2742 4575 ὅτι
2787 4520 3022 4591 ἔκρυψεν
3049 4521 3182 4573 αὐτὸ
3212 4521 3388 4574 ὀπίσω
3420 4521 3517 4593 τῆς
3554 4523 3766 4592 σειρᾶς,

503 4611 754 4682 plectam,
801 4609 940 4666 dixit
960 4613 1011 4667 ei
1044 4632 1057 4668 :
1092 4612 1359 4683 Eloquere
1408 4616 1565 4683 mihi,
1613 4618 1746 4689 quid
1782 4624 2079 4681 manduca-

501 4703 638 4760 bas?
673 4703 973 4774 Respondit
1018 4703 1110 4760 ille
1140 4722 1153 4759 :
1183 4703 1407 4776 Ignosce
1453 4707 1606 4777 mihi,
1643 4709 1822 4780 abba;
1870 4714 2078 4783 palmas

2176 4616 2324 4685 λέγει
2363 4613 2538 4685 αὐτῷ’
2570 4613 2704 4666 Εἱπέ
2732 4629 2840 4683 μοι,
2872 4612 2923 4663 τί
2946 4610 3134 4683 ἧσθιες
3160 4628 3175 4678 ;
3215 4611 3274 4665 '0
3298 4610 3354 4664 δὲ
3380 4607 3525 4664 εἷπε·
3552 4609 3770 4683 Συγχώ-

2182 4708 2349 4783 ρησόν
2386 4725 2501 4778 μοι,
2533 4706 2699 4765 ἀὸὅᾶ,
2726 4706 2807 4758 ὃτι
2834 4704 3022 4757 θαλλία
3046 4703 3295 4771 ἔκοπτον,
3318 4707 3411 4758 καὶ
3434 4701 3663 4773 ἀνῆλθον
3687 4706 3770 4768 εἰς

504 4792 835 4862 incidebam,
863 4802 917 4851 et
946 4796 1172 4852 ascendi
1222 4797 1288 4852 ad
1320 4806 1553 4865 aestum;
1620 4801 1856 4872 misique
1902 4804 1957 4859 in
2020 4820 2061 4861 οε

2178 4803 2240 4855 τὸ
2270 4799 2479 4871 καῦμα,
2515 4798 2612 4852 καὶ
2638 4796 2829 4851 ἔϐαλον
2861 4799 2940 4860 εἰς
2966 4797 3028 4849 τὸ
3056 4795 3232 4868 στόμα
3268 4814 3368 4868 μου
3396 4794 3589 4867 ψωμὸν
3627 4796 3772 4867 μετὰ

505 4902 684 4942 meum
720 4887 978 4944 bucceam
1004 4903 1131 4943 cum
1171 4890 1319 4958 sale;
1351 4890 1446 4946 sed
1478 4903 1808 4948 exaruerant
1841 4910 1905 4951 ex
1941 4905 2079 4952 aestu

505 4975 693 5033 fauces
750 4995 903 5043 meae,
962 4993 1067 5035 nec
1126 4979 1462 5038 descendere
1514 4990 1729 5053 poterat
1783 4985 2074 5043 huccella:

505 5080 814 5141 capropter,
841 5079 1067 5126 coactus
1097 5087 1217 5128 sum
1250 5072 1465 5129 mittere
1509 5089 1697 5145 parum
1718 5092 1873 5146 aqua:
1899 5078 1952 5132 in
1975 5080 2078 5145 sal,

507 5170 568 5215 ut
593 5162 668 5217 ita
697 5164 983 5219 comedere
1021 5164 1279 5221 valerem.
1315 5165 1420 5221 Sed
1461 5166 1683 5235 ignosce
1728 5169 1882 5224 mihi.
1938 5173 2076 5227 Tum

507 5254 648 5309 dixit
692 5270 860 5311 senex
894 5274 908 5311 :
940 5253 1154 5325 Venite,
1182 5258 1363 5315 videte
1391 5259 1587 5313 Isaiam
1631 5260 1944 5317 sorbentem
1986 5262 2078 5333 jus

510 5343 565 5397 in.
592 5342 758 5399 Sceti.
788 5347 843 5401 Si
864 5348 956 5416 jus
983 5350 1067 5405 vis
1103 5352 1454 5418 manducare,
1487 5368 1650 5427 perge
1670 5357 1726 5410 in
1758 5355 2076 5430 Egyptum.

2179 4891 2402 4955 ἆλατος’
2424 4890 2518 4943 καὶ
2559 4887 2826 4960 ἐξηράνθη
2860 4889 2888 4942 6
2912 4886 3126 4959 φάρυγξ
3158 4905 3259 4957 μου
3297 4887 3406 4941 ἀπὸ
3430 4887 3522 4940 τοῦ
3554 4887 3772 4959 καύμα-

2183 5003 2293 5050 τος,
2328 4985 2421 5038 καὶ
2460 4984 2521 5036 οὐ
2552 4981 2869 5036 κατέϐαινεν
2889 4981 2918 5033 6
2946 4978 3157 5051 ψωμόςο
3191 4978 3278 5033 διὰ
3316 4978 3495 5045 τοῦτο,
3523 4980 3769 5049 ἠναγκόιο

2187 5078 2318 5149 σθην
2367 5076 2547 5141 βαλεῖν
2577 5073 2769 5146 μικρὸν
2796 5073 2937 5145 ὕδωρ
2977 5074 3058 5136 εἰς
3086 5073 3145 5127 τὸ
3182 5072 3334 5136 ἃλας,
3365 5071 3450 5126 ἵνα
3477 5070 3650 5135 οὕτως
3677 5072 3768 5125 δυ-

2186 5171 2332 5241 νηθῶ
2370 5166 2689 5238 γεύσασθαι.
2729 5164 2889 5218 Ἀλλὰ
2923 5162 3279 5235 συγχώρησόν
3305 5180 3415 5234 μοι.
3441 5162 3549 5216 Καὶ
3578 5159 3773 5229 λέγειό

2185 5262 2394 5334 γέρωνο
2426 5258 2613 5319 Δεῦτε,
2637 5258 2775 5310 ἴδετε
2810 5255 3037 5311 Ἡσαΐαν
3067 5254 3250 5325 ζωμὸν
3274 5254 3520 5308 ἐσθίοντα
3548 5254 3606 5308 ὲν
3629 5253 3772 5325 Σκή-

2184 5374 2286 5411 τει.
2340 5355 2403 5407 Εἰ
2446 5353 2628 5422 ζωμὸν
2661 5350 2834 5412 θέλεις
2875 5348 3096 5413 ἐσθίειν,
3131 5345 3310 5415 ὕπαγε
3350 5346 3429 5410 εἰς
3473 5345 3766 5413 Αιγυπτον.

584 5501 627 5530 ⁸⁸
664 5499 851 5556 Matth.
882 5520 976 5570 vn,
1014 5506 1096 5560 M.
1175 5510 1217 5541 6’
1244 5506 1429 5563 Matth.
1466 5526 1573 5576 vix,
1604 5512 1693 5565 27.
1772 5514 1815 5545 το
1844 5516 1928 5569 Al.
1957 5532 2057 5583 συγ

2172 5517 2328 5586 quau.
2404 5510 2564 5564 "Al.
2617 5506 2848 5579 Ἀχιλλᾶ.
2925 5504 3166 5559 "Abest
3218 5504 3287 5557 ab
3333 5502 3404 5557 al.
3480 5497 3774 5570 "A131;-

511 5577 709 5642 τίμιος.

591 5725 698 5796 (65)
740 5725 843 5780 γει.
880 5727 1032 5783 Patr.
1060 5744 1110 5792 κ,
1136 5728 1225 5779 81.

590 5799 703 5871 (ιο)
744 5796 846 5854 γει.
874 5798 1028 5853 Patr.
1065 5814 1119 5868 χ,
1158 5798 1241 5853 lt.

2271 5732 2381 5801 (Π)
2422 5730 2524 5785 Vit.
2554 5728 2706 5787 Patr.
2739 5747 2812 5795 ιν,
2856 5730 2951 5797 l0;
2983 5727 3141 5785 Joan.
3182 5726 3371 5784 Geom.
3409 5721 3615 5780 Parad.
3653 5734 3681 5785 ὕ
3725 5772 3742 5791 .
