3976 6332
186 422 303 480 125
1318 425 1787 486 APOPHTHEGM

1899 425 1931 477 Α
1973 417 2278 477 PATRUM.
3365 411 3468 466 ηδ

248 545 315 597 δ’.
342 540 630 612 Παρέϐαλέ
652 560 739 607 τις
764 544 872 597 τῶν
902 545 1173 617 γερόντων
1198 545 1276 617 τῷ
1290 546 1434 618 assa
1457 545 1663 617 ’Δχιλᾷ,
1682 543 1776 596 καὶ

1951 539 2003 594 ι.
2044 536 2154 607 (48)
2175 530 2441 590 Convenit
2465 528 2666 599 aliquis
2694 542 2889 584 senum
2914 526 3164 582 abbatem
3189 523 3464 602 Achilam.

178 633 385 704 θεωρεί
397 633 559 686 αὐτὸν
578 632 812 705 ῥίψαντα
835 631 976 706 αἷμα
996 638 1060 690 ἐκ
1078 636 1172 690 τοῦ
1190 638 1457 712 στόματος
1470 636 1635 691 αὑτοῦ
1652 656 1663 667 ·
1680 636 1774 689 καὶ

179 720 483 794 ἠρώτησεν
511 726 675 779 αὐτόν
701 740 715 753 ·
740 727 809 779 Τί
840 728 955 781 ἐστι
983 728 1176 791 τοῦτολ,
1214 729 1395 802 Πάτερ
1425 747 1439 795 ;
1483 731 1594 783 Καὶ
1628 724 1779 782 εἶπεν

181 817 211 867 ὁ
230 816 416 886 γέρων
444 830 461 845 ⁸
495 817 581 868 ὅτι
608 817 781 885 Λόγος
820 818 970 871 ἐστὶν
1018 818 1250 889 ἀδελφοῦ
1277 819 1647 891 λελυπηκότος
1688 836 1779 889 με.

180 908 278 961 καὶ
333 908 696 979 ἠγωνισάμην
724 909 821 962 τοῦ
871 910 945 981 μὴ
980 910 1301 979 ἀναγγεῖλαι
1343 910 1493 982 αὐτῷ
1522 910 1657 982 (48),
1687 910 1782 963 καὶ

184 998 418 1068 ἐδεήθην
455 998 595 1053 Θεοῦ
643 1000 730 1053 ἴνα
764 1000 905 1072 ἀρθῇ
937 1002 1032 1054 ἀπ’
1055 1001 1190 1072 ἐμοῦ
1211 1020 1224 1034 ·
1258 1003 1351 1055 καὶ
1389 1002 1614 1071 γέγονεν
1642 1004 1670 1054 ὁ
1697 1001 1784 1053 λό-

186 1107 282 1156 γος
305 1090 385 1154 ὡς
412 1087 553 1161 αἷμα
586 1093 647 1144 ὲν
678 1091 757 1162 τῷ
799 1092 1031 1162 στόματί
1064 1110 1164 1163 μου
1186 1134 1201 1157 ,
1237 1094 1333 1147 καὶ
1364 1093 1573 1146 ἕπτυσα
1599 1091 1780 1154 αὑτὸν,

184 1183 284 1237 καὶ
302 1182 574 1253 ἀνεπάην,
603 1185 698 1238 καὶ
719 1185 819 1255 τὴν
841 1184 1018 1255 λύπην
1046 1184 1414 1256 ἐπελαθόμην.

255 1372 323 1419 ι’.
363 1365 593 1434 Ἔλεγεν
639 1366 669 1418 ὁ
711 1365 886 1429 asas;
937 1364 1237 1436 Ἀμμὼης,
1268 1366 1350 1419 ὅτι
1396 1363 1787 1435 Παρεσάλομεν

187 1456 301 1525 ἐγὼ
331 1459 426 1512 καὶ
455 1460 484 1511 ὁ
508 1457 681 1520 asas;
710 1458 955 1528 Βητίμης
982 1457 1059 1527 τῷ
1097 1457 1240 1529 ἁὸὀᾷ
1267 1457 1476 1527 Ἀχιλᾷ,
1504 1456 1599 1509 καὶ
1623 1454 1788 1524 ἡκού-

190 1565 367 1619 σαμεν
395 1546 563 1600 αὑτοῦ
596 1545 925 1618 μελετῶντος
957 1546 1048 1599 τὸν
1094 1546 1251 1614 λόγον
1280 1546 1468 1599 τοῦτον
1487 1562 1499 1575 ⁸
1535 1544 1632 1611 Μὴ
1680 1560 1787 1612 5:0-

188 1638 322 1703 ϐοῦ,
376 1638 603 1701 Ἰακὼϐ,
623 1638 955 1706 καταϐῆναι
982 1640 1071 1703 εἰς
1087 1638 1413 1706 Αἴγυπτον.
1444 1637 1557 1689 Ka‘t
1586 1635 1679 1688 ἐπὶ
1700 1651 1792 1687 7:0—

188 1733 253 1784 λὺ
304 1734 489 1802 ἔμεινε
530 1732 771 1801 μελετῶν
799 1732 892 1785 τὸν
928 1732 1085 1801 λόγον
1109 1731 1318 1786 τοῦτον.
1356 1732 1467 1785 Καὶ
1495 1732 1571 1795 ὡς
1597 1730 1792 1801 ἐκρού-

194 1840 404 1893 σαμεν,
433 1822 642 1894 ἤνοιξεν
694 1825 850 1893 ἡμῖν,
892 1823 985 1876 καὶ
1030 1822 1355 1893 ἐπηρώτησε
1380 1839 1394 1851 ·
1431 1822 1601 1875 Πόθεν
1633 1822 1790 1885 sane;

1882 630 2123 698 viditque
2175 622 2494 693 sanguinem
2546 634 2612 674 ex
2652 634 2750 673 ore
2812 617 2963 671 illius
2996 630 3355 686 promanare;
3409 621 3467 672 et

1881 720 2240 791 interrogavit
2273 739 2285 772 :
2318 716 2460 784 Quid
2492 716 2596 770 hoc
2645 718 2752 773 est,
2787 709 2997 765 Pater?
3042 707 3338 778 Respondit
3381 723 3471 763 se-

1883 832 1986 871 nex
2026 832 2042 869 :
2080 813 2297 867 Dictum
2361 817 2446 865 est
2505 805 2796 877 cujusdam
2839 801 3048 864 fratris,
3085 801 3177 870 qui
3220 816 3305 855 me
3332 816 3468 855 con-

1886 908 2146 969 tristavit,
2197 913 2252 958 et
2303 900 2539 973 pugnavi
2575 911 2787 952 mecum
2845 904 2906 949 ut
2963 908 3073 948 non
3127 892 3468 946 declararem

1884 1001 1932 1056 ei
1961 1018 1976 1067 ;
2012 999 2294 1067 Deumque
2332 994 2657 1064 deprecatus
2683 1003 2827 1053 sum,
2862 1002 2894 1041 a
2915 1002 3002 1042 me
3033 985 3084 1041 id
3116 983 3265 1040 verbi
3290 982 3471 1038 aufer-

1886 1101 2057 1147 retur.
2095 1089 2216 1144 F‘uit
2245 1104 2375 1161 ergo
2421 1086 2568 1142 velut
2601 1084 2825 1157 sanguis
2873 1082 2930 1135 in
2960 1095 3057 1134 ore
3110 1091 3255 1141 meo,
3306 1083 3470 1145 atque

1890 1183 2079 1253 exspui
2141 1180 2293 1249 illud,
2339 1196 2403 1236 ac
2452 1177 2697 1250 requiem
2758 1173 2994 1239 obtinui,
3065 1183 3290 1239 remque
3342 1181 3462 1223 sum

1888 1277 2109 1331 oblitus.

1961 1369 2013 1423 5.
2055 1366 2259 1423 Retulit
2294 1366 2463 1420 abbas
2497 1363 2754 1417 Ammocs
2794 1359 2946 1432 :Ego
2963 1365 3018 1415 et
3042 1356 3212 1412 abbas
3236 1354 3472 1409 Betimes

1891 1460 2228 1516 accessimus
2256 1459 2321 1512 ad
2350 1458 2602 1512 abbatem
2624 1454 2896 1516 Achilam,
2926 1459 2980 1506 et
3004 1450 3314 1504 audivimus
3344 1462 3475 1501 eum.
3508 1463 3511 1467 ·

1891 1552 2240 1607 meditantem
2269 1550 2322 1603 id
2377 1547 2525 1602 verbi
2561 1565 2574 1600 :
2619 1544 2748 1599 Noli
2786 1544 2986 1606 timere,
3016 1537 3207 1605 Jacob,
3257 1538 3472 1592 descen-

1891 1642 2013 1697 dere
2040 1644 2093 1696 in
2124 1639 2415 1712 {Egyptum
2437 1640 2507 1694 ".
2541 1637 2754 1707 Diuque
2792 1634 2994 1689 mansit
3024 1631 3298 1686 meditans
3342 1642 3466 1707 eum

1894 1749 2222 1790 sermonem.
2247 1733 2384 1787 (him
2419 1739 2600 1786 autem
2628 1728 3024 1799 pulsassemus,
3051 1723 3264 1794 aperuit
3288 1720 3473 1785 nobis,

1895 1834 1949 1878 et
1988 1822 2341 1892 interrogavit
2375 1838 2388 1876 :
2422 1820 2575 1874 Unde
2615 1816 2796 1874 estis?
2831 1816 3000 1869 Porro
3030 1814 3187 1869 veriti
3237 1812 3424 1866 dicere
3452 1828 3467 1863 :

194 1916 305 1969 Καὶ
339 1914 665 1986 φοϐηθέντες
702 1916 897 1979 εἰπεῖν,
935 1916 1033 1969 Ἐκ
1074 1915 1183 1967 τῶν
1216 1915 1456 1967 Κελλίων
1478 1954 1491 1977 ,
1527 1914 1781 1983 εἴπαμεν,

1899 1918 1933 1971 Ε
1959 1910 2138 1980 Cellis;
2180 1915 2421 1969 diximus
2448 1932 2461 1967 :
2497 1911 2538 1965 E
2569 1918 2754 1965 monte
2794 1906 3005 1963 Nitriae.
3038 1906 3132 1959 Ait
3160 1904 3252 1960 ille
3280 1920 3295 1958 :
3327 1902 3470 1969 Quid

203 2006 302 2059 Ἐκ
318 2004 413 2058 τοῦ
435 2006 594 2075 ὅρους
617 2006 715 2075 τῆς
740 2004 989 2074 Νιτρίας.
1005 2004 1116 2057 Kal.
1130 2004 1278 2073 λέγει
1300 2021 1313 2034 ·
1333 2003 1399 2057 Τί
1423 2004 1553 2074 ὑμῖν
1577 2004 1787 2073 ποιήσω

192 2098 273 2151 ὅτι
299 2097 413 2150 ἀπὸ
444 2096 679 2167 μήκοθέν
708 2098 865 2162 sors;
901 2098 997 2149 καὶ
1022 2097 1319 2167 εἰσήγαγεν
1353 2096 1522 2166 ἡμᾶς.
1560 2096 1669 2148 Καὶ
1696 2093 1788 2147 εὖ·

196 2205 367 2262 ρομεν
395 2188 559 2241 αὐτὸν
604 2184 973 2257 ἐργαζόμενον
1000 2185 1098 2258 τὴν
1127 2186 1296 2240 νύκτα
1331 2186 1535 2257 πολλὴν
1574 2186 1786 2257 σειρὰν,

194 2282 290 2335 καὶ
317 2282 688 2352 ὴρωτήσαμεν
730 2280 892 2334 αὑτὸν
925 2282 1100 2334 εἰπεῖν
1132 2282 1265 2351 ἡμῖν
1302 2280 1480 2348 λόγον.
1529 2280 1588 2332 '0
1625 2278 1683 2332 δὲ
1712 2275 1791 2332 εἶ-

196 2391 299 2426 πεν
319 2390 336 2404 °
366 2372 508 2441 Ἐγὼ
534 2371 641 2425 ἀπὸ
668 2372 767 2441 ὀψὲ
799 2372 905 2435 ἕως
934 2373 1060 2443 ἄρτι
1085 2371 1284 2438 ἔπλεξα
1306 2373 1511 2425 εἴκοσιν
1537 2371 1787 2443 ὀργυίας,

198 2466 293 2517 καὶ
319 2465 481 2532 φύσει
512 2465 572 2517 οὐ
602 2462 793 2533 χρῄζω
836 2462 1045 2516 αὐτῶν·
1078 2462 1216 2517 ἀλλὰ
1252 2464 1449 2533 μήπως
1483 2463 1794 2534 ἀγανακτή-

198 2570 266 2624 σῃ
302 2554 333 2605 ό
363 2553 515 2617 Θεὸς,
549 2554 642 2606 καλ⁵
672 2552 944 2623 ἐγκαλέσῃ
974 2570 1086 2623 μοι,
1121 2552 1294 2619 λέγων
1325 2570 1337 2583 ·
1370 2551 1526 2604 Δια-εί
1551 2552 1789 2622 δυνάμε-

197 2661 288 2709 νος
329 2644 687 2716 ἐργάσασθαι,
728 2645 829 2697 οὐκ
866 2645 1109 2715 εἰργάσω
1132 2643 1252 2709 ;διὰ
1285 2642 1443 2696 τοῦτο
1479 2643 1676 2708 κοπιῶ,
1697 2643 1792 2697 καλ¹

196 2734 340 2787 mu?)
400 2734 533 2804 ὅλην
561 2734 658 2802 τὴν
691 2732 918 2804 δύναμίν
954 2750 1077 2803 μου.
1126 2734 1236 2787 Καὶ
1275 2732 1647 2804 ὠαεληθέντες
1693 2734 1781 2788 ἀν·

202 2826 385 2897 εχωρή
394 2842 462 2877 σα
470 2843 590 2895 μεν.

272 2926 339 2983 ς’.
387 2919 616 2972 Ἀλλοτε
657 2919 819 2973 πάλιν
855 2919 1028 2990 μέγας
1050 2919 1227 2991 γέρων
1253 2918 1529 2991 παρέϐαλε
1547 2916 1624 2989 τῷ
1648 2916 1793 2988 ἀόϐᾷ

199 3008 390 3079 ’Δχιλᾷ
423 3008 534 3063 ἀπὸ
566 3008 850 3078 Θηϐαἳὸος,
879 3009 972 3061 καὶ
1007 3008 1156 3076 λέγει
1194 3008 1370 3079 αὐτῷ’
1411 3008 1601 3070 Ἀϐὅᾶ,
1632 3006 1792 3067 πολε-

200 3098 410 3169 μοῦμαι
448 3104 526 3161 εἰς
568 3098 651 3154 σέ.
689 3098 749 3150 Ὀ
794 3096 849 3150 δὲ
891 3097 1042 3166 λέγει
1096 3098 1278 3169 αὐτῷ·
1314 3098 1532 3166 ’Ὕπαγε
1572 3096 1668 3150 καὶ
1704 3097 1792 3161 σὺ,

198 3191 384 3261 γέρον,
402 3195 483 3253 είς
507 3188 608 3260 ἐμὲ
646 3189 771 3260 ἄρτι
802 3187 1046 3260 πολεμῇ;
1089 3189 1148 3242 '0
1170 3190 1227 3243 δὲ
1264 3188 1443 3259 γέρων
1468 3189 1577 3242 ἀπὸ
1602 3205 1793 3241 ταπει-
1819 3230 1861 3288 C

197 3281 420 3345 νὼσεως
456 3277 580 3334 εἷπε
610 3296 625 3310 ·
654 3281 788 3345 Ναὶ,
835 3280 999 3337 assa.
1030 3277 1137 3335 ’Ἤν
1170 3281 1228 3333 δὲ
1271 3282 1387 3333 ἐκεῖ
1432 3282 1525 3334 επὶ
1556 3283 1622 3352 τῇ
1653 3282 1793 3352 θύρᾳ

191 3371 513 3441 καθήμενος
541 3371 721 3442 γέρων
743 3372 944 3441 τυφλὸς
968 3373 1064 3425 καὶ
1101 3373 1291 3444 χωλός.
1331 3372 1435 3426 Καὶ
1466 3374 1616 3442 λέγει
1645 3373 1793 3444 αὑτῴ

190 3465 221 3515 ό
248 3462 462 3534 γέρων·
499 3464 731 3517 Ἤθελον
780 3464 1003 3518 καθίσαι
1041 3466 1244 3538 μικρὰς
1292 3466 1525 3537 ἡμέρας,
1563 3468 1656 3520 καὶ
1704 3465 1792 3519 διὰ

192 3554 292 3607 τὸν
348 3554 585 3625 γέροντα
625 3555 815 3608 τοῦτον
854 3557 915 3609 οὐ
958 3556 1191 3628 δύναμαι
1240 3557 1481 3610 καθίσαι.
1527 3557 1791 3622 Ἀκούσας

192 3640 294 3699 οὖν
317 3648 344 3699 ὁ
372 3644 548 3709 ἁϐὁᾶς
592 3645 830 3716 Ἀχιλᾶς,
862 3645 1139 3718 ἐθαύμασε
1188 3650 1285 3717 τὴν
1324 3647 1653 3702 ταπείνωσιν
1696 3648 1789 3701 τοῦ

195 3735 475 3805 γέροντος,
508 3736 606 3788 καὶ
642 3734 858 3815 ἔλεγεν·
892 3734 1043 3808 Αὕτη
1082 3737 1182 3791 οὐκ
1208 3737 1321 3790 ἔστι
1367 3738 1614 3809 πορνεία,
1653 3738 1791 3792 ἀλλὰ

196 3825 395 3895 φθόνος
418 3827 538 3880 ἐστὶ
559 3827 671 3881 τῶν
706 3829 958 3898 πονηρῶν
984 3828 1277 3899 δαιμόνων.

623 3944 761 4013 Περὶ
793 3944 898 3999 τοῦ
928 3945 1081 4001 ἀϐὄᾶ.
1124 3944 1376 4016 Ἀμμώη.

268 4059 342 4108 α’.
386 4055 617 4124 1Ἔλεγον
646 4055 777 4127 περὶ
805 4056 898 4110 τοῦ
946 4058 1093 4112 ἀὸϐἄ
1133 4058 1396 4130 Ἀμμὼη,
1427 4061 1508 4113 ὅτι
1555 4060 1632 4124 ὡς
1683 4062 1789 4114 ὑπ-

195 4144 335 4215 ῆγεν
358 4146 438 4209 εἰς
465 4145 566 4216 τὴν
594 4147 910 4219 ἐκκλησίαν,
940 4149 1041 4203 οὐκ
1072 4150 1198 4221 ἥφιε
1229 4151 1319 4205 τὸν
1350 4151 1595 4222 μαθητὴν
1624 4150 1789 4206 αὐτοῦ

201 4237 433 4306 ἑγγιστα
459 4238 628 4291 αὐτοῦ
663 4242 1059 4313 περιπατῆσαι.
1087 4243 1227 4307 ἀλλὰΔ
1243 4244 1351 4297 ἀπὸ
1371 4245 1672 4317 μακρόθενο
1691 4248 1787 4299 καὶ

198 4331 249 4382 εί
281 4329 486 4401 ἦρχετο
520 4331 795 4400 ἐρωτῆσαι
825 4332 954 4402 περὶ
992 4332 1265 4403 λογισμῶν
1285 4376 1300 4399 ,
1330 4333 1405 4397 ὡς
1427 4334 1611 4402 ἔλεγεν
1640 4335 1789 4406 αὐτῷ

205 4421 390 4489 μόνον,
419 4420 625 4484 εὐθέως
676 4421 899 4476 ἐδίωκεν
959 4424 1140 4490 αὐτὸν,
1192 4424 1366 4493 λέγων
1391 4442 1405 4457 ·
1440 4426 1666 4496 Μήποτε
1697 4425 1790 4480 λα-

202 4512 438 4566 λούντων
463 4514 621 4585 ἡμῶν
646 4517 777 4586 περὶ
799 4516 1084 4586 ὠφελείας,
1119 4518 1333 4589 ὲγκύψῃ
1354 4519 1400 4550 τδ
1431 4518 1554 4591 ξένη
1580 4520 1785 4591 ὁμιλίαο

200 4605 292 4660 διὰ
310 4606 467 4659 τοῦτο
504 4607 604 4658 οὐκ
638 4606 762 4675 ἀφῶ
797 4624 855 4659 σε
895 4606 1121 4675 ἔγγιστὰ
1154 4625 1276 4673 μου.

276 4697 346 4767 β’.
386 4697 616 4765 Ἔλεγεν
656 4701 687 4750 ὁ
715 4696 889 4761 assa;
930 4697 1192 4769 Ἀμμώης
1230 4697 1308 4769 τῷ
1336 4698 1480 4772 ἁϐδᾷ
1519 4701 1717 4774 Ἡσαΐᾳ
1742 4701 1789 4733 τι

201 4792 270 4860 τῇ
298 4792 439 4861 ἀρχῇ
468 4807 482 4820 ·
522 4791 647 4853 Πῶς
679 4808 748 4861 με
780 4791 998 4862 βλέπεις
1047 4791 1208 4863 apvt;
1244 4792 1405 4859 Λέγει
1457 4793 1606 4865 αὑτῷ
1639 4812 1653 4827 ο
1698 4796 1787 4858 Ὠς

201 4882 456 4950 ἄγγελον,
488 4882 695 4953 Πάτερ.
745 4883 856 4936 Καὶ
890 4884 968 4946 είς
1011 4884 1080 4936 τὰ
1120 4882 1321 4954 ὕστερα
1356 4884 1539 4952 ἔλεγεν
1589 4889 1737 4960 αὐτῷ
1768 4910 1781 4921 ·

201 4973 333 5037 Πῶς
381 4991 445 5044 με
486 4974 586 5029 νῦν
622 4973 870 5044 βλέπεις;
906 4975 965 5027 '0
996 4974 1053 5028 δὲ
1094 4974 1276 5044 ἔλεγεν
1301 4993 1314 5006 ·
1365 4974 1451 5036 Ὠς
1492 4976 1583 5029 τὸν
1615 4978 1786 5035 Σατα-

200 5066 305 5117 νᾶν
335 5077 351 5092 ⁶
380 5064 488 5118 κᾶν
535 5063 694 5132 λόγον
728 5081 819 5134 μοι
853 5064 1110 5136 λαλήσεις
1147 5064 1372 5133 ἀγαθὸν,
1408 5065 1483 5129 ὼς
1512 5067 1789 5139 ῥομφαίαν

201 5155 373 5210 αὐτὸν
410 5156 540 5225 ἔχω.

273 5252 345 5315 γ’.
388 5247 618 5316 Ἔλεγον
666 5248 794 5320 περὶ
835 5248 930 5300 τοῦ
972 5248 1116 5301 ὀιόεᾶ
1158 5248 1412 5319 Ἀμμώη,
1438 5250 1519 5303 ὅτι
1574 5251 1792 5322 ἠσθένει

200 5340 469 5412 κλινήρης
488 5338 565 5394 ὢν
592 5340 683 5392 ἐπὶ
713 5339 883 5393 πολλὰ
928 5339 1043 5413 ἔτη,
1085 5341 1180 5395 καὶ
1209 5341 1459 5395 οὐδέποτε
1495 5343 1673 5414 ἀφῆκε
1704 5346 1796 5399 τὸν

274 5498 324 5530 ’δ
354 5498 442 5553 Al.
479 5500 838 5573 παρεμπέσῃ.
883 5501 930 5533 ⁷⁸
959 5500 1046 5556 Al.
1091 5502 1285 5573 ’Δσέῳ.
1317 5502 1365 5534 ⁷⁸
1390 5500 1527 5556 Gen.
1559 5518 1703 5565 XLVI,
1730 5504 1783 5557 5.

272 5614 387 5683 (48)
429 5611 540 5666 Τοῦ
566 5611 655 5681 μὴ
693 5612 1040 5684 ἀναγγεῖλαι
1092 5616 1272 5681 αὐτῷ.
1319 5615 1569 5675 Eiusdem
1612 5617 1783 5670 inter-

199 5684 458 5755 pretatio,
504 5700 819 5755 conservare
866 5684 1002 5738 illud
1034 5686 1174 5755 apud
1209 5702 1306 5740 me.
1349 5685 1551 5745 Rufini.
1580 5696 1639 5739 ut
1681 5703 1783 5741 mm

195 5755 353 5808 illam
376 5753 628 5807 dicerem.
653 5753 933 5809 Hahehant
965 5757 1018 5809 in
1051 5753 1242 5811 codice
1271 5756 1559 5817 ειιο,αὐτό.
1582 5756 1781 5818 Verum

198 5823 440 5881 Ruﬁnus
464 5839 568 5879 ms.
605 5823 975 5891 Corbc'tcnsis,
1013 5836 1069 5879 ut
1103 5844 1203 5882 non
1242 5826 1322 5880 illi
1348 5828 1594 5881 dicerem.

1886 2006 2042 2061 vobis
2074 2005 2293 2070 faciam,
2321 2003 2468 2075 quod
2499 2003 2566 2057 de
2605 2000 2796 2071 procul
2848 1996 3121 2053 venistis?
3174 1994 3239 2048 Et
3293 1993 3467 2048 intro-

1886 2097 2040 2153 duxit
2068 2111 2188 2150 nos.
2222 2095 2535 2150 Invenimus
2570 2100 2751 2146 autem
2784 2104 2908 2145 eum
2960 2104 3055 2159 per
3092 2095 3306 2142 noctem
3352 2086 3470 2155 ple-

1888 2193 2031 2240 ctam
2063 2185 2289 2239 multam
2324 2190 2630 2253 operatum.
2659 2182 2839 2249 Atque
2870 2177 3184 2248 rogavimus
3213 2182 3273 2228 ut
3309 2174 3475 2232 nobis

1888 2274 2092 2345 aliquid
2138 2274 2575 2345 proloqueretur.
2626 2271 2720 2325 Ille
2754 2283 2882 2324 vero
2917 2266 3055 2323 dixit
3088 2285 3100 2320 :
3130 2265 3240 2335 Ego
3291 2280 3322 2319 a
3370 2280 3469 2321 ve-

1896 2366 2137 2438 Spertino
2168 2373 2416 2435 tempore
2465 2364 2530 2418 ad
2564 2363 2690 2428 hoc,
2723 2362 2870 2417 texui
2915 2359 3104 2429 viginti
3146 2360 3325 2423 ulnas,
3360 2372 3469 2412 non

1895 2464 2071 2510 tamen
2106 2455 2173 2510 iis
2207 2455 2465 2525 indigeo;
2496 2454 2591 2509 sed
2624 2468 2692 2507 ne
2746 2451 2887 2507 forte
2934 2448 3246 2519 indignetur
3303 2446 3470 2510 Deus,

1890 2558 2217 2620 accuselque
2257 2563 2364 2613 me,
2414 2546 2603 2600 dicens
2637 2564 2651 2599 :
2692 2544 2804 2599 Cur
2834 2558 2959 2597 cum
3013 2557 3205 2613 posses
3233 2541 3470 2610 operari,

1890 2650 1997 2690 non
2052 2652 2111 2691 es
2162 2635 2468 2704 operatus?
2501 2634 2622 2689 ideo
2678 2633 2892 2697 laboro,
2951 2629 3156 2684 faciens
3208 2637 3470 2699 quantum

1893 2727 2063 2782 valeo.
2094 2724 2248 2781 Unde
2278 2725 2457 2779 fructu
2488 2733 2746 2795 percepto
2778 2722 3152 2779 discessimus.

1964 2896 2017 2953 6.
2043 2897 2162 2951 Alia
2186 2897 2304 2951 vice
2338 2911 2570 2966 magnus
2620 2909 2787 2948 senex
2846 2893 3050 2947 venite
3075 2888 3353 2945 Thebaide
3404 2887 3470 2943 ad

1898 2990 2144 3048 abbatem
2208 2990 2493 3055 Aehilam;
2527 2995 2581 3043 et
2642 2987 2781 3039 dixit
2828 2986 2876 3040 ei
2909 2984 3125 3048 :Abba,
3156 2984 3209 3036 in
3266 2991 3320 3037 te
3371 2981 3474 3036 im—

1893 3100 2126 3156 puguor.
2165 3080 2260 3137 Ille
2287 3096 2415 3136 vero
2466 3081 2601 3135 dicit
2639 3079 2689 3134 ei
2720 3096 2733 3132 :
2770 3075 2918 3133 Vade
2968 3076 3133 3132 etiam
3167 3084 3249 3141 tu,
3277 3088 3470 3143 senex,

1895 3170 1950 3231 in
1989 3192 2077 3231 me
2107 3175 2270 3230 modo
2298 3171 2680 3243 impugnaris?
2742 3168 2917 3225 Senex
2947 3177 3127 3223 autem
3155 3184 3220 3223 ex
3248 3167 3475 3223 humili-

1897 3276 2007 3323 tate
2037 3266 2323 3338 respondit
2352 3282 2365 3318 :
2396 3263 2595 3328 Etiam,
2628 3263 2787 3317 abba.
2819 3260 2948 3315 Erat
3000 3271 3182 3314 autem
3234 3258 3347 3313 illic
3405 3261 3472 3316 ad

1903 3368 2115 3431 portam
2182 3358 2378 3414 sedens
2425 3371 2593 3412 senex
2638 3369 2817 3409 caecus
2848 3361 2901 3410 et
2935 3352 3182 3409 claudus.
3220 3350 3362 3405 Dicit
3427 3350 3478 3405 ei

1892 3465 2100 3506 senex:
2162 3449 2431 3519 Cuperem
2492 3445 2583 3499 bic
2649 3442 2888 3498 residere
2934 3457 3138 3513 paucos
3179 3441 3320 3506 dies,
3378 3439 3476 3495 sed

1892 3553 2114 3613 propter
2146 3557 2331 3597 senem
2373 3541 2521 3594 hunc
2573 3553 2683 3593 non
2724 3553 2971 3608 possum.
3022 3536 3265 3590 Audiens
3309 3533 3478 3604 igitur

1891 3635 2061 3690 abbas
2123 3632 2365 3696 Achilas,
2417 3630 2677 3699 seriisque
2733 3627 3091 3681 humilitatem
3147 3624 3473 3688 admiratus,

1891 3725 2031 3779 dixit
2058 3746 2069 3778 :
2097 3722 2224 3777 llmc
2257 3737 2367 3776 non
2404 3728 2487 3777 est
2513 3718 2827 3784 lornicatio,
2860 3716 2956 3773 sed
3000 3716 3204 3772 invidia
3242 3724 3328 3771 est
3354 3729 3475 3769 ma-

1891 3815 2070 3870 lorum
2100 3798 2431 3869 daemonum.

2401 3948 2478 4004 De
2508 3947 2699 4001 abbate
2723 3953 2960 3999 Ammoe.

1961 4063 2012 4120 1.
2036 4063 2426 4136 (50)Dicebaut
2446 4063 2513 4117 de
2540 4062 2735 4117 abbate
2777 4059 3025 4121 Ammoe,
3055 4056 3202 4128 quod
3252 4056 3480 4127 quando

1890 4155 1958 4210 ad
1988 4156 2279 4211 ecclesiam
2330 4161 2600 4224 pergeret,
2633 4167 2742 4205 non
2772 4149 3119 4221 permittebat
3143 4147 3476 4217 discipulum

1889 4262 2049 4301 suum
2076 4262 2244 4317 prope
2270 4261 2329 4300 se
2362 4244 2667 4319 ambulare,
2710 4241 2806 4298 sed
2852 4257 2883 4296 a
2917 4243 3113 4313 longe;
3150 4247 3203 4296 et
3225 4239 3272 4295 si
3302 4238 3480 4296 venis-

1889 4346 1971 4395 set
2001 4340 2340 4407 interrogare
2370 4335 2437 4391 de
2470 4335 2920 4405 cogitationibus,
2949 4348 3075 4389 mox
3134 4341 3193 4387 ut
3241 4347 3474 4402 respon—

1888 4429 2061 4493 derat,
2086 4428 2272 4483 statim
2304 4425 2615 4497 expellebat
2643 4440 2793 4490 eum,
2813 4425 3002 4480 dicens
3031 4442 3043 4477 :
3071 4421 3148 4478 Ne
3174 4422 3317 4476 forte
3345 4419 3480 4474 dum

1894 4520 2099 4592 aliquid
2127 4535 2194 4575 ex
2226 4535 2328 4574 usu
2363 4518 2659 4588 loquimur,
2690 4517 3039 4587 peregrinum
3069 4514 3275 4585 irrepat
3303 4511 3480 4567 collo-

1896 4613 2085 4685 quium
2120 4630 2134 4666 :
2175 4610 2299 4666 ideo
2330 4618 2383 4667 te
2416 4625 2526 4664 non
2559 4610 2682 4665 sino
2714 4623 2886 4680 prope
2908 4621 3013 4662 ine.

1964 4704 2018 4759 2.
2046 4703 2157 4775 (5|)
2194 4703 2340 4757 Dixit
2369 4702 2540 4757 abbas
2569 4700 2827 4755 Ammoes
2854 4697 3039 4753 abbati
3068 4696 3223 4752 Isaia:
3276 4695 3436 4750 initio
3458 4712 3479 4750 :

1893 4795 2013 4862 Quo
2041 4806 2200 4865 pacto
2238 4809 2322 4848 me
2366 4792 2521 4849 vides
2562 4791 2726 4845 modo
2754 4791 2778 4843 ?
2810 4786 3110 4858 Respondit
3142 4803 3156 4840 :
3196 4785 3351 4839 Velut
3380 4801 3481 4840 an-

1889 4890 2090 4959 gelum,
2139 4885 2327 4942 Pater.
2389 4885 2457 4938 Et
2513 4880 2913 4954 posterioribus
2966 4876 3309 4947 temporibus
3352 4876 3476 4930 ait:

1890 4977 2048 5033 Nunc
2076 4993 2188 5049 quo
2215 4977 2378 5033 modo
2407 4992 2494 5031 me
2531 4973 2720 5029 vides?
2745 4971 2813 5026 Et
2839 4972 2929 5026 ille
2954 4989 2966 5024 :
2994 4967 3154 5025 Velut
3181 4967 3480 5037 Satanam;

1892 5071 2142 5142 quamvis
2180 5072 2381 5125 bonum
2413 5069 2479 5122 ad
2516 5082 2601 5123 me
2634 5064 2931 5137 protuleris
2999 5074 3325 5124 sermonem,
3386 5059 3480 5113 in-

1895 5172 2014 5219 star
2040 5162 2201 5232 gladii
2233 5162 2383 5215 illum
2399 5160 2594 5215 habeo.

1969 5255 2003 5308 5
2061 5252 2205 5324 (52)
2239 5252 2504 5306 Dixerunt
2534 5250 2601 5306 de
2633 5249 2830 5305 abbate
2852 5247 3100 5311 Ammoe,
3129 5240 3274 5314 quod
3300 5254 3478 5314 aegro-

1900 5346 2095 5402 taverit
2134 5343 2461 5400 recumbens
2489 5343 2544 5397 in
2582 5343 2722 5397 lecto
2750 5356 2843 5411 per
2903 5339 3087 5410 plures
3130 5352 3326 5405 annos,
3374 5345 3478 5390 nec

1965 5612 2077 5679 (49)
2119 5609 2227 5664 Vit.
2261 5606 2411 5679 Patr.
2439 5623 2511 5667 Iv.
2553 5608 2606 5679 ιζ

1966 5684 2078 5751 (50)
2127 5680 2231 5735 Vit.
2272 5678 2426 5751 Patr.
2455 5693 2532 5740 II,

1965 5747 2076 5820 (Pii)
2117 5751 2218 5805 Vit.
2261 5749 2411 5820 Patr.
2442 5764 2528 5812 XI,

1961 5818 2074 5895 (Si!)
2116 5821 2220 5875 Vit.
2252 5819 2407 5874 Patr.
2444 5834 2519 5884 Iv,
2559 5818 2648 5874 li.
