3976 6332
484 388 587 443 ter
1248 390 1254 401 ·
1612 376 1953 461 AprENuix
1994 377 2054 435 Al

2177 374 2542 434 ιιιΑυιυιιε
3627 371 3747 427 128

473 514 709 573 unquam
758 495 1140 565 cogitationem
1184 511 1338 551 suam
1368 496 1637 552 dimiserit
1665 496 1730 550 ad
1763 495 2043 550 attenden-

2184 493 2407 563 ογισμὸν
2439 489 2605 545 αὑτοῦ
2632 489 2890 558 προσχεῖν
2916 487 2996 549 εις
3023 484 3084 539 τὸ
3125 482 3389 555 ἐσώτερον
3420 483 3586 536 αὐτοῦ
3613 488 3754 537 κελ-

473 596 601 651 dum
639 590 693 644 in
731 589 927 644 cellam
954 587 1296 650 interiorem,
1334 589 1697 658 utaspiccret
1722 587 1853 657 quid
1883 586 2043 641 habe-

2189 585 2284 649 ίον,
2321 583 2449 636 ἰδεῖν
2472 582 2523 635 τί
2552 579 2685 651 ἕχει.
2726 576 2902 631 Πολλὰ
2936 578 3045 648 γὰρ
3086 576 3236 646 αὑτῷ
3278 575 3615 647 προσέφερον
3648 576 3754 633 διὰ

475 693 578 740 ret.
622 681 788 736 Multa
822 681 967 735 enim
1000 687 1221 749 propter
1252 678 1622 733 infirmitatem
1651 679 1700 732 ei
1731 676 2045 758 afi'erebant.

2177 673 2251 743 τὴν
2281 672 2586 725 ἀσθένειαν.
2622 668 2731 721 Καὶ
2766 668 3150 738 εἰσερχομένου
3178 663 3270 717 τοῦ
3303 664 3545 735 μαθητοῦ
3570 665 3747 720 αὑτοῦ

474 775 542 830 Et
587 774 860 843 discipulo
886 788 984 827 suo
1015 770 1224 826 Joanne
1266 770 1505 825 intrante
1531 785 1595 825 ac
1618 756 1871 834 exeunte,
1901 769 2044 823 clau-

2181 761 2410 815 Ιωάννου
2455 760 2550 813 καὶ
2600 758 2979 830 ὲξερχομένου,
3019 757 3225 826 ὲκάμυε
3271 757 3396 820 τοὺς
3428 756 3751 827 όφθιλμοὺς

475 865 639 920 debat
693 864 905 927 oculos,
961 877 1030 915 ne
1080 860 1283 913 videret
1335 857 1467 928 quid
1517 858 1769 912 faciebat.
1817 855 2045 912 Noverat

2185 852 2342 916 ὑτοῦ,
2378 853 2464 905 ἴνα
2500 851 2576 923 μὴ
2616 851 2703 922 ἴδῃ
2731 849 2784 904 τί
2823 851 2989 903 ποιεῖ.
3025 848 3178 921 ᾜδει
3213 846 3322 920 γὰρ
3354 844 3530 933 ὄτιιῆν
3551 847 3755 912 πιστὸς

477 956 677 1026 quippe
705 953 913 1007 fidi-lem
945 967 1067 1006 esse
1108 951 1459 1004 monachum.

837 968 913 1007 em
945 967 1067 1006 esse
1108 951 1459 1004 monachum.
2158 943 2407 1015 μονιχός.

546 1023 602 1104 ιζ
635 1044 1023 1100 Retulitabbas
1063 1040 1301 1105 Pcemen,
1336 1039 1479 1109 quod
1518 1039 1684 1093 frater
1705 1037 1932 1093 accessit
1986 1037 2052 1090 ad

2224 1033 2286 1087 δ’.
2333 1026 2499 1085 Εἶπεν
2528 1033 2556 1084 6
2597 1029 2770 1094 ἁὸὂᾶς
2809 1027 3040 1099 Ποιμὴν,
3083 1027 3166 1081 ὅτι
3212 1024 3436 1091 ἁδελφὸς
3466 1023 3755 1096 παρέϐαλε

481 1140 730 1194 abbatem
783 1138 1086 1195 Ammoem,
1137 1134 1419 1201 postulans
1477 1132 1545 1186 ab
1593 1146 1659 1185 eo
1721 1143 2051 1184 sermonem.

2273 1123 2417 1194 ἁὸϐᾷ
2447 1120 2699 1192 ’Λμμώῃ,
2722 1119 3042 1190 αἰτούμενος
3088 1118 3217 1189 παρ’
3241 1116 3405 1170 αὑτοῦ
3436 1115 3609 1184 λόγον.
3632 1116 3754 1170 Καὶ

486 1232 548 1285 Et
590 1231 713 1283 licet
764 1228 1026 1281 manserit
1060 1241 1181 1279 cum
1219 1240 1284 1279 eo
1333 1232 1538 1293 septem
1598 1224 1735 1286 dies,
1780 1221 1915 1275 nihil
1969 1235 2056 1275 re-

2182 1216 2353 1278 ιείνας
2404 1215 2523 1285 μετ’
2548 1212 2709 1267 αὑτοῦ
2744 1212 2956 1282 ἡμέρας
3002 1210 3162 1274 ἑπτὰ,
3198 1208 3299 1260 οὐκ
3333 1207 3602 1277 ἀπεκρίθη
3643 1207 3752 1258 αὑ-

484 1322 703 1390 εροηείιι
727 1334 916 1372 senex.
950 1315 1087 1383 (55)
1122 1312 1322 1369 Verum
1374 1315 1647 1368 deducens
1692 1329 1838 1374 eum,
1876 1311 2053 1364 dixit:

2263 1309 2290 1358 6
2312 1304 2508 1375 γέρων,
2531 1303 2872 1374 προπέμπων
2897 1301 2952 1353 δὲ
2982 1299 3142 1352 αὐτὸν
3169 1293 3320 1350 εἶπεν
3336 1295 3483 1368 αὐτῷ
3502 1312 3515 1325 ⁶
3548 1295 3754 1348 Ἀπελ-

483 1387 608 1472 Abi,
663 1410 882 1464 attende
940 1407 1082 1473 tibi;
1116 1420 1231 1458 mea
1257 1414 1404 1457 certe
1458 1411 1679 1472 peccata
1727 1400 2053 1455 exstiterunt

2180 1401 2240 1460 Ιε,
2283 1395 2517 1465 πρόσεχε
2539 1393 2782 1463 σεαυτῷο
2808 1390 2943 1460 ἐμοῦ
2987 1389 3125 1453 τέως
3169 1390 3229 1441 αί
3273 1388 3533 1459 ἁμαρτίαι
3577 1387 3750 1456 γεγό-

488 1504 665 1573 paries
689 1502 1010 1555 tenebrosus
1042 1498 1185 1550 inter
1218 1511 1303 1549 me
1333 1509 1397 1548 ac
1431 1494 1598 1548 Deum
1633 1494 1702 1545 ".

2176 1503 2284 1538 μασι
2317 1488 2495 1555 τεῖχος
2531 1482 2804 1536 σκοτεινὸν
2832 1480 2938 1535 ἀνὰ
2978 1480 3139 1551 μέσον
3172 1478 3308 1550 ἐμοῦ
3340 1479 3433 1532 καὶ
3458 1476 3550 1530 τοῦ
3579 1475 3746 1531 Θεοῦ.

557 1594 609 1648 5.
635 1592 863 1646 Aiebam
901 1591 1047 1644 circa
1081 1589 1333 1642 abbatem
1360 1586 1664 1647 Ammocm,
1705 1583 1849 1653 quod
1900 1581 2062 1652 quin-

2232 1573 2291 1629 ε’.
2326 1574 2550 1643 Ἔλεγον
2599 1572 2687 1626 διὰ
2717 1571 2809 1625 τὸν
2847 1570 3019 1624 ἀὸϐᾶν
3059 1568 3343 1640 Ἀμμώην,
3388 1568 3470 1621 ὅτι
3518 1568 3754 1638 ἐποίησα

485 1684 743 1755 quaginta
779 1681 1033 1736 frumenti
1070 1680 1290 1733 artabas
1318 1678 1447 1732 fecit
1475 1676 1769 1746 aliquando
1790 1673 1859 1727 ad
1898 1689 2055 1728 usum

2184 1667 2503 1737 πεντήκοντα
2549 1662 2793 1736 ἀρτάϐας
2836 1663 2984 1715 σίτου
3006 1703 3020 1726 ,
3054 1662 3188 1732 πρὸς
3226 1660 3415 1732 χρείαν
3450 1659 3603 1726 ποτὲ,
3648 1660 3754 1713 καὶ

486 1752 671 1839 suum,
706 1774 916 1844 solique
948 1772 1231 1842 exposuit;
1269 1769 1362 1824 sed
1407 1768 1724 1839 priusquam
1758 1765 1926 1835 probe
1952 1765 2056 1821 sic-

2181 1757 2467 1844 ἱϐαλενλείς
2492 1756 2584 1809 τὸν
2612 1755 2790 1825 ἦλιονο
2819 1755 2915 1808 καὶ
2952 1753 3081 1825 πρὶν
3112 1752 3440 1824 ξηρανθῆναι
3469 1752 3611 1805 αὐτὰ
3638 1769 3751 1805 κα-

486 1876 765 1929 carcntur,
805 1864 1014 1934 aspexit
1041 1864 1094 1916 in
1135 1863 1255 1915 loco
1292 1860 1569 1929 negotium
1619 1873 1727 1912 non
1779 1858 1883 1927 ipsi
1945 1854 2056 1910 fru-

2178 1845 2289 1907 ιὼς,
2324 1839 2433 1898 εἶδε
2482 1845 2714 1916 πρᾶγμα
2741 1844 2798 1896 ὲν
2843 1842 2923 1913 τῷ
2950 1842 3100 1913 τόπῳ
3139 1844 3212 1913 μὴ
3245 1840 3484 1911 ὠφελοῦν
3526 1841 3691 1894 αὐτόν
3730 1858 3748 1872 ⁸

486 1966 773 2022 ctuosum;
803 1929 953 2010 etait
987 1954 1172 2022 pueris
1196 1952 1311 2006 suis
1344 1967 1359 2005 :
1390 1950 1665 2004 Abeamus
1691 1948 1838 2002 hinc.
1876 1949 1947 2001 At
1982 1946 2056 2001 illi

2184 1935 2259 1987 ιαὶ
2283 1934 2435 2003 λέγει
2471 1937 2584 1997 τοῖς
2619 1934 2927 2006 παιδαρίοις
2961 1932 3124 1985 αὑτοῦ
3145 1948 3158 1962 ·
3196 1934 3452 2001 ’Ἄγωμεν
3489 1929 3754 1983 ἐνθεν.οί

487 2049 836 2104 vehementer
887 2043 1198 2099 contristati
1264 2051 1411 2097 sunt.
1474 2039 1680 2097 Videas
1736 2048 1915 2094 autem
1965 2053 2057 2094 eos

2177 2026 2222 2080 Βὲ
2256 2025 2457 2097 σφόδρα
2482 2024 2847 2095 ἐλυπήθησαν.
2880 2023 3022 2078 Ἰδὼν
3047 2024 3104 2076 δὲ
3129 2024 3324 2087 αὐτοὺς
3350 2023 3747 2092 λυπουμένους,

490 2136 698 2196 tristes,
731 2135 806 2187 ait
834 2152 848 2187 :
885 2133 1113 2202 Propter
1144 2146 1312 2201 panes
1343 2130 1629 2186 mmretis?
1659 2128 1797 2184 Vere
1827 2128 1936 2184 vidi
1962 2144 2060 2199 ego

2185 2117 2310 2187 .έγει
2348 2117 2559 2179 αὐτοῖς·
2594 2116 2866 2170 Λυπεῖσθε
2918 2116 3008 2170 διὰ
3058 2118 3185 2180 τοὺς
3240 2116 3438 2187 ἄρτους
3471 2132 3492 2181 ;
3531 2113 3755 2187 ἀληθῶς

491 2226 784 2281 nonnullos
821 2225 911 2293 qui
945 2225 1217 2294 fugerunt,
1254 2224 1626 2292 relinquentes
1670 2222 1867 2276 ostiola
1915 2219 2061 2274 deal-

2192 2205 2305 2263 ἴδον
2333 2210 2444 2278 ἐγώ
2473 2225 2627 2274 τινας
2653 2210 2941 2279 φυγόντας,
2972 2210 3065 2264 καὶ
3089 2210 3354 2272 ἐάσαντας
3384 2209 3760 2279 κεκονιαμένα

492 2316 617 2370 bata
640 2330 764 2369 eum
794 2315 949 2369 libris
976 2315 1375 2379 membraneis;
1412 2328 1514 2368 nec
1548 2312 1694 2368 fores
1722 2312 2062 2375 clauserunt,

2208 2301 2233 2354 it
2262 2300 2474 2373 θυρίδια
2520 2302 2659 2373 μετὰ
2689 2301 2908 2371 βιϐλίων
2946 2301 3277 2373 μεμϐράνων
3299 2316 3312 2332 °
3343 2300 3464 2354 οὐδὲ
3490 2299 3778 2354 έκλεισαψ

491 2408 589 2466 sed
617 2407 866 2463 abierunt
894 2406 1099 2462 relictis
1154 2407 1221 2461 iis
1252 2406 1476 2476 apertis.

2216 2394 2265 2458 ις
2293 2393 2533 2467 θυρίδας,
2562 2394 2676 2448 ἀλλ’
2715 2394 2953 2466 ἀπῆλθον
2982 2393 3332 2466 ἀνεῳγμένας
3359 2391 3786 2455 καταλιπόντες

2168 2486 2359 2550 αὐτάς.

858 2607 936 2662 De
964 2605 1150 2662 abbate
1175 2606 1403 2660 Ammuu
1432 2604 1692 2660 Nitriota.
2298 2596 2428 2669 Περὶ

2298 2596 2437 2669 Περὶ
2478 2600 2586 2654 τοῦ
2626 2600 2777 2656 ἀόϐᾶ
2823 2601 3087 2671 Ἀμμοῦν
3127 2602 3235 2656 τοῦ
3274 2599 3614 2669 Νιτριώτου.

566 2722 621 2777 1.
662 2721 775 2794 (54)
800 2720 985 2776 Abbas
1009 2721 1244 2775 Ammun
1266 2719 1499 2774 Nitriota
1530 2720 1679 2774 venit
1719 2718 1785 2773 ad
1812 2718 2067 2774 abbatem

2240 2722 2309 2770 α’.
2362 2716 2419 2770 '0
2449 2715 2625 2779 άὸὀᾶς
2667 2716 2910 2787 Ἀμμοῦν
2950 2719 2978 2770 6
3007 2717 3315 2789 Νιτριὼτης
3352 2716 3624 2786 παρέϐαλε
3672 2714 3762 2786 τῷ

496 2812 811 2876 Antonium,
851 2820 906 2865 et
957 2812 1033 2862 ait
1093 2810 1170 2863 illi
1201 2828 1216 2863 :
1252 2809 1363 2880 Ego
1415 2809 1538 2879 plus
1568 2816 1620 2863 te
1665 2809 1938 2876 laboravi;
1970 2823 2066 2863 cur

2195 2808 2319 2880 ίὸϐᾷ
2350 2809 2639 2879 Ἀντωνίῳ,
2669 2808 2765 2862 καὶ⁸
2786 2795 2932 2877 λέγει
2954 2809 3122 2880 αὐτῷ,
3153 2809 3236 2862 ὅτι
3282 2807 3425 2876 Ἐγὼ
3458 2805 3682 2860 πλείονά
3704 2805 3765 2839 ⁷⁸

494 2919 629 2975 ergo
666 2918 867 2958 nomen
900 2909 1052 2956 tuum
1082 2900 1494 2972 magnificatum
1536 2910 1621 2956 est
1649 2902 1791 2956 inter
1820 2901 2064 2956 homines

2196 2917 2266 2954 που
2300 2900 2467 2954 κόπον
2502 2900 2630 2970 ἔχω,
2662 2901 2753 2953 καὶ
2779 2900 2896 2962 πῶς
2924 2901 2985 2954 τὸ
3004 2899 3175 2971 ὄνομά
3202 2917 3295 2953 σου
3329 2897 3668 2971 ὲμεγαλύνθη
3696 2898 3766 2951 ὲν

496 3009 661 3063 super
702 2992 824 3046 me?
881 2990 1188 3060 Respondit
1234 2990 1406 3046 abbas
1455 2991 1772 3046 Antonius:
1801 2990 2066 3056 Quoniam

2196 2993 2283 3054 :oi’c;
2306 2989 2615 3061 ἀνθρώποις
2642 2989 2779 3060 ὑπὲρ
2820 2988 2952 3058 ὲμές
2989 2989 3153 3057 Λέγει
3182 2979 3332 3058 αὖτῷ
3365 2991 3394 3041 6
3422 2989 3596 3052 άόὄᾶς
3635 2989 3766 3041 Ἂν-

497 3083 666 3139 Deum
689 3082 811 3151 plus
842 3097 1005 3150 quam
1039 3091 1094 3134 tu
1127 3079 1316 3150 diligo.

2170 3080 2365 3143 τώνιος
2398 3096 2412 3112 ο
2457 3078 2674 3150 Ἐπειδὴ
2709 3077 2819 3147 ἐγὼ
2853 3077 3050 3145 ἀγαπῶ
3082 3078 3173 3131 τὸν
3201 3078 3333 3131 Θεὸν
3363 3080 3502 3150 ὑπὲρ
3531 3079 3610 3132 σέ.

567 3172 623 3227 2.
656 3171 767 3242 (55)
805 3169 1063 3224 Dicebant
1087 3170 1154 3225 de
1187 3170 1383 3225 abbate
1411 3168 1666 3233 Ammun,
1697 3184 1819 3225 eum
1860 3185 1890 3224 e
1924 3185 2073 3225 men-
2099 3172 2137 3231 C

2247 3170 2313 3242 β’.
2360 3169 2587 3238 Ἔλεγον
2611 3169 2741 3240 περὶ
2772 3167 2867 3223 τοῦ
2900 3167 3044 3222 ἀόσᾶ
3093 3168 3358 3239 Ἀμμοῦν,
3385 3172 3466 3224 ὅτι
3498 3168 3765 3238 ἐποίησεν

498 3276 618 3318 Sura
654 3258 839 3314 hordei
871 3259 1064 3328 exigua
1097 3258 1299 3313 vixisse
1326 3257 1464 3311 duos
1487 3272 1725 3312 menses.
1772 3254 1935 3312 Venit
1971 3272 2068 3312 au-

2205 3264 2252 3326 ίς
2292 3260 2461 3332 μετὴν
2491 3262 2536 3293 ⁷³
2564 3260 2779 3332 κριθῆς,
2813 3260 2987 3331 μῆνας
3009 3259 3123 3313 δύο.
3162 3258 3443 3330 Παρέϐαλε
3487 3258 3544 3311 δὲ
3592 3259 3767 3321 αὐτὸς

500 3362 608 3408 tem
639 3353 755 3423 ipse
792 3351 857 3404 ad
894 3350 1140 3404 abbatem
1177 3346 1512 3413 Ptemenem,
1545 3357 1599 3403 et
1625 3348 1700 3401 ait
1725 3348 1776 3403 ei
1808 3367 1821 3402 :
1850 3349 1905 3402 Si
1932 3348 2070 3403 abie-

2198 3353 2248 3425 τῷ
2275 3352 2420 3424 ά66ᾷ
2452 3352 2701 3423 Ποιμένι,
2727 3352 2823 3406 καὶ
2859 3351 3008 3421 λέγει
3033 3350 3182 3421 αὐτῷ
3202 3368 3215 3382 ·
3265 3350 3391 3403 Ἐὰν
3430 3348 3648 3403 ἀπέλθω
3676 3351 3768 3413 είς

500 3459 564 3499 ro
587 3442 654 3497 ad
692 3443 883 3497 cellam
930 3441 1183 3512 proximi,
1228 3449 1323 3495 aut
1362 3441 1475 3511 ipse
1506 3440 1574 3495 ad
1614 3456 1700 3495 me
1743 3441 1955 3495 venerit
2002 3442 2070 3496 ob

2194 3446 2231 3497 ;ὸ
2264 3444 2470 3498 κελλίον
2515 3441 2610 3496 τοῦ
2642 3443 2890 3514 πλησίον,
2921 3442 2955 3513 ἢ
3000 3443 3093 3496 καὶ
3140 3441 3304 3505 αὐτός
3336 3459 3426 3512 μοι
3467 3439 3764 3513 παραϐάλῃ

500 3536 740 3605 aliquam
775 3533 1175 3595 necessitatem,
1211 3547 1464 3586 veremur
1496 3530 1731 3600 colloqui
1765 3537 1974 3595 mutuo,
2005 3518 2070 3585 ne

2191 3536 2261 3589 ἱιά
2286 3553 2409 3590 τινα
2441 3537 2654 3607 χρείαν,
2691 3533 3071 3605 εὐλαϐούμεθα
3120 3533 3451 3604 συλλαλῆσαι
3485 3532 3761 3603 ἀλλήλοις,

500 3642 609 3698 qua
646 3626 905 3694 subrepat
931 3630 1161 3677 externa
1199 3621 1593 3676 confabulatio.
1629 3620 1767 3676 Dicit
1796 3621 1843 3676 ei
1867 3636 2069 3676 senex:

2191 3630 2252 3699 ιή
2283 3645 2367 3692 τις
2391 3627 2647 3699 ἀνακύψῃ
2679 3626 2805 3699 ξένη
2849 3626 3054 3698 ὁμιλία.
3099 3627 3263 3696 Λέγει
3300 3625 3450 3696 αὐτῷ
3476 3627 3504 3678 6
3531 3624 3713 3696 γέρων
3744 3640 3761 3656 ·

505 3718 670 3772 Recte
699 3715 865 3781 facis;
896 3713 1103 3797 indiget
1146 3715 1290 3769 enim
1319 3714 1580 3784 juventus
1630 3715 1898 3770 custodia.
1935 3714 2072 3768 Tum

2192 3719 2372 3781 Καλῶς
2402 3721 2575 3783 ποιεῖς
2607 3737 2621 3749 ο
2659 3716 2853 3789 χρῄζει
2880 3718 2989 3790 γὰρ
3016 3720 3049 3788 ἡ
3081 3717 3273 3789 νεότης
3295 3715 3562 3786 φυλακῆς.
3594 3714 3762 3783 Λέγει

503 3810 673 3864 abbas
697 3807 933 3861 Ammon
965 3824 979 3860 :
1010 3804 1182 3861 Senes
1219 3820 1349 3874 ergo
1395 3805 1525 3875 quid
1578 3820 1737 3875 agere
1783 3804 2073 3860 solebant?

2188 3809 2325 3882 ιιὺτῷ
2347 3811 2376 3862 ό
2405 3809 2578 3872 ά66ἄς
2613 3809 2858 3880 ’Λμμοῦν
2878 3824 2890 3837 ·
2926 3810 2989 3862 Οί
3017 3810 3274 3881 γέροντες
3307 3803 3398 3861 οὖν
3422 3807 3474 3860 τί
3506 3804 3758 3871 έποίουνς

503 3898 803 3969 Respondit
835 3916 849 3952 :
879 3895 1051 3952 Senes
1080 3898 1133 3951 in
1174 3897 1374 3951 virtute
1418 3896 1715 3968 progressi,
1746 3911 1856 3950 non
1907 3896 2073 3950 liabe-

2197 3905 2288 3958 (αἱ
2315 3899 2470 3957 εἶπεν
2502 3900 2650 3972 αὐτῷ
2673 3918 2688 3934 ο
2730 3902 2797 3954 Oi
2824 3901 3080 3972 γέροντες
3123 3899 3517 3972 προκάψαντες,
3543 3896 3645 3950 οὐκ
3678 3891 3767 3949 εἷ-

503 3993 634 4048 bant
666 3991 722 4044 in
749 4004 809 4044 se
837 3986 985 4043 aliud
1018 3987 1171 4057 quid,
1200 3994 1294 4039 aut
1319 3996 1603 4041 externum
1629 3985 1686 4039 in
1710 4000 1826 4048 ore,
1854 3995 1913 4040 ut
1941 3986 2073 4040 illud

2196 4013 2269 4068 (ον
2307 3997 2368 4050 ὲν
2397 3995 2580 4057 αὐτοῖς
2607 3992 2791 4066 ἔτερόν
2829 3990 2903 4059 τι,
2931 3994 2965 4064 ἦ
2995 3991 3146 4058 ξένον
3175 3993 3233 4046 ὲν
3265 3991 3343 4061 τῷ
3384 3988 3633 4060 στόματι.
3674 3986 3766 4041 ἴνα

504 4083 874 4154 loquerentur.
908 4079 966 4136 Si
1005 4080 1171 4151 igitur
1222 4072 1468 4134 evenerit
1515 4079 1839 4141 necessitas,
1900 4078 2074 4149 inquit

2198 4087 2311 4141 ιὺτὸ
2340 4087 2662 4158 λαλήσωσιν.
2701 4084 2827 4139 Ἐὰν
2855 4080 2949 4139 οὖν
2981 4084 3206 4156 γένηται
3234 4082 3468 4153 ἀνάγκη,
3493 4079 3644 4150 φησὶ,
3665 4076 3768 4132 λα-

502 4176 760 4238 Ammun,
793 4171 1045 4243 loquendi
1073 4188 1198 4228 cum
1227 4171 1499 4243 proximo,
1548 4170 1633 4226 vis
1665 4172 1733 4226 de
1777 4168 2072 4241 Scripturis

2199 4181 2341 4251 ιῆσαι
2371 4179 2509 4250 μετὰ
2536 4176 2630 4231 τοῦ
2654 4177 2902 4249 πλησίον,
2938 4176 3111 4240 θέλεις
3150 4175 3370 4246 λαλήσω
3402 4174 3460 4226 ὲν
3486 4174 3606 4235 ταῖς
3630 4170 3769 4240 Γρα-

503 4266 590 4321 vel
634 4264 702 4318 de
758 4265 1035 4317 seniorum
1100 4262 1446 4319 sermonibus
1494 4263 1807 4318 disseram?
1854 4261 2073 4333 Excepit

2198 4269 2377 4340 ραίς,ῆ
2402 4270 2461 4322 ὲν
2486 4271 2598 4332 τοῖς
2615 4267 2796 4337 λόγοις
2819 4266 2927 4320 τῶν
2961 4266 3233 4337 γερόντων
3254 4281 3269 4330 ;
3294 4264 3456 4332 Λέγει
3483 4264 3511 4316 6
3539 4259 3720 4333 γέρων
3746 4276 3768 4294 ι

506 4372 674 4413 senex
699 4373 713 4408 :
737 4352 942 4408 Tacere
969 4353 1015 4408 si
1040 4368 1147 4407 non
1171 4354 1340 4419 vales,
1364 4362 1584 4423 praestat
1614 4355 1764 4424 loqui
1791 4354 1859 4410 de
1886 4369 2076 4410 senum

2194 4360 2247 4412 Ei
2273 4359 2337 4411 οὐ
2365 4358 2592 4412 δύνασαι
2624 4358 2854 4428 σιωπᾷν,
2889 4356 3054 4410 καλόν
3079 4359 3193 4410 ἐστι
3220 4354 3418 4427 μᾶλλον
3455 4356 3513 4408 ὲν
3535 4355 3645 4415 τοῖς
3671 4350 3764 4404 λό-

506 4447 689 4510 dietis,
726 4458 888 4514 quam
915 4442 983 4499 de
1013 4456 1171 4498 saera
1202 4440 1503 4512 Scriptura.
1531 4441 1651 4496 Non
1678 4460 1905 4513 parvum
1931 4446 2076 4500 enim

2200 4466 2307 4519 γοις
2348 4447 2458 4502 τῶν
2485 4447 2777 4519 γερόντων,
2814 4447 2907 4501 καὶ
2936 4446 3011 4519 μὴ
3061 4450 3119 4500 ὲν
3146 4450 3211 4519 τῇ
3249 4447 3461 4518 Γραφῇ.
3502 4444 3770 4508 Κίνδυνος

505 4544 592 4594 est
628 4512 948 4608 periculum.
1680 4512 1691 4513 ί

1680 4512 1691 4513 7
2116 4512 2162 4569 D
2322 4541 2438 4593 ἐστι
2457 4512 2519 4592 ου
2546 4512 2761 4610 μικρός.

578 4629 633 4682 5.
671 4626 786 4701 (56)
823 4624 1108 4681 Profectus
1143 4630 1225 4679 est
1262 4623 1431 4679 frater
1460 4638 1492 4678 e
1530 4620 1679 4679 Sceti
1715 4624 1783 4679 ad
1831 4624 2080 4681 abbatem

2257 4637 2328 4700 γ’.
2377 4628 2630 4699 Ἀδελφὸς
2665 4625 2830 4699 ἦλθεν
2857 4628 2964 4683 ἀπὸ
3004 4629 3257 4700 Σκήτεως
3294 4629 3431 4700 πρὸς
3469 4626 3561 4681 τὸν
3589 4623 3769 4680 άόδᾶν

508 4718 768 4782 Ammon,
793 4724 848 4771 et
885 4716 1024 4771 dixit
1044 4715 1095 4770 ei
1132 4733 1144 4768 :
1175 4714 1339 4768 Mittit
1359 4730 1444 4770 me
1476 4714 1638 4770 Pater
1667 4730 1822 4770 meus
1863 4715 1933 4769 ad
1976 4716 2078 4770 mi-

2200 4719 2464 4792 ’Δμμοῦν,
2496 4719 2591 4775 καὶ
2627 4718 2774 4789 λέγει
2807 4718 2983 4791 αὐτῷ·
3020 4722 3236 4791 Πέμπει
3271 4736 3338 4790 με
3366 4720 3395 4772 6
3430 4718 3619 4788 Πατήρ
3661 4729 3768 4785 μου

509 4804 820 4867 nisterium,
845 4814 900 4857 et
926 4818 1118 4858 vereor
1148 4802 1587 4860 fornicationem.
1617 4803 1708 4859 Ait
1738 4804 1806 4859 ad
1835 4820 1957 4860 eum
2005 4821 2079 4863 se

2221 4809 2267 4873 ίς
2291 4807 2588 4874 διακονίαν,
2617 4809 2712 4862 καὶ
2745 4807 3013 4881 φοϐοῦμαι
3051 4810 3150 4881 τὴν
3179 4808 3453 4882 πορνείαν.
3482 4806 3645 4874 Λέγει
3674 4805 3788 4871 αὐτ

512 4910 616 4951 uex
643 4912 657 4949 :
693 4893 812 4960 Qua
839 4894 974 4950 hora
1002 4895 1208 4950 orietur
1239 4896 1495 4961 tentatio,
1536 4897 1610 4950 ita
1640 4897 1863 4967 loquere
1889 4915 1902 4952 :
1938 4897 2082 4955 Deus

2191 4899 2265 4971 τῷ
2291 4899 2321 4953 6
2349 4900 2525 4972 γέρων
2552 4916 2567 4931 ·
2594 4900 2724 4954 υἴαν
2743 4900 2891 4975 ὥραν
2912 4901 3131 4973 ἔρχεταί
3153 4918 3235 4955 σοι
3264 4898 3585 4973 πειρασμὸς,
3609 4896 3761 4951 εἰπέ·

508 4984 793 5049 virtutum,
829 4985 1082 5055 precibus
1114 4985 1293 5041 Patris
1324 4989 1428 5044 mei
1465 4989 1614 5058 eripe
1638 5004 1744 5044 me.
1774 4989 1910 5060 (57)
1945 4990 2078 5057 Quo-

2201 4992 2259 5046 Ὀ
2286 4990 2420 5056 Θεὸς
2450 4991 2560 5045 τῶν
2614 4992 2919 5064 δυνάμεων,
2953 4994 3140 5063 εὐχαῖς
3170 4990 3266 5044 τοῦ
3308 4988 3522 5062 Πατρός
3551 5004 3651 5058 μου
3681 4984 3768 5051 ἐξ·

508 5076 634 5133 dam
655 5078 822 5149 igitur
843 5077 952 5145 die,
983 5078 1139 5148 virgo
1162 5077 1384 5148 januam
1416 5081 1615 5135 clausit
1650 5096 1812 5151 super
1837 5097 1960 5136 eum
1984 5098 2001 5149 ;
2029 5090 2078 5138 et

2203 5083 2309 5138 ελοῦ
2355 5101 2443 5155 με.
2484 5085 2572 5137 Ἐν
2602 5085 2699 5155 μιᾷ
2727 5080 2821 5137 οὖν
2845 5084 2952 5138 τῶν
2984 5083 3205 5155 ἡμερῶν
3243 5081 3451 5136 ἔκλεισε
3498 5077 3773 5150 παρθένος

511 5169 756 5227 clamans
784 5185 917 5226 voce
949 5185 1145 5242 magna
1175 5170 1350 5226 dixit:
1377 5170 1522 5226 Deus
1548 5171 1729 5227 Patris
1767 5176 1892 5238 mei,
1932 5176 2081 5245 eripe

2195 5175 2288 5247 τὴν
2320 5174 2489 5247 θύραν
2516 5175 2702 5229 ἐπάνω
2728 5175 2894 5230 αὑτοῦ
2919 5192 2933 5207 “
2970 5177 3065 5229 καὶ
3111 5174 3312 5246 βοήσας
3362 5176 3512 5245 φωνῇ
3554 5169 3765 5242 μεγάλῃ

511 5274 634 5328 me;
668 5261 963 5332 statimque
990 5261 1047 5315 in
1074 5262 1159 5316 via
1189 5276 1310 5332 qua:
1338 5261 1540 5316 Scetim
1585 5263 1735 5317 ducit
1780 5266 2081 5321 collocatus

2204 5261 2374 5319 εἶπεν·
2418 5267 2476 5319 '0
2524 5266 2656 5330 Θεὸς
2690 5265 2785 5319 τοῦ
2834 5266 3045 5337 Πατρός
3097 5282 3234 5338 μου,
3273 5264 3457 5331 ὲξελοῦ
3509 5281 3577 5336 με
3604 5279 3620 5297 ο
3656 5261 3774 5316 Καὶ

509 5354 618 5404 est.
2190 5355 2397 5420 εὐθέως
2417 5355 2616 5428 εὑρέθη
2647 5358 2728 5421 είς
2751 5357 2851 5428 τὴν
2875 5356 2992 5412 ὁδὸν
3014 5356 3113 5426 τῆς
3141 5356 3414 5428 Σκήτεως.

588 5501 635 5534 ’⁷
657 5497 764 5557 lsa.
790 5516 904 5571 ιιι,
930 5502 987 5560 Ξ.
1062 5504 1109 5537 ’³
1130 5504 1217 5562 Al.
1248 5504 1361 5579 ὁρῶ
1387 5507 1469 5563 ὅτι
1494 5508 1580 5565 πλ.
1641 5509 1686 5542 ⁷⁸
1707 5507 1767 5567 F.
1812 5507 1990 5581 μάτην
2015 5523 2083 5565 ex
2116 5507 2308 5566 Suida.

732 5655 841 5734 La].
878 5657 1132 5734 ξωιιιεηη
1162 5676 1217 5717 n.
1242 5660 1341 5734 {$2.

2266 5663 2378 5734 (56)
2408 5661 2631 5734 Doroth.
2662 5664 2847 5720 Doctr.
2878 5666 2924 5721 Ι.

582 5725 698 5869 ἕω)
736 5725 843 5810 Vit.
890 5728 1039 5782 Patr.
1069 5725 1200 5795 xvii,
1240 5732 1297 5787 5.
2271 5725 2384 5803 (57')
2412 5733 2540 5805 Leg.
2576 5735 2859 5816 Eucliolog.
2890 5753 2941 5807 p.
2978 5736 3067 5799 32,
3102 5753 3157 5790 η.
3182 5736 3288 5805 50;
3322 5736 3607 5810 Ciirysost.
3635 5735 3778 5793 ϐοά-

607 5795 699 5869 55)
735 5794 838 5853 Vtt.
868 5797 1022 5855 Patr.
1061 5814 1137 5869 xl,
1167 5800 1259 5855 20.
2198 5819 2324 5869 pop.
2358 5805 2486 5860 Ant.
2509 5822 2524 5869 ;
2549 5804 2782 5869 Hesych.
2811 5817 2944 5863 cent.
2974 5806 3031 5869 2,
3059 5808 3218 5863 u.ult.

607 5794 699 5870 65)
735 5794 838 5853 Vit.
868 5797 1022 5855 Patr.
1061 5814 1137 5869 xi,
1167 5794 1259 5855 20.
2198 5794 2327 5875 pop.
2358 5794 2524 5876 Anti;
2549 5804 2782 5879 H‘esych.
2808 5794 2944 5863 ἱειὶι.
2974 5806 3031 5874 2,
3056 5794 3218 5863 u.ult.
