3976 6332
193 291 301 349 ηρ

619 404 760 475 Περὶ
802 405 908 460 τοῦ
950 403 1101 460 ἀὸϐᾶ
1147 403 1378 460 Ἀνούσ.

267 523 342 576 α’.
361 521 676 590 Διηγήσατο
700 522 728 573 6
749 519 924 582 άϐϐἄς
948 519 1219 590 Ἰωάννης,
1239 520 1320 572 ὅτι
1342 521 1370 571 6
1402 521 1577 584 άϐϐἄς
1607 520 1795 574 Ἀνοὺϐ
1825 483 1871 537 Α

195 614 297 668 καὶ
330 614 359 666 6
386 611 560 674 άϐϐἄς
592 610 806 681 Ποιμήν
844 610 938 662 καὶ
972 611 1020 663 οἱ
1066 610 1245 664 λοιποὶ
1275 610 1493 679 ἀδελφοὶ
1519 613 1801 675 albata/,6):

203 706 349 776 μιᾶς
381 703 594 765 κοιλίας
619 703 790 765 ὄντες,
830 701 923 755 καὶ
973 701 1195 770 μοναχοὶ
1231 702 1288 753 ὲν
1315 704 1380 772 τῇ
1411 703 1607 773 Σκήτει
1648 703 1802 771 γενό-

199 803 380 866 μενοι,
414 794 504 846 ἂτε
536 788 698 863 ἦλθον
727 793 775 843 οί
801 790 1048 854 Μάζικες
1081 791 1174 843 καὶ
1200 791 1507 862 ὴρήμωσαν
1536 794 1707 862 αὐτὴν
1735 793 1798 846 τὸ

198 887 445 956 πρῶτον,
472 883 829 954 ἀνεχώρησαν
852 882 1084 946 ἐκεῖθεν,
1105 883 1198 936 καὶ
1231 878 1397 954 ἦλθον
1425 886 1506 946 είς
1527 885 1691 937 τόπον
1712 901 1805 938 καα

107 1007 128 1032 ς
198 975 463 1046 λούμενον
491 967 1034 1046 Τερενοῦθιν,ἓωςόῧ
1063 975 1380 1044 σκοπήσωσι
1408 975 1526 1038 πῶς
1547 976 1801 1043 ὀφείλωσι

201 1072 424 1139 μεῖναι.
450 1069 560 1121 Kal
599 1067 821 1136 ἔμειναν
857 1067 974 1118 ἐκεῖ
1003 1067 1084 1128 εἰς
1129 1065 1358 1118 παλαιὸν
1402 1065 1546 1136 ἱερὸν
1598 1067 1802 1137 μικρὰς

197 1159 436 1231 ἡμέρας.
456 1155 588 1212 Εἷπε
608 1159 664 1212 δὲ
680 1161 706 1211 6
718 1156 1094 1220 άϐϐᾶςἋνοὺϐ
1110 1156 1186 1226 τῷ
1205 1157 1348 1228 ἀϐϐᾷ
1365 1158 1588 1228 Ποιμένι
1601 1176 1612 1188 ο
1636 1159 1802 1228 Ποίη-

202 1269 295 1305 σον
312 1252 538 1322 ἀγάπην
555 1269 567 1282 ’
587 1259 650 1304 σὺ
669 1249 763 1304 καὶ
783 1252 831 1302 οἱ
865 1248 1082 1316 ἀδελφοί
1109 1265 1203 1300 σου
1232 1248 1462 1312 ἕκαστος
1485 1249 1802 1320 καταμόνας

198 1344 493 1413 ήσυχάσει,
529 1343 624 1395 καὶ⁵
671 1341 744 1412 μὴ
785 1340 1188 1410 ἀπαντήσωμεν
1221 1341 1474 1410 ἀλλήλοις
1508 1342 1606 1410 τὴν
1642 1339 1795 1393 ἑϐδο-

203 1434 349 1504 μάδα
380 1431 609 1504 ταύτην.
646 1431 751 1482 Kal
774 1423 927 1482 εἶπεν
957 1431 985 1482 ὁ
1017 1429 1192 1494 ἁϐϐᾶς
1222 1432 1464 1501 Ποιμήν·
1512 1431 1599 1493 Ὠς
1624 1431 1800 1494 θέλεις

201 1524 488 1594 ποιοῦμεν.
530 1522 642 1574 Kal
681 1522 946 1592 ἐποίησαν
989 1521 1178 1585 οὕτως.
1206 1518 1314 1575 Ἦν
1344 1523 1400 1574 δὲ
1439 1525 1554 1575 ἐκεῖ
1578 1522 1800 1591 ἄγαλμα

199 1615 406 1668 λίθινον
441 1617 498 1667 ἐν
530 1613 679 1683 αὐτῷ
705 1613 784 1683 τῷ
833 1613 965 1683 ἱερῷ
992 1630 1005 1642 ·
1039 1613 1132 1666 καὶ
1169 1613 1422 1683 ἠγείρετο
1446 1614 1474 1665 6
1499 1614 1678 1685 γέρων
1704 1613 1748 1645 ⁸ο
1771 1615 1799 1666 ὁ

198 1707 377 1770 άϐϐᾶς
421 1706 613 1758 ’Δνοὺϐ
660 1706 800 1760 κατὰ
855 1704 1022 1775 πρωῒ,
1056 1705 1154 1758 καὶ
1185 1705 1478 1759 ὲλιθοϐόλει
1528 1707 1590 1759 16
1628 1706 1797 1776 πρόσ-

198 1817 353 1854 ωπον
383 1799 479 1852 τοῦ
502 1799 837 1869 ἀγάλματος,
875 1798 968 1851 καὶ
995 1797 1115 1851 καθ’
1143 1797 1382 1869 ἑσπέραν
1401 1799 1584 1866 ἔλεγεν
1612 1796 1760 1868 αὐτῷ
1780 1815 1792 1828 ο
1830 1836 1871 1891 Β

198 1889 566 1961 Συτχώρησόν
602 1907 712 1960 μοι.
735 1889 844 1942 Kal
877 1889 1165 1960 ἐπλήρωσε
1197 1890 1298 1959 τὴν
1326 1889 1595 1960 ἑϐδομάδα
1618 1888 1793 1952 οὕτως

199 1983 393 2034 ποιῶν.
429 1982 508 2052 Τῇ
543 1980 599 2033 δὲ
626 1979 812 2051 ἡμέρᾳ
845 1979 936 2033 τοῦ
975 1980 1245 2034 σαϐϐάτου
1273 1981 1596 2051 ἀπήντησαν
1628 1981 1794 2051 ἀλλή-

197 2074 336 2136 λοις,
388 2075 484 2127 καὶ
523 2069 676 2127 εἶπεν
727 2075 755 2126 6
803 2072 976 2135 άϐϐᾶς
1009 2073 1220 2144 Ποιμὴν
1251 2073 1331 2144 τῷ
1385 2072 1527 2143 ἁϐϐᾷ
1579 2071 1790 2126 Ἀνούϐο

199 2161 356 2219 Εῑδόν
398 2182 492 2230 σε,
533 2163 713 2230 άϐϐᾶ,
749 2167 815 2235 τῇ
874 2164 1129 2234 ἐϐδομάδι
1171 2163 1348 2237 ταύτῃ
1393 2163 1680 2228 λιθάζοντα
1733 2164 1795 2217 16

201 2259 496 2329 πρόσωπον
527 2256 622 2310 τοῦ
675 2247 1018 2326 ἀγάλματος,
1075 2261 1166 2310 καὶ
1207 2258 1249 2288 δ’
1304 2258 1589 2327 μετάνοιαν
1646 2257 1794 2326 αὐτῷ

201 2351 464 2405 ποιοῦντα
501 2367 515 2380 ·
553 2350 742 2414 πιστὸς
775 2349 1059 2421 ἄνθρωπος
1101 2348 1278 2404 ταῦτα
1313 2352 1494 2414 ποιεῖ;
1547 2349 1653 2403 Kal
1692 2349 1796 2401 ἀπ-

209 2443 406 2515 εκρίθη
431 2445 459 2495 6
492 2443 670 2512 γέρων
690 2460 704 2473 ο
726 2443 835 2495 Kal
850 2443 1012 2495 τοῦτο
1027 2443 1086 2496 τὸ
1116 2444 1347 2512 πρᾶγμα
1363 2441 1428 2493 δι’
1453 2442 1596 2511 ὑμᾶς
1612 2441 1796 2510 ἐποίη-

204 2551 290 2586 σα.
332 2534 456 2586 Ὅτι
478 2532 524 2564 ⁸¹
553 2533 722 2585 εἴδετέ
754 2549 821 2603 με
848 2530 1227 2584 λιθοϐολοῦντα
1257 2529 1318 2582 16
1362 2530 1653 2600 πρόσωπον
1699 2526 1792 2582 τοῦ

201 2625 540 2696 ἀγάλματος,
580 2627 655 2697 μὴ
711 2623 970 2695 ἐλάλησεν
991 2666 1004 2688 ,
1036 2623 1069 2695 ἢ
1127 2621 1406 2693 ὡργίσθης
1441 2621 1550 2674 Kal
1583 2617 1735 2674 εἶπεν
1767 2621 1794 2671 6

201 2717 376 2780 άϐϐἄς
407 2719 643 2788 Ποιμήνο
671 2714 768 2769 Οὔ.
801 2717 912 2768 Kal
951 2714 1136 2778 πάλιν,
1163 2715 1245 2766 ὃτι
1281 2712 1472 2766 ἔϐαλον
1521 2711 1669 2782 αὑτῷ
1703 2728 1797 2781 με-

202 2808 534 2877 τάνοιαν,μὴ
570 2804 867 2877 ἐταράχθη,
898 2803 992 2857 καὶ
1026 2799 1199 2867 εἶπεν,
1235 2803 1309 2854 Οὐ
1353 2800 1656 2871 συγχωρῶς
1687 2801 1796 2852 Kal

203 2894 355 2952 εἶπεν
384 2901 412 2950 6
434 2899 608 2962 άϐϐἄς
642 2899 880 2968 Ποιμήνο
914 2894 1010 2950 Οὗ.
1040 2895 1149 2958 Kal
1191 2891 1343 2948 εἶπεν
1374 2896 1402 2947 6
1434 2894 1612 2964 γέρων
1633 2909 1647 2924 ·
1686 2893 1796 2946 Kal

199 2992 365 3060 ἡμεῖς
397 2985 493 3042 οὖν
517 2991 684 3059 ἐσμεν
713 2987 851 3041 ἑπτὰ
888 2986 1105 3055 ἀδελφοί
1125 3004 1138 3018 ·
1185 2987 1234 3038 εί
1277 2985 1461 3038 θέλετε
1486 2983 1570 3035 ἵνα
1601 2984 1797 3052 μείνω-

206 3100 306 3154 μεν
335 3083 452 3152 μετ’
481 3082 747 3152 ἀλλήλων,
763 3079 1048 3150 γενώμεθα
1073 3077 1263 3149 ὥσπερ
1283 3078 1343 3131 16
1364 3077 1587 3147 ἄγαλμα
1613 3075 1793 3139 τοῦτο,

1297 290 1918 347 APOPHTHEGMATA
1959 292 2275 348 PATRUM.

3369 292 3474 347 150

2455 409 2533 464 De
2568 410 2751 463 abbate
2788 408 2959 463 Anub.

1979 521 2027 574 Ι.
2065 521 2171 593 (58
2198 522 2214 590 )
2239 521 2363 577 Haec
2397 523 2609 578 abbatis
2643 521 2872 576 Joannis
2925 521 3169 576 narratio
3229 521 3438 577 exstitit
3461 542 3475 557 ι

1901 617 2084 670 Abbas
2143 616 2302 672 Anub
2349 626 2402 671 et
2451 617 2620 670 abbas
2663 615 2887 670 Pozmen
2933 631 2996 669 ac
3035 615 3229 685 reliqui
3277 613 3473 670 fratres

1901 722 2114 774 eorum,
2169 723 2233 762 ex
2282 723 2394 761 uno
2441 718 2596 762 utero
2629 709 2756 771 orti,
2791 707 3064 776 vitamque
3116 706 3475 760 monasticam

1900 799 1956 851 in
1985 798 2130 853 Sceti
2154 809 2397 869 agentes,
2415 799 2633 868 quando
2659 804 2924 852 venerunt
2953 796 3184 850 Mazices
3207 809 3267 848 ac
3293 803 3471 849 vasta-

1900 896 2098 942 verunt
2125 904 2241 943 eam
2273 891 2533 959 primttm,
2565 890 2941 944 discesserunt
2978 887 3147 952 illinc,
3174 896 3470 940 venerunt-

1901 995 2007 1048 que
2033 981 2098 1034 ad
2136 981 2316 1034 locum
2355 981 2576 1035 nomine
2605 979 2966 1043 Tereuuthin,
2996 994 3061 1032 eo
3088 978 3208 1031 loco
3231 977 3478 1031 mansuri

1901 1069 2076 1126 donec
2125 1073 2502 1142 prospicerent
2547 1073 2768 1126 ubinam
2805 1071 3067 1125 deberent
3113 1068 3384 1122 habitare.
3414 1067 3479 1120 Et

1901 1173 2226 1220 manserunt
2257 1165 2330 1220 ibi
2364 1166 2573 1234 aliquot
2619 1165 2736 1220 dies
2788 1166 2841 1219 in
2884 1165 3082 1233 templo
3113 1164 3346 1233 quodam
3383 1175 3481 1215 an-

1901 1256 2076 1325 tiquo.
2116 1255 2260 1310 Dixit
2284 1267 2466 1311 autem
2503 1257 2672 1310 abbas
2704 1255 2864 1309 Anub
2893 1256 2958 1308 ad
2990 1256 3240 1308 abbatem
3269 1252 3481 1307 Pwme—

1905 1366 2025 1403 nem
2063 1369 2075 1404 :
2110 1349 2216 1403 Fac
2246 1366 2382 1420 opus
2409 1351 2732 1416 charitatis;
2768 1357 2823 1402 tu
2862 1356 2916 1401 et
2949 1347 3146 1400 fratres
3177 1347 3276 1410 tui,
3306 1361 3480 1400 unus-

1901 1437 2134 1506 quisque
2156 1439 2444 1508 separatim
2471 1453 2532 1490 ac
2557 1439 2798 1492 solitario
2825 1437 3006 1506 degat,
3022 1455 3120 1492 nec
3139 1445 3328 1491 mutuo
3345 1453 3479 1492 con-

1902 1530 2215 1599 grediamur
2237 1547 2332 1601 per
2357 1533 2497 1584 hanc
2526 1531 2942 1585 hebdomadam.
2971 1531 3273 1600 Respondit
3306 1532 3476 1585 abbas

1902 1621 2122 1676 Poemcn
2153 1641 2164 1676 :
2192 1622 2657 1688 Quemadmodum
2707 1624 2811 1685 vis,
2856 1623 3141 1678 faciemus.
3180 1625 3356 1692 Atque
3404 1624 3478 1678 ita

1905 1714 2174 1768 fecerunt.
2211 1714 2336 1766 Erat
2368 1723 2551 1769 autem
2587 1715 2695 1768 illic
2725 1716 2845 1784 ipso
2889 1716 2944 1769 in
2989 1716 3196 1784 templo
3249 1716 3479 1768 simula-

1901 1818 2055 1857 crum
2088 1804 2397 1873 lapideum;
2458 1813 2512 1858 et
2560 1805 2800 1873 quotidie
2831 1806 3088 1873 surgebat
3128 1821 3284 1858 mane
3313 1821 3480 1860 senex

1901 1897 2071 1952 abbas
2097 1896 2276 1959 Anub,
2304 1912 2366 1950 ac
2388 1896 2440 1949 in
2464 1895 2654 1950 faciem
2685 1897 2963 1950 simulacri
2987 1897 3476 1966 jactabatlapides;

1900 2004 2128 2056 vespere
2165 2003 2296 2041 vero
2350 1988 2565 2042 diccbat
2596 1989 2643 2042 ei
2676 2006 2688 2040 :
2719 1987 2945 2057 Ignosce
2993 1989 3148 2041 mihi.
3200 1987 3277 2041 Ac
3307 1997 3477 2041 totam

1903 2076 2294 2131 hebdomadem
2322 2078 2643 2145 pertransiit
2675 2077 2756 2132 sic
2810 2077 3036 2132 faciens.
3085 2078 3305 2132 Sabbati
3352 2095 3481 2132 vero

1902 2169 2011 2232 die,
2042 2170 2328 2238 congressi
2359 2177 2506 2224 sunt.
2533 2169 2678 2222 Dixit
2704 2185 2833 2238 ergo
2857 2170 3024 2223 abbas
3049 2168 3266 2222 Poemen
3298 2170 3480 2222 abbati

1901 2263 2104 2316 Anub:
2141 2260 2260 2315 Vidi
2290 2272 2367 2325 te,
2407 2263 2545 2316 abba
2599 2279 2690 2331 per
2731 2262 3124 2318 hebdomadam
3153 2262 3292 2316 hanc
3334 2266 3481 2318 saxis

1902 2359 2086 2415 petere
2113 2345 2304 2401 faciem
2337 2346 2641 2411 simulacri,
2670 2357 2722 2402 et
2750 2363 2889 2417 genu
2915 2347 3054 2401 ﬂexo
3077 2348 3145 2401 ab
3174 2364 3238 2400 eo
3263 2350 3477 2402 veniam

1901 2439 2186 2506 postulare
2223 2460 2234 2492 :
2265 2437 2427 2491 homo
2464 2438 2564 2491 fide
2591 2441 2850 2507 prmditus
2880 2441 3057 2494 istanc
3087 2439 3215 2492 facit
3241 2439 3264 2492 ?
3301 2439 3480 2494 Senex

1901 2537 2018 2583 tum
2090 2530 2370 2599 respondit
2420 2548 2432 2583 :
2494 2529 2645 2584 Hanc
2711 2546 2839 2600 ergo
2903 2547 3016 2586 rem
3077 2540 3256 2585 vestra
3307 2531 3478 2602 gratia

1902 2621 2028 2675 feci.
2060 2620 2288 2677 Vidistis
2318 2638 2404 2676 me
2436 2623 2640 2691 lapides
2665 2624 2954 2691 jacicntem
2985 2624 3038 2679 in
3085 2623 3273 2676 faciem
3310 2623 3484 2678 simu-

1903 2712 2071 2778 lacri;
2108 2727 2252 2766 nunc
2277 2723 2404 2766 tunc
2428 2713 2667 2766 locutum
2700 2725 2783 2768 est
2809 2725 2903 2767 aut
2936 2715 2990 2767 in
3028 2714 3163 2768 iram
3193 2717 3486 2784 prorupit?

1903 2803 2049 2859 Dixit
2097 2805 2267 2858 abbas
2316 2805 2536 2859 Puemcn
2577 2824 2590 2859 :
2636 2805 3008 2874 Nequaquam.
3075 2805 3271 2858 lterum
3341 2807 3482 2859 vidi-

1906 2898 2030 2964 stis,
2063 2897 2326 2951 inclinato
2357 2912 2588 2966 corpore
2640 2897 2845 2967 ignosci
2895 2897 3025 2950 mihi
3079 2899 3478 2967 postulantem;

1903 2989 2344 3043 nuncturbatum
2375 2997 2479 3050 cst,
2509 3003 2572 3041 ac
2599 2988 2735 3041 dixit
2770 3007 2783 3042 :
2809 2987 2927 3041 Non
2962 2989 3230 3058 ignosco?
3257 2989 3481 3059 Excepit

1903 3082 2074 3136 abbas
2123 3080 2344 3135 Pmmen
2382 3099 2394 3134 :
2436 3080 2778 3135 Nullatcnns.
2855 3080 3009 3134 Tunc
3059 3098 3224 3136 senex
3259 3101 3272 3137 :
3308 3082 3482 3136 Etiam

203 3176 340 3246 6m?
378 3175 473 3229 ἐάν
526 3173 759 3246 ὑϐρισθῇ
794 3173 827 3242 ἢ
859 3173 905 3204 ⁸³
937 3171 1193 3242 δοξασθῇ,
1233 3171 1293 3224 οὑ
1333 3171 1686 3241 ταράσσεται.
1733 3168 1795 3220 Et

1905 3189 2006 3227 nos
2043 3188 2193 3242 ergo,
2239 3172 2434 3240 inquit,
2472 3188 2662 3227 sumus
2699 3181 2904 3242 septem
2945 3173 3170 3240 fratres;
3204 3175 3248 3228 si
3280 3176 3480 3243 cupitis

198 3268 253 3321 δὲ
287 3269 353 3319 οὐ
383 3265 563 3319 Θέλετε
597 3265 852 3334 γενέσθαι
891 3263 1085 3329 οὕτως,
1124 3263 1232 3315 ἰδοὺ
1261 3263 1520 3332 τέσσαρες
1547 3261 1715 3312 πύλαι
1749 3258 1796 3289 ⁸⁸

196 3360 342 3412 εἰσιν
376 3361 436 3410 ἐν
471 3357 552 3426 τῷ
596 3354 728 3428 ἱερῷ
751 3373 764 3386 ο
792 3356 1022 3418 ἕκαστος
1069 3355 1204 3408 ὅπου
1239 3352 1369 3423 θέλῃ
1411 3352 1650 3422 ἀπέλθῃ.
1686 3350 1798 3402 Kal

198 3449 396 3502 ἔϐαλον
437 3448 664 3512 ἑαυτοὺς
719 3449 913 3518 χαμαὶ,
946 3449 1195 3516 λέγοντες
1239 3445 1317 3515 τῷ
1362 3445 1506 3515 ἁϐϐᾷ
1563 3443 1750 3496 Ἀνούϐ
1779 3460 1791 3472 ·

211 3541 306 3604 Ὦς
344 3539 537 3604 θέλεις,
560 3540 764 3610 Πάτερ,
788 3539 1067 3609 ποιοῦμεν,
1108 3540 1200 3592 καὶ
1221 3536 1491 3606 ἀκούομεν
1517 3537 1591 3599 ὡς
1617 3537 1796 3604 λέγεις

201 3635 360 3703 ἡμῖν.
391 3627 526 3684 Εἷπε
571 3631 629 3684 δὲ
656 3633 684 3684 6
713 3632 886 3695 άϐϐᾶς
924 3632 1154 3703 Ποιμὴν,
1180 3632 1262 3684 ὅτι
1319 3628 1646 3700 Ἐμείναμεν
1675 3629 1794 3699 μετ’

199 3723 452 3792 ἀλλήλων
471 3723 564 3776 τὸν
592 3722 807 3776 ἅπαντα
838 3724 1028 3795 χρόνον
1055 3724 1236 3794 ἡμῶν,
1266 3721 1621 3793 ἐργαζόμενοι
1651 3720 1793 3774 κατὰ

200 3816 299 3869 τὸν
327 3815 482 3884 λόγον
519 3814 612 3868 τοῦ
651 3816 906 3887 γέροντος
945 3816 1002 3869 ὃν
1027 3811 1180 3869 εἶπεν
1214 3817 1344 3887 ἡμῖν
1365 3831 1379 3845 ·
1412 3815 1794 3884 καταστήσαν-

199 3925 299 3970 τος
325 3906 488 3959 αὐτοῦ
517 3907 611 3960 ἕνα
647 3908 703 3974 ἐξ
725 3907 884 3978 ἡμῶν
921 3907 1202 3978 οἰκονόμον
1220 3924 1234 3937 ο
1261 3906 1356 3960 καὶ
1390 3907 1498 3958 πᾶν
1525 3906 1662 3975 ὅπερ
1685 3905 1794 3958 ὲτί-

203 4000 288 4053 θει
321 4002 454 4070 ἡμῖν
496 3999 782 4069 ὴσθίομενο
839 3999 932 4052 καὶ
971 3998 1230 4052 ἀδύνατον
1263 3993 1332 4068 ἦν
1364 3999 1537 4050 εἰπεῖν
1589 4013 1706 4048 τινα
1740 3995 1800 4059 ἐξ

203 4091 388 4163 ἡμῶν,
438 4091 571 4162 Φέρε
615 4093 751 4161 ἡμῖν
779 4091 824 4123 ⁸⁵
853 4090 982 4145 ἄλλο
1006 4090 1060 4143 τί
1095 4106 1258 4152 ποτε,
1299 4087 1332 4159 ἢ
1377 4089 1572 4150 εἰπεῖν,
1607 4088 1690 4141 ὅτι
1722 4088 1797 4140 Οὐ

205 4183 439 4255 θέλομεν
471 4184 518 4216 ⁸⁸
549 4183 708 4238 τοῦτο
740 4186 953 4253 φαγεῖν.
997 4182 1110 4236 Kal
1154 4180 1450 4252 ἐποιοῦμεν
1482 4180 1574 4234 τὸν
1623 4180 1799 4234 πάντα

205 4276 399 4346 χρόνον
426 4275 586 4346 ήμῶν
609 4279 665 4329 ὲν
681 4274 982 4328 ἀναπαύσει
1007 4274 1100 4327 καὶ
1129 4275 1340 4345 εἰρήνῃ.

1906 3275 1964 3319 ut
1990 3265 2152 3319 simul
2193 3280 2536 3328 maneamus,
2567 3264 2866 3319 efficiamur
2900 3268 3045 3320 velut
3077 3267 3208 3320 illud
3251 3268 3479 3321 simula-

1903 3371 2092 3419 crum;
2127 3353 2270 3423 quod
2298 3353 2412 3408 sive
2452 3355 2780 3408 contumelia
2813 3355 2926 3410 sive
2960 3355 3164 3409 honore
3196 3355 3479 3420 afﬁciatur,

1905 3462 2012 3501 non
2035 3446 2397 3500 conturbatur
2428 3445 2568 3500 ideo.
2604 3444 2659 3500 Si
2690 3462 2820 3501 vero
2853 3447 2927 3500 ita
2961 3463 3069 3501 non
3097 3449 3259 3502 vultis
3295 3465 3476 3518 agere,

1902 3553 2032 3592 ecce
2056 3545 2292 3606 quatuor
2324 3545 2493 3606 portae
2528 3544 2777 3606 prostant
2811 3537 2863 3590 in
2894 3540 3116 3608 templo,
3143 3539 3297 3593 abeat
3321 3555 3481 3594 unus-

1900 3631 2134 3701 quisque
2167 3644 2494 3699 quocunque
2529 3630 2815 3698 placuerit.
2860 3630 2937 3683 Illi
2969 3645 3028 3685 se
3059 3631 3207 3683 humi
3241 3640 3480 3700 prostra-

1899 3727 2116 3781 verunt,
2151 3719 2394 3773 dicentes
2424 3717 2492 3771 ad
2561 3719 2810 3774 abbatem
2868 3719 3028 3773 Anub
3069 3738 3085 3774 :
3118 3720 3481 3785 Quemadmo-

1900 3810 2031 3866 dum
2065 3811 2168 3873 vis,
2202 3808 2385 3870 Pater,
2433 3808 2736 3874 faciemus;
2772 3811 3277 3880 obtemperabimus
3318 3811 3480 3866 dietis

1901 3903 2032 3959 tuis.
2076 3902 2283 3957 Retulit
2326 3917 2489 3972 porro
2519 3903 2689 3957 abbas
2720 3903 2938 3957 Poemen
2967 3921 2980 3956 :
3014 3902 3315 3958 Mansimus
3371 3919 3480 3955 una

1903 4007 1999 4061 per
2023 4007 2186 4047 omne
2208 3992 2332 4046 vitm
2366 4001 2600 4061 tempus,
2633 3993 2843 4062 operati
2870 3993 3026 4061 juxta
3067 3994 3290 4046 verbum
3330 3992 3480 4046 senis

1903 4085 2047 4154 quod
2091 4086 2228 4139 dixit
2257 4085 2449 4149 nobis;
2487 4099 2612 4138 cum
2649 4085 2740 4138 ille
2782 4099 2950 4136 unum
3000 4099 3030 4138 e
3073 4084 3233 4139 nobis
3271 4084 3480 4138 consti-

1903 4175 2576 4241 tuissetoeconomum;et
2606 4175 2871 4244 quidquid
2916 4175 3075 4231 nobis
3129 4187 3475 4246 apposuerat,

1902 4269 2349 4330 comedebamus,
2386 4284 2488 4323 nec
2519 4269 2718 4324 licebat
2749 4270 2953 4336 dicere,
2986 4271 3068 4325 vel
3109 4288 3122 4324 :
3158 4271 3303 4325 Aller
3330 4269 3478 4326 aliud

211 4369 364 4438 quid,
430 4370 514 4424 vel
546 4388 558 4422 :
588 4368 703 4424 Hoc
761 4371 1018 4425 nolumus
1069 4367 1424 4424 manducare.
1488 4366 1667 4437 Atque
1711 4367 1786 4421 ita
1823 4380 1986 4421 omne
2017 4364 2142 4420 vita:
2193 4374 2398 4420 nostra:
2427 4373 2642 4436 tempus
2669 4365 2724 4419 in
2786 4365 2972 4436 quiete
3028 4381 3090 4421 ac
3121 4383 3255 4438 pace
3323 4383 3478 4440 pere-

208 4461 412 4526 gimus.

283 4550 348 4620 β’.
395 4548 563 4604 Εἶπεν
600 4553 628 4605 6
668 4551 841 4616 άϐϐᾶς
885 4549 1105 4605 Ἀνούϐ·
1147 4549 1235 4615 Ἐξ
1276 4551 1338 4605 οὗ
1385 4548 1446 4601 16
1479 4547 1650 4618 ὄνομα
1696 4549 1787 4601 τοῦ

1963 4548 2015 4602 2.
2051 4549 2158 4618 (59)
2206 4547 2346 4601 Dixit
2379 4547 2549 4602 abbas
2587 4548 2748 4604 Anub
2785 4568 2796 4602 :
2837 4549 2909 4604 Ex
2950 4566 3060 4620 quo
3101 4562 3338 4621 tempore
3380 4569 3477 4608 no-

208 4642 446 4712 Χριστοῦ
476 4641 680 4714 ἐκλήθη
729 4642 814 4695 ἐπ’
843 4641 960 4710 ἐμὲ.
1009 4641 1107 4693 οὐκ
1152 4637 1343 4708 ἐξῆλθε
1371 4635 1561 4706 ψεῦδος
1594 4639 1657 4689 ὲκ
1698 4637 1790 4690 τοῦ

1905 4653 2022 4692 men
2053 4637 2255 4690 Christi
2285 4638 2591 4690 invocatum
2625 4646 2710 4692 est
2735 4654 2898 4707 super
2923 4654 3028 4703 me,
3061 4654 3169 4693 non
3196 4655 3475 4709 egressum

209 4735 476 4805 στόματός
509 4751 631 4805 μου.

619 4845 754 4914 Περὶ
784 4845 888 4899 τοῦ
920 4846 1070 4901 ἁϐὄᾶ
1118 4845 1384 4916 Ἁϐραάμ.

280 4963 357 5010 α’.
386 4958 610 5026 Ἔλεγον
643 4957 770 5028 περί
805 4975 947 5021 τινος
982 4958 1253 5028 γέροντος,
1285 4957 1365 5010 ὅτι
1407 4955 1627 5025 ἐποίησε
1662 4968 1790 5006 πεν-

1898 4729 1997 4784 fuit
2036 4730 2378 4785 mendacium
2408 4745 2472 4784 ex
2503 4745 2598 4783 ore
2627 4745 2766 4784 meo.

2368 4839 2446 4893 De
2472 4839 2659 4893 abbate
2685 4838 3007 4893 Abrahamo.

1970 4953 2021 5005 1.
2050 4952 2160 5023 (60)
2205 4958 2272 5012 De
2307 4952 2538 5022 quodam
2586 4965 2716 5004 sene
2764 4949 3093 5015 referebant,
3127 4953 3269 5022 quod
3302 4967 3475 5008 annos

205 5050 444 5120 τήκοντα
484 5049 600 5119 ἔτη,
648 5051 783 5119 μήτε
821 5049 982 5120 ἄρτον
1023 5048 1216 5102 ἐσθίων
1253 5049 1388 5120 μήτε
1437 5042 1575 5100 οἶνον
1622 5045 1792 5097 πίνων

1905 5043 2289 5113 quinquaginta
2311 5043 2500 5112 egerit,
2521 5057 2620 5096 nec
2641 5056 2832 5110 panem
2855 5042 3147 5097 comedens
3173 5059 3271 5097 nec
3290 5044 3471 5098 vinum

205 5140 361 5209 ταχύ.
395 5140 503 5193 Καὶ
538 5140 740 5208 ἔλεγεν,
770 5141 850 5193 ὅτι
895 5140 1212 5192 Ἀπέκτεινα
1259 5139 1355 5210 τὴν
1407 5136 1660 5208 πορνείαν
1699 5133 1793 5187 καὶ

1905 5135 2110 5198 bibens,
2153 5133 2332 5188 facile.
2383 5133 2460 5186 Ac
2501 5133 2715 5187 diccbat
2755 5151 2768 5186 :
2808 5131 3266 5193 Fornicationem,
3299 5136 3478 5188 avari-

203 5231 307 5304 τὴν
338 5232 702 5302 φιλαργυρίαν
735 5232 830 5284 καὶ
863 5230 958 5303 τὴν
996 5230 1320 5295 κενοδοξίαν.
1352 5231 1462 5283 Kal
1499 5225 1627 5300 ἦλθε
1660 5226 1796 5297 πρὸς

207 5322 368 5376 αὐτον
397 5325 425 5375 6
453 5322 628 5385 άϐϐἄς
667 5323 935 5393 Ἀϐραὰμ,
965 5322 1203 5384 ἀκούσας
1232 5321 1314 5373 ὄτι
1344 5317 1463 5372 εἷπε
1494 5316 1669 5382 τοῦτο,
1701 5316 1795 5370 καὶ

1900 5225 2027 5278 tiam
2055 5232 2108 5278 et
2135 5239 2325 5277 vanam
2365 5225 2590 5295 gloriam
2625 5224 2846 5294 peremi.
2895 5221 3048 5288 Quod
3079 5223 3166 5276 ubi
3206 5225 3274 5278 ab
3299 5240 3364 5280 eo
3390 5226 3477 5280 di-

1900 5323 2047 5371 ctum
2079 5314 2248 5370 fuisse
2275 5316 2480 5370 audivit
2502 5317 2669 5371 abbas
2695 5314 2988 5377 Abraham,
3010 5315 3263 5382 accessit,
3291 5317 3478 5388 aitque

279 5474 329 5506 ⁸⁶
352 5477 396 5548 _6
429 5476 610 5548 γέρων
648 5476 803 5548 abest
841 5477 910 5530 ab
962 5476 1034 5530 al.
1111 5476 1154 5507 ⁸¹
1182 5474 1266 5529 Al.
1309 5475 1404 5528 καὶ
1450 5472 1633 5527 πάλιν.
1710 5471 1754 5503 ⁶¹
1787 5495 1798 5524 Α

1905 5469 2011 5523 ὅτε.
2073 5469 2121 5502 ⁸³
2153 5469 2333 5527 Deest.
2365 5471 2400 5540 ἦ
2433 5472 2486 5525 in
2531 5473 2602 5525 al.
2678 5472 2725 5505 ⁸⁵
2751 5473 2834 5527 Al.
2870 5475 3041 5530 στοαί.
3077 5476 3124 5509 ⁸⁵
3156 5470 3326 5527 Abest
3348 5477 3472 5548 ἡμῖν

209 5546 279 5599 ab
317 5545 384 5597 al.
463 5546 510 5576 ⁸⁸
536 5547 622 5598 Al.
661 5545 825 5602 θέλω.

273 5657 394 5800 ἒῦὃ)
437 5655 544 5712 Vit.
579 5657 733 5714 Patr.
766 5675 852 5720 xv,
888 5659 968 5712 li.

303 5728 396 5798 89)
436 5727 543 5785 Vit.
573 5728 725 5783 Patr.
755 5747 870 5800 vtn,
910 5730 968 5783 58

303 5728 396 5798 89)
436 5727 543 5785 Vit.
573 5728 725 5783 Patr.
755 5747 870 5800 vtn,
910 5730 997 5784 58.

1973 5653 2083 5726 (60)
2128 5653 2234 5710 νει.
2264 5653 2417 5708 Patr.
2446 5671 2500 5718 x,
2531 5655 2617 5710 15.
