3976 6332
512 290 615 346 13|
1644 269 1989 325 APPENDIX
2029 268 2111 321 All

2224 266 2574 323 tl.LADlUM.
3686 261 3798 315 {Si

495 405 622 463 illi:
665 403 746 459 Tu
798 401 959 455 talem
1010 408 1317 453 sermonem
1374 391 1686 463 protulisti?
1738 386 2083 458 Respondit:

2224 386 2337 454 έγει
2367 384 2545 455 αὐτῷ’
2581 385 2652 438 Σὺ
2687 378 2846 446 εἶπας
2872 382 2964 435 τὸν
2993 382 3149 450 λόγον
3189 378 3408 444 -τοῦτονς
3441 378 3551 433 Kal
3590 378 3804 446 λέγει’

493 497 696 553 Etiam.
748 491 900 548 Dixit
948 491 996 545 ei
1045 490 1214 544 abbas
1256 485 1581 542 Abraham:
1620 483 1759 538 Ecce
1810 481 1982 534 intras
2031 478 2087 531 in

2224 478 2316 532 ἰαί.
2353 479 2463 530 Kal
2500 474 2652 530 εἶπεν
2690 475 2839 546 αὐτῷ
2873 477 2901 528 6
2941 474 3112 536 sese;
3152 471 3429 542 Ἀϐραάμο
3486 469 3616 526 Ἰδοὺ
3673 471 3805 523 είσο

490 587 686 643 cellam
721 591 895 645 tuam,
925 587 980 635 et
1023 592 1188 648 supra
1242 586 1387 631 tuam
1438 580 1663 628 mattam
1715 568 1926 623 invenis
1966 582 2087 621 mu-

494 677 710 738 lierem,
740 682 969 745 potesne
999 672 1244 741 cogitare
1271 666 1415 739 quod
1448 680 1559 720 non
1598 663 1670 719 sit
1701 660 1930 716 mulier?
1958 660 2043 713 Ait
2072 678 2085 713 :

497 767 656 833 Non;
688 764 784 820 sed
830 763 1096 817 adversus
1145 761 1388 814 animum
1428 771 1608 811 meum
1640 768 1844 826 pugno,
1883 761 1943 806 ut
1979 766 2091 805 non

497 868 724 927 tangam
753 855 922 909 illam.
952 851 1090 907 Tum
1115 850 1284 904 abbas
1312 846 1584 902 Abraham
1614 864 1627 899 :
1665 844 1803 897 Ecce
1834 857 1944 896 non
1971 855 2093 911 per-

497 950 699 1016 emisti,
745 948 840 1002 sed
887 946 1021 1000 vivit
1074 943 1325 1007 aﬂ‘ectus,
1360 952 1674 1010 quanquam
1721 936 1922 1006 ligatus
1985 941 2093 987 est.

500 1042 724 1107 lterum,
761 1041 904 1095 inter
936 1035 1352 1098 ambulandum,
1382 1032 1535 1086 vides
1568 1030 1781 1101 lapides
1815 1042 1881 1083 ac
1906 1033 2095 1097 testas,

2190 570 2326 641 έρχῃ
2359 571 2440 632 εἰς
2479 567 2539 620 τὸ
2584 565 2792 620 κελλίον
2826 581 2940 628 σου,
2980 565 3076 617 καὶ
3116 561 3387 634 εὑρίσκεις
3426 562 3506 623 εἰς
3552 560 3612 612 τὸ
3662 557 3806 629 ψιά-

2192 660 2304 715 θιόν
2340 677 2434 714 σου
2463 661 2717 729 γυναῖκα,
2746 656 2971 711 δύνασαι
3002 652 3320 723 λογίσασθαι
3354 654 3436 705 ὅτι
3471 652 3570 705 οὐκ
3595 651 3729 704 ἔστι
3754 649 3803 681 ⁸⁷

2192 759 2361 827 γυνή;
2427 755 2621 825 Λέγει·
2675 752 2781 808 Οὕο
2817 752 2953 807 ἀλλὰ
3005 749 3226 820 πολεμῶ
3275 748 3354 819 τῷ
3387 746 3636 818 λογισμῷ
3664 786 3683 812 ,
3722 746 3805 815 μὴ

2195 851 2434 923 ἅψασθαι
2468 850 2657 920 αὐτῆς.
2710 848 2869 916 Λέγει
2916 840 3010 899 οὖν
3046 846 3074 897 6
3116 843 3289 906 6665i;
3322 841 3602 914 Ἀϐραάμ·
3655 840 3805 894 Ἰδοὺ

2195 948 2297 1001 οὐκ
2321 944 2665 1007 ἀπέκτεινας,
2700 939 2837 996 ἀλλὰ
2877 938 2944 1005 ζῇ
2976 937 3037 991 τὸ
3082 936 3275 1001 πάθος,
3311 935 3517 989 δέδεται
3552 932 3635 987 δέ.
3681 932 3800 987 na.

2196 1041 2281 1094 λιν
2328 1040 2403 1103 ὡς
2452 1038 2772 1109 περιπατεῖς
2798 1035 2865 1100 ⁸⁸,
2902 1032 3118 1102 βλέπεις
3148 1029 3331 1093 λίθους
3377 1027 3473 1082 καὶ
3519 1026 3805 1097 ὄστρακα,

501 1132 851 1201 mediumque
898 1144 1090 1182 aurum
1123 1167 1141 1194 ,
1188 1133 1441 1196 potestne
1498 1136 1653 1176 mens
1702 1128 1795 1173 tua
1845 1126 2098 1187 reputare

2224 1134 2367 1188 ιέσον
2399 1133 2456 1186 δὲ
2488 1130 2693 1185 τούτων
2722 1127 2941 1201 χρυσὸν,
2963 1124 3186 1178 δύναται
3216 1124 3250 1193 ἡ
3276 1119 3484 1175 διάνοιά
3509 1136 3602 1173 σου
3644 1117 3813 1184 λογί-

502 1221 610 1279 hoc
642 1222 790 1277 velut
818 1220 946 1275 illa?
974 1217 1278 1287 Respondit
1317 1233 1332 1268 :
1370 1212 1730 1281 Neutiquam;
1772 1208 1866 1263 sed
1902 1207 2099 1262 resisto

2224 1226 2399 1280 τασθαι
2428 1223 2589 1278 τοῦτο
2619 1221 2808 1293 ὥσπερ
2840 1218 3043 1282 caiisa;
3094 1215 3284 1286 Λέγει·
3318 1212 3483 1282 Οὐχί·
3520 1210 3664 1266 ἀλλὰ
3706 1228 3813 1262 πο-

506 1311 819 1383 cogitationi
860 1325 1012 1374 mem,
1046 1315 1109 1363 ut
1143 1321 1337 1360 aurum
1374 1319 1482 1359 non
1517 1303 1723 1357 tollam.
1760 1299 1983 1368 Excepit
2012 1314 2100 1353 se-

507 1421 615 1461 nex
646 1423 659 1459 :
688 1406 828 1458 Ecce
877 1401 1031 1463 vivit,
1090 1398 1184 1453 sed
1229 1397 1424 1466 ligatus
1466 1403 1551 1448 est
1600 1392 1847 1446 affectus.
1901 1389 2100 1443 Iterum

510 1497 682 1552 abbas
718 1493 991 1549 Abraham
1022 1508 1036 1545 :
1066 1490 1168 1556 En,
1206 1488 1404 1558 inquit,
1440 1484 1598 1539 audis
1630 1484 1696 1537 de
1742 1482 1957 1536 duobus
1990 1478 2102 1533 fra-

513 1589 711 1649 tribus,
735 1593 789 1641 te
818 1585 885 1640 ab
910 1599 1018 1638 uno
1049 1581 1221 1650 diligi,
1255 1581 1323 1634 ab
1353 1580 1459 1632 alio
1488 1578 1617 1633 odio
1649 1574 1835 1629 haberi
1866 1587 1929 1626 ac
1960 1570 2104 1625 vitu-

514 1680 728 1752 perari;
763 1678 807 1734 si
843 1686 894 1733 te
936 1675 1312 1737 convenerint,
1346 1672 1536 1726 ambos
1568 1669 1685 1739 pari
1729 1666 1891 1721 modo
1924 1664 2102 1720 susci—

515 1773 665 1844 pies?
700 1771 793 1827 llle
822 1790 838 1828 :
871 1770 1256 1841 Nequaquam;
1298 1766 1392 1820 sed
1441 1764 1697 1817 anitnum‘
1717 1758 2008 1830 superabo,
2041 1765 2122 1817 ut,

513 1863 851 1922 benefaciam
879 1862 1025 1917 osori
1074 1876 1195 1915 meo
1227 1857 1451 1927 perinde
1488 1870 1551 1909 ac
1585 1855 1840 1908 amatori.
1884 1853 1974 1906 Ait
2022 1851 2100 1905 illi

514 1957 683 2013 abbas
711 1954 986 2009 Abraham
1020 1971 1032 2005 :
1065 1951 1240 2021 Atque
1281 1949 1418 2003 adeo
1458 1948 1648 2001 vivunt
1690 1943 1935 2009 affectus,
1960 1945 2101 1999 dun-

516 2058 661 2103 taxat
694 2056 875 2101 autem
904 2044 1222 2099 vinciuntur
1249 2057 1278 2093 a
1308 2039 1535 2094 sanctis.

586 2140 639 2192 2.
668 2137 860 2191 Frater
898 2133 1255 2205 interrogavit
1295 2131 1546 2186 abbatem
1594 2128 1982 2191 Abrahamum,
2015 2126 2101 2179 di-

516 2243 649 2283 cens
683 2245 696 2282 :
738 2226 794 2280 Si
827 2225 1117 2294 contigerit
1160 2238 1245 2277 me
1292 2237 1434 2291 szepe
1463 2219 1810 2283 manducare,
1844 2217 2101 2287 quidnam

516 2319 569 2373 id
611 2321 731 2373 est?
776 2316 842 2370 Et
884 2314 1223 2385 respondens
1268 2328 1437 2368 senex
1470 2311 1587 2366 iniit
1618 2327 1633 2365 :
1665 2309 1803 2375 Quid
1838 2308 2102 2377 loqueris,

519 2410 719 2466 frater?
757 2408 1004 2464 Tantane
1051 2406 1328 2463 comedis?
1372 2405 1454 2459 An
1495 2412 1655 2475 putas
1708 2414 1759 2456 te
1807 2401 1871 2455 ad
1924 2414 2103 2456 aream

518 2499 776 2555 venisse?

586 2590 642 2644 3.
700 2587 808 2659 (61)
869 2586 945 2642 De
1007 2586 1241 2657 quodam
1310 2584 1670 2639 Scetiotarum
1736 2582 1873 2638 dixit
1936 2581 2107 2636 abbas

517 2677 817 2742 Abraham,
856 2677 999 2748 quod
1036 2676 1219 2730 scriba
1250 2683 1416 2735 esset.
1475 2689 1572 2729 nec
1604 2688 1743 2743 pane
1772 2681 2103 2727 vesceretur.

516 2771 768 2846 Accessit
824 2769 1013 2837 frater,
1057 2785 1223 2824 orans
1271 2779 1328 2821 ut
1388 2767 1437 2821 ei
1506 2765 1839 2820 exscriberet
1887 2765 2104 2818 Iilu'um.

521 2862 700 2918 Senex
737 2862 902 2935 igitur
934 2862 1026 2932 qui
1059 2861 1300 2915 animum
1360 2857 1805 2927 contemplationi
1840 2857 2107 2911 intentum

520 2953 766 3019 haberet,
796 2952 1087 3021 descripsit
1134 2967 1231 3021 per
1269 2965 1464 3004 versus
1518 2947 1730 3012 mutilc,
1783 2964 1880 3000 nec
1937 2948 2110 3000 inter-

521 3046 735 3115 punxit.
775 3044 843 3097 At
898 3042 1087 3104 frater,
1142 3048 1369 3110 accepto
1406 3040 1569 3102 libro,
1618 3053 1742 3092 cum
1783 3038 1943 3091 vellet
1972 3053 2112 3107 pun-

524 3150 668 3205 gere,
696 3133 901 3187 invenit
927 3131 1227 3186 sententias
1257 3128 1524 3199 quasdam
1560 3127 1732 3182 fuisse
1766 3128 2019 3181 omissns.
2047 3125 2112 3180 Et

525 3226 600 3280 ait
634 3222 753 3281 seni
786 3242 799 3277 :
843 3222 1018 3287 Abba,
1052 3237 1243 3278 omnes
1280 3236 1390 3275 non
1436 3221 1678 3274 continet
1728 3233 1939 3273 versus.
1975 3218 2114 3273 Dicit

525 3331 735 3372 senex:
767 3314 891 3381 Abi,
924 3315 1078 3384 prius
1125 3314 1210 3367 fac
1249 3328 1369 3382 qua:
1411 3312 1615 3381 scripta
1667 3317 1827 3375 sunt,
1876 3317 2115 3383 tuncque

526 3406 674 3475 veni,
701 3414 753 3462 et
782 3406 1018 3461 scribam
1054 3404 1149 3459 tibi
1178 3405 1321 3475 quod
1352 3411 1623 3473 superest.

1094 3517 1169 3571 De
1207 3516 1395 3570 abbate
1427 3517 1550 3571 Are.

597 3608 762 3666 Venit
796 3609 905 3680 (62)
941 3609 1110 3665 abbas
1139 3608 1410 3663 Abraham
1441 3607 1508 3662 ad
1539 3608 1790 3664 abbatem
1813 3608 2015 3676 Arent;
2065 3617 2118 3664 et

531 3703 667 3775 ipsis
713 3702 1030 3759 sedentibus
1058 3705 1292 3759 accessit
1336 3703 1503 3758 frater
1536 3704 1602 3759 ad
1640 3720 1845 3769 senem,
1874 3706 2120 3775 dixitque

529 3795 623 3850 ei:
666 3793 810 3850 Doce
851 3810 957 3859 me,
992 3795 1123 3866 quid
1173 3795 1355 3850 facere
1400 3795 1568 3851 debeo
1614 3806 1675 3850 ut
1713 3798 1944 3852 salutem
1988 3812 2121 3851 con-

533 3902 753 3958 sequar.
786 3885 1089 3958 Respondit
1119 3887 1211 3942 ille
1244 3903 1258 3941 :
1290 3886 1415 3952 Abi,
1448 3894 1562 3943 toto
1592 3889 1699 3944 isto
1729 3904 1871 3943 anno
1896 3903 2121 3959 vespere

534 3980 804 4035 manduca
837 3994 1031 4050 panem
1061 3995 1184 4035 cum
1226 3980 1362 4047 sale,
1404 3987 1458 4034 et
1490 3980 1611 4034 veni
1660 3980 1881 4045 iterum,
1910 3982 2006 4035 tibi
2039 3981 2121 4035 lo-

534 4089 690 4143 quar.
720 4072 814 4128 Ille
835 4073 989 4138 abiit,
1017 4081 1182 4143 atque
1209 4072 1281 4127 ita
1307 4071 1455 4127 fecit.
1487 4072 1717 4128 Peracto
1743 4081 1923 4128 autem
1954 4090 2120 4138 anno,

536 4180 733 4220 rursus
765 4164 898 4218 adiit
928 4165 1095 4220 frater
1126 4164 1377 4221 abbatem
1414 4166 1575 4220 Arem
1608 4183 1622 4219 :
1656 4173 1897 4235 tuncque
1924 4181 2124 4236 oppor-

540 4266 668 4309 tune
716 4254 905 4308 aderat
953 4255 1123 4309 abbas
1167 4255 1464 4310 Abraham.
1523 4256 1686 4328 Igitur
1736 4257 1875 4313 dixit
1924 4259 2122 4312 iterum

540 4344 696 4399 fratri
731 4359 893 4398 senex
930 4360 946 4400 ε
975 4342 1146 4407 Vade,
1173 4343 1276 4398 hoc
1303 4346 1466 4398 etiam
1511 4362 1653 4401 anno
1678 4349 1866 4417 jejuna
1896 4350 2126 4403 mandu-

2200 1319 2353 1391 λεμῶ
2394 1316 2471 1388 τῷ
2508 1313 2752 1385 λογισμῷ
2783 1311 2857 1383 μὴ
2902 1311 3086 1365 λαϐεῖν
3128 1307 3280 1362 αὐτό.
3317 1305 3429 1360 Kal
3463 1305 3610 1373 λέγει
3640 1305 3673 1356 6
3713 1302 3813 1369 γέ-

2205 1430 2344 1484 ρων·
2387 1410 2517 1464 Ἰδοὺ
2555 1409 2620 1480 ζῇ
2650 1409 2717 1467 ⁸⁸,
2750 1405 2883 1460 ἀλλὰ
2909 1405 3138 1457 δέδεται.
3169 1403 3332 1468 Λέγει
3372 1400 3533 1453 πάλιν
3560 1400 3589 1452 6
3614 1396 3813 1459 ἁϐϐἇς

2216 1501 2500 1572 Ἀϐραάμο
2539 1499 2670 1552 Ἰδοὺ
2700 1496 2918 1558 ἀκούεις
2957 1494 3085 1565 περὶ
3109 1490 3213 1545 -δύο
3241 1490 3505 1558 ἀδελφῶν,
3538 1490 3621 1541 ὅτι
3664 1491 3698 1542 6
3726 1482 3813 1549 εἷς

2205 1595 2398 1664 ἀγαπᾷ
2438 1610 2520 1655 σε,
2569 1593 2598 1644 6
2639 1590 2696 1643 δὲ
2741 1589 2898 1652 ἄλλος
2947 1587 3096 1656 μισεῖ
3133 1600 3193 1637 σε
3232 1583 3326 1637 καὶ
3365 1580 3659 1647 κακολογεῖ
3715 1594 3808 1631 σε·

2207 1684 2301 1737 ἐὰν
2331 1684 2524 1737 ἔλθωσι
2556 1682 2692 1754 πρὸς
2723 1681 2803 1742 σε,
2824 1680 2951 1742 τοὺς
2975 1677 3067 1731 δύο
3095 1675 3151 1741 ἐξ
3178 1674 3298 1746 ἴσης
3322 1675 3369 1707 ⁹⁰
3397 1674 3570 1743 slew;
3596 1671 3775 1740 Λέγει
3796 1689 3809 1701 ·

2210 1777 2373 1846 Οὐχί’
2401 1774 2538 1829 ἀλλὰ
2582 1770 2803 1843 πολεμῶ
2854 1771 2931 1842 τῷ
2974 1767 3238 1841 λογισμῷ,
3276 1766 3679 1837 ἀγαθοποιῆσαι
3729 1764 3815 1834 τῷ

2215 1866 2461 1938 μισοῦντί
2492 1883 2559 1937 με
2585 1865 2661 1929 ὡς
2681 1863 2759 1934 τῷ
2780 1861 3061 1931 ἀγαπῶν-εί
3100 1879 3187 1931 με.
3218 1859 3379 1929 Λέγει
3406 1856 3554 1927 αὐτῷ
3571 1857 3600 1908 6
3623 1855 3812 1915 £1663;

2220 1958 2500 2029 Ἀϐραάμ·
2534 1959 2697 2010 Ὥστε
2721 1953 2813 2011 οὖν
2835 1955 2968 2020 ζῶσι
2992 1954 3061 2009 τὰ
3092 1952 3259 2025 πάθη,
3285 1952 3442 2023 μόνον
3461 1950 3518 2004 δὲ
3542 1946 3816 2019 δεσμοῦν-

2214 2064 2306 2102 ται
2340 2049 2444 2102 ὑπὸ
2473 2048 2581 2101 τῶν
2604 2049 2799 2116 ἁγίων.

2287 2143 2350 2212 β’.
2397 2141 2648 2211 ’Λδελφδς
2679 2139 2931 2211 ἠρώτησε
2961 2138 3052 2191 τὸν
3082 2135 3255 2190 ἁϐϐἄν
3289 2134 3558 2206 Ἀϐραὰμ,
3589 2131 3812 2199 λέγων·

2224 2234 2348 2289 Ἐὰν
2379 2233 2558 2305 συμϐῇ
2588 2250 2653 2303 με
2684 2230 2943 2293 πολλάκις
2968 2229 3011 2260 ⁹¹
3039 2228 3255 2297 φαγεῖν,
3286 2225 3339 2279 τί
3367 2228 3483 2279 ἐστι
3503 2241 3518 2289 ;
3541 2222 3657 2277 Kal
3680 2221 3816 2274 ἀπο-

2212 2323 2422 2396 κριθεὶς
2453 2326 2482 2376 ὁ
2520 2323 2698 2393 γέρων
2736 2317 2883 2375 εἶπε·
2936 2320 3001 2372 Τί
3038 2319 3236 2381 λαλεῖς,
3283 2316 3512 2386 ἀδελφέ;
3561 2312 3813 2368 τοσαῦτα

2212 2415 2442 2481 ὲσθίεις;
2483 2414 2516 2485 ἢ
2551 2414 2724 2477 δοκεῖς
2752 2414 2836 2467 ὅτι
2858 2415 2935 2476 είς
2969 2411 3148 2465 ἆλωνα
3170 2406 3363 2483 ἦλθεςς

2283 2602 2354 2665 γ’.
2401 2596 2594 2664 Ἔλεγε
2641 2594 2769 2665 περί
2814 2609 2958 2656 τινος
3006 2591 3114 2645 τῶν
3172 2585 3495 2662 Σκητιωτῶν
3548 2587 3579 2641 6
3636 2584 3815 2647 assa;

2226 2688 2502 2759 Ἀϐραὰμ,
2526 2689 2609 2741 ὃτι
2633 2685 2876 2758 γραφεὺς
2899 2679 2987 2754 ἦν,
3012 2683 3105 2736 καὶ
3135 2682 3235 2734 οὐκ
3264 2680 3449 2752 ἢσθιεν
3470 2678 3658 2751 ἄρτον.
3676 2672 3817 2729 *Ηλο

2216 2782 2308 2834 θεν
2334 2776 2429 2835 οὖν
2453 2780 2679 2848 ἀδελφὸς
2720 2774 3046 2849 παρακαλῶν
3085 2775 3249 2828 αὐτὸν
3290 2771 3499 2842 γράψαι
3542 2768 3702 2840 αὐτῷ
3736 2768 3815 2837 βι-

2218 2872 2396 2925 ϐλίον.
2432 2871 2493 2923 ’0
2541 2865 2634 2923 οὖν
2678 2868 2857 2938 γέρων
2904 2866 3042 2936 ἔχων
3091 2864 3180 2917 τὸν
3228 2863 3351 2917 νοῦν
3387 2860 3550 2916 αὑτοῦ
3596 2862 3683 2924 εἰς
3718 2859 3815 2928 τὴν

2222 2962 2471 3033 θεωρίαν,
2501 2960 2706 3030 ἔγραψε
2740 2959 2890 3027 παρὰ
2935 2957 3167 3026 στίχους.
3219 2957 3311 3008 καὶ
3348 2956 3449 3007 οὐκ
3487 2953 3724 3019 ἔστιξεν.
3761 2952 3815 3001 ’0

2136 3093 2180 3150 c
2217 3053 2273 3106 δὲ
2293 3053 2515 3121 ἁδελφὸς
2535 3050 2716 3105 λαϐὼν
2737 3051 2831 3103 καὶ
2856 3050 3023 3102 θέλων
3049 3047 3243 3110 στίξαι,
3269 3042 3391 3114 εὗρε
3415 3044 3567 3115 παρὰ
3590 3044 3811 3112 λόγους.

2217 3142 2321 3198 Kal
2342 3144 2489 3211 λέγει
2515 3140 2594 3212 τῷ
2616 3141 2831 3212 γέροντι
2850 3157 2863 3170 ·
2889 3138 3048 3210 Παρά
3071 3137 3282 3207 στίχους
3305 3137 3414 3203 (05)
3444 3136 3618 3198 ἐστὶν,
3648 3134 3812 3189 ἀδεᾶ.

2217 3235 2378 3302 Λέγει
2421 3232 2570 3303 αὐτῷ
2618 3235 2646 3285 ὁ
2694 3231 2905 3301 γέρων·
2942 3229 3179 3294 Ὕπαγε,
3215 3226 3430 3298 πρῶτον
3469 3225 3704 3295 ποίησον
3750 3222 3815 3275 τὰ

2218 3326 2601 3396 γεγραμμένα,
2629 3324 2722 3377 καὶ
2754 3323 2874 3376 τότε
2901 3320 3035 3392 ἔρχῃ
3065 3319 3159 3373 καὶ
3204 3318 3399 3389 γράφω
3443 3334 3523 3372 σοι
3572 3316 3676 3371 καὶ
3724 3314 3816 3385 τὴν

2219 3419 2470 3473 λοιπάδα.
2870 3434 2871 3437 ‘

2686 3530 2821 3596 Περὶ
2854 3527 2960 3581 τοῦ
2990 3524 3139 3579 ἀϐϐᾶ
3169 3526 3330 3591 Ἄρη.
3918 3574 3919 3577 η

2292 3622 2576 3694 Παρέϐαλε
2613 3622 2643 3674 6
2686 3618 2860 3681 ἀὸἢᾶς
2901 3615 3152 3686 Ἀϐραὰμ
3195 3612 3272 3683 τῷ
3309 3610 3452 3680 ὰϐδᾷ
3491 3610 3636 3681 “Aen
3660 3626 3676 3641 ·
3724 3603 3814 3660 καὶ

2221 3715 2545 3787 καθημένων
2582 3712 2780 3776 αὐτῶν,
2812 3706 2974 3781 ἦλθεν
3008 3704 3235 3775 ἀδελφὸς
3274 3703 3407 3775 πρὸς
3434 3701 3528 3757 τὸν
3556 3702 3812 3774 γέροντα.

2222 3810 2316 3861 καὶ
2366 3807 2514 3875 λέγει
2560 3803 2741 3874 αὐτῷ’
2777 3789 2914 3856 Εἰπέ
2954 3817 3041 3870 μοι
3075 3797 3129 3852 τί
3159 3796 3371 3868 ποιήσω
3402 3796 3488 3848 ἴνα
3520 3794 3706 3848 σωθῶ.
3759 3792 3813 3843 Ὀ

2221 3904 2278 3958 δὲ
2307 3902 2455 3970 λέγει
2485 3899 2655 3967 αὐτῷ·
2684 3898 2925 3964 ”Υπαγε,
2961 3892 3186 3961 ποίησον
3214 3889 3306 3943 τὸν
3334 3886 3579 3942 ἐνιαυτὸν
3603 3886 3812 3943 τοῦτον,

2222 3995 2343 4047 κατ’
2368 3993 2464 4062 ὀψὲ
2508 3991 2705 4045 ἐσθίων
2746 3989 2906 4059 ἄρτον
2946 3985 3041 4038 καὶ
3086 3982 3253 4046 ἃλας,
3293 3979 3388 4034 καὶ
3430 3978 3588 4051 δεῦρο
3628 3976 3811 4037 πάλιν,

2225 4088 2320 4140 καὶ
2350 4084 2497 4139 λαλῶ
2529 4101 2631 4138 σοι.
2666 4083 2777 4135 Καὶ
2799 4076 3049 4133 ἀπελθὼν
3080 4074 3331 4145 ἐποίησεν
3354 4071 3548 4135 οὕτως.
3583 4070 3813 4139 Πληρωο

2226 4179 2409 4241 θέντος
2442 4177 2498 4229 δὲ
2536 4175 2626 4229 τοῦ
2664 4171 2934 4231 ἐνιαυτοῦ,
2962 4164 3094 4241 ἦλθε
3138 4165 3299 4219 πάλιν
3342 4166 3370 4218 6
3411 4161 3641 4230 ἀδελφὸς
3683 4159 3813 4229 πρὸς

2226 4270 2317 4322 τὸν
2359 4267 2532 4320 ἁόὅᾶν
2559 4266 2752 4335 "Ap-qv.
2808 4260 3117 4330 Εὐκαίρησε
3156 4257 3213 4309 δὲ
3243 4255 3365 4308 τότε
3405 4253 3499 4306 καὶ
3532 4252 3624 4305 ὀ⁹²
3642 4249 3813 4307 ἁὸεᾶς

2240 4358 2491 4428 ’Λὸραὰμ
2523 4357 2658 4408 ἐκεῖ.
2690 4352 2798 4406 Kal
2832 4346 2952 4402 εἷπε
2986 4347 3148 4401 πάλιν
3186 4348 3214 4399 6
3256 4345 3436 4417 γέρων
3464 4342 3544 4413 τῷ
3567 4338 3806 4407 ἁδελῴ·

540 4451 672 4491 cans
709 4437 877 4490 semel
907 4450 1003 4505 per
1024 4435 1268 4505 singulos
1295 4435 1434 4491 duos
1461 4437 1598 4490 dies.
1629 4440 1876 4509 Cumque
1904 4442 2111 4496 abiisse

2236 4448 2472 4513 Ὕπαγε,
2498 4444 2792 4514 νήστευσον
2820 4438 2912 4492 καὶ
2949 4436 3138 4490 τοῦτον
3182 4436 3267 4490 τὸν
3301 4433 3542 4488 ἐνιαυτὸν
3577 4431 3671 4486 δύο
3700 4428 3806 4483 δύο.

542 4528 730 4591 frater,
761 4527 834 4581 ita
861 4526 1205 4597 compellavit
1242 4526 1494 4581 abbatem
1543 4527 1705 4581 Arem
1748 4530 1917 4584 abbas
1950 4531 2126 4587 Abra-

543 4621 664 4675 ham
695 4639 708 4676 :
739 4620 851 4675 Cur
881 4619 1142 4677 fratribus
1193 4620 1408 4674 cunctis
1447 4635 1511 4673 ex
1548 4620 1681 4691 jugo
1724 4621 1827 4676 levi
1862 4625 2122 4692 loqueris,

2232 4540 2341 4592 Kal
2387 4538 2464 4599 ὡς
2504 4534 2742 4605 ἀπῆλθεν
2774 4533 2803 4584 ὁ
2837 4529 3081 4599 ἁδελφὸς,
3125 4529 3272 4598 λέγει
3302 4531 3330 4582 6
3359 4528 3530 4590 6.665.;
3565 4522 3810 4596 Ἀϐραὰμ

2230 4625 2309 4696 τῷ
2336 4624 2477 4695 ἀϐϐᾷ
2513 4625 2687 4696 Ἀρῃ·
2722 4620 2872 4673 Διατί
2912 4620 3054 4683 ὅλοις
3098 4620 3206 4682 τοῖς
3258 4619 3507 4688 ἀδελφοῖς
3550 4614 3689 4685 μετὰ
3721 4613 3808 4677 ζυ-

439 5157 456 5171 .
545 5120 737 5176 πολλά.

544 4714 671 4768 huic
708 4728 838 4768 vero
881 4711 1035 4767 fratri
1077 4714 1260 4784 gravia
1301 4713 1537 4783 imponis
1580 4714 1786 4767 onera?
1825 4714 2111 4784 Respondi:

2229 4718 2328 4787 γοῦ
2358 4715 2594 4785 ἐλαφροῦ
2629 4713 2827 4775 λαλεῖς,
2852 4711 2928 4782 τῷ
2956 4711 3012 4765 δὲ
3045 4709 3255 4780 ἀδελφῷ
3289 4708 3465 4779 τούτῳ
3494 4705 3693 4775 φορτία
3721 4702 3809 4773 βα-

542 4819 748 4861 senex:
782 4801 1005 4861 Fratres
1041 4804 1182 4859 sicut
1218 4803 1444 4860 veniunt
1480 4803 1821 4874 inquisitum,
1858 4805 1930 4858 ita
1963 4814 2016 4860 et
2043 4822 2111 4860 re-

2233 4808 2330 4878 ρέα
2376 4808 2674 4873 ἐπιτιθεῖςς
2734 4805 2896 4874 Λέγει
2947 4803 3096 4874 αὐτῷ
3144 4803 3172 4855 ὁ
3224 4801 3430 4873 γέρων’
3487 4801 3547 4851 Οἱ
3602 4792 3809 4863 ἀδελφώ

542 4896 744 4953 cedunt
774 4914 788 4952 ε
824 4896 915 4951 hic
947 4912 1077 4952 vero
1106 4905 1325 4968 propter
1357 4899 1530 4952 Deum
1573 4895 1803 4962 accedit,
1843 4904 1903 4951 ut
1942 4898 2111 4952 audian

2230 4899 2413 4962 καθὼς
2455 4899 2703 4969 ἔρχονται
2756 4896 3065 4969 ζητοῦντες,
3114 4892 3285 4955 οὕτως
3336 4891 3429 4944 καὶ
3487 4891 3807 4957 ὑπάγουσι-ι’

637 5050 803 5122 ςτ-Αι.
1015 5049 1097 5122 ὅτι
1127 5049 1292 5122 ἐστι.-
1356 5048 1713 5122 8{Alainsetn
1747 5051 1805 5103 ἐν
1830 5050 1957 5122 ὁδῷ,
1993 5051 2107 5105 καί.

2225 5054 2245 5086 ⁹
2283 5055 2369 5108 Al.
2410 5053 2533 5108 add.
2570 5050 2667 5107 οὖν
2702 5052 2762 5106 τὸ
2787 5052 2977 5116 πάθος.

835 5118 883 5152 δ’
903 5118 993 5173 Al.
1026 5118 1226 5190 εὑρέθη
1251 5119 1307 5171 δὲ
1328 5119 1490 5173 πάλιν
1515 5121 1566 5172 6.

616 5237 729 5306 (6!)
759 5235 1001 5306 Joannes
1027 5235 1337 5304 Geometra,
1370 5233 1575 5290 Parad.
1599 5236 1653 5293 8.

617 5305 732 5377 (ᾂῖ)
771 5305 877 5361 Vit.
917 5306 1071 5360 Patr.
1108 5322 1221 5371 xw,
1244 5307 1301 5361 2.

618 5376 730 5457 (65)
764 5377 1227 5457 {Iapizgrizovg
1260 5377 1421 5457 παρὰ
1437 5377 1678 5447 λόγους.
1704 5376 2131 5457 Hoeesttprm-

548 5447 823 5528 termissis
859 5447 1189 5528 quibusdam
1222 5448 1475 5528 versibus
1504 5463 1567 5528 ac
1595 5449 1902 5503 sententiis.
1951 5447 2130 5505 sensu

550 5516 605 5570 id
636 5518 984 5586 postulante;
1011 5533 1075 5571 ac
1100 5517 1257 5585 juxta
1278 5517 1502 5572 Joannis
1526 5516 1829 5573 Geometra:
1872 5534 2087 5573 versum
2116 5539 2127 5573 :

556 5588 742 5667 :Epra
756 5587 951 5658 σοφὸς
959 5588 1245 5667 aer-ax?
1260 5589 1515 5667 γρὰξέδας,
1532 5587 1826 5667 ἐλάχιστα
1841 5586 2128 5667 παρῆλθε.

554 5655 649 5731 _Sic
683 5655 868 5731 supra,
912 5655 973 5727 p.
998 5660 1070 5731 ‘22
1103 5655 1413 5731 εξῌερίιτου
1447 5657 1762 5731 φονεύοντος
1775 5658 1831 5731 *ἢ
1855 5655 2134 5731 παραμέ-

552 5726 644 5791 λος
675 5726 955 5791 ποιοῦντος
1001 5728 1093 5781 τὸν
1146 5726 1274 5781 ἴδιόν
1304 5726 1540 5799 quem.
1578 5729 1733 5797 Apud
1770 5726 2131 5800 Epiphaniqu

3052 5051 3099 5085 9°
3120 5052 3205 5106 Al.
3236 5053 3372 5105 ἴσου.
3450 5051 3495 5083 ⁹¹
3527 5051 3615 5105 Al.
3646 5051 3800 5104 inscr.

2240 5236 2435 5294 lueresi
2477 5235 2565 5306 58,
2600 5233 2925 5306 n.2,flapa
2950 5233 3007 5306 ἓν
3032 5234 3191 5304 μέλος
3220 5231 3486 5306 γίνεσθαι..
3517 5228 3632 5306 [ριο
3656 5240 3803 5306 arcui-

2242 5311 2334 5362 bro
2359 5304 2616 5359 mutuari.
2642 5297 2917 5359 Palladius
2961 5297 3243 5359 La'usiacre
3264 5319 3382 5371 cap.
3412 5302 3502 5365 26,
3536 5300 3691 5371 Παρὰ
3719 5297 3806 5371 sit)!

2245 5381 2344 5450 σήν
2375 5393 2463 5446 μοι
2493 5375 2819 5428 ἀνάπαυσιν.
2849 5374 3061 5450 [legitur
3083 5386 3228 5450 tuam
3266 5364 3637 5450 curationem:
3668 5364 3803 5450 A133!"

2243 5434 2310 5501 ac.
2332 5434 2660 5500 removeatur
2688 5462 2721 5496 a
2756 5461 2855 5497 me.
2897 5443 2991 5499 Vel
3029 5445 3327 5501 Paschasio
3369 5448 3689 5513 interprete,
3710 5434 3804 5513 ἔξε-

2243 5518 2587 5586 frigeratioue
2614 5524 2706 5567 tua
2735 5531 2837 5569 non
2867 5532 3006 5583 eqeo.
3038 5514 3169 5568 Nam
3198 5515 3344 5583 quod
3391 5505 3588 5586 legitur
3633 5512 3685 5564 in
3717 5505 3803 5560 Bi-

2245 5582 2502 5643 bliotheca
2526 5585 2775 5647 Patrum,
2795 5582 2944 5657 παρᾷ
2966 5586 3063 5656 τὴν
3082 5582 3229 5657 ἐμὴν
3249 5586 3472 5656 πρώτην
3491 5582 3801 5657 ἀνάπαυσενο

2246 5657 2478 5711 mutatio
2508 5664 2612 5725 est,
2657 5643 2780 5725 quae
2815 5643 2892 5707 ρκ’
2922 5643 3265 5724 ignominiae
3296 5643 3511 5710 'seusus
3538 5643 3799 5725 parmula:

2245 5728 2396 5796 παρὰ
2425 5723 2686 5797 originem
2718 5723 2885 5778 ducit.
