3976 6332
206 352 302 407 133

1304 342 1917 400 AFOPHTIIEGMATA
1957 343 2266 400 PATRUM.

3362 340 3453 397 iSI

184 460 332 526 οὗτος
365 461 424 514 δὲ
456 460 546 515 διὰ
583 459 675 512 τὸν
701 460 832 513 Θεὸν
860 459 1079 531 ἔρχεται
1107 459 1336 513 ἀκοῦσαι
1364 459 1539 528 λόγον.
1576 458 1772 530 Ἐργά-

1907 474 2201 514 ermonem.
2230 460 2412 516 Bonus
2432 461 2575 515 enim
2599 469 2683 516 est
2705 461 3019 530 operarius;
3045 460 3310 533 quidquid
3335 476 3470 518 eum

188 572 280 625 της
302 552 411 622 γάρ
438 553 613 603 ἐστιν’
634 551 743 623 ,καὶ
769 551 822 603 et
844 568 893 603 τι
916 551 958 602 δ’
986 550 1052 603 ἂν
1082 549 1221 602 εἴπω
1251 548 1418 619 αὐτῷ,
1451 548 1588 620 μετὰ
1611 566 1777 601 σπου-

1878 565 2163 616 monuero,
2193 552 2509 621 exsequitur
2537 552 2802 606 studiose.
2851 551 3140 624 Propterea
3184 567 3285 625 ego
3321 568 3460 625 quo—

185 642 278 711 δής
307 644 481 694 ποιεῖ’
517 639 605 693 διὰ
630 639 791 692 τοῦτο
822 639 978 707 κάγὼ
1015 638 1162 692 λαλώ
1189 639 1335 710 αὑτῷ
1365 640 1458 693 τὸν
1488 638 1643 709 λόγον
1679 640 1775 693 τοῦ

1903 651 1985 707 [ue
2012 636 2232 706 profero
2262 638 2366 708 ipsi
2397 653 2704 694 sermonem
2732 639 2847 695 Dei.

190 733 337 788 Θεοῦ.

577 844 718 912 Περὶ
751 845 857 899 τοῦ
889 846 1039 900 ὰϐϐᾶ
1076 847 1385 903 Ἀλωνίου.

254 953 324 1011 α’.
366 952 536 1010 Εἶπεν
572 956 602 1008 6
649 954 827 1019 ἀὸὁᾶς
869 955 1121 1022 Ἀλὼνιος
1152 958 1229 990 ³³³·
1255 958 1384 1012 Ἐὰν
1437 958 1512 1030 μὴ
1558 960 1687 1032 εἴπῃ
1721 960 1781 1012 ἐν

189 1053 255 1123 τῇ
307 1049 506 1121 καρδίᾳ
543 1048 709 1103 αὑτοῦ
750 1047 1058 1120 ἄνθρωπος,
1100 1052 1182 1103 ὅτι
1219 1050 1361 1121 Ἐγὼ
1404 1053 1564 1122 μόνος
1617 1052 1711 1105 καὶ
1752 1053 1782 1104 6

191 1144 321 1205 Θεὸς
347 1142 515 1212 ἐσμέν
540 1144 598 1194 ἐν
625 1140 704 1211 τῷ
733 1142 946 1213 κόσμῳ,
971 1142 1071 1213 οὐχ
1098 1142 1208 1208 ἕξει
1241 1143 1568 1200 ἀνάπαυσιν.

258 1235 323 1304 β’.
372 1231 511 1286 Εἶπε
556 1233 752 1287 πάλιν·
783 1235 846 1288 El
895 1235 971 1306 μὴ
1017 1237 1080 1290 τὸ
1126 1237 1249 1290 ὅλον
1281 1236 1646 1309 κατέστρεψα,
1680 1237 1782 1290 οὐκ

190 1321 257 1379 ἂν
284 1322 560 1393 ἠδυνήθην
594 1323 831 1392 ἐμαυτὸν
862 1324 1240 1397 οἰκοδομῆσαι.

260 1413 331 1485 γ’.
359 1411 496 1468 Εἷπε
522 1414 705 1480 πάλιν,
734 1416 816 1469 ὅτι
843 1418 939 1471 ἐὰν
965 1416 1097 1491 θέλῃ
1119 1421 1147 1472 6
1175 1418 1480 1491 ἄνθρωπος,
1508 1419 1616 1474 ἀπὸ
1640 1419 1785 1490 πρωῒ

193 1506 297 1571 ἕως
322 1508 583 1577 ἑσπέρας,
610 1508 817 1576 γίνεται
850 1510 930 1571 εἰς
962 1510 1163 1581 μέτρον
1191 1509 1353 1565 θεῖον.

258 1600 323 1653 δ’.
372 1599 657 1672 Ἠρὼτησέ
707 1618 839 1655 ποτε
882 1603 910 1655 6
958 1602 1132 1666 esse;
1178 1592 1423 1672 Ἀγάθων
1472 1605 1565 1659 τὸν
1610 1605 1784 1660 ὰόὁᾶν

209 1692 485 1756 ’Δλὼνιον,
529 1692 734 1761 λέγων’
775 1692 898 1758 Πῶς
949 1693 1089 1748 Θέλω
1138 1699 1360 1767 κρατεῖν
1407 1697 1508 1768 τῆς
1535 1697 1785 1769 γλώσσης

196 1799 321 1852 μου,
352 1783 440 1836 ἶνα
476 1781 552 1853 μὴ
594 1781 727 1853 λαλῇ
755 1782 961 1853 ψευδής
1007 1785 1116 1838 Kal.
1161 1785 1309 1854 λέγει
1354 1785 1503 1857 αὐτῷ
1545 1789 1573 1840 ὁ
1614 1787 1785 1851 assa;
1818 1804 1860 1859 Β

209 1872 490 1936 ’Δλώνιος-
519 1872 646 1926 Ἐὰν
672 1874 746 1944 μὴ
777 1873 949 1947 ψεύδῃ
970 1874 1105 1944 (64),
1133 1876 1335 1940 πολλὰς
1362 1878 1638 1948 ἁμαρτίας
1670 1879 1791 1949 μέλ-

196 1963 304 2029 λεις
337 1967 534 2017 ποιεῖν.
577 1965 636 2018 '0
660 1964 718 2018 δὲ
745 1960 896 2018 εἷπε·
929 1964 1088 2031 Πῶς;
1123 1967 1234 2020 Kal.
1263 1967 1412 2035 λέγει
1452 1967 1600 2040 αὺτῷ
1632 1971 1661 2022 6
1694 1971 1789 2038 γέ-

200 2073 307 2131 ρων
328 2074 342 2088 '
383 2057 516 2110 Ἰδοὺ
544 2056 636 2110 δύο
657 2056 933 2128 ἄνθρωποι
959 2057 1051 2110 ἐπὶ
1078 2058 1171 2111 σοῦ
1202 2059 1361 2128 φόνον
1388 2060 1672 2131 ἐποίησαν,
1698 2061 1791 2115 καὶ

196 2151 226 2202 6
250 2143 332 2212 εἷς
376 2147 578 2217 ἔφυγεν
620 2150 702 2211 εἰς
749 2148 810 2202 τὸ
856 2148 1065 2203 κελλίον
1102 2167 1197 2203 σου
1220 2165 1232 2178 ·
1265 2151 1359 2205 καὶ
1403 2152 1512 2206 ἰδοὺ
1552 2154 1580 2205 6
1608 2151 1790 2223 ἄρχων

197 2236 350 2309 ζητεί
386 2239 572 2302 αὑτὸν,
610 2238 707 2292 καὶ
744 2239 925 2310 ἐρωτᾷ
973 2256 1032 2293 σε
1085 2240 1257 2309 λέγων
1277 2257 1292 2271 ’
1321 2242 1445 2296 Ἐπὶ
1492 2242 1586 2295 σοῦ
1633 2244 1791 2313 φόνος

197 2329 452 2398 γέγονεν;
486 2328 580 2383 ἐὰν
620 2329 695 2399 μὴ
731 2328 932 2402 ψεύσῃ,
968 2331 1279 2401 παραδιδεῖς
1307 2331 1354 2365 ⁸⁸
1374 2331 1468 2385 τὸν
1508 2332 1790 2405 ἄνθρωπον

197 2420 278 2484 εἰς
311 2419 560 2474 θάνατον.
611 2420 831 2474 Μᾶλλον
877 2421 1015 2491 ἄφες
1059 2423 1221 2477 αὑτὸν
1252 2423 1483 2478 ἐνώπιον
1513 2424 1608 2479 τοῦ
1653 2423 1789 2479 Θεοῦ

200 2512 367 2585 χωρὶς
398 2512 647 2584 δεσμῶν
678 2512 841 2577 αὐτος
870 2512 979 2585 γὰρ
1000 2509 1110 2568 οἶδε
1139 2513 1211 2568 τὰ
1238 2514 1437 2572 πάντα.

647 2716 788 2785 Περὶ
822 2711 927 2771 τοῦ
960 2714 1113 2771 ἁϐϐᾶ
1136 2715 1346 2786 Ἀπφύ.

265 2830 606 2900 Διηγήσαντο
650 2829 778 2901 περ).
826 2828 1124 2883 ἐπισκόπου
1166 2829 1264 2900 τῆς
1298 2827 1627 2899 Ὀξυρύγχου
1677 2826 1793 2881 ὀνόο

203 2940 332 2993 part
360 2923 509 2976 esse
542 2923 721 2991 Ἀπφύ
740 2939 756 2953 ·
788 2922 871 2975 ὅτι
897 2922 985 2977 ὅτε
1017 2917 1086 2993 ἦν
1116 2920 1366 2992 μοναχδς,
1401 2920 1598 2985 πολλὰς
1627 2918 1791 2992 σκλη-

206 3011 483 3080 ραγωγίας
520 3009 726 3062 ἐποίει·
756 3011 845 3063 ὅτε
883 3009 939 3062 δὲ
968 3010 1184 3078 ἐγένετο
1220 3011 1534 3074 ἐπίσκοπος,
1560 3010 1789 3081 ἠθέλησε

204 3101 510 3198 χρήσασθαι
537 3103 604 3171 τῇ
630 3101 768 3172 αὐτῇ
801 3101 1196 3198 σκληραγωγίᾳ
1232 3104 1326 3155 καὶ
1377 3104 1433 3156 ἐν
1465 3103 1542 3172 τῷ
1580 3103 1789 3198 κόσμῳζ
1820 3139 1863 3198 c

205 3188 294 3241 καὶ
327 3189 428 3242 οὐκ
459 3188 669 3259 ἴσχυσε.
706 3190 816 3243 Kal.
844 3189 1034 3262 ἔρριψε
1060 3191 1248 3243 ἑαυτὸν
1283 3191 1509 3245 ἐνώπιον
1539 3191 1630 3244 τοῦ
1659 3191 1793 3245 Θεοῦ

209 3278 414 3348 λέγων’
438 3279 531 3351 Μὴ
576 3286 681 3352 ἄρα
723 3279 812 3334 διὰ
856 3282 955 3352 τὴν
995 3281 1298 3353 ἐπισκοπὴν
1340 3282 1578 3354 ἀπῆλθεν
1611 3284 1644 3352 ή
1693 3281 1792 3353 χά-

215 3386 297 3441 ρις
324 3371 370 3403 ’⁸
398 3370 495 3424 ἀπ’
543 3370 713 3441 spei};
757 3371 868 3424 Καὶ
914 3372 1272 3442 ἀπεκαλύφθη
1323 3372 1489 3443 αὐτῷ,
1526 3373 1605 3426 ὅτι
1630 3373 1792 3443 Οὑχί’

211 3458 339 3512 ἀλλά
364 3459 487 3512 τότε
511 3459 716 3530 ἔρημος
738 3453 827 3529 ἦν,
858 3460 953 3512 καὶ
984 3459 1056 3530 μὴ
1092 3459 1244 3522 ὄντος
1274 3458 1581 3529 ἀνθρώπου,
1606 3460 1634 3510 6
1665 3459 1797 3522 Θεὸς

213 3551 669 3622 ἀντελαμϐάνετο·
705 3549 802 3605 νῦν
835 3552 892 3605 δὲ
931 3552 1135 3621 κόσμος
1171 3553 1309 3616 ἐστὶ,
1358 3551 1453 3604 κοιλ⁹
1498 3551 1547 3605 οἱ
1591 3548 1799 3622 ἄνθρω-

212 3659 299 3695 ποι
325 3643 814 3714 ἀντιλαμϐάνονταί
847 3658 961 3697 σου.

600 3756 741 3825 Περὶ
771 3755 879 3810 τοῦ
923 3754 1073 3809 ἀϐϐᾶ
1112 3733 1400 3809 Ἀπολλώ.

280 3879 348 3927 α’.
370 3868 480 3926 Ἦν
501 3889 586 3935 τις
610 3871 787 3943 γέρων
814 3873 894 3936 είς
920 3870 990 3923 τὰ
1013 3867 1215 3922 Κελλία
1238 3868 1460 3939 ὀνόματι
1495 3864 1794 3929 Ἀπολλώς·

213 3965 304 4019 καὶ
331 3965 379 4017 εί
410 3963 607 4034 ἤρχετο
650 3979 736 4025 τις
777 3962 942 4015 αἰτῶν
972 3960 1133 4015 αὐτὸν
1168 3962 1250 4023 είς
1278 3959 1584 4028 οἱονδήποτε
1616 3956 1796 4028 ἔργον,

213 4052 351 4122 μετὰ
386 4053 565 4122 χαρᾶς
600 4050 790 4122 ἀπῄει,
828 4049 1035 4118 λέγων’
1081 4047 1238 4103 Μετὰ
1279 4047 1371 4101 τοῦ
1412 4046 1650 4118 Χριστοῦ
1691 4046 1799 4116 ἔχω

214 4146 455 4216 σήμερον
480 4142 814 4214 ἐργάσασθαι
842 4141 982 4212 ὑπὲρ
1009 4140 1106 4211 τῆς
1130 4140 1309 4211 ψυχῆς
1342 4158 1440 4211 μου
1459 4157 1472 4170 ·
1509 4132 1663 4203 οὗτος
1690 4138 1798 4211 γάρ

211 4237 357 4290 ἐστιν
384 4237 414 4289 6
443 4234 634 4305 μισθὸς
664 4234 856 4304 αὐτῆς.

282 4327 350 4399 β’.
386 4326 611 4395 Ἔλεγον
658 4326 783 4397 περί
816 4342 961 4390 τινος
999 4325 1143 4378 ἀὸὅᾶ
1171 4322 1413 4379 ’Λπολλὼ
1461 4324 1543 4387 εἰς
1576 4323 1795 4395 Σκῆτιν,

213 4420 292 4472 δτι
330 4416 535 4488 ποιμὴν
567 4413 633 4488 ἦν
659 4418 910 4485 ἄγροικος
929 4433 942 4447 ·
980 4417 1072 4469 καὶ
1104 4416 1226 4469 ἰδὼν
1247 4418 1481 4485 γυναῖκα
1517 4416 1575 4468 ἐν
1601 4414 1797 4485 γαστρὶ

214 4510 444 4580 ἔχουσαν
476 4511 532 4562 ἐν
569 4508 647 4579 τῷ
689 4507 864 4580 ἀγρῷ,
908 4507 1224 4580 ἐνεργήοελς
1265 4507 1368 4561 ὑπὸ
1406 4506 1499 4560 τοῦ
1548 4505 1792 4560 διαϐόλου

2402 840 2481 896 De
2516 840 2703 896 abbate
2736 841 2945 894 Alonio.

1951 953 2006 1006 1.
2034 952 2149 1023 (65)
2173 952 2316 1007 Dixit
2342 953 2511 1009 abbas
2537 955 2761 1010 Alonius
2789 973 2803 1009 :
2834 954 2951 1011 Nisi
2987 957 3148 1010 homo
3177 955 3375 1011 dixerit
3407 957 3462 1011 in

1881 1042 2047 1098 corde
2092 1058 2194 1098 suo
2232 1061 2247 1096 :
2297 1042 2411 1112 Ego
2453 1044 2605 1099 solus
2642 1054 2695 1100 et
2731 1044 2874 1099 Deus
2907 1060 3098 1100 sumus
3141 1044 3198 1099 in
3238 1047 3463 1111 mundo,

1882 1135 2127 1206 requiem
2160 1151 2269 1190 non
2300 1136 2584 1191 obtinebit.

1950 1227 2007 1281 2.
2039 1226 2184 1281 Dixit
2235 1228 2475 1282 iterum:
2518 1226 2632 1283 Nisi
2676 1236 2851 1282 totum
2891 1228 3310 1296 destruxissem,
3358 1245 3468 1287 non

1883 1316 2182 1387 potuissem
2213 1317 2480 1385 meipsum
2518 1316 2789 1372 aediﬁcare
2816 1326 2980 1388 atque
3009 1326 3348 1373 construere.

1955 1409 2008 1462 3.
2045 1407 2156 1480 (66)
2184 1406 2381 1463 lterum
2413 1427 2426 1462 :
2457 1407 2629 1464 Homo
2657 1409 2701 1464 si
2732 1409 2983 1477 voluerit,
3019 1426 3049 1464 a
3080 1425 3240 1466 mane
3266 1410 3332 1465 ad
3377 1426 3471 1466 ve-

1886 1514 2122 1569 speram,
2157 1500 2225 1554 ad
2253 1515 2561 1556 mensuram
2592 1501 2830 1555 divinam
2862 1500 3162 1571 perveniet.

1955 1593 2010 1647 4.
2033 1591 2142 1663 (67)
2167 1590 2523 1663 Interrogavit
2553 1593 2844 1663 aliquando
2871 1594 3040 1648 abbas
3064 1594 3276 1664 Agatho
3314 1595 3471 1651 abba-

1884 1690 1993 1736 tem
2022 1682 2298 1746 Alonium,
2332 1682 2523 1737 dicens
2550 1701 2562 1736 :
2596 1680 2716 1747 Quo
2747 1683 2909 1739 modo
2939 1692 3128 1753 potero
3162 1693 3344 1741 tenere
3367 1686 3472 1739 lin-

1888 1786 2048 1842 guam
2077 1788 2272 1839 meam,
2300 1781 2355 1827 ut
2381 1790 2489 1829 non
2519 1775 2773 1845 loquatur
2802 1774 3124 1829 mendacia?
3164 1775 3230 1829 Et
3272 1777 3348 1830 ait
3392 1778 3467 1831 illi

1892 1861 2062 1916 abbas
2090 1861 2317 1917 Alonius
2346 1880 2359 1916 :
2396 1862 2508 1919 Nisi
2542 1865 2800 1920 mentitus
2826 1865 3018 1929 fueris,
3047 1866 3218 1919 multa
3244 1878 3468 1936 peccata

1889 1954 2290 2010 commissurus
2316 1971 2397 2011 es.
2428 1955 2555 2012 Ille:
2578 1956 2697 2023 Quo
2719 1958 2918 2028 pacto?
2941 1955 3242 2028 Respondit
3262 1974 3427 2015 senex
3453 1979 3466 2014 :

1886 2043 2030 2101 Ecce
2058 2045 2166 2100 duo
2198 2047 2299 2101 viri
2339 2062 2521 2102 coram
2569 2060 2624 2104 te
2671 2049 3021 2105 homicidium
3067 2057 3468 2121 perpetrarunt,

1888 2138 2134 2207 alterque
2157 2153 2346 2193 eorum
2378 2138 2591 2211 aufugit
2632 2138 2688 2195 in
2728 2142 2918 2196 cellam
2950 2149 3098 2196 tuam
3125 2158 3140 2207 ;
3170 2142 3324 2198 adest
3354 2158 3474 2197 ma-

1887 2230 2173 2299 gistratus,
2206 2232 2402 2301 quterit
2434 2248 2579 2297 eum,
2603 2248 2666 2288 ac
2699 2239 2754 2289 te
2782 2233 3078 2304 interrogat
3124 2234 3213 2290 bis
3251 2235 3467 2291 verbis:

1887 2318 2027 2375 Num
2059 2321 2115 2375 in
2145 2331 2440 2393 conspectu
2473 2332 2569 2379 tuo
2596 2325 2773 2382 credes
2802 2327 3068 2397 contigit?
3097 2326 3210 2383 Nisi
3239 2327 3473 2382 mentia-

1888 2414 1989 2477 ris,
2014 2414 2289 2470 hominem
2322 2416 2494 2472 tradis
2535 2416 2603 2470 ad
2640 2426 2891 2473 mortem.
2939 2417 3169 2474 Praestat
3213 2426 3273 2473 ut
3317 2419 3470 2473 illum

1889 2505 2133 2562 dimittas
2167 2522 2352 2562 coram
2386 2507 2518 2569 Deo.
2549 2509 2756 2580 absque
2785 2511 3039 2567 vinculis.
3086 2510 3299 2566 Cuncta
3325 2512 3470 2567 enim

1890 2593 2035 2651 Deus
2062 2598 2234 2651 novit.

2415 2710 2488 2764 De
2525 2709 2714 2764 abbate
2747 2712 2955 2782 App/ty.

1960 2819 2075 2891 (68)
2103 2819 2477 2876 Narraverunt
2506 2821 2573 2876 de
2606 2822 2863 2891 episc0po
2895 2822 3227 2894 Oxyrynchi,
3251 2824 3343 2894 qui
3374 2841 3472 2880 vo.

1888 2912 2117 2967 cabatur
2141 2912 2312 2969 abbas
2337 2912 2550 2984 Apphy,
2583 2912 2727 2983 quod
2754 2914 2973 2983 quando
3006 2923 3123 2969 erat
3148 2915 3472 2982 monachus,

1890 3004 2096 3058 duriori
2152 3006 2265 3058 vita
2314 3004 2605 3074 plurimum
2659 3006 2971 3061 macerabat
3024 3021 3117 3073 se;
3170 3022 3295 3062 cum
3345 3024 3475 3062 vero

1894 3095 2183 3165 episcopus
2219 3095 2396 3150 factus
2433 3105 2536 3158 est,
2562 3096 2731 3151 voluit
2763 3097 2925 3152 etiam
2976 3098 3030 3152 in
3072 3100 3293 3162 saeculo,
3330 3099 3471 3154 idem

1897 3185 2113 3240 vivendi
2145 3201 2315 3254 genus
2355 3186 2574 3250 sectari,
2608 3202 2708 3241 nec
2734 3187 2919 3243 valuit.
2956 3186 3142 3258 Itaque
3184 3192 3478 3258 prostravit

1897 3289 1956 3329 se
1984 3289 2166 3328 coram
2204 3272 2335 3336 Deo,
2366 3274 2594 3330 dicens:
2621 3273 2759 3329 Num
2795 3276 2865 3331 ob
2896 3277 3268 3346 episcopatum
3300 3278 3477 3349 gratia

1896 3366 2124 3421 recessit
2146 3381 2177 3419 a
2204 3366 2319 3419 me?
2340 3363 2404 3418 Et
2442 3364 2496 3419 in
2525 3365 2854 3420 revelatione
2876 3365 3082 3420 dictum
3111 3376 3196 3423 est
3230 3367 3280 3422 ei
3311 3384 3327 3422 :
3357 3365 3475 3420 Non

1896 3457 2162 3522 recessit;
2214 3455 2306 3511 sed
2348 3462 2478 3511 tunc
2517 3456 2754 3512 solitudo
2797 3465 2934 3521 erat,
2986 3471 3221 3527 mmque
3260 3455 3479 3514 deesset

1897 3546 2083 3611 homo,
2117 3545 2256 3601 Deus
2284 3546 2491 3601 ferebat
2520 3561 2711 3616 opem;
2750 3560 2897 3601 nunc
2925 3562 3055 3608 vero
3097 3547 3335 3603 mundus
3382 3548 3478 3604 ad-

1897 3645 2001 3702 est,
2033 3643 2083 3691 et
2114 3636 2360 3691 homines
2387 3635 2723 3706 upitulantur
2748 3633 2866 3688 tibi.

2413 3746 2493 3801 De
2526 3745 2715 3800 abbate
2751 3744 2961 3814 Apollo.

1970 3862 2021 3916 1.
2057 3860 2168 3933 (69)
2199 3858 2333 3913 Erat
2355 3873 2520 3914 senex
2548 3856 2602 3911 in
2629 3856 2814 3920 Collis,
2845 3855 3064 3911 nomine
3096 3855 3321 3926 Apollo;
3352 3862 3405 3911 et
3429 3856 3479 3910 si

1897 3953 2023 4022 quis
2054 3952 2281 4014 veniret,
2304 3964 2368 4003 ac
2395 3954 2600 4018 peteret
2617 3961 2741 4002 eum
2770 3946 2837 4000 ad
2866 3946 3148 4015 quodlibet
3172 3961 3331 4014 opus,
3352 3961 3475 4000 eum

1898 4044 2082 4099 laetitia
2120 4039 2592 4112 proﬁciscebatur,
2619 4036 2849 4091 dicens:
2883 4035 3020 4089 Cum
3066 4034 3286 4088 Christo
3317 4034 3482 4090 hodie

1897 4144 2153 4204 operatus
2180 4147 2299 4189 sum
2325 4145 2425 4202 pro
2456 4129 2634 4185 anima
2668 4142 2806 4182 mea.
2839 4125 2964 4180 Haec
2996 4127 3140 4180 enim
3168 4132 3252 4181 est
3284 4127 3484 4182 anima:

1898 4237 2313 4365 meﬁTgeebant
2347 4306 2416 4361 de
2461 4302 2694 4375 quodam
2738 4302 2935 4359 abbate
2978 4303 3170 4373 Apollo
3212 4302 3269 4358 in
3309 4303 3476 4364 Sceti.

1899 4404 2045 4474 quod
2080 4403 2179 4457 fuit
2210 4408 2395 4472 pastor
2431 4398 2663 4469 agrestis
2689 4412 2750 4452 ac
2779 4396 3036 4462 ferus;et
3063 4398 3176 4453 visa
3209 4398 3326 4451 ruri
3357 4413 3477 4451 mu~

1900 4498 2032 4553 liere
2076 4492 2318 4566 gravida,
2348 4509 2376 4549 a
2432 4491 2649 4546 diabolo
2705 4490 2979 4546 excitatus
3021 4488 3302 4545 :Cernere
3333 4491 3477 4552 volo,

215 4598 367 4655 εἴπεο
396 4600 548 4654 Θέλω
584 4598 708 4652 ἰδεῖν
746 4599 863 4662 πῶς
899 4598 960 4652 τὸ
999 4599 1200 4671 βρέφος
1228 4600 1402 4651 κεῖται
1435 4598 1492 4648 ἐν
1516 4599 1579 4667 τῇ
1616 4594 1791 4664 κοιλίᾳ

1903 4589 2095 4659 inquit,
2127 4602 2236 4657 quo
2270 4584 2431 4639 modo
2462 4581 2642 4636 infans
2675 4582 2817 4636 situs
2846 4582 2917 4636 sit
2953 4581 3009 4637 in
3040 4590 3229 4637 ventre
3253 4582 3481 4648 matris;

214 4693 413 4764 αὐτῆς
454 4692 550 4746 καὶ
593 4690 907 4764 ἀναρρήξας
952 4690 1139 4760 αὐτὴν,
1179 4685 1285 4742 εἶδε
1329 4689 1387 4741 τὸ
1427 4687 1642 4759 βρέφος.
1683 4687 1791 4739 Καὶ

1903 4697 2069 4752 eaque
2093 4680 2339 4746 disrupta
2374 4674 2507 4730 vidit
2535 4674 2817 4730 infantem.
2846 4676 2996 4730 Illico
3036 4686 3214 4730 autem
3247 4674 3484 4745 pulsavit

214 4784 416 4848 εὐθέως
460 4782 728 4849 ἐπάταξεν
765 4781 925 4835 αὑτὸν
957 4784 992 4853 ἡ
1023 4780 1218 4853 καρδία
1252 4778 1414 4834 αὑτοῦ
1436 4795 1450 4810 ·
1490 4778 1584 4831 καὶ
1627 4795 1791 4831 κατα-

1903 4789 2023 4830 eum
2047 4786 2175 4836 cor;
2222 4777 2276 4823 et
2318 4767 2740 4837 compunctione
2796 4765 3015 4828 ductus,
3065 4764 3211 4818 venit
3256 4764 3481 4825 Scetim,

214 4875 419 4943 νυγεὶς,
445 4870 609 4946 ἦλθεν
641 4877 719 4938 εἰς
755 4874 974 4945 Σκῆτιν,
1000 4875 1092 4926 καὶ
1123 4872 1408 4944 ἀνήγγειλε
1444 4874 1556 4934 τοῖς
1587 4870 1791 4943 Πατρά-

1904 4863 2280 4931 nuntiavitque
2322 4858 2575 4912 Patribus
2618 4857 2747 4927 quid
2794 4855 3033 4911 fecisset.
3068 4853 3289 4909 Audivit
3319 4870 3484 4925 porro

198 4985 301 5051 μιν
352 4968 383 5020 δ
434 4966 709 5039 ἐποίησεν.
742 4968 979 5019 Ἤκουσε
1025 4966 1081 5020 δὲ
1132 4965 1310 5019 αὐτῶν
1349 4962 1688 5034 ψαλλόντων⁹
1729 4964 1791 5015 Al

1905 4972 1999 5013 eos
2043 4954 2382 5024 psallentes:
2426 4949 2546 5003 Dies
2599 4964 2859 5003 annorum
2910 4955 3211 5003 nostrorum
3254 4947 3308 4999 in
3354 4946 3485 5015 ipsis

216 5038 427 5128 ἦμέρω
480 5038 602 5111 τῶν⁹
648 5057 797 5111 ἐτῶν
824 5056 995 5127 ἡμῶν
1042 5059 1112 5112 ὲν
1159 5057 1357 5122 αὐτοῖς
1398 5052 1791 5124 ἐϐδομήκοντα

1909 5045 2237 5117 septuaginta
2277 5042 2437 5107 anni;
2479 5040 2525 5094 si
2578 5048 2752 5092 autent
2801 5039 2855 5092 in
2905 5038 3258 5106 potentatibus
3292 5076 3306 5098 ,
3341 5047 3484 5092 octo-

218 5153 352 5218 ἔειπ’
389 5152 501 5206 ἐὰν
530 5150 602 5204 δὲ
630 5152 699 5204 ἐν
742 5150 1146 5216 δυναστείαις,
1180 5147 1548 5219 ὀγδοήκοντα
1567 5160 1580 5175 ·
1611 5142 1708 5199 καὶ
1738 5143 1791 5197 τέ

1910 5142 2056 5212 ginta
2081 5152 2099 5190 :
2128 5146 2177 5191 et
2205 5134 2431 5203 amplius
2460 5149 2662 5197 eorum,
2697 5130 2847 5185 labor
2875 5139 2925 5186 et
2966 5128 3116 5185 dolor
3138 5128 3201 5185 ".
3231 5128 3485 5203 Dixitque

288 5307 336 5339 ”
355 5306 444 5361 Al.
488 5305 745 5369 Ἀλωνᾶς.
821 5305 868 5338 ⁸⁸
905 5306 988 5359 Al.
1024 5302 1349 5376 παραδίδως.
1425 5302 1471 5336 ⁵³
1500 5298 1586 5353 Al.
1611 5297 1781 5354 inser.

1903 5314 1930 5349 ›.
2006 5295 2054 5326 ⁸⁸
2086 5292 2233 5347 Psal.
2267 5304 2490 5354 Lxxnx,
2520 5287 2605 5343 10.

1983 5434 2095 5503 (65)
2131 5430 2236 5503 Vit.
2263 5430 2417 5503 I_’atr.
2454 5444 2532 5495 χι,
2564 5429 2616 5503 5.

1984 5500 2095 5575 (66)
2134 5502 2238 5575 _Vit.
2270 5501 2527 5575 θοίνη-Ἠ,
2563 5500 2615 5553 6.

1988 5568 2099 5644 (67)
2132 5572 2356 5644 Dormit.
2400 5569 2602 5644 Βοιειν.Δ

1991 5639 2101 5712 (68)
2146 5640 2248 5712 Kit.
2279 5639 2433 5712 Patr.
2461 5655 2549 5703 xv,
2588 5639 2673 5692 15.

1991 5710 2102 5785 (69)
2145 5710 2249 5766 Vit.
2284 5710 2436 5763 Patr.
2466 5724 2600 5774 xm,
2622 5714 2681 5767 5.

292 5439 406 5516 (64)
449 5445 593 5516 Ἐὰν
608 5443 694 5514 μὴ
726 5444 947 5515 ψεύδῃ,
970 5451 1076 5500 etc.
1106 5442 1457 5516 Colbertinus
1478 5438 1806 5516 liberlonge

224 5508 397 5587 aliam"
419 5508 642 5587 exhibet
681 5508 1153 5587 responsionemt
1181 5515 1283 5568 hoc
1310 5524 1469 5587 pacto
1501 5530 1514 5566 :
1564 5511 1750 5587 Ἔστω
1778 5508 1806 5587 6

222 5583 355 5657 νοῦς
400 5601 497 5657 σον
541 5580 803 5657 Δττιῖινριῖοαιῐεξ
825 5583 1248 5657 προσηλωμένος
1280 5580 1674 5657 εἰς-τὸνφόὸον
1711 5580 1806 5657 τοᾷ

223 5652 379 5724 Θεοῦ,
405 5654 503 5707 καὶ
529 5648 894 5718 ἀδιαλείπτως
926 5648 1235 5724 μνὴμδνευε
1255 5653 1349 5706 τοῦ
1370 5648 1808 5724 θανένὲσψκαέοὺ

226 5725 299 5797 μὴ
316 5723 584 5797 ψεύσεσαί
602 5742 748 5778 ποτε.
767 5724 850 5779 Sit
868 5718 1009 5797 mens
1025 5718 1329 5790 t‘uasemper
1346 5724 1468 5797 timo
1477 5724 1522 5776 ri
1544 5721 1636 5774 Dei
1653 5718 1812 5788 aﬂixa

227 5793 513 5849 .t'assiduc
540 5804 796 5849 memento
834 5794 1039 5849 mortis.
1080 5809 1170 5847 nec
1204 5793 1464 5848 mentieris
1495 5805 1750 5861 unquam.
