3974 6332
470 319 575 376 r55

1605 306 1950 366 APPENDIX
1989 304 2079 360 AD
2114 302 2539 360 PALLADIUM.

3613 291 3732 351 I36

376 490 387 513 κ
463 431 611 489 Illis:
634 427 803 485 Natus
825 441 945 484 sum
970 440 1149 482 annos
1170 425 1550 497 quadraginta,
1571 440 1748 495 neque
1775 423 1858 478 vel
1885 436 2046 513 unam

2178 420 2363 473 πλεῖον
2389 416 2588 476 αὐτῶν
2612 417 2798 482 κόπος
2830 410 2925 469 καὶ
2964 413 3170 480 πόνος.
3194 411 3306 465 Kal
3337 405 3489 464 εἶπεν
3515 409 3735 471 αὐτοῖς.

464 534 677 590 precem
706 517 773 572 ad
802 516 968 572 Deum
1004 516 1151 583 fudi;
1189 531 1337 571 nunc
1367 530 1497 570 vero
1543 514 1589 570 si
1634 514 1773 569 alios
1817 510 2054 585 quadra-

464 615 613 685 ginta
650 624 826 664 annos
865 608 1077 671 vixero,
1122 621 1233 661 non
1286 606 1515 661 cessabo
1559 619 1719 659 orare
1766 603 1958 666 Deum,
1997 607 2056 656 ut

465 699 598 754 mihi
659 699 932 753 condonet
978 696 1177 752 delicta
1222 710 1361 750 mea.
1402 692 1521 749 Non
1568 694 1712 748 enim
1762 707 1900 764 opus
1941 706 2056 746 ma-

468 808 640 847 nuum
690 791 959 858 faciebat,
1008 789 1103 845 sed
1143 788 1337 843 orabat
1378 802 1613 857 semper,
1653 786 1801 841 hunc
1844 786 1899 839 in
1934 800 2054 839 mo-

465 884 596 940 dum
635 904 650 941 :
692 882 920 938 Peccavi
964 890 1023 935 ut
1072 881 1270 945 homo,
1321 888 1381 934 ut
1428 880 1568 934 Deus
1606 886 1727 934 esto
1765 876 2052 947 propitius.

466 977 643 1045 Atque
675 989 797 1029 eam
844 972 1154 1027 orationem
1204 976 1373 1025 noctu
1416 970 1614 1039 dieque
1665 965 2054 1020 meditabatur.

465 1069 735 1124 Caeterum
770 1062 939 1118 frater
969 1061 1227 1117 manebat
1252 1075 1389 1119 cum
1427 1074 1527 1125 eo;
1574 1057 1892 1126 audivitque
1940 1055 2057 1108 haec

467 1156 617 1215 illius
664 1155 824 1211 verba
861 1173 876 1209 :
913 1149 1173 1208 Molestus
1228 1152 1325 1207 tibi
1385 1150 1496 1215 fui,
1544 1148 1791 1212 Domine,
1845 1146 2060 1201 dimitte

469 1245 624 1308 mihi,
649 1252 709 1300 ut
740 1260 932 1315 parum
975 1244 1177 1314 quietis
1223 1243 1456 1313 capiam.
1506 1240 1571 1294 Et
1603 1241 1816 1310 plenam
1849 1237 2059 1307 accepit

470 1339 843 1401 securitatem,
885 1336 1030 1406 quod
1072 1337 1123 1390 ei
1163 1334 1461 1404 ignovisset
1506 1331 1651 1387 Deus
1688 1338 1883 1385 cuncta
1935 1345 2060 1399 pec-

470 1440 612 1495 cata,
651 1431 814 1484 etiam
850 1429 982 1484 illud
1014 1429 1295 1494 mulieris;
1339 1434 1394 1480 at
1427 1426 1495 1480 de
1539 1440 1708 1495 puero
1750 1425 1950 1481 certior
1978 1422 2061 1477 fa-

474 1529 599 1578 ctus
634 1537 742 1576 non
773 1529 877 1576 est.
923 1520 1065 1575 Dixit
1094 1529 1273 1574 tamen
1303 1518 1352 1574 ei
1385 1533 1577 1573 senum
1608 1517 1806 1586 aliquis
1837 1535 1851 1571 :
1881 1514 2057 1569 Etiam

473 1613 655 1669 scelus
674 1614 727 1665 in
754 1612 980 1681 puerulo
1006 1616 1371 1681 perpetratum
1401 1606 1721 1663 condonavit
1755 1605 1851 1660 tibi
1881 1605 2056 1671 Deus;

472 1705 567 1760 sed
599 1713 650 1759 te
694 1703 746 1758 in
797 1702 984 1758 dolore
1015 1715 1080 1757 ac
1109 1701 1294 1756 labore
1328 1699 1607 1768 relinquit,
1640 1698 1767 1768 quia
1804 1695 2058 1753 conducit

482 1794 676 1849 animae
705 1802 830 1847 tuae.

541 1887 595 1942 5.
631 1886 776 1940 Idem
809 1883 946 1939 dixit
971 1882 1040 1938 de
1072 1882 1422 1952 susceptione
1467 1881 1694 1935 fratrum
1720 1897 1735 1934 :
1765 1878 2059 1935 Venientes

475 1977 672 2031 fratres
712 1975 942 2031 adorare
977 1981 1215 2045 Oportet.
1266 1972 1401 2027 Nam
1451 1988 1560 2027 non
1608 1986 1724 2033 eos.
1759 1971 1854 2027 sed
1888 1969 2060 2026 Deum

479 2066 791 2123 adoramus.
818 2065 1010 2121 Vidisti
1034 2066 1200 2131 enim,
1230 2065 1427 2135 inquit,
1456 2063 1680 2118 fratrem
1710 2069 1887 2126 tuum,
1916 2063 2060 2117 vidi-

476 2159 546 2215 sti
578 2158 867 2212 Dominum
902 2158 1070 2214 Deunt
1116 2166 1293 2212 tuum.
1337 2155 1403 2210 Et
1433 2157 1556 2222 hoc,
1592 2154 1820 2218 addidit,
1851 2154 2063 2224 accepi-

475 2262 601 2302 mus
624 2246 692 2300 ab
720 2246 1029 2301 Abrahamo
1052 2246 1119 2309 ’⁷,
1142 2246 1392 2314 Cumque
1420 2243 1796 2315 susceperitis,
1827 2243 1894 2297 ad
1919 2242 2065 2312 quie-

476 2346 586 2393 tem
619 2336 937 2407 capiendam
977 2336 1173 2407 cogite.
1210 2335 1266 2390 ld
1297 2351 1533 2408 namque
1562 2350 1663 2392 nos
1712 2333 1898 2390 docuit
1939 2332 2061 2396 Lot.

477 2429 698 2503 quando
725 2429 936 2501 angelis
970 2428 1079 2485 vim
1114 2428 1300 2484 intulit
1322 2427 1391 2484 ".

989 2627 1068 2683 De
1104 2628 1291 2683 abbate
1320 2626 1553 2683 Andrea.

551 2737 702 2795 Dixit
749 2740 919 2796 abbas
952 2740 1247 2796 Andreas:
1280 2738 1409 2795 Tria
1454 2740 1568 2795 haec
1620 2737 1938 2795 ntonachum
1972 2738 2070 2796 dc-

480 2840 608 2887 cent
633 2849 646 2886 :
675 2846 927 2889 secessus
960 2849 991 2888 a
1017 2832 1216 2904 patria,
1242 2841 1557 2906 paupertas,
1587 2839 1642 2889 et
1680 2832 1732 2888 in
1784 2834 2070 2889 tolerantia

485 2920 785 2978 silentium.

1038 3033 1119 3089 De
1160 3034 1347 3089 abbate
1386 3035 1507 3088 Aio.

557 3145 883 3202 Referebant
930 3147 998 3203 de
1043 3148 1281 3218 quodam
1330 3163 1459 3204 sene
1500 3145 1828 3211 Thebaidis,
1875 3146 2071 3202 abbate
2098 3133 2142 3157 “

487 3237 743 3301 Amiano,
768 3235 912 3304 quod
942 3235 1069 3290 dum
1105 3244 1252 3292 esset
1297 3235 1515 3306 juvenis
1549 3236 1717 3289 multa
1752 3235 1904 3290 bona:
1939 3252 2071 3290 con-

484 3327 810 3383 versationis
842 3342 1007 3397 opera
1038 3326 1260 3394 fecerat,
1304 3327 1357 3384 in
1402 3334 1681 3382 senectute
1712 3342 1860 3391 vero,
1887 3327 2072 3382 incur-

485 3425 634 3474 rerat
664 3418 719 3472 in
754 3418 1002 3472 morbum
1038 3424 1093 3472 et
1122 3418 1457 3485 caecitatem;
1489 3416 1688 3473 fratres
1720 3425 1897 3473 autem
1929 3419 2073 3488 quod

485 3516 794 3582 aegrotaret,
826 3525 1078 3581 magnam
1113 3509 1182 3564 de
1218 3524 1283 3563 eo
1326 3524 1514 3563 curam
1548 3510 1828 3579 gerebant,
1864 3510 2076 3563 cibumo

487 3619 594 3673 que
631 3603 684 3656 in
709 3617 772 3658 os
797 3602 917 3670 ejus
943 3600 1328 3655 immittebant.
1359 3602 1477 3665 Qua
1513 3599 1580 3654 de
1607 3615 1667 3652 re
1706 3600 2074 3669 interrogave-

488 3704 619 3750 runt
655 3695 904 3749 abbatem
937 3692 1058 3760 Aio,
1090 3691 1351 3762 quidnam
1383 3692 1626 3746 eveniret
1650 3706 1715 3745 ex
1761 3691 1863 3745 hac
1906 3692 2075 3749 multa

491 3783 883 3843 sollicitudine.
935 3784 1015 3839 Ac
1058 3782 1344 3853 respondit
1381 3798 1395 3834 :
1449 3780 1582 3836 Dico
1618 3781 1776 3837 vobis
1818 3800 1831 3836 :
1874 3781 1933 3837 Si
1979 3797 2077 3838 cor

492 3878 615 3949 ejus
660 3874 1056 3933 desideraverit
1093 3882 1149 3930 et
1189 3871 1638 3930 condescenderit
1664 3873 1913 3939 libenter,
1951 3888 2076 3928 cum

495 3969 797 4026 comederit
835 3981 997 4021 uuam
1040 3965 1355 4038 palmulam,
1399 3963 1544 4019 Deus
1586 3962 1729 4018 tollit
1753 3978 1875 4018 eam
1915 3978 1947 4019 e
1984 3964 2079 4018 la-

491 4062 625 4117 bore
657 4060 814 4128 ejus;
854 4058 1001 4129 quod
1050 4058 1098 4114 si
1142 4073 1253 4113 non
1300 4055 1661 4127 acquieverit,
1696 4055 1793 4111 sed
1827 4070 2078 4126 sumpse-

496 4151 568 4204 rit
593 4149 819 4212 invitus,
844 4151 1055 4205 salvum
1084 4150 1325 4206 laborem
1361 4149 1438 4204 illi
1478 4149 1718 4207 servabit
1760 4150 1922 4215 Deus,
1950 4149 2080 4220 quia

496 4237 687 4292 nolens
742 4236 956 4309 cogitur
1004 4256 1020 4294 :

498 4323 762 4399 quentur.

1075 4237 1272 4294 fratres
1326 4253 1457 4297 vero
1515 4237 1820 4296 mercedem
1873 4255 2082 4298 conse-

888 4448 894 4463 '
940 4435 1017 4491 De
1045 4436 1229 4489 abbate
1257 4435 1636 4492 Ammonatba.

569 4549 803 4605 Advenit
835 4547 1126 4618 aliquando
1155 4545 1434 4603 Pelusium
1477 4562 1703 4618 praeses,
1741 4550 2016 4620 voluitque
2052 4570 2081 4607 a

502 4640 787 4697 monachis
820 4640 1038 4709 exigere
1066 4638 1352 4708 capitalem
1383 4641 1721 4709 pensionem,
1759 4640 1900 4696 sicut
1927 4657 1957 4696 a
1988 4659 2088 4698 sa:-

502 4732 801 4788 cularibus.
835 4731 1023 4802 Itaque
1051 4731 1233 4786 cuncti
1275 4728 1474 4787 fratres
1499 4731 1643 4802 apud
1676 4733 1926 4788 abbatem
1954 4735 2086 4788 Am—

501 4822 813 4879 monatham
849 4838 966 4877 eam
1005 4822 1077 4877 ob
1124 4837 1240 4878 rem
1281 4835 1689 4891 convenerunt;
1728 4826 2086 4881 decreverunt

503 4924 683 4971 autem
734 4923 793 4968 ut
845 4913 1063 4983 quidam
1114 4912 1339 4968 Patrum
1402 4914 1616 4970 adirent
1678 4916 2080 4987 imperatorem.

503 5007 640 5063 Dicit
671 5007 750 5063 eis
782 5006 950 5060 abbas
987 5005 1381 5059 Ammonathas
1420 5021 1434 5057 :
1474 5005 1592 5062 Non
1631 5024 1770 5079 Opus
1812 5018 1898 5063 est
1940 5007 2088 5076 ejus-

504 5101 651 5155 modi
685 5099 1030 5169 ratigatione;
1068 5095 1165 5151 sed
1196 5100 1377 5165 potius
1411 5098 1577 5168 quieti
1611 5106 1823 5153 manete
1853 5098 1906 5151 in
1933 5098 2087 5153 cellis

505 5189 722 5253 vestris,
755 5205 817 5243 ac
842 5188 1086 5257 jejunate
1114 5189 1249 5243 duas
1274 5188 1664 5250 hebdomadas,
1691 5205 1792 5259 ego
1815 5190 1967 5245 solus
1994 5205 2091 5258 per

505 5278 712 5334 Christi
745 5281 974 5348 gratiam
1004 5279 1280 5349 perficiam
1319 5281 1615 5350 negotium.
1657 5278 1881 5335 Reversi
1923 5279 2092 5349 igitur

505 5377 636 5426 sunt
687 5369 884 5425 fratres
928 5370 984 5425 in
1021 5370 1187 5427 cellas
1216 5386 1346 5427 suas
1389 5390 1403 5427 :
1442 5386 1607 5426 senex
1635 5372 1837 5440 pariter
1869 5371 1922 5424 in
1953 5372 2089 5426 cella

576 5525 623 5560 "
645 5522 782 5579 Gen.
808 5525 1035 5591 xvut,2.
1114 5526 1162 5559 ⁸⁸
1182 5526 1318 5584 Gen.
1360 5543 1474 5593 xu,
1506 5529 1562 5583 5.

576 5644 599 5705 ί
604 5638 692 5709 70)
724 5641 1018 5714 ξἨμαρςον
1040 5642 1122 5708 ὡς
1147 5641 1480 5714 ἄνθρωπος.
1503 5648 1583 5712 ὡς
1611 5646 1757 5713 Θεὸς
1786 5649 2085 5713 Ιλὰσθητι.

517 5714 573 5769 lu
598 5710 847 5768 oratione
870 5710 1330 5782 ‘Cltrysostomi'ca
1368 5724 1410 5771 t.
1437 5710 1513 5771 ’γι
1549 5710 1809 5788 Ξονὶί.’ρ.
1856 5710 2015 5784 ίθθτ,
2043 5716 2081 5771 l.

2153 514 2285 584 Εἰμὶ
2320 513 2727 584 τεσσαράκοντα
2771 509 2924 572 ἑτῶν,
2974 506 3102 578 μίαν
3142 503 3305 575 εὐχὴν
3344 501 3420 575 μὴ
3470 502 3716 572 ποιήσας

2155 605 2246 657 κά).
2279 604 2374 658 νῦν
2397 606 2493 658 ἐὰν
2523 602 2672 675 ζήσω
2699 600 2832 656 ἄλλα
2860 599 3264 669 τεσσαράκοντα
3295 594 3389 665 ἔτη
3413 636 3428 660 ,
3462 595 3523 646 οὐ
3564 597 3719 647 natio

2159 713 2255 766 μαι
2282 696 2570 767 εὐχόμενος
2593 693 2670 765 τῷ
2694 692 2833 764 Θεῷ,
2857 691 2944 744 ἵνα
2974 689 3301 760 συγχωρήσῃ
3327 703 3416 757 μοι
3433 685 3532 748 τὰς
3554 686 3734 755 ἀμαρ-

2154 788 2277 851 τίας
2302 805 2422 858 μου.
2456 786 2593 842 Οὐδὲ
2616 786 2724 858 γὰρ
2748 785 3061 857 ὲργόχειρον
3090 779 3292 842 ἐποίει,
3335 776 3471 830 ἀλλὰ
3506 775 3752 829 πάντοτε

2155 878 2389 951 ηὔχετο,
2434 879 2642 947 λέγων·
2674 878 2960 950 Ἥμαρτον
3007 874 3084 937 ὡς
3123 871 3441 943 ἄνθρωπος,
3481 868 3557 933 ὡς
3608 866 3751 930 Θεὸς

2160 971 2407 1042 ἱλάσθητι
2441 971 2573 1041 (70).
2625 969 2736 1024 Kal
2773 970 2995 1039 γέγονεν
3036 964 3186 1035 αὐτῷ
3221 965 3256 1034 ἡ
3293 960 3427 1033 εὐχὴ
3466 959 3629 1031 αὕτη,
3661 961 3755 1022 εἰς

2161 1063 2391 1135 μελέτην
2425 1063 2617 1126 νυκτὸς
2660 1064 2753 1116 καὶ
2795 1062 3029 1132 ἡμέρας.
3055 1053 3165 1111 Ἦν
3202 1056 3258 1108 δὲ
3298 1053 3522 1123 ἀδελφὸς
3566 1052 3758 1121 μένων

2161 1153 2279 1225 μετ’
2324 1153 2510 1218 αὑτοῦ,
2554 1154 2647 1206 καὶ
2683 1154 2914 1224 ἦκουσεν
2961 1146 3126 1204 αὑτοῦ
3178 1147 3461 1215 λέγοντος·
3500 1142 3761 1228 ’Ὤχλησὰ

2160 1255 2263 1303 σοι,
2297 1239 2490 1310 Κύριε,
2527 1240 2663 1307 ἄφες
2699 1256 2808 1310 μοι,
2837 1238 2926 1291 ἵνα
2959 1235 3362 1306 ἁναπαύσωμαι
3396 1232 3608 1305 μικρόν.
3635 1231 3761 1286 Kal

2156 1327 2372 1396 ἐγένετο
2399 1328 2545 1399 αὐτῷ
2578 1327 2939 1400 πληροφορία,
2978 1327 3059 1380 ὅτι
3110 1324 3484 1396 συνεχώρησεν
3531 1322 3682 1394 αὑτῷ
3721 1321 3759 1375 ὁ

2158 1418 2290 1482 Θεὸς
2321 1419 2502 1482 πάσας
2538 1420 2635 1484 τὰς
2670 1419 2944 1490 ἁμαρτίας
2973 1416 3156 1483 αὑτοῦ,
3182 1417 3278 1471 καὶ
3322 1416 3383 1469 τὸ
3425 1416 3527 1486 τῆς
3562 1431 3759 1484 γυναι-

2159 1510 2253 1574 κός
2271 1527 2285 1540 ο
2314 1512 2393 1574 είς
2420 1510 2477 1565 δὲ
2506 1511 2566 1564 τὸ
2600 1511 2811 1565 παιδίον
2840 1511 2942 1564 οὐκ
2965 1507 3409 1581 ὲπληροφορήθη.
3448 1507 3559 1561 Kal
3587 1501 3759 1563 εἶπεν

2158 1600 2309 1671 αὐτῷ
2340 1619 2423 1667 τις
2450 1601 2560 1655 τῶν
2593 1601 2887 1673 γερόντων,
2915 1600 2998 1653 ὅτι
3029 1599 3121 1652 καὶ
3148 1597 3209 1651 τὸ
3243 1596 3338 1649 τοῦ
3378 1595 3594 1651 παιδίου
3630 1612 3761 1648 συν-

2159 1690 2406 1765 εχώρησέ
2445 1710 2526 1746 σοι
2558 1695 2587 1747 ὁ
2622 1692 2754 1756 Θεός
2774 1710 2789 1723 ο
2820 1691 2960 1747 ἀλλά
2992 1691 3140 1760 ἀφίει
3177 1707 3236 1744 σε
3269 1691 3328 1743 ὲν
3358 1688 3439 1760 τῷ
3468 1689 3635 1760 πόνῳ,
3663 1687 3756 1741 ὅτι

2091 1767 2133 1825 Β
2163 1785 2433 1856 συμφέρει
2467 1788 2532 1856 τῇ
2562 1784 2707 1855 ψυχῇ
2740 1801 2857 1840 σου.

2230 1882 2300 1946 γ’.
2343 1878 2400 1930 '0
2432 1877 2594 1941 αὐτὸς
2634 1872 2791 1930 εἶπεν
2841 1876 2971 1949 περὶ
3002 1876 3102 1947 τῆς
3145 1873 3411 1945 ὑποδοχῆς
3443 1872 3553 1926 τῶν
3589 1870 3757 1925 ἁδελ-

2161 1968 2300 2038 φῶν,
2343 1969 2427 2023 ὅτι
2462 1971 2555 2022 Δεῖ
2585 1968 2913 2040 ἐρχομένους
2938 1971 3065 2031 τοὺς
3096 1966 3358 2036 ἀδελφοὺς
3386 1965 3718 2035 προσκυνεῖν
3738 1978 3755 1993 ·

2161 2062 2222 2114 οὺ
2256 2062 2365 2135 γὰρ
2406 2061 2624 2125 αὐτοὺς,
2657 2060 2793 2113 ἀλλά
2820 2061 2912 2114 τὸν
2960 2059 3092 2113 Θεὸν
3130 2057 3562 2131 προσκυνοῦμεν.
3594 2051 3762 2118 Εἶδες

2162 2153 2295 2225 γὰρ,
2332 2153 2489 2223 φησι,
2531 2153 2622 2207 τὸν
2670 2151 2897 2222 ἀδελφόν
2937 2168 3054 2216 σου,
3102 2147 3240 2214 εἶδες
3272 2149 3474 2220 Κύριον
3504 2148 3593 2201 τὸν
3617 2145 3761 2199 Θεόν

2166 2258 2293 2296 σουο
2338 2242 2629 2307 καὶτοῦτο,
2673 2243 2830 2314 φησι,
2875 2242 3026 2314 παρά
3057 2240 3151 2294 τοῦ
3195 2239 3445 2311 Ἀϐραὰμ
3491 2236 3763 2309 παρειλή⁸

2166 2351 2366 2406 φαμεν.
2408 2337 2520 2389 Καὶ
2559 2336 2648 2389 ὅτε
2681 2334 2924 2406 δέχεσθε,
2965 2334 3102 2406 πρὸς
3135 2334 3441 2387 ἀνάπαυσιν
3479 2328 3763 2402 παραϐιά-

2167 2424 2357 2492 ζεσθε·
2405 2428 2500 2481 καὶ
2529 2427 2690 2481 τοῦτο
2726 2428 2836 2499 γὰρ
2870 2427 3021 2498 παρὰ
3055 2426 3150 2481 τοῦ
3192 2425 3317 2480 Λὼτ
3351 2423 3762 2498 μεμαθήκαμεν

2175 2515 2663 2590 παραδιασαμένου
2693 2518 2821 2582 τοὺς
2850 2518 3136 2587 ἀγγέλους.

2558 2628 2703 2697 Περὶ,
2734 2629 2843 2684 τοῦ
2885 2627 3038 2684 ἀόϐᾶ
3065 2626 3360 2697 Ἀνδρέου.

2243 2743 2469 2812 Ἔλεγεν
2500 2745 2530 2797 δ
2559 2742 2733 2807 ἀὸὖᾶς
2757 2742 3014 2814 Ἀνδρέας
3032 2758 3046 2772 ’
3082 2741 3288 2811 Πρέπει
3317 2740 3393 2812 τῷ
3435 2738 3655 2812 μοναχῷ
3683 2738 3761 2793 τὰ

2169 2833 2295 2906 τρία
2319 2833 2520 2888 ταῦτα’
2563 2834 2596 2904 ἡ
2636 2832 2888 2899 ξενιτεία,
2924 2835 2956 2903 ἡ
2987 2831 3250 2903 πτωχεία,
3288 2832 3380 2885 καὶ
3415 2833 3447 2901 ή
3484 2828 3664 2901 σιωπὴ
3697 2831 3763 2883 ἐν

2172 2925 2440 2996 ὑπομονῇ.

2643 3037 2784 3105 Περὶ
2816 3036 2922 3091 τοῦ
2947 3035 3098 3091 ἀϐϐᾶ
3132 3036 3281 3091 ’Ai‘cb.

2250 3149 2472 3219 Ἔλεγον
2532 3150 2663 3222 περί
2721 3167 2869 3213 τινος
2926 3150 3179 3221 γέροντος
3231 3151 3310 3211 είς
3361 3149 3461 3217 τὴν
3515 3148 3763 3219 Θηϐαΐδα

2177 3243 2322 3298 esse
2376 3242 2673 3305 Ἀντιανοῦ,
2720 3243 2801 3295 ὅτι
2859 3241 3054 3304 πολλὰς
3092 3241 3367 3304 πολιτείας
3408 3241 3664 3312 ἐποίησεν
3700 3242 3764 3296 ὲν

2175 3337 2242 3405 τῇ
2270 3334 2481 3404 νεότητι
2511 3332 2698 3397 αὑτοῦ,
2735 3332 2828 3385 καὶ
2860 3333 2940 3395 εἰς
2982 3330 3039 3383 τὸ
3070 3331 3247 3401 γῆρας
3277 3330 3443 3384 αὑτοῦ
3473 3330 3763 3402 ἠσθένησε,

2180 3430 2273 3479 καὶ
2300 3424 2607 3497 ἐτυφλώθη,
2633 3426 2728 3478 καὶ
2756 3422 2953 3494 πολλὴν
2982 3422 3327 3494 παράκλησιν
3354 3425 3400 3475 οί
3425 3422 3647 3492 ἀδελφοὶ
3672 3422 3766 3477 διὰ

2177 3516 2277 3587 τὴν
2303 3514 2465 3569 αὐτοῦ
2487 3515 2771 3569 ἀσθένειαν
2793 3514 3029 3577 ἐποίουν,
3053 3513 3147 3566 καὶ
3169 3512 3360 3566 ἔϐαλον
3384 3515 3462 3577 εἰς
3492 3512 3553 3565 τὸ
3585 3512 3767 3584 στόμα

2178 3606 2345 3661 αὐτοῦ
2367 3624 2380 3639 ’
2421 3606 2517 3661 καὶ
2546 3606 2835 3678 ἠρώτησαν
2868 3605 2958 3659 τὸν
2998 3604 3172 3658 ἀ66ᾶν
3205 3603 3336 3657 ’Λῖὼ
3375 3604 3503 3675 περὶ
3550 3603 3762 3657 τούτου·

2181 3698 2246 3751 Τί
2276 3698 2482 3767 γίνεται
2513 3696 2600 3749 διά
2630 3697 2729 3768 τὴν
2762 3695 2962 3766 πολλὴν
3002 3695 3345 3768 παράκλησιν
3374 3696 3614 3768 eadem;
3654 3698 3764 3750 Kal

2180 3788 2327 3858 λέγει
2374 3789 2580 3852 αὐτοῖς·
2619 3789 2781 3857 Λέγω
2818 3787 2967 3858 ὑμῖν,
3009 3787 3091 3841 ὅτι
3140 3786 3236 3841 ὲάν
3278 3789 3314 3859 ἡ
3361 3788 3558 3860 καρδία
3596 3788 3762 3842 αὐτοῦ

2182 3882 2333 3956 θέλῃ.
2367 3881 2461 3935 καὶ⁵
2492 3879 2902 3952 συγκαταδαίνῃ
2934 3878 3126 3950 ἡδέως,
3173 3879 3270 3933 ὲάν
3301 3879 3451 3951 φάγῃ
3490 3879 3547 3932 ἓν
3591 3880 3765 3949 φοίνι-

2182 3992 2290 4037 κιν,
2315 3977 2344 4028 ὁ
2368 3972 2499 4037 Θεδς
2526 3973 2670 4045 αἴρει
2705 3971 2837 4026 αὐτὸ
2868 3973 2934 4025 ὲκ
2962 3971 3055 4025 τοῦ
3087 3972 3255 4026 κόπου
3284 3971 3577 4026 αὐτοῦ-ἐὰν
3600 3973 3656 4025 δὲ
3687 3974 3765 4047 μὴ

2185 4064 2614 4136 συγκαταϐαίνῃ,
2644 4064 2780 4118 ἀλλά
2824 4063 2899 4135 μὴ
2934 4062 3102 4117 θέλων
3129 4062 3403 4136 λαμϐάνῃ,
3442 4065 3472 4117 ὁ
3507 4062 3639 4127 Θεδς
3668 4081 3767 4134 τη-

2186 4158 2270 4228 ρεῖ
2299 4156 2391 4209 τὸν
2429 4156 2598 4209 κόπον
2631 4154 2797 4209 αὐτοῦ
2831 4153 2990 4220 σῶον,
3036 4155 3119 4209 ὅτι
3164 4153 3240 4225 μὴ
3281 4153 3453 4208 θέλων
3486 4154 3763 4226 βιάζεται·

2184 4246 2424 4300 κάκεῖνοι
2454 4246 2546 4299 τὸν
2580 4244 2767 4298 μισθὸν
2795 4242 3030 4313 ἔχουσιν.

2551 4441 2685 4509 Περὶ
2718 4440 2824 4494 τοῦ
2855 4439 3006 4495 ἁόὄᾶ
3046 4439 3402 4510 Ἆμμωναθᾶ.

2260 4544 2430 4602 *Ηλθέ
2459 4549 2589 4603 ποτέ
2613 4567 2698 4613 τις
2721 4549 2902 4621 ἄρχων
2926 4551 3005 4616 είς
3031 4550 3092 4604 τὸ
3112 4551 3430 4622 Πηλούσιον,
3458 4554 3550 4606 καὶ
3578 4553 3767 4623 ἤθελεν

2192 4639 2492 4711 ἀπαιτῆσαι
2554 4641 2919 4711 ὲπικεφάλαια
2974 4642 3099 4707 τοὺς
3164 4645 3464 4713 μοναχοὺς,
3518 4644 3767 4720 καθάπερ

2191 4732 2286 4785 καὶ
2311 4732 2437 4796 τοὺς
2470 4731 2785 4803 κοσμικούς.
2812 4732 2925 4787 Kal
2959 4732 3306 4805 συνήχθησαν
3336 4734 3448 4788 ὅλοι
3480 4737 3527 4789 οἱ
3554 4736 3769 4808 ἀδελφοὶ

2190 4823 2329 4896 πρὸς
2353 4823 2447 4877 τὸν
2479 4824 2654 4879 ἀ66ᾶν
2697 4826 3059 4897 Ἀμμωναθᾶν
3083 4829 3211 4899 ’περὶ⁸
3246 4827 3459 4893 τούτου,
3503 4829 3598 4882 καὶ
3639 4829 3770 4902 ἑψη-

2191 4915 2416 4984 φίσαντὸ
2452 4933 2601 4980 τινας
2621 4916 2728 4970 τῶν
2765 4916 3022 4989 Πατέρων
3054 4918 3293 4974 ἀνελθεῖν
3320 4919 3367 4951 ⁹⁹
3389 4919 3523 4990 πρὸς
3552 4918 3641 4972 τὸν
3669 4920 3765 4990 βα-

2190 5007 2361 5061 σιλέα.
2416 5010 2527 5062 Kal
2569 5006 2721 5075 λέγει
2769 5009 2953 5072 αὐτοῖς
2996 5011 3025 5061 ὁ
3063 5009 3235 5074 assa;
3264 5010 3662 5081 Ἀμμωναθᾶς’
3690 5012 3764 5066 Οὐ

2188 5100 2347 5171 χρεία
2380 5099 2474 5153 τοῦ
2507 5099 2750 5172 σκυλμοῢ
2784 5102 3006 5155 τούτου·
3041 5102 3179 5156 ἀλλά
3220 5104 3418 5174 μᾶλλον
3463 5103 3762 5174 ήσυχάσατε

2188 5190 2270 5253 εἰς
2305 5189 2376 5243 τὰ
2412 5188 2597 5244 κελλία
2623 5189 2795 5261 ὑμῶν,
2828 5192 2923 5245 καὶ
2966 5191 3298 5262 νηστεύσατε
3326 5192 3419 5246 δύο
3451 5192 3765 5263 ἑϐδομάδας,

2188 5283 2285 5336 καὶ
2313 5284 2379 5353 τῇ
2405 5281 2589 5353 χάριτι
2620 5281 2715 5334 τοῦ
2758 5282 2992 5353 Χριστοῦ
3023 5283 3133 5353 ἐγὼ
3167 5285 3325 5355 μόνος
3369 5285 3511 5338 ποιῶ
3542 5285 3601 5338 τὸ
3632 5285 3768 5357 πρᾶο

2190 5387 2327 5443 γμοι.
2364 5371 2474 5424 Kal
2506 5370 2748 5441 ἀπῆλθον
2777 5376 2824 5427 οί
2859 5374 3080 5444 ἀδελφοὶ
3119 5378 3197 5440 είς
3229 5376 3295 5431 τὰ
3323 5378 3507 5431 κελλὶα
3536 5377 3765 5434 ἑαυτῶν·

1636 5528 1682 5561 ’⁸
1719 5527 1803 5581 ΑΙ.
1837 5527 2119 5584 ἀπελθεῖν.
2196 5551 2201 5556 ’

2196 5661 2336 5769 ἔξει,
2365 5644 2458 5711 Ἡ,
2490 5623 2566 5709 ti);
2598 5646 2885 5719 ἄνθρωπος
2921 5650 3188 5721 ἥμαρτον,
3223 5651 3297 5717 ὡς
3328 5653 3397 5708 Θε
3413 5655 3468 5719 ὸς
3491 5653 3763 5726 συγχώρη-
