3974 6332
579 391 685 448 1ιὸ

1706 375 2051 436 APPENDIX
2089 375 2179 432 AD
2221 377 2440 435 PALLA
2451 379 2567 437 DIU
2580 378 2654 434 Μ.

3728 381 3822 439 ιιι

582 525 698 575 tur,
725 523 824 565 nec
849 507 1094 563 locorum
1135 505 1466 563 desiderium
1499 503 1673 559 visum
1702 511 1784 557 est
1812 512 1998 556 tenere
2037 501 2155 554 ani-

2289 503 2316 556 ύ
2335 503 2517 559 τόπων
2532 501 2798 574 ἐπιθυμία
2815 501 3210 575 κεκρατηκέναι
3235 499 3380 567 εδοξε
3401 500 3500 571 τῆς
3520 502 3706 556 τούτου
3730 505 3822 573 du-

587 616 736 658 mum
763 599 959 669 ipsius,
989 613 1095 652 non
1125 597 1348 652 satietas
1372 593 1712 660 deliciarum,
1746 607 1853 647 non
1881 591 2160 662 possessio

587 690 1021 754 domiciliorum,
1066 703 1173 742 non
1220 686 1483 741 librorum
1533 683 2011 748 circumlationes;
2066 681 2160 736 sed

586 791 736 838 totus
776 781 996 835 omnino
1021 793 1051 831 a
1079 777 1330 847 corporis
1357 774 1642 830 affectibus
1671 775 1806 828 liber
1841 775 2159 844 apparebat,

589 875 742 928 alens
765 887 823 928 se
863 886 958 940 spe
1000 869 1327 931 futurorum,
1352 881 1415 920 ac
1447 866 1568 920 fidei
1593 866 1930 920 munimento
1954 866 2161 928 firmus,

590 966 858 1037 patienter
884 963 1029 1016 velut
1053 961 1301 1030 captivus
1335 959 1530 1028 agebat
1564 957 1669 1011 huc
1697 957 1954 1027 illucque,
1991 955 2044 1010 in
2072 955 2166 1008 fri-

591 1072 718 1128 gore
749 1071 812 1110 ac
853 1054 1098 1108 nuditate
1135 1065 1516 1123 perseverans,
1552 1057 1604 1105 et
1650 1049 1781 1103 solis
1810 1049 2005 1103 ardore
2033 1063 2164 1103 exu-

593 1155 734 1207 stus.
782 1147 884 1202 sub
929 1145 1017 1199 dio
1067 1159 1320 1213 semper;
1373 1142 1427 1195 in
1468 1139 1780 1210 praecipitiis
1816 1139 2166 1193 solitudinum

593 1253 652 1291 se
701 1245 958 1306 tanquam
1009 1248 1258 1290 erronem
1307 1231 1580 1300 deligens,
1621 1238 1676 1284 et
1734 1237 1926 1299 sponte
1975 1242 2170 1298 passus

595 1339 966 1397 smpenumero
997 1339 1056 1378 se
1093 1323 1147 1377 in
1177 1323 1281 1377 lata
1315 1335 1379 1376 ac
1407 1321 1710 1375 inhabitata
1739 1333 1917 1372 arenm
1950 1317 2170 1385 regione

595 1419 742 1473 velut
771 1416 824 1470 in
859 1415 1046 1486 pelago
1074 1411 1225 1469 ferri.
1260 1412 1414 1478 Quod
1460 1412 1508 1466 si
1532 1410 1850 1480 contigisset
1875 1414 1934 1461 ut
1959 1408 2025 1460 ad
2055 1407 2170 1460 loca

597 1509 816 1564 mitiora
850 1507 1082 1570 veniret,
1114 1505 1169 1559 in
1201 1504 1402 1574 quibus
1435 1513 1779 1557 communem
1809 1497 2173 1553 consimilem-

597 1618 703 1674 que
746 1603 910 1655 vitam
953 1598 1160 1652 ducunt
1212 1593 1499 1656 monachi,
1557 1599 1709 1646 extra
1748 1596 1936 1660 portas
1978 1589 2174 1644 sedens

598 1691 875 1764 plorabat,
912 1696 965 1743 et
1010 1689 1157 1742 velut
1203 1681 1503 1753 naufragus
1551 1682 1606 1735 in
1653 1689 1854 1735 terram
1898 1678 2174 1750 projectus

599 1779 1015 1836 lamentabatur.
1069 1775 1299 1840 Postea,
1354 1773 1400 1829 si
1451 1771 1579 1843 quis
1633 1770 1864 1825 fratrum
1917 1783 2174 1840 egressus

597 1871 900 1926 invenisset
963 1883 1088 1923 eum
1151 1875 1410 1934 tanquam
1491 1860 1802 1917 mendicum
1861 1860 2169 1925 sedentem,

597 1964 747 2019 velut
799 1975 966 2015 unum
1021 1957 1204 2013 saeculi
1259 1968 1574 2026 pauperem,
1603 1960 1657 2006 et
1701 1952 2170 2024 apprOpinquans,

597 2053 830 2108 dixisset
877 2067 943 2105 ex
999 2046 1372 2103 misericordia
1404 2063 1419 2100 :
1454 2043 1657 2108 Homo,
1707 2044 1838 2113 quid
1874 2043 2095 2113 ploras?
2125 2042 2172 2098 si

597 2141 831 2210 alicujus
876 2140 953 2200 rei
1001 2136 1327 2192 necessariae
1368 2149 1528 2206 eges,
1571 2141 1836 2204 quantum
1874 2134 2173 2202 poterimus

600 2231 874 2300 accipies;
924 2235 1132 2282 tantum
1183 2225 1368 2289 introi,
1409 2224 1694 2279 nobiscum
1746 2237 1991 2278 mensam
2037 2223 2174 2278 habe

600 2335 966 2382 communem,
984 2318 1144 2373 refice
1161 2325 1214 2372 te
1231 2337 1243 2370 :
1264 2323 1393 2371 tunc
1412 2315 1501 2371 ille
1518 2315 1902 2386 respondebat,
1920 2330 2028 2369 non
2046 2331 2172 2386 pos--

601 2429 661 2469 se
685 2428 743 2468 se
764 2412 868 2466 sub
897 2419 1041 2467 tecto
1061 2425 1300 2487 manere,
1329 2409 1503 2465 donec
1523 2409 1818 2463 invenisset
1845 2409 2043 2464 domus
2062 2423 2175 2464 suae

601 2519 714 2569 res,
751 2504 904 2558 aiens
938 2517 967 2555 a
997 2517 1058 2556 se
1091 2501 1260 2556 variis
1293 2501 1470 2556 modis
1503 2500 1704 2554 multas
1740 2501 1972 2556 amissas
2005 2499 2175 2556 fuisse

601 2612 756 2668 opes.
789 2595 1000 2650 Etenim
1032 2595 1085 2648 in
1117 2595 1320 2664 piratas
1366 2593 1566 2657 incidi,
1599 2593 1946 2663 naufragium
1977 2610 2174 2664 passus

602 2703 763 2754 sum;
799 2702 828 2740 a
882 2686 1172 2757 splendore
1221 2685 1438 2756 generis
1491 2687 1597 2741 mei
1655 2685 1864 2751 decidi,
1922 2669 2176 2758 ignobilis

602 2779 783 2836 factus
831 2780 924 2851 qui
974 2780 1116 2835 inter
1163 2779 1372 2834 nobiles
1422 2781 1707 2835 censebar.
1744 2778 1936 2835 Frater
1965 2795 2093 2834 vero
2127 2781 2176 2836 si

604 2873 670 2928 ad
723 2873 776 2927 id
803 2873 1071 2928 sermonis
1120 2871 1484 2936 lamentatus,
1521 2872 1862 2942 ingrediens,
1896 2880 2175 2942 sumptum

603 2965 838 3020 frustum
880 2967 1038 3034 panis
1073 2961 1409 3024 tradidisset,
1437 2963 1623 3017 dicens
1657 2981 1670 3016 :
1705 2963 1936 3032 Accipe,
1973 2971 2127 3033 pater
2159 2981 2172 3018 :

601 3063 801 3109 caetera
845 3055 942 3107 tibi
980 3054 1142 3117 Deus,
1180 3051 1633 3124 quemadmodum
1675 3053 1788 3116 ais,
1824 3053 2048 3118 tribuet,
2082 3068 2180 3125 pa-

2262 594 2384 664 χῆς,
2402 596 2463 648 οὐ
2481 595 2638 667 κόρος
2663 596 2873 668 τρυφῆς
2891 595 2947 654 ¹³.
2963 596 3018 650 οὐ
3037 595 3291 658 κτίσις¹⁸⁶
3319 591 3727 664 οἰκημάτων,οὺ
3751 596 3822 665 βί·

2263 687 2404 741 ϐλων
2437 689 2731 762 περιφοραὶ
2750 705 2762 721 ·
2796 688 2910 742 ἀλλ’
2938 689 3058 751 ὅλος
3080 688 3148 740 δι’
3178 689 3301 740 ὅλου
3323 686 3432 740 τῶν
3459 683 3554 739 τοῦ
3590 685 3824 757 σώματος

2266 775 2450 827 παθῶν
2483 778 2653 848 ἐφάνη
2698 776 3002 848 ἐλεύθερος,
3036 777 3208 829 ἐλπίδι
3236 776 3341 828 τῶν
3377 775 3674 846 μελλόντων
3708 793 3821 849 τρε·

2266 868 2518 938 φάμενος,
2540 871 2634 922 καὶ
2655 870 2888 932 πίστεως
2913 868 3230 940 ὀχυρώματι
3264 866 3531 938 βεϐηκὼς,
3555 869 3824 940 ἐκαρτέρει

2266 957 2455 1029 ῶσπερ
2490 961 2831 1030 αἰχμάλωτος
2869 954 2972 1013 ὦδε
3015 963 3260 1023 κάκεῖσε,
3293 961 3348 1011 ἐν
3381 958 3541 1029 ψύχει
3575 960 3667 1012 καὶ
3695 976 3829 1027 γυμ-

2269 1049 2455 1120 νότητι
2477 1050 2769 1120 διαμένων,
2806 1052 2902 1106 καὶ
2928 1055 2993 1123 τῇ
3040 1052 3198 1121 φλογὶ
3222 1049 3316 1105 τοῦ
3353 1050 3504 1121 ἡλίου
3532 1051 3830 1121 διακαιόμε-

2269 1155 2358 1202 νος
2397 1140 2605 1210 αἴθριος
2649 1142 2910 1195 πάντοτε’
2955 1146 3220 1214 κρημνοῖς
3265 1141 3509 1213 ἐρημιῶν
3549 1143 3734 1196 ἐαυτὸν
3762 1143 3830 1207 ὼς

2272 1232 2621 1303 πλανώμενον
2641 1235 2996 1305 περιπείρων,
3023 1236 3116 1287 καὶ
3140 1233 3366 1304 πλατείᾳ
3391 1236 3456 1304 τῇ
3481 1233 3664 1304 ἄμμου
3691 1233 3833 1304 χώρα

2271 1324 2512 1394 ἀοικήτῳ
2542 1325 2801 1388 πολλάκις
2822 1325 3010 1378 ἑαυτὸν
3032 1326 3108 1389 ὼς
3132 1326 3188 1377 ἐν
3217 1323 3443 1392 πελάγει
3471 1323 3730 1394 φέρεσθαι
3754 1326 3835 1376 εὖ·

2272 1412 2522 1484 δοκήσας.
2561 1416 2623 1469 Et
2651 1416 2708 1469 δὲ
2740 1415 3074 1487 συμϐεϐήκει
3111 1416 3189 1478 εἰς
3221 1415 3536 1486 ἡμερότητα
3555 1415 3730 1467 τόπων
3760 1414 3836 1466 ἐλ-

2276 1503 2405 1566 θεῖν,
2441 1505 2568 1558 ἔνθα
2597 1507 2647 1559 oi
2668 1509 2768 1578 τῆς
2797 1509 3104 1578 ὀμοτρόπου
3134 1506 3277 1576 ζωῆς
3311 1506 3534 1576 μοναχοὶ
3555 1507 3648 1559 καὶ
3671 1505 3838 1560 κοινὸν

2274 1597 2365 1649 τὸν
2392 1597 2503 1667 βίον
2536 1597 2770 1668 ἔχουσιν,
2803 1598 2906 1666 ἐξω
2932 1597 3110 1669 θυρῶν
3142 1597 3502 1668 καθεζόμενος
3529 1597 3728 1662 ἔκλαιε,
3751 1597 3836 1651 καὶ

2276 1685 2465 1757 ῶσπερ
2499 1687 2564 1741 ἐκ
2607 1689 2862 1757 ναυαγίου
2894 1707 2977 1752 τις
3010 1687 3341 1759 ἀπορριφεὶς
3378 1687 3635 1758 ὠδύρετο.
3682 1683 3834 1742 Εἶτα.

2277 1773 2509 1841 ἐξελθών
2533 1795 2619 1842 τις
2639 1778 2746 1834 τῶν
2771 1778 3032 1849 ἀδελφῶν,
3061 1781 3110 1832 εί
3137 1773 3260 1850 εὗρε
3288 1777 3498 1842 τοῦτον,
3521 1778 3598 1842 ὼς
3628 1779 3836 1851 προσαί-

2273 1886 2372 1940 την
2412 1867 2514 1923 ἕνα
2541 1869 2649 1924 τῶν
2679 1871 2735 1922 ἐν
2768 1870 2846 1940 τῷ
2897 1872 3085 1941 κόσμῳ
3119 1871 3349 1942 πτωχῶν
3383 1871 3714 1942 καθήμενον,
3753 1871 3838 1924 καὶ

2274 1957 2520 2028 ἐγγίσας,
2552 1959 2797 2025 ἐλεεινῶς
2825 1979 2988 2032 φησιν
3008 1960 3176 2032 αὐτῷ’
3203 1962 3267 2014 Τί
3298 1961 3525 2025 κλαίεις,
3553 1961 3829 2034 ἀνθρωπες

2275 2052 2323 2103 εί
2365 2050 2458 2122 δέῃ
2508 2051 2652 2114 τινὸς
2697 2051 2805 2104 τῶν
2854 2051 3186 2120 ἀναγκαίων,
3237 2053 3379 2106 κατὰ
3421 2051 3650 2123 δύναμιν
3685 2053 3836 2124 λήψῃ,

2279 2142 2439 2210 μόνον
2480 2140 2736 2194 εἰσελθὼν
2780 2141 2925 2196 ἔνδον
2981 2141 3310 2214 κοινώνησον
3367 2143 3499 2213 ἡμῖν
3551 2144 3838 2214 τραπέζης,

2275 2229 2632 2302 παραμυθίας
2669 2229 2868 2301 τυχών.
2914 2232 2972 2285 ’0
3012 2233 3069 2286 δὲ
3103 2233 3455 2304 ἀπεκρίνατο,
3487 2233 3560 2306 μὴ
3598 2235 3842 2290 δύνασθαι

2274 2323 2378 2376 ὑπὸ
2412 2323 2608 2393 στέγην
2653 2326 2852 2394 μεῖναι,
2889 2324 3017 2394 πρὶν
3063 2325 3129 2378 ἂν
3191 2324 3335 2396 εὕρω
3377 2330 3474 2396 τῆς
3512 2327 3653 2398 ἐμῆς
3681 2329 3845 2391 οἰκίας

2273 2413 2372 2485 τὴν
2416 2412 2684 2484 ὕπαρξινο
2729 2414 3132 2470 ἀπολωλεκέναι
3168 2417 3346 2486 φήσας
3386 2417 3556 2470 πολλὰ
3599 2420 3845 2488 χρήματα

2273 2508 2552 2579 διαφόροις
2599 2507 2843 2579 τρόποις.
2892 2509 3002 2561 Καὶ
3040 2508 3149 2580 γὰρ
3188 2512 3475 2580 πειραταῖς
3527 2509 3842 2580 περιέπεσα,

2276 2599 2372 2654 καὶ
2409 2599 2651 2669 ναυαγίῳ
2681 2599 2939 2670 ἐλήφθην,
2971 2601 3063 2652 καὶ
3091 2599 3192 2670 τῆς
3219 2599 3496 2668 εὐγενείας
3530 2617 3633 2671 μου
3667 2600 3840 2664 ἐξέπεο

2279 2706 2390 2754 σον,
2419 2688 2602 2756 ἄδοξος
2629 2687 2688 2753 ἐξ
2713 2687 2938 2753 ἐνδόξων
2960 2689 3270 2760 γενόμενος.
3317 2691 3373 2743 '0
3401 2690 3454 2744 δὲ
3492 2691 3630 2760 πρὸς
3657 2691 3745 2744 τὸν
3766 2690 3846 2742 M-

2275 2794 2372 2846 γον
2405 2778 2742 2848 σχετλιάσας,
2775 2776 3059 2841 εἰσελθὼν,
3094 2779 3188 2831 καλ⁵
3235 2779 3426 2850 ψωμὸν
3463 2778 3644 2833 λαϐὼν
3666 2820 3680 2844 ,
3717 2797 3848 2847 παρ-

2279 2867 2428 2940 έσχε,
2456 2869 2630 2938 λέγων
2651 2886 2666 2900 ο
2706 2868 2851 2922 Λάϐε
2878 2869 3086 2933 τοῦτον,
3129 2870 3303 2942 πάτερ
3323 2886 3337 2900 ⁸
3369 2870 3436 2924 τὰ
3464 2871 3520 2924 δὲ
3549 2870 3686 2924 ἄλλα
3721 2888 3797 2923 σοι
3824 2872 3849 2922 6

2278 2959 2429 3023 Θεὸς,
2475 2960 2550 3024 ὡς
2582 2959 2780 3028 λέγεις,
2836 2961 3101 3028 ἀπονεμεῖ
3128 2959 3361 3030 πατρίδα
3401 2961 3493 3013 καὶ
3533 2960 3714 3028 γένος,
3763 2960 3849 3012 καὶ

2279 3048 2511 3102 πλοῦτον
2541 3050 2598 3102 ὃν
2645 3049 2800 3118 ἔφης.
2862 3049 2920 3102 '0
2951 3050 3007 3102 δὲ
3039 3049 3117 3102 ἐτι
3153 3050 3351 3118 μᾶλλον
3400 3051 3612 3104 πενθῶν
3668 3051 3850 3120 ἐϐρυξε

602 3143 802 3208 triam,
847 3158 1053 3211 genus,
1084 3141 1302 3196 divitias
1346 3156 1482 3210 quas
1530 3141 1743 3196 locutus
1773 3156 1864 3207 es;
1909 3141 1955 3198 is
2006 3142 2176 3212 magis

2289 3141 2449 3212 μέγα,
2481 3139 2950 3211 ἐπιφθεγξάμενος
2969 3158 2982 3171 ·
3013 3141 3125 3193 Οὐκ
3149 3136 3264 3193 οἶδα
3287 3142 3463 3194 εἰπεῖν
3494 3144 3540 3195 εἰ
3571 3141 3853 3213 δυνηθείην

605 3232 783 3286 adhuc
820 3231 1032 3301 lugens,
1068 3231 1272 3300 ingenti
1303 3231 1448 3286 edito
1482 3230 1718 3292 fremitu,
1743 3231 2035 3301 adjiciebat
2062 3233 2176 3288 haec

2285 3230 2456 3302 εὑρεῖν
2484 3230 2622 3305 ἅπερ
2647 3230 2793 3302 ζητῶ
2825 3230 3098 3293 ἀπολέσας
3121 3245 3134 3260 ο
3157 3229 3269 3283 ἀλλ’
3311 3230 3389 3284 ἔτι
3416 3231 3615 3300 μᾶλλον
3642 3232 3855 3303 χαρίσο-

604 3325 768 3378 verba
806 3340 820 3377 :
853 3321 968 3376 Non
1010 3323 1182 3378 habeo
1234 3323 1415 3380 dicere
1453 3339 1519 3377 an
1554 3331 1745 3393 potero
1787 3324 2030 3379 invenire
2057 3340 2179 3394 quae

601 3415 810 3470 amissa
848 3431 1032 3486 quaero
1063 3416 1241 3480 bona,
1285 3416 1379 3471 sed
1412 3415 1589 3469 adhuc
1638 3415 1937 3485 majoribus
1976 3416 2181 3472 alliciar

607 3505 787 3571 malis,
815 3507 1052 3576 pericula
1100 3507 1418 3577 quotidiana
1463 3505 1686 3562 subiens
1715 3520 1888 3576 usque
1922 3504 1990 3560 ad
2031 3520 2180 3561 mor-

2287 3339 2405 3394 μαι,
2437 3322 2758 3376 κινδυνεύων
2781 3323 2866 3376 ἀεὶ
2893 3322 3014 3374 καθ’
3039 3321 3253 3394 ἡμέραν
3275 3324 3352 3387 εἰς
3379 3323 3631 3388 θάνατον,
3668 3323 3855 3392 ἀνοχὴν

2285 3421 2385 3475 οὐκ
2415 3419 2550 3492 ἔχων
2581 3421 2688 3474 ἀπὸ
2720 3421 2829 3474 τῶν
2860 3420 3113 3491 ἀμέτρων
3138 3419 3264 3490 ἐμοὶ
3292 3419 3612 3492 συμφορῶν.
3644 3423 3740 3474 Δεῖ
3757 3419 3857 3491 γὰρ

2291 3527 2358 3581 με
2384 3511 2621 3583 συνεχῶς
2651 3511 3136 3583 ἀποπλανῶμενον,
3176 3509 3461 3564 τελειῶσαι
3486 3510 3578 3564 τὸν
3605 3511 3824 3582 δρόμον.

607 3609 748 3667 tem,
791 3617 892 3657 nec
942 3603 1148 3658 habens
1178 3602 1556 3658 remissionem
1594 3601 1663 3656 ab
1717 3600 1999 3658 immensis
2040 3601 2180 3661 meis
2211 3606 2633 3664 calamitatibus.
2673 3607 2899 3678 Oportet
2925 3607 3071 3662 enim
3111 3621 3198 3661 me
3257 3606 3520 3661 continuo
3577 3606 3843 3662 oberran—

601 3699 740 3759 tem,
781 3709 1034 3766 peragere
1066 3711 1286 3750 cursum
1317 3694 1460 3750 vitzc.

1045 3803 1122 3860 De
1150 3804 1335 3858 abbate
1368 3803 1705 3873 Benjamino.

677 3895 732 3950 ι.
767 3895 910 3949 Dixit
953 3893 1120 3949 abbas
1151 3893 1431 3963 Benjamin
1463 3914 1476 3949 ε
1507 3894 1738 3961 Quando
1785 3902 1910 3966 post
1941 3909 2176 3952 messem

599 3987 813 4046 'Scetim
853 3985 1263 4053 descendimus,
1290 3987 1591 4043 attulerunt
1624 3988 1784 4044 nobis
1835 4003 1902 4042 ex
1950 3987 2186 4042 Alexan-

607 4079 728 4137 dria
759 4082 1120 4146 oblationem,
1169 4079 1398 4152 singulis
1433 4095 1529 4135 vas
1579 4079 1800 4136 sextarii
1839 4079 1945 4135 olei
1989 4092 2187 4150 gypsa-

609 4179 748 4228 tum.
798 4171 1046 4242 Cumque
1091 4171 1285 4227 messis
1335 4177 1554 4240 tempus
1603 4169 1880 4232 rediisset,
1917 4167 2184 4239 quidquid

611 4261 809 4332 reliqui
858 4269 1035 4324 esset,
1083 4259 1282 4316 fratres
1329 4262 1396 4315 ad
1448 4260 1740 4318 ecclesiam
1785 4258 2185 4318 solebantde-

612 4353 774 4410 ferre.
808 4349 920 4421 Ego
956 4365 1085 4405 vero
1123 4365 1233 4404 non
1271 4351 1458 4420 aperui
1509 4353 1792 4409 vasculum
1826 4365 2007 4408 meum
2030 4391 2044 4414 ,
2087 4349 2185 4406 sed

612 4459 718 4499 acu
762 4438 1068 4511 perforavi,
1116 4444 1171 4492 et
1221 4452 1411 4507 parum
1446 4437 1684 4496 deduxi:
1715 4444 1963 4511 atquein
2003 4442 2187 4498 animo

2669 3800 2811 3868 Περὶ
2847 3799 2955 3855 τοῦ
2986 3798 3137 3856 ἁϐϐᾶ
3166 3802 3472 3870 Βενιαμίν.

2359 3900 2428 3949 α’.
2463 3892 2687 3961 ¹Ἔλεγεν
2725 3893 2753 3945 6
2785 3891 2959 3955 ἀϐϐᾶς
2993 3892 3274 3962 Βενιαμὶν,
3301 3893 3382 3946 ὅτι
3410 3892 3498 3954 Ὠς
3519 3897 3859 3970 κατήλθομεν

2285 3983 2392 4038 ἀπὸ
2417 3981 2512 4036 τοῦ
2551 3981 2740 4054 θέρους
2765 3983 2843 4047 εἰς
2874 3981 3092 4052 Σκῆτιν,
3133 3983 3369 4052 ἤνεγκαν
3409 3983 3540 4054 ἡμῖν
3573 3985 3684 4039 ἀπὸ
3723 3989 3862 4041 Ἀλε-

2289 4073 2572 4146 ξανδρείας
2619 4074 3018 4146 καρποφορίαν,
3082 4073 3218 4143 πρὸς
3278 4071 3375 4127 ἕνα
3422 4074 3643 4143 ἀγγεῖον
3685 4078 3861 4132 ἐλαίου

2292 4166 2480 4234 ξέστου
2525 4165 2947 4237 γεγυψωμένον·
2999 4163 3093 4217 καὶ
3129 4164 3204 4226 ὼς
3240 4159 3369 4235 ἦλθε
3401 4165 3563 4219 πάλιν
3607 4170 3634 4221 6
3677 4172 3863 4242 καιρὸς

2290 4257 2384 4313 τοῦ
2417 4258 2628 4329 θέρους,
2663 4258 2716 4312 εἴ
2742 4275 2794 4311 τι
2825 4255 3193 4329 περιέσσευεν,
3237 4257 3286 4308 οἱ
3316 4256 3533 4326 ἀδελφοὶ
3564 4259 3761 4332 ἔφερον
3791 4266 3862 4325 εἰς

2290 4351 2390 4421 τὴν
2428 4350 2746 4420 ἐκκλησίαν.
2785 4346 2955 4417 Κάγὼ
2992 4349 3141 4418 ἡμην
3189 4346 3263 4419 μὴ
3306 4347 3522 4412 ἀνοίξας
3556 4349 3617 4403 τὸ
3647 4352 3861 4420 ἀγγεῖόν

2296 4456 2420 4509 μου,
2454 4439 2588 4493 ἀλλὰ
2628 4442 2694 4511 τῇ
2740 4439 2924 4510 ραφίδι
2951 4441 3254 4510 τρυπήσας,
3294 4438 3590 4509 μετέϐαλον
3636 4445 3861 4516 μικρόν·

616 4533 807 4598 habui,
849 4546 880 4586 a
912 4544 998 4586 me
1024 4527 1156 4600 quid
1188 4529 1369 4598 magni
1401 4535 1584 4582 actum
1616 4542 1756 4585 esse.
1798 4530 1997 4586 Verum
2040 4542 2176 4603 post-

2293 4527 2387 4582 καὶ
2413 4522 2557 4598 εἶχεν
2595 4531 2628 4598 ἡ
2673 4527 2869 4599 καρδία
2901 4543 3025 4598 μου,
3055 4528 3136 4581 ὅτι
3168 4528 3308 4599 μέγα
3343 4530 3575 4602 πρᾶγμα
3613 4533 3860 4604 ἐποίησα.

617 4643 780 4699 quam
816 4625 1115 4680 attulerunt
1147 4619 1342 4678 fratres
1371 4635 1501 4676 vasa
1535 4636 1633 4676 sua
1661 4622 1737 4676 uti
1765 4633 1940 4688 erant,
1982 4640 2190 4685 mcum-

617 4735 723 4790 quc
749 4725 866 4774 erat
894 4714 1226 4786 perforatum
1243 4753 1258 4779 ,
1289 4711 1438 4765 velut
1465 4708 1763 4766 fornicator
1789 4727 1900 4784 pra:
1928 4726 2187 4769 verecun-

617 4809 706 4862 dia
735 4807 886 4862 visus
916 4820 1059 4861 sum.

688 4900 742 4954 2.
771 4897 914 4970 (86)
953 4896 1158 4952 Retulit
1183 4895 1352 4951 abbas
1381 4892 1660 4964 Beniamin
1704 4894 1998 4952 Celliorum
2033 4910 2192 4966 pres-

619 4992 820 5066 hyter:
865 4989 1130 5058 Venimus
1183 4987 1382 5044 Scetim
1416 4987 1484 5041 ad
1522 4986 1810 5058 quemdam
1859 5003 2044 5044 senem
2071 5029 2085 5055 ,
2137 4997 2190 5044 et

622 5083 892 5137 voluimus
920 5079 969 5134 ei
1009 5079 1140 5134 dare
1170 5093 1360 5148 parum
1387 5077 1529 5142 olei;
1554 5083 1668 5130 tum
1698 5075 1835 5131 dixit
1875 5077 2068 5132 nobis:
2107 5077 2186 5133 En

2293 4619 2404 4672 Καὶ
2431 4618 2505 4682 ὼς
2537 4619 2774 4690 ἡνεγκαν
2799 4620 2848 4672 ot
2879 4618 3101 4690 ἀδελφοὶ
3130 4621 3200 4674 τὰ
3227 4619 3437 4675 ἑαυτῶν
3479 4623 3673 4692 ἀγγεῖα
3701 4642 3861 4694 γεγυ-

2292 4709 2520 4781 ψωμένα
2567 4710 2640 4776 ὼς
2686 4705 2846 4782 ἦσαν,
2903 4714 2999 4766 καὶ
3044 4712 3106 4766 τὸ
3146 4714 3276 4786 ἐμὸν
3318 4715 3731 4791 τετρυπημένον
3775 4713 3864 4791 ἦ),

2293 4805 2524 4876 εὑρέθην
2555 4807 2630 4871 ὼς
2660 4807 2960 4878 πορνεύσας
2989 4808 3098 4862 ἀπὸ
3131 4809 3229 4878 τῆς
3261 4810 3542 4880 αἰσχύνης.

2370 4896 2437 4968 β’.
2469 4893 2636 4954 Εἶπεν
2655 4899 2682 4953 6
2714 4899 2885 4964 ἀϐϐἄς
2903 4901 3160 4971 Βενιαμὶν
3175 4903 3203 4955 6
3233 4902 3599 4974 πρεσϐύτερος
3620 4904 3728 4960 τῶν
3739 4904 3870 4960 Κελο

2297 4988 2444 5054 λίων,
2469 4990 2549 5045 ὅτι
2577 4991 2965 5063 Παρεϐἀλομεν
2987 4992 3066 5056 είς
3091 4993 3292 5064 Σκῆτιν
3321 4996 3454 5066 πρός
3480 5011 3600 5049 τινα
3620 4993 3867 5066 γέροντα,

2300 5082 2394 5136 καὶ
2427 5082 2771 5154 ἠθελήσαμεν
2798 5085 2944 5156 αὐτῷ
2977 5084 3157 5155 βαλεῖν
3193 5086 3387 5158 μικρὸν
3423 5087 3598 5140 ἔλαιον
3618 5101 3632 5116 ’
3665 5086 3758 5140 καὶ
3786 5087 3871 5140 λέ-

624 5177 776 5230 locus
805 5174 859 5227 in
903 5186 1012 5243 quo
1044 5171 1280 5242 positum
1319 5176 1404 5226 est
1434 5181 1662 5239 parvum
1691 5182 1787 5223 vas
1818 5168 1962 5238 quod
1999 5169 2065 5222 ad
2107 5187 2176 5224 nu

2300 5191 2386 5242 γει
2441 5177 2606 5245 ἡμῖν·
2656 5175 2787 5231 Ἰδοὺ
2845 5177 2946 5230 ποῦ
3000 5179 3174 5231 κεῖται
3222 5177 3283 5230 τὸ
3335 5181 3530 5250 μικρὸν
3572 5180 3794 5247 ἀγγεῖον
3844 5177 3870 5230 6

625 5264 885 5321 attulistis
913 5271 1040 5318 ante
1067 5261 1396 5327 triennium;
1427 5257 1881 5329 quemadmodum
1927 5261 2192 5317 collocas-

623 5359 695 5411 tis
725 5355 876 5420 illud,
920 5356 992 5409 ita
1027 5356 1250 5409 mansit.
1287 5355 1404 5420 Quo
1439 5368 1539 5408 nos
1575 5354 1782 5420 audito,
1810 5353 2068 5408 admirati
2096 5370 2195 5409 su-

617 5461 738 5500 mus
777 5445 922 5500 senis
953 5445 1232 5498 virtutem.

691 5537 747 5594 5.
779 5537 910 5610 (87)
963 5534 1108 5590 ldem
1129 5536 1263 5590 dixit
1288 5555 1301 5590 :
1323 5535 1670 5594 Perreximus
1695 5537 1758 5594 ad
1785 5537 1948 5592 alium
1972 5551 2189 5603 senem;

698 5693 743 5727 “
773 5694 876 5748 An.
905 5693 1130 5765 τροφῆς.
1209 5688 1272 5720 ¹³’
1299 5687 1360 5745 F.
1399 5691 1611 5763 κτῆσις.

697 5803 808 5881 (86)
846 5804 946 5860 νη.
983 5803 1136 5858 Patr.
1179 5818 1252 5871 tv,
1283 5805 1370 5862 12.

2300 5265 2564 5335 ἠνέγκατέ
2610 5283 2698 5335 μοι
2735 5269 2839 5338 πρὸ
2889 5268 3057 5340 τριῶν
3091 5268 3260 5321 ἐτῶν·
3314 5269 3389 5332 ὼς
3427 5270 3667 5339 ,ἐθήκατε
3713 5271 3865 5332 αὐτὸ,

2301 5353 2473 5417 οὕτως
2513 5354 2742 5424 ἔμεινεν.
2788 5358 3142 5424 Ἀκούσαντες
3186 5360 3242 5414 δὲ
3289 5361 3450 5431 ἡμεῖς
3484 5360 3870 5432 ἐθαυμάσαμεν

2297 5445 2395 5515 τὴν
2428 5445 2699 5500 πολιτείαν
2730 5447 2825 5501 τοῦ
2858 5449 3130 5519 γέροντος.

2369 5543 2439 5605 γ’.
2491 5535 2549 5590 '0
2593 5537 2754 5603 αὐτὸς
2799 5534 2984 5606 εἶπεν,
3035 5541 3115 5594 ὅτι
3163 5542 3550 5617 Παρεσάλομεν
3595 5542 3740 5616 ἄλλῳ
3780 5541 3870 5614 γέ-

2367 5801 2478 5873 (87)
2508 5800 2639 5871 App.
2667 5817 2720 5872 p.
2749 5801 2875 5868 988,
2905 5818 2954 5860 c.
2979 5804 3032 5861 6.
