3974 6332
141 446 229 501 ιιι
1275 449 1708 509 APOPHTHEGI

1820 454 1883 510 ΓΑ
1919 456 2227 514 PATRUM.

3301 465 3400 521 146

135 574 296 626 ροντι,
345 557 445 610 καὶ
500 557 811 629 ἐκράτησεν
842 563 990 632 ἡμᾶς
1037 567 1258 632 φαγεῖν·
1309 537 1465 620 ἔϐαλε
1499 567 1555 621 δὲ
1589 569 1708 642 qua

1821 573 1912 645 qui
1932 574 2165 630 detinuit
2191 591 2291 630 nos
2310 585 2368 630 ut
2398 575 2856 634 manducaremus
2883 597 2894 632 :
2934 579 3188 649 apposuit
3213 588 3399 636 autem

135 649 513 722 ῥαφανέλαιον-
544 651 659 705 Καὶ
691 650 924 723 λέγομεν
944 655 1094 724 αὐτῷ
1117 672 1130 687 ο
1162 657 1364 728 Πάτερ,
1396 659 1594 729 μᾶλλον
1630 678 1718 732 μι-

134 739 260 813 κρὸν
309 741 593 812 χρήσιμον
639 742 822 797 ἔλαιον
871 744 998 815 βάλε
1050 749 1199 818 ἡμῖν.
1264 750 1322 804 '0
1354 751 1409 806 δὲ
1456 754 1714 820 ἀκούσας,

132 833 464 903 ἐσφράγισεν
484 835 699 899 ἑαυτὸν,
731 835 907 906 λέγων
923 854 938 868 ·
963 838 1033 891 Εἴ
1049 841 1194 894 ἐστιν
1217 840 1344 896 ἄλλο
1365 843 1539 899 ἔλαιον
1563 848 1718 913 ἐκτὸς

132 924 337 991 τούτου,
369 926 476 978 οὐκ
504 921 624 980 οἶδα
652 926 782 996 ἐγώ.

193 1017 254 1070 δ’.
311 1017 373 1070 ὐ
422 1018 600 1082 άϐϐἇς
648 1021 904 1092 Βενιαμὶν
954 1023 1141 1094 εἴρηκε
1187 1027 1302 1090 τοῖς
1359 1029 1494 1092 υἱοῖς
1549 1030 1713 1086 αὐτοῦ

130 1108 526 1180 ἀποθνήσκων⁸
560 1111 745 1166 Ταῦτα
786 1115 1009 1178 ποιεῖτε,
1048 1116 1142 1169 καὶ
1171 1117 1400 1172 δύνασθε
1437 1120 1710 1194 σωθῆναι·

132 1199 397 1254 Πάντοτε
429 1203 688 1272 χαΙρετε,
749 1203 1144 1274 ἀδιαλείπτως
1177 1211 1613 1280 προσεύχεσθε,
1645 1215 1716 1270 ἐν

129 1293 307 1346 παντὶ
339 1295 774 1364 εὐχαριστεῖτε.

195 1392 256 1437 ε’.
312 1387 373 1438 '0
407 1386 575 1448 αὐτὸς
616 1388 839 1459 εῐρηκεο
875 1390 987 1462 Τὴν
1015 1390 1299 1463 βασιλικὴν
1326 1392 1445 1446 ὁδὸν
1480 1397 1707 1468 πορεύε-

131 1477 240 1540 σθε,
276 1477 376 1530 καὶ
411 1478 484 1531 τὰ
518 1477 668 1548 μίλια
701 1484 970 1551 μετρεῖτε,
999 1485 1093 1536 καὶ
1122 1485 1222 1537 οὐκ
1250 1484 1583 1556 ὀλιγωρεῖτε.

579 1592 721 1661 Περὶ
752 1593 857 1648 τοῦ
884 1595 1036 1651 ἀόϐᾶ
1063 1597 1261 1666 Βιαρέ.

205 1702 493 1774 Ἥρὼτησέ
533 1721 617 1769 τις
644 1706 737 1759 τὸν
777 1707 950 1762 ἀϐϐἄν
1002 1709 1190 1780 Βιαρὲ,
1227 1711 1436 1782 λέγων·
1480 1715 1546 1766 Τί
1596 1733 1712 1770 ποι-

131 1796 245 1864 ήσω
286 1796 377 1848 ῖνα
411 1797 612 1864 owed};
663 1796 766 1852 Καὶ
799 1799 947 1868 λέγει
987 1801 1169 1874 αὐτῷ·
1209 1804 1448 1874 ’Ύπαγε,
1486 1807 1712 1880 ποίησον

1819 665 1979 720 nobis
2007 666 2186 722 oleum
2223 682 2255 722 e
2283 667 2564 738 raphanis.
2594 667 2838 726 Dicimus
2859 671 2908 726 ei
2943 688 2958 727 :
2992 669 3174 736 Pater,
3207 672 3395 742 potius

1817 755 2049 813 immitte
2072 774 2262 828 parum
2294 758 2423 814 boni
2453 761 2581 817 olei.
2624 762 2718 817 Ille
2772 777 2905 818 vero
2936 761 3189 827 audiens,
3222 778 3281 818 se
3315 763 3397 817 si-

1817 863 1924 918 gno
1974 849 2157 906 crucis
2196 850 2536 922 obsignavit,
2599 861 2764 924 atque
2807 854 2884 907 ait
2937 872 2950 908 :
2997 853 3082 907 An
3128 854 3202 909 sit
3247 853 3394 910 aliud

1817 941 1996 998 oleum
2015 954 2208 1014 praeter
2238 945 2403 1012 istud,
2425 961 2528 1016 ego
2553 949 2759 1004 nescio.

1888 1035 1941 1090 4.
1995 1038 2178 1093 Abbas
2232 1037 2516 1109 Benjamin
2574 1040 2817 1096 moriens
2862 1041 2936 1096 ita
2989 1039 3199 1095 monuit
3253 1038 3396 1096 ﬁlios

1818 1140 1996 1184 suos:
2037 1127 2164 1183 Ιίαιο
2201 1130 2390 1192 tacite,
2445 1139 2500 1186 et
2552 1133 2802 1202 poteritis
2851 1132 3051 1188 salvari
3106 1150 3121 1187 :
3178 1129 3395 1201 Semper

1819 1221 2073 1291 gaudete;
2099 1222 2211 1278 sine
2254 1223 2646 1280 intermissione
2678 1234 2862 1291 orate;
2897 1226 2951 1280 in
2981 1224 3224 1282 omnibus
3264 1241 3391 1295 gra-

1817 1313 1918 1366 tias
1939 1315 2076 1383 agite
2101 1314 2162 1368 ³⁸.

1888 1405 1940 1459 5.
1989 1404 2122 1475 (88)
2167 1405 2313 1460 Idem
2365 1406 2539 1462 dixit:
2576 1405 2741 1478 Regia
2773 1407 2859 1462 via
2899 1407 3149 1472 incedile,
3183 1413 3237 1462 et
3266 1405 3392 1460 mil-

1819 1495 1974 1549 liaria
2004 1497 2291 1565 metimini,
2336 1514 2437 1554 nec
2469 1501 2591 1556 sitis
2631 1502 2985 1572 negligentes.

2343 1607 2421 1663 De
2448 1611 2636 1666 abbate
2663 1611 2840 1666 Biare.

1885 1715 2097 1788 Aliquis
2145 1717 2500 1791 interrogavit
2550 1721 2802 1777 abbatem
2864 1721 3041 1789 Biare,
3097 1722 3392 1788 siczQuid

1816 1823 1993 1879 agam,
2018 1817 2079 1864 ut
2132 1811 2316 1866 salvus
2353 1813 2519 1866 liam?
2559 1812 2648 1867 Ait
2678 1815 2791 1868 illi:
2821 1814 2990 1881 Vade,
3028 1813 3113 1870 fac
3147 1822 3392 1870 ventrem

128 1891 223 1959 τὴν
277 1889 491 1943 κοιλίαν
539 1907 631 1943 σου
697 1892 918 1963 μικράν,
971 1894 1068 1946 καὶ
1127 1895 1190 1948 τὸ
1244 1898 1555 1971 ὲργὸχειρόν
1617 1918 1708 1955 σου

1820 1907 1972 1955 tuum
2006 1918 2234 1972 parvum
2289 1910 2344 1960 et
2385 1919 2526 1974 opus
2565 1920 2827 1961 manuum
2859 1921 3110 1979 parvum,
3142 1921 3244 1963 nec
3274 1914 3393 1962 tur-

131 1982 350 2054 pzprv,
382 1983 478 2036 xui.
514 1983 587 2054 μὴ
637 1961 910 2055 ταράσσον
948 1987 1027 2050 εἰς
1073 1987 1132 2041 τὸ
1175 1961 1552 2044 κελλίνοννσου·
1615 1995 1708 2049 καὶ

1820 1989 1962 2048 beris
1996 1961 2051 2046 inn
2079 1993 2220 2048 cella
2246 2000 2339 2048 tua
2370 2012 2385 2050 :
2414 1961 2507 2051 sic
2539 1995 2861 2053 salvaberis.

130 2073 299 2145 σώζῃ.

584 2189 753 2261 Ἀρχὴ
784 2190 878 2245 τοῦ
915 2192 954 2244 Γ
985 2193 1269 2265 στοιχείου.

265 2300 412 2370 Περὶ
439 2303 544 2357 τοῦ
575 2303 728 2360 ἀὸὄᾶ
752 2307 1082 2376 Γρηπυρίου
1108 2307 1216 2363 τοῦ
1245 2310 1554 2382 θεολόγον.

194 2412 266 2468 α’.
308 2409 476 2467 Εἶπεν
514 2413 544 2467 6
583 2413 759 2479 ἀϐϐἄς
801 2415 1122 2489 Γρηγόριος,
1157 2420 1239 2474 ὃτι
1269 2421 1339 2476 τά
1376 2422 1504 2494 τρία
1539 2423 1711 2480 ταῦτα

127 2506 355 2558 ἀπαιτεῖ
388 2507 417 2558 6
447 2504 581 2570 Θεὸς
634 2505 784 2578 παρὰ
826 2509 1026 2574 παντὸς
1077 2508 1366 2584 ἀνθρώπου
1408 2513 1624 2586 ἔχοντος
1649 2517 1711 2572 τὸ

130 2597 441 2669 βάπτισμα·
488 2597 672 2652 πίστιν
708 2598 876 2671 ὀρθὴν
919 2601 1027 2654 άπὸ
1073 2602 1174 2673 τῆς
1211 2603 1409 2676 ψυχῆς,
1442 2606 1536 2660 καὶ
1579 2607 1712 2680 ἀλή-

127 2691 279 2744 θειαν
324 2691 432 2744 ἀπὸ
470 2691 570 2762 τῆς
599 2689 876 2764 γλώσσης,
923 2696 1018 2748 καὶ
1071 2697 1426 2769 σωφροσύνην
1469 2700 1578 2755 ἀπὺ
1613 2702 1708 2756 τοῦ

128 2782 404 2834 σώματος.

198 2801 204 2829 ι
291 2799 352 2834 το
390 2821 404 2834 .

198 2799 288 2940 gf.“
311 2799 447 2926 Εξπε
496 2871 691 2926 πάλιν
741 2873 903 2938 Ὅλος
948 2874 978 2927 ὁ
1025 2874 1139 2946 βίος
1166 2876 1474 2950 ἀνθρώπων
1525 2879 1709 2952 ἡμέρα

130 2964 248 3033 μία,
283 2967 395 3028 τοῖς
428 2963 579 3035 πόθῳ
611 2964 928 3034 κάμνουσιν.

494 3077 633 3146 Περὶ
678 3078 787 3134 τοῦ
826 3078 979 3135 ἀεϐἇ
1013 3083 1337 3138 Γελασίου.

194 3198 267 3249 α’.
315 3191 539 3260 Ἔλεγον
581 3192 713 3263 περὶ
745 3193 838 3247 τοῦ
873 3193 1016 3248 ἀϐϐςῖ
1044 3196 1321 3262 Γελασίου,
1358 3199 1440 3252 ὅτι
1484 3195 1596 3272 εἶχε
1626 3201 1704 3272 βι-

2267 2189 2608 2262 Principium
2635 2191 2827 2249 litterae
2847 2191 2913 2250 (ἶ.

2164 2302 2242 2360 De
2274 2304 2462 2360 abbate
2492 2304 2744 2379 Gregorio
2780 2307 3036 2380 theologa.

1883 2413 1936 2469 1.
1965 2411 2101 2485 (89)
2128 2413 2273 2470 Dixit
2323 2416 2494 2476 abbas
2537 2420 2872 2491 Gregorius:
2903 2421 3032 2476 Tria
3062 2420 3177 2478 haec
3223 2422 3391 2495 exigit

1812 2502 1956 2560 Deus
1987 2505 2056 2560 ab
2085 2509 2232 2562 omni
2267 2508 2490 2567 homine
2527 2511 2802 2582 baptizata
2837 2529 2850 2567 :
2892 2513 3053 2568 (idem
3085 2522 3290 2570 rectam
3319 2529 3387 2570 ex

1810 2595 2014 2661 animo,
2060 2599 2345 2655 veritatem
2399 2603 2455 2656 in
2496 2601 2680 2674 lingua
2705 2643 2720 2670 ,
2770 2607 2841 2660 et
2869 2606 3286 2677 temperantiam
3321 2607 3394 2662 de

1810 2703 2060 2760 corpore.

1877 2870 1935 2925 2.
1978 2869 2115 2941 (90)
2165 2870 2313 2928 Dixit
2363 2873 2590 2930 iterum:
2638 2874 2792 2930 Velut
2841 2883 2954 2930 tota
3001 2877 3240 2934 hominis
3278 2879 3402 2934 vita

1807 2969 1912 3030 est,
1947 2979 2094 3022 unus
2130 2965 2266 3034 dies,
2299 2967 2368 3022 iis
2396 2968 2492 3038 qui
2522 2967 2793 3024 desiderio
2831 2969 3103 3026 laborant.

2310 3077 2386 3134 De
2423 3079 2609 3134 abbate
2632 3079 2865 3138 Gelasio.

1878 3189 1930 3242 Ι.
1969 3187 2102 3261 (9l)
2133 3188 2396 3245 Dicebant
2426 3189 2494 3246 de
2524 3191 2719 3247 abbate
2743 3191 2978 3257 Gelasio,
3004 3191 3149 3263 quod
3175 3193 3389 3249 habue-

126 3281 278 3335 σλίον
329 3283 388 3336 ὲν
444 3282 728 3353 δέρμασιν,
780 3283 927 3349 ἄξιον
985 3285 1261 3341 δεκαοκτὼ
1314 3293 1704 3362 νομισμάτων·

1820 3278 1884 3334 rit
1934 3280 2136 3354 librqu
2167 3281 2220 3335 in
2272 3283 2605 3338 membranis
2639 3285 2798 3354 pretii
2843 3284 3146 3339 octodecim
3181 3283 3391 3340 solido-

125 3371 238 3445 εἶχε
263 3374 322 3428 δὲ
349 3374 444 3445 τὴν
471 3374 715 3428 Παλαιὰν
735 3376 827 3428 καὶ
855 3376 1060 3448 Καινὴν
1086 3378 1362 3451 Διαθήκην
1387 3381 1430 3412 ⁸³
1460 3399 1708 3453 γεγραμ-

130 3469 302 3538 μένην
329 3467 456 3536 ῶην
475 3485 490 3498 ο
527 3468 618 3521 καὶ
649 3467 823 3520 ἔκειτο
855 3469 912 3520 ὲν
950 3471 1014 3538 τῇ
1045 3468 1330 3542 ἐκκλησίᾳ,
1358 3472 1446 3525 ἵνα
1484 3475 1512 3527 ὁ
1541 3474 1708 3529 Θέλων

126 3558 233 3610 τῶν
260 3557 506 3626 ἀδελφῶν
534 3557 773 3626 ἀναγνῷ.
827 3557 1025 3611 Ἐλθὼν
1054 3559 1112 3612 δέ
1151 3577 1233 3624 τις
1277 3560 1520 3630 ἀδελφῶν
1560 3562 1706 3630 ξένος

128 3647 464 3719 παραϐαλεῖν
489 3649 567 3718 τῷ
613 3648 849 3720 γέροντι,
881 3648 956 3711 ὡς
989 3644 1126 3702 εἶδεν
1165 3650 1319 3722 αὐτὸ,
1363 3653 1707 3727 ἐπεθύμησεν

127 3741 318 3805 αὑτοῦ,
348 3741 440 3794 καὶ
464 3739 669 3809 κλέψας
690 3726 936 3810 ἐξῆλθεν.
982 3741 1039 3794 'U
1066 3741 1122 3795 δὲ
1156 3744 1332 3814 γέρων
1361 3745 1460 3798 οὐκ
1489 3745 1707 3812 ἐδίωξεν

126 3833 304 3884 ὀπίσω
334 3831 522 3892 αὐτοῦ,
557 3831 699 3884 ὥστε
731 3832 1056 3885 καταλαϐεῖν
1105 3833 1289 3900 αὑτὸν,
1329 3836 1532 3909 καίπερ
1584 3841 1708 3908 νοή-

131 3940 247 3986 σας.
297 3921 570 3976 Ἀπελοὼν
599 3919 692 3976 οὖν
718 3925 924 3986 ἐκεῖνος
949 3925 1029 3986 είς
1052 3923 1149 3995 τὴν
1179 3924 1353 3990 πόλιν,
1388 3925 1571 3999 ἐζήτει
1601 3947 1708 3982 πω-

127 4015 285 4084 λῆσαι
319 4015 484 4070 αὐτό·
530 4016 624 4068 καὶ
674 4013 850 4084 εὑρὼν
882 4014 974 4068 τὸν
1017 4013 1238 4070 Θέλοντα
1282 4017 1570 4089 ἀγοράσαι,
1604 4022 1708 4073 ἀπ-

127 4107 245 4178 ῄτει
271 4108 372 4179 τὴν
401 4108 566 4179 τιμὴν
604 4107 916 4180 νομίσματα
945 4107 1158 4174 δεκαέξ.
1199 4107 1257 4161 ὐ
1294 4109 1351 4163 δὲ
1380 4108 1549 4163 θέλων
1577 4111 1708 4178 ἀγο-

133 4204 310 4268 ράσαι,
342 4201 494 4271 λέγει
525 4200 676 4271 αὑτῷ
698 4217 711 4230 ·
754 4200 852 4264 Δός
877 4218 966 4271 μοι
991 4199 1225 4272 πρῶτον,
1249 4200 1527 4272 δοκιμάσω
1553 4202 1704 4267 αὐτὸ,

130 4291 220 4344 καὶ
240 4291 388 4344 οὕτω
424 4291 483 4344 τὸ
516 4290 736 4361 τίμημά
767 4306 848 4343 σοι
882 4290 1128 4362 παρέχω.
1161 4289 1401 4343 Δέδωκεν
1429 4287 1522 4344 οὖν
1551 4292 1702 4345 αὑτό.

143 4383 196 4436 Ὀ
237 4384 295 4436 δὲ
344 4381 550 4446 λαϐὼν,
593 4382 792 4452 ἧνεγκε
836 4379 915 4452 τῷ
960 4381 1106 4453 άϐϐᾷ
1140 4381 1382 4452 Γελασίῳ
1419 4381 1707 4453 δοκιμάσαι

132 4476 277 4538 αὐτὸ,
320 4473 561 4546 εἰρηκὼς
606 4472 754 4544 αὐτῷ
797 4473 897 4545 τὴν
929 4473 1205 4544 ποσότητα
1231 4475 1297 4546 ἢν
1332 4473 1426 4527 καὶ
1455 4476 1483 4527 6
1513 4475 1708 4528 πωλῶν

131 4563 265 4620 εἷπε.
317 4568 429 4622 Καὶ
472 4567 620 4634 λέγει
657 4568 686 4620 6
727 4566 941 4639 γέρων·
1008 4565 1305 4638 Ἀγόρασον
1343 4566 1496 4631 αὐτὸ,
1544 4567 1705 4620 καλὸν

131 4659 232 4727 γάρ
257 4660 376 4712 ἐστι
406 4657 502 4711 καὶ
537 4657 686 4722 ἄξιον
717 4653 785 4730 ἦς
819 4657 1046 4729 εἴρηκας
1082 4658 1125 4689 ³⁸
1157 4657 1342 4729 τιμῆς.
1381 4658 1491 4712 Καὶ
1538 4656 1706 4711 ἐλθὼν

131 4754 157 4802 ὁ
185 4752 470 4822 ἄνθρωπος
502 4745 621 4802 εἷπε
663 4748 740 4819 τῷ
779 4747 1044 4801 πωλοῦντι
1071 4746 1265 4812 ἄλλως,
1297 4749 1392 4800 καὶ
1435 4746 1495 4799 οὐ
1525 4745 1708 4810 καθὼς

132 4837 273 4895 εἶπεν
315 4843 345 4892 6
389 4841 590 4913 γέρων,
633 4840 839 4908 λέγων·
905 4838 1036 4892 Ἰδοὺ
1085 4837 1262 4904 ἔδειξα
1300 4837 1431 4890 αὐτὸ
1457 4836 1534 4907 τῷ
1564 4836 1708 4907 άϐϐᾷ

133 4933 384 5002 Γελασίῳ,
415 4933 510 4986 καλ⁹
534 4929 653 4984 εἷπέ
685 4949 775 5003 μοι
800 4933 882 4984 ὅτι
909 4930 1103 4984 πολλοῦ
1142 4931 1278 4995 ἐστι,
1309 4931 1403 4985 καὶ¹
1436 4931 1535 4986 οὐκ
1561 4931 1706 4986 ἔστιν

131 5026 266 5091 ἄξιον
319 5022 389 5097 ἧς
437 5025 670 5096 εἴρηκας
723 5024 909 5094 τιμῆς.
970 5023 1206 5085 Ἐκεῖνος
1245 5022 1504 5088 ἀκούσας,
1557 5022 1703 5091 λέγει

130 5118 266 5187 αὑτῴ
289 5134 303 5146 ·
342 5115 511 5170 Οὐδέν
549 5132 632 5168 σοι
673 5115 799 5168 ἄλλο
822 5111 972 5167 εἶπεν
1000 5114 1029 5166 ὁ
1076 5113 1288 5185 γέρων;
1323 5113 1487 5182 Λέγει
1519 5113 1700 5184 αὐτῷ’

131 5208 273 5278 Οὐχί.
309 5207 445 5259 Τότε
489 5205 670 5272 λέγει’
711 5204 911 5258 Οὐκέτι
941 5203 1080 5256 Θέλω
1112 5201 1361 5271 πωλῆσαι
1405 5201 1555 5255 αὑτό.
1591 5203 1705 5254 Κα-

130 5300 375 5367 sava-rei;
405 5297 463 5350 δὲ
511 5290 644 5366 ἦλθε
683 5295 818 5366 πρὸς
863 5293 956 5348 τὸν
1004 5294 1236 5366 γέροντα
1273 5290 1573 5365 μετανοῶν,
1613 5293 1708 5345 καὶ

133 5389 459 5461 παρακαλῶν
501 5387 664 5441 αὑτὸν
709 5387 960 5454 δέξασθαι
995 5386 1145 5439 αὑτό.
1204 5385 1262 5437 Ὀ
1305 5384 1362 5438 δὲ
1405 5383 1582 5454 γέρων
1610 5383 1708 5435 οὐκ

127 5481 278 5550 male
308 5481 520 5534 λαϐεῖν.
545 5480 681 5532 Τότε
724 5479 875 5548 λέγει
916 5479 1069 5552 αὐτῷ
1111 5479 1140 5531 6
1179 5475 1427 5546 ἀδελφὸς,
1453 5475 1535 5529 ὅτι
1583 5474 1710 5528 Ἐάν

1812 3387 1935 3426 rum
1968 3387 1982 3425 :
2020 3372 2072 3426 in
2105 3387 2213 3443 quo
2259 3373 2594 3444 descriptum
2625 3383 2742 3429 erat
2774 3383 2949 3429 totum
2988 3373 3156 3430 Vetus
3181 3390 3244 3430 ac
3275 3373 3388 3430 No-

1813 3478 1940 3517 vum
1975 3461 2418 3530 Testamentum;
2449 3473 2504 3520 et
2536 3465 2592 3520 in
2623 3465 2865 3522 Ecclesia
2908 3467 3121 3537 positus
3150 3476 3287 3533 erat,
3327 3475 3392 3522 ut

1809 3555 1905 3626 qui
1931 3556 2195 3611 voluisset
2225 3556 2478 3626 fratrum,
2507 3559 2727 3630 legeret.
2766 3558 3004 3616 Veniens
3025 3569 3206 3615 aulem
3232 3576 3389 3630 pere-

1810 3646 2000 3718 grinus
2032 3647 2230 3716 aliquis
2258 3648 2485 3703 fratrum
2517 3651 2582 3704 ad
2609 3650 2958 3706 'invisendum
3001 3666 3209 3718 senem,
3236 3664 3389 3723 post-

1809 3752 1973 3808 quam
2031 3736 2161 3793 vidit
2203 3739 2472 3806 codicem,
2507 3739 2778 3797 desiderio
2807 3751 3114 3812 correptus,
3175 3742 3388 3800 furatus

1809 3840 1892 3885 est
1921 3846 2067 3896 eum,
2100 3845 2163 3884 ac
2203 3830 2479 3886 discessit.
2511 3830 2691 3888 Senex
2718 3831 2900 3888 autem
2931 3849 3041 3890 non
3093 3842 3178 3890 est
3205 3833 3387 3888 homi-

1809 3934 1932 3973 nem
1981 3920 2282 3986 insecutus,
2331 3929 2390 3976 ut
2425 3922 2929 3992 comprehenderet,
2970 3925 3223 3994 quamvis
3269 3941 3384 3980 rem

1809 4010 2184 4067 intellexisset.
2220 4012 2424 4068 Abiens
2461 4027 2592 4085 ergo
2631 4015 2720 4070 ille
2749 4015 2804 4069 in
2833 4014 3131 4078 civitatem,
3166 4031 3384 4086 quaere-

1809 4097 1902 4153 bat
1927 4114 2036 4170 quo
2056 4101 2206 4154 illum
2238 4101 2517 4158 venderet.
2548 4104 2878 4172 lnventoqne
2903 4103 2997 4172 qui
3053 4103 3212 4159 vellet
3240 4118 3386 4160 eme-

1809 4204 1889 4256 re,
1925 4193 2221 4260 postulavit
2255 4207 2353 4262 pro
2380 4194 2555 4262 pretio
2587 4193 2822 4249 sedecim
2851 4191 3076 4251 solidos.
3117 4193 3223 4262 Qui
3257 4212 3385 4252 vero

1809 4283 2024 4336 volebat
2052 4297 2253 4348 emere,
2283 4284 2420 4338 dixit
2453 4281 2502 4338 ei
2539 4301 2553 4338 :
2585 4283 2660 4337 Da
2696 4283 2829 4338 mihi
2867 4285 3041 4356 prius,
3065 4287 3289 4357 probem
3322 4287 3386 4342 il-

1810 4373 1920 4426 lum
1945 4407 1958 4430 ,
1990 4383 2038 4428 et
2072 4381 2260 4443 postea
2288 4375 2520 4445 pretium
2550 4376 2780 4432 solvam.
2811 4374 2968 4431 Dedit
2997 4377 3182 4449 igitur.
3214 4378 3387 4434 Porro

1809 4463 2084 4534 accipiens
2112 4464 2201 4520 ille
2228 4464 2424 4520 detulit
2453 4465 2522 4520 ad
2551 4465 2800 4522 abbatem
2825 4465 3125 4534 Gelasium,
3155 4468 3234 4522 uti
3262 4484 3388 4539 pro-

1811 4555 1988 4619 baret,
2021 4554 2429 4627 declaravitque
2476 4557 2711 4627 pretium
2748 4558 2895 4629 quod
2922 4560 3176 4615 venditor
3207 4559 3385 4632 impo-

1742 4637 1783 4691 D
1811 4656 2015 4703 suerat.
2075 4647 2166 4701 Ait
2213 4663 2378 4702 senex
2415 4663 2429 4699 :
2477 4647 2609 4704 Eme
2655 4649 2844 4716 illum;
2889 4659 2974 4705 est
3013 4652 3156 4705 enim
3207 4651 3385 4706 bonus

1808 4752 1871 4791 ac
1899 4738 2140 4808 elegans,
2181 4739 2431 4810 valetque
2461 4749 2724 4810 quantum
2771 4741 2979 4795 dixisti.
3011 4740 3246 4796 Rediens
3279 4743 3383 4796 ita-

1808 4845 1912 4899 que
1944 4830 2127 4894 homo,
2155 4831 2312 4884 aliter
2344 4831 2662 4901 prolocutus
2689 4839 2774 4885 est
2804 4833 3086 4895 vendenti,
3125 4847 3226 4886 nec
3252 4832 3383 4900 jux-

1806 4929 1859 4975 ta
1891 4921 2040 4977 senis
2070 4921 2236 4975 verba
2263 4961 2277 4984 ,
2323 4922 2477 4977 aiens
2503 4941 2516 4976 :
2546 4921 2685 4976 Ecce
2707 4921 2917 4976 ostendi
2963 4922 3158 4977 librum
3200 4923 3384 4978 abbati

1804 5010 2039 5074 Gelasio,
2085 5012 2328 5082 dixitque
2374 5012 2527 5076 mihi,
2556 5025 2742 5065 earum
2773 5025 2915 5078 esse,
2953 5027 3054 5067 nec
3099 5013 3278 5068 valere
3329 5013 3384 5067 id

1803 5102 1946 5170 quod
1982 5101 2141 5172 petis.
2181 5101 2300 5168 Quo
2331 5102 2420 5157 ille
2453 5101 2662 5167 audito,
2701 5101 2840 5156 dixit
2867 5102 2917 5158 ei
2947 5122 2960 5158 :
2988 5101 3204 5158 Nihilne
3236 5104 3383 5158 aliud

1807 5195 2032 5264 protulit
2087 5195 2292 5250 senex?
2328 5193 2686 5266 Respondit:
2738 5192 2902 5248 Nihil.
2956 5193 3111 5249 Tunc
3167 5194 3383 5251 frater:

1806 5285 1924 5342 Non
1955 5287 2189 5357 amplius
2224 5287 2347 5341 volo
2369 5288 2623 5343 vendere.
2669 5286 3047 5358 Compunctus
3074 5295 3255 5344 autem
3293 5303 3386 5344 ac-

1807 5379 1976 5433 cessit
2026 5378 2094 5432 ad
2139 5393 2324 5433 senem
2380 5380 2687 5449 paenitens,
2737 5387 2790 5434 et
2826 5379 3004 5433 oravit
3030 5385 3088 5433 ut
3121 5379 3390 5450 reciperet

1809 5469 2076 5524 codicem.
2138 5470 2206 5523 At
2246 5485 2414 5527 senex
2450 5471 2690 5527 nolebat.
2720 5469 2875 5528 Tunc
2909 5469 3052 5527 dixit
3082 5470 3131 5528 ei
3166 5469 3386 5530 frater:

195 5662 240 5694 “
270 5661 438 5716 Abest
472 5659 539 5714 ab
560 5659 631 5713 ai.
714 5659 755 5690 "
795 5657 878 5711 Al.
909 5658 1118 5730 εἴρηκε.
1196 5655 1284 5710 ¹⁶1
1317 5653 1512 5711 Thess.
1548 5671 1603 5719 γ,
1637 5651 1722 5718 16,
1760 5653 1840 5717 I7,
1880 5653 1964 5708 18.

194 5812 308 5880 (88)
346 5810 576 5866 Doroth.
612 5810 794 5866 Dactr.
832 5813 918 5868 10.

195 5883 304 5953 (89)
351 5881 459 5937 Vit.
491 5882 646 5938 Patr.
683 5899 720 5942 ι.
757 5883 810 5936 3.

1882 5808 1995 5882 (90)
2031 5806 2124 5882 gr.
2167 5807 2327 5882 δεμ,
2367 5808 2461 5863 0r.
2496 5807 2588 5882 28,
2628 5825 2681 5882 p.
2716 5809 2845 5867 473.

1882 5878 1994 5952 (9l)
2039 5879 2142 5934 γει.
2170 5878 2323 5935 Patr.
2357 5895 2467 5946 va,
2504 5881 2557 5935 1.
