  <div class='ocr_page' id='page_1' title='image "/cluster/home/n/w/nwhite01/storage/ocr_20150623/65/hvd.32044052838166/081.png"; bbox 0 0 3974 6332; ppageno 0'>
   <div class='ocr_carea' id='block_1_1' title="bbox 571 468 674 528">
    <p class='ocr_par' dir='ltr' id='par_1_1' title="bbox 571 468 674 528">
     <span class='ocr_line' id='line_1_1' title="bbox 571 468 674 528; baseline 0 0"><span class='ocrx_word' id='word_1_1' title='bbox 571 468 674 528; x_wconf 71' lang='lat' dir='ltr'><strong>H7</strong></span> 
     </span>
    </p>
   </div>
   <div class='ocr_carea' id='block_1_2' title="bbox 1729 464 2654 523">
    <p class='ocr_par' dir='ltr' id='par_1_2' title="bbox 1729 464 2654 523">
     <span class='ocr_line' id='line_1_2' title="bbox 1729 464 2654 523; baseline -0.002 -2"><span class='ocrx_word' id='word_1_2' title='bbox 1729 467 2067 523; x_wconf 71' lang='lat' dir='ltr'><strong>APPENDiX</strong></span> <span class='ocrx_word' id='word_1_3' title='bbox 2109 465 2199 522; x_wconf 82' lang='lat' dir='ltr'><strong>AD</strong></span> <span class='ocrx_word' id='word_1_4' title='bbox 2237 464 2654 522; x_wconf 69' lang='lat' dir='ltr'><strong>PALLADIL&#39;M.</strong></span> 
     </span>
    </p>
   </div>
   <div class='ocr_carea' id='block_1_3' title="bbox 3713 464 3817 523">
    <p class='ocr_par' dir='ltr' id='par_1_3' title="bbox 3713 464 3817 523">
     <span class='ocr_line' id='line_1_3' title="bbox 3713 464 3817 523; baseline 0.01 -1"><span class='ocrx_word' id='word_1_5' title='bbox 3713 464 3817 523; x_wconf 66' lang='grc' dir='ltr'><strong>εις</strong></span> 
     </span>
    </p>
   </div>
   <div class='ocr_carea' id='block_1_4' title="bbox 564 581 2175 661">
    <p class='ocr_par' dir='ltr' id='par_1_4' title="bbox 564 584 2175 658">
     <span class='ocr_line' id='line_1_4' title="bbox 564 584 2175 658; baseline 0 -17"><span class='ocrx_word' id='word_1_6' title='bbox 564 587 685 642; x_wconf 80' lang='lat' dir='ltr'><strong>Nisi</strong></span> <span class='ocrx_word' id='word_1_7' title='bbox 735 585 1034 656; x_wconf 80' lang='lat' dir='ltr'><strong>acceperis,</strong></span> <span class='ocrx_word' id='word_1_8' title='bbox 1094 601 1372 658; x_wconf 79' lang='lat' dir='ltr'><strong>nunquam</strong></span> <span class='ocrx_word' id='word_1_9' title='bbox 1417 600 1513 640; x_wconf 92' lang='lat' dir='ltr'><strong>ero</strong></span> <span class='ocrx_word' id='word_1_10' title='bbox 1556 586 1796 657; x_wconf 87' lang='lat' dir='ltr'><strong>quietus.</strong></span> <span class='ocrx_word' id='word_1_11' title='bbox 1853 584 2027 642; x_wconf 82' lang='lat' dir='ltr'><strong>Senex</strong></span> <span class='ocrx_word' id='word_1_12' title='bbox 2074 584 2175 648; x_wconf 34' lang='lat' dir='ltr'><strong>ad,</strong></span> 
     </span>
    </p>
   </div>
   <div class='ocr_carea' id='block_1_5' title="bbox 2280 581 3820 661">
    <p class='ocr_par' dir='ltr' id='par_1_5' title="bbox 2280 581 3820 661">
     <span class='ocr_line' id='line_1_5' title="bbox 2280 581 3820 661; baseline -0.016 -3"><span class='ocrx_word' id='word_1_13' title='bbox 2280 588 2322 658; x_wconf 75' lang='grc' dir='ltr'><strong>-ὴ</strong></span> <span class='ocrx_word' id='word_1_14' title='bbox 2351 586 2523 661; x_wconf 70' lang='grc' dir='ltr'>λάθῃς</span> <span class='ocrx_word' id='word_1_15' title='bbox 2556 586 2707 651; x_wconf 71' lang='grc' dir='ltr'>αὐτὸ,</span> <span class='ocrx_word' id='word_1_16' title='bbox 2745 587 2845 639; x_wconf 74' lang='grc' dir='ltr'>οὐκ</span> <span class='ocrx_word' id='word_1_17' title='bbox 2875 585 2984 657; x_wconf 75' lang='grc' dir='ltr'>ἔχω</span> <span class='ocrx_word' id='word_1_18' title='bbox 3027 582 3335 639; x_wconf 77' lang='grc' dir='ltr'><strong>ἀνάπαυσιν</strong></span> <span class='ocrx_word' id='word_1_19' title='bbox 3376 581 3440 635; x_wconf 77' lang='grc'><strong>⁸⁷.</strong></span> <span class='ocrx_word' id='word_1_20' title='bbox 3480 582 3640 651; x_wconf 82' lang='grc' dir='ltr'>Λέγει</span> <span class='ocrx_word' id='word_1_21' title='bbox 3670 582 3820 654; x_wconf 76' lang='grc' dir='ltr'>αὐτῷ</span> 
     </span>
    </p>
   </div>
   <div class='ocr_carea' id='block_1_6' title="bbox 563 675 2150 749">
    <p class='ocr_par' dir='ltr' id='par_1_6' title="bbox 563 675 2150 749">
     <span class='ocr_line' id='line_1_6' title="bbox 563 675 2150 749; baseline 0.002 -20"><span class='ocrx_word' id='word_1_22' title='bbox 563 692 687 733; x_wconf 65' lang='lat' dir='ltr'><strong>eum</strong></span> <span class='ocrx_word' id='word_1_23' title='bbox 710 695 725 734; x_wconf 83' lang='grc' dir='ltr'><strong>ι</strong></span> <span class='ocrx_word' id='word_1_24' title='bbox 742 675 801 732; x_wconf 88' lang='lat' dir='ltr'><strong>Si</strong></span> <span class='ocrx_word' id='word_1_25' title='bbox 818 681 1103 748; x_wconf 84' lang='lat' dir='ltr'><strong>quiescere</strong></span> <span class='ocrx_word' id='word_1_26' title='bbox 1122 693 1230 733; x_wconf 78' lang='lat' dir='ltr'><strong>non</strong></span> <span class='ocrx_word' id='word_1_27' title='bbox 1249 687 1425 749; x_wconf 90' lang='lat' dir='ltr'><strong>potes,</strong></span> <span class='ocrx_word' id='word_1_28' title='bbox 1448 692 1576 733; x_wconf 89' lang='lat' dir='ltr'><strong>ecce</strong></span> <span class='ocrx_word' id='word_1_29' title='bbox 1590 677 1821 732; x_wconf 89' lang='lat' dir='ltr'><strong>admitto</strong></span> <span class='ocrx_word' id='word_1_30' title='bbox 1838 678 2014 735; x_wconf 87' lang='lat' dir='ltr'><strong>illum.</strong></span> <span class='ocrx_word' id='word_1_31' title='bbox 2034 677 2150 733; x_wconf 63' lang='lat' dir='ltr'><strong>Cm-</strong></span> 
     </span>
    </p>
   </div>
   <div class='ocr_carea' id='block_1_7' title="bbox 564 768 2148 841">
    <p class='ocr_par' dir='ltr' id='par_1_7' title="bbox 564 768 2148 841">
     <span class='ocr_line' id='line_1_7' title="bbox 564 768 2148 841; baseline 0.001 -18"><span class='ocrx_word' id='word_1_32' title='bbox 564 780 741 825; x_wconf 88' lang='lat' dir='ltr'><strong>terum</strong></span> <span class='ocrx_word' id='word_1_33' title='bbox 767 770 967 826; x_wconf 86' lang='lat' dir='ltr'><strong>mansit</strong></span> <span class='ocrx_word' id='word_1_34' title='bbox 996 785 1062 826; x_wconf 89' lang='lat' dir='ltr'><strong>eo</strong></span> <span class='ocrx_word' id='word_1_35' title='bbox 1091 770 1196 825; x_wconf 90' lang='lat' dir='ltr'><strong>loci</strong></span> <span class='ocrx_word' id='word_1_36' title='bbox 1223 768 1391 825; x_wconf 91' lang='lat' dir='ltr'><strong>frater</strong></span> <span class='ocrx_word' id='word_1_37' title='bbox 1423 785 1597 841; x_wconf 86' lang='lat' dir='ltr'><strong>usque</strong></span> <span class='ocrx_word' id='word_1_38' title='bbox 1623 768 1691 824; x_wconf 86' lang='lat' dir='ltr'><strong>ad</strong></span> <span class='ocrx_word' id='word_1_39' title='bbox 1715 781 1941 826; x_wconf 90' lang='lat' dir='ltr'><strong>mortem</strong></span> <span class='ocrx_word' id='word_1_40' title='bbox 1973 787 2148 837; x_wconf 89' lang='lat' dir='ltr'><strong>suam,</strong></span> 
     </span>
    </p>
   </div>
   <div class='ocr_carea' id='block_1_8' title="bbox 565 861 2146 933">
    <p class='ocr_par' dir='ltr' id='par_1_8' title="bbox 565 861 2146 933">
     <span class='ocr_line' id='line_1_8' title="bbox 565 861 2146 933; baseline 0.001 -16"><span class='ocrx_word' id='word_1_41' title='bbox 565 870 726 933; x_wconf 89' lang='lat' dir='ltr'><strong>capto</strong></span> <span class='ocrx_word' id='word_1_42' title='bbox 750 876 846 931; x_wconf 89' lang='lat' dir='ltr'><strong>per</strong></span> <span class='ocrx_word' id='word_1_43' title='bbox 862 861 912 915; x_wconf 91' lang='lat' dir='ltr'><strong>id</strong></span> <span class='ocrx_word' id='word_1_44' title='bbox 944 861 1088 932; x_wconf 90' lang='lat' dir='ltr'><strong>quod</strong></span> <span class='ocrx_word' id='word_1_45' title='bbox 1121 877 1287 917; x_wconf 81' lang='lat' dir='ltr'><strong>senex</strong></span> <span class='ocrx_word' id='word_1_46' title='bbox 1305 868 1492 932; x_wconf 83' lang='lat' dir='ltr'><strong>egerat</strong></span> <span class='ocrx_word' id='word_1_47' title='bbox 1507 861 1735 917; x_wconf 89' lang='lat' dir='ltr'><strong>salutari</strong></span> <span class='ocrx_word' id='word_1_48' title='bbox 1759 862 2146 920; x_wconf 87' lang='lat' dir='ltr'><strong>emolumento.</strong></span> 
     </span>
    </p>
   </div>
   <div class='ocr_carea' id='block_1_9' title="bbox 638 952 2150 1027">
    <p class='ocr_par' dir='ltr' id='par_1_9' title="bbox 638 952 2150 1027">
     <span class='ocr_line' id='line_1_9' title="bbox 638 952 2150 1027; baseline 0.003 -21"><span class='ocrx_word' id='word_1_49' title='bbox 638 954 696 1006; x_wconf 69' lang='grc' dir='ltr'><strong>ε.</strong></span> <span class='ocrx_word' id='word_1_50' title='bbox 756 952 895 1008; x_wconf 82' lang='lat' dir='ltr'><strong>Huic</strong></span> <span class='ocrx_word' id='word_1_51' title='bbox 950 954 1135 1009; x_wconf 83' lang='lat' dir='ltr'><strong>abbati</strong></span> <span class='ocrx_word' id='word_1_52' title='bbox 1196 953 1415 1009; x_wconf 80' lang='lat' dir='ltr'><strong>Gelasio</strong></span> <span class='ocrx_word' id='word_1_53' title='bbox 1470 955 1766 1027; x_wconf 84' lang='lat' dir='ltr'><strong>aliquando</strong></span> <span class='ocrx_word' id='word_1_54' title='bbox 1819 970 1917 1025; x_wconf 90' lang='lat' dir='ltr'><strong>per</strong></span> <span class='ocrx_word' id='word_1_55' title='bbox 1963 972 2150 1013; x_wconf 85' lang='lat' dir='ltr'><strong>senem</strong></span> 
     </span>
    </p>
   </div>
   <div class='ocr_carea' id='block_1_10' title="bbox 571 1042 2151 1116">
    <p class='ocr_par' dir='ltr' id='par_1_10' title="bbox 571 1042 2151 1116">
     <span class='ocr_line' id='line_1_10' title="bbox 571 1042 2151 1116; baseline 0.002 -18"><span class='ocrx_word' id='word_1_56' title='bbox 571 1042 883 1114; x_wconf 88' lang='lat' dir='ltr'><strong>quemdam,</strong></span> <span class='ocrx_word' id='word_1_57' title='bbox 924 1045 1252 1098; x_wconf 90' lang='lat' dir='ltr'><strong>monachum</strong></span> <span class='ocrx_word' id='word_1_58' title='bbox 1305 1045 1471 1099; x_wconf 88' lang='lat' dir='ltr'><strong>etiam</strong></span> <span class='ocrx_word' id='word_1_59' title='bbox 1506 1045 1708 1116; x_wconf 89' lang='lat' dir='ltr'><strong>ipsum,</strong></span> <span class='ocrx_word' id='word_1_60' title='bbox 1764 1045 1996 1101; x_wconf 87' lang='lat' dir='ltr'><strong>incolam</strong></span> <span class='ocrx_word' id='word_1_61' title='bbox 2048 1048 2151 1102; x_wconf 87' lang='lat' dir='ltr'><strong>loci</strong></span> 
     </span>
    </p>
   </div>
   <div class='ocr_carea' id='block_1_11' title="bbox 571 1134 2155 1210">
    <p class='ocr_par' dir='ltr' id='par_1_11' title="bbox 571 1134 2155 1210">
     <span class='ocr_line' id='line_1_11' title="bbox 571 1134 2155 1210; baseline 0.003 -20"><span class='ocrx_word' id='word_1_62' title='bbox 571 1134 900 1207; x_wconf 82' lang='lat' dir='ltr'><strong>Nicopoleos</strong></span> <span class='ocrx_word' id='word_1_63' title='bbox 927 1137 1112 1203; x_wconf 86' lang='lat' dir='ltr'><strong>vicini,</strong></span> <span class='ocrx_word' id='word_1_64' title='bbox 1153 1138 1339 1192; x_wconf 80' lang='lat' dir='ltr'><strong>relicta</strong></span> <span class='ocrx_word' id='word_1_65' title='bbox 1383 1137 1486 1193; x_wconf 90' lang='lat' dir='ltr'><strong>fuit</strong></span> <span class='ocrx_word' id='word_1_66' title='bbox 1525 1139 1663 1194; x_wconf 85' lang='lat' dir='ltr'><strong>cella</strong></span> <span class='ocrx_word' id='word_1_67' title='bbox 1710 1153 1838 1193; x_wconf 84' lang='lat' dir='ltr'><strong>eum</strong></span> <span class='ocrx_word' id='word_1_68' title='bbox 1877 1155 2008 1210; x_wconf 82' lang='lat' dir='ltr'><strong>agro</strong></span> <span class='ocrx_word' id='word_1_69' title='bbox 2046 1139 2155 1195; x_wconf 87' lang='lat' dir='ltr'><strong>cir-</strong></span> 
     </span>
    </p>
   </div>
   <div class='ocr_carea' id='block_1_12' title="bbox 574 1225 2155 1299">
    <p class='ocr_par' dir='ltr' id='par_1_12' title="bbox 574 1225 2155 1299">
     <span class='ocr_line' id='line_1_12' title="bbox 574 1225 2155 1299; baseline 0.005 -20"><span class='ocrx_word' id='word_1_70' title='bbox 574 1225 955 1297; x_wconf 72' lang='lat' dir='ltr'><strong>cumiacente;</strong></span> <span class='ocrx_word' id='word_1_71' title='bbox 986 1228 1216 1283; x_wconf 89' lang='lat' dir='ltr'><strong>colonus</strong></span> <span class='ocrx_word' id='word_1_72' title='bbox 1257 1237 1439 1284; x_wconf 87' lang='lat' dir='ltr'><strong>autem</strong></span> <span class='ocrx_word' id='word_1_73' title='bbox 1474 1228 1674 1299; x_wconf 85' lang='lat' dir='ltr'><strong>aliquis</strong></span> <span class='ocrx_word' id='word_1_74' title='bbox 1701 1228 1888 1285; x_wconf 81' lang='lat' dir='ltr'><strong>Vaeati</strong></span> <span class='ocrx_word' id='word_1_75' title='bbox 1917 1231 2155 1288; x_wconf 85' lang='lat' dir='ltr'><strong>hominis</strong></span> 
     </span>
    </p>
   </div>
   <div class='ocr_carea' id='block_1_13' title="bbox 575 1318 2155 1390">
    <p class='ocr_par' dir='ltr' id='par_1_13' title="bbox 575 1318 2155 1390">
     <span class='ocr_line' id='line_1_13' title="bbox 575 1318 2155 1390; baseline 0.004 -18"><span class='ocrx_word' id='word_1_76' title='bbox 575 1318 671 1387; x_wconf 92' lang='lat' dir='ltr'><strong>qui</strong></span> <span class='ocrx_word' id='word_1_77' title='bbox 723 1326 853 1373; x_wconf 92' lang='lat' dir='ltr'><strong>tunc</strong></span> <span class='ocrx_word' id='word_1_78' title='bbox 887 1319 1091 1388; x_wconf 88' lang='lat' dir='ltr'><strong>primas</strong></span> <span class='ocrx_word' id='word_1_79' title='bbox 1134 1318 1378 1390; x_wconf 72' lang='lat' dir='ltr'><strong>Nicopoli</strong></span> <span class='ocrx_word' id='word_1_80' title='bbox 1427 1318 1727 1376; x_wconf 62' lang='lat' dir='ltr'><strong>Palaestina;</strong></span> <span class='ocrx_word' id='word_1_81' title='bbox 1759 1320 1986 1386; x_wconf 88' lang='lat' dir='ltr'><strong>ferebat,</strong></span> <span class='ocrx_word' id='word_1_82' title='bbox 2031 1338 2155 1377; x_wconf 91' lang='lat' dir='ltr'><strong>cum</strong></span> 
     </span>
    </p>
   </div>
   <div class='ocr_carea' id='block_1_14' title="bbox 575 1409 2158 1482">
    <p class='ocr_par' dir='ltr' id='par_1_14' title="bbox 575 1409 2158 1482">
     <span class='ocr_line' id='line_1_14' title="bbox 575 1409 2158 1482; baseline 0.002 -17"><span class='ocrx_word' id='word_1_83' title='bbox 575 1417 727 1466; x_wconf 85' lang='lat' dir='ltr'><strong>esset</strong></span> <span class='ocrx_word' id='word_1_84' title='bbox 768 1409 1013 1465; x_wconf 83' lang='lat' dir='ltr'><strong>defuncti</strong></span> <span class='ocrx_word' id='word_1_85' title='bbox 1049 1412 1199 1467; x_wconf 85' lang='lat' dir='ltr'><strong>senis</strong></span> <span class='ocrx_word' id='word_1_86' title='bbox 1238 1422 1525 1482; x_wconf 78' lang='lat' dir='ltr'><strong>cognatus,</strong></span> <span class='ocrx_word' id='word_1_87' title='bbox 1584 1413 1850 1469; x_wconf 79' lang='lat' dir='ltr'><strong>accedens</strong></span> <span class='ocrx_word' id='word_1_88' title='bbox 1882 1414 1949 1468; x_wconf 90' lang='lat' dir='ltr'><strong>ad</strong></span> <span class='ocrx_word' id='word_1_89' title='bbox 1988 1414 2158 1468; x_wconf 76' lang='lat' dir='ltr'><strong>\‘aca-</strong></span> 
     </span>
    </p>
   </div>
   <div class='ocr_carea' id='block_1_15' title="bbox 585 1501 2159 1576">
    <p class='ocr_par' dir='ltr' id='par_1_15' title="bbox 585 1501 2159 1576">
     <span class='ocr_line' id='line_1_15' title="bbox 585 1501 2159 1576; baseline 0.003 -23"><span class='ocrx_word' id='word_1_90' title='bbox 585 1508 727 1564; x_wconf 90' lang='lat' dir='ltr'><strong>tum,</strong></span> <span class='ocrx_word' id='word_1_91' title='bbox 760 1501 1321 1571; x_wconf 71' lang='lat' dir='ltr'><strong>orabatut-praadium</strong></span> <span class='ocrx_word' id='word_1_92' title='bbox 1357 1502 1488 1557; x_wconf 88' lang='lat' dir='ltr'><strong>illud</strong></span> <span class='ocrx_word' id='word_1_93' title='bbox 1513 1504 1808 1576; x_wconf 88' lang='lat' dir='ltr'><strong>acciperet,</strong></span> <span class='ocrx_word' id='word_1_94' title='bbox 1838 1505 1984 1575; x_wconf 88' lang='lat' dir='ltr'><strong>quod</strong></span> <span class='ocrx_word' id='word_1_95' title='bbox 2009 1519 2159 1560; x_wconf 86' lang='lat' dir='ltr'><strong>nem-</strong></span> 
     </span>
    </p>
   </div>
   <div class='ocr_carea' id='block_1_16' title="bbox 581 1593 2161 1666">
    <p class='ocr_par' dir='ltr' id='par_1_16' title="bbox 581 1593 2161 1666">
     <span class='ocr_line' id='line_1_16' title="bbox 581 1593 2161 1666; baseline 0.003 -20"><span class='ocrx_word' id='word_1_96' title='bbox 581 1606 649 1663; x_wconf 89' lang='lat' dir='ltr'><strong>pe</strong></span> <span class='ocrx_word' id='word_1_97' title='bbox 707 1593 989 1665; x_wconf 78' lang='lat' dir='ltr'><strong>perleges</strong></span> <span class='ocrx_word' id='word_1_98' title='bbox 1039 1594 1105 1648; x_wconf 85' lang='lat' dir='ltr'><strong>ad</strong></span> <span class='ocrx_word' id='word_1_99' title='bbox 1166 1610 1226 1650; x_wconf 92' lang='lat' dir='ltr'><strong>se</strong></span> <span class='ocrx_word' id='word_1_100' title='bbox 1274 1597 1562 1666; x_wconf 84' lang='lat' dir='ltr'><strong>pervenire</strong></span> <span class='ocrx_word' id='word_1_101' title='bbox 1610 1597 1851 1653; x_wconf 83' lang='lat' dir='ltr'><strong>deberet.</strong></span> <span class='ocrx_word' id='word_1_102' title='bbox 1893 1597 1985 1653; x_wconf 89' lang='lat' dir='ltr'><strong>Ille</strong></span> <span class='ocrx_word' id='word_1_103' title='bbox 2031 1612 2161 1652; x_wconf 86' lang='lat' dir='ltr'><strong>vero</strong></span> 
     </span>
    </p>
   </div>
   <div class='ocr_carea' id='block_1_17' title="bbox 583 1678 2161 1757">
    <p class='ocr_par' dir='ltr' id='par_1_17' title="bbox 583 1678 2161 1757">
     <span class='ocr_line' id='line_1_17' title="bbox 583 1678 2161 1757; baseline 0.003 -23"><span class='ocrx_word' id='word_1_104' title='bbox 583 1678 739 1746; x_wconf 82' lang='lat' dir='ltr'><strong>(erat</strong></span> <span class='ocrx_word' id='word_1_105' title='bbox 786 1679 929 1733; x_wconf 85' lang='lat' dir='ltr'><strong>enim</strong></span> <span class='ocrx_word' id='word_1_106' title='bbox 983 1680 1290 1755; x_wconf 85' lang='lat' dir='ltr'><strong>violentus)</strong></span> <span class='ocrx_word' id='word_1_107' title='bbox 1335 1700 1501 1739; x_wconf 86' lang='lat' dir='ltr'><strong>manu</strong></span> <span class='ocrx_word' id='word_1_108' title='bbox 1550 1686 1771 1757; x_wconf 90' lang='lat' dir='ltr'><strong>propria</strong></span> <span class='ocrx_word' id='word_1_109' title='bbox 1816 1701 2007 1756; x_wconf 82' lang='lat' dir='ltr'><strong>agrum</strong></span> <span class='ocrx_word' id='word_1_110' title='bbox 2062 1701 2161 1739; x_wconf 86' lang='lat' dir='ltr'><strong>au-</strong></span> 
     </span>
    </p>
   </div>
   <div class='ocr_carea' id='block_1_18' title="bbox 583 1767 2164 1842">
    <p class='ocr_par' dir='ltr' id='par_1_18' title="bbox 583 1767 2164 1842">
     <span class='ocr_line' id='line_1_18' title="bbox 583 1767 2164 1842; baseline 0.006 -20"><span class='ocrx_word' id='word_1_111' title='bbox 583 1767 727 1826; x_wconf 86' lang='lat' dir='ltr'><strong>ferre</strong></span> <span class='ocrx_word' id='word_1_112' title='bbox 786 1770 1059 1827; x_wconf 88' lang='lat' dir='ltr'><strong>nitebatur</strong></span> <span class='ocrx_word' id='word_1_113' title='bbox 1091 1774 1161 1829; x_wconf 89' lang='lat' dir='ltr'><strong>ab</strong></span> <span class='ocrx_word' id='word_1_114' title='bbox 1193 1775 1387 1830; x_wconf 11' lang='lat' dir='ltr'><strong>abbati:</strong></span> <span class='ocrx_word' id='word_1_115' title='bbox 1443 1775 1679 1832; x_wconf 86' lang='lat' dir='ltr'><strong>Gelasio.</strong></span> <span class='ocrx_word' id='word_1_116' title='bbox 1713 1776 1815 1842; x_wconf 87' lang='lat' dir='ltr'><strong>Qui</strong></span> <span class='ocrx_word' id='word_1_117' title='bbox 1847 1777 2013 1832; x_wconf 85' lang='lat' dir='ltr'><strong>abbas</strong></span> <span class='ocrx_word' id='word_1_118' title='bbox 2062 1776 2164 1832; x_wconf 91' lang='lat' dir='ltr'><strong>Ge-</strong></span> 
     </span>
    </p>
   </div>
   <div class='ocr_carea' id='block_1_19' title="bbox 584 1860 2165 1928">
    <p class='ocr_par' dir='ltr' id='par_1_19' title="bbox 584 1860 2165 1928">
     <span class='ocr_line' id='line_1_19' title="bbox 584 1860 2165 1928; baseline 0.006 -12"><span class='ocrx_word' id='word_1_119' title='bbox 584 1860 777 1928; x_wconf 87' lang='lat' dir='ltr'><strong>lasius,</strong></span> <span class='ocrx_word' id='word_1_120' title='bbox 815 1865 1008 1920; x_wconf 87' lang='lat' dir='ltr'><strong>nolens</strong></span> <span class='ocrx_word' id='word_1_121' title='bbox 1038 1866 1231 1920; x_wconf 85' lang='lat' dir='ltr'><strong>cellam</strong></span> <span class='ocrx_word' id='word_1_122' title='bbox 1287 1868 1642 1923; x_wconf 86' lang='lat' dir='ltr'><strong>monasticam</strong></span> <span class='ocrx_word' id='word_1_123' title='bbox 1680 1868 1893 1925; x_wconf 86' lang='lat' dir='ltr'><strong>tradere</strong></span> <span class='ocrx_word' id='word_1_124' title='bbox 1923 1871 2041 1924; x_wconf 88' lang='lat' dir='ltr'><strong>viro</strong></span> <span class='ocrx_word' id='word_1_125' title='bbox 2066 1885 2165 1925; x_wconf 76' lang='lat' dir='ltr'><strong>sa:-</strong></span> 
     </span>
    </p>
   </div>
   <div class='ocr_carea' id='block_1_20' title="bbox 2250 674 3822 750">
    <p class='ocr_par' dir='ltr' id='par_1_20' title="bbox 2250 674 3822 750">
     <span class='ocr_line' id='line_1_20' title="bbox 2250 674 3822 750; baseline -0.004 -17"><span class='ocrx_word' id='word_1_126' title='bbox 2250 683 2278 733; x_wconf 91' lang='lat'><strong>6</strong></span> <span class='ocrx_word' id='word_1_127' title='bbox 2310 680 2517 749; x_wconf 72' lang='grc' dir='ltr'>γέρωνο</span> <span class='ocrx_word' id='word_1_128' title='bbox 2551 681 2613 733; x_wconf 82' lang='grc' dir='ltr'><strong>Εἰ</strong></span> <span class='ocrx_word' id='word_1_129' title='bbox 2641 681 2742 733; x_wconf 82' lang='grc' dir='ltr'>οὐκ</span> <span class='ocrx_word' id='word_1_130' title='bbox 2770 676 3045 750; x_wconf 83' lang='grc' dir='ltr'>ἁναπαύῃ,</span> <span class='ocrx_word' id='word_1_131' title='bbox 3080 678 3208 731; x_wconf 74' lang='grc' dir='ltr'>’ἰδοὺ</span> <span class='ocrx_word' id='word_1_132' title='bbox 3252 677 3479 746; x_wconf 78' lang='grc' dir='ltr'>δέχομαι</span> <span class='ocrx_word' id='word_1_133' title='bbox 3517 674 3665 728; x_wconf 77' lang='grc' dir='ltr'>αὑτό.</span> <span class='ocrx_word' id='word_1_134' title='bbox 3710 676 3822 728; x_wconf 78' lang='grc' dir='ltr'><strong>Καὶ</strong></span> 
     </span>
    </p>
   </div>
   <div class='ocr_carea' id='block_1_21' title="bbox 2251 764 3819 840">
    <p class='ocr_par' dir='ltr' id='par_1_21' title="bbox 2251 764 3819 840">
     <span class='ocr_line' id='line_1_21' title="bbox 2251 764 3819 840; baseline -0.003 -17"><span class='ocrx_word' id='word_1_135' title='bbox 2251 768 2464 840; x_wconf 79' lang='grc' dir='ltr'>ἔμεινεν</span> <span class='ocrx_word' id='word_1_136' title='bbox 2492 771 2520 822; x_wconf 98' lang='lat'><strong>6</strong></span> <span class='ocrx_word' id='word_1_137' title='bbox 2545 769 2772 839; x_wconf 76' lang='grc' dir='ltr'>ἁδελφὸς</span> <span class='ocrx_word' id='word_1_138' title='bbox 2804 770 3013 832; x_wconf 79' lang='grc' dir='ltr'>ἐκεῖνος</span> <span class='ocrx_word' id='word_1_139' title='bbox 3039 768 3082 801; x_wconf 84' lang='grc'><strong>¹⁸</strong></span> <span class='ocrx_word' id='word_1_140' title='bbox 3101 767 3204 830; x_wconf 76' lang='grc' dir='ltr'>ἕως</span> <span class='ocrx_word' id='word_1_141' title='bbox 3234 766 3335 836; x_wconf 74' lang='grc' dir='ltr'>τῆς</span> <span class='ocrx_word' id='word_1_142' title='bbox 3353 765 3611 835; x_wconf 75' lang='grc' dir='ltr'><strong>τελευτῆς</strong></span> <span class='ocrx_word' id='word_1_143' title='bbox 3630 764 3819 825; x_wconf 77' lang='grc' dir='ltr'>αὐτοῦ,</span> 
     </span>
    </p>
   </div>
   <div class='ocr_carea' id='block_1_22' title="bbox 2250 856 3537 932">
    <p class='ocr_par' dir='ltr' id='par_1_22' title="bbox 2250 856 3537 932">
     <span class='ocr_line' id='line_1_22' title="bbox 2250 856 3537 932; baseline -0.004 -18"><span class='ocrx_word' id='word_1_144' title='bbox 2250 860 2552 929; x_wconf 77' lang='grc' dir='ltr'><strong>ὠφεληθεὶς</strong></span> <span class='ocrx_word' id='word_1_145' title='bbox 2591 860 2699 914; x_wconf 81' lang='grc' dir='ltr'><strong>ἀπὸ</strong></span> <span class='ocrx_word' id='word_1_146' title='bbox 2719 860 2817 931; x_wconf 81' lang='grc' dir='ltr'>τῆς</span> <span class='ocrx_word' id='word_1_147' title='bbox 2848 857 3110 932; x_wconf 77' lang='grc' dir='ltr'><strong>ἐργασίας</strong></span> <span class='ocrx_word' id='word_1_148' title='bbox 3136 856 3231 911; x_wconf 83' lang='grc' dir='ltr'>τοῦ</span> <span class='ocrx_word' id='word_1_149' title='bbox 3264 856 3537 928; x_wconf 83' lang='grc' dir='ltr'>γέροντος.</span> 
     </span>
    </p>
   </div>
   <div class='ocr_carea' id='block_1_23' title="bbox 2325 943 3826 1024">
    <p class='ocr_par' dir='ltr' id='par_1_23' title="bbox 2325 943 3826 1024">
     <span class='ocr_line' id='line_1_23' title="bbox 2325 943 3826 1024; baseline -0.006 -17"><span class='ocrx_word' id='word_1_150' title='bbox 2325 950 2389 1023; x_wconf 84' lang='grc' dir='ltr'>β’.</span> <span class='ocrx_word' id='word_1_151' title='bbox 2414 952 2598 1024; x_wconf 83' lang='grc' dir='ltr'>Τούτῳ</span> <span class='ocrx_word' id='word_1_152' title='bbox 2619 951 2697 1023; x_wconf 83' lang='grc' dir='ltr'>τῷ</span> <span class='ocrx_word' id='word_1_153' title='bbox 2723 951 2870 1022; x_wconf 79' lang='grc' dir='ltr'><strong>ἀὸϐᾷ</strong></span> <span class='ocrx_word' id='word_1_154' title='bbox 2897 950 3138 1020; x_wconf 84' lang='grc' dir='ltr'>Γελασίῳ</span> <span class='ocrx_word' id='word_1_155' title='bbox 3168 947 3494 1018; x_wconf 76' lang='grc' dir='ltr'><strong>κατελείφθη</strong></span> <span class='ocrx_word' id='word_1_156' title='bbox 3525 946 3653 1002; x_wconf 79' lang='grc' dir='ltr'>ποτὲ</span> <span class='ocrx_word' id='word_1_157' title='bbox 3673 943 3826 1015; x_wconf 79' lang='grc' dir='ltr'>παρὰ</span> 
     </span>
    </p>
   </div>
   <div class='ocr_carea' id='block_1_24' title="bbox 2252 1035 3825 1115">
    <p class='ocr_par' dir='ltr' id='par_1_24' title="bbox 2252 1035 3825 1115">
     <span class='ocr_line' id='line_1_24' title="bbox 2252 1035 3825 1115; baseline -0.004 -18"><span class='ocrx_word' id='word_1_158' title='bbox 2252 1043 2507 1115; x_wconf 83' lang='grc' dir='ltr'>γέροντός</span> <span class='ocrx_word' id='word_1_159' title='bbox 2534 1060 2696 1107; x_wconf 87' lang='grc' dir='ltr'>τινος,</span> <span class='ocrx_word' id='word_1_160' title='bbox 2732 1041 2966 1114; x_wconf 84' lang='grc' dir='ltr'>μοναχοῦ</span> <span class='ocrx_word' id='word_1_161' title='bbox 3019 1041 3114 1095; x_wconf 78' lang='grc' dir='ltr'>καὶ</span> <span class='ocrx_word' id='word_1_162' title='bbox 3164 1037 3351 1104; x_wconf 80' lang='grc' dir='ltr'>αὐτοῦ,</span> <span class='ocrx_word' id='word_1_163' title='bbox 3382 1038 3509 1111; x_wconf 72' lang='grc' dir='ltr'>περὶ</span> <span class='ocrx_word' id='word_1_164' title='bbox 3536 1036 3633 1109; x_wconf 75' lang='grc' dir='ltr'>τὴν</span> <span class='ocrx_word' id='word_1_165' title='bbox 3663 1035 3825 1091; x_wconf 68' lang='grc' dir='ltr'>Νικό-</span> 
     </span>
    </p>
   </div>
   <div class='ocr_carea' id='block_1_25' title="bbox 2254 1125 3829 1206">
    <p class='ocr_par' dir='ltr' id='par_1_25' title="bbox 2254 1125 3829 1206">
     <span class='ocr_line' id='line_1_25' title="bbox 2254 1125 3829 1206; baseline -0.005 -17"><span class='ocrx_word' id='word_1_166' title='bbox 2254 1134 2409 1189; x_wconf 80' lang='grc' dir='ltr'>πολιν</span> <span class='ocrx_word' id='word_1_167' title='bbox 2429 1135 2528 1206; x_wconf 78' lang='grc' dir='ltr'>τὴν</span> <span class='ocrx_word' id='word_1_168' title='bbox 2557 1135 2771 1206; x_wconf 78' lang='grc' dir='ltr'>οἴκησιν</span> <span class='ocrx_word' id='word_1_169' title='bbox 2798 1125 3031 1204; x_wconf 80' lang='grc' dir='ltr'>ἔχοντος,</span> <span class='ocrx_word' id='word_1_170' title='bbox 3079 1131 3288 1186; x_wconf 87' lang='grc' dir='ltr'>κελλίον</span> <span class='ocrx_word' id='word_1_171' title='bbox 3322 1130 3415 1185; x_wconf 68' lang='grc' dir='ltr'><strong>καὶ</strong></span> <span class='ocrx_word' id='word_1_172' title='bbox 3455 1130 3517 1183; x_wconf 77' lang='grc' dir='ltr'>τὸ</span> <span class='ocrx_word' id='word_1_173' title='bbox 3542 1129 3670 1201; x_wconf 76' lang='grc' dir='ltr'>περὶ</span> <span class='ocrx_word' id='word_1_174' title='bbox 3693 1127 3829 1183; x_wconf 71' lang='grc' dir='ltr'>αὐτὸ</span> 
     </span>
    </p>
   </div>
   <div class='ocr_carea' id='block_1_26' title="bbox 2254 1219 3831 1299">
    <p class='ocr_par' dir='ltr' id='par_1_26' title="bbox 2254 1219 3831 1299">
     <span class='ocr_line' id='line_1_26' title="bbox 2254 1219 3831 1299; baseline -0.006 -17"><span class='ocrx_word' id='word_1_175' title='bbox 2254 1229 2473 1299; x_wconf 78' lang='grc' dir='ltr'><strong>χωρίον.</strong></span> <span class='ocrx_word' id='word_1_176' title='bbox 2519 1226 2769 1299; x_wconf 78' lang='grc' dir='ltr'>Γεωργὸς</span> <span class='ocrx_word' id='word_1_177' title='bbox 2791 1226 2847 1280; x_wconf 79' lang='grc' dir='ltr'><strong>δέ</strong></span> <span class='ocrx_word' id='word_1_178' title='bbox 2870 1242 2953 1289; x_wconf 71' lang='grc' dir='ltr'><strong>τις</strong></span> <span class='ocrx_word' id='word_1_179' title='bbox 2975 1224 3223 1278; x_wconf 83' lang='grc' dir='ltr'>Βακάτου</span> <span class='ocrx_word' id='word_1_180' title='bbox 3251 1222 3347 1276; x_wconf 83' lang='grc' dir='ltr'>τοῦ</span> <span class='ocrx_word' id='word_1_181' title='bbox 3372 1222 3494 1276; x_wconf 74' lang='grc' dir='ltr'>τότε</span> <span class='ocrx_word' id='word_1_182' title='bbox 3525 1219 3831 1293; x_wconf 81' lang='grc' dir='ltr'>πρωτεύον-</span> 
     </span>
    </p>
   </div>
   <div class='ocr_carea' id='block_1_27' title="bbox 2255 1310 3831 1392">
    <p class='ocr_par' dir='ltr' id='par_1_27' title="bbox 2255 1310 3831 1392">
     <span class='ocr_line' id='line_1_27' title="bbox 2255 1310 3831 1392; baseline -0.006 -18"><span class='ocrx_word' id='word_1_183' title='bbox 2255 1338 2347 1384; x_wconf 85' lang='grc' dir='ltr'><strong>τος</strong></span> <span class='ocrx_word' id='word_1_184' title='bbox 2373 1321 2472 1392; x_wconf 79' lang='grc' dir='ltr'>τῆς</span> <span class='ocrx_word' id='word_1_185' title='bbox 2500 1319 2842 1382; x_wconf 79' lang='grc' dir='ltr'><strong>Νικοπόλεως</strong></span> <span class='ocrx_word' id='word_1_186' title='bbox 2865 1318 2962 1389; x_wconf 83' lang='grc' dir='ltr'><strong>τῆς</strong></span> <span class='ocrx_word' id='word_1_187' title='bbox 2989 1316 3130 1371; x_wconf 78' lang='grc' dir='ltr'>κατὰ</span> <span class='ocrx_word' id='word_1_188' title='bbox 3159 1313 3539 1385; x_wconf 66' lang='grc' dir='ltr'>Παλαιστίνην,</span> <span class='ocrx_word' id='word_1_189' title='bbox 3565 1310 3831 1381; x_wconf 74' lang='grc' dir='ltr'>συγγενὴς</span> 
     </span>
    </p>
   </div>
   <div class='ocr_carea' id='block_1_28' title="bbox 2258 1399 3831 1481">
    <p class='ocr_par' dir='ltr' id='par_1_28' title="bbox 2258 1399 3831 1481">
     <span class='ocr_line' id='line_1_28' title="bbox 2258 1399 3831 1481; baseline -0.008 -17"><span class='ocrx_word' id='word_1_190' title='bbox 2258 1409 2334 1466; x_wconf 83' lang='grc' dir='ltr'>ὢν</span> <span class='ocrx_word' id='word_1_191' title='bbox 2360 1410 2459 1463; x_wconf 81' lang='grc' dir='ltr'><strong>τοῦ</strong></span> <span class='ocrx_word' id='word_1_192' title='bbox 2505 1407 2865 1481; x_wconf 80' lang='grc' dir='ltr'>κοιμηθέντος</span> <span class='ocrx_word' id='word_1_193' title='bbox 2896 1407 3170 1478; x_wconf 81' lang='grc' dir='ltr'>γέροντος,</span> <span class='ocrx_word' id='word_1_194' title='bbox 3217 1401 3531 1475; x_wconf 85' lang='grc' dir='ltr'>προσελθὼν</span> <span class='ocrx_word' id='word_1_195' title='bbox 3572 1402 3650 1473; x_wconf 84' lang='grc' dir='ltr'>τῷ</span> <span class='ocrx_word' id='word_1_196' title='bbox 3681 1399 3831 1470; x_wconf 81' lang='grc' dir='ltr'>αὐτῴ</span> 
     </span>
    </p>
   </div>
   <div class='ocr_carea' id='block_1_29' title="bbox 2261 1493 3833 1577">
    <p class='ocr_par' dir='ltr' id='par_1_29' title="bbox 2261 1493 3833 1577">
     <span class='ocr_line' id='line_1_29' title="bbox 2261 1493 3833 1577; baseline -0.01 -17"><span class='ocrx_word' id='word_1_197' title='bbox 2261 1506 2493 1577; x_wconf 81' lang='grc' dir='ltr'>Βακάτῳ</span> <span class='ocrx_word' id='word_1_198' title='bbox 2529 1505 2682 1575; x_wconf 74' lang='grc' dir='ltr'>ἠξίου</span> <span class='ocrx_word' id='word_1_199' title='bbox 2724 1502 2910 1557; x_wconf 79' lang='grc' dir='ltr'>λαϐεῖν</span> <span class='ocrx_word' id='word_1_200' title='bbox 2934 1501 2995 1555; x_wconf 79' lang='grc' dir='ltr'>τὸ</span> <span class='ocrx_word' id='word_1_201' title='bbox 3033 1499 3166 1553; x_wconf 82' lang='grc' dir='ltr'>αὐτὸ</span> <span class='ocrx_word' id='word_1_202' title='bbox 3211 1498 3431 1569; x_wconf 81' lang='grc' dir='ltr'><strong>χωρίον,</strong></span> <span class='ocrx_word' id='word_1_203' title='bbox 3457 1496 3532 1559; x_wconf 85' lang='grc' dir='ltr'>ὼς</span> <span class='ocrx_word' id='word_1_204' title='bbox 3569 1493 3732 1565; x_wconf 75' lang='grc' dir='ltr'>δῆθεν</span> <span class='ocrx_word' id='word_1_205' title='bbox 3770 1494 3833 1545; x_wconf 85' lang='grc' dir='ltr'>ὲκ</span> 
     </span>
    </p>
   </div>
   <div class='ocr_carea' id='block_1_30' title="bbox 2259 1582 3834 1668">
    <p class='ocr_par' dir='ltr' id='par_1_30' title="bbox 2259 1582 3834 1668">
     <span class='ocr_line' id='line_1_30' title="bbox 2259 1582 3834 1668; baseline -0.01 -17"><span class='ocrx_word' id='word_1_206' title='bbox 2259 1598 2368 1652; x_wconf 82' lang='grc' dir='ltr'><strong>τῶν</strong></span> <span class='ocrx_word' id='word_1_207' title='bbox 2406 1598 2583 1668; x_wconf 80' lang='grc' dir='ltr'>νόμων</span> <span class='ocrx_word' id='word_1_208' title='bbox 2609 1596 2688 1658; x_wconf 86' lang='grc' dir='ltr'><strong>είς</strong></span> <span class='ocrx_word' id='word_1_209' title='bbox 2722 1593 2881 1648; x_wconf 79' lang='grc' dir='ltr'>αὐτὸν</span> <span class='ocrx_word' id='word_1_210' title='bbox 2911 1592 3084 1645; x_wconf 78' lang='grc' dir='ltr'>ἐλθεῖν</span> <span class='ocrx_word' id='word_1_211' title='bbox 3117 1589 3444 1659; x_wconf 78' lang='grc' dir='ltr'>ὀφείλοντος.</span> <span class='ocrx_word' id='word_1_212' title='bbox 3501 1587 3557 1640; x_wconf 86' lang='lat'><strong>&#39;0</strong></span> <span class='ocrx_word' id='word_1_213' title='bbox 3585 1585 3643 1638; x_wconf 76' lang='grc' dir='ltr'>δὲ</span> <span class='ocrx_word' id='word_1_214' title='bbox 3682 1582 3834 1654; x_wconf 58' lang='grc' dir='ltr'><strong>(δρά-</strong></span> 
     </span>
    </p>
   </div>
   <div class='ocr_carea' id='block_1_31' title="bbox 2265 1675 3837 1762">
    <p class='ocr_par' dir='ltr' id='par_1_31' title="bbox 2265 1675 3837 1762">
     <span class='ocr_line' id='line_1_31' title="bbox 2265 1675 3837 1762; baseline -0.011 -18"><span class='ocrx_word' id='word_1_215' title='bbox 2265 1708 2395 1762; x_wconf 74' lang='grc' dir='ltr'>στης</span> <span class='ocrx_word' id='word_1_216' title='bbox 2425 1689 2534 1761; x_wconf 77' lang='grc' dir='ltr'>γὰρ</span> <span class='ocrx_word' id='word_1_217' title='bbox 2568 1684 2659 1759; x_wconf 82' lang='grc' dir='ltr'><strong>ἦν)</strong></span> <span class='ocrx_word' id='word_1_218' title='bbox 2702 1683 2978 1757; x_wconf 73' lang='grc' dir='ltr'>αὐτοχειρὶ</span> <span class='ocrx_word' id='word_1_219' title='bbox 3014 1683 3079 1736; x_wconf 84' lang='grc' dir='ltr'>τὸ</span> <span class='ocrx_word' id='word_1_220' title='bbox 3120 1681 3318 1753; x_wconf 79' lang='grc' dir='ltr'>χωρίον</span> <span class='ocrx_word' id='word_1_221' title='bbox 3358 1678 3543 1733; x_wconf 77' lang='grc' dir='ltr'>λαϐεῖν</span> <span class='ocrx_word' id='word_1_222' title='bbox 3579 1675 3837 1746; x_wconf 76' lang='grc' dir='ltr'>ἐπειρᾶτο</span> 
     </span>
    </p>
   </div>
   <div class='ocr_carea' id='block_1_32' title="bbox 2265 1767 3837 1852">
    <p class='ocr_par' dir='ltr' id='par_1_32' title="bbox 2265 1767 3837 1852">
     <span class='ocr_line' id='line_1_32' title="bbox 2265 1767 3837 1852; baseline -0.011 -17"><span class='ocrx_word' id='word_1_223' title='bbox 2265 1779 2416 1852; x_wconf 76' lang='grc' dir='ltr'>παρὰ</span> <span class='ocrx_word' id='word_1_224' title='bbox 2449 1779 2541 1833; x_wconf 77' lang='grc' dir='ltr'>τοῦ</span> <span class='ocrx_word' id='word_1_225' title='bbox 2572 1778 2716 1834; x_wconf 77' lang='grc' dir='ltr'><strong>ἁϐϐᾶ</strong></span> <span class='ocrx_word' id='word_1_226' title='bbox 2748 1776 3024 1830; x_wconf 86' lang='grc' dir='ltr'>Γελασίου.</span> <span class='ocrx_word' id='word_1_227' title='bbox 3059 1773 3150 1842; x_wconf 80' lang='grc' dir='ltr'><strong>Μὴ</strong></span> <span class='ocrx_word' id='word_1_228' title='bbox 3201 1771 3367 1826; x_wconf 78' lang='grc' dir='ltr'>θέλων</span> <span class='ocrx_word' id='word_1_229' title='bbox 3398 1770 3455 1823; x_wconf 84' lang='grc' dir='ltr'><strong>δὲ</strong></span> <span class='ocrx_word' id='word_1_230' title='bbox 3500 1767 3706 1823; x_wconf 81' lang='grc' dir='ltr'>κελλίον</span> <span class='ocrx_word' id='word_1_231' title='bbox 3742 1782 3837 1836; x_wconf 82' lang='grc' dir='ltr'>μο-</span> 
     </span>
    </p>
   </div>
   <div class='ocr_carea' id='block_1_33' title="bbox 2266 1857 3837 1943">
    <p class='ocr_par' dir='ltr' id='par_1_33' title="bbox 2266 1857 3837 1943">
     <span class='ocr_line' id='line_1_33' title="bbox 2266 1857 3837 1943; baseline -0.01 -15"><span class='ocrx_word' id='word_1_232' title='bbox 2266 1872 2487 1943; x_wconf 72' lang='grc' dir='ltr'>ναχικὸν</span> <span class='ocrx_word' id='word_1_233' title='bbox 2524 1868 2858 1941; x_wconf 76' lang='grc' dir='ltr'>παραδοῦναι</span> <span class='ocrx_word' id='word_1_234' title='bbox 2891 1865 3140 1937; x_wconf 78' lang='grc' dir='ltr'>κοσμικῷ</span> <span class='ocrx_word' id='word_1_235' title='bbox 3184 1868 3212 1919; x_wconf 88' lang='lat'><strong>6</strong></span> <span class='ocrx_word' id='word_1_236' title='bbox 3250 1864 3414 1927; x_wconf 82' lang='grc' dir='ltr'>αὐτὸς</span> <span class='ocrx_word' id='word_1_237' title='bbox 3457 1861 3628 1924; x_wconf 77' lang='grc' dir='ltr'>ἁεϐᾶς</span> <span class='ocrx_word' id='word_1_238' title='bbox 3671 1859 3709 1912; x_wconf 84' lang='grc' dir='ltr'><strong>Γ</strong></span> <span class='ocrx_word' id='word_1_239' title='bbox 3713 1857 3837 1912; x_wconf 83' lang='grc' dir='ltr'>ελά-</span> 
     </span>
    </p>
   </div>
   <div class='ocr_carea' id='block_1_34' title="bbox 585 1944 2175 2030">
    <p class='ocr_par' dir='ltr' id='par_1_34' title="bbox 585 1944 2168 2021">
     <span class='ocr_line' id='line_1_34' title="bbox 585 1944 2168 2021; baseline 0.007 -15"><span class='ocrx_word' id='word_1_240' title='bbox 585 1944 783 2021; x_wconf 87' lang='lat' dir='ltr'><strong>cuiari,</strong></span> <span class='ocrx_word' id='word_1_241' title='bbox 828 1971 935 2010; x_wconf 91' lang='lat' dir='ltr'><strong>non</strong></span> <span class='ocrx_word' id='word_1_242' title='bbox 992 1955 1239 2012; x_wconf 84' lang='lat' dir='ltr'><strong>cedebat.</strong></span> <span class='ocrx_word' id='word_1_243' title='bbox 1288 1958 1356 2013; x_wconf 76' lang='lat' dir='ltr'><strong>At</strong></span> <span class='ocrx_word' id='word_1_244' title='bbox 1391 1958 1623 2015; x_wconf 68' lang='lat' dir='ltr'><strong>\‘acatus</strong></span> <span class='ocrx_word' id='word_1_245' title='bbox 1650 1974 1774 2015; x_wconf 89' lang='lat' dir='ltr'><strong>cum</strong></span> <span class='ocrx_word' id='word_1_246' title='bbox 1823 1962 2168 2019; x_wconf 84' lang='lat' dir='ltr'><strong>observasset</strong></span> 
     </span>
    </p>
   </div>
   <div class='ocr_carea' id='block_1_35' title="bbox 2280 1944 3839 2030">
    <p class='ocr_par' dir='ltr' id='par_1_35' title="bbox 2280 1947 3839 2030">
     <span class='ocr_line' id='line_1_35' title="bbox 2280 1947 3839 2030; baseline -0.01 -17"><span class='ocrx_word' id='word_1_247' title='bbox 2280 1977 2405 2024; x_wconf 78' lang='grc' dir='ltr'>ςιος,</span> <span class='ocrx_word' id='word_1_248' title='bbox 2426 1960 2487 2013; x_wconf 78' lang='grc' dir='ltr'>οὐ</span> <span class='ocrx_word' id='word_1_249' title='bbox 2521 1958 2854 2030; x_wconf 75' lang='grc' dir='ltr'><strong>παρεχώρει.</strong></span> <span class='ocrx_word' id='word_1_250' title='bbox 2887 1952 3425 2026; x_wconf 75' lang='grc' dir='ltr'>Παρατηρησάμενος</span> <span class='ocrx_word' id='word_1_251' title='bbox 3456 1950 3512 2004; x_wconf 81' lang='grc' dir='ltr'><strong>δὲ</strong></span> <span class='ocrx_word' id='word_1_252' title='bbox 3541 1951 3569 2003; x_wconf 92' lang='lat'><strong>6</strong></span> <span class='ocrx_word' id='word_1_253' title='bbox 3589 1947 3839 2008; x_wconf 85' lang='grc' dir='ltr'>Βακάτος</span> 
     </span>
    </p>
   </div>
   <div class='ocr_carea' id='block_1_36' title="bbox 581 2032 2166 2115">
    <p class='ocr_par' dir='ltr' id='par_1_36' title="bbox 581 2032 2166 2115">
     <span class='ocr_line' id='line_1_36' title="bbox 581 2032 2166 2115; baseline 0.009 -16"><span class='ocrx_word' id='word_1_254' title='bbox 581 2045 829 2115; x_wconf 78' lang='lat' dir='ltr'><strong>iumenta</strong></span> <span class='ocrx_word' id='word_1_255' title='bbox 856 2048 1069 2103; x_wconf 86' lang='lat' dir='ltr'><strong>abbatis</strong></span> <span class='ocrx_word' id='word_1_256' title='bbox 1095 2032 1299 2104; x_wconf 26' lang='lat' dir='ltr'><strong>Ge‘lasii</strong></span> <span class='ocrx_word' id='word_1_257' title='bbox 1318 2050 1618 2108; x_wconf 79' lang='lat' dir='ltr'><strong>transferre</strong></span> <span class='ocrx_word' id='word_1_258' title='bbox 1639 2054 1790 2109; x_wconf 86' lang='lat' dir='ltr'><strong>oleas</strong></span> <span class='ocrx_word' id='word_1_259' title='bbox 1817 2056 1992 2110; x_wconf 87' lang='lat' dir='ltr'><strong>relicti</strong></span> <span class='ocrx_word' id='word_1_260' title='bbox 2018 2057 2166 2113; x_wconf 90' lang='lat' dir='ltr'><strong>illius</strong></span> 
     </span>
    </p>
   </div>
   <div class='ocr_carea' id='block_1_37' title="bbox 589 2137 2164 2217">
    <p class='ocr_par' dir='ltr' id='par_1_37' title="bbox 589 2137 2164 2217">
     <span class='ocr_line' id='line_1_37' title="bbox 589 2137 2164 2217; baseline 0.006 -25"><span class='ocrx_word' id='word_1_261' title='bbox 589 2137 798 2207; x_wconf 68' lang='lat' dir='ltr'><strong>prandii,</strong></span> <span class='ocrx_word' id='word_1_262' title='bbox 838 2154 933 2209; x_wconf 88' lang='lat' dir='ltr'><strong>per</strong></span> <span class='ocrx_word' id='word_1_263' title='bbox 971 2139 1080 2194; x_wconf 84' lang='lat' dir='ltr'><strong>vim</strong></span> <span class='ocrx_word' id='word_1_264' title='bbox 1109 2156 1174 2197; x_wconf 86' lang='lat' dir='ltr'><strong>ea</strong></span> <span class='ocrx_word' id='word_1_265' title='bbox 1215 2141 1489 2210; x_wconf 83' lang='lat' dir='ltr'><strong>distraxit,</strong></span> <span class='ocrx_word' id='word_1_266' title='bbox 1542 2144 1829 2217; x_wconf 85' lang='lat' dir='ltr'><strong>aiiatisque</strong></span> <span class='ocrx_word' id='word_1_267' title='bbox 1856 2147 1912 2202; x_wconf 88' lang='lat' dir='ltr'><strong>in</strong></span> <span class='ocrx_word' id='word_1_268' title='bbox 1944 2147 2164 2201; x_wconf 89' lang='lat' dir='ltr'><strong>domum</strong></span> 
     </span>
    </p>
   </div>
   <div class='ocr_carea' id='block_1_38' title="bbox 590 2225 2165 2309">
    <p class='ocr_par' dir='ltr' id='par_1_38' title="bbox 590 2225 2165 2309">
     <span class='ocr_line' id='line_1_38' title="bbox 590 2225 2165 2309; baseline 0.005 -24"><span class='ocrx_word' id='word_1_269' title='bbox 590 2245 746 2285; x_wconf 88' lang='lat' dir='ltr'><strong>suam</strong></span> <span class='ocrx_word' id='word_1_270' title='bbox 781 2232 936 2295; x_wconf 88' lang='lat' dir='ltr'><strong>oleis,</strong></span> <span class='ocrx_word' id='word_1_271' title='bbox 968 2232 1057 2287; x_wconf 83' lang='lat' dir='ltr'><strong>vix</strong></span> <span class='ocrx_word' id='word_1_272' title='bbox 1085 2225 1139 2288; x_wconf 79' lang='lat' dir='ltr'><strong>et</strong></span> <span class='ocrx_word' id='word_1_273' title='bbox 1170 2249 1295 2290; x_wconf 91' lang='lat' dir='ltr'><strong>cum</strong></span> <span class='ocrx_word' id='word_1_274' title='bbox 1328 2237 1656 2292; x_wconf 82' lang='lat' dir='ltr'><strong>contumelia</strong></span> <span class='ocrx_word' id='word_1_275' title='bbox 1687 2238 1900 2295; x_wconf 91' lang='lat' dir='ltr'><strong>remisit</strong></span> <span class='ocrx_word' id='word_1_276' title='bbox 1920 2239 2165 2309; x_wconf 88' lang='lat' dir='ltr'><strong>jumenta</strong></span> 
     </span>
    </p>
   </div>
   <div class='ocr_carea' id='block_1_39' title="bbox 591 2321 2171 2401">
    <p class='ocr_par' dir='ltr' id='par_1_39' title="bbox 591 2321 2171 2401">
     <span class='ocr_line' id='line_1_39' title="bbox 591 2321 2171 2401; baseline 0.006 -26"><span class='ocrx_word' id='word_1_277' title='bbox 591 2336 717 2377; x_wconf 91' lang='lat' dir='ltr'><strong>cum</strong></span> <span class='ocrx_word' id='word_1_278' title='bbox 748 2321 1130 2381; x_wconf 52' lang='lat' dir='ltr'><strong>’veterinariis.</strong></span> <span class='ocrx_word' id='word_1_279' title='bbox 1181 2324 1382 2383; x_wconf 87' lang='lat' dir='ltr'><strong>Beatus</strong></span> <span class='ocrx_word' id='word_1_280' title='bbox 1413 2340 1543 2384; x_wconf 90' lang='lat' dir='ltr'><strong>vero</strong></span> <span class='ocrx_word' id='word_1_281' title='bbox 1588 2343 1755 2384; x_wconf 83' lang='lat' dir='ltr'><strong>senex</strong></span> <span class='ocrx_word' id='word_1_282' title='bbox 1837 2329 2020 2400; x_wconf 74' lang='lat' dir='ltr'><strong>fruges</strong></span> <span class='ocrx_word' id='word_1_283' title='bbox 2050 2331 2171 2401; x_wconf 89' lang='lat' dir='ltr'><strong>qui-</strong></span> 
     </span>
    </p>
   </div>
   <div class='ocr_carea' id='block_1_40' title="bbox 592 2415 2171 2492">
    <p class='ocr_par' dir='ltr' id='par_1_40' title="bbox 592 2415 2171 2492">
     <span class='ocr_line' id='line_1_40' title="bbox 592 2415 2171 2492; baseline 0.006 -25"><span class='ocrx_word' id='word_1_284' title='bbox 592 2415 714 2469; x_wconf 83' lang='lat' dir='ltr'><strong>dem</strong></span> <span class='ocrx_word' id='word_1_285' title='bbox 748 2429 1092 2487; x_wconf 87' lang='lat' dir='ltr'><strong>nequaquam</strong></span> <span class='ocrx_word' id='word_1_286' title='bbox 1123 2418 1436 2475; x_wconf 77' lang='lat' dir='ltr'><strong>vindicabat</strong></span> <span class='ocrx_word' id='word_1_287' title='bbox 1465 2417 1593 2485; x_wconf 84' lang='lat' dir='ltr'><strong>sibi,</strong></span> <span class='ocrx_word' id='word_1_288' title='bbox 1626 2420 1721 2476; x_wconf 90' lang='lat' dir='ltr'><strong>sed</strong></span> <span class='ocrx_word' id='word_1_289' title='bbox 1763 2420 1953 2492; x_wconf 68' lang='lat' dir='ltr'><strong>praelii</strong></span> <span class='ocrx_word' id='word_1_290' title='bbox 1991 2420 2171 2476; x_wconf 88' lang='lat' dir='ltr'><strong>domi-</strong></span> 
     </span>
    </p>
   </div>
   <div class='ocr_carea' id='block_1_41' title="bbox 594 2502 2174 2583">
    <p class='ocr_par' dir='ltr' id='par_1_41' title="bbox 594 2502 2174 2583">
     <span class='ocr_line' id='line_1_41' title="bbox 594 2502 2174 2583; baseline 0.007 -27"><span class='ocrx_word' id='word_1_291' title='bbox 594 2502 688 2558; x_wconf 89' lang='lat' dir='ltr'><strong>nio</strong></span> <span class='ocrx_word' id='word_1_292' title='bbox 720 2503 914 2561; x_wconf 82' lang='lat' dir='ltr'><strong>cedere</strong></span> <span class='ocrx_word' id='word_1_293' title='bbox 944 2506 1186 2573; x_wconf 87' lang='lat' dir='ltr'><strong>nolebat,</strong></span> <span class='ocrx_word' id='word_1_294' title='bbox 1234 2509 1307 2564; x_wconf 92' lang='lat' dir='ltr'><strong>ob</strong></span> <span class='ocrx_word' id='word_1_295' title='bbox 1353 2508 1669 2580; x_wconf 67' lang='lat' dir='ltr'><strong>praedictam</strong></span> <span class='ocrx_word' id='word_1_296' title='bbox 1710 2525 1955 2567; x_wconf 85' lang='lat' dir='ltr'><strong>causam.</strong></span> <span class='ocrx_word' id='word_1_297' title='bbox 2006 2510 2174 2583; x_wconf 75' lang='lat' dir='ltr'><strong>igitur</strong></span> 
     </span>
    </p>
   </div>
   <div class='ocr_carea' id='block_1_42' title="bbox 594 2598 2172 2671">
    <p class='ocr_par' dir='ltr' id='par_1_42' title="bbox 594 2598 2172 2671">
     <span class='ocr_line' id='line_1_42' title="bbox 594 2598 2172 2671; baseline 0.006 -24"><span class='ocrx_word' id='word_1_298' title='bbox 594 2602 786 2650; x_wconf 82' lang='lat' dir='ltr'><strong>contra</strong></span> <span class='ocrx_word' id='word_1_299' title='bbox 817 2611 940 2651; x_wconf 89' lang='lat' dir='ltr'><strong>eum</strong></span> <span class='ocrx_word' id='word_1_300' title='bbox 980 2599 1344 2655; x_wconf 82' lang='lat' dir='ltr'><strong>exardescens</strong></span> <span class='ocrx_word' id='word_1_301' title='bbox 1371 2598 1611 2656; x_wconf 83' lang='lat' dir='ltr'><strong>Vacatus</strong></span> <span class='ocrx_word' id='word_1_302' title='bbox 1634 2640 1649 2665; x_wconf 93' lang='lat'><strong>,</strong></span> <span class='ocrx_word' id='word_1_303' title='bbox 1681 2599 1802 2656; x_wconf 83' lang='lat' dir='ltr'><strong>aliis</strong></span> <span class='ocrx_word' id='word_1_304' title='bbox 1835 2615 2053 2671; x_wconf 90' lang='lat' dir='ltr'><strong>quoque</strong></span> <span class='ocrx_word' id='word_1_305' title='bbox 2079 2616 2172 2656; x_wconf 91' lang='lat' dir='ltr'><strong>ne-</strong></span> 
     </span>
    </p>
   </div>
   <div class='ocr_carea' id='block_1_43' title="bbox 594 2684 2169 2762">
    <p class='ocr_par' dir='ltr' id='par_1_43' title="bbox 594 2684 2169 2762">
     <span class='ocr_line' id='line_1_43' title="bbox 594 2684 2169 2762; baseline 0.005 -23"><span class='ocrx_word' id='word_1_306' title='bbox 594 2684 759 2751; x_wconf 76' lang='lat' dir='ltr'><strong>gotiis</strong></span> <span class='ocrx_word' id='word_1_307' title='bbox 802 2686 1179 2753; x_wconf 90' lang='lat' dir='ltr'><strong>trahentibus,</strong></span> <span class='ocrx_word' id='word_1_308' title='bbox 1217 2706 1339 2745; x_wconf 92' lang='lat' dir='ltr'><strong>nam</strong></span> <span class='ocrx_word' id='word_1_309' title='bbox 1377 2692 1649 2762; x_wconf 80' lang='lat' dir='ltr'><strong>litigiosus</strong></span> <span class='ocrx_word' id='word_1_310' title='bbox 1682 2700 1800 2747; x_wconf 89' lang='lat' dir='ltr'><strong>erat</strong></span> <span class='ocrx_word' id='word_1_311' title='bbox 1831 2734 1846 2758; x_wconf 89' lang='lat'><strong>,</strong></span> <span class='ocrx_word' id='word_1_312' title='bbox 1896 2692 2169 2749; x_wconf 83' lang='lat' dir='ltr'><strong>Constan-</strong></span> 
     </span>
    </p>
   </div>
   <div class='ocr_carea' id='block_1_44' title="bbox 597 2777 2176 2857">
    <p class='ocr_par' dir='ltr' id='par_1_44' title="bbox 597 2777 2176 2857">
     <span class='ocr_line' id='line_1_44' title="bbox 597 2777 2176 2857; baseline 0.008 -30"><span class='ocrx_word' id='word_1_313' title='bbox 597 2777 878 2846; x_wconf 91' lang='lat' dir='ltr'><strong>tinopolim</strong></span> <span class='ocrx_word' id='word_1_314' title='bbox 909 2779 1159 2837; x_wconf 89' lang='lat' dir='ltr'><strong>concitus</strong></span> <span class='ocrx_word' id='word_1_315' title='bbox 1191 2782 1450 2852; x_wconf 78' lang='lat' dir='ltr'><strong>perrexit,</strong></span> <span class='ocrx_word' id='word_1_316' title='bbox 1504 2783 1739 2854; x_wconf 81' lang='lat' dir='ltr'><strong>pedestri</strong></span> <span class='ocrx_word' id='word_1_317' title='bbox 1791 2784 1983 2841; x_wconf 87' lang='lat' dir='ltr'><strong>itinere</strong></span> <span class='ocrx_word' id='word_1_318' title='bbox 2012 2785 2176 2857; x_wconf 84' lang='lat' dir='ltr'><strong>profi-</strong></span> 
     </span>
    </p>
   </div>
   <div class='ocr_carea' id='block_1_45' title="bbox 597 2866 2172 2943">
    <p class='ocr_par' dir='ltr' id='par_1_45' title="bbox 597 2866 2172 2943">
     <span class='ocr_line' id='line_1_45' title="bbox 597 2866 2172 2943; baseline 0.006 -22"><span class='ocrx_word' id='word_1_319' title='bbox 597 2866 829 2925; x_wconf 84' lang='lat' dir='ltr'><strong>eiscens.</strong></span> <span class='ocrx_word' id='word_1_320' title='bbox 881 2870 1015 2926; x_wconf 77' lang='lat' dir='ltr'><strong>Cum</strong></span> <span class='ocrx_word' id='word_1_321' title='bbox 1064 2880 1245 2928; x_wconf 86' lang='lat' dir='ltr'><strong>autem</strong></span> <span class='ocrx_word' id='word_1_322' title='bbox 1298 2875 1537 2931; x_wconf 77' lang='lat' dir='ltr'><strong>venisset</strong></span> <span class='ocrx_word' id='word_1_323' title='bbox 1585 2875 1733 2931; x_wconf 88' lang='lat' dir='ltr'><strong>circa</strong></span> <span class='ocrx_word' id='word_1_324' title='bbox 1790 2875 2172 2943; x_wconf 85' lang='lat' dir='ltr'><strong>Antiochiam,</strong></span> 
     </span>
    </p>
   </div>
   <div class='ocr_carea' id='block_1_46' title="bbox 598 2961 2175 3039">
    <p class='ocr_par' dir='ltr' id='par_1_46' title="bbox 598 2961 2175 3039">
     <span class='ocr_line' id='line_1_46' title="bbox 598 2961 2175 3039; baseline 0.009 -29"><span class='ocrx_word' id='word_1_325' title='bbox 598 2968 732 3014; x_wconf 93' lang='lat' dir='ltr'><strong>tunc</strong></span> <span class='ocrx_word' id='word_1_326' title='bbox 760 2961 932 3017; x_wconf 84' lang='lat' dir='ltr'><strong>instar</strong></span> <span class='ocrx_word' id='word_1_327' title='bbox 962 2964 1250 3020; x_wconf 89' lang='lat' dir='ltr'><strong>luminaris</strong></span> <span class='ocrx_word' id='word_1_328' title='bbox 1284 2967 1464 3036; x_wconf 78' lang='lat' dir='ltr'><strong>magni</strong></span> <span class='ocrx_word' id='word_1_329' title='bbox 1493 2967 1731 3038; x_wconf 84' lang='lat' dir='ltr'><strong>fulgente</strong></span> <span class='ocrx_word' id='word_1_330' title='bbox 1758 2967 1918 3023; x_wconf 88' lang='lat' dir='ltr'><strong>beato</strong></span> <span class='ocrx_word' id='word_1_331' title='bbox 1946 2967 2175 3039; x_wconf 87' lang='lat' dir='ltr'><strong>Symeo-</strong></span> 
     </span>
    </p>
   </div>
   <div class='ocr_carea' id='block_1_47' title="bbox 598 3053 2162 3129">
    <p class='ocr_par' dir='ltr' id='par_1_47' title="bbox 598 3053 2162 3129">
     <span class='ocr_line' id='line_1_47' title="bbox 598 3053 2162 3129; baseline 0.006 -24"><span class='ocrx_word' id='word_1_332' title='bbox 598 3067 690 3115; x_wconf 90' lang='lat' dir='ltr'><strong>ne,</strong></span> <span class='ocrx_word' id='word_1_333' title='bbox 720 3053 950 3108; x_wconf 84' lang='lat' dir='ltr'><strong>audiens</strong></span> <span class='ocrx_word' id='word_1_334' title='bbox 980 3071 1100 3125; x_wconf 85' lang='lat' dir='ltr'><strong>quae</strong></span> <span class='ocrx_word' id='word_1_335' title='bbox 1126 3055 1193 3125; x_wconf 82' lang='lat' dir='ltr'><strong>de</strong></span> <span class='ocrx_word' id='word_1_336' title='bbox 1220 3055 1312 3110; x_wconf 91' lang='lat' dir='ltr'><strong>illo</strong></span> <span class='ocrx_word' id='word_1_337' title='bbox 1343 3056 1657 3115; x_wconf 87' lang='lat' dir='ltr'><strong>ferebantur</strong></span> <span class='ocrx_word' id='word_1_338' title='bbox 1685 3058 1987 3129; x_wconf 88' lang='lat' dir='ltr'><strong>(humanas</strong></span> <span class='ocrx_word' id='word_1_339' title='bbox 2015 3060 2162 3114; x_wconf 88' lang='lat' dir='ltr'><strong>enim</strong></span> 
     </span>
    </p>
   </div>
   <div class='ocr_carea' id='block_1_48' title="bbox 598 3142 2173 3220">
    <p class='ocr_par' dir='ltr' id='par_1_48' title="bbox 598 3142 2173 3220">
     <span class='ocr_line' id='line_1_48' title="bbox 598 3142 2173 3220; baseline 0.01 -29"><span class='ocrx_word' id='word_1_340' title='bbox 598 3142 747 3198; x_wconf 78' lang='lat' dir='ltr'><strong>vires</strong></span> <span class='ocrx_word' id='word_1_341' title='bbox 768 3145 1146 3217; x_wconf 84' lang='lat' dir='ltr'><strong>superabant),</strong></span> <span class='ocrx_word' id='word_1_342' title='bbox 1172 3147 1503 3204; x_wconf 85' lang='lat' dir='ltr'><strong>desideravit</strong></span> <span class='ocrx_word' id='word_1_343' title='bbox 1533 3157 1791 3220; x_wconf 83' lang='lat' dir='ltr'><strong>tanquam</strong></span> <span class='ocrx_word' id='word_1_344' title='bbox 1821 3149 2173 3207; x_wconf 85' lang='lat' dir='ltr'><strong>Christianus</strong></span> 
     </span>
    </p>
   </div>
   <div class='ocr_carea' id='block_1_49' title="bbox 602 3233 2176 3310">
    <p class='ocr_par' dir='ltr' id='par_1_49' title="bbox 602 3233 2176 3310">
     <span class='ocr_line' id='line_1_49' title="bbox 602 3233 2176 3310; baseline 0.006 -23"><span class='ocrx_word' id='word_1_345' title='bbox 602 3241 857 3287; x_wconf 87' lang='lat' dir='ltr'><strong>sanctum</strong></span> <span class='ocrx_word' id='word_1_346' title='bbox 900 3233 1107 3292; x_wconf 85' lang='lat' dir='ltr'><strong>videre.</strong></span> <span class='ocrx_word' id='word_1_347' title='bbox 1145 3236 1213 3290; x_wconf 88' lang='lat' dir='ltr'><strong>At</strong></span> <span class='ocrx_word' id='word_1_348' title='bbox 1262 3247 1489 3295; x_wconf 88' lang='lat' dir='ltr'><strong>sanctus</strong></span> <span class='ocrx_word' id='word_1_349' title='bbox 1536 3238 1793 3310; x_wconf 84' lang='lat' dir='ltr'><strong>Symeon,</strong></span> <span class='ocrx_word' id='word_1_350' title='bbox 1834 3256 1864 3295; x_wconf 92' lang='lat' dir='ltr'><strong>e</strong></span> <span class='ocrx_word' id='word_1_351' title='bbox 1922 3241 2176 3297; x_wconf 87' lang='lat' dir='ltr'><strong>columna</strong></span> 
     </span>
    </p>
   </div>
   <div class='ocr_carea' id='block_1_50' title="bbox 2264 2039 3839 2116">
    <p class='ocr_par' dir='ltr' id='par_1_50' title="bbox 2264 2039 3839 2116">
     <span class='ocr_line' id='line_1_50' title="bbox 2264 2039 3839 2116; baseline -0.01 -11"><span class='ocrx_word' id='word_1_352' title='bbox 2264 2053 2333 2107; x_wconf 74' lang='grc' dir='ltr'><strong>τὰ</strong></span> <span class='ocrx_word' id='word_1_353' title='bbox 2368 2052 2483 2115; x_wconf 80' lang='grc' dir='ltr'><strong>ζῶα</strong></span> <span class='ocrx_word' id='word_1_354' title='bbox 2511 2051 2604 2104; x_wconf 78' lang='grc' dir='ltr'>τοῦ</span> <span class='ocrx_word' id='word_1_355' title='bbox 2639 2049 2784 2103; x_wconf 71' lang='grc' dir='ltr'><strong>ἀδεᾶ</strong></span> <span class='ocrx_word' id='word_1_356' title='bbox 2821 2048 3076 2101; x_wconf 87' lang='grc' dir='ltr'>Γελασίου</span> <span class='ocrx_word' id='word_1_357' title='bbox 3111 2043 3483 2115; x_wconf 75' lang='grc' dir='ltr'>μεταφέροντα</span> <span class='ocrx_word' id='word_1_358' title='bbox 3520 2041 3617 2103; x_wconf 78' lang='grc' dir='ltr'>τὰς</span> <span class='ocrx_word' id='word_1_359' title='bbox 3649 2039 3839 2116; x_wconf 63' lang='grc' dir='ltr'>ἐλαίας</span> 
     </span>
    </p>
   </div>
   <div class='ocr_carea' id='block_1_51' title="bbox 2263 2132 3843 2211">
    <p class='ocr_par' dir='ltr' id='par_1_51' title="bbox 2263 2132 3843 2211">
     <span class='ocr_line' id='line_1_51' title="bbox 2263 2132 3843 2211; baseline -0.009 -14"><span class='ocrx_word' id='word_1_360' title='bbox 2263 2144 2357 2197; x_wconf 79' lang='grc' dir='ltr'>τοῦ</span> <span class='ocrx_word' id='word_1_361' title='bbox 2389 2142 2836 2211; x_wconf 74' lang='grc' dir='ltr'><strong>καταλειφθέντος</strong></span> <span class='ocrx_word' id='word_1_362' title='bbox 2862 2138 3069 2211; x_wconf 72' lang='grc' dir='ltr'>,χωρίου</span> <span class='ocrx_word' id='word_1_363' title='bbox 3093 2135 3261 2207; x_wconf 81' lang='grc' dir='ltr'>αύτῷ,</span> <span class='ocrx_word' id='word_1_364' title='bbox 3299 2134 3486 2205; x_wconf 81' lang='grc' dir='ltr'>βιαίως</span> <span class='ocrx_word' id='word_1_365' title='bbox 3500 2132 3672 2186; x_wconf 75' lang='grc' dir='ltr'>ταῦτα</span> <span class='ocrx_word' id='word_1_366' title='bbox 3701 2133 3843 2183; x_wconf 82' lang='grc' dir='ltr'>ἀπο-</span> 
     </span>
    </p>
   </div>
   <div class='ocr_carea' id='block_1_52' title="bbox 2268 2220 3846 2298">
    <p class='ocr_par' dir='ltr' id='par_1_52' title="bbox 2268 2220 3846 2298">
     <span class='ocr_line' id='line_1_52' title="bbox 2268 2220 3846 2298; baseline -0.011 -10"><span class='ocrx_word' id='word_1_367' title='bbox 2268 2235 2502 2298; x_wconf 76' lang='grc' dir='ltr'>σπάσας,</span> <span class='ocrx_word' id='word_1_368' title='bbox 2542 2235 2623 2296; x_wconf 84' lang='grc' dir='ltr'><strong>είς</strong></span> <span class='ocrx_word' id='word_1_369' title='bbox 2657 2232 2746 2284; x_wconf 77' lang='grc' dir='ltr'>τὸν</span> <span class='ocrx_word' id='word_1_370' title='bbox 2766 2226 2911 2283; x_wconf 78' lang='grc' dir='ltr'>οἷκον</span> <span class='ocrx_word' id='word_1_371' title='bbox 2931 2226 3091 2283; x_wconf 82' lang='grc' dir='ltr'>αύτοῦ</span> <span class='ocrx_word' id='word_1_372' title='bbox 3129 2226 3228 2286; x_wconf 85' lang='grc' dir='ltr'><strong>τὰς</strong></span> <span class='ocrx_word' id='word_1_373' title='bbox 3265 2224 3448 2288; x_wconf 77' lang='grc' dir='ltr'>ἐλαίας</span> <span class='ocrx_word' id='word_1_374' title='bbox 3469 2220 3667 2284; x_wconf 79' lang='grc' dir='ltr'>λαϐὼν,</span> <span class='ocrx_word' id='word_1_375' title='bbox 3691 2220 3846 2290; x_wconf 78' lang='grc' dir='ltr'>μόλις</span> 
     </span>
    </p>
   </div>
   <div class='ocr_carea' id='block_1_53' title="bbox 2270 2310 3849 2400">
    <p class='ocr_par' dir='ltr' id='par_1_53' title="bbox 2270 2310 3849 2400">
     <span class='ocr_line' id='line_1_53' title="bbox 2270 2310 3849 2400; baseline -0.012 -19"><span class='ocrx_word' id='word_1_376' title='bbox 2270 2326 2408 2400; x_wconf 74' lang='grc' dir='ltr'>μετὰ</span> <span class='ocrx_word' id='word_1_377' title='bbox 2430 2324 2652 2395; x_wconf 77' lang='grc' dir='ltr'>ἀτιμίας</span> <span class='ocrx_word' id='word_1_378' title='bbox 2684 2322 2917 2376; x_wconf 77' lang='grc' dir='ltr'>ἀπέλυσε</span> <span class='ocrx_word' id='word_1_379' title='bbox 2942 2321 3008 2374; x_wconf 75' lang='grc' dir='ltr'><strong>τὰ</strong></span> <span class='ocrx_word' id='word_1_380' title='bbox 3034 2319 3145 2385; x_wconf 75' lang='grc' dir='ltr'><strong>ζῶα</strong></span> <span class='ocrx_word' id='word_1_381' title='bbox 3174 2318 3309 2388; x_wconf 76' lang='grc' dir='ltr'>μετὰ</span> <span class='ocrx_word' id='word_1_382' title='bbox 3328 2315 3437 2369; x_wconf 80' lang='grc' dir='ltr'>τῶν</span> <span class='ocrx_word' id='word_1_383' title='bbox 3456 2312 3724 2385; x_wconf 80' lang='grc' dir='ltr'>κτηνιτῶν</span> <span class='ocrx_word' id='word_1_384' title='bbox 3752 2310 3849 2364; x_wconf 77' lang='grc' dir='ltr'><strong>αὑ-</strong></span> 
     </span>
    </p>
   </div>
   <div class='ocr_carea' id='block_1_54' title="bbox 2266 2404 3850 2488">
    <p class='ocr_par' dir='ltr' id='par_1_54' title="bbox 2266 2404 3850 2488">
     <span class='ocr_line' id='line_1_54' title="bbox 2266 2404 3850 2488; baseline -0.012 -14"><span class='ocrx_word' id='word_1_385' title='bbox 2266 2421 2395 2474; x_wconf 79' lang='grc' dir='ltr'>τῶν.</span> <span class='ocrx_word' id='word_1_386' title='bbox 2436 2417 2497 2473; x_wconf 86' lang='grc' dir='ltr'><strong>Ὀ</strong></span> <span class='ocrx_word' id='word_1_387' title='bbox 2516 2418 2574 2471; x_wconf 81' lang='grc' dir='ltr'><strong>δὲ</strong></span> <span class='ocrx_word' id='word_1_388' title='bbox 2604 2415 2874 2488; x_wconf 77' lang='grc' dir='ltr'>μακάριος</span> <span class='ocrx_word' id='word_1_389' title='bbox 2887 2415 3063 2486; x_wconf 86' lang='grc' dir='ltr'>γέρων</span> <span class='ocrx_word' id='word_1_390' title='bbox 3093 2411 3187 2467; x_wconf 84' lang='grc' dir='ltr'>τοῦ</span> <span class='ocrx_word' id='word_1_391' title='bbox 3213 2412 3311 2482; x_wconf 78' lang='grc' dir='ltr'>μὲν</span> <span class='ocrx_word' id='word_1_392' title='bbox 3327 2406 3540 2479; x_wconf 83' lang='grc' dir='ltr'><strong>καρποῦ</strong></span> <span class='ocrx_word' id='word_1_393' title='bbox 3567 2405 3675 2460; x_wconf 76' lang='grc' dir='ltr'><strong>οὐδ’</strong></span> <span class='ocrx_word' id='word_1_394' title='bbox 3710 2404 3850 2467; x_wconf 83' lang='grc' dir='ltr'><strong>ὅλως</strong></span> 
     </span>
    </p>
   </div>
   <div class='ocr_carea' id='block_1_55' title="bbox 2267 2494 3853 2579">
    <p class='ocr_par' dir='ltr' id='par_1_55' title="bbox 2267 2494 3853 2579">
     <span class='ocr_line' id='line_1_55' title="bbox 2267 2494 3853 2579; baseline -0.013 -12"><span class='ocrx_word' id='word_1_395' title='bbox 2267 2509 2619 2579; x_wconf 80' lang='grc' dir='ltr'>ἀντεποιήθη,</span> <span class='ocrx_word' id='word_1_396' title='bbox 2644 2510 2743 2578; x_wconf 79' lang='grc' dir='ltr'>τῆς</span> <span class='ocrx_word' id='word_1_397' title='bbox 2759 2507 2813 2559; x_wconf 75' lang='grc' dir='ltr'><strong>δὲ</strong></span> <span class='ocrx_word' id='word_1_398' title='bbox 2841 2504 3156 2567; x_wconf 84' lang='grc' dir='ltr'>δεσποτείας</span> <span class='ocrx_word' id='word_1_399' title='bbox 3181 2502 3274 2556; x_wconf 81' lang='grc' dir='ltr'><strong>τοῦ</strong></span> <span class='ocrx_word' id='word_1_400' title='bbox 3299 2500 3499 2571; x_wconf 82' lang='grc' dir='ltr'>χωρίου</span> <span class='ocrx_word' id='word_1_401' title='bbox 3513 2499 3572 2550; x_wconf 80' lang='grc' dir='ltr'>οὐ</span> <span class='ocrx_word' id='word_1_402' title='bbox 3596 2494 3853 2567; x_wconf 79' lang='grc' dir='ltr'>παρεχώ-</span> 
     </span>
    </p>
   </div>
   <div class='ocr_carea' id='block_1_56' title="bbox 2273 2586 3855 2673">
    <p class='ocr_par' dir='ltr' id='par_1_56' title="bbox 2273 2586 3855 2673">
     <span class='ocr_line' id='line_1_56' title="bbox 2273 2586 3855 2673; baseline -0.011 -19"><span class='ocrx_word' id='word_1_403' title='bbox 2273 2617 2426 2673; x_wconf 80' lang='grc' dir='ltr'>ρησε,</span> <span class='ocrx_word' id='word_1_404' title='bbox 2459 2599 2549 2652; x_wconf 78' lang='grc' dir='ltr'><strong>διὰ</strong></span> <span class='ocrx_word' id='word_1_405' title='bbox 2584 2600 2683 2668; x_wconf 76' lang='grc' dir='ltr'>τὴν</span> <span class='ocrx_word' id='word_1_406' title='bbox 2698 2596 2997 2669; x_wconf 79' lang='grc' dir='ltr'>εἰρημένην</span> <span class='ocrx_word' id='word_1_407' title='bbox 3019 2594 3216 2649; x_wconf 77' lang='grc' dir='ltr'>αἰτίαν.</span> <span class='ocrx_word' id='word_1_408' title='bbox 3247 2593 3362 2661; x_wconf 67' lang='grc' dir='ltr'>Ἐφ’</span> <span class='ocrx_word' id='word_1_409' title='bbox 3393 2591 3451 2643; x_wconf 80' lang='grc' dir='ltr'>ὃν</span> <span class='ocrx_word' id='word_1_410' title='bbox 3474 2586 3855 2656; x_wconf 70' lang='grc' dir='ltr'><strong>¹⁹ἐξαφθεὶςὸ</strong></span> 
     </span>
    </p>
   </div>
   <div class='ocr_carea' id='block_1_57' title="bbox 2270 2677 3855 2763">
    <p class='ocr_par' dir='ltr' id='par_1_57' title="bbox 2270 2677 3855 2763">
     <span class='ocr_line' id='line_1_57' title="bbox 2270 2677 3855 2763; baseline -0.012 -16"><span class='ocrx_word' id='word_1_411' title='bbox 2270 2689 2747 2763; x_wconf 82' lang='grc' dir='ltr'>Βακάτος,χρε;ὧν</span> <span class='ocrx_word' id='word_1_412' title='bbox 2777 2690 2872 2743; x_wconf 80' lang='grc' dir='ltr'>καὶ</span> <span class='ocrx_word' id='word_1_413' title='bbox 2892 2687 3064 2742; x_wconf 81' lang='grc' dir='ltr'>ἄλλων</span> <span class='ocrx_word' id='word_1_414' title='bbox 3081 2683 3352 2738; x_wconf 78' lang='grc' dir='ltr'>ἑλκουσῶν</span> <span class='ocrx_word' id='word_1_415' title='bbox 3382 2677 3855 2750; x_wconf 72' lang='grc' dir='ltr'>αύτὺν(φιλόδικος</span> 
     </span>
    </p>
   </div>
   <div class='ocr_carea' id='block_1_58' title="bbox 2270 2765 3858 2855">
    <p class='ocr_par' dir='ltr' id='par_1_58' title="bbox 2270 2765 3858 2855">
     <span class='ocr_line' id='line_1_58' title="bbox 2270 2765 3858 2855; baseline -0.013 -18"><span class='ocrx_word' id='word_1_416' title='bbox 2270 2782 2381 2854; x_wconf 80' lang='grc' dir='ltr'><strong>γὰρ</strong></span> <span class='ocrx_word' id='word_1_417' title='bbox 2406 2777 2522 2855; x_wconf 81' lang='grc' dir='ltr'>ἦν),</span> <span class='ocrx_word' id='word_1_418' title='bbox 2554 2781 2646 2833; x_wconf 71' lang='grc' dir='ltr'><strong>ἐπὶ</strong></span> <span class='ocrx_word' id='word_1_419' title='bbox 2662 2774 3226 2834; x_wconf 84' lang='grc' dir='ltr'>Κωνσταντινούπολιν</span> <span class='ocrx_word' id='word_1_420' title='bbox 3251 2773 3418 2843; x_wconf 82' lang='grc' dir='ltr'>ὁρμᾷ,</span> <span class='ocrx_word' id='word_1_421' title='bbox 3439 2768 3575 2838; x_wconf 78' lang='grc' dir='ltr'>πεζῇ</span> <span class='ocrx_word' id='word_1_422' title='bbox 3601 2767 3697 2837; x_wconf 77' lang='grc' dir='ltr'>τὴν</span> <span class='ocrx_word' id='word_1_423' title='bbox 3715 2765 3858 2819; x_wconf 73' lang='grc' dir='ltr'>ὁδοι-</span> 
     </span>
    </p>
   </div>
   <div class='ocr_carea' id='block_1_59' title="bbox 2271 2860 3856 2948">
    <p class='ocr_par' dir='ltr' id='par_1_59' title="bbox 2271 2860 3856 2948">
     <span class='ocr_line' id='line_1_59' title="bbox 2271 2860 3856 2948; baseline -0.012 -19"><span class='ocrx_word' id='word_1_424' title='bbox 2271 2875 2469 2948; x_wconf 86' lang='grc' dir='ltr'>πορίαν</span> <span class='ocrx_word' id='word_1_425' title='bbox 2483 2872 2634 2927; x_wconf 84' lang='grc' dir='ltr'>ποιού</span> <span class='ocrx_word' id='word_1_426' title='bbox 2644 2889 2821 2943; x_wconf 78' lang='grc' dir='ltr'>μενος.</span> <span class='ocrx_word' id='word_1_427' title='bbox 2837 2870 3130 2940; x_wconf 77' lang='grc' dir='ltr'>Γενόμενος</span> <span class='ocrx_word' id='word_1_428' title='bbox 3144 2866 3201 2919; x_wconf 83' lang='grc' dir='ltr'><strong>δὲ</strong></span> <span class='ocrx_word' id='word_1_429' title='bbox 3222 2864 3361 2919; x_wconf 84' lang='grc' dir='ltr'>κατὰ</span> <span class='ocrx_word' id='word_1_430' title='bbox 3375 2863 3472 2934; x_wconf 79' lang='grc' dir='ltr'>τὴν</span> <span class='ocrx_word' id='word_1_431' title='bbox 3497 2860 3856 2929; x_wconf 78' lang='grc' dir='ltr'>Ἀντιόχειαν,</span> 
     </span>
    </p>
   </div>
   <div class='ocr_carea' id='block_1_60' title="bbox 2272 2949 3861 3031">
    <p class='ocr_par' dir='ltr' id='par_1_60' title="bbox 2272 2949 3861 3031">
     <span class='ocr_line' id='line_1_60' title="bbox 2272 2949 3861 3031; baseline -0.011 -14"><span class='ocrx_word' id='word_1_432' title='bbox 2272 2964 2392 3018; x_wconf 77' lang='grc' dir='ltr'>τότε</span> <span class='ocrx_word' id='word_1_433' title='bbox 2421 2962 2496 3026; x_wconf 86' lang='grc' dir='ltr'>ὼς</span> <span class='ocrx_word' id='word_1_434' title='bbox 2533 2960 2769 3031; x_wconf 81' lang='grc' dir='ltr'>μεγάλου</span> <span class='ocrx_word' id='word_1_435' title='bbox 2798 2959 3079 3028; x_wconf 80' lang='grc' dir='ltr'>φωστῆρος</span> <span class='ocrx_word' id='word_1_436' title='bbox 3098 2955 3406 3026; x_wconf 83' lang='grc' dir='ltr'>λάμποντος</span> <span class='ocrx_word' id='word_1_437' title='bbox 3432 2951 3526 3006; x_wconf 80' lang='grc' dir='ltr'>τοῦ</span> <span class='ocrx_word' id='word_1_438' title='bbox 3561 2952 3723 3018; x_wconf 80' lang='grc' dir='ltr'>ἁγίου</span> <span class='ocrx_word' id='word_1_439' title='bbox 3761 2949 3861 3001; x_wconf 85' lang='grc' dir='ltr'><strong>Συ-</strong></span> 
     </span>
    </p>
   </div>
   <div class='ocr_carea' id='block_1_61' title="bbox 2278 3038 3861 3126">
    <p class='ocr_par' dir='ltr' id='par_1_61' title="bbox 2278 3038 3861 3126">
     <span class='ocr_line' id='line_1_61' title="bbox 2278 3038 3861 3126; baseline -0.01 -19"><span class='ocrx_word' id='word_1_440' title='bbox 2278 3053 2444 3126; x_wconf 86' lang='grc' dir='ltr'>μεὼν,</span> <span class='ocrx_word' id='word_1_441' title='bbox 2463 3053 2530 3106; x_wconf 71' lang='grc' dir='ltr'><strong>τὰ</strong></span> <span class='ocrx_word' id='word_1_442' title='bbox 2553 3052 2671 3105; x_wconf 80' lang='grc' dir='ltr'>κατ’</span> <span class='ocrx_word' id='word_1_443' title='bbox 2691 3051 2850 3106; x_wconf 73' lang='grc' dir='ltr'>αὐτὸν</span> <span class='ocrx_word' id='word_1_444' title='bbox 2864 3050 3096 3113; x_wconf 81' lang='grc' dir='ltr'>ἀκούσας</span> <span class='ocrx_word' id='word_1_445' title='bbox 3128 3047 3291 3118; x_wconf 75' lang='grc' dir='ltr'>(ὑπὲρ</span> <span class='ocrx_word' id='word_1_446' title='bbox 3317 3046 3599 3117; x_wconf 58' lang='grc' dir='ltr'>ἄνθρωπον</span> <span class='ocrx_word' id='word_1_447' title='bbox 3614 3044 3726 3115; x_wconf 83' lang='grc' dir='ltr'><strong>γὰρ</strong></span> <span class='ocrx_word' id='word_1_448' title='bbox 3749 3038 3861 3114; x_wconf 76' lang='grc' dir='ltr'>ἦν),</span> 
     </span>
    </p>
   </div>
   <div class='ocr_carea' id='block_1_62' title="bbox 2287 3131 3861 3211">
    <p class='ocr_par' dir='ltr' id='par_1_62' title="bbox 2287 3131 3861 3211">
     <span class='ocr_line' id='line_1_62' title="bbox 2287 3131 3861 3211; baseline -0.009 -15"><span class='ocrx_word' id='word_1_449' title='bbox 2287 3141 2630 3211; x_wconf 79' lang='grc' dir='ltr'>ἐπεθύμησεν</span> <span class='ocrx_word' id='word_1_450' title='bbox 2695 3139 2772 3202; x_wconf 84' lang='grc' dir='ltr'>ὼς</span> <span class='ocrx_word' id='word_1_451' title='bbox 2829 3136 3135 3210; x_wconf 83' lang='grc' dir='ltr'>χριστιανὸς</span> <span class='ocrx_word' id='word_1_452' title='bbox 3175 3135 3265 3187; x_wconf 82' lang='grc' dir='ltr'>τὸν</span> <span class='ocrx_word' id='word_1_453' title='bbox 3320 3135 3472 3203; x_wconf 76' lang='grc' dir='ltr'>ἅγιον</span> <span class='ocrx_word' id='word_1_454' title='bbox 3537 3131 3861 3186; x_wconf 76' lang='grc' dir='ltr'>θεάσασθαι.</span> 
     </span>
    </p>
   </div>
   <div class='ocr_carea' id='block_1_63' title="bbox 2284 3221 3862 3293">
    <p class='ocr_par' dir='ltr' id='par_1_63' title="bbox 2284 3221 3862 3293">
     <span class='ocr_line' id='line_1_63' title="bbox 2284 3221 3862 3293; baseline -0.011 -4"><span class='ocrx_word' id='word_1_455' title='bbox 2284 3233 2429 3288; x_wconf 85' lang='grc' dir='ltr'><strong>Ἰδὼν</strong></span> <span class='ocrx_word' id='word_1_456' title='bbox 2471 3233 2527 3287; x_wconf 80' lang='grc' dir='ltr'><strong>δὲ</strong></span> <span class='ocrx_word' id='word_1_457' title='bbox 2575 3233 2735 3286; x_wconf 70' lang='grc' dir='ltr'>αὐτὸν</span> <span class='ocrx_word' id='word_1_458' title='bbox 2780 3230 2886 3285; x_wconf 70' lang='grc' dir='ltr'><strong>ἀπὸ</strong></span> <span class='ocrx_word' id='word_1_459' title='bbox 2928 3229 3020 3283; x_wconf 75' lang='grc' dir='ltr'>τοῦ</span> <span class='ocrx_word' id='word_1_460' title='bbox 3067 3227 3258 3280; x_wconf 86' lang='grc' dir='ltr'>στύλου</span> <span class='ocrx_word' id='word_1_461' title='bbox 3321 3227 3348 3278; x_wconf 90' lang='lat'><strong>6</strong></span> <span class='ocrx_word' id='word_1_462' title='bbox 3411 3225 3563 3293; x_wconf 77' lang='grc' dir='ltr'>ἅγιος</span> <span class='ocrx_word' id='word_1_463' title='bbox 3608 3221 3862 3291; x_wconf 78' lang='grc' dir='ltr'>Συμεὼν.</span> 
     </span>
    </p>
   </div>
   <div class='ocr_carea' id='block_1_64' title="bbox 604 3310 2175 3399">
    <p class='ocr_par' dir='ltr' id='par_1_64' title="bbox 604 3325 2174 3399">
     <span class='ocr_line' id='line_1_64' title="bbox 604 3325 2174 3399; baseline 0.008 -22"><span class='ocrx_word' id='word_1_464' title='bbox 604 3325 956 3394; x_wconf 86' lang='lat' dir='ltr'><strong>conspicatus</strong></span> <span class='ocrx_word' id='word_1_465' title='bbox 982 3342 1104 3383; x_wconf 87' lang='lat' dir='ltr'><strong>eum</strong></span> <span class='ocrx_word' id='word_1_466' title='bbox 1142 3331 1326 3385; x_wconf 87' lang='lat' dir='ltr'><strong>statim</strong></span> <span class='ocrx_word' id='word_1_467' title='bbox 1356 3331 1649 3387; x_wconf 88' lang='lat' dir='ltr'><strong>intrantem</strong></span> <span class='ocrx_word' id='word_1_468' title='bbox 1680 3331 1735 3385; x_wconf 87' lang='lat' dir='ltr'><strong>in</strong></span> <span class='ocrx_word' id='word_1_469' title='bbox 1765 3334 2174 3399; x_wconf 87' lang='lat' dir='ltr'><strong>monasterium,</strong></span> 
     </span>
    </p>
   </div>
   <div class='ocr_carea' id='block_1_65' title="bbox 2280 3310 3867 3399">
    <p class='ocr_par' dir='ltr' id='par_1_65' title="bbox 2286 3312 3867 3389">
     <span class='ocr_line' id='line_1_65' title="bbox 2286 3312 3867 3389; baseline -0.009 -12"><span class='ocrx_word' id='word_1_470' title='bbox 2286 3324 2443 3387; x_wconf 76' lang='grc' dir='ltr'>εὐθὺς</span> <span class='ocrx_word' id='word_1_471' title='bbox 2476 3321 2782 3376; x_wconf 74' lang='grc' dir='ltr'>εἰσελθόντα</span> <span class='ocrx_word' id='word_1_472' title='bbox 2807 3321 2885 3384; x_wconf 87' lang='grc' dir='ltr'><strong>είς</strong></span> <span class='ocrx_word' id='word_1_473' title='bbox 2909 3320 2971 3372; x_wconf 73' lang='grc' dir='ltr'>τὸ</span> <span class='ocrx_word' id='word_1_474' title='bbox 3012 3318 3391 3389; x_wconf 72' lang='grc' dir='ltr'>μοναστήριον,</span> <span class='ocrx_word' id='word_1_475' title='bbox 3431 3312 3654 3384; x_wconf 62' lang='grc' dir='ltr'>ἠρώτα*</span> <span class='ocrx_word' id='word_1_476' title='bbox 3689 3312 3867 3366; x_wconf 69' lang='grc' dir='ltr'>Πόθεν</span> 
     </span>
    </p>
   </div>
   <div class='ocr_carea' id='block_1_66' title="bbox 604 3417 2187 3495">
    <p class='ocr_par' dir='ltr' id='par_1_66' title="bbox 604 3417 2187 3495">
     <span class='ocr_line' id='line_1_66' title="bbox 604 3417 2187 3495; baseline 0.007 -26"><span class='ocrx_word' id='word_1_477' title='bbox 604 3417 961 3488; x_wconf 76' lang='lat' dir='ltr'><strong>interrogavit</strong></span> <span class='ocrx_word' id='word_1_478' title='bbox 1013 3438 1028 3474; x_wconf 88' lang='lat'><strong>:</strong></span> <span class='ocrx_word' id='word_1_479' title='bbox 1081 3419 1248 3491; x_wconf 68' lang='lat' dir='ltr'><strong>Cujas</strong></span> <span class='ocrx_word' id='word_1_480' title='bbox 1286 3423 1380 3478; x_wconf 89' lang='lat' dir='ltr'><strong>es?</strong></span> <span class='ocrx_word' id='word_1_481' title='bbox 1403 3430 1458 3477; x_wconf 87' lang='lat' dir='ltr'><strong>et</strong></span> <span class='ocrx_word' id='word_1_482' title='bbox 1490 3437 1599 3492; x_wconf 91' lang='lat' dir='ltr'><strong>quo</strong></span> <span class='ocrx_word' id='word_1_483' title='bbox 1656 3422 1845 3479; x_wconf 85' lang='lat' dir='ltr'><strong>vadis?</strong></span> <span class='ocrx_word' id='word_1_484' title='bbox 1890 3423 2187 3495; x_wconf 82' lang='lat' dir='ltr'><strong>Respondit</strong></span> 
     </span>
    </p>
   </div>
   <div class='ocr_carea' id='block_1_67' title="bbox 606 3504 2178 3586">
    <p class='ocr_par' dir='ltr' id='par_1_67' title="bbox 606 3504 2178 3586">
     <span class='ocr_line' id='line_1_67' title="bbox 606 3504 2178 3586; baseline 0.005 -24"><span class='ocrx_word' id='word_1_485' title='bbox 606 3508 698 3564; x_wconf 89' lang='lat' dir='ltr'><strong>ille</strong></span> <span class='ocrx_word' id='word_1_486' title='bbox 731 3527 744 3563; x_wconf 90' lang='lat'><strong>:</strong></span> <span class='ocrx_word' id='word_1_487' title='bbox 781 3504 1106 3568; x_wconf 60' lang='lat' dir='ltr'><strong>Palaestinas</strong></span> <span class='ocrx_word' id='word_1_488' title='bbox 1158 3529 1318 3579; x_wconf 93' lang='lat' dir='ltr'><strong>sum;</strong></span> <span class='ocrx_word' id='word_1_489' title='bbox 1374 3513 1904 3586; x_wconf 75' lang='lat' dir='ltr'><strong>Constantinopolim</strong></span> <span class='ocrx_word' id='word_1_490' title='bbox 1960 3516 2178 3585; x_wconf 81' lang='lat' dir='ltr'><strong>prolici-</strong></span> 
     </span>
    </p>
   </div>
   <div class='ocr_carea' id='block_1_68' title="bbox 607 3598 2188 3677">
    <p class='ocr_par' dir='ltr' id='par_1_68' title="bbox 607 3598 2188 3677">
     <span class='ocr_line' id='line_1_68' title="bbox 607 3598 2188 3677; baseline 0.003 -23"><span class='ocrx_word' id='word_1_491' title='bbox 607 3613 754 3654; x_wconf 85' lang='lat' dir='ltr'><strong>scor.</strong></span> <span class='ocrx_word' id='word_1_492' title='bbox 797 3598 1034 3671; x_wconf 87' lang='lat' dir='ltr'><strong>Symeon</strong></span> <span class='ocrx_word' id='word_1_493' title='bbox 1076 3602 1231 3669; x_wconf 85' lang='lat' dir='ltr'><strong>:Qua</strong></span> <span class='ocrx_word' id='word_1_494' title='bbox 1264 3603 1332 3659; x_wconf 90' lang='lat' dir='ltr'><strong>de</strong></span> <span class='ocrx_word' id='word_1_495' title='bbox 1383 3605 1588 3659; x_wconf 83' lang='lat' dir='ltr'><strong>causa?</strong></span> <span class='ocrx_word' id='word_1_496' title='bbox 1632 3603 1910 3661; x_wconf 78' lang='lat' dir='ltr'><strong>Vacalus:</strong></span> <span class='ocrx_word' id='word_1_497' title='bbox 1959 3604 2188 3677; x_wconf 88' lang='lat' dir='ltr'><strong>Pr0pter</strong></span> 
     </span>
    </p>
   </div>
   <div class='ocr_carea' id='block_1_69' title="bbox 608 3692 2188 3768">
    <p class='ocr_par' dir='ltr' id='par_1_69' title="bbox 608 3692 2188 3768">
     <span class='ocr_line' id='line_1_69' title="bbox 608 3692 2188 3768; baseline 0.004 -23"><span class='ocrx_word' id='word_1_498' title='bbox 608 3692 781 3746; x_wconf 88' lang='lat' dir='ltr'><strong>multa</strong></span> <span class='ocrx_word' id='word_1_499' title='bbox 810 3692 1053 3762; x_wconf 83' lang='lat' dir='ltr'><strong>negotia;</strong></span> <span class='ocrx_word' id='word_1_500' title='bbox 1079 3709 1141 3750; x_wconf 90' lang='lat' dir='ltr'><strong>ac</strong></span> <span class='ocrx_word' id='word_1_501' title='bbox 1163 3711 1344 3765; x_wconf 82' lang='lat' dir='ltr'><strong>spero,</strong></span> <span class='ocrx_word' id='word_1_502' title='bbox 1360 3711 1470 3767; x_wconf 76' lang='lat' dir='ltr'><strong>per</strong></span> <span class='ocrx_word' id='word_1_503' title='bbox 1505 3713 1695 3768; x_wconf 88' lang='lat' dir='ltr'><strong>preces</strong></span> <span class='ocrx_word' id='word_1_504' title='bbox 1741 3699 2047 3753; x_wconf 88' lang='lat' dir='ltr'><strong>sanctitatis</strong></span> <span class='ocrx_word' id='word_1_505' title='bbox 2082 3706 2188 3752; x_wconf 78' lang='lat' dir='ltr'><strong>tum</strong></span> 
     </span>
    </p>
   </div>
   <div class='ocr_carea' id='block_1_70' title="bbox 610 3770 2186 3858">
    <p class='ocr_par' dir='ltr' id='par_1_70' title="bbox 610 3770 2186 3858">
     <span class='ocr_line' id='line_1_70' title="bbox 610 3770 2186 3858; baseline 0.004 -26"><span class='ocrx_word' id='word_1_506' title='bbox 610 3770 910 3837; x_wconf 80' lang='lat' dir='ltr'><strong>rediturum</strong></span> <span class='ocrx_word' id='word_1_507' title='bbox 946 3799 1053 3847; x_wconf 86' lang='lat' dir='ltr'><strong>me,</strong></span> <span class='ocrx_word' id='word_1_508' title='bbox 1120 3794 1285 3855; x_wconf 89' lang='lat' dir='ltr'><strong>atque</strong></span> <span class='ocrx_word' id='word_1_509' title='bbox 1334 3787 1689 3841; x_wconf 79' lang='lat' dir='ltr'><strong>ailoraturum</strong></span> <span class='ocrx_word' id='word_1_510' title='bbox 1726 3795 1915 3842; x_wconf 87' lang='lat' dir='ltr'><strong>sancta</strong></span> <span class='ocrx_word' id='word_1_511' title='bbox 1961 3787 2186 3858; x_wconf 73' lang='lat' dir='ltr'><strong>vestigia</strong></span> 
     </span>
    </p>
   </div>
   <div class='ocr_carea' id='block_1_71' title="bbox 608 3871 2189 3956">
    <p class='ocr_par' dir='ltr' id='par_1_71' title="bbox 608 3871 2189 3956">
     <span class='ocr_line' id='line_1_71' title="bbox 608 3871 2189 3956; baseline 0.003 -30"><span class='ocrx_word' id='word_1_512' title='bbox 608 3880 725 3929; x_wconf 90' lang='lat' dir='ltr'><strong>tua.</strong></span> <span class='ocrx_word' id='word_1_513' title='bbox 762 3871 904 3929; x_wconf 90' lang='lat' dir='ltr'><strong>Dicit</strong></span> <span class='ocrx_word' id='word_1_514' title='bbox 931 3874 980 3930; x_wconf 91' lang='lat' dir='ltr'><strong>ei</strong></span> <span class='ocrx_word' id='word_1_515' title='bbox 1008 3886 1233 3931; x_wconf 85' lang='lat' dir='ltr'><strong>sanctus</strong></span> <span class='ocrx_word' id='word_1_516' title='bbox 1263 3875 1495 3948; x_wconf 79' lang='lat' dir='ltr'><strong>Symeon</strong></span> <span class='ocrx_word' id='word_1_517' title='bbox 1527 3895 1540 3931; x_wconf 88' lang='lat'><strong>:</strong></span> <span class='ocrx_word' id='word_1_518' title='bbox 1566 3874 1683 3931; x_wconf 84' lang='lat' dir='ltr'><strong>Non</strong></span> <span class='ocrx_word' id='word_1_519' title='bbox 1715 3877 1799 3932; x_wconf 87' lang='lat' dir='ltr'><strong>vis</strong></span> <span class='ocrx_word' id='word_1_520' title='bbox 1823 3876 2009 3944; x_wconf 88' lang='lat' dir='ltr'><strong>fateri,</strong></span> <span class='ocrx_word' id='word_1_521' title='bbox 2040 3892 2073 3931; x_wconf 94' lang='lat' dir='ltr'><strong>o</strong></span> <span class='ocrx_word' id='word_1_522' title='bbox 2106 3879 2189 3956; x_wconf 84' lang='lat' dir='ltr'><strong>in-</strong></span> 
     </span>
    </p>
   </div>
   <div class='ocr_carea' id='block_1_72' title="bbox 607 3966 2186 4040">
    <p class='ocr_par' dir='ltr' id='par_1_72' title="bbox 607 3966 2186 4040">
     <span class='ocr_line' id='line_1_72' title="bbox 607 3966 2186 4040; baseline 0.001 -19"><span class='ocrx_word' id='word_1_523' title='bbox 607 3976 693 4021; x_wconf 88' lang='lat' dir='ltr'><strong>ter</strong></span> <span class='ocrx_word' id='word_1_524' title='bbox 728 3966 976 4023; x_wconf 77' lang='lat' dir='ltr'><strong>homines</strong></span> <span class='ocrx_word' id='word_1_525' title='bbox 1008 3968 1313 4040; x_wconf 79' lang='lat' dir='ltr'><strong>deplorate,</strong></span> <span class='ocrx_word' id='word_1_526' title='bbox 1361 3969 1505 4040; x_wconf 89' lang='lat' dir='ltr'><strong>quod</strong></span> <span class='ocrx_word' id='word_1_527' title='bbox 1538 3979 1728 4023; x_wconf 86' lang='lat' dir='ltr'><strong>contra</strong></span> <span class='ocrx_word' id='word_1_528' title='bbox 1761 3968 2037 4024; x_wconf 88' lang='lat' dir='ltr'><strong>hominem</strong></span> <span class='ocrx_word' id='word_1_529' title='bbox 2093 3966 2186 4023; x_wconf 91' lang='lat' dir='ltr'><strong>Dei</strong></span> 
     </span>
    </p>
   </div>
   <div class='ocr_carea' id='block_1_73' title="bbox 608 4058 2189 4133">
    <p class='ocr_par' dir='ltr' id='par_1_73' title="bbox 608 4058 2189 4133">
     <span class='ocr_line' id='line_1_73' title="bbox 608 4058 2189 4133; baseline 0.001 -20"><span class='ocrx_word' id='word_1_530' title='bbox 608 4060 794 4117; x_wconf 89' lang='lat' dir='ltr'><strong>abeas.</strong></span> <span class='ocrx_word' id='word_1_531' title='bbox 838 4058 945 4116; x_wconf 91' lang='lat' dir='ltr'><strong>Sed</strong></span> <span class='ocrx_word' id='word_1_532' title='bbox 978 4077 1300 4132; x_wconf 85' lang='lat' dir='ltr'><strong>prosperum</strong></span> <span class='ocrx_word' id='word_1_533' title='bbox 1332 4079 1441 4118; x_wconf 87' lang='lat' dir='ltr'><strong>non</strong></span> <span class='ocrx_word' id='word_1_534' title='bbox 1478 4063 1704 4119; x_wconf 82' lang='lat' dir='ltr'><strong>habebis</strong></span> <span class='ocrx_word' id='word_1_535' title='bbox 1740 4062 1841 4119; x_wconf 90' lang='lat' dir='ltr'><strong>iter</strong></span> <span class='ocrx_word' id='word_1_536' title='bbox 1871 4078 2046 4133; x_wconf 87' lang='lat' dir='ltr'><strong>neque</strong></span> <span class='ocrx_word' id='word_1_537' title='bbox 2075 4077 2189 4115; x_wconf 85' lang='lat' dir='ltr'><strong>am-</strong></span> 
     </span>
    </p>
   </div>
   <div class='ocr_carea' id='block_1_74' title="bbox 611 4152 2188 4227">
    <p class='ocr_par' dir='ltr' id='par_1_74' title="bbox 611 4152 2188 4227">
     <span class='ocr_line' id='line_1_74' title="bbox 611 4152 2188 4227; baseline 0.003 -22"><span class='ocrx_word' id='word_1_538' title='bbox 611 4153 755 4220; x_wconf 86' lang='lat' dir='ltr'><strong>plius</strong></span> <span class='ocrx_word' id='word_1_539' title='bbox 786 4152 998 4210; x_wconf 88' lang='lat' dir='ltr'><strong>videbis</strong></span> <span class='ocrx_word' id='word_1_540' title='bbox 1035 4153 1257 4209; x_wconf 90' lang='lat' dir='ltr'><strong>domum</strong></span> <span class='ocrx_word' id='word_1_541' title='bbox 1307 4164 1479 4209; x_wconf 88' lang='lat' dir='ltr'><strong>tuam.</strong></span> <span class='ocrx_word' id='word_1_542' title='bbox 1524 4154 1580 4209; x_wconf 91' lang='lat' dir='ltr'><strong>Si</strong></span> <span class='ocrx_word' id='word_1_543' title='bbox 1619 4171 1748 4227; x_wconf 75' lang='lat' dir='ltr'><strong>ergo</strong></span> <span class='ocrx_word' id='word_1_544' title='bbox 1773 4170 1932 4226; x_wconf 88' lang='lat' dir='ltr'><strong>pares</strong></span> <span class='ocrx_word' id='word_1_545' title='bbox 1958 4155 2188 4211; x_wconf 87' lang='lat' dir='ltr'><strong>consilio</strong></span> 
     </span>
    </p>
   </div>
   <div class='ocr_carea' id='block_1_75' title="bbox 612 4242 2190 4319">
    <p class='ocr_par' dir='ltr' id='par_1_75' title="bbox 612 4242 2190 4319">
     <span class='ocr_line' id='line_1_75' title="bbox 612 4242 2190 4319; baseline 0.004 -25"><span class='ocrx_word' id='word_1_546' title='bbox 612 4257 754 4304; x_wconf 90' lang='lat' dir='ltr'><strong>meo,</strong></span> <span class='ocrx_word' id='word_1_547' title='bbox 789 4242 918 4297; x_wconf 91' lang='lat' dir='ltr'><strong>hinc</strong></span> <span class='ocrx_word' id='word_1_548' title='bbox 965 4243 1077 4311; x_wconf 84' lang='lat' dir='ltr'><strong>jam</strong></span> <span class='ocrx_word' id='word_1_549' title='bbox 1107 4246 1392 4311; x_wconf 88' lang='lat' dir='ltr'><strong>recedens,</strong></span> <span class='ocrx_word' id='word_1_550' title='bbox 1424 4247 1490 4301; x_wconf 90' lang='lat' dir='ltr'><strong>ad</strong></span> <span class='ocrx_word' id='word_1_551' title='bbox 1526 4247 1701 4317; x_wconf 82' lang='lat' dir='ltr'><strong>ipsum</strong></span> <span class='ocrx_word' id='word_1_552' title='bbox 1760 4247 2101 4319; x_wconf 87' lang='lat' dir='ltr'><strong>properabis,</strong></span> <span class='ocrx_word' id='word_1_553' title='bbox 2135 4255 2190 4303; x_wconf 87' lang='lat' dir='ltr'><strong>et</strong></span> 
     </span>
    </p>
   </div>
   <div class='ocr_carea' id='block_1_76' title="bbox 610 4329 2187 4401">
    <p class='ocr_par' dir='ltr' id='par_1_76' title="bbox 610 4329 2187 4401">
     <span class='ocr_line' id='line_1_76' title="bbox 610 4329 2187 4401; baseline 0.006 -18"><span class='ocrx_word' id='word_1_554' title='bbox 610 4347 752 4401; x_wconf 79' lang='lat' dir='ltr'><strong>genu</strong></span> <span class='ocrx_word' id='word_1_555' title='bbox 777 4329 918 4384; x_wconf 81' lang='lat' dir='ltr'><strong>ﬂexo</strong></span> <span class='ocrx_word' id='word_1_556' title='bbox 956 4339 1109 4399; x_wconf 88' lang='lat' dir='ltr'><strong>petes</strong></span> <span class='ocrx_word' id='word_1_557' title='bbox 1163 4335 1400 4397; x_wconf 84' lang='lat' dir='ltr'><strong>veniam,</strong></span> <span class='ocrx_word' id='word_1_558' title='bbox 1434 4336 1598 4392; x_wconf 92' lang='lat' dir='ltr'><strong>modo</strong></span> <span class='ocrx_word' id='word_1_559' title='bbox 1625 4337 1803 4392; x_wconf 90' lang='lat' dir='ltr'><strong>adhuc</strong></span> <span class='ocrx_word' id='word_1_560' title='bbox 1831 4336 1987 4394; x_wconf 88' lang='lat' dir='ltr'><strong>vivus</strong></span> <span class='ocrx_word' id='word_1_561' title='bbox 2014 4338 2080 4393; x_wconf 87' lang='lat' dir='ltr'><strong>ad</strong></span> <span class='ocrx_word' id='word_1_562' title='bbox 2106 4338 2187 4393; x_wconf 84' lang='lat' dir='ltr'><strong>lo-</strong></span> 
     </span>
    </p>
   </div>
   <div class='ocr_carea' id='block_1_77' title="bbox 612 4422 2187 4500">
    <p class='ocr_par' dir='ltr' id='par_1_77' title="bbox 612 4422 2187 4500">
     <span class='ocr_line' id='line_1_77' title="bbox 612 4422 2187 4500; baseline 0.002 -22"><span class='ocrx_word' id='word_1_563' title='bbox 612 4438 737 4478; x_wconf 88' lang='lat' dir='ltr'><strong>cum</strong></span> <span class='ocrx_word' id='word_1_564' title='bbox 789 4423 1096 4500; x_wconf 66' lang='lat' dir='ltr'><strong>perligeris.</strong></span> <span class='ocrx_word' id='word_1_565' title='bbox 1148 4422 1347 4476; x_wconf 88' lang='lat' dir='ltr'><strong>Statim</strong></span> <span class='ocrx_word' id='word_1_566' title='bbox 1388 4425 1555 4493; x_wconf 78' lang='lat' dir='ltr'><strong>igitur</strong></span> <span class='ocrx_word' id='word_1_567' title='bbox 1590 4425 1736 4481; x_wconf 85' lang='lat' dir='ltr'><strong>febre</strong></span> <span class='ocrx_word' id='word_1_568' title='bbox 1767 4437 2051 4498; x_wconf 86' lang='lat' dir='ltr'><strong>correptus</strong></span> <span class='ocrx_word' id='word_1_569' title='bbox 2083 4437 2187 4493; x_wconf 90' lang='lat' dir='ltr'><strong>est,</strong></span> 
     </span>
    </p>
   </div>
   <div class='ocr_carea' id='block_1_78' title="bbox 614 4507 2189 4587">
    <p class='ocr_par' dir='ltr' id='par_1_78' title="bbox 614 4507 2189 4587">
     <span class='ocr_line' id='line_1_78' title="bbox 614 4507 2189 4587; baseline 0.005 -23"><span class='ocrx_word' id='word_1_570' title='bbox 614 4515 667 4585; x_wconf 80' lang='lat' dir='ltr'><strong>et</strong></span> <span class='ocrx_word' id='word_1_571' title='bbox 701 4523 732 4562; x_wconf 87' lang='lat' dir='ltr'><strong>a</strong></span> <span class='ocrx_word' id='word_1_572' title='bbox 766 4507 1061 4562; x_wconf 88' lang='lat' dir='ltr'><strong>comitibus</strong></span> <span class='ocrx_word' id='word_1_573' title='bbox 1089 4509 1142 4563; x_wconf 90' lang='lat' dir='ltr'><strong>in</strong></span> <span class='ocrx_word' id='word_1_574' title='bbox 1173 4509 1424 4563; x_wconf 84' lang='lat' dir='ltr'><strong>lecticam</strong></span> <span class='ocrx_word' id='word_1_575' title='bbox 1458 4513 1681 4574; x_wconf 90' lang='lat' dir='ltr'><strong>missus,</strong></span> <span class='ocrx_word' id='word_1_576' title='bbox 1720 4512 2012 4569; x_wconf 85' lang='lat' dir='ltr'><strong>festinabat</strong></span> <span class='ocrx_word' id='word_1_577' title='bbox 2032 4517 2189 4587; x_wconf 81' lang='lat' dir='ltr'><strong>juxta</strong></span> 
     </span>
    </p>
   </div>
   <div class='ocr_carea' id='block_1_79' title="bbox 2284 3403 3867 3484">
    <p class='ocr_par' dir='ltr' id='par_1_79' title="bbox 2284 3403 3867 3484">
     <span class='ocr_line' id='line_1_79' title="bbox 2284 3403 3867 3484; baseline -0.009 -15"><span class='ocrx_word' id='word_1_578' title='bbox 2284 3411 2355 3478; x_wconf 74' lang='grc' dir='ltr'><strong>εἷ,</strong></span> <span class='ocrx_word' id='word_1_579' title='bbox 2389 3415 2481 3468; x_wconf 70' lang='grc' dir='ltr'>καὶ</span> <span class='ocrx_word' id='word_1_580' title='bbox 2507 3412 2607 3466; x_wconf 81' lang='grc' dir='ltr'>ποῦ</span> <span class='ocrx_word' id='word_1_581' title='bbox 2636 3413 2874 3484; x_wconf 72' lang='grc' dir='ltr'>πορεύῃ,</span> <span class='ocrx_word' id='word_1_582' title='bbox 2921 3411 2982 3464; x_wconf 80' lang='grc' dir='ltr'>Ὀ</span> <span class='ocrx_word' id='word_1_583' title='bbox 3008 3409 3064 3463; x_wconf 80' lang='grc' dir='ltr'><strong>δέ</strong></span> <span class='ocrx_word' id='word_1_584' title='bbox 3088 3426 3249 3481; x_wconf 69' lang='grc' dir='ltr'>φησιν</span> <span class='ocrx_word' id='word_1_585' title='bbox 3270 3424 3282 3437; x_wconf 73' lang='grc' dir='ltr'><strong><em>ο</em></strong></span> <span class='ocrx_word' id='word_1_586' title='bbox 3326 3405 3459 3459; x_wconf 72' lang='grc' dir='ltr'>Ἀπὸ</span> <span class='ocrx_word' id='word_1_587' title='bbox 3492 3403 3867 3472; x_wconf 77' lang='grc' dir='ltr'>Παλαιστίνης</span> 
     </span>
    </p>
   </div>
   <div class='ocr_carea' id='block_1_80' title="bbox 2287 3494 3867 3580">
    <p class='ocr_par' dir='ltr' id='par_1_80' title="bbox 2287 3494 3867 3580">
     <span class='ocr_line' id='line_1_80' title="bbox 2287 3494 3867 3580; baseline -0.011 -18"><span class='ocrx_word' id='word_1_588' title='bbox 2287 3508 2421 3580; x_wconf 68' lang='grc' dir='ltr'>εἰμὶ,</span> <span class='ocrx_word' id='word_1_589' title='bbox 2456 3509 2550 3563; x_wconf 72' lang='grc' dir='ltr'>καὶ</span> <span class='ocrx_word' id='word_1_590' title='bbox 2587 3508 2663 3571; x_wconf 85' lang='grc' dir='ltr'><strong>είς</strong></span> <span class='ocrx_word' id='word_1_591' title='bbox 2690 3503 3255 3560; x_wconf 82' lang='grc' dir='ltr'>Κωνσταντινούπολιν</span> <span class='ocrx_word' id='word_1_592' title='bbox 3288 3501 3501 3568; x_wconf 76' lang='grc' dir='ltr'>ὑπάγω.</span> <span class='ocrx_word' id='word_1_593' title='bbox 3543 3497 3600 3548; x_wconf 86' lang='grc' dir='ltr'>Ὀ</span> <span class='ocrx_word' id='word_1_594' title='bbox 3633 3494 3689 3549; x_wconf 77' lang='grc' dir='ltr'>δὲ</span> <span class='ocrx_word' id='word_1_595' title='bbox 3730 3494 3867 3567; x_wconf 75' lang='grc' dir='ltr'>πρὸς</span> 
     </span>
    </p>
   </div>
   <div class='ocr_carea' id='block_1_81' title="bbox 2288 3589 3865 3669">
    <p class='ocr_par' dir='ltr' id='par_1_81' title="bbox 2288 3589 3865 3669">
     <span class='ocr_line' id='line_1_81' title="bbox 2288 3589 3865 3669; baseline -0.01 -14"><span class='ocrx_word' id='word_1_596' title='bbox 2288 3601 2481 3655; x_wconf 74' lang='grc' dir='ltr'>αὐτόν’</span> <span class='ocrx_word' id='word_1_597' title='bbox 2530 3601 2638 3654; x_wconf 75' lang='grc' dir='ltr'><strong>Καὶ</strong></span> <span class='ocrx_word' id='word_1_598' title='bbox 2674 3598 2815 3662; x_wconf 91' lang='grc' dir='ltr'>τίνος</span> <span class='ocrx_word' id='word_1_599' title='bbox 2848 3598 3039 3669; x_wconf 85' lang='grc' dir='ltr'>χάριν;</span> <span class='ocrx_word' id='word_1_600' title='bbox 3089 3596 3251 3663; x_wconf 82' lang='grc' dir='ltr'>Λέγει</span> <span class='ocrx_word' id='word_1_601' title='bbox 3302 3591 3450 3662; x_wconf 86' lang='grc' dir='ltr'><strong>αύτῷ</strong></span> <span class='ocrx_word' id='word_1_602' title='bbox 3498 3591 3526 3643; x_wconf 90' lang='grc' dir='ltr'>ὁ</span> <span class='ocrx_word' id='word_1_603' title='bbox 3579 3589 3865 3649; x_wconf 83' lang='grc' dir='ltr'>Βακὰτος·</span> 
     </span>
    </p>
   </div>
   <div class='ocr_carea' id='block_1_82' title="bbox 2287 3678 3870 3764">
    <p class='ocr_par' dir='ltr' id='par_1_82' title="bbox 2287 3678 3870 3764">
     <span class='ocr_line' id='line_1_82' title="bbox 2287 3678 3870 3764; baseline -0.011 -17"><span class='ocrx_word' id='word_1_604' title='bbox 2287 3693 2387 3747; x_wconf 76' lang='grc' dir='ltr'><strong>Διὰ</strong></span> <span class='ocrx_word' id='word_1_605' title='bbox 2425 3692 2611 3764; x_wconf 84' lang='grc' dir='ltr'>χρείας</span> <span class='ocrx_word' id='word_1_606' title='bbox 2652 3689 2881 3753; x_wconf 77' lang='grc' dir='ltr'>πολλάς’</span> <span class='ocrx_word' id='word_1_607' title='bbox 2918 3687 3014 3741; x_wconf 73' lang='grc' dir='ltr'>καὶ</span> <span class='ocrx_word' id='word_1_608' title='bbox 3045 3686 3249 3751; x_wconf 78' lang='grc' dir='ltr'>ἐλπίζω</span> <span class='ocrx_word' id='word_1_609' title='bbox 3294 3685 3381 3738; x_wconf 75' lang='grc' dir='ltr'><strong>διὰ</strong></span> <span class='ocrx_word' id='word_1_610' title='bbox 3422 3681 3529 3736; x_wconf 84' lang='grc' dir='ltr'><strong>τῶν</strong></span> <span class='ocrx_word' id='word_1_611' title='bbox 3557 3678 3734 3749; x_wconf 72' lang='grc' dir='ltr'>εὐχῶν</span> <span class='ocrx_word' id='word_1_612' title='bbox 3770 3678 3870 3749; x_wconf 80' lang='grc' dir='ltr'>τῆς</span> 
     </span>
    </p>
   </div>
   <div class='ocr_carea' id='block_1_83' title="bbox 2288 3772 3871 3854">
    <p class='ocr_par' dir='ltr' id='par_1_83' title="bbox 2288 3772 3871 3854">
     <span class='ocr_line' id='line_1_83' title="bbox 2288 3772 3871 3854; baseline -0.01 -15"><span class='ocrx_word' id='word_1_613' title='bbox 2288 3784 2594 3854; x_wconf 70' lang='grc' dir='ltr'>ἁγιωσύνης</span> <span class='ocrx_word' id='word_1_614' title='bbox 2622 3800 2715 3836; x_wconf 90' lang='grc' dir='ltr'><strong>σου</strong></span> <span class='ocrx_word' id='word_1_615' title='bbox 2746 3779 3079 3836; x_wconf 80' lang='grc' dir='ltr'>ὲπαναλῦσαι</span> <span class='ocrx_word' id='word_1_616' title='bbox 3100 3817 3115 3841; x_wconf 89' lang='grc'><strong>,</strong></span> <span class='ocrx_word' id='word_1_617' title='bbox 3146 3778 3240 3832; x_wconf 75' lang='grc' dir='ltr'>καὶ</span> <span class='ocrx_word' id='word_1_618' title='bbox 3278 3776 3599 3848; x_wconf 83' lang='grc' dir='ltr'>προσκυνεῖν</span> <span class='ocrx_word' id='word_1_619' title='bbox 3629 3773 3694 3825; x_wconf 69' lang='grc' dir='ltr'>τὰ</span> <span class='ocrx_word' id='word_1_620' title='bbox 3735 3772 3871 3839; x_wconf 72' lang='grc' dir='ltr'>ἅγια</span> 
     </span>
    </p>
   </div>
   <div class='ocr_carea' id='block_1_84' title="bbox 2290 3862 3866 3945">
    <p class='ocr_par' dir='ltr' id='par_1_84' title="bbox 2290 3862 3866 3945">
     <span class='ocr_line' id='line_1_84' title="bbox 2290 3862 3866 3945; baseline -0.009 -16"><span class='ocrx_word' id='word_1_621' title='bbox 2290 3895 2380 3930; x_wconf 86' lang='grc' dir='ltr'><strong>σου</strong></span> <span class='ocrx_word' id='word_1_622' title='bbox 2416 3875 2557 3945; x_wconf 75' lang='grc' dir='ltr'>ἴχνη.</span> <span class='ocrx_word' id='word_1_623' title='bbox 2589 3874 2699 3927; x_wconf 70' lang='grc' dir='ltr'><strong>Καὶ</strong></span> <span class='ocrx_word' id='word_1_624' title='bbox 2719 3872 2867 3942; x_wconf 79' lang='grc' dir='ltr'>λέγει</span> <span class='ocrx_word' id='word_1_625' title='bbox 2889 3870 3037 3941; x_wconf 74' lang='grc' dir='ltr'>αὐτῷ</span> <span class='ocrx_word' id='word_1_626' title='bbox 3066 3873 3093 3924; x_wconf 83' lang='grc' dir='ltr'>ὁ</span> <span class='ocrx_word' id='word_1_627' title='bbox 3123 3869 3276 3938; x_wconf 82' lang='grc' dir='ltr'>ἆγιος</span> <span class='ocrx_word' id='word_1_628' title='bbox 3298 3865 3517 3938; x_wconf 85' lang='grc' dir='ltr'>Συμεών</span> <span class='ocrx_word' id='word_1_629' title='bbox 3538 3881 3550 3893; x_wconf 88' lang='grc'><strong>·</strong></span> <span class='ocrx_word' id='word_1_630' title='bbox 3572 3864 3643 3917; x_wconf 64' lang='lat' dir='ltr'><strong>OL</strong></span> <span class='ocrx_word' id='word_1_631' title='bbox 3665 3862 3866 3925; x_wconf 79' lang='grc' dir='ltr'>θέλεις,</span> 
     </span>
    </p>
   </div>
   <div class='ocr_carea' id='block_1_85' title="bbox 2287 3952 3871 4035">
    <p class='ocr_par' dir='ltr' id='par_1_85' title="bbox 2287 3952 3871 4035">
     <span class='ocr_line' id='line_1_85' title="bbox 2287 3952 3871 4035; baseline -0.011 -14"><span class='ocrx_word' id='word_1_632' title='bbox 2287 3967 2573 4022; x_wconf 79' lang='grc' dir='ltr'>ἀνέλπιστε</span> <span class='ocrx_word' id='word_1_633' title='bbox 2597 3964 2704 4019; x_wconf 81' lang='grc' dir='ltr'><strong>τῶν</strong></span> <span class='ocrx_word' id='word_1_634' title='bbox 2724 3964 2820 4018; x_wconf 82' lang='grc' dir='ltr'>ἀνθ</span> <span class='ocrx_word' id='word_1_635' title='bbox 2826 3962 3044 4035; x_wconf 79' lang='grc' dir='ltr'>ρώπων,</span> <span class='ocrx_word' id='word_1_636' title='bbox 3077 3961 3250 4013; x_wconf 71' lang='grc' dir='ltr'>εἰπεῖν</span> <span class='ocrx_word' id='word_1_637' title='bbox 3273 3959 3353 4011; x_wconf 79' lang='grc' dir='ltr'>ὅτι</span> <span class='ocrx_word' id='word_1_638' title='bbox 3376 3955 3514 4010; x_wconf 84' lang='grc' dir='ltr'>κατὰ</span> <span class='ocrx_word' id='word_1_639' title='bbox 3540 3954 3633 4007; x_wconf 80' lang='grc' dir='ltr'>τοῦ</span> <span class='ocrx_word' id='word_1_640' title='bbox 3660 3953 3762 4007; x_wconf 82' lang='grc' dir='ltr'>ἀνθ</span> <span class='ocrx_word' id='word_1_641' title='bbox 3772 3952 3871 4023; x_wconf 51' lang='lat' dir='ltr'><strong>pe}</strong></span> 
     </span>
    </p>
   </div>
   <div class='ocr_carea' id='block_1_86' title="bbox 2289 4044 3871 4126">
    <p class='ocr_par' dir='ltr' id='par_1_86' title="bbox 2289 4044 3871 4126">
     <span class='ocr_line' id='line_1_86' title="bbox 2289 4044 3871 4126; baseline -0.01 -15"><span class='ocrx_word' id='word_1_642' title='bbox 2289 4075 2391 4111; x_wconf 82' lang='grc' dir='ltr'><strong>που</strong></span> <span class='ocrx_word' id='word_1_643' title='bbox 2403 4056 2494 4110; x_wconf 81' lang='grc' dir='ltr'>τοῦ</span> <span class='ocrx_word' id='word_1_644' title='bbox 2509 4053 2643 4109; x_wconf 84' lang='grc' dir='ltr'><strong>Θεοῦ</strong></span> <span class='ocrx_word' id='word_1_645' title='bbox 2666 4053 2890 4126; x_wconf 85' lang='grc' dir='ltr'>ἀνέρχῃ.</span> <span class='ocrx_word' id='word_1_646' title='bbox 2908 4051 3149 4106; x_wconf 82' lang='grc' dir='ltr'>Ἀλλόύκ</span> <span class='ocrx_word' id='word_1_647' title='bbox 3163 4049 3319 4103; x_wconf 79' lang='grc' dir='ltr'>εὖοδὰ</span> <span class='ocrx_word' id='word_1_648' title='bbox 3336 4065 3415 4101; x_wconf 89' lang='grc' dir='ltr'><strong>σοι</strong></span> <span class='ocrx_word' id='word_1_649' title='bbox 3429 4048 3575 4100; x_wconf 74' lang='grc' dir='ltr'>ἔσται</span> <span class='ocrx_word' id='word_1_650' title='bbox 3586 4087 3599 4109; x_wconf 95' lang='grc'><strong>,</strong></span> <span class='ocrx_word' id='word_1_651' title='bbox 3611 4044 3735 4098; x_wconf 77' lang='grc' dir='ltr'>οὐδὲ</span> <span class='ocrx_word' id='word_1_652' title='bbox 3747 4044 3871 4114; x_wconf 65' lang='grc' dir='ltr'>ὄψει</span> 
     </span>
    </p>
   </div>
   <div class='ocr_carea' id='block_1_87' title="bbox 2288 4137 3869 4214">
    <p class='ocr_par' dir='ltr' id='par_1_87' title="bbox 2288 4137 3869 4214">
     <span class='ocr_line' id='line_1_87' title="bbox 2288 4137 3869 4214; baseline -0.011 -10"><span class='ocrx_word' id='word_1_653' title='bbox 2288 4151 2369 4205; x_wconf 79' lang='grc' dir='ltr'>ἔτι</span> <span class='ocrx_word' id='word_1_654' title='bbox 2395 4148 2489 4204; x_wconf 78' lang='grc' dir='ltr'>τὸν</span> <span class='ocrx_word' id='word_1_655' title='bbox 2509 4144 2657 4201; x_wconf 75' lang='grc' dir='ltr'>οἶκόν</span> <span class='ocrx_word' id='word_1_656' title='bbox 2686 4164 2802 4201; x_wconf 86' lang='grc' dir='ltr'>σου.</span> <span class='ocrx_word' id='word_1_657' title='bbox 2843 4144 2968 4199; x_wconf 80' lang='grc' dir='ltr'>Ἐὰν</span> <span class='ocrx_word' id='word_1_658' title='bbox 2996 4139 3088 4199; x_wconf 69' lang='grc' dir='ltr'>οὖν</span> <span class='ocrx_word' id='word_1_659' title='bbox 3120 4142 3281 4214; x_wconf 80' lang='grc' dir='ltr'>πείθῃ</span> <span class='ocrx_word' id='word_1_660' title='bbox 3305 4143 3370 4212; x_wconf 78' lang='grc' dir='ltr'>τῇ</span> <span class='ocrx_word' id='word_1_661' title='bbox 3408 4137 3708 4211; x_wconf 74' lang='grc' dir='ltr'>συμϐουλία</span> <span class='ocrx_word' id='word_1_662' title='bbox 3740 4154 3869 4208; x_wconf 84' lang='grc' dir='ltr'>μου,</span> 
     </span>
    </p>
   </div>
   <div class='ocr_carea' id='block_1_88' title="bbox 2289 4229 3874 4312">
    <p class='ocr_par' dir='ltr' id='par_1_88' title="bbox 2289 4229 3874 4312">
     <span class='ocr_line' id='line_1_88' title="bbox 2289 4229 3874 4312; baseline -0.01 -17"><span class='ocrx_word' id='word_1_663' title='bbox 2289 4241 2536 4295; x_wconf 80' lang='grc' dir='ltr'>ἐντεῦθεν</span> <span class='ocrx_word' id='word_1_664' title='bbox 2563 4238 2662 4312; x_wconf 67' lang='grc' dir='ltr'><strong>ἤδη</strong></span> <span class='ocrx_word' id='word_1_665' title='bbox 2690 4237 2959 4300; x_wconf 77' lang='grc' dir='ltr'>ἀναλύσας</span> <span class='ocrx_word' id='word_1_666' title='bbox 2992 4235 3126 4307; x_wconf 77' lang='grc' dir='ltr'>πρὸς</span> <span class='ocrx_word' id='word_1_667' title='bbox 3151 4233 3311 4287; x_wconf 71' lang='grc' dir='ltr'>αὐτὸν</span> <span class='ocrx_word' id='word_1_668' title='bbox 3341 4233 3536 4303; x_wconf 82' lang='grc' dir='ltr'>ὁρμᾷς,</span> <span class='ocrx_word' id='word_1_669' title='bbox 3564 4229 3659 4282; x_wconf 72' lang='grc' dir='ltr'>καὶ</span> <span class='ocrx_word' id='word_1_670' title='bbox 3699 4246 3874 4298; x_wconf 81' lang='grc' dir='ltr'>μετα-</span> 
     </span>
    </p>
   </div>
   <div class='ocr_carea' id='block_1_89' title="bbox 2289 4319 3874 4400">
    <p class='ocr_par' dir='ltr' id='par_1_89' title="bbox 2289 4319 3874 4400">
     <span class='ocr_line' id='line_1_89' title="bbox 2289 4319 3874 4400; baseline -0.009 -15"><span class='ocrx_word' id='word_1_671' title='bbox 2289 4335 2429 4395; x_wconf 86' lang='grc' dir='ltr'>νοεῖς</span> <span class='ocrx_word' id='word_1_672' title='bbox 2471 4329 2639 4400; x_wconf 62' lang='grc' dir='ltr'>αὐτῷ,</span> <span class='ocrx_word' id='word_1_673' title='bbox 2682 4330 2796 4398; x_wconf 80' lang='grc' dir='ltr'>εἴγε</span> <span class='ocrx_word' id='word_1_674' title='bbox 2836 4331 2893 4382; x_wconf 81' lang='grc' dir='ltr'>ὲν</span> <span class='ocrx_word' id='word_1_675' title='bbox 2939 4331 3053 4390; x_wconf 78' lang='grc' dir='ltr'>τοῖς</span> <span class='ocrx_word' id='word_1_676' title='bbox 3097 4326 3260 4390; x_wconf 78' lang='grc' dir='ltr'>ζῶσιν</span> <span class='ocrx_word' id='word_1_677' title='bbox 3305 4322 3380 4376; x_wconf 83' lang='grc' dir='ltr'>ὣν</span> <span class='ocrx_word' id='word_1_678' title='bbox 3421 4319 3733 4393; x_wconf 76' lang='grc' dir='ltr'>καταλάϐῃς</span> <span class='ocrx_word' id='word_1_679' title='bbox 3779 4319 3874 4372; x_wconf 77' lang='grc' dir='ltr'>τὸν</span> 
     </span>
    </p>
   </div>
   <div class='ocr_carea' id='block_1_90' title="bbox 2289 4408 3875 4485">
    <p class='ocr_par' dir='ltr' id='par_1_90' title="bbox 2289 4408 3875 4485">
     <span class='ocr_line' id='line_1_90' title="bbox 2289 4408 3875 4485; baseline -0.007 -12"><span class='ocrx_word' id='word_1_680' title='bbox 2289 4421 2470 4473; x_wconf 82' lang='grc' dir='ltr'>τόπον.</span> <span class='ocrx_word' id='word_1_681' title='bbox 2522 4418 2738 4481; x_wconf 77' lang='grc' dir='ltr'>Εὐθέως</span> <span class='ocrx_word' id='word_1_682' title='bbox 2778 4413 2869 4470; x_wconf 79' lang='grc' dir='ltr'>οὖν</span> <span class='ocrx_word' id='word_1_683' title='bbox 2909 4415 3133 4485; x_wconf 46' lang='grc' dir='ltr'>ληςςοεὶς</span> <span class='ocrx_word' id='word_1_684' title='bbox 3184 4413 3287 4466; x_wconf 80' lang='grc' dir='ltr'><strong>ὑπὸ</strong></span> <span class='ocrx_word' id='word_1_685' title='bbox 3332 4411 3586 4484; x_wconf 76' lang='grc' dir='ltr'>πυρετοῦ,</span> <span class='ocrx_word' id='word_1_686' title='bbox 3620 4411 3715 4463; x_wconf 76' lang='grc' dir='ltr'>καὶ</span> <span class='ocrx_word' id='word_1_687' title='bbox 3766 4408 3875 4463; x_wconf 62' lang='grc' dir='ltr'><strong>ὑτὸ</strong></span> 
     </span>
    </p>
   </div>
   <div class='ocr_carea' id='block_1_91' title="bbox 2289 4499 3876 4575">
    <p class='ocr_par' dir='ltr' id='par_1_91' title="bbox 2289 4499 3876 4575">
     <span class='ocr_line' id='line_1_91' title="bbox 2289 4499 3876 4575; baseline -0.008 -12"><span class='ocrx_word' id='word_1_688' title='bbox 2289 4509 2399 4563; x_wconf 82' lang='grc' dir='ltr'><strong>τῶν</strong></span> <span class='ocrx_word' id='word_1_689' title='bbox 2437 4507 2702 4561; x_wconf 82' lang='grc' dir='ltr'>συνόντων</span> <span class='ocrx_word' id='word_1_690' title='bbox 2753 4510 2810 4559; x_wconf 84' lang='grc' dir='ltr'>ὲν</span> <span class='ocrx_word' id='word_1_691' title='bbox 2838 4505 3095 4574; x_wconf 82' lang='grc' dir='ltr'>λεκτικίῳ</span> <span class='ocrx_word' id='word_1_692' title='bbox 3138 4504 3375 4575; x_wconf 75' lang='grc' dir='ltr'>βληθεὶς,</span> <span class='ocrx_word' id='word_1_693' title='bbox 3422 4502 3680 4572; x_wconf 71' lang='grc' dir='ltr'>ἠπείγετο</span> <span class='ocrx_word' id='word_1_694' title='bbox 3728 4499 3876 4553; x_wconf 76' lang='grc' dir='ltr'>κατὰ</span> 
     </span>
    </p>
   </div>
   <div class='ocr_carea' id='block_1_92' title="bbox 614 4590 2175 4699">
    <p class='ocr_par' dir='ltr' id='par_1_92' title="bbox 614 4597 2175 4677">
     <span class='ocr_line' id='line_1_92' title="bbox 614 4597 2175 4677; baseline 0.006 -23"><span class='ocrx_word' id='word_1_695' title='bbox 614 4599 793 4656; x_wconf 85' lang='lat' dir='ltr'><strong>sancti</strong></span> <span class='ocrx_word' id='word_1_696' title='bbox 833 4597 1120 4670; x_wconf 76' lang='lat' dir='ltr'><strong>Symeonis</strong></span> <span class='ocrx_word' id='word_1_697' title='bbox 1152 4613 1457 4654; x_wconf 88' lang='lat' dir='ltr'><strong>sermonem</strong></span> <span class='ocrx_word' id='word_1_698' title='bbox 1505 4607 1564 4654; x_wconf 90' lang='lat' dir='ltr'><strong>ut</strong></span> <span class='ocrx_word' id='word_1_699' title='bbox 1598 4601 1664 4655; x_wconf 87' lang='lat' dir='ltr'><strong>ad</strong></span> <span class='ocrx_word' id='word_1_700' title='bbox 1695 4602 1968 4670; x_wconf 82' lang='lat' dir='ltr'><strong>regionem</strong></span> <span class='ocrx_word' id='word_1_701' title='bbox 1999 4622 2175 4677; x_wconf 87' lang='lat' dir='ltr'><strong>perve</strong></span> 
     </span>
    </p>
   </div>
   <div class='ocr_carea' id='block_1_93' title="bbox 2280 4590 3873 4699">
    <p class='ocr_par' dir='ltr' id='par_1_93' title="bbox 2293 4590 3873 4699">
     <span class='ocr_line' id='line_1_93' title="bbox 2293 4590 3873 4667; baseline -0.008 -12"><span class='ocrx_word' id='word_1_702' title='bbox 2293 4602 2382 4655; x_wconf 71' lang='grc' dir='ltr'><strong>τὸν</strong></span> <span class='ocrx_word' id='word_1_703' title='bbox 2411 4599 2567 4667; x_wconf 87' lang='grc' dir='ltr'>λόγον</span> <span class='ocrx_word' id='word_1_704' title='bbox 2598 4597 2690 4651; x_wconf 76' lang='grc' dir='ltr'>τοῦ</span> <span class='ocrx_word' id='word_1_705' title='bbox 2724 4597 2878 4666; x_wconf 82' lang='grc' dir='ltr'>ἁγίου</span> <span class='ocrx_word' id='word_1_706' title='bbox 2911 4597 3134 4666; x_wconf 80' lang='grc' dir='ltr'>Συμεὼν</span> <span class='ocrx_word' id='word_1_707' title='bbox 3180 4594 3505 4650; x_wconf 77' lang='grc' dir='ltr'>καταλαὸεῖν</span> <span class='ocrx_word' id='word_1_708' title='bbox 3538 4592 3634 4662; x_wconf 80' lang='grc' dir='ltr'>τὴν</span> <span class='ocrx_word' id='word_1_709' title='bbox 3662 4590 3873 4662; x_wconf 86' lang='grc' dir='ltr'>χώραν,</span> 
     </span>
     <span class='ocr_line' id='line_1_94' title="bbox 2368 4682 3761 4699; baseline -0.001 0"><span class='ocrx_word' id='word_1_710' title='bbox 2368 4692 2379 4699; x_wconf 93' lang='grc'>.</span> <span class='ocrx_word' id='word_1_711' title='bbox 2647 4690 2671 4699; x_wconf 86' lang='grc'><strong>-</strong></span> <span class='ocrx_word' id='word_1_712' title='bbox 2867 4687 2892 4699; x_wconf 94' lang='grc'><strong>..</strong></span> <span class='ocrx_word' id='word_1_713' title='bbox 2964 4688 3227 4699; x_wconf 73' lang='lat'><strong>.-.......</strong></span> <span class='ocrx_word' id='word_1_714' title='bbox 3324 4687 3334 4699; x_wconf 90' lang='lat'><strong>.</strong></span> <span class='ocrx_word' id='word_1_715' title='bbox 3702 4682 3761 4699; x_wconf 69' lang='grc' dir='ltr'><strong>ι..</strong></span> 
     </span>
    </p>
   </div>
   <div class='ocr_carea' id='block_1_94' title="bbox 615 4690 2195 4768">
    <p class='ocr_par' dir='ltr' id='par_1_94' title="bbox 615 4690 2195 4768">
     <span class='ocr_line' id='line_1_95' title="bbox 615 4690 2195 4768; baseline 0.005 -24"><span class='ocrx_word' id='word_1_716' title='bbox 615 4692 780 4757; x_wconf 89' lang='lat' dir='ltr'><strong>niret,</strong></span> <span class='ocrx_word' id='word_1_717' title='bbox 834 4700 998 4762; x_wconf 88' lang='lat' dir='ltr'><strong>atque</strong></span> <span class='ocrx_word' id='word_1_718' title='bbox 1031 4691 1217 4747; x_wconf 87' lang='lat' dir='ltr'><strong>abbati</strong></span> <span class='ocrx_word' id='word_1_719' title='bbox 1275 4690 1492 4747; x_wconf 86' lang='lat' dir='ltr'><strong>Gelasio</strong></span> <span class='ocrx_word' id='word_1_720' title='bbox 1524 4692 1791 4762; x_wconf 79' lang='lat' dir='ltr'><strong>pcenitere</strong></span> <span class='ocrx_word' id='word_1_721' title='bbox 1849 4709 1907 4749; x_wconf 89' lang='lat' dir='ltr'><strong>se</strong></span> <span class='ocrx_word' id='word_1_722' title='bbox 1942 4710 2038 4765; x_wconf 88' lang='lat' dir='ltr'><strong>per</strong></span> <span class='ocrx_word' id='word_1_723' title='bbox 2068 4713 2195 4768; x_wconf 84' lang='lat' dir='ltr'><strong>pro-</strong></span> 
     </span>
    </p>
   </div>
   <div class='ocr_carea' id='block_1_95' title="bbox 616 4782 2189 4841">
    <p class='ocr_par' dir='ltr' id='par_1_95' title="bbox 616 4782 2189 4841">
     <span class='ocr_line' id='line_1_96' title="bbox 616 4782 2189 4841; baseline 0.001 -2"><span class='ocrx_word' id='word_1_724' title='bbox 616 4784 836 4840; x_wconf 86' lang='lat' dir='ltr'><strong>fundam</strong></span> <span class='ocrx_word' id='word_1_725' title='bbox 872 4783 1281 4841; x_wconf 87' lang='lat' dir='ltr'><strong>iuelinatiouem</strong></span> <span class='ocrx_word' id='word_1_726' title='bbox 1330 4790 1681 4838; x_wconf 85' lang='lat' dir='ltr'><strong>monstraret.</strong></span> <span class='ocrx_word' id='word_1_727' title='bbox 1721 4782 1919 4839; x_wconf 78' lang='lat' dir='ltr'><strong>Verum</strong></span> <span class='ocrx_word' id='word_1_728' title='bbox 1959 4784 2044 4840; x_wconf 91' lang='lat' dir='ltr'><strong>ubi</strong></span> <span class='ocrx_word' id='word_1_729' title='bbox 2091 4786 2189 4841; x_wconf 88' lang='lat' dir='ltr'><strong>Be-</strong></span> 
     </span>
    </p>
   </div>
   <div class='ocr_carea' id='block_1_96' title="bbox 615 4874 2188 4950">
    <p class='ocr_par' dir='ltr' id='par_1_96' title="bbox 615 4874 2188 4950">
     <span class='ocr_line' id='line_1_97' title="bbox 615 4874 2188 4950; baseline 0.001 -21"><span class='ocrx_word' id='word_1_730' title='bbox 615 4886 797 4950; x_wconf 77' lang='lat' dir='ltr'><strong>rytum</strong></span> <span class='ocrx_word' id='word_1_731' title='bbox 828 4877 1028 4948; x_wconf 80' lang='lat' dir='ltr'><strong>attigit,</strong></span> <span class='ocrx_word' id='word_1_732' title='bbox 1062 4884 1314 4931; x_wconf 88' lang='lat' dir='ltr'><strong>mortuus</strong></span> <span class='ocrx_word' id='word_1_733' title='bbox 1331 4883 1438 4939; x_wconf 86' lang='lat' dir='ltr'><strong>est,</strong></span> <span class='ocrx_word' id='word_1_734' title='bbox 1468 4891 1569 4929; x_wconf 82' lang='lat' dir='ltr'><strong>nec</strong></span> <span class='ocrx_word' id='word_1_735' title='bbox 1594 4875 1730 4928; x_wconf 83' lang='lat' dir='ltr'><strong>vidit</strong></span> <span class='ocrx_word' id='word_1_736' title='bbox 1762 4874 1980 4931; x_wconf 88' lang='lat' dir='ltr'><strong>domum</strong></span> <span class='ocrx_word' id='word_1_737' title='bbox 2013 4894 2188 4944; x_wconf 85' lang='lat' dir='ltr'><strong>suam,</strong></span> 
     </span>
    </p>
   </div>
   <div class='ocr_carea' id='block_1_97' title="bbox 612 4967 2192 5039">
    <p class='ocr_par' dir='ltr' id='par_1_97' title="bbox 612 4967 2192 5039">
     <span class='ocr_line' id='line_1_98' title="bbox 612 4967 2192 5039; baseline 0.001 -16"><span class='ocrx_word' id='word_1_738' title='bbox 612 4971 767 5032; x_wconf 82' lang='lat' dir='ltr'><strong>juxta</strong></span> <span class='ocrx_word' id='word_1_739' title='bbox 803 4970 979 5025; x_wconf 89' lang='lat' dir='ltr'><strong>sancti</strong></span> <span class='ocrx_word' id='word_1_740' title='bbox 1010 4969 1442 5039; x_wconf 74' lang='lat' dir='ltr'><strong>praedictionem.</strong></span> <span class='ocrx_word' id='word_1_741' title='bbox 1479 4967 1586 5023; x_wconf 89' lang='lat' dir='ltr'><strong>Ista</strong></span> <span class='ocrx_word' id='word_1_742' title='bbox 1611 4967 1755 5023; x_wconf 87' lang='lat' dir='ltr'><strong>filius</strong></span> <span class='ocrx_word' id='word_1_743' title='bbox 1784 4968 1924 5036; x_wconf 89' lang='lat' dir='ltr'><strong>ejus,</strong></span> <span class='ocrx_word' id='word_1_744' title='bbox 1953 4967 2192 5025; x_wconf 82' lang='lat' dir='ltr'><strong>Vacatus</strong></span> 
     </span>
    </p>
   </div>
   <div class='ocr_carea' id='block_1_98' title="bbox 614 5057 2193 5130">
    <p class='ocr_par' dir='ltr' id='par_1_98' title="bbox 614 5057 2193 5130">
     <span class='ocr_line' id='line_1_99' title="bbox 614 5057 2193 5130; baseline 0.004 -22"><span class='ocrx_word' id='word_1_745' title='bbox 614 5060 775 5112; x_wconf 80' lang='lat' dir='ltr'><strong>etiam</strong></span> <span class='ocrx_word' id='word_1_746' title='bbox 813 5059 1064 5128; x_wconf 87' lang='lat' dir='ltr'><strong>nomine,</strong></span> <span class='ocrx_word' id='word_1_747' title='bbox 1088 5065 1210 5130; x_wconf 83' lang='lat' dir='ltr'><strong>post</strong></span> <span class='ocrx_word' id='word_1_748' title='bbox 1259 5064 1490 5112; x_wconf 88' lang='lat' dir='ltr'><strong>mortem</strong></span> <span class='ocrx_word' id='word_1_749' title='bbox 1544 5057 1736 5129; x_wconf 88' lang='lat' dir='ltr'><strong>patris,</strong></span> <span class='ocrx_word' id='word_1_750' title='bbox 1774 5058 1962 5114; x_wconf 86' lang='lat' dir='ltr'><strong>multis</strong></span> <span class='ocrx_word' id='word_1_751' title='bbox 1991 5072 2056 5113; x_wconf 90' lang='lat' dir='ltr'><strong>ac</strong></span> <span class='ocrx_word' id='word_1_752' title='bbox 2092 5060 2193 5115; x_wconf 86' lang='lat' dir='ltr'><strong>fide</strong></span> 
     </span>
    </p>
   </div>
   <div class='ocr_carea' id='block_1_99' title="bbox 615 5149 1464 5218">
    <p class='ocr_par' dir='ltr' id='par_1_99' title="bbox 615 5149 1464 5218">
     <span class='ocr_line' id='line_1_100' title="bbox 615 5149 1464 5218; baseline -0.005 -9"><span class='ocrx_word' id='word_1_753' title='bbox 615 5151 793 5218; x_wconf 78' lang='lat' dir='ltr'><strong>dignis</strong></span> <span class='ocrx_word' id='word_1_754' title='bbox 822 5151 1130 5207; x_wconf 89' lang='lat' dir='ltr'><strong>hominibus</strong></span> <span class='ocrx_word' id='word_1_755' title='bbox 1163 5149 1464 5206; x_wconf 81' lang='lat' dir='ltr'><strong>enarravit.</strong></span> 
     </span>
    </p>
   </div>
   <div class='ocr_carea' id='block_1_100' title="bbox 686 5232 2192 5313">
    <p class='ocr_par' dir='ltr' id='par_1_100' title="bbox 686 5232 2192 5313">
     <span class='ocr_line' id='line_1_101' title="bbox 686 5232 2192 5313; baseline 0.001 -21"><span class='ocrx_word' id='word_1_756' title='bbox 686 5241 739 5294; x_wconf 82' lang='lat'><strong>3.</strong></span> <span class='ocrx_word' id='word_1_757' title='bbox 778 5240 840 5296; x_wconf 79' lang='lat' dir='ltr'><strong>Et</strong></span> <span class='ocrx_word' id='word_1_758' title='bbox 870 5242 974 5296; x_wconf 91' lang='lat' dir='ltr'><strong>hoc</strong></span> <span class='ocrx_word' id='word_1_759' title='bbox 998 5232 1214 5313; x_wconf 86' lang='lat' dir='ltr'><strong>quoque</strong></span> <span class='ocrx_word' id='word_1_760' title='bbox 1247 5241 1402 5296; x_wconf 84' lang='lat' dir='ltr'><strong>inulti</strong></span> <span class='ocrx_word' id='word_1_761' title='bbox 1433 5257 1463 5296; x_wconf 91' lang='lat' dir='ltr'><strong>e</strong></span> <span class='ocrx_word' id='word_1_762' title='bbox 1500 5240 1788 5311; x_wconf 87' lang='lat' dir='ltr'><strong>discipulis</strong></span> <span class='ocrx_word' id='word_1_763' title='bbox 1817 5240 1939 5310; x_wconf 86' lang='lat' dir='ltr'><strong>ejus</strong></span> <span class='ocrx_word' id='word_1_764' title='bbox 1991 5241 2192 5295; x_wconf 83' lang='lat' dir='ltr'><strong>retule-</strong></span> 
     </span>
    </p>
   </div>
   <div class='ocr_carea' id='block_1_101' title="bbox 617 5333 2189 5405">
    <p class='ocr_par' dir='ltr' id='par_1_101' title="bbox 617 5333 2189 5405">
     <span class='ocr_line' id='line_1_102' title="bbox 617 5333 2189 5405; baseline 0.003 -22"><span class='ocrx_word' id='word_1_765' title='bbox 617 5336 744 5385; x_wconf 85' lang='lat' dir='ltr'><strong>runt</strong></span> <span class='ocrx_word' id='word_1_766' title='bbox 777 5348 791 5386; x_wconf 86' lang='lat'><strong>:</strong></span> <span class='ocrx_word' id='word_1_767' title='bbox 827 5334 1135 5402; x_wconf 80' lang='lat' dir='ltr'><strong>Aliquando</strong></span> <span class='ocrx_word' id='word_1_768' title='bbox 1165 5334 1322 5405; x_wconf 82' lang='lat' dir='ltr'><strong>pisce</strong></span> <span class='ocrx_word' id='word_1_769' title='bbox 1354 5333 1420 5389; x_wconf 87' lang='lat' dir='ltr'><strong>ad</strong></span> <span class='ocrx_word' id='word_1_770' title='bbox 1454 5333 1652 5389; x_wconf 87' lang='lat' dir='ltr'><strong>fratres</strong></span> <span class='ocrx_word' id='word_1_771' title='bbox 1679 5335 1866 5400; x_wconf 82' lang='lat' dir='ltr'><strong>allato,</strong></span> <span class='ocrx_word' id='word_1_772' title='bbox 1892 5349 2017 5388; x_wconf 90' lang='lat' dir='ltr'><strong>cum</strong></span> <span class='ocrx_word' id='word_1_773' title='bbox 2038 5333 2189 5388; x_wconf 86' lang='lat' dir='ltr'><strong>illum</strong></span> 
     </span>
    </p>
   </div>
   <div class='ocr_carea' id='block_1_102' title="bbox 611 5421 2194 5496">
    <p class='ocr_par' dir='ltr' id='par_1_102' title="bbox 611 5421 2194 5496">
     <span class='ocr_line' id='line_1_103' title="bbox 611 5421 2194 5496; baseline 0.002 -19"><span class='ocrx_word' id='word_1_774' title='bbox 611 5436 826 5493; x_wconf 84' lang='lat' dir='ltr'><strong>coquus</strong></span> <span class='ocrx_word' id='word_1_775' title='bbox 859 5421 1122 5491; x_wconf 81' lang='lat' dir='ltr'><strong>frixisset,</strong></span> <span class='ocrx_word' id='word_1_776' title='bbox 1177 5424 1412 5496; x_wconf 89' lang='lat' dir='ltr'><strong>portavit</strong></span> <span class='ocrx_word' id='word_1_777' title='bbox 1447 5424 1512 5478; x_wconf 87' lang='lat' dir='ltr'><strong>ad</strong></span> <span class='ocrx_word' id='word_1_778' title='bbox 1571 5426 1905 5490; x_wconf 72' lang='lat' dir='ltr'><strong>cellar-itam;</strong></span> <span class='ocrx_word' id='word_1_779' title='bbox 1956 5425 2194 5480; x_wconf 86' lang='lat' dir='ltr'><strong>necessi-</strong></span> 
     </span>
    </p>
   </div>
   <div class='ocr_carea' id='block_1_103' title="bbox 616 5512 2192 5585">
    <p class='ocr_par' dir='ltr' id='par_1_103' title="bbox 616 5512 2192 5585">
     <span class='ocr_line' id='line_1_104' title="bbox 616 5512 2192 5585; baseline -0.001 -15"><span class='ocrx_word' id='word_1_780' title='bbox 616 5525 728 5570; x_wconf 82' lang='lat' dir='ltr'><strong>tate</strong></span> <span class='ocrx_word' id='word_1_781' title='bbox 761 5521 941 5569; x_wconf 89' lang='lat' dir='ltr'><strong>autem</strong></span> <span class='ocrx_word' id='word_1_782' title='bbox 977 5516 1276 5569; x_wconf 85' lang='lat' dir='ltr'><strong>cellaritam</strong></span> <span class='ocrx_word' id='word_1_783' title='bbox 1306 5522 1550 5585; x_wconf 79' lang='lat' dir='ltr'><strong>urgente,</strong></span> <span class='ocrx_word' id='word_1_784' title='bbox 1582 5512 1746 5569; x_wconf 84' lang='lat' dir='ltr'><strong>exivit</strong></span> <span class='ocrx_word' id='word_1_785' title='bbox 1772 5530 1803 5569; x_wconf 93' lang='lat' dir='ltr'><strong>e</strong></span> <span class='ocrx_word' id='word_1_786' title='bbox 1829 5514 2070 5577; x_wconf 88' lang='lat' dir='ltr'><strong>cellario,</strong></span> <span class='ocrx_word' id='word_1_787' title='bbox 2102 5530 2192 5568; x_wconf 84' lang='lat' dir='ltr'><strong>re—</strong></span> 
     </span>
    </p>
   </div>
   <div class='ocr_carea' id='block_1_104' title="bbox 618 5605 2193 5677">
    <p class='ocr_par' dir='ltr' id='par_1_104' title="bbox 618 5605 2193 5677">
     <span class='ocr_line' id='line_1_105' title="bbox 618 5605 2193 5677; baseline -0.001 -17"><span class='ocrx_word' id='word_1_788' title='bbox 618 5608 872 5677; x_wconf 88' lang='lat' dir='ltr'><strong>linquens</strong></span> <span class='ocrx_word' id='word_1_789' title='bbox 904 5605 1108 5677; x_wconf 88' lang='lat' dir='ltr'><strong>piscem</strong></span> <span class='ocrx_word' id='word_1_790' title='bbox 1146 5606 1294 5660; x_wconf 90' lang='lat' dir='ltr'><strong>humi</strong></span> <span class='ocrx_word' id='word_1_791' title='bbox 1337 5609 1388 5662; x_wconf 88' lang='lat' dir='ltr'><strong>in</strong></span> <span class='ocrx_word' id='word_1_792' title='bbox 1423 5622 1571 5668; x_wconf 88' lang='lat' dir='ltr'><strong>vase,</strong></span> <span class='ocrx_word' id='word_1_793' title='bbox 1609 5605 1875 5660; x_wconf 87' lang='lat' dir='ltr'><strong>mandans</strong></span> <span class='ocrx_word' id='word_1_794' title='bbox 1915 5605 2193 5659; x_wconf 88' lang='lat' dir='ltr'><strong>alumuulo</strong></span> 
     </span>
    </p>
   </div>
   <div class='ocr_carea' id='block_1_105' title="bbox 616 5695 2193 5768">
    <p class='ocr_par' dir='ltr' id='par_1_105' title="bbox 616 5695 2193 5768">
     <span class='ocr_line' id='line_1_106' title="bbox 616 5695 2193 5768; baseline -0.002 -14"><span class='ocrx_word' id='word_1_795' title='bbox 616 5698 763 5754; x_wconf 80' lang='lat' dir='ltr'><strong>beati</strong></span> <span class='ocrx_word' id='word_1_796' title='bbox 800 5696 999 5754; x_wconf 88' lang='lat' dir='ltr'><strong>Gelasii</strong></span> <span class='ocrx_word' id='word_1_797' title='bbox 1039 5704 1098 5751; x_wconf 89' lang='lat' dir='ltr'><strong>ut</strong></span> <span class='ocrx_word' id='word_1_798' title='bbox 1131 5698 1435 5754; x_wconf 89' lang='lat' dir='ltr'><strong>custodiret</strong></span> <span class='ocrx_word' id='word_1_799' title='bbox 1475 5697 1540 5752; x_wconf 90' lang='lat' dir='ltr'><strong>ad</strong></span> <span class='ocrx_word' id='word_1_800' title='bbox 1575 5708 1811 5768; x_wconf 88' lang='lat' dir='ltr'><strong>tempus,</strong></span> <span class='ocrx_word' id='word_1_801' title='bbox 1867 5695 2041 5751; x_wconf 90' lang='lat' dir='ltr'><strong>donec</strong></span> <span class='ocrx_word' id='word_1_802' title='bbox 2077 5695 2193 5764; x_wconf 85' lang='lat' dir='ltr'><strong>ipse</strong></span> 
     </span>
    </p>
   </div>
   <div class='ocr_carea' id='block_1_106' title="bbox 697 5837 2085 5923">
    <p class='ocr_par' dir='ltr' id='par_1_106' title="bbox 697 5837 2085 5923">
     <span class='ocr_line' id='line_1_107' title="bbox 697 5837 2085 5923; baseline -0.005 -11"><span class='ocrx_word' id='word_1_803' title='bbox 697 5854 847 5910; x_wconf 73' lang='lat' dir='ltr'><strong>&quot;Al.</strong></span> <span class='ocrx_word' id='word_1_804' title='bbox 886 5837 1211 5921; x_wconf 72' lang='grc' dir='ltr'>ἁναπαῆναξ.</span> <span class='ocrx_word' id='word_1_805' title='bbox 1280 5844 1612 5920; x_wconf 68' lang='lat' dir='ltr'><strong>“Al.</strong></span> <span class='ocrx_word' id='word_1_806' title='bbox 1691 5852 1731 5884; x_wconf 72' lang='grc' dir='ltr'>η</span> <span class='ocrx_word' id='word_1_807' title='bbox 1768 5845 2085 5923; x_wconf 69' lang='grc' dir='ltr'>Λ1.·3φ’ᾧν.</span> 
     </span>
    </p>
   </div>
   <div class='ocr_carea' id='block_1_107' title="bbox 2297 4682 3879 4762">
    <p class='ocr_par' dir='ltr' id='par_1_107' title="bbox 2297 4682 3879 4762">
     <span class='ocr_line' id='line_1_108' title="bbox 2297 4682 3879 4762; baseline -0.008 -17"><span class='ocrx_word' id='word_1_808' title='bbox 2297 4692 2392 4745; x_wconf 75' lang='grc' dir='ltr'>καὶ</span> <span class='ocrx_word' id='word_1_809' title='bbox 2446 4690 2772 4762; x_wconf 62' lang='grc' dir='ltr'>μετανῖῆσαι</span> <span class='ocrx_word' id='word_1_810' title='bbox 2826 4687 2903 4759; x_wconf 81' lang='grc' dir='ltr'>τῷ</span> <span class='ocrx_word' id='word_1_811' title='bbox 2954 4688 3098 4760; x_wconf 77' lang='grc' dir='ltr'><strong>ἀϐϐᾷ</strong></span> <span class='ocrx_word' id='word_1_812' title='bbox 3141 4687 3405 4757; x_wconf 82' lang='grc' dir='ltr'>Γελασίῳ.</span> <span class='ocrx_word' id='word_1_813' title='bbox 3469 4684 3627 4737; x_wconf 81' lang='grc' dir='ltr'>Ἀλλὰ</span> <span class='ocrx_word' id='word_1_814' title='bbox 3661 4682 3879 4750; x_wconf 66' lang='grc' dir='ltr'>φθάσας</span> 
     </span>
    </p>
   </div>
   <div class='ocr_carea' id='block_1_108' title="bbox 2294 4767 3879 4853">
    <p class='ocr_par' dir='ltr' id='par_1_108' title="bbox 2294 4767 3879 4853">
     <span class='ocr_line' id='line_1_109' title="bbox 2294 4767 3879 4853; baseline -0.008 -20"><span class='ocrx_word' id='word_1_815' title='bbox 2294 4782 2394 4853; x_wconf 83' lang='grc' dir='ltr'>τὴν</span> <span class='ocrx_word' id='word_1_816' title='bbox 2430 4781 2690 4851; x_wconf 82' lang='grc' dir='ltr'>Βήρυτον,</span> <span class='ocrx_word' id='word_1_817' title='bbox 2735 4777 3070 4846; x_wconf 72' lang='grc' dir='ltr'>ἐτελεύτησε,</span> <span class='ocrx_word' id='word_1_818' title='bbox 3104 4777 3178 4848; x_wconf 87' lang='grc' dir='ltr'>μὴ</span> <span class='ocrx_word' id='word_1_819' title='bbox 3219 4776 3551 4846; x_wconf 79' lang='grc' dir='ltr'>θεασάμενος</span> <span class='ocrx_word' id='word_1_820' title='bbox 3596 4771 3686 4824; x_wconf 72' lang='grc' dir='ltr'><strong>τὸν</strong></span> <span class='ocrx_word' id='word_1_821' title='bbox 3724 4767 3879 4823; x_wconf 82' lang='grc' dir='ltr'>οἷκον</span> 
     </span>
    </p>
   </div>
   <div class='ocr_carea' id='block_1_109' title="bbox 2297 4860 3880 4942">
    <p class='ocr_par' dir='ltr' id='par_1_109' title="bbox 2297 4860 3880 4942">
     <span class='ocr_line' id='line_1_110' title="bbox 2297 4860 3880 4942; baseline -0.009 -16"><span class='ocrx_word' id='word_1_822' title='bbox 2297 4871 2486 4934; x_wconf 76' lang='grc' dir='ltr'>αὐτοῦ,</span> <span class='ocrx_word' id='word_1_823' title='bbox 2531 4870 2672 4925; x_wconf 69' lang='grc' dir='ltr'>κατὰ</span> <span class='ocrx_word' id='word_1_824' title='bbox 2717 4870 2817 4942; x_wconf 73' lang='grc' dir='ltr'>τὴν</span> <span class='ocrx_word' id='word_1_825' title='bbox 2862 4868 3199 4941; x_wconf 72' lang='grc' dir='ltr'>προφητείαν</span> <span class='ocrx_word' id='word_1_826' title='bbox 3231 4866 3325 4920; x_wconf 79' lang='grc' dir='ltr'>τοῦ</span> <span class='ocrx_word' id='word_1_827' title='bbox 3375 4864 3553 4933; x_wconf 84' lang='grc' dir='ltr'>ἁγίου.</span> <span class='ocrx_word' id='word_1_828' title='bbox 3607 4860 3796 4914; x_wconf 65' lang='grc' dir='ltr'>Ταῦτα</span> <span class='ocrx_word' id='word_1_829' title='bbox 3851 4863 3880 4913; x_wconf 90' lang='lat'><strong>6</strong></span> 
     </span>
    </p>
   </div>
   <div class='ocr_carea' id='block_1_110' title="bbox 2299 4951 3881 5028">
    <p class='ocr_par' dir='ltr' id='par_1_110' title="bbox 2299 4951 3881 5028">
     <span class='ocr_line' id='line_1_111' title="bbox 2299 4951 3881 5028; baseline -0.01 -10"><span class='ocrx_word' id='word_1_830' title='bbox 2299 4966 2412 5027; x_wconf 74' lang='grc' dir='ltr'>υἱὸς</span> <span class='ocrx_word' id='word_1_831' title='bbox 2439 4964 2626 5028; x_wconf 72' lang='grc' dir='ltr'>αὑτοῦ,</span> <span class='ocrx_word' id='word_1_832' title='bbox 2672 4962 2916 5025; x_wconf 72' lang='grc' dir='ltr'>Βακὰτος</span> <span class='ocrx_word' id='word_1_833' title='bbox 2948 4962 3042 5014; x_wconf 72' lang='grc' dir='ltr'>καὶ</span> <span class='ocrx_word' id='word_1_834' title='bbox 3073 4959 3234 5023; x_wconf 71' lang='grc' dir='ltr'>αὐτὸς</span> <span class='ocrx_word' id='word_1_835' title='bbox 3268 4957 3578 5027; x_wconf 84' lang='grc' dir='ltr'>λεγόμενος,</span> <span class='ocrx_word' id='word_1_836' title='bbox 3612 4951 3752 5023; x_wconf 76' lang='grc' dir='ltr'>μετὰ</span> <span class='ocrx_word' id='word_1_837' title='bbox 3777 4952 3881 5015; x_wconf 68' lang='grc' dir='ltr'>τὴν</span> 
     </span>
    </p>
   </div>
   <div class='ocr_carea' id='block_1_111' title="bbox 2297 5042 3882 5128">
    <p class='ocr_par' dir='ltr' id='par_1_111' title="bbox 2297 5042 3882 5128">
     <span class='ocr_line' id='line_1_112' title="bbox 2297 5042 3882 5128; baseline -0.011 -18"><span class='ocrx_word' id='word_1_838' title='bbox 2297 5057 2553 5128; x_wconf 82' lang='grc' dir='ltr'>τελευτὴν</span> <span class='ocrx_word' id='word_1_839' title='bbox 2582 5054 2675 5110; x_wconf 79' lang='grc' dir='ltr'>τοῦ</span> <span class='ocrx_word' id='word_1_840' title='bbox 2710 5053 2914 5125; x_wconf 68' lang='grc' dir='ltr'>πατρὸς</span> <span class='ocrx_word' id='word_1_841' title='bbox 2948 5051 3131 5117; x_wconf 79' lang='grc' dir='ltr'>αὐτοῦ,</span> <span class='ocrx_word' id='word_1_842' title='bbox 3164 5051 3375 5113; x_wconf 80' lang='grc' dir='ltr'>πολλοῖς</span> <span class='ocrx_word' id='word_1_843' title='bbox 3414 5047 3507 5101; x_wconf 71' lang='grc' dir='ltr'>καὶ</span> <span class='ocrx_word' id='word_1_844' title='bbox 3539 5042 3882 5109; x_wconf 74' lang='grc' dir='ltr'>ἀξιοπίστως</span> 
     </span>
    </p>
   </div>
   <div class='ocr_carea' id='block_1_112' title="bbox 2298 5147 2868 5221">
    <p class='ocr_par' dir='ltr' id='par_1_112' title="bbox 2298 5147 2868 5221">
     <span class='ocr_line' id='line_1_113' title="bbox 2298 5147 2868 5221; baseline -0.009 -18"><span class='ocrx_word' id='word_1_845' title='bbox 2298 5149 2525 5221; x_wconf 82' lang='grc' dir='ltr'>ἀνδράσι</span> <span class='ocrx_word' id='word_1_846' title='bbox 2553 5147 2868 5218; x_wconf 77' lang='grc' dir='ltr'>διηγήσατο.</span> 
     </span>
    </p>
   </div>
   <div class='ocr_carea' id='block_1_113' title="bbox 2368 5224 3879 5309">
    <p class='ocr_par' dir='ltr' id='par_1_113' title="bbox 2368 5224 3879 5309">
     <span class='ocr_line' id='line_1_114' title="bbox 2368 5224 3879 5309; baseline -0.012 -15"><span class='ocrx_word' id='word_1_847' title='bbox 2368 5239 2437 5309; x_wconf 84' lang='grc' dir='ltr'>γ’.</span> <span class='ocrx_word' id='word_1_848' title='bbox 2482 5239 2590 5292; x_wconf 73' lang='grc' dir='ltr'><strong>Καὶ</strong></span> <span class='ocrx_word' id='word_1_849' title='bbox 2621 5237 2778 5291; x_wconf 77' lang='grc' dir='ltr'>τοῦτο</span> <span class='ocrx_word' id='word_1_850' title='bbox 2817 5236 2872 5289; x_wconf 77' lang='grc' dir='ltr'><strong>δὲ</strong></span> <span class='ocrx_word' id='word_1_851' title='bbox 2909 5236 3092 5290; x_wconf 78' lang='grc' dir='ltr'>πολλοὶ</span> <span class='ocrx_word' id='word_1_852' title='bbox 3152 5234 3259 5287; x_wconf 81' lang='grc' dir='ltr'>τῶν</span> <span class='ocrx_word' id='word_1_853' title='bbox 3300 5229 3554 5303; x_wconf 71' lang='grc' dir='ltr'>μαθητᾶν</span> <span class='ocrx_word' id='word_1_854' title='bbox 3592 5224 3759 5281; x_wconf 72' lang='grc' dir='ltr'>αὐτοῦ</span> <span class='ocrx_word' id='word_1_855' title='bbox 3796 5225 3879 5278; x_wconf 75' lang='grc' dir='ltr'>διο</span> 
     </span>
    </p>
   </div>
   <div class='ocr_carea' id='block_1_114' title="bbox 2298 5317 3886 5405">
    <p class='ocr_par' dir='ltr' id='par_1_114' title="bbox 2298 5317 3886 5405">
     <span class='ocr_line' id='line_1_115' title="bbox 2298 5317 3886 5405; baseline -0.009 -22"><span class='ocrx_word' id='word_1_856' title='bbox 2298 5333 2586 5405; x_wconf 63' lang='grc' dir='ltr'>ηγήσαντου</span> <span class='ocrx_word' id='word_1_857' title='bbox 2620 5329 2699 5383; x_wconf 83' lang='grc' dir='ltr'>ὅτι</span> <span class='ocrx_word' id='word_1_858' title='bbox 2731 5330 2866 5381; x_wconf 63' lang='lat' dir='ltr'><strong>limi:</strong></span> <span class='ocrx_word' id='word_1_859' title='bbox 2896 5326 3118 5398; x_wconf 72' lang='grc' dir='ltr'>ὀψαρίου</span> <span class='ocrx_word' id='word_1_860' title='bbox 3150 5324 3454 5395; x_wconf 78' lang='grc' dir='ltr'>ἐνεχθέντος</span> <span class='ocrx_word' id='word_1_861' title='bbox 3486 5322 3688 5382; x_wconf 81' lang='grc' dir='ltr'>αὐτοῖς,</span> <span class='ocrx_word' id='word_1_862' title='bbox 3720 5317 3886 5370; x_wconf 81' lang='grc' dir='ltr'>τοῦτο</span> 
     </span>
    </p>
   </div>
   <div class='ocr_carea' id='block_1_115' title="bbox 2302 5411 3881 5495">
    <p class='ocr_par' dir='ltr' id='par_1_115' title="bbox 2302 5411 3881 5495">
     <span class='ocr_line' id='line_1_116' title="bbox 2302 5411 3881 5495; baseline -0.008 -19"><span class='ocrx_word' id='word_1_863' title='bbox 2302 5420 2596 5495; x_wconf 78' lang='grc' dir='ltr'>τηγανίσας</span> <span class='ocrx_word' id='word_1_864' title='bbox 2652 5422 2679 5474; x_wconf 91' lang='lat'><strong>6</strong></span> <span class='ocrx_word' id='word_1_865' title='bbox 2739 5422 3031 5492; x_wconf 80' lang='grc' dir='ltr'>μάγειρος,</span> <span class='ocrx_word' id='word_1_866' title='bbox 3079 5419 3362 5490; x_wconf 75' lang='grc' dir='ltr'>εἰσήνεγκε</span> <span class='ocrx_word' id='word_1_867' title='bbox 3419 5416 3495 5488; x_wconf 80' lang='grc' dir='ltr'>τῷ</span> <span class='ocrx_word' id='word_1_868' title='bbox 3548 5411 3881 5483; x_wconf 86' lang='grc' dir='ltr'>κελλαρίτῃ·</span> 
     </span>
    </p>
   </div>
   <div class='ocr_carea' id='block_1_116' title="bbox 2302 5497 3887 5583">
    <p class='ocr_par' dir='ltr' id='par_1_116' title="bbox 2302 5497 3887 5583">
     <span class='ocr_line' id='line_1_117' title="bbox 2302 5497 3887 5583; baseline -0.007 -20"><span class='ocrx_word' id='word_1_869' title='bbox 2302 5510 2493 5583; x_wconf 88' lang='grc' dir='ltr'>χρείας</span> <span class='ocrx_word' id='word_1_870' title='bbox 2541 5509 2598 5563; x_wconf 80' lang='grc' dir='ltr'><strong>δὲ</strong></span> <span class='ocrx_word' id='word_1_871' title='bbox 2627 5509 2973 5579; x_wconf 73' lang='grc' dir='ltr'>’ἐπειγούσης</span> <span class='ocrx_word' id='word_1_872' title='bbox 3015 5509 3106 5562; x_wconf 79' lang='grc' dir='ltr'>τὸν</span> <span class='ocrx_word' id='word_1_873' title='bbox 3156 5506 3498 5578; x_wconf 77' lang='grc' dir='ltr'>κελλαρίτην,</span> <span class='ocrx_word' id='word_1_874' title='bbox 3545 5501 3733 5574; x_wconf 75' lang='grc' dir='ltr'>ἐξῆλθε</span> <span class='ocrx_word' id='word_1_875' title='bbox 3785 5497 3887 5554; x_wconf 78' lang='grc' dir='ltr'><strong>τοῦ</strong></span> 
     </span>
    </p>
   </div>
   <div class='ocr_carea' id='block_1_117' title="bbox 2303 5595 3885 5672">
    <p class='ocr_par' dir='ltr' id='par_1_117' title="bbox 2303 5595 3885 5672">
     <span class='ocr_line' id='line_1_118' title="bbox 2303 5595 3885 5672; baseline -0.008 -16"><span class='ocrx_word' id='word_1_876' title='bbox 2303 5601 2608 5672; x_wconf 73' lang='grc' dir='ltr'>χελλαρίου,</span> <span class='ocrx_word' id='word_1_877' title='bbox 2641 5600 2806 5662; x_wconf 79' lang='grc' dir='ltr'>ἐάσας</span> <span class='ocrx_word' id='word_1_878' title='bbox 2837 5600 2896 5653; x_wconf 84' lang='grc' dir='ltr'>τὸ</span> <span class='ocrx_word' id='word_1_879' title='bbox 2940 5599 3164 5670; x_wconf 64' lang='grc' dir='ltr'>ὀψάριον</span> <span class='ocrx_word' id='word_1_880' title='bbox 3213 5602 3269 5652; x_wconf 81' lang='grc' dir='ltr'>ὲν</span> <span class='ocrx_word' id='word_1_881' title='bbox 3304 5598 3490 5651; x_wconf 83' lang='grc' dir='ltr'>σκεύει</span> <span class='ocrx_word' id='word_1_882' title='bbox 3516 5595 3707 5666; x_wconf 78' lang='grc' dir='ltr'>χαμαὶ,</span> <span class='ocrx_word' id='word_1_883' title='bbox 3741 5609 3885 5661; x_wconf 81' lang='grc' dir='ltr'>παρ-</span> 
     </span>
    </p>
   </div>
   <div class='ocr_carea' id='block_1_118' title="bbox 2302 5684 3887 5765">
    <p class='ocr_par' dir='ltr' id='par_1_118' title="bbox 2302 5684 3887 5765">
     <span class='ocr_line' id='line_1_119' title="bbox 2302 5684 3887 5765; baseline -0.006 -20"><span class='ocrx_word' id='word_1_884' title='bbox 2302 5691 2560 5761; x_wconf 81' lang='grc' dir='ltr'>αγγείλας</span> <span class='ocrx_word' id='word_1_885' title='bbox 2598 5693 2908 5764; x_wconf 80' lang='grc' dir='ltr'>θρεπταρίῳ</span> <span class='ocrx_word' id='word_1_886' title='bbox 2957 5691 3137 5765; x_wconf 79' lang='grc' dir='ltr'>μικρῷ</span> <span class='ocrx_word' id='word_1_887' title='bbox 3173 5691 3264 5744; x_wconf 76' lang='grc' dir='ltr'>τοῦ</span> <span class='ocrx_word' id='word_1_888' title='bbox 3314 5686 3581 5762; x_wconf 85' lang='grc' dir='ltr'>μακαρίου</span> <span class='ocrx_word' id='word_1_889' title='bbox 3619 5684 3887 5740; x_wconf 82' lang='grc' dir='ltr'>Γελασίου</span> 
     </span>
    </p>
   </div>
  </div>
