3974 6332
203 430 302 489 H9

1330 415 1946 478 APOPIITHEGMATA
1980 415 2288 475 PATRUM.

3348 426 3469 483 ιποτ

193 542 485 609 ςυλάττειν
509 540 644 597 adeo
673 540 811 612 πρὸς
834 539 1011 611 ὥραν,
1031 536 1139 601 ἓως
1164 531 1224 591 οὗ
1255 533 1555 606 ἀνακάμψῃ
1572 550 1588 564 ο
1625 532 1687 586 τὸ
1714 530 1771 584 δὲ

1875 540 2280 599 reverteretur;
2350 547 2485 604 puer
2539 548 2668 589 vero
2717 534 2856 605 gula:
2909 535 3134 591 libidine
3185 545 3445 604 tentatus,

189 632 405 688 παιδίον
448 629 746 703 λιχνισθὲν,
782 628 975 684 ἔδαλεν
1026 628 1227 682 ἐσθίειν
1268 626 1592 698 ἀφειδῶςτδ
1634 624 1772 694 ὀψάο

193 741 328 796 ριον.
369 720 651 776 εἰσελθὼν
693 721 751 775 δὲ
804 723 834 774 ό
883 719 1228 791 κελλαρίτης,
1288 719 1384 772 καὶ
1414 715 1591 787 εὑρὼν
1642 712 1775 768 αὐτὸ

190 816 395 877 ἐσθίον,
426 814 822 885 ἀγανακτήσας
854 811 997 866 κατὰ
1022 810 1118 864 τοῦ
1152 808 1342 874 παιδὸς
1383 808 1561 880 χαμαὶ
1603 806 1774 877 καθη-

194 908 378 979 μένου,
414 905 859 978 ἀπαρατηρήτως
888 904 968 976 τῷ
992 904 1112 958 ποδὶ
1137 902 1348 973 ὢθησεν
1367 918 1382 932 ’
1405 901 1467 966 ἐξ
1495 900 1773 973 ἐνεργείας

188 999 245 1053 δέ
298 1015 480 1063 τινος,
531 997 673 1051 κατά
722 996 943 1066 καιρίου
1001 994 1319 1068 κρουσθεὶς,
1370 992 1772 1063 λειποθυμήσας

188 1088 489 1143 ἀπέθανεν.
537 1088 597 1141 '0
622 1087 681 1140 δὲ
703 1085 1024 1157 κελλαρίτης
1051 1085 1201 1155 φόεῳ
1233 1083 1610 1153 κατασχεθεὶς,
1644 1084 1775 1136 ἀνα-

191 1179 379 1241 κλίνας
434 1178 626 1231 τοῦτον
666 1178 725 1230 ὲν
753 1180 819 1248 τῇ
866 1177 969 1246 ίδίᾳ
1024 1174 1277 1247 στρώσει,
1326 1177 1421 1229 καὶ⁵
1470 1174 1768 1237 σκεπάσας,

192 1268 449 1323 ἀπελθὼν
480 1267 790 1339 προσέπεσε
834 1269 947 1329 τοῖς
990 1266 1117 1319 ποσὶ
1161 1264 1255 1319 τοῦ
1303 1264 1445 1319 assa
1492 1262 1768 1325 Γελασίου,

189 1358 558 1428 ἀπαγγέλλων
586 1356 734 1427 αὑτῷ
775 1355 837 1409 τὸ
867 1356 1179 1428 γενόμενον.
1225 1357 1282 1408 '0
1310 1355 1368 1409 δὲ
1396 1353 1770 1426 παραγγείλας

191 1452 341 1522 αὐτῷ
372 1450 568 1522 μηδενὶ
617 1449 764 1521 ἄλλῳ
794 1450 991 1515 εἰπεῖν,
1026 1448 1313 1503 ἐκέλευσεν
1356 1448 1504 1518 αὐτῷ
1539 1444 1679 1517 μετά
1708 1444 1771 1497 τὸ

192 1544 401 1607 πάντας
433 1541 709 1614 ἠσυχάσαι
756 1541 1017 1612 ἑσπέρας,
1065 1539 1371 1607 εἰσενέγκαι
1423 1536 1556 1591 αὐτὸ
1596 1538 1676 1599 εἰς
1708 1535 1771 1588 τὸ

190 1634 521 1696 διακονικὸν,
554 1634 649 1686 καὶ
680 1630 854 1685 θεῖναι
901 1630 1210 1703 ἔμπροσθεν
1233 1629 1327 1683 τοῦ
1361 1627 1768 1697 θυσιαστηρίου,

193 1724 287 1778 καὶ
313 1723 695 1794 ἀναχωρῆσαι.
736 1722 847 1775 Καὶ
878 1720 1048 1775 ἐλθὼν
1078 1723 1106 1774 ό
1141 1721 1318 1791 γέρων
1351 1720 1430 1782 είς
1454 1718 1516 1772 τὸ
1535 1718 1771 1771 διακονι-

192 1815 309 1878 κὸν,
337 1814 471 1884 ἔστη
504 1816 584 1876 εἰς
624 1814 931 1883 προσευχήν
952 1829 970 1844 ο
1005 1812 1099 1866 καί
1126 1814 1192 1882 τῇ
1233 1809 1352 1881 ὥρᾳ
1384 1809 1483 1879 τῆς
1517 1825 1770 1880 νυκτερι-

192 1907 288 1975 νῆς
324 1904 670 1975 ψαλμῳδίας,
706 1902 1080 1973 συναχθέντων
1116 1902 1225 1956 τῶν
1252 1899 1517 1971 ἀδελφῶν,
1549 1899 1772 1971 ἐξῆλθεν
1802 1892 1846 1947 Β

192 2000 221 2050 ὁ
254 1997 440 2067 γέρων
469 1996 609 2066 ἔχων
636 1994 959 2050 ἀκολουθοῦν
995 1994 1127 2049 αὐτὸ
1160 1995 1221 2048 τὸ
1254 1994 1574 2066 μειράκιον*
1608 1992 1772 2065 μηδε-

190 2087 282 2149 νὸς
314 2087 377 2140 τὸ
403 2088 696 2157 γενόμενον
728 2085 949 2149 εἰδότος,
980 2084 1119 2157 πλὴν
1161 2083 1351 2151 αὐτοῦ,
1382 2084 1475 2139 καὶ
1511 2083 1606 2138 τοῦ
1646 2083 1771 2137 κελο

190 2177 442 2248 λαρίτου,
476 2176 581 2240 ἕως
604 2177 707 2246 τῆς
737 2174 903 2231 αὑτοῦ
931 2175 1209 2245 τελευτῆς.

260 2270 329 2325 δ’.
372 2270 603 2336 Ἔλεγον
640 2269 768 2340 περὶ
805 2268 895 2321 τοῦ
936 2268 1082 2321 ἀδεᾶ
1121 2267 1405 2334 Γελασίου,
1443 2268 1541 2339 οὐχ
1577 2268 1628 2322 οί
1663 2285 1774 2340 μα-

193 2362 359 2430 θηταὶ
402 2359 568 2414 αὑτοῦ
622 2360 800 2431 μόνον,
836 2360 969 2414 ἀλλά
1022 2360 1114 2412 κοιλ⁸
1158 2359 1345 2413 πολλοὶ
1392 2360 1501 2416 τῶν
1554 2361 1773 2424 πυκνῶς

192 2450 347 2521 αὖτῷ
375 2449 801 2521 παραϐαλόντων
831 2449 1132 2520 διηγοῦντο,
1167 2449 1248 2502 ὅτι
1278 2450 1335 2502 ἐν
1363 2447 1441 2519 τῷ
1471 2449 1645 2519 καιρῷ
1671 2448 1771 2517 τῆς

192 2539 581 2610 οἱκουμενικῆς
618 2538 834 2592 συνόδου
860 2538 958 2609 τῆς
989 2540 1046 2592 ὲν
1076 2537 1377 2607 Καλχηδόνι
1405 2539 1469 2601 ’⁸,
1496 2538 1770 2599 υεοδόσιος

192 2631 224 2682 ὀ
251 2627 639 2699 προκατάρξας
678 2628 736 2680 ὲν
783 2626 1116 2697 Παλαιστίνῃ
1161 2626 1255 2679 τοῦ
1302 2626 1441 2680 κατά
1483 2626 1769 2697 Διόσκορον

197 2719 498 2790 σχίσματος
532 2722 597 2783 ’⁸,
637 2717 925 2788 προλαϐὼν
950 2720 1073 2781 τοὺς
1103 2718 1432 2781 ἐπισκόπους
1458 2717 1769 2773 ἐπανελθεῖν

199 2811 492 2883 μέλλοντας
522 2811 615 2864 ἐπὶ
647 2811 746 2874 τὰς
778 2810 913 2874 ίδίας
950 2810 1271 2880 Ἐκκλησίας
1306 2810 1507 2881 (παρῆν
1540 2810 1649 2881 γὰρ
1674 2811 1768 2864 καὶ

196 2901 359 2963 αὐτὸς
392 2902 450 2953 ὲν
482 2899 1069 2963 Κωνσταντινουπόλει,
1098 2898 1343 2969 διωχθεὶς
1371 2899 1478 2953 ἀπὸ
1502 2900 1600 2969 τῆς
1634 2899 1766 2963 ἰδίας

197 2991 458 3060 πατρίδος
487 2988 561 3053 ὡς
584 2992 849 3061 ταραχαῖς
881 2989 967 3043 ἀεὶ
992 2988 1477 3062 χαίρων),ὥρμησε
1509 2991 1643 3062 πρὸς
1674 2991 1769 3044 τὸν

195 3079 374 3136 ἀϐὃᾶν
423 3080 460 3132 Γ
463 3080 673 3133 ελάσιον
723 3081 805 3142 είς
851 3080 912 3132 τὸ
950 3078 1115 3133 αὐτοῦ
1166 3082 1544 3152 μοναστήριον,
1591 3080 1766 3149 λέγων

199 3170 342 3225 κατᾶ
380 3171 479 3240 τῆς
510 3169 748 3234 συνόδου,
779 3169 853 3232 ὡς
888 3170 948 3222 τὸ
979 3170 1272 3240 Νεστορίου
1302 3170 1477 3241 δόγμα
1515 3175 1765 3243 κυρωσά-

201 3278 331 3331 σης’
373 3261 464 3317 διὰ
490 3260 679 3313 τούτου
704 3258 937 3330 νομίζων
961 3260 1049 3313 τὸν
1071 3259 1224 3328 ἅγιον
1253 3260 1612 3332 ὑφαρπάζειν,
1642 3263 1773 3333 πρὸς

204 3352 496 3423 συνεργίαν
520 3352 618 3421 τῆς
651 3351 817 3406 αὑτοῦ
848 3351 1196 3423 ῥᾳδιουργίας
1222 3352 1317 3405 καὶ
1341 3351 1434 3405 τοῦ
1462 3353 1580 3406 κατ’
1614 3353 1773 3407 αὑτὸν

203 3444 522 3514 σχίσματος.
572 3444 630 3497 '0
676 3443 733 3496 δὲ
778 3444 841 3495 ὲκ
886 3444 980 3513 τῆς
1006 3442 1100 3496 τοῦ
1133 3442 1327 3514 ἀνδρὸς
1370 3445 1772 3510 καταστάσεως,

203 3537 298 3588 καὶ
335 3538 401 3588 ἐκ
442 3535 542 3605 τῆς
588 3533 897 3606 προσούσης
944 3533 1094 3605 αὐτῷ
1145 3534 1331 3588 θεόθεν
1386 3535 1670 3600 συνέσεως,
1715 3537 1776 3588 τὸ

201 3626 591 3697 διεφθαρμένον
632 3627 730 3698 τῆς
782 3624 946 3680 αὐτοῦ
976 3626 1203 3698 γνώμης
1248 3627 1588 3692 καταλαϐὼν,
1632 3630 1694 3681 οὺ
1728 3632 1773 3661 ³³

205 3718 527 3790 συναπήχθη
553 3721 618 3789 τῇ
662 3717 826 3773 αὑτοῦ
854 3718 1184 3790 ἀποστασία,
1223 3719 1299 3782 ὼς
1341 3721 1392 3772 oi
1425 3720 1544 3772 τότε
1590 3721 1777 3790 σχεῶν

205 3812 424 3876 πάντες,
460 3811 576 3865 ἀλλ’
603 3811 769 3876 ἀξίως
805 3810 966 3865 αὑτὸν
994 3810 1267 3881 ἀτιμάσας
1306 3811 1648 3881 ἀπέπεμψεν.
1682 3813 1776 3875 El;

206 3902 373 3971 μέσον
416 3901 523 3973 γὰρ
574 3902 813 3970 ἐνεγκὼν
849 3903 912 3955 τὸ
941 3901 1266 3974 θρεπτάριον
1309 3902 1444 3975 ὅπερ
1472 3906 1535 3956 ἐκ
1566 3903 1775 3975 νεκρῶν

203 3993 521 4064 ἀνέστησεν,
559 3993 743 4062 ἔλεγεν
785 3995 842 4046 ὲν
874 3992 994 4064 ἤθει
1024 3993 1207 4064 σεμνῷ
1233 3993 1436 4058 οὕτως’
1478 3994 1601 4048 Ἐὰν
1648 3996 1776 4066 περὶ

206 4084 443 4148 πίστεως
477 4083 635 4157 θέλῃς
677 4083 1043 4155 διαλεχθῆναι,
1078 4084 1220 4156 ἔχεις
1258 4084 1445 4138 τοῦτον
1484 4087 1633 4156 παρὰ
1680 4086 1773 4138 σοῦ

203 4176 470 4231 ἀκούοντα
500 4177 594 4229 καὶ
632 4175 1010 4247 διαλεγόμενόν
1054 4193 1168 4229 σοι·
1200 4177 1322 4247 ἐμοὶ
1369 4176 1475 4246 γὰρ
1513 4178 1573 4228 οὐ
1612 4176 1775 4249 σχολὴ

203 4268 270 4322 τὰ
303 4267 459 4339 παρα
498 4267 588 4320 σοῦ
616 4268 852 4321 ἀκούειν.
896 4267 1021 4321 Ἐπὶ
1059 4267 1266 4330 τοῶτοις
1310 4268 1645 4337 διατραπεὶς,
1681 4270 1777 4322 καὶ

204 4360 295 4413 ἐπὶ
323 4360 426 4431 τὴν
462 4360 624 4428 ἁγίαν
652 4360 805 4412 πόλιν
844 4360 1113 4432 ὁρμήσας,
1147 4358 1477 4428 συναρπάζει
1520 4360 1617 4429 μὲν
1656 4358 1776 4412 ὅλον

207 4452 264 4504 τὸ
291 4450 607 4522 μοναχικὺν,
640 4454 695 4504 ὲν
712 4451 1059 4521 προσχήματι
1103 4448 1246 4502 θείου
1281 4450 1443 4520 ζήλου
1466 4464 1478 4477 ·
1508 4449 1777 4521 συναρπά-

1880 628 2047 695 cmpit
2096 623 2253 679 avide
2315 626 2519 693 piscem
2571 625 2922 682 manducare.
2973 624 3108 681 Tum
3166 627 3447 697 ingressus

1878 717 2152 782 cellarius,
2184 723 2241 771 et
2264 716 2548 772 inveniens
2578 716 2973 782 comedentem,
3009 719 3087 772 ira
3113 720 3446 786 concitatus,

1879 822 2107 877 puerum
2147 798 2425 863 sedentem
2474 809 2645 875 humi,
2691 809 3093 864 inconsiderate
3140 810 3276 880 pede
3323 823 3451 882 per-

1880 898 2094 963 cussit;
2158 905 2322 966 atque
2376 898 2443 962 is,
2497 898 2745 953 daemone
2801 908 3150 969 procurante.
3214 903 3449 957 letaliter

1879 990 2147 1059 pulsatus,
2196 989 2482 1044 deﬁciente
2519 990 2703 1045 animo
2745 991 2971 1045 interiit.
3011 989 3164 1047 Unde
3191 993 3446 1050 cellarius

1879 1082 2074 1136 timore
2107 1090 2412 1151 correptus,
2449 1081 2731 1137 reclinavit
2758 1098 2882 1136 eum
2911 1083 2964 1136 in
2995 1083 3271 1153 proprium
3307 1091 3446 1139 stra-

1878 1180 2015 1235 tum,
2052 1179 2104 1227 et
2125 1172 2358 1239 obtexit;
2389 1179 2552 1243 atque
2575 1171 2765 1228 abiens
2794 1172 3024 1244 procidit
3055 1174 3120 1227 ad
3152 1173 3318 1244 pedes
3348 1173 3449 1229 ab-

1877 1263 2019 1317 batis
2047 1262 2269 1325 Gelasii,
2309 1265 2571 1318 nuntians
2594 1265 2642 1319 ei
2669 1265 2814 1334 quod
2846 1266 3168 1334 contigerat.
3197 1263 3289 1320 Ille
3319 1280 3451 1321 vero

1876 1361 2163 1423 postquam
2212 1354 2584 1410 admonui~set
2632 1370 2702 1410 ne
2751 1356 2841 1408 alii
2896 1356 3151 1426 cuiquam
3196 1355 3445 1420 diceret,

1874 1445 2039 1515 jussit
2080 1454 2140 1498 ut
2182 1461 2426 1515 vespere,
2462 1461 2583 1500 cum
2620 1462 2810 1502 omnes
2835 1449 3201 1517 quiescerent,
3232 1447 3448 1503 afferret

1877 1556 2103 1612 puerum
2139 1541 2191 1595 in
2222 1541 2585 1607 diaconicum,
2633 1551 2858 1613 poneret
2896 1558 3081 1598 coram
3122 1544 3303 1608 altari,
3336 1547 3447 1602 sic-

1875 1648 1981 1703 que
1997 1632 2334 1687 abscederet.
2353 1631 2489 1686 Tum
2514 1632 2580 1687 ad
2599 1631 2942 1687 diaconicnm
2964 1631 3238 1703 profectus
3254 1649 3445 1701 senex,

1876 1724 2116 1780 stetitad
2149 1724 2546 1793 precationem,
2604 1732 2766 1794 atque
2794 1723 2926 1777 hora
2970 1732 3251 1778 nocturna:
3303 1725 3447 1794 psal-

1875 1817 2088 1880 modiaa,
2132 1815 2477 1885 congregatis
2533 1813 2817 1877 fratribus,
2864 1814 3035 1869 exivit
3074 1828 3262 1877 senex,
3297 1829 3447 1867 asse-

1872 1907 2011 1961 clam
2042 1906 2251 1961 habens
2284 1904 2787 1969 adolescentulum;
2842 1920 2941 1960 nec
2990 1904 3281 1975 quisquam
3329 1918 3444 1959 rem

1871 1999 2147 2068 cognovit,
2189 1996 2428 2067 quandiu
2477 1996 2633 2063 vixit,
2697 2002 2891 2067 ιιι-αξιοι·
2946 1995 3125 2067 ipsum
3173 2002 3228 2051 et
3283 1994 3457 2053 cella-

1872 2103 2037 2145 filim.

1942 2268 1997 2323 4.
2032 2266 2107 2324 De
2132 2267 2329 2323 abbate
2361 2266 2598 2330 Gelasio,
2639 2281 2746 2321 non
2777 2264 2938 2320 modo
2967 2263 3220 2334 discipuli
3272 2263 3453 2334 ipsius

1873 2362 2111 2425 aiebant,
2137 2359 2233 2415 sed
2259 2367 2314 2415 et
2340 2358 2649 2414 referebant
2676 2358 2827 2412 multi
2860 2371 3048 2413 eorqu
3075 2358 3169 2427 qui
3195 2354 3445 2425 frequen-

1873 2461 1954 2507 ter
1987 2451 2138 2505 illum
2193 2451 2460 2515 adierant,
2503 2449 2651 2520 quod
2686 2461 2931 2518 tempore
2974 2446 3324 2503 meumenicre
3353 2461 3443 2517 sy-

1871 2543 1995 2598 nodi
2029 2543 2371 2598 Chalcedone
2401 2551 2768 2613 congregatae,
2802 2540 3171 2605 Theodosius,
3211 2539 3301 2592 ille
3343 2538 3436 2606 qui

1871 2633 1925 2687 in
1954 2632 2243 2688 Palaestina
2278 2634 2521 2690 schisma
2557 2631 2801 2687 Diosrori
2824 2631 3145 2700 auspicatus
3167 2637 3270 2692 est,
3304 2643 3444 2699 pra:-

1868 2725 2093 2781 veniens
2155 2725 2444 2796 episc0pos
2492 2724 2558 2779 ad
2613 2738 2744 2778 suas
2794 2721 3071 2776 Eeelesias
3128 2735 3444 2776 reversuros

1869 2818 2033 2887 (nam
2087 2817 2202 2886 ipse
2230 2831 2449 2887 quoque
2495 2816 2685 2889 aderat
2720 2811 3214 2883 ConstantinOpoli,
3267 2811 3444 2881 patria

1867 2908 2013 2980 quod
2057 2923 2272 2978 semper
2325 2907 2649 2962 tumultibus
2690 2906 3054 2960 delectaretur
3087 2903 3446 2975 pulsus),ir-

1868 3001 1978 3056 ruit
2014 3001 2069 3056 in
2126 3001 2375 3055 abbatem
2415 2998 2691 3054 Gelasium
2740 2998 2792 3051 in
2822 2996 3149 3051 monasterio
3179 2994 3323 3067 ejus,
3360 2995 3440 3048 lo-

1867 3110 2041 3165 quens
2093 3093 2356 3148 adversus
2396 3091 2688 3162 synodum,
2734 3088 2891 3159 quasi
2936 3103 3058 3157 qua:
3119 3087 3312 3156 dogma
3339 3083 3447 3140 Ne-

1874 3187 2030 3242 storii
2070 3184 2470 3251 confirmasset,
2507 3191 2561 3239 et
2603 3199 2700 3252 per
2724 3180 3034 3251 hujusmodi
3069 3181 3274 3235 dictum
3302 3178 3448 3234 exis—

1877 3278 2077 3332 timans
2110 3292 2139 3331 a
2160 3291 2223 3331 se
2256 3277 2539 3345 abreptum
2577 3274 2643 3327 iri
2672 3288 2858 3328 senem
2900 3273 2955 3327 in
2986 3273 3299 3327 societatem
3353 3271 3447 3325 fal-

1877 3369 2027 3423 lacia:
2053 3383 2166 3423 suae
2203 3377 2259 3422 et
2284 3367 2623 3425 schismatis.
2654 3367 2723 3420 At
2743 3368 2837 3421 ille
2871 3382 2939 3419 ex
2976 3365 3218 3419 hominis
3246 3366 3449 3420 consti-

1876 3462 2104 3519 tutione.
2137 3474 2349 3513 necnon
2374 3474 2438 3513 ex
2463 3473 2525 3511 ea
2554 3473 2713 3528 quam
2740 3458 3002 3511 divinitus
3047 3455 3278 3509 habebat
3319 3470 3449 3525 pru-

1874 3550 2080 3612 dentia,
2110 3548 2526 3617 deprehendens
2557 3548 2676 3616 ejus
2710 3544 3061 3617 depravatam
3115 3547 3468 3601 sententiam.

1875 3649 2037 3707 atque
2065 3640 2416 3702 voluntatem,
2444 3639 2510 3693 ad
2533 3640 2768 3696 lueretici
2795 3640 3151 3694 defectionem
3185 3656 3279 3695 seu
3315 3654 3447 3709 apo-

1875 3732 2120 3795 stasiam,
2148 3732 2320 3787 instar
2337 3740 2656 3786 ceterorum
2685 3732 2795 3787 fere
2819 3733 3089 3793 omnium,
3109 3747 3216 3786 nun
3241 3739 3324 3786 est
3350 3731 3470 3784 ab~

1874 3823 2073 3878 ductus
2093 3841 2107 3891 ;
2132 3823 2226 3879 sed
2249 3831 2410 3893 prout
2424 3824 2734 3881 merebatur
2753 3824 3137 3879 inhonoratum
3155 3823 3442 3893 ablegavit.

1874 3915 2007 3970 Nam
2032 3916 2086 3970 iu
2126 3916 2364 3971 medium
2396 3915 2634 3971 adducto
2670 3916 2910 3979 alumno,
2950 3930 3119 3984 puero
3142 3915 3233 3967 illo
3281 3928 3469 3983 quem-

1874 4007 2209 4062 exeitaverat
2241 4020 2273 4061 a
2333 4006 2584 4071 mortuis,
2638 4006 2712 4059 ita
2774 4006 3014 4075 graviter
3043 4011 3098 4057 et
3144 4003 3461 4071 compositor

1876 4099 2090 4154 locutus
2129 4108 2213 4153 est
2239 4117 2253 4153 :
2287 4097 2344 4152 Si
2364 4098 2432 4152 de
2460 4096 2562 4151 [ide
2586 4098 2741 4165 cupis
2765 4096 3056 4160 disserere,
3085 4094 3227 4146 hunc
3253 4092 3444 4157 habes,

1875 4190 2024 4259 quia
2053 4197 2106 4243 te
2139 4187 2345 4252 audiet,
2377 4194 2669 4254 tecumque
2706 4185 3083 4252 colloquetur;
3111 4182 3244 4236 mihi
3293 4183 3467 4237 enim-

1875 4293 1984 4331 non
2016 4282 2173 4330 vacat
2203 4283 2294 4329 tua
2321 4272 2654 4327 auscultare.
2688 4270 2770 4325 Ad
2799 4285 2921 4339 quae
2948 4269 3113 4325 verba
3140 4269 3230 4324 ille
3253 4268 3448 4323 confu-

1876 4385 1992 4430 sus,
2034 4369 2089 4422 in
2135 4374 2383 4422 sanctam
2435 4364 2712 4418 civitatem
2768 4362 3054 4432 prorupit;
3090 4361 3179 4415 ubi
3226 4361 3444 4432 quidem

1876 4459 1944 4513 ad
1988 4472 2116 4513 suas
2150 4464 2331 4526 partes
2382 4454 2620 4523 abripuit
2652 4469 2846 4509 omnes
2901 4452 3225 4508 monachos.
3260 4454 3447 4523 specie

208 4543 287 4607 ζει
310 4544 367 4596 δὲ
393 4544 488 4596 καὶ
524 4543 622 4613 τὴν
648 4542 960 4610 Αὐγούσταν
991 4542 1111 4595 τότε
1138 4542 1415 4613 παροῦσαν
1434 4558 1447 4570 °
1483 4542 1577 4595 καὶ
1600 4540 1772 4606 οὕτως

1878 4550 1979 4606 zeli
2012 4548 2178 4603 divini
2220 4565 2235 4601 :
2270 4547 2508 4617 abripuit
2554 4561 2774 4620 quoque
2830 4544 3130 4615 Augustam
3176 4560 3297 4613 quae
3334 4545 3462 4599 illic'

208 4635 465 4706 συνεργὸν
493 4633 694 4697 λαΰὼν,
740 4633 831 4704 βία
867 4633 1098 4703 κατέσχε
1125 4633 1214 4686 τὸν
1248 4632 1434 4706 θρόνον
1482 4633 1775 4705 Ἱεροσολὺ-

207 4742 355 4795 μων·
390 4726 572 4793 φόνοις
616 4723 803 4778 τοῦτον
840 4723 1224 4796 προαρπάσας,
1264 4723 1358 4778 καὶ
1388 4724 1456 4779 τὰ
1490 4726 1623 4781 ἄλλα
1652 4725 1778 4780 aes.

208 4836 334 4889 μιτα
373 4820 468 4871 καὶ
502 4818 827 4870 ἀκανόνιστα
859 4816 1182 4888 διαπράξας,
1209 4815 1244 4870 ἀ
1273 4816 1436 4888 μέχρι
1465 4816 1559 4870 νῦν
1594 4818 1778 4871 ’πολλοὶ⁸

209 4907 626 4980 μνημονεύουσι.
657 4908 789 4960 Τότε
828 4906 892 4978 δὴ
926 4907 1001 4971 ὡς
1034 4904 1304 4979 ἐγκρατὴς
1345 4907 1650 4978 γενόμενος,
1681 4907 1777 4961 καὶ

206 5002 296 5055 τοῦ
330 5001 535 5055 σκοποῦ
564 4999 855 5070 ἐπιτυχὼν,
872 5001 983 5054 καὶ
1006 4999 1337 5063 ἐπισκόπους
1366 4998 1646 5063 πλείστους
1665 5016 1777 5070 χει-

206 5098 522 5166 ροτονήσας,
564 5092 960 5165 προλαμϐάνων
994 5093 1121 5156 τοὺς
1164 5091 1385 5166 θρόνους
1415 5091 1523 5146 τῶν
1556 5091 1777 5143 ὲπισκό·

205 5204 320 5241 πων
368 5186 596 5258 μηδέπω
639 5183 1058 5247 ἐπανελθόντων,
1112 5184 1528 5255 μεταστέλλεται
1561 5182 1776 5236 καὶτὸν

202 5280 374 5335 ἀσϐἱν
403 5280 662 5334 Γελάσιον
682 5295 696 5309 ’
747 5280 840 5332 καὶ
874 5279 1241 5351 προτρέπεται
1277 5278 1357 5339 είς
1387 5274 1448 5329 τὸ
1487 5277 1775 5344 ἱερατεῖον,

203 5373 471 5436 δελεάζων
495 5373 613 5442 ἅμα
639 5372 731 5424 καὶ
764 5371 1030 5439 ὲκφοὸὦν.
1066 5369 1371 5423 Εἰσελθόντι
1402 5364 1494 5421 οὖν
1524 5366 1673 5438 αὐτῷ
1696 5368 1776 5431 εἰς

204 5465 261 5518 τὸ
315 5467 603 5535 ἱερατεῖον,
664 5466 846 5535 ἔλεγεν
892 5471 918 5521 ὀ
972 5467 1281 5531 Θεοδόσιος⁹
1358 5465 1777 5537 Ἀναθεμάτισον

204 5556 556 5611 Ἰουϐενάλιον
632 5558 691 5610 ’0
716 5559 771 5612 δὲ
806 5558 971 5630 μηδὲν
1025 5558 1416 5625 καταπλαγεὶς,
1456 5558 1647 5612 ’Δλλον
1675 5558 1776 5610 οὐκ

201 5644 338 5712 οἶδα,
370 5650 557 5718 φησὶν,
620 5650 916 5703 ἐπίσκοπον
979 5649 1388 5721 Ἱεροσολύμων,
1436 5651 1486 5702 εἰ
1525 5648 1597 5720 μὴ
1650 5651 1779 5702 Ἰου-

1877 4649 2006 4696 tune
2034 4639 2255 4705 aderat;
2310 4646 2476 4708 atque
2509 4639 2584 4693 ita
2631 4638 2796 4707 hujus
2857 4636 3062 4691 auxilio
3095 4651 3248 4699 usus,
3283 4637 3334 4689 vi
3366 4651 3448 4690 se-

1874 4732 1995 4788 dem
2028 4730 2576 4801 llierosolymitanam
2633 4731 2946 4798 occupavit,
2980 4728 3219 4781 caedibus
3247 4739 3461 4794 νηοῖο-ε

1873 4833 2019 4896 ptam
2049 4846 2063 4893 ;
2091 4825 2310 4894 aliaque
2326 4830 2514 4878 contra
2546 4822 2691 4891 leges
2721 4830 2773 4875 et
2815 4835 3055 4874 canones
3094 4821 3449 4888 perpetravit,

1871 4932 1993 4988 quae
2042 4918 2324 4986 hucusque
2360 4923 2785 4969 commemorant
2820 4912 2995 4965 tntilli.
3050 4908 3202 4963 'l‘unc
3252 4907 3441 4980 igitur,

1874 5017 1932 5064 ut
1959 5010 2050 5078 qui
2084 5014 2406 5078 potestatem
2434 5005 2727 5067 obtineret,
2774 5003 2994 5072 votique
3023 5007 3169 5056 esset
3193 5013 3441 5068 compos,

1874 5102 2141 5157 ordinatis
2180 5098 2453 5170 episcopis
2497 5095 2766 5166 pluribus,
2802 5092 3109 5148 invadenda
3156 5091 3444 5163 episwpo-

1875 5207 1995 5246 rum
2029 5190 2268 5245 nondum
2296 5200 2673 5258 regressorum
2708 5184 2956 5248 thronos,
2991 5182 3155 5238 etiam
3189 5181 3457 5237 abbatem.

1874 5282 2150 5338 Gelasium
2180 5279 2495 5345 arcessivit;
2530 5292 2690 5347 quem
2726 5275 2795 5330 ad
2822 5274 3127 5330 sacrarium
3168 5273 3440 5336 invitavit,

1876 5372 2144 5428 deliniens
2187 5371 2350 5427 simul
2396 5385 2459 5424 ac
2502 5377 2734 5423 terrens.
2781 5367 2918 5421 Cum
2976 5379 3106 5435 ergo
3163 5365 3459 5436 ingressus,

1876 5474 2021 5522 esset
2053 5465 2105 5518 in
2143 5463 2467 5525 sacrarium,
2531 5460 2669 5515 dixit
2705 5458 3049 5515 Theodosius
3085 5476 3099 5514 :
3137 5457 3455 5513 Anatlterna.

1878 5557 2059 5628 profer
2082 5555 2346 5612 adversus
2368 5553 2707 5609 Juvenalem.
2733 5550 2917 5606 Abbas
2948 5564 3078 5604 vero
3096 5547 3441 5619 impavidus:

1877 5650 2080 5713 Alium,
2119 5648 2314 5717 inquit,
2358 5663 2466 5701 non
2501 5645 2623 5701 novi
2684 5643 3194 5714 Hierosolymorum
3230 5640 3446 5712 episco-

205 5823 211 5827 ’
268 5817 312 5848 ’⁸
349 5828 429 5881 Al.
460 5826 785 5896 Χαλκηδόνι.
863 5829 904 5859 ²’
940 5826 1022 5882 Al.
1061 5828 1351 5899 σχήματος.
1429 5827 1470 5858 ”
1495 5824 1576 5881 Al.
1603 5827 1661 5881 οὐ
1698 5828 1853 5899 μόνον
1882 5828 1962 5880 οὺ.
