3982 6336
484 339 578 393 151
1006 371 1016 384 ι
1643 330 1983 389 APPENDiX
2021 334 2099 390 All

2205 332 2566 397 \LLADIUM.
3647 339 3765 398 152

481 475 636 537 pum,
661 464 858 529 printer
881 453 1224 510 Iuvenalem.
1259 454 1326 508 At
1356 452 1703 525 Theodosius
1732 455 1943 510 veritus
1990 469 2059 513 ne
2087 493 2099 519 λ

2205 454 2428 510 ενάλιον.
2506 452 2845 525 Εὐλαϐηθεὶς
2909 451 2968 507 δὲ
3034 452 3064 507 ὁ
3122 451 3441 517 Θεοδόσιος,
3508 450 3586 524 μὴ
3656 454 3769 509 καὶ

483 554 574 611 alii
606 565 826 623 quoque
848 548 1000 620 pium
1026 546 1268 603 hominis
1293 547 1471 603 zelum
1505 546 1876 614 imitarentur,
1894 547 2062 617 jussit

2205 549 2312 604 λλοι
2368 547 2459 602 τδν
2512 547 2710 613 εὐσεϐῆ
2768 544 2932 600 αὐτοῦ
2998 544 3161 616 ζῆλον
3216 545 3567 617 μιμήσωνται
3589 584 3608 610 ,
3652 562 3767 599 κε-

485 655 546 701 ιιι
573 659 699 699 cum
736 641 993 697 irrisione
1025 639 1327 712 pelleretur
1356 639 1426 694 ab
1457 638 1714 695 ecclesia.
1761 639 2063 709 Acceptum

2205 642 2310 696 ξύει
2348 639 2509 695 αὐτὸν
2537 639 2753 708 εὐφυῶς
2780 638 2885 703 ἔξω
2912 638 2959 670 ⁸³
2992 637 3258 708 βληθῆναι
3298 637 3402 709 τῆς
3430 636 3765 709 ἐκκλησίας.

484 743 670 799 autem
719 732 1056 792 schismatici
1090 729 1580 786 circumdederunt
1634 729 1820 800 lignis,
1872 729 2065 785 minati

490 845 552 885 se
590 825 982 884 combusturos
1016 837 1162 878 eum.
1196 818 1305 877 Sed
1333 820 1581 895 videntes
1615 835 1793 891 neque
1820 829 2068 891 propter-

487 934 555 978 ea
593 918 815 982 cedere,
881 929 983 970 nec
1016 927 1235 984 pavere,
1274 919 1439 984 atque
1470 912 1631 969 veriti
1680 913 1853 985 plebis
1881 913 2068 970 conci-

489 1010 773 1075 tationem,
830 1005 981 1078 quod
1016 1005 1184 1061 homo
1224 1015 1372 1062 esset
1432 1005 1634 1063 celebri
1680 1004 1825 1059 fama
1856 1009 2065 1076 (totum

490 1113 674 1159 autem
711 1118 742 1157 e
770 1115 1012 1171 superna
1042 1098 1297 1155 veniebat
1324 1096 1739 1168 providentia);
1772 1105 2068 1168 martyrem

492 1195 724 1250 illaesum
777 1191 1147 1254 dimiserunt,
1183 1189 1300 1259 qui,
1334 1196 1602 1260 quantum
1658 1187 1836 1244 fuerat
1871 1188 1926 1243 in
1968 1203 2028 1244 se
2051 1227 2067 1253 ,

491 1285 716 1342 Christo
746 1284 806 1339 in
837 1282 1220 1339 holocaustum
1266 1295 1388 1337 sese
1422 1280 1715 1336 obtulerat.

564 1378 623 1436 5.
665 1375 740 1432 De
764 1374 954 1431 eodem
987 1374 1224 1429 relatum
1254 1381 1361 1441 est,
1392 1372 1537 1443 quod
1568 1373 1734 1427 vitam
1772 1372 1989 1443 inopem
2019 1382 2074 1428 et

496 1465 937 1524 anachoreticam
959 1463 1014 1518 in
1033 1463 1320 1533 juventute
1351 1461 1636 1532 professus
1662 1462 1892 1518 fuisset:
1916 1470 2075 1518 erant

498 1568 679 1617 autem
710 1575 778 1616 eo
808 1567 1052 1631 tempore
1089 1555 1284 1613 iisdem
1318 1557 1374 1612 in
1400 1556 1541 1612 locis
1571 1556 1736 1611 etiam
1762 1556 1856 1611 alii
1892 1557 2076 1626 plures

498 1654 591 1723 qui
640 1665 738 1723 par
772 1650 899 1707 vita
940 1648 1257 1705 institutum
1304 1646 1523 1703 fuerant
1564 1647 1893 1716 amplexati;
1936 1662 2075 1717 quos

495 1751 642 1799 inter
672 1758 836 1798 senex
866 1741 1115 1812 quidam,
1145 1754 1375 1795 summae
1404 1739 1801 1809 simplicitatis,
1830 1739 2078 1809 nihilque

2167 732 2582 805 Παραλαϐόντες
2631 730 2689 783 δὲ
2737 730 2900 784 αὐτὸν
2946 730 2997 783 οἱ
3039 727 3134 783 τοῦ
3168 728 3335 785 αὐτοῦ
3374 729 3654 801 σχήματος
3685 728 3766 794 ³⁸,

2170 824 2535 898 περιέστησαν
2572 822 2721 894 αὐτῷ
2754 821 2908 887 ξύλα,
2945 820 3123 876 καίειν
3179 820 3343 876 αὐτὸν
3380 820 3766 887 ἀπειλοῦντες.

2179 918 2448 990 Ὀρῶντες
2477 916 2535 971 δὲ
2582 915 2743 970 αὐτὸν
2779 914 2914 986 μηδὲ
2949 913 3123 978 οὕτως
3164 913 3455 986 ἐνδιδόντα,
3486 913 3624 985 μηδὲ
3656 931 3773 967 κα-

2168 1008 2574 1079 ταπτήσσοντα,
2595 1005 2690 1060 καὶ
2721 1005 3115 1077 εὐλαϐούμενοι
3142 1005 3242 1077 τὴν
3273 1004 3370 1059 τοῦ
3398 1004 3572 1077 δήμου
3598 1005 3775 1074 ἐγερ-

2173 1115 2278 1161 σιν,
2302 1098 2389 1153 διὰ
2428 1098 2490 1152 τὸ
2538 1095 2860 1170 περιϐόητον
2888 1092 3026 1150 εἷναι
3068 1094 3162 1149 τὸν
3197 1095 3366 1167 ἄνδρα
3396 1094 3477 1166 (τὸ
3523 1094 3642 1149 ὅλον
3695 1096 3771 1147 ὲκ

2170 1195 2271 1263 τῆς
2304 1190 2509 1247 ἀνωθεν
2534 1184 2603 1261 ἦν
2633 1188 2930 1260 προνοίας),
2962 1188 3243 1242 ἀπέλυσαν
3262 1186 3473 1257 ἀϐλαϐῆ
3495 1185 3585 1240 τὸν
3616 1185 3773 1257 μάρ-

2172 1301 2331 1354 τυρα,
2363 1283 2426 1336 τό
2461 1299 2525 1352 γε
2554 1284 2642 1352 ἐφ’
2673 1281 2852 1352 ἐαυτῷ
2882 1279 3106 1353 Χριστῷ
3132 1279 3598 1335 ὁλοκαυτωθέντα.

2243 1384 2307 1431 ε’.
2353 1375 2578 1444 Ἔλεγον
2620 1374 2752 1445 περὶ
2790 1372 2980 1440 αὐτοῦ,
3018 1373 3100 1426 ὅτι
3128 1374 3185 1425 ἐν
3212 1372 3429 1443 νεότητι
3463 1369 3558 1424 τὸν
3585 1370 3771 1440 ἀκτή-

2179 1486 2316 1539 μονα
2359 1467 2470 1540 βίον
2519 1467 2614 1521 καὶ
2667 1465 3079 1538 ἀναχωρητικὺν
3132 1465 3470 1536 μετήρχετο·
3516 1459 3658 1535 ἦσαν
3708 1461 3772 1514 δὲ

2178 1567 2297 1619 κατ’
2331 1564 2493 1618 αὐτὴν
2524 1564 2616 1618 τὸν
2649 1563 2839 1635 καιρὸν
2868 1562 2964 1614 καὶ
3007 1560 3158 1615 ἄλλοι
3203 1557 3445 1612 πλεῖστοι
3470 1554 3611 1609 κατά
3634 1553 3775 1617 τοὺς

2179 1660 2378 1723 αὐτοὺς
2413 1660 2637 1722 τόπους,
2667 1657 2758 1711 τὸν
2799 1655 2964 1711 αὐτὸν
3013 1653 3127 1725 βίον
3153 1651 3302 1722 αὐτῷ
3345 1646 3774 1717 συνασπαζὸμε-

2180 1769 2293 1806 νοι·
2327 1754 2385 1805 ἐν
2428 1747 2511 1814 οἷς
2552 1752 2644 1806 καὶ
2686 1749 2866 1821 γέρων
2904 1765 2988 1812 τις
3016 1742 3085 1818 ἦν
3119 1746 3199 1809 εἱς
3237 1744 3405 1815 ἄκρον
3455 1740 3774 1795 ἁπλούστα-

497 1832 807 1905 possidens,
837 1833 932 1903 qui
989 1832 1045 1885 in
1096 1840 1347 1900 separata
1377 1829 1572 1884 cellula
1604 1844 1780 1898 usque
1823 1829 1891 1884 ad
1931 1845 2079 1884 mor-

2205 1860 2274 1906 :o;
2304 1843 2399 1897 καὶ
2442 1843 2725 1912 ἀκτήμων,
2759 1843 2817 1894 ὲν
2856 1837 3183 1922 μονοκελλίιε)
3220 1835 3450 1904 οἰκήσας
3485 1831 3598 1904 (92)
3634 1830 3774 1902 ἄχρι

499 1937 607 1981 tem
634 1924 921 1989 habitavit,
955 1922 1208 1993 quamvis
1235 1922 1289 1976 in
1325 1929 1608 1978 senectute
1631 1921 1883 1977 habuerit
1912 1921 2082 1979 disci-

498 2019 681 2088 pulos.
709 2016 760 2072 ls
780 2017 835 2070 in
862 2032 923 2071 ea
942 2014 1330 2070 observatione
1350 2027 1473 2069 sese
1493 2022 1833 2078 exercuerat,
1864 2023 1923 2068 ut
1943 2014 2083 2077 duas

501 2109 719 2163 tunicas
756 2122 866 2161 non
923 2104 1254 2176 possideret,
1306 2118 1409 2158 nec
1442 2117 1554 2157 una
1597 2117 1722 2158 cum
1765 2105 1932 2161 sociis
1966 2106 2083 2161 suis

503 2200 572 2255 de
600 2198 845 2255 crastino
875 2195 1168 2266 cogitaret,
1197 2194 1268 2250 ad
1295 2202 1526 2250 mortem
1542 2210 1737 2266 usque.
1774 2196 1911 2251 Cum
1952 2212 2084 2268 ergo

501 2289 707 2348 accidit
738 2297 798 2345 ut
839 2288 1011 2344 abbas
1077 2286 1328 2344 Gelasius
1377 2287 1688 2345 coenobium
1744 2286 1853 2343 Deo
1888 2303 2087 2359 coope-

503 2391 664 2437 rante
699 2382 1082 2447 constitueret,
1140 2379 1512 2436 offerebantur
1556 2379 1609 2436 ei
1650 2379 1820 2435 multa
1854 2380 2084 2450 praedia;

507 2469 824 2541 possidebat
863 2477 1045 2524 autem
1089 2476 1142 2522 et
1191 2467 1259 2523 ad
1300 2483 1435 2524 usus
1496 2467 1734 2523 ccenobii
1774 2469 2088 2525 necessaria

507 2565 752 2637 jmnenta
781 2563 1107 2628 sarcinaria,
1131 2576 1257 2617 cum
1289 2560 1485 2617 bobus.
1511 2559 1616 2628 Qui
1663 2562 1810 2617 enim
1846 2560 1977 2616 olim
2000 2562 2089 2617 di-

430 2716 435 2721 .
508 2657 636 2711 vino
657 2655 955 2711 Pachomio
984 2653 1271 2709 oraculum
1297 2652 1470 2718 dedit,
1513 2662 1572 2708 ut
1595 2659 1947 2709 construeret
1979 2666 2086 2707 cm-

478 2799 482 2802 .
509 2749 756 2816 nubium,
782 2748 910 2810 huic
943 2762 1162 2821 quoque
1196 2745 1264 2800 ad
1290 2759 1507 2801 omnem
1552 2744 1873 2802 monasterii
1903 2759 2096 2801 neces-

511 2843 726 2898 sitatem
780 2839 1161 2897 succurrebat.
1191 2837 1254 2893 ιη
1288 2837 1377 2895 his
1407 2851 1539 2907 ergo
1578 2845 1890 2892 versantem
1934 2834 2094 2893 Gela-

511 2939 653 2991 sium
680 2935 916 2989 intuitus
946 2932 1242 3003 praedictus
1265 2945 1457 2993 senex,
1507 2943 1572 2984 ac
1610 2943 1934 3000 germanam
1964 2943 2095 3000 erga

510 3040 638 3079 eum
669 3037 1005 3079 conservans
1031 3020 1407 3085 dilectionem,
1435 3019 1514 3073 ait
1538 3018 1618 3072 illi
1645 3037 1660 3073 :
1703 3018 1923 3084 Vereor,
1954 3020 2095 3075 abba

514 3116 719 3176 Gelasi,
753 3129 824 3168 ne
873 3113 1125 3182 alligetur
1152 3125 1310 3167 mens
1349 3118 1443 3164 tua
1487 3124 1614 3164 cum
1643 3110 1712 3165 ad
1760 3124 1942 3182 agros,
1980 3119 2095 3166 tum

2182 1933 2477 2001 τελευτῆς,
2529 1932 2732 2003 καίπερ
2796 1928 3046 2000 μαθητὰς
3100 1920 3349 1996 ἐσχηκὼς
3398 1926 3455 1975 ὲν
3503 1920 3580 1992 τῷ
3617 1923 3777 1992 γήρᾳ

2183 2022 2368 2076 αὐτοῦ.
2412 2017 2580 2085 Οὗτος
2615 2022 2823 2092 ἤσκησε
2844 2017 3077 2087 φυλάξαι
3116 2016 3177 2068 τὸ
3212 2013 3286 2086 μὴ
3325 2012 3626 2084 κτήσασθαι
3673 2009 3778 2064 δύο

2184 2113 2441 2185 χιτῶνας,
2469 2112 2602 2184 μηδὲ
2637 2111 2971 2184 μεριμνῆσαι
3002 2110 3129 2181 περὶ
3154 2109 3253 2178 τῆς
3286 2105 3473 2179 αὔριον
3500 2103 3638 2176 μετά
3657 2103 3777 2155 :5»;

2189 2206 2458 2260 συνόντων
2500 2202 2650 2275 αὐτῷ
2678 2202 2839 2274 μέχρι
2870 2201 3124 2255 θανάτου.
3164 2199 3292 2253 Ὅτε
3316 2194 3409 2252 οὖν
3442 2196 3639 2266 συνέϐη
3675 2195 3779 2247 τὸν

2183 2296 2360 2350 ἀϐϐᾶν
2386 2294 2667 2358 Γελάσιον,
2699 2294 2766 2345 ἐκ
2811 2291 2963 2355 θείας
3010 2288 3298 2361 συνεργίας
3326 2288 3372 2320 ⁸⁸
3399 2282 3780 2356 συστήσασθαι

2187 2388 2248 2443 τὸ
2280 2386 2566 2454 κοινόϐιον,
2603 2383 3009 2456 προσεφέροντο
3045 2380 3194 2453 αὐτῷ
3222 2380 3315 2433 καὶ⁹
3342 2378 3517 2450 χωρία
3559 2375 3777 2430 πολλά⁹

2188 2481 2459 2551 ἐκτήσατο
2487 2477 2543 2531 δὲ
2586 2477 2682 2531 καὶ¹
2721 2475 2791 2530 τὰ
2833 2475 2969 2550 πρὸς
3003 2474 3103 2539 τὰς
3140 2473 3327 2545 χρείας
3366 2470 3460 2524 τοῦ
3504 2467 3779 2523 κοινοϐίου

2190 2572 2360 2642 κτήνη
2395 2569 2673 2641 ἀχθοφόρα
2705 2569 2801 2621 καὶ
2842 2567 2994 2638 βόας.
3050 2567 3110 2619 'O
3142 2564 3252 2637 γὰρ
3299 2561 3644 2635 χρηματίσας
3694 2558 3778 2629 τῷ

2193 2661 2324 2732 θείῳ
2379 2661 2660 2733 ΙΙαχωμίῳ
2707 2662 2765 2713 ἐν
2801 2658 3036 2732 πρώτοις
3080 2657 3342 2711 κοινόϐιον
3379 2649 3777 2724 συστήσασθαι,

2194 2754 2289 2809 καὶ
2314 2754 2488 2825 τούτῳ
2534 2755 2793 2826 συνήργει
2832 2755 2912 2817 είς
2940 2753 3040 2824 τὴν
3074 2752 3256 2804 πᾶσαν
3274 2747 3367 2802 τοῦ
3413 2746 3783 2819 μοναστηρίου
3816 2743 3821 2747 ’

2197 2845 2477 2900 σύστασιν.
2526 2845 2615 2899 Ἑν
2637 2844 2847 2907 τούτοις
2873 2839 2968 2897 οὖν
3009 2842 3222 2914 βλέπων
3249 2838 3411 2897 αὐτὸν
3453 2840 3483 2893 ὁ
3513 2854 3782 2910 προειρη-

2200 2939 2363 3009 μένος
2398 2938 2597 3009 γέρων,
2639 2938 2734 2991 καὶ
2771 2935 2998 3007 γνησίαν
3032 2933 3220 2998 σώζων
3263 2934 3400 3006 πρὸς
3438 2931 3599 2987 αὐτὸν
3639 2930 3790 3001 ἀγά-

3704 3027 3790 3097 μὴ

3007 3118 3077 3172 τά
3106 3119 3283 3190 χωρία
3315 3119 3409 3172 καὶ
3450 3118 3549 3190 τὴν
3584 3117 3790 3188 λοιπὴν

2198 3048 2327 3101 πην,
2387 3029 2573 3098 ἔλεγεν
2620 3027 2798 3098 αὐτῷ’
2857 3026 3153 3096 Φοϐοῦμαι,
3212 3026 3356 3079 acea
3402 3025 3648 3087 Γελάσιε,

2197 3121 2325 3192 δεθῇ
2366 3122 2395 3174 ὁ
2437 3119 2697 3191 λογισμός
2746 3136 2838 3172 σου
2886 3122 2965 3182 είς

518 3207 587 3263 ad
624 3206 892 3277 reliquam
941 3203 1180 3260 cmuobii
1223 3205 1656 3274 possessionem.
1708 3201 1864 3259 Tunc
1900 3203 1991 3259 ille
2025 3201 2094 3257 ad

2205 3213 2388 3283 κτῆσιν
2435 3212 2530 3266 τοῦ
2581 3213 2871 3267 κοινοϐίου.
2931 3213 2988 3266 '0
3026 3211 3082 3265 δὲ.
3137 3211 3273 3282 πρὸς
3322 3210 3483 3264 αὐτόν
3509 3231 3520 3242 ν
3563 3209 3791 3262 Δέὸεται

514 3314 640 3355 eum
674 3317 690 3354 ι
730 3297 901 3369 Magis
938 3297 1158 3367 alligata
1187 3305 1274 3353 est
1321 3295 1587 3367 cogitatio
1627 3303 1723 3350 tua
1751 3294 1819 3349 ad
1844 3294 2098 3350 subulam

516 3407 627 3464 qua
682 3389 968 3462 operaris,
1022 3404 1188 3461 quam
1248 3387 1451 3443 Gclasii
1496 3402 1652 3443 mens
1714 3387 1783 3443 ad
1828 3386 2099 3457 ejusmodi

517 3485 683 3540 bona.

587 3577 643 3631 ϐ.
683 3573 1016 3631 Referebant
1045 3574 1113 3629 de
1135 3572 1334 3630 abbate
1362 3573 1602 3642 Gelasio,
1626 3574 1774 3647 quod
1795 3575 2102 3631 molestiam

518 3684 662 3741 saepe
711 3682 910 3740 passus
944 3682 975 3723 a
1009 3668 1461 3740 cogitationibus,
1486 3676 1549 3722 ut
1579 3669 1638 3724 in
1668 3683 1915 3724 eremum
1950 3682 2104 3724 sece-

519 3763 694 3829 deret,
746 3760 887 3816 dixit
936 3761 1174 3833 quadam
1233 3760 1321 3818 die
1367 3760 1641 3832 discipulo
1697 3775 1850 3816 suo:
1898 3759 2105 3815 Excrce

519 3855 869 3920 charitatem,
912 3855 1102 3920 frater,
1155 3854 1419 3925 quidquid
1474 3855 1678 3920 fecero,
1732 3854 1929 3918 tolera,
1981 3853 2106 3906 nul-

519 3949 745 4021 lumque
770 3946 842 4002 ad
883 3962 969 4004 me
998 3962 1220 4019 promas
1254 3963 1570 4004 sermonem
1601 3947 1941 4003 hebdomada
1981 3946 2103 4001 hac.

521 4041 589 4097 Et
614 4040 896 4112 accipiens
934 4041 1145 4112 virgam
1194 4042 1499 4112 palmeam,
1535 4040 1703 4111 coepit
1733 4040 2018 4096 ambulare
2051 4039 2105 4094 in

524 4133 721 4187 atriolo
756 4147 895 4197 suo;
923 4147 1157 4204 cumque
1197 4132 1566 4197 lassescissct,
1597 4131 1738 4189 sedit
1771 4147 2105 4203 parumper;

525 4220 836 4290 iterumque
875 4237 1107 4291 surgens
1150 4224 1487 4279 ambulabat.
1526 4222 1762 4294 Vespere
1809 4232 1991 4278 autem
2031 4222 2111 4276 fa-

528 4315 642 4370 cto,
673 4308 949 4378 reputavit
973 4310 1115 4362 intra
1151 4324 1211 4362 se
1242 4327 1255 4364 :
1303 4312 1408 4376 Qui
1453 4329 1550 4381 per
1574 4313 1926 4369 solitudinem
1961 4314 2112 4368 incc-

530 4398 632 4462 dit,
658 4412 764 4452 non
800 4412 937 4467 pane
959 4399 1223 4460 vescitur,
1255 4399 1350 4453 sed
1375 4401 1591 4467 herbis;
1627 4413 1682 4456 tu
1722 4419 1853 4457 vero
1886 4413 2112 4475 propter

531 4489 908 4546 infirmitatem
963 4498 1110 4544 tuam
1159 4491 1387 4546 comede
1438 4491 1768 4565 olusculum.
1806 4494 1963 4561 Quod
2019 4497 2112 4551 ubi

528 4583 795 4647 fecisset,
829 4581 1025 4636 iterum
1062 4580 1230 4636 menti
1263 4596 1376 4637 suae
1418 4581 1557 4637 dixit
1587 4602 1601 4639 :
1640 4562 1743 4650 Qui
1780 4588 2030 4641 versatur
2057 4588 2113 4643 in
2145 4554 2191 4612 θ

531 4689 739 4740 eremo,
782 4674 888 4730 sub
918 4680 1122 4728 tectum
1166 4686 1274 4727 non
1307 4672 1537 4740 dormit,
1586 4673 1681 4729 sed
1710 4674 1777 4730 ad
1811 4690 1993 4731 aerem
2015 4693 2031 4742 ;
2055 4684 2114 4732 tu

532 4769 701 4840 igitur
733 4768 811 4824 ita
842 4768 1046 4836 facito;
1078 4775 1133 4823 et
1160 4767 1488 4824 recumbens
1510 4768 1772 4823 dormivit
1814 4770 1867 4824 in
1899 4771 2114 4826 atriolo.

601 4927 646 4958 ’³
680 4925 851 4982 Abest
881 4926 1097 4995 εὐφυῶς
1125 4924 1193 4979 ab
1221 4926 1292 4979 al.
1372 4924 1418 4957 “
1443 4924 1527 4980 Al.
1558 4925 1877 4996 σχίσματος.

614 5081 728 5153 (92)
776 5082 875 5153 Ἐν
897 5081 1275 5153 prospirauit!)
1314 5081 1590 5153 οἰκήσας.
1622 5081 1807 5153 ATales
1846 5081 2121 5137 Monoeci-

542 5150 651 5207 lita:
665 5150 1011 5206 dicebantur.
1035 5152 1170 5208 Cod.
1203 5150 1508 5207 Vindobon.
1538 5151 1658 5215 156,
1686 5169 1740 5206 n.
1760 5151 1832 5206 23
1857 5169 1870 5204 :
1898 5153 2123 5206 Ἡσαΐου

544 5221 920 5294 πρεσϐυτέρου
962 5224 1058 5294 καὶ
1109 5222 1465 5294 ἀναχωρητοῦ
1488 5262 1502 5286 ,
1558 5224 2127 5294 περὶῌκαταστάσεως

544 5289 845 5364 ἀρχαρίων,
872 5292 997 5364 καὶ
1043 5295 1176 5363 περὶ
1217 5289 1326 5347 τῶν
1358 5289 1768 5364 ⁷μονοκελλὶτῶν
1795 5333 1809 5356 ,
1878 5295 1985 5364 καί
2017 5291 2129 5364 τῶν

546 5359 806 5440 θελύντων
835 5362 1054 5440 οἰκῆσαι
1084 5359 1141 5415 ὲν
1160 5359 1440 5440 ,κοινοϐίοῃ
1494 5361 1716 5440 Hinc-to
1750 5362 2129 5440 μονοκελλικύν

547 5430 601 5510 in
649 5428 828 5510 hisce_
857 5432 1233 5510 perobscuri_s__
1262 5428 1456 5510 verbis
1513 5428 1812 5510 salebrosi-
1840 5434 2130 5510 scriptoris

544 5497 1369 5572 Georgii_Pa’cih‘ymer;erllistor.
1403 5505 1497 5558 lib.
1536 5520 1597 5566 ιι,
1631 5519 1751 5572 cap.
1784 5503 1818 5559 9
1851 5521 1863 5557 :
1897 5497 1993 5556 Ἓν
2026 5503 2135 5556 τῶν

546 5568 1045 5658 ἐνετὲαἰφνέδρέε
1098 5571 1177 5658 ei
1215 5573 1392 5658 καιρῷ
1420 5576 1515 5658 ἐαι
1543 5577 1661 5658 τρῖς
1694 5568 2136 5658 gemmam-

547 5654 742 5711 γμασι,
766 5639 826 5691 τὸ
864 5639 1211 5714 περιλειιρθὲν
1242 5639 1398 5714 τέως,
1431 5646 1554 5698 ὅσον
1581 5645 1638 5695 ὲν
1665 5639 1943 5714 προνοίαις
1971 5639 2134 5696 ἐτάτ-

547 5712 920 5783 τετοημοναῖς
941 5710 1004 5783 τε
1036 5710 1130 5762 καὶ
1158 5712 1514 5783 ἐκκλησίαις,
1548 5715 1643 5767 καὶ
1665 5710 1775 5776 τοῖς
1801 5713 2011 5783 βασιλεῖ
2034 5730 2135 5766 πα-

551 5779 925 5853 ρασπίζουσιν,
975 5779 1268 5848 ἀφεικότας
1308 5779 1413 5835 τῶν
1460 5782 1755 5851 δεσποτῶν,
1802 5779 2029 5860 ’τάττειν
2059 5785 2136 5846 εἰς

1974 4926 2020 4957 ³⁸
2053 4926 2140 4982 AI.
2168 4925 2466 4998 ἐνεργείας.

2204 3302 2405 3375 μᾶλλον
2443 3304 2472 3356 ὁ
2501 3303 2761 3373 λογισμός
2810 3319 2904 3356 σου
2951 3304 3031 3366 είς
3073 3298 3134 3354 τὸ
3164 3300 3488 3372 κεντητῆριν
3533 3301 3581 3331 ’⁸
3632 3301 3691 3354 έν
3743 3292 3791 3370 ᾧ

2202 3397 2434 3469 ἐργάζῃ,
2470 3396 2502 3468 ἢ
2537 3396 2566 3449 ὁ
2595 3396 2857 3469 λογισμὸς
2886 3394 3145 3450 Γελασίου
3177 3396 3256 3458 είς
3284 3394 3351 3448 τὰ
3398 3395 3676 3465 κτήματα.

2276 3585 2349 3643 ς’.
2392 3576 2617 3646 Ἔλεγον
2650 3577 2779 3648 περὶ
2810 3576 2904 3629 τοῦ
2938 3575 3080 3629 sese
3102 3574 3380 3639 Γελασίου,
3416 3575 3497 3628 ὅτι
3525 3573 3798 3639 πολλάκις

2204 3668 2514 3741 ἐνοχληθεὶς
2559 3668 2667 3722 ὑπὸ
2695 3668 2802 3722 τῶν
2833 3667 3109 3739 λογισμῶν
3138 3666 3396 3721 ἀπελθεῖν
3417 3668 3498 3731 εἰς
3537 3665 3635 3738 τὴν
3662 3667 3797 3739 ἕρη-

2208 3777 2329 3827 μον,
2362 3761 2460 3831 μιᾷ
2486 3758 2596 3812 τῶν
2622 3757 2845 3831 ἡμερῶν
2873 3759 3022 3829 λέγει
3051 3758 3129 3831 τῷ
3159 3758 3374 3831 μαθητῇ
3406 3757 3600 3812 αὐτοῦ·
3628 3758 3799 3830 Ποίη-

2209 3868 2301 3904 σον
2329 3851 2574 3923 ἀγάπην,
2604 3850 2820 3920 ἀδελφέ,
2854 3852 2948 3905 καὶ
2974 3850 3030 3904 εί
3067 3867 3121 3904 τι
3148 3851 3194 3905 δ’
3227 3850 3293 3905 ἂν
3327 3851 3559 3921 ποιήσω,
3589 3848 3799 3920 βάστα-

2209 3943 2320 4010 ξον,
2361 3943 2455 3997 καὶ
2488 3942 2652 4013 μηδὲν
2685 3941 2926 4014 λαλήσῃς
2972 3960 3062 4014 μοι
3106 3942 3205 4015 τὴν
3249 3942 3520 4014 ἑϐδομάδα
3563 3940 3794 4013 ταύτην.

2210 4035 2321 4089 Καὶ
2350 4033 2529 4088 λαϐὼν
2560 4033 2752 4108 βαῖνην
2793 4033 3008 4107 ῥάϐδον,
3042 4035 3244 4108 ήρξατο
3279 4036 3599 4106 περιπατεῖν
3624 4036 3703 4097 είς
3731 4032 3800 4088 τὸ

2211 4125 2497 4198 αὐλύδριον
2534 4126 2698 4181 αὐτοῦ
2725 4144 2739 4158 ·
2767 4127 2860 4181 καὶ
2889 4125 3157 4190 κοπιάσας
3185 4125 3402 4180 ἐκάθισε
3453 4126 3666 4197 μικρὸν,
3695 4127 3797 4179 καὶ

2212 4218 2373 4272 πάλιν
2415 4218 2653 4281 ἀναστάς
2701 4216 3039 4289 περιεπάτει.
3094 4216 3398 4287 Γενομένης
3435 4214 3491 4268 δὲ
3531 4216 3793 4285 ἑσπέρας,

2211 4310 2359 4378 λέγει
2380 4310 2456 4380 τῷ
2477 4309 2722 4380 λογισμῷ
2740 4328 2756 4342 υ
2773 4310 2831 4363 '0
2848 4310 3035 4381 είςτήν
3059 4308 3263 4379 ἔρημον
3290 4306 3607 4379 περιπατῶν
3632 4307 3800 4378 άρτον

2213 4402 2314 4455 οὐκ
2343 4400 2513 4454 ἐσθίει
2537 4441 2555 4466 ,
2613 4400 2749 4453 ἀλλά
2802 4399 3056 4470 βοτάνας·
3091 4400 3156 4453 σύ
3180 4398 3237 4452 δὲ
3266 4396 3356 4451 διὰ
3382 4398 3480 4470 τὴν
3514 4395 3800 4452 ἀσθένειάν

2217 4510 2311 4545 σου
2349 4492 2491 4561 φάγε
2538 4491 2954 4562 λεπτολάχανον.
2990 4491 3100 4545 Καὶ
3138 4491 3371 4559 ποιήσας
3400 4489 3590 4552 οὕτως,
3636 4489 3803 4544 πάλιν

2218 4584 2470 4655 λέγειτῷ
2507 4584 2752 4655 λογισμῷ
2773 4600 2786 4615 ·
2831 4584 2888 4636 Ὀ
2915 4584 2995 4648 εἰς
3018 4585 3119 4656 τὴν
3147 4582 3355 4655 ἔρημον
3377 4582 3481 4637 ὑπὸ
3509 4582 3705 4652 στέγην
3736 4584 3802 4637 οὐ

2223 4680 2506 4751 κοιμᾶται,
2534 4677 2670 4732 ἀλλὰ
2692 4676 2798 4730 ὐπὸ
2817 4676 2909 4730 τὸν
2923 4678 3061 4749 ἀέρα
3076 4694 3090 4709 ο
3109 4677 3203 4730 καὶ
3234 4671 3326 4729 οὖν
3356 4675 3579 4747 ποίησον
3604 4673 3801 4738 οὕτως·

2224 4773 2319 4827 καὶ
2334 4771 2521 4835 κλίνας
2547 4771 2757 4838 ἑαυτὸν,
2782 4770 3042 4840 κοιμᾶται
3069 4771 3147 4834 είς
3165 4768 3223 4823 τὸ
3234 4767 3534 4841 αὐλύδριον.
3563 4766 3809 4837 Ποιήσας

2572 4926 2618 4960 ³⁸
2642 4925 2727 4979 ΑΙ.
2757 4925 3132 4997 κεντητήριον.

2233 5080 2809 5153 στριιτιωτιιὼν,γπλὴν
2852 5081 2947 5153 καὶ
2979 5080 3368 5153 μονοκελλικον
3387 5078 3703 5153 ξύμπαντας
3731 5079 3813 5144 ὡς

2232 5148 2486 5204 ἐντεῦθεν
2513 5152 2709 5221 αὐτοὺς
2744 5148 3137 5221 ἔκείνοιςύπὲρ
3158 5152 3268 5205 τῶν
3304 5150 3449 5221 ἰδίων
3460 5148 3812 5221 ςπροσμένον-

2233 5238 2331 5285 τας
2356 5220 2645 5291 μάχεσθαι.
2675 5220 2846 5287 Quem
2869 5237 2970 5292 ego
3006 5219 3183 5276 locum
3214 5222 3374 5290 longe
3404 5219 3562 5273 aliter
3596 5234 3660 5273 ac
3682 5234 3813 5292 eru-

2234 5288 2384 5348 ditus
2415 5288 2689 5361 interpres
2723 5288 3099 5361 accipiendum
3149 5307 3274 5346 esse
3301 5288 3465 5361 atque
3489 5288 3810 5344 vertendum

2237 5359 2582 5432 augurabari
2624 5361 2727 5432 hoc
2773 5359 2887 5416 fere
2918 5361 3080 5416 modo
3111 5376 3126 5412 :
3165 5361 3340 5432 Unum
3369 5360 3539 5413 visum
3567 5368 3645 5413 est
3678 5371 3814 5412 tem-

2238 5431 2355 5501 pori
2388 5431 2660 5502 rebusque,
2681 5431 3048 5501 ingruentibus
3067 5431 3444 5502 necessarium,
3479 5439 3536 5483 ut
3560 5436 3817 5502 quotquot

2243 5499 2829 5570 supererant'collocati
2875 5503 2930 5555 in
2957 5500 3443 5570 procurationibus,
3475 5499 3815 5552 monasteriis

2242 5569 2582 5633 et'ecrlcsiis,
2615 5589 2678 5626 ac
2722 5572 2862 5626 inter
2908 5569 3244 5642 imperatoris
3270 5569 3549 5642 satellites,
3583 5570 3746 5642 soluti
3785 5582 3823 5642 rt

2244 5642 2498 5705 dominis,
2531 5643 2585 5694 in
2616 5642 2865 5695 militiam
2891 5640 3279 5697 ascribereutur
3303 5641 3500 5703 cuncti,
3527 5640 3687 5694 etiam
3718 5640 3813 5707 qui

2244 5714 2296 5767 in
2329 5711 2660 5768 illonocelliis
2696 5729 2713 5765 :
2753 5727 2853 5783 quo
2884 5713 2937 5766 hi
2964 5727 3056 5780 pro
3086 5712 3192 5768 illis
3229 5714 3544 5782 illorumque
3573 5708 3823 5779 faculta-_

2244 5782 2381 5838 tibus
2412 5792 2795 5853 perseverantes
2825 5794 3138 5854 pugnarent.
