3994 6336
247 439 349 498 {5'7

1414 445 2029 504 APOPIITIIEGHATA
2071 445 2378 504 PATRUM.

3404 444 3505 502 133

246 558 345 630 τὴν
363 556 554 612 πίστιν
572 572 590 588 ⁸
616 554 712 611 καὶ
733 555 1028 627 ἐσφάλλετο
1051 557 1142 613 διὰ
1171 558 1436 615 ίδιωτείαν
1459 578 1471 592 ·
1497 563 1585 615 καὶ
1613 562 1799 631 ἔλεγεν
1817 580 1830 594 ⁸

1949 564 2201 634 simplex:
2254 564 2397 617 unde
2427 562 2553 632 quia
2600 571 2711 617 erat
2748 561 2935 629 idiota,
2968 560 3279 629 fallebatur,
3310 578 3376 618 ac
3417 566 3503 618 di-

248 649 362 703 Ούκ
396 646 513 700 ἐστι
558 646 719 716 φύσει
766 648 794 700 6
821 646 985 716 ἄρτος
1020 645 1080 701 ὃν
1107 647 1456 720 λαμϐάνομεν
1503 651 1659 722 σῶμα
1694 652 1829 721 Χρι-

251 737 397 799 στοῦ,
428 736 545 790 ἀλλ’
573 736 886 791 ἀντίτυπον.
919 739 1029 793 Καὶ
1061 739 1300 810 ἥκουσαν
1330 739 1423 792 δύο
1462 740 1716 812 γέροντες
1749 743 1829 795 ὅτι

249 829 396 899 λέγει
421 828 516 882 τὸν
536 828 695 897 λόγον
724 827 934 893 τοῦτον,
958 830 1050 883 καὶ
1080 830 1437 900 γινώσκοντες
1471 832 1646 902 μέγαν
1674 833 1832 885 αὑτὸν

250 924 377 977 δντα
401 922 482 995 τῷ
509 922 629 993 βίῳ,
660 922 975 990 ὲλογίσαντο
998 924 1081 977 ὅτι
1109 925 1166 976 ὲν
1192 923 1398 995 ἁκακῖᾳ
1424 927 1518 978 καὶ
1540 924 1831 995 ἀςελότητι

251 1013 423 1082 λέγει,
473 1014 567 1066 καὶ
609 1009 773 1085 ἦλθον
822 1012 961 1084 πρὸς
993 1014 1175 1078 αὐτὸν,
1225 1015 1319 1068 καὶ
1359 1015 1605 1083 λέγουσιν
1649 1013 1829 1087 αὐτῷ’

262 1108 456 1173 ’Λϐϐᾶ,
488 1109 646 1177 λόγον
687 1108 1005 1179 ἠκούσαμεν
1034 1109 1162 1179 περὶ
1197 1107 1342 1171 τινὸς
1370 1107 1597 1162 ἄπιστον
1626 1108 1724 1180 (4),
1752 1109 1834 1162 ὅτι

251 1202 401 1271 λέγει
425 1204 508 1256 ὅτι
537 1205 565 1256 6
595 1203 759 1274 ἄρτος
791 1202 850 1256 ὃν
881 1201 1394 1273 μεταλαμϐάνομεν,
1416 1202 1516 1255 οὐκ
1541 1203 1652 1256 ἔστι
1676 1198 1834 1269 φύσει

254 1295 416 1364 σῶμα
445 1293 704 1365 Χριστοῦ,
739 1293 853 1347 ἀλλ’
888 1294 1179 1348 ἀντίτυπον
1211 1295 1347 1347 ἐστι.
1377 1291 1538 1361 Λέγει
1567 1293 1595 1344 6
1619 1292 1797 1363 γέρων
1817 1305 1830 1321 ⁸

265 1385 407 1454 Ἐγώ
435 1388 551 1456 είμι
587 1387 616 1439 6
641 1386 800 1439 τοῦτο
839 1385 1031 1454 λέγων.
1074 1387 1138 1439 Οί
1173 1385 1230 1438 δὲ
1273 1383 1618 1456 παρεκάλουν
1665 1383 1831 1438 αὐτὸν

251 1475 533 1544 λέγοντες*
566 1477 656 1546 Μὴ
685 1476 859 1540 οὕτως
884 1477 1183 1548 κρατήσῃς,
1214 1475 1379 1539 ἀϐϐᾶ,
1421 1475 1533 1530 ἀλλ’
1560 1476 1636 1539 ὡς
1694 1494 1836 1548 παρ-

250 1564 454 1617 έδωκεν
485 1566 521 1637 ἠ
561 1566 823 1637 καθολικὴ
863 1566 1176 1636 Ἐκκλησία.
1228 1566 1419 1636 Ἡμεῖς
1457 1566 1566 1637 γὰρ
1591 1565 1838 1618 πιστεύο-

254 1674 375 1727 μεν,
404 1657 663 1719 ὅτιαύτὸς
688 1660 717 1711 6
742 1659 905 1730 ἄρτος
937 1657 1094 1728 σῶμά
1111 1658 1227 1710 ἐστι
1250 1656 1343 1710 τοῦ
1373 1655 1630 1728 Χριστοῦ,
1665 1657 1838 1710 καὶτὸ

250 1748 516 1818 ποτήριον
542 1748 671 1801 αύτό
700 1752 816 1801 ἐστι
844 1748 906 1802 τὸ
939 1743 1076 1819 αἷμα
1114 1748 1208 1801 τοῦ
1240 1748 1497 1821 Χριστοῦ,
1532 1748 1674 1802 κατὰ
1701 1748 1837 1819 ἁλη-

254 1838 428 1903 θειαν,
485 1841 581 1893 καὶ
634 1840 696 1891 ού
745 1839 792 1871 ⁸⁸
823 1841 943 1893 κατ’
991 1840 1302 1894 ἀντίτυπον.
1365 1839 1503 1892 Ἀλλ’
1542 1839 1727 1911 ὥσπερ
1779 1842 1837 1892 ὲν

251 1931 397 2000 ἀρχῇ
427 1929 558 2000 χοῦν
586 1929 766 1983 λαϐὼν
793 1931 901 1984 ἀπὸ
930 1931 1031 2002 τῆς
1061 1931 1163 2002 γῆς
1192 1929 1393 1983 ἔπλασε
1424 1930 1516 1983 τὸν
1551 1930 1836 2001 ἄνθρωπον

253 2023 376 2074 κατ’
402 2021 587 2074 εἰκόνα
618 2021 806 2085 αὑτοῦ,
841 2023 932 2077 καὶ
961 2021 1136 2085 οὐδεὶς
1160 2021 1381 2075 δύναται
1422 2024 1592 2075 εἰπεῖν
1626 2022 1709 2075 ὅτι
1734 2022 1836 2076 οὐκ

254 2112 403 2165 ἔστιν
440 2112 605 2165 εἰκὼν
636 2112 795 2169 Θεοῦ.
833 2115 882 2166 εί
913 2112 1004 2166 καὶ
1036 2113 1449 2183 ἀκατάληπτος·
1476 2112 1650 2177 οὕτως
1676 2115 1703 2166 ό
1733 2111 1834 2184 ἆρ-

253 2220 344 2268 τος
370 2204 431 2257 ὃν
461 2200 613 2257 εἶπεν
649 2206 733 2259 ὅτι
754 2204 925 2277 Σῶμα
959 2205 1061 2277 μού
1100 2207 1269 2270 ἐστιν,
1301 2205 1474 2270 οὕτως
1507 2205 1837 2276 πιστεύομεν

254 2296 337 2350 ὅτι
360 2296 504 2349 κατὰ
531 2296 790 2368 ἀλήθειαν
817 2296 979 2369 σῶμά
1015 2298 1132 2351 ἐστι
1164 2296 1425 2368 Χριστοῦ.
1465 2298 1524 2350 ’0
1563 2296 1621 2350 δὲ
1660 2295 1837 2369 γέρων

254 2385 395 2456 ἔφη’
441 2385 565 2439 Ἐὰν
621 2386 695 2458 μὴ
731 2386 938 2440 πεισθῶ
986 2387 1095 2440 ἀπδ
1136 2386 1480 2458 πράγματος,
1514 2385 1575 2439 ού
1631 2385 1836 2457 πληρο-

256 2477 551 2549 φοροῦμαι.
601 2480 664 2531 Οἱ
700 2477 758 2531 δὲ
804 2474 954 2531 εἷπον
984 2478 1122 2549 πρὸς
1162 2478 1357 2532 αὐτόν’
1403 2476 1691 2548 Δεηθῶμεν
1741 2473 1835 2529 τοῦ

255 2564 392 2618 Θεοῦ
422 2566 524 2634 τὴν
549 2565 821 2636 ἑϐδομάδα
848 2564 1053 2637 ταύτην
1082 2566 1210 2638 περὶ
1251 2566 1342 2619 τοῦ
1374 2566 1673 2637 μυστηρίου
1711 2563 1837 2617 τού-

255 2672 372 2719 του,
404 2657 501 2709 καὶ
526 2655 853 2728 πιστεύομεν
874 2657 956 2710 ὅτι
981 2660 1009 2710 6
1029 2657 1161 2721 Θεὸς
1183 2657 1556 2712 ἀποκαλύπτει
1584 2659 1734 2728 ἡμῖν.
1778 2657 1836 2710 ’0

255 2747 313 2802 δὲ
345 2748 526 2819 γέρων
559 2748 699 2819 μετὰ
729 2750 903 2820 χαρᾶς
930 2748 1149 2813 ἐδέξατο
1186 2749 1274 2802 τὸν
1310 2748 1469 2818 λόγον
1488 2765 1503 2782 ο
1538 2750 1632 2802 καὶ
1664 2747 1839 2802 ἐδέετο

256 2839 349 2894 τοῦ
385 2840 546 2904 Θεοῦ,
586 2840 790 2909 λέγων·
835 2838 1027 2912 Κύριε,
1056 2842 1121 2894 σὺ
1159 2840 1447 2910 γινώσκεις
1478 2842 1560 2895 ὅτι
1591 2842 1650 2894 ού
1697 2839 1840 2894 κατᾶ

257 2931 457 2986 κακίαν
486 2931 704 2984 ἀπιστῶ
725 2949 738 2962 ·
767 2930 882 2985 ἀλλ’
914 2933 1062 2995 ὅπως
1092 2932 1165 3003 μὴ
1191 2935 1250 2985 ὲν
1282 2933 1527 3004 ἀγνωσίᾳ
1559 2931 1837 3003 πλανηθῶ,

258 3024 612 3094 ἀποκαλυψόν
654 3041 766 3097 μοι,
799 3025 970 3098 Κύριε
1022 3026 1200 3097 Ἰησοῦ
1232 3026 1455 3097 Χριστέ.
1487 3022 1839 3086 Ἀπελθόντες

258 3116 315 3170 δέ
342 3119 390 3169 οἱ
421 3116 679 3186 γέροντες
707 3117 788 3180 εἰς
814 3118 880 3169 si
908 3116 1092 3170 κελλία
1125 3116 1353 3181 ἑαυτῶν,
1382 3115 1723 3187 παρεκάλουν
1750 3113 1840 3167 τὸν

260 3209 392 3262 Θεὸν
416 3211 511 3263 καὶ
546 3210 722 3271 αὐτοὶ,
744 3208 992 3277 λέγοντες
1012 3225 1025 3239 ο
1060 3209 1232 3280 Κύριε
1256 3207 1429 3277 Ἰησοῦ
1460 3207 1682 3278 Χριστὲ,
1705 3208 1841 3258 ἀποι-

260 3300 502 3368 κάλυψον
521 3300 599 3371 τῷ
622 3301 837 3370 γέροντι
852 3300 912 3353 τὸ
934 3301 1231 3372 μυστήριον
1251 3298 1425 3363 τοῦτο,
1445 3299 1531 3352 ἵνα
1552 3297 1836 3368 πιστεύσῃ,

1934 653 2092 709 cebat
2120 671 2139 707 τ
2169 653 2284 707 Non
2316 661 2401 708 est
2438 667 2625 707 revera
2652 667 2855 722 corpus
2880 652 3109 718 Christi,
3154 655 3311 724 panis
3338 669 3500 724 quem

1935 743 2227 808 sumimus,
2258 744 2352 797 sed
2378 743 2680 813 antitypum
2702 782 2717 809 ,
2751 757 2845 797 seu
2890 742 3080 811 figura.
3116 743 3180 796 Et
3214 745 3505 800 audierunt

1934 836 2045 890 duo
2075 850 2257 901 senes,
2291 835 2437 906 quod
2463 837 2623 890 talem
2656 834 2924 906 proferret
2954 849 3280 889 sermonem.
3312 835 3507 891 Scien-

1933 935 2015 982 tes
2043 934 2222 981 autem
2256 942 2508 997 magnum
2541 942 2663 982 cum
2702 941 2827 981 esse
2872 927 2995 980 vitae
3034 925 3311 991 moribus,
3344 942 3506 996 repu-

1936 1025 2213 1082 taverunt,
2247 1017 2320 1069 ita
2356 1016 2500 1086 loqui
2531 1032 2598 1071 ex
2632 1015 3006 1085 simplicitate,
3041 1015 3248 1084 absque
3278 1015 3503 1070 malitia.

1937 1106 2091 1162 Unde
2128 1108 2194 1161 ad
2234 1123 2357 1163 eum
2403 1107 2630 1176 profecti
2661 1108 2916 1161 dixerunt
2948 1125 2961 1161 :
2996 1105 3169 1168 Abba,
3200 1120 3505 1160 sermonem

1940 1198 2062 1253 fidei
2091 1199 2425 1251 contrarimn
2453 1197 2764 1252 audivimus
2792 1197 2858 1252 de
2889 1195 3147 1266 quodam,
3188 1197 3331 1265 quod
3357 1199 3511 1265 putet

1937 1308 2046 1347 non
2078 1307 2202 1346 esse
2239 1306 2362 1345 vere
2398 1299 2449 1345 et
2483 1303 2674 1344 natura
2715 1306 2915 1360 corpus
2957 1288 3163 1343 Christi
3210 1303 3373 1357 quem
3417 1302 3515 1343 su-

1938 1383 2143 1437 mimus
2195 1397 2424 1452 panem.
2454 1382 2546 1435 sed
2576 1396 2701 1436 esse
2729 1382 3057 1451 antitypum.
3093 1379 3395 1449 Respondit
3419 1393 3512 1435 se-

1938 1490 2082 1528 nex:
2122 1472 2232 1542 Ego
2265 1488 2385 1528 sum
2416 1473 2510 1543 qui
2561 1475 2634 1526 ita
2681 1474 2881 1527 sentio.
2916 1472 2995 1525 Illi
3022 1486 3154 1525 vero
3181 1479 3512 1525 monuerunt

1938 1580 2062 1621 eum
2104 1566 2255 1619 hisce
2277 1564 2490 1618 verbis:
2514 1564 2687 1626 Abba,
2719 1564 2827 1616 noli
2862 1563 2943 1618 sic
2970 1571 3174 1627 tenere,
3200 1561 3294 1615 sed
3327 1577 3514 1632 quem-

1938 1655 2230 1712 admodum
2300 1654 2469 1709 tradit
2539 1655 2783 1710 Ecclesia
2850 1654 3141 1708 catholica.
3199 1652 3309 1707 Nos
3364 1654 3510 1707 enim

1939 1749 2242 1812 credimus,
2274 1747 2420 1818 quod
2473 1748 2588 1818 ipse
2627 1748 2785 1817 panis
2826 1761 3030 1815 corpus
3069 1749 3140 1800 sit
3194 1744 3422 1808 Christi,
3457 1752 3515 1800 et

1939 1840 2082 1895 calix
2135 1840 2252 1910 ipse
2278 1841 2351 1893 sit
2374 1840 2600 1909 sanguis
2621 1837 2851 1902 Christi,
2872 1837 3171 1892 secundum
3206 1837 3509 1899 veritatem,

1941 1946 2051 1986 non
2085 1929 2387 1984 secundum
2417 1930 2667 2000 figuram.
2699 1927 2802 1983 Sed
2821 1929 2964 1982 sicut
3003 1926 3057 1980 in
3086 1927 3271 1980 mundi
3305 1926 3515 1996 princi-

1941 2022 2033 2094 pio
2087 2021 2231 2077 Deus
2279 2022 2556 2091 pulverem
2599 2021 2668 2075 de
2707 2029 2853 2074 terra
2900 2019 3198 2088 accipiens,
3241 2017 3513 2072 hominem

1941 2114 2199 2169 formavit
2234 2115 2302 2170 ad
2335 2115 2627 2185 imaginem
2661 2128 2842 2177 suam,
2873 2128 2974 2167 nec
3012 2113 3304 2182 quisquam
3334 2110 3520 2165 dicere

1943 2214 2140 2277 potest,
2167 2222 2274 2260 non
2303 2221 2428 2261 esse
2452 2205 2741 2275 imaginem
2769 2202 2885 2266 Dei,
2918 2203 3170 2274 quamvis
3217 2202 3521 2269 incompre-

1945 2298 2112 2353 hensa
2141 2299 2214 2353 sit
2252 2297 2432 2368 imago
2465 2315 2478 2351 :
2522 2297 2596 2350 ita
2629 2297 2794 2350 etiam
2831 2294 2900 2350 de
2930 2309 3067 2364 pane
3107 2295 3174 2348 de
3203 2309 3313 2363 quo
3334 2293 3514 2347 dixit:

1940 2387 2153 2460 C0rpns
2197 2404 2374 2443 meum
2404 2397 2520 2455 est,
2553 2388 2635 2443 sic
2683 2388 2983 2450 credimus,
3011 2385 3155 2457 quod
3184 2387 3341 2455 juxta
3378 2384 3520 2439 veri-

1943 2489 2105 2535 tatem
2141 2495 2344 2550 corpus
2374 2481 2446 2535 sit
2472 2480 2702 2534 Christi.
2735 2478 2872 2532 Tum
2904 2494 3070 2533 senex
3104 2478 3256 2531 intit:
3286 2475 3399 2530 Nisi
3429 2490 3518 2531 res

1941 2573 2061 2644 ipsa
2086 2574 2457 2644 persuaserit,
2488 2589 2601 2627 non
2636 2573 2795 2642 plene
2826 2573 2958 2626 mihi
3003 2572 3106 2626 erit
3151 2570 3515 2626 satisfactum.
3563 2554 3566 2557 ’

1942 2666 2021 2721 11ιί
2053 2665 2121 2720 ad
2155 2681 2312 2721 eum:
2343 2664 2510 2718 Deum
2546 2665 2909 2735 deprecemur
2935 2679 3029 2733 per
3051 2663 3192 2716 hanc
3222 2661 3519 2716 hebdowa-

1943 2758 2066 2810 dam
2126 2759 2275 2811 circa
2319 2756 2640 2825 mysterium
2668 2755 2801 2819 hoc;
2845 2753 3172 2808 confidimus
3213 2767 3334 2805 eum
3361 2750 3521 2805 nobis

1943 2846 2338 2901 revelaturnm.
2374 2842 2551 2898 Senex
2595 2858 2725 2897 vero
2770 2856 2895 2895 cum
2930 2841 3111 2894 laetitia
3141 2840 3364 2893 admisit
3404 2853 3522 2893 ser-

1944 2952 2195 3003 monem;
2230 2936 2507 3005 Deumque
2533 2935 2747 2997 orabat,
2776 2932 3002 2988 dicens:
3037 2930 3284 2995 Domine,
3325 2938 3381 2983 tu
3409 2929 3522 2986 scis

1945 3040 2032 3079 me
2063 3039 2172 3078 non
2211 3033 2432 3094 propter
2476 3021 2743 3076 malitiam
2773 3036 2896 3076 esse
2925 3020 3298 3085 incredulum;
3331 3019 3424 3073 sed
3452 3033 3522 3073 ne

1945 3131 2044 3187 per
2094 3115 2455 3186 ignorantiam
2504 3113 2777 3176 aberrem,
2830 3113 2963 3166 mihi
3018 3112 3237 3176 revela,
3296 3109 3525 3166 Domine

1945 3204 2075 3259 Jesn
2110 3206 2349 3259 Christe.
2380 3204 2552 3259 Senes
2578 3217 2797 3273 quoque
2820 3201 3055 3272 regressi
3080 3202 3146 3254 ad
3188 3215 3316 3256 suas
3332 3201 3520 3261 cellas,

1953 3297 2318 3352 obsecrahant
2378 3294 2547 3350 Deum
2614 3309 2679 3349 ac
2736 3294 2993 3348 dicebant
3041 3311 3055 3348 :
3118 3291 3349 3346 Domine
3394 3290 3525 3345 Jesu

262 3394 354 3445 καὶ
384 3392 462 3463 μὴ
503 3391 746 3464 ἀπολέσῃ
782 3392 874 3445 τὸν
917 3392 1084 3444 κόπον
1115 3389 1298 3445 αὑτοῦ.
1330 3390 1436 3443 Καὶ
1464 3391 1782 3458 είσήκουσεν
1812 3388 1840 3439 6

1949 3388 2192 3451 Christe,
2249 3387 2574 3457 mysterium
2619 3384 2767 3439 istud
2813 3384 2990 3438 revela
3024 3381 3173 3443 seni,
3216 3388 3274 3433 ut
3317 3380 3525 3443 credat,

262 3485 391 3547 Θεὸς
423 3485 771 3555 ἀμφοτέρων.
803 3484 911 3537 Καὶ
956 3484 1337 3555 πληρωθείσης
1380 3481 1482 3552 τῆς
1527 3479 1839 3551 ἑϐδομάδος,

1949 3494 2045 3535 nec
2091 3479 2281 3549 perdat
2318 3479 2530 3533 labores
2567 3491 2718 3532 suos.
2752 3475 2814 3529 Et
2850 3475 3129 3531 exaudivit
3154 3473 3298 3529 Deus
3335 3481 3524 3526 utros-

262 3572 422 3647 ἦλθον
443 3579 510 3647 τῇ
536 3578 786 3647 Κυριακῇ
810 3576 889 3639 είς
909 3574 1008 3647 τὴν
1034 3575 1353 3646 ἐκκλησίαν,
1381 3574 1473 3626 καὶ
1499 3572 1729 3641 ἔστησαν
1751 3569 1843 3622 ἐπὶ

1949 3586 2069 3642 que.
2117 3570 2399 3640 Completa
2451 3583 2581 3639 ergo
2624 3567 3000 3631 hebdomada,
3039 3571 3308 3621 venerunt
3344 3562 3529 3616 Donni-

262 3667 323 3722 τὺ
353 3668 487 3721 αὐτὸ
517 3668 569 3721 οἱ
598 3669 747 3739 τρεῖς
791 3668 939 3738 μόνοι
967 3669 1046 3730 είς
1085 3666 1143 3719 ἓν
1176 3664 1440 3736 ὲμϐρίμιν
1473 3664 1567 3734 (ὅ),
1600 3661 1762 3734 μέσος
1786 3660 1843 3714 δὲ

1949 3661 2071 3715 nico
2102 3660 2191 3714 die
2248 3659 2313 3713 ad
2358 3659 2672 3723 ecclesiam,
2722 3665 3102 3727 steteruntque
3134 3670 3239 3709 una
3286 3663 3397 3708 tres
3427 3654 3529 3708 soli

262 3756 331 3833 ἦν
360 3762 393 3820 6.
434 3759 639 3831 γέρων.
664 3758 1041 3830 Ἀνεῴχθησαν
1084 3757 1143 3811 δὲ
1179 3756 1361 3810 αὐτῶν
1389 3758 1437 3808 οί
1474 3752 1738 3824 ὀφθαλμοί
1766 3752 1840 3784 ³⁸⁸

264 3852 359 3906 καὶ
386 3851 477 3905 ὅτε
508 3849 672 3921 ἐτέθη
699 3853 727 3904 6
749 3850 914 3922 ἄρτος
944 3850 1023 3911 είς
1050 3849 1149 3920 τὴν
1175 3848 1335 3918 ἁγίαν
1364 3844 1662 3918 τράπεζαν,
1690 3844 1845 3912 ἐφαί-

264 3962 385 3998 νετο
408 3947 522 4007 τοῖς
552 3944 700 4013 τρισὶ
741 3943 925 4012 μόνοις
963 3941 1038 4005 ὡς
1075 3941 1305 3995 παιδίον.
1337 3940 1444 3993 Καὶ
1480 3940 1555 4002 ὡς
1588 3937 1847 4002 ἐξέτεινεν

265 4038 295 4090 6
321 4035 695 4108 πρεσϐύτερος
730 4034 828 4105 τὴν
860 4036 1019 4104 χεῖρα
1048 4032 1242 4086 κλάσαι
1269 4031 1358 4085 τὸν
1386 4032 1572 4102 ἄρτον,
1608 4029 1716 4082 ἰδοῦ
1751 4028 1850 4096 ἆγ-

266 4130 423 4200 γελος
468 4128 670 4199 Κυρίου
712 4125 978 4198 κατῆλθεν
1011 4125 1070 4191 ἐξ
1118 4122 1347 4197 ούρανοῦ
1394 4123 1529 4192 ἔχων
1561 4122 1848 4192 μάχαιραν,

266 4224 361 4277 καὶ
387 4221 549 4275 ἔθυσε
579 4220 642 4273 τὸ
669 4219 900 4281 παιδίον,
928 4217 1022 4272 καὶ
1054 4216 1290 4270 ὲκένωσε
1312 4214 1371 4267 τὸ
1403 4210 1541 4284 αἷμα
1573 4211 1738 4266 αὑτοῦ
1776 4212 1854 4274 εἰς

265 4316 326 4369 τὸ
352 4321 638 4386 ποτήριον.
679 4313 767 4376 Ὧς
792 4311 849 4364 δὲ
877 4310 1101 4363 ἔκλασεν
1121 4310 1150 4362 6
1180 4305 1549 4379 πρεσϐύτερος
1575 4303 1653 4367 εἰς
1680 4301 1856 4375 μικρὰ

269 4407 414 4479 μέρη
448 4407 541 4460 τὸν
570 4406 759 4476 ἄρτον,
787 4404 880 4457 καὶ
913 4403 943 4456 6
981 4401 1209 4471 ἄγγελος
1238 4401 1467 4452 ἔκοπτεν
1508 4398 1571 4449 ὲκ
1605 4393 1698 4447 τοῦ
1728 4411 1858 4446 παις

266 4498 381 4550 δίου
417 4494 591 4566 μικρᾶ
625 4493 787 4565 μέρη.
815 4493 922 4545 Καὶ
949 4492 1024 4555 ὡς
1052 4488 1354 4562 προσῆλθον
1386 4486 1429 4518 ³⁸
1452 4485 1634 4538 λαϐεῖν
1661 4486 1726 4537 ἐκ
1751 4481 1859 4534 τῶν

1946 3751 2002 3805 in
2038 3766 2147 3805 uno
2182 3750 2509 3817 cmbrimio;
2548 3750 2761 3805 medius
2787 3759 2968 3804 autem
2996 3756 3116 3802 erat
3147 3762 3335 3802 senex.
3373 3743 3532 3799 Tunc

1948 3847 2120 3916 aperti
2146 3851 2272 3899 sunt
2293 3844 2435 3898 oculi
2459 3858 2665 3898 eorum.
2693 3841 2826 3895 Nam
2855 3856 2979 3895 cum
3012 3840 3171 3909 panis
3195 3838 3260 3891 ad
3315 3851 3530 3892 sae-ram

1949 3953 2193 3993 mensam
2221 3935 2432 4006 positus
2466 3934 2679 3997 fuisset,
2708 3934 2891 3988 tribus
2939 3932 3071 3985 solis
3106 3927 3401 3998 apparebat
3428 3925 3534 3980 vel-

1953 4038 2014 4083 ut
2069 4027 2350 4097 puerulus.
2389 4024 2453 4077 Et
2491 4024 2583 4078 ubi
2614 4032 2835 4077 manum
2870 4018 3113 4075 extendit
3144 4016 3430 4087 presbyter
3460 4013 3530 4068 ad

1955 4117 2312 4188 frangendum
2358 4131 2586 4186 panem,
2620 4128 2749 4169 eccc
2788 4112 3018 4183 angelus
3064 4108 3272 4162 Domini
3307 4106 3533 4160 descen-

1955 4209 2036 4263 dit
2059 4207 2126 4262 de
2153 4208 2294 4261 c0310
2322 4207 2529 4260 habens
2555 4205 2812 4267 cultrum,
2844 4211 2897 4258 ct
2930 4200 3216 4273 puerulum
3251 4198 3530 4260 mactavit,

1958 4314 2022 4354 ac
2044 4298 2367 4368 sanguinem
2403 4296 2526 4366 ejus
2566 4294 2761 4349 infudit
2785 4296 2840 4349 in
2876 4295 3126 4348 calicem.
3150 4290 3288 4344 Tum
3315 4288 3535 4360 quando

1960 4388 2248 4460 presbyter
2280 4389 2335 4442 in
2370 4387 2666 4458 particulas
2713 4385 2871 4456 fregit
2904 4400 3123 4455 panem,
3160 4383 3325 4438 etiam
3372 4394 3537 4450 ange-

1964 4482 2050 4535 lus
2079 4495 2109 4535 e
2137 4480 2367 4549 puerulo
2401 4479 2701 4548 particulas
2730 4476 3026 4531 incidebat.
3063 4473 3125 4528 Ut
3160 4487 3321 4544 porro
3354 4485 3537 4524 acces-

270 4562 462 4653 ἁγίων,
498 4562 655 4655 εᾶοη
816 4582 1030 4652 γέροντι
1083 4579 1230 4650 μόνῳ
1263 4576 1428 4649 κρέας
1469 4573 1843 4645 ᾑματωμένον

1973 4578 2162 4627 serunt
2194 4570 2258 4623 ad
2286 4568 2612 4624 sumendum
2656 4584 2686 4623 e
2730 4567 2975 4631 sanctis,
3013 4566 3112 4620 soli
3151 4563 3265 4618 seni
3302 4562 3427 4615 data
3455 4568 3539 4614 est

271 4678 367 4730 καὶ
404 4676 531 4729 ίδὼν
564 4673 821 4745 ἐφοϐήθη.
856 4673 948 4726 καὶ
970 4671 1167 4743 ἔκραξε
1200 4670 1372 4736 λέγων
1392 4686 1406 4699 ’
1442 4665 1710 4728 Πιστεύω,
1744 4662 1856 4718 Κύ-

274 4786 378 4842 ριε.
405 4770 489 4822 ὅτι
510 4770 540 4822 6
567 4768 729 4837 ἄρτος
755 4765 914 4834 σῶμά
942 4764 1035 4817 σού
1066 4765 1202 4825 ἐστι,
1236 4762 1329 4813 καὶ
1351 4759 1412 4812 τὸ
1437 4759 1693 4828 ποτήριον
1718 4751 1860 4825 αἷμά.

272 4860 369 4912 σού
397 4862 538 4912 ὲστι.
573 4858 683 4912 Καὶ
723 4856 925 4919 εὐθέως
959 4855 1175 4923 ἐγένετο
1222 4852 1280 4904 τὶ
1314 4853 1371 4904 ἐν
1414 4853 1479 4920 τῇ
1513 4849 1657 4919 χειρὶ
1694 4845 1857 4901 αὑτοῦ

279 4954 469 5022 κρέας,
500 4952 662 5021 ἄρτος
695 4950 834 5003 κατᾶ
861 4950 923 5002 τὸ
956 4948 1251 5019 μυστήριον
1271 4961 1283 4973 ·
1319 4944 1411 4996 καὶ
1444 4939 1737 5013 μετέλαϐεν
1770 4939 1860 4991 εύ-

348 5110 395 5141 “
416 5110 505 5163 Al.
535 5109 658 5162 οὐκ.
730 5107 776 5140 ³⁸
808 5107 895 5161 Al.
928 5106 1098 5161 inscr.
1122 5102 1319 5171 νοεροί.
1396 5099 1442 5131 ⁸⁸
1470 5098 1555 5153 ΑΙ.
1583 5094 1816 5168 ἀπῆλθε.

272 5228 453 5283 Vetus
480 5227 651 5282 editio
676 5226 1077 5297 Lugdunensis,
1097 5223 1366 5297 GOll|l('lS_.
1398 5228 1460 5275 ut
1489 5226 1703 5282 vocant,
1728 5217 1867 5297 cha-

280 5298 588 5352 racterihus
643 5289 932 5365 impressa,
989 5289 1111 5365 quae
1161 5310 1283 5348 cum
1320 5289 1860 5365 Grzecoconnnissa,

281 5384 423 5437 saepe
464 5359 844 5435 Rosweydana
905 5359 1216 5421 invenietur
1248 5364 1469 5437 melior,
1508 5359 1594 5437 _De_
1633 5360 1860 5437 quodam

276 5428 397 5491 un'c
430 5440 485 5490 in
520 5428 727 5491 Scithia
766 5438 876 5507 qui.
926 5439 993 5488 At
1030 5437 1170 5507 alius
1205 5434 1374 5507 codex
1405 5428 1862 5507 Corbciensis'ab

286 5509 570 5574 impressis
598 5496 941 5576 nequaquam
978 5505 1183 5576 variat,
1221 5504 1366 5557 sicut
1394 5516 1496 5555 nec
1523 5499 1611 5553 ille
1633 5496 1859 5552 Parthe-

284 5578 448 5630 nonis
478 5576 537 5629 Β.
581 5574 766 5631 Mai-Im
802 5574 1238 5630 Suessionensis.

354 5645 433 5718 (ᾇ)
469 5648 782 5718 'Amo’t'or.
820 5645 1070 5718 lfelagins
1098 5641 1501 5718 legitﬁgtfctou:

354 5704 434 5784 (5)
473 5716 792 5785 Ἐμϐρίμιν.
823 5704 978 5781 Ωιιοᾶ
1006 5721 1092 5770 est
1142 5704 1452 5785 {uﬁplutom
1488 5704 1723 5785 ltt‘l'itis
1749 5704 1860 5785 Ρα-

292 5776 429 5838 trum
461 5776 551 5839 hic
572 5776 793 5847 [sedile
823 5776 888 5839 d'e
927 5786 1122 5851 scirpo,
1161 5776 1400 5853 quodin
1445 5776 1858 5853 modumjafcis

290 5864 401 5909 erat
427 5856 669 5925 ligatum.
713 5855 873 5918 Alibi,
898 5846 1213 5923 pluniatiuiu
1240 5851 1302 5906 dc
1328 5851 1499 5918 scirpo
1520 5889 1532 5913 ,
1586 5859 1639 5903 et
1667 5846 1860 5919 ἐμϐρέ-

1966 4677 2096 4716 caro
2131 4668 2380 4715 cruenta.
2410 4658 2566 4725 Quod
2597 4659 2867 4724 intuitus,
2903 4658 3121 4718 timuit,
3167 4664 3220 4708 et
3257 4651 3536 4712 clamavit,

1966 4755 2196 4809 dicens:
2235 4751 2449 4816 Credo,
2493 4751 2743 4816 Domine,
2783 4748 2930 4814 quod
2962 4747 3118 4815 panis
3146 4758 3344 4810 corpus
3379 4749 3532 4793 tuum

1967 4846 2075 4909 sit,
2105 4860 2207 4900 nec
2238 4859 2346 4898 non
2380 4842 2521 4896 calix
2557 4842 2782 4910 sanguis
2819 4848 2964 4892 tuus.
2992 4839 3169 4904 Atque
3220 4832 3367 4885 illico
3407 4842 3537 4885 caro

1967 4952 2130 5008 quam
2169 4950 2279 5005 pra:
2311 4932 2561 4987 manibus
2587 4930 2828 5001 gerebat,
2859 4927 3033 4982 evasit
3064 4925 3116 4978 in
3147 4936 3359 4993 panem,
3380 4920 3539 4991 juxta

1971 5232 2067 5286 μα,
2087 5210 2280 5286 εειίὸίια
2296 5209 2358 5286 de
2385 5207 2556 5286 scirpo
2571 5205 2632 5286 in
2660 5199 2934 5286 fasciculis
2954 5191 3542 5286 ligqtmyor‘tuibs‘cune

1965 5263 2216 5353 originis,
2238 5263 2542 5353 pri-iental'is‘
2570 5263 2794 5353 forte,__a
2846 5263 3114 5353 Cassiano
3145 5266 3443 5353 declarata,
3473 5263 3543 5353 ab

1966 5333 2216 5408 ibiibi}?
2237 5333 2365 5403 Vitae
2406 5347 2465 5401 S.
2502 5333 2772 5414 Euthyniii
2804 5349 3089 5414 usurpata,
3113 5347 3167 5391 et
3199 5333 3540 5414 restituenda

1965 5403 2032 5479 ἷιῖ
2046 5403 2245 5476 Codice
2272 5421 2602 5487 regularum.
2633 5403 2847 5487 Derivat
2878 5403 3235 5487 (la—saubont‘ts
3256 5422 3319 5459 ex
3354 5403 3543 5483 Graeco

1967 5477 2193 5565 βρίζειν.
2255 5477 2477 5565 Abicit
2530 5486 2755 5565 Celtica“
2795 5484 2979 5551 lingua
3017 5480 3122 5565 ‘vel
3172 5477 3541 5565 Cermanilcan,

1966 5542 2159 5618 ἣῖίὶῗιὶἐ
2180 5542 2550 5631 probabiliter.
2613 5555 2692 5631 Si
2717 5542 2935 5631 Caeca“
2951 5557 3057 5631 est,
3085 5542 3542 5631 quemaqudum

1967 5614 2205 5695 videtur:
2224 5614 2416 5685 deduci
2445 5635 2622 5696 potest
2645 5627 2714 5680 ab
2743 5620 2988 5696 ἐμϐρίθω
3015 5630 3068 5673 et
3088 5614 3333 5696 ἔμϐρύῳ.
3360 5614 3542 5696 utentis

1967 5683 2309 5760 sublvEra—nt
2347 5683 2547 5768 quippe
2596 5683 3010 5768 embriinia‘seu
3043 5683 3343 5759 cnibrymia
3380 5683 3542 5739 fasci-

1966 5774 2074 5829 culi
2099 5761 2555 5840 colligatifva'riis
2588 5764 2837 5836 virgultis
2866 5761 3031 5834 pleni.
