3982 6336
532 367 632 424 Hi7

1671 378 2011 438 APPENDlX
2048 377 2138 434 AD
2174 377 2588 437 PALLADIUM.

3673 382 3786 439 168

538 495 755 566 ajustis
777 510 906 552 vero
941 510 1144 552 usuras
1196 511 1417 569 quoque
1449 496 1642 569 exigit.
1696 497 1875 567 Atque
1910 496 1965 551 id
2022 504 2106 552 est

2219 499 2291 551 re?
2324 497 2419 551 καὶ
2455 496 2670 561 τόκους.
2704 495 2813 550 Καὶ
2855 495 3014 550 τοῦτό
3050 496 3201 550 ἔστιν
3239 493 3268 548 ὃ
3314 495 3431 552 τοῖς
3467 490 3793 562 ἀποστόλοις

527 586 675 661 quod
706 586 844 642 dixit
878 587 1178 659 apostolis:
1215 586 1341 643 Nisi
1382 587 1731 644 abundaverit
1762 588 1980 658 justitia
2016 604 2104 643 ve-

527 691 643 737 stra
671 681 789 750 plus
816 697 977 753 quam
1004 682 1319 738 Scribarum
1346 693 1396 737 et
1416 682 1842 751 Pharisaeorum,
1876 699 1979 737 non
2017 682 2105 737 in-

529 773 741 828 trabitis
763 776 818 828 in
839 792 1055 846 regnum
1084 776 1335 830 certorum
1362 776 1430 831 θ’.

599 864 688 920 l6.
720 864 834 920 Hoc
871 883 999 922 vero
1045 867 1211 921 etiam
1247 865 1426 920 dixit:
1463 863 1638 933 Quam
1679 867 1905 921 minimo
1962 865 2106 923 Deus

525 955 713 1010 vendit
745 956 991 1027 justitias
1014 956 1084 1011 iis
1121 955 1215 1026 qui
1243 971 1430 1012 emere
1460 956 1725 1027 cupiunt;
1749 973 1919 1028 parvo
1946 959 2105 1028 panis

527 1045 727 1113 frusto,
789 1048 1117 1103 vestimento
1174 1047 1311 1114 vili,
1376 1045 1593 1120 frigidae
1651 1049 1893 1119 poculo,
1943 1049 2107 1106 obolo

529 1153 660 1194 uno.

601 1232 690 1286 l7.
721 1230 872 1287 Istud
904 1247 1125 1303 quoque
1159 1231 1497 1301 adjiciebat:
1552 1231 1727 1288 Homo
1777 1234 1846 1289 ab
1885 1234 2108 1290 homine

526 1324 615 1402 vel
642 1325 712 1379 ob
743 1334 1145 1394 paupertatem,
1186 1324 1275 1378 vel
1307 1324 1380 1379 ob
1415 1339 1573 1379 usum
1609 1325 1982 1389 abundantiae,
2037 1325 2110 1382 fe-
2152 1368 2160 1375 .

524 1428 664 1468 nore
696 1414 997 1485 accipiens,
1030 1422 1084 1468 et
1117 1413 1386 1479 reddens,
1422 1415 1628 1484 gratias
1657 1414 1877 1485 quidem
1919 1415 2103 1482 habet,

526 1522 718 1563 verum
752 1507 961 1576 pudore
989 1505 1219 1561 all‘ectus
1254 1505 1435 1561 reddit
1472 1507 1636 1561 clam.
1673 1504 1940 1564 Dominus
1975 1523 2108 1566 vero

527 1597 673 1655 Deus
720 1615 752 1656 e
783 1600 1096 1665 contrario,
1161 1599 1303 1653 clam
1348 1607 1542 1655 mutuo
1573 1599 1872 1669 accipiens,
1920 1588 2107 1657 coram

526 1690 755 1761 angelis,
811 1689 1162 1762 archangelis
1222 1697 1279 1746 et
1322 1689 1491 1762 justis
1556 1691 1894 1759 hominibus,
1945 1693 2108 1749 retri-

527 1783 666 1840 buit.

1022 1893 1101 1948 De
1122 1904 1306 1949 sancto
1335 1892 1605 1963 Ephrwm.

597 1984 651 2039 Ι.
687 1983 802 2054 (2|)
842 1981 984 2038 Puer
1008 1983 1187 2038 adhuc
1208 1991 1330 2039 erat
1364 1984 1535 2040 abbas
1560 1983 1834 2056 Ephrrem,
1860 1985 2105 2059 viditque

525 2077 801 2133 somnium
840 2092 938 2133 seu
969 2077 1262 2143 visionem,
1301 2077 1447 2146 quod
1479 2079 1712 2135 orta'sit
1747 2080 1879 2136 vitis
1909 2080 1964 2134 in
1993 2076 2105 2135 'lin-

524 2184 629 2241 gua
666 2169 806 2239 ejus,
838 2169 1076 2225 maxime
1102 2167 1282 2235 ferax,
1319 2175 1373 2225 et
1413 2172 1651 2227 creverit
1686 2186 1751 2227 ac
1797 2170 2105 2242 impleverit

524 2263 793 2335 quidquid
827 2263 932 2318 sub
962 2263 1105 2318 caelo
1129 2270 1253 2331 est;
1302 2265 1561 2335 quodque
1599 2265 1924 2321 accederent
1962 2278 2102 2319 cun-

525 2360 627 2410 ct'm
652 2355 906 2409 volucres
938 2353 1082 2419 eteli,
1117 2368 1181 2409 ac
1204 2354 1604 2410 manducarent
1628 2354 1695 2411 de
1727 2356 2101 2421 vitisl’ructu;

524 2455 580 2502 et
616 2453 882 2517 quantum
916 2446 1290 2514 comederent,
1318 2447 1531 2503 fructus
1550 2447 1697 2503 illius
1721 2447 1953 2518 amplior
1977 2462 2107 2503 eva-

527 2534 703 2591 deret.

594 2627 651 2683 2.
688 2626 802 2700 (22)
831 2629 953 2684 Alia
988 2629 1190 2685 iterum
1222 2629 1366 2695 vice,
1413 2635 1731 2685 sanctorum
1770 2627 1973 2700 aliquis
2002 2628 2107 2687 liae

523 2720 739 2777 visione
776 2720 1014 2777 donatus
1063 2731 1188 2789 est;
1222 2721 1360 2777 vidit
1420 2721 1728 2792 angelicum
1764 2720 2017 2778 ordinem
2074 2736 2107 2777 e

522 2816 671 2873 cmlo
693 2814 849 2885 juxta
902 2813 1221 2869 mandatum
1265 2812 1359 2869 Dei
1402 2813 1760 2880 descendere,
1809 2815 2104 2871 habentem

526 2925 636 2981 pm
669 2908 923 2964 manibus
956 2909 1232 2972 volumen,
1273 2910 1377 2962 hoc
1417 2917 1501 2964 est
1555 2916 1769 2962 tomum
1833 2910 2104 2981 scriptum

525 3006 674 3060 intus
696 3013 750 3060 et
778 3002 912 3059 foris
940 3021 954 3070 ;
988 3003 1359 3072 dicebantque
1389 3001 1455 3056 ad
1490 3002 1758 3057 invicem:
1795 3001 1899 3057 Cui
1939 3000 2107 3058 debe-

527 3114 648 3153 mus
688 3097 824 3152 illud
852 3095 1108 3150 tradere?
1144 3092 1376 3159 Quidam
1417 3100 1602 3148 autem
1633 3092 1891 3148 aiebant:
1925 3092 2103 3162 Huic;

2207 589 2411 658 ἔλεγεν,
2448 589 2531 643 ὅτι
2595 588 2732 643 Ἐὰν
2769 587 2855 659 μὴ
2903 587 3280 656 περισσεύσῃ
3332 583 3373 653 ἡ
3427 583 3793 656 δικαιοσύνη

2204 682 2406 753 ὑμῶν,
2438 683 2630 739 πλέον
2670 681 2788 736 τῶν
2829 680 3215 753 γραμματέων
3258 680 3359 735 καί
3413 680 3794 750 Φαρισαίων,

2206 778 2279 831 οὐ
2297 776 2383 846 μὴ
2409 779 2720 843 εἰσέλθητε
2743 779 2831 843 εὶς
2856 776 2971 844 τὴν
2994 775 3324 839 ,Βασιλείαν
3349 772 3468 828 τῶν
3489 773 3797 843 οὐρανῶν.

2279 877 2377 935 ις’.
2414 869 2610 938 Ἔλεγε
2639 869 2697 922 δὲ
2725 870 2820 922 καὶ
2846 869 3034 932 τοῦτο,
3071 869 3152 921 ὅτι
3181 867 3362 935 ὀλίγον
3402 867 3543 921 πάνυ
3580 866 3681 930 τὰς
3708 866 3797 919 δι-

2207 961 2497 1024 καιοσύνας
2530 962 2559 1013 ό
2586 959 2721 1023 Θεὸς
2748 961 2916 1014 πωλεῖ
2944 963 3056 1023 τοῖς
3078 959 3369 1030 ἀγοράζειν
3404 957 3794 1022 σπουδάζουσιο

2211 1050 2407 1124 μικροῦ
2437 1051 2747 1121 κλάσματος
2786 1052 2977 1123 ἄρτου,
3009 1048 3257 1113 εὐτελοῦς
3293 1050 3511 1120 ἱματίου
3536 1089 3550 1115 ,
3573 1048 3796 1120 ψυχροῦ

2208 1144 2494 1216 ποτηρίου,
2524 1144 2643 1208 ἑνὸς
2667 1143 2874 1198 ὀϐολοῦ.

2283 1235 2365 1300 ιζ’.
2404 1235 2724 1307 Προσετίθει
2757 1235 2814 1287 δὲ
2849 1234 2944 1289 καὶ
2975 1233 3170 1298 τοῦτο,
3213 1233 3294 1286 ὅτι
3335 1232 3465 1303 παρ’
3513 1229 3797 1300 ἀνθρώπῳ

2207 1327 2581 1398 δανειζόμενος
2620 1327 2905 1399 ἄνθρωπος
2932 1326 3019 1380 διὰ
3062 1326 3286 1393 πενίαν,
3324 1324 3357 1395 ἢ
3403 1324 3592 1395 χρείαν
3624 1323 3800 1376 εὐπο-

2212 1422 2352 1491 ρίας,
2387 1420 2484 1474 καὶ
2513 1421 2794 1485 ἀποδιδοὺς
2815 1420 3044 1492 χάριτας
3077 1419 3175 1489 μὲν
3199 1418 3482 1489 ὁμολογεῖ,
3520 1415 3710 1488 κρύφα
3735 1414 3800 1467 δὲ

2207 1511 2529 1566 ἀποδίδωσιν
2559 1513 2966 1584 αίσχυνόμενος.
3017 1511 3078 1564 ’0
3126 1509 3182 1563 δὲ
3233 1509 3500 1578 δεσπότης
3547 1507 3682 1571 Θεὸς
3728 1506 3799 1559 τὸ

2208 1602 2504 1658 ἀνάπαλιν·
2527 1604 2712 1676 κρυφῆ
2740 1602 3117 1674 δανειζόμενος
3145 1601 3377 1655 ἐνώπιον
3405 1599 3659 1670 ἀγγέλων
3690 1599 3797 1653 καὶ

2208 1696 2563 1769 ἀργαγγέλων
2594 1696 2690 1751 καὶ
2720 1695 2942 1749 δικαίων
2977 1692 3323 1751 ἀποδίδωσιν.

2590 1890 2731 1960 Περὶ
2769 1890 2877 1946 τοῦ
2909 1889 3083 1960 ἁγίου
3122 1889 3395 1960 Ἐφραίμ.

2273 2012 2343 2060 α’.
2371 2004 2590 2060 Παιδίον
2616 1999 2685 2076 ἦν
2713 2006 2743 2058 ὁ
2770 2002 2945 2068 ἀῦδᾶς
2984 2002 3224 2074 Ἐφραὶμ
3246 2002 3339 2061 καὶ
3362 1997 3501 2056 εἶδεν
3529 1999 3660 2073 ὄναρ
3686 2000 3791 2053 εἴτ’

2203 2092 2298 2153 οὗν
2321 2097 2609 2161 ὀπτασίαν,
2635 2097 2717 2150 ὅτι
2745 2094 2973 2168 ἀνῆλθεν
2998 2094 3241 2166 ἄμπελος
3266 2095 3324 2147 ὲν
3352 2096 3418 2165 τῇ
3449 2091 3669 2164 γλώσσῃ
3691 2092 3800 2145 αὐ-

2205 2187 2320 2253 τοῦ,
2353 2188 2446 2243 καὶ
2471 2188 2696 2259 ηὔξησε,
2730 2186 2823 2239 καὶ
2850 2185 3135 2257 ἐπλήρωσε
3160 2185 3339 2238 πᾶσαν
3372 2182 3472 2254 τὴν
3510 2182 3599 2236 ὑπ’
3627 2181 3802 2251 οὐρα-

2206 2281 2319 2347 νὸν,
2349 2280 2627 2353 εὖκαρπος
2662 2278 2802 2333 πάνυ
2824 2295 2838 2311 ·
2879 2279 2973 2332 καὶ
3005 2278 3236 2349 ἤρχοντο
3262 2275 3440 2330 πάντα
3470 2274 3538 2329 τὰ
3566 2274 3798 2328 πετεινᾶ

2204 2372 2301 2428 τοῦ
2330 2372 2586 2445 οὐρανοῦ,
2612 2372 2706 2425 καὶ
2728 2370 2829 2443 ήσθ
2839 2387 2914 2424 ιον
2938 2371 3003 2423 ἐκ
3031 2368 3126 2422 τοῦ
3150 2368 3364 2440 καρποῦ
3391 2367 3492 2439 τῆς
3514 2365 3794 2437 ἀμπέλουο

2206 2468 2303 2522 καὶ
2331 2465 2467 2537 πρὸς
2495 2464 2525 2517 ὃ
2561 2463 2769 2537 ἤσθιον,
2803 2461 3127 2527 ὲπλεόναζεν
3156 2462 3186 2515 ό
3209 2460 3422 2533 καρπὸς
3459 2457 3654 2528 αὐτῆς.

2278 2645 2345 2716 β’.
2381 2644 2604 2699 Ἀλλοτε
2643 2643 2805 2698 πάλιν
2838 2640 2945 2698 εἶδέ
2971 2659 3054 2707 τις
3083 2640 3192 2695 τῶν
3219 2640 3390 2710 ἁγίων
3424 2641 3483 2693 ὲν
3525 2636 3797 2710 ὁράματι,

2206 2735 2453 2806 ἀγγέλων
2489 2735 2676 2807 τάγμα
2705 2737 2768 2789 ὲκ
2795 2736 2890 2790 τοῦ
2933 2732 3166 2805 οὐρανοῦ
3206 2730 3604 2803 κατερχόμενον
3645 2727 3799 2782 κατὰ

2207 2826 2501 2900 πρόσταξιν
2526 2827 2661 2883 Θεοῦ
2682 2868 2697 2895 ,
2738 2827 2859 2900 ἕχον
2887 2828 2979 2881 ἐπὶ
3007 2829 3195 2898 χεῖρας
3226 2822 3505 2893 κεφαλίδα,
3538 2820 3801 2875 τουτέστι

2206 2920 2372 2993 τόμον
2399 2921 2788 2992 γεγραμμένον
2822 2919 3023 2973 ἔσωθεν
3054 2919 3151 2972 καὶ
3192 2916 3423 2983 ἔξωθεν·
3469 2913 3563 2968 καὶ
3604 2911 3799 2981 ἔλεγον

2208 3012 2348 3083 πρὸς
2372 3011 2632 3083 ἀλλήλους
2649 3026 2663 3042 ο
2697 3011 2793 3074 Τίς
2811 3009 3015 3079 ὀφείλει
3034 3008 3192 3062 τοῦτο
3216 3003 3649 3077 ἐγχειρισθῆναις
3680 3003 3800 3057 Καὶ

2207 3104 2257 3156 οἱ
2295 3103 2394 3173 μὲν
2427 3101 2635 3170 ελεγον,
2666 3099 2858 3153 Ὄσδεο
2882 3100 2932 3151 οἱ
2961 3098 3018 3150 δὲ
3057 3097 3243 3165 ἔλεγον
3284 3097 3491 3167 ἕτερον.
3535 3092 3802 3163 Ἀπεκρί-

524 3188 616 3242 alii
649 3200 777 3242 vero
828 3186 996 3239 alium
1025 3183 1406 3238 nominabant.
1443 3180 1868 3253 Responderunt
1921 3193 2102 3238 autem

2219 3193 2381 3265 θησαν
2414 3193 2471 3246 δὲ
2501 3193 2597 3247 καὶ
2627 3187 2809 3245 εἷπονο
2853 3188 3094 3259 Ἀληθῶς
3122 3187 3268 3256 ἆγιοί
3299 3187 3404 3240 εἰσι
3440 3186 3535 3240 καὶ
3557 3185 3754 3238 δίκαιοι
3779 3199 3799 3214 ο

522 3286 578 3334 et
603 3276 863 3333 dixerunt
894 3297 907 3332 :
937 3273 1081 3330 Vere
1126 3273 1305 3328 sancti
1331 3282 1460 3327 sunt
1517 3288 1581 3329 ac
1618 3272 1793 3343 justi;
1827 3285 2106 3330 verumta-

524 3386 649 3425 men
690 3368 875 3424 nullus
907 3368 1010 3422 hoc
1040 3365 1292 3435 accipere
1328 3371 1534 3435 potest,
1593 3373 1792 3436 praeter
1828 3364 2105 3438 Ephrazm.

520 3455 663 3513 Tum
697 3457 835 3513 vidit
865 3473 1033 3514 senex
1080 3455 1225 3527 quod
1281 3454 1532 3526 prrazm
1576 3456 1900 3514 tradiderint
1949 3459 2106 3514 volu-

522 3567 672 3607 men.
706 3550 865 3606 Mane
895 3558 1076 3607 autem
1113 3566 1367 3623 surgens,
1413 3548 1621 3604 audivit
1668 3564 1792 3604 cum
1825 3565 2105 3606 commcn-

524 3650 753 3714 tantem,
778 3652 833 3697 et
862 3643 1011 3699 velut
1039 3642 1164 3698 fons
1199 3642 1461 3697 manabat
1506 3656 1573 3696 ex
1618 3655 1717 3696 ore
1752 3641 1967 3714 ipsius;
2013 3657 2109 3698 co-

524 3735 824 3806 gnovitque
844 3749 968 3791 esse
995 3750 1057 3791 ex
1082 3731 1293 3806 Spiritu
1319 3740 1510 3789 sancto
1535 3748 1657 3805 quae
1680 3733 2108 3804 egrediebantur

523 3845 555 3885 e
585 3828 753 3885 labris
789 3827 1062 3899 prrzrm.

593 3924 646 3978 5.
689 3922 803 3995 (25)
830 3921 987 3983 Alias
1012 3920 1540 3992 iterum,prra2mo
1569 3926 1962 3993 praetereunte,
1999 3919 2107 3973 im-

523 4017 693 4074 missa
715 4017 970 4074 meretrix
997 4017 1166 4077 venit.
1184 4025 1244 4071 ut
1268 4014 1549 4071 blanditiis
1568 4031 1690 4070 eum
1717 4014 2013 4069 attraheret
2038 4011 2107 4067 ad

523 4115 735 4181 turpem
771 4110 1150 4174 concubitum,
1201 4115 1295 4164 aut
1328 4108 1522 4164 saltem
1561 4106 1628 4165 ad
1666 4106 1803 4161 iram
1841 4119 2107 4176 provoca-

524 4212 638 4268 ret;
680 4217 843 4256 nemo
877 4203 1023 4256 enim
1089 4217 1331 4274 unquam
1377 4198 1515 4256 vidit
1562 4198 1712 4255 illum
1754 4197 2102 4253 irascentem.

527 4292 595 4346 Et
621 4292 696 4344 ait
727 4291 796 4344 ad
831 4293 981 4345 illam
1010 4310 1024 4345 :
1058 4291 1301 4362 Sequere
1329 4307 1435 4346 me.
1466 4290 1713 4362 Cumque
1775 4289 2106 4346 accessisset

526 4385 592 4438 ad
626 4382 807 4437 locum
842 4380 1157 4437 hominibus
1180 4381 1465 4445 refertum,
1488 4383 1630 4436 dixit
1654 4382 1869 4436 mulieri
1896 4399 1912 4436 :
1940 4378 2100 4443 Veni,

526 4476 583 4531 in
621 4473 725 4531 hoc
756 4472 901 4535 loco,
930 4470 1389 4541 quemadmodum
1429 4472 1608 4540 cupis.
1656 4471 1726 4523 At
1776 4471 1870 4524 illa
1927 4469 2103 4523 homi-

2208 3286 2350 3358 πλὴν
2381 3285 2429 3318 ⁸⁸
2467 3284 2625 3339 τοῦτο
2666 3282 2842 3347 οὐδεὶς
2893 3281 3116 3335 δύναται
3146 3276 3577 3351 ἐγχειρισθῆναι,
3624 3278 3673 3330 εί
3717 3276 3799 3350 μὴ

2220 3376 2482 3449 Ἐφραίμ.
2516 3376 2627 3429 Καὶ
2645 3375 2747 3447 ὁρᾷ
2771 3374 2799 3426 ό
2824 3372 3003 3444 γέρων
3029 3372 3110 3425 ὅτι
3128 3369 3206 3441 τῷ
3240 3369 3482 3441 Ἐφραὶμ
3509 3367 3799 3425 ἐπέδωκαν

2205 3470 2304 3540 τὴν
2326 3467 2609 3538 κεφαλίδαο
2629 3467 2725 3520 καὶ
2739 3463 2976 3528 ἀναστὰς
3000 3461 3166 3536 πρωῒ,
3187 3462 3389 3533 ἢκουσε
3419 3458 3512 3513 τοῦ
3550 3460 3800 3531 Ἐφραὶμ

2207 3559 2395 3632 ὥσπερ
2425 3559 2611 3631 πηγὴν
2656 3557 2926 3630 βρύουσαν
2958 3559 3023 3610 ἐκ
3052 3554 3146 3608 τοῦ
3189 3553 3454 3627 στόματος
3493 3549 3655 3606 αὐτοῦ
3696 3550 3799 3609 καὶ

2208 3650 2620 3713 συντάσσοντος,
2645 3648 2739 3702 καὶ
2771 3646 2913 3715 ἔγνω
2941 3647 3024 3707 ὅτι
3054 3647 3119 3705 ἐκ
3142 3642 3283 3696 Πνεύ
3292 3659 3462 3714 ματος
3493 3641 3649 3711 ἁγίου
3671 3641 3799 3699 ἐστὶ

2205 3741 2278 3797 τὰ
2300 3741 2710 3815 ἐκπορευόμενα
2747 3737 2834 3796 διὰ
2862 3736 3085 3809 χειλέων
3130 3735 3399 3806 Ἐφφαίμ.

2277 3928 2347 3990 γ’.
2390 3918 2611 3972 Ἀλλοτε
2628 3917 2808 3971 Λτάλιν
2840 3914 3128 3987 παριόντος
3156 3913 3249 3973 τοῦ
3290 3911 3552 3985 Ἐφραὶμ,
3576 3909 3634 3977 ἐξ
3658 3910 3800 3963 ὑπο·

2208 4010 2370 4081 ϐολῆς
2403 4026 2548 4073 τινος
2573 4008 2792 4080 ἔρχεται
2823 4006 2921 4079 μία
2947 4005 3154 4076 ὲταιρὶς
3181 4002 3496 4059 κολακεύειν
3519 4000 3681 4055 αὐτὸν
3712 4004 3799 4065 εἰς

2206 4100 2439 4174 αἰσχρὰν
2472 4100 2639 4172 μίξιν,
2667 4101 2716 4153 εί
2750 4099 2809 4153 δὲ
2843 4098 2938 4170 μὴ,
2975 4096 3076 4151 κᾶν
3109 4096 3189 4158 εἰς
3223 4094 3595 4165 ἀγανάκτησιν
3631 4093 3796 4163 κινῆ.

2208 4214 2298 4250 σαι
2320 4194 2500 4259 αὐτὸν,
2519 4194 2599 4248 ὃτι
2624 4191 2876 4252 οὐδέποτέ
2899 4207 2982 4254 τις
2998 4185 3137 4242 εἶδεν
3157 4186 3317 4241 αὑτὸν
3345 4185 3699 4258 ὀργιζόμενον
3719 4186 3793 4241 ⁸³.

2206 4289 2317 4345 Καὶ
2351 4285 2499 4355 λέγει
2543 4284 2679 4355 πρὸς
2716 4284 2918 4354 αὑτήν·
2975 4279 3282 4334 Ἀκολούθει
3325 4296 3414 4350 μοι
3434 4293 3448 4307 '
3483 4277 3793 4345 πλησιάσας

2204 4378 2261 4433 δὲ
2294 4378 2444 4446 τόπῳ
2482 4374 2950 4445 πολυοχλουμένῳ,
2986 4367 3140 4430 εἶπεν
3185 4371 3321 4441 αὐτῇ
3344 4386 3359 4403 ο
3411 4370 3500 4423 Ἐν
3529 4368 3607 4440 τῷ
3637 4370 3796 4442 τόπῳ

2204 4464 2379 4534 τούτῳ
2403 4462 2562 4534 δεῦρο
2597 4460 2780 4526 καθὼς
2806 4461 3098 4533 ἠθέλησας.
3142 4459 3355 4531 Ἑκείνη
3388 4460 3446 4515 δὲ
3476 4460 3791 4539 θεασαμένη

526 4579 660 4621 num
683 4562 1093 4619 multitudinem
1126 4559 1324 4617 intuita
1356 4560 1470 4615 ait:
1532 4559 1657 4626 Quo
1702 4558 1866 4614 modo
1896 4559 2103 4628 poteri-

2219 4556 2299 4610 τὸν
2327 4555 2504 4626 ὄχλον,
2526 4554 2678 4623 λέγει
2704 4553 2882 4625 αὐτῷ’
2911 4552 3038 4618 Πῶς
3068 4552 3344 4623 δυνάμεθα
3364 4552 3522 4606 τοῦτο
3544 4554 3788 4624 ποιῆσαι,

526 4671 652 4712 mus
675 4655 729 4712 id
789 4662 1131 4725 perpetrare,
1195 4666 1260 4707 ac
1306 4652 1426 4719 sine
1486 4650 1836 4715 verecundia,
1892 4658 2106 4705 astante

527 4751 681 4807 tanta
724 4743 922 4799 turba?
951 4740 1109 4797 Tunc
1164 4738 1416 4812 prrtem
1478 4739 1547 4795 ad
1596 4737 1895 4795 feminam:
1928 4735 1987 4795 Si
2029 4738 2101 4794 ob

527 4838 784 4898 homines
817 4836 1222 4900 erubescimus,
1254 4834 1425 4890 multo
1455 4833 1629 4905 magis
1661 4832 1733 4888 ob
1782 4829 1955 4887 Deum
2010 4832 2107 4887 dea

526 4932 722 4992 bemus
752 4929 1104 4993 erubescere,
1141 4926 1239 4999 qui
1267 4924 1628 4996 deprehendet
1659 4924 1987 4981 abscondita
2019 4933 2105 4979 te-

528 5022 825 5078 uebrarum
847 5019 914 5075 “.
945 5017 1103 5075 Unde
1138 5018 1252 5085 illa,
1292 5016 1504 5089 pudore
1536 5015 1780 5085 suﬂ‘usa,
1813 5030 1872 5072 re
1900 5013 2102 5071 infecta

530 5113 812 5178 discessit.

834 5204 914 5261 De
948 5203 1267 5259 Eucharisto
1290 5202 1497 5259 homine
1532 5199 1800 5257 secuturi.

600 5295 714 5369 (24)
754 5292 873 5351 Duo
901 5310 934 5352 e
956 5293 1215 5349 Patribus
1240 5297 1536 5347 oraverunt
1568 5287 1763 5354 Deum,
1794 5294 1851 5342 ut
1885 5285 2100 5358 plenam

2207 4647 2461 4702 τοσούτου
2492 4646 2650 4718 ὄχλου
2679 4645 2930 4708 ἑστῶτος,
2957 4646 3049 4698 κα).
3077 4644 3178 4697 οὐκ
3206 4642 3599 4714 αἰσχυνόμεθας
3637 4643 3698 4697 '0
3732 4644 3797 4703 δδ

2207 4739 2357 4808 λέγει
2420 4738 2557 4810 πρὸς
2619 4736 2820 4806 αὐτήνθ
2885 4737 2948 4789 Εἰ
3007 4732 3331 4807 ἀνθρώπους
3389 4733 3793 4806 αἰσχυνόμεθα,

2208 4829 2390 4900 πολλῷ
2430 4827 2631 4900 μᾶλλον
2671 4826 2786 4900 (25)
2812 4824 3099 4898 ὀφείλομεν
3133 4823 3481 4896 αἰσχύνεσθαι
3513 4825 3604 4879 τὸν
3630 4824 3797 4891 Θεὸν,

2208 4921 2299 4976 τὸν
2332 4922 2401 4976 τὰ
2427 4919 2646 4995 κρυπτὰ
2676 4917 2771 4973 τοῦ
2810 4917 3035 4983 σκότους
3063 4917 3376 4988 ἐλέγχοντα.
3422 4916 3488 4971 Ἠ
3512 4916 3568 4973 δὲ
3601 4920 3800 4988 ὲθτρα.

2211 5014 2373 5069 πεῖσα
2407 5012 2648 5084 ἀπῆλθεν
2675 5010 2974 5081 ἄπρακτος.

2561 5193 2703 5262 Περὶ
2720 5187 3098 5264 Εὐχαρίστου
3121 5192 3435 5264 κοσμικοῦ.

2282 5284 2388 5339 Δύο
2432 5283 2542 5339 τῶν
2586 5285 2848 5359 Πατέρων
2904 5284 3285 5358 παρεκάλεσαν
3334 5284 3426 5339 τὸν
3479 5283 3612 5340 Θεὸν
3629 5325 3644 5352 ,
3700 5285 3797 5345 ἴνα

599 5453 645 5485 η
668 5449 862 5506 Matth.
899 5463 953 5516 v,
985 5450 1077 5506 eo.
1153 5450 1198 5482 σι
1223 5445 1243 5502 ι
1270 5446 1397 5519 εον.
1425 5465 1499 5513 ιν,
1524 5445 1579 5502 5.
1655 5444 1819 5519 εχει,
1844 5442 2014 5519 inser.
2041 5441 2103 5519 οὐ

2219 5456 2399 5519 νανται
2428 5440 2585 5501 τοῦτο
2612 5440 3044 5519 ἐγχειρισθῆναι.
3085 5440 3265 5498 Πολλὰ
3282 5438 3348 5495 ’δὲ
3379 5440 3516 5498 ἄλλα
3544 5441 3797 5514 ὀνόματα

528 5521 699 5597 αγίων
729 5512 992 5585 εἰπόντες,
1025 5520 1249 5592 ὕστερον
1273 5516 1446 5585 εἷπον,
1488 5512 1598 5571 ὅτι.
1678 5516 1724 5549 ⁸³
1749 5515 1838 5571 Al.
1873 5514 2001 5570 add.
2039 5512 2073 5583 ἢ
2105 5513 2438 5586 μαχόμενον.

600 5702 713 5767 (‘2!)
757 5701 862 5757 Vit.
904 5701 1051 5756 Patr.
1084 5716 1234 5763 xvm,
1266 5701 1319 5754 Β.

600 5773 713 5843 (22)
750 5772 855 5843 l’it.
893 5771 1045 5843 [’atr.
1077 5787 1229 5843 xviii.
1259 5770 1313 5825 6.

599 5840 714 5918 (23)
759 5842 861 5897 Vit.
888 5840 1039 5894 Patr.
1072 5856 1127 5906 κ,
1166 5842 1255 5894 τι.

2279 5690 2394 5768 (ἓξ)
2435 5688 2727 5768 V_it._l_’gtr.
2767 5692 2936 5768 1H,?»

2281 5760 2392 5833 (25)
2438 5760 2659 5837 1191.11;
2708 5761 2968 5833 μᾶλλον.
3025 5760 3299 5835 Pelagius,
3347 5768 3543 5835 quanto
3594 5763 3799 5837 magis.

2211 5831 2361 5905 τόσῳ
2386 5831 2600 5905 μᾶλλον.
