3982 6336
197 347 287 406 I63
1370 336 1794 401 APOPHTIIEG

1899 336 1986 394 TA
2025 337 2331 395 PATRL'M.

3369 340 3470 399 Πο

197 463 588 540 πληροφορήσῃ
609 461 830 529 αὐτοὺς,
854 462 934 526 είς
962 463 1115 517 ποῖον
1143 461 1388 532 ἔφθασαν
1417 461 1637 534 μέτρον.
1668 457 1781 512 Kal

1899 454 1997 514 illis
2033 457 2190 514 ﬁdem
2230 457 2432 514 faceret
2462 455 2528 513 de
2555 471 2814 515 mensura
2848 459 2916 515 ad
2963 474 3130 532 quam
3174 461 3466 530 pervenis-

196 553 349 630 ἦλθεν
391 558 585 620 αὐτοῖς
623 555 778 627 φωνὴ
818 555 1088 625 λέγουσασ
1127 556 1220 620 El;
1248 556 1406 627 τήνδε
1445 556 1544 629 τὴν
1586 553 1783 626 κώμην

195 651 284 720 τῆς
319 648 606 718 Αἰγύπτου
631 648 750 702 ἐστί
774 665 859 712 τις
883 648 1148 719 κοσμικὸς
1173 648 1510 721 Εὐχάριστος
1531 646 1782 718 ὀνόματι,

191 742 282 796 καὶ
321 743 355 812 ἡ
410 742 555 813 γυνὴ
600 739 767 794 αὐτοῦ
813 739 1062 795 καλεῖται
1112 739 1335 812 Μαρία’
1388 737 1542 793 οὔπω
1591 737 1785 810 ἧλθετε

194 834 348 904 ὐμεῖς
380 833 466 898 είς
495 831 566 886 τά
595 833 772 904 μέτρα
800 827 846 864 ⁸⁸
873 831 1076 887 αὐτῶν.
1111 831 1222 885 Kal
1249 831 1586 895 ἀναστάντες
1613 831 1663 884 οἱ
1693 829 1787 884 δύο

193 925 451 997 γέροντες
471 966 489 992 ,
529 920 695 997 ἦλθον
730 925 811 989 είς
841 925 944 996 τὴν
990 922 1214 996 κώμην·
1245 925 1338 978 καὶ
1371 910 1783 994 ἐρωτήσαντες,

193 1008 349 1086 εὖρον
378 1015 444 1068 τὸ
472 1014 686 1069 κελλίον
720 1014 887 1068 αὐτοῦ
915 1015 1010 1068 καὶ
1035 1015 1134 1084 τὴν
1170 1017 1407 1084 γυναῖκα
1444 1014 1612 1069 αὐτοῦ
1639 1031 1652 1044 °
1693 1015 1789 1069 καὶ

194 1106 445 1175 λέγουσιν
480 1107 621 1178 αὐτῇ
642 1123 656 1137 ο
684 1105 796 1161 Ποῦ
843 1107 962 1161 ἐστι
1001 1109 1030 1161 ὁ
1065 1107 1208 1180 ἄνήρ
1235 1124 1362 1174 σου;
1403 1108 1468 1161 Ἦ
1507 1107 1565 1162 δέ
1600 1103 1785 1161 εἶπενο

196 1198 404 1268 Ποιμήν
427 1198 566 1256 ἐστι,
597 1197 692 1250 καὶ
724 1195 910 1267 βόσκει
945 1195 1014 1250 τὰ
1053 1197 1322 1268 πρόϐατα.
1354 1198 1465 1250 Kal
1494 1198 1790 1269 εἰσήγαγεν

198 1290 397 1352 αὐτοὺς
426 1291 512 1352 εἰς
537 1289 600 1342 τὸ
627 1287 838 1343 κελλίον
863 1287 1033 1342 αὐτοῦ
1059 1288 1126 1341 ⁸⁷.
1174 1288 1259 1352 Ὠς
1290 1289 1348 1342 δέ
1385 1289 1515 1359 ὀψία
1547 1290 1786 1359 ἐγένετο,

196 1375 357 1451 ἦλθεν
397 1382 429 1433 ὁ
458 1378 796 1451 Εὐχάριστος
834 1379 974 1451 μετὰ
1002 1371 1114 1433 τῶν
1155 1378 1444 1451 προϐάτων
1468 1397 1480 1410 ο
1529 1381 1624 1434 καὶ
1665 1379 1790 1436 ἰδὼν

195 1475 324 1538 τούς
380 1472 682 1544 γέροντας,
735 1472 1035 1544 ἡτοίμασεν
1086 1471 1270 1536 αὐτοῖς
1324 1471 1638 1544 τράπεζαν,
1695 1472 1791 1527 καὶ

195 1567 432 1637 ἤνεγκεν
456 1561 604 1635 ὕδωρ
631 1561 786 1632 νίψαι
813 1563 940 1626 τοὺς
965 1563 1132 1627 πόδας
1160 1561 1362 1616 αὐτῶν.
1401 1562 1511 1616 Kal
1541 1562 1790 1631 λέγουσιν

195 1654 348 1725 αὐτῷ
379 1656 432 1708 οί
461 1653 752 1725 γέροντεςο
790 1653 865 1707 Οὐ
908 1652 983 1725 μὴ
1011 1652 1339 1724 γευσώμεοά
1373 1671 1539 1718 τινος,
1576 1652 1673 1706 ἐὰν
1714 1653 1790 1726 μὴ

195 1745 536 1820 άναγγείλῃς
558 1747 691 1817 ἡμῖν
712 1745 812 1818 τὴν
842 1745 1106 1817 ἐργασίαν
1140 1762 1254 1798 σου.
1295 1745 1353 1798 'U
1373 1744 1430 1798 δέ
1456 1744 1792 1816 Εὐχάριστος

1889 554 2034 601 sent.
2071 545 2209 600 Tum
2240 545 2526 602 descendit
2555 545 2623 601 ad
2652 562 2749 603 eos
2779 547 3050 618 ejusmodi
3086 565 3190 605 vos
3218 568 3232 607 :
3287 549 3386 607 Illo
3418 553 3474 606 in

1889 653 2028 708 pago
2056 637 2299 710 Egypti,
2338 639 2424 694 vir
2451 646 2536 695 est
2597 639 2883 697 saecularis
2938 643 3162 700 nomine
3196 643 3470 700 Euchari~

1890 739 2031 795 stus.
2067 731 2230 801 cujus
2264 747 2403 788 uxor
2425 741 2654 787 vocatur
2696 732 2863 788 Maria
2891 752 2903 788 :
2938 734 3178 789 nondum
3212 735 3473 806 attigistis

1891 837 1991 878 vos
2027 837 2347 879 mensuram
2401 825 2622 881 virtutis
2660 841 2874 882 eorum.
2940 824 3240 897 Surgentes
3287 825 3480 897 itaquo

1893 913 2058 970 ambo
2088 930 2270 978 senes,
2329 925 2562 987 pergunt
2619 915 2685 972 ad
2722 933 2921 989 pagum
2951 959 2968 984 ,
3036 922 3092 973 et
3127 918 3471 987 percontati,

1891 1007 2220 1062 invenerunt
2273 1007 2510 1063 hominis
2547 1009 2740 1064 cellam
2801 1017 2967 1081 atque
3028 1005 3278 1080 ejusdem
3326 1023 3473 1064 uxo-

1892 1114 2027 1154 rem.
2075 1097 2278 1153 Dicunt
2314 1098 2576 1155 mulieri:
2621 1098 2722 1156 Ubi
2761 1108 2847 1157 est
2904 1100 2990 1155 vir
3028 1102 3202 1157 tuus?
3251 1098 3346 1155 Illa
3385 1115 3476 1156 re-

1891 1190 2114 1260 spondit
2141 1210 2154 1245 :
2192 1187 2388 1246 Pastor
2421 1201 2527 1256 est.
2556 1193 2736 1264 pascit
2769 1207 2920 1248 oves.
2952 1194 3017 1249 Et
3046 1191 3353 1248 introduxit
3380 1205 3477 1249 eos

1893 1281 1946 1335 in
1984 1275 2198 1338 cellam.
2230 1281 2300 1337 Ut
2331 1292 2513 1339 autem
2565 1283 2970 1356 advesperavit,
3025 1284 3194 1342 rediit
3246 1283 3474 1339 Euchao
3575 1321 3588 1334 .

1895 1372 2069 1429 ristus
2102 1389 2228 1429 cum
2258 1375 2496 1441 ovibus;
2529 1391 2596 1432 ac
2640 1377 2835 1432 videns
2867 1391 3048 1445 senes,
3101 1389 3344 1432 mensam
3381 1391 3477 1448 ap-

1894 1464 2125 1533 paravit,
2180 1465 2476 1536 attulitquc
2515 1479 2716 1537 aquam
2753 1465 3043 1523 abluendis
3077 1479 3270 1521 eorum
3324 1461 3478 1536 pedi.

1893 1553 2024 1609 bus.
2088 1549 2288 1610 Dicunt
2337 1555 2388 1611 ei
2451 1571 2656 1612 senes:
2698 1553 2819 1612 Non
2853 1557 3269 1629 degustabimus
3314 1555 3478 1627 quid-

1893 1663 2086 1718 quam,
2117 1649 2225 1704 nisi
2263 1649 2424 1705 uobis
2467 1646 2838 1705 declaraveris
2890 1649 3154 1720 quidnam
3209 1649 3282 1706 sit
3327 1644 3477 1720 quod

1897 1740 2173 1810 operaria.
2237 1740 2600 1796 Eucharistus
2637 1757 2767 1796 vero
2819 1757 2942 1796 cum
2994 1741 3300 1797 humilitate
3352 1741 3478 1799 ait:

199 1839 342 1909 μετὰ
357 1816 886 1909 ταπεινοφροσύνης
901 1832 1055 1892 εἶπεν
1077 1854 1091 1868 ο
1129 1836 1270 1907 Ἐγὼ
1294 1839 1499 1910 ποιμήν
1529 1839 1669 1909 είμι,
1697 1838 1792 1892 καὶ

1899 1833 2009 1902 Ego
2039 1839 2225 1902 pastor
2252 1847 2398 1898 sum,
2429 1841 2484 1888 et
2516 1832 2630 1888 haec
2663 1842 2748 1888 est
2795 1848 2938 1888 uxor
2994 1848 3135 1890 mea.
3190 1833 3260 1888 At
3311 1848 3478 1891 senes

196 1929 340 2000 αὕτη
379 1929 531 1983 ἐστὶν
565 1930 599 2000 ἠ
642 1928 778 2000 γυνή
814 1945 941 1999 μου.
994 1926 1062 1983 Οί
1098 1927 1155 1982 δὲ
1201 1926 1456 2000 γέροντες
1497 1927 1792 2000 ἐπέμειναν

195 2018 650 2091 παρακαλοῦντες
683 2019 872 2084 αὐτὸν,
903 2019 1000 2073 καὶ
1037 2019 1138 2074 οὐκ
1175 2019 1408 2091 ἠθέλησε
1442 2022 1638 2076 εἰπεῖν.
1681 2022 1792 2076 Kal

197 2108 354 2166 εἷπον
398 2112 549 2184 αὐτῷ
569 2129 584 2144 ο
631 2113 690 2165 '0
723 2111 856 2177 Θεὸς
879 2111 1124 2184 ἐπεμψεν
1151 2113 1297 2185 ἡμᾶς
1333 2113 1468 2185 πρὸς
1495 2111 1574 2167 σέ.
1615 2113 1702 2177 Ὠς
1734 2113 1793 2168 δὲ

198 2206 403 2276 ἤκουσε
430 2204 522 2257 τὸν
549 2203 710 2272 λόγον
729 2201 942 2267 τοῦτον,
975 2203 1240 2275 ἐφοϐήθη,
1277 2203 1372 2258 καὶ
1397 2196 1551 2258 εἶπεν
1583 2205 1791 2270 αὐτοῖς’

213 2296 347 2349 Ἰδοὺ
394 2293 465 2347 τὰ
511 2294 762 2364 πρόϐατα
811 2293 984 2347 ταῦτα
1026 2293 1224 2365 ἔχομεν
1270 2295 1378 2348 ἀπὸ
1429 2294 1538 2347 τῶν
1589 2295 1793 2363 γονέων

199 2385 362 2458 ημῶν
378 2403 392 2415 ·
429 2385 522 2438 καὶ.
546 2385 599 2438 εί
617 2402 670 2437 τι
706 2384 750 2437 δ’
777 2383 842 2438 ἂν
863 2384 1107 2458 εὐοδὼσῃ
1128 2389 1156 2439 ὁ
1178 2385 1382 2457 Κύριος
1404 2385 1702 2442 είσοδιᾶσαι
1735 2386 1795 2454 ἐξ

200 2477 405 2539 αὐτῶν,
442 2471 704 2545 ποιοῦμεν
726 2475 806 2539 είς
836 2475 961 2547 τρία
1006 2477 1148 2548 μέρη
1174 2492 1188 2507 ο
1223 2477 1388 2550 μέρος
1414 2477 1472 2530 ἒν
1504 2481 1616 2544 τοῖς
1641 2495 1792 2532 πτω-

202 2568 338 2638 χοῖς,
379 2566 474 2619 καὶ
502 2565 668 2637 μέρος
697 2565 756 2617 ἓν
781 2566 861 2629 είς
888 2564 988 2637 τὴν
1023 2566 1350 2636 φιλοξενίαν,
1390 2568 1487 2622 καὶ
1523 2568 1587 2622 τὸ
1613 2567 1795 2641 τρίτον

203 2661 376 2730 μέρος
411 2657 493 2721 είς
526 2656 627 2728 τὴν
657 2655 845 2729 χρείαν
888 2657 1067 2728 ἡμῶν.
1116 2659 1233 2729 Ἀφ’
1267 2653 1327 2714 οὐ
1363 2659 1420 2714 δέ
1464 2659 1657 2714 ἐλαϐον
1695 2660 1796 2736 τὴν

203 2747 446 2814 γυναῖκά
503 2764 639 2816 μου,
679 2747 781 2800 οὐκ
822 2746 1089 2820 ἐμιάνθην
1131 2745 1256 2803 οὐτε
1303 2749 1415 2819 ἐγὼ
1456 2750 1583 2804 οὔτε
1621 2751 1796 2826 αὐτὴ,

203 2836 342 2891 ἄλλά
373 2837 645 2908 παρθένος
675 2833 823 2890 ἐστί·
859 2836 956 2891 καὶ
984 2837 1211 2904 ἕκαστος
1253 2837 1410 2911 ἡμῶν
1447 2840 1568 2894 καθ’
1604 2841 1798 2898 ἑαυτὸν

204 2929 494 2985 καθεύδει·
532 2929 632 3001 τὴν
657 2927 714 2983 δέ
750 2927 922 2983 νύκτα
961 2929 1234 3004 φοροῦμεν
1266 2933 1524 3000 σάκκους,
1569 2933 1666 2987 καὶ
1696 2933 1798 3006 τὴν

206 3022 425 3096 ἡμέραν
446 3021 518 3076 τὰ
545 3021 738 3093 ἱμάτια
778 3023 954 3094 ἡμῶν.
994 3023 1139 3088 Ἕως
1177 3023 1302 3096 ἄρτι
1377 3024 1680 3098 ἀνθρώπων
1715 3027 1801 3080 οὐ·

204 3115 317 3180 δεὶς
351 3114 528 3169 ταῦτα
551 3115 809 3184 ἔγνωκεν.
838 3114 947 3169 Καὶ
974 3115 1305 3183 ἀκούσαντες
1325 3117 1665 3191 ἐθαύμασαν,
1699 3118 1796 3174 καὶ

206 3205 565 3277 ἀνεχώρησαν
592 3204 906 3270 δοξάζοντες
930 3203 1022 3259 τὸν
1045 3205 1200 3262 Θεόν.

455 3318 596 3388 Περὶ
624 3319 922 3389 Εὐλογίου
951 3319 1060 3374 τοῦ
1092 3316 1524 3392 πρεσϐυτέρου.

282 3427 545 3499 Εὐλόγιός
594 3445 683 3494 τις
733 3428 983 3502 μαθητὴς
1027 3428 1322 3501 γενόμενος
1369 3429 1464 3484 τοῦ
1525 3429 1798 3504 μακαρίου

220 3521 471 3576 Ἰωάννου
523 3519 620 3575 τοῦ
676 3521 980 3576 ἐπισκόπου
1011 3522 1077 3588 ⁸⁸,
1110 3521 1480 3596 πρεσϐύτερος
1507 3525 1601 3578 καὶ
1623 3524 1800 3595 ἄσκη-

206 3612 308 3684 τὴς
364 3613 560 3684 μέγας,
615 3613 894 3686 νηστεύων
940 3613 1036 3668 δύο
1076 3613 1206 3682 δύο,
1269 3615 1537 3680 πολλάκις
1594 3615 1653 3669 δέ
1703 3614 1799 3670 καὶ

206 3705 308 3774 τὴν
357 3704 633 3775 ἑϐδομάδα
698 3705 906 3772 ἕλκων,
978 3705 1144 3777 ἄρτον
1224 3706 1387 3778 μόνον
1451 3706 1650 3760 ἐσθίων
1703 3705 1801 3761 καὶ

209 3795 368 3860 ἃλας,
411 3797 697 3863 ἐδοξάζετο
748 3797 854 3850 ὑπὸ
901 3797 1012 3850 τῶν
1055 3797 1380 3869 ἀνθρώπων.
1417 3797 1701 3871 Παρέϐαλε
1738 3797 1799 3851 δέ

206 3886 288 3957 τῷ
333 3887 482 3958 esse
534 3887 733 3958 Ἰωσὴφ
783 3890 865 3952 εἰς
919 3888 1020 3960 τὴν
1067 3888 1337 3957 Πανεφὼ,
1387 3889 1704 3962 προσδοκῶν
1746 3905 1800 3944 τι

209 3980 373 4034 πλέον
406 3980 830 4051 σκληραγωγίαν
858 3980 987 4033 ίδετν
1010 3983 1141 4052 παρ’
1167 3980 1336 4052 αὐτῷ.
1372 3982 1483 4036 Καὶ
1505 3981 1800 4054 δεξάμενος

208 4071 374 4123 αὐτὸν
406 4072 435 4126 ί,
460 4071 641 4140 γέρων
667 4069 810 4141 μετὰ
824 4072 1023 4142 χαρᾶς,
1053 4072 1107 4125 εί
1135 4089 1189 4125 τι
1225 4071 1270 4125 δ’
1297 4071 1364 4126 ἂν
1396 4068 1542 4143 εἶχεν
1574 4074 1799 4146 ἐποίησε

209 4162 569 4232 παράκλησιν
607 4162 885 4231 γενέσθαι.
923 4164 1035 4218 Kal
1059 4163 1309 4233 λέγουσιν
1339 4167 1391 4218 oi.
1421 4165 1662 4238 μαθηταὶ
1691 4167 1798 4221 Εὐ-

209 4252 430 4324 λογίου·
481 4255 598 4309 Οὐκ
649 4255 820 4309 ἐσθίει
869 4256 1244 4329 πρεσϐύτερος
1291 4257 1432 4331 πλὴν
1471 4258 1639 4330 ἄρτου
1703 4258 1800 4315 καὶ

209 4345 430 4412 ἄλατος.
485 4348 546 4401 ’0
579 4347 637 4402 δέ
669 4348 845 4414 ὰϐϐἄς
882 4349 1082 4422 Ἰωσὴφ
1134 4351 1356 4406 σιωπῶν
1409 4352 1636 4426 ἐτρωγε.
1688 4354 1800 4409 Kal

207 4441 547 4511 ποιήσαντες
582 4440 799 4512 ἡμέρας
836 4445 1008 4514 τρεῖς,
1048 4443 1150 4497 οὐκ
1180 4443 1421 4515 ἤκουσαν
1451 4445 1632 4500 αὐτῶν
1657 4445 1797 4517 ψαλ-

1894 1932 2320 1994 perscverarunt
2387 1931 2625 1980 orantes
2692 1922 2888 1993 illum;
2938 1939 3039 1980 nec
3095 1925 3268 1981 voluit
3295 1923 3475 1982 eﬂ'ari.

1894 2013 2050 2070 Tunc
2081 2016 2158 2070 illi
2191 2016 2258 2071 ad
2288 2031 2412 2073 eum
2441 2033 2455 2070 :
2489 2015 2632 2072 Deus
2679 2017 2747 2072 ad
2777 2024 2832 2074 te
2870 2017 3021 2074 misit
3051 2032 3173 2075 nos.
3211 2016 3334 2084 Quo
3377 2032 3479 2072 au-

1893 2108 2010 2164 dito
2037 2124 2292 2167 sermone
2318 2111 2570 2175 territus,
2622 2111 2792 2180 cmpit
2843 2109 3069 2167 dicere:
3136 2108 3300 2176 Ecce,
3347 2125 3478 2166 oves

1895 2199 2032 2255 istas
2060 2203 2374 2272 accepimus
2401 2217 2432 2256 a
2470 2203 2792 2273 parentibus
2843 2203 3055 2260 nostris
3082 2219 3096 2268 ;
3126 2213 3181 2259 et
3237 2203 3366 2259 inde
3396 2203 3467 2267 si,

1895 2292 2008 2347 Deo
2046 2302 2426 2364 prosperante,
2472 2295 2784 2365 provenerit
2831 2295 3062 2367 aliquid,
3121 2303 3236 2352 tres
3289 2303 3480 2366 partes

1897 2383 2172 2440 facimus:
2215 2400 2383 2440 unam
2419 2387 2773 2458 pauperibus,
2819 2389 3045 2443 alteram
3079 2387 3147 2443 ad
3195 2387 3482 2456 hospitali-

1895 2482 2084 2541 tatem,
2149 2477 2365 2532 tertiam
2424 2479 2480 2533 in
2539 2495 2675 2536 usus
2741 2487 2980 2537 nostros.
3022 2478 3097 2533 Es
3150 2493 3261 2550 quo
3295 2485 3482 2534 autem

1897 2580 2124 2620 uxorem
2152 2567 2362 2638 accepi,
2398 2581 2501 2622 nec
2535 2568 2782 2639 pollutus
2811 2585 2932 2626 sum
2961 2583 3083 2640 ego,
3110 2583 3212 2624 nec
3241 2567 3355 2632 illa,
3381 2565 3478 2623 sed

1897 2657 2055 2729 virgo
2080 2664 2165 2713 est
2190 2673 2206 2723 ;
2242 2665 2296 2714 et
2323 2673 2573 2714 seorsum
2600 2658 2906 2717 dormimus
2935 2679 2948 2715 :
2992 2667 3159 2715 noctu
3193 2666 3480 2730 gestamus

1898 2746 2102 2812 cilicia,
2137 2748 2203 2803 de
2230 2746 2321 2804 die
2348 2748 2682 2806 vestimenta
2711 2757 2924 2807 nostra.
2971 2748 3268 2821 [lucusque
3327 2763 3480 2804 mor-

1900 2837 2094 2897 talium
2144 2853 2307 2896 nemo
2349 2838 2460 2896 ista
2521 2841 2800 2914 cognovit.
2843 2840 3005 2910 Quod
3057 2849 3352 2914 postquam
3389 2855 3484 2895 au-

1897 2928 2138 2987 diissent
2174 2945 2354 2999 senes,
2391 2931 2646 2990 admirati
2680 2943 2808 2991 sunt
2863 2950 2929 2990 ac
2976 2939 3326 2991 recesserunt
3366 2931 3482 3004 glo-

1899 3024 2039 3081 riam
2068 3025 2270 3084 dantes
2298 3025 2431 3084 Deo.

2290 3305 2304 3312 “
2350 3302 2427 3365 De
2454 3303 2682 3383 Eulogio
2707 3313 3030 3384 presbytero.

1974 3421 2194 3496 (26-27)
2227 3421 2490 3496 Eulogius
2506 3426 2726 3498 quidam
2747 3425 3128 3484 celebrabatur
3146 3427 3216 3484 ab
3248 3427 3486 3486 homini-

1900 3515 2418 3584 bus,beatiJoannis
2429 3519 2670 3592 episcopi
2682 3519 2821 3577 disci
2828 3519 3302 3594 pulus,presbyter
3320 3530 3376 3578 et
3389 3537 3487 3580 asp

1900 3619 2024 3668 aeta
2075 3625 2332 3682 magnus,
2362 3610 2454 3681 qui
2487 3611 2779 3683 jejunahat
2815 3629 2913 3686 per
2939 3614 3126 3678 bidua,
3151 3622 3208 3672 et
3246 3630 3389 3687 saepe
3416 3614 3488 3672 ad

1903 3702 2298 3759 hebdomadem
2334 3718 2510 3774 usque
2536 3705 2792 3762 trahebat
2822 3706 3120 3777 jejunium,
3142 3722 3280 3764 usus
3315 3708 3372 3762 in
3400 3707 3486 3763 ci-

1901 3796 2032 3852 bum
2057 3809 2199 3868 pane
2221 3797 2343 3852 solo
2365 3811 2490 3852 cum
2519 3797 2655 3855 sale.
2679 3797 2730 3854 ls
2767 3799 2919 3856 venit
2939 3800 3010 3854 ad
3040 3799 3296 3856 abbatem
3324 3797 3486 3855 Jose-

1901 3888 2069 3959 phum
2124 3889 2182 3943 in
2233 3887 2536 3960 Pauepho,
2573 3905 2804 3960 sperans
2833 3899 3208 3962 spectaturum
3242 3904 3303 3945 se
3340 3889 3487 3958 apud

1901 3979 2054 4035 illum
2121 3982 2500 4037 austeritatem
2554 3981 2840 4051 majorem.
2898 3979 2967 4035 Et
3019 3979 3329 4052 suscipiens
3357 3995 3485 4037 eum

1902 4088 2026 4128 cum
2057 4072 2259 4145 gaudio
2298 4088 2503 4136 senex,
2545 4071 2813 4142 quidquid
2863 4071 3077 4137 habuit,
3104 4071 3174 4128 ad
3223 4071 3484 4128 solatium

1901 4165 2024 4236 ejus
2055 4165 2343 4234 impendit.
2375 4162 2574 4218 Dicunt
2599 4161 2813 4234 Eulogii
2834 4162 3091 4233 discipuli
3119 4181 3133 4218 :
3164 4162 3285 4220 Non
3307 4178 3487 4220 come.

1899 4256 1980 4312 dit
2009 4256 2296 4328 presbyter
2328 4255 2436 4310 nisi
2472 4269 2669 4327 panem
2697 4261 2752 4310 et
2781 4254 2884 4311 sal.
2923 4253 3110 4312 Abbas
3155 4265 3338 4312 autem
3391 4254 3486 4311 Jo-

1901 4349 2035 4420 seph
2067 4347 2436 4404 manducabat
2467 4346 2694 4402 tacitus.
2730 4345 2982 4418 Cumque
3005 4347 3346 4405 mansissent
3365 4347 3486 4406 dies

1900 4447 2037 4504 tres.
2078 4455 2188 4495 non
2231 4439 2530 4496 audierunt
2549 4454 2646 4497 eos
2665 4439 2962 4512 psallentes
2989 4447 3086 4495 aut
3109 4448 3364 4509 orantes;
3387 4455 3486 4497 oc-

205 4531 414 4586 λόντων
446 4533 479 4605 ἢ
510 4532 821 4605 εὐχομένων
840 4550 856 4568 ο
888 4535 1105 4606 κρυπτὴ
1133 4534 1244 4606 γὰρ
1267 4531 1336 4607 ἦν
1365 4538 1399 4608 ἡ
1431 4538 1663 4611 ἐργασία
1698 4539 1794 4593 αὐ-

1903 4533 2049 4588 culta
2081 4532 2228 4588 enim
2263 4537 2384 4588 erat
2421 4530 2672 4602 operatio
2698 4530 2939 4586 illorum.
2971 4529 3484 4603 Discesseruntigi-

203 4620 340 4678 τῶν.
364 4622 476 4676 Kal
505 4621 732 4693 ἐξῆλθον
771 4623 847 4694 μὴ
885 4621 1277 4694 ὠφεληθέντες.
1315 4624 1453 4677 Κατ’
1479 4625 1796 4696 οἰκονομίαν

201 4711 260 4765 δὲ
284 4711 501 4781 γίνεται
529 4713 752 4782 γνόφος,
779 4714 876 4768 καὶ
899 4713 1263 4785 πλανηθέντες
1282 4715 1630 4788 ὑπέστρεψαν
1659 4717 1798 4790 πρὸς

201 4806 300 4859 τὸν
326 4807 585 4879 γέροντα.
617 4809 729 4863 Kal
763 4808 894 4879 πρὶν
926 4808 1124 4873 αὐτοὺς
1147 4807 1399 4883 κροῦσαι,
1433 4810 1671 4882 ἥκουσαν
1694 4812 1798 4870 αὐ,-

200 4899 314 4951 τῶν
347 4898 665 4968 ψαλλόντων
683 4916 697 4931 ·
736 4901 834 4954 xal
884 4901 1169 4972 μείναντες
1217 4903 1311 4956 ἐπὶ
1364 4901 1522 4967 πολὺ,
1571 4902 1801 4976 ὐστερον

201 4990 500 5061 ξκρουσαν.
538 4993 603 5046 0i
646 4993 703 5046 δέ
748 4994 1131 5065 σιωπήσαντες
1167 4994 1277 5048 άπὸ
1311 4993 1653 5067 ψαλμῳδίας,
1687 4997 1802 5051 ἐδέο

199 5081 370 5147 ξαντο
399 5083 602 5146 αὐτοὺς
629 5083 935 5154 χαίροντες.
959 5085 1071 5138 Kal
1085 5084 1176 5138 διὰ
1195 5085 1289 5140 τὸν
1305 5085 1585 5152 καύσωνα,
1609 5089 1800 5145 ἔϐαλον

194 5175 248 5225 οἱ
303 5173 555 5244 μαθηταὶ
604 5174 870 5244 Εὐλογίου
918 5178 1001 5241 εἰς
1042 5177 1105 5231 τὸ
1152 5176 1444 5248 βαυκάλιον
1483 5180 1662 5252 ὕδωρ,
1704 5184 1800 5237 καὶ

194 5264 419 5318 ἔδωκαν
453 5264 609 5336 αὐτῷ
629 5282 643 5296 ·
667 5261 737 5337 ἦν
771 5266 830 5320 δὲ
874 5267 1217 5338 μεμιγμένον
1255 5267 1356 5338 τῆς
1394 5269 1672 5342 θαλάσσης
1704 5272 1800 5325 καὶ

190 5353 296 5408 τοῦ
340 5356 594 5427 ποταμοῦ
613 5372 628 5387 ο
661 5357 758 5411 καὶ
787 5358 892 5411 οὐκ
919 5357 1159 5428 ἠδυνήθη
1185 5361 1350 5414 πιείν.
1391 5360 1499 5414 Kal
1533 5363 1590 5414 ἐν
1621 5362 1800 5434 ἐαυτῷ

191 5446 526 5518 γενόμενος,
561 5447 874 5521 προσέπεσε
905 5448 984 5521 τῷ
1021 5448 1240 5521 γέροντι
1273 5451 1467 5522 μαθεῖν
1501 5452 1674 5508 θέλων
1699 5455 1800 5527 τὴν

1902 4631 2027 4690 tur,
2075 4624 2286 4680 nullum
2340 4621 2524 4694 adepti
2572 4624 2771 4679 anima:
2809 4622 3259 4680 emolumentum.
3311 4621 3484 4679 Porro

1905 4715 2317 4788 dispensatione
2357 4714 2454 4772 Dei
2505 4723 2628 4772 orta
2663 4721 2751 4771 est
2788 4714 3003 4786 caligo;
3049 4729 3116 4770 ac
3146 4713 3358 4785 evagati
3389 4729 3483 4772 re-

1906 4809 2050 4868 versi
2073 4817 2205 4867 sunt
2232 4809 2301 4866 ad
2327 4822 2539 4865 senem.
2563 4805 2835 4878 Priusque
2861 4819 3027 4878 quam
3059 4804 3366 4878 pulsarent,
3390 4821 3487 4861 au-

1906 4903 2127 4960 dierunt
2154 4917 2252 4959 eos
2289 4901 2548 4973 psallere;
2593 4907 2828 4969 postque
2877 4897 3200 4954 diuturnum
3242 4905 3486 4967 tempus,
3553 4911 3565 4918 "

1906 4995 2268 5066 pulsaverunt
2302 4993 2526 5049 iterum.
2587 4989 2658 5045 At
2693 4988 2772 5044 illi
2822 4988 3044 5046 silentio
3082 4997 3207 5059 post
3244 4987 3486 5060 psalmo-
3538 4977 3552 5050 2

1901 5083 2050 5139 diam
2092 5083 2257 5147 facto.
2290 5081 2400 5139 laeti
2429 5085 2798 5152 susceperunt
2819 5093 2938 5136 eos.
2977 5077 3116 5134 Tum
3147 5075 3362 5149 Eulogii
3403 5073 3486 5128 dio
3542 5091 3552 5151 5

1902 5177 2096 5250 scipuli
2124 5186 2346 5249 propter
2359 5182 2552 5231 aestum
2576 5173 2923 5230 immiserunt
2941 5185 3138 5243 aquam
3161 5170 3218 5226 in
3235 5168 3484 5231 baucale.

1907 5284 1971 5325 ac
2001 5269 2275 5326 dederunt
2296 5269 2347 5325 ei
2375 5285 2390 5334 ;
2421 5277 2540 5324 erat
2571 5276 2755 5322 autem
2789 5279 2928 5336 aqua
2956 5264 3222 5335 permista
3249 5261 3319 5319 de
3347 5261 3485 5318 mari

1906 5371 1960 5418 et
1983 5360 2252 5417 ﬂumine:
2293 5374 2395 5416 nec
2433 5358 2612 5431 potuit
2652 5357 2860 5414 bibere.
2899 5355 3056 5411 Tunc
3094 5353 3353 5426 Eulogius
3394 5367 3486 5408 se-

1906 5469 2029 5510 cum
2065 5462 2353 5523 reputaus,
2387 5449 2622 5522 procidit
2669 5448 2810 5513 seni,
2853 5459 2935 5504 ut
2966 5448 3204 5504 disceret
3239 5446 3486 5516 ipsorum

268 5608 323 5640 “
352 5605 446 5661 AI.
481 5605 547 5660 τδ
577 5605 798 5679 μέτρον.
879 5610 922 5641 ⁸⁷
959 5609 1045 5664 Al.
1075 5609 1266 5680 αὐτῆς.
1343 5611 1386 5642 ⁸³
1419 5610 1504 5665 AI.
1536 5613 1984 5686 ἀρχιεπισκόπου.

258 5769 508 5842 (εδ-ετ)
545 5767 649 5824 γει.
685 5767 839 5823 Patr.
881 5783 1002 5831 v'n.
1043 5770 1096 5824 ι.

537 5861 817 5922 ΡΑτιιοι..
847 5859 968 5920 Gn.
1008 5859 1200 5926 LXV.
