3982 6336
440 410 442 412 ·
505 383 603 442 1⁸11

1633 373 1980 430 APPENDIX
2019 374 2109 430 AD
2148 372 2568 429 PALLADIUM.
3657 373 3740 430 {72

507 497 726 554 vivendi
750 493 1045 562 rationem,
1103 489 1353 563 dixitque
1375 511 1402 547 ":
1431 491 1606 557 ‘Abba,
1648 491 1778 563 quid
1825 503 1908 549 cst
1954 493 2083 548 hoc‘!

2196 493 2476 564 διαγωγὴν
2507 490 2693 553 αὑτοῦ,
2731 490 2936 560 λέγων·
2983 490 3172 555 Ἀϐϐᾶ,
3222 490 3278 543 τί
3307 489 3425 543 ἐστι
3453 486 3636 559 τοῦτος
3671 495 3744 546 ὅτι

504 591 676 646 Antea
697 604 806 644 non
835 587 1176 659 psallebatis,
1213 587 1309 643 sed
1336 584 1499 641 mo'do
1541 593 1828 656 postquam
1879 587 2083 656 egressi

2196 585 2248 638 τὸ
2283 585 2502 656 πρῶτον
2533 584 2634 636 οὐκ
2669 583 2948 654 ὲψάλλετε,
2977 583 3113 638 ἀλλά
3142 582 3238 636 νῦν
3279 583 3414 654 μετά
3443 582 3504 636 τὸ
3537 582 3744 650 ἐξελθεῖν

508 682 714 738 fuimus
741 699 754 735 :
781 686 836 734 et
868 679 1081 736 baucali
1109 693 1258 734 nunc
1284 685 1528 748 sumpto,
1558 690 1755 746 aquam
1784 675 1962 730 inveni
1987 676 2089 730 sal-

506 791 646 833 sam.
681 772 989 844 Respondit
1041 787 1210 828 senex
1247 769 1484 826 :Frater
1523 772 1756 828 stolidus
1785 782 1888 838 est,
1926 781 2088 843 atque

502 882 574 922 ex
602 879 790 920 errore
818 862 1140 934 permiscuit
1168 876 1364 932 aquam
1401 863 1692 918 marinam.
1718 861 1979 934 Eulogius
2005 878 2089 918 ve-

504 972 568 1011 ro
619 955 847 1028 rogabat
879 971 1086 1022 senem,
1125 954 1352 1025 cupiens
1397 954 1479 1010 rei
1524 957 1806 1012 veritatem
1853 956 2084 1012 discere.

509 1048 650 1103 Dicit
696 1049 747 1104 ei
793 1063 1010 1104 senex:
1055 1047 1149 1102 Ille
1179 1063 1380 1117 parvus
1425 1047 1537 1102 vini
1586 1048 1750 1113 calix,
1802 1048 2088 1109 cbaritatis

504 1135 651 1202 fuit;
681 1138 799 1194 haec
827 1153 959 1194 vero
986 1152 1147 1208 aqua,
1195 1145 1360 1207 potus
1387 1145 1472 1192 est
1502 1136 1730 1192 fratrum
1773 1147 2084 1209 perpetuus.

512 1231 690 1301 Atque
727 1231 914 1286 docuit
941 1246 1066 1286 eum
1103 1229 1486 1286 discretionem
1523 1232 1946 1301 cogitationum;
1993 1232 2089 1286 ab-

515 1321 787 1392 sciditque
837 1321 908 1376 ab
948 1321 1066 1391 ipso
1116 1321 1350 1375 humana
1388 1321 1590 1374 omnia.
1631 1321 1768 1376 Tum
1819 1321 1990 1376 evasit
2033 1321 2088 1375 in

513 1416 816 1470 oeconomia
848 1431 944 1472 seu
978 1414 1396 1485 dispensatione
1438 1416 1649 1484 peritus
1685 1433 1696 1468 :
1729 1429 1794 1470 ac
1835 1414 2088 1484 deinceps

512 1505 831 1561 comedebat
861 1504 1127 1576 quidquid
1160 1503 1264 1573 ipsi
1294 1503 1690 1574 apponebatur.
1723 1503 1922 1559 Didicit
1945 1504 2090 1574 pari-

511 1604 615 1658 ter,
652 1596 765 1667 ipse
800 1612 1015 1668 quoque
1045 1595 1260 1667 operari
1309 1594 1364 1650 in
1405 1596 1642 1650 occulto.
1676 1594 1916 1651 Tandem
1972 1597 2088 1650 seni

512 1686 825 1754 afﬁrmavit,
861 1707 1044 1746 veram
1088 1707 1212 1746 esse
1261 1705 1324 1746 ac
1354 1689 1578 1744 minime
1614 1687 1863 1744 fallacem
1895 1704 2087 1745 eorum

514 1784 906 1854 operationem.

1005 1893 1081 1947 De
1108 1893 1298 1946 abbate
1323 1891 1606 1961 Euprepio.

586 1985 638 2038 I.
669 1984 814 2039 Dixit
841 1985 1009 2042 abbas
1035 1985 1343 2056 Euprepius
1375 2004 1390 2041 :
1427 1987 1624 2042 Certus
1660 1987 1804 2057 apud
1841 1999 1893 2045 te
1919 1989 2088 2045 Deum

516 2075 728 2129 ﬁdelem
771 2089 894 2130 esse
923 2090 987 2130 ac
1014 2084 1317 2146 potentem,
1349 2077 1404 2130 in
1443 2077 1593 2131 illum
1629 2078 1810 2142 crede,
1841 2087 1894 2133 et
1917 2079 2087 2149 parti-

511 2180 640 2236 ceps
667 2165 764 2222 lies
791 2181 981 2222 eorum
1008 2184 1129 2238 quae
1153 2169 1303 2224 illius
1336 2175 1486 2223 sunt.
1519 2168 1679 2234 Quod
1705 2169 1752 2224 si
1784 2170 1970 2226 animo
1995 2173 2089 2228 tle--

509 2254 717 2324 jiceris,
749 2272 1093 2328 nequaquam
1131 2258 1336 2316 credis.
1370 2259 1502 2314 Item
1541 2278 1553 2314 :
1581 2259 1783 2317 Omnes
1815 2261 2089 2318 credimus

511 2360 635 2400 eum
673 2355 944 2414 potentem
976 2362 1122 2411 esse,
1158 2355 1212 2403 et
1239 2357 1438 2402 cuncta
1473 2348 1575 2418 ipsi
1615 2364 1741 2404 esse
1777 2351 2086 2419 possibilia.

511 2432 710 2490 Verum
738 2435 849 2492 tuis
870 2452 1088 2507 quoque
1123 2439 1176 2493 in
1210 2439 1377 2495 rebus
1394 2441 1556 2497 crede
1611 2440 1712 2506 illi,
1752 2440 1878 2510 quia
1924 2441 2087 2496 etiam

514 2526 571 2580 in
611 2532 666 2580 te
696 2527 808 2580 edit
841 2528 1020 2596 signa.

577 2619 633 2674 2.
669 2619 782 2689 (28)
821 2618 965 2675 Idem
999 2635 1123 2675 cum
1163 2622 1517 2693 diriperetur,
1551 2639 1657 2678 una
1684 2638 1807 2678 cum
1848 2623 2089 2694 direpto—

509 2705 663 2762 ribus
726 2708 933 2778 deiecta
994 2709 1226 2764 levabat.
1279 2711 1414 2765 Cum
1467 2719 1649 2767 autem
1711 2720 2089 2782 asportassent

509 2815 629 2870 quae
658 2801 807 2857 intus
849 2809 1008 2858 erant
1063 2805 1278 2874 posita,
1325 2812 1382 2860 et
1432 2805 1784 2876 reliquissent
1832 2805 2086 2860 baculum

508 2907 690 2957 suum,
722 2900 782 2946 ut
808 2892 961 2948 illum
998 2895 1284 2964 conspexit
1338 2895 1510 2951 abbas
1540 2895 1869 2967 Euprepius,
1917 2896 2088 2953 mole-

507 2981 613 3036 stia
641 2981 866 3037 ali'ectus
895 2991 1007 3049 est;
1033 2989 1085 3038 et
1114 2984 1412 3054 accipiens,
1433 2988 1676 3040 cucurrit
1703 2997 1822 3057 post
1839 3002 1934 3041 eos
1959 2987 2086 3042 red--

507 3070 670 3126 dendi
703 3072 905 3126 animo.
940 3073 1052 3128 Illis
1081 3088 1206 3129 vero
1234 3075 1556 3132 nolentibus
1591 3092 1829 3142 sumere,
1855 3092 1918 3132 ac
1943 3079 2086 3132 veri-

508 3162 580 3218 tis
603 3177 669 3217 ne
691 3161 822 3232 quid
849 3162 1162 3227 accidisset,
1197 3164 1468 3235 quosdam
1501 3165 1806 3232 offendens,
1825 3169 2002 3223 oravit
2025 3177 2083 3223 ut
2112 3201 2153 3259 α

508 3255 634 3325 quia
657 3253 798 3308 idem
826 3255 928 3309 iter
958 3256 1308 3326 peragebant,
1339 3257 1594 3313 baculum
1629 3259 1938 3315 redderent.

577 3344 630 3398 5.
665 3343 877 3398 Dictum
908 3351 994 3400 est
1019 3345 1232 3402 abbatis
1262 3345 1518 3418 Euprepii
1553 3349 1928 3419 :Corporalia,
1963 3366 2083 3406 ma-

510 3436 643 3492 teria
687 3443 835 3492 sunt.
877 3436 982 3503 Qui
1015 3437 1192 3510 diligit
1236 3439 1521 3505 mundum,
1561 3427 1888 3497 on‘endicula
1915 3450 2079 3498 amat.

509 3528 566 3584 Si
598 3544 728 3601 ergo
777 3530 1070 3602 contigerit
1114 3541 1173 3586 ut
1203 3534 1520 3591 amittamus
1550 3533 1779 3606 aliquid,
1812 3550 1924 3590 rem
1957 3551 2080 3590 cum

506 3620 705 3691 gaudio
733 3633 786 3678 et
818 3622 997 3679 laudis
1039 3623 1391 3681 confessione
1447 3626 1697 3698 accipere
1744 3635 1989 3699 Oportet,
2021 3635 2081 3681 ut

507 3713 598 3783 qui
632 3715 782 3770 curis
813 3715 1028 3772 liberati
1051 3717 1339 3774 fuerimus;

575 3805 629 3859 4.
666 3805 857 3862 Frater
886 3808 1134 3865 abbatem
1159 3808 1489 3881 Euprepium
1534 3811 1891 3880 interrogavit
1915 3810 1983 3866 de
2006 3811 2082 3864 vi-

506 3903 580 3953 ta.
629 3897 696 3954 Et
742 3900 1023 3971 respondit
1070 3916 1237 3957 senex
1284 3921 1297 3957 :
1334 3900 1540 3958 Fenum
1585 3903 1839 3969 comede,
1895 3903 2078 3958 fenum

507 3997 680 4061 gesta,
712 3991 767 4046 in
817 3991 945 4047 feno
996 3992 1194 4047 dormi.
1230 3991 1345 4048 Hoc
1375 4001 1481 4058 est,
1531 4000 1820 4050 contemne
1858 4003 2077 4058 cuncta,

506 4096 602 4134 cor
640 4089 819 4136 autem
849 4082 1039 4138 obtine
1068 4082 1326 4139 ferreum.

575 4169 630 4222 Β.
667 4168 858 4225 Frater
904 4172 1262 4242 interrogavit
1294 4174 1545 4230 eumdem
1581 4190 1794 4238 senem.
1830 4177 2018 4233 dicens
2059 4196 2073 4231 :

504 4255 626 4323 Quo
663 4266 827 4326 pacto
860 4258 1082 4312 advenit
1115 4261 1277 4316 timor
1301 4262 1392 4318 Dei
1418 4265 1470 4318 in
1504 4266 1864 4321 animam?Et
1889 4268 1960 4322 ait
1994 4282 2080 4323 se-

505 4361 607 4401 nex
643 4365 658 4402 :
695 4345 752 4400 Si
800 4344 966 4401 homo
996 4348 1250 4404 habuerit
1297 4351 1680 4422 humilitatem,
1716 4359 1851 4413 nihil
1885 4374 2078 4428 posse-

506 4438 666 4503 derit,
699 4451 798 4492 nec
831 4438 1177 4508 judicaverit,
1203 4440 1383 4497 veniet
1416 4442 1470 4496 in
1498 4457 1620 4498 eum
1650 4447 1815 4501 timor
1853 4447 1965 4505 Dei.

475 4636 480 4650 ι
575 4613 630 4668 6.
658 4613 802 4669 Idem
833 4612 974 4668 dixit
1009 4633 1022 4670 :
1049 4613 1238 4670 Timor
1264 4629 1388 4670 cum
1420 4615 1727 4673 humilitate
1754 4627 1807 4675 et
1827 4620 2072 4678 ciborum

503 4707 829 4778 indigentia,
862 4705 1140 4778 luctuque,
1181 4716 1488 4779 perseveret
1518 4716 1716 4766 tecum.

465 4783 473 4861 έ
575 4794 628 4851 7.
669 4795 730 4852 In
781 4796 1056 4867 principio
1097 4812 1199 4853 suo
1245 4799 1414 4856 abbas
1465 4798 1768 4871 Euprepius
1814 4805 1965 4860 venit
2008 4808 2076 4863 ad

469 4894 475 4902 ’
501 4887 792 4956 quemdam
813 4902 1001 4944 senem
1029 4905 1046 4954 ;
1075 4889 1164 4943 cui
1194 4889 1331 4945 dixit
1355 4909 1368 4945 :
1404 4891 1781 4963 Abba,profer
1804 4895 1935 4952 mihi
1961 4913 2077 4954 ser-

438 5038 440 5040 ,
501 4991 744 5044 munem,
794 4979 1076 5048 quomodo
1110 4982 1295 5036 salvus
1324 4981 1471 5040 ﬁam.
1523 4982 1866 5057 Respondit:
1906 4988 1965 5044 Si
1991 4990 2076 5048 vis

499 5069 732 5125 salutem
784 5072 1074 5142 consequi,
1113 5087 1239 5128 cum
1275 5074 1480 5132 invises
1514 5077 1772 5148 aliquem,
1810 5094 1881 5135 ne
1917 5090 2074 5138 ante-

494 5168 681 5216 vertas
707 5162 856 5232 loqui
891 5170 1019 5218 ante
1042 5179 1206 5234 quam
1227 5164 1537 5236 inquisierit
1564 5183 1597 5223 a
1628 5176 1700 5226 te.
1737 5171 1828 5227 Ille
1849 5187 1980 5228 vero
2005 5174 2074 5230 ad

497 5246 556 5304 id
584 5249 733 5304 verbi
764 5260 1153 5326 compunctus,
1198 5254 1484 5313 inclinavit
1525 5273 1586 5315 se
1612 5262 1828 5317 veniam
1859 5273 2070 5333 petens,

496 5337 743 5408 dixitque
776 5358 790 5395 :
819 5341 982 5399 Certe
997 5345 1200 5402 multos
1233 5346 1336 5417 legi
1361 5347 1550 5416 libros,
1586 5350 1853 5420 ejusmodi
1883 5363 2068 5411 tamen

496 5428 901 5489 institutionem
933 5437 1178 5492 nondum
1199 5440 1448 5509 cognovi.
1481 5440 1658 5513 Atque
1683 5444 1914 5503 utilitate
1939 5460 2068 5516 per-

495 5529 650 5592 cepta
680 5538 936 5595 egressus
965 5534 1071 5582 est.

565 5634 610 5666 "
637 5635 720 5691 Al.
748 5641 1237 5707 συγκαταϐατικός.

535 5797 547 5809 ο
571 5725 772 5809 βὸῌττ
802 5727 960 5809 Joan.
1001 5730 1188 5809 Geotn.
1224 5734 1427 5793 Parad.
1457 5755 1535 5808 ep.
1583 5741 1682 5806 88;
1735 5743 1934 5803 Raderi
1969 5746 2060 5803 γε.

495 5797 636 5867 rid.;
665 5796 791 5853 νὴ.
827 5799 972 5855 Patr.
1005 5819 1078 5870 vr,
1107 5804 1158 5860 9.

2188 677 2338 748 ἡμᾶς
2358 693 2371 707 ’
2399 676 2493 729 καὶ
2514 675 2577 728 τὸ
2609 675 2900 746 βαυκάλιον
2925 675 2982 730 δὲ
3011 674 3106 728 νῦν
3129 673 3332 740 λαϐὼν,
3355 668 3513 745 εὗρον
3538 674 3598 728 τὸ
3619 674 3744 748 ὕδωρ

2190 766 2456 839 ἁλμυρόν.
2509 765 2671 834 Λέγει
2710 764 2860 837 αὐτῷ
2900 767 2928 819 6
2967 765 3175 834 γέρων·
3236 766 3294 818 '0
3335 765 3562 834 ἀδελφὸς
3609 767 3746 831 σαλός

2188 857 2328 922 ἐστι,
2357 857 2452 910 καὶ
2480 855 2621 909 κατά
2651 855 2860 926 πλάνην
2893 855 3082 926 ἔμιξεν
3112 855 3245 909 αὐτὸ
3278 855 3588 913 θαλάσσιον.
3623 857 3673 911 ’0
3696 857 3746 911 δὲ

2188 949 2448 1018 Εὐλόγιος
2478 949 2779 1020 παρεκάλει
2817 949 2910 1003 τὸν
2946 948 3200 1020 γέροντα,
3233 949 3401 1002 θέλων
3448 950 3634 1021 μαθεῖν
3659 951 3747 1022 τὴν

2187 1040 2464 1112 ἀλήθειαν.
2506 1041 2618 1094 Καὶ
2655 1040 2808 1109 λέγει
2844 1041 2994 1112 αύτῷ
3021 1043 3049 1094 6
3078 1041 3294 1115 γέρων·
3330 1041 3542 1096 Ἐκεῖνο
3581 1042 3637 1095 τὸ
3664 1061 3744 1114 μι-

2153 1143 2158 1146 “
2188 1134 2322 1204 κρδν
2352 1135 2611 1206 ποτήριον
2650 1133 2744 1186 τοῦ
2772 1133 2940 1199 οἴνου,
2985 1134 3087 1203 τῆς
3124 1135 3346 1206 ἀγάπης
3374 1131 3476 1206 ἦν’
3508 1136 3657 1190 τοῦτο
3695 1139 3745 1190 δὲ

2187 1225 2250 1279 τὸ
2272 1225 2437 1298 ὕδωρ,
2458 1225 2486 1279 6
2514 1225 2762 1279 πίνουσιν
2786 1226 2835 1278 οἱ
2869 1226 3091 1294 ἀδελφοὶ
3117 1225 3430 1290 διαπαντός.
3467 1226 3570 1281 Καὶ
3596 1228 3747 1282 ἐδίδα-

2191 1315 2280 1382 ξεν
2317 1317 2480 1370 αὑτὸν
2510 1317 2610 1389 τὴν
2650 1315 2928 1387 διάκρισιν
2971 1315 3081 1369 τῶν
3105 1316 3403 1387 λογισμῶν,
3447 1317 3542 1371 καὶ
3575 1319 3750 1386 ἔκοψεν

2191 1408 2285 1461 ἀπ’
2313 1408 2476 1463 αὐτοῦ
2507 1409 2683 1463 πάντα
2707 1409 2774 1462 τὰ
2804 1406 3141 1480 ἀνθρώπινα.
3181 1409 3292 1462 Καὶ
3317 1409 3542 1478 γέγονεν
3563 1411 3750 1463 οἱκονοο

2194 1502 2353 1574 μικός
2377 1502 2421 1533 θ’
2455 1501 2567 1572 (29)
2589 1517 2603 1532 ⁶
2639 1500 2733 1554 καὶ
2768 1501 2954 1554 λοιπὸν
2983 1501 3138 1572 ἤσθιε
3172 1501 3348 1554 πάντα
3377 1501 3444 1555 τά
3478 1502 3755 1572 παρατιθέ-

2195 1611 2353 1665 μενα,
2380 1594 2475 1647 καὶ
2491 1591 2660 1664 ἔμαθε
2691 1593 2784 1647 καὶ
2804 1593 2966 1656 αὐτὸς
2989 1595 3047 1646 ἐν
3069 1592 3148 1663 τῷ
3169 1592 3395 1665 κρυπτῷ
3421 1593 3755 1665 ἐργάξεσθαι,

2192 1685 2291 1738 καὶ
2324 1680 2443 1738 εἷπε
2470 1684 2548 1756 τῷ
2580 1684 2827 1758 γέροντιο
2866 1685 3071 1748 Ὄντως
3101 1685 3159 1736 ὲν
3187 1683 3414 1756 ἀληθείᾳ
3441 1684 3640 1756 ἐστὶνή
3674 1686 3759 1758 ἑρ-

2190 1776 2357 1844 γασία
2384 1776 2560 1848 ὑμῶν.

2553 1887 2696 1956 Περὶ
2733 1887 2839 1941 τοῦ
2866 1885 3015 1941 ἀϐϐᾱ
3051 1886 3414 1954 Εὐπρεπίου.

2262 1987 2329 2033 α’.
2377 1979 2544 2033 Εἶπεν
2575 1982 2602 2032 6
2639 1979 2810 2043 ἀϐϐᾶς
2860 1979 3202 2050 Εύπρέπιος·
3244 1980 3443 2049 Ἔχων,
3484 1979 3661 2050 φησὶν,
3702 1980 3757 2030 ἐν

2191 2071 2390 2142 ἑαυτῷ,
2439 2068 2579 2125 εἶναι
2623 2072 2812 2125 πιστὸν
2841 2071 2932 2125 τὸν
2961 2072 3090 2124 Θεὸν
3127 2073 3220 2124 καὶ
3259 2072 3504 2136 δυνατὸν,
3550 2073 3758 2125 πίστευε

2193 2163 2273 2227 είς
2306 2162 2487 2228 αὐτὸν,
2521 2164 2615 2216 καὶ
2655 2162 2901 2234 μεθέξεις
2930 2162 3037 2214 τῶν
3065 2161 3253 2217 αὐτοῦ.
3291 2163 3354 2216 Et
3376 2164 3433 2216 δὲ
3463 2163 3760 2236 ὀλιγωρεῖς,

2190 2255 2251 2307 ού
2302 2256 2604 2318 πιστεύεις.
2654 2255 2765 2311 Καὶ
2811 2255 2893 2307 ὃτι
2932 2254 3133 2318 πάντες
3179 2253 3506 2325 πιστεύομεν
3550 2255 3764 2308 δυνατὸν

2192 2345 2357 2398 αὑτὸν
2391 2343 2552 2408 εἶναι,
2604 2343 2698 2398 καὶ
2730 2344 3061 2416 πιστεύομεν
3107 2347 3190 2398 ὅτι
3237 2346 3415 2399 πάντα
3455 2345 3602 2414 αὐτῷ
3652 2349 3763 2401 ἐστι

2197 2437 2418 2494 δυνατά.
2461 2435 2622 2490 Ἀλλά
2645 2437 2740 2491 καὶ
2770 2439 2828 2490 ὲν
2853 2439 2965 2501 τοῖς
2991 2440 3103 2500 σοῖς
3129 2438 3349 2491 πίστευε
3379 2441 3436 2492 ὲν
3463 2438 3610 2509 αὐτῷ
3629 2441 3765 2511 πρά-

2189 2544 2411 2598 γμασιν,
2444 2527 2522 2581 ὅτι
2555 2529 2650 2581 καὶ
2676 2530 2735 2582 ἐν
2769 2529 2852 2581 σοὶ
2881 2531 3023 2581 ποιεί
3053 2531 3272 2600 σημεῖα.

2261 2617 2323 2688 β’.
2375 2619 2432 2672 '0
2462 2618 2623 2682 αὐτὸς
2649 2619 2980 2690 συλούμενος
3040 2621 3349 2693 συνεπῆρεν
3384 2621 3589 2685 αὐτοῖς.
3611 2622 3765 2676 Μετὰ

2188 2710 2245 2763 δὲ
2274 2710 2334 2766 τὸ
2366 2711 2744 2777 ἀποϐαστάξαι
2774 2713 2972 2775 αὐτοὺς
2995 2711 3064 2766 τὰ
3079 2711 3225 2766 ἔνδον
3248 2714 3498 2785 κείμενα,
3527 2716 3768 2768 καταλει-

2188 2801 2412 2872 ψάντων
2443 2803 2625 2857 αὐτῶν
2653 2804 2752 2874 τὴν
2803 2803 2999 2875 ῥάϐδον
3028 2804 3245 2870 ἑαυτοῦ,
3275 2804 3349 2869 ῶς
3376 2806 3577 2878 ταύτην
3610 2805 3767 2859 ὲθεὲι⁹

2191 2908 2323 2944 σατο
2353 2893 2381 2944 6
2404 2891 2578 2954 ἀϐϐἄς
2613 2892 2948 2964 Εὑπρέπιος,
2983 2893 3256 2963 ἠχθέσθη·
3304 2894 3399 2948 καλ⁸
3437 2893 3617 2948 λαϐὼν
3670 2898 3768 2948 ἐττ-

2188 2983 2397 3054 έτρεχε,
2431 2982 2751 3054 βουλόμενος
2793 2983 3105 3037 ἀποδοῦναι.
3135 2984 3255 3036 Τῶν
3291 2985 3346 3038 δὲ
3392 2985 3466 3056 μὴ
3508 2984 3769 3039 θελόντων

2186 3074 2457 3141 δέξασθαι,
2491 3075 2629 3127 ἀλλά
2653 3075 2906 3129 δεδιότων
2934 3076 3008 3147 μὴ
3038 3075 3146 3147 ἄρα
3185 3093 3238 3128 τι
3269 3078 3515 3145 γέγονεν,
3547 3094 3771 3148 περιτυ-

2187 3165 2297 3234 χών
2318 3183 2449 3232 τισι,
2475 3165 2626 3236 ἠξίου
2653 3166 2980 3238 ἀποδοθῆναι
2998 3168 3063 3220 δι’
3093 3167 3273 3221 αὐτῶν
3303 3167 3520 3237 ῥάϐδον,
3546 3169 3646 3241 τὴν
3669 3171 3772 3222 αύ-

2186 3258 2284 3330 τὴν
2319 3259 2614 3312 ὁδευόντων
2636 3259 2779 3312 ὁδόν.

2249 3360 2320 3422 γ’.
2380 3349 2549 3407 Εἶπεν
2587 3356 2614 3407 6
2647 3355 2822 3418 ἀϐϐᾶς
2866 3355 3198 3426 Εύπρέπιος,
3231 3356 3314 3409 ὅτι
3361 3357 3429 3409 τὰ
3478 3357 3776 3428 σωματικά

2186 3445 2282 3515 ὖλη
2327 3445 2484 3500 εἰσιν.
2533 3445 2590 3498 '0
2621 3446 2852 3514 ἀγαπῶν
2895 3447 2988 3500 τὸν
3026 3447 3230 3518 κόσμον
3262 3449 3452 3518 ἀγαπᾷ
3486 3448 3773 3519 προσκόμα

2188 3549 2356 3602 ματα.
2409 3532 2589 3605 Εἴπερ
2624 3529 2718 3588 οὖν
2754 3535 2937 3606 συμϐῇ
2971 3536 3025 3588 τί
3071 3554 3204 3590 ποτε
3249 3538 3571 3601 ἀπολέσθαι,
3610 3538 3776 3590 τοῦτο

2186 3624 2325 3694 μετά
2367 3627 2545 3697 χαρᾶς
2591 3626 2686 3679 καὶ
2735 3624 3183 3700 ὲξομολογήσεως
3234 3629 3483 3701 δέχεσθαι
3537 3629 3638 3692 δεῖ,
3695 3629 3778 3692 ὡς

2184 3717 2484 3785 φροντίδων
2511 3715 2946 3784 ἀπαλλαγέντας.

2251 3809 2313 3861 δ’.
2376 3808 2628 3876 Ἀδελφὸς
2674 3809 2930 3879 ἠρώτησε
2965 3810 3056 3864 τὸν
3087 3812 3260 3867 ἀϐϐᾶν
3291 3815 3605 3887 Εύπρέπιον
3637 3822 3781 3890 περὶ

2183 3899 2349 3971 ζωῆς.
2402 3901 2512 3954 Καὶ
2555 3898 2708 3955 εἶπεν
2755 3904 2784 3954 6
2836 3902 3049 3972 γέρων*
3088 3905 3294 3976 Χόρτον
3350 3908 3510 3977 φάγε,
3574 3910 3781 3981 χόρτον

2182 3993 2432 4062 φόρεσον,
2464 3995 2544 4058 εἰς
2576 3994 2769 4066 χόρτον
2798 3995 3017 4066 κοιμοῦ,
3048 3997 3323 4065 τουτέστι,
3357 4001 3574 4056 πάντων
3594 4020 3782 4057 κατα-

2181 4082 2389 4153 φρόνει,
2422 4084 2522 4155 τὴν
2555 4083 2610 4137 δὲ
2647 4085 2876 4156 καρδίαν
2899 4085 3136 4158 κέκτησο
3164 4088 3407 4159 σιδηρᾶν.

2259 4181 2321 4226 ε’.
2383 4175 2636 4245 Ἀδελφδς
2678 4176 2930 4248 ἠρώτησε
2956 4177 3046 4232 τὸν
3075 4179 3235 4234 αὑτὸν
3273 4180 3522 4252 γέροντα.
3556 4183 3782 4253 λέγων’

2185 4264 2309 4326 Πῶς
2343 4264 2560 4336 ἔρχεται
2593 4267 2624 4319 6
2650 4267 2816 4335 φόϐος
2859 4266 2955 4320 τοῦ
2995 4268 3130 4322 Θεοῦ
3174 4271 3256 4334 εἰς
3282 4271 3381 4341 τὴν
3407 4271 3622 4344 ψυχήνς
3661 4276 3786 4328 Rat

2179 4351 2332 4408 εἶπεν
2363 4360 2391 4410 6
2420 4357 2598 4428 γέρων
2617 4372 2632 4386 ·
2670 4357 2797 4410 Ἐὰν
2835 4358 2934 4432 ἔχῃ
2964 4359 3253 4432 ἄνθρωπος
3279 4363 3378 4433 τὴν
3407 4363 3782 4428 ταπείνωσιν,

2179 4449 2273 4502 καὶ
2311 4449 2409 4518 τὴν
2447 4449 2858 4521 ἀκτημοσύνην,
2905 4453 3002 4506 καὶ
3034 4453 3096 4507 τὸ
3147 4453 3224 4525 μὴ
3269 4457 3499 4527 κρίνειν,
3541 4456 3785 4529 ἔρχεται

2109 4537 2154 4592 D
2185 4537 2334 4609 αὐτῷ
2361 4542 2389 4593 6
2419 4538 2581 4608 φόϐος
2606 4540 2700 4593 τοῦ
2731 4541 2890 4598 Θεοῦ.

2250 4639 2324 4696 ς’.
2374 4633 2433 4684 Ὀ
2479 4632 2641 4696 αὐτὸς
2670 4629 2820 4687 εἷπε·
2851 4635 3018 4699 Φόϐος
3045 4640 3140 4692 καὶ
3171 4637 3517 4704 ταπείνωσις,
3544 4639 3646 4694 καὶ
3699 4641 3792 4694 ἕν-

2177 4723 2556 4794 δειαντροφῶν,
2586 4725 2682 4777 καὶ
2712 4724 2904 4790 πένθος
2927 4727 3230 4799 διαμενέτω
3258 4745 3359 4784 σοι.

2238 4813 2304 4878 ζ’.
2360 4814 2678 4885 Παρέϐαλεν
2716 4817 2775 4870 ὲν
2803 4817 2945 4889 ἀρχῇ
2992 4818 3162 4872 αὐτοῦ
3190 4821 3219 4873 6
3247 4820 3419 4885 ἀϐσᾶς
3446 4824 3798 4897 Εύπρέπιός

2176 4922 2284 4959 τινι
2311 4905 2546 4978 γέροντι,
2579 4907 2674 4961 καὶ
2701 4907 2850 4977 λέγει
2883 4909 3054 4980 αὐτῷ’
3103 4911 3293 4977 Ἀϐϐἄ,
3321 4914 3444 4967 είπέ
3471 4933 3564 4987 μοι
3606 4917 3802 4986 λόγων

2180 4996 2297 5062 πῶς
2328 4997 2510 5054 σωθῶ.
2557 5001 2616 5053 ’0
2649 5001 2704 5053 δὲ
2726 4997 2880 5057 εἶπεν
2913 5002 3096 5075 αὐτῷ·
3138 5005 3265 5059 Ἐὰν
3307 5005 3791 5081 Θέλῃςσωθῆναε,

2177 5089 2306 5145 ὅταν
2350 5091 2676 5164 παραϐάλῃς
2720 5095 2847 5157 τινὶ,
2906 5095 2981 5167 μὴ
3030 5097 3308 5172 προλάϐῃς
3355 5101 3588 5173 λαλῆσαι
3635 5107 3800 5176 πρὶν

2177 5181 2424 5247 ἐξετάσει
2466 5201 2548 5238 σε.
2593 5184 2650 5238 '0
2676 5185 2732 5239 δὲ
2773 5187 2864 5240 ἐπὶ
2909 5187 2988 5258 τῷ
3029 5187 3172 5262 λόγῳ
3201 5189 3528 5262 κατανυγεὶς
3605 5195 3801 5250 ἔϐαλε

2181 5274 2506 5344 μετάνοιαν,
2543 5275 2752 5344 λέγων’
2797 5278 3009 5345 Ὄντως
3053 5282 3223 5336 πολλά
3262 5283 3442 5353 βιϐλία
3493 5285 3800 5355 ἀνέγνων,

2177 5367 2272 5420 καὶ
2327 5368 2584 5439 τοιαύτην
2630 5371 2879 5426 παιδείαν
2919 5374 3132 5431 οὐδέπω
3175 5376 3370 5447 ἔγνων.
3423 5380 3533 5433 Καὶ
3591 5380 3804 5436 πολλὰ

2175 5456 2476 5528 ὠφεληθεὶς
2507 5459 2760 5533 ὲξῆλθεν.ὶ

2204 5745 2356 5839 J2?)
2371 5751 2793 5839 ρίκργομικός,
2814 5755 3086 5839 Pelagius,
3106 5765 3424 5832 communis,
3440 5779 3502 5821 ac
3523 5763 3575 5821 si
3612 5781 3812 5839 rvpe—

2173 5827 2334 5874 risset
2364 5830 2646 5887 exaratum
2677 5827 3005 5890 κοινωνικός.
