3994 6336
229 385 342 450 1⁸13

607 501 747 571 Περὶ
785 499 893 556 τοῦ
937 499 1088 557 ἀσόᾶ
1138 500 1441 557 Ἐλαδίου.

304 623 377 673 α’.
401 613 632 686 Ἔλεγον
645 614 777 686 περὶ
797 613 889 668 τοῦ
910 613 1056 669 assa
1087 614 1327 669 Ἐλαδίου
1345 615 1435 682 ⁸⁸⁸,
1459 616 1541 670 ότι
1559 616 1817 687 ἐποίησεν

233 711 406 767 εἰκοσι
459 707 558 779 ἐτη
606 707 688 770 εἰς
728 704 801 760 τὰ
850 705 1078 772 Κελλια,
1110 708 1206 762 καὶ
1233 707 1334 762 οὐκ
1379 702 1485 780 ἦρέ
1526 724 1659 763 ποτε
1692 708 1825 772 τοὺς

232 802 548 874 ὀφθαλμοὺς
581 800 716 864 ἄνω,
745 799 871 855 ἰδεῖν
901 800 1001 873 τὴν
1032 800 1231 871 στέγην
1262 800 1365 871 τῆς
1391 800 1707 873 ἐκκλησίας.

306 896 373 968 β’.
423 894 655 963 Ἔλεγον
702 894 833 966 περὶ
870 893 966 949 τοῦ
1012 892 1178 948 αὑτοῦ
1234 893 1380 949 ἀϐϐᾶ
1436 893 1701 959 Ἐλαδίου,
1739 895 1822 949 δτι

236 989 403 1061 ἄρτον
443 987 543 1042 καὶ
592 985 732 1049 ἃλας
774 985 985 1057 ἢσθιεν.
1030 986 1159 1039 Ὅτε
1206 980 1300 1040 οὖν
1335 982 1467 1057 ἦλθε
1497 986 1561 1041 τὸ
1605 986 1820 1059 Πάσχα.

238 1081 451 1149 ἔλεγεν,
478 1079 564 1133 ὅτι
597 1077 663 1133 οι
692 1077 913 1147 ἀδελφοὶ
926 1076 1091 1149 ἄρτον
1120 1077 1215 1132 καὶ
1239 1077 1374 1141 ἃλας
1390 1077 1688 1132 ἐσθίουσιν
1713 1075 1826 1147 ἐγὼ

206 1173 301 1257 εδδ
347 1170 582 1241 ὥρειλον
624 1169 821 1241 μικρὸν
865 1168 1037 1224 κόπον
1086 1169 1313 1241 ποιῆσαι
1356 1168 1446 1223 διὰ
1490 1168 1553 1223 τὸ
1611 1169 1823 1239 Πάσχα.

251 1261 473 1333 Ἐπειδὴ
497 1261 598 1325 τὰς
624 1260 791 1325 ἄλλας
815 1261 1031 1332 ἡμέρας
1059 1260 1373 1333 καθήμενος
1396 1260 1564 1316 ἐσθίω
1581 1278 1597 1291 ’
1626 1261 1721 1315 νῦν
1745 1262 1828 1317 ότι

240 1356 435 1426 Πάσχα
467 1353 610 1418 ἐστὶ,
643 1353 859 1423 ποιήσω
879 1352 972 1405 τὸν
1006 1351 1196 1419 κόπον,
1227 1351 1515 1423 ἱστάμενος
1540 1350 1752 1407 ἐσθίων.

620 1532 762 1602 Περὶ
796 1531 906 1586 τοῦ
935 1523 1088 1587 ἀϐὄᾶ
1122 1532 1442 1603 Εὐαγιοίου.

309 1655 383 1704 α’.
426 1641 606 1703 Εἶπεν
627 1647 660 1701 δ
680 1645 856 1711 Md;
883 1645 1156 1718 Εὐάγριος
1176 1661 1192 1677 °
1229 1644 1611 1717 Καθεζόμενος
1657 1649 1716 1702 ὲν
1754 1646 1833 1719 τῷ

242 1739 462 1812 “me,
482 1738 763 1809 συνάγαγε
783 1755 878 1795 σου
897 1738 990 1793 τὸν
1002 1738 1265 1809 λογισμόν
1281 1754 1297 1770 ο
1318 1737 1588 1810 μνήσθητι
1621 1740 1835 1813 ἡμέρας

1408 380 2024 441 APOPllTllEGMATA
2066 382 2378 441 PATEiUM.

1796 556 1799 569 ι
1848 515 1903 575 Δ

3409 391 3513 447 174

2446 501 2524 557 De
2544 502 2731 559 abbate
2764 503 2981 562 Efadio.

1994 615 2045 669 i.
2090 615 2202 688 (30)
2231 615 2464 672 Aiebam
2495 615 2563 672 de
2606 616 2800 674 abbate
2830 617 3040 687 Eladio,
3085 620 3357 679 mansisse
3387 637 3512 679 eum

1922 723 2097 765 annos
2117 707 2309 780 viginti
2336 709 2391 764 in
2420 707 2603 773 Collis,
2649 724 2751 766 nec
2788 708 3082 769 sustulisse
3114 727 3354 785 unquam
3386 730 3514 771 ocu-

1923 800 2007 856 los
2033 801 2089 855 in
2112 800 2306 869 altum,
2334 810 2394 857 ut
2427 801 2677 858 ecclesia:
2701 810 2905 860 tectum
2925 806 3410 876 contemplaretur.

1994 891 2050 947 2.
2078 890 2157 949 De
2183 892 2374 949 eodem
2396 892 2592 950 abbate
2624 892 2814 951 Eladio
2841 894 3170 963 retulerunt,
3203 899 3347 968 quod
3373 913 3513 969 pano

1926 991 1981 1040 et
2027 983 2142 1040 sale
2183 995 2516 1042 vescerctur.
2542 987 2677 1042 Cum
2719 1000 2852 1058 ergo
2900 988 3141 1044 venisset
3171 986 3402 1054 Pascha,
3430 989 3515 1045 di-

1927 1075 2086 1133 cebat
2122 1094 2138 1132 :
2177 1075 2399 1135 Fratres
2438 1093 2633 1150 panem
2672 1086 2728 1135 et
2769 1079 2850 1134 sal
2881 1079 3216 1136 comedunt:
3248 1095 3350 1153 ego
3379 1096 3516 1139 vero

1928 1174 2154 1237 propter
2196 1166 2430 1233 Pascha,
2460 1168 2633 1225 debeo
2681 1169 2931 1226 nonnihil
2964 1169 3173 1226 laboris
3205 1171 3517 1243 suscipere.

1928 1256 2382 1329 Quandoquidem
2414 1259 2537 1313 aliis
2564 1258 2759 1315 diebus
2798 1260 2996 1316 sedens
3020 1261 3295 1317 manduco
3323 1280 3338 1318 :
3370 1278 3520 1320 nunc

1930 1349 2057 1419 quia
2091 1347 2299 1405 Pascha
2328 1360 2432 1417 est,
2468 1351 2679 1407 navabo
2705 1363 2952 1422 operam,
2993 1362 3047 1407 et
3068 1351 3124 1407 in
3164 1351 3334 1423 pedes
3361 1361 3519 1410 stans

1932 1439 2240 1495 comedam.

2432 1552 2506 1609 De
2540 1554 2728 1610 abbate
2768 1554 3019 1627 Evagrio.

2006 1663 2195 1736 1.(51)
2222 1662 2363 1720 Dixit
2397 1665 2569 1721 abbas
2593 1666 2861 1738 Evagrius
2892 1664 3070 1724 :Cum
3084 1667 3245 1727 sedes
3268 1669 3325 1751 in
3360 1673 3518 1739 cella,

1935 1756 2131 1827 collige
2159 1765 2397 1812 mentem
2429 1763 2617 1824 tuam;
2669 1764 2945 1813 memento
2977 1760 3089 1816 diei
3122 1764 3354 1830 mortis;
3388 1771 3522 1820 tunc

244 1831 512 1886 θανάτου·
548 1829 628 1884 ἴδε
654 1829 776 1883 τότε
806 1827 902 1884 τοῦ
926 1827 1179 1900 σώματος
1204 1829 1306 1901 τὴν
1334 1829 1602 1901 νέκρωσιν
1620 1847 1632 1859 ·
1665 1832 1831 1886 ἐννόει

1946 1850 2060 1906 vide
2084 1849 2333 1921 corporis
2373 1848 2889 1909 mortificationem:
2919 1853 3101 1923 cogita
3130 1827 3520 1922 calamitatem;

244 1920 343 1994 τὴν
389 1922 707 1992 συμφοράνο
744 1920 877 1974 λαόὲ
907 1920 1003 1975 τὸν
1050 1919 1212 1974 πόνον
1233 1937 1246 1950 ·
1279 1919 1594 1989 κατάγνωθι
1631 1920 1733 1993 τῆς
1773 1925 1831 1977 ὲν

1946 1940 2175 1995 laborem
2205 1953 2459 2007 assume;
2487 1938 2790 1996 condemna
2819 1910 3117 1999 vanitatem
3151 1944 3378 2012 mundi;
3408 1910 3523 2016 quo

246 2014 321 2087 τῷ
361 2014 558 2085 κόσμῳ
607 2013 1004 2085 ματαιότητος·
1054 2011 1209 2078 ὅπως
1253 2011 1491 2084 δυνηθῇς
1542 2012 1835 2079 διαπαντὸς

250 2108 436 2178 μένειν
463 2107 524 2160 ὲν
551 2109 619 2178 τῇ
651 2104 911 2178 προθέσει
938 2106 1036 2176 τῆς
1073 2104 1331 2177 ἡσυχίας,
1364 2106 1460 2160 καὶ
1497 2106 1573 2178 μὴ
1606 2106 1836 2179 ἀσθενή-

251 2213 370 2271 οῃς.
425 2197 718 2268 Μνήσθητι
749 2196 808 2250 δὲ
840 2196 934 2250 καὶ
962 2196 1067 2268 τῆς
1097 2198 1156 2252 ὲν
1183 2197 1266 2266 τῷ
1289 2196 1393 2273 ᾅδῃ
1425 2196 1522 2252 νῦν
1561 2199 1837 2254 καταστά-

249 2310 423 2357 σεως·
452 2292 671 2361 λογίζου
704 2292 766 2345 τὸ
806 2291 925 2356 πῶς
967 2293 1107 2347 εἰσιν
1145 2293 1263 2346 ἐκεῖ
1295 2293 1353 2345 αἱ
1389 2290 1579 2365 ψυχαὶ,
1609 2291 1669 2346 ὲν
1709 2289 1840 2362 ποίᾳ

248 2385 532 2458 δεινοτάτῃ
560 2385 767 2455 σιωπῇ,
803 2384 864 2437 ὲν
893 2382 1036 2454 ποίῳ
1061 2382 1381 2455 πικροτάτῳ
1408 2380 1722 2452 στεναγμῷ,
1745 2380 1841 2434 καὶ

250 2474 465 2547 πηλίκῳ
504 2474 656 2546 φόϐῳ
685 2476 782 2530 καὶ
818 2474 991 2545 ἀγῶνι
1024 2475 1121 2531 καὶ
1148 2474 1480 2547 προσδοκίᾳ’
1528 2474 1628 2545 τὴν
1659 2472 1840 2530 ἄπαυ-

253 2582 376 2620 στον
415 2564 635 2638 ὀδύνην,
690 2564 753 2619 τὸ
790 2564 1020 2636 ψυχικὸν
1076 2565 1171 2618 καὶ
1224 2564 1531 2637 ἀπέραντον
1581 2563 1837 2634 δάκρυον.

265 2657 426 2712 Ἀλλά
448 2659 548 2712 καὶ
572 2658 786 2730 ἡμέρας
815 2656 1169 2722 ἀναστάσεως
1202 2656 1493 2729 μνήσθητι,
1526 2657 1622 2710 καὶ
1663 2672 1843 2727 παρα-

256 2750 499 2814 στάσεως
526 2750 628 2821 τῆς
663 2750 803 2819 πρὸς
835 2750 926 2805 τὸν
975 2750 1110 2804 Θεόν
1131 2765 1147 2783 ·
1177 2749 1452 2819 φαντάζου
1474 2749 1537 2803 τὸ
1570 2747 1845 2821 φρικῶδες

254 2844 349 2899 καὶ
386 2843 623 2914 φοϐερὸν
662 2844 841 2896 έκεῖνο
872 2843 1068 2914 κρῖμα.
1109 2843 1244 2911 Ἀγε
1283 2843 1362 2905 εἰς
1396 2840 1559 2913 μέσον
1597 2841 1666 2895 τὰ
1703 2840 1844 2893 ἀπο-

255 2934 486 3007 κείμενα
513 2936 628 2998 τοῖς
662 2934 1092 3006 ἁμαρτάνουσιν,
1127 2933 1392 3005 αἰσχύνην
1429 2933 1529 3005 τὴν
1584 2933 1703 2987 κατ’
1761 2933 1847 2985 ἐν-

264 3028 441 3085 ώπιον
460 3028 559 3083 τοῦ
582 3029 718 3084 Θεοῦ
748 3030 844 3084 καὶ
865 3031 1113 3099 ἀγγέλων
1134 3033 1228 3085 καὶ
1242 3030 1595 3103 ἀρχαγγέλων
1608 3030 1700 3084 καὶ
1713 3030 1848 3084 πάν·

256 3135 363 3175 των
409 3120 742 3192 ἀνθρώπων,
787 3120 1036 3174 τουτέστι
1077 3120 1434 3193 κολαστήρια,
1470 3120 1581 3191 πῦρ
1609 3118 1845 3186 αἰώνιον,

1938 2030 2120 2102 possis
2143 2045 2366 2087 manere
2390 2045 2606 2101 semper
2637 2029 2694 2086 in
2735 2032 2935 2103 quietae
2962 2033 3088 2091 vita:
3114 2035 3395 2107 proposito
3421 2051 3526 2093 nec

1937 2125 1995 2179 in
2020 2121 2392 2179 infirmitatem
2418 2122 2649 2179 incidas.
2687 2121 2897 2179 Memor
2938 2139 3159 2196 quoque
3187 2130 3307 2183 esto
3343 2133 3519 2183 status

1938 2215 2224 2287 prasentis
2265 2216 2321 2271 in
2372 2214 2587 2273 inferno
2620 2234 2636 2271 :
2689 2223 2881 2288 reputa
2907 2217 3367 2288 quemadmodum
3400 2220 3516 2276 illic

1940 2305 2142 2377 degant
2178 2307 2396 2374 animae,
2448 2307 2505 2361 in
2532 2321 2644 2377 quo
2696 2307 3020 2379 gravissimo
3059 2309 3300 2375 silentio,
3336 2310 3392 2366 in
3413 2326 3523 2382 quo

1942 2397 2286 2453 amarissimo
2310 2397 2537 2469 gemitu,
2568 2398 2624 2452 in
2654 2399 2804 2468 quali
2831 2402 3050 2464 timore,
3083 2401 3404 2465 certamine,
3428 2416 3525 2459 ex-

1943 2490 2318 2561 spectatione;
2348 2498 2542 2561 reputa
2580 2505 2863 2562 nunquam
2884 2491 3227 2548 desinentem
3255 2490 3524 2559 dolorem,

1943 2584 2216 2656 lacrymas
2238 2583 2438 2638 anima:
2461 2597 2666 2654 easque
2691 2582 3091 2641 interminatas.
3127 2583 3235 2639 Sed
3265 2594 3319 2639 et
3341 2598 3529 2641 recor-

1946 2674 2075 2729 dare
2097 2673 2204 2729 diei
2243 2673 2689 2738 resurrectionis,
2721 2687 2785 2727 ac
2816 2672 3169 2728 exhibitionis
3202 2672 3270 2727 ad
3301 2672 3470 2729 Deum
3507 2692 3524 2728 :
3550 2716 3561 2723 .

1947 2762 2249 2834 imaginare
2279 2761 2543 2817 horribile
2588 2761 3043 2831 tremendumque
3073 2761 3207 2817 illud
3232 2761 3526 2832 judicium.

1950 2853 2144 2910 Profer
2172 2853 2228 2908 in
2260 2851 2499 2908 medium
2533 2867 2656 2924 quae
2684 2851 2926 2923 reposita
2961 2859 3091 2907 sunt
3122 2854 3526 2922 peccatoribus,

1950 2946 2305 3019 ignominiam
2334 2959 2518 3001 coram
2562 2942 2694 3009 Deo,
2720 2944 2949 3015 angelis,
2984 2942 3343 3015 archangelis,
3393 2961 3531 2999 cun-

1950 3037 2054 3093 ctis
2076 3035 2426 3103 hominibus;
2450 3035 2744 3106 supplicia,
2766 3035 2946 3105 ignem
2965 3035 3381 3105 sempiternum,
3408 3048 3532 3089 ver-

1953 3143 2097 3185 mem
2153 3141 2433 3199 nunquam
2484 3126 2872 3192 dormientem,
2908 3133 3198 3192 tartarum,
3254 3126 3530 3191 tenebras,

262 3212 523 3284 σκώληκα
569 3212 661 3267 τὸν
697 3212 1023 3284 ἀκοίμητον,
1058 3212 1151 3267 τὸν
1189 3213 1482 3284 τάρταρον,
1525 3211 1585 3264 τὸ
1636 3210 1826 3274 σκότος

1961 3219 2254 3275 stridorem
2289 3217 2562 3282 dentium,
2588 3225 2851 3282 terrores,
2884 3225 3176 3273 tormenta.
3213 3217 3406 3274 Profer
3434 3233 3532 3290 pa-

257 3307 347 3360 τδν
369 3307 482 3360 τῶν
509 3306 739 3359 ὀδόντων
770 3304 1037 3376 βρυγμδν,
1061 3307 1188 3369 τοὺς
1211 3305 1409 3375 φόϐους
1434 3304 1531 3358 καὶ
1556 3304 1656 3368 τὰς
1683 3302 1831 3375 βασά·

1957 3310 2092 3363 riter
2114 3307 2281 3378 justis
2311 3308 2455 3363 bona
2478 3307 2740 3377 reposita,
2776 3306 3030 3362 fiduciam
3052 3322 3178 3364 cum
3212 3306 3323 3363 Deo
3352 3306 3533 3375 Patre,

260 3418 401 3463 νους.
430 3401 569 3469 Ἀγε
595 3398 659 3470 δὴ
684 3398 776 3452 καὶ
797 3397 864 3451 τά
884 3400 1000 3462 τοῖς
1020 3398 1251 3462 δικαίοις
1282 3397 1623 3468 ἀποκείμενα
1648 3394 1826 3465 ἁγαθά

1957 3407 2013 3454 et
2049 3397 2272 3454 Christo
2308 3398 2450 3468 ejus,
2493 3398 2723 3469 angelis.
2770 3396 3134 3469 archangelis,
3179 3406 3382 3453 cuncto
3411 3413 3529 3454 san-

262 3492 579 3571 παόέῃσίαν
599 3491 699 3562 τὴν
733 3489 871 3562 μετὰ
896 3489 1034 3544 Θεοῦ
1054 3490 1273 3562 Πατρός
1290 3489 1384 3543 καὶ
1404 3488 1641 3561 Χριστοῦ
1662 3485 1827 3541 αὑτοῦ

1958 3498 2172 3545 ctorum
2200 3495 2370 3553 ctetu,
2395 3503 2622 3560 regnum
2641 3488 2928 3556 caelorum,
2953 3489 3184 3560 ejusque
3210 3488 3374 3553 dona,
3398 3504 3523 3556 κους

261 3586 511 3654 ἀγγέλων
553 3583 650 3637 καὶ
697 3582 1086 3655 ἀρχαγγέλων,
1136 3582 1231 3636 καὶ
1284 3580 1486 3646 παντὸς
1524 3580 1698 3653 δήμου
1744 3580 1831 3661 τῶτ

1961 3581 2114 3636 dium
2150 3581 2379 3652 ejusque
2407 3580 2763 3650 voluptatem.
2793 3577 3003 3636 Horum
3032 3587 3394 3652 utrorumque
3423 3596 3540 3638 me—

264 3678 458 3747 ἁγίων,
496 3675 780 3748 βασιλείαν
811 3675 1082 3749 οὐρανῶν,
1106 3675 1203 3729 καὶ
1234 3674 1303 3728 τὰ
1325 3673 1527 3746 ταύτης
1556 3673 1831 3743 δωρήματι

1963 3672 2193 3727 moriam
2232 3669 2409 3727 adduc
2433 3670 2489 3725 in
2523 3677 2762 3726 mentem
2797 3678 2980 3737 tuam;
3010 3683 3073 3726 ac
3097 3670 3165 3725 de
3188 3680 3539 3742 peccatorum

262 3769 357 3840 τὴν
394 3769 578 3841 χαρὰν
629 3770 728 3822 καὶ
775 3768 874 3837 τὴν
906 3768 1115 3839 ταύτης
1152 3766 1477 3820 ἀπόλαυσιν.
1538 3764 1831 3836 Ἑκατέρωπ

1960 3762 2179 3834 quidem
2205 3762 2433 3834 judicio,
2470 3760 2560 3826 fle,
2602 3762 2747 3833 iuge,
2772 3762 2979 3819 veritus
3021 3778 3089 3819 ne
3120 3769 3179 3817 tu
3206 3779 3422 3835 quoque
3456 3763 3543 3818 in-

262 3860 467 3915 τούτων
490 3859 592 3932 τὴν
622 3863 844 3932 μνήμην
872 3860 972 3929 ἆγε
1009 3858 1251 3931 σεαυτῷ’
1276 3858 1371 3914 καὶ
1394 3858 1491 3912 ἐπὶ
1523 3857 1623 3928 μὲν
1647 3857 1714 3927 τῇ
1744 3855 1831 3909 στῶ1

1959 3864 2044 3909 ter
2088 3854 2210 3910 illos
2239 3856 2551 3921 consistas;
2597 3853 2665 3909 de
2691 3855 2760 3908 iis
2788 3869 2920 3910 vero
2951 3861 3071 3924 qua:
3120 3857 3359 3924 reposita
3411 3861 3541 3909 sunt

263 3949 608 4023 ἁμαρτωλῶν
638 3950 820 4021 κρίσει
852 3949 1146 4021 δάκρυσον,
1184 3949 1477 4020 πένθησον,
1515 3946 1831 4018 φοϐούμενοι

1955 3947 2142 4016 justis.
2170 3947 2347 4018 gaude
2364 3961 2429 4002 ac
2446 3946 2648 4001 laetare.
2675 3945 2853 4016 Atque
2876 3954 2989 3998 tum
3014 3944 3099 3999 his
3124 3943 3229 3998 frui
3252 3943 3541 4006 contende,

267 4043 339 4118 μὴ
378 4045 477 4100 καὶ
509 4045 576 4098 σὺ
603 4044 769 4108 αὐτὸς
795 4045 853 4098 ἐν
878 4043 1088 4107 τούτοις
1116 4042 1277 4114 γένῃο
1307 4041 1400 4095 ἐπὶ
1414 4042 1471 4095 δὲ
1496 4043 1610 4104 τοῖς
1631 4039 1831 4093 άποκει·

1961 4047 2075 4094 tum
2116 4043 2184 4095 ab
2218 4040 2328 4096 illis
2368 4054 2492 4096 esse
2544 4038 2777 4094 alienus.
2809 4037 2952 4094 Cave
3008 4052 3076 4093 ne
3109 4050 3373 4107 unquam,
3428 4036 3544 4092 sive

268 4133 454 4203 μένοις
481 4134 599 4198 τοῖς
632 4132 888 4196 δικαίοις,
918 4134 1076 4206 χαῖρε
1105 4133 1200 4185 καὶ
1234 4130 1553 4203 εὐφραίνου.
1585 4128 1698 4183 Καὶ
1726 4126 1831 4182 τού·

1963 4129 2105 4184 intra
2152 4131 2344 4185 cellam
2379 4139 2525 4184 tuam
2574 4129 2840 4195 resideas,
2876 4130 2992 4185 sive
3032 4135 3186 4184 extra
3236 4127 3334 4192 sis,
3366 4127 3480 4182 haec
3514 4144 3545 4183 ο

262 4240 370 4277 των
404 4223 510 4295 μὲν
546 4222 850 4277 σπούδασον
880 4223 939 4275 ἐν
970 4220 1271 4276 ἀπολαύσει
1300 4219 1580 4290 γενέσθαι,
1627 4219 1724 4272 καὶ
1758 4217 1831 4271 ἀλ·

1966 4224 2229 4277 memoria
2257 4223 2582 4289 elabantur;
2618 4237 2729 4293 quo
2759 4221 2842 4278 vel
2874 4237 2971 4294 per
3001 4220 3115 4278 haac
3142 4220 3331 4277 eadem
3366 4219 3547 4277 sordi-
3603 4274 3607 4278 .

264 4313 618 4388 λοτριοῦσθαι
656 4315 904 4369 ἐκείνων.
962 4315 1108 4388 Ὅρα
1159 4313 1235 4387 μὴ
1276 4313 1510 4386 ἐπιλάϐῃ
1542 4312 1696 4377 ποτὲ,
1751 4309 1831 4365 κᾶε

1965 4313 2065 4369 das
2096 4315 2402 4385 noxiasque
2421 4311 2649 4386 eflugias
2680 4314 3061 4385 cogitationes.

267 4403 412 4458 ἔνδον
439 4404 538 4457 τοῦ
577 4403 791 4458 κελλίου
836 4421 929 4458 σου
973 4404 1267 4478 τυγχάνῃς,
1308 4403 1414 4459 κᾶν
1456 4403 1562 4471 ἔξω
1595 4418 1722 4469 που,
1774 4402 1873 4467 τῦς
1907 4405 1971 4458 ὲκ
2012 4402 2218 4460 τούτων
2266 4405 2517 4477 μνήμης,
2545 4406 2693 4469 ὅπως
2733 4405 2837 4460 κᾶν
2899 4404 2988 4459 διὰ
3031 4403 3257 4468 τούτων,
3293 4402 3421 4466 τοὺς
3452 4404 3548 4475 ῥυ-

268 4498 478 4570 παροὺς
517 4497 614 4551 καὶ
644 4496 945 4570 βλαϐεροὺς
969 4495 1230 4570 διαφεύξῃ
1253 4497 1572 4569 λογισμούς.
2126 4550 2128 4553 ,
2738 4482 2744 4491 ’
3240 4561 3245 4566 γ

333 4592 400 4662 β’.
448 4584 593 4645 Eine
620 4590 784 4647 πάλιν
805 4608 822 4626 ο
856 4592 1043 4647 Κόπτε
1070 4591 1181 4647 τῶν
1213 4592 1425 4648 πολλῶν
1453 4592 1555 4657 τὰς
1604 4592 1818 4666 σχέσεις

2035 4590 2090 4644 2.
2117 4587 2230 4661 (32)
2253 4587 2402 4645 Dixit
2430 4589 2662 4645 iterum:
2689 4587 2962 4644 Abscinde
2978 4587 3268 4641 multorum
3295 4585 3543 4653 affectus;

273 4684 344 4755 μή
386 4701 486 4737 σου
529 4685 560 4738 ό
599 4683 726 4748 νοῦς
769 4684 1155 4756 περιστατικὸς
1191 4684 1449 4757 γένηται,
1498 4684 1593 4739 κοιλ⁸
1629 4683 1723 4738 τὸν
1755 4681 1831 4755 τῆ

1966 4697 2036 4738 ne
2065 4697 2222 4738 mens
2258 4689 2352 4736 tua
2399 4681 2689 4752 aflligatur.
2726 4688 2781 4736 et
2820 4678 3023 4749 quietis
3058 4675 3279 4762 modum
3319 4687 3548 4732 contur-

271 4775 500 4848 ἡσυχίας
522 4775 734 4850 ταράξῃ
760 4776 985 4848 τρόπον.
1966 4772 2074 4828 bet.

336 4864 405 4936 σί.
462 4862 604 4919 Eine
635 4865 802 4921 πάλιν
834 4866 979 4938 μέγα
1005 4867 1102 4939 μὲν
1133 4867 1196 4920 τὸ
1223 4861 1653 4939 ἀπερισπάστως
1685 4881 1831 4937 προσι

2024 4863 2090 4919 3.
2120 4861 2233 4933 (33)
2263 4862 2384 4917 Alia
2403 4861 2647 4933 ejusdem
2686 4856 2959 4915 sententia
2996 4873 3010 4912 :
3048 4853 3302 4927 Magnum
3328 4854 3552 4926 quidem

277 4960 563 5032 εύχεσθαιυ
601 4960 787 5032 μεῖζον
817 4959 875 5014 δὲ
914 4961 1013 5017 καὶ
1044 4961 1105 5016 τὸ
1148 4960 1371 5032 ψάλλειν
1408 4960 1831 5034 ἀπερισπάστως

1964 4960 2070 5019 est,
2103 4968 2263 5009 orare
2281 4953 2399 5009 sine
2422 4950 2813 5018 distractione;
2847 4948 2941 5006 sed
2955 4948 3135 5019 majus
3165 4953 3252 5006 est
3284 4945 3405 5005 sine
3429 4946 3548 5003 dis-

1862 5120 1865 5123 ,
1961 5044 2235 5102 tractione
2265 5045 2519 5118 psallere.
2982 5090 2989 5095 .

341 5141 400 5195 δ’.
453 5134 594 5196 Eine
641 5139 840 5196 πάλινο
871 5141 1138 5215 Μέμνησο
1180 5138 1471 5202 διαπαντὸς
1523 5138 1623 5210 τῆς
1677 5137 1831 5204 έξόδο

2034 5139 2093 5195 4.
2124 5138 2237 5210 ('54)
2271 5138 2465 5194 Adhuc
2481 5136 2618 5193 dixit
2654 5154 2670 5193 :
2711 5133 2941 5207 Semper
2955 5140 3232 5191 memento
3258 5132 3442 5190 exitus
3472 5131 3551 5187 tui

278 5248 386 5296 σου,
426 5232 527 5288 καὶ
565 5235 643 5306 μὴ
662 5233 897 5310 ἐπιλάϐῃ
925 5234 1163 5309 κρίσεως
1185 5230 1406 5290 αἰωνίου
1423 5247 1438 5263 ⁸
1464 5232 1559 5286 καὶ
1582 5232 1682 5286 οὐκ
1707 5229 1831 5285 ἔστα

1966 5246 2030 5285 ex
2070 5230 2174 5286 hac
2202 5232 2337 5298 vita,
2365 5246 2467 5287 nec
2505 5229 2854 5289 obliviscaris
2890 5227 3079 5286 aeterni
3109 5226 3341 5302 judicii;
3372 5242 3552 5303 neque

279 5312 629 5398 πὶημμέλεια
662 5328 719 5380 ὲν
739 5329 807 5400 τῇ
831 5327 977 5400 ψυχῇ
1007 5346 1122 5384 σου.

1968 5322 2072 5399 erit
2100 5321 2360 5379 delictum
2382 5325 2439 5380 in
2466 5323 2648 5379 anima
2678 5330 2792 5379 tua.
2886 5320 2889 5323 ’

349 5499 414 5534 ⁸⁸⁸
442 5502 534 5557 Al.
569 5502 867 5560 Ἑλλαδιου.

349 5678 465 5750 (30)
499 5681 603 5736 Vit.
634 5680 786 5737 Patr.
818 5698 893 5746 tv,
925 5682 1010 5739 16.

351 5750 463 5827 (ξε)
507 5750 611 5827 εἶξε.
644 5750 800 5827 Patr.
840 5769 921 5817 ιιι,
946 5752 1013 5827 Αὸ.

508 5820 615 5878 γει.
658 5818 812 5879 Patr.
849 5839 911 5889 It,
940 5823 993 5878 8.
1025 5821 1086 5878 L.
1121 5824 1159 5892 f.
1193 5823 1246 5876 in
1288 5822 1425 5876 Dula
1466 5839 1519 5876 n.
1555 5820 1611 5876 Ξ.

2043 5680 2157 5752 @3)
2205 5681 2312 5735 Vit.
2351 5679 2500 5752 Patr.
2535 5694 2612 5744 ιι,
2652 5679 2705 5752 9.

2044 5747 2157 5822 (δι)
2212 5752 2312 5805 νει.
2349 5749 2505 5806 Patr.
2547 5764 2624 5816 ιι,
2664 5747 2752 5805 ιθ.
