3994 6336
414 417 523 479 Hii

1550 407 1895 470 APPENDIX
1932 416 1972 469 Δ
1985 408 2024 467 D
2059 410 2476 473 PALLADlUM.

3583 427 3687 486 176

483 543 538 602 5.
573 540 689 614 (35)
721 537 854 596 Item
887 552 906 594 :
940 535 1094 595 Tollo
1123 536 1476 604 tentatlones,
1513 546 1567 594 et
1597 536 1785 594 nullus
1805 537 1993 594 salvus

2167 545 2228 594 ε’.
2280 535 2416 592 Eine
2465 539 2659 594 πάλιν·
2702 541 2946 613 Ἐπαρον
2989 543 3115 608 τοὺς
3171 545 3534 617 πειρασμοὺς,
3590 547 3687 601 καὶ

408 642 539 694 erit.

481 729 536 785 6.
567 726 683 782 Hoc
711 725 872 782 etiam
886 743 916 781 ιι
957 722 1108 780 Dixit
1133 722 1353 796 quidam
1387 738 1417 778 e
1441 721 1697 779 Patribus
1728 742 1742 778 :
1773 721 1995 780 Aridior

407 829 463 876 et
493 835 601 875 non
628 820 915 890 inaequalis
949 820 1132 875 victus
1179 833 1302 874 cum
1335 817 1607 873 ebaritate
1639 816 1992 888 coniunctus,

407 914 520 968 cito
571 911 905 966 monachum
976 909 1190 966 inducit
1257 909 1314 963 in
1374 916 1594 980 portum
1639 907 1997 979 impassibili-

413 1003 565 1059 tatis.

483 1095 532 1148 7.
568 1094 680 1166 (36)
709 1091 912 1150 Factus
951 1101 1037 1150 est
1081 1093 1377 1165 aliquando
1410 1106 1710 1148 consessus
1750 1090 1804 1144 in
1832 1089 1998 1146 Cellis

410 1200 512 1253 pro
541 1185 762 1254 negotio
797 1183 1058 1255 quodam,
1091 1193 1256 1255 atque
1287 1185 1505 1239 locutus
1543 1188 1629 1238 est
1661 1181 1830 1238 abbas
1861 1179 1999 1236 Eva-

411 1277 586 1347 grius.
635 1276 777 1332 Dicit
821 1277 871 1332 ei
914 1276 1208 1348 presbyter,
1242 1295 1256 1330 :
1297 1275 1534 1340 Scimus,
1573 1273 1734 1339 abba,
1774 1272 1922 1344 quod
1951 1275 1998 1327 si

410 1382 564 1424 esses
597 1366 652 1421 in
686 1366 910 1437 regione
935 1372 1057 1432 tua,
1105 1371 1158 1421 et
1198 1364 1494 1435 episcopus
1535 1378 1680 1432 saepe
1714 1370 1770 1418 et
1801 1360 2000 1416 multo-

411 1475 532 1514 rum
554 1466 719 1528 caput
751 1459 1086 1514 constitutus
1124 1456 1360 1522 fuisses;
1389 1470 1537 1510 nunc
1564 1469 1693 1510 vero
1734 1461 1996 1524 tanquam

411 1552 734 1623 peregrinus
757 1551 844 1612 hic
881 1549 1064 1606 sedes.
1090 1549 1186 1604 Ille
1217 1545 1643 1617 eompunctioue
1665 1545 1866 1600 ductus
1889 1558 1998 1600 non

411 1645 667 1700 turbatus
700 1647 810 1704 est,
861 1640 958 1696 sed
1005 1639 1186 1712 capite
1219 1650 1367 1694 moto
1411 1638 1552 1694 dixit
1592 1639 1642 1694 ei
1677 1657 1689 1692 :
1738 1635 1882 1692 Sane
1924 1636 1999 1691 ita

411 1741 517 1798 est,
547 1734 728 1789 Pater.
757 1730 961 1788 Verum
994 1730 1154 1787 semel
1187 1731 1391 1785 locutus
1420 1747 1573 1795 sum;
1601 1739 1651 1784 et
1678 1731 1868 1784 iterum
1895 1745 1999 1783 non

412 1825 666 1894 adjiciam
683 1824 751 1877 "°.

872 1937 950 1992 De
981 1936 1170 1991 abbate
1199 1935 1541 1991 Eudwmonc.

482 2051 559 2107 De
574 2050 770 2106 abbate
790 2047 1103 2120 Paphnutio
1119 2045 1280 2103 Patre
1302 2046 1525 2103 Sceteos
1541 2045 1678 2102 dixit
1697 2044 1873 2100 abbas
1887 2042 1994 2098 Eu-

411 2142 625 2196 da'mon
659 2159 672 2194 :
701 2139 836 2194 Illuc
871 2137 1131 2195 descendi
1175 2138 1417 2209 juvenis,
1466 2154 1568 2194 nec
1611 2138 1862 2209 permisit
1907 2151 1996 2192 me

416 2247 663 2298 manere,
737 2231 928 2286 dicens
979 2229 1047 2285 de
1089 2229 1135 2260 “
1193 2245 1301 2296 me,
1342 2229 1562 2286 Vultum
1609 2229 1856 2285 mulieris
1886 2243 1995 2285 non

413 2323 673 2392 permitto
713 2335 935 2377 manere
966 2320 1021 2376 in
1050 2319 1220 2390 Sceti,
1261 2327 1486 2391 propter
1514 2321 1721 2377 inimici
1757 2322 1992 2379 insulta-

415 2413 635 2468 tionem.

875 2527 1216 2599 Principium
1244 2527 1442 2586 litterae
1465 2527 1524 2584 Z.

932 2639 1010 2696 De
1031 2640 1220 2694 abbate
1246 2638 1476 2696 Zenone.

486 2733 539 2788 Ι.
567 2734 682 2804 (57)
734 2731 879 2789 Dixit
911 2733 1080 2789 abbas
1117 2727 1263 2788 Zeno
1312 2733 1457 2788 beati
1499 2731 1707 2788 Silvani
1751 2731 1996 2804 discipuo

411 2826 500 2880 lus
533 2845 548 2881 :
589 2823 665 2881 Ne
685 2839 907 2880 maneas
949 2825 1004 2879 in
1031 2824 1153 2879 loco
1193 2822 1416 2888 celebri,
1453 2836 1554 2879 nec
1595 2822 1841 2878 resideas
1867 2837 1993 2877 cum

412 2917 632 2973 homine
655 2915 836 2987 magni
867 2915 1128 2979 nominis,
1155 2929 1336 2984 neque
1367 2914 1553 2971 mittas
1577 2911 1992 2970 fundamentum

414 3017 474 3064 ut
503 3009 693 3066 cellam
727 3008 822 3063 tibi
851 3005 1088 3063 aedifices
1125 3005 1439 3077 aliquando.

482 3185 539 3239 2.
575 3182 898 3238 [tetulerunt
919 3180 986 3237 de
1009 3179 1204 3236 abbate
1226 3178 1465 3246 Zenone,
1490 3178 1634 3250 quod
1658 3177 1811 3233 initio
1835 3177 1995 3249 quid-

2095 629 2271 694 οὐδεὶς
2305 633 2333 684 6
2361 632 2690 702 σωζόμενος.

2167 728 2244 788 ς’.
2279 718 2415 776 Elite
2444 723 2622 789 πάλιν,
2659 725 2742 778 ὄτι
2773 725 2968 795 Ἐλεγέ
3014 743 3100 790 τις
3141 725 3249 781 τῶν
3281 729 3573 801 Πατέρωνο
3619 732 3686 786 Ἡ

2096 810 2366 884 ξηροτέρα
2385 814 2478 867 καὶ
2504 815 2551 846 ⁷⁸
2575 813 2862 886 ἀνώμαλος
2879 816 3076 882 δίαιτα,
3095 817 3284 892 ἀγάπῃ
3309 820 3690 890 συζευχθεῖσα,

2099 903 2296 958 θᾶττον
2321 905 2533 974 εἰσάγει
2563 907 2656 962 τὸν
2682 909 2918 980 μοναχὸν
2942 911 3022 973 εἰς
3051 907 3142 962 τὸν
3171 909 3271 979 τῆς
3295 911 3566 976 ἀπαθείας
3603 915 3688 967 λι-

2099 998 2257 1068 μένα.

2164 1089 2230 1155 ζ’.
2276 1090 2528 1161 Ἐγένετό
2563 1111 2694 1149 ποτε
2747 1097 3025 1169 συνέδριον
3057 1100 3140 1163 είς
3179 1098 3246 1154 τὰ
3289 1098 3492 1152 Κελλια
3556 1101 3692 1170 περὶ

2099 1184 2447 1256 πράγματος,
2477 1186 2570 1240 καὶ
2603 1185 2869 1258 ἐλάλησεν
2905 1189 2940 1240 ὁ
2983 1188 3157 1253 ἀϐϐἄς
3190 1190 3481 1262 Εὐάγριος.
3521 1190 3687 1258 Λέγει

2101 1273 2255 1346 αὐτῷ
2304 1277 2334 1329 6
2371 1276 2774 1350 πρεσϐύτεροςο
2815 1279 3072 1351 Οἴδαμεν,
3104 1279 3269 1344 ὰϐϐἄ,
3310 1282 3392 1334 ὅτι
3427 1285 3475 1335 εἰ
3523 1278 3590 1353 ᾖς
3627 1283 3689 1336 ἐν

2097 1367 2162 1437 τῇ
2195 1365 2349 1440 χώρᾳ
2398 1385 2514 1433 σου,
2561 1371 2656 1423 καὶ
2686 1369 2984 1436 ἐπίσκοπος
3032 1373 3294 1437 πολλάκις
3331 1374 3425 1428 καὶ
3473 1375 3692 1446 κεφαλὴ

2102 1458 2313 1514 πολλῶν
2339 1457 2483 1532 εἶχες
2517 1458 2687 1516 εἶναι·
2720 1465 2816 1517 νῦν
2845 1465 2904 1518 δέ
2947 1466 3022 1530 ὡς
3049 1466 3200 1532 ξένος
3229 1466 3435 1540 καθέζῃ
3467 1461 3586 1523 ὦδε.
3625 1469 3687 1523 '0

2098 1548 2156 1603 δέ
2202 1553 2532 1621 κατανυγεὶς
2563 1555 2664 1608 οὐκ
2709 1555 3006 1628 ἐταράχθη,
3033 1556 3169 1612 ἀλλὰ
3200 1560 3433 1630 κινήσας
3464 1561 3563 1631 τὴν
3591 1577 3688 1614 κε-

2103 1635 2299 1712 φαλὴν,
2361 1641 2510 1710 λέγει
2567 1647 2755 1716 αὐτῷ⁸
2821 1647 3058 1715 Ἀληθῶς
3109 1649 3247 1714 ἐστι,
3298 1651 3501 1724 Πάτερ.
3534 1652 3688 1724 Πλὴν

2099 1729 2263 1795 ἅπαξ
2292 1731 2588 1802 ἐλάλησα,
2617 1735 2713 1789 ἐπὶ
2739 1735 2805 1788 δὲ
2837 1736 2916 1800 τῷ
2943 1737 3197 1806 δευτέρῳ
3233 1742 3301 1796 οὐ
3329 1742 3680 1809 προσθήσω.

2450 1936 2592 2005 Περὶ
2619 1938 2727 1992 τοῦ
2762 1937 2912 1994 ἀεϐᾶ
2935 1937 3329 2008 Εὐδαίμονος.

2172 2041 2342 2100 Εῐπεν
2369 2048 2398 2100 6
2425 2048 2600 2114 ἀϐϐἄς
2647 2049 2935 2123 Εὐδαίμων
2971 2049 3215 2122 περὶτοῦ
3255 2049 3399 2103 ἀϐϐἄ
3434 2052 3692 2119 Παφνου-

2099 2139 2218 2194 τίου
2265 2139 2360 2194 τοῦ
2406 2142 2620 2213 Πατρός
2659 2143 2757 2215 τῆς
2807 2145 3085 2216 Σκήτεως,
3117 2144 3199 2198 ὅτι
3242 2143 3526 2213 Κατῆλθον
3571 2146 3696 2199 ἐκεῖ

2100 2229 2387 2303 νεώτερος,
2412 2233 2506 2285 καὶ
2530 2233 2631 2285 οὐκ
2659 2233 2840 2303 ἀφῆκέ
2871 2251 2939 2305 με
2965 2236 3143 2306 μεῖναι
3173 2235 3306 2299 ἐκεῖ,
3330 2233 3506 2303 λέγων
3590 2236 3689 2290 ἐπὶ

2102 2320 2258 2390 ἐμοῦ,
2288 2320 2450 2390 Ὀψιν
2477 2323 2733 2391 γυναικὸς
2756 2324 2856 2378 οὐκ
2881 2325 3027 2395 ἀφιῶ
3059 2327 3238 2396 μεῖναι
3265 2327 3343 2390 είς
3358 2325 3692 2398 Σκῆτιν,διὰ

2101 2411 2193 2467 τὸν
2223 2411 2458 2485 πόλεμον
2492 2413 2586 2468 τοῦ
2615 2415 2833 2487 ἐχθροῦ.

2528 2527 2696 2600 Ἀρχὴ
2720 2527 2815 2583 τοῦ
2861 2530 3128 2601 στοιχείου
3175 2532 3235 2585 Ζ.

2491 2640 2632 2710 Περὶ
2664 2640 2770 2696 τοῦ
2811 2641 2961 2700 ἀϐϐᾶ
2989 2643 3288 2713 Ζήνωνος.

2169 2731 2236 2788 α’.
2275 2733 2441 2792 Εἶπεν
2473 2733 2502 2786 6
2527 2733 2702 2798 ἀϐϐᾶς
2741 2736 2928 2807 Ζήνων
2953 2736 2981 2788 ὁ
3013 2735 3262 2807 μαθητὴς
3283 2735 3376 2790 τοῦ
3411 2736 3692 2809 μακαρίου

2102 2822 2426 2880 Σιλουανοῦ·
2487 2825 2579 2896 Μὴ
2628 2827 2857 2900 οίκήσῃς
2901 2826 2959 2880 ἐν
3004 2827 3154 2899 τόπῳ
3192 2827 3495 2900 ὀνομαστῷ,
3551 2827 3692 2900 μηδὲ

2102 2919 2332 2992 καθίσῃς
2363 2918 2501 2990 μετὰ
2533 2917 2822 2991 ἀνθρώπου
2879 2917 3094 2988 ἔχοντος
3142 2918 3285 2989 μέγα
3318 2918 3508 2990 ὄνομα,
3547 2919 3697 2990 μηδέ

2106 3009 2274 3082 βάλῃς
2312 3007 2560 3080 θεμέλιον
2590 3007 2685 3061 τοῦ
2727 3007 3082 3078 οἰκοδομῆσαι
3119 3007 3297 3079 ἐαυτῷ
3327 3007 3536 3062 κελλίον
3571 3007 3692 3061 πώ-

2103 3120 2257 3264 ποέῗ
2277 3191 2502 3260 ,Ἔλεγον
2535 3189 2776 3261 περὶτοῦ
2803 3189 2948 3244 ἀϐϐᾶ
2972 3186 3243 3278 Ζήνωνος,
3270 3191 3353 3244 ὅτι
3374 3192 3469 3244 ἀπ’
3510 3189 3694 3262 ἀρχῆς

413 3275 562 3346 νὶειηι
594 3290 624 3328 ³
651 3273 908 3344 (ιυοιιίτίηι
944 3271 1164 3328 Ποίθδθί
1189 3271 1459 3341 πείρετε·
1503 3269 1658 3326 unde
1682 3271 1774 3343 (ιυί
1800 3271 1995 3326 επθνθ-
2023 3253 2068 3316 C
2101 3253 2201 3339 obit
2232 3283 2393 3357 ἧθελε
2421 3253 2622 3336 λαϐεῖν.
2643 3281 2795 3354 παρά
2821 3282 2964 3346 τινός
2991 3253 3050 3335 τί,
3083 3258 3240 3335 ἶποτε.
3279 3283 3391 3336 Καὶ
3434 3253 3692 3335 ἐντεῦθέν

414 3368 568 3432 bant,
606 3365 936 3422 recedebant
993 3364 1200 3430 tristes,
1251 3363 1395 3435 quod
1441 3378 1549 3418 non
1592 3363 1883 3434 acciperet.
1929 3362 1997 3418 Et

416 3460 510 3516 alii
543 3459 608 3515 ad
641 3474 765 3515 eum
802 3457 1116 3524 veniebant,
1153 3456 1399 3512 volentes
1433 3457 1700 3527 accipere,
1735 3465 1995 3527 tanquam

418 3569 450 3607 a
478 3567 678 3626 magno
718 3567 868 3618 sene,
922 3566 1025 3607 nec
1076 3549 1312 3606 habebat
1371 3547 1518 3620 quod
1565 3549 1740 3614 daret,
1783 3549 1997 3620 ipsique

426 3645 612 3700 tristes
657 3643 1048 3699 abscedebant.
1077 3641 1169 3697 Ait
1217 3657 1383 3699 senex
1415 3660 1428 3696 :
1461 3640 1602 3708 Quid
1645 3641 1836 3712 agam?
1868 3641 1997 3712 quia

419 3739 817 3793 contristantur
843 3743 953 3809 tam
974 3739 1066 3808 qui
1090 3737 1344 3804 afferunt,
1368 3752 1532 3808 quam
1558 3735 1653 3808 qui
1674 3750 1872 3806 capere
1896 3749 1996 3789 cu-

422 3831 599 3898 piunt.
636 3828 751 3885 Hoc
780 3838 1005 3899 praestat
1050 3849 1064 3885 :
1101 3831 1148 3888 si
1188 3831 1313 3902 quis
1367 3828 1555 3885 aﬂerat
1607 3842 1845 3892 sumam,
1869 3833 1923 3882 et
1949 3826 1997 3882 si

419 3924 544 3994 quis
571 3931 718 3993 petat
743 3922 997 3992 praebebo
1029 3923 1100 3979 ei.
1140 3923 1318 3995 Atque
1361 3922 1434 3975 ita
1481 3919 1709 3986 faciens,
1761 3918 1996 3990 quietem

422 4014 632 4080 habuit,
660 4015 986 4086 cunctisque
1016 4014 1304 4071 satisfecit.

492 4109 546 4163 5.
579 4108 688 4179 ('58)
720 4105 884 4161 Venit
916 4106 1086 4164 frater
1121 4103 1415 4178 [Egyptius
1438 4103 1720 4160 visitatum
1744 4101 1998 4158 abbatem

421 4197 698 4255 Zenonem
725 4199 780 4254 in
817 4197 996 4272 Syria,
1026 4208 1080 4255 et
1113 4198 1414 4255 accusabat
1437 4211 1622 4252 coram
1645 4209 1776 4252 sene
1794 4193 2003 4266 cogita-

423 4292 600 4347 tiones
643 4306 795 4348 suas.
824 4293 922 4347 Ille
967 4305 1097 4346 vero
1142 4289 1444 4347 admiratus
1496 4289 1636 4345 dixit
1684 4285 1996 4360 :IEgyptii,

423 4397 560 4454 quas
582 4383 802 4453 quidem
835 4382 1084 4437 obtinent
1115 4381 1368 4447 virtutes,
1403 4382 1711 4447 occultant;
1740 4395 1879 4450 quos
1902 4392 2002 4432 au~

423 4481 530 4527 tem
555 4487 665 4526 non
690 4472 894 4526 habent
924 4470 1194 4535 defectus,
1227 4483 1325 4524 eos
1371 4477 1638 4524 accusant
1685 4468 1949 4523 continuo
1983 4482 1998 4521 :

2098 3378 2150 3431 oi
2179 3376 2437 3448 φέροντες
2498 3377 2811 3447 ἀπήρχοντο
2855 3374 3209 3446 λυπούμενοι,
3255 3374 3338 3428 ὅτι
3371 3373 3471 3427 οὐκ
3513 3373 3694 3445 ἐλάμ-

2099 3466 2254 3524 ϐανε.
2279 3469 2390 3523 Καὶ
2421 3467 2571 3522 ἄλλοι
2597 3469 2828 3540 ἤρχοντο
2851 3467 2989 3540 πρὸς
3010 3466 3197 3530 αὐτὸν,
3222 3465 3407 3520 λαϐεῖν
3438 3465 3694 3529 θέλοντες

2101 3560 2177 3628 ῶς
2209 3562 2363 3633 παρὰ
2414 3561 2654 3633 μεγάλου
2702 3561 2978 3632 γέροντος,
3019 3561 3112 3613 καὶ
3135 3558 3237 3613 οὐκ
3263 3556 3375 3631 εἶχέ
3407 3577 3459 3612 τι
3498 3557 3693 3613 δοῦναι

2101 3655 2307 3722 αὐτοῖς,
2327 3653 2422 3708 καὶ
2448 3652 2603 3708 αὐτοὶ
2633 3650 2844 3724 ὑπῆγον
2869 3650 3222 3722 λυπούμενοι.
3252 3650 3462 3720 Λέγειὸ
3481 3649 3684 3721 γέρωνο

2100 3745 2166 3798 Τί
2201 3744 2436 3816 ποιήσω,
2473 3743 2557 3796 ὃτι
2597 3741 2694 3796 καὶ
2732 3743 2782 3795 οἱ
2829 3739 3089 3812 φέροντες
3125 3738 3445 3804 λυποῦνται,
3496 3739 3588 3792 καὶ
3632 3739 3689 3792 οε

2099 3837 2286 3890 λαϐεῖν
2316 3835 2596 3901 θέλοντες;
2626 3833 2797 3888 Τοῦτο
2823 3834 3024 3907 μᾶλλον
3063 3835 3353 3906 συμφέρει·
3389 3832 3443 3885 ετ
3471 3847 3554 3895 τις
3584 3831 3690 3902 φέ-

2103 3947 2209 4001 ρει,
2251 3926 2536 3999 λαμϐάνω,
2571 3927 2664 3980 καὶ
2705 3925 2760 3978 εἴ
2796 3943 2880 3990 τις
2918 3927 3061 3980 αἰτεῖ
3098 3927 3326 3999 παρέχω
3360 3923 3528 3996 αὐτῷ.
3573 3923 3693 3977 Καὶ

2098 4019 2273 4086 οὕτως
2303 4020 2540 4093 ποιήσας
2583 4017 2908 4084 ἀνεπαύετο,
2935 4017 3031 4071 καὶ
3061 4016 3270 4080 πάντας
3294 4013 3689 4086 ἐπληροφόρει.

2172 4117 2242 4182 γ’.
2284 4108 2604 4184 Παρέϐαλεν
2632 4107 2860 4179 ἀδελφὸς
2885 4106 3183 4176 Αἰγύπτιος
3209 4106 3286 4177 τῷ
3314 4105 3458 4177 άϐϐᾷ
3477 4106 3691 4176 Ζήνωνι

2101 4202 2181 4268 εἰς
2241 4201 2464 4275 Συρίαν,
2514 4201 2611 4254 καὶ
2663 4199 2961 4271 κατηγόρει
3007 4197 3117 4252 τῶν
3155 4195 3432 4267 λογισμῶν
3489 4194 3688 4249 ἐαυτοῦ

2103 4296 2196 4350 ἐπὶ
2226 4295 2320 4350 τοῦ
2345 4295 2619 4366 γέροντος.
2659 4293 2717 4347 '0
2754 4292 2810 4345 δέ
2850 4290 3139 4363 θαυμάσας
3202 4283 3355 4343 εἶπεν
3375 4305 3390 4321 ο
3424 4288 3491 4342 Ol.
3517 4286 3691 4356 Αίγύ-

2104 4401 2274 4449 πτιοι,
2305 4383 2374 4447 ἃς
2402 4384 2500 4455 μὲν
2522 4382 2739 4454 ἔχουσιν
2774 4381 2999 4454 ἀρετὰς,
3042 4377 3400 4451 κρύπτουσιν,
3439 4374 3476 4431 ἃ
3503 4377 3559 4430 δέ
3583 4379 3692 4431 οὐκ

2115 4473 2330 4546 ἔχουσιν
2371 4471 2749 4542 ἐλαττώματα,
2785 4468 2994 4524 τούτων
3045 4469 3136 4523 ἀεὶ
3168 4466 3592 4540 κατηγοροῦσιν
3634 4468 3692 4521 oi

421 4562 548 4637 Syri
579 4571 762 4619 autem
789 4570 844 4619 ct
874 4559 1073 4629 Graeci,
1104 4575 1244 4632 quas
1271 4560 1492 4632 quidem
1527 4569 1638 4615 non
1665 4557 1870 4614 habent
1890 4559 1997 4614 vir-

2111 4566 2165 4620 δέ
2192 4564 2356 4637 Σύροι
2384 4564 2481 4617 καὶ
2515 4565 2566 4616 οἱ
2605 4561 2932 4633 Ἑλληνικοὶ,
2959 4561 3028 4626 ἃς
3059 4561 3157 4634 μέν
3185 4561 3286 4616 οὐκ
3315 4559 3528 4632 ἔχουσιν
3552 4559 3691 4630 ἀρε-

421 4664 591 4722 tutes,
621 4658 825 4712 habere
855 4671 914 4712 se
945 4655 1278 4726 praedicant;
1319 4667 1460 4725 quos
1496 4666 1626 4708 vero
1657 4648 1859 4705 habent
1901 4649 1999 4705 de-

417 4745 619 4812 fectus,
644 4745 1009 4803 abscondunt.

489 4839 544 4894 4.
585 4837 696 4912 (59)
725 4839 806 4894 Ad
855 4855 982 4896 eum
1033 4846 1300 4897 venerunt
1347 4837 1570 4903 fratres,
1621 4834 2000 4905 sciscitatique

402 4938 551 4986 sunt
580 4930 668 4986 his
702 4932 884 4988 verbis
917 4951 931 4988 :
960 4931 1234 4998 Quidnam
1289 4930 1392 4986 sibi
1428 4929 1544 4985 vult
1574 4927 1720 4999 Quod
1757 4927 1812 4983 in
1857 4926 2000 4982 libro

418 5020 523 5076 .lob
552 5023 816 5091 scriptum
846 5030 969 5076 est:
1003 5020 1206 5076 Caelum
1236 5031 1412 5074 autem
1443 5018 1695 5074 mundum
1719 5025 1917 5073 nonest
1941 5017 1996 5072 in

420 5123 700 5183 conspectu
730 5113 842 5177 eius
878 5112 952 5164 ἠ
979 5105 1280 5182 Respondit
1309 5126 1474 5166 senex
1507 5129 1519 5163 :
1557 5109 1720 5165 Missa
1751 5108 1999 5165 fecerunt

425 5201 622 5259 fratres
658 5213 880 5273 peccata
922 5218 1043 5269 sua,
1079 5211 1134 5258 et
1177 5203 1245 5257 de
1284 5202 1442 5258 crelis
1479 5208 1816 5257 scrutantur.
1848 5199 2004 5256 lianc

425 5307 557 5348 vero
589 5295 758 5350 habet
789 5294 1292 5365 interpretationem
1329 5302 1511 5350 textus
1546 5311 1559 5348 :
1591 5291 1862 5361 Quoniam
1887 5294 2006 5364 ipse

423 5385 576 5442 solus
615 5384 757 5440 Deus
803 5387 1041 5443 mundus
1072 5396 1176 5452 est,
1209 5386 1331 5444 ideo
1356 5387 1492 5443 dixit
1524 5406 1538 5443 :
1594 5384 1796 5442 Caelum
1827 5396 2005 5440 autent

422 5477 675 5532 mundum
713 5494 816 5533 non
843 5488 942 5534 est.

2105 4656 2227 4723 τὰς,
2261 4655 2515 4724 λέγουσιν
2550 4653 2720 4726 ἔχειν,
2753 4652 2790 4707 ἃ
2813 4652 2870 4707 δέ
2896 4651 3110 4725 ἔχουσιν
3142 4648 3520 4722 ἐλαττώματα,
3553 4648 3694 4720 κρύ-

2102 4763 2346 4802 πτουσιν.

2167 4839 2230 4893 δ’.
2279 4834 2488 4894 Ἦλθον
2533 4837 2672 4910 πρὸς
2725 4837 2891 4892 αὐτὸν
2940 4836 3184 4907 ἀδελφοὶ,
3243 4835 3340 4890 καὶ
3391 4831 3693 4905 ⁴ἠρώτησαν

2103 4929 2288 4993 αὐτὸν,
2318 4928 2570 4998 λέγοντες
2590 4945 2604 4961 ·
2635 4926 2702 4982 Τί
2738 4930 2854 4982 ἐστι
2897 4928 2957 4982 τὸ
2985 4929 3044 4982 ἐν
3077 4928 3156 4999 τῷ
3197 4925 3318 4981 Ἰὼϐ
3367 4925 3697 4999 γεγραμμέ-

2103 5036 2194 5075 νον
2217 5038 2231 5053 ο
2259 5020 2525 5090 Οὐρανὸς
2535 5019 2604 5074 δὲ
2622 5021 2694 5076 οὺ
2712 5018 2971 5088 καθαρὸς
2985 5017 3245 5072 ἐνώπιον
3269 5017 3492 5080 αὐτοῦς
3529 5017 3720 5070 Ἀποι

2104 5113 2315 5186 κριθεὶς
2345 5113 2404 5167 δὲ
2427 5116 2457 5167 6
2491 5112 2672 5186 γέρων
2693 5109 2848 5167 εἶπεν
2867 5113 3052 5175 αὐτοῖς
3068 5127 3082 5143 ο
3121 5108 3368 5180 ’Δφῆκαν
3392 5109 3443 5162 οί
3467 5107 3699 5178 ἀδελφοὶ
3773 5131 3776 5134 ·

2106 5203 2206 5268 τὰς
2231 5203 2510 5275 ἁμαρτίας
2532 5203 2734 5269 αὐτῶν,
2763 5201 2859 5257 καὶ
2889 5202 3019 5275 περὶ
3040 5202 3150 5256 τῶν
3183 5200 3431 5272 οὐρανῶν
3468 5200 3516 5232 ’⁸
3543 5201 3699 5270 ἐρευο
3765 5249 3773 5256 .

2101 5295 2287 5350 νῶσιν.
2325 5294 2476 5368 Αὕτη
2515 5295 2573 5349 δέ
2587 5296 2734 5349 ἐστιν
2763 5295 2796 5366 ἡ
2823 5294 3095 5368 ἑρμηνεία
3124 5293 3219 5348 τοῦ
3241 5293 3421 5362 λόγον’
3467 5292 3697 5362 Ἐπειδὴ

2101 5385 2264 5451 αὐτὸς
2293 5386 2454 5456 μόνος
2485 5387 2604 5440 ἐστὶ
2625 5385 2884 5458 καθαρὸς,
2909 5386 2996 5440 διά
3012 5385 3171 5440 τοῦτο
3197 5381 3350 5440 εἶπεν
3371 5401 3384 5416 ·
3416 5383 3696 5452 Οὐρανὸς

2103 5477 2173 5531 δὲ
2195 5480 2268 5532 οὐ
2297 5480 2553 5548 καθαρός
2585 5479 2772 5535 ἐστιν.

494 5592 542 5626 ’⁸
569 5590 671 5649 Job
695 5609 883 5659 xxxix,
918 5594 1019 5650 ult.
1095 5596 1142 5628 ⁷⁸
1168 5593 1254 5650 AI.
1281 5594 1400 5651 sub.
1476 5594 1522 5625 "
1548 5589 1650 5647 Job
1676 5609 1764 5657 xv,
1795 5565 1881 5648 l5.
1961 5592 1997 5626 "

2111 5631 2125 5648 .
2161 5594 2256 5648 καὶ
2283 5594 2376 5665 μή.
2456 5592 2503 5624 ⁷⁸
2532 5593 2615 5648 Al.
2646 5593 2929 5666 οὐρανίων.

496 5707 610 5775 (55)
652 5706 712 5762 S.
740 5708 792 5762 in
826 5709 1072 5774 Antonio,
1098 5728 1150 5764 η.
1179 5711 1242 5773 5;
1277 5710 1522 5765 Socrates
1551 5725 1623 5773 Iv,
1657 5707 1748 5763 23.

495 5777 612 5846 (56)
661 5777 768 5832 Vit.
803 5778 956 5833 Patr.
994 5797 1106 5844 xvr,
1130 5779 1185 5834 2.

496 5848 609 5922 (37)
659 5848 765 5906 γει.
807 5846 962 5906 Patr.
996 5867 1112 5921 vm,
1154 5851 1204 5907 5.

2175 5708 2288 5776 (58)
2333 5707 2437 5762 Vit.
2477 5707 2624 5761 Patr.
2664 5724 2743 5769 ιιι,
2776 5708 2829 5762 5.

2177 5777 2287 5851 (39)
2338 5778 2438 5831 Vit.
2485 5777 2628 5831 Patr.
2667 5796 2715 5843 κ,
2747 5777 2846 5832 22.
