3982 6336
234 426 341 484 I77

1415 405 2038 476 APOPHTHEGMATA
2077 415 2385 479 PATRUM.

3411 433 3518 495 1⁸18

304 544 368 603 ι’.
413 544 646 614 Ἔλεγον
672 544 800 619 περὶ
826 543 920 598 τοὺ
943 541 1088 599 ἀϐϐᾶ
1114 544 1385 614 Ζήνωνος,
1409 542 1494 597 ὅτι
1515 539 1822 612 καθήμενος

1999 541 2054 597 5.
2082 541 2196 613 (40)
2227 541 2492 603 Dicebant
2525 546 2594 605 de
2615 548 2813 608 abbate
2835 551 3080 622 Zenone,
3102 564 3251 628 quoa
3279 571 3405 614 cum
3431 575 3519 614 re-

242 638 303 691 ιν
331 638 399 708 τῇ
423 637 649 708 Σκήτει,
671 636 866 708 ἐξῆλθε
890 637 1084 702 νυκτὸς
1111 637 1177 690 ἐκ
1203 637 1302 708 τῆς
1329 635 1524 707 κέλλης
1555 632 1720 688 αὑτοῦ
1751 633 1827 696 ὡς

237 727 331 781 ἐπὶ
346 727 410 782 τὸ
440 728 562 793 ἕλος
581 746 595 760 ’
628 729 724 783 καὶ
755 728 1052 801 πλανηθεὶς
1073 727 1295 801 ἐποίησε
1325 730 1472 802 τρεῖς
1502 726 1716 799 ἡμέρας
1735 724 1828 780 καὶ

238 821 386 889 τρεῖς
441 819 645 885 νύκτας
696 819 1047 892 περιπατῶνο
1088 821 1184 876 καὶ
1234 819 1535 885 κοπιάσας,
1590 817 1830 873 ἐκλιπὼν

235 910 437 964 ἔπεσεν
473 912 554 976 εἰς
589 911 651 964 τὸ
689 910 1004 966 ἀποθανεῖν.
1039 911 1152 965 Kal
1207 911 1314 965 ίδοὺ
1364 910 1651 982 παιδάριον
1695 908 1826 980 ἔστη

241 1001 476 1056 ἐνώπιον
514 1003 713 1069 αὑτοῦ,
751 1003 874 1075 ἕχον
917 1003 1082 1075 ἄρτον
1119 1003 1214 1057 καὶ
1262 1002 1554 1074 βαυκάλιον
1603 1001 1826 1066 ὑδατοςο

240 1098 337 1152 καὶ
380 1097 570 1166 ἔλεγεν
610 1097 796 1169 αὑτῷ⁸
857 1098 1110 1165 ⁹Ανάστα,
1155 1097 1320 1168 φάγε.
1379 1097 1434 1152 Ὀ
1466 1097 1523 1151 δὲ
1566 1096 1828 1162 ἀναστὰς,

242 1190 614 1265 προσηύξατο,
655 1191 894 1262 νομίζων
929 1191 1012 1244 ὅτι
1054 1190 1324 1260 φαντασία
1364 1190 1409 1222 ⁷⁸
1456 1189 1624 1246 ἐστίν.
1679 1189 1737 1243 '0
1773 1189 1830 1242 δὲ

237 1280 397 1340 εἶπεν
452 1283 624 1356 αὐτῷ’
677 1283 874 1348 Καλῶς
924 1282 1211 1356 ἐποίησας.
1257 1284 1367 1337 Kal
1413 1282 1576 1338 πάλιν
1627 1280 1832 1354 ηὔξατο

237 1378 497 1450 δεύτερον
562 1377 657 1432 καὶ
709 1379 915 1450 τρίτον.
981 1377 1095 1432 Kal
1158 1376 1308 1446 λέγει
1380 1375 1563 1448 αὑτῷο
1633 1375 1831 1440 Καλῶς

245 1471 528 1544 ἐποίησας.
579 1471 842 1536 Ἀναστὰς
879 1465 972 1524 οὖν
1006 1471 1035 1524 6
1067 1468 1266 1542 γέρων,
1295 1467 1455 1522 ἔλαϐε
1506 1469 1601 1522 καὶ
1638 1467 1828 1536 ἔφαγε.

243 1565 358 1619 Kal
397 1563 536 1635 μετὰ
569 1563 742 1617 ταῦτα
788 1562 934 1631 λέγει
980 1560 1160 1632 αὐτῷ’
1191 1561 1359 1614 Ὅσον
1395 1559 1830 1631 περιεπάτησας,

241 1656 498 1712 τοσοῦτον
522 1653 575 1709 εἷ
599 1655 817 1729 μακρὰν
837 1655 944 1708 ἀπὸ
966 1655 1065 1726 τῆς
1088 1652 1283 1724 κέλλης
1314 1669 1409 1706 σου
1427 1669 1441 1683 ο
1466 1651 1580 1706 ἀλλ’
1602 1650 1830 1718 ἀνάστα,

245 1748 532 1802 ἀκολούθει
590 1765 699 1819 μοι.
751 1748 860 1800 Kal
903 1745 1105 1809 εὐθέως
1149 1744 1349 1816 εὑρέθη
1392 1745 1474 1807 εἰς
1513 1743 1576 1796 τὺ
1622 1742 1834 1796 κελλίον

242 1841 438 1895 αὑτοῦ.
472 1835 639 1894 Εἶπεν
683 1834 776 1893 οὖν
807 1837 958 1908 αὑτῷ
999 1838 1028 1891 6
1069 1835 1281 1909 γέρωνο
1328 1833 1574 1902 Εῖσελθε,
1608 1835 1834 1904 ποίησον

1935 629 2138 688 sideret
2177 633 2235 690 in
2279 633 2449 702 Sceti,
2491 638 2625 694 exiit
2657 648 2822 697 noctu
2857 657 2889 699 e
2925 643 3062 700 cella
3105 661 3220 712 sua,
3253 655 3518 720 tanquam

1935 720 2004 776 ad
2035 723 2288 792 paludem
2311 725 2814 798 profecturus;sed
2861 746 2895 786 a
2937 733 3027 788 via
3080 734 3366 802 aberrans,
3424 754 3522 809 per

1938 819 2050 870 tres
2100 815 2218 874 dies
2263 831 2327 873 ac
2378 829 2568 877 noctes
2629 823 2932 880 ambulavit
2961 825 2995 896 ξε
3045 827 3188 882 unde
3237 828 3518 900 fatigatus,

1937 904 2197 964 deficiens
2226 911 2425 966 cecidit
2457 913 2606 969 velut
2639 917 2962 972 moriturus.
2998 916 3066 972 Et
3097 933 3226 975 ecce
3254 923 3520 990 puerulus

1936 1011 2124 1053 coram
2149 1014 2215 1056 eo
2241 1003 2410 1070 stetit,
2445 1020 2640 1075 panem
2673 1017 2864 1064 tenens
2903 1024 3028 1065 cum
3069 1025 3225 1081 aqua:
3267 1012 3515 1081 baucali;

1938 1089 2186 1164 dixitque
2219 1115 2233 1152 :
2272 1095 2467 1169 Surge,
2508 1101 2754 1158 comede.
2800 1102 2896 1160 llle
2938 1120 3070 1160 vero
3103 1120 3359 1177 surgens,
3393 1123 3519 1178 pre-

1938 1188 2099 1237 catus
2144 1191 2232 1240 est
2294 1204 2308 1242 :
2367 1188 2597 1257 putabat
2654 1191 2799 1246 enim
2857 1194 3186 1264 phantasma
3235 1210 3377 1254 esse.
3430 1197 3522 1254 Ait

1938 1275 2206 1342 puerulus
2239 1294 2256 1333 ε
2292 1275 2462 1335 Recte
2491 1277 2692 1338 fecisti.
2740 1282 2808 1338 Et
2847 1285 3027 1341 adhuc
3059 1287 3239 1343 oravit
3276 1290 3519 1346 secunde

1940 1379 2004 1420 ac
2043 1367 2223 1422 tertio.
2269 1367 2410 1425 Tum
2453 1372 2521 1428 ad
2565 1388 2689 1430 eum
2722 1375 2814 1432 ille
2851 1395 2865 1432 :
2901 1376 3104 1435 Fecisti
3143 1379 3301 1437 bene.
3337 1380 3522 1453 Itaque
3609 1378 3616 1388 ’

1941 1471 2110 1514 senex
2153 1474 2391 1532 surgens
2430 1465 2784 1522 manducavit
2828 1477 2882 1524 et
2922 1470 3078 1526 bibit.
3133 1471 3264 1528 Post
3293 1473 3410 1529 llaec
3443 1475 3523 1534 sit

1943 1549 2161 1606 locutus
2215 1561 2301 1608 est
2354 1569 2491 1624 puer
2539 1575 2553 1612 :
2605 1556 2881 1624 Quantum
2937 1563 3262 1631 ambulasti,
3311 1573 3526 1628 tantum

1943 1638 2173 1696 dissitus
2223 1656 2284 1698 es
2316 1657 2349 1698 a
2379 1645 2518 1701 cella
2566 1653 2695 1716 tua;
2744 1650 2841 1706 sed
2891 1666 3076 1724 surge,
3130 1668 3360 1726 sequere
3415 1672 3524 1714 me.

1949 1729 2256 1805 Statimque
2289 1735 2345 1791 in
2369 1738 2505 1793 cella
2545 1755 2644 1795 sua
2689 1757 2810 1799 esse
2857 1758 2917 1799 se
2965 1745 3344 1816 deprehendit.
3381 1748 3527 1805 Dixit

1943 1837 2076 1896 ergo
2122 1825 2172 1880 ei
2226 1841 2394 1883 senex
2445 1847 2458 1882 :
2510 1827 2820 1903 Ingredere,
2862 1833 2948 1893 fac
2985 1838 3142 1893 nobis
3197 1839 3523 1897 orationem.

248 1936 382 2006 ἡμῖν
411 1934 598 2004 εὐχήν.
645 1933 756 1986 Kal
801 1907 1150 1994 εἰσελθόντος
1176 1928 1270 1984 τοῦ
1314 1929 1591 2001 γέροντος,
1632 1929 1838 1992 ἐκεῖνος

1955 1913 2312 1989 Et,ingresso
2343 1936 2494 1990 sene,
2533 1923 2718 1982 infans
2757 1942 2867 1983 non
2907 1931 3226 2001 comparuit.

247 2024 464 2096 ἀφανὴς
491 2025 730 2094 ἐγένετο.

325 2122 402 2182 ς’.
435 2113 660 2168 Ἀλλοτε
686 2116 715 2168 6
736 2113 898 2177 αὑτὸς
930 2114 1101 2179 ἀϐϐἄς
1129 2114 1315 2186 Ζήνων
1346 2111 1666 2184 περιπατῶν
1684 2113 1741 2165 ὲν
1775 2115 1842 2184 τῇ

251 2207 608 2280 Παλαιστίνῃ,
641 2206 737 2261 καὶ
772 2206 1062 2270 κοπιάσας,
1094 2207 1264 2275 ἐγγὺς
1287 2203 1618 2274 σικυηλάτου
1650 2202 1840 2256 ἐκάθι-

257 2320 317 2356 σε
345 2305 560 2373 φαγεῖν,
594 2301 690 2355 καὶ
729 2299 876 2369 λέγει
904 2298 1053 2370 αὑτῷ
1082 2301 1110 2353 6
1144 2297 1424 2369 λογισμός
1462 2293 1633 2369 Ἀρον
1665 2294 1844 2367 ἑαυτῷ

255 2395 314 2448 ἒν
353 2393 579 2457 σικύδιν,
613 2393 707 2446 καὶ
736 2392 898 2461 φάγε.
932 2390 998 2445 Τί
1022 2391 1130 2462 γάρ
1157 2391 1341 2457 iactv;
1401 2391 1458 2443 '0
1498 2389 1557 2442 δὲ
1608 2389 1842 2459 ἀποκρι-

249 2484 375 2546 θεὶς
414 2478 536 2536 εἷπε
581 2482 657 2553 τῷ
686 2480 952 2552 λογισμῷ·
990 2482 1052 2535 Oi.
1081 2480 1312 2534 κλέπται
1363 2480 1443 2543 είς
1481 2477 1702 2533 κόλασιν
1739 2478 1845 2531 ὑπ-

257 2576 472 2645 άγουσι.
513 2575 818 2645 Δοκίμασον
862 2569 955 2627 οὖν
1000 2573 1193 2627 ἑαυτὸν
1229 2570 1500 2638 ἐντεῦθεν,
1534 2572 1582 2624 εί
1618 2569 1844 2624 δὺνασαι

250 2666 354 2738 τὴν
393 2665 614 2720 κόλασιν
657 2666 1002 2733 ὑπενεγκεῖν.
1045 2662 1156 2717 Kal
1195 2661 1435 2724 ἀναστὰς
1483 2660 1614 2730 ἔστη
1662 2660 1743 2722 εἰς
1783 2657 1846 2711 τὸ

258 2760 447 2830 καῦμα
477 2758 640 2812 πέντε
669 2757 902 2830 ἡμέρας,
935 2756 1030 2810 καὶ
1061 2755 1360 2827 τηγανίσας
1394 2753 1610 2819 ἑαυτὸν,
1651 2751 1804 2806 εἶπεν
1824 2765 1839 2781 °

253 2850 332 2906 06
363 2849 590 2904 δύνασαι
618 2848 670 2881 ’⁸
696 2851 794 2918 τὴν
818 2849 1038 2902 κόλασιν
1065 2848 1409 2914 ὑπενεγκεῖν.
1433 2843 1545 2898 Kal
1581 2843 1732 2913 λέγει
1766 2840 1844 2914 τῷ

260 2942 504 3016 λογισμῷ
523 2957 536 2971 ’
570 2940 636 2995 Ei
660 2942 720 2996 οὑ
751 2941 995 3008 δύνασαι,
1036 2933 1111 3012 μὴ
1141 2938 1344 2994 κλέπτε
1376 2936 1472 2990 καὶ
1495 2933 1698 3008 τρῶγε.

331 3121 398 3185 ζν.
432 3115 603 3174 Εἶπεν
635 3122 664 3175 6
694 3119 868 3183 ἀόεᾶς
905 3120 1091 3191 Ζήνων
1111 3137 1124 3151 ·
1173 3117 1235 3173 Ὃ
1256 3117 1425 3173 θέλων
1451 3117 1588 3189 ταχὺ
1615 3117 1704 3172 ἵνα
1728 3118 1845 3170 εῑσ-
1902 3100 1927 3123 ⁸

259 3212 470 3286 ακοὺσῃ
515 3215 544 3266 6
580 3212 712 3276 Θεὸς
742 3212 843 3282 τῆς
884 3212 1051 3283 εὐχῆς
1087 3211 1272 3276 αὑτοῦ,
1307 3210 1477 3282 ἡνίκα
1515 3210 1722 3311 ἀναστῇ
1750 3207 1843 3262 καὶ
1871 3249 1920 3311 c

258 3304 491 3358 ἐκτείνει
532 3303 632 3369 τὰς
686 3307 871 3376 χεῖρας
907 3303 1073 3357 αὑτοῦ
1106 3303 1244 3374 πρὸς
1279 3302 1432 3367 θεὸν,
1467 3301 1574 3374 πρὸ
1623 3299 1842 3354 πάντων

257 3397 356 3452 καὶ
385 3397 494 3470 πρὸ
556 3397 657 3467 τῆς
703 3396 837 3461 ἰδίας
881 3396 1059 3467 ψυχῆς
1109 3396 1248 3467 ὑπὲρ
1277 3394 1385 3449 τῶν
1427 3393 1638 3465 ἐχθρῶν
1679 3391 1844 3447 αὑτοῦ

264 3491 371 3544 ἀπὸ
395 3490 577 3561 ψυχῆς
611 3488 861 3561 εὔξηται·
913 3491 1006 3543 καὶ
1036 3489 1125 3543 διὰ
1160 3489 1350 3542 τούτου
1398 3484 1844 3558 κατορθώματος,

260 3584 385 3638 εἴτι
414 3585 483 3638 ἂν
517 3581 880 3655 παρακαλέσῃ
897 3581 976 3652 τῷ
1005 3579 1147 3651 Θεῷ,
1171 3577 1434 3633 ὑπακούει
1463 3577 1632 3647 αὐτῷ.

334 3683 404 3747 η’.
450 3675 678 3745 Ἔλεγον
716 3675 800 3738 ὅτι
839 3670 906 3746 ἦν
937 3690 1021 3737 τις
1063 3675 1120 3726 ὲν
1160 3669 1344 3742 κώμῃ,
1380 3671 1474 3724 καὶ
1510 3669 1681 3723 πολλὰ
1725 3669 1848 3740 ἐνή-

267 3782 472 3829 στευεν,
501 3766 644 3818 ὥστε
673 3763 954 3818 καλεῖσθαι
978 3763 1037 3816 τὺ
1056 3762 1226 3833 ὄνομα
1260 3760 1426 3814 αὑτοῦ
1452 3763 1480 3814 6
1507 3760 1844 3832 Νηστευτής.

280 3859 543 3923 Ἀκούσας
587 3858 644 3912 δὲ
689 3859 717 3910 6
761 3855 934 3920 άϐϐἄς
963 3859 1148 3928 Ζήνων
1183 3853 1313 3925 περὶ
1345 3851 1531 3917 αὑτοῦ,
1570 3853 1850 3924 μετεστεί-

265 3952 392 4004 λατο
423 3950 608 4004 αὑτόν.
655 3949 716 4002 Ὃ
738 3948 793 4001 δὲ
831 3947 1039 4018 ἀπῆλθε
1079 3947 1215 4018 μετὰ
1253 3948 1448 4019 χαρᾶς.
1478 3946 1588 3998 Kal
1615 3944 1850 4014 εὐξάμε-

266 4061 342 4097 νοι
373 4042 653 4096 ἐκάθισαν.
689 4041 929 4112 Ἤρξατο
957 4036 1049 4093 οὖν
1082 4043 1110 4092 6
1144 4040 1320 4110 γέρων
1355 4037 1686 4116 ἐργάζεσθαι
1721 4051 1852 4088 σιω-

268 4133 404 4188 πιῖιν,
439 4132 534 4203 Μὴ
555 4132 822 4203 εὑρίσκων
843 4131 900 4184 δὲ
931 4129 1164 4201 λαλῆσαι
1189 4130 1306 4201 μετ’
1342 4127 1508 4182 αὑτοῦ
1541 4130 1569 4180 6
1595 4129 1849 4200 Νηστευ-

267 4224 361 4294 τὴς
413 4224 620 4295 ἦρξατο
659 4221 937 4293 ὀχλεῖσθαι
977 4221 1082 4274 ὑπὸ
1121 4220 1219 4290 τῆς
1271 4217 1519 4296 ἀκηδίας.
1556 4218 1665 4271 Kal
1703 4216 1851 4286 λέγει

262 4311 343 4382 τῷ
376 4312 624 4383 γέροντιο
665 4307 833 4376 Εὗξαι
883 4309 1022 4383 ὑπὲρ
1066 4307 1223 4380 ἐμοῦ,
1270 4308 1435 4372 ἀ66ᾶ,
1474 4308 1556 4362 ὅτι
1596 4307 1852 4364 ἀπελθεῖν

269 4403 424 4460 θέλω.
463 4405 629 4473 Λέγει
654 4403 802 4474 αὐτῷ
830 4406 858 4457 6
887 4403 1096 4476 γέρων*
1123 4402 1310 4468 Aiaci;
1353 4403 1412 4456 Ὀ
1442 4401 1499 4455 δὲ
1532 4400 1853 4472 ἀποκριθεὶς

270 4493 449 4551 εῖπεψ
501 4498 626 4551 Ὀτι
673 4499 706 4567 ἠ
753 4497 948 4569 καρδία
996 4514 1096 4568 μου
1145 4497 1222 4560 ὡς
1271 4496 1538 4566 καιομένη
1581 4495 1718 4558 ἐστὶ,
1760 4491 1852 4546 καὶ

2021 2096 2076 2152 6.
2115 2098 2228 2172 (Η)
2266 2099 2389 2157 Alio
2435 2109 2681 2177 tempore
2717 2105 2862 2164 idem
2896 2109 3069 2167 abbas
3105 2111 3256 2168 Zeno
3291 2128 3388 2184 per
3425 2113 3530 2170 Pa-

1949 2189 2218 2247 laestinam
2239 2194 2359 2249 iter
2383 2195 2615 2264 habens,
2652 2214 2778 2255 cum
2808 2201 2988 2259 lassus
3018 2213 3182 2270 esset,
3214 2207 3352 2262 sedit
3374 2207 3530 2278 juxta

1948 2285 2414 2352 cucumerarium,
2447 2294 2508 2342 ut
2535 2289 2865 2347 comederet.
2911 2291 3069 2348 Subit
3105 2310 3230 2350 eum
3267 2297 3526 2369 cogitatio

1945 2374 2216 2446 ejusmodi
2266 2396 2280 2433 :
2333 2378 2534 2450 Accipe
2550 2397 2721 2438 unum
2753 2399 3123 2456 cucumerem,
3150 2397 3206 2444 et
3237 2390 3529 2450 manduca.

1953 2467 2097 2536 Quid
2129 2470 2272 2525 enim
2304 2470 2401 2526 id?
2433 2471 2541 2528 Sed
2578 2475 2918 2547 respondens
2961 2477 3099 2534 dixit
3140 2481 3324 2536 animo
3363 2498 3464 2540 suo
3514 2501 3528 2539 :

1946 2559 2122 2618 Fures
2159 2563 2226 2617 ad
2262 2571 2535 2622 tormenta
2561 2566 2960 2635 perducuntur.
2988 2568 3129 2625 Hinc
3163 2571 3328 2642 igitur
3361 2575 3532 2645 proba

1947 2654 2205 2724 teipsum,
2237 2670 2305 2710 an
2334 2657 2516 2726 possis
2551 2656 2695 2714 ferre
2731 2668 3023 2718 tormenta.
3056 2662 3122 2718 Et
3159 2678 3528 2737 consurgens,

1947 2745 2016 2799 ad
2049 2752 2242 2800 aestum
2270 2747 2404 2802 solis
2435 2747 2584 2802 stetit
2623 2765 2719 2819 per
2754 2751 2996 2822 quinque
3022 2752 3170 2820 dies;
3207 2770 3443 2827 cumque
3473 2772 3533 2814 se

1947 2837 2261 2905 torruisset,
2293 2839 2370 2893 ait
2406 2858 2419 2894 :
2467 2837 2587 2896 Non
2634 2843 2782 2898 vales
2815 2843 2958 2901 ferre
2991 2847 3340 2918 supplicium.
3366 2849 3433 2904 Et
3463 2851 3532 2906 ad

1947 2939 2186 2988 mentem
2251 2948 2406 2990 suam
2449 2934 2571 2989 iniit
2613 2954 2627 2991 :
2674 2935 3128 3010 Quandoquidem
3189 2957 3300 2998 non
3352 2951 3530 3016 potes,

1948 3039 2018 3079 ne
2039 3023 2241 3082 fureris
2269 3040 2334 3081 ac
2360 3025 2682 3084 manduces.

2025 3115 2078 3170 7.
2126 3115 2274 3171 Dixit
2325 3119 2497 3176 abbas
2535 3117 2686 3175 Zeno
2735 3139 2748 3176 :
2794 3121 2902 3194 Qui
2957 3123 3073 3180 vult
3117 3131 3178 3178 ut
3231 3123 3374 3180 Deus
3423 3125 3534 3181 cito

1949 3206 2207 3262 exaudiat
2255 3223 2447 3279 preces
2483 3210 2679 3280 ipsius,
2717 3211 2937 3282 quando
2977 3215 3299 3282 surrexerit,
3334 3224 3388 3271 et
3419 3229 3536 3270 ma-

1951 3310 2057 3351 nus
2090 3298 2404 3353 extendcrit
2437 3298 2507 3353 ad
2547 3297 2738 3362 Deum,
2787 3317 2899 3371 pra:
2921 3308 3160 3367 cunctis,
3217 3304 3383 3359 etiam
3422 3319 3535 3376 pra:

1948 3387 2131 3442 anima
2171 3403 2292 3452 sua,
2340 3397 2461 3444 oret
2514 3405 2582 3445 ex
2619 3392 2804 3448 animo
2844 3408 2944 3464 pro
2981 3392 3222 3448 inimicis
3275 3393 3425 3460 suis;
3467 3409 3533 3449 ac

1947 3495 2046 3551 per
2066 3479 2506 3550 hocpraeclarum
2537 3482 2776 3552 facinus,
2804 3483 3071 3556 quidquid
3098 3498 3128 3539 a
3164 3485 3270 3541 Deo
3295 3483 3532 3556 petierit,

1949 3573 2280 3628 auscultabit
2303 3573 2374 3628 ei.

2022 3662 2081 3729 8.
2118 3661 2472 3735 Referebant,
2497 3667 2644 3738 quod
2671 3668 2725 3722 in
2757 3683 2896 3741 pago
2929 3668 3164 3740 quodam
3195 3678 3312 3723 erat
3335 3666 3537 3738 aliquis

1949 3755 2046 3826 qui
2113 3756 2411 3830 plurimum
2459 3758 2765 3829 jejunabat,
2824 3760 2961 3816 adeo
3026 3769 3082 3814 ut
3147 3757 3376 3834 inditum
3430 3758 3536 3827 ipsi

1949 3845 2144 3903 fuisset
2183 3864 2381 3904 nomen
2409 3848 2766 3919 Jejunatoris.
2803 3851 2878 3907 De
2919 3866 3030 3922 quo
3063 3866 3187 3905 cum
3219 3849 3536 3903 rescivisset

1951 3941 2122 3996 abbas
2170 3941 2338 4006 Zeno,
2391 3945 2679 4000 arcessivit
2730 3960 2877 4000 eum.
2936 3946 3032 4001 ille
3081 3945 3236 3998 laetus
3277 3939 3536 3999 accessit.

1950 4033 2286 4092 Etoratione
2323 4039 2464 4092 facta
2494 4038 2773 4094 sederunt.
2806 4039 2985 4109 Coepit
3015 4037 3180 4108 igitur
3201 4054 3368 4096 senex
3405 4055 3540 4110 ope-

1951 4128 2063 4182 rari
2116 4130 2336 4184 tacitus.
2397 4128 2516 4184 Non
2577 4130 2766 4185 valens
2817 4140 2998 4184 autem
3053 4129 3340 4201 Jejunator
3388 4131 3536 4201 loqui

1953 4232 2077 4272 cum
2102 4233 2190 4281 eo,
2223 4221 2390 4290 coepit
2425 4235 2454 4274 a
2487 4221 2635 4276 taedii
2669 4221 2806 4277 vitio
2837 4223 3138 4278 molestari.
3170 4224 3236 4279 Et
3263 4224 3342 4279 ait
3372 4223 3490 4284 seni
3517 4237 3533 4276 :

1953 4307 2062 4362 Ora
2097 4325 2197 4380 pro
2230 4327 2338 4374 me.
2378 4312 2550 4381 abba;
2596 4315 2723 4370 volo
2766 4315 2911 4370 enim
2943 4316 3114 4372 abire.
3151 4315 3294 4371 Dicit
3329 4332 3536 4374 senex:

1955 4399 2175 4467 Quare?
2202 4400 2509 4474 ReSpondit
2548 4405 2640 4463 ille
2676 4425 2690 4462 :
2725 4405 2863 4474 Quia
2898 4423 2998 4464 cor
3023 4425 3204 4471 meum
3247 4410 3405 4480 quasi
3439 4409 3538 4464 lla-

1955 4500 2098 4563 grat,
2126 4500 2179 4548 et
2206 4494 2339 4564 quid
2369 4495 2566 4551 habeat
2606 4498 2812 4555 nescio.
2848 4495 2985 4554 Nam
3033 4501 3254 4572 quando
3287 4516 3436 4556 eram
3481 4501 3538 4556 in

269 4590 368 4643 οὑκ
403 4586 523 4644 οἶδα
569 4589 626 4643 τί
665 4589 800 4659 ἔχει.
851 4590 981 4642 Ὅτε
1020 4589 1130 4660 γὰρ
1171 4589 1318 4660 ἥμην
1369 4589 1449 4651 εἰς
1493 4587 1594 4658 τὴν
1632 4584 1844 4657 κώμην,

1959 4585 2104 4652 villa,
2133 4602 2308 4658 usque
2355 4588 2422 4643 ad
2470 4603 2752 4660 vesperam
2792 4592 3131 4661 jejunaham,
3165 4608 3268 4649 nec
3299 4608 3540 4664 unquam

270 4681 373 4744 lto;
398 4681 495 4752 ἀψὲ
521 4683 835 4752 ὲνῄστευον,
863 4681 959 4734 καὶ
994 4680 1248 4734 οὐδέποτε
1277 4677 1451 4743 οὑτως
1489 4695 1581 4749 μοι
1612 4677 1852 4746 ἐγένετο.

271 4773 430 4841 Λέγει
461 4772 611 4844 αὐτῷ
643 4775 672 4825 6
697 4773 901 4843 γέρων·
935 4772 1030 4833 El;
1065 4769 1162 4840 τὴν
1192 4767 1405 4840 κώμην,
1441 4770 1506 4821 ἐκ
1533 4767 1643 4820 τῶν
1677 4766 1855 4821 ὠτίων

275 4883 366 4919 σου
401 4865 632 4936 ὲτρέφου
657 4881 672 4895 ·
713 4864 828 4917 ἀλλ’
869 4861 1073 4917 ἄπελθε
1120 4861 1229 4914 ἀπὸ
1271 4860 1366 4913 τοῦ
1405 4859 1520 4926 νῦν,
1574 4859 1671 4913 καὶ
1708 4858 1856 4912 ἔσθιε

271 4960 367 5030 τὴν
395 4958 651 5029 ὲννάτην·
685 4957 780 5009 καὶ
819 4956 871 5008 εί
896 4972 948 5007 τι
978 4955 1171 5019 ποιεῖς,
1205 4953 1260 5005 ὲν
1291 4951 1518 5024 κρυπτῷ
1552 4952 1714 5006 ποίει.
1748 4952 1859 5006 Kal

275 5053 342 5115 ὡς
367 5050 570 5120 ἧρξατο
605 5048 801 5112 ποιεῖν,
837 5044 974 5115 μετὰ
1020 5042 1248 5112 θλίψεως
1283 5042 1440 5114 ἔμενε
1465 5044 1563 5115 τὴν
1609 5043 1854 5116 ὲννάτην.

276 5143 374 5194 Καὶ
408 5141 592 5204 ελεγον
623 5139 674 5190 οἱ
711 5137 1064 5208 γνωρίζοντες
1109 5137 1292 5202 αὑτὸν,
1327 5137 1409 5190 ὅτι
1449 5138 1508 5190 Ὁ
1541 5135 1860 5208 Νηστευτὴς

279 5229 639 5301 Ξδαιμονισθη.
688 5226 886 5280 Ἐλθὼν
913 5227 968 5280 δὲ
995 5226 1295 5298 ἀπήγγειλε
1317 5226 1394 5296 τῷ
1414 5227 1630 5298 γέροντι
1657 5225 1856 5281 πάντα.

303 5329 339 5376 υ
363 5325 417 5378 δὲ
448 5322 606 5378 εἶπεν
643 5321 820 5393 αὐτῷ’
849 5320 1051 5394 Αὑτηή
1081 5321 1200 5386 ὁδὸς
1229 5322 1370 5376 κατὰ
1400 5321 1532 5376 Θεόν
1558 5323 1726 5377 ἐστιν.

621 5437 764 5507 Περὶ
806 5437 914 5491 τοῦ
951 5437 1099 5492 ἀόϐᾶ
1147 5438 1466 5506 Ζαχαρίου.

338 5551 407 5607 α’.
445 5548 618 5606 Εἶπεν
656 5554 687 5606 6
722 5551 898 5615 ἁόὄᾶς
941 5550 1228 5623 Μακάριος
1271 5552 1348 5624 τῷ
1377 5551 1524 5623 ἀϐὀᾷ
1577 5553 1854 5632 Ζαχαρία·

339 5711 386 5744 τ’
414 5712 490 5768 Δὶ.
530 5713 848 5783 φάντασμα.
962 5712 1009 5743 ⁷⁸
1045 5713 1127 5766 Al.
1156 5711 1408 5783 δύναμαι.

345 5830 574 5899 (Μ’)Γίε.
617 5829 768 5884 Palr.
809 5845 962 5890 xvm.
996 5830 1042 5881 '7.

354 5903 458 5974 (Il)
501 5902 606 5955 Vit.
655 5900 805 5954 I’utr.
853 5917 924 5958 Iv,
957 5901 1037 5954 l7.

1958 4681 2090 4736 mihi
2141 4683 2249 4737 tale
2294 4683 2426 4753 quid
2475 4683 2727 4753 contigit.
2784 4682 2961 4738 Senex
2993 4693 3108 4738 tum
3141 4701 3155 4738 :
3195 4688 3257 4742 In
3291 4685 3436 4750 vico,
3474 4701 3542 4740 ex

1959 4773 2224 4828 auriculis
2266 4775 2376 4829 tuis
2415 4773 2784 4839 nutriebaris;
2817 4771 2914 4827 sed
2960 4774 3070 4838 abi,
3115 4783 3276 4842 atque
3326 4791 3392 4830 ex
3436 4775 3542 4830 hoc

1961 4870 2205 4932 tempore
2247 4862 2516 4918 manduca
2549 4865 2686 4917 hora
2723 4877 2902 4925 nona;
2946 4870 3001 4918 et
3035 4863 3080 4919 si
3121 4863 3252 4933 quid
3301 4865 3439 4936 agis,
3487 4865 3541 4919 in

1961 4955 2178 5009 occulto
2204 4953 2312 5010 fac.
2350 4954 2416 5010 Ut
2447 4968 2578 5024 ergo
2623 4955 2824 5024 incepit
2857 4953 3058 5019 facere,
3095 4970 3296 5010 nonam
3347 4957 3539 5011 horam

1963 5060 2108 5116 agre
2151 5046 2524 5116 exspectabat.
2569 5044 2944 5116 Dixeruntque
2989 5045 3080 5117 qui
3137 5048 3542 5116 cognoscebant

1962 5151 2088 5192 eum
2128 5156 2140 5192 :
2175 5136 2460 5207 Jejunator
2495 5152 2524 5190 a
2555 5137 2802 5192 daemone
2841 5145 3126 5207 correptus
3169 5146 3274 5192 est.
3311 5136 3406 5193 llle
3441 5153 3538 5192 au-

1964 5236 2071 5282 tem
2119 5229 2347 5284 veniens
2389 5236 2588 5282 cuncta
2641 5228 2914 5282 nuntiavit
2957 5227 3094 5283 seni.
3150 5225 3255 5294 Qui
3299 5227 3368 5283 ad
3420 5245 3546 5284 eum

1965 5320 2102 5375 dixit
2140 5339 2153 5376 :
2200 5319 2327 5376 Han:
2361 5320 2467 5384 via,
2505 5323 2806 5376 secundum
2843 5319 3012 5376 Deum
3047 5327 3153 5377 est.

2448 5436 2520 5488 De
2548 5435 2736 5489 abbate
2767 5433 3051 5502 Zachqria.

2038 5557 2086 5611 Ι.
2121 5553 2234 5625 (42)
2272 5553 2415 5609 Dixit
2460 5552 2629 5608 abbas
2680 5550 2952 5610 Macarius
2994 5550 3178 5609 abbati
3220 5549 3544 5612 Zacharim:

2038 5834 2144 5901 ill}
2203 5831 2300 5884 ι’ἐι.
2347 5831 2494 5890 l’alr.
2534 5847 2570 5895 ι,
2603 5832 2654 5889 6.
