3982 6336
259 369 357 425 f8!

1488 376 2100 438 APOPHTHEGMATA
2131 380 2444 442 PATBUM.

256 489 403 542 τελεῖ
444 488 525 560 τῷ
564 488 818 562 ἀρχαρίῳ
859 488 1004 565 (48),
1053 492 1127 557 ὡς
1175 496 1208 566 ἡ
1256 492 1431 566 ὕϐρις.
1486 497 1697 569 Ὥσπερ
1743 497 1847 572 γὰρ

1964 500 2091 558 vitio
2121 501 2495 572 monacho,_ut
2522 503 2877 561 contumelia.
2906 503 3043 563 Nam
3071 495 3540 578 quemadmodum

253 581 477 654 δένδρον
501 582 614 655 (49)
639 583 762 638 καθ’
786 584 1022 657 έκάστην
1055 587 1429 660 ποτιζόμενον,
1470 588 1647 656 οὕτως
1672 592 1848 663 ἀρχά-

200 674 205 679 ’
259 691 371 747 ριος
406 673 769 747 ὑϐριζόμενος
795 677 893 730 καὶ
922 677 1230 750 ὑπομένων.

328 766 394 836 β’.
422 766 622 834 Ἔλεγε
659 765 824 820 πάλιν
858 768 996 840 πρὸς
1016 771 1143 834 τοὺς
1176 770 1358 836 καλῶς
1386 772 1722 845 ἀρχομένους
1755 775 1850 828 καὶ

254 857 733 929 δποτασσομένους
788 859 1067 932 Πατράσιν
1120 860 1317 931 ἁγίοις,
1381 863 1462 917 ὅτι
1542 864 1610 917 Ἦ
1656 864 1847 938 πρώτη

252 948 405 1020 βαφὴ
446 949 549 1002 οὐκ
595 948 926 1015 ἀποϐάλλει,
974 951 1052 1016 ὼς
1095 951 1188 1006 ἐπὶ
1238 953 1547 1026 πορφύρας.
1599 955 1728 1009 Καί·
1767 956 1851 1010 ὃτι

252 1042 474 1112 Ὥσπερ
528 1042 579 1094 oi
644 1040 830 1095 κλάδοι
892 1043 943 1096 οί
995 1043 1194 1099 ἁπαλοὶ
1256 1046 1498 1118 εὐχερῶς
1549 1048 1851 1119 μεταστρέ-

249 1150 450 1203 moveat
478 1133 575 1188 καὶ
602 1135 968 1207 κάμπτονται,
1000 1134 1177 1202 οὕτως
1214 1138 1309 1193 καὶ
1335 1139 1382 1193 oi
1409 1139 1666 1212 ἀρχάριοι
1696 1140 1851 1205 ὄντες

247 1228 313 1280 ὲν
345 1227 619 1300 ὑποταγῇ.

326 1317 398 1389 γ’.
437 1319 633 1390 Ἔλεγε
676 1319 860 1384 πάλιν,
905 1320 989 1375 ὅτι
1045 1320 1313 1394 ἀρχάριος
1360 1321 1701 1394 μεταϐαίνων
1739 1322 1852 1379 ἀπὸ

251 1413 627 1484 μοναστηρίου
666 1416 749 1478 είς
790 1415 1178 1487 μοναστήριον,
1222 1414 1367 1470 ἔοικε
1420 1414 1546 1489 ζώῳ
1576 1416 1683 1471 ὑπὸ
1719 1432 1853 1488 φορ-

246 1504 417 1570 ϐαίας
448 1504 684 1562 ἐνταῦθα
711 1507 934 1561 κάκεῖσε
956 1506 1323 1578 ἐλαυνομένῳ.

326 1683 389 1735 δ’.
427 1677 565 1734 Εἷπε
598 1681 779 1749 πάλιν,
812 1683 896 1738 ὅτι
924 1685 952 1737 6
981 1682 1356 1756 πρεσϐύτερος
1394 1683 1490 1739 τοῦ
1524 1684 1847 1755 Πηλουσίου,

253 1774 562 1847 γενομένης
585 1776 829 1847 ἀγάπης,
858 1778 952 1831 καὶ
976 1776 1084 1832 τῶν
1126 1777 1371 1849 ἀδελφῶν
1399 1781 1456 1832 ὲν
1486 1781 1554 1850 τῇ
1583 1777 1852 1851 ἐκκλησίᾳ

1950 593 2116 649 arbor
2154 593 2386 665 singulis
2419 593 2613 652 diebus
2655 595 2901 666 irrigala,
2935 598 3017 655 sic
3061 599 3307 657 novitius
3345 612 3534 657 contuo

1950 684 2111 741 melia
2147 684 2375 743 alfectus
2403 694 2459 741 et
2489 687 2751 745 tolerans.

2020 774 2076 831 2.
2118 776 2316 833 iterum
2342 777 2479 834 dixit
2498 778 2565 834 ad
2591 795 2687 837 eos
2709 780 2804 853 qui
2833 788 2980 839 recte
3010 782 3303 854 incipiunt,
3330 787 3536 841 sanctis

1950 863 2203 923 Patribus
2241 867 2474 937 subjecti
2512 888 2527 925 :
2561 866 2747 926 Prima
2780 871 3021 927 tinctura
3055 887 3337 944 nunquam
3376 875 3533 929 amit-

1951 957 2115 1025 titur;
2154 960 2301 1015 velut
2354 960 2410 1015 in
2456 977 2718 1033 purpura.
2761 961 2930 1019 item:
2977 962 3134 1019 Sicut
3177 964 3353 1020 teneri
3399 965 3536 1019 rami

1950 1048 2114 1107 facile
2149 1061 2552 1110 convertuntur
2583 1068 2650 1110 ac
2679 1053 3005 1121 flectuntur,
3035 1055 3117 1112 ita
3141 1063 3198 1113 et
3226 1056 3421 1113 novitii
3440 1058 3539 1129 qui

1952 1140 2010 1199 in
2044 1143 2391 1216 subiectione
2422 1154 2575 1204 sunt.

2021 1321 2077 1377 5.
2121 1318 2269 1376 Dixit
2289 1320 2512 1388 iterum,
2542 1322 2818 1379 novellum
2846 1320 3178 1378 monachum
3204 1336 3236 1378 e
3266 1326 3540 1378 monaste-

1949 1409 2037 1467 rio
2073 1410 2145 1467 ad
2176 1411 2578 1469 monasterium
2607 1412 3114 1484 transmigrantem,
3139 1411 3381 1468 similem
3409 1426 3537 1468 esse

1952 1502 2180 1559 animali
2234 1504 2382 1575 quod
2427 1506 2535 1562 sub
2585 1504 2834 1576 capistro
2887 1505 2994 1560 huc
3046 1503 3289 1575 illucque
3343 1501 3539 1575 impel-

1950 1592 2103 1739 ωἳ.
2132 1680 2251 1756 (50)
2292 1682 2484 1741 ltidem
2516 1684 2787 1749 narravit,
2811 1684 2959 1756 quod
2988 1682 3194 1740 Pelusii
3224 1685 3536 1765 presbyter,

1951 1789 2078 1831 cum
2116 1774 2272 1832 ﬁeret
2313 1789 2503 1847 agape,
2554 1782 2611 1833 et
2646 1774 2846 1831 fratres
2880 1775 2939 1830 in
2996 1775 3233 1831 ecclesia
3277 1777 3537 1834 comede-

257 1869 580 1933 ἐσθιόντων,
613 1869 707 1923 καὶ
754 1869 1159 1925 συλλαλούντων
1214 1871 1486 1942 ἀλλήλοις,
1517 1872 1847 1943 ἐπιτιμήσας

1964 1877 2100 1933 rent,
2160 1874 2465 1939 mutuoque
2524 1866 2994 1938 colloquerentur,
3048 1865 3336 1938 increpitis
3388 1866 3534 1935 illis,

183 1970 192 1978 ‘
256 1963 444 2026 αὐτοῖς
478 1958 600 2016 εἷπε
618 1979 631 1992 ·
670 1964 952 2028 Σιωπᾶτε,
999 1964 1250 2034 ἀδελφοί·
1291 1959 1430 2019 εἶδον
1469 1964 1582 2035 ἐγὼ
1618 1963 1846 2033 ἀδελφὸν

260 2047 510 2101 ἐσθίοντα
572 2049 690 2119 μεθ’
754 2050 938 2121 ὑμῶν,
998 2052 1094 2105 καὶ
1157 2052 1383 2107 πίνοντα
1445 2054 1684 2126 ποτήρια
1745 2054 1847 2109 ὅσα.

260 2143 418 2212 ὑμεῖς
462 2142 529 2206 τ’,
568 2143 662 2197 καὶ
706 2144 740 2215 ή
791 2145 926 2216 εὐχὴ
967 2145 1134 2201 αὐτοῦ
1168 2146 1448 2201 ἀναϐαίνει
1481 2146 1712 2203 ἐνώπιον
1752 2146 1845 2202 τοῦ

257 2233 396 2289 θεοῦ
429 2235 508 2298 ὡς
541 2235 674 2307 πῦρ.

330 2326 392 2380 ε’.
427 2325 656 2395 Ἔλεγον
686 2327 815 2398 περὶ
840 2326 934 2382 τοῦ
958 2328 1105 2384 ὰϐϐἄ
1137 2330 1380 2397 Ἡσαΐου,
1415 2332 1498 2385 ὅτι
1527 2332 1659 2386 ποτὲ
1678 2330 1845 2387 ἔλαϐε

258 2418 493 2481 θαλλίον.
536 2421 631 2474 καὶ
671 2419 915 2491 ἀπῆλθεν
961 2422 1042 2486 εἰς
1068 2422 1169 2494 τὴν
1206 2422 1408 2490 ἅλωνα,
1450 2424 1544 2478 καὶ
1584 2423 1731 2494 λέγει
1769 2423 1847 2496 τῷ

259 2510 499 2582 γεούχῳ’
534 2510 637 2575 Δός
692 2528 784 2581 μοι
825 2514 991 2568 σῖτον.
1037 2513 1149 2567 Καὶ
1192 2513 1340 2583 λέγει
1380 2512 1563 2585 αύτῷ·
1612 2515 1724 2569 Καὶ
1775 2516 1843 2569 σὺ

257 2601 526 2671 ἑθέρισας,
576 2602 754 2670 ἀ66ἄ;
809 2604 999 2673 Λέγει·
1046 2605 1197 2676 Οὐχί.
1255 2606 1364 2660 Καὶ
1419 2604 1567 2676 λέγει
1614 2606 1765 2678 αύτῷ
1817 2608 1846 2661 6

257 2699 510 2765 γεοῦχος·
549 2695 674 2759 Πῶς
715 2691 809 2750 οὖν
844 2695 1018 2760 θέλεις
1064 2700 1209 2751 σῖτον
1236 2696 1439 2761 λαϐεῖν,
1478 2697 1553 2770 μὴ
1587 2697 1843 2770 θερίσας;

256 2788 367 2842 Καὶ
393 2787 544 2856 λέγει
571 2788 721 2859 αὐτῷ
756 2789 785 2842 6
810 2789 1015 2859 γέρων·
1057 2789 1268 2843 Οὐκοῦν
1292 2790 1389 2843 ὲάν
1418 2790 1493 2861 μή
1516 2806 1600 2853 τις
1629 2787 1842 2863 θερισῃ,

256 2880 315 2931 ού
362 2879 632 2951 λαμϐάνει
691 2879 911 2951 μισθόν;
970 2881 1132 2951 Λέγει
1176 2883 1205 2934 ὁ
1251 2881 1505 2953 γεοιῖιχος⁸
1547 2880 1702 2952 οὐχί.
1733 2881 1846 2934 Καὶ

255 2970 427 3034 οὔτως
461 2969 813 3041 ἀνεχώρησεν
848 2972 878 3023 6
911 2971 1113 3043 γέρων.
1167 2973 1230 3027 Οί
1260 2972 1320 3027 δὲ
1361 2971 1601 3041 ἀδελφοὶ,
1645 2971 1846 3037 ἰδόντες

257 3063 306 3114 τί
329 3061 610 3132 ἐποίησεν,
638 3059 831 3115 ἔϐαλον
863 3061 1013 3133 αὐτῷ
1045 3063 1358 3133 μετάνοιαν,
1393 3060 1846 3137 παρακαλοῦντες

261 3152 452 3223 μαθεῖν
501 3152 554 3205 τί
599 3151 760 3206 τοῦτο
812 3152 1057 3225 ἐποίησε.
1102 3153 1267 3222 Λέγει
1317 3154 1503 3217 αὐτοῖς
1551 3155 1581 3208 6
1628 3153 1842 3226 γέρων·

258 3337 319 3389 ού
352 3334 622 3407 λαμϐάνει
650 3335 840 3407 μισθὸν
869 3336 1021 3410 παρά
1043 3336 1138 3391 τοῦ
1166 3336 1323 3391 Θεοῦ.

330 3515 407 3581 ς’.
458 3515 520 3569 '0
566 3515 731 3581 αὐτὸς
780 3515 956 3581 ἀϐϐἄς
1015 3517 1243 3582 Ἡσαΐας
1295 3516 1523 3572 ἐκάλεσέ
1570 3534 1693 3571 τινα
1733 3515 1844 3572 τῶν

259 3606 525 3677 ἀδελφῶν,
573 3608 669 3662 καὶ
713 3607 894 3679 ἔνιψεν
934 3609 1100 3664 αὑτοῦ
1143 3611 1270 3674 τοὺς
1317 3609 1509 3676 πόδας,
1557 3609 1653 3664 καὶ
1684 3607 1844 3663 ἔϐαλε

261 3698 435 3770 δράκα
464 3696 641 3768 φακοῦ
686 3699 769 3762 είς
803 3698 1038 3771 χύτραν,
1074 3699 1168 3754 καὶ
1204 3701 1281 3763 οὓς
1314 3699 1535 3772 ἔϐρασε,
1576 3700 1843 3771 κατήνεγ-

264 3809 354 3845 κεν
380 3791 573 3862 αὑτήν.
610 3790 721 3844 Καὶ
744 3790 893 3861 λέγει
919 3791 1069 3863 αὐτῷ
1101 3794 1130 3846 6
1158 3790 1418 3862 ἀδελφός
1450 3788 1617 3846 Οὔπω
1642 3789 1841 3861 ἑψήθη,

264 3884 421 3941 ἁϐϐᾶ.
449 3884 562 3939 Καὶ
595 3883 745 3954 λέγει
784 3884 934 3956 αὐτῷ
955 3901 970 3914 ·
1013 3886 1129 3940 Οὐκ
1158 3886 1322 3958 ἀρκεῖ
1358 3903 1440 3940 σοι
1485 3886 1567 3939 ὅτι
1606 3884 1743 3949 ὅλως
1770 3876 1847 3937 εῖ-

264 3976 348 4039 δες
377 3976 423 4009 “
455 3976 742 4048 λαμπρόν;
777 3979 873 4031 καὶ
904 3976 1042 4049 αὕτη
1088 3978 1300 4049 μεγάλη
1331 3976 1698 4049 παράκλησις.

332 4068 396 4132 ζ’.
432 4067 643 4138 Ἔλεγε·
678 4070 863 4135 πάλιν,
923 4069 1005 4123 δτι
1071 4068 1195 4123 Ἐὰν
1245 4068 1373 4140 θέλῃ
1414 4069 1442 4121 6
1486 4068 1618 4133 Θεὸς
1667 4067 1845 4140 ψυχὴν

266 4160 507 4231 ἐλεῆσαι,
536 4160 676 4233 αὐτὴ
712 4161 771 4215 δὲ
797 4161 1088 4234 ἀφηνιάζει
1133 4162 1227 4216 καὶ
1265 4162 1366 4214 οὐκ
1395 4160 1668 4231 ἀνέχεται,
1706 4154 1847 4213 ἀλλά

266 4252 324 4306 τὸ
350 4253 564 4325 θέλημα
592 4253 763 4324 αὐτῆς
791 4256 951 4318 ποιεῖ,
982 4256 1260 4324 συγχωρεῖ
1285 4252 1456 4323 αὐτὴν
1479 4250 1674 4304 παθεῖν
1701 4248 1846 4321 ἅπερ

267 4347 324 4398 οὐ
350 4345 513 4411 θέλει,
548 4345 636 4401 ἵνα
658 4344 831 4410 οὕτως
862 4345 1025 4399 αὑτὸν
1053 4342 1381 4416 ἐπιζητήσει.

335 4446 400 4512 η’.
443 4437 637 4509 Ἔλεγε
674 4439 856 4507 πάλιν,
901 4438 983 4493 ὅτι
1040 4437 1232 4492 Ἡνίκα
1267 4453 1353 4501 τις
1388 4435 1639 4507 βούλεται
1673 4434 1846 4490 κακὸν

270 4532 382 4585 ἀντὶ
411 4532 582 4587 κα.κοῦ
612 4529 1186 4595 ἀποδοῦναι,-δύναται
1215 4530 1308 4584 καὶ
1332 4529 1421 4585 διὰ
1444 4529 1712 4601 νεύματος
1747 4528 1848 4600 μό·-

271 4643 356 4678 van
395 4625 593 4697 βλάψαι
624 4624 725 4696 τὴν
754 4624 1057 4695 συνείδησιν
1089 4623 1184 4678 τοῦ
1217 4620 1472 4693 ἀδελφοῦ.

336 4717 399 4773 0'.
464 4716 525 4771 ὐ
574 4716 738 4781 αὐτὸς
791 4714 967 4781 ἀϐϐᾶς
1028 4715 1258 4780 Ἡσαΐας
1298 4713 1582 4787 ἠρωτήθη,
1628 4712 1685 4768 τί
1731 4715 1848 4768 ἐστι

271 4808 633 4881 φιλαργυρία,
676 4806 774 4863 καὶ
830 4805 1135 4879 ἀπεκρίθη·
1182 4806 1257 4861 Τὸ
1306 4806 1382 4878 μὴ
1428 4803 1720 4860 πιστεῦσαι
1768 4802 1849 4875 τῷ

339 4968 380 5000 ’⁸
411 4968 497 5022 Al.
525 4963 621 5022 ἶσα
660 4965 835 5038 ὑμῶν.
923 4966 971 4998 ⁸⁸
995 4966 1082 5022 Al.
1110 4960 1237 5020 εἶδε.

336 5123 449 5195 (48)
480 5121 786 5192 Ἄρχαρίῳ,
824 5120 1061 5195 Neritio,
1098 5119 1394 5195 incipienti;
1431 5120 1610 5195 tironi.
1644 5116 1828 5195 Yulga

272 5190 355 5249 ris
377 5190 509 5256 vox,
533 5190 676 5263 qua:
708 5199 889 5263 exstat
934 5193 1098 5263 etiam
1130 5191 1283 5263 apud
1322 5190 1843 5263 Macarinmbomil.

272 5268 333 5318 lii
364 5278 418 5320 et
451 5263 541 5330 16,
572 5260 638 5318 et
679 5265 734 5317 in
775 5262 1011 5318 Schoiiis
1053 5263 1119 5317 ad
1155 5260 1374 5332 Scalam
1396 5261 1662 5332 paradisi,
1701 5260 1843 5332 duo-

269 5337 485 5389 decimi)
525 5336 581 5388 in
608 5333 839 5403 gradum
868 5332 959 5396 26,
991 5344 1045 5386 et
1067 5341 1221 5403 sexto
1247 5334 1300 5387 in
1326 5330 1418 5403 28:.
1447 5332 1554 5387 Sed
1579 5332 1632 5384 in
1657 5330 1848 5403 primis

272 5406 445 5458 uiolari
484 5401 769 5458 merentur
798 5418 920 5472 quae
961 5405 1074 5471 ipse
1105 5402 1343 5459 Joannes
1371 5402 1647 5458 Climacus
1687 5401 1850 5472 habet

273 5474 444 5545 gradu
468 5476 522 5528 4.
554 5472 687 5527 Nam
721 5470 846 5545 cum
870 5470 1097 5545 dixisset
1127 5489 1179 5542 p.
1228 5473 1336 5545 ὕες)
1384 5474 1472 5545 Ἐν
1503 5474 1569 5542 τῇ
1605 5470 1852 5545 έσχάτων

272 5541 551 5616 ἇρχαρίων
570 5615 575 5616 γ
596 5543 937 5616 κατατάττεε
949 5541 1144 5616 Ῠχώρᾳ,
1191 5542 1474 5616 subiungit
1499 5614 1507 5616 Α
1520 5541 1851 5616 quibusdam

273 5609 615 5683 inim-positis
670 5629 722 5683 p.
766 5613 833 5667 59
866 5633 880 5668 :
912 5609 1020 5667 Ἦν
1050 5609 1178 5666 ἰδεῖν
1212 5609 1421 5683 ,πολιάν
1457 5609 1735 5681 αἰδέσιμον
1794 5610 1853 5663 ὲν

272 5688 333 5754 τῇ
359 5682 607 5767 ἀρχαῖκῇ
633 5682 928 5767 διαγούσαν
969 5684 1140 5767 agger.
1183 5682 1284 5764 Ubi
1328 5683 1393 5767 ad
1431 5685 1728 5752 marginem
1758 5695 1857 5767 apt

277 5752 511 5822 ιςιίιεςίίίιι·
538 5752 651 5807 τῶν
679 5755 982 5826 ἀρχαρίων.
1013 5752 1187 5816 Unde.
1228 5753 1373 5809 sicut
1401 5768 1467 5809 ex
1501 5767 1686 5820 sensu,
1711 5759 1858 5822 patet

277 5838 450 5882 ιιλςιιιι
492 5826 790 5883 lectionem
811 5839 933 5880 esse
962 5826 1255 5899 ἀρχαρικῇ.

1953 1960 2194 2016 dixerit:
2228 1958 2449 2026 Tacete,
2486 1958 2725 2028 fratres;
2758 1962 3019 2031 conspexi
3051 1972 3155 2031 ego
3179 1959 3405 2015 fratrem
3436 1972 3537 2015 vo-

1953 2051 2168 2107 biscum
2228 2056 2565 2116 vescenlem,
2623 2050 2966 2122 totidemque
3015 2052 3218 2107 calices
3257 2050 3537 2107 bibentem

1953 2155 2019 2197 ac
2048 2156 2164 2207 vos,
2196 2140 2358 2212 cujus
2385 2140 2635 2212 precatio
2662 2142 2814 2198 velut
2856 2142 3000 2214 ignis
3029 2142 3279 2199 ascendit
3304 2142 3360 2198 in
3397 2154 3532 2197 con-

1953 2241 2198 2306 spectum
2222 2232 2341 2291 Dei.
2729 2248 2737 2255 '

2024 2326 2078 2381 5.
2117 2324 2443 2396 Accepimus
2467 2325 2536 2383 de
2568 2327 2769 2385 abbate
2807 2325 2994 2394 Esaia,
3040 2326 3189 2399 quod
3235 2324 3534 2397 aliquando

1953 2418 2188 2489 sumpsit
2224 2432 2462 2485 ramum,
2500 2427 2557 2478 et
2592 2421 2662 2477 ad
2689 2436 2876 2479 aream
2905 2419 3186 2493 profectus
3220 2427 3326 2488 est,
3368 2417 3536 2475 dixit-

1953 2525 2061 2581 que
2092 2517 2252 2566 terrae
2296 2510 2558 2568 domino:
2601 2510 2679 2566 Da
2718 2512 2851 2568 mihi
2881 2512 3242 2570 frumentum.
3275 2511 3366 2567 Ait
3406 2510 3531 2567 ille:

1953 2601 2108 2659 Tune
2146 2605 2453 2668 messuisti,
2505 2604 2684 2661 abba?
2726 2603 3109 2678 Nequaquam,
3145 2605 3346 2676 inquit.
3392 2602 3532 2659 Tum

1951 2710 2243 2767 possessor
2299 2716 2313 2751 :
2351 2696 2635 2763 Quomodo
2684 2697 2851 2770 igitur
2897 2698 3233 2753 frumentum
3278 2698 3535 2767 accipere

1951 2787 2059 2853 vis,
2093 2787 2190 2858 qui
2226 2802 2337 2843 non
2373 2789 2689 2845 messuisti?
2726 2791 2791 2844 At
2833 2804 3036 2846 senex:
3074 2787 3191 2843 Nisi
3230 2802 3361 2857 ergo
3390 2800 3534 2843 mes-

1952 2878 2125 2935 suerit
2156 2879 2302 2951 quis,
2325 2894 2437 2936 non
2467 2881 2613 2952 capit
2644 2881 2993 2937 mercedem?
3022 2879 3310 2952 Agricola:
3345 2877 3536 2934 Nulla-

1952 2976 2136 3026 tenus.
2171 2970 2352 3041 Atque
2387 2972 2464 3026 ita
2498 2973 2729 3028 recessit
2756 2986 2945 3028 senex.
2974 2969 3195 3026 Fratres
3230 2976 3414 3023 autem
3445 2969 3533 3023 in-

1950 3061 2073 3117 tuiti
2095 3060 2225 3133 quid
2251 3060 2491 3128 fecisset,
2512 3063 2775 3118 inclinato
2803 3076 3058 3134 corpore,
3082 3059 3535 3132 supplicaverunt

1951 3153 2024 3221 ei,
2060 3161 2121 3209 ut
2168 3154 2438 3210 rationem
2480 3154 2610 3210 facti
2662 3156 3046 3212 edocerentur.
3088 3153 3247 3210 Tunc
3294 3152 3361 3208 ad
3406 3150 3536 3208 illos

287 3243 605 3315 Υπόδειγμα
626 3244 761 3298 αὐτὸ
784 3244 1040 3315 ἐποίησα,
1069 3245 1152 3300 ὅτι
1178 3246 1273 3300 ἐὰν
1306 3247 1380 3318 μή
1406 3262 1490 3310 τις
1518 3246 1841 3319 ἐργάσηται,

1964 3259 2117 3304 senex
2150 3244 2326 3312 :Hoc,
2375 3246 2573 3319 inquit,
2609 3248 2676 3303 ad
2719 3247 3030 3319 exemplum
3080 3244 3209 3312 feci,
3232 3247 3385 3318 quod
3426 3250 3534 3307 nisi

1945 3339 2071 3410 quis
2095 3347 2356 3409 operatus
2376 3338 2565 3408 fuerit,
2599 3353 2708 3394 non
2735 3347 3103 3412 percepturus
3124 3337 3197 3394 sit
3225 3338 3530 3395 mercedem

1946 3443 1980 3484 a
2005 3427 2137 3486 Deo.

2019 3520 2076 3579 6.
2118 3521 2265 3579 Idem
2303 3522 2473 3579 abbas
2506 3521 2721 3588 Esaias,
2755 3520 3051 3592 quemdam
3092 3519 3325 3575 fratrum
3373 3533 3533 3576 voca-

1945 3614 2025 3671 vit
2052 3614 2123 3670 ad
2152 3630 2234 3680 se,
2272 3614 2515 3685 lavitque
2543 3612 2713 3684 pedes
2742 3612 2892 3684 ejus;
2933 3618 2989 3667 et
3025 3611 3234 3684 pugillo
3261 3610 3532 3667 lenticula:

1946 3706 2005 3761 in
2033 3706 2200 3762 ollam
2236 3707 2429 3775 misso,
2462 3714 2755 3777 postquam
2785 3702 3115 3770 ebulliisset,
3152 3702 3355 3758 attulit.
3385 3700 3531 3756 Dicit

1946 3798 1997 3853 ei
2030 3797 2238 3855 frater:
2269 3797 2391 3855 Non
2432 3798 2569 3855 satis
2602 3804 2763 3854 cocta
2807 3804 2914 3863 est,
2942 3795 3118 3864 abba;
3151 3801 3270 3851 tum
3298 3794 3528 3850 Esaias:

1946 3888 2139 3948 Nonne
2170 3893 2270 3949 tibi
2301 3892 2503 3949 suiﬁcit
2545 3891 2691 3963 quod
2724 3890 2951 3946 omnino
2985 3890 3166 3961 ignem
3198 3886 3440 3942 viderit?
3465 3884 3535 3940 Et

1947 3982 2053 4038 hoc
2087 3999 2341 4054 magnum
2381 3983 2638 4039 solatium
2672 3988 2774 4037 est.

2020 4077 2070 4131 7.
2114 4075 2259 4131 Dixit
2281 4092 2504 4132 rursus:
2535 4075 2591 4130 Si
2619 4074 2760 4128 Deus
2781 4069 3015 4127 voluerit
3032 4068 3231 4123 anima:
3252 4065 3530 4133 misereri,

1948 4166 2067 4237 ipsa
2101 4183 2230 4221 vero
2263 4176 2559 4222 contumax
2588 4179 2697 4219 non
2731 4160 3081 4223 sustinuerit,
3115 4157 3214 4215 sed
3247 4156 3439 4213 fecerit
3462 4171 3530 4212 ex

1947 4258 2235 4312 voluntate
2260 4271 2383 4320 sua,
2421 4254 2690 4326 permittit
2714 4252 2827 4323 pati
2856 4265 2977 4307 eam
3013 4262 3134 4319 qua:
3164 4262 3276 4303 non
3304 4248 3441 4313 vult,
3475 4255 3537 4302 ut

1950 4349 2032 4406 sic
2054 4348 2232 4418 ipsum
2268 4348 2538 4418 inquirat.

2019 4438 2073 4494 8.
2115 4437 2195 4492 ita
2226 4437 2391 4492 etiam
2419 4432 2636 4492 locutus
2664 4444 2785 4493 est:
2809 4431 3041 4501 Quando
3064 4431 3181 4487 vult
3201 4428 3408 4501 aliquis
3430 4442 3537 4485 ma-

1953 4531 2063 4586 lum
2087 4545 2188 4602 pro
2215 4530 2360 4587 malo
2391 4530 2641 4596 reddere,
2677 4536 2860 4601 potest
2894 4527 2978 4584 vel
3009 4534 3145 4583 nutu
3191 4527 3310 4583 solo
3342 4521 3538 4581 ledere

1955 4620 2144 4678 fratris
2169 4621 2586 4679 conscientiam.

2026 4712 2081 4769 9.
2119 4712 2264 4769 idem
2295 4713 2465 4769 abbas
2490 4710 2681 4768 Esaias
2706 4712 3116 4780 interrogatus:
3140 4705 3280 4773 Quid
3304 4711 3391 4760 est
3415 4717 3540 4758 ava-

1956 4803 2123 4860 ritia?
2147 4805 2467 4875 respondit:
2500 4802 2618 4858 Non
2643 4801 2869 4858 credere
2897 4799 3030 4865 Deo,
3065 4797 3212 4870 quod
3238 4796 3317 4853 tui
3343 4809 3537 4853 curam

2026 5114 2138 5188 (69)
2173 5112 2545 5188 '00xep_1-dp
2577 5110 2851 5188 δένδρον.
2876 5108 2934 5165 In
2953 5108 3114 5188 Esaia
3141 5108 3522 5188 seu_lsaia“im_c

1953 5178 2343 5259 presso,70rat.
2609 5178 2768 5259 dictis
2793 5196 2920 5259 qua:
2945 5180 3135 5259 Petrus
3175 5178 3343 5233 abbas
3373 5178 3537 5259 disci.

1951 5249 2108 5328 putus
2145 5249 2259 5327 ejus
2312 5272 2374 5315 ei:
2418 5256 2513 5310 illo
2554 5255 2774 5323 accepit,
2801 5249 2850 5306 et
2880 5251 3074 5328 litteris
3107 5249 3538 5328 commendarat:

1957 5320 2129 5383 Ἀνιτοτ
2155 5320 2271 5397 quae
2299 5328 2578 5397 irrigatur,
2611 5320 2713 5397 non
2739 5322 2951 5397 arescit,
2977 5320 3068 5397 sed
3094 5321 3331 5397 fructum
3361 5320 3541 5397 affert:

1962 5398 2033 5452 Ex
2074 5388 2178 5454 ms.
2228 5388 2419 5450 autem'
2451 5395 2787 5455 Gallici-tino,
2828 5393 2931 5463 sub
2983 5388 3164 5456 titulo,
3208 5388 3419 5463 ρρῆνοι
3447 5388 3541 5444 τοῦ

1958 5468 2103 5522 ἀϐϐᾱ
2152 5467 2399 5518 Ἡσαΐου.
2442 5464 2664 5534 Δένδρον
2718 5462 3077 5534 ποτιζόμενονΔ
3126 5459 3269 5534 x590"
3302 5459 3539 5532 ἡμέραν,

1959 5539 2090 5592 ποτε
2139 5530 2651 5604 ξηραίνεταιναύτοῦ
2686 5536 2717 5603 ἡ
2757 5532 2881 5604 ῥίζα
2908 5530 2999 5604 si;
3031 5530 3093 5604 τὸ
3116 5530 3213 5604 *μὴ
3266 5530 3543 5604 καρποφο-

1962 5598 2166 5682 ρῆσαιξ
2189 5598 2304 5682 Hoc
2322 5614 2427 5682 est,
2449 5598 3004 5682 Arbor‘qule'quotidie
3028 5598 3312 5682 irrigatur,
3331 5598 3543 5673 ᾁιιαιιάο

1963 5671 2156 5732 arescit
2184 5676 2343 5728 mdia:
2371 5675 2484 5743 ejus
2522 5682 2577 5728 ιιι
2610 5671 2844 5741 fructum
2880 5687 2982 5727 non
3013 5671 3298 5743 proferat?

1984 5766 1991 5771 ·
2034 5748 2143 5819 (50)
2183 5746 2288 5800 Vit.
2325 5744 2478 5804 Patr.
2512 5759 2607 5810 xu,
2639 5744 2689 5799 7.

3439 395 3544 451 £83
3656 420 3661 425 ο
