3982 6336
450 419 555 479 £85

1621 419 1964 477 APPENDIX
2007 419 2099 476 AD
2137 416 2564 475 PALLADlUM.

3619 406 3727 466 £86

447 535 740 610 suscipiat,
763 539 1056 609 desperare
1078 535 1148 594 de
1183 540 1646 610 promissionibus
1677 540 1793 608 Dei,
1831 550 1885 597 et
1917 559 2033 596 am-

2154 540 2277 612 Βεῷ,
2331 542 2414 594 ὅτι
2462 539 2699 594 ποιεῖταὶ
2743 552 2834 588 σου
2891 532 3168 605 φροντίδα,
3224 529 3318 584 καὶ
3367 529 3430 582 τὸ
3487 526 3727 584 ἀπελπί-

446 627 838 700 plilicationem
866 627 1144 685 aﬂ'ectare.

521 806 612 864 ιθ.
654 804 1034 879 interrogatus
1059 817 1145 867 est
1187 811 1378 878 etiam,
1409 813 1542 884 quid
1569 824 1716 870 esset
1741 815 2031 872 detractio.

449 900 516 955 Et
537 899 859 972 respondit:
900 899 1020 957 Non
1049 916 1386 976 cognoscere
1411 907 1643 978 gloriam
1678 906 1802 973 Dei;
1830 916 2027 978 atque:

451 989 658 1047 invidia
688 1005 818 1062 erga
846 993 1184 1064 proximum.

522 1085 610 1140 il.
647 1083 1024 1156 Interrogatus
1047 1087 1254 1158 pariter
1277 1089 1342 1145 de
1372 1089 1476 1158 ira;
1493 1105 1826 1162 responsum
1851 1093 2030 1150 dedit:

453 1177 532 1233 ira
559 1186 645 1236 est
670 1177 982 1244 contentio,
1014 1186 1070 1236 et
1096 1179 1467 1249 mendacium,
1499 1191 1553 1238 et
1579 1185 1909 1255 ignorantia.

1010 1289 1082 1346 De
1114 1290 1304 1348 abbate
1342 1291 1488 1349 Elia.

523 1404 576 1458 t.
619 1402 734 1476 (51)
775 1403 925 1462 Dixit
957 1403 1131 1462 abbas
1155 1402 1341 1463 Elias:
1374 1405 1512 1463 Tres
1543 1422 1646 1479 ego
1695 1422 1788 1465 res
1835 1409 2031 1480 timeo;

450 1510 576 1552 cum
609 1496 793 1552 anima
821 1510 944 1554 mea
973 1511 1270 1569 egressura
1288 1504 1374 1554 est
1402 1512 1434 1554 e
1466 1513 1737 1570 corpore;
1770 1514 1896 1555 cum
1923 1499 2036 1558 Deo

449 1587 919 1657 repraesentabor;
946 1596 1002 1645 et
1027 1603 1155 1645 cum
1183 1588 1453 1647 adversus
1479 1606 1567 1648 me
1593 1592 1926 1664 proferenda
1949 1602 2037 1650 est

451 1681 749 1738 sententia.
1962 1669 2010 1680 θ

519 1771 576 1824 2.
610 1769 726 1841 (52)
755 1769 1024 1828 Dicebant
1044 1787 1207 1832 senes
1237 1773 1423 1830 abbati
1451 1773 1582 1830 Elia:
1619 1775 1674 1830 in
1706 1774 1944 1847 Egypto
1968 1774 2037 1834 de

2134 648 2224 685 σαι
2278 632 2385 685 τῶν
2445 627 2791 699 ἐπαγγελιῶν
2834 625 2929 681 τοῦ
2971 624 3110 679 Θεοῦ
3165 623 3260 677 καὶ
3297 623 3341 654 ⁸³
3388 620 3726 692 φιλοπλατύ-

2134 725 2340 777 νεσθαι.
3547 788 3576 804 ο

2209 820 2259 867 ι’.
2300 812 2589 885 Ἦρωτήθη
2643 812 2826 877 πάλιν,
2855 811 2908 864 τί
2945 811 3062 862 ἐστι
3101 805 3430 870 καταλαλιά,
3487 807 3584 860 καὶ
3619 806 3732 860 ἀπ-

2134 906 2357 979 εκρίθη’
2397 907 2470 961 Τὸ
2517 907 2591 978 μὴ
2636 902 2895 975 γνῶναι⁸²
2911 901 3008 974 τὴν
3024 899 3184 969 δόξαν
3212 899 3308 953 τοῦ
3355 898 3490 954 Θεοῦ
3526 898 3596 964 ⁸³,
3631 897 3730 952 καὶ

2131 997 2331 1063 Φθόνος
2369 998 2505 1070 πρὸς
2530 997 2621 1051 τὸν
2661 996 2910 1068 πλησίον.

2207 1096 2298 1144 ια’.
2341 1087 2630 1161 Ἦρωτήθη
2661 1089 2842 1156 πάλιν,
2868 1089 2922 1142 τί
2954 1090 3102 1142 ἐστιν
3140 1085 3280 1160 ὀργὴ
3303 1127 3319 1152 ,
3352 1086 3447 1140 καὶ
3492 1083 3728 1156 ἀπεκρί-

2136 1183 2239 1254 θηο
2279 1181 2436 1255 Ἔρις
2463 1183 2534 1246 ⁸⁵,
2565 1182 2660 1236 καὶ
2687 1181 2906 1250 ψεῦδος,
2941 1180 3037 1234 καὶ
3070 1177 3338 1249 ἀγνωσία.

2575 1295 2714 1365 Περὶ
2747 1293 2852 1349 τοῦ
2881 1291 3033 1348 ἀϐϐᾶ
3074 1291 3257 1347 Ἠλία.

2206 1418 2276 1466 a'.
2307 1405 2476 1464 Εἶπεν
2511 1409 2541 1462 6
2572 1407 2748 1471 ἀϐϐᾶς
2791 1404 3000 1469 Ἠλίας
3054 1401 3198 1472 Ἐγὼ
3240 1400 3368 1473 τρία
3419 1398 3729 1472 πράγματα

2136 1501 2409 1574 φοϐοῦμαι
2428 1518 2442 1532 ·
2475 1501 2602 1554 ὅταν
2640 1498 2812 1572 μέλλῃ
2839 1498 2873 1568 ἡ
2897 1497 3042 1568 ψυχή
3081 1511 3183 1566 μου
3217 1491 3452 1559 ἐξελθεῖν
3487 1492 3594 1546 ἀπὸ
3626 1491 3726 1546 τοῦ

2138 1591 2408 1665 σώματος,
2451 1591 2546 1647 καὶ
2585 1591 2713 1646 ὅταν
2756 1588 2936 1661 μέλλω
2979 1587 3059 1657 τῷ
3099 1585 3220 1657 Θεῷ
3253 1585 3587 1657 ἀπαντῆσαι,
3627 1585 3729 1639 καὶ

2135 1689 2264 1744 ὅταν
2295 1687 2462 1760 μέλλῃ
2492 1687 2526 1758 ἡ
2561 1684 2835 1756 ἀπόφασις
2861 1681 3096 1748 ἐξελθεῖν
3128 1683 3250 1734 κατ’
3277 1678 3442 1752 ἐμοῦ.

2210 1780 2276 1852 β’.
2325 1779 2550 1849 Ἔλεγον
2605 1777 2957 1849 οῇγέροντες
3010 1773 3090 1847 τῷ
3120 1773 3266 1845 ἀϐΰᾷ
3307 1772 3467 1843 Ἦλίᾳ
3514 1772 3598 1834 είς
3631 1772 3727 1823 Al—

448 1857 646 1914 abbate
667 1858 954 1930 Agathone
996 1879 1010 1916 :
1039 1859 1226 1918 Bonus
1253 1863 1425 1920 abbas
1477 1871 1583 1921 est.
1610 1864 1702 1918 Ait
1724 1865 1806 1920 eis
1829 1879 2029 1922 senex:

2154 1889 2345 1942 γυπτον
2389 1870 2520 1943 περὶ
2556 1867 2654 1923 τοῦ
2691 1867 2838 1922 ἀεὸᾶ
2881 1864 3208 1934 Ἀγάθωνος,
3268 1864 3350 1917 ὅτι
3396 1861 3575 1925 Καλὸς
3623 1861 3729 1916 6.6-

451 1949 775 2006 Secundum
806 1959 1024 2008 aetatem
1062 1968 1172 2025 qua
1191 1955 1345 2021 vivit,
1360 1955 1539 2013 bonus
1570 1963 1674 2012 est.
1700 1955 2032 2030 Excipiunt:

451 2038 597 2108 Quid
649 2057 781 2098 vero
825 2043 1130 2100 secundum
1177 2047 1474 2118 antiquos?
1524 2048 1865 2120 Respondit:
1908 2050 2033 2108 Dixi

450 2132 632 2200 vobis,
663 2132 813 2204 quod
834 2133 994 2206 juxta
1024 2143 1238 2194 aetatem
1268 2153 1426 2196 suam
1456 2140 1759 2211 praeclarus
1785 2142 1895 2211 sit;
1936 2142 2032 2200 sed

451 2226 601 2298 quod
645 2234 862 2298 spectat
919 2228 989 2282 ad
1022 2239 1251 2297 veteres,
1286 2231 1394 2288 vidi
1441 2233 1720 2290 hominem
1766 2236 1822 2291 in
1861 2235 2030 2304 Sceti,

452 2319 547 2388 qui
577 2327 796 2391 poterat
817 2320 989 2377 solem
1020 2322 1077 2378 in
1107 2323 1250 2380 ctelo
1274 2325 1494 2393 sistere,
1530 2326 1677 2383 sicut
1692 2325 1856 2386 Iesus
1885 2328 2033 2388 ﬁlius

450 2407 641 2466 Navae.
671 2409 794 2478 Quo
814 2411 1028 2480 audito,
1064 2413 1490 2487 obstupuerunt,
1523 2424 1582 2475 et
1610 2418 1841 2490 gloriam
1883 2429 2033 2480 retu-

453 2502 636 2558 lerunt
666 2500 802 2560 Deo.

526 2679 581 2735 3.
625 2679 771 2737 Dixit
803 2682 977 2740 abbas
1021 2683 1194 2752 Elias,
1229 2686 1321 2743 ille
1351 2687 1620 2745 diaconiae
1650 2703 1746 2745 seu
1789 2688 2037 2746 ministe-

455 2771 558 2828 rii:
592 2771 735 2840 Quid
767 2775 909 2832 valet
963 2785 1274 2847 peccatum,
1328 2779 1422 2836 ubi
1457 2789 1543 2836 est
1583 2781 1942 2852 pamitentia?
1983 2789 2038 2840 et

453 2863 585 2936 quid
611 2865 768 2935 juvat
793 2866 1058 2936 charitas,
1090 2869 1182 2926 ubi
1214 2871 1420 2928 residet
1451 2873 1751 2945 superbia?

522 2956 578 3012 4.
621 2956 833 3015 Retulit
884 2960 1058 3018 abbas
1105 2960 1290 3020 Elias:
1325 2961 1450 3020 Vidi
1480 2963 1761 3020 hominem
1794 2967 1888 3036 qui
1925 2965 2038 3021 vini

451 3051 798 3108 cucurbitam
819 3053 1069 3124 capiebat
1086 3055 1192 3112 sub
1219 3055 1443 3110 axillam
1471 3071 1665 3122 suam;
1705 3064 1762 3112 et
1798 3063 1858 3111 ut
1895 3056 2038 3112 infa-

451 3142 620 3204 miam
641 3143 917 3200 inurerem
940 3143 1305 3213 daemonibus,
1335 3147 1483 3217 quod
1505 3147 1834 3218 phantasma
1863 3157 2030 3216 esset,

2135 1963 2238 2028 σᾶς
2268 1963 2314 1995 ⁸⁸
2347 1962 2517 2017 ἐστιν.
2565 1959 2677 2014 Kal
2720 1958 2870 2028 λέγει
2911 1957 3097 2020 αὐτοῖς
3124 1958 3153 2010 ὁ
3181 1955 3396 2028 γέρων·
3432 1954 3589 2008 Κατά
3621 1954 3728 2025 τὴν

2133 2053 2329 2125 γενεὰν
2358 2051 2522 2108 αὑτοῦ
2553 2051 2716 2114 καλός
2747 2052 2886 2108 ἐστι.
2921 2048 3032 2102 Kal
3054 2047 3310 2116 λέγουσιν
3341 2045 3490 2117 αὺτῷ
3512 2062 3528 2076 ⁸
3561 2044 3726 2099 Κατὰ

2132 2145 2190 2200 δὲ
2223 2139 2350 2210 τοὺς
2391 2143 2655 2218 ἀρχαίους
2685 2142 2777 2210 τίς
2821 2140 2928 2196 Kal
2964 2140 3285 2213 ἀποκριθεὶς
3331 2138 3516 2208 λέγει’
3552 2134 3727 2193 Εἶπον

2135 2239 2283 2312 ὑμῖν,
2313 2239 2395 2293 ὅτι
2422 2236 2563 2290 κατά
2599 2235 2698 2307 τὴν
2750 2233 2946 2304 γενεὰν
2985 2230 3152 2286 αὑτοῦ
3185 2230 3347 2294 καλός
3380 2233 3496 2283 ἐστι
3517 2245 3531 2259 ’
3578 2229 3729 2283 κατὰ

2133 2330 2194 2384 δὲ
2222 2330 2350 2393 τοὺς
2375 2327 2656 2401 ἀρχαίους,
2700 2325 2921 2396 ἑώρακα
2951 2323 3236 2397 ἄνθρωπον
3279 2324 3336 2375 ἐν
3382 2322 3604 2393 Σκήτει,
3639 2323 3727 2374 ὅτι

2135 2418 2368 2490 ἠδύνατο
2401 2417 2493 2471 τὸν
2526 2417 2677 2487 ἥλιον
2735 2416 2932 2487 στῆσαι
2967 2415 3026 2468 ἐν
3074 2411 3158 2485 τῷ
3199 2412 3436 2486 οὐρανῷ,
3471 2411 3731 2483 καθάπερ

2149 2509 2353 2580 Ἰησους
2373 2510 2402 2562 6
2433 2507 2527 2561 τοῦ
2565 2507 2711 2561 Ναυῒ
2728 2507 2795 2562 ⁸⁸.
2836 2506 2947 2559 Kal
2973 2505 3131 2559 τοῦτο
3166 2504 3522 2572 ἀκούσαντες,
3553 2503 3730 2574 ἐθαμ-

2137 2600 2405 2674 ϐήθησαν,
2441 2601 2536 2654 καὶ
2569 2599 2827 2665 ἐδόξασαν
2849 2600 2940 2653 τὸν
2965 2599 3128 2654 Θεόν.

2208 2700 2278 2762 γ’.
2315 2691 2483 2747 Εἶπεν
2530 2693 2561 2746 6
2602 2690 2777 2756 ἀϐϐᾶς
2837 2690 3026 2754 Ἠλίας
3071 2691 3100 2744 6
3143 2689 3244 2761 τῆς
3272 2690 3547 2752 διακονίας
3578 2689 3730 2758 (54)·

2138 2787 2204 2842 Τί
2235 2786 2405 2858 ἰσχύει
2427 2787 2694 2860 ἁμαρτία,
2726 2787 2860 2841 ὅπου
2895 2785 3014 2840 ἐστὶ
3051 2785 3344 2858 μετάνοια;
3386 2785 3479 2840 καὶ
3501 2785 3554 2839 τί
3579 2783 3736 2856 ὠφε-

2139 2879 2222 2934 λεῖ
2252 2880 2463 2953 ἀγάπη,
2492 2880 2621 2935 ἔνθα
2647 2881 2793 2935 ἐστὶν
2822 2879 3200 2952 ὑπερηφανίας

2209 2973 2269 3027 δ’.
2303 2969 2470 3027 Εἶπεν
2502 2975 2530 3027 6
2562 2971 2738 3036 ἀϐεᾶς
2781 2971 2989 3034 Ἠλίας,
3028 2972 3112 3025 ὄτι
3153 2967 3308 3026 Εἶδον
3339 2971 3449 3041 ἐγώ
3476 2990 3595 3027 τινα
3628 2972 3732 3026 λα-

2140 3064 2304 3119 ϐόντα
2324 3064 2664 3118 κολοκύντιον
2691 3062 2833 3116 οἴνου
2867 3063 2949 3126 είς
2967 3062 3067 3135 τὴν
3087 3063 3264 3134 μάλην
3287 3063 3454 3118 αὐτοῦ
3473 3081 3486 3097 ·
3521 3064 3614 3117 καὶ
3637 3065 3736 3120 ἵνα

2141 3153 2384 3225 αίσχύνω
2427 3152 2555 3216 τοὺς
2600 3150 2863 3222 δαίμονας
2904 3150 2988 3204 ὅτι
3043 3153 3313 3221 φαντασία
3339 3148 3430 3225 ἦν,
3465 3149 3618 3208 εἶπον
3647 3154 3738 3228 τῷ

451 3234 567 3293 dixi
613 3234 772 3292 fratri
807 3255 820 3292 ς
851 3235 932 3292 Ex
960 3237 1253 3304 cbaritate,
1305 3239 1411 3294 hoc
1462 3254 1648 3295 meum
1692 3241 1841 3298 tolle.
1897 3240 2035 3298 Tum

2154 3245 2384 3317 Ξιδελφῷ·
2415 3243 2649 3316 Ποίησον
2675 3241 2918 3314 ἀγάπην,
2960 3241 3056 3296 καὶ
3091 3238 3226 3314 ἆρόν
3263 3260 3365 3315 μου
3399 3243 3594 3299 τοῦτο·
3634 3245 3738 3300 καὶ

453 3326 676 3386 sublato
701 3327 870 3400 pallio
891 3343 1014 3395 suo,
1044 3329 1181 3385 nihil
1207 3329 1414 3387 habere
1441 3331 1698 3389 inventus
1721 3341 1828 3390 est.
1858 3335 1919 3390 Id
1941 3351 2040 3390 au-

452 3430 562 3475 tem
607 3419 928 3490 prolocutus
967 3435 1114 3487 sum,
1169 3430 1227 3477 ut
1273 3422 1399 3478 licet
1432 3426 1838 3496 conspexeritis
1871 3426 2039 3498 quid-

450 3511 598 3582 piam
626 3511 712 3568 γει
737 3510 1047 3581 audieritis,
1076 3528 1188 3570 non
1215 3513 1538 3573 admittatis.
1570 3515 1828 3584 Quinimo
1852 3521 2042 3577 obser-

454 3610 582 3659 vatc
633 3604 1111 3673 ratiocinationes,
1168 3607 1343 3664 animi
1393 3618 1720 3682 conceptus,
1769 3615 2038 3687 cogitata;

453 3695 696 3753 scientes
739 3695 869 3752 talia
921 3713 952 3753 a
980 3698 1326 3757 daemonibus
1361 3701 1602 3769 immitti,
1633 3720 1744 3775 quo
1797 3708 2038 3763 animam

454 3785 726 3859 polluant,
759 3785 1074 3846 inducenda
1090 3789 1165 3846 ad
1196 3807 1383 3848 rerum
1409 3792 1890 3866 incongruentium
1910 3815 2042 3854 con-

2142 3340 2282 3412 ἇρας
2311 3337 2373 3392 τὸ
2408 3336 2634 3391 πάλλιον
2680 3333 2870 3400 αὑτοῦ,
2915 3333 3114 3407 εὑρέθη
3149 3335 3313 3406 μηδὲν
3361 3334 3522 3407 ἔχων.
3559 3335 3736 3391 Τοῦτο

2141 3431 2198 3485 δέ
2227 3426 2400 3492 εἷπον,
2433 3428 2515 3482 ὄτι
2555 3426 2657 3482 κᾶν
2693 3429 2806 3491 τοῖς
2851 3425 3150 3498 ὀφθαλμοῖς
3192 3425 3341 3498 ἴδητέ
3381 3444 3467 3492 τι,
3500 3426 3532 3497 ἧ
3565 3427 3738 3482 ἀκού-

2143 3539 2296 3594 σητε,
2341 3523 2416 3594 μὴ
2443 3518 2829 3592 καταδέξησθε.
2874 3519 3034 3590 Πόσῳ
3087 3519 3287 3590 μᾶλλον
3341 3521 3561 3590 τηρεῖτε
3601 3521 3739 3586 τοὺς

2139 3615 2524 3688 διαλογισμοὺς
2567 3613 2663 3668 καὶ
2701 3612 2802 3677 τὰς
2848 3611 3179 3684 ἐνθυμήσεις
3222 3612 3318 3668 καὶ
3360 3610 3461 3674 τὰς
3498 3611 3732 3676 ἐννοίας,

2141 3705 2342 3771 είδότες
2371 3707 2453 3760 ὅτι
2486 3704 2641 3760 αὐτοὶ
2669 3701 3033 3774 ἐμϐάλλουσιν
3059 3701 3222 3764 αὐτὰ,
3258 3701 3346 3755 ἴνα
3375 3701 3607 3773 μιάνωσι
3628 3702 3736 3774 τὴν

2138 3799 2320 3871 ψυχὴν
2351 3796 2661 3866 λογίζεσθαι
2691 3795 2764 3850 τὰ
2801 3794 2876 3866 μὴ
2943 3794 3316 3866 συμφέροντα,
3370 3795 3464 3848 καὶ
3505 3795 3591 3848 ἵνα
3630 3795 3735 3848 ἀπ-

456 3877 872 3947 siderationem,
909 3887 1081 3952 utque
1137 3891 1380 3941 mentem
1432 3897 1668 3944 avocent
1713 3903 1746 3944 a
1800 3891 2035 3962 propriis

2154 3891 2488 3964 ισχολήσωσι
2527 3889 2620 3943 τὸν
2650 3887 2777 3943 νοῦν
2806 3885 2916 3942 ἀπὸ
2947 3884 3058 3940 τῶν
3091 3887 3377 3959 ἁμαρτιῶν
3400 3887 3587 3952 αὑτοῦ,
3633 3889 3734 3941 καὶ

453 3971 695 4039 peccatis
725 3979 891 4044 atque
911 3990 942 4030 a
971 3973 1104 4032 Deo.

525 4059 580 4116 5.
619 4059 798 4119 Etiam
861 4064 1003 4122 hanc
1053 4067 1284 4138 protulit
1343 4071 1723 4128 sententiam:
1781 4071 2042 4131 Homines

2139 3985 2445 4132 10:28:31;
2476 4074 2638 4130 πάλιν
2659 4090 2672 4105 ⁸
2719 4075 2782 4129 Ol
2817 4074 3100 4148 ἄνθρωποι
3147 4072 3238 4128 τὸν
3276 4072 3400 4126 νοῦν
3431 4070 3665 4142 ἔχουσιν,
3696 4070 3733 4142 ἢ

456 4163 696 4210 mentem
729 4157 937 4213 habent
966 4160 1236 4219 intentam
1265 4161 1352 4220 vel
1379 4163 1448 4220 ad
1474 4175 1718 4238 peccata,
1751 4167 1836 4225 vel
1862 4167 1932 4224 ad
1957 4167 2035 4226 Je-

2154 4171 2223 4235 είς
2250 4169 2350 4234 τὰς
2391 4168 2684 4241 ἁμαρτίας,
2714 4168 2749 4240 ἢ
2790 4167 2925 4240 πρὸς
2958 4167 3051 4223 τδν
3091 4163 3320 4236 Ἰησοῦν,
3355 4164 3388 4235 ἢ
3434 4161 3571 4234 πρὸς
3605 4162 3740 4226 τοὺς

456 4258 605 4310 sum,
642 4247 727 4302 vel
759 4248 827 4304 ad
862 4249 1134 4311 homines.

527 4334 581 4388 6.
626 4335 740 4407 (53)
771 4337 968 4396 Adhuc
988 4343 1128 4398 dixit
1155 4362 1170 4399 :
1205 4347 1323 4406 Nisi
1358 4368 1516 4410 mens
1539 4355 1737 4425 psallat
1761 4371 1886 4412 cum
1913 4373 2041 4414 cor-

456 4443 613 4498 pore,
645 4429 699 4483 in
727 4445 932 4486 vanum
959 4442 1045 4490 est
1067 4435 1244 4493 labor.
1281 4441 1384 4498 Et:
1420 4443 1480 4498 Si
1510 4447 1636 4514 quis
1664 4445 1917 4503 dilexerit
1942 4450 2040 4505 tri-

457 4517 822 4589 bulationem,
845 4530 1037 4595 postea
1067 4526 1116 4583 ei
1151 4529 1258 4585 erit
1285 4529 1340 4586 in
1374 4532 1636 4605 gaudium
1674 4550 1740 4592 ac
1769 4537 2035 4609 requiem.

527 4695 578 4750 7.
621 4693 680 4751 Id
712 4713 934 4771 quoque
963 4703 1217 4763 elocutus
1248 4715 1368 4768 est:
1395 4708 1574 4768 Senex
1603 4712 1830 4784 quidam
1862 4731 2041 4774 mane-

453 4789 550 4847 bat
579 4791 634 4846 in
662 4789 822 4860 fano;
845 4804 1113 4852 venerunt
1142 4798 1417 4858 demones
1436 4842 1451 4867 ,
1475 4804 1727 4863 dicentes
1755 4808 1838 4863 ei:
1865 4807 2041 4866 Rece-

453 4880 525 4936 de
553 4896 584 4936 e
613 4881 734 4938 loco
768 4893 981 4942 nostro.
1020 4885 1199 4946 Senex
1235 4890 1389 4947 inﬁt:
1422 4890 1534 4949 Vos
1565 4909 1674 4950 non
1705 4895 1917 4954 habetis
1955 4897 2039 4953 lo-

455 4987 602 5028 cum.
625 4973 924 5046 Cteperunt
943 4994 1078 5051 ergo
1107 4982 1312 5052 passim
1337 4998 1598 5059 spargere
1627 4987 1840 5059 palmas
1867 4987 2036 5045 illius.

456 5067 634 5123 Senex
673 5084 800 5126 vero
827 5075 1220 5142 perseveravit,
1257 5077 1526 5151 colligens
1557 5095 1674 5138 eas.
1701 5079 1898 5138 Postea
1930 5081 2042 5138 dae-

458 5175 608 5227 mon,
640 5163 988 5232 apprehensa
1013 5183 1180 5225 manu
1207 5171 1349 5242 ejus,
1375 5171 1524 5230 foras
1559 5173 1713 5230 illum
1739 5175 1925 5232 traxit.
1968 5174 2042 5232 Ut

449 5261 630 5308 autem
660 5258 909 5324 pervenit
938 5273 1104 5317 senex
1134 5261 1203 5317 ad
1238 5263 1490 5335 januam,
1519 5267 1626 5323 alia
1670 5283 1833 5324 manu
1865 5269 2041 5324 tenuit

2069 4579 2116 4636 Ι)

2143 4262 2242 4318 ἀνθ
2250 4261 2487 4336 ρώπους.

2216 4362 2291 4421 ς’.
2322 4349 2460 4409 Εἷπε
2509 4339 2708 4409 πάλιν·
2782 4353 2910 4407 Ἐὰν
2968 4351 3044 4424 μὴ
3095 4352 3124 4406 6
3178 4349 3304 4415 νοῦς
3354 4348 3532 4422 ψάλλῃ
3593 4348 3738 4418 μετά

2141 4445 2236 4500 τοῦ
2263 4444 2535 4516 σώματος,
2563 4444 2643 4506 είς
2677 4443 2854 4514 μάτην
2885 4443 2913 4496 6
2946 4442 3136 4506 κόπος.
3178 4439 3306 4496 Ἐάν
3342 4441 3453 4514 γάρ
3473 4456 3558 4503 τις
3587 4439 3734 4508 ἀγα.

2147 4538 2224 4608 πᾷ
2253 4536 2352 4607 τὴν
2382 4533 2585 4604 θλίψιν,
2623 4531 2852 4604 ὕστερον
2879 4533 3091 4601 γίνεται
3121 4530 3270 4603 αὖτῷ
3299 4533 3378 4596 είς
3424 4529 3602 4604 χαρὰν
3638 4530 3741 4586 καὶ

2144 4624 2472 4680 ἀνάπαυσιν.

2218 4716 2282 4782 ζ’.
2315 4709 2452 4768 Εῐπε
2479 4713 2659 4780 πάλιν,
2695 4713 2777 4768 ὅτι
2811 4713 2911 4778 Τὶς
2939 4713 3118 4785 γέρων
3157 4712 3372 4784 ἔμεινεν
3419 4712 3501 4776 είς
3551 4711 3700 4784 ίερόν
3720 4728 3737 4744 ·

2146 4811 2240 4866 καὶ
2267 4805 2431 4881 ἦλθον
2472 4808 2522 4860 οί
2566 4807 2820 4878 δαίμονες
2857 4806 3112 4876 λέγοντες
3150 4805 3335 4877 αὐτῷ’
3388 4804 3626 4859 Ἀπελθε
3672 4807 3740 4859 ἐκ

2145 4899 2240 4956 τοῦ
2266 4901 2428 4955 τόπου
2455 4898 2635 4971 ἡμῶν.
2663 4899 2776 4954 Kal
2797 4901 2825 4953 6
2848 4899 3028 4971 γέρων
3051 4897 3157 4971 ἔφη
3177 4914 3192 4929 ο
3238 4897 3431 4969 Ὑμεῖς
3451 4897 3552 4950 οὐκ
3581 4896 3739 4967 ἔχετε

2145 4995 2332 5050 τόπον.
2366 4994 2480 5048 Kal
2511 4994 2746 5066 ἦρξαντο
2791 4991 3110 5066 σκορπίζειν
3142 4991 3311 5046 αὐτοῦ
3339 4990 3407 5044 τὰ
3450 4989 3578 5060 βαΐα
3611 4989 3738 5042 καθ’

2149 5087 2315 5156 ἅπαξ.
2361 5086 2420 5142 Ὁ
2449 5087 2508 5141 δὲ
2536 5087 2712 5158 γέρων
2732 5086 2999 5158 ἐπέμενεν
3031 5084 3172 5139 αὐτά
3212 5081 3502 5152 συλλέγων.
3536 5080 3727 5133 Ὕστεο

2152 5195 2244 5250 ρον
2264 5179 2292 5231 6
2317 5177 2526 5248 δαίμων
2563 5177 2842 5249 κρατήσας
2867 5173 3034 5229 αὑτοῦ
3067 5176 3174 5246 τὴν
3205 5176 3386 5245 χεῖρα,
3411 5171 3606 5242 ἔσυρεν
3638 5170 3734 5223 αὑ-

2145 5270 2240 5324 τὸν
2271 5268 2394 5334 ἔξω.
2444 5269 2533 5332 Ὠς
2565 5267 2622 5321 δὲ
2645 5267 2849 5337 ἔφθασε
2876 5266 2974 5334 τὴν
2995 5265 3171 5338 θύραν
3203 5268 3233 5320 6
3262 5265 3467 5338 γέρων,
3497 5265 3564 5335 τῇ
3597 5260 3738 5334 ἄλλῃ

522 5403 681 5496 21ης
723 5408 1124 5496 τὸυφξξετίτάξ
1169 5416 1438 5492 βλαϐερὰς
1470 5420 1685 5493 ἡδονάς.
1760 5423 1809 5458 ⁸⁸
1839 5421 1926 5478 ΑΙ.
1959 5422 2035 5479 int

2175 5421 2267 5476 τὸν
2309 5421 2442 5476 Θεὸν
2480 5422 2537 5493 ἡ.
2610 5420 2659 5453 ⁸⁸
2687 5420 2775 5476 Al.
2801 5419 2986 5476 αὐτοῦ.
3063 5421 3110 5454 ⁸⁸
3133 5420 3220 5476 Al.
3247 5421 3481 5494 αἵρεσις.
3567 5419 3614 5452 ⁸⁸
3648 5421 3733 5476 Al.

451 5471 700 5545 ἀδελφός.
777 5479 825 5512 ⁸⁸
839 5471 939 5536 ἈΙ.
971 5471 1148 5556 Ναυῆ.

521 5591 645 5683 .(f’il)
690 5595 800 5657 Vit.
843 5597 1002 5657 Patr.
1050 5616 1136 5671 ιιι,
1171 5601 1244 5671 6;
1289 5600 1476 5662 Schol.
1539 5605 1606 5660 21
1649 5605 1717 5661 ad
1757 5606 2038 5662 Grad.26.

454 5669 618 5731 Clim.
1120 5669 1127 5671 ⁷

526 5737 640 5806 (52)
681 5738 788 5794 Vit.
819 5739 972 5797 Patr.
1013 5756 1074 5806 It,
1107 5744 1162 5798 5.

673 5744 1216 5896 Ki‘bf.‘3‘(t.-'l3§2}..
1252 5815 1344 5871 es.

553 5879 642 5956 54)
709 5882 906 5953 Ἠλίας
964 5886 997 5942 ό
1028 5901 1139 5956 της
1197 5885 1344 5943 6mm

2146 5607 2367 5678 Joanne,
2394 5606 2583 5674 Persa,
2614 5623 2765 5662 num.
2796 5607 2854 5674 2,
2901 5607 3155 5662 Ἰάκωϐον
3184 5608 3277 5678 τρν
3301 5607 3401 5678 τῆς
3434 5607 3736 5672 διακονίας.

2151 5679 2254 5735 Ubi
2282 5677 2534 5748 Pelagius
2561 5679 2722 5732 vertit
2739 5679 3176 5748 dispensatorem.
3197 5676 3405 5748 Typicu
3416 5695 3464 5731 m
3495 5679 3552 5732 S.
3577 5681 3740 5734 Saba:

2150 5763 2291 5831 cap...
2299 5749 2335 5804 5
2359 5766 2372 5802 :
2479 5748 2797 5831 διακονηταὶ
2823 5748 3177 5831 σχο-λάςςουσιν
3204 5747 3262 5803 ἐν
3286 5747 3410 5814 ταῖς
3438 5748 3740 5831 διακονίαις

2151 5818 2352 5893 αὐτῶν.
2394 5818 2624 5874 Videtur
2661 5818 2827 5893 porro
2858 5818 2965 5893 iste
2991 5819 3138 5876 Elias
3165 5819 3211 5874 is
3243 5835 3386 5893 esse,
3417 5819 3508 5893 qui
3543 5835 3571 5874 a
3615 5820 3741 5876 l‘al-

553 5879 642 5958 54)
709 5882 906 5953 Ἠλίας
964 5883 1139 5956 ὁτῆς
1197 5885 1503 5960 διακονίας
1579 5890 1726 5950 infra
1781 5892 1938 5950 titulo
1979 5890 2035 5949 de

2154 5889 2298 5948 ladio
2338 5879 2678 5948 memoratur
2712 5887 2860 5950 Hist.
2892 5887 3057 5949 Laut.
3091 5905 3212 5963 cap.
3251 5891 3304 5947 3.

654 6015 662 6020 ,
693 5996 832 6016 -..4.

2695 6011 2750 6022 οισι
2769 6010 2846 6020 σσ-αισ
