3982 6336
224 407 334 468 186
1421 405 2043 466 APOPIITBEGHATA
2079 408 2394 470 PA'I‘RUM.
3399 417 3503 478 186

218 527 372 603 χειρὶ
424 525 661 598 κατέσχε
712 527 813 599 τὴν
861 527 1053 600 θύραν,
1083 527 1333 600 κράζων·
1382 528 1584 601 Ὶησοῦ,
1624 529 1809 600 βοήθει

1913 545 2056 596 eam,
2089 530 2336 588 clamans
2365 553 2376 587 :
2411 529 2564 600 Jesu,
2597 546 2862 589 succurre
2895 535 3050 590 mihi.
3081 535 3504 608 Confestimque

224 636 338 692 μοι.
374 618 486 671 Kal.
507 618 672 681 εὐθὺς
691 619 719 671 6
740 618 952 690 δαίμων
987 618 1176 688 ἔφυγε.
1205 618 1316 671 Kal
1342 620 1370 671 6
1399 619 1575 691 γέρων
1609 619 1809 692 ἦρξατσ

1918 621 2058 692 fugit
2087 624 2321 678 daemon.
2351 622 2541 694 Itaque
2571 640 2738 680 senex
2771 623 2900 680 ﬁere
2930 629 3118 697 cmpit.
3143 628 3213 682 At
3241 631 3505 685 Dominus

220 709 453 765 κλαίειν.
500 709 562 762 Ὀ
586 709 644 763 δὲ
673 709 877 782 Κύριος
919 704 1070 763 εἶπεν
1109 707 1288 779 αύτῷ·
1330 708 1395 762 Τί
1440 709 1685 774 κλαίεις;
1719 712 1809 764 καὶ

1917 712 2056 768 dixit
2085 716 2164 768 ei:
2201 713 2314 769 Cur
2341 714 2474 770 ﬁes?
2504 716 2810 788 Respondit
2844 733 3008 772 senex
3035 738 3047 773 :
3082 718 3236 786 Quod
3267 723 3505 776 audeant

221 799 371 870 λέγει
416 801 446 854 6
485 799 697 871 γέρων*
737 800 856 854 Ὅτι
897 799 1139 870 τολμῶσι
1169 799 1440 870 κρατῆσαι
1484 800 1574 854 τὸν
1605 800 1809 873 ἄνθρω-

1916 806 2254 875 prehendere
2279 808 2578 874 hominem,
2603 816 2769 878 atque
2793 809 2866 861 ita
2894 807 3094 863 facere.
3118 809 3253 863 Tum
3281 812 3347 864 ad
3376 828 3500 866 eum

219 909 344 957 πον,
398 892 498 945 καὶ
545 890 720 955 οὕτως
773 891 1018 962 ποιῆσαι.
1062 887 1198 943 Eine
1234 891 1291 945 δὲ
1336 892 1518 964 αὐτῷ’
1566 895 1638 947 Σὺ
1677 894 1809 965 ὴμέ-

1916 894 2219 952 Dominus:
2262 897 2342 951 Tu
2379 899 2663 969 negligens
2708 898 2882 954 fuisti.
2914 899 3145 964 Quando
3176 901 3318 954 enim
3352 917 3503 970 qna:-

220 979 416 1052 λησας.
455 982 585 1035 Ὅτε
617 980 730 1053 γὰρ
773 980 1046 1052 ὲζήτησάς
1101 998 1192 1052 με,
1229 976 1368 1046 εἶδες
1417 983 1536 1047 πῶς
1583 983 1809 1056 εύρέθην

1913 987 2057 1042 siisti
2096 1003 2202 1052 me,
2238 989 2422 1045 vidisti
2489 991 2765 1060 quomodo
2797 994 3053 1046 inventus
3090 991 3192 1045 sim
3226 992 3344 1047 tibi.
3380 993 3502 1047 l-latc

221 1087 325 1121 σοι.
351 1070 543 1124 Ταῦτα
572 1070 735 1140 λέγω,
773 1071 854 1125 ὅτι
884 1071 1054 1126 κόπου
1081 1071 1278 1126 πολλοῦ
1325 1075 1505 1145 χρεία,
1539 1076 1632 1128 καὶ
1657 1077 1705 1128 εί
1738 1075 1809 1148 μὴ

1913 1081 2022 1146 aio,
2056 1081 2315 1150 quoniam
2360 1081 2546 1136 labore
2577 1083 2750 1136 multo
2777 1098 2918 1152 opus
2953 1089 3072 1147 est;
3110 1096 3174 1136 ac
3207 1082 3313 1136 nisi
3347 1083 3502 1137 labo-

221 1162 395 1226 κὸπος
421 1161 671 1231 γένηται,
717 1163 778 1234 ού
827 1161 1052 1216 δύναταί
1098 1182 1184 1229 τις
1231 1163 1376 1236 ἔχειν
1421 1165 1514 1220 τὸν
1556 1166 1689 1221 Θεὸν
1717 1168 1809 1222 αύ-

1910 1176 2086 1236 retur,
2132 1186 2243 1225 non
2296 1179 2477 1241 potest
2510 1173 2634 1242 quis
2668 1172 2870 1227 habere
2903 1171 3073 1227 Deum
3131 1188 3313 1228 suum.
3368 1171 3502 1227 Nam

217 1253 317 1308 τοῦ
345 1255 418 1309 ³⁷.
447 1255 618 1320 Αὐτὸς
639 1254 749 1326 γὰρ
771 1254 837 1308 δι’
864 1258 1014 1326 ἡμᾶς
1045 1255 1387 1330 ἐσταυρώθη.

1910 1261 2030 1333 ipse
2063 1271 2288 1334 propter
2320 1279 2422 1328 nos
2453 1265 2609 1318 cruci
2637 1263 2830 1318 afﬁxus
2858 1265 2982 1320 fuit.

304 1345 560 1414 ’Δδελφὸς
600 1345 883 1417 παρέὸαλε
923 1345 1003 1416 τῷ
1039 1347 1184 1419 esse
1230 1346 1385 1418 Ἠλίᾳ
1423 1347 1500 1419 τῷ
1529 1349 1808 1420 ὴσυχαστῇ

1984 1352 2036 1407 8.
2081 1353 2216 1424 (56)
2261 1353 2454 1409 Frater
2498 1356 2754 1411 convenit
2791 1357 3041 1411 abbatem
3101 1355 3273 1409 Eliam
3306 1355 3504 1425 quieta:

220 1438 376 1509 (55),
445 1439 528 1500 είς
579 1437 640 1490 τὸ
693 1437 960 1491 κοινὸϐιον
1018 1438 1112 1491 τοῦ
1178 1438 1442 1511 σπηλαίου
1504 1439 1599 1493 τοῦ
1667 1439 1809 1494 ἀ66ἄ

1909 1445 2034 1500 vitae
2079 1453 2438 1513 sectatorem,
2482 1447 2538 1502 in
2591 1449 2904 1504 cmnobium
2954 1451 3229 1521 spelunca:
3291 1451 3503 1506 abbatis

220 1527 496 1593 Ζάεεαιε,
527 1528 623 1581 καὶ
660 1527 810 1597 λέγει
858 1528 1038 1600 αὐτῷ·
1087 1530 1278 1596 ’A666’t,
1315 1526 1468 1585 εῑπόν
1507 1549 1597 1602 μοι
1635 1532 1806 1603 ῥῆμα.

1911 1535 2125 1599 Sabbze,
2156 1536 2366 1592 etdixit
2398 1539 2448 1592 ei
2478 1558 2491 1593 τ
2527 1539 2680 1594 Abba
2727 1539 3112 1596 documentum
3149 1541 3280 1595 mihi
3323 1544 3500 1599 trade.

231 1623 292 1676 Ὀ
315 1622 374 1675 δὲ
406 1621 584 1693 γέρων
622 1621 772 1690 λέγει
800 1620 880 1694 τῷ
908 1621 1144 1694 ἀδελφῷ,
1182 1624 1265 1678 ὅτι
1302 1625 1390 1678 Ἐν
1415 1626 1538 1687 ταῖς
1577 1625 1809 1694 ἡμέραις

1909 1623 1978 1679 At
2019 1639 2186 1679 senex
2215 1625 2292 1679 ait
2335 1625 2530 1680 fratri:
2564 1629 2625 1682 In
2667 1627 2863 1684 diebus
2906 1638 3121 1696 patrum
3151 1638 3500 1700 nostrorum,

219 1714 330 1768 τῶν
361 1715 618 1785 πατέρων
654 1713 837 1785 ἡμῶν,
872 1714 1168 1782 ἠγαπῶντο
1209 1715 1265 1770 ai
1297 1718 1447 1787 τρεῖς
1478 1717 1672 1788 ἀρεταὶ
1707 1709 1807 1769 αὖ·

1909 1713 1992 1769 bas
2029 1723 2144 1770 tres
2192 1714 2426 1771 virtutes
2473 1716 2861 1786 diligebantur,
2897 1726 3212 1786 paupertas,
3253 1735 3507 1776 mansue-

223 1823 334 1873 ται,
371 1807 406 1878 ἡ
441 1806 822 1878 ἀκτημοσύνη,
851 1805 1391 1880 καὶὴπραότης,καὶ
1420 1809 1452 1879 ἡ
1477 1808 1802 1879 ἐγκράτειαο

1909 1806 2058 1872 tudo,
2095 1806 2446 1863 abstinentia.
2504 1806 2662 1863 Nunc
2706 1822 2836 1864 vero
2895 1807 3038 1863 inter
3076 1810 3378 1866 monachos
3415 1826 3504 1867 re-

221 1898 318 1954 νῦν
347 1899 405 1952 δὲ
444 1901 643 1970 κρατεί
686 1900 768 1964 είς
805 1901 933 1965 τοὺς
973 1901 1244 1973 μοναχοὺς
1307 1901 1341 1972 ἡ
1382 1901 1684 1966 πλεονεξία,
1719 1901 1809 1955 καὶ

1914 1906 2122 1969 gnant,
2171 1899 2434 1966 avaritia,
2475 1899 2840 1969 conﬁdentia,
2881 1901 3026 1971 gula.
3079 1899 3235 1968 Quod
3282 1903 3504 1973 placue—

221 1993 256 2056 ἡ
303 1991 752 2063 γαστριμαργία,
803 1993 898 2047 καὶ
936 1995 972 2064 ἡ
1018 1993 1313 2066 θρασύτης.
1359 1994 1426 2048 Ei
1455 2012 1506 2048 τι
1531 1994 1576 2026 ⁸⁹
1635 1993 1811 2059 θέλεις

223 2084 522 2154 κράτησον.

582 2192 722 2262 Περί
754 2192 860 2247 τοῦ
880 2191 1029 2248 ἀϐϐιῖ
1065 2193 1442 2262 Ἡρακλείου.

304 2299 558 2371 ’Δδελφὸς
589 2301 920 2372 πολεμηθεὶς
932 2304 1000 2366 ⁹⁰,
1025 2301 1330 2373 ἀπήγγειλε
1359 2302 1438 2373 τῷ
1466 2302 1610 2374 ἀϐϐᾷ
1643 2302 1808 2374 Ἡρα-

221 2390 462 2462 κλείῳθί.
495 2391 602 2444 Καὶ
653 2390 799 2460 λέγει
845 2392 992 2463 αύτῷ
1038 2395 1245 2456 ἐκεῖνος
1307 2392 1576 2464 στηρίζων
1623 2395 1807 2461 αὑτὸν,

221 2485 301 2538 ὅτι
347 2483 447 2547 Τίς
470 2483 650 2555 γέρων
675 2483 802 2554 έσχε
822 2483 1068 2556 μαθητὴν
1097 2485 1339 2555 ὑπήκοον
1357 2485 1496 2537 πάνυ
1520 2485 1612 2537 ἐπὶ
1637 2485 1808 2538 πολλὰ

222 2578 338 2648 ἐτη.
373 2577 490 2648 Μιᾷ
530 2571 624 2630 οὖν
669 2577 1000 2650 πολεμηθεὶς
1051 2577 1210 2630 ἔϐαλε
1264 2576 1554 2649 μετάνοιαν
1597 2576 1674 2648 τῷ
1716 2577 1809 2647 γέ-

225 2687 388 2740 ροντι,
428 2669 636 2738 λέγων·
690 2669 924 2740 Ποίησόν
962 2687 1031 2740 με
1081 2669 1335 2738 γενέσθαι
1392 2669 1644 2741 μοναχόν.
1693 2669 1806 2723 Kal

220 2759 367 2830 λέγει
396 2760 550 2832 αύτῷ
580 2763 608 2814 6
636 2761 817 2832 γέρων
837 2777 850 2791 ·
888 2760 1059 2814 Βλέπε
1090 2761 1273 2824 τόπον,
1307 2761 1401 2815 καὶ
1436 2760 1694 2831 ποιοῦμέν
1721 2777 1806 2814 σοι

219 2852 430 2908 κελλίον
448 2853 516 2906 ⁹¹.
543 2853 654 2906 Kal
672 2851 922 2907 ἀπελθὼν
943 2851 1052 2906 ἀπὸ
1078 2853 1306 2924 σημείου
1339 2852 1458 2915 ένὺς
1514 2845 1661 2922 εὗρε.
1695 2851 1806 2906 Kal.

218 2946 550 3010 ἀπελθόντες
576 2946 840 3018 ἐποίησαν
871 2945 1101 3000 κελλίον.
1137 2946 1246 2998 Kal
1270 2945 1417 3014 λέγει
1448 2944 1526 3016 τῷ
1559 2943 1800 3016 ἀδελφῷο

220 3036 285 3090 Εῑ
310 3037 364 3090 τί
395 3053 478 3089 σοι
507 3036 675 3106 λέγω,
709 3035 868 3089 τοῦτο
906 3036 1150 3106 ποίησον.
1190 3035 1356 3088 Ὅταν
1389 3036 1600 3106 πεινᾷς,
1636 3034 1800 3104 φάγε,

219 3129 332 3193 πίε,
369 3127 577 3198 κοιμῶο
612 3127 770 3198 μόνον
808 3125 902 3180 τοῦ
941 3126 1154 3180 κελλίου
1191 3142 1285 3179 σου
1328 3126 1403 3198 μὴ
1444 3124 1662 3198 ἐξέλθῃς
1696 3123 1802 3188 ἕως

219 3219 312 3273 τοῦ
344 3219 652 3272 σαϐϐάτουο
681 3219 800 3271 τότε
839 3218 1000 3290 ἔρχου
1036 3218 1204 3287 ἐγγύς
1242 3235 1344 3289 μου
1367 3219 1432 3272 ⁸³.
1481 3219 1537 3272 '0
1561 3219 1617 3272 δὲ
1646 3217 1800 3271 ἀδελ·
1828 3251 1870 3309 C

220 3313 318 3381 φὺς
348 3312 574 3382 ἐποίησε
604 3311 702 3374 τὰς
730 3310 823 3364 δύο
859 3311 1070 3383 ἡμέρας
1099 3311 1241 3364 κατὰ
1277 3311 1375 3382 τὴν
1416 3311 1636 3381 ἐντολήν
1655 3327 1669 3342 ο
1706 3309 1801 3362 καὶ

220 3406 286 3474 τῇ
319 3401 484 3475 τρίτῃ
512 3402 698 3474 ἡμέρᾳ
731 3400 1052 3472 ἁκηδιάσας,
1077 3400 1255 3469 λέγει·
1283 3402 1348 3454 Τί
1390 3401 1547 3453 τοῦτο
1578 3399 1802 3470 ἐποίησέ

223 3510 314 3567 μοι
339 3496 368 3547 6
397 3495 677 3568 yépwv";
712 3495 807 3548 καὶ
837 3495 1094 3558 ἀναστὰς,
1127 3492 1323 3563 ἔψαλλε
1359 3493 1641 3556 πλείστους
1668 3490 1804 3562 ψαλ-

227 3585 394 3658 μούςο
435 3586 530 3639 καὶ
561 3585 698 3656 μετὰ
723 3584 784 3637 τὸ
818 3583 972 3646 δῦναι
1002 3585 1094 3637 τὸν
1131 3584 1280 3656 ἥλιον
1315 3583 1515 3654 έφαγε’
1546 3584 1640 3637 καὶ
1667 3584 1802 3637 ἀνα-

229 3678 359 3742 στὰς
412 3677 626 3747 ἀπῆλθε
663 3676 991 3748 κοιμηθῆναι
1028 3677 1108 3739 εἰς
1133 3676 1194 3729 τὸ
1219 3675 1432 3745 ψιὰοιον
1471 3673 1656 3728 αὐτοῦ.
1693 3674 1804 3728 Kal

228 3771 424 3842 θεωρεῖ
451 3769 686 3824 Αἰθίοπα
713 3769 964 3839 κείμενον
992 3768 1245 3840 τρίζοντα
1282 3767 1406 3831 τοὺς
1438 3766 1655 3831 ὀδόντας
1680 3767 1803 3819 κατ’

227 3857 414 3912 αὑτοῦ.
451 3858 564 3912 Kal.
597 3857 854 3929 δρομαῖος
884 3856 1032 3929 φόϐῳ
1060 3857 1238 3928 πολλῷ
1262 3853 1393 3928 ἦλθε
1429 3857 1566 3925 πρὸς
1593 3855 1683 3909 τὸν
1715 3855 1806 3924 γέ-

227 3968 420 4022 ροντα’
457 3950 554 4002 καὶ
581 3949 820 4021 κρούσας
850 3949 948 4019 τὴν
977 3949 1168 4022 θύραν,
1202 3945 1356 4003 εἷπεν
1377 3966 1391 3981 ο
1435 3947 1623 4010 ‘A66d,
1652 3947 1805 4018 ἐλέη-

227 4039 318 4092 σόν
345 4054 437 4108 με,
460 4037 555 4090 καὶ
571 4037 780 4103 ἄνοιξον
796 4037 864 4090 ⁸⁸.
896 4037 954 4090 '0
974 4037 1030 4091 δὲ
1045 4037 1244 4108 γέρων,
1268 4037 1430 4106 γνοὺς
1453 4036 1535 4089 ὅτι
1558 4035 1656 4089 ούκ
1677 4034 1807 4105 ὲφύ-

223 4129 349 4196 λαξε
370 4130 434 4182 τὸ
465 4129 618 4200 ῥῆμα
637 4129 824 4195 αὐτοῦ,
853 4131 953 4182 οὐκ
980 4129 1189 4200 ήνοιξεν
1221 4128 1369 4200 αύτῷ
1390 4129 1494 4192 ἕως
1517 4127 1684 4199 πρωῒ,
1712 4127 1807 4181 καὶ

225 4221 447 4286 ἀνοίξας
470 4220 550 4291 τῷ
569 4219 732 4290 πρωῒ,
759 4215 916 4293 εὗρεν
931 4219 1218 4286 αύτὸνέξω
1242 4219 1688 4294 παρακαλοῦντα·
1713 4219 1808 4273 καὶ

225 4313 564 4383 οἰκτηρήσας
605 4312 922 4382 εἰσήνεγκεν
967 4311 1150 4367 αὐτόν.
1219 4312 1354 4364 Τότε
1401 4311 1581 4381 λέγει·
1607 4308 1808 4380 Δέομαί

229 4420 342 4469 σου,
391 4404 602 4473 Πάτερ·
640 4403 875 4456 Αἰθίοπα
912 4403 1118 4476 μέλανα
1167 4399 1307 4458 εἶδον
1348 4403 1442 4456 ἐπὶ
1486 4402 1548 4455 τὸ
1594 4399 1809 4472 ψιάθιόν

232 4515 355 4569 μου,
399 4497 478 4561 ὡς
519 4496 763 4568 ἀπῆλθον
800 4498 1152 4569 κοιμηθῆναι.
1210 4497 1269 4551 ’0
1316 4497 1373 4550 δὲ
1431 4491 1585 4551 εἴπεο
1639 4495 1810 4550 Τοῦτο

1915 1989 2024 2055 rit,
2067 1990 2226 2062 elige.

2428 2182 2504 2238 De
2550 2182 2737 2238 abbate

1985 2296 2179 2352 Frater
2237 2298 2634 2354 tentationibns
2706 2299 3095 2368 impugnatus,
3157 2297 3499 2355 denuntiavit

1911 2390 2092 2445 abbati
2157 2389 2429 2445 Heraclio.
2483 2390 2575 2444 Ille
2616 2399 2675 2445 ut
2731 2390 3084 2446 conﬁrmaret
3132 2408 3293 2460 eum,
3359 2393 3501 2448 hanc

1909 2481 2155 2536 narravit
2204 2481 2534 2538 historiam:
2573 2481 2753 2538 Senex
2813 2485 3036 2554 quidam
3083 2484 3279 2540 habuit
3329 2485 3500 2542 disci-

1910 2571 2098 2640 pulum
2149 2571 2474 2626 obedientize
2509 2573 2710 2628 virtute
2754 2583 3141 2644 praestantem,
3185 2576 3252 2631 ad
3301 2577 3500 2633 multo:

1908 2675 2105 2715 annos.
2138 2659 2241 2727 Qui
2273 2663 2566 2732 aliquando
2612 2670 2854 2722 tentatus
2884 2683 2947 2720 ac
2997 2668 3381 2738 impugnatus,
3411 2683 3498 2725 se-

1907 2767 2030 2808 nem
2070 2753 2408 2809 demittendo
2461 2771 2521 2810 se
2568 2757 2859 2824 salutavit;
2905 2772 2968 2813 ac
3030 2759 3209 2813 dixit:
3248 2757 3356 2812 Fac
3411 2773 3499 2815 me

1906 2858 2029 2900 esse
2063 2845 2417 2901 monachum.
2461 2847 2552 2900 Ait
2581 2847 2659 2901 illi
2699 2863 2866 2903 senex
2900 2865 2915 2901 :
2948 2847 3154 2903 Locum
3184 2847 3498 2917 considera,

1906 2944 1959 2992 et
1993 2936 2259 2993 faciemus
2299 2939 2396 2993 tibi
2442 2940 2658 2996 cellam.
2710 2940 2852 3012 Ergo
2897 2942 3089 2997 abiens
3140 2942 3331 3011 procul
3384 2956 3500 2996 uno

1905 3030 2116 3100 lapide,
2167 3032 2390 3100 reperit.
2442 3030 2580 3086 Tum
2629 3031 2856 3103 profecti
2923 3033 3116 3087 cellam
3170 3041 3497 3088 construxe-

1905 3128 2055 3175 runt.
2088 3119 2231 3176 Dicit
2265 3121 2424 3178 fratri
2457 3140 2470 3176 :
2503 3123 2659 3190 Quod
2685 3125 2784 3179 tibi
2827 3123 3211 3189 edisseruero,
3243 3124 3348 3180 hoc
3385 3124 3492 3182 fac.

1906 3209 2136 3278 Quando
2190 3213 2492 3277 esurieris,
2533 3214 2850 3282 manduca;
2909 3214 3076 3269 simili
3131 3213 3296 3268 modo
3348 3213 3497 3282 bibe,

1903 3303 2123 3358 dormi:
2159 3312 2370 3359 tantum
2420 3323 2451 3360 c
2506 3307 2643 3360 cella
2688 3313 2782 3360 tua
2832 3321 2900 3361 ne
2938 3306 3180 3371 exieris,
3221 3321 3395 3377 usque
3426 3307 3496 3362 ad

1905 3393 2202 3449 Sabbatum
2230 3413 2244 3461 ;
2281 3403 2411 3450 tunc
2442 3397 2565 3450 veni
2590 3395 2750 3466 juxta
2783 3412 2888 3452 me.
2921 3395 3114 3452 Frater
3139 3405 3325 3452 autem
3354 3397 3496 3454 duos

1903 3484 2022 3541 dies
2059 3488 2266 3556 peregit
2293 3502 2358 3541 ex
2415 3495 2735 3558 praecepto;
2773 3495 2826 3541 at
2874 3487 2963 3543 die
3013 3489 3174 3543 tertia
3212 3487 3374 3542 taedio
3414 3487 3498 3542 af-

1905 3575 2082 3632 fectus
2111 3578 2249 3632 dixit
2277 3596 2290 3632 :
2327 3578 2437 3633 Cur
2466 3579 2541 3633 ita
2572 3593 2786 3635 meeum
2815 3578 2924 3650 egit
2950 3580 3153 3636 senex?
3177 3579 3358 3646 Quare
3383 3595 3499 3634 sur-

1905 3682 2040 3738 gens
2060 3708 2074 3733 ,
2116 3668 2282 3738 coepit
2312 3668 2542 3738 psallere
2583 3670 2767 3738 plures
2800 3671 3042 3740 psalmos
3071 3687 3086 3736 ;
3121 3685 3184 3724 ac
3215 3680 3336 3741 post
3361 3671 3499 3726 solis

1905 3772 2162 3813 occasura
2217 3759 2399 3813 cibum
2463 3760 2744 3830 sumpsit;
2778 3775 3121 3832 surgensque
3164 3763 3299 3817 abiit
3337 3763 3495 3817 cubi-

1907 3855 2022 3902 tum
2073 3863 2240 3919 super
2281 3857 2452 3904 matta
2493 3865 2611 3904 sua.
2662 3849 2729 3904 Et
2766 3850 2912 3906 videt
2945 3850 3257 3921 Ethiopem
3299 3853 3494 3922 jacen-

1907 3946 2051 4005 tem,
2080 3941 2174 4010 qui
2211 3940 2467 3997 dentibus
2516 3941 2784 3996 stridebat
2837 3943 3104 3997 adversus
3152 3957 3298 3996 eum.
3338 3941 3496 3998 Unde

1907 4045 2033 4086 cum
2089 4032 2291 4086 timore
2339 4033 2512 4086 multo
2547 4033 2797 4087 cucurrit
2831 4032 2901 4085 ad
2946 4047 3132 4086 senem
3171 4050 3185 4085 :
3227 4031 3493 4100 pulsatis-

1908 4138 2016 4194 que
2044 4122 2255 4179 foribus
2275 4161 2290 4188 ,
2323 4125 2434 4178 ait:
2466 4124 2619 4177 Abba
2644 4163 2658 4185 ,
2696 4123 2957 4178 miserere
3003 4122 3146 4186 mei,
3195 4123 3366 4192 aperi.
3396 4121 3496 4178 Se~

1909 4231 2014 4270 nex
2046 4223 2248 4280 autem,
2280 4215 2462 4270 sciens
2485 4215 2630 4286 quod
2662 4229 2771 4270 non
2799 4213 3131 4270 custodisset
3152 4214 3495 4281 mandatum,

1911 4321 2019 4362 non
2043 4306 2257 4376 aperuit
2287 4322 2459 4376 usque
2481 4307 2546 4362 ad
2570 4306 2872 4361 diluculum
2900 4325 2914 4362 :
2946 4321 3056 4378 quo
3085 4315 3328 4378 tempore
3361 4323 3494 4378 ape-

1909 4399 2084 4462 riens,
2134 4397 2344 4452 invenit
2385 4399 2531 4454 foras
2573 4410 2899 4470 rogantem:
2937 4409 2989 4454 et
3019 4399 3498 4455 commiseratione

1911 4490 2112 4546 ductus
2151 4491 2460 4546 introduxit
2502 4507 2651 4548 eum.
2689 4491 2844 4548 Tunc
2884 4493 2962 4546 ait
2997 4491 3152 4548 :Oro
3199 4499 3276 4557 te,
3335 4491 3500 4546 Pater

2800 2182 2850 2237 11
2853 2184 3069 2240 eraclio.

232 4588 452 4655 ἔπαθες,
483 4589 566 4642 ὅτι
600 4590 702 4643 οὐκ
735 4589 1007 4659 ὲφύλαξας
1036 4590 1096 4644 τὸ
1127 4590 1278 4662 ῥῆμά
1308 4607 1430 4660 μου.
1469 4589 1603 4642 Τότε
1631 4586 1809 4642 τυπώ-

1918 4583 2030 4639 vidi
2061 4581 2373 4654 Ethiopem
2410 4600 2576 4656 super
2616 4594 2841 4640 mattam
2870 4601 3067 4650 meam,
3109 4593 3168 4639 ut
3195 4585 3496 4639 dormitum

233 4699 332 4746 σας
369 4680 522 4752 αὐτῷ
564 4681 702 4752 πρὸς
753 4681 854 4754 τὴν
897 4682 1148 4753 δύναμιν,
1199 4683 1261 4736 τὸ
1307 4681 1598 4736 ἀκόλουθον
1615 4681 1662 4712 ⁹⁶
1716 4679 1811 4734 τοῦ

1917 4673 2047 4729 abii.
2085 4673 2315 4746 Excepit
2347 4690 2509 4731 senex
2545 4695 2558 4731 :
2595 4674 2651 4732 ld
2684 4676 2781 4731 tibi
2817 4677 3040 4743 accidit,
3076 4677 3201 4746 quia
3237 4691 3344 4729 non
3378 4691 3497 4729 ser-

234 4776 502 4846 μονήρους
555 4773 673 4845 βίου
723 4775 800 4839 ’⁷,
852 4773 989 4827 κατὰ
1069 4774 1263 4848 μικρὸν
1320 4773 1513 4843 γέγονε
1582 4770 1809 4844 μοναχὺς

1923 4765 2060 4820 vasti
2087 4765 2232 4834 quod
2269 4780 2654 4836 praeceperam.
2705 4765 2835 4820 Post
2873 4765 2989 4820 haec
3020 4779 3117 4835 pro
3150 4764 3296 4817 virili
3326 4764 3497 4818 infor-

225 4871 402 4935 καλός.

287 5152 334 5186 ’τ
371 5150 457 5208 ΑΙ.
491 5153 822 5275 ρετ⁹αύτοῦ.
931 5155 977 5187 ⁸⁸
1007 5153 1106 5208 Ed.
1158 5153 1324 5207 Σάὀα.
1413 5153 1459 5186 ⁸⁸
1490 5151 1590 5209 Ed.
1619 5155 1648 5208 6
1678 5171 1752 5208 τι.

291 5223 376 5275 Al.
436 5225 567 5275 aid.
614 5225 708 5275 καὶ¹
739 5225 864 5275 γίνῃ
904 5225 1153 5275 ιιονανόε.
1240 5224 1288 5256 ⁸³
1322 5225 1408 5275 Al.
1468 5223 1635 5275 inser.
1665 5228 1752 5275 καὶ

230 5223 376 5298 ’¹-ᾹΑ1.
436 5223 568 5298 ³(Ιάἒ
614 5225 866 5298 καινγίνῃ
903 5225 1153 5298 μργαχός,

239 5293 387 5362 ’.ὑχᾶς
422 5297 622 5347 ποιεῖν.
699 5293 865 5349 "At.
897 5293 1048 5350 add.'
1061 5293 1153 5366 μοι
1186 5293 1415 5364 ταχέως·

299 5513 412 5583 (55)
457 5512 836 5587 'Ilmrxaatﬁ.
901 5515 1252 5587 ᾝσυχαστής
1295 5523 1349 5572 et
1397 5517 1820 5587 ἡσυχαστήριον,

1909 4861 2080 4916 inavit
2113 4876 2237 4915 eum
2277 4861 2332 4915 in
2371 4861 2563 4916 ordine
2589 4861 2713 4914 vitae
2740 4859 3092 4925 monasticae;
3124 4858 3501 4930 paulatimque

1916 4956 2091 5013 evasit
2120 4956 2325 5028 probus
2356 4955 2678 5011 monachus.

1846 5155 1900 5230 ’°_
1919 5155 2028 5211 Alii
2056 5156 2187 5230 add.
2234 5158 2454 5230 οίκῆσαι
2478 5228 2487 5230 μ
2513 5155 2633 5230 καθ’
2672 5156 2885 5230 ἑαυτόν.
2935 5228 2944 5230 _
2975 5156 3128 5230 "‘AI.
3147 5155 3494 5230 Ἡρακλείδῃ.

1240 5224 1408 5297 "‘Al.
1468 5223 1635 5297 inser.
1665 5228 1760 5297 καὶ
1798 5225 2037 5297 ὑπέστρε

1491 5295 1539 5327 ⁸⁸
1569 5295 1654 5349 Al.
1685 5296 1783 5366 τὴν
1808 5295 2152 5351 ἀκολουθίαν.
2227 5298 2273 5330 ’⁷
2296 5295 2386 5352 ΑΙ.
2416 5297 2543 5352 add.
2575 5296 2843 5352 ἀπέλυσεν
2879 5297 3060 5361 αὑτὸν,
3092 5296 3205 5352 καί.

2112 5246 2140 5282 ν
2166 5228 2195 5279 6
2222 5218 2401 5298 γέρων
2443 5228 2523 5298 είς
2553 5227 2614 5280 τὸ
2643 5226 2852 5298 κελλίον
2889 5227 3075 5280 αὐτοῦ.
3164 5218 3326 5298 ξδἈΙ.
3366 5218 3492 5284 add.

1928 5517 2252 5588 presbytero.
2284 5519 2360 5572 vel
2382 5519 2568 5573 viventi
2595 5519 2672 5573 vel
2703 5519 2948 5572 morienti
2977 5535 3066 5571 seu
3090 5519 3159 5572 ad
3195 5521 3357 5572 aliam
3410 5536 3494 5572 rc-

230 5595 351 5640 nota
388 5585 634 5660 nomine.
679 5583 785 5660 Sed
811 5584 948 5660 quid
991 5583 1139 5660 vetat
1177 5583 1293 5641 leve
1329 5583 1583 5660 mendum
1633 5583 1823 5660 tollere
1929 5583 2181 5660 ligion'em
2216 5589 2349 5657 (imo
2371 5589 2655 5660 regionem)
2685 5589 2765 5642 vel
2789 5591 2858 5642 ad
2888 5591 3119 5658 quietam
3146 5591 3306 5642 vitam
3331 5604 3476 5642 iram

229 5670 294 5709 ex
330 5654 564 5722 epistola
595 5652 876 5726 Paschalis
903 5654 943 5708 ll
969 5657 1036 5708 ad
1089 5654 1436 5726 Nurgaudum
1477 5659 1820 5726 Augustodu-

230 5740 456 5785 uensem,
483 5737 661 5796 quam
680 5723 800 5796 luce
826 5725 1047 5796 donavit
1073 5727 1125 5780 in
1154 5723 1465 5796 Appendicc
1483 5726 1549 5780 ad
1565 5723 1816 5796 'llegino-

1921 5660 2092 5730 armti,
2130 5659 2286 5712 liceat
2313 5676 2395 5714 res
2424 5659 2556 5730 quas
2595 5677 2628 5713 a
2657 5660 2744 5714 die
2796 5660 3151 5714 ordinationis
3181 5675 3294 5712 sum
3317 5661 3368 5730 in
3401 5675 3492 5714 ec-

1920 5725 2092 5801 clesi_a_
2111 5731 2168 5782 in
2205 5746 2309 5801 qtta
2341 5740 2418 5784 est
2437 5725 2725 5801 ordinatus
2765 5732 3072 5801 conquirere
3095 5730 3286 5800 poterit
3315 5729 3386 5800 (ί.
3409 5741 3498 5800 po

235 5812 372 5867 lt'tll_
401 5809 564 5848 suum
617 5793 698 5846 vir
751 5793 1093 5867 clarissimus
1120 5866 1125 5867 ί
1155 5793 1464 5866 Stephanus
1523 5793 1814 5852 Balusius?
1919 5799 2123 5864 tuerit),
2153 5793 2364 5867 au'ferre
2397 5800 2475 5856 vel
2505 5802 2763 5858 minuere.

269 5865 372 5917 flud
398 5874 575 5920 autem
605 5865 899 5932 apostotica
920 5865 1565 5936 auctoritateatatuinms,
1593 5880 1646 5921 ut
1673 5869 1808 5922 nulli

1995 5868 2106 5941 (56)
2150 5869 2354 5926 Moschi
2391 5887 2441 5928 c.
2485 5873 2572 5927 5'2.

3006 5980 3090 5992 --ισυ
