3994 6336
444 389 550 448 18⁵1

898 506 1238 581 Principium
1274 508 1475 567 littera:
1505 510 1570 566 Θ.

719 588 736 611 ’
756 621 837 677 De
867 621 1058 678 abbate
1082 623 1355 680 Theodoro
1388 623 1714 681 Phermemi.

528 757 578 813 l.
606 756 720 831 (5‘7)
749 757 934 814 Abbas
968 757 1293 816 Theodorus
1322 759 1568 817 Pherma:
1616 768 1729 818 tres
1790 760 2038 833 posside-

459 849 556 909 bat
590 850 769 907 bonos
800 849 976 907 libros
1002 868 1017 918 ;
1048 862 1104 908 et
1132 852 1284 907 venit
1315 851 1383 907 ad
1414 853 1669 909 abbatem
1716 852 2036 919 Macarium,

453 943 701 1014 dixitque
725 944 774 998 ei
804 962 819 998 :
846 941 983 999 Tres
1036 944 1171 999 mihi
1211 953 1343 1001 sunt
1388 945 1610 1007 codices
1656 948 1931 1018 praeclari,
1972 961 2040 1002 ex

451 1048 697 1105 quorum
731 1033 968 1090 lectione
991 1035 1254 1105 proﬁcio;
1301 1035 1501 1094 fratres
1527 1052 1745 1110 quoque
1771 1038 1840 1093 ad
1879 1054 2038 1094 usum

452 1122 760 1193 accipiunt,
813 1130 869 1179 et
925 1123 1223 1195 proficiunt
1286 1129 1515 1197 pariter.
1564 1124 1703 1183 Fare
1748 1142 1880 1200 ergo
1913 1129 2039 1199 quid

454 1200 684 1270 debeam
718 1214 920 1271 facere.
959 1214 1304 1273 Retincbone
1329 1232 1427 1274 eos
1464 1216 1533 1272 ad
1561 1233 1741 1275 meam
1788 1218 2046 1287 fratrum-

454 1321 565 1376 que
591 1305 921 1374 utilitatem,
963 1314 1058 1363 aut
1100 1307 1356 1374 vendam,
1391 1319 1447 1366 ut
1495 1310 1617 1367 dem
1666 1311 2046 1383 pauperibus?

456 1395 765 1467 Respondit
818 1414 1024 1455 senex:
1065 1398 1230 1455 Bona:
1279 1401 1502 1472 quidem
1561 1411 1691 1459 sunt
1749 1404 2039 1466 actiones;

458 1489 556 1545 sed
587 1490 767 1559 majus
795 1491 1055 1547 omnibus
1077 1498 1183 1556 est,
1202 1493 1343 1547 nihil
1364 1493 1664 1562 possidere.
1692 1492 1811 1559 Quo
1830 1493 2043 1559 audito,

454 1581 738 1648 discessit,
772 1596 837 1636 ac
864 1580 1111 1657 vendidit
1134 1597 1255 1648 eos,
1288 1583 1689 1654 pecuniamque
1710 1582 2046 1654 pauperibus

462 1673 708 1727 tradidit.

528 1763 582 1816 2.
619 1760 730 1834 (58)
756 1759 951 1817 Frater
979 1760 1205 1833 quidam
1241 1762 1494 1821 residens
1544 1766 1601 1821 in
1633 1765 1799 1823 Cellis
1860 1765 2049 1821 solita-

1616 392 1965 451 APPENDIX
2005 396 2096 452 AD
2134 395 2555 459 PALLADIUM.

2586 518 2753 592 Ἀρχὴ
2784 518 2877 575 τοῦ
2917 520 2961 576 Θ
2999 519 3285 594 στοιχείου.

2239 631 2379 701 Περὶ
2411 632 2519 688 τοῦ
2546 631 2699 690 ἀδϐἇ
2736 633 3039 704 Θεοδώρου
3070 634 3178 691 τοῦ
3206 633 3321 706 τῆς
3351 633 3607 706 Φέρμης.

2210 770 2281 818 a'.
2319 764 2379 819 Ὃ
2399 765 2575 831 assa;
2594 766 2871 840 Θεόδωρος
2885 769 2914 822 ό
2940 768 3039 839 τῆς
3058 767 3281 839 Φέρμης
3305 769 3577 842 ἐκτήσατο
3600 766 3744 839 τρίαι

2143 856 2322 928 βιϐλία
2350 857 2521 914 καλά·
2554 858 2650 914 καὶ
2692 859 2967 932 παρέϐαλε
2998 860 3078 932 τῷ
3110 860 3258 934 ἁϐὅᾷ
3301 860 3601 933 Μακαρίῳ,
3633 860 3721 914 καὶ

2141 948 2287 1018 λέγει
2327 949 2498 1022 αὐτῷ,
2545 952 2627 1005 ὅτι
2668 952 2817 1024 Ἐχω
2846 951 2974 1026 τρία
3017 951 3199 1024 βιϐλία
3235 951 3400 1018 καλά,
3436 952 3532 1006 καὶ
3581 952 3722 1021 ὠφε-

2141 1040 2339 1112 λοῦμαι
2366 1040 2425 1106 ἐξ
2464 1041 2674 1095 αὐτῶνθ
2708 1041 2805 1097 καὶ
2845 1043 2894 1096 οἱ
2932 1041 3154 1112 όιδελφοὶ⁹
3198 1042 3500 1113 κιχρῶνται
3551 1041 3728 1105 αὐτὰ,

2144 1133 2238 1186 καὶ
2267 1132 2622 1202 ὠφελοῦνται.
2662 1134 2798 1188 Εἰπὲ
2826 1129 2920 1189 οὖν
2956 1152 3067 1207 μοι,
3117 1134 3175 1188 τί
3202 1133 3433 1206 ὤφειλον
3464 1135 3727 1206 ποιῆσαις

2146 1223 2406 1294 κατάσχω
2445 1223 2587 1278 αύτά
2635 1226 2718 1288 είς
2761 1225 2861 1297 τὴν
2909 1226 3049 1298 ἐμὴν
3079 1225 3173 1280 καὶ
3212 1227 3314 1298 τὴν
3340 1227 3449 1282 τῶν
3484 1229 3732 1298 ἀδελφῶν

2144 1313 2433 1384 ὠφέλειαν,
2478 1315 2511 1386 ἢ
2560 1316 2797 1388 πωλήσω
2824 1316 2963 1371 αύτά
2996 1317 3091 1371 καὶ
3127 1316 3285 1372 δώσω
3319 1321 3589 1391 πτωχοῖςς
3620 1319 3732 1375 Kal

2146 1404 2466 1476 ἀποκριθεὶς
2511 1409 2540 1460 6
2580 1407 2758 1479 γέρων
2803 1402 2952 1463 εἴπω
2987 1409 3166 1463 Καλαὶ
3220 1410 3322 1481 μὲν
3363 1412 3420 1465 αἱ
3466 1412 3729 1483 πράξεις,

2147 1495 2281 1549 ἀλλὰ
2320 1495 2521 1566 μείζων
2551 1496 2771 1551 πάντων
2811 1498 3223 1570 ὴάκτημοσύνη
3257 1501 3392 1553 ἐστί.
3431 1502 3539 1555 Kal
3575 1503 3735 1556 τοῦτο

2147 1586 2406 1655 ἀκούσας,
2429 1587 2680 1643 ἀπελθὼν
2704 1588 2986 1660 ἐπώλησεν
3012 1590 3173 1652 αὐτὰ.
3205 1593 3301 1645 καὶ
3328 1592 3549 1647 διέδωκε
3585 1611 3730 1647 πτω-

2148 1694 2285 1748 χοις.

2222 1767 2288 1839 β’.
2343 1769 2597 1840 Ἀδελφός
2636 1787 2720 1834 τις
2758 1770 3124 1843 καθεζόμενος
3156 1775 3236 1838 είς
3268 1773 3337 1827 τά
3369 1774 3564 1829 Κελλία
3602 1777 3731 1829 ἐτα-

458 1856 539 1909 rie
565 1854 933 1920 turbabatur;
964 1862 1021 1909 et
1053 1854 1248 1911 abiens
1296 1854 1364 1910 ad
1398 1856 1651 1912 abbatem
1697 1855 2045 1913 Theodorum

2163 1858 2384 1928 βάσσετο
2419 1860 2761 1931 καταμόνας·
2805 1861 2900 1916 καὶ
2937 1861 3190 1917 ἀπελθὼν
3241 1863 3379 1935 πρὸς
3427 1865 3518 1918 τὸν
3558 1865 3733 1918 essay

458 1946 877 2012 Phermensem,
910 1947 1103 2005 retulit
1134 1946 1206 2002 ei.
1255 1946 1430 2004 Senex
1471 1963 1602 2007 vero
1636 1947 1817 2003 dixit:
1868 1946 2039 2016 Vade,

460 2036 723 2092 humilem
759 2036 926 2093 redde
962 2036 1353 2108 cogitationem
1383 2047 1554 2105 tuam,
1608 2039 1820 2109 subjice
1868 2046 1942 2104 te,
1992 2048 2047 2094 et

456 2143 587 2185 cum
612 2129 736 2186 aliis
768 2137 1007 2186 maneto.
1045 2129 1247 2185 Postea
1286 2144 1543 2188 reversus
1572 2138 1659 2187 est
1704 2132 1773 2186 ad
1832 2146 2042 2196 senem,

458 2219 708 2291 dixitque
737 2239 752 2276 :
786 2219 975 2292 Neque
1004 2235 1130 2275 cum
1158 2220 1479 2277 hominibus
1510 2223 1867 2293 conquiesco.
1897 2221 2038 2276 Tum

460 2326 628 2366 senex
661 2311 728 2367 ad
762 2326 930 2367 eum:
975 2309 1033 2366 Si
1075 2328 1256 2383 neque
1308 2314 1461 2369 solus
1516 2328 1694 2383 neque
1738 2329 1865 2368 cum
1924 2314 2048 2369 aliis

458 2403 701 2471 quietem
736 2403 978 2471 obtines,
1026 2419 1137 2474 qua
1166 2402 1235 2460 de
1268 2419 1438 2462 causa
1487 2420 1747 2476 egressus
1774 2421 1834 2462 es
1868 2406 1935 2460 ad
1968 2403 2049 2460 vi-

461 2503 573 2547 tam
602 2494 986 2550 monacbalem
1011 2495 1034 2549 l
1061 2494 1257 2553 Nonne
1286 2502 1347 2551 ut
1381 2497 1771 2553 tribulationes
1805 2498 2050 2554 sustine—

463 2602 554 2641 res
578 2588 603 2640 τ
647 2585 824 2643 Dicito
889 2595 1072 2644 autem
1110 2589 1246 2644 mihi
1276 2607 1290 2645 :
1326 2589 1371 2643 A
1422 2598 1556 2660 quot
1588 2590 1749 2646 annis
1799 2589 2045 2645 habitum

469 2678 680 2742 gestas?
710 2678 869 2745 Octo,
910 2680 1112 2752 inquit.
1142 2680 1297 2736 Tunc
1324 2697 1490 2736 senex
1527 2682 1575 2736 ei
1607 2699 1621 2736 :
1662 2680 1823 2737 Certe
1867 2682 1921 2735 in
1953 2683 2050 2735 ha-

463 2770 579 2824 bitu
628 2770 735 2826 hoc
763 2773 1115 2844 septuaginta
1169 2787 1344 2830 annos
1384 2774 1645 2845 transegi,
1693 2788 1794 2829 nec
1824 2774 1908 2829 vel
1940 2788 2050 2828 uno

462 2862 552 2915 die
581 2862 823 2931 quietem
856 2871 1057 2921 nactus
1095 2878 1218 2920 sum
1245 2882 1260 2931 ;
1297 2872 1358 2919 tu
1391 2879 1524 2921 vero
1559 2872 1685 2937 post
1714 2871 1841 2919 octo
1875 2878 2050 2921 annos

463 2955 550 3010 vis
583 2956 827 3027 requiem
856 2957 1165 3029 possidere.
1219 2957 1343 3025 Quo
1373 2958 1464 3015 ille
1495 2958 1706 3023 audito,
1754 2956 2053 3015 conﬁrma-

461 3053 556 3101 tus
591 3049 848 3104 recessit.

535 3138 589 3189 5.
613 3136 728 3207 (59)
772 3135 970 3192 Frater
1025 3138 1265 3194 accessit
1316 3139 1613 3209 aliquando
1669 3138 1738 3193 ad
1796 3139 2049 3195 abbatem

2148 1950 2422 2022 Θεόδωρον
2451 1952 2544 2004 τὸν
2582 1951 2683 2023 τῆς
2711 1951 2954 2024 Φέρμης,
2985 1947 3138 2007 εἶπεν
3168 1953 3338 2024 αὐτῷ.
3379 1955 3437 2008 '0
3465 1954 3521 2008 δὲ
3551 1954 3733 2026 γέρων

2147 2037 2336 2096 εἶπενο
2381 2043 2626 2112 ’Ύπαγε,
2671 2043 3009 2098 ταπείνωσον
3051 2044 3144 2098 τὸν
3190 2045 3448 2116 λογισμόν
3490 2063 3605 2111 σου,
3640 2048 3735 2101 καὶ

2148 2130 2474 2203 ὑποτάγηθι,
2517 2133 2613 2186 καὶ
2649 2136 2828 2205 μεῖνον
2865 2134 3001 2200 μετά
3026 2134 3230 2189 ἄλλων.
3258 2135 3369 2189 Kal
3401 2135 3735 2206 ὑποστρέφει

2147 2223 2285 2293 πρὸς
2317 2221 2410 2275 τὸν
2451 2223 2703 2295 γέροντα,
2751 2225 2846 2278 καὶ
2883 2224 3029 2294 λέγει
3069 2226 3251 2297 αὐτῷ’
3288 2227 3421 2279 Οὑδέ
3456 2227 3594 2298 μετά
3624 2228 3737 2282 τῶν

2149 2312 2455 2385 ἀνθρώπων
2483 2315 2856 2386 ἀναπαύομαι.
2887 2316 2997 2368 Kal
3021 2314 3167 2385 λέγει
3198 2314 3345 2386 αύτῷ
3377 2316 3405 2367 6
3432 2315 3639 2387 γέρων·
3670 2317 3736 2370 Εί

2152 2405 2313 2477 μόνος
2357 2406 2458 2458 οὐκ
2502 2406 2779 2478 ἀναπαύῃ,
2831 2407 2954 2459 οὐδὲ
3002 2407 3139 2476 μετά
3190 2406 3299 2460 τῶν
3348 2406 3543 2471 ἄλλων,
3591 2404 3740 2461 διατι

2149 2494 2372 2565 ἐξῆλθες
2406 2497 2484 2558 είς
2507 2495 2599 2549 τὸν
2629 2496 2890 2567 μοναχόν;
2928 2498 3049 2567 οὐχ).
3083 2498 3169 2551 ἵνα
3203 2498 3479 2569 ύποφέρῃς
3506 2503 3603 2559 τάς
3625 2497 3740 2550 θλί-

2147 2584 2299 2656 ψεις;
2350 2584 2474 2637 είπέ
2518 2585 2577 2638 δέ
2633 2603 2751 2656 μοι’
2802 2588 2949 2641 Πόσα
2985 2588 3080 2659 ἐτη
3113 2587 3257 2658 ἔχεις
3290 2590 3369 2651 είς
3416 2589 3477 2641 τὸ
3518 2588 3739 2657 σχῆμα;

2150 2677 2344 2744 Λέγει·
2388 2675 2581 2731 Ὀκτὼ.
2616 2674 2783 2731 Εἶπεν
2820 2674 2913 2732 οὖν
2941 2678 3091 2750 αὐτῷ
3124 2680 3152 2733 6
3179 2679 3358 2750 γέρων
3380 2695 3394 2710 ’
3427 2678 3594 2732 Φύσει
3626 2677 3741 2749 ἔχω

2151 2768 2210 2820 ἐν
2243 2766 2321 2839 τῷ
2352 2769 2593 2839 σχήματι
2623 2770 2992 2842 ἐϐδομήκοντα
3029 2769 3147 2843 ἐτη.
3176 2770 3271 2825 καὶ
3298 2771 3418 2824 ούδέ
3442 2771 3571 2841 μίαν
3596 2769 3738 2842 ἡμέ-

2156 2876 2254 2931 ραν
2297 2854 2454 2931 εὖρον
2500 2860 2842 2916 ἀνάπαυσιν·
2880 2863 2976 2916 καὶ
3014 2863 3079 2917 σὺ
3118 2863 3199 2927 είς
3226 2861 3372 2916 ὀκτὼ
3419 2861 3512 2933 ἐτη
3554 2859 3734 2925 Θέλεις

2153 2949 2458 3004 ἀνάπαυσιν
2506 2949 2682 3020 Exsul;
2723 2952 2833 3004 Kal
2881 2951 3040 3005 τοῦτο
3093 2951 3352 3017 ἀκούσας,
3422 2949 3741 3023 ἐδραιωθεὶς

2151 3041 2421 3113 ἀπῆλθεν.

2226 3135 2299 3204 γ’.
2340 3134 2659 3207 Παρέϐαλεν
2707 3132 2935 3203 ἀδελφός
2983 3149 3114 3203 ποτε
3156 3132 3232 3203 τῷ
3274 3132 3419 3203 ἀὸϐᾷ
3453 3132 3742 3205 Θεοδώρῳ,

463 3225 835 3292 Theodorum,
869 3235 923 3301 et
951 3230 1254 3299 permansit
1282 3229 1401 3286 dies
1434 3240 1578 3300 tres,
1610 3246 1777 3289 orans
1825 3241 1884 3288 ut
1932 3248 2029 3288 au-

2163 3227 2230 3282 :al
2260 3226 2485 3298 ἐποίησε
2522 3228 2673 3298 τρεῖς
2700 3224 2916 3297 ἡμέρας
2952 3221 3282 3295 παρακαλῶν
3313 3223 3474 3277 αὐτὸν
3508 3224 3743 3278 ἀκοῦσαι

465 3319 610 3373 dii-et
635 3318 842 3373 dictum
871 3320 1114 3391 aliquod.
1150 3320 1259 3378 Sed
1304 3323 1396 3379 ille
1441 3339 1789 3396 nequaquam
1820 3341 2050 3399 respon-

465 3411 570 3465 dit.
627 3409 780 3468 Unde
830 3411 1004 3468 frater
1049 3413 1225 3469 tristis
1272 3430 1530 3486 egressus
1576 3425 1686 3474 est.
1748 3418 1840 3473 Ait
1886 3419 2054 3491 igitur

467 3502 776 3573 discipulus
813 3504 975 3575 ejus:
1007 3504 1183 3573 Abba,
1218 3521 1392 3577 quare
1449 3507 1586 3563 nihil
1635 3509 1685 3564 ei
1733 3509 1970 3568 dixisti?
1998 3519 2053 3568 et

473 3596 839 3653 contristatus
886 3597 1178 3653 abscessit.
1221 3597 1360 3654 Tum
1423 3614 1627 3657 senex:
1684 3601 1884 3675 Utique
1944 3619 2052 3658 non

468 3687 690 3745 locutus
724 3704 847 3744 sum
871 3691 921 3745 ei
952 3707 967 3757 ;
997 3690 1307 3761 negotiator
1333 3695 1481 3750 enim
1538 3702 1624 3750 est
1648 3736 1663 3761 ,
1702 3697 1925 3765 vultque
1979 3710 2047 3749 ex

468 3783 706 3837 aliorum
731 3784 1081 3838 sermonibus
1113 3783 1344 3854 gloriam
1377 3789 1684 3855 reportare.

543 3875 743 3945 4.(60)
776 3874 925 3930 Dixit
970 3876 1211 3931 iterum:
1260 3875 1319 3932 Si
1358 3878 1659 3933 amicitiam
1708 3895 1834 3933 cum
1870 3881 2055 3950 aliquo

464 3963 744 4036 iunxeris,
777 3966 1073 4039 contigerit
1102 3974 1284 4023 autem
1320 3981 1445 4021 eum
1470 3967 1717 4023 incidere
1767 3968 1824 4023 in
1875 3974 2056 4024 tenta-

468 4058 675 4114 tiouem
727 4056 1135 4125 fornicationis,
1174 4058 1223 4122 si
1287 4067 1470 4130 poles,
1526 4059 1745 4130 porrige
1787 4074 2009 4114 manum
2038 4104 2053 4130 ,

467 4165 705 4221 eumque
735 4166 955 4207 sursum
979 4151 1156 4208 trabe.
1184 4149 1294 4206 Sed
1329 4151 1377 4208 si
1406 4150 1665 4207 inciderit
1696 4150 1749 4205 in
1780 4151 2056 4222 haeresim,

470 4256 574 4294 nec
599 4255 630 4292 a
662 4247 713 4293 te
738 4239 1141 4308 persuadeatur
1161 4240 1229 4294 ad
1264 4241 1681 4298 conversionem
1711 4242 1741 4308 ,ί
1768 4242 1879 4297 cito
1903 4242 2057 4297 illum

470 4344 503 4381 a
532 4337 583 4382 te
609 4327 904 4393 abscinde;
946 4343 1016 4383 ne
1043 4329 1089 4384 si
1121 4329 1451 4400 tardaveris,
1494 4332 1659 4390 simul
1708 4333 1947 4390 traharis
1990 4332 2060 4389 ad

474 4418 713 4473 foveam.

546 4511 600 4565 5.
638 4508 753 4581 (61)
793 4511 1028 4567 Aiebant
1072 4511 1142 4569 de
1192 4513 1391 4570 abbate
1424 4513 1713 4572 Theodoro
1741 4532 1772 4572 e
1800 4516 2057 4584 Pherme,

2156 3320 2332 3389 λόγον.
2374 3320 2434 3372 '0
2462 3319 2519 3372 δὲ
2548 3319 2650 3371 ούκ
2676 3315 2953 3390 ἀπεκρίθη
2982 3314 3152 3387 αὐτῷ.
3185 3315 3293 3369 Kal
3324 3315 3515 3387 ἐξῆλθε
3538 3313 3745 3370 λυπού-

2158 3430 2336 3485 μενος.
2381 3411 2546 3480 Λέγει
2594 3407 2689 3464 οὖν
2733 3409 2883 3481 αύτῷ
2928 3408 2959 3462 6
3010 3409 3256 3482 μαθητὴς
3303 3407 3504 3462 αὐτοῦ’
3551 3408 3742 3474 Ἀϐϐά,

2154 3505 2272 3569 πῶς
2302 3504 2403 3558 οὐκ
2429 3500 2584 3568 εἷπες
2615 3502 2764 3574 αὐτῷ
2800 3501 2989 3572 λόγον;
3017 3500 3113 3554 καὶ
3142 3501 3350 3572 ἀπῆλθε
3379 3499 3744 3573 λυπούμενος.

2154 3598 2266 3652 Kal
2310 3597 2458 3665 λέγει
2506 3594 2655 3667 αὑτῷ
2685 3597 2714 3649 6
2748 3593 2961 3666 γέρων·
2997 3592 3159 3647 Φύσει
3202 3594 3303 3648 οὐκ
3337 3593 3523 3663 ἔλεγον
3554 3594 3741 3665 αὐτῷ·

2156 3688 2588 3762 πραγματευτὴς
2628 3687 2737 3760 γάρ
2778 3689 2916 3751 ἐστι,
2948 3685 3045 3741 καὶ
3088 3687 3168 3750 είς
3208 3685 3519 3759 ἀλλοτρίους
3551 3686 3751 3755 λόγους

2157 3781 2302 3836 θέλει
2331 3779 2671 3848 δοξάζεσθαι.

2225 3870 2287 3925 δ’.
2328 3866 2465 3925 Εἷπε
2500 3870 2694 3925 πάλιν·
2737 3867 2865 3923 Ἐάν
2892 3866 3035 3933 ἕξεις
3063 3867 3245 3938 φιλίαν
3271 3869 3409 3938 μετά
3448 3867 3613 3933 τινὸς,
3649 3866 3754 3920 καὶ

2159 3963 2341 4035 συμϐῇ
2370 3962 2531 4017 αὐτὸν
2577 3962 2660 4026 εἰς
2703 3960 3007 4032 πειρασμὸν
3035 3960 3295 4031 πορνείας
3333 3959 3614 4031 ἐμπεσεῖν,
3648 3957 3751 4013 ἐὰν

2156 4053 2384 4109 δύνασαι
2433 4053 2523 4117 δὸς
2579 4050 2731 4122 αύτῷ
2777 4052 2958 4122 χεῖρα,
3008 4050 3104 4104 καὶ
3148 4050 3376 4104 ἕλκυσον
3405 4050 3566 4104 αὑτὸν
3608 4049 3749 4104 ἄνω.

2170 4144 2298 4199 Ἐὰν
2338 4144 2396 4199 δέ
2420 4147 2501 4210 εἰς
2538 4143 2750 4215 αἵρεσιν
2783 4143 3021 4216 ἐμπέσῃ,
3054 4143 3147 4196 καὶ
3173 4143 3249 4214 μὴ
3279 4140 3471 4213 πεισθῇ
3503 4157 3582 4193 σοι
3606 4140 3753 4194 ἀπο-

2162 4238 2487 4310 στραφῆναι,
2536 4234 2749 4308 ταχέως
2789 4234 2958 4307 κόψον
3001 4235 3163 4289 αὐτὸν
3208 4234 3317 4288 ἀπὸ
3366 4232 3497 4286 σοῦ·
3535 4233 3752 4305 μήποτε

2163 4328 2439 4401 βραδύνων
2470 4326 2968 4399 συγκατασπασθῇς
2992 4325 3143 4397 αύτῷ
3172 4327 3252 4391 εἰς
3277 4325 3368 4380 τὸν
3402 4324 3590 4398 βόθρον
3606 4324 3675 4380 ⁸³.

2233 4514 2296 4562 ε’.
2374 4506 2604 4577 Ἔλεγον
2627 4505 2755 4579 περὶ
2778 4504 2872 4560 τοῦ
2897 4505 3043 4560 ἀὸὃᾶ
3067 4503 3345 4577 Θεοδώρου
3368 4503 3462 4557 τοῦ
3486 4503 3584 4576 τῆς
3608 4503 3757 4576 Φέρ-

472 4600 624 4674 quod
658 4602 714 4657 in
745 4602 834 4658 his
863 4602 1040 4661 tribus
1070 4604 1345 4675 capitibus
1383 4620 1552 4677 supra
1597 4607 1801 4663 multos
1828 4610 2049 4666 excelle-

2168 4617 2295 4673 μης,
2330 4600 2411 4654 ὅτι
2446 4598 2516 4652 τὰ
2559 4597 2684 4670 τρία
2722 4596 2895 4651 ταῦτα
2926 4597 3198 4667 κεφάλαια
3232 4592 3378 4668 εῖχεν
3411 4595 3553 4668 ὑπὲρ
3608 4595 3753 4648 πολ-

477 4703 564 4775 ret
589 4713 602 4750 :
636 4694 691 4750 in
714 4701 1057 4767 paupertate,
1088 4696 1144 4752 in
1177 4697 1521 4765 austeritate,
1553 4705 1609 4755 et
1664 4698 1720 4753 in
1775 4698 2059 4756 hominum

478 4788 631 4859 fuga.

550 4881 602 4934 ϐ.
641 4878 755 4951 (δί)
786 4877 1009 4937 Vacans
1050 4880 1352 4952 aliquando
1395 4882 1540 4939 inter
1587 4897 1684 4939 eos
1736 4881 2063 4938 versabatur

479 4974 653 5027 abbas
712 4968 1081 5038 Theodorus;
1142 4986 1382 5045 cumque
1445 4972 1839 5039 comederent,
1873 4988 2059 5031 sume-

476 5061 1107 5120 hantcum-reverentia
1145 5062 1345 5117 calices
1391 5063 1585 5130 taciti,
1642 5077 1746 5117 nec
1804 5062 2062 5118 dicebant

478 5155 656 5212 illud:
697 5153 938 5225 Ignosce.
975 5152 1043 5208 Et
1073 5154 1212 5209 dixit
1233 5155 1404 5211 abbas
1443 5154 1812 5212 Theodorus:
1845 5155 2061 5213 Amise-

480 5255 604 5303 I‘unt
635 5246 892 5301 monachi
915 5245 1257 5302 nobilitatem
1288 5260 1468 5313 suam,
1491 5245 1696 5313 dicere,
1731 5244 1973 5319 Ignosce.

2163 4691 2320 4757 λούς·
2362 4692 2460 4763 τὴν
2502 4688 2910 4763 ἀκτημοσύνην,
2953 4690 3053 4762 τὴν
3097 4689 3353 4761 ἄσκησιν,
3394 4686 3577 4742 καὶτὸ
3618 4684 3758 4757 φεύ-

2162 4800 2279 4853 γειν
2307 4783 2433 4845 τοὺς
2465 4780 2562 4835 ἀνθ
2570 4780 2807 4852 ρώπους.

2235 4881 2311 4941 ς’.
2351 4870 2662 4945 Εὐκαίρησέ
2706 4887 2836 4923 ποτε
2888 4870 2917 4923 ὁ
2964 4868 3141 4934 ἀὸὄᾶς
3173 4870 3446 4943 Θεόδωρος
3493 4868 3610 4941 μετ’
3653 4873 3763 4928 αὖ-

2163 4964 2339 5021 τῶν¹⁹
2361 4981 2377 4998 ο
2410 4963 2507 5017 καὶ
2552 4961 2838 5016 ἐσθιόντων
2866 4959 3067 5029 αὐτῶν,
3098 4962 3220 5015 κατ’
3260 4960 3550 5015 εὐλάϐειαν
3577 4960 3761 5034 ἐλάμ-

2167 5056 2325 5111 ϐανον
2350 5053 2420 5108 τὰ
2435 5052 2668 5123 ποτήρια
2700 5048 3032 5113 σιωπῶντες,
3051 5048 3145 5102 καὶ
3176 5048 3278 5102 οὐκ
3305 5044 3495 5118 ἔλεγον
3521 5049 3583 5104 τὸ
3605 5051 3766 5120 Συγ-

2165 5145 2465 5218 χώρησον.
2504 5142 2615 5195 Καὶ
2646 5136 2799 5194 εἶπεν
2839 5139 2868 5192 6
2898 5137 3072 5202 ἀὸὁᾶς
3093 5138 3400 5211 Θεόδωρος·
3439 5136 3775 5210 Ἀπῶλεσαι.

2165 5242 2214 5294 oi
2248 5237 2472 5311 μοναχοὶ
2502 5234 2600 5307 τὴν
2622 5232 2899 5304 εὐγένειαν
2919 5231 3120 5300 αὐτῶν,
3149 5229 3215 5286 τὸ
3241 5230 3482 5301 λέγειν’,
3515 5230 3775 5304 Συτχώηί

2159 5344 2383 5400 pavor.

545 5501 591 5535 ’⁸
620 5499 708 5557 ΔΙ.
734 5499 917 5574 βυθόν.
991 5503 1039 5537 θ’
1061 5503 1150 5558 Al.
1180 5504 1299 5577 μετ’
1322 5503 1568 5578 ἀδελφῶν
1596 5508 1677 5576 είς
1699 5508 1918 5583 Σκῆτιν.
2012 5509 2030 5542 ⁸
2065 5507 2175 5566 Pro
2202 5507 2265 5563 τὸ
2295 5507 2475 5578 λέγειν
2498 5508 2591 5565 alii
2621 5510 2696 5583 μὴ
2722 5511 2997 5582 λέγοντες.

549 5680 665 5753 (57)
708 5679 818 5753 gn.
851 5680 1008 5753 Ijatr.
1042 5697 1122 5747 v1,
1152 5680 1206 5738 6.

548 5750 665 5822 (58)
711 5750 822 5822 Yit.
858 5750 1013 5822 Patr.
1044 5769 1139 5819 vn,
1173 5752 1227 5808 5.

548 5755 644 5822 (58
715 5755 822 5808 Vit.
858 5755 1013 5807 Patr.
1044 5769 1139 5819 vn,
1173 5755 1227 5808 5.

442 5845 447 5851 ο
556 5755 667 5896 (ὀθ)
708 5820 814 5879 Vit.
845 5821 999 5879 Patr.
1032 5837 1150 5891 vm,
1181 5824 1234 5878 6'.

2247 5680 2361 5751 (60)
2399 5680 2507 5751 tia.
2542 5680 2692 5738 Patr.
2728 5699 2784 5749 x,
2813 5684 2905 5741 εδ.

2172 5790 2179 5795 ο
2247 5750 2366 5820 (61)
2410 5750 2518 5808 Vit.
2564 5752 2713 5807 Patr.
2747 5771 2783 5818 ι,
2815 5755 2865 5808 7.

2246 5821 2358 5891 (62)
2398 5821 2504 5878 Vit.
2537 5822 2687 5877 Patr.
2720 5841 2806 5891 xv,
2833 5822 2923 5880 20.
