3982 6336
221 430 324 486 189

1394 430 2006 488 APOPHTIIEGHATA
2045 432 2351 492 PATRUM.

3390 415 3494 500 ibo

287 547 356 612 ζ’.
406 546 727 619 ’Πρώτησεν
747 548 909 602 αὑτὸν
932 548 1181 621 ἀδελφὸς,
1206 548 1397 618 λέγων·
1424 549 1630 615 Θέλεις,
1653 550 1815 617 ἀὸὁᾶ,

1995 553 2046 606 7.
2070 552 2184 625 (ει)
2212 552 2573 611 Percontatus
2594 562 2683 612 est
2707 570 2832 614 eum
2861 557 3033 617 frater
3061 578 3075 616 :
3105 559 3297 629 Visne,
3330 562 3493 628 abba,

225 639 432 711 μικρὰς
459 640 678 712 ἡμέρας
726 641 801 711 μὴ
848 641 1010 711 φάγω
1040 641 1228 713 ἄρτον;
1274 641 1387 695 Καὶ
1434 640 1582 710 λέγει
1613 641 1763 713 αὐτῷ
1790 643 1819 696 6

224 730 431 803 γέρωνθ
458 732 658 798 Καλῶς
693 736 867 796 ποιεῖς
886 750 899 764 ·
928 734 1153 805 καὶγὰρ
1177 732 1335 803 κάγὼ
1363 734 1597 806 ἐποίησα
1625 733 1816 799 οὕτως.

225 823 331 877 Kal
357 823 515 903 λέγει
544 823 695 895 αὐτῷ
713 826 743 878 6
769 824 997 894 ἀδελφός
1017 841 1032 856 ·
1059 824 1214 879 Θέλω
1235 821 1329 880 οὖν
1358 824 1577 880 λαϐεῖν’
1605 825 1675 881 τά
1701 828 1821 898 ἐρε-

224 912 413 970 είνθιά
461 934 565 986 μου
615 918 695 979 εἰς
734 917 798 970 τὸ
837 917 1216 988 ἀρτοκοπεῖον,
1258 917 1356 971 καὶ
1402 917 1629 989 ποιῆσαι
1680 917 1820 973 αὐτὰ

225 1007 475 1082 ἄλευρον.
510 1010 622 1065 Kal
642 1010 792 1080 λέγει
819 1010 967 1082 αὐτῷ
990 1012 1020 1065 6
1059 1010 1241 1082 γέρων
1259 1025 1274 1041 ο
1304 1010 1372 1064 El.
1398 1009 1560 1066 πάλιν
1585 1010 1819 1080 ὑπάγεις

226 1101 304 1165 εις
335 1101 402 1154 τὸ
430 1101 809 1173 ἀρτοχοπεῖον,
852 1102 1082 1173 ποίησον
1125 1102 1218 1155 τὸν
1248 1101 1414 1174 ἄρτον
1449 1118 1576 1156 σου·
1607 1102 1702 1156 καὶ
1736 1101 1819 1166 τίς

226 1195 261 1264 ἠ
286 1194 452 1266 χρεία
480 1194 580 1267 τῆς
601 1195 887 1268 ἐξαγωγῆς
913 1194 1120 1267 ταύτης
1137 1194 1289 1266 (65)”;

296 1292 370 1357 η’.
413 1280 593 1340 *Ηλθέ
638 1304 721 1359 τις
758 1286 867 1342 τῶν
896 1285 1167 1358 γερόντων
1197 1285 1335 1357 πρὸς
1358 1283 1450 1338 τὸν
1490 1282 1664 1339 ἀϐϐᾶν
1689 1282 1821 1337 Θεό-

227 1375 423 1448 δωρον,
451 1380 548 1432 καὶ
579 1373 734 1431 εἷπεν
782 1377 963 1449 αὐτῷ·
1011 1377 1142 1431 Ἰδοὺ
1169 1379 1197 1431 6
1219 1376 1366 1430 δεῖνα
1392 1378 1421 1430 6
1449 1374 1675 1445 ἀδελφὸς
1717 1376 1822 1428 ὐπ-

162 1462 173 1467 ”
229 1469 496 1541 ἔστρεψεν
530 1471 612 1533 εις
647 1468 740 1523 τὸν
781 1470 1006 1541 κόσμον.
1041 1471 1153 1524 Καὶ
1178 1465 1331 1524 εἶπεν
1364 1467 1513 1539 αὐτῷ
1550 1470 1577 1522 6
1604 1468 1816 1539 γέρων-

243 1559 368 1614 Ἐπὶ
400 1560 576 1632 τούτῳ
614 1560 953 1633 θαυμάζεις
989 1561 1064 1633 μὴ
1104 1560 1414 1632 θαυμάσῃς,
1445 1560 1581 1614 ἀλλά
1607 1559 1821 1629 θαύμα-

233 1668 324 1705 σον
366 1653 571 1723 μᾶλλον
604 1653 700 1707 ἐὰν
739 1653 982 1726 ἀκούσῃς
1027 1654 1110 1707 ὃτι
1152 1653 1391 1725 ἠδυνήθη
1431 1670 1514 1716 τις
1562 1654 1819 1721 ἐκφυγεῖν

230 1741 341 1795 ἀπὸ
366 1743 465 1815 τοῦ
503 1744 772 1815 στόματος
797 1748 890 1803 τοῦ
925 1744 1142 1817 ἐχθροῦ.

302 1831 368 1887 θ’.
427 1833 680 1903 Ἀδελφός
706 1852 792 1898 τις
814 1831 979 1905 ἦλθεν
1024 1834 1162 1905 πρὸς
1193 1834 1287 1887 τὸν
1318 1832 1494 1888 ἀσσᾶν
1522 1831 1816 1903 Θεόδωρον,

1924 650 1980 699 ιιι
2012 643 2219 714 aliquot
2247 644 2445 702 diebus
2472 660 2583 701 non
2618 648 2902 704 comedam
2928 653 3163 721 panem?
3192 651 3490 723 Respondit

1921 749 2131 793 senex:
2186 735 2358 793 Recte
2423 736 2635 808 facies;
2684 754 2785 812 ego
2820 744 3021 797 etenim
3081 744 3155 799 ita
3227 744 3351 801 feci.
3406 746 3498 802 Ait

1921 821 2131 879 frater:
2163 823 2300 881 Volo
2347 826 2515 897 igitur
2560 835 2778 898 portare
2814 830 3083 886 cicercula
3106 847 3227 888 mea
3276 833 3344 888 ad
3380 834 3499 905 pis-

1919 914 2152 983 trinum,
2198 924 2261 972 ut
2290 917 2416 972 inde
2441 916 2619 974 farina
2661 918 2774 974 ilat.
2818 919 2959 976 Tum
3020 938 3187 978 senex
3223 940 3238 978 :
3281 923 3361 989 Si,
3412 928 3498 981 in-

1920 1006 2061 1079 quit,
2128 1007 2327 1064 iterum
2377 1008 2445 1063 ad
2494 1009 2784 1080 pistrinum
2850 1010 3259 1081 proficisceris,
3300 1028 3496 1084 panem

1919 1104 2074 1154 tuum
2106 1096 2195 1153 fac
2218 1115 2233 1166 ;
2256 1106 2311 1154 et
2345 1113 2466 1166 quae
2497 1100 2702 1157 utilitas
2731 1115 2799 1157 ex
2835 1100 2941 1157 ista
2971 1104 3403 1173 exportationef

1992 1280 2047 1337 8.
2079 1278 2193 1352 (65)
2224 1279 2385 1335 Venit
2414 1280 2614 1351 aliquis
2635 1281 2909 1337 esenibus
2940 1280 3005 1336 ad
3039 1280 3290 1337 abbatem
3320 1280 3500 1335 Theo-

1917 1371 2133 1434 dorum,
2185 1370 2431 1441 dixitque
2485 1373 2536 1427 ei
2595 1390 2609 1426 :
2679 1371 2819 1426 Ecce
2878 1372 2967 1427 ille
3014 1371 3184 1426 frater
3242 1387 3494 1427 reversus

1919 1471 2005 1520 est
2030 1463 2096 1517 ad
2121 1464 2403 1517 saxulum.
2444 1463 2508 1517 Et
2530 1465 2605 1517 ait
2637 1480 2803 1519 senex
2833 1482 2849 1519 :
2882 1464 2996 1518 Hac
3035 1464 3102 1518 de
3141 1479 3200 1519 re
3235 1462 3501 1519 miraris?

1917 1554 2193 1609 Admirari
2242 1555 2394 1619 noli;
2434 1556 2529 1609 sed
2581 1556 2783 1611 mirare
2824 1556 3028 1626 magis,
3077 1570 3201 1610 cum
3256 1555 3500 1611 audieris

1917 1644 2163 1716 potuisse
2192 1643 2504 1713 quempiam
2535 1642 2774 1714 eﬂ‘ugere
2807 1660 2875 1698 ex
2914 1659 3009 1699 ore
3048 1644 3281 1699 inimici.

1988 1814 2043 1871 9.
2087 1815 2197 1886 (66)
2233 1816 2462 1882 Quidam
2497 1824 2661 1872 frater
2695 1816 2843 1872 venit
2868 1817 2934 1872 ad
2967 1817 3218 1872 abbatem
3251 1816 3499 1873 Theodo-

235 1923 327 1975 καὶ
348 1923 554 1995 ἧρξατο
580 1924 760 1978 λαλεῖν
786 1926 879 1979 καὶ
902 1922 1174 1991 ἐξετάζειν
1207 1924 1530 1996 πράγματα,
1559 1914 1635 1976 ὧν
1665 1920 1818 1975 οῦπω

1939 1920 2067 1970 'um,
2101 1914 2157 1960 et
2185 1906 2353 1975 cmpit
2382 1906 2531 1976 loqui
2560 1921 2625 1962 ac
2645 1906 2956 1977 disquirere
2978 1907 3046 1962 de
3066 1907 3232 1963 rebus
3261 1922 3498 1979 quarum

232 2013 332 2083 τὴν
360 2014 625 2084 ἐργασίαν
656 2013 848 2068 ἐποίει.
877 2014 986 2069 Kal
1014 2014 1163 2083 λέγει
1187 2014 1335 2085 αὐτῷ
1357 2014 1385 2066 6
1412 2013 1591 2085 γέρων
1611 2028 1625 2045 '
1655 2009 1822 2066 Οῦπω

237 2096 394 2173 εὗρες
422 2105 487 2156 τὸ
517 2104 723 2170 πλοῖον,
746 2107 867 2160 οὐδὲ
906 2106 976 2160 τὰ
1015 2105 1183 2176 σκεύη
1221 2122 1312 2158 σου
1352 2104 1562 2169 ἔϐαλες,
1593 2103 1686 2157 καὶ
1718 2101 1822 2173 πρὸ

234 2195 329 2248 τοῦ
388 2195 645 2263 πλεῦσαι,
671 2198 771 2270 ἠδη
822 2198 901 2262 εἰς
948 2197 1045 2269 τὴν
1097 2197 1253 2251 πόλιν
1299 2196 1513 2266 ἐκείνην
1558 2193 1820 2263 ἀπῆλθες.

235 2286 461 2357 Πρῶτον
491 2288 619 2341 ὅταν
644 2289 878 2360 ποιήσῃς
900 2288 959 2342 τὸ
981 2288 1161 2360 ἔργον,
1180 2288 1315 2359 ἔρχῃ
1335 2289 1412 2351 εἰς
1436 2286 1473 2342 ἀ
1498 2286 1592 2340 νῦν
1618 2285 1820 2349 λαλεῖς.

309 2554 361 2602 ι’.
410 2544 474 2603 Ὀ
506 2547 670 2611 αὐτός
700 2564 831 2600 ποτε
869 2544 1141 2617 παρέϐαλε
1188 2543 1268 2615 τῷ
1311 2542 1455 2613 ἀϐὂᾷ
1497 2542 1718 2613 Ἰωάννῃ
1746 2541 1824 2613 τῷ

236 2639 344 2691 ἀπὸ
427 2639 737 2709 γεννήσεως
782 2636 1046 2706 εὐνούχῳ·
1110 2636 1206 2687 καὶ
1255 2632 1559 2685 λαλούντων
1620 2632 1822 2697 αὐτῶν,

240 2719 419 2784 εἶπεν*
453 2728 627 2784 Ὅταν
666 2730 816 2800 ήμην
857 2729 937 2792 εἰς
985 2727 1206 2797 Σκῆτιν,
1235 2724 1304 2778 τὰ
1345 2724 1484 2797 ἔργα
1517 2722 1619 2793 τῆς
1642 2722 1823 2793 ψυχῆς

234 2815 303 2896 ἦν
341 2822 405 2877 τὸ
443 2822 603 2895 ἔργον
652 2821 834 2893 ἡμῶν,
868 2819 930 2873 τὸ
968 2818 1025 2872 δέ
1065 2818 1379 2889 ἔργόχειρον
1421 2816 1498 2882 ὡς
1542 2815 1823 2888 πάρεργον

236 2916 485 2985 εἴχομενο
526 2914 622 2966 νῦν
650 2914 706 2967 δὲ
737 2911 929 2982 γέγονε
962 2911 1022 2965 τὸ
1051 2910 1209 2982 ἔργον
1239 2910 1338 2981 τῆς
1365 2907 1542 2978 ψυχῆς
1567 2905 1644 2971 ὡς
1683 2906 1826 2977 πάρ-

238 3021 418 3076 εργον,
444 3006 540 3058 καὶ
569 3005 631 3058 τὸ
662 3005 939 3077 πάρεργον
966 3003 1146 3073 ἔργον.

308 3187 398 3236 ια’.
450 3178 734 3251 Ἦρώτησε
781 3179 852 3241 δὲ,
885 3177 1048 3233 αὑτὸν
1097 3175 1346 3244 ἁδελφὸς,
1394 3173 1598 3242 λέγων’
1661 3169 1821 3225 Ποῖόν

239 3274 351 3327 ἔστι
377 3272 441 3325 τὸ
461 3271 624 3344 ἔργον
648 3271 748 3341 τῆς
776 3269 975 3341 ψυχῆς,
1013 3267 1043 3321 ὃ
1070 3267 1166 3321 νῦν
1197 3266 1271 3330 ὡς
1304 3265 1580 3337 πάρεργον
1604 3261 1822 3333 ἔχομεν,
1852 3267 1895 3324 c

239 3367 332 3420 καὶ
358 3366 512 3419 ποῖόν
540 3366 656 3418 ἐστι
681 3363 743 3417 τὸ
767 3364 1063 3436 πάρεργον,
1093 3360 1122 3414 ὃ
1148 3358 1243 3414 νῦν
1273 3357 1430 3428 ἔργον
1454 3355 1680 3428 ἔχομεν;
1721 3354 1829 3406 Kal

240 3457 386 3526 λέγει
423 3459 452 3510 6
477 3456 689 3530 γέρων*
732 3455 918 3509 Πάντα
953 3453 1023 3507 τὰ
1060 3452 1321 3523 γινόμενα
1350 3448 1441 3503 διὰ
1479 3448 1577 3520 τὴν
1606 3444 1828 3515 ἐντολὴν

241 3551 331 3606 τοῦ
352 3550 514 3616 Θεοῦ,
548 3549 709 3622 ἔργον
741 3547 922 3619 ψυχῆς
949 3549 1104 3601 ἐστι’
1133 3544 1193 3597 τὸ
1222 3542 1278 3596 δὲ
1304 3544 1385 3605 εἰς
1425 3541 1580 3609 λόγον
1613 3537 1830 3593 ἑαυτῶν

242 3642 571 3717 ἐργάζεσθαι
593 3642 688 3695 xal
716 3639 991 3708 συνάγειν,
1015 3637 1173 3691 τοῦτο
1210 3635 1484 3705 πάρεργον
1512 3631 1656 3703 ἔχειν
1680 3630 1832 3699 ὀφεί-

240 3735 426 3806 λομεν.
458 3735 567 3787 Kal
593 3732 742 3801 λέγει
773 3733 801 3785 6
828 3728 1074 3799 ἀδελφός·
1103 3725 1408 3799 Σαφήνισόν
1450 3742 1540 3795 μοι
1559 3723 1657 3794 τὴν
1691 3721 1830 3776 67:6-

243 3828 393 3886 θεσιν
420 3827 644 3897 ταύτην.
679 3823 791 3878 Kal
813 3822 960 3892 λέγει
993 3822 1021 3874 6
1050 3820 1229 3891 γέρων
1250 3835 1265 3850 ο
1304 3817 1434 3871 Ἰδοὺ
1457 3815 1675 3880 ἀκούεις
1700 3816 1829 3887 περὶ

244 3919 379 3993 ἐμοῦ
413 3921 495 3973 ὅτι
522 3917 756 3983 ἀσθενῶ,
785 3917 881 3970 καὶ
912 3914 1149 3983 ὀφείλεις
1175 3909 1576 3980 ἐπισκέψασθαι
1606 3925 1696 3979 με,
1736 3907 1830 3960 καὶ

243 4010 425 4081 λέγεις
464 4010 522 4063 ἐν
551 4006 759 4079 ἐαυτῷ’
789 4004 1124 4059 Καταλιπεῖν
1152 4003 1261 4074 ἔχω
1287 4002 1346 4055 τὸ
1379 4001 1538 4074 ἔργον
1585 4016 1708 4071 μου,
1738 3999 1831 4051 καὶ

245 4099 341 4155 νῦν
387 4098 681 4165 ἀπελθεῖν;
726 4096 863 4151 ἀλλά
918 4094 1193 4170 πληρώσω
1238 4096 1477 4169 πρῶτον,
1528 4095 1623 4148 καὶ
1659 4092 1831 4157 οὕτως

247 4192 585 4263 ἀπέρχομαι.
634 4187 896 4261 Ἔρχεται
931 4188 989 4242 δέ
1034 4204 1115 4248 σοι
1155 4186 1251 4242 καὶ
1280 4186 1417 4257 άλλη
1463 4184 1706 4257 ἀφορμὴ.
1738 4182 1833 4238 καὶ

246 4282 389 4352 τάχα
416 4280 540 4333 οὑδὲ
577 4278 714 4342 ὅλως
749 4278 1003 4347 ὑπάγεις.
1043 4278 1215 4332 Πάλιν
1244 4276 1404 4339 ἀλλος
1434 4274 1659 4343 ἀδελφὸς
1686 4274 1833 4342 λέγει

254 4392 334 4428 σοι
353 4393 368 4407 ·
393 4372 495 4436 Δός
520 4388 610 4444 μοι
628 4374 807 4443 χεῖρα,
828 4370 1052 4441 ἀδελφέί
1080 4371 1176 4425 καὶ
1200 4369 1382 4439 λέγεις
1398 4383 1413 4399 ο
1446 4368 1595 4438 Ἔχω
1623 4366 1833 4437 άφῆσαι

252 4466 313 4520 τὸ
333 4465 497 4538 ἔργον
523 4482 651 4536 μου,
683 4464 777 4518 καὶ
803 4462 1056 4518 ἀπελθεῖν
1086 4460 1427 4534 ἐργάσασθαι
1457 4459 1595 4531 μετά
1620 4458 1833 4526 τούτου;

266 4557 392 4611 Ἐἀν
416 4552 513 4611 οῦν
556 4555 631 4627 μὴ
671 4554 932 4626 ἀπέλθῃς,
958 4554 1140 4624 ἀφίεις
1167 4552 1266 4625 τὴν
1305 4550 1525 4622 ἐντολὴν
1552 4550 1645 4604 τοῦ
1674 4548 1834 4614 Θεοῦ,

1922 1998 2167 2053 nondum
2192 1997 2582 2068 experientiam
2623 2013 2720 2068 per
2774 2010 2939 2069 opera
2970 1998 3228 2054 habebat.
3269 1999 3416 2055 Dixit
3445 2000 3498 2057 ei

1924 2106 2087 2146 senex
2114 2107 2128 2143 :
2164 2090 2419 2144 Nondum
2449 2106 2642 2146 navem
2669 2099 2863 2147 nactus
2892 2106 2983 2154 es,
3019 2106 3122 2147 nec
3162 2093 3217 2145 iu
3249 2106 3366 2146 eam
3394 2093 3501 2146 im-

1925 2182 2153 2252 posuisti
2186 2181 2580 2251 supellectilem
2632 2190 2780 2237 tuam
2812 2199 2825 2249 ς
2857 2190 2911 2237 et
2939 2190 3233 2252 antequam
3277 2182 3501 2252 naviga-

1928 2274 2092 2339 veris,
2119 2274 2230 2342 jam
2256 2273 2310 2326 in
2345 2272 2621 2329 civitatem
2654 2274 2981 2345 pervenisti.
3016 2274 3159 2344 Ergo
3189 2288 3312 2327 cum
3348 2272 3502 2343 prius

1925 2381 2063 2437 opus
2091 2365 2360 2433 effeceris,
2388 2365 2511 2421 veni
2545 2364 2614 2421 ad
2677 2381 2964 2422 sermones
3016 2380 3155 2436 quos
3210 2380 3358 2419 nunc
3418 2365 3503 2420 lo-

1924 2471 2131 2526 quens.

1998 2546 2086 2600 10.
2112 2545 2223 2616 (67)
2284 2542 2424 2599 ldem
2485 2544 2780 2614 aliquando
2840 2541 3080 2599 accessit
3120 2542 3185 2597 ad
3249 2545 3504 2599 athatem

1924 2637 2216 2703 Joannem,
2253 2636 2403 2689 illum
2440 2652 2504 2691 ex
2548 2636 2829 2691 nativitate
2856 2636 3212 2691 eunuchum:
3256 2643 3311 2689 et
3363 2638 3507 2691 inter

1925 2726 2374 2797 colloquendum,
2408 2726 2589 2780 dixit:
2641 2725 2873 2791 Quando
2923 2727 2978 2779 in
3015 2725 3163 2780 Sceti
3202 2724 3460 2779 versabar
3484 2762 3505 2792 ,

1924 2834 2093 2890 opera
2124 2820 2320 2872 anima:
2348 2825 2504 2871 erant
2536 2831 2675 2887 opus
2704 2826 2980 2881 nostrum,
3011 2830 3177 2886 opera
3219 2830 3351 2869 vero
3384 2828 3506 2871 ma-

1924 2927 2093 2967 nuum
2124 2910 2268 2964 velut
2301 2908 2487 2978 operis
2512 2909 2886 2964 accessionem
2929 2907 3269 2962 habebamus
3298 2922 3314 2972 ;
3357 2917 3508 2961 nunc

1924 3017 2052 3059 vero
2097 3016 2236 3071 opus
2277 3001 2472 3055 anima:
2520 3000 2693 3055 evasit
2752 3000 2808 3055 in
2856 3000 3039 3070 operis
3100 2998 3503 3062 accessionem,

1922 3103 1977 3150 et
2009 3092 2193 3164 operis
2223 3091 2471 3148 accessio
2522 3091 2579 3145 in
2610 3106 2767 3161 opus.

1998 3184 2472 3255 11.1nterrogavit
2506 3193 2689 3240 autem
2722 3184 2875 3240 illum
2907 3184 3099 3247 frater,
3136 3183 3270 3251 sic;
3324 3172 3508 3247 Quod-

1929 3294 2054 3334 nam
2080 3284 2166 3335 est
2194 3293 2333 3349 opus
2358 3278 2555 3333 anima:
2583 3277 2728 3351 quod
2771 3290 2919 3331 nunc
2966 3276 3117 3331 velut
3148 3273 3510 3346 appendicem

1931 3372 2219 3444 habemus,
2254 3378 2312 3426 et
2358 3385 2610 3441 quaenam
2647 3370 2917 3441 appendix
2974 3383 3137 3440 quam
3172 3369 3318 3423 velut
3370 3381 3511 3437 opus

1930 3462 2227 3518 ducimus!
2267 3460 2571 3533 Respondit
2607 3474 2772 3515 senex
2807 3477 2821 3514 :
2873 3458 3226 3528 Quaecunque
3257 3457 3391 3510 fiunt
3443 3468 3512 3509 ex

1933 3552 2191 3608 mandato
2227 3550 2344 3617 Dei,
2381 3565 2522 3621 opus
2567 3549 2763 3604 anima:
2798 3556 2969 3613 sunt;
3020 3556 3074 3601 at
3114 3552 3368 3616 respectu
3425 3542 3514 3600 sui

1932 3647 2171 3720 operari,
2210 3653 2267 3701 et
2295 3657 2648 3715 congregare,
2681 3642 2788 3697 hoc
2833 3656 2935 3713 pro
2963 3638 3264 3711 appendice
3312 3636 3514 3691 habere

1932 3740 2215 3796 debemus.
2250 3735 2445 3792 Frater
2472 3736 2725 3807 excepit:
2759 3734 2989 3790 Declara
3022 3733 3154 3787 mihi
3190 3731 3332 3785 hanc
3370 3742 3511 3783 rem.

1935 3829 2112 3887 Senex
2139 3847 2155 3886 :
2184 3828 2347 3893 Ecce,
2378 3827 2538 3883 audis
2566 3842 2652 3882 me
2686 3834 2977 3896 aegrotare,
3013 3837 3251 3893 cumque
3285 3819 3515 3875 visitare

1933 3938 2021 3978 me
2048 3921 2271 3987 debeas,
2308 3918 2449 3976 dicis
2476 3917 2622 3988 apud
2656 3925 2710 3972 te
2737 3935 2750 3971 :
2778 3917 2860 3971 An
2892 3916 3187 3969 relicturus
3223 3926 3343 3967 sum
3374 3923 3516 3979 opus

1936 4028 2138 4078 meum,
2166 4018 2330 4082 atque
2362 4008 2716 4081 profecturus
2754 4006 2928 4061 mox?
2976 4003 3176 4059 Verum
3228 3999 3514 4071 perﬁciam

1936 4106 2109 4178 prius,
2145 4105 2337 4174 sicque
2364 4098 2850 4173 pergam..Accidit
2878 4104 3062 4151 autem
3088 4094 3188 4149 tibi
3217 4092 3323 4147 alia
3357 4105 3520 4145 occu-

1936 4193 2125 4264 patio;
2160 4199 2215 4247 et
2240 4189 2385 4245 forte
2415 4202 2761 4259 nequaquam
2798 4185 2974 4241 vadis.
3026 4183 3185 4247 ltem,
3230 4181 3371 4236 alius
3403 4179 3518 4234 fra-

1938 4293 2019 4340 ter
2042 4283 2173 4337 dicit
2222 4280 2365 4335 tibi:
2405 4279 2629 4350 Porrige
2667 4277 2801 4332 mihi
2864 4291 3126 4340 manum,
3188 4273 3376 4328 frater.
3429 4270 3513 4327 Tu

1937 4392 2067 4434 vero
2101 4376 2184 4434 ais
2213 4394 2228 4431 :
2267 4375 2519 4433 Debeoue
2552 4375 2827 4431 dimittere
2855 4387 2996 4446 opus
3038 4386 3238 4437 meum,
3264 4379 3319 4425 et
3355 4369 3513 4425 abite

1936 4468 2004 4523 ad
2049 4466 2385 4539 operandum
2419 4482 2543 4523 cum
2576 4467 2729 4524 isto?
2778 4465 2836 4521 Si
2865 4479 2994 4537 ergo
3024 4480 3136 4521 non
3172 4462 3397 4525 abieris,
3433 4476 3525 4518 re-

1937 4560 2142 4632 linquis
2171 4562 2488 4616 mandatum
2537 4561 2654 4625 Dei,
2686 4559 2835 4631 quod
2864 4564 2953 4616 est
3000 4557 3195 4613 anima:
3246 4571 3405 4625 opus,
3464 4559 3523 4609 et

258 4646 286 4699 6
311 4646 426 4698 ἐστι
460 4645 524 4698 τὸ
559 4644 721 4716 ἔργον
758 4644 859 4714 τῆς
889 4642 1088 4715 ψυχῆς,
1123 4644 1219 4696 καὶ
1246 4644 1418 4705 ποιεῖς
1446 4641 1508 4695 τὸ
1535 4642 1827 4712 πάρεργον,

1942 4652 2298 4724 appendicem
2329 4652 2669 4723 exsequeris,
2699 4651 2910 4708 scilicet
2938 4666 3076 4721 opus
3111 4662 3396 4703 manuum.

255 4737 286 4789 ὃ
305 4738 421 4790 ἐστι
440 4736 504 4789 τὸ
521 4736 682 4807 ἔργον
701 4735 808 4789 τῶν
832 4732 1051 4807 χειρῶν.

330 4830 418 4898 ιβ’.
459 4823 626 4881 Εἶπεν
674 4829 702 4881 6
748 4826 921 4889 ἀὸϐᾶς
958 4824 1232 4896 Θεόδωρος
1269 4824 1299 4876 6
1334 4823 1432 4894 τῆς
1470 4823 1713 4895 Φέρμης,
1757 4823 1839 4877 ὅτι

256 4918 544 4989 ἄνθρωπος
576 4919 791 4990 στήκων
821 4919 903 4981 εἰς
938 4916 1247 4988 μετάνοιαν,
1293 4915 1354 4967 οὐ
1393 4914 1602 4968 δέδεται
1644 4916 1724 4977 εἰς
1754 4915 1840 4967 ἐν·

255 5011 439 5083 τολήν.
1508 5030 1511 5033 ·

328 5111 420 5174 ιγ’.
469 5104 530 5159 '0
575 5103 737 5168 αὐτὸς
780 5097 965 5157 εἶπεν
1016 5100 1189 5172 ’Ἄλλη
1224 5098 1395 5172 ἀρετὴ
1425 5097 1527 5153 οὐκ
1558 5096 1728 5164 ἔστιν,
1764 5097 1840 5162 ὡς

256 5198 317 5252 τὸ
347 5198 422 5269 μὴ
446 5193 766 5262 ἐξουθενεῖν.

326 5290 411 5346 ιδ’.
452 5289 626 5346 Πάλιν
657 5283 845 5344 εἶπεν
895 5286 1216 5361 Ἀνθρωπος
1268 5283 1454 5359 μαθὼν
1498 5285 1600 5359 τὴν
1638 5281 1840 5354 γλυκύ-

351 5475 373 5507 ι
412 5473 500 5528 Al.
535 5470 735 5543 βαλεῖν.

331 5652 443 5736 (θδ)
475 5652 634 5736 Τιςηὴ
663 5652 853 5736 ,χρεία
880 5647 991 5736 τῆς
1011 5650 1333 5736 ἐξαγωγῆς.
1351 5652 1605 5736 ταύτης
1639 5648 1831 5736 Versio

267 5720 489 5848 laiIII't'iqu:
518 5741 532 5777 :
569 5720 729 5846 ρμξιῐ
742 5738 872 5793 opus
897 5733 977 5777 est
1004 5723 1111 5777 ista
1136 5720 1412 5794 adjeCtio.’
1440 5732 1530 5777 aut
1553 5720 1700 5793 quod
1733 5736 1845 5774 ma-

366 5832 382 5848 .
420 5811 452 5846 a
496 5809 580 5847 uec
607 5810 676 5848 ιο.

366 5832 382 5855 ,
420 5809 676 5848 aauecuo.

342 5862 457 5933 (64)
500 5862 604 5917 Vit.
638 5862 795 5921 Patr.
828 5877 949 5930 vm,
980 5860 1030 5914 7.

2010 4829 2097 4885 12.
2137 4827 2468 4884 Dixitahbas
2508 4826 2834 4883 Theoaorus
2874 4840 2906 4879 e
2936 4823 3189 4885 Pherme,
3244 4818 3521 4875 hominem

1944 4921 2036 4991 qui
2068 4921 2134 4974 ad
2169 4918 2547 4991 paenitentiam
2592 4923 2722 4982 stat,
2779 4929 2889 4969 non
2941 4912 3156 4984 alligari
3212 4909 3282 4965 ad
3324 4923 3524 4981 praece-

1945 5020 2119 5083 ptum.

2021 5099 2108 5155 15.
2149 5098 2293 5156 ldem
2318 5099 2492 5155 dixit:
2527 5096 2687 5153 Nulla
2716 5106 2891 5152 virtus
2922 5103 3008 5152 est
3030 5093 3179 5160 talis,
3221 5107 3285 5147 ac
3319 5103 3527 5163 nequa-

1948 5207 2112 5263 quam
2143 5198 2514 5246 contemnere.

2024 5283 2111 5340 14.
2149 5282 2307 5338 llunc
2370 5282 2533 5337 etiam
2594 5293 2901 5337 sermonem
2935 5278 3171 5333 habuit:
3207 5274 3384 5331 Homo
3425 5275 3514 5344 qui

2014 5646 2126 5708 (65')
2180 5642 2281 5697 Vit.
2324 5641 2479 5695 Patr.
2516 5655 2568 5704 κ,
2598 5637 2692 5694 25.

2022 5716 2133 5777 (iiii)
2179 5714 2281 5767 Vit.
2327 5710 2480 5765 Patr.
2524 5724 2643 5774 vm,
2669 5708 2723 5763 8.

2022 5785 2133 5855 (67)
2178 5784 2285 5840 Vit.
2331 5781 2478 5835 Patr.
2516 5796 2569 5847 χ,
2610 5779 2697 5835 24.
