3994 6336
431 372 528 431 {9!
1606 364 1949 422 APPENDIX
1991 364 2082 422 AD
2113 362 2531 420 PALLADIUM.
3599 359 3698 420 192

432 488 619 545 didicit
653 486 808 542 cellae
838 485 1208 554 dulcedinem,
1235 486 1548 559 proximum
1580 502 1739 543 suum
1776 487 1934 560 fugit,
1956 496 2010 543 at

2150 503 2250 558 ητα
2273 485 2365 539 τοῦ
2381 483 2618 550 κελλίου,
2641 485 2741 557 οὐχ
2763 483 2836 548 ὡς
2867 481 3153 555 ἀτιμάζων
3171 480 3260 536 τὸν
3279 477 3508 553 πλησίον
3530 479 3698 536 αὐτοῦ
3714 500 3719 518 π

431 579 550 636 sine
575 578 983 648 aspernatione.

2150 578 2327 648 νεύγει.

498 671 586 726 15.
633 669 782 724 Dixit
805 671 1004 724 iterum
1033 689 1047 725 :
1076 668 1195 727 Nisi
1225 679 1428 728 memet
1456 670 1750 728 abscidere
1791 687 1821 726 a
1869 687 2014 728 com-

2187 677 2268 724 ιε’.
2310 671 2482 725 Πάλιν
2523 665 2710 724 εἶπενο
2769 667 2893 722 Ἐὰν
2941 667 3014 739 μὴ
3061 664 3280 735 ἐκκόψω
3316 662 3552 734 ἐμαυτὸν
3597 661 3707 730 ἀπο,

432 764 889 819 miserationibus
943 763 1052 832 his,
1097 778 1206 820 non
1264 764 1448 821 sinent
1498 780 1587 821 me
1638 779 1764 822 esse
1819 780 2014 820 mona-

2150 763 2223 818 ὦν
2243 762 2546 836 οίκτιρμῶν
2569 762 2793 824 τούτων,
2827 760 2928 813 οὐκ
2957 757 3088 811 ὲῶσί
3127 774 3194 827 με
3231 751 3370 811 εἶναι
3400 753 3656 827 μοναχόν.

428 849 620 903 chum.

508 901 618 997 i6.
640 939 755 1012 (68)
811 939 949 1011 Ejus
997 957 1218 1012 quoque
1273 941 1478 1000 dictum
1529 942 1668 1000 fuit:
1707 901 1878 1000 (Multi
1914 946 2016 1001 hoc

434 1042 682 1101 tempore
747 1033 992 1102 quietem
1047 1034 1200 1103 prius
1262 1043 1655 1104 sumpserunt,
1713 1051 1877 1106 quam
1937 1037 2017 1092 eis

437 1122 706 1191 praeberet
737 1123 902 1178 Deus.

2192 940 2286 1007 ις’.
2330 937 2464 994 Εἷπε
2515 940 2706 995 πάλιν·
2749 939 2943 993 Πολλοὶ
2985 938 3045 991 ἐν
3072 935 3153 1008 τῷ
3196 934 3376 1006 καιρῷ
3408 933 3586 1004 τούτῳ
3617 932 3702 986 sf-

2118 1034 2271 1088 λοντο
2293 1034 2394 1106 τὴν
2425 1033 2752 1096 ἀνάπαυσιν,
2780 1031 2910 1102 πρὶν
2935 1031 2964 1083 6
2989 1029 3122 1092 Θεὸς
3149 1029 3335 1090 αὐτοῖς
3358 1027 3636 1098 παράσχῃ.

2194 1212 2281 1277 ιζ’.
2325 1207 2463 1266 Εῒπε
2494 1210 2686 1265 πάλιν·
2717 1208 2808 1280 Μὴ
2834 1208 3104 1281 κοιμηθῇς
3127 1209 3208 1272 εἰς
3229 1207 3394 1262 τόπον
3420 1207 3554 1261 ὅπου
3583 1207 3705 1262 ἐστὶ

2121 1305 2286 1467 γυῖἓί
2339 1393 2596 1461 ’Δδελφὸς
2634 1390 2887 1465 ⁴ἠρώτησε
2932 1390 3023 1444 τὸν
3065 1389 3240 1444 ἀϐϐἄν
3271 1389 3570 1461 Θεόδωρον,
3608 1390 3702 1444 λέ-

2123 1503 2268 1555 γων’
2312 1485 2464 1539 Θέλω
2500 1483 2809 1538 ἐπιτελέσαι
2853 1483 2952 1546 τὰς
2996 1482 3235 1546 ἐντολάς.
3282 1483 3447 1552 Λέγει
3487 1482 3636 1554 αὐτῷ
3674 1483 3705 1536 6

2123 1575 2304 1647 γέρων
2351 1575 2481 1646 περὶ
2530 1573 2624 1627 τοῦ
2677 1572 2822 1626 esse
2870 1571 3080 1639 Θεωνᾶ,
3115 1571 3197 1624 ὅτι
3239 1566 3362 1624 εἷπε
3414 1572 3508 1625 καὶ
3540 1572 3707 1637 αὐτός

511 1215 600 1268 l7.
657 1214 789 1271 Item
855 1217 1000 1273 hoc:
1053 1216 1178 1272 Noli
1232 1217 1474 1274 dormire
1528 1217 1746 1274 inloco
1795 1218 1883 1272 ubi
1935 1227 2019 1274 est

440 1309 658 1364 mulier.

515 1401 602 1455 l8.
640 1401 832 1455 Frater
856 1400 1219 1472 interrogavit
1243 1401 1497 1457 abbatem
1535 1401 1908 1466 Theodorum,
1937 1402 2025 1458 di-

443 1508 614 1549 cens:
656 1493 790 1546 Volo
821 1492 1076 1547 mandata
1114 1493 1395 1563 perficere.
1432 1491 1641 1549 Retulit
1666 1494 1718 1550 ei
1764 1509 1928 1552 senex
1955 1495 2024 1552 de

443 1586 640 1639 abbate
667 1585 914 1651 Theona,
939 1585 1084 1655 quod
1116 1585 1234 1655 ipse
1273 1600 1495 1656 quoque
1541 1587 1742 1642 dixerit
1775 1588 2024 1659 aliquan-

443 1677 512 1732 do
539 1696 552 1732 :
583 1676 716 1732 Volo
750 1678 1048 1746 adimplere
1082 1679 1474 1748 cogitationem
1517 1695 1696 1735 meam
1730 1695 1855 1735 cum
1890 1681 2021 1736 Deo.

2150 1683 2258 1720 τοτε
2278 1683 2291 1697 ο
2337 1665 2489 1719 Θέλω
2533 1663 2818 1736 πληρῶσαι
2864 1663 2956 1717 τὸν
3002 1662 3262 1734 λογισμόν
3301 1680 3401 1734 μου
3442 1664 3580 1735 μετὰ
3606 1664 3704 1720 τοῦ

445 1768 511 1822 Ει
539 1776 764 1838 accepta
810 1769 866 1821 in
901 1768 1065 1822 furno
1108 1767 1284 1822 farina
1334 1769 1585 1834 subacta,
1617 1785 1790 1840 panes
1836 1773 2024 1828 confe-

2150 1757 2286 1822 9506,
2309 1757 2403 1810 καὶ
2430 1755 2612 1811 λαϐὼν
2639 1756 2815 1809 σιτίαν
2844 1756 2924 1819 είς
2956 1754 3017 1808 τὸ
3042 1755 3415 1827 ἀρτοκοπείον,
3447 1757 3706 1829 ἐποίησεν

440 1860 558 1924 cit;
619 1833 760 1928 qdns
797 1860 1110 1928 petentibus
1147 1860 1480 1930 pauperibus
1507 1833 1674 1919 dedit.
1707 1863 1908 1920 lterum
1933 1881 2027 1935 pe-

2150 1849 2326 1921 ἱρτους
2345 1865 2358 1879 ·
2397 1849 2493 1903 καὶ
2524 1849 2867 1920 αἰτησάντων
2895 1847 3064 1902 αὑτὸν
3093 1849 3346 1920 πτωχῶν,
3379 1849 3549 1903 ἔδωκε
3579 1853 3709 1916 τοὺς

443 1949 686 2005 tentibus
713 1950 855 2015 aliis,
887 1949 1112 2004 tradidit
1160 1951 1470 2020 sportellas,
1495 1953 1752 2023 quodque
1778 1956 2026 2026 gestabat

2150 1941 2356 2010 ίρτους·
2411 1941 2507 1994 καὶ
2551 1941 2715 1995 πάλιν
2756 1941 3100 2013 αἰτησάντων
3151 1942 3347 2011 ἄλλων,
3405 1945 3574 1999 ἔδωκε
3637 1945 3710 2000 τὰ

451 2041 675 2111 pallium
705 2057 719 2104 ;
750 2052 802 2095 et
827 2042 1052 2095 intravit
1095 2042 1148 2096 in
1180 2043 1376 2096 cellam
1411 2042 1644 2100 maforte
1669 2047 2024 2116 praecinctus.

2150 2032 2386 2103 τπυρίδια
2427 2031 2608 2086 καὶτὸ
2648 2033 2863 2104 ἱμάτιον
2891 2034 2918 2087 ὃ
2952 2035 3170 2106 ἐφόρει,
3206 2038 3302 2089 καὶ
3333 2037 3584 2107 εἰσῆλθεν
3628 2041 3711 2101 είς

445 2130 578 2188 Post
612 2133 725 2186 haec
755 2140 939 2188 tamen
975 2131 1042 2187 de
1076 2147 1135 2187 se
1165 2133 1344 2188 adhuc
1372 2137 1834 2206 conquerebatur,
1868 2140 2027 2210 quasi

448 2241 557 2280 non
590 2225 944 2295 adimplesset
981 2225 1075 2280 Dei
1107 2226 1446 2283 mandatum.

524 2402 612 2456 l9.
653 2401 960 2473 {Egrotavit
991 2405 1289 2476 aliquando
1319 2408 1489 2464 abbas
1509 2408 1736 2481 Joseph,
1767 2419 1822 2467 et
1880 2412 2031 2468 misit

450 2488 519 2542 ad
551 2489 801 2546 abbatem
833 2493 1203 2563 Theodorum,
1259 2498 1488 2555 dicens:
1525 2499 1680 2568 Veni,
1716 2510 1774 2555 ut
1817 2503 2030 2559 videam

449 2587 505 2634 te
532 2581 686 2650 prius
715 2600 879 2653 quam
911 2601 942 2641 e
971 2602 1203 2659 corpore
1227 2593 1514 2662 egrediar;
1557 2601 1675 2648 erat
1704 2603 1885 2650 autem
1919 2613 2031 2652 me-

450 2669 540 2723 dia
573 2671 932 2728 hebdomada.
965 2675 1060 2732 llle
1087 2694 1195 2733 non
1227 2679 1508 2748 profectus
1537 2691 1622 2736 est
1651 2699 1665 2748 ;
1712 2684 1806 2738 sed
1855 2684 2028 2751 misit,

449 2762 646 2817 aiens:
682 2764 738 2817 Si
792 2767 995 2822 vixeris
1043 2784 1218 2839 usque
1251 2770 1319 2826 ad
1359 2772 1506 2826 diem
1554 2770 1801 2838 Sabbati,
1832 2775 2029 2845 adibo;

450 2855 541 2909 sin
569 2856 900 2925 decesseris,
929 2860 982 2913 in
1013 2861 1107 2915 illo
1137 2864 1340 2918 saeculo
1369 2864 1678 2920 videbimus
1703 2865 1958 2921 invicem.

523 2947 614 3002 20.
640 2947 837 3006 Frater
861 2953 1001 3008 dixit
1031 2953 1214 3008 abbati
1248 2953 1539 3010 Theodoro
1566 2973 1579 3009 :
1623 2957 1844 3027 Aliquid
1877 2958 2034 3014 verbi

452 3039 590 3094 mihi
628 3041 854 3110 profer;
886 3059 1010 3098 nam
1041 3060 1227 3114 pereo.
1261 3044 1340 3099 Ac
1399 3061 1543 3116 aegre
1597 3049 1882 3117 respondit
1928 3049 1979 3106 ei
2014 3068 2030 3106 :

2127 2125 2189 2179 τὺ
2220 2124 2452 2190 κελλίον,
2490 2125 2936 2198 περιζωσάμενος
2966 2125 3028 2179 τὸ
3066 2127 3352 2198 μαφόριον.
3392 2129 3502 2183 Kal
3534 2128 3708 2194 οὕτως

2129 2215 2294 2270 πάλιν
2337 2216 2618 2287 ἐμέμφετο
2668 2216 2857 2271 ἑαυτὸν
2897 2217 3091 2286 λέγων,
3137 2218 3219 2271 ὅτι
3259 2219 3374 2272 Οὐκ
3415 2220 3712 2293 ἐπλήρωσα

2130 2304 2226 2376 τὴν
2254 2306 2475 2378 ἐντολὴν
2508 2306 2602 2359 τοῦ
2632 2305 2786 2363 Θεοῦ.

2205 2397 2290 2452 ιϐ’.
2343 2397 2638 2469 Ἦσθένησέ
2671 2401 2847 2452 ποτεὸ
2877 2399 3050 2464 ἀϐϐἄς
3095 2400 3314 2473 Ἰωσὴφ,
3359 2403 3456 2457 καὶ
3497 2402 3716 2475 ἔπεμψε

2131 2488 2269 2560 πρὸς
2299 2488 2392 2542 τὸν
2421 2487 2595 2543 ἀϐϐἆν
2625 2488 2921 2561 Θεόδωρον,
2952 2489 3157 2559 λέγων’
3189 2492 3382 2562 Δεῦρο,
3416 2492 3502 2546 ἴνα
3531 2510 3590 2546 σε
3618 2494 3718 2549 ίδω

2132 2579 2238 2650 πρὸ
2275 2579 2367 2633 τοῦ
2410 2597 2477 2650 με
2521 2579 2758 2645 ἐξελθεῖν
2790 2582 2854 2634 ἐκ
2895 2581 2992 2635 τοῦ
3033 2581 3312 2654 σώματος·
3344 2579 3413 2656 ἦν
3448 2585 3504 2638 δὲ
3548 2584 3718 2656 μέσον

2131 2671 2230 2741 τῆς
2253 2671 2566 2743 ἑϐδομάδος.
2595 2673 2705 2726 Kal
2728 2674 2828 2727 οὐκ
2859 2673 3125 2745 ἀπῆλθεν·
3154 2675 3368 2746 ἔπεμψε
3396 2676 3473 2741 δὲ,
3506 2677 3716 2744 λέγων·

2147 2761 2272 2815 Ἐὰν
2326 2762 2514 2836 μείνῃς
2569 2762 2677 2826 ἔως
2732 2763 2828 2817 τοῦ
2877 2763 3174 2830 σαϐϐάτου,
3235 2766 3497 2837 ἔρχομαιο
3561 2769 3611 2820 εί
3658 2767 3722 2820 δὲ

2135 2853 2389 2923 ὑπάγεις,
2418 2856 2499 2918 είς
2527 2857 2736 2909 ἐκεῖνον
2765 2856 2857 2910 τὸν
2887 2857 3093 2928 κόσμον
3129 2858 3400 2931 βλέπομεν
3429 2860 3720 2932 ἀλλήλους.

2206 2953 2273 2999 κ’.
2338 2947 2590 3015 Ἀδελφὺς
2629 2942 2750 3001 εἶπε
2784 2947 2862 3018 τῷ
2893 2948 3042 3019 ἀϐϐᾷ
3081 2947 3382 3024 Θεοδώρῳ·
3435 2953 3575 3006 Εἰπέ
3626 2970 3722 3024 μοι

2138 3035 2311 3106 ῥῆμα,
2339 3037 2420 3090 ὅτι
2456 3036 2787 3108 ἀπόλλυμαι.
2822 3039 2932 3092 Καὶ
2965 3039 3107 3110 μετὰ
3135 3041 3308 3096 κόπου
3345 3039 3499 3100 εἶπεν
3529 3045 3682 3117 αὐτῷ
3703 3061 3722 3077 ·

453 3131 570 3203 Εεο
598 3134 902 3202 periclitor,
926 3145 980 3190 et
1013 3136 1144 3207 quid
1175 3137 1270 3192 tibi
1306 3135 1481 3192 habeo
1508 3138 1758 3208 proloqui
1785 3139 1809 3194 ?

2150 3127 2290 3197 Ἐγὼ
2318 3127 2633 3193 κινδυνεύω,
2665 3128 2760 3182 καὶ
2787 3129 2837 3183 τί
2862 3147 2943 3184 σοι
2970 3130 3078 3203 ἔχω
3105 3134 3315 3200 εἰπεῖνς

523 3223 616 3278 21.
654 3223 816 3282 Venit
848 3225 1020 3282 frater
1044 3229 1110 3284 ad
1142 3229 1396 3285 abbatem
1427 3229 1796 3298 Theodorum,
1826 3241 1884 3288 ut
1907 3248 2029 3289 eum

2208 3225 2310 3273 κα’.
2361 3219 2612 3289 Ἀδελφὸς
2639 3216 2770 3292 ἦλθε
2798 3221 2934 3295 πρὸς
2963 3223 3055 3276 τὸν
3089 3223 3262 3278 essay
3295 3225 3596 3298 Θεόδωρον,
3629 3227 3722 3280 ῐνα

454 3310 681 3368 doceret
726 3321 1038 3383 contexere,
1094 3320 1386 3390 attulitque
1421 3322 1679 3390 plectam.
1718 3322 1894 3380 Senex
1936 3339 2029 3379 au-

2150 3311 2318 3384 Ξιδάξῃ
2346 3312 2508 3366 αὑτὸν
2546 3314 2796 3384 ῥάπτειν,
2833 3313 3060 3383 ἐνέγκας
3097 3317 3190 3370 καὶ
3226 3316 3323 3389 τὴν
3361 3319 3550 3390 σειρὰν
3583 3319 3727 3391 πρὸς

457 3405 571 3452 tem
599 3398 736 3455 dixit
769 3402 820 3456 ei
847 3419 862 3456 :
895 3403 1019 3470 Abi,
1051 3415 1104 3460 et
1134 3421 1296 3462 mane
1319 3408 1425 3463 huc
1457 3413 1601 3465 veni.
1638 3411 1880 3484 Surgens
1904 3429 2029 3487 ergo

2150 3407 2317 3464 ιύτόν.
2361 3407 2420 3460 '0
2457 3407 2513 3461 δὲ
2547 3408 2726 3480 γέρων
2774 3407 2922 3477 λέγει
2965 3409 3144 3481 αὐτῷ·
3176 3410 3417 3481 ’Ύπαγε,
3445 3413 3540 3465 καὶ
3574 3411 3725 3484 πρωῒ

455 3503 651 3556 senex,
687 3493 921 3562 plectam
955 3497 1006 3550 ei
1054 3497 1303 3571 irrigavit
1328 3542 1343 3565 ,
1375 3506 1699 3576 paraviltque
1743 3515 2029 3575 praetextu-

2150 3497 2296 3570 Ξεῦρο
2326 3492 2449 3552 ὧδε.
2487 3499 2595 3552 Kal
2629 3498 2868 3562 ἀναστὰς
2897 3500 2926 3552 6
2955 3501 3154 3572 γέρων,
3191 3501 3414 3573 ἔϐρεξεν
3441 3503 3592 3573 αὑτῷ
3619 3505 3726 3574 τὴν

457 3597 595 3647 ram,
630 3584 854 3642 dicens:
884 3587 960 3643 Ita
990 3597 1153 3660 atque
1181 3592 1254 3646 ita
1285 3593 1450 3650 facito
1481 3614 1495 3660 ;
1543 3607 1599 3653 et
1635 3599 1856 3669 reliquit
1885 3615 2029 3654 eum.

2150 3590 2348 3663 σειρὰν,
2412 3591 2507 3645 καὶ
2562 3591 2862 3662 ἡτοίμασεν
2909 3592 3060 3665 αὑτῴ
3118 3593 3216 3665 τὴν
3260 3598 3720 3668 προκαταραφὴν,

457 3671 747 3744 Ingressus
809 3687 992 3735 autem
1047 3683 1103 3737 in
1155 3686 1349 3740 cellam
1412 3704 1568 3743 suam
1623 3705 1787 3746 senex
1851 3691 2029 3760 sedit;

2150 3683 2310 3751 λέγων
2327 3698 2342 3714 ⁸
2368 3681 2558 3746 Οὕτως
2582 3685 2674 3737 καὶ
2698 3683 2872 3746 οὕτως
2898 3684 3122 3756 ποίησον
3140 3699 3154 3714 ⁶
3183 3685 3276 3738 καὶ
3299 3687 3510 3758 ἀφῆκεν
3531 3689 3718 3744 αὐτόν.

455 3780 697 3838 cumque
755 3779 970 3843 tempus
1009 3775 1359 3845 advenisset,
1417 3779 1602 3834 cibum
1643 3782 1924 3852 apposuit,
1973 3798 2029 3839 ac

2150 3774 2251 3829 Kal
2271 3772 2527 3827 εἰσελθὼν
2549 3776 2628 3837 είς
2655 3774 2716 3828 τὸ
2744 3774 2951 3830 κελλίον
2973 3775 3160 3841 αὑτοῦ,
3181 3775 3434 3830 ἐκάθισεν
3458 3779 3486 3831 6
3505 3779 3689 3851 γέρων
3704 3797 3718 3810 ·

458 3857 740 3917 hominem
774 3865 1007 3922 remisit.
1049 3865 1210 3924 Venit
1243 3871 1440 3926 iterum
1488 3889 1649 3929 mane
1675 3913 1692 3941 ,
1763 3883 1818 3929 et
1849 3876 1925 3930 ait
1958 3875 2029 3932 illi

2150 3871 2235 3924 καὶ
2269 3873 2349 3935 είς
2377 3871 2476 3941 τὴν
2509 3870 2679 3942 ὥραν,
2727 3870 2984 3943 ἐποίησεν
3039 3871 3202 3926 αὑτὸν
3233 3874 3448 3942 φαγεῖν,
3485 3875 3579 3926 καὶ
3619 3874 3730 3928 ἀπο

457 3971 671 4014 senex:
714 3959 867 4017 Tolle
895 3961 1026 4018 hinc
1055 3963 1288 4034 plectam
1314 3975 1504 4030 tuam,
1538 3974 1705 4039 atque
1760 3968 1874 4024 abi.
1930 3967 2029 4024 ,νε-

2150 3964 2406 4036 έπεμψεν.
2436 3959 2610 4017 *Ηλοε
2629 3962 2686 4017 δὲ
2714 3963 2875 4017 πάλιν
2905 3963 3078 4036 πρωῒ·
3105 3965 3199 4018 καὶ
3219 3963 3365 4034 λέγει
3397 3964 3544 4036 αὑτῷ
3573 3968 3602 4020 6
3627 3967 3728 4036 γέ-

457 4050 592 4106 nisti
626 4053 796 4119 enim,
826 4061 888 4108 ut
925 4071 1014 4112 me
1046 4055 1102 4110 in
1132 4057 1490 4114 tentationem
1525 4073 1590 4113 ac
1613 4059 2029 4115 sollicitudinem

2150 4073 2282 4129 ρων·
2319 4052 2487 4128 *Αρον
2515 4055 2611 4129 τὴν
2654 4055 2842 4129 σειρὰν
2871 4073 2965 4109 σου
2993 4055 3166 4121 ἔνθεν,
3191 4056 3285 4109 καὶ
3312 4057 3585 4130 ἁναχώρει
3603 4075 3614 4090 ⁸
3643 4061 3731 4123 είς

458 4147 729 4203 mitteres.
767 4145 880 4204 Nec
913 4150 1150 4221 amplius
1184 4153 1435 4223 permisit
1463 4168 1588 4209 eum
1621 4153 1766 4210 intro
1796 4170 2029 4210 manere.

2150 4146 2448 4219 πειρασμὸν
2489 4145 2598 4219 γὰρ
2639 4142 2803 4218 ἦλθες
2844 4145 3027 4215 βαλεῖν
3084 4162 3152 4216 με
3198 4146 3292 4199 καὶ
3327 4149 3408 4210 είς
3443 4147 3729 4219 φροντίδα.

2143 4242 2254 4294 Kal
2273 4241 2373 4293 οὐκ
2398 4239 2476 4293 ἔτι
2503 4239 2716 4309 ἀφῆκεν
2745 4239 2906 4293 αὑτὸν
2935 4238 3058 4294 ἔσω.

529 4324 622 4379 22.
678 4323 888 4381 Retulit
938 4328 1154 4384 abbatis
1203 4329 1476 4385 Theodori
1531 4333 1883 4403 discipulus:
1930 4333 2029 4387 Alit

2218 4329 2322 4399 κβ’.
2360 4327 2528 4384 Εἶπεν
2577 4332 2606 4383 ό
2657 4329 2908 4400 μαθητὴς
2955 4329 3050 4383 τοῦ
3099 4331 3244 4386 esse
3287 4330 3586 4403 Θεοδώρου,
3641 4335 3731 4390 ὅτι

457 4417 686 4487 quando
714 4419 864 4472 venit
919 4418 1085 4474 homo
1144 4420 1390 4476 vendens
1446 4435 1634 4490 cepas,
1700 4431 1756 4477 et
1799 4423 2029 4492 implevi1

2150 4416 2317 4474 Ἦλθέ
2343 4422 2472 4474 ποτέ
2484 4439 2568 4485 τις
2601 4421 2794 4474 πωλῶν
2812 4421 3092 4493 κρόμμυα,
3113 4423 3208 4476 καὶ
3233 4422 3457 4494 ἐγέμισέ
3479 4441 3566 4494 μοι
3591 4441 3736 4494 κρα-

463 4511 602 4592 mihi
633 4519 931 4565 craterem.
982 4511 1124 4567 Dicit
1183 4529 1351 4568 senex
1381 4532 1394 4568 :
1430 4514 1600 4583 Imple
1655 4514 1952 4580 frumento,
1989 4523 2029 4570 cl

2150 4515 2309 4588 τῆρα.
2347 4516 2457 4570 Kal
2490 4515 2637 4584 λέγει
2674 4518 2703 4569 ό
2741 4517 2948 4588 γέρων·
2981 4516 3216 4588 Γέμισον
3248 4517 3399 4588 αὐτῷ
3432 4520 3597 4580 σῖτον,
3631 4519 3736 4572 καὶ

460 4601 532 4656 da
568 4603 639 4658 ei.
704 4602 874 4658 Erant
903 4611 1090 4660 autem
1146 4605 1257 4661 duo
1315 4609 1496 4660 acervi
1550 4603 1810 4659 frumenti
1839 4647 1853 4665 .
1898 4623 2029 4662 unus

2150 4607 2233 4670 δὸς
2271 4606 2437 4678 αὐτῷ.
2471 4602 2651 4660 τΗσαν
2683 4606 2740 4660 δὲ
2775 4606 2868 4660 δύο
2910 4606 3089 4678 βουνοί
3131 4608 3301 4673 σίτου,
3343 4603 3425 4672 εἷς
3461 4608 3731 4680 καθαρὸς,

463 4694 730 4760 mundus,
787 4696 926 4752 alter
977 4713 1088 4752 non
1131 4704 1434 4768 purgatus;
1473 4712 1537 4750 ac
1604 4697 1822 4766 implevi
1872 4695 1923 4750 ei
1975 4709 2029 4749 ει

2150 4699 2243 4752 καλ⁵
2270 4693 2350 4763 εἷς
2383 4698 2690 4771 ἀκαθάρτος
2708 4716 2723 4730 ·
2755 4699 2990 4771 ἐγέμισα
3007 4701 3064 4754 δὲ
3094 4703 3244 4774 αὑτῷ
3267 4703 3333 4756 ἐκ
3355 4700 3452 4754 τοῦ
3479 4701 3734 4774 ἀκαθάρ-

459 4786 770 4844 immundo.
807 4786 986 4844 Senex
1018 4803 1148 4843 vcro
1175 4788 1367 4844 oculos
1409 4788 1465 4843 in
1521 4803 1608 4843 me
1637 4787 1870 4844 intendit
1897 4787 2044 4842 acri-

463 4887 627 4935 teret
673 4894 800 4935 cum
835 4881 1104 4937 tristitia:
1162 4883 1306 4937 unde
1375 4897 1445 4937 ex
1500 4881 1699 4935 timore
1751 4880 2045 4950 prolapsus

462 4988 608 5034 sum,
639 4979 805 5043 atque
834 4981 1104 5027 craterem
1152 4973 1308 5045 fregi.
1344 4971 1484 5027 Tum
1521 4973 1736 5028 veniam
1786 4987 2045 5042 procum-

462 5063 603 5120 bens
636 5065 791 5134 petii.
829 5065 918 5118 Ait
951 5080 1119 5120 senex
1151 5084 1163 5120 :
1199 5064 1399 5134 Surge,
1441 5074 1532 5118 tua
1572 5079 1682 5118 non
1732 5072 1816 5119 est
1859 5065 2043 5134 culpa,

2145 4806 2262 4843 του.
2309 4788 2421 4843 Kal
2457 4788 2725 4860 προσέσχε
2762 4806 2853 4861 μοι
2879 4791 2907 4844 6
2937 4790 3117 4863 γέρων
3142 4791 3282 4862 μετὰ
3325 4789 3491 4856 ἕξεως
3523 4791 3616 4845 καὶ
3636 4792 3737 4845 λύ-

2147 4895 2286 4952 πηςο
2329 4881 2424 4933 καὶ
2468 4880 2577 4934 ἀπὸ
2609 4880 2704 4933 τοῦ
2754 4881 2921 4950 φόϐου
2965 4882 3183 4947 ἔπεσον,
3245 4883 3342 4936 καὶ
3385 4881 3594 4935 ἔκλασα
3637 4883 3738 4938 τὸν

2147 4972 2434 5044 κρατῆρα·
2477 4971 2572 5024 καὶ
2611 4970 2804 5024 ἔϐαλον
2837 4971 2986 5043 αὐτῷ
3031 4973 3341 5044 μετάνοιαν.
3374 4973 3486 5026 Kal
3515 4973 3665 5041 λέγει
3709 4977 3738 5026 6

2147 5064 2360 5136 γέρωνο
2422 5061 2688 5133 Ἐγείρου,
2740 5063 2839 5116 οὐκ
2884 5061 3030 5132 ἔχεις
3067 5064 3131 5117 σὺ
3168 5065 3426 5134 πρᾶγμα,
3460 5064 3577 5118 ἀλλ’
3619 5063 3733 5130 ἐγὼ

463 5169 558 5212 sed
589 5171 690 5227 ego
747 5156 978 5226 deliqui,
1038 5156 1184 5226 quod
1250 5156 1350 5209 tibi
1384 5153 1805 5209 inaudaverim.
1859 5152 2029 5224 ltaqut

2150 5157 2413 5227 ἥμαρτον,
2445 5156 2526 5207 ὅτι
2558 5149 2711 5206 εἶπόν
2742 5170 2844 5208 σοι.
2883 5154 2995 5208 Kal
3033 5154 3288 5208 εἰσελθὼν
3319 5157 3347 5208 ό
3377 5155 3555 5228 γέρων
3608 5155 3725 5222 ἐγέ-

463 5248 750 5316 ingressus
787 5262 978 5313 senex,
1037 5246 1268 5316 replevit
1331 5244 1516 5300 sinum
1559 5260 1719 5300 suum
1764 5245 2044 5302 frumento

459 5347 715 5408 purgato,
748 5339 1008 5408 deditque
1047 5338 1098 5392 ei
1141 5351 1248 5391 una
1279 5351 1404 5391 cum
1438 5338 1609 5407 cepis.

531 5428 624 5482 25.
665 5426 815 5481 Abiit
839 5426 1138 5498 aliquando
1161 5426 1330 5482 abbas
1350 5425 1676 5483 Theodorus
1700 5442 1824 5482 cum
1851 5426 2042 5496 fratre,

460 5521 531 5577 ad
560 5522 921 5579 hauriendam
953 5539 1184 5595 aquam;
1214 5533 1268 5581 et
1313 5529 1651 5596 praeveniens
1679 5529 1847 5584 frater
1868 5527 1935 5582 ad
1967 5527 2038 5580 la-

461 5631 624 5680 cum,
656 5617 792 5674 vidit
827 5617 1147 5675 draconem.
1181 5617 1324 5675 Dicit
1363 5621 1411 5678 ei
1444 5637 1612 5680 senex
1652 5641 1665 5678 :
1701 5621 1877 5683 Vade,
1913 5636 2044 5672 mn-

537 5778 650 5852 (68)
697 5779 804 5837 γει.
841 5779 992 5834 l'alr.
1034 5797 1089 5842 x,
1114 5779 1201 5835 εδ.

2151 5263 2276 5317 μισε
2323 5245 2415 5298 τὸν
2461 5243 2660 5298 κόλπον
2694 5243 2856 5297 αὑτοῦ
2900 5246 3047 5298 σῖτον
3088 5245 3349 5316 καθαρὸν,
3392 5246 3488 5299 καὶ
3529 5245 3716 5300 ἔδωκει

2147 5337 2296 5409 αὐτῷ
2331 5337 2469 5408 μετὰ
2497 5335 2606 5392 τῶν
2629 5334 2949 5408 κρομμύων.

2219 5430 2325 5499 κγ’.
2391 5427 2626 5498 ἈπῆλΘέ
2659 5444 2788 5481 ποτε
2823 5429 2852 5480 6
2879 5425 3054 5491 ἀϐϐἄς
3097 5427 3370 5498 Θεόδωρος
3405 5424 3542 5497 μετὰ
3576 5424 3701 5479 ἀδελ
3737 5454 3753 5469 ο

2149 5524 2250 5596 φοῦ
2277 5522 2502 5593 γεμίσαι
2526 5521 2670 5593 ὕδωρ
2694 5537 2707 5550 ·
2737 5521 2834 5573 καὶ
2873 5520 3160 5593 προλαϐὼν
3193 5521 3221 5574 ό
3262 5518 3492 5588 ἀδελφὸς
3528 5518 3610 5580 εἰς
3639 5518 3739 5574 τὸν

2157 5615 2360 5668 λάκκον
2401 5604 2505 5666 εἶδε
2557 5611 2842 5683 δράκοντα.
2901 5610 3020 5678 Kal
3059 5609 3206 5680 λέγει
3255 5609 3405 5680 σὺτῷ
3435 5611 3464 5663 6
3509 5607 3734 5681 γέρωνο
