3982 6336
198 276 304 338 J95

1364 268 1979 331 APOPHTHEGMATA
2019 268 2332 328 PATRUM.

3364 270 3470 329 196

198 390 438 466 Ὕπαγε,
482 392 723 462 πάτησον
752 390 853 463 την
884 389 1129 463 κεφαλὴν
1159 386 1346 446 αὐτοῦ.
1388 392 1500 446 Kal
1529 389 1787 462 φοϐηθεὶς

1911 386 2046 444 :ulca
2076 388 2254 459 ipsius
2284 392 2471 457 caput.
2497 385 2591 441 Ille
2620 385 2850 443 territus
2880 401 2990 443 non
3021 386 3285 459 perrexit.
3306 385 3473 444 Venit

196 488 300 543 οὐκ
330 481 594 557 ἀπῆλθεν.
624 476 799 537 Ἦλθε
830 481 890 537 δὲ
927 483 957 537 6
988 481 1190 557 γέρων,
1223 481 1319 536 καὶ
1349 474 1491 536 εἰδεν
1526 481 1692 536 αὑτὸν
1718 479 1782 535 τὸ

198 580 409 654 θηρίον,
432 579 525 636 καὶ
558 575 961 651 καταισχυνθὲν
989 576 1192 648 ἔφυγεν
1213 577 1293 641 εἰς
1319 577 1417 649 τὴν
1443 575 1671 650 ἔρημον.

268 671 366 729 κδ’.
405 670 690 745 Ἦρώτησέ
715 687 800 735 τις
820 669 910 725 τὸν
936 669 1110 724 ἁσὸᾶν
1133 668 1404 741 Θεόδωρον
1422 685 1438 702 ο
1471 667 1598 724 Ἐὰν
1626 666 1782 737 ἄφνω

196 765 419 838 γένηταί
450 783 535 829 τις
562 764 792 830 πτῶσις,
815 762 912 818 καὶ
943 762 1008 816 σὺ
1040 762 1201 834 φοσῇ,
1224 761 1398 829 ἀ66ἄ;
1433 761 1596 830 Λέγει
1630 758 1783 831 αὐτῷ

198 856 228 910 6
272 855 482 927 γέρων·
536 853 666 909 Ἐὰν
704 852 941 925 κολληθῇ
990 855 1019 907 6
1049 851 1278 924 οὐρανὸς
1306 853 1372 923 τῇ
1421 853 1529 924 γῇ,
1578 850 1783 906 85660)-

200 961 292 1014 ρος
342 943 404 997 οὺ
448 941 715 1014 φοϐεῖται.
758 936 868 995 Ἦν
924 940 1033 1013 γὰρ
1085 940 1296 1013 δεηθεὶς
1347 941 1441 996 τοῦ
1480 941 1647 1008 Θεοῦ,
1695 943 1784 998 ἵνα

200 1031 338 1103 ἀρθῇ
386 1032 485 1085 ἀπ’
532 1029 700 1086 αὐτοῦ
734 1031 768 1103 ἠ
805 1029 995 1085 δειλία.
1034 1029 1135 1085 Διὰ
1168 1029 1327 1085 τοῦτο
1369 1030 1463 1084 καί
1494 1030 1783 1105 ἠρώτησεν

198 1123 386 1178 αὐτόν.

264 1219 364 1267 κε’.
412 1212 663 1283 Ἑλέγετο
704 1212 835 1284 περὶ
862 1210 1050 1276 αὐτοῦ,
1078 1211 1160 1265 ὅτι
1202 1212 1494 1283 γενόμενος
1538 1212 1785 1277 διάκονος

201 1306 280 1368 εἰς
317 1304 516 1375 Σκῆτιν
559 1303 662 1359 οὐκ
726 1302 887 1375 ἤθελε
935 1302 1328 1368 καταδέξασθαι
1365 1303 1651 1371 διακονεῖν,
1691 1303 1786 1356 καὶ

201 1398 280 1460 εἰς
328 1394 558 1460 πολλοὺς
596 1394 795 1459 τόπους
838 1394 1025 1465 ἔφυγε.
1068 1395 1179 1448 Kal
1228 1393 1388 1447 πάλιν
1433 1395 1483 1448 οἰ
1530 1394 1785 1466 γέροντες

202 1487 396 1560 ἔφερον
430 1487 616 1553 αὐτὸν,
667 1486 949 1555 λέγοντες’
980 1486 1071 1557 Μὴ
1118 1484 1425 1558 καταλίπῃς
1455 1485 1553 1557 τὴν
1601 1485 1787 1539 διακο-

201 1580 320 1635 νίαν
353 1596 473 1633 σου.
512 1578 679 1649 Λέγει
723 1579 909 1643 αὐτοῖς
944 1580 973 1633 6
1008 1578 1182 1642 ἀὸσᾶς
1211 1578 1514 1650 Θεόδωρος·
1552 1576 1785 1632 Ἐάσατέ

207 1687 294 1742 με,
329 1671 424 1724 καὶ
450 1669 644 1741 δέομαι
674 1668 769 1723 τοῦ
796 1667 953 1734 Θεοῦ,
982 1670 1031 1722 εἰ
1058 1668 1467 1739 πληροφορήσει
1497 1684 1565 1738 με
1597 1669 1786 1739 στῆναι

1890 487 2078 535 autem
2104 493 2306 545 senex;
2333 477 2429 534 sed
2454 476 2545 532 ubi
2571 476 2861 547 conspexit
2885 493 3009 533 eum
3033 493 3283 549 serpens,
3307 478 3471 550 quasi

1884 570 2095 640 pudore
2122 569 2390 631 suffusus,
2417 566 2633 639 aufugit
2662 568 2716 622 in
2745 568 3120 624 solitudinem.

1954 662 2047 718 εἰ.
2090 662 2202 733 (69)
2242 661 2457 731 Aliquis
2495 647 2746 715 abbatem
2781 658 3129 715 Theodorum
3167 662 3475 734 interroga-

1883 753 1961 811 vit
1999 772 2013 809 :
2055 753 2114 808 Si
2152 751 2336 809 subito
2377 751 2535 806 ruina
2582 749 2915 821 contigerit,
2951 757 3006 803 et
3043 756 3104 803 tu
3139 753 3470 820 terreberis,

1886 843 2061 899 abba?
2090 841 2509 915 Responditque
2538 856 2705 897 senex
2736 859 2750 895 :
2783 838 3049 906 Quamvis
3082 842 3281 896 caelum
3313 854 3475 901 terra

1884 934 2205 1000 misceatur,
2241 932 2569 990 Theodorus
2609 945 2718 986 non
2762 931 3080 987 terrebitnr.
3126 931 3466 1003 Deprecatus

1884 1027 2088 1097 quippe
2120 1024 2289 1081 Deum
2326 1023 2527 1089 fuerat,
2561 1031 2621 1078 ut
2655 1023 2727 1077 ab
2757 1036 2825 1077 eo
2858 1023 3147 1079 tolleretur
3180 1025 3474 1083 timiditas.

1885 1116 2121 1187 Ideoque
2158 1131 2286 1171 eum
2323 1115 2413 1170 ille
2448 1115 2902 1185 interrogaverat.

1955 1207 2048 1263 25.
2091 1207 2207 1277 (70)
2249 1206 2545 1262 Dicebatur
2574 1208 2644 1260 de
2677 1221 2779 1273 co,
2815 1205 2962 1277 quod
2995 1205 3264 1262 diaconus
3297 1206 3481 1262 factus

1886 1298 1943 1354 in
1985 1297 2163 1362 Secti,
2202 1299 2383 1353 noluit
2425 1298 2779 1369 acquiescere
2820 1306 2880 1353 ut
2922 1297 3248 1354 diaconatus
3289 1284 3481 1355 munia

1887 1397 2202 1454 exerceret,
2247 1389 2344 1446 sed
2387 1390 2456 1444 ad
2495 1391 2646 1446 varia
2690 1392 2810 1447 loca
2854 1390 3116 1462 profugit.
3159 1390 3226 1445 Et
3272 1392 3473 1447 iterum

1888 1500 2055 1542 senes
2092 1485 2444 1541 adducebant
2479 1503 2604 1543 eum
2625 1527 2640 1552 ,
2672 1489 2921 1545 dicentes
2955 1507 2970 1543 :
3003 1488 3124 1543 Noli
3166 1489 3483 1561 relinquere

1887 1578 2255 1635 ministerium
2293 1586 2471 1632 tuum.
2507 1580 2597 1632 Ait
2630 1579 2741 1635 illis
2773 1580 2947 1637 abbas
2978 1581 3300 1638 Theodorus
3339 1601 3353 1637 :
3394 1582 3480 1639 Si-

1889 1671 2006 1727 nite
2037 1686 2153 1735 me,
2189 1678 2245 1726 et
2281 1671 2453 1726 orabo
2489 1670 2692 1735 Deum,
2729 1673 2777 1727 si
2812 1680 3022 1728 certum
3060 1689 3145 1730 me
3180 1675 3483 1732 reddiderit

206 1764 285 1826 εἰς
309 1761 401 1815 τὸν
426 1760 594 1814 τόπον
622 1760 724 1832 τῆς
747 1760 1092 1833 λειτουργίας
1119 1778 1242 1831 μου.
1273 1761 1383 1815 Καὶ
1418 1760 1671 1831 δεόμενος
1691 1759 1785 1815 τοῦ

1911 1769 1951 1815 ιι
1987 1769 2127 1818 stem
2176 1761 2234 1816 in
2280 1761 2403 1816 loco
2444 1761 2740 1817 ministerii
2784 1763 2914 1818 mei.
2958 1765 3147 1835 itaque
3188 1764 3355 1822 Deum
3401 1768 3481 1822 ita

204 1853 359 1920 Θεοῦ,
393 1853 614 1924 ἔλεγεν
651 1855 715 1909 Εἰ
748 1854 963 1927 θέλημά
999 1854 1091 1909 σού
1133 1856 1282 1909 ἐστιν
1312 1853 1399 1908 ¹ἕνα
1441 1853 1553 1908 στῶ
1579 1855 1660 1919 εἰς
1693 1855 1788 1909 τὸν

206 1945 406 1999 τόπον³
448 1964 573 2017 μου,
622 1945 1039 2019 πληροφόρησον
1083 1963 1172 2018 με.
1226 1946 1335 1999 Kal
1378 1945 1588 2017 ἐδείχθη
1638 1945 1789 2017 αὐτῷ

209 2036 399 2102 στύλος
431 2037 604 2110 πυρὸς
648 2037 759 2092 ἀπὸ
802 2037 903 2108 τῆς
929 2037 1035 2108 γῆς
1085 2038 1191 2102 ἕως
1233 2036 1329 2091 τοῦ
1375 2038 1643 2111 οὐρανοῦ,
1694 2039 1790 2093 καὶ

208 2129 361 2201 φωνὴ
384 2129 407 2161 ⁵
436 2129 701 2199 λέγουσα·
754 2129 820 2183 Εἰ
859 2129 1086 2184 δύνασαι
1111 2130 1364 2199 γενέσθαι
1404 2129 1480 2195 ὡς
1524 2133 1553 2186 6
1599 2131 1791 2197 στύλος

207 2214 393 2286 οὗτος,
440 2221 652 2292 ὕπαγε,
699 2221 1037 2293 διακόνησον.
1097 2222 1154 2276 Ὀ
1204 2222 1260 2277 δὲ
1315 2222 1557 2288 ἀκούσας
1608 2224 1792 2297 ἔκρινε

213 2313 411 2386 μηκέτι
450 2313 867 2380 καταδέξασθαι.
916 2312 1195 2379 Ἐλθόντος
1234 2309 1329 2369 οὖν
1359 2316 1525 2370 αὐτοῦ
1565 2316 1646 2382 εἰς
1692 2316 1792 2391 τὴν

210 2405 528 2477 ἐκκλησίαν,
556 2405 747 2461 ἔϐαλον
774 2405 924 2478 αὐτῷ
955 2408 1242 2478 μετάνοιαν
1264 2409 1313 2462 οἰ
1339 2408 1579 2479 ἀδελφοὶ,
1608 2410 1794 2480 λέγον-

209 2515 334 2564 τεςο
372 2499 436 2552 Εἰ
460 2499 521 2553 06
564 2498 739 2564 θέλεις
768 2500 1055 2563 διακονεῖν,
1087 2500 1192 2554 κᾶν
1232 2501 1295 2555 τὸ
1335 2502 1596 2574 ποτήριον
1626 2502 1797 2558 κατά-

214 2606 328 2660 σχε.
378 2589 488 2642 Kal
537 2590 637 2644 οὐκ
672 2590 958 2662 ἠνέσχετο,
1013 2591 1221 2661 λέγων’
1288 2593 1411 2648 Ἐὰν
1470 2593 1546 2666 μὴ
1595 2595 1792 2667 ἀφῆτε,

212 2681 484 2753 ἀναχωρῶ
512 2683 580 2736 ὲκ
605 2681 701 2737 τοῦ
748 2682 916 2737 τόπου
945 2683 1159 2738 τούτου.
1204 2685 1315 2739 Kal
1353 2683 1532 2750 οὕτως
1574 2687 1795 2757 ἀφῆκαν

212 2774 398 2828 αὐτόν.

281 2865 399 2931 κς’.
449 2866 676 2936 Ἔλεγον
712 2867 771 2921 δὲ
828 2868 958 2940 περί
999 2869 1187 2934 αὐτοῦ,
1217 2871 1301 2926 ὅτι
1344 2871 1421 2936 ὡς
1456 2871 1727 2945 ἠρημώθη
1759 2874 1794 2945 ἡ

214 2957 450 3029 Σκῆτις,
527 2954 661 3029 ἦλθε
725 2964 904 3032 μεῖναι
959 2962 1039 3025 εἰς
1092 2963 1344 3035 Φέρμην·
1400 2965 1495 3018 καὶ
1548 2964 1801 3037 γηράσας

214 3047 507 3121 ἠσθένησε.
542 3050 884 3123 Προσέφερον
916 3046 1009 3105 οὖν
1037 3052 1186 3123 αὐτῷ
1220 3052 1490 3125 ἐδέσματά
1514 3070 1658 3108 τινα.
1689 3052 1802 3108 Kal

213 3139 251 3194 ἃ
274 3140 476 3212 ἔφερεν
507 3143 538 3195 6
570 3142 823 3215 πρῶτος,
867 3144 1040 3198 ἐδίδου
1069 3144 1148 3216 τῷ
1192 3144 1431 3216 δευτέρῳ
1450 3185 1465 3204 .
1497 3144 1594 3199 καί
1630 3144 1801 3211 οὕτως

216 3230 360 3286 κατά
408 3232 513 3304 τὴν
554 3233 741 3299 τάξιν,
778 3233 816 3288 ἃ
859 3234 1166 3307 ἐλάμϐανεν
1212 3235 1367 3308 παρὰ
1410 3235 1504 3290 τοῦ
1558 3235 1800 3308 πρώτου,

216 3324 451 3391 παρεῖχε
476 3321 555 3393 τῷ
577 3322 751 3396 ἄλλῳ·
785 3325 866 3389 εἰς
890 3325 947 3378 δὲ
983 3325 1082 3397 τὴν
1111 3325 1259 3397 ὤραν
1294 3324 1391 3380 τοῦ
1414 3323 1736 3393 γεύσασθαι,
1775 3326 1805 3380 ὃ

218 3410 416 3485 ἔφερεν
448 3414 478 3466 6
515 3414 835 3485 ἐρχόμενος,
872 3415 1030 3470 τοῦτο
1066 3416 1272 3489 ἤσθιεν.

288 3587 396 3653 κζ’.
433 3588 665 3659 Ἔλεγον
713 3589 845 3662 περὶ
896 3588 993 3643 τοῦ
1035 3589 1181 3644 ἀϐὃᾶ
1229 3588 1506 3663 Θεοδώρου
1527 3630 1542 3655 ,
1595 3591 1678 3645 ὅτι
1715 3591 1806 3644 ὅτε

220 3679 462 3753 ἰκάθητο
497 3681 557 3734 ἐν
591 3682 821 3753 Σκήτει,
855 3676 988 3753 ἦλθε
1020 3682 1157 3753 πρὸς
1192 3682 1356 3737 αὐτὸν
1397 3682 1606 3754 δαίμων
1636 3682 1807 3737 θέλων

219 3772 525 3827 εἰσελθεῖν·
560 3775 656 3828 καὶ
703 3773 892 3846 ἔδησεν
926 3773 1089 3829 αὐτὸν
1137 3773 1244 3840 ἔξω
1292 3774 1391 3845 τῆς
1435 3774 1654 3842 κέλλης.
1696 3774 1808 3828 Kal

220 3866 388 3921 πάλιν
439 3866 599 3931 ἄλλος
650 3866 859 3939 δαίμων
908 3862 1073 3940 ἦλθεν
1127 3866 1388 3922 εἰσελθεῖν
1411 3884 1426 3898 '
1486 3870 1580 3923 καὶ
1616 3869 1805 3924 τοῦτον

221 3958 405 4030 ἔδησε.
439 3960 552 4012 Kal
588 3958 849 4031 προσθεὶς
868 3961 897 4013 ὁ
921 3960 1105 4031 τρίτος
1123 3960 1353 4032 δαίμων,
1381 3954 1535 4031 ἦλθε,
1558 3961 1653 4015 καὶ
1679 3956 1805 4033 εὗρε

219 4051 546 4123 δεδεμένους
573 4052 699 4117 τοὺς
726 4052 855 4107 δύο·Δ
884 4054 980 4107 καὶ
1008 4053 1158 4124 λέγει
1188 4055 1393 4119 αὐτοῖς’
1437 4054 1503 4108 Τί
1540 4056 1809 4126 ἑστήκατε

221 4138 329 4201 ὧδε
356 4145 497 4213 lim;
538 4145 649 4199 Kal
687 4144 938 4215 λέγουσιν
967 4145 1135 4218 αὐτῷ,
1181 4148 1265 4201 ὅτι
1309 4148 1466 4200 Ἔστι
1507 4146 1812 4220 καθήμενος

221 4237 356 4302 ἔσω,
382 4237 481 4291 καὶ
510 4236 587 4308 μὴ
611 4236 716 4291 ἐῶν
742 4239 890 4309 ἡμᾶς
917 4238 1200 4293 εἰσελθεῖν.
1217 4239 1328 4293 Kal
1360 4239 1522 4304 αὐτὸς
1546 4240 1815 4311 τυραννή-

223 4345 327 4393 σας
376 4329 737 4401 ἐπεχείρησεν
795 4330 1075 4385 εἰσελθεῖν.
1120 4332 1178 4386 ’0
1210 4331 1267 4386 δὲ
1308 4331 1487 4404 γέρων
1531 4332 1688 4405 ἔδησε
1719 4332 1815 4387 καί

1892 1861 2152 1924 precatus
2188 1860 2274 1909 est
2308 1870 2323 1908 :
2363 1851 2420 1908 Si
2457 1854 2710 1910 voluntas
2747 1863 2840 1909 tua
2874 1865 2958 1911 est
2993 1863 3055 1910 ut
3088 1864 3226 1913 stem
3261 1858 3319 1911 in
3355 1857 3483 1914 loco

1894 1960 2050 2012 meo,
2094 1946 2388 2003 certiorem
2431 1961 2517 2002 me
2557 1946 2663 2002 fac.
2702 1946 2840 2002 Tum
2880 1955 3102 2003 ostensa
3140 1957 3225 2004 est
3268 1949 3346 2003 illi
3384 1964 3481 2005 co-

1894 2036 2081 2093 lumna
2118 2038 2297 2110 ignis,
2334 2054 2366 2093 a
2401 2047 2548 2095 terra
2580 2038 2646 2094 ad
2686 2039 2886 2093 coelum
2921 2055 3098 2109 usque
3130 2040 3479 2111 pertingens,

1897 2130 2217 2201 audivitque
2250 2145 2440 2186 vocem
2480 2129 2798 2199 lmjusmodi
2838 2150 2851 2185 :
2891 2129 2947 2184 Si
2987 2139 3144 2200 potes
3184 2130 3299 2186 fieri
3337 2132 3485 2187 sicut

1893 2219 2152 2274 columna
2191 2219 2339 2285 btec,
2376 2220 2546 2286 vade,
2585 2234 2782 2275 exerce
2821 2218 3195 2274 diaconatum.
3233 2219 3355 2287 Quo
3392 2222 3486 2277 ille
3578 2255 3585 2261 ο

1898 2310 2118 2377 audito,
2156 2310 2401 2367 decrevit
2440 2326 2721 2381 nunquam
2764 2314 3133 2383 acquiescere.
3171 2296 3310 2368 Cum
3350 2330 3486 2385 ergo

1894 2404 2138 2460 venisset
2169 2403 2237 2459 ad
2266 2405 2557 2461 ecclesiam
2577 2446 2593 2471 ,
2625 2403 2823 2460 fratres
2857 2405 3267 2461 inclinaverunt
3297 2422 3358 2461 se
3387 2423 3488 2463 cn-

1896 2510 2015 2551 ram
2051 2512 2147 2564 eo,
2180 2496 2547 2568 dixeruntque
2588 2515 2601 2552 :
2638 2496 2696 2551 Si
2734 2496 3049 2552 ministrare
3082 2514 3191 2552 non
3224 2499 3337 2564 vis,
3374 2500 3486 2554 sal-

1900 2598 2007 2643 tem
2037 2587 2263 2643 calicem
2294 2596 2437 2643 tene.
2470 2586 2578 2643 Sed
2618 2603 2798 2657 neque
2828 2587 2933 2642 hoc
2966 2588 3264 2654 sustinuit,
3298 2591 3480 2659 profa-

1899 2688 1992 2737 tus
2035 2699 2050 2739 ;
2090 2679 2205 2736 Nisi
2248 2679 2575 2736 dimiseritis
2618 2695 2736 2746 me,
2777 2696 2844 2735 ex
2889 2680 2994 2736 hoc
3038 2681 3163 2737 loco
3206 2682 3482 2738 recedam.

1902 2771 2174 2840 Quocirca
2202 2772 2545 2842 reliquerunt
2576 2787 2724 2827 eum.

1974 2863 2065 2921 26.
2105 2862 2371 2919 Caeterum
2410 2864 2711 2918 narrabant
2751 2862 2820 2918 de
2857 2862 2971 2928 illo,
3011 2863 3158 2936 quod
3196 2873 3487 2937 postquam

1903 2960 2121 3009 vastata
2151 2953 2254 3008 fuit
2283 2951 2482 3020 Sectis,
2510 2955 2658 3009 venit
2688 2961 2748 3008 ut
2780 2963 3027 3010 maneret
3056 2957 3111 3011 in
3141 2955 3405 3021 Pherme;
3434 2967 3491 3012 et

1905 3060 2032 3100 cum
2074 3046 2383 3110 senuisset,
2427 3048 2485 3101 in
2526 3047 2779 3103 morbum
2824 3047 3037 3103 incidit.
3076 3045 3248 3119 Igitur
3285 3048 3489 3104 fratres

1906 3137 2209 3194 all'erebant
2234 3138 2436 3195 edulia.
2464 3136 2573 3194 Sed
2599 3154 2721 3209 qua:
2746 3138 2956 3195 ferebat
2980 3140 3215 3206 primus,
3243 3138 3491 3195 secundo

1906 3232 2102 3298 dabat;
2132 3243 2298 3303 atque
2325 3232 2399 3287 ita
2426 3248 2492 3288 ex
2522 3233 2745 3300 ordine,
2776 3248 2898 3304 qua:
2932 3248 2962 3287 a
2996 3248 3174 3304 primo
3198 3234 3489 3305 capiebat,

1906 3324 2186 3395 praebebat
2229 3324 2411 3380 alteri.
2455 3324 2799 3381 Adventante
2845 3334 3028 3381 autem
3075 3326 3211 3381 liora
3255 3328 3494 3382 mandu—

1906 3415 2089 3480 candi,
2119 3416 2265 3487 quod
2296 3417 2508 3487 primus
2538 3432 2605 3472 ex
2637 3418 3028 3473 accedentibus
3057 3417 3394 3490 porrigebat,
3424 3434 3494 3476 eo

1906 3508 2253 3566 vescebatur.
2912 3508 2915 3511 ’

1977 3602 2067 3656 27.
2112 3602 2343 3657 Aiebant
2380 3600 2448 3657 de
2489 3601 2687 3658 abbate
2720 3601 3045 3681 Theodoro,
3084 3603 3233 3674 quod
3270 3605 3494 3681 quando

1910 3693 1966 3749 in
2001 3690 2148 3748 Sceti
2180 3692 2488 3760 residebat,
2517 3693 2667 3747 venit
2697 3674 2766 3747 ad
2798 3693 2974 3764 ipsum
3002 3692 3250 3760 daemon,
3282 3675 3496 3752 intrare

1912 3784 2103 3841 volens
2130 3802 2143 3838 :
2170 3791 2225 3839 ct
2253 3784 2441 3855 ligavit
2468 3799 2590 3839 eum
2616 3793 2772 3838 extra
2794 3784 3007 3840 cellam.
3033 3782 3231 3840 lterum
3257 3786 3497 3842 accessit

1914 3877 2058 3932 alius
2088 3875 2325 3943 daemon,
2356 3882 2414 3930 ut
2445 3873 2857 3946 ingrederetur;
2888 3875 3037 3931 hunc
3062 3892 3281 3946 quoque
3305 3877 3496 3946 alliga-

1910 3969 2012 4025 vit.
2035 3971 2102 4023 Et
2128 3970 2396 4040 adjiciens
2423 3969 2620 4025 tertius
2643 3968 2883 4032 dzemon,
2904 3968 3150 4032 advenit,
3178 3969 3499 4039 invenitque

1913 4062 2056 4115 duos
2087 4057 2299 4129 priores
2324 4058 2570 4121 vinctos,
2603 4066 2770 4127 atque
2798 4056 2937 4111 dixit
2964 4055 3046 4111 eis
3077 4074 3091 4110 :
3125 4056 3237 4109 Cur
3261 4055 3370 4110 huc
3400 4072 3499 4111 cx-

1913 4158 1999 4204 tra
2041 4149 2240 4205 statis?
2283 4146 2640 4217 Respondent
2677 4165 2691 4202 :
2735 4147 2839 4213 Qui
2887 4147 3030 4205 intra
3070 4146 3263 4201 cellam
3306 4147 3495 4210 sedet,

1916 4255 2026 4295 non
2054 4240 2188 4294 sinit
2218 4254 2319 4294 nos
2349 4239 2577 4293 intrare.
2605 4237 2724 4308 Ipse
2750 4253 2878 4293 vero
2904 4237 2953 4293 vi
2986 4237 3127 4293 facta
3159 4248 3392 4295 conatus
3415 4249 3501 4295 cst

1917 4331 2166 4387 introire.
2207 4331 2276 4385 At
2318 4344 2483 4385 senex
2525 4330 2670 4384 hunc
2708 4331 2874 4385 etiam
2918 4330 3270 4387 constrinxit.
3312 4328 3503 4402 Itaque

219 4418 440 4475 τοῦτον.
465 4419 803 4491 Φοδηθέντες
836 4421 895 4476 δὲ
917 4421 1015 4486 τὰς
1045 4420 1210 4493 εὐχὰς
1238 4422 1333 4476 τοῦ
1361 4422 1635 4495 γέροντος,
1670 4438 1800 4495 παρ-

1917 4424 2075 4480 veriti
2122 4424 2271 4479 senis
2316 4436 2541 4493 preces,
2590 4431 2922 4495 rogaverunt
2962 4424 3147 4491 illum,
3191 4422 3438 4479 dicentes
3481 4440 3501 4478 :

223 4512 462 4566 εκὰλουν
508 4511 674 4566 αὑτὸν
698 4552 714 4579 ,
764 4512 1048 4584 λέγοντες·
1124 4513 1417 4569 ’Δπόλυσον
1474 4516 1641 4587 ἡμᾶς.
1701 4517 1814 4570 Kal

221 4604 380 4672 λέγει
400 4605 589 4669 αὐτοῖς
617 4606 646 4658 6
669 4605 850 4677 γέρων
869 4623 885 4639 σ
917 4607 1210 4678 Ὑπάγετε.
1236 4607 1347 4663 Kal
1376 4607 1563 4663 λοιπὸν
1591 4610 1815 4681 αἰσχυν-

221 4695 416 4761 θέντες
470 4695 848 4769 ἀνεχώρησαν.

294 4795 411 4859 κη’.
453 4788 767 4859 Διηγήσατὸ
793 4807 878 4854 τις
904 4789 1013 4844 τῶν
1051 4792 1341 4865 Πατέρων,
1378 4792 1626 4869 περὶτοῦ
1672 4792 1818 4847 esea

215 4876 515 4951 Θεοδώρου
547 4876 642 4932 τοῦ
680 4879 780 4951 τῆς
804 4880 1046 4953 Φέρμης,
1087 4883 1170 4937 ὅτι
1215 4879 1418 4938 *Ηλθόν
1452 4902 1584 4939 ποτε
1636 4884 1818 4956 δείλης

218 4970 370 5043 πρὸς
405 4970 606 5035 αὐτὸν,
642 4970 737 5025 καὶ
780 4966 939 5045 εὗρον
972 4974 1136 5028 αὑτὸν
1178 4974 1451 5049 φοροῦντα
1480 4977 1819 5053 κεκομμένον

218 5064 527 5131 λεὸίτωνα,
556 5065 654 5127 ,καί
692 5065 756 5121 τὸ
790 5067 988 5140 στῆθος
1020 5067 1186 5122 αὐτοῦ
1226 5068 1453 5140 γυμνὸν,
1490 5070 1583 5124 καὶ
1615 5069 1678 5124 τὸ
1721 5086 1817 5123 κο-

222 5154 450 5209 κοῦλιον
488 5155 657 5210 αὑτοῦ
685 5156 1014 5231 ἔμπροσθεν.
1051 5160 1162 5213 Kal
1191 5159 1299 5213 ἰδού
1313 5178 1403 5228 τις
1441 5161 1634 5235 Κύμης
1658 5158 1823 5234 ἦλθεν

228 5246 361 5303 ἰδεῖν
384 5245 572 5304 αὐτόν.
603 5248 716 5304 Kal
751 5249 1081 5322 κρούσαντος
1103 5251 1291 5315 αὐτοῦ,
1325 5252 1549 5324 ἐξῆλθεν
1580 5256 1614 5309 6
1642 5255 1822 5326 γέρων

223 5335 468 5406 ἀνοῖξαι,
502 5339 600 5394 καὶ
628 5340 953 5413 ἀπαντήσας
984 5342 1135 5414 αὐτῷ
1187 5343 1441 5399 ἰκάθισεν
1478 5347 1558 5410 εἰς
1596 5346 1695 5419 τὴν
1728 5346 1824 5401 06-

233 5444 341 5498 ραν
372 5431 559 5485 λαλεῖν
592 5431 763 5504 αὐτῷ.
805 5434 918 5489 Kal
957 5434 1149 5490 ἔλαϐον
1175 5436 1368 5509 κόμμα
1405 5439 1695 5512 μαφορίον,
1727 5441 1822 5496 καὶ

339 5584 459 5642 Ἀι.
490 5588 660 5645 inser.
695 5588 1059 5664 λειτουργίας.
1136 5592 1158 5626 ³
1184 5592 1269 5649 Al.
1298 5593 1468 5652 inser.
1498 5594 1712 5667 γέγονε.

310 5727 423 5802 ($9)
456 5728 570 5785 Vit.
607 5730 756 5787 Patr.
790 5748 888 5800 vlt,
919 5735 974 5790 6.

1922 4515 2085 4571 Solve
2117 4531 2240 4570 nos.
2278 4514 2417 4570 Tum
2454 4516 2521 4571 ad
2559 4532 2656 4573 eos
2690 4532 2857 4572 senex
2898 4535 2913 4573 :
2948 4517 3132 4573 Abite.
3169 4514 3304 4572 Dein
3344 4516 3502 4588 igno-

1921 4606 2091 4660 minia
2123 4605 2325 4674 affecti,
2352 4606 2750 4671 discesserunt.

1990 4802 2082 4858 28.
2122 4801 2378 4859 Narravit
2402 4802 2627 4859 Patrum
2652 4804 2854 4876 aliquis
2877 4803 2946 4861 de
2969 4806 3167 4863 abbate
3190 4805 3504 4873 Theodoro,

1923 4894 2019 4949 illo
2049 4909 2082 4950 e
2113 4892 2349 4952 Pberme
2378 4914 2392 4949 :
2424 4894 2558 4951 Veni
2588 4896 2887 4967 aliquando
2914 4899 2989 4955 ad
3022 4915 3149 4956 eum
3183 4900 3288 4956 sub
3312 4916 3506 4972 vespe-

1925 4998 2068 5049 ram,
2105 4991 2160 5039 et
2204 4984 2387 5039 inveni
2432 4972 2683 5040 indutan
2730 4987 2967 5044 levitone
3009 4989 3211 5056 lacero,
3249 4991 3510 5061 nudoque

1927 5085 2047 5133 erat
2082 5085 2334 5148 pectore,
2369 5077 2643 5133 cucullam
2684 5079 2896 5136 habens
2930 5088 3058 5137 ante
3092 5098 3171 5138 se.
3205 5081 3346 5138 Tum
3380 5098 3510 5139 ecce

1927 5180 2115 5223 comes
2155 5167 2379 5238 quidam
2424 5170 2681 5237 accessit,
2723 5179 2786 5225 ut
2821 5172 3034 5228 videret
3073 5188 3220 5229 eum.
3263 5175 3511 5247 Cumque

1927 5260 2239 5329 pulsasset,
2268 5259 2440 5316 exivit
2472 5275 2640 5317 senex
2674 5262 2742 5317 ad
2780 5264 3162 5333 aperiendum.
3194 5265 3259 5323 Et
3293 5269 3511 5325 obviam

1928 5349 2139 5421 factus,
2193 5352 2337 5410 sedit
2393 5354 2450 5410 in
2501 5363 2660 5428 porta
2709 5371 2838 5412 cum
2890 5356 2985 5413 illo
3038 5358 3342 5419 locuturus.
3397 5361 3511 5435 Ego

1932 5446 2147 5518 sumpsi
2177 5462 2400 5520 segmen
2429 5447 2706 5516 mafortis,
2729 5451 3058 5524 contexique
3081 5452 3345 5514 humeros
3366 5458 3512 5528 eius.

2008 5742 2121 5816 (το)
2172 5741 2276 5798 Vit.
2319 5742 2471 5803 Patr.
2500 5760 2590 5817 xv,
2615 5744 2725 5812 2|;
2757 5758 2855 5808 vn.
2880 5743 2972 5817 55,
3006 5745 3075 5824 ι.
