3982 6336
208 351 319 407 197

1395 343 2011 401 APOPHTHEGMATA
2052 341 2368 399 PATRUM.

3403 340 3501 397 198

199 466 333 535 ἔτη,
350 446 711 533 χλευάζοντες
725 460 853 524 τοὺς
873 459 1169 531 λογισμοὺς
1192 459 1394 522 αὐτῶν,
1418 460 1511 515 καὶ
1530 459 1782 530 λέγοντες
1797 476 1813 492 ο

1937 460 2157 532 egerint,
2189 457 2428 514 cavillati
2462 455 2828 529 cogitationes
2860 471 3013 521 suas,
3045 470 3170 512 cum
3205 456 3456 513 dicerent
3490 473 3504 507 ;

204 551 372 606 Μετὰ
420 551 518 604 τὸν
568 548 817 622 χειμῶνα
853 547 1064 612 τοῦτον,
1103 546 1502 620 μεταϐαίνομεν
1544 545 1813 602 ἐντεῦθεν.

211 644 350 700 Ὅτε
388 642 448 697 δὲ
485 642 650 698 πάλιν
679 641 883 713 ἧρχετο
917 642 979 694 τὸ
1019 639 1200 712 θέρος,
1232 639 1441 709 ἔλεγον,
1465 640 1547 693 ὅτι
1583 638 1742 693 Μετά
1755 636 1817 693 τὸ

209 735 379 808 θέρος
410 734 573 790 τοῦτο
599 731 961 807 ἀπερχόμεθα
989 731 1262 786 ἐντεῦθεν.
1298 732 1410 786 Καὶ
1430 730 1604 797 οὕτως
1629 730 1819 803 ἐποίη-

212 844 320 883 σαν
343 827 529 882 πάντα
559 825 654 881 τὸν
686 826 881 898 χρόνον
907 827 958 878 οἱ
991 823 1311 898 ἀείμνηστοι
1330 824 1590 896 Πατέρες.

289 1013 361 1077 γ’.
393 1002 567 1060 Εἶπεν
580 1007 610 1060 6
624 1004 801 1069 ἀεὸἄς
815 1002 1089 1076 Θεόδωρος
1105 1004 1134 1057 6
1149 1002 1257 1059 τῶν
1284 1003 1559 1084 Ἐννάτοο,
1580 1003 1662 1058 ὅτι
1689 1003 1817 1058 Ἐἀν

211 1099 507 1171 λογίσηται
539 1099 676 1170 ἡμῖν
708 1100 737 1151 6
761 1096 894 1161 Θεὸς
915 1095 1017 1162 τάς
1056 1097 1115 1150 ἐν
1146 1098 1268 1159 ταῖς
1302 1095 1490 1166 εὐχαῖς
1529 1095 1815 1167 ἀμελείας,

210 1192 314 1245 καὶ
358 1190 462 1253 τὰς
518 1188 898 1262 αἰχμαλωσίας
933 1187 1034 1253 τάς
1084 1188 1145 1241 ἐν
1187 1189 1310 1252 ταῖς
1342 1187 1714 1260 ψαλμῳδίαις,
1753 1188 1815 1241 οὐ

209 1281 500 1353 δυνάμεθα
526 1282 792 1354 σωθῆναι.

330 1413 473 1483 Περὶ
510 1413 619 1468 τοῦ
662 1410 813 1468 ἀόὄιῑ
848 1410 1156 1482 Θεοδώρου
1193 1412 1300 1467 τοῦ
1341 1415 1430 1481 εις
1463 1414 1708 1484 Σκῆτιν.

291 1521 461 1579 Εἶπεν
494 1527 525 1579 6
563 1523 740 1589 ἀὸὁᾶς
781 1522 1058 1596 Θεόδωρος
1107 1527 1135 1580 6
1175 1526 1254 1590 είς
1293 1528 1521 1599 Σκῆτιν·
1558 1528 1819 1599 Ἔρχεται

218 1619 250 1673 6
271 1617 556 1689 λογισμὸς,
587 1618 683 1671 καὶ
708 1617 972 1689 ταράσσει
1001 1634 1090 1688 με,
1110 1619 1205 1670 καὶ
1226 1619 1447 1690 ἀσχολεῖ
1479 1636 1566 1690 με,
1597 1620 1692 1672 καὶ
1720 1618 1818 1693 τὴν

221 1709 425 1781 πρᾶξιν
467 1710 571 1762 οὐκ
624 1707 800 1779 ίσχύει
841 1707 1099 1780 ποιῆσαι,
1149 1708 1289 1762 ἀλλά
1335 1710 1496 1780 μόνον
1538 1708 1818 1780 ἐμποδίζει

1919 549 2051 606 Post
2087 536 2324 606 hiemem
2364 548 2528 614 hanc,
2562 546 2922 620 migrabimus
2956 548 3102 603 hinc.
3139 546 3371 615 Quando
3406 563 3505 604 au-

1919 649 2029 699 tem
2066 642 2265 699 iterum
2306 640 2632 697 adveniebat
2666 648 2855 706 aestas,
2892 639 3111 695 aiebant
3148 658 3162 696 :
3201 639 3506 696 Transacta

1919 733 2023 789 hac
2063 740 2285 797 testate,
2329 732 2457 787 hinc
2499 730 2873 786 discedemus.
2911 728 3092 800 Atque
3137 731 3210 784 ita
3257 731 3503 786 fecerunt

1919 826 2069 880 omni
2126 825 2251 881 vitae
2304 831 2573 895 tempore,
2634 822 2970 894 sempiterna
3030 825 3296 877 memoria
3355 820 3506 892 digni

1919 916 2184 1081 Ραζρῗῆ)
2214 1005 2370 1065 llunc
2389 1018 2699 1083 sermonem
2723 1003 2912 1058 habuit
2940 1003 3110 1059 abbas
3128 1000 3451 1057 Theodorus
3475 1016 3507 1056 e

1918 1099 2074 1157 Nono
2113 1118 2127 1155 :
2173 1098 2231 1154 Si
2269 1099 2430 1154 nobis
2471 1097 2825 1168 imputaverit
2868 1096 3012 1152 Deus
3052 1094 3411 1168 negligentias
3450 1093 3507 1148 in

1920 1192 2198 1263 precibus,
2230 1200 2283 1246 et
2326 1190 2710 1260 subreptiones
2740 1190 2797 1245 in
2833 1188 3180 1262 psalmodiis,
3215 1185 3354 1244 salvi
3388 1184 3506 1242 lieri

1919 1298 2029 1340 non
2062 1297 2383 1355 possumus.

2311 1414 2387 1470 De
2425 1415 2614 1469 abbate
2650 1414 2919 1469 Theodoro
2956 1411 3186 1468 Sceteos.

1992 1528 2107 1603 (75)
2151 1528 2292 1583 Dixit
2324 1529 2492 1584 abbas
2520 1528 2842 1584 Theodorus
2872 1544 2903 1583 e
2933 1526 3076 1582 Sceti
3114 1542 3129 1584 :
3165 1526 3324 1580 Subit
3360 1523 3507 1594 cogi-

1920 1623 2090 1685 tatio,
2126 1630 2180 1677 et
2217 1622 2511 1677 conturbat
2549 1637 2634 1677 me
2668 1630 2833 1692 atque
2866 1628 3136 1689 occupat,
3174 1633 3281 1672 non
3322 1626 3507 1673 tamen

1922 1712 1988 1767 ad
2022 1712 2269 1768 eﬂbctum
2303 1711 2554 1783 progredi
2592 1713 2766 1775 valet,
2802 1711 2896 1766 sed
2931 1719 3143 1763 tantum
3178 1708 3405 1779 impedit
3438 1709 3513 1762 ad

224 1803 362 1872 πρὸς
388 1802 488 1874 τὴν
524 1802 799 1873 ἀρετήν’ὁ
833 1800 890 1854 δὲ
919 1800 1179 1872 νηφάλιος
1208 1801 1369 1873 ἀνὴρ,
1405 1802 1820 1869 ἐκτιναξάμενος

1937 1804 2221 1869 virtutem;
2263 1804 2347 1857 vir
2385 1813 2565 1858 autem
2607 1803 2841 1875 vigilans
2883 1802 3124 1873 seipsum
3165 1801 3411 1867 excutit,
3453 1810 3508 1854 et

222 1894 405 1958 (:6th,
436 1891 713 1963 ἐγείρεται
746 1892 825 1954 εἰς
863 1892 1196 1963 προσευχήν,

225 2004 369 2073 Περὶ
411 2003 521 2058 τοῦ
552 2001 705 2059 ἁϐὅᾶ
740 2001 1042 2071 Θεοδώρου
1072 2002 1182 2057 τοῦ
1218 2003 1812 2071 Ἐλευθεροπολίτου.

292 2126 364 2173 α’.
407 2116 730 2187 Ἦρώτησεν
755 2119 783 2171 6
810 2115 987 2179 ἀϐὁᾶς
1023 2115 1277 2187 Ἀϐραὰμ
1298 2117 1328 2170 6
1360 2115 1510 2190 Ἰϐὴρ
1533 2116 1624 2171 τὸν
1644 2116 1821 2172 ἁϐϐἆν

223 2209 501 2282 Θεόδωρον
529 2210 623 2263 τὸν
652 2208 1187 2280 Ἑλευθεροπολίτην,
1232 2207 1430 2277 λέγων·
1473 2208 1599 2273 Πῶς
1636 2209 1822 2275 καλῶς

223 2304 363 2366 ἑστι,
380 2300 767 2373 Πάτερ;δόξαν
784 2303 1216 2373 περιποιήσομαι
1240 2300 1485 2371 ἐμαυτῷ,
1506 2301 1539 2372 ἢ
1558 2301 1782 2373 ἀτιμίαν
1802 2317 1820 2370 ;

235 2397 295 2449 ὐ
327 2395 387 2449 δὲ
419 2394 599 2466 γέρων
626 2393 813 2464 λέγει’
843 2395 994 2459 Τέως
1026 2393 1139 2463 ἐγὼ
1187 2393 1327 2447 θέλω
1357 2395 1824 2466 περιποιήσασθαι

225 2487 403 2553 δόξαν,
439 2487 474 2559 ἦ
497 2486 747 2558 ἀτιμίαν.
785 2485 911 2540 Ἐἀν
940 2485 1049 2558 γάρ
1079 2486 1292 2556 ποιήσω
1319 2484 1486 2540 καλὸν
1523 2485 1704 2557 ἔργον,
1729 2487 1825 2542 καὶ

226 2578 492 2644 ὼξασθῶ,
517 2578 755 2650 δύναμαι
791 2580 1119 2650 κατακρῖναι
1157 2579 1250 2632 τὸν
1289 2578 1551 2649 λογισμόν
1584 2596 1706 2649 μου,
1737 2580 1822 2633 ὃτι

227 2670 327 2724 οὐκ
353 2669 474 2741 εἰμὶ
513 2669 665 2736 ἄξιος
702 2669 803 2741 τῆς
833 2668 995 2741 δόξης
1041 2667 1279 2740 ταύτης·
1315 2669 1350 2739 ἡ
1384 2667 1440 2720 δὲ
1473 2668 1667 2738 ἀτιμία
1713 2667 1822 2722 ἀπὸ

229 2760 452 2832 φαύλων
476 2762 820 2832 πραγμάτων
850 2760 1083 2830 γίνεται.
1106 2759 1231 2824 Πῶς
1254 2756 1349 2813 οὖν
1381 2760 1618 2832 δύναμαι
1647 2777 1823 2832 παραυ

227 2852 461 2907 καλέσαι
493 2853 591 2926 τὴν
634 2852 866 2925 καρδίαν
902 2869 1027 2925 μου,
1067 2852 1568 2907 σκανδαλισθέντων
1608 2852 1668 2906 ἐν
1698 2854 1825 2925 ἐμοὶ

228 2944 334 2998 τῶν
363 2942 708 3015 ἅνθρώπωνς
757 2945 1010 3013 κρεῖσσον
1040 2938 1134 2997 οὖν
1175 2943 1238 2997 τὸ
1268 2944 1472 3013 ἀγαθὸν
1499 2947 1692 3009 ποιεῖν,
1727 2946 1825 3000 καὶ

228 3035 569 3103 δοξάζεσθαι.
601 3036 661 3089 ὐ
686 3035 746 3089 δὲ
769 3035 943 3101 ἀὸϐἄς
976 3035 1230 3109 Ἀϐραὰμ
1251 3031 1398 3091 εἴπεο
1420 3036 1616 3102 Καλῶς
1636 3032 1821 3104 εἶπας,

231 3128 436 3200 Πάτερ.
1308 3135 1312 3139 ’

299 3302 364 3374 β’.
411 3300 584 3357 Εἶπεν
615 3304 645 3356 6
676 3302 853 3367 ἀὸὅᾶς
879 3302 1158 3368 Θεόδοτοςο
1191 3303 1254 3357 Ἦ
1291 3302 1466 3356 ἔνδεια
1498 3303 1591 3357 τοῦ
1652 3303 1820 3369 ἄρτου

230 3396 386 3466 τήκει
413 3395 475 3449 τὸ
510 3395 672 3466 σῶμα
702 3394 797 3449 τοῦ
823 3393 1084 3466 μοναχοῦ.
1119 3393 1313 3460 ΙἌλλος
1332 3394 1389 3448 δὲ
1412 3394 1590 3467 γέρων
1614 3395 1820 3465 ἔλεγεν,

230 3486 313 3541 ὅτι
343 3489 378 3560 η
417 3487 702 3559 ἀγρυπνία
736 3486 896 3541 πλέον
928 3488 1086 3560 τήκει
1112 3487 1175 3540 τὸ
1213 3485 1396 3558 σῶμα.

665 3620 811 3691 Περὶ
842 3620 952 3675 τοῦ
981 3618 1131 3676 ἀδεᾶ
1158 3618 1377 3677 Θεωνᾶ.

296 3731 466 3793 Εἶπεν
494 3737 524 3792 6
551 3734 726 3800 ἀὸϐᾶς
752 3735 971 3801 Θεωνᾶς
990 3751 1002 3768 ·
1036 3735 1134 3789 Διά
1159 3734 1220 3788 τὸ
1261 3735 1703 3808 ἀπασχοληθῆναι
1729 3736 1821 3791 τὸν

230 3829 357 3887 νοῦν
378 3830 488 3886 ἀπὺ
512 3830 614 3902 τῆς
635 3831 716 3894 είς
744 3828 877 3883 Θεὸν
905 3827 1160 3900 θεωρίας,
1178 3825 1694 3900 αἱχμαλωτιξόμεθα
1715 3826 1821 3882 ὑπὸ

229 3924 341 3981 τῶν
371 3923 565 3979 παθῶν
591 3922 702 3977 τῶν
730 3919 1033 3995 σαρκικῶν.

464 4036 606 4104 Περὶ
638 4033 938 4103 Θεοφίλου
962 4032 1067 4087 τοῦ
1086 4031 1587 4102 ἀρχιεπισκόπου.

297 4156 368 4203 α’.
413 4148 473 4202 ’0
514 4147 784 4219 μακάριος
817 4145 1075 4216 Θεόφιλος
1132 4146 1160 4199 6
1195 4146 1628 4218 ἀρχιεπίσκοπος
1681 4162 1823 4218 παρ-

232 4240 398 4295 έϐαλέ
443 4256 579 4294 ποτε
628 4242 710 4303 είς
753 4239 814 4292 τὸ
846 4237 973 4310 ὅρος
1016 4237 1115 4309 τῆς
1158 4235 1420 4311 Νιτρίας·
1465 4237 1558 4292 καὶ
1604 4233 1766 4309 ἦλθεν
1793 4239 1823 4293 6

229 4333 407 4398 ἀὸὁᾶς
428 4331 525 4387 τοῦ
548 4332 711 4404 ὅρους
736 4331 873 4403 πρὸς
897 4330 1078 4391 αὐτόν.
1105 4330 1217 4386 Καὶ
1248 4330 1398 4400 λέγει
1426 4329 1576 4401 αὑτῷ
1618 4333 1647 4384 6
1667 4331 1826 4402 ἀρχι-

228 4423 565 4487 επίσκοπος·
602 4416 839 4494 Τιεῦρες
870 4423 929 4477 ἐν
956 4423 1023 4494 τῇ
1051 4420 1157 4493 ὁδῷ
1188 4421 1364 4496 ταύτῃ
1395 4421 1579 4489 πλέον,
1605 4422 1823 4495 Πάτερ;

1924 1896 2103 1968 surgit
2136 1904 2194 1949 ut
2226 1902 2505 1965 precetur.

2115 2008 2194 2063 De
2232 2008 2422 2064 abbate
2458 2007 2746 2064 Tlteodoro-
2772 2005 3297 2076 Eleutheropolitano

1997 2122 2049 2177 1.
2091 2119 2452 2192 Interrogavit
2497 2120 2668 2177 abbas
2701 2118 2977 2175 Abraham
3022 2115 3213 2173 Iberus
3256 2116 3508 2172 abbatem

1923 2213 2271 2272 Theodorum
2304 2211 2925 2282 Eleutheropolitanum,
2954 2208 3146 2264 dicens
3179 2226 3191 2261 :
3223 2205 3511 2272 Quomodo

1922 2316 2075 2364 recte
2119 2306 2309 2372 habet,
2356 2303 2554 2360 Pater?
2598 2302 2841 2358 Gloriam
2890 2300 3025 2356 mibi
3064 2298 3377 2366 vindicabo,
3425 2296 3507 2354 vel

1922 2398 2312 2472 ignominiam?
2341 2396 2523 2453 Senex
2552 2395 2838 2466 respondit
2867 2413 2882 2450 :
2915 2392 3029 2465 Ego
3056 2406 3191 2448 sane
3220 2391 3365 2446 malo
3394 2390 3511 2460 glu-

1920 2492 2099 2557 riam,
2150 2505 2315 2562 quam
2368 2489 2752 2561 ignominiam.
2804 2487 2863 2542 Si
2913 2486 3060 2543 enim
3114 2486 3322 2541 bonum
3372 2498 3513 2555 opus
3608 2491 3617 2506 '

1922 2600 2105 2656 egero,
2129 2590 2183 2639 et
2208 2582 2437 2653 gloriam
2465 2582 2620 2635 luero
2645 2588 2957 2644 assecutus,
2989 2592 3216 2649 possum
3244 2576 3513 2632 damnare

1923 2676 2314 2746 cogitationem
2351 2673 2562 2737 m'cam,
2594 2672 2740 2742 quod
2775 2686 2889 2726 non
2923 2670 3026 2726 sim
3059 2670 3263 2740 dignus
3297 2682 3362 2724 ea
3396 2669 3507 2738 glo-

1923 2767 2027 2821 ria.
2052 2767 2121 2820 At
2147 2765 2450 2837 ignominia
2510 2778 2577 2819 ex
2603 2764 2792 2833 pravis
2821 2761 3139 2817 actionibus
3163 2762 3364 2817 oritur.
3389 2759 3518 2827 Quo

1924 2863 2083 2928 pacto
2116 2857 2283 2929 igitur
2314 2872 2417 2912 cor
2446 2872 2630 2913 meum
2667 2866 2860 2927 potero
2894 2856 3209 2921 consolari,
3244 2870 3371 2911 cum
3408 2855 3513 2911 bo-

1923 2950 2100 3006 mines
2143 2951 2198 3004 in
2240 2965 2328 3006 me
2369 2949 2695 3006 scandalum
2743 2956 2911 3020 atque
2951 2948 3311 3006 oll'ensionem
3353 2962 3512 3019 cepe-

1924 3043 2067 3098 rint?
2088 3042 2321 3097 Prmstat
2347 3059 2480 3114 ergo
2506 3044 2711 3099 bonum
2742 3041 2945 3108 facere,
2971 3057 3038 3097 ac
3061 3043 3291 3114 gloriam
3318 3056 3511 3111 repor-

1923 3142 2058 3191 tare.
2113 3134 2267 3190 Tuuc
2320 3134 2490 3190 abbas
2542 3133 2820 3190 Abraham
2873 3133 3252 3205 pronuntiavit
3302 3150 3317 3188 :
3368 3132 3517 3188 Bene

1929 3227 2144 3282 loculus
2172 3242 2256 3293 es,
2283 3224 2472 3283 Pater.

1999 3321 2055 3375 2.
2087 3318 2199 3391 (76)
2233 3319 2376 3375 Dixit
2407 3320 2579 3376 abbas
2601 3313 2928 3376 Theodorus
2979 3317 3322 3389 :lndigentia
3354 3316 3517 3388 panis

1929 3420 2175 3467 macerat
2208 3428 2410 3482 corpus
2445 3412 2724 3468 monachi.
2753 3411 2910 3469 Alius
2937 3426 3068 3467 vero
3100 3427 3267 3468 senex
3302 3425 3517 3466 assere-v

1927 3504 2039 3570 bat,
2072 3519 2103 3559 a
2133 3504 2335 3575 vigiliis
2364 3505 2488 3574 plus
2521 3520 2724 3575 corpus
2758 3503 3047 3560 macerari.

2432 3637 2510 3694 De
2548 3638 2733 3694 abbate
2770 3637 3002 3696 Tlteona.

2001 3752 2116 3825 (77)
2155 3752 2301 3808 Dixit
2353 3752 2526 3808 abbas
2572 3751 2827 3808 Tbeonas
2874 3772 2889 3810 :
2935 3752 3206 3819 Quoniam
3256 3758 3522 3808 avocatur

1928 3861 2088 3903 mens
2117 3860 2147 3899 a
2177 3843 2642 3916 contemplatione
2674 3843 2792 3912 Dei,
2821 3844 2944 3902 ideo
2969 3844 3174 3917 captivi
3201 3843 3457 3900 ducimur
3481 3858 3516 3899 α

1928 3936 2116 3993 carnis
2147 3934 2457 3991 alIectibus.

2301 4048 2376 4103 De
2413 4046 2698 4118 Theophila
2737 4045 3149 4116 archiepiscopo.

2003 4163 2055 4216 l.
2099 4161 2212 4233 (78)
2252 4161 2454 4217 Beatus
2487 4159 2828 4230 Theophilus
2898 4158 3354 4230 archiepiscnpus
3386 4172 3517 4229 pro-

1932 4255 2111 4313 fectus
2135 4264 2220 4311 est
2248 4252 2549 4326 aliquando
2579 4254 2633 4308 in
2667 4259 2908 4307 montem
2933 4240 3157 4315 Nitriae;
3187 4262 3241 4308 et
3265 4253 3416 4307 venit
3446 4253 3517 4307 ad

1928 4359 2055 4402 eum
2096 4343 2302 4399 montis
2344 4342 2533 4400 abbas.
2568 4341 2708 4398 Dicit
2741 4342 2791 4397 ei
2828 4342 3284 4414 archiepiscopus
3320 4362 3334 4399 :
3372 4342 3518 4410 Quid

1930 4436 2185 4493 invenisti
2222 4435 2276 4490 in
2306 4435 2394 4490 via
2429 4435 2531 4490 hac
2566 4435 2802 4506 amplius
2834 4434 3148 4506 majusque,
3180 4436 3379 4492 Pater?
3412 4435 3518 4492 Re-

227 4516 396 4585 Λέγει
424 4515 578 4587 αὐτῷ
609 4516 639 4569 6
686 4514 897 4587 γέρων·
956 4515 1029 4569 T6
1061 4513 1340 4570 αἰτιᾶσθαι
1374 4516 1467 4570 καὶ
1511 4515 1820 4587 μέμφεσθαι

1937 4529 2150 4601 ιροηόἰι
2175 4544 2339 4585 senex
2363 4546 2377 4583 :
2398 4528 2631 4599 Culpare
2655 4542 2716 4584 se
2739 4535 2794 4583 et
2820 4543 3084 4585 accusare
3106 4544 3341 4601 semper.
3362 4528 3523 4584 Tune

229 4608 421 4673 ἑαυτὸν
450 4609 706 4664 πάντοτε.
735 4608 900 4679 Λέγει
927 4606 1073 4679 αὑτῷ
1098 4607 1313 4674 ὁάϐὁᾶς
1343 4607 1630 4679 Θεόφιλος·
1651 4608 1821 4682 ’Δλλη

231 4702 349 4768 ὁδὸς
367 4703 473 4757 οὐκ
504 4702 676 4768 ἔστιν,
699 4704 749 4757 εἰ
773 4701 849 4774 μὴ
878 4701 1043 4775 αὕτη.

301 4797 371 4868 β’.
429 4797 493 4851 Ὀ
546 4795 713 4861 αὐτὸς
767 4795 944 4861 ἀσὸᾶς
981 4794 1242 4866 Θεόφιλος
1291 4795 1322 4848 6
1380 4793 1814 4865 ἀρχιεπίσκοπος

229 4884 514 4961 παρέϐαλέ
542 4903 688 4942 ποτε
728 4888 811 4951 εις
848 4886 949 4959 τὴν
999 4886 1225 4958 Σκῆτιν.
1270 4885 1636 4957 Συναχθέντις
1674 4886 1734 4939 δὲ
1775 4889 1826 4942 οἱ

230 4978 455 5047 ἀδελφοὶ
484 4972 639 5032 εἷπον
681 4977 761 5048 τῷ
787 4978 934 5052 ἀδὸᾷ
965 4978 1178 5052 Παμὸὠ
1197 4994 1212 5008 ’
1252 4977 1387 5032 Εἰπὲ
1418 4977 1513 5032 ἕνα
1559 4976 1718 5047 λόγον
1747 4978 1827 5050 τῷ

232 5070 423 5142 Πάπᾳ,
455 5070 608 5135 ὅπως
647 5069 904 5143 ὠφεληθῇ
930 5071 975 5125 ⁸.
1016 5070 1184 5139 Λέγει
1234 5070 1416 5135 αὐτοῖς
1443 5072 1471 5124 6
1516 5068 1729 5140 γέρων·
1764 5069 1828 5123 Et

231 5166 332 5221 οὐκ
357 5166 660 5235 ὠφελεῖται
682 5168 740 5221 ἐν
763 5170 832 5238 τῇ
862 5168 1040 5239 σιωπῇ
1066 5183 1196 5237 μου,
1222 5166 1343 5220 οὐδὲ
1367 5166 1426 5218 ὲν
1450 5163 1528 5235 τῷ
1553 5161 1700 5235 λόγῳ
1725 5180 1827 5234 μου

233 5258 593 5330 ὠφεληθῆναι
625 5258 761 5330 ἔχει.

311 5454 336 5489 ⁶
364 5458 455 5513 Al.
477 5458 650 5514 inser.
677 5459 757 5523 είς
783 5458 875 5513 τὸν
907 5460 1097 5521 τόπον,

330 5716 417 5787 75)
460 5716 566 5772 Vit.
606 5718 758 5772 Patr.
796 5735 873 5786 vn,
907 5719 998 5776 20.

362 5645 420 5719 δ)
451 5646 561 5719 Vit.
588 5646 745 5719 Patr.
769 5664 847 5711 xl,
888 5649 976 5703 ll.

362 5646 420 5719 ι)
451 5646 561 5702 Vit.
588 5646 745 5702 Patr.
769 5664 847 5711 xt,
888 5649 976 5703 ll.

330 5717 417 5787 75)
460 5716 566 5772 Vit.
606 5718 758 5772 Patr.
796 5735 873 5786 vn,
907 5719 984 5775 20.

304 5646 421 5863 ξω,
461 5786 567 5844 Vit.
605 5787 754 5844 Patr.
787 5803 863 5860 Iv,
896 5790 984 5845 18.

1931 4623 2100 4679 abbas
2129 4620 2471 4692 Theophilus
2501 4639 2516 4676 :
2546 4620 2668 4677 Alia
2694 4620 2783 4677 via
2817 4635 2926 4676 non
2958 4628 3065 4686 est,
3097 4629 3296 4691 praeter
3327 4621 3517 4676 istam.

2000 4798 2061 4854 2.
2100 4798 2215 4871 (79)
2263 4797 2408 4855 Idem
2447 4799 2619 4855 abbas
2654 4797 2993 4869 Theophilus
3032 4797 3515 4868 archiepiscOpus,

1934 4890 2084 4945 venit
2122 4889 2423 4960 aliquando
2456 4887 2512 4942 in
2548 4886 2774 4943 Scetim.
2810 4886 3141 4959 Congregati
3180 4894 3361 4943 autem
3403 4889 3517 4943 fra-

1935 4987 2051 5037 tres
2104 4979 2377 5036 dixerunt-
2411 4978 2596 5034 abbati
2645 4976 2854 5034 Pambo
2904 4996 2920 5034 :
2969 4978 3190 5050 Aliquid
3242 4984 3517 5037 sermonis

1930 5072 2075 5130 habe
2102 5072 2172 5129 ad
2202 5088 2421 5145 papam,
2447 5079 2510 5128 ut
2538 5072 2586 5129 ei
2616 5071 2814 5143 prosit.
2844 5071 2931 5125 Ait
2961 5071 3071 5126 illis
3100 5087 3268 5129 senex
3303 5090 3316 5127 :
3356 5068 3412 5125 Si
3444 5090 3510 5129 et

1930 5167 2156 5223 silentio
2198 5181 2323 5222 meo
2365 5166 2657 5222 utilitatem
2702 5180 2813 5221 non
2856 5165 3036 5235 capit,
3075 5181 3255 5235 neque
3290 5180 3355 5219 ex
3394 5180 3519 5220 ser-

1930 5273 2093 5317 mone
2123 5260 2288 5317 habet
2319 5259 2606 5331 prolicere.

2004 5646 2115 5713 (77)
2155 5643 2261 5699 Vit.
2300 5640 2450 5698 l’atr.
2482 5656 2560 5704 xu,
2604 5639 2692 5713 l2,

2003 5708 2114 5788 (78)
2152 5714 2261 5788 Vit.
2307 5713 2462 5788 Patr.
2500 5710 2715 5788 xv,
2756 5708 2983 5767 Doroth.
3023 5708 3203 5765 νοω.
3234 5709 3293 5769 7.

2001 5781 2114 5859 (79)
2153 5784 2262 5840 Vit.
2294 5781 2451 5839 Patr.
2483 5799 2573 5854 xv,
2601 5782 2693 5838 Β.
