  <div class='ocr_page' id='page_1' title='image "/cluster/home/n/w/nwhite01/storage/ocr_20150623/65/hvd.32044052838166/107.png"; bbox 0 0 3982 6336; ppageno 0'>
   <div class='ocr_carea' id='block_1_1' title="bbox 460 375 561 432">
    <p class='ocr_par' dir='ltr' id='par_1_1' title="bbox 460 375 561 432">
     <span class='ocr_line' id='line_1_1' title="bbox 460 375 561 432; baseline -0.02 0"><span class='ocrx_word' id='word_1_1' title='bbox 460 375 561 432; x_wconf 70' lang='grc'><strong>199</strong></span> 
     </span>
    </p>
   </div>
   <div class='ocr_carea' id='block_1_2' title="bbox 1631 361 2570 421">
    <p class='ocr_par' dir='ltr' id='par_1_2' title="bbox 1631 361 2570 421">
     <span class='ocr_line' id='line_1_2' title="bbox 1631 361 2570 421; baseline -0.001 0"><span class='ocrx_word' id='word_1_2' title='bbox 1631 362 1977 421; x_wconf 77' lang='lat' dir='ltr'><strong>APPENDIX</strong></span> <span class='ocrx_word' id='word_1_3' title='bbox 2015 362 2108 420; x_wconf 74' lang='lat' dir='ltr'><strong>AD</strong></span> <span class='ocrx_word' id='word_1_4' title='bbox 2146 361 2570 421; x_wconf 76' lang='lat' dir='ltr'><strong>PALLADIUM.</strong></span> 
     </span>
    </p>
   </div>
   <div class='ocr_carea' id='block_1_3' title="bbox 3635 356 3747 416">
    <p class='ocr_par' dir='ltr' id='par_1_3' title="bbox 3635 356 3747 416">
     <span class='ocr_line' id='line_1_3' title="bbox 3635 356 3747 416; baseline 0.027 -3"><span class='ocrx_word' id='word_1_5' title='bbox 3635 356 3747 416; x_wconf 72' lang='grc' dir='ltr'><strong>2υο</strong></span> 
     </span>
    </p>
   </div>
   <div class='ocr_carea' id='block_1_4' title="bbox 528 471 2051 555">
    <p class='ocr_par' dir='ltr' id='par_1_4' title="bbox 528 477 2038 555">
     <span class='ocr_line' id='line_1_4' title="bbox 528 477 2038 555; baseline -0.004 -16"><span class='ocrx_word' id='word_1_6' title='bbox 528 486 585 541; x_wconf 80' lang='grc'>5.</span> <span class='ocrx_word' id='word_1_7' title='bbox 621 482 734 555; x_wconf 77' lang='lat'><strong>(80)</strong></span> <span class='ocrx_word' id='word_1_8' title='bbox 771 481 1048 537; x_wconf 83' lang='lat' dir='ltr'><strong>Venerunt</strong></span> <span class='ocrx_word' id='word_1_9' title='bbox 1079 479 1375 548; x_wconf 81' lang='lat' dir='ltr'><strong>aliquando</strong></span> <span class='ocrx_word' id='word_1_10' title='bbox 1409 477 1600 534; x_wconf 85' lang='lat' dir='ltr'><strong>Patres</strong></span> <span class='ocrx_word' id='word_1_11' title='bbox 1626 479 2038 546; x_wconf 75' lang='lat' dir='ltr'><strong>Alexandriam,</strong></span> 
     </span>
    </p>
   </div>
   <div class='ocr_carea' id='block_1_5' title="bbox 2155 471 3752 555">
    <p class='ocr_par' dir='ltr' id='par_1_5' title="bbox 2215 471 3752 548">
     <span class='ocr_line' id='line_1_5' title="bbox 2215 471 3752 548; baseline -0.003 -16"><span class='ocrx_word' id='word_1_12' title='bbox 2215 486 2282 548; x_wconf 88' lang='grc' dir='ltr'>γ’.</span> <span class='ocrx_word' id='word_1_13' title='bbox 2318 474 2523 532; x_wconf 86' lang='grc' dir='ltr'>Ἧλθόν</span> <span class='ocrx_word' id='word_1_14' title='bbox 2565 493 2696 531; x_wconf 89' lang='grc' dir='ltr'>ποτε</span> <span class='ocrx_word' id='word_1_15' title='bbox 2731 475 2974 548; x_wconf 86' lang='grc' dir='ltr'>Πατέρες</span> <span class='ocrx_word' id='word_1_16' title='bbox 3013 476 3094 539; x_wconf 75' lang='grc' dir='ltr'>εἰς</span> <span class='ocrx_word' id='word_1_17' title='bbox 3134 471 3570 545; x_wconf 76' lang='grc' dir='ltr'><strong>⁹Δλεξάνδρειαν,</strong></span> <span class='ocrx_word' id='word_1_18' title='bbox 3615 477 3752 546; x_wconf 75' lang='grc' dir='ltr'>κληι-</span> 
     </span>
    </p>
   </div>
   <div class='ocr_carea' id='block_1_6' title="bbox 460 568 2041 642">
    <p class='ocr_par' dir='ltr' id='par_1_6' title="bbox 460 568 2041 642">
     <span class='ocr_line' id='line_1_6' title="bbox 460 568 2041 642; baseline -0.001 -17"><span class='ocrx_word' id='word_1_19' title='bbox 460 575 639 628; x_wconf 89' lang='lat' dir='ltr'><strong>vocati</strong></span> <span class='ocrx_word' id='word_1_20' title='bbox 673 589 704 628; x_wconf 91' lang='lat' dir='ltr'><strong>a</strong></span> <span class='ocrx_word' id='word_1_21' title='bbox 733 572 1037 642; x_wconf 87' lang='lat' dir='ltr'><strong>Theophilo</strong></span> <span class='ocrx_word' id='word_1_22' title='bbox 1073 570 1514 640; x_wconf 85' lang='lat' dir='ltr'><strong>archiepiscopo,</strong></span> <span class='ocrx_word' id='word_1_23' title='bbox 1547 576 1606 624; x_wconf 93' lang='lat' dir='ltr'><strong>ut</strong></span> <span class='ocrx_word' id='word_1_24' title='bbox 1641 585 1856 640; x_wconf 81' lang='lat' dir='ltr'><strong>precem</strong></span> <span class='ocrx_word' id='word_1_25' title='bbox 1896 568 2041 624; x_wconf 78' lang='lat' dir='ltr'><strong>face-</strong></span> 
     </span>
    </p>
   </div>
   <div class='ocr_carea' id='block_1_7' title="bbox 459 660 2040 732">
    <p class='ocr_par' dir='ltr' id='par_1_7' title="bbox 459 660 2040 732">
     <span class='ocr_line' id='line_1_7' title="bbox 459 660 2040 732; baseline -0.001 -15"><span class='ocrx_word' id='word_1_26' title='bbox 459 673 576 729; x_wconf 88' lang='lat' dir='ltr'><strong>ret,</strong></span> <span class='ocrx_word' id='word_1_27' title='bbox 614 679 679 718; x_wconf 90' lang='lat' dir='ltr'><strong>ac</strong></span> <span class='ocrx_word' id='word_1_28' title='bbox 723 663 847 718; x_wconf 87' lang='lat' dir='ltr'><strong>l‘ana</strong></span> <span class='ocrx_word' id='word_1_29' title='bbox 892 669 1178 718; x_wconf 72' lang='lat' dir='ltr'><strong>everteret.</strong></span> <span class='ocrx_word' id='word_1_30' title='bbox 1217 660 1396 732; x_wconf 89' lang='lat' dir='ltr'><strong>lisque</strong></span> <span class='ocrx_word' id='word_1_31' title='bbox 1430 661 1614 716; x_wconf 86' lang='lat' dir='ltr'><strong>cibum</strong></span> <span class='ocrx_word' id='word_1_32' title='bbox 1649 675 1775 716; x_wconf 90' lang='lat' dir='ltr'><strong>cum</strong></span> <span class='ocrx_word' id='word_1_33' title='bbox 1813 660 1912 716; x_wconf 93' lang='lat' dir='ltr'><strong>illo</strong></span> <span class='ocrx_word' id='word_1_34' title='bbox 1946 677 2040 716; x_wconf 88' lang='lat' dir='ltr'><strong>su-</strong></span> 
     </span>
    </p>
   </div>
   <div class='ocr_carea' id='block_1_8' title="bbox 461 751 2042 824">
    <p class='ocr_par' dir='ltr' id='par_1_8' title="bbox 461 751 2042 824">
     <span class='ocr_line' id='line_1_8' title="bbox 461 751 2042 824; baseline -0.003 -14"><span class='ocrx_word' id='word_1_35' title='bbox 461 756 737 811; x_wconf 86' lang='lat' dir='ltr'><strong>mentibus</strong></span> <span class='ocrx_word' id='word_1_36' title='bbox 780 754 1030 824; x_wconf 84' lang='lat' dir='ltr'><strong>apposita</strong></span> <span class='ocrx_word' id='word_1_37' title='bbox 1075 761 1158 809; x_wconf 89' lang='lat' dir='ltr'><strong>est</strong></span> <span class='ocrx_word' id='word_1_38' title='bbox 1203 769 1336 808; x_wconf 88' lang='lat' dir='ltr'><strong>caro</strong></span> <span class='ocrx_word' id='word_1_39' title='bbox 1377 753 1645 820; x_wconf 83' lang='lat' dir='ltr'><strong>vitulina;</strong></span> <span class='ocrx_word' id='word_1_40' title='bbox 1688 761 1743 808; x_wconf 90' lang='lat' dir='ltr'><strong>et</strong></span> <span class='ocrx_word' id='word_1_41' title='bbox 1787 751 2042 807; x_wconf 87' lang='lat' dir='ltr'><strong>comede-</strong></span> 
     </span>
    </p>
   </div>
   <div class='ocr_carea' id='block_1_9' title="bbox 460 844 2043 916">
    <p class='ocr_par' dir='ltr' id='par_1_9' title="bbox 460 844 2043 916">
     <span class='ocr_line' id='line_1_9' title="bbox 460 844 2043 916; baseline -0.004 -13"><span class='ocrx_word' id='word_1_42' title='bbox 460 847 613 912; x_wconf 85' lang='lat' dir='ltr'><strong>bant,</strong></span> <span class='ocrx_word' id='word_1_43' title='bbox 645 847 782 902; x_wconf 83' lang='lat' dir='ltr'><strong>nihil</strong></span> <span class='ocrx_word' id='word_1_44' title='bbox 813 847 1211 901; x_wconf 88' lang='lat' dir='ltr'><strong>discernentes.</strong></span> <span class='ocrx_word' id='word_1_45' title='bbox 1246 844 1416 901; x_wconf 90' lang='lat' dir='ltr'><strong>Porro</strong></span> <span class='ocrx_word' id='word_1_46' title='bbox 1444 845 1725 916; x_wconf 88' lang='lat' dir='ltr'><strong>accipiens</strong></span> <span class='ocrx_word' id='word_1_47' title='bbox 1751 845 2043 914; x_wconf 88' lang='lat' dir='ltr'><strong>episcopus</strong></span> 
     </span>
    </p>
   </div>
   <div class='ocr_carea' id='block_1_10' title="bbox 459 934 2044 1008">
    <p class='ocr_par' dir='ltr' id='par_1_10' title="bbox 459 934 2044 1008">
     <span class='ocr_line' id='line_1_10' title="bbox 459 934 2044 1008; baseline -0.004 -13"><span class='ocrx_word' id='word_1_48' title='bbox 459 957 631 995; x_wconf 90' lang='lat' dir='ltr'><strong>unum</strong></span> <span class='ocrx_word' id='word_1_49' title='bbox 685 939 977 1008; x_wconf 86' lang='lat' dir='ltr'><strong>cepadium</strong></span> <span class='ocrx_word' id='word_1_50' title='bbox 1029 953 1125 993; x_wconf 89' lang='lat' dir='ltr'><strong>seu</strong></span> <span class='ocrx_word' id='word_1_51' title='bbox 1174 938 1360 992; x_wconf 88' lang='lat' dir='ltr'><strong>carnis</strong></span> <span class='ocrx_word' id='word_1_52' title='bbox 1409 936 1680 1001; x_wconf 81' lang='lat' dir='ltr'><strong>frustum,</strong></span> <span class='ocrx_word' id='word_1_53' title='bbox 1724 935 1876 991; x_wconf 85' lang='lat' dir='ltr'><strong>dedit</strong></span> <span class='ocrx_word' id='word_1_54' title='bbox 1925 934 2044 990; x_wconf 90' lang='lat' dir='ltr'><strong>seni</strong></span> 
     </span>
    </p>
   </div>
   <div class='ocr_carea' id='block_1_11' title="bbox 455 1029 2043 1104">
    <p class='ocr_par' dir='ltr' id='par_1_11' title="bbox 455 1029 2043 1104">
     <span class='ocr_line' id='line_1_11' title="bbox 455 1029 2043 1104; baseline -0.004 -15"><span class='ocrx_word' id='word_1_55' title='bbox 455 1033 611 1104; x_wconf 83' lang='lat' dir='ltr'><strong>juxta</strong></span> <span class='ocrx_word' id='word_1_56' title='bbox 644 1049 704 1089; x_wconf 89' lang='lat' dir='ltr'><strong>se</strong></span> <span class='ocrx_word' id='word_1_57' title='bbox 735 1032 1100 1096; x_wconf 88' lang='lat' dir='ltr'><strong>recumbenti,</strong></span> <span class='ocrx_word' id='word_1_58' title='bbox 1129 1031 1320 1087; x_wconf 89' lang='lat' dir='ltr'><strong>dicens</strong></span> <span class='ocrx_word' id='word_1_59' title='bbox 1351 1048 1364 1085; x_wconf 91' lang='lat'><strong>:</strong></span> <span class='ocrx_word' id='word_1_60' title='bbox 1400 1031 1561 1093; x_wconf 85' lang='lat' dir='ltr'><strong>Ecce,</strong></span> <span class='ocrx_word' id='word_1_61' title='bbox 1591 1031 1695 1084; x_wconf 90' lang='lat' dir='ltr'><strong>hoc</strong></span> <span class='ocrx_word' id='word_1_62' title='bbox 1723 1037 1809 1086; x_wconf 89' lang='lat' dir='ltr'><strong>est</strong></span> <span class='ocrx_word' id='word_1_63' title='bbox 1837 1029 2043 1084; x_wconf 92' lang='lat' dir='ltr'><strong>bonum</strong></span> 
     </span>
    </p>
   </div>
   <div class='ocr_carea' id='block_1_12' title="bbox 456 1121 2041 1192">
    <p class='ocr_par' dir='ltr' id='par_1_12' title="bbox 456 1121 2041 1192">
     <span class='ocr_line' id='line_1_12' title="bbox 456 1121 2041 1192; baseline -0.005 -11"><span class='ocrx_word' id='word_1_64' title='bbox 456 1126 644 1181; x_wconf 89' lang='lat' dir='ltr'><strong>carnis</strong></span> <span class='ocrx_word' id='word_1_65' title='bbox 680 1124 914 1180; x_wconf 79' lang='lat' dir='ltr'><strong>frustum</strong></span> <span class='ocrx_word' id='word_1_66' title='bbox 937 1166 950 1187; x_wconf 90' lang='lat'><strong>,</strong></span> <span class='ocrx_word' id='word_1_67' title='bbox 991 1124 1261 1178; x_wconf 88' lang='lat' dir='ltr'><strong>manduca</strong></span> <span class='ocrx_word' id='word_1_68' title='bbox 1285 1161 1299 1186; x_wconf 90' lang='lat'><strong>,</strong></span> <span class='ocrx_word' id='word_1_69' title='bbox 1337 1122 1496 1179; x_wconf 90' lang='lat' dir='ltr'><strong>abba.</strong></span> <span class='ocrx_word' id='word_1_70' title='bbox 1537 1121 1618 1176; x_wconf 91' lang='lat' dir='ltr'><strong>Illi</strong></span> <span class='ocrx_word' id='word_1_71' title='bbox 1653 1129 1992 1192; x_wconf 81' lang='lat' dir='ltr'><strong>exceperunt</strong></span> <span class='ocrx_word' id='word_1_72' title='bbox 2029 1138 2041 1174; x_wconf 93' lang='lat'>:</span> 
     </span>
    </p>
   </div>
   <div class='ocr_carea' id='block_1_13' title="bbox 457 1215 2044 1288">
    <p class='ocr_par' dir='ltr' id='par_1_13' title="bbox 457 1215 2044 1288">
     <span class='ocr_line' id='line_1_13' title="bbox 457 1215 2044 1288; baseline -0.003 -17"><span class='ocrx_word' id='word_1_73' title='bbox 457 1216 567 1274; x_wconf 86' lang='lat' dir='ltr'><strong>Nos</strong></span> <span class='ocrx_word' id='word_1_74' title='bbox 613 1218 899 1288; x_wconf 85' lang='lat' dir='ltr'><strong>hucusque</strong></span> <span class='ocrx_word' id='word_1_75' title='bbox 945 1216 1094 1272; x_wconf 85' lang='lat' dir='ltr'><strong>olera</strong></span> <span class='ocrx_word' id='word_1_76' title='bbox 1144 1216 1390 1280; x_wconf 86' lang='lat' dir='ltr'><strong>edimus;</strong></span> <span class='ocrx_word' id='word_1_77' title='bbox 1433 1215 1481 1270; x_wconf 88' lang='lat' dir='ltr'><strong>si</strong></span> <span class='ocrx_word' id='word_1_78' title='bbox 1523 1225 1706 1271; x_wconf 88' lang='lat' dir='ltr'><strong>autem</strong></span> <span class='ocrx_word' id='word_1_79' title='bbox 1750 1228 1882 1270; x_wconf 90' lang='lat' dir='ltr'><strong>caro</strong></span> <span class='ocrx_word' id='word_1_80' title='bbox 1923 1223 2044 1278; x_wconf 89' lang='lat' dir='ltr'><strong>est,</strong></span> 
     </span>
    </p>
   </div>
   <div class='ocr_carea' id='block_1_14' title="bbox 459 1305 2045 1378">
    <p class='ocr_par' dir='ltr' id='par_1_14' title="bbox 459 1305 2045 1378">
     <span class='ocr_line' id='line_1_14' title="bbox 459 1305 2045 1378; baseline -0.003 -15"><span class='ocrx_word' id='word_1_81' title='bbox 459 1325 568 1363; x_wconf 90' lang='lat' dir='ltr'><strong>non</strong></span> <span class='ocrx_word' id='word_1_82' title='bbox 615 1309 1040 1365; x_wconf 86' lang='lat' dir='ltr'><strong>manducamus.</strong></span> <span class='ocrx_word' id='word_1_83' title='bbox 1085 1306 1198 1362; x_wconf 85' lang='lat' dir='ltr'><strong>Nec</strong></span> <span class='ocrx_word' id='word_1_84' title='bbox 1239 1307 1478 1378; x_wconf 89' lang='lat' dir='ltr'><strong>amplius</strong></span> <span class='ocrx_word' id='word_1_85' title='bbox 1517 1320 1708 1362; x_wconf 92' lang='lat' dir='ltr'><strong>eorum</strong></span> <span class='ocrx_word' id='word_1_86' title='bbox 1752 1305 2045 1376; x_wconf 86' lang='lat' dir='ltr'><strong>quisquam</strong></span> 
     </span>
    </p>
   </div>
   <div class='ocr_carea' id='block_1_15' title="bbox 457 1400 955 1470">
    <p class='ocr_par' dir='ltr' id='par_1_15' title="bbox 457 1400 955 1470">
     <span class='ocr_line' id='line_1_15' title="bbox 457 1400 955 1470; baseline -0.006 -15"><span class='ocrx_word' id='word_1_87' title='bbox 457 1402 590 1456; x_wconf 88' lang='lat' dir='ltr'><strong>hinc</strong></span> <span class='ocrx_word' id='word_1_88' title='bbox 623 1400 955 1470; x_wconf 85' lang='lat' dir='ltr'><strong>degustavit.</strong></span> 
     </span>
    </p>
   </div>
   <div class='ocr_carea' id='block_1_16' title="bbox 526 1485 2044 1562">
    <p class='ocr_par' dir='ltr' id='par_1_16' title="bbox 526 1485 2044 1562">
     <span class='ocr_line' id='line_1_16' title="bbox 526 1485 2044 1562; baseline -0.005 -15"><span class='ocrx_word' id='word_1_89' title='bbox 526 1493 582 1547; x_wconf 75' lang='lat'><strong>4.</strong></span> <span class='ocrx_word' id='word_1_90' title='bbox 635 1491 893 1562; x_wconf 80' lang='lat' dir='ltr'><strong>Ejusdem</strong></span> <span class='ocrx_word' id='word_1_91' title='bbox 943 1491 1158 1546; x_wconf 86' lang='lat' dir='ltr'><strong>abbatis</strong></span> <span class='ocrx_word' id='word_1_92' title='bbox 1205 1487 1492 1560; x_wconf 87' lang='lat' dir='ltr'><strong>Theophili</strong></span> <span class='ocrx_word' id='word_1_93' title='bbox 1541 1501 1724 1543; x_wconf 88' lang='lat' dir='ltr'><strong>sermo</strong></span> <span class='ocrx_word' id='word_1_94' title='bbox 1767 1485 1981 1542; x_wconf 80' lang='lat' dir='ltr'><strong>exstitit</strong></span> <span class='ocrx_word' id='word_1_95' title='bbox 2027 1504 2044 1540; x_wconf 90' lang='lat'><strong>:</strong></span> 
     </span>
    </p>
   </div>
   <div class='ocr_carea' id='block_1_17' title="bbox 458 1576 2047 1652">
    <p class='ocr_par' dir='ltr' id='par_1_17' title="bbox 458 1576 2047 1652">
     <span class='ocr_line' id='line_1_17' title="bbox 458 1576 2047 1652; baseline -0.003 -15"><span class='ocrx_word' id='word_1_96' title='bbox 458 1584 684 1652; x_wconf 88' lang='lat' dir='ltr'><strong>Qualem</strong></span> <span class='ocrx_word' id='word_1_97' title='bbox 719 1585 968 1638; x_wconf 78' lang='lat' dir='ltr'><strong>timorem</strong></span> <span class='ocrx_word' id='word_1_98' title='bbox 988 1623 1002 1646; x_wconf 90' lang='lat'><strong>,</strong></span> <span class='ocrx_word' id='word_1_99' title='bbox 1039 1591 1335 1637; x_wconf 90' lang='lat' dir='ltr'><strong>tremorem</strong></span> <span class='ocrx_word' id='word_1_100' title='bbox 1367 1594 1432 1634; x_wconf 91' lang='lat' dir='ltr'><strong>ac</strong></span> <span class='ocrx_word' id='word_1_101' title='bbox 1463 1578 1843 1635; x_wconf 87' lang='lat' dir='ltr'><strong>necessitatem</strong></span> <span class='ocrx_word' id='word_1_102' title='bbox 1874 1576 2047 1634; x_wconf 80' lang='lat' dir='ltr'><strong>visuri</strong></span> 
     </span>
    </p>
   </div>
   <div class='ocr_carea' id='block_1_18' title="bbox 457 1668 2049 1746">
    <p class='ocr_par' dir='ltr' id='par_1_18' title="bbox 457 1668 2049 1746">
     <span class='ocr_line' id='line_1_18' title="bbox 457 1668 2049 1746; baseline -0.004 -14"><span class='ocrx_word' id='word_1_103' title='bbox 457 1693 671 1738; x_wconf 86' lang='lat' dir='ltr'><strong>sumus,</strong></span> <span class='ocrx_word' id='word_1_104' title='bbox 699 1677 922 1746; x_wconf 81' lang='lat' dir='ltr'><strong>quando</strong></span> <span class='ocrx_word' id='word_1_105' title='bbox 947 1674 1130 1729; x_wconf 89' lang='lat' dir='ltr'><strong>anima</strong></span> <span class='ocrx_word' id='word_1_106' title='bbox 1161 1689 1190 1728; x_wconf 92' lang='lat' dir='ltr'><strong>e</strong></span> <span class='ocrx_word' id='word_1_107' title='bbox 1218 1686 1452 1742; x_wconf 88' lang='lat' dir='ltr'><strong>corpore</strong></span> <span class='ocrx_word' id='word_1_108' title='bbox 1479 1671 1859 1742; x_wconf 88' lang='lat' dir='ltr'><strong>separabitur!</strong></span> <span class='ocrx_word' id='word_1_109' title='bbox 1891 1668 2049 1725; x_wconf 88' lang='lat' dir='ltr'><strong>Tunc</strong></span> 
     </span>
    </p>
   </div>
   <div class='ocr_carea' id='block_1_19' title="bbox 456 1763 2047 1822">
    <p class='ocr_par' dir='ltr' id='par_1_19' title="bbox 456 1763 2047 1822">
     <span class='ocr_line' id='line_1_19' title="bbox 456 1763 2047 1822; baseline -0.004 0"><span class='ocrx_word' id='word_1_110' title='bbox 456 1767 600 1822; x_wconf 90' lang='lat' dir='ltr'><strong>enim</strong></span> <span class='ocrx_word' id='word_1_111' title='bbox 624 1766 692 1820; x_wconf 89' lang='lat' dir='ltr'><strong>ad</strong></span> <span class='ocrx_word' id='word_1_112' title='bbox 721 1783 822 1821; x_wconf 92' lang='lat' dir='ltr'><strong>nos</strong></span> <span class='ocrx_word' id='word_1_113' title='bbox 848 1767 1149 1820; x_wconf 79' lang='lat' dir='ltr'><strong>adveniunt</strong></span> <span class='ocrx_word' id='word_1_114' title='bbox 1172 1763 1578 1820; x_wconf 89' lang='lat' dir='ltr'><strong>contrariarum</strong></span> <span class='ocrx_word' id='word_1_115' title='bbox 1601 1764 1864 1817; x_wconf 91' lang='lat' dir='ltr'><strong>virtutum</strong></span> <span class='ocrx_word' id='word_1_116' title='bbox 1889 1778 2047 1819; x_wconf 81' lang='lat' dir='ltr'><strong>exer-</strong></span> 
     </span>
    </p>
   </div>
   <div class='ocr_carea' id='block_1_20' title="bbox 457 1835 2122 1927">
    <p class='ocr_par' dir='ltr' id='par_1_20' title="bbox 457 1835 2122 1927">
     <span class='ocr_line' id='line_1_20' title="bbox 457 1835 2122 1927; baseline -0.004 -15"><span class='ocrx_word' id='word_1_117' title='bbox 457 1858 603 1912; x_wconf 91' lang='lat' dir='ltr'><strong>citus</strong></span> <span class='ocrx_word' id='word_1_118' title='bbox 634 1864 687 1912; x_wconf 84' lang='lat' dir='ltr'><strong>et</strong></span> <span class='ocrx_word' id='word_1_119' title='bbox 721 1857 926 1927; x_wconf 74' lang='lat' dir='ltr'><strong>copim.</strong></span> <span class='ocrx_word' id='word_1_120' title='bbox 964 1855 1240 1926; x_wconf 85' lang='lat' dir='ltr'><strong>principes</strong></span> <span class='ocrx_word' id='word_1_121' title='bbox 1274 1841 1623 1909; x_wconf 78' lang='lat' dir='ltr'><strong>tenebrarum</strong></span> <span class='ocrx_word' id='word_1_122' title='bbox 1643 1893 1657 1917; x_wconf 94' lang='lat'><strong>,</strong></span> <span class='ocrx_word' id='word_1_123' title='bbox 1690 1852 1914 1907; x_wconf 71' lang='lat' dir='ltr'><strong>malitia:</strong></span> <span class='ocrx_word' id='word_1_124' title='bbox 1945 1852 2050 1907; x_wconf 89' lang='lat' dir='ltr'><strong>im-</strong></span> <span class='ocrx_word' id='word_1_125' title='bbox 2079 1835 2122 1892; x_wconf 78' lang='grc' dir='ltr'>Β</span> 
     </span>
    </p>
   </div>
   <div class='ocr_carea' id='block_1_21' title="bbox 457 1943 2050 2019">
    <p class='ocr_par' dir='ltr' id='par_1_21' title="bbox 457 1943 2050 2019">
     <span class='ocr_line' id='line_1_21' title="bbox 457 1943 2050 2019; baseline -0.003 -17"><span class='ocrx_word' id='word_1_126' title='bbox 457 1961 769 2019; x_wconf 89' lang='lat' dir='ltr'><strong>peratores,</strong></span> <span class='ocrx_word' id='word_1_127' title='bbox 806 1946 1182 2016; x_wconf 86' lang='lat' dir='ltr'><strong>principatus,</strong></span> <span class='ocrx_word' id='word_1_128' title='bbox 1220 1951 1552 2014; x_wconf 84' lang='lat' dir='ltr'><strong>potestates,</strong></span> <span class='ocrx_word' id='word_1_129' title='bbox 1591 1944 1820 2014; x_wconf 87' lang='lat' dir='ltr'><strong>spiritus</strong></span> <span class='ocrx_word' id='word_1_130' title='bbox 1854 1943 2050 2015; x_wconf 84' lang='lat' dir='ltr'><strong>nequi-</strong></span> 
     </span>
    </p>
   </div>
   <div class='ocr_carea' id='block_1_22' title="bbox 459 2035 2050 2108">
    <p class='ocr_par' dir='ltr' id='par_1_22' title="bbox 459 2035 2050 2108">
     <span class='ocr_line' id='line_1_22' title="bbox 459 2035 2050 2108; baseline -0.001 -16"><span class='ocrx_word' id='word_1_131' title='bbox 459 2043 583 2104; x_wconf 72' lang='lat' dir='ltr'><strong>tize;</strong></span> <span class='ocrx_word' id='word_1_132' title='bbox 618 2047 672 2094; x_wconf 89' lang='lat' dir='ltr'><strong>et</strong></span> <span class='ocrx_word' id='word_1_133' title='bbox 705 2039 890 2108; x_wconf 90' lang='lat' dir='ltr'><strong>aliquo</strong></span> <span class='ocrx_word' id='word_1_134' title='bbox 918 2036 1150 2106; x_wconf 69' lang='lat' dir='ltr'><strong>justitiae</strong></span> <span class='ocrx_word' id='word_1_135' title='bbox 1180 2037 1342 2091; x_wconf 92' lang='lat' dir='ltr'><strong>modo</strong></span> <span class='ocrx_word' id='word_1_136' title='bbox 1369 2035 1606 2090; x_wconf 91' lang='lat' dir='ltr'><strong>animam</strong></span> <span class='ocrx_word' id='word_1_137' title='bbox 1640 2035 1918 2100; x_wconf 89' lang='lat' dir='ltr'><strong>detinent,</strong></span> <span class='ocrx_word' id='word_1_138' title='bbox 1950 2036 2050 2090; x_wconf 90' lang='lat' dir='ltr'><strong>ad-</strong></span> 
     </span>
    </p>
   </div>
   <div class='ocr_carea' id='block_1_23' title="bbox 457 2126 2052 2200">
    <p class='ocr_par' dir='ltr' id='par_1_23' title="bbox 457 2126 2052 2200">
     <span class='ocr_line' id='line_1_23' title="bbox 457 2126 2052 2200; baseline -0.003 -15"><span class='ocrx_word' id='word_1_139' title='bbox 457 2132 728 2186; x_wconf 78' lang='lat' dir='ltr'><strong>ducentes</strong></span> <span class='ocrx_word' id='word_1_140' title='bbox 761 2137 962 2185; x_wconf 91' lang='lat' dir='ltr'><strong>cuneta</strong></span> <span class='ocrx_word' id='word_1_141' title='bbox 989 2145 1112 2200; x_wconf 67' lang='lat' dir='ltr'><strong>quae</strong></span> <span class='ocrx_word' id='word_1_142' title='bbox 1141 2127 1385 2199; x_wconf 89' lang='lat' dir='ltr'><strong>prudens</strong></span> <span class='ocrx_word' id='word_1_143' title='bbox 1413 2135 1466 2183; x_wconf 90' lang='lat' dir='ltr'><strong>et</strong></span> <span class='ocrx_word' id='word_1_144' title='bbox 1497 2127 1738 2183; x_wconf 89' lang='lat' dir='ltr'><strong>insciens</strong></span> <span class='ocrx_word' id='word_1_145' title='bbox 1769 2126 2052 2182; x_wconf 86' lang='lat' dir='ltr'><strong>commisit</strong></span> 
     </span>
    </p>
   </div>
   <div class='ocr_carea' id='block_1_24' title="bbox 460 2220 2046 2292">
    <p class='ocr_par' dir='ltr' id='par_1_24' title="bbox 460 2220 2046 2292">
     <span class='ocr_line' id='line_1_24' title="bbox 460 2220 2046 2292; baseline -0.001 -16"><span class='ocrx_word' id='word_1_146' title='bbox 460 2231 684 2292; x_wconf 82' lang='lat' dir='ltr'><strong>peccata</strong></span> <span class='ocrx_word' id='word_1_147' title='bbox 707 2262 720 2286; x_wconf 91' lang='lat'><strong>,</strong></span> <span class='ocrx_word' id='word_1_148' title='bbox 757 2237 786 2276; x_wconf 93' lang='lat' dir='ltr'><strong>a</strong></span> <span class='ocrx_word' id='word_1_149' title='bbox 819 2222 1109 2291; x_wconf 88' lang='lat' dir='ltr'><strong>juventute</strong></span> <span class='ocrx_word' id='word_1_150' title='bbox 1139 2220 1207 2275; x_wconf 87' lang='lat' dir='ltr'><strong>ad</strong></span> <span class='ocrx_word' id='word_1_151' title='bbox 1239 2226 1454 2276; x_wconf 70' lang='lat' dir='ltr'><strong>retatem</strong></span> <span class='ocrx_word' id='word_1_152' title='bbox 1486 2233 1593 2290; x_wconf 88' lang='lat' dir='ltr'><strong>qua</strong></span> <span class='ocrx_word' id='word_1_153' title='bbox 1628 2227 1909 2289; x_wconf 89' lang='lat' dir='ltr'><strong>assumpta</strong></span> <span class='ocrx_word' id='word_1_154' title='bbox 1940 2226 2046 2275; x_wconf 92' lang='lat' dir='ltr'><strong>est.</strong></span> 
     </span>
    </p>
   </div>
   <div class='ocr_carea' id='block_1_25' title="bbox 457 2310 2049 2384">
    <p class='ocr_par' dir='ltr' id='par_1_25' title="bbox 457 2310 2049 2384">
     <span class='ocr_line' id='line_1_25' title="bbox 457 2310 2049 2384; baseline 0 -16"><span class='ocrx_word' id='word_1_155' title='bbox 457 2315 655 2368; x_wconf 84' lang='lat' dir='ltr'><strong>Astant</strong></span> <span class='ocrx_word' id='word_1_156' title='bbox 687 2330 840 2384; x_wconf 82' lang='lat' dir='ltr'><strong>ergo,</strong></span> <span class='ocrx_word' id='word_1_157' title='bbox 877 2321 1201 2368; x_wconf 88' lang='lat' dir='ltr'><strong>accusantes</strong></span> <span class='ocrx_word' id='word_1_158' title='bbox 1236 2320 1436 2367; x_wconf 88' lang='lat' dir='ltr'><strong>cuncta</strong></span> <span class='ocrx_word' id='word_1_159' title='bbox 1474 2328 1571 2382; x_wconf 88' lang='lat' dir='ltr'><strong>per</strong></span> <span class='ocrx_word' id='word_1_160' title='bbox 1600 2327 1720 2367; x_wconf 89' lang='lat' dir='ltr'><strong>eam</strong></span> <span class='ocrx_word' id='word_1_161' title='bbox 1757 2321 1934 2382; x_wconf 88' lang='lat' dir='ltr'><strong>gesta.</strong></span> <span class='ocrx_word' id='word_1_162' title='bbox 1970 2310 2049 2368; x_wconf 86' lang='lat' dir='ltr'><strong>De</strong></span> 
     </span>
    </p>
   </div>
   <div class='ocr_carea' id='block_1_26' title="bbox 457 2401 2049 2475">
    <p class='ocr_par' dir='ltr' id='par_1_26' title="bbox 457 2401 2049 2475">
     <span class='ocr_line' id='line_1_26' title="bbox 457 2401 2049 2475; baseline -0.003 -14"><span class='ocrx_word' id='word_1_163' title='bbox 457 2413 658 2461; x_wconf 69' lang='lat' dir='ltr'><strong>etetero</strong></span> <span class='ocrx_word' id='word_1_164' title='bbox 693 2413 900 2475; x_wconf 87' lang='lat' dir='ltr'><strong>quanto</strong></span> <span class='ocrx_word' id='word_1_165' title='bbox 936 2415 1175 2459; x_wconf 89' lang='lat' dir='ltr'><strong>tremore</strong></span> <span class='ocrx_word' id='word_1_166' title='bbox 1209 2411 1371 2474; x_wconf 89' lang='lat' dir='ltr'><strong>putas</strong></span> <span class='ocrx_word' id='word_1_167' title='bbox 1408 2403 1646 2456; x_wconf 89' lang='lat' dir='ltr'><strong>animam</strong></span> <span class='ocrx_word' id='word_1_168' title='bbox 1685 2401 1739 2455; x_wconf 91' lang='lat' dir='ltr'><strong>in</strong></span> <span class='ocrx_word' id='word_1_169' title='bbox 1780 2402 1870 2456; x_wconf 91' lang='lat' dir='ltr'><strong>illa</strong></span> <span class='ocrx_word' id='word_1_170' title='bbox 1912 2403 2049 2458; x_wconf 91' lang='lat' dir='ltr'><strong>hora</strong></span> 
     </span>
    </p>
   </div>
   <div class='ocr_carea' id='block_1_27' title="bbox 459 2495 2051 2566">
    <p class='ocr_par' dir='ltr' id='par_1_27' title="bbox 459 2495 2051 2566">
     <span class='ocr_line' id='line_1_27' title="bbox 459 2495 2051 2566; baseline -0.002 -13"><span class='ocrx_word' id='word_1_171' title='bbox 459 2497 698 2566; x_wconf 88' lang='lat' dir='ltr'><strong>corripi,</strong></span> <span class='ocrx_word' id='word_1_172' title='bbox 735 2497 909 2552; x_wconf 89' lang='lat' dir='ltr'><strong>donec</strong></span> <span class='ocrx_word' id='word_1_173' title='bbox 950 2497 1058 2550; x_wconf 89' lang='lat' dir='ltr'><strong>lata</strong></span> <span class='ocrx_word' id='word_1_174' title='bbox 1097 2495 1260 2550; x_wconf 82' lang='lat' dir='ltr'><strong>fuerit</strong></span> <span class='ocrx_word' id='word_1_175' title='bbox 1299 2495 1569 2550; x_wconf 88' lang='lat' dir='ltr'><strong>sententia</strong></span> <span class='ocrx_word' id='word_1_176' title='bbox 1593 2536 1607 2560; x_wconf 90' lang='lat'><strong>,</strong></span> <span class='ocrx_word' id='word_1_177' title='bbox 1647 2495 2051 2565; x_wconf 89' lang='lat' dir='ltr'><strong>contigeritque</strong></span> 
     </span>
    </p>
   </div>
   <div class='ocr_carea' id='block_1_28' title="bbox 461 2586 2050 2660">
    <p class='ocr_par' dir='ltr' id='par_1_28' title="bbox 461 2586 2050 2660">
     <span class='ocr_line' id='line_1_28' title="bbox 461 2586 2050 2660; baseline -0.003 -14"><span class='ocrx_word' id='word_1_178' title='bbox 461 2590 710 2660; x_wconf 84' lang='lat' dir='ltr'><strong>ejusdem</strong></span> <span class='ocrx_word' id='word_1_179' title='bbox 740 2590 938 2645; x_wconf 65' lang='lat' dir='ltr'><strong>anima:</strong></span> <span class='ocrx_word' id='word_1_180' title='bbox 966 2588 1256 2644; x_wconf 88' lang='lat' dir='ltr'><strong>liberatio?</strong></span> <span class='ocrx_word' id='word_1_181' title='bbox 1282 2586 1406 2642; x_wconf 82' lang='lat' dir='ltr'><strong>Haec</strong></span> <span class='ocrx_word' id='word_1_182' title='bbox 1432 2595 1516 2642; x_wconf 93' lang='lat' dir='ltr'><strong>est</strong></span> <span class='ocrx_word' id='word_1_183' title='bbox 1542 2586 1676 2640; x_wconf 91' lang='lat' dir='ltr'><strong>hora</strong></span> <span class='ocrx_word' id='word_1_184' title='bbox 1706 2587 2050 2642; x_wconf 87' lang='lat' dir='ltr'><strong>necessitatis</strong></span> 
     </span>
    </p>
   </div>
   <div class='ocr_carea' id='block_1_29' title="bbox 459 2679 2047 2752">
    <p class='ocr_par' dir='ltr' id='par_1_29' title="bbox 459 2679 2047 2752">
     <span class='ocr_line' id='line_1_29' title="bbox 459 2679 2047 2752; baseline -0.004 -14"><span class='ocrx_word' id='word_1_185' title='bbox 459 2683 615 2752; x_wconf 86' lang='lat' dir='ltr'><strong>ejus,</strong></span> <span class='ocrx_word' id='word_1_186' title='bbox 663 2697 952 2752; x_wconf 83' lang='lat' dir='ltr'><strong>usquequo</strong></span> <span class='ocrx_word' id='word_1_187' title='bbox 998 2679 1193 2735; x_wconf 89' lang='lat' dir='ltr'><strong>viderit</strong></span> <span class='ocrx_word' id='word_1_188' title='bbox 1241 2679 1375 2750; x_wconf 90' lang='lat' dir='ltr'><strong>quid</strong></span> <span class='ocrx_word' id='word_1_189' title='bbox 1426 2679 1533 2750; x_wconf 88' lang='lat' dir='ltr'><strong>ipsi</strong></span> <span class='ocrx_word' id='word_1_190' title='bbox 1583 2679 1655 2732; x_wconf 91' lang='lat' dir='ltr'><strong>sit</strong></span> <span class='ocrx_word' id='word_1_191' title='bbox 1698 2687 2047 2734; x_wconf 75' lang='lat' dir='ltr'><strong>eventurum.</strong></span> 
     </span>
    </p>
   </div>
   <div class='ocr_carea' id='block_1_30' title="bbox 462 2770 2046 2841">
    <p class='ocr_par' dir='ltr' id='par_1_30' title="bbox 462 2770 2046 2841">
     <span class='ocr_line' id='line_1_30' title="bbox 462 2770 2046 2841; baseline -0.003 -12"><span class='ocrx_word' id='word_1_192' title='bbox 462 2777 677 2830; x_wconf 79' lang='lat' dir='ltr'><strong>Rursus</strong></span> <span class='ocrx_word' id='word_1_193' title='bbox 733 2774 934 2828; x_wconf 70' lang='lat' dir='ltr'><strong>divina:</strong></span> <span class='ocrx_word' id='word_1_194' title='bbox 991 2774 1220 2826; x_wconf 86' lang='lat' dir='ltr'><strong>virtutes</strong></span> <span class='ocrx_word' id='word_1_195' title='bbox 1275 2785 1305 2826; x_wconf 90' lang='lat' dir='ltr'><strong>e</strong></span> <span class='ocrx_word' id='word_1_196' title='bbox 1361 2773 1584 2841; x_wconf 78' lang='lat' dir='ltr'><strong>regione</strong></span> <span class='ocrx_word' id='word_1_197' title='bbox 1638 2770 2046 2824; x_wconf 89' lang='lat' dir='ltr'><strong>contrariarum</strong></span> 
     </span>
    </p>
   </div>
   <div class='ocr_carea' id='block_1_31' title="bbox 461 2860 2051 2936">
    <p class='ocr_par' dir='ltr' id='par_1_31' title="bbox 461 2860 2051 2936">
     <span class='ocr_line' id='line_1_31' title="bbox 461 2860 2051 2936; baseline -0.005 -13"><span class='ocrx_word' id='word_1_198' title='bbox 461 2875 632 2932; x_wconf 89' lang='lat' dir='ltr'><strong>stant,</strong></span> <span class='ocrx_word' id='word_1_199' title='bbox 668 2867 801 2936; x_wconf 71' lang='lat' dir='ltr'><strong>ipsa:</strong></span> <span class='ocrx_word' id='word_1_200' title='bbox 832 2865 1038 2936; x_wconf 87' lang='lat' dir='ltr'><strong>pariter</strong></span> <span class='ocrx_word' id='word_1_201' title='bbox 1067 2864 1205 2918; x_wconf 91' lang='lat' dir='ltr'><strong>bona</strong></span> <span class='ocrx_word' id='word_1_202' title='bbox 1239 2863 1436 2918; x_wconf 85' lang='lat' dir='ltr'><strong>animae</strong></span> <span class='ocrx_word' id='word_1_203' title='bbox 1467 2860 1829 2932; x_wconf 82' lang='lat' dir='ltr'><strong>proferentes.</strong></span> <span class='ocrx_word' id='word_1_204' title='bbox 1855 2860 2051 2932; x_wconf 86' lang='lat' dir='ltr'><strong>Cogita</strong></span> 
     </span>
    </p>
   </div>
   <div class='ocr_carea' id='block_1_32' title="bbox 461 2955 2052 3029">
    <p class='ocr_par' dir='ltr' id='par_1_32' title="bbox 461 2955 2052 3029">
     <span class='ocr_line' id='line_1_32' title="bbox 461 2955 2052 3029; baseline -0.004 -16"><span class='ocrx_word' id='word_1_205' title='bbox 461 2973 590 3029; x_wconf 83' lang='lat' dir='ltr'><strong>ergo</strong></span> <span class='ocrx_word' id='word_1_206' title='bbox 622 2956 932 3028; x_wconf 88' lang='lat' dir='ltr'><strong>cujnsmodi</strong></span> <span class='ocrx_word' id='word_1_207' title='bbox 971 2957 1025 3010; x_wconf 91' lang='lat' dir='ltr'><strong>in</strong></span> <span class='ocrx_word' id='word_1_208' title='bbox 1061 2955 1260 3010; x_wconf 87' lang='lat' dir='ltr'><strong>timore</strong></span> <span class='ocrx_word' id='word_1_209' title='bbox 1291 2969 1356 3009; x_wconf 91' lang='lat' dir='ltr'><strong>ac</strong></span> <span class='ocrx_word' id='word_1_210' title='bbox 1389 2962 1627 3009; x_wconf 88' lang='lat' dir='ltr'><strong>tremore</strong></span> <span class='ocrx_word' id='word_1_211' title='bbox 1659 2959 1909 3007; x_wconf 84' lang='lat' dir='ltr'><strong>versetur</strong></span> <span class='ocrx_word' id='word_1_212' title='bbox 1936 2967 2052 3007; x_wconf 89' lang='lat' dir='ltr'><strong>me-</strong></span> 
     </span>
    </p>
   </div>
   <div class='ocr_carea' id='block_1_33' title="bbox 461 3042 2051 3114">
    <p class='ocr_par' dir='ltr' id='par_1_33' title="bbox 461 3042 2051 3114">
     <span class='ocr_line' id='line_1_33' title="bbox 461 3042 2051 3114; baseline -0.003 -10"><span class='ocrx_word' id='word_1_213' title='bbox 461 3051 548 3104; x_wconf 89' lang='lat' dir='ltr'><strong>dia</strong></span> <span class='ocrx_word' id='word_1_214' title='bbox 582 3051 878 3105; x_wconf 87' lang='lat' dir='ltr'><strong>constituta</strong></span> <span class='ocrx_word' id='word_1_215' title='bbox 908 3049 1093 3101; x_wconf 88' lang='lat' dir='ltr'><strong>anima</strong></span> <span class='ocrx_word' id='word_1_216' title='bbox 1117 3088 1132 3111; x_wconf 89' lang='lat'><strong>,</strong></span> <span class='ocrx_word' id='word_1_217' title='bbox 1166 3047 1343 3102; x_wconf 89' lang='lat' dir='ltr'><strong>donec</strong></span> <span class='ocrx_word' id='word_1_218' title='bbox 1370 3044 1638 3114; x_wconf 89' lang='lat' dir='ltr'><strong>judicium</strong></span> <span class='ocrx_word' id='word_1_219' title='bbox 1669 3042 1790 3112; x_wconf 91' lang='lat' dir='ltr'><strong>ejus</strong></span> <span class='ocrx_word' id='word_1_220' title='bbox 1817 3043 2051 3113; x_wconf 87' lang='lat' dir='ltr'><strong>perjus-</strong></span> 
     </span>
    </p>
   </div>
   <div class='ocr_carea' id='block_1_34' title="bbox 465 3135 2119 3234">
    <p class='ocr_par' dir='ltr' id='par_1_34' title="bbox 465 3135 2119 3234">
     <span class='ocr_line' id='line_1_34' title="bbox 465 3135 2119 3234; baseline -0.001 -40"><span class='ocrx_word' id='word_1_221' title='bbox 465 3151 578 3195; x_wconf 90' lang='lat' dir='ltr'><strong>tum</strong></span> <span class='ocrx_word' id='word_1_222' title='bbox 622 3141 867 3208; x_wconf 89' lang='lat' dir='ltr'><strong>judicem</strong></span> <span class='ocrx_word' id='word_1_223' title='bbox 917 3138 1190 3193; x_wconf 89' lang='lat' dir='ltr'><strong>sententia</strong></span> <span class='ocrx_word' id='word_1_224' title='bbox 1234 3137 1580 3192; x_wconf 85' lang='lat' dir='ltr'><strong>terminetur.</strong></span> <span class='ocrx_word' id='word_1_225' title='bbox 1623 3135 1688 3190; x_wconf 87' lang='lat' dir='ltr'><strong>Et</strong></span> <span class='ocrx_word' id='word_1_226' title='bbox 1729 3137 1776 3193; x_wconf 90' lang='lat' dir='ltr'><strong>si</strong></span> <span class='ocrx_word' id='word_1_227' title='bbox 1823 3137 2046 3208; x_wconf 91' lang='lat' dir='ltr'><strong>quidem</strong></span> <span class='ocrx_word' id='word_1_228' title='bbox 2076 3175 2119 3234; x_wconf 66' lang='grc' dir='ltr'>ο</span> 
     </span>
    </p>
   </div>
   <div class='ocr_carea' id='block_1_35' title="bbox 463 3228 2049 3301">
    <p class='ocr_par' dir='ltr' id='par_1_35' title="bbox 463 3228 2049 3301">
     <span class='ocr_line' id='line_1_35' title="bbox 463 3228 2049 3301; baseline -0.001 -17"><span class='ocrx_word' id='word_1_229' title='bbox 463 3232 624 3301; x_wconf 79' lang='lat' dir='ltr'><strong>digna</strong></span> <span class='ocrx_word' id='word_1_230' title='bbox 669 3229 854 3297; x_wconf 76' lang='lat' dir='ltr'><strong>fuerit,</strong></span> <span class='ocrx_word' id='word_1_231' title='bbox 894 3229 1169 3285; x_wconf 65' lang='lat' dir='ltr'><strong>daemones</strong></span> <span class='ocrx_word' id='word_1_232' title='bbox 1208 3228 1564 3298; x_wconf 87' lang='lat' dir='ltr'><strong>inerepantur</strong></span> <span class='ocrx_word' id='word_1_233' title='bbox 1601 3235 1766 3298; x_wconf 87' lang='lat' dir='ltr'><strong>atque</strong></span> <span class='ocrx_word' id='word_1_234' title='bbox 1806 3228 2049 3298; x_wconf 88' lang='lat' dir='ltr'><strong>puniun-</strong></span> 
     </span>
    </p>
   </div>
   <div class='ocr_carea' id='block_1_36' title="bbox 465 3319 2049 3392">
    <p class='ocr_par' dir='ltr' id='par_1_36' title="bbox 465 3319 2049 3392">
     <span class='ocr_line' id='line_1_36' title="bbox 465 3319 2049 3392; baseline 0 -16"><span class='ocrx_word' id='word_1_235' title='bbox 465 3331 588 3389; x_wconf 88' lang='lat' dir='ltr'><strong>tur;</strong></span> <span class='ocrx_word' id='word_1_236' title='bbox 637 3322 753 3392; x_wconf 90' lang='lat' dir='ltr'><strong>ipsa</strong></span> <span class='ocrx_word' id='word_1_237' title='bbox 790 3335 921 3377; x_wconf 88' lang='lat' dir='ltr'><strong>vero</strong></span> <span class='ocrx_word' id='word_1_238' title='bbox 964 3320 1178 3390; x_wconf 89' lang='lat' dir='ltr'><strong>rapitur</strong></span> <span class='ocrx_word' id='word_1_239' title='bbox 1218 3319 1288 3374; x_wconf 90' lang='lat' dir='ltr'><strong>ab</strong></span> <span class='ocrx_word' id='word_1_240' title='bbox 1330 3320 1538 3388; x_wconf 77' lang='lat' dir='ltr'><strong>angelis</strong></span> <span class='ocrx_word' id='word_1_241' title='bbox 1576 3338 1590 3375; x_wconf 89' lang='lat'><strong>:</strong></span> <span class='ocrx_word' id='word_1_242' title='bbox 1631 3325 1746 3374; x_wconf 90' lang='lat' dir='ltr'><strong>tum</strong></span> <span class='ocrx_word' id='word_1_243' title='bbox 1790 3319 2049 3390; x_wconf 86' lang='lat' dir='ltr'><strong>deinceps</strong></span> 
     </span>
    </p>
   </div>
   <div class='ocr_carea' id='block_1_37' title="bbox 463 3410 2048 3482">
    <p class='ocr_par' dir='ltr' id='par_1_37' title="bbox 463 3410 2048 3482">
     <span class='ocr_line' id='line_1_37' title="bbox 463 3410 2048 3482; baseline -0.003 -14"><span class='ocrx_word' id='word_1_244' title='bbox 463 3415 583 3468; x_wconf 84' lang='lat' dir='ltr'><strong>sine</strong></span> <span class='ocrx_word' id='word_1_245' title='bbox 618 3412 989 3468; x_wconf 88' lang='lat' dir='ltr'><strong>sollicitudine</strong></span> <span class='ocrx_word' id='word_1_246' title='bbox 1020 3427 1109 3476; x_wconf 91' lang='lat' dir='ltr'><strong>es,</strong></span> <span class='ocrx_word' id='word_1_247' title='bbox 1144 3411 1255 3466; x_wconf 89' lang='lat' dir='ltr'><strong>imo</strong></span> <span class='ocrx_word' id='word_1_248' title='bbox 1291 3410 1508 3466; x_wconf 89' lang='lat' dir='ltr'><strong>habitas</strong></span> <span class='ocrx_word' id='word_1_249' title='bbox 1537 3413 1695 3482; x_wconf 78' lang='lat' dir='ltr'><strong>juxta</strong></span> <span class='ocrx_word' id='word_1_250' title='bbox 1726 3411 1871 3481; x_wconf 91' lang='lat' dir='ltr'><strong>quod</strong></span> <span class='ocrx_word' id='word_1_251' title='bbox 1906 3410 2048 3466; x_wconf 87' lang='lat' dir='ltr'><strong>scri-</strong></span> 
     </span>
    </p>
   </div>
   <div class='ocr_carea' id='block_1_38' title="bbox 462 3503 2052 3576">
    <p class='ocr_par' dir='ltr' id='par_1_38' title="bbox 462 3503 2052 3576">
     <span class='ocr_line' id='line_1_38' title="bbox 462 3503 2052 3576; baseline -0.003 -16"><span class='ocrx_word' id='word_1_252' title='bbox 462 3514 616 3576; x_wconf 89' lang='lat' dir='ltr'><strong>ptum</strong></span> <span class='ocrx_word' id='word_1_253' title='bbox 646 3513 731 3561; x_wconf 88' lang='lat' dir='ltr'><strong>est</strong></span> <span class='ocrx_word' id='word_1_254' title='bbox 764 3523 778 3559; x_wconf 89' lang='lat'><strong>:</strong></span> <span class='ocrx_word' id='word_1_255' title='bbox 811 3503 962 3559; x_wconf 80' lang='lat' dir='ltr'><strong>Sicut</strong></span> <span class='ocrx_word' id='word_1_256' title='bbox 997 3505 1296 3558; x_wconf 73' lang='lat' dir='ltr'><strong>lwtantium</strong></span> <span class='ocrx_word' id='word_1_257' title='bbox 1331 3504 1567 3558; x_wconf 86' lang='lat' dir='ltr'><strong>omnium</strong></span> <span class='ocrx_word' id='word_1_258' title='bbox 1599 3503 1860 3557; x_wconf 80' lang='lat' dir='ltr'><strong>habitatio</strong></span> <span class='ocrx_word' id='word_1_259' title='bbox 1889 3511 1967 3558; x_wconf 81' lang='lat' dir='ltr'><strong>est</strong></span> <span class='ocrx_word' id='word_1_260' title='bbox 1996 3503 2052 3556; x_wconf 83' lang='lat' dir='ltr'><strong>in</strong></span> 
     </span>
    </p>
   </div>
   <div class='ocr_carea' id='block_1_39' title="bbox 466 3593 2052 3666">
    <p class='ocr_par' dir='ltr' id='par_1_39' title="bbox 466 3593 2052 3666">
     <span class='ocr_line' id='line_1_39' title="bbox 466 3593 2052 3666; baseline -0.003 -14"><span class='ocrx_word' id='word_1_261' title='bbox 466 3597 577 3652; x_wconf 72' lang='grc' dir='ltr'>ιε’.</span> <span class='ocrx_word' id='word_1_262' title='bbox 602 3595 758 3652; x_wconf 88' lang='lat' dir='ltr'><strong>Tunc</strong></span> <span class='ocrx_word' id='word_1_263' title='bbox 788 3597 1045 3666; x_wconf 90' lang='lat' dir='ltr'><strong>impletur</strong></span> <span class='ocrx_word' id='word_1_264' title='bbox 1069 3596 1201 3651; x_wconf 89' lang='lat' dir='ltr'><strong>illud</strong></span> <span class='ocrx_word' id='word_1_265' title='bbox 1233 3595 1532 3666; x_wconf 63' lang='lat' dir='ltr'><strong>Scripturae</strong></span> <span class='ocrx_word' id='word_1_266' title='bbox 1560 3614 1574 3649; x_wconf 88' lang='lat'><strong>:</strong></span> <span class='ocrx_word' id='word_1_267' title='bbox 1603 3593 1767 3665; x_wconf 86' lang='lat' dir='ltr'><strong>Fugit</strong></span> <span class='ocrx_word' id='word_1_268' title='bbox 1799 3594 1974 3659; x_wconf 84' lang='lat' dir='ltr'><strong>dolor,</strong></span> <span class='ocrx_word' id='word_1_269' title='bbox 2001 3603 2052 3649; x_wconf 84' lang='lat' dir='ltr'><strong>et</strong></span> 
     </span>
    </p>
   </div>
   <div class='ocr_carea' id='block_1_40' title="bbox 467 3686 2052 3762">
    <p class='ocr_par' dir='ltr' id='par_1_40' title="bbox 467 3686 2052 3762">
     <span class='ocr_line' id='line_1_40' title="bbox 467 3686 2052 3762; baseline -0.004 -16"><span class='ocrx_word' id='word_1_270' title='bbox 467 3691 710 3757; x_wconf 73' lang='lat' dir='ltr'><strong>tristitia,</strong></span> <span class='ocrx_word' id='word_1_271' title='bbox 733 3699 783 3745; x_wconf 83' lang='lat' dir='ltr'><strong>et</strong></span> <span class='ocrx_word' id='word_1_272' title='bbox 809 3691 1032 3762; x_wconf 82' lang='lat' dir='ltr'><strong>gemitus</strong></span> <span class='ocrx_word' id='word_1_273' title='bbox 1053 3690 1096 3746; x_wconf 78' lang='grc'>⁸.</span> <span class='ocrx_word' id='word_1_274' title='bbox 1124 3689 1280 3744; x_wconf 92' lang='lat' dir='ltr'><strong>Tune</strong></span> <span class='ocrx_word' id='word_1_275' title='bbox 1313 3687 1540 3743; x_wconf 90' lang='lat' dir='ltr'><strong>liberata</strong></span> <span class='ocrx_word' id='word_1_276' title='bbox 1571 3687 1778 3752; x_wconf 89' lang='lat' dir='ltr'><strong>anima,</strong></span> <span class='ocrx_word' id='word_1_277' title='bbox 1804 3686 1874 3741; x_wconf 89' lang='lat' dir='ltr'><strong>ad</strong></span> <span class='ocrx_word' id='word_1_278' title='bbox 1904 3687 2052 3742; x_wconf 89' lang='lat' dir='ltr'><strong>illam</strong></span> 
     </span>
    </p>
   </div>
   <div class='ocr_carea' id='block_1_41' title="bbox 467 3781 2054 3854">
    <p class='ocr_par' dir='ltr' id='par_1_41' title="bbox 467 3781 2054 3854">
     <span class='ocr_line' id='line_1_41' title="bbox 467 3781 2054 3854; baseline -0.004 -14"><span class='ocrx_word' id='word_1_279' title='bbox 467 3784 804 3840; x_wconf 81' lang='lat' dir='ltr'><strong>ineﬂ&#39;abilem</strong></span> <span class='ocrx_word' id='word_1_280' title='bbox 831 3784 1076 3838; x_wconf 67' lang='lat' dir='ltr'><strong>laetitiam</strong></span> <span class='ocrx_word' id='word_1_281' title='bbox 1102 3793 1155 3838; x_wconf 89' lang='lat' dir='ltr'><strong>et</strong></span> <span class='ocrx_word' id='word_1_282' title='bbox 1183 3781 1415 3854; x_wconf 79' lang='lat' dir='ltr'><strong>gloriam</strong></span> <span class='ocrx_word' id='word_1_283' title='bbox 1446 3781 1834 3852; x_wconf 77' lang='lat' dir='ltr'><strong>proﬁciscitur,</strong></span> <span class='ocrx_word' id='word_1_284' title='bbox 1863 3781 1917 3835; x_wconf 90' lang='lat' dir='ltr'><strong>in</strong></span> <span class='ocrx_word' id='word_1_285' title='bbox 1943 3794 2054 3850; x_wconf 87' lang='lat' dir='ltr'><strong>qua</strong></span> 
     </span>
    </p>
   </div>
   <div class='ocr_carea' id='block_1_42' title="bbox 467 3872 2058 3945">
    <p class='ocr_par' dir='ltr' id='par_1_42' title="bbox 467 3872 2058 3945">
     <span class='ocr_line' id='line_1_42' title="bbox 467 3872 2058 3945; baseline -0.003 -15"><span class='ocrx_word' id='word_1_286' title='bbox 467 3878 855 3932; x_wconf 79' lang='lat' dir='ltr'><strong>constituetur.</strong></span> <span class='ocrx_word' id='word_1_287' title='bbox 890 3874 1046 3941; x_wconf 88' lang='lat' dir='ltr'><strong>Quod</strong></span> <span class='ocrx_word' id='word_1_288' title='bbox 1079 3875 1124 3930; x_wconf 91' lang='lat' dir='ltr'><strong>si</strong></span> <span class='ocrx_word' id='word_1_289' title='bbox 1159 3873 1499 3945; x_wconf 89' lang='lat' dir='ltr'><strong>deprehensa</strong></span> <span class='ocrx_word' id='word_1_290' title='bbox 1533 3872 1696 3928; x_wconf 79' lang='lat' dir='ltr'><strong>fuerit</strong></span> <span class='ocrx_word' id='word_1_291' title='bbox 1725 3873 1931 3928; x_wconf 80' lang='lat' dir='ltr'><strong>vixisse</strong></span> <span class='ocrx_word' id='word_1_292' title='bbox 1959 3887 2058 3926; x_wconf 90' lang='lat' dir='ltr'><strong>nc-</strong></span> 
     </span>
    </p>
   </div>
   <div class='ocr_carea' id='block_1_43' title="bbox 465 3962 2058 4039">
    <p class='ocr_par' dir='ltr' id='par_1_43' title="bbox 465 3962 2058 4039">
     <span class='ocr_line' id='line_1_43' title="bbox 465 3962 2058 4039; baseline -0.003 -19"><span class='ocrx_word' id='word_1_293' title='bbox 465 3969 753 4039; x_wconf 84' lang='lat' dir='ltr'><strong>gligenter,</strong></span> <span class='ocrx_word' id='word_1_294' title='bbox 793 3968 946 4021; x_wconf 84' lang='lat' dir='ltr'><strong>audit</strong></span> <span class='ocrx_word' id='word_1_295' title='bbox 990 3966 1292 4021; x_wconf 87' lang='lat' dir='ltr'><strong>terribilem</strong></span> <span class='ocrx_word' id='word_1_296' title='bbox 1335 3965 1484 4019; x_wconf 89' lang='lat' dir='ltr'><strong>illam</strong></span> <span class='ocrx_word' id='word_1_297' title='bbox 1524 3979 1713 4020; x_wconf 84' lang='lat' dir='ltr'><strong>vocem</strong></span> <span class='ocrx_word' id='word_1_298' title='bbox 1753 3981 1767 4018; x_wconf 88' lang='lat'><strong>:</strong></span> <span class='ocrx_word' id='word_1_299' title='bbox 1809 3962 2058 4017; x_wconf 87' lang='lat' dir='ltr'><strong>Tollatur</strong></span> 
     </span>
    </p>
   </div>
   <div class='ocr_carea' id='block_1_44' title="bbox 466 4054 2057 4129">
    <p class='ocr_par' dir='ltr' id='par_1_44' title="bbox 466 4054 2057 4129">
     <span class='ocr_line' id='line_1_44' title="bbox 466 4054 2057 4129; baseline -0.003 -16"><span class='ocrx_word' id='word_1_300' title='bbox 466 4061 680 4129; x_wconf 83' lang='lat' dir='ltr'><strong>impius,</strong></span> <span class='ocrx_word' id='word_1_301' title='bbox 707 4069 760 4112; x_wconf 86' lang='lat' dir='ltr'><strong>ut</strong></span> <span class='ocrx_word' id='word_1_302' title='bbox 791 4075 894 4113; x_wconf 84' lang='lat' dir='ltr'><strong>non</strong></span> <span class='ocrx_word' id='word_1_303' title='bbox 921 4058 1092 4113; x_wconf 71' lang='lat' dir='ltr'><strong>videat</strong></span> <span class='ocrx_word' id='word_1_304' title='bbox 1119 4059 1346 4129; x_wconf 88' lang='lat' dir='ltr'><strong>gloriam</strong></span> <span class='ocrx_word' id='word_1_305' title='bbox 1377 4057 1648 4112; x_wconf 84' lang='lat' dir='ltr'><strong>Domini’.</strong></span> <span class='ocrx_word' id='word_1_306' title='bbox 1697 4054 1852 4110; x_wconf 88' lang='lat' dir='ltr'><strong>Tunc</strong></span> <span class='ocrx_word' id='word_1_307' title='bbox 1880 4055 2057 4124; x_wconf 84' lang='lat' dir='ltr'><strong>ipsam</strong></span> 
     </span>
    </p>
   </div>
   <div class='ocr_carea' id='block_1_45' title="bbox 467 4135 2059 4220">
    <p class='ocr_par' dir='ltr' id='par_1_45' title="bbox 467 4135 2059 4220">
     <span class='ocr_line' id='line_1_45' title="bbox 467 4135 2059 4220; baseline 0 -18"><span class='ocrx_word' id='word_1_308' title='bbox 467 4151 828 4220; x_wconf 88' lang='lat' dir='ltr'><strong>apprehendit</strong></span> <span class='ocrx_word' id='word_1_309' title='bbox 859 4151 978 4207; x_wconf 89' lang='lat' dir='ltr'><strong>dies</strong></span> <span class='ocrx_word' id='word_1_310' title='bbox 1013 4152 1128 4216; x_wconf 68' lang='lat' dir='ltr'><strong>iraa,</strong></span> <span class='ocrx_word' id='word_1_311' title='bbox 1156 4151 1274 4207; x_wconf 91' lang='lat' dir='ltr'><strong>dies</strong></span> <span class='ocrx_word' id='word_1_312' title='bbox 1302 4148 1636 4212; x_wconf 81' lang='lat' dir='ltr'><strong>aﬂlictionis,</strong></span> <span class='ocrx_word' id='word_1_313' title='bbox 1661 4147 1778 4204; x_wconf 89' lang='lat' dir='ltr'><strong>dies</strong></span> <span class='ocrx_word' id='word_1_314' title='bbox 1806 4135 2059 4203; x_wconf 84' lang='lat' dir='ltr'><strong>tenebra-</strong></span> 
     </span>
    </p>
   </div>
   <div class='ocr_carea' id='block_1_46' title="bbox 469 4240 2060 4312">
    <p class='ocr_par' dir='ltr' id='par_1_46' title="bbox 469 4240 2060 4312">
     <span class='ocr_line' id='line_1_46' title="bbox 469 4240 2060 4312; baseline 0.001 -18"><span class='ocrx_word' id='word_1_315' title='bbox 469 4257 590 4294; x_wconf 89' lang='lat' dir='ltr'><strong>rum</strong></span> <span class='ocrx_word' id='word_1_316' title='bbox 622 4249 676 4294; x_wconf 92' lang='lat' dir='ltr'><strong>et</strong></span> <span class='ocrx_word' id='word_1_317' title='bbox 707 4243 980 4312; x_wconf 74' lang='lat' dir='ltr'><strong>caliginis.</strong></span> <span class='ocrx_word' id='word_1_318' title='bbox 1013 4242 1236 4297; x_wconf 87' lang='lat' dir='ltr'><strong>Tradita</strong></span> <span class='ocrx_word' id='word_1_319' title='bbox 1269 4244 1323 4298; x_wconf 92' lang='lat' dir='ltr'><strong>in</strong></span> <span class='ocrx_word' id='word_1_320' title='bbox 1359 4244 1616 4299; x_wconf 87' lang='lat' dir='ltr'><strong>tenebras</strong></span> <span class='ocrx_word' id='word_1_321' title='bbox 1646 4240 1976 4304; x_wconf 80' lang='lat' dir='ltr'><strong>exteriores,</strong></span> <span class='ocrx_word' id='word_1_322' title='bbox 2005 4251 2060 4296; x_wconf 91' lang='lat' dir='ltr'><strong>et</strong></span> 
     </span>
    </p>
   </div>
   <div class='ocr_carea' id='block_1_47' title="bbox 469 4331 2059 4404">
    <p class='ocr_par' dir='ltr' id='par_1_47' title="bbox 469 4331 2059 4404">
     <span class='ocr_line' id='line_1_47' title="bbox 469 4331 2059 4404; baseline -0.001 -18"><span class='ocrx_word' id='word_1_323' title='bbox 469 4331 538 4386; x_wconf 86' lang='lat' dir='ltr'><strong>ad</strong></span> <span class='ocrx_word' id='word_1_324' title='bbox 574 4332 751 4400; x_wconf 80' lang='lat' dir='ltr'><strong>ignem</strong></span> <span class='ocrx_word' id='word_1_325' title='bbox 789 4339 1113 4400; x_wconf 90' lang='lat' dir='ltr'><strong>perpetuum</strong></span> <span class='ocrx_word' id='word_1_326' title='bbox 1149 4332 1440 4399; x_wconf 89' lang='lat' dir='ltr'><strong>damnata,</strong></span> <span class='ocrx_word' id='word_1_327' title='bbox 1473 4348 1570 4404; x_wconf 90' lang='lat' dir='ltr'><strong>per</strong></span> <span class='ocrx_word' id='word_1_328' title='bbox 1603 4331 1818 4387; x_wconf 74' lang='lat' dir='ltr'><strong>infinita</strong></span> <span class='ocrx_word' id='word_1_329' title='bbox 1855 4331 2059 4388; x_wconf 59' lang='lat' dir='ltr'><strong>srecnla</strong></span> 
     </span>
    </p>
   </div>
   <div class='ocr_carea' id='block_1_48' title="bbox 473 4419 2060 4492">
    <p class='ocr_par' dir='ltr' id='par_1_48' title="bbox 473 4419 2060 4492">
     <span class='ocr_line' id='line_1_48' title="bbox 473 4419 2060 4492; baseline 0.001 -18"><span class='ocrx_word' id='word_1_330' title='bbox 473 4420 753 4490; x_wconf 88' lang='lat' dir='ltr'><strong>punietur.</strong></span> <span class='ocrx_word' id='word_1_331' title='bbox 781 4419 958 4486; x_wconf 90' lang='lat' dir='ltr'><strong>Tunc,</strong></span> <span class='ocrx_word' id='word_1_332' title='bbox 986 4421 1078 4474; x_wconf 89' lang='lat' dir='ltr'><strong>ubi</strong></span> <span class='ocrx_word' id='word_1_333' title='bbox 1109 4422 1363 4491; x_wconf 80' lang='lat' dir='ltr'><strong>gloriatio</strong></span> <span class='ocrx_word' id='word_1_334' title='bbox 1391 4423 1620 4477; x_wconf 85' lang='lat' dir='ltr'><strong>mundi?</strong></span> <span class='ocrx_word' id='word_1_335' title='bbox 1646 4424 1739 4479; x_wconf 90' lang='lat' dir='ltr'><strong>ubi</strong></span> <span class='ocrx_word' id='word_1_336' title='bbox 1764 4438 1904 4478; x_wconf 85' lang='lat' dir='ltr'><strong>vana</strong></span> <span class='ocrx_word' id='word_1_337' title='bbox 1939 4422 2060 4492; x_wconf 81' lang='lat' dir='ltr'><strong>glo-</strong></span> 
     </span>
    </p>
   </div>
   <div class='ocr_carea' id='block_1_49' title="bbox 2148 566 3746 641">
    <p class='ocr_par' dir='ltr' id='par_1_49' title="bbox 2148 566 3746 641">
     <span class='ocr_line' id='line_1_49' title="bbox 2148 566 3746 641; baseline -0.006 -14"><span class='ocrx_word' id='word_1_338' title='bbox 2148 573 2336 636; x_wconf 88' lang='grc' dir='ltr'>θεντες</span> <span class='ocrx_word' id='word_1_339' title='bbox 2366 571 2473 626; x_wconf 78' lang='grc' dir='ltr'>ὑπὸ</span> <span class='ocrx_word' id='word_1_340' title='bbox 2505 570 2768 640; x_wconf 76' lang='grc' dir='ltr'><strong>Θεοφίλου</strong></span> <span class='ocrx_word' id='word_1_341' title='bbox 2797 569 2893 624; x_wconf 79' lang='grc' dir='ltr'><strong>τοῦ</strong></span> <span class='ocrx_word' id='word_1_342' title='bbox 2921 566 3380 641; x_wconf 88' lang='grc' dir='ltr'>ἀρχιεπισκόπου,</span> <span class='ocrx_word' id='word_1_343' title='bbox 3419 566 3507 621; x_wconf 81' lang='grc' dir='ltr'>ἵνα</span> <span class='ocrx_word' id='word_1_344' title='bbox 3541 567 3746 639; x_wconf 78' lang='grc' dir='ltr'>ποιήσῃ</span> 
     </span>
    </p>
   </div>
   <div class='ocr_carea' id='block_1_50' title="bbox 2143 659 3740 738">
    <p class='ocr_par' dir='ltr' id='par_1_50' title="bbox 2143 659 3740 738">
     <span class='ocr_line' id='line_1_50' title="bbox 2143 659 3740 738; baseline -0.003 -18"><span class='ocrx_word' id='word_1_345' title='bbox 2143 664 2331 736; x_wconf 82' lang='grc' dir='ltr'>εὐχὴν,</span> <span class='ocrx_word' id='word_1_346' title='bbox 2346 665 2441 717; x_wconf 70' lang='grc' dir='ltr'>καὶ</span> <span class='ocrx_word' id='word_1_347' title='bbox 2463 663 2666 738; x_wconf 79' lang='grc' dir='ltr'><strong>καθέλῃ</strong></span> <span class='ocrx_word' id='word_1_348' title='bbox 2689 662 2758 717; x_wconf 73' lang='grc' dir='ltr'><strong>τὰ</strong></span> <span class='ocrx_word' id='word_1_349' title='bbox 2787 663 2928 735; x_wconf 75' lang='grc' dir='ltr'>ἱερά.</span> <span class='ocrx_word' id='word_1_350' title='bbox 2950 661 3062 716; x_wconf 87' lang='lat' dir='ltr'><strong>Kal.</strong></span> <span class='ocrx_word' id='word_1_351' title='bbox 3085 659 3377 714; x_wconf 80' lang='grc' dir='ltr'><strong>ἐσθιόντων</strong></span> <span class='ocrx_word' id='word_1_352' title='bbox 3399 659 3582 713; x_wconf 75' lang='grc' dir='ltr'>αὐτῶν</span> <span class='ocrx_word' id='word_1_353' title='bbox 3620 661 3740 731; x_wconf 83' lang='grc' dir='ltr'>μετ’</span> 
     </span>
    </p>
   </div>
   <div class='ocr_carea' id='block_1_51' title="bbox 2143 752 3748 830">
    <p class='ocr_par' dir='ltr' id='par_1_51' title="bbox 2143 752 3748 830">
     <span class='ocr_line' id='line_1_51' title="bbox 2143 752 3748 830; baseline 0 -20"><span class='ocrx_word' id='word_1_354' title='bbox 2143 757 2330 823; x_wconf 78' lang='grc' dir='ltr'>αὐτοῦ,</span> <span class='ocrx_word' id='word_1_355' title='bbox 2378 756 2649 830; x_wconf 79' lang='grc' dir='ltr'><strong>παρετέθη</strong></span> <span class='ocrx_word' id='word_1_356' title='bbox 2699 753 2868 827; x_wconf 85' lang='grc' dir='ltr'>κρέας</span> <span class='ocrx_word' id='word_1_357' title='bbox 2913 752 3154 825; x_wconf 89' lang='grc' dir='ltr'>μόσχιον·</span> <span class='ocrx_word' id='word_1_358' title='bbox 3195 754 3290 807; x_wconf 78' lang='grc' dir='ltr'>καὶ</span> <span class='ocrx_word' id='word_1_359' title='bbox 3320 755 3539 826; x_wconf 71' lang='grc' dir='ltr'>ἢσθιον,</span> <span class='ocrx_word' id='word_1_360' title='bbox 3578 754 3748 826; x_wconf 79' lang='grc' dir='ltr'>μηδὲν</span> 
     </span>
    </p>
   </div>
   <div class='ocr_carea' id='block_1_52' title="bbox 2143 844 3748 921">
    <p class='ocr_par' dir='ltr' id='par_1_52' title="bbox 2143 844 3748 921">
     <span class='ocr_line' id='line_1_52' title="bbox 2143 844 3748 921; baseline 0 -19"><span class='ocrx_word' id='word_1_361' title='bbox 2143 849 2567 921; x_wconf 87' lang='grc' dir='ltr'>διακρινόμενοι.</span> <span class='ocrx_word' id='word_1_362' title='bbox 2601 848 2714 902; x_wconf 87' lang='lat' dir='ltr'><strong>Kal.</strong></span> <span class='ocrx_word' id='word_1_363' title='bbox 2759 844 2942 900; x_wconf 84' lang='grc' dir='ltr'>λαϐὼν</span> <span class='ocrx_word' id='word_1_364' title='bbox 3002 846 3031 898; x_wconf 80' lang='grc' dir='ltr'><strong>ό</strong></span> <span class='ocrx_word' id='word_1_365' title='bbox 3075 844 3375 912; x_wconf 77' lang='grc' dir='ltr'><strong>ἐπίσκοπος</strong></span> <span class='ocrx_word' id='word_1_366' title='bbox 3410 847 3472 900; x_wconf 81' lang='grc' dir='ltr'><strong>ἓν</strong></span> <span class='ocrx_word' id='word_1_367' title='bbox 3518 848 3748 902; x_wconf 84' lang='grc' dir='ltr'>κοπάδιν</span> 
     </span>
    </p>
   </div>
   <div class='ocr_carea' id='block_1_53' title="bbox 2145 935 3748 1012">
    <p class='ocr_par' dir='ltr' id='par_1_53' title="bbox 2145 935 3748 1012">
     <span class='ocr_line' id='line_1_53' title="bbox 2145 935 3748 1012; baseline 0 -18"><span class='ocrx_word' id='word_1_368' title='bbox 2145 939 2316 994; x_wconf 75' lang='grc' dir='ltr'>ἔδωκε</span> <span class='ocrx_word' id='word_1_369' title='bbox 2338 939 2417 1012; x_wconf 79' lang='grc' dir='ltr'>τῷ</span> <span class='ocrx_word' id='word_1_370' title='bbox 2445 939 2673 1008; x_wconf 76' lang='grc' dir='ltr'>ἔγγιστα</span> <span class='ocrx_word' id='word_1_371' title='bbox 2706 937 2872 993; x_wconf 79' lang='grc' dir='ltr'>αὐτοῦ</span> <span class='ocrx_word' id='word_1_372' title='bbox 2909 935 3149 1008; x_wconf 81' lang='grc' dir='ltr'><strong>γέροντι,</strong></span> <span class='ocrx_word' id='word_1_373' title='bbox 3176 937 3381 1008; x_wconf 87' lang='grc' dir='ltr'>λέγων·</span> <span class='ocrx_word' id='word_1_374' title='bbox 3419 936 3546 993; x_wconf 80' lang='grc' dir='ltr'>Ἰδοὺ</span> <span class='ocrx_word' id='word_1_375' title='bbox 3585 939 3748 996; x_wconf 82' lang='grc' dir='ltr'>τοῦτο</span> 
     </span>
    </p>
   </div>
   <div class='ocr_carea' id='block_1_54' title="bbox 2146 1027 3747 1104">
    <p class='ocr_par' dir='ltr' id='par_1_54' title="bbox 2146 1027 3747 1104">
     <span class='ocr_line' id='line_1_54' title="bbox 2146 1027 3747 1104; baseline 0.001 -19"><span class='ocrx_word' id='word_1_376' title='bbox 2146 1031 2311 1086; x_wconf 74' lang='grc' dir='ltr'>καλὸν</span> <span class='ocrx_word' id='word_1_377' title='bbox 2335 1032 2562 1088; x_wconf 86' lang='grc' dir='ltr'>κοπάδιν</span> <span class='ocrx_word' id='word_1_378' title='bbox 2593 1031 2707 1103; x_wconf 74' lang='lat' dir='ltr'><strong>(8i)</strong></span> <span class='ocrx_word' id='word_1_379' title='bbox 2745 1029 2884 1094; x_wconf 77' lang='grc' dir='ltr'>ἐστὶ,</span> <span class='ocrx_word' id='word_1_380' title='bbox 2919 1028 3083 1098; x_wconf 82' lang='grc' dir='ltr'>φάγε,</span> <span class='ocrx_word' id='word_1_381' title='bbox 3108 1027 3277 1084; x_wconf 83' lang='grc' dir='ltr'>ἀϐϐἄ.</span> <span class='ocrx_word' id='word_1_382' title='bbox 3313 1032 3377 1084; x_wconf 82' lang='grc' dir='ltr'><strong>Οἱ</strong></span> <span class='ocrx_word' id='word_1_383' title='bbox 3405 1031 3462 1085; x_wconf 86' lang='grc' dir='ltr'>δὲ</span> <span class='ocrx_word' id='word_1_384' title='bbox 3505 1033 3747 1104; x_wconf 67' lang='grc' dir='ltr'>ἀποκριο</span> 
     </span>
    </p>
   </div>
   <div class='ocr_carea' id='block_1_55' title="bbox 2147 1116 3746 1194">
    <p class='ocr_par' dir='ltr' id='par_1_55' title="bbox 2147 1116 3746 1194">
     <span class='ocr_line' id='line_1_55' title="bbox 2147 1116 3746 1194; baseline 0 -18"><span class='ocrx_word' id='word_1_385' title='bbox 2147 1120 2334 1185; x_wconf 81' lang='grc' dir='ltr'><strong>θέντες</strong></span> <span class='ocrx_word' id='word_1_386' title='bbox 2366 1116 2518 1174; x_wconf 76' lang='grc' dir='ltr'>εἷπον</span> <span class='ocrx_word' id='word_1_387' title='bbox 2541 1137 2557 1152; x_wconf 77' lang='grc' dir='ltr'><strong>ο</strong></span> <span class='ocrx_word' id='word_1_388' title='bbox 2592 1119 2784 1191; x_wconf 80' lang='grc' dir='ltr'><strong>Ἡμεῖς</strong></span> <span class='ocrx_word' id='word_1_389' title='bbox 2821 1119 2928 1182; x_wconf 74' lang='grc' dir='ltr'>ἓως</span> <span class='ocrx_word' id='word_1_390' title='bbox 2962 1118 3088 1191; x_wconf 78' lang='grc' dir='ltr'>ἄρτι</span> <span class='ocrx_word' id='word_1_391' title='bbox 3121 1118 3332 1190; x_wconf 90' lang='grc' dir='ltr'>λάχανα</span> <span class='ocrx_word' id='word_1_392' title='bbox 3360 1120 3626 1194; x_wconf 78' lang='grc' dir='ltr'>ὴσθίομεν</span> <span class='ocrx_word' id='word_1_393' title='bbox 3647 1137 3664 1153; x_wconf 88' lang='grc'><strong>·</strong></span> <span class='ocrx_word' id='word_1_394' title='bbox 3693 1122 3746 1176; x_wconf 78' lang='grc' dir='ltr'><strong>εί</strong></span> 
     </span>
    </p>
   </div>
   <div class='ocr_carea' id='block_1_56' title="bbox 2147 1209 3749 1285">
    <p class='ocr_par' dir='ltr' id='par_1_56' title="bbox 2147 1209 3749 1285">
     <span class='ocr_line' id='line_1_56' title="bbox 2147 1209 3749 1285; baseline 0.003 -21"><span class='ocrx_word' id='word_1_395' title='bbox 2147 1211 2206 1264; x_wconf 75' lang='grc' dir='ltr'>δὲ</span> <span class='ocrx_word' id='word_1_396' title='bbox 2238 1211 2408 1284; x_wconf 82' lang='grc' dir='ltr'><strong>κρέας</strong></span> <span class='ocrx_word' id='word_1_397' title='bbox 2437 1212 2579 1277; x_wconf 74' lang='grc' dir='ltr'>ἐστὶ,</span> <span class='ocrx_word' id='word_1_398' title='bbox 2613 1211 2676 1264; x_wconf 82' lang='grc' dir='ltr'>οὐ</span> <span class='ocrx_word' id='word_1_399' title='bbox 2702 1209 3016 1283; x_wconf 86' lang='grc' dir='ltr'>τρώγομεν.</span> <span class='ocrx_word' id='word_1_400' title='bbox 3059 1210 3172 1265; x_wconf 85' lang='lat' dir='ltr'><strong>Kal.</strong></span> <span class='ocrx_word' id='word_1_401' title='bbox 3197 1210 3300 1266; x_wconf 79' lang='grc' dir='ltr'>οὐκ</span> <span class='ocrx_word' id='word_1_402' title='bbox 3332 1210 3415 1266; x_wconf 80' lang='grc' dir='ltr'><strong>ἐτι</strong></span> <span class='ocrx_word' id='word_1_403' title='bbox 3444 1213 3749 1285; x_wconf 73' lang='grc' dir='ltr'><strong>προσέθετο</strong></span> 
     </span>
    </p>
   </div>
   <div class='ocr_carea' id='block_1_57' title="bbox 2146 1297 3234 1373">
    <p class='ocr_par' dir='ltr' id='par_1_57' title="bbox 2146 1297 3234 1373">
     <span class='ocr_line' id='line_1_57' title="bbox 2146 1297 3234 1373; baseline 0 -15"><span class='ocrx_word' id='word_1_404' title='bbox 2146 1303 2271 1358; x_wconf 79' lang='grc' dir='ltr'>οὐδὲ</span> <span class='ocrx_word' id='word_1_405' title='bbox 2299 1297 2384 1369; x_wconf 79' lang='grc' dir='ltr'>εἷς</span> <span class='ocrx_word' id='word_1_406' title='bbox 2407 1303 2467 1370; x_wconf 85' lang='grc' dir='ltr'>ἐξ</span> <span class='ocrx_word' id='word_1_407' title='bbox 2497 1303 2682 1360; x_wconf 83' lang='grc' dir='ltr'>αὐτῶν</span> <span class='ocrx_word' id='word_1_408' title='bbox 2712 1302 3014 1373; x_wconf 83' lang='grc' dir='ltr'>γεύσασθαι</span> <span class='ocrx_word' id='word_1_409' title='bbox 3044 1302 3234 1359; x_wconf 80' lang='grc' dir='ltr'>αὐτοῦ.</span> 
     </span>
    </p>
   </div>
   <div class='ocr_carea' id='block_1_58' title="bbox 2219 1477 3749 1554">
    <p class='ocr_par' dir='ltr' id='par_1_58' title="bbox 2219 1477 3749 1554">
     <span class='ocr_line' id='line_1_58' title="bbox 2219 1477 3749 1554; baseline 0.002 -17"><span class='ocrx_word' id='word_1_410' title='bbox 2219 1481 2285 1537; x_wconf 83' lang='grc' dir='ltr'>δ’.</span> <span class='ocrx_word' id='word_1_411' title='bbox 2329 1479 2388 1534; x_wconf 87' lang='lat'><strong>&#39;0</strong></span> <span class='ocrx_word' id='word_1_412' title='bbox 2431 1480 2596 1545; x_wconf 86' lang='grc' dir='ltr'>αὐτός</span> <span class='ocrx_word' id='word_1_413' title='bbox 2635 1479 2811 1544; x_wconf 80' lang='grc' dir='ltr'>ἀϐϐἇς</span> <span class='ocrx_word' id='word_1_414' title='bbox 2856 1479 3116 1551; x_wconf 77' lang='grc' dir='ltr'>Θεόφιλος</span> <span class='ocrx_word' id='word_1_415' title='bbox 3153 1480 3339 1550; x_wconf 72' lang='grc' dir='ltr'>ἔλεγεν</span> <span class='ocrx_word' id='word_1_416' title='bbox 3359 1495 3375 1511; x_wconf 75' lang='grc'><strong><em>⁸</em></strong></span> <span class='ocrx_word' id='word_1_417' title='bbox 3419 1477 3547 1538; x_wconf 81' lang='grc' dir='ltr'>Οἷον</span> <span class='ocrx_word' id='word_1_418' title='bbox 3581 1483 3749 1554; x_wconf 84' lang='grc' dir='ltr'>φόϐον</span> 
     </span>
    </p>
   </div>
   <div class='ocr_carea' id='block_1_59' title="bbox 2149 1569 3748 1648">
    <p class='ocr_par' dir='ltr' id='par_1_59' title="bbox 2149 1569 3748 1648">
     <span class='ocr_line' id='line_1_59' title="bbox 2149 1569 3748 1648; baseline 0.003 -24"><span class='ocrx_word' id='word_1_419' title='bbox 2149 1571 2247 1625; x_wconf 71' lang='grc' dir='ltr'>καὶ</span> <span class='ocrx_word' id='word_1_420' title='bbox 2287 1571 2492 1644; x_wconf 84' lang='grc' dir='ltr'>τρόμον</span> <span class='ocrx_word' id='word_1_421' title='bbox 2537 1570 2633 1625; x_wconf 72' lang='grc' dir='ltr'>καὶ</span> <span class='ocrx_word' id='word_1_422' title='bbox 2665 1569 2914 1642; x_wconf 86' lang='grc' dir='ltr'>ἀνάγκην</span> <span class='ocrx_word' id='word_1_423' title='bbox 2947 1571 3145 1642; x_wconf 74' lang='grc' dir='ltr'>ἔχομεν</span> <span class='ocrx_word' id='word_1_424' title='bbox 3197 1571 3349 1638; x_wconf 78' lang='grc' dir='ltr'>ἰδεῖν,</span> <span class='ocrx_word' id='word_1_425' title='bbox 3391 1570 3480 1626; x_wconf 79' lang='grc' dir='ltr'>ὅτε</span> <span class='ocrx_word' id='word_1_426' title='bbox 3529 1575 3564 1646; x_wconf 82' lang='grc' dir='ltr'><strong>ἠ</strong></span> <span class='ocrx_word' id='word_1_427' title='bbox 3597 1574 3748 1648; x_wconf 75' lang='grc' dir='ltr'>ψυχὴ</span> 
     </span>
    </p>
   </div>
   <div class='ocr_carea' id='block_1_60' title="bbox 2148 1660 3751 1740">
    <p class='ocr_par' dir='ltr' id='par_1_60' title="bbox 2148 1660 3751 1740">
     <span class='ocr_line' id='line_1_60' title="bbox 2148 1660 3751 1740; baseline 0.002 -24"><span class='ocrx_word' id='word_1_428' title='bbox 2148 1661 2246 1718; x_wconf 78' lang='grc' dir='ltr'>τοῦ</span> <span class='ocrx_word' id='word_1_429' title='bbox 2317 1660 2573 1733; x_wconf 83' lang='grc' dir='ltr'>σώματος</span> <span class='ocrx_word' id='word_1_430' title='bbox 2621 1661 2956 1734; x_wconf 74' lang='grc' dir='ltr'>χωρίζεταιι</span> <span class='ocrx_word' id='word_1_431' title='bbox 3014 1662 3384 1736; x_wconf 86' lang='grc' dir='ltr'>Παραγίνεται</span> <span class='ocrx_word' id='word_1_432' title='bbox 3435 1665 3547 1738; x_wconf 87' lang='grc' dir='ltr'>γὰρ</span> <span class='ocrx_word' id='word_1_433' title='bbox 3611 1667 3751 1740; x_wconf 77' lang='grc' dir='ltr'>πρὸς</span> 
     </span>
    </p>
   </div>
   <div class='ocr_carea' id='block_1_61' title="bbox 2151 1754 3751 1832">
    <p class='ocr_par' dir='ltr' id='par_1_61' title="bbox 2151 1754 3751 1832">
     <span class='ocr_line' id='line_1_61' title="bbox 2151 1754 3751 1832; baseline 0.003 -23"><span class='ocrx_word' id='word_1_434' title='bbox 2151 1755 2300 1827; x_wconf 76' lang='grc' dir='ltr'>ἡμᾶς</span> <span class='ocrx_word' id='word_1_435' title='bbox 2340 1754 2569 1826; x_wconf 79' lang='grc' dir='ltr'>στρατιὰ</span> <span class='ocrx_word' id='word_1_436' title='bbox 2602 1755 2696 1808; x_wconf 75' lang='grc' dir='ltr'>καὶ</span> <span class='ocrx_word' id='word_1_437' title='bbox 2733 1754 2963 1826; x_wconf 81' lang='grc' dir='ltr'>δύναμις</span> <span class='ocrx_word' id='word_1_438' title='bbox 2995 1755 3103 1810; x_wconf 85' lang='grc' dir='ltr'>τῶν</span> <span class='ocrx_word' id='word_1_439' title='bbox 3141 1758 3401 1812; x_wconf 74' lang='grc' dir='ltr'><strong>ἐναντίων</strong></span> <span class='ocrx_word' id='word_1_440' title='bbox 3438 1759 3751 1832; x_wconf 79' lang='grc' dir='ltr'><strong>δυνάμεων,</strong></span> 
     </span>
    </p>
   </div>
   <div class='ocr_carea' id='block_1_62' title="bbox 2151 1847 3750 1925">
    <p class='ocr_par' dir='ltr' id='par_1_62' title="bbox 2151 1847 3750 1925">
     <span class='ocr_line' id='line_1_62' title="bbox 2151 1847 3750 1925; baseline 0.003 -23"><span class='ocrx_word' id='word_1_441' title='bbox 2151 1849 2201 1902; x_wconf 80' lang='grc' dir='ltr'>οἱ</span> <span class='ocrx_word' id='word_1_442' title='bbox 2248 1847 2342 1901; x_wconf 74' lang='grc' dir='ltr'>τοῦ</span> <span class='ocrx_word' id='word_1_443' title='bbox 2403 1847 2628 1912; x_wconf 83' lang='grc' dir='ltr'>σκότους</span> <span class='ocrx_word' id='word_1_444' title='bbox 2680 1847 2975 1918; x_wconf 79' lang='grc' dir='ltr'>ἄρχοντες,</span> <span class='ocrx_word' id='word_1_445' title='bbox 3037 1850 3086 1903; x_wconf 78' lang='grc' dir='ltr'><strong>οἱ</strong></span> <span class='ocrx_word' id='word_1_446' title='bbox 3143 1852 3588 1924; x_wconf 86' lang='grc' dir='ltr'>κοσμοκράτορες</span> <span class='ocrx_word' id='word_1_447' title='bbox 3644 1853 3750 1925; x_wconf 85' lang='grc' dir='ltr'>τῆς</span> 
     </span>
    </p>
   </div>
   <div class='ocr_carea' id='block_1_63' title="bbox 2153 1939 3748 2017">
    <p class='ocr_par' dir='ltr' id='par_1_63' title="bbox 2153 1939 3748 2017">
     <span class='ocr_line' id='line_1_63' title="bbox 2153 1939 3748 2017; baseline 0.004 -24"><span class='ocrx_word' id='word_1_448' title='bbox 2153 1941 2439 2011; x_wconf 87' lang='grc' dir='ltr'>πονηρίας,</span> <span class='ocrx_word' id='word_1_449' title='bbox 2488 1940 2582 1994; x_wconf 76' lang='grc' dir='ltr'>καὶ</span> <span class='ocrx_word' id='word_1_450' title='bbox 2635 1941 2804 2012; x_wconf 74' lang='grc' dir='ltr'>ἀρχαὶ</span> <span class='ocrx_word' id='word_1_451' title='bbox 2855 1940 2951 1994; x_wconf 73' lang='grc' dir='ltr'>καὶ</span> <span class='ocrx_word' id='word_1_452' title='bbox 2996 1939 3256 2008; x_wconf 80' lang='grc' dir='ltr'>ἐξουσίαι,</span> <span class='ocrx_word' id='word_1_453' title='bbox 3301 1942 3370 1998; x_wconf 89' lang='grc' dir='ltr'><strong>τά</strong></span> <span class='ocrx_word' id='word_1_454' title='bbox 3396 1944 3682 2017; x_wconf 82' lang='grc' dir='ltr'>πνεύματα</span> <span class='ocrx_word' id='word_1_455' title='bbox 3702 1945 3748 1977; x_wconf 84' lang='grc'><strong>¹⁶</strong></span> 
     </span>
    </p>
   </div>
   <div class='ocr_carea' id='block_1_64' title="bbox 2151 2031 3751 2108">
    <p class='ocr_par' dir='ltr' id='par_1_64' title="bbox 2151 2031 3751 2108">
     <span class='ocr_line' id='line_1_64' title="bbox 2151 2031 3751 2108; baseline 0.004 -23"><span class='ocrx_word' id='word_1_456' title='bbox 2151 2033 2250 2104; x_wconf 83' lang='grc' dir='ltr'><strong>τῆς</strong></span> <span class='ocrx_word' id='word_1_457' title='bbox 2281 2032 2550 2104; x_wconf 77' lang='grc' dir='ltr'>πονηρίας</span> <span class='ocrx_word' id='word_1_458' title='bbox 2570 2049 2586 2064; x_wconf 77' lang='grc' dir='ltr'><strong>ο</strong></span> <span class='ocrx_word' id='word_1_459' title='bbox 2621 2031 2717 2087; x_wconf 72' lang='grc' dir='ltr'>καὶ</span> <span class='ocrx_word' id='word_1_460' title='bbox 2756 2032 2942 2104; x_wconf 82' lang='grc' dir='ltr'>τρόπῳ</span> <span class='ocrx_word' id='word_1_461' title='bbox 2971 2035 3079 2087; x_wconf 70' lang='grc' dir='ltr'>τινὶ</span> <span class='ocrx_word' id='word_1_462' title='bbox 3121 2034 3278 2105; x_wconf 83' lang='grc' dir='ltr'>δίκης</span> <span class='ocrx_word' id='word_1_463' title='bbox 3311 2035 3604 2108; x_wconf 83' lang='grc' dir='ltr'>κατέχουσι</span> <span class='ocrx_word' id='word_1_464' title='bbox 3647 2036 3751 2108; x_wconf 79' lang='grc' dir='ltr'>τὴν</span> 
     </span>
    </p>
   </div>
   <div class='ocr_carea' id='block_1_65' title="bbox 2149 2125 3751 2198">
    <p class='ocr_par' dir='ltr' id='par_1_65' title="bbox 2149 2125 3751 2198">
     <span class='ocr_line' id='line_1_65' title="bbox 2149 2125 3751 2198; baseline 0.004 -19"><span class='ocrx_word' id='word_1_465' title='bbox 2149 2125 2350 2198; x_wconf 76' lang='grc' dir='ltr'>ψυχὴν,</span> <span class='ocrx_word' id='word_1_466' title='bbox 2388 2126 2744 2198; x_wconf 75' lang='grc' dir='ltr'>ἐπιφέροντες</span> <span class='ocrx_word' id='word_1_467' title='bbox 2786 2126 2966 2180; x_wconf 88' lang='grc' dir='ltr'>πάντα</span> <span class='ocrx_word' id='word_1_468' title='bbox 2997 2126 3166 2196; x_wconf 80' lang='grc' dir='ltr'>αὐτῆς</span> <span class='ocrx_word' id='word_1_469' title='bbox 3203 2127 3272 2182; x_wconf 88' lang='grc' dir='ltr'><strong>τά</strong></span> <span class='ocrx_word' id='word_1_470' title='bbox 3321 2129 3381 2182; x_wconf 94' lang='grc' dir='ltr'><strong>ἐν</strong></span> <span class='ocrx_word' id='word_1_471' title='bbox 3409 2129 3608 2198; x_wconf 87' lang='grc' dir='ltr'>γνώσει</span> <span class='ocrx_word' id='word_1_472' title='bbox 3649 2132 3751 2186; x_wconf 76' lang='grc' dir='ltr'>καὶ</span> 
     </span>
    </p>
   </div>
   <div class='ocr_carea' id='block_1_66' title="bbox 2151 2215 3752 2294">
    <p class='ocr_par' dir='ltr' id='par_1_66' title="bbox 2151 2215 3752 2294">
     <span class='ocr_line' id='line_1_66' title="bbox 2151 2215 3752 2294; baseline 0.002 -22"><span class='ocrx_word' id='word_1_473' title='bbox 2151 2217 2343 2288; x_wconf 80' lang='grc' dir='ltr'>ἀγνοίᾳ</span> <span class='ocrx_word' id='word_1_474' title='bbox 2389 2218 2802 2290; x_wconf 81' lang='grc' dir='ltr'>ἁμαρτήματα,</span> <span class='ocrx_word' id='word_1_475' title='bbox 2856 2215 2966 2272; x_wconf 80' lang='grc' dir='ltr'><strong>ἀπὸ</strong></span> <span class='ocrx_word' id='word_1_476' title='bbox 3023 2219 3275 2290; x_wconf 82' lang='grc' dir='ltr'>νεότητος</span> <span class='ocrx_word' id='word_1_477' title='bbox 3306 2220 3412 2284; x_wconf 77' lang='grc' dir='ltr'>ἕως</span> <span class='ocrx_word' id='word_1_478' title='bbox 3467 2222 3567 2293; x_wconf 82' lang='grc' dir='ltr'><strong>τῆς</strong></span> <span class='ocrx_word' id='word_1_479' title='bbox 3625 2223 3752 2294; x_wconf 76' lang='grc' dir='ltr'>ἡλι-</span> 
     </span>
    </p>
   </div>
   <div class='ocr_carea' id='block_1_67' title="bbox 2150 2307 3753 2386">
    <p class='ocr_par' dir='ltr' id='par_1_67' title="bbox 2150 2307 3753 2386">
     <span class='ocr_line' id='line_1_67' title="bbox 2150 2307 3753 2386; baseline 0.001 -19"><span class='ocrx_word' id='word_1_480' title='bbox 2150 2316 2278 2378; x_wconf 83' lang='grc' dir='ltr'>κίας</span> <span class='ocrx_word' id='word_1_481' title='bbox 2329 2307 2401 2386; x_wconf 83' lang='grc' dir='ltr'>ἦς</span> <span class='ocrx_word' id='word_1_482' title='bbox 2452 2311 2792 2385; x_wconf 84' lang='grc' dir='ltr'>κατελήφθη.</span> <span class='ocrx_word' id='word_1_483' title='bbox 2837 2313 3118 2368; x_wconf 86' lang='grc' dir='ltr'>Ἶστανται</span> <span class='ocrx_word' id='word_1_484' title='bbox 3161 2309 3255 2368; x_wconf 78' lang='grc' dir='ltr'>οὖν</span> <span class='ocrx_word' id='word_1_485' title='bbox 3311 2314 3753 2386; x_wconf 82' lang='grc' dir='ltr'>κατηγοροῦντες</span> 
     </span>
    </p>
   </div>
   <div class='ocr_carea' id='block_1_68' title="bbox 2151 2403 3752 2477">
    <p class='ocr_par' dir='ltr' id='par_1_68' title="bbox 2151 2403 3752 2477">
     <span class='ocr_line' id='line_1_68' title="bbox 2151 2403 3752 2477; baseline 0.001 -17"><span class='ocrx_word' id='word_1_486' title='bbox 2151 2405 2333 2460; x_wconf 84' lang='grc' dir='ltr'>πάντα</span> <span class='ocrx_word' id='word_1_487' title='bbox 2380 2403 2450 2457; x_wconf 87' lang='grc' dir='ltr'><strong>τά</strong></span> <span class='ocrx_word' id='word_1_488' title='bbox 2503 2403 2874 2476; x_wconf 86' lang='grc' dir='ltr'>πεπραγμένα</span> <span class='ocrx_word' id='word_1_489' title='bbox 2931 2405 3023 2459; x_wconf 82' lang='grc' dir='ltr'><strong>ὑπ’</strong></span> <span class='ocrx_word' id='word_1_490' title='bbox 3083 2405 3272 2477; x_wconf 82' lang='grc' dir='ltr'>αὐτῆς.</span> <span class='ocrx_word' id='word_1_491' title='bbox 3313 2407 3517 2473; x_wconf 83' lang='grc' dir='ltr'>Λοιπὸν</span> <span class='ocrx_word' id='word_1_492' title='bbox 3561 2409 3752 2462; x_wconf 83' lang='grc' dir='ltr'>ὁποῖον</span> 
     </span>
    </p>
   </div>
   <div class='ocr_carea' id='block_1_69' title="bbox 2149 2496 3749 2573">
    <p class='ocr_par' dir='ltr' id='par_1_69' title="bbox 2149 2496 3749 2573">
     <span class='ocr_line' id='line_1_69' title="bbox 2149 2496 3749 2573; baseline 0.003 -23"><span class='ocrx_word' id='word_1_493' title='bbox 2149 2499 2354 2568; x_wconf 81' lang='grc' dir='ltr'>τρόμον</span> <span class='ocrx_word' id='word_1_494' title='bbox 2387 2496 2564 2560; x_wconf 81' lang='grc' dir='ltr'>δοκεῖς</span> <span class='ocrx_word' id='word_1_495' title='bbox 2611 2497 2710 2567; x_wconf 85' lang='grc' dir='ltr'><strong>τὴν</strong></span> <span class='ocrx_word' id='word_1_496' title='bbox 2743 2497 2922 2568; x_wconf 79' lang='grc' dir='ltr'>ψυχὴν</span> <span class='ocrx_word' id='word_1_497' title='bbox 2972 2497 3118 2568; x_wconf 77' lang='grc' dir='ltr'>ἐχειν</span> <span class='ocrx_word' id='word_1_498' title='bbox 3165 2499 3223 2550; x_wconf 86' lang='grc' dir='ltr'><strong>ἐν</strong></span> <span class='ocrx_word' id='word_1_499' title='bbox 3253 2501 3322 2570; x_wconf 75' lang='grc' dir='ltr'>τῇ</span> <span class='ocrx_word' id='word_1_500' title='bbox 3373 2499 3492 2572; x_wconf 83' lang='grc' dir='ltr'>ὥρᾳ</span> <span class='ocrx_word' id='word_1_501' title='bbox 3536 2502 3749 2573; x_wconf 79' lang='grc' dir='ltr'>ἐκείνῃ.</span> 
     </span>
    </p>
   </div>
   <div class='ocr_carea' id='block_1_70' title="bbox 2150 2583 3750 2662">
    <p class='ocr_par' dir='ltr' id='par_1_70' title="bbox 2150 2583 3750 2662">
     <span class='ocr_line' id='line_1_70' title="bbox 2150 2583 3750 2662; baseline 0.002 -21"><span class='ocrx_word' id='word_1_502' title='bbox 2150 2588 2256 2652; x_wconf 79' lang='grc' dir='ltr'>ἓως</span> <span class='ocrx_word' id='word_1_503' title='bbox 2285 2583 2346 2642; x_wconf 76' lang='grc' dir='ltr'>οὗ</span> <span class='ocrx_word' id='word_1_504' title='bbox 2391 2588 2423 2657; x_wconf 85' lang='grc' dir='ltr'>ἡ</span> <span class='ocrx_word' id='word_1_505' title='bbox 2474 2587 2752 2656; x_wconf 80' lang='grc' dir='ltr'>ἀπόφασις</span> <span class='ocrx_word' id='word_1_506' title='bbox 2780 2587 3008 2660; x_wconf 78' lang='grc' dir='ltr'><strong>ἐξέλθῃ,</strong></span> <span class='ocrx_word' id='word_1_507' title='bbox 3058 2590 3154 2642; x_wconf 80' lang='grc' dir='ltr'>καὶ</span> <span class='ocrx_word' id='word_1_508' title='bbox 3201 2589 3482 2662; x_wconf 85' lang='grc' dir='ltr'>ἐλευθερία</span> <span class='ocrx_word' id='word_1_509' title='bbox 3519 2591 3750 2661; x_wconf 88' lang='grc' dir='ltr'>γένηται</span> 
     </span>
    </p>
   </div>
   <div class='ocr_carea' id='block_1_71' title="bbox 2151 2679 3753 2755">
    <p class='ocr_par' dir='ltr' id='par_1_71' title="bbox 2151 2679 3753 2755">
     <span class='ocr_line' id='line_1_71' title="bbox 2151 2679 3753 2755; baseline 0.001 -20"><span class='ocrx_word' id='word_1_510' title='bbox 2151 2681 2358 2753; x_wconf 74' lang='grc' dir='ltr'>αὑτῆςς</span> <span class='ocrx_word' id='word_1_511' title='bbox 2389 2679 2547 2734; x_wconf 80' lang='grc' dir='ltr'>τοῦτό</span> <span class='ocrx_word' id='word_1_512' title='bbox 2577 2682 2722 2734; x_wconf 86' lang='grc' dir='ltr'>ἐστιν</span> <span class='ocrx_word' id='word_1_513' title='bbox 2765 2682 2799 2751; x_wconf 82' lang='grc' dir='ltr'>ὴ</span> <span class='ocrx_word' id='word_1_514' title='bbox 2831 2680 2949 2752; x_wconf 82' lang='grc' dir='ltr'>ὥρα</span> <span class='ocrx_word' id='word_1_515' title='bbox 2977 2682 3079 2753; x_wconf 82' lang='grc' dir='ltr'>τῆς</span> <span class='ocrx_word' id='word_1_516' title='bbox 3113 2681 3358 2754; x_wconf 81' lang='grc' dir='ltr'>ἀνάγκης</span> <span class='ocrx_word' id='word_1_517' title='bbox 3405 2683 3596 2755; x_wconf 81' lang='grc' dir='ltr'>αὐτῆς,</span> <span class='ocrx_word' id='word_1_518' title='bbox 3639 2683 3753 2748; x_wconf 76' lang='grc' dir='ltr'>ἕως</span> 
     </span>
    </p>
   </div>
   <div class='ocr_carea' id='block_1_72' title="bbox 2151 2769 3750 2846">
    <p class='ocr_par' dir='ltr' id='par_1_72' title="bbox 2151 2769 3750 2846">
     <span class='ocr_line' id='line_1_72' title="bbox 2151 2769 3750 2846; baseline 0.001 -19"><span class='ocrx_word' id='word_1_519' title='bbox 2151 2769 2214 2829; x_wconf 75' lang='grc' dir='ltr'>οὗ</span> <span class='ocrx_word' id='word_1_520' title='bbox 2253 2773 2339 2846; x_wconf 84' lang='grc' dir='ltr'>ῖδῃ</span> <span class='ocrx_word' id='word_1_521' title='bbox 2369 2773 2422 2827; x_wconf 83' lang='grc' dir='ltr'><strong>τί</strong></span> <span class='ocrx_word' id='word_1_522' title='bbox 2463 2773 2525 2826; x_wconf 79' lang='grc' dir='ltr'><strong>τὸ</strong></span> <span class='ocrx_word' id='word_1_523' title='bbox 2564 2771 2979 2846; x_wconf 85' lang='grc' dir='ltr'>ἀποϐησόμενον</span> <span class='ocrx_word' id='word_1_524' title='bbox 3005 2773 3163 2845; x_wconf 82' lang='grc' dir='ltr'>αὐτῇ.</span> <span class='ocrx_word' id='word_1_525' title='bbox 3193 2775 3304 2828; x_wconf 75' lang='lat' dir='ltr'><strong>Kal</strong></span> <span class='ocrx_word' id='word_1_526' title='bbox 3335 2774 3496 2829; x_wconf 86' lang='grc' dir='ltr'>πάλιν</span> <span class='ocrx_word' id='word_1_527' title='bbox 3522 2776 3578 2828; x_wconf 77' lang='grc' dir='ltr'>αἱ</span> <span class='ocrx_word' id='word_1_528' title='bbox 3603 2775 3750 2829; x_wconf 84' lang='grc' dir='ltr'>θεῖαι</span> 
     </span>
    </p>
   </div>
   <div class='ocr_carea' id='block_1_73' title="bbox 2151 2866 3751 2938">
    <p class='ocr_par' dir='ltr' id='par_1_73' title="bbox 2151 2866 3751 2938">
     <span class='ocr_line' id='line_1_73' title="bbox 2151 2866 3751 2938; baseline 0.001 -18"><span class='ocrx_word' id='word_1_529' title='bbox 2151 2867 2411 2938; x_wconf 84' lang='grc' dir='ltr'>δυνάμεις</span> <span class='ocrx_word' id='word_1_530' title='bbox 2441 2866 2690 2920; x_wconf 85' lang='grc' dir='ltr'>ἵστανται</span> <span class='ocrx_word' id='word_1_531' title='bbox 2720 2867 2862 2922; x_wconf 82' lang='grc' dir='ltr'>κατὰ</span> <span class='ocrx_word' id='word_1_532' title='bbox 2894 2866 3184 2938; x_wconf 89' lang='grc' dir='ltr'>πρόσωπον</span> <span class='ocrx_word' id='word_1_533' title='bbox 3215 2867 3320 2921; x_wconf 85' lang='grc' dir='ltr'>τῶν</span> <span class='ocrx_word' id='word_1_534' title='bbox 3345 2869 3622 2934; x_wconf 83' lang='grc' dir='ltr'>ἐναντίων,</span> <span class='ocrx_word' id='word_1_535' title='bbox 3650 2869 3751 2922; x_wconf 77' lang='grc' dir='ltr'>καὶ</span> 
     </span>
    </p>
   </div>
   <div class='ocr_carea' id='block_1_74' title="bbox 2155 2956 3749 3032">
    <p class='ocr_par' dir='ltr' id='par_1_74' title="bbox 2155 2956 3749 3032">
     <span class='ocr_line' id='line_1_74' title="bbox 2155 2956 3749 3032; baseline 0.001 -19"><span class='ocrx_word' id='word_1_536' title='bbox 2155 2959 2319 3013; x_wconf 74' lang='grc' dir='ltr'>αὐταὶ</span> <span class='ocrx_word' id='word_1_537' title='bbox 2370 2959 2438 3012; x_wconf 83' lang='grc' dir='ltr'><strong>τά</strong></span> <span class='ocrx_word' id='word_1_538' title='bbox 2481 2957 2625 3012; x_wconf 83' lang='grc' dir='ltr'><strong>καλά</strong></span> <span class='ocrx_word' id='word_1_539' title='bbox 2653 2958 2822 3029; x_wconf 80' lang='grc' dir='ltr'>αὐτῆς</span> <span class='ocrx_word' id='word_1_540' title='bbox 2866 2958 3244 3029; x_wconf 84' lang='grc' dir='ltr'>ἐπιφέρουσαι.</span> <span class='ocrx_word' id='word_1_541' title='bbox 3288 2960 3557 3013; x_wconf 84' lang='grc' dir='ltr'>Κατανόει</span> <span class='ocrx_word' id='word_1_542' title='bbox 3587 2956 3682 3014; x_wconf 79' lang='grc' dir='ltr'><strong>οὖν</strong></span> <span class='ocrx_word' id='word_1_543' title='bbox 3711 2963 3749 3032; x_wconf 77' lang='grc' dir='ltr'><strong>ἠ</strong></span> 
     </span>
    </p>
   </div>
   <div class='ocr_carea' id='block_1_75' title="bbox 2151 3045 3751 3122">
    <p class='ocr_par' dir='ltr' id='par_1_75' title="bbox 2151 3045 3751 3122">
     <span class='ocr_line' id='line_1_75' title="bbox 2151 3045 3751 3122; baseline 0.003 -23"><span class='ocrx_word' id='word_1_544' title='bbox 2151 3045 2298 3118; x_wconf 74' lang='grc' dir='ltr'>ψυχὴ</span> <span class='ocrx_word' id='word_1_545' title='bbox 2325 3047 2461 3117; x_wconf 84' lang='grc' dir='ltr'>μέση</span> <span class='ocrx_word' id='word_1_546' title='bbox 2483 3047 2744 3117; x_wconf 77' lang='grc' dir='ltr'>ἱσταμένη</span> <span class='ocrx_word' id='word_1_547' title='bbox 2759 3046 2898 3116; x_wconf 88' lang='grc' dir='ltr'>ποίῳ</span> <span class='ocrx_word' id='word_1_548' title='bbox 2910 3045 3021 3118; x_wconf 77' lang='grc' dir='ltr'>ἄρα</span> <span class='ocrx_word' id='word_1_549' title='bbox 3044 3047 3194 3118; x_wconf 79' lang='grc' dir='ltr'>φόϐῳ</span> <span class='ocrx_word' id='word_1_550' title='bbox 3215 3049 3308 3102; x_wconf 81' lang='grc' dir='ltr'>καὶ</span> <span class='ocrx_word' id='word_1_551' title='bbox 3327 3049 3512 3122; x_wconf 80' lang='grc' dir='ltr'>τρόμῳ</span> <span class='ocrx_word' id='word_1_552' title='bbox 3534 3052 3751 3122; x_wconf 82' lang='grc' dir='ltr'>στήκει,</span> 
     </span>
    </p>
   </div>
   <div class='ocr_carea' id='block_1_76' title="bbox 2153 3132 3753 3213">
    <p class='ocr_par' dir='ltr' id='par_1_76' title="bbox 2153 3132 3753 3213">
     <span class='ocr_line' id='line_1_76' title="bbox 2153 3132 3753 3213; baseline 0.002 -21"><span class='ocrx_word' id='word_1_553' title='bbox 2153 3138 2256 3201; x_wconf 75' lang='grc' dir='ltr'>ἕως</span> <span class='ocrx_word' id='word_1_554' title='bbox 2270 3132 2381 3208; x_wconf 76' lang='grc' dir='ltr'>οὗή</span> <span class='ocrx_word' id='word_1_555' title='bbox 2404 3137 2584 3209; x_wconf 85' lang='grc' dir='ltr'>κρίσις</span> <span class='ocrx_word' id='word_1_556' title='bbox 2596 3136 2768 3208; x_wconf 81' lang='grc' dir='ltr'>αὐτῆς</span> <span class='ocrx_word' id='word_1_557' title='bbox 2794 3136 3072 3207; x_wconf 83' lang='grc' dir='ltr'>ἀπόφασιν</span> <span class='ocrx_word' id='word_1_558' title='bbox 3095 3138 3235 3212; x_wconf 78' lang='grc' dir='ltr'>λάϐῃ</span> <span class='ocrx_word' id='word_1_559' title='bbox 3257 3140 3407 3213; x_wconf 88' lang='grc' dir='ltr'><strong>παρά</strong></span> <span class='ocrx_word' id='word_1_560' title='bbox 3425 3142 3520 3195; x_wconf 76' lang='grc' dir='ltr'>τοῦ</span> <span class='ocrx_word' id='word_1_561' title='bbox 3539 3142 3753 3196; x_wconf 85' lang='grc' dir='ltr'>δικαίου</span> 
     </span>
    </p>
   </div>
   <div class='ocr_carea' id='block_1_77' title="bbox 2152 3223 3755 3302">
    <p class='ocr_par' dir='ltr' id='par_1_77' title="bbox 2152 3223 3755 3302">
     <span class='ocr_line' id='line_1_77' title="bbox 2152 3223 3755 3302; baseline 0.002 -19"><span class='ocrx_word' id='word_1_562' title='bbox 2152 3227 2366 3302; x_wconf 71' lang='grc' dir='ltr'>κριτοῦ.</span> <span class='ocrx_word' id='word_1_563' title='bbox 2406 3229 2517 3283; x_wconf 84' lang='lat' dir='ltr'><strong>Kal.</strong></span> <span class='ocrx_word' id='word_1_564' title='bbox 2569 3228 2664 3282; x_wconf 79' lang='grc' dir='ltr'>ἐὰν</span> <span class='ocrx_word' id='word_1_565' title='bbox 2715 3223 2890 3300; x_wconf 80' lang='grc' dir='ltr'>μένῇ</span> <span class='ocrx_word' id='word_1_566' title='bbox 2945 3225 3102 3294; x_wconf 84' lang='grc' dir='ltr'>ἀξία,</span> <span class='ocrx_word' id='word_1_567' title='bbox 3153 3229 3352 3283; x_wconf 85' lang='grc' dir='ltr'>ἐκεῖνοι</span> <span class='ocrx_word' id='word_1_568' title='bbox 3379 3231 3755 3302; x_wconf 82' lang='grc' dir='ltr'>λαμϐάνουσιν</span> 
     </span>
    </p>
   </div>
   <div class='ocr_carea' id='block_1_78' title="bbox 2151 3319 3757 3392">
    <p class='ocr_par' dir='ltr' id='par_1_78' title="bbox 2151 3319 3757 3392">
     <span class='ocr_line' id='line_1_78' title="bbox 2151 3319 3757 3392; baseline 0.003 -19"><span class='ocrx_word' id='word_1_569' title='bbox 2151 3320 2452 3390; x_wconf 86' lang='grc' dir='ltr'>ἐπιτιμίαν,</span> <span class='ocrx_word' id='word_1_570' title='bbox 2499 3320 2593 3373; x_wconf 68' lang='grc' dir='ltr'>καὶ</span> <span class='ocrx_word' id='word_1_571' title='bbox 2656 3319 2795 3391; x_wconf 79' lang='grc' dir='ltr'>αὑτὴ</span> <span class='ocrx_word' id='word_1_572' title='bbox 2858 3320 3162 3392; x_wconf 75' lang='grc' dir='ltr'>ἀρπάζεται</span> <span class='ocrx_word' id='word_1_573' title='bbox 3224 3321 3319 3376; x_wconf 86' lang='grc' dir='ltr'><strong>ἀπ’</strong></span> <span class='ocrx_word' id='word_1_574' title='bbox 3373 3323 3597 3376; x_wconf 73' lang='grc' dir='ltr'>αὺτῶνο</span> <span class='ocrx_word' id='word_1_575' title='bbox 3653 3325 3757 3378; x_wconf 82' lang='grc' dir='ltr'>καὶ</span> 
     </span>
    </p>
   </div>
   <div class='ocr_carea' id='block_1_79' title="bbox 2151 3407 3757 3483">
    <p class='ocr_par' dir='ltr' id='par_1_79' title="bbox 2151 3407 3757 3483">
     <span class='ocr_line' id='line_1_79' title="bbox 2151 3407 3757 3483; baseline 0.004 -19"><span class='ocrx_word' id='word_1_576' title='bbox 2151 3411 2342 3465; x_wconf 80' lang='grc' dir='ltr'>λοιπὸν</span> <span class='ocrx_word' id='word_1_577' title='bbox 2404 3410 2710 3483; x_wconf 82' lang='grc' dir='ltr'>ἀμέριμνος</span> <span class='ocrx_word' id='word_1_578' title='bbox 2756 3407 2844 3478; x_wconf 77' lang='grc' dir='ltr'>εἴ,</span> <span class='ocrx_word' id='word_1_579' title='bbox 2878 3411 3079 3482; x_wconf 80' lang='grc' dir='ltr'>μᾶλλον</span> <span class='ocrx_word' id='word_1_580' title='bbox 3121 3411 3179 3466; x_wconf 85' lang='grc' dir='ltr'><strong>δέ</strong></span> <span class='ocrx_word' id='word_1_581' title='bbox 3223 3415 3472 3468; x_wconf 87' lang='grc' dir='ltr'>κατοικεῖ</span> <span class='ocrx_word' id='word_1_582' title='bbox 3499 3415 3566 3448; x_wconf 74' lang='grc'><strong>⁸⁸⁸</strong></span> <span class='ocrx_word' id='word_1_583' title='bbox 3607 3416 3757 3470; x_wconf 82' lang='grc' dir='ltr'><strong>κατά</strong></span> 
     </span>
    </p>
   </div>
   <div class='ocr_carea' id='block_1_80' title="bbox 2149 3505 3759 3579">
    <p class='ocr_par' dir='ltr' id='par_1_80' title="bbox 2149 3505 3759 3579">
     <span class='ocr_line' id='line_1_80' title="bbox 2149 3505 3759 3579; baseline 0.001 -18"><span class='ocrx_word' id='word_1_584' title='bbox 2149 3506 2212 3561; x_wconf 73' lang='grc' dir='ltr'>τὸ</span> <span class='ocrx_word' id='word_1_585' title='bbox 2270 3505 2663 3579; x_wconf 83' lang='grc' dir='ltr'>γεγραμμένον</span> <span class='ocrx_word' id='word_1_586' title='bbox 2688 3522 2703 3536; x_wconf 75' lang='grc'><strong><em>⁸</em></strong></span> <span class='ocrx_word' id='word_1_587' title='bbox 2775 3505 2884 3573; x_wconf 85' lang='grc' dir='ltr'>Ὠς</span> <span class='ocrx_word' id='word_1_588' title='bbox 2963 3507 3452 3576; x_wconf 73' lang='grc' dir='ltr'>εὐφραινομένων</span> <span class='ocrx_word' id='word_1_589' title='bbox 3508 3508 3759 3563; x_wconf 76' lang='grc' dir='ltr'>πάντων</span> 
     </span>
    </p>
   </div>
   <div class='ocr_carea' id='block_1_81' title="bbox 2155 3597 3755 3671">
    <p class='ocr_par' dir='ltr' id='par_1_81' title="bbox 2155 3597 3755 3671">
     <span class='ocr_line' id='line_1_81' title="bbox 2155 3597 3755 3671; baseline -0.001 -18"><span class='ocrx_word' id='word_1_590' title='bbox 2155 3599 2191 3666; x_wconf 80' lang='grc' dir='ltr'><strong><em>ἡ</em></strong></span> <span class='ocrx_word' id='word_1_591' title='bbox 2223 3599 2493 3653; x_wconf 81' lang='grc' dir='ltr'>κατοικία</span> <span class='ocrx_word' id='word_1_592' title='bbox 2513 3598 2583 3652; x_wconf 81' lang='grc' dir='ltr'>ἐν</span> <span class='ocrx_word' id='word_1_593' title='bbox 2604 3599 2726 3654; x_wconf 84' lang='grc' dir='ltr'>σοί.</span> <span class='ocrx_word' id='word_1_594' title='bbox 2754 3598 2889 3651; x_wconf 86' lang='grc' dir='ltr'><strong>Τότε</strong></span> <span class='ocrx_word' id='word_1_595' title='bbox 2917 3597 3220 3671; x_wconf 82' lang='grc' dir='ltr'>πληροῦται</span> <span class='ocrx_word' id='word_1_596' title='bbox 3239 3599 3300 3652; x_wconf 81' lang='grc' dir='ltr'>τὸ</span> <span class='ocrx_word' id='word_1_597' title='bbox 3329 3601 3717 3671; x_wconf 81' lang='grc' dir='ltr'>γεγραμμένον</span> <span class='ocrx_word' id='word_1_598' title='bbox 3738 3617 3755 3634; x_wconf 89' lang='grc'><strong>·</strong></span> 
     </span>
    </p>
   </div>
   <div class='ocr_carea' id='block_1_82' title="bbox 2167 3691 3760 3762">
    <p class='ocr_par' dir='ltr' id='par_1_82' title="bbox 2167 3691 3760 3762">
     <span class='ocr_line' id='line_1_82' title="bbox 2167 3691 3760 3762; baseline 0 -17"><span class='ocrx_word' id='word_1_599' title='bbox 2167 3691 2414 3759; x_wconf 78' lang='grc' dir='ltr'>Ἁπέδρα</span> <span class='ocrx_word' id='word_1_600' title='bbox 2453 3691 2641 3758; x_wconf 80' lang='grc' dir='ltr'><strong>ὀδύνη</strong></span> <span class='ocrx_word' id='word_1_601' title='bbox 2688 3691 2788 3744; x_wconf 76' lang='grc' dir='ltr'>καὶ</span> <span class='ocrx_word' id='word_1_602' title='bbox 2833 3691 3000 3758; x_wconf 75' lang='grc' dir='ltr'>λύπη</span> <span class='ocrx_word' id='word_1_603' title='bbox 3057 3692 3156 3745; x_wconf 77' lang='grc' dir='ltr'>καὶ</span> <span class='ocrx_word' id='word_1_604' title='bbox 3207 3693 3579 3762; x_wconf 76' lang='grc' dir='ltr'>στεναγμός·</span> <span class='ocrx_word' id='word_1_605' title='bbox 3627 3695 3760 3747; x_wconf 82' lang='grc' dir='ltr'>τότε</span> 
     </span>
    </p>
   </div>
   <div class='ocr_carea' id='block_1_83' title="bbox 2155 3779 3758 3855">
    <p class='ocr_par' dir='ltr' id='par_1_83' title="bbox 2155 3779 3758 3855">
     <span class='ocr_line' id='line_1_83' title="bbox 2155 3779 3758 3855; baseline 0.001 -20"><span class='ocrx_word' id='word_1_606' title='bbox 2155 3781 2534 3851; x_wconf 82' lang='grc' dir='ltr'>ἀπαλλαγεῖσα</span> <span class='ocrx_word' id='word_1_607' title='bbox 2580 3779 2875 3852; x_wconf 81' lang='grc' dir='ltr'>πορεύεται</span> <span class='ocrx_word' id='word_1_608' title='bbox 2913 3783 2993 3845; x_wconf 83' lang='grc' dir='ltr'><strong>εῖς</strong></span> <span class='ocrx_word' id='word_1_609' title='bbox 3020 3781 3237 3853; x_wconf 84' lang='grc' dir='ltr'>ἐκείνην</span> <span class='ocrx_word' id='word_1_610' title='bbox 3259 3781 3359 3855; x_wconf 81' lang='grc' dir='ltr'>τὴν</span> <span class='ocrx_word' id='word_1_611' title='bbox 3388 3783 3758 3854; x_wconf 81' lang='grc' dir='ltr'>ἀνεκλάλητον</span> 
     </span>
    </p>
   </div>
   <div class='ocr_carea' id='block_1_84' title="bbox 2155 3873 3756 3948">
    <p class='ocr_par' dir='ltr' id='par_1_84' title="bbox 2155 3873 3756 3948">
     <span class='ocr_line' id='line_1_84' title="bbox 2155 3873 3756 3948; baseline 0.001 -20"><span class='ocrx_word' id='word_1_612' title='bbox 2155 3875 2332 3946; x_wconf 77' lang='grc' dir='ltr'>χαρὰν</span> <span class='ocrx_word' id='word_1_613' title='bbox 2353 3873 2644 3938; x_wconf 70' lang='grc' dir='ltr'>καὶδόξαν,</span> <span class='ocrx_word' id='word_1_614' title='bbox 2663 3873 2745 3936; x_wconf 79' lang='grc' dir='ltr'>εἰς</span> <span class='ocrx_word' id='word_1_615' title='bbox 2768 3873 2835 3942; x_wconf 81' lang='grc' dir='ltr'><strong>ῆν</strong></span> <span class='ocrx_word' id='word_1_616' title='bbox 2867 3875 3287 3944; x_wconf 86' lang='grc' dir='ltr'>καταστήσεται.</span> <span class='ocrx_word' id='word_1_617' title='bbox 3328 3875 3453 3929; x_wconf 88' lang='grc' dir='ltr'>Ἐἀν</span> <span class='ocrx_word' id='word_1_618' title='bbox 3475 3875 3530 3929; x_wconf 85' lang='grc' dir='ltr'><strong>δέ</strong></span> <span class='ocrx_word' id='word_1_619' title='bbox 3551 3876 3756 3948; x_wconf 72' lang='grc' dir='ltr'>εὑρεθῇ</span> 
     </span>
    </p>
   </div>
   <div class='ocr_carea' id='block_1_85' title="bbox 2157 3965 3756 4040">
    <p class='ocr_par' dir='ltr' id='par_1_85' title="bbox 2157 3965 3756 4040">
     <span class='ocr_line' id='line_1_85' title="bbox 2157 3965 3756 4040; baseline -0.003 -18"><span class='ocrx_word' id='word_1_620' title='bbox 2157 3971 2214 4023; x_wconf 92' lang='grc' dir='ltr'>ἐν</span> <span class='ocrx_word' id='word_1_621' title='bbox 2243 3966 2475 4039; x_wconf 78' lang='grc' dir='ltr'>ἀμελείᾳ</span> <span class='ocrx_word' id='word_1_622' title='bbox 2530 3967 2764 4037; x_wconf 78' lang='grc' dir='ltr'>ζήσασα,</span> <span class='ocrx_word' id='word_1_623' title='bbox 2802 3965 2992 4019; x_wconf 80' lang='grc' dir='ltr'>ἀκούει</span> <span class='ocrx_word' id='word_1_624' title='bbox 3041 3967 3140 4038; x_wconf 82' lang='grc' dir='ltr'><strong>τὴν</strong></span> <span class='ocrx_word' id='word_1_625' title='bbox 3169 3966 3481 4039; x_wconf 75' lang='grc' dir='ltr'>δεινοτάτην</span> <span class='ocrx_word' id='word_1_626' title='bbox 3529 3970 3756 4040; x_wconf 78' lang='grc' dir='ltr'>φωνήνο</span> 
     </span>
    </p>
   </div>
   <div class='ocr_carea' id='block_1_86' title="bbox 2169 4053 3756 4128">
    <p class='ocr_par' dir='ltr' id='par_1_86' title="bbox 2169 4053 3756 4128">
     <span class='ocr_line' id='line_1_86' title="bbox 2169 4053 3756 4128; baseline 0.001 -14"><span class='ocrx_word' id='word_1_627' title='bbox 2169 4057 2422 4128; x_wconf 84' lang='grc' dir='ltr'>Ἀρθήτω</span> <span class='ocrx_word' id='word_1_628' title='bbox 2450 4060 2484 4112; x_wconf 84' lang='grc' dir='ltr'><strong>ό</strong></span> <span class='ocrx_word' id='word_1_629' title='bbox 2513 4053 2892 4126; x_wconf 75' lang='grc' dir='ltr'>ἀσεϐὴς,’ἶνα</span> <span class='ocrx_word' id='word_1_630' title='bbox 2909 4054 2997 4126; x_wconf 82' lang='grc' dir='ltr'>μὴ</span> <span class='ocrx_word' id='word_1_631' title='bbox 3029 4055 3131 4125; x_wconf 78' lang='grc' dir='ltr'><strong>ιδῃ</strong></span> <span class='ocrx_word' id='word_1_632' title='bbox 3163 4057 3277 4126; x_wconf 77' lang='grc' dir='ltr'><strong>τὴν</strong></span> <span class='ocrx_word' id='word_1_633' title='bbox 3305 4058 3756 4128; x_wconf 80' lang='grc' dir='ltr'>δόξανΚυρίου.</span> 
     </span>
    </p>
   </div>
   <div class='ocr_carea' id='block_1_87' title="bbox 2157 4147 3761 4223">
    <p class='ocr_par' dir='ltr' id='par_1_87' title="bbox 2157 4147 3761 4223">
     <span class='ocr_line' id='line_1_87' title="bbox 2157 4147 3761 4223; baseline -0.006 -21"><span class='ocrx_word' id='word_1_634' title='bbox 2157 4149 2292 4203; x_wconf 87' lang='grc' dir='ltr'>Τότε</span> <span class='ocrx_word' id='word_1_635' title='bbox 2320 4148 2492 4220; x_wconf 81' lang='grc' dir='ltr'>αὐτὴν</span> <span class='ocrx_word' id='word_1_636' title='bbox 2525 4147 2932 4219; x_wconf 80' lang='grc' dir='ltr'>καταλαμϐάνει</span> <span class='ocrx_word' id='word_1_637' title='bbox 2969 4148 3154 4220; x_wconf 82' lang='grc' dir='ltr'>ἡμέρα</span> <span class='ocrx_word' id='word_1_638' title='bbox 3186 4150 3377 4221; x_wconf 83' lang='grc' dir='ltr'>ὀργῆς,</span> <span class='ocrx_word' id='word_1_639' title='bbox 3417 4151 3605 4223; x_wconf 78' lang='grc' dir='ltr'>ἡμέρα</span> <span class='ocrx_word' id='word_1_640' title='bbox 3641 4152 3761 4206; x_wconf 83' lang='grc' dir='ltr'>θλί-</span> 
     </span>
    </p>
   </div>
   <div class='ocr_carea' id='block_1_88' title="bbox 2157 4240 3759 4317">
    <p class='ocr_par' dir='ltr' id='par_1_88' title="bbox 2157 4240 3759 4317">
     <span class='ocr_line' id='line_1_88' title="bbox 2157 4240 3759 4317; baseline 0.002 -21"><span class='ocrx_word' id='word_1_641' title='bbox 2157 4242 2305 4313; x_wconf 80' lang='grc' dir='ltr'>ψεως</span> <span class='ocrx_word' id='word_1_642' title='bbox 2335 4243 2398 4310; x_wconf 87' lang='grc'><strong>¹¹,</strong></span> <span class='ocrx_word' id='word_1_643' title='bbox 2450 4243 2635 4315; x_wconf 81' lang='grc' dir='ltr'>ἡμέρα</span> <span class='ocrx_word' id='word_1_644' title='bbox 2672 4241 2895 4306; x_wconf 81' lang='grc' dir='ltr'>σκότους</span> <span class='ocrx_word' id='word_1_645' title='bbox 2933 4240 3030 4295; x_wconf 71' lang='grc' dir='ltr'>καὶ</span> <span class='ocrx_word' id='word_1_646' title='bbox 3072 4242 3294 4312; x_wconf 84' lang='grc' dir='ltr'>γνόφου.</span> <span class='ocrx_word' id='word_1_647' title='bbox 3340 4245 3759 4317; x_wconf 83' lang='grc' dir='ltr'>Παραδιδομένη</span> 
     </span>
    </p>
   </div>
   <div class='ocr_carea' id='block_1_89' title="bbox 2157 4332 3761 4408">
    <p class='ocr_par' dir='ltr' id='par_1_89' title="bbox 2157 4332 3761 4408">
     <span class='ocr_line' id='line_1_89' title="bbox 2157 4332 3761 4408; baseline 0.004 -22"><span class='ocrx_word' id='word_1_648' title='bbox 2157 4337 2239 4398; x_wconf 84' lang='grc' dir='ltr'>εἰς</span> <span class='ocrx_word' id='word_1_649' title='bbox 2272 4335 2332 4388; x_wconf 85' lang='grc' dir='ltr'><strong>τὸ</strong></span> <span class='ocrx_word' id='word_1_650' title='bbox 2368 4332 2636 4406; x_wconf 82' lang='grc' dir='ltr'>ἐξώτερον</span> <span class='ocrx_word' id='word_1_651' title='bbox 2669 4336 2879 4399; x_wconf 83' lang='grc' dir='ltr'>σκότος,</span> <span class='ocrx_word' id='word_1_652' title='bbox 2913 4332 3010 4389; x_wconf 74' lang='grc' dir='ltr'>καὶ</span> <span class='ocrx_word' id='word_1_653' title='bbox 3046 4335 3130 4398; x_wconf 83' lang='grc' dir='ltr'><strong>εἰς</strong></span> <span class='ocrx_word' id='word_1_654' title='bbox 3157 4334 3220 4389; x_wconf 80' lang='grc' dir='ltr'><strong>τὸ</strong></span> <span class='ocrx_word' id='word_1_655' title='bbox 3256 4334 3472 4389; x_wconf 74' lang='grc' dir='ltr'>αἰώνιον</span> <span class='ocrx_word' id='word_1_656' title='bbox 3510 4335 3622 4408; x_wconf 84' lang='grc' dir='ltr'>πῦρ</span> <span class='ocrx_word' id='word_1_657' title='bbox 3658 4354 3761 4392; x_wconf 83' lang='grc' dir='ltr'>κα·-</span> 
     </span>
    </p>
   </div>
   <div class='ocr_carea' id='block_1_90' title="bbox 2161 4415 3756 4499">
    <p class='ocr_par' dir='ltr' id='par_1_90' title="bbox 2161 4415 3756 4499">
     <span class='ocr_line' id='line_1_90' title="bbox 2161 4415 3756 4499; baseline 0.003 -19"><span class='ocrx_word' id='word_1_658' title='bbox 2161 4424 2503 4499; x_wconf 85' lang='grc' dir='ltr'>τακριθεῖσα,</span> <span class='ocrx_word' id='word_1_659' title='bbox 2558 4429 2639 4489; x_wconf 78' lang='grc' dir='ltr'>εἰς</span> <span class='ocrx_word' id='word_1_660' title='bbox 2691 4427 3035 4499; x_wconf 86' lang='grc' dir='ltr'>ἀπεράντους</span> <span class='ocrx_word' id='word_1_661' title='bbox 3080 4427 3285 4491; x_wconf 75' lang='grc' dir='ltr'>αἰῶνας</span> <span class='ocrx_word' id='word_1_662' title='bbox 3330 4415 3756 4499; x_wconf 79' lang='grc' dir='ltr'>κολασθήσεται.</span> 
     </span>
    </p>
   </div>
   <div class='ocr_carea' id='block_1_91' title="bbox 471 4511 2051 4590">
    <p class='ocr_par' dir='ltr' id='par_1_91' title="bbox 471 4511 2051 4582">
     <span class='ocr_line' id='line_1_91' title="bbox 471 4511 2051 4582; baseline -0.001 -14"><span class='ocrx_word' id='word_1_663' title='bbox 471 4513 592 4568; x_wconf 88' lang='lat' dir='ltr'><strong>ria?</strong></span> <span class='ocrx_word' id='word_1_664' title='bbox 635 4513 724 4566; x_wconf 90' lang='lat' dir='ltr'><strong>ubi</strong></span> <span class='ocrx_word' id='word_1_665' title='bbox 765 4512 1011 4568; x_wconf 65' lang='lat' dir='ltr'><strong>deliciae?</strong></span> <span class='ocrx_word' id='word_1_666' title='bbox 1054 4511 1148 4565; x_wconf 91' lang='lat' dir='ltr'><strong>ubi</strong></span> <span class='ocrx_word' id='word_1_667' title='bbox 1187 4512 1535 4582; x_wconf 86' lang='lat' dir='ltr'><strong>voluptates?</strong></span> <span class='ocrx_word' id='word_1_668' title='bbox 1576 4514 1666 4567; x_wconf 89' lang='lat' dir='ltr'><strong>ubi</strong></span> <span class='ocrx_word' id='word_1_669' title='bbox 1711 4513 1928 4568; x_wconf 82' lang='lat' dir='ltr'><strong>fastus?</strong></span> <span class='ocrx_word' id='word_1_670' title='bbox 1966 4512 2051 4568; x_wconf 86' lang='lat' dir='ltr'><strong>ubi</strong></span> 
     </span>
    </p>
   </div>
   <div class='ocr_carea' id='block_1_92' title="bbox 2155 4511 3757 4590">
    <p class='ocr_par' dir='ltr' id='par_1_92' title="bbox 2164 4517 3757 4590">
     <span class='ocr_line' id='line_1_92' title="bbox 2164 4517 3757 4590; baseline 0.001 -19"><span class='ocrx_word' id='word_1_671' title='bbox 2164 4518 2300 4572; x_wconf 89' lang='grc' dir='ltr'>Τότε</span> <span class='ocrx_word' id='word_1_672' title='bbox 2346 4517 2450 4570; x_wconf 82' lang='grc' dir='ltr'><strong>ποῦ</strong></span> <span class='ocrx_word' id='word_1_673' title='bbox 2481 4519 2515 4588; x_wconf 86' lang='grc' dir='ltr'>ἡ</span> <span class='ocrx_word' id='word_1_674' title='bbox 2542 4518 2811 4588; x_wconf 80' lang='grc' dir='ltr'>καύχησις</span> <span class='ocrx_word' id='word_1_675' title='bbox 2839 4517 2930 4570; x_wconf 86' lang='grc' dir='ltr'>τοῦ</span> <span class='ocrx_word' id='word_1_676' title='bbox 2961 4519 3170 4589; x_wconf 91' lang='grc' dir='ltr'>κόσμου</span> <span class='ocrx_word' id='word_1_677' title='bbox 3195 4535 3211 4585; x_wconf 88' lang='grc'><strong>;</strong></span> <span class='ocrx_word' id='word_1_678' title='bbox 3243 4518 3345 4572; x_wconf 75' lang='grc' dir='ltr'>ποῦ</span> <span class='ocrx_word' id='word_1_679' title='bbox 3375 4521 3408 4590; x_wconf 81' lang='grc' dir='ltr'><strong>ἡ</strong></span> <span class='ocrx_word' id='word_1_680' title='bbox 3437 4518 3757 4586; x_wconf 74' lang='grc' dir='ltr'>κενοδοξίας</span> 
     </span>
    </p>
   </div>
   <div class='ocr_carea' id='block_1_93' title="bbox 471 4603 2058 4676">
    <p class='ocr_par' dir='ltr' id='par_1_93' title="bbox 471 4603 2058 4676">
     <span class='ocr_line' id='line_1_93' title="bbox 471 4603 2058 4676; baseline -0.002 -15"><span class='ocrx_word' id='word_1_681' title='bbox 471 4604 730 4676; x_wconf 83' lang='lat' dir='ltr'><strong>requies?</strong></span> <span class='ocrx_word' id='word_1_682' title='bbox 761 4603 851 4659; x_wconf 90' lang='lat' dir='ltr'><strong>ubi</strong></span> <span class='ocrx_word' id='word_1_683' title='bbox 873 4603 1183 4673; x_wconf 80' lang='lat' dir='ltr'><strong>jactantia?</strong></span> <span class='ocrx_word' id='word_1_684' title='bbox 1210 4603 1298 4658; x_wconf 90' lang='lat' dir='ltr'><strong>ubi</strong></span> <span class='ocrx_word' id='word_1_685' title='bbox 1330 4603 1611 4672; x_wconf 56' lang='lat' dir='ltr'><strong>pecunias?</strong></span> <span class='ocrx_word' id='word_1_686' title='bbox 1639 4604 1732 4658; x_wconf 89' lang='lat' dir='ltr'><strong>ubi</strong></span> <span class='ocrx_word' id='word_1_687' title='bbox 1761 4604 2058 4661; x_wconf 85' lang='lat' dir='ltr'><strong>nobilitas?</strong></span> 
     </span>
    </p>
   </div>
   <div class='ocr_carea' id='block_1_94' title="bbox 473 4696 2056 4770">
    <p class='ocr_par' dir='ltr' id='par_1_94' title="bbox 473 4696 2056 4770">
     <span class='ocr_line' id='line_1_94' title="bbox 473 4696 2056 4770; baseline -0.003 -15"><span class='ocrx_word' id='word_1_688' title='bbox 473 4700 563 4755; x_wconf 88' lang='lat' dir='ltr'><strong>ubi</strong></span> <span class='ocrx_word' id='word_1_689' title='bbox 598 4699 786 4770; x_wconf 86' lang='lat' dir='ltr'><strong>pater?</strong></span> <span class='ocrx_word' id='word_1_690' title='bbox 814 4700 902 4753; x_wconf 93' lang='lat' dir='ltr'><strong>ubi</strong></span> <span class='ocrx_word' id='word_1_691' title='bbox 934 4698 1146 4754; x_wconf 85' lang='lat' dir='ltr'><strong>mater?</strong></span> <span class='ocrx_word' id='word_1_692' title='bbox 1172 4697 1264 4752; x_wconf 92' lang='lat' dir='ltr'><strong>ubi</strong></span> <span class='ocrx_word' id='word_1_693' title='bbox 1296 4696 1506 4751; x_wconf 80' lang='lat' dir='ltr'><strong>frater?</strong></span> <span class='ocrx_word' id='word_1_694' title='bbox 1533 4697 1667 4762; x_wconf 82' lang='lat' dir='ltr'><strong>Quis</strong></span> <span class='ocrx_word' id='word_1_695' title='bbox 1691 4697 2056 4768; x_wconf 71' lang='lat' dir='ltr'><strong>praesentibus</strong></span> 
     </span>
    </p>
   </div>
   <div class='ocr_carea' id='block_1_95' title="bbox 473 4788 2057 4862">
    <p class='ocr_par' dir='ltr' id='par_1_95' title="bbox 473 4788 2057 4862">
     <span class='ocr_line' id='line_1_95' title="bbox 473 4788 2057 4862; baseline -0.003 -15"><span class='ocrx_word' id='word_1_696' title='bbox 473 4793 630 4847; x_wconf 86' lang='lat' dir='ltr'><strong>malis</strong></span> <span class='ocrx_word' id='word_1_697' title='bbox 661 4793 872 4862; x_wconf 86' lang='lat' dir='ltr'><strong>eripere</strong></span> <span class='ocrx_word' id='word_1_698' title='bbox 907 4791 1108 4862; x_wconf 90' lang='lat' dir='ltr'><strong>poterit</strong></span> <span class='ocrx_word' id='word_1_699' title='bbox 1135 4791 1258 4862; x_wconf 90' lang='lat' dir='ltr'><strong>igne</strong></span> <span class='ocrx_word' id='word_1_700' title='bbox 1285 4788 1626 4861; x_wconf 83' lang='lat' dir='ltr'><strong>ﬂagrantem,</strong></span> <span class='ocrx_word' id='word_1_701' title='bbox 1656 4797 1710 4844; x_wconf 93' lang='lat' dir='ltr'><strong>et</strong></span> <span class='ocrx_word' id='word_1_702' title='bbox 1743 4789 1796 4843; x_wconf 91' lang='lat' dir='ltr'><strong>in</strong></span> <span class='ocrx_word' id='word_1_703' title='bbox 1825 4789 2057 4843; x_wconf 88' lang='lat' dir='ltr'><strong>amaris-</strong></span> 
     </span>
    </p>
   </div>
   <div class='ocr_carea' id='block_1_96' title="bbox 473 4881 2052 4944">
    <p class='ocr_par' dir='ltr' id='par_1_96' title="bbox 473 4881 2052 4944">
     <span class='ocr_line' id='line_1_96' title="bbox 473 4881 2052 4944; baseline -0.004 -2"><span class='ocrx_word' id='word_1_704' title='bbox 473 4887 630 4942; x_wconf 89' lang='lat' dir='ltr'><strong>simis</strong></span> <span class='ocrx_word' id='word_1_705' title='bbox 671 4888 960 4941; x_wconf 89' lang='lat' dir='ltr'><strong>tormentis</strong></span> <span class='ocrx_word' id='word_1_706' title='bbox 1000 4884 1319 4940; x_wconf 85' lang='lat' dir='ltr'><strong>detentam?</strong></span> <span class='ocrx_word' id='word_1_707' title='bbox 1353 4882 1450 4938; x_wconf 86' lang='lat' dir='ltr'><strong>llis</strong></span> <span class='ocrx_word' id='word_1_708' title='bbox 1486 4883 1558 4936; x_wconf 88' lang='lat' dir='ltr'><strong>ita</strong></span> <span class='ocrx_word' id='word_1_709' title='bbox 1594 4898 1653 4937; x_wconf 90' lang='lat' dir='ltr'><strong>se</strong></span> <span class='ocrx_word' id='word_1_710' title='bbox 1687 4881 2052 4944; x_wconf 83' lang='lat' dir='ltr'><strong>habentibus.</strong></span> 
     </span>
    </p>
   </div>
   <div class='ocr_carea' id='block_1_97' title="bbox 470 4973 2056 5049">
    <p class='ocr_par' dir='ltr' id='par_1_97' title="bbox 470 4973 2056 5049">
     <span class='ocr_line' id='line_1_97' title="bbox 470 4973 2056 5049; baseline -0.004 -17"><span class='ocrx_word' id='word_1_711' title='bbox 470 4977 664 5049; x_wconf 84' lang='lat' dir='ltr'><strong>quales</strong></span> <span class='ocrx_word' id='word_1_712' title='bbox 687 4992 812 5032; x_wconf 90' lang='lat' dir='ltr'><strong>esse</strong></span> <span class='ocrx_word' id='word_1_713' title='bbox 833 4992 936 5032; x_wconf 88' lang='lat' dir='ltr'><strong>nos</strong></span> <span class='ocrx_word' id='word_1_714' title='bbox 963 4983 1178 5047; x_wconf 91' lang='lat' dir='ltr'><strong>oportet</strong></span> <span class='ocrx_word' id='word_1_715' title='bbox 1202 4975 1256 5029; x_wconf 92' lang='lat' dir='ltr'><strong>in</strong></span> <span class='ocrx_word' id='word_1_716' title='bbox 1283 4973 1492 5029; x_wconf 88' lang='lat' dir='ltr'><strong>sanctis</strong></span> <span class='ocrx_word' id='word_1_717' title='bbox 1515 4973 1825 5029; x_wconf 87' lang='lat' dir='ltr'><strong>actionibus</strong></span> <span class='ocrx_word' id='word_1_718' title='bbox 1846 4980 1899 5027; x_wconf 87' lang='lat' dir='ltr'><strong>et</strong></span> <span class='ocrx_word' id='word_1_719' title='bbox 1924 4987 2056 5042; x_wconf 82' lang='lat' dir='ltr'><strong>ope-</strong></span> 
     </span>
    </p>
   </div>
   <div class='ocr_carea' id='block_1_98' title="bbox 473 5063 2064 5138">
    <p class='ocr_par' dir='ltr' id='par_1_98' title="bbox 473 5063 2064 5138">
     <span class='ocr_line' id='line_1_98' title="bbox 473 5063 2064 5138; baseline -0.001 -18"><span class='ocrx_word' id='word_1_720' title='bbox 473 5068 626 5122; x_wconf 86' lang='lat' dir='ltr'><strong>ribus</strong></span> <span class='ocrx_word' id='word_1_721' title='bbox 653 5067 794 5138; x_wconf 85' lang='lat' dir='ltr'><strong>piis?</strong></span> <span class='ocrx_word' id='word_1_722' title='bbox 817 5067 1090 5134; x_wconf 81' lang='lat' dir='ltr'><strong>Quantam</strong></span> <span class='ocrx_word' id='word_1_723' title='bbox 1118 5065 1448 5120; x_wconf 89' lang='lat' dir='ltr'><strong>charitatem</strong></span> <span class='ocrx_word' id='word_1_724' title='bbox 1481 5063 1748 5120; x_wconf 89' lang='lat' dir='ltr'><strong>debemus</strong></span> <span class='ocrx_word' id='word_1_725' title='bbox 1781 5063 2064 5118; x_wconf 83' lang='lat' dir='ltr'><strong>obtinere?</strong></span> 
     </span>
    </p>
   </div>
   <div class='ocr_carea' id='block_1_99' title="bbox 475 5155 2064 5227">
    <p class='ocr_par' dir='ltr' id='par_1_99' title="bbox 475 5155 2064 5227">
     <span class='ocr_line' id='line_1_99' title="bbox 475 5155 2064 5227; baseline -0.003 -15"><span class='ocrx_word' id='word_1_726' title='bbox 475 5168 732 5227; x_wconf 86' lang='lat' dir='ltr'><strong>quantam</strong></span> <span class='ocrx_word' id='word_1_727' title='bbox 769 5157 1291 5214; x_wconf 83' lang='lat' dir='ltr'><strong>conversationem?</strong></span> <span class='ocrx_word' id='word_1_728' title='bbox 1323 5156 1541 5227; x_wconf 87' lang='lat' dir='ltr'><strong>qualem</strong></span> <span class='ocrx_word' id='word_1_729' title='bbox 1575 5155 1844 5211; x_wconf 88' lang='lat' dir='ltr'><strong>cursum?</strong></span> <span class='ocrx_word' id='word_1_730' title='bbox 1874 5155 2064 5224; x_wconf 88' lang='lat' dir='ltr'><strong>cujus-</strong></span> 
     </span>
    </p>
   </div>
   <div class='ocr_carea' id='block_1_100' title="bbox 474 5246 2060 5321">
    <p class='ocr_par' dir='ltr' id='par_1_100' title="bbox 474 5246 2060 5321">
     <span class='ocr_line' id='line_1_100' title="bbox 474 5246 2060 5321; baseline -0.002 -20"><span class='ocrx_word' id='word_1_731' title='bbox 474 5250 620 5302; x_wconf 80' lang='lat' dir='ltr'><strong>moili</strong></span> <span class='ocrx_word' id='word_1_732' title='bbox 642 5250 1003 5321; x_wconf 85' lang='lat' dir='ltr'><strong>diligentiam,</strong></span> <span class='ocrx_word' id='word_1_733' title='bbox 1024 5251 1356 5313; x_wconf 87' lang='lat' dir='ltr'><strong>orationem,</strong></span> <span class='ocrx_word' id='word_1_734' title='bbox 1381 5247 1720 5303; x_wconf 84' lang='lat' dir='ltr'><strong>cautionem?</strong></span> <span class='ocrx_word' id='word_1_735' title='bbox 1739 5246 1868 5301; x_wconf 64' lang='lat' dir='ltr'><strong>Haec</strong></span> <span class='ocrx_word' id='word_1_736' title='bbox 1889 5247 2060 5312; x_wconf 86' lang='lat' dir='ltr'><strong>enim,</strong></span> 
     </span>
    </p>
   </div>
   <div class='ocr_carea' id='block_1_101' title="bbox 2158 4608 3757 4682">
    <p class='ocr_par' dir='ltr' id='par_1_101' title="bbox 2158 4608 3757 4682">
     <span class='ocr_line' id='line_1_101' title="bbox 2158 4608 3757 4682; baseline 0 -18"><span class='ocrx_word' id='word_1_737' title='bbox 2158 4610 2260 4664; x_wconf 80' lang='grc' dir='ltr'><strong>ποῦ</strong></span> <span class='ocrx_word' id='word_1_738' title='bbox 2296 4612 2328 4682; x_wconf 80' lang='grc' dir='ltr'><strong>ἡ</strong></span> <span class='ocrx_word' id='word_1_739' title='bbox 2376 4610 2595 4682; x_wconf 75' lang='grc' dir='ltr'>τρυφῆς</span> <span class='ocrx_word' id='word_1_740' title='bbox 2640 4608 2742 4663; x_wconf 81' lang='grc' dir='ltr'><strong>ποῦ</strong></span> <span class='ocrx_word' id='word_1_741' title='bbox 2773 4612 2807 4681; x_wconf 80' lang='grc' dir='ltr'><strong>ἡ</strong></span> <span class='ocrx_word' id='word_1_742' title='bbox 2838 4611 3175 4675; x_wconf 80' lang='grc' dir='ltr'>ἀπόλαυσις;</span> <span class='ocrx_word' id='word_1_743' title='bbox 3225 4610 3330 4665; x_wconf 84' lang='grc' dir='ltr'>ποῦ</span> <span class='ocrx_word' id='word_1_744' title='bbox 3358 4612 3392 4680; x_wconf 80' lang='grc' dir='ltr'>ἠ</span> <span class='ocrx_word' id='word_1_745' title='bbox 3439 4610 3757 4680; x_wconf 74' lang='grc' dir='ltr'>φαντασίας</span> 
     </span>
    </p>
   </div>
   <div class='ocr_carea' id='block_1_102' title="bbox 2159 4684 3757 4775">
    <p class='ocr_par' dir='ltr' id='par_1_102' title="bbox 2159 4684 3757 4775">
     <span class='ocr_line' id='line_1_102' title="bbox 2159 4684 3757 4775; baseline -0.001 -19"><span class='ocrx_word' id='word_1_746' title='bbox 2159 4701 2262 4756; x_wconf 79' lang='grc' dir='ltr'>ποῦ</span> <span class='ocrx_word' id='word_1_747' title='bbox 2291 4703 2324 4772; x_wconf 80' lang='grc' dir='ltr'>ἡ</span> <span class='ocrx_word' id='word_1_748' title='bbox 2358 4702 2701 4766; x_wconf 86' lang='grc' dir='ltr'>άνάπαυσις;</span> <span class='ocrx_word' id='word_1_749' title='bbox 2736 4700 2839 4755; x_wconf 79' lang='grc' dir='ltr'><strong>ποῦ</strong></span> <span class='ocrx_word' id='word_1_750' title='bbox 2867 4703 2896 4755; x_wconf 86' lang='grc' dir='ltr'><strong>ό</strong></span> <span class='ocrx_word' id='word_1_751' title='bbox 2928 4701 3170 4773; x_wconf 88' lang='grc' dir='ltr'>κόμπος;</span> <span class='ocrx_word' id='word_1_752' title='bbox 3208 4701 3312 4756; x_wconf 81' lang='grc' dir='ltr'>ποῦ</span> <span class='ocrx_word' id='word_1_753' title='bbox 3349 4702 3419 4755; x_wconf 90' lang='grc' dir='ltr'><strong>τά</strong></span> <span class='ocrx_word' id='word_1_754' title='bbox 3449 4684 3757 4775; x_wconf 63' lang='grc' dir='ltr'>χρήματας</span> 
     </span>
    </p>
   </div>
   <div class='ocr_carea' id='block_1_103' title="bbox 2159 4792 3763 4874">
    <p class='ocr_par' dir='ltr' id='par_1_103' title="bbox 2159 4792 3763 4874">
     <span class='ocr_line' id='line_1_103' title="bbox 2159 4792 3763 4874; baseline 0.001 -27"><span class='ocrx_word' id='word_1_755' title='bbox 2159 4793 2262 4847; x_wconf 77' lang='grc' dir='ltr'><strong>ποῦ</strong></span> <span class='ocrx_word' id='word_1_756' title='bbox 2291 4796 2324 4864; x_wconf 81' lang='grc' dir='ltr'><strong>ἠ</strong></span> <span class='ocrx_word' id='word_1_757' title='bbox 2358 4793 2639 4874; x_wconf 51' lang='lat' dir='ltr'><strong>sort-Even;</strong></span> <span class='ocrx_word' id='word_1_758' title='bbox 2672 4792 2774 4846; x_wconf 78' lang='grc' dir='ltr'>ποῦ</span> <span class='ocrx_word' id='word_1_759' title='bbox 2807 4795 3024 4866; x_wconf 79' lang='grc' dir='ltr'>πατήρ;</span> <span class='ocrx_word' id='word_1_760' title='bbox 3061 4794 3164 4848; x_wconf 82' lang='grc' dir='ltr'>ποῦ</span> <span class='ocrx_word' id='word_1_761' title='bbox 3196 4795 3411 4867; x_wconf 82' lang='grc' dir='ltr'>μήτηρ;</span> <span class='ocrx_word' id='word_1_762' title='bbox 3459 4795 3561 4849; x_wconf 81' lang='grc' dir='ltr'>ποῦ</span> <span class='ocrx_word' id='word_1_763' title='bbox 3597 4794 3763 4848; x_wconf 81' lang='grc' dir='ltr'>ἀδελ-</span> 
     </span>
    </p>
   </div>
   <div class='ocr_carea' id='block_1_104' title="bbox 2160 4884 3764 4960">
    <p class='ocr_par' dir='ltr' id='par_1_104' title="bbox 2160 4884 3764 4960">
     <span class='ocr_line' id='line_1_104' title="bbox 2160 4884 3764 4960; baseline 0.002 -23"><span class='ocrx_word' id='word_1_764' title='bbox 2160 4885 2289 4954; x_wconf 88' lang='grc' dir='ltr'>φός;</span> <span class='ocrx_word' id='word_1_765' title='bbox 2327 4885 2412 4948; x_wconf 89' lang='grc' dir='ltr'><strong>τίς</strong></span> <span class='ocrx_word' id='word_1_766' title='bbox 2448 4884 2737 4956; x_wconf 84' lang='grc' dir='ltr'>δυνήσεται</span> <span class='ocrx_word' id='word_1_767' title='bbox 2768 4885 2975 4939; x_wconf 84' lang='grc' dir='ltr'>τούτων</span> <span class='ocrx_word' id='word_1_768' title='bbox 3003 4885 3283 4951; x_wconf 79' lang='grc' dir='ltr'>ἐξελέσθαι</span> <span class='ocrx_word' id='word_1_769' title='bbox 3306 4886 3404 4957; x_wconf 81' lang='grc' dir='ltr'><strong>τὴν</strong></span> <span class='ocrx_word' id='word_1_770' title='bbox 3441 4885 3546 4939; x_wconf 82' lang='grc' dir='ltr'><strong>ὑπὸ</strong></span> <span class='ocrx_word' id='word_1_771' title='bbox 3579 4887 3764 4960; x_wconf 78' lang='grc' dir='ltr'>πυρὸς</span> 
     </span>
    </p>
   </div>
   <div class='ocr_carea' id='block_1_105' title="bbox 2160 4972 3764 5048">
    <p class='ocr_par' dir='ltr' id='par_1_105' title="bbox 2160 4972 3764 5048">
     <span class='ocr_line' id='line_1_105' title="bbox 2160 4972 3764 5048; baseline 0.004 -24"><span class='ocrx_word' id='word_1_772' title='bbox 2160 4972 2524 5045; x_wconf 82' lang='grc' dir='ltr'>φλεγομένην,</span> <span class='ocrx_word' id='word_1_773' title='bbox 2557 4975 2653 5027; x_wconf 75' lang='grc' dir='ltr'>καὶ</span> <span class='ocrx_word' id='word_1_774' title='bbox 2686 4974 2792 5028; x_wconf 81' lang='grc' dir='ltr'><strong>ὑπὸ</strong></span> <span class='ocrx_word' id='word_1_775' title='bbox 2823 4976 3034 5047; x_wconf 80' lang='grc' dir='ltr'>πικρῶν</span> <span class='ocrx_word' id='word_1_776' title='bbox 3067 4975 3318 5044; x_wconf 84' lang='grc' dir='ltr'>βασάνων</span> <span class='ocrx_word' id='word_1_777' title='bbox 3347 4976 3764 5048; x_wconf 55' lang='grc' dir='ltr'>κατεχομένη-η</span> 
     </span>
    </p>
   </div>
   <div class='ocr_carea' id='block_1_106' title="bbox 2162 5064 3768 5140">
    <p class='ocr_par' dir='ltr' id='par_1_106' title="bbox 2162 5064 3768 5140">
     <span class='ocr_line' id='line_1_106' title="bbox 2162 5064 3768 5140; baseline 0.001 -22"><span class='ocrx_word' id='word_1_778' title='bbox 2162 5064 2382 5119; x_wconf 87' lang='grc' dir='ltr'>Τούτων</span> <span class='ocrx_word' id='word_1_779' title='bbox 2437 5064 2611 5129; x_wconf 77' lang='grc' dir='ltr'>οὕτως</span> <span class='ocrx_word' id='word_1_780' title='bbox 2650 5067 2983 5138; x_wconf 88' lang='grc' dir='ltr'>γινομένων,</span> <span class='ocrx_word' id='word_1_781' title='bbox 3027 5068 3308 5132; x_wconf 85' lang='grc' dir='ltr'>ποταποὺς</span> <span class='ocrx_word' id='word_1_782' title='bbox 3354 5067 3437 5122; x_wconf 87' lang='grc' dir='ltr'><strong>δεῖ</strong></span> <span class='ocrx_word' id='word_1_783' title='bbox 3487 5068 3768 5140; x_wconf 75' lang='grc' dir='ltr'>ὑπάρχειν</span> 
     </span>
    </p>
   </div>
   <div class='ocr_carea' id='block_1_107' title="bbox 2161 5156 3796 5228">
    <p class='ocr_par' dir='ltr' id='par_1_107' title="bbox 2161 5156 3796 5228">
     <span class='ocr_line' id='line_1_107' title="bbox 2161 5156 3796 5228; baseline -0.001 -18"><span class='ocrx_word' id='word_1_784' title='bbox 2161 5156 2309 5227; x_wconf 78' lang='grc' dir='ltr'>ἡμᾶς</span> <span class='ocrx_word' id='word_1_785' title='bbox 2333 5158 2390 5209; x_wconf 81' lang='grc' dir='ltr'><strong>ἐν</strong></span> <span class='ocrx_word' id='word_1_786' title='bbox 2417 5157 2601 5224; x_wconf 81' lang='grc' dir='ltr'>ἁγίαις</span> <span class='ocrx_word' id='word_1_787' title='bbox 2620 5157 2992 5228; x_wconf 83' lang='grc' dir='ltr'>ἀναστροφαῖς</span> <span class='ocrx_word' id='word_1_788' title='bbox 3013 5158 3108 5212; x_wconf 77' lang='grc' dir='ltr'>καὶ</span> <span class='ocrx_word' id='word_1_789' title='bbox 3137 5156 3481 5224; x_wconf 86' lang='grc' dir='ltr'>εὐσεϐείαις;</span> <span class='ocrx_word' id='word_1_790' title='bbox 3505 5159 3769 5228; x_wconf 78' lang='grc' dir='ltr'>ποταπὴν</span> <span class='ocrx_word' id='word_1_791' title='bbox 3791 5221 3796 5228; x_wconf 89' lang='lat'>_</span> 
     </span>
    </p>
   </div>
   <div class='ocr_carea' id='block_1_108' title="bbox 2162 5247 3770 5321">
    <p class='ocr_par' dir='ltr' id='par_1_108' title="bbox 2162 5247 3770 5321">
     <span class='ocr_line' id='line_1_108' title="bbox 2162 5247 3770 5321; baseline 0.001 -20"><span class='ocrx_word' id='word_1_792' title='bbox 2162 5248 2386 5318; x_wconf 86' lang='grc' dir='ltr'>ἀγάπην</span> <span class='ocrx_word' id='word_1_793' title='bbox 2441 5247 2730 5319; x_wconf 76' lang='grc' dir='ltr'>ὀφείλομεν</span> <span class='ocrx_word' id='word_1_794' title='bbox 2779 5249 3122 5320; x_wconf 73' lang='grc' dir='ltr'>κτήσασθαις</span> <span class='ocrx_word' id='word_1_795' title='bbox 3183 5249 3438 5321; x_wconf 84' lang='grc' dir='ltr'>ποταπὴν</span> <span class='ocrx_word' id='word_1_796' title='bbox 3486 5249 3770 5319; x_wconf 73' lang='grc' dir='ltr'>ἀγωγήνς</span> 
     </span>
    </p>
   </div>
   <div class='ocr_carea' id='block_1_109' title="bbox 473 5404 2051 5480">
    <p class='ocr_par' dir='ltr' id='par_1_109' title="bbox 473 5404 2051 5474">
     <span class='ocr_line' id='line_1_109' title="bbox 473 5404 2051 5474; baseline 0.002 -14"><span class='ocrx_word' id='word_1_797' title='bbox 473 5405 493 5438; x_wconf 83' lang='grc'><strong>⁷</strong></span> <span class='ocrx_word' id='word_1_798' title='bbox 517 5404 963 5472; x_wconf 75' lang='lat' dir='ltr'><strong>Psal.t.xxxvr,7.</strong></span> <span class='ocrx_word' id='word_1_799' title='bbox 1000 5407 1414 5474; x_wconf 76' lang='lat' dir='ltr'><strong>‘lsa.uvt,10.</strong></span> <span class='ocrx_word' id='word_1_800' title='bbox 1453 5407 1474 5439; x_wconf 86' lang='lat'><strong>’</strong></span> <span class='ocrx_word' id='word_1_801' title='bbox 1499 5405 1772 5468; x_wconf 74' lang='lat' dir='ltr'><strong>lsa.xxvr,</strong></span> <span class='ocrx_word' id='word_1_802' title='bbox 1799 5408 1882 5461; x_wconf 84' lang='lat' dir='ltr'><strong>l0.</strong></span> <span class='ocrx_word' id='word_1_803' title='bbox 1921 5407 2051 5463; x_wconf 75' lang='lat' dir='ltr'><strong>&quot;Al.</strong></span> 
     </span>
    </p>
   </div>
   <div class='ocr_carea' id='block_1_110' title="bbox 2155 5404 3766 5480">
    <p class='ocr_par' dir='ltr' id='par_1_110' title="bbox 2155 5405 3766 5480">
     <span class='ocr_line' id='line_1_110' title="bbox 2155 5405 3766 5480; baseline 0.001 -20"><span class='ocrx_word' id='word_1_804' title='bbox 2155 5407 2447 5476; x_wconf 75' lang='grc' dir='ltr'>ευματικά.</span> <span class='ocrx_word' id='word_1_805' title='bbox 2483 5407 2544 5438; x_wconf 83' lang='grc'><strong>¹⁰⁸</strong></span> <span class='ocrx_word' id='word_1_806' title='bbox 2571 5405 2698 5478; x_wconf 83' lang='lat' dir='ltr'><strong>Leg.</strong></span> <span class='ocrx_word' id='word_1_807' title='bbox 2727 5411 3026 5473; x_wconf 85' lang='grc' dir='ltr'>κατοικεῖς.</span> <span class='ocrx_word' id='word_1_808' title='bbox 3065 5410 3107 5442; x_wconf 82' lang='grc'>¹¹</span> <span class='ocrx_word' id='word_1_809' title='bbox 3127 5409 3212 5464; x_wconf 83' lang='lat' dir='ltr'><strong>Al.</strong></span> <span class='ocrx_word' id='word_1_810' title='bbox 3229 5409 3469 5466; x_wconf 54' lang='lat' dir='ltr'><strong>adducat</strong></span> <span class='ocrx_word' id='word_1_811' title='bbox 3489 5408 3766 5480; x_wconf 83' lang='grc' dir='ltr'>ἀνάγκης.</span> 
     </span>
    </p>
   </div>
   <div class='ocr_carea' id='block_1_111' title="bbox 546 5564 1218 5636">
    <p class='ocr_par' dir='ltr' id='par_1_111' title="bbox 546 5564 1218 5636">
     <span class='ocr_line' id='line_1_111' title="bbox 546 5564 1218 5636; baseline 0.003 -16"><span class='ocrx_word' id='word_1_812' title='bbox 546 5565 659 5636; x_wconf 86' lang='grc'><strong>(80)</strong></span> <span class='ocrx_word' id='word_1_813' title='bbox 702 5565 807 5621; x_wconf 86' lang='lat' dir='ltr'><strong>Vit.</strong></span> <span class='ocrx_word' id='word_1_814' title='bbox 844 5564 998 5620; x_wconf 86' lang='lat' dir='ltr'><strong>Patr.</strong></span> <span class='ocrx_word' id='word_1_815' title='bbox 1031 5582 1104 5632; x_wconf 84' lang='lat' dir='ltr'><strong>tv,</strong></span> <span class='ocrx_word' id='word_1_816' title='bbox 1131 5569 1218 5622; x_wconf 81' lang='grc'>65.</span> 
     </span>
    </p>
   </div>
   <div class='ocr_carea' id='block_1_112' title="bbox 545 5636 2054 5707">
    <p class='ocr_par' dir='ltr' id='par_1_112' title="bbox 545 5636 2054 5707">
     <span class='ocr_line' id='line_1_112' title="bbox 545 5636 2054 5707; baseline 0.003 -19"><span class='ocrx_word' id='word_1_817' title='bbox 545 5636 658 5707; x_wconf 78' lang='lat' dir='ltr'><strong>(Si)</strong></span> <span class='ocrx_word' id='word_1_818' title='bbox 697 5636 980 5692; x_wconf 78' lang='grc' dir='ltr'>Κοπάδιν.</span> <span class='ocrx_word' id='word_1_819' title='bbox 1011 5638 1330 5706; x_wconf 78' lang='lat' dir='ltr'><strong>Copadium.</strong></span> <span class='ocrx_word' id='word_1_820' title='bbox 1364 5637 1421 5693; x_wconf 90' lang='lat' dir='ltr'><strong>ld</strong></span> <span class='ocrx_word' id='word_1_821' title='bbox 1465 5637 1700 5693; x_wconf 91' lang='lat' dir='ltr'><strong>nominis</strong></span> <span class='ocrx_word' id='word_1_822' title='bbox 1729 5655 1851 5693; x_wconf 84' lang='lat' dir='ltr'><strong>cum</strong></span> <span class='ocrx_word' id='word_1_823' title='bbox 1887 5640 2054 5693; x_wconf 84' lang='lat' dir='ltr'><strong>variis</strong></span> 
     </span>
    </p>
   </div>
   <div class='ocr_carea' id='block_1_113' title="bbox 478 5707 2055 5776">
    <p class='ocr_par' dir='ltr' id='par_1_113' title="bbox 478 5707 2055 5776">
     <span class='ocr_line' id='line_1_113' title="bbox 478 5707 2055 5776; baseline 0 -14"><span class='ocrx_word' id='word_1_824' title='bbox 478 5708 885 5776; x_wconf 81' lang='lat' dir='ltr'><strong>acceptionibus</strong></span> <span class='ocrx_word' id='word_1_825' title='bbox 907 5707 1179 5776; x_wconf 78' lang='lat' dir='ltr'><strong>explicant</strong></span> <span class='ocrx_word' id='word_1_826' title='bbox 1205 5707 1495 5772; x_wconf 85' lang='lat' dir='ltr'><strong>Meursius,</strong></span> <span class='ocrx_word' id='word_1_827' title='bbox 1527 5707 1861 5776; x_wconf 58' lang='lat' dir='ltr'><strong>ROSWPydIIS</strong></span> <span class='ocrx_word' id='word_1_828' title='bbox 1886 5751 1899 5772; x_wconf 89' lang='lat'><strong>,</strong></span> <span class='ocrx_word' id='word_1_829' title='bbox 1928 5710 2055 5764; x_wconf 76' lang='lat' dir='ltr'><strong>Ger-</strong></span> 
     </span>
    </p>
   </div>
   <div class='ocr_carea' id='block_1_114' title="bbox 475 5769 2054 5845">
    <p class='ocr_par' dir='ltr' id='par_1_114' title="bbox 475 5769 2054 5845">
     <span class='ocr_line' id='line_1_114' title="bbox 475 5769 2054 5845; baseline -0.001 -9"><span class='ocrx_word' id='word_1_830' title='bbox 475 5769 669 5836; x_wconf 78' lang='lat' dir='ltr'><strong>manus</strong></span> <span class='ocrx_word' id='word_1_831' title='bbox 685 5783 740 5833; x_wconf 88' lang='lat' dir='ltr'><strong>et</strong></span> <span class='ocrx_word' id='word_1_832' title='bbox 768 5769 1005 5845; x_wconf 63' lang='lat' dir='ltr'><strong>Portius&#39;,</strong></span> <span class='ocrx_word' id='word_1_833' title='bbox 1032 5775 1088 5831; x_wconf 91' lang='lat' dir='ltr'><strong>in</strong></span> <span class='ocrx_word' id='word_1_834' title='bbox 1115 5772 1466 5835; x_wconf 87' lang='lat' dir='ltr'><strong>Dictionariis</strong></span> <span class='ocrx_word' id='word_1_835' title='bbox 1484 5769 1628 5834; x_wconf 79' lang='lat' dir='ltr'><strong>suis.</strong></span> <span class='ocrx_word' id='word_1_836' title='bbox 1656 5769 1803 5836; x_wconf 63' lang='grc' dir='ltr'>Δάλιε</span> <span class='ocrx_word' id='word_1_837' title='bbox 1829 5769 2054 5836; x_wconf 81' lang='lat' dir='ltr'><strong>liuinel-</strong></span> 
     </span>
    </p>
   </div>
   <div class='ocr_carea' id='block_1_115' title="bbox 2166 5565 3764 5638">
    <p class='ocr_par' dir='ltr' id='par_1_115' title="bbox 2166 5565 3764 5638">
     <span class='ocr_line' id='line_1_115' title="bbox 2166 5565 3764 5638; baseline 0.004 -21"><span class='ocrx_word' id='word_1_838' title='bbox 2166 5568 2408 5638; x_wconf 75' lang='lat' dir='ltr'><strong>lwrgium</strong></span> <span class='ocrx_word' id='word_1_839' title='bbox 2461 5565 2843 5638; x_wconf 56' lang='lat' dir='ltr'><strong>adspiciam;</strong></span> <span class='ocrx_word' id='word_1_840' title='bbox 2903 5567 3294 5625; x_wconf 88' lang='lat' dir='ltr'><strong>Casanbonum</strong></span> <span class='ocrx_word' id='word_1_841' title='bbox 3328 5571 3383 5624; x_wconf 86' lang='lat' dir='ltr'><strong>in</strong></span> <span class='ocrx_word' id='word_1_842' title='bbox 3411 5569 3764 5637; x_wconf 65' lang='lat' dir='ltr'><strong>Athena-mm;</strong></span> 
     </span>
    </p>
   </div>
   <div class='ocr_carea' id='block_1_116' title="bbox 2163 5636 3768 5713">
    <p class='ocr_par' dir='ltr' id='par_1_116' title="bbox 2163 5636 3768 5713">
     <span class='ocr_line' id='line_1_116' title="bbox 2163 5636 3768 5713; baseline 0.002 -21"><span class='ocrx_word' id='word_1_843' title='bbox 2163 5636 2789 5713; x_wconf 14' lang='lat' dir='ltr'><strong>F‘ront0iw_in_l_)ucmu_m</strong></span> <span class='ocrx_word' id='word_1_844' title='bbox 2833 5640 2901 5691; x_wconf 83' lang='lat' dir='ltr'><strong>ad</strong></span> <span class='ocrx_word' id='word_1_845' title='bbox 2945 5640 3296 5713; x_wconf 67' lang='lat' dir='ltr'><strong>Palladium;</strong></span> <span class='ocrx_word' id='word_1_846' title='bbox 3338 5636 3768 5713; x_wconf 48' lang='lat' dir='ltr'><strong>necuonilesy</strong></span> 
     </span>
    </p>
   </div>
   <div class='ocr_carea' id='block_1_117' title="bbox 2163 5707 3768 5840">
    <p class='ocr_par' dir='ltr' id='par_1_117' title="bbox 2163 5707 3768 5840">
     <span class='ocr_line' id='line_1_117' title="bbox 2164 5707 3768 5834; baseline 0.006 -73"><span class='ocrx_word' id='word_1_847' title='bbox 2164 5709 2370 5834; x_wconf 55' lang='lat' dir='ltr'><strong>eligunt,</strong></span> <span class='ocrx_word' id='word_1_848' title='bbox 2424 5707 2676 5774; x_wconf 86' lang='lat' dir='ltr'><strong>Suidam,</strong></span> <span class='ocrx_word' id='word_1_849' title='bbox 2711 5707 2958 5778; x_wconf 83' lang='lat' dir='ltr'><strong>Glossas,</strong></span> <span class='ocrx_word' id='word_1_850' title='bbox 3001 5709 3070 5766; x_wconf 90' lang='lat' dir='ltr'><strong>de</strong></span> <span class='ocrx_word' id='word_1_851' title='bbox 3125 5710 3326 5767; x_wconf 88' lang='lat' dir='ltr'><strong>similis</strong></span> <span class='ocrx_word' id='word_1_852' title='bbox 3379 5711 3615 5786; x_wconf 74' lang='lat' dir='ltr'><strong>originis</strong></span> <span class='ocrx_word' id='word_1_853' title='bbox 3661 5707 3768 5770; x_wconf 68' lang='lat' dir='ltr'><strong>vb-</strong></span> 
     </span>
     <span class='ocr_line' id='line_1_118' title="bbox 2163 5792 2340 5840; baseline 0.017 -9"><span class='ocrx_word' id='word_1_854' title='bbox 2163 5794 2212 5840; x_wconf 66' lang='grc' dir='ltr'><strong>ΩΙ</strong></span> <span class='ocrx_word' id='word_1_855' title='bbox 2261 5792 2340 5836; x_wconf 77' lang='grc' dir='ltr'>ιιε.</span> 
     </span>
    </p>
   </div>
  </div>
