3994 6336
483 378 589 434 203
1639 352 1981 418 arreuotx
2019 350 2110 408 AD
2143 352 2563 412 PALLADIUM.
3627 348 3740 404 set

491 491 629 549 ravit
678 489 842 545 etiam
895 479 1419 541 hoc:Christianus
1450 476 1669 547 quidam
1717 490 1838 530 cum
1889 472 2053 527 Mani—

2188 471 2333 537 οὕτο,
2364 474 2446 526 ὅτι
2469 469 2795 542 Χριστιανός
2817 474 2920 532 τις,
2957 467 3093 538 μετὰ
3120 463 3454 534 Μαννιχαίου
3486 465 3528 498 ¹⁹
3553 464 3734 520 διαλεο

488 583 642 639 cluco
690 578 760 635 de
812 588 1043 646 corpore
1091 572 1391 631 disserens,
1438 568 1512 620 ita
1562 566 1776 620 locutus
1823 573 1947 618 est:
1984 560 2058 613 Da

2186 564 2389 635 ’όμενος
2417 562 2546 632 περὶ
2571 560 2664 614 τοῦ
2697 557 2967 630 σώματος,
2997 554 3151 643 εἶπεν
3182 556 3374 621 οὕτως·
3407 555 3508 622 Δδς
3533 557 3627 611 τὸν
3648 558 3745 613 νό-

496 675 666 743 legem
694 665 935 738 corpori,
961 670 1016 720 et
1044 661 1252 717 videbis
1273 673 1472 728 corpus
1502 658 1567 712 ad
1599 657 1909 711 Creatorem
1933 668 2059 724 per-

492 764 688 818 tincto.

568 852 623 906 5.
673 847 877 903 Eadem
928 844 1125 898 iterum
1172 841 1310 896 dixit
1339 858 1352 894 :
1384 838 1692 906 Praeceptor
1728 835 1888 890 debet
1940 847 2064 889 csse

498 946 703 1014 hospes
732 940 789 994 in
819 950 1004 992 amore
1037 932 1376 999 dominandi,
1421 932 1633 987 alienus
1665 930 1734 984 ab
1764 928 1914 983 inani
1949 927 2064 998 glo-

500 1036 605 1096 ria.
639 1033 799 1100 longe
833 1044 864 1082 a
914 1025 1189 1096 superbia,
1224 1040 1321 1095 per
1370 1022 1734 1077 adulationem
1780 1034 1891 1074 non
1924 1017 2066 1072 ludi-

499 1126 620 1181 brio
651 1122 893 1183 habitus.
925 1133 1036 1173 non
1066 1124 1370 1173 excaecatus
1394 1129 1489 1184 per
1509 1112 1673 1176 dona,
1705 1125 1803 1168 nec
1820 1110 2065 1167 devictus

502 1232 532 1269 a
575 1223 786 1278 ventre,
825 1228 933 1268 nou
963 1212 1042 1265 ira
1070 1210 1362 1265 detentus:
1391 1206 1486 1263 sed
1533 1206 1770 1283 patiens,
1813 1214 2067 1258 mansuc’

502 1315 614 1371 tus,
655 1313 917 1377 quantum
948 1302 1062 1357 fieri
1101 1307 1284 1373 potest
1319 1297 1574 1364 humilis;
1616 1296 1774 1352 debet
1801 1310 1924 1352 esse
1945 1308 2067 1365 pro-

500 1398 606 1453 bus
639 1413 702 1450 ac
733 1396 994 1453 tolerans.
1025 1390 1249 1447 sedulus
1276 1397 1329 1442 et
1364 1391 1574 1441 amator
1597 1384 1922 1439 animarum.

583 1489 637 1544 6.
673 1488 753 1542 lta
788 1499 980 1540 rursus
1026 1482 1206 1536 locuta
1242 1489 1324 1535 εει
1358 1497 1371 1533 :
1402 1475 1588 1545 Neque
1620 1473 1958 1529 monasticus
1991 1472 2068 1527 ri-

505 1594 623 1651 gor,
654 1593 829 1647 neque
851 1574 1065 1645 vigilia,
1117 1584 1219 1625 nec
1246 1567 1475 1639 quilibet
1512 1565 1666 1620 labor
1702 1564 1930 1619 salutem
1970 1578 2069 1633 pa-

507 1672 615 1736 rit;
648 1668 741 1724 sed
772 1666 887 1722 sola
917 1663 1131 1719 sincera
1156 1658 1456 1713 humilitas.
1486 1655 1615 1709 Erat
1648 1654 1792 1709 enim
1826 1653 2066 1708 anacho-

505 1769 621 1817 reta
642 1760 861 1831 quidam
899 1755 993 1826 qui
1018 1755 1293 1808 daemones
1319 1748 1571 1819 ejicicbat
1593 1789 1608 1814 ,
1642 1757 1695 1802 et
1723 1746 1971 1816 quaesivit
1996 1746 2065 1800 ab

502 1852 613 1908 iis:
647 1851 705 1905 ln
744 1861 979 1920 quonam
1011 1843 1214 1900 exilis?
1248 1840 1304 1895 In
1341 1837 1577 1909 jejunio?
1608 1836 2060 1907 Responderunt:

506 1941 614 1998 Nos
658 1954 836 2010 neque
879 1935 1274 1991 manducamus
1313 1944 1488 2000 neque
1537 1929 1796 1985 bibimus.
1848 1928 1903 1983 In
1932 1929 2067 2000 vigi-

506 2030 626 2087 liis?
653 2027 916 2082 Dixerunt
949 2041 962 2079 :
995 2022 1104 2077 Nos
1148 2032 1401 2076 somnum
1437 2031 1547 2070 nun
1576 2014 1850 2070 videmus.
1882 2014 1939 2069 In
1973 2029 2062 2069 se-

505 2115 788 2173 cessione?
835 2112 946 2167 Nos
996 2111 1050 2164 in
1104 2104 1491 2165 solitudinibus
1533 2102 1797 2171 degimus.
1847 2101 1902 2156 ln
1956 2117 2066 2171 quo

508 2209 677 2281 igitur
719 2200 1082 2277 egredimini?
1121 2199 1467 2268 Exceperunt
1500 2212 1515 2249 :
1545 2193 1688 2248 Nihil
1737 2208 1837 2249 nos
1879 2193 2066 2257 vincit,

507 2296 611 2353 nisi
639 2296 939 2352 humilitas.
967 2292 1162 2347 Cernis
1202 2296 1260 2344 ut
1286 2287 1587 2350 humilitas,
1619 2285 1846 2340 victoria
1883 2284 1957 2341 Sit
1985 2285 2071 2339 ad-

512 2401 703 2443 versus
727 2381 1033 2439 damones?

583 2476 634 2531 7.
672 2472 928 2529 Narratio
968 2485 1188 2543 quoque
1241 2470 1357 2525 haec
1407 2470 1619 2527 exstitit
1659 2466 1854 2523 matris
1895 2466 2074 2521 Thco‘

512 2564 858 2623 doszrat
914 2562 1135 2634 quidam
1187 2561 1528 2629 monachus,
1578 2559 1674 2632 qui
1726 2557 2074 2612 multitudine

513 2657 872 2715 tentationum
902 2668 1219 2724 oppressus,
1247 2652 1386 2706 dixit
1415 2670 1429 2706 :
1477 2650 1690 2706 llecedo
1732 2649 1882 2703 hinc.
1907 2646 2077 2702 Cum-

513 2762 620 2819 que
670 2754 912 2802 sumeret
963 2743 1207 2799 sandalia
1252 2756 1372 2806 sua,
1421 2741 1557 2796 vidit
1597 2741 1761 2795 alium
1801 2739 2074 2793 hominem

514 2846 818 2896 sumentem
866 2838 1027 2893 etiam
1078 2849 1178 2890 sua
1225 2834 1490 2901 sandalia,
1538 2833 1628 2902 qui
1684 2832 1762 2886 ait
1797 2832 1895 2886 ei:
1936 2829 2075 2885 Num

514 2936 735 3003 propter
787 2943 875 2984 me
925 2926 1238 2999 egrederis?
1301 2924 1443 2981 Ecce
1481 2938 1807 2995 quocunque
1852 2920 2073 2988 abieris,

514 3035 614 3093 ego
638 3028 693 3077 te
721 3016 1044 3092 praecedam.

969 3124 1305 3195 Principium
1347 3124 1541 3179 littera!
1575 3122 1618 3177 l.

760 3236 838 3295 De
866 3234 1054 3292 abbate
1070 3234 1275 3290 Joanne
1300 3233 1494 3290 Colobo
1527 3236 1631 3291 sive
1661 3234 1848 3293 Curta.

589 3356 641 3407 l.
683 3351 796 3423 (84)
829 3349 1202 3407 Narraverunt
1252 3312 1327 3404 de
1368 3348 1562 3405 abbate
1607 3348 1818 3406 Joanne
1871 3349 2076 3415 Curto,

413 3486 423 3491 -
517 3443 664 3518 quod
692 3443 952 3499 secedens
992 3441 1060 3496 ad
1095 3439 1387 3497 Thebazum
1419 3455 1604 3498 senem
1630 3441 1686 3496 iu
1725 3439 1893 3508 Sceti,
1923 3441 2080 3499 sede-

519 3539 614 3595 bat
657 3538 713 3592 in
741 3536 982 3592 deserto.
1022 3533 1258 3589 Sumens
1305 3539 1485 3587 autem
1513 3533 1633 3602 ejus
1666 3533 1838 3589 abbas
1868 3531 2078 3587 aridum

521 3631 746 3703 lignum,
801 3625 1084 3698 plantavit,
1140 3638 1205 3679 ac
1251 3622 1505 3693 praecepit
1553 3621 1925 3689 eizQuotidie
1976 3622 2081 3677 hoc

523 3720 686 3790 irriga
714 3731 824 3773 una
845 3729 1000 3786 aquae
1029 3713 1296 3784 lagenula,
1337 3711 1513 3767 donec
1548 3711 1785 3766 fructum
1811 3711 2082 3783 produxe-

523 3813 614 3867 rit.
645 3808 842 3865 Procul
875 3814 1055 3862 autem
1083 3804 1152 3860 ab
1177 3803 1245 3859 iis
1263 3811 1381 3860 erat
1405 3818 1567 3874 aqua,
1598 3804 1734 3859 adeo
1767 3813 1822 3858 ut
1856 3817 2083 3873 veSpere

520 3907 765 3975 pergeret
811 3913 877 3954 ac
930 3912 1088 3953 mane
1134 3903 1522 3953 reverteretur.
1567 3893 1753 3964 Itaque
1795 3904 1921 3965 post
1972 3903 2083 3951 "‘85

520 4008 695 4050 annos
734 3990 888 4053 vixit,
943 3989 1130 4052 viruit,
1176 3987 1401 4059 protulit
1444 3985 1702 4040 fructum.
1757 3982 1928 4050 Quem
1968 3983 2084 4039 fru-

520 4092 667 4139 ctum
700 4095 864 4137 senex
894 4076 1191 4148 accipiens,
1219 4073 1455 4146 portavit
1480 4072 1547 4127 ad
1575 4071 1883 4136 ecclesiam,
1919 4071 2085 4128 dixit-

522 4186 629 4243 que
671 4168 935 4229 fratribus
965 4183 981 4221 :
1010 4164 1222 4220 Sumite
1251 4205 1265 4229 ,
1314 4161 1637 4218 manducate
1677 4162 1912 4218 fructum
1953 4164 2087 4219 obe-

522 4261 760 4320 dientiaa.

590 4352 645 4406 2.
697 4349 809 4421 (85)
858 4346 1183 4404 Referehant
1240 4346 1309 4401 de
1362 4345 1558 4400 abbate
1638 4343 1848 4401 Joanne
1893 4344 2083 4408 Curto,

522 4439 670 4512 quod
697 4439 985 4512 aliquando
1017 4436 1169 4492 fratri
1200 4451 1300 4492 suo
1327 4435 1520 4505 majori
1551 4436 1746 4492 dixerit
1780 4456 1793 4491 :
1822 4436 2087 4506 Cuperem

524 4546 648 4589 esse
677 4531 827 4587 curis
857 4544 1080 4595 vacuus,
1113 4525 1257 4583 sicut
1289 4525 1462 4596 angeli
1495 4532 1643 4590 sunt,
1681 4526 1816 4580 nihil
1859 4542 2091 4598 operan-

526 4632 632 4688 tes,
661 4621 755 4679 sed
787 4621 991 4690 absque
1020 4615 1422 4673 intermissione
1450 4614 1558 4670 Deo
1591 4615 1911 4673 servientes.
1948 4616 2087 4673 Exn.

526 4726 690 4786 teque
715 4712 897 4784 pallio,
926 4723 1180 4782 egressus
1200 4714 1285 4763 est
1307 4706 1361 4762 in
1381 4706 1751 4762 solitudinem.
1769 4705 1901 4762 Post
1928 4723 2088 4762 unam

527 4814 706 4862 autem
735 4800 1127 4860 hebdomadam
1156 4797 1317 4854 rediit
1343 4796 1409 4851 ad
1430 4788 1661 4852 fratrem
1690 4813 1870 4852 suum.
1917 4794 2092 4868 thue

527 4896 672 4952 fores
710 4893 964 4965 pulsavit,
996 4888 1214 4961 agnovit
1236 4902 1360 4943 eum
1393 4885 1562 4942 frater
1589 4894 1880 4956 antequam
1915 4888 2093 4957 aperi-

527 4994 630 5048 ret,
663 4986 847 5056 aitque
879 5002 894 5038 :
926 4982 1011 5036 Tu
1040 4979 1165 5050 quis
1201 4977 1298 5034 es?
1334 4976 1633 5049 Respondit
1662 4978 1750 5033 ille
1776 4996 1789 5033 :
1822 4977 1933 5049 Ego
1964 4994 2087 5034 sum

523 5078 761 5134 Joannes
790 5074 957 5129 frater
984 5082 1130 5126 tuus.
1155 5068 1293 5124 Tum
1327 5067 1393 5122 ad
1429 5067 1579 5123 illum
1610 5068 1777 5124 frater
1809 5089 1821 5123 :
1849 5068 2087 5126 Joannes

2164 671 2262 725 μον
2285 654 2363 726 τῷ
2388 652 2620 723 σώματι,
2651 652 2747 706 καὶ
2771 651 2898 721 ὃψει
2924 649 2986 703 τὸ
3019 640 3178 721 σῶμα
3201 648 3280 720 τῷ
3304 648 3593 703 πλάσαντι.

2231 837 2295 891 ε’.
2319 831 2457 889 Eine
2477 833 2637 889 πάλιν
2656 833 2691 903 ή
2712 830 2871 900 αὑτὴ,
2890 831 2978 884 ὅτι
2996 830 3025 882 6
3042 826 3362 891 διδάσκαλος
3374 825 3578 896 ὀφείλει
3593 819 3735 881 εἶναι

2163 928 2311 994 ξένος
2334 924 2700 998 φιλαρχίαςίο,
2728 924 2822 977 καὶ
2848 920 3124 992 ἀλλότριος
3149 916 3471 983 κενοδοξίας,
3514 917 3735 990 μακρὰν

2164 1012 2563 1086 ὑπερηφανίας,
2603 1010 2679 1082 μὴ
2725 1008 2832 1064 ὑπὸ
2860 1007 3147 1070 κολακείας
3186 1006 3610 1078 ἐμπαιζόμενος,
3662 1007 3739 1077 μὴ

2163 1108 2269 1163 ύπὺ
2294 1107 2480 1177 δώρων
2511 1101 2893 1173 τυφλούμενος,
2916 1100 2992 1171 μὴ
3020 1099 3127 1153 ὑπὸ
3154 1097 3391 1171 γαστρὸς
3412 1097 3738 1168 νικώμενος,

2168 1198 2243 1271 μὴ
2271 1197 2376 1252 ύπδ
2393 1197 2563 1270 ὀργῆς
2600 1192 2984 1265 κρατούμενος·
3030 1188 3167 1244 ἀλλὰ
3211 1185 3581 1260 μακρόθυμος,
3614 1189 3741 1241 ἐπιο

2164 1290 2337 1362 εικής,
2366 1288 2514 1361 πάσῃ
2543 1287 2586 1318 ’⁸
2629 1283 2854 1354 δυνάμει
2882 1280 3280 1351 ταπεινόφρων·
3321 1278 3570 1349 ἐγκριτος
3596 1274 3742 1332 εἶναι

2164 1383 2259 1439 καὶ
2284 1379 2580 1443 άνεκτικός·
2622 1373 2975 1448 κηδεμονικὸς
3001 1373 3098 1428 καὶ
3117 1370 3428 1443 φιλόψυχος.

2235 1478 2309 1539 ς’.
2341 1471 2535 1540 Ἔλεγε
2575 1468 2738 1523 πάλιν
2764 1469 2799 1538 ή
2841 1464 2998 1538 αὐτὴ,
3034 1464 3117 1520 ὅτι
3159 1462 3261 1517 οὐκ
3311 1451 3566 1533 ἄσκησις,
3613 1459 3741 1514 οὔτε

2158 1562 2461 1636 ἀγρυπνία,
2493 1560 2616 1615 οὔτε
2663 1559 2918 1621 παντοῖος
2947 1556 3109 1619 πόνος
3135 1552 3318 1618 σώζει·
3353 1553 3403 1606 εί
3439 1551 3514 1624 μὴ
3542 1552 3745 1623 γνησία

2165 1651 2651 1727 ταπεινοφροσύνη.
2681 1646 2792 1705 Ἦν
2816 1649 2926 1720 γάρ
2953 1665 3036 1711 τις
3051 1644 3409 1718 ἀναχωρητής
3422 1642 3744 1699 ἀπελαύνων

2165 1748 2443 1820 δαίμονας·
2477 1744 2572 1799 καὶ
2618 1737 2878 1812 ἐξήταζεν
2908 1737 3125 1801 αὐτούς·
3175 1737 3263 1790 Ἐν
3294 1736 3398 1789 τινι
3428 1734 3739 1806 ἐξέρχεσθε,

2170 1843 2228 1895 ἐν
2258 1838 2507 1912 νηστείας
2555 1834 2663 1888 Καὶ
2690 1833 2892 1900 ἔλεγον·
2926 1829 3122 1900 Ἡμεῖς
3160 1826 3283 1881 οὔτε
3313 1825 3589 1895 ἐσθίομεν,
3616 1823 3741 1878 οὔτε

2172 1933 2418 2002 πίνομεν.
2457 1929 2546 1983 Ἑν
2573 1924 2874 1998 ἀγρυπνίας
2908 1921 3021 1975 Kal.
3058 1919 3262 1989 ελεγον·
3312 1918 3505 1989 Ἡμεῖς
3535 1917 3597 1970 ού
3624 1932 3743 1969 κοι-

2177 2022 2425 2095 μώμεθα.
2476 2020 2565 2072 Ἐν
2593 2015 2936 2087 ἀναχωρήσει
2965 2011 3248 2082 ⁸²;Ἦμεῖς
3272 2010 3351 2073 είς
3375 2008 3475 2072 τὰς
3502 2007 3747 2080 ἐρήμους

2173 2113 2450 2183 διάγομεν.
2492 2108 2581 2161 Ἑν
2619 2106 2727 2160 τίνι
2771 2101 2865 2159 οὖν
2903 2101 3231 2173 ἐξέρχεσθε;
3261 2099 3373 2154 Καὶ
3398 2099 3604 2167 ἔλεγον,
3660 2099 3747 2151 ὅτι

2176 2204 2341 2258 Οὐδὲν
2365 2203 2511 2273 ἡμᾶς
2528 2201 2672 2271 νικᾷ,
2696 2199 2743 2252 εί
2778 2198 2852 2270 μὴ
2872 2192 3359 2265 ταπεινοφροσύνη.
3403 2190 3565 2262 Ὁρᾷς
3597 2191 3679 2244 ὅτι
3708 2192 3744 2259 ἡ

2173 2291 2640 2364 ταπεινοφροσύνη
2665 2288 2982 2361 νικητήριόν
3005 2288 3122 2339 ἐστι
3157 2283 3424 2355 δαιμόνων
3450 2302 3466 2350 ;

2249 2469 2314 2533 ζ’.
2366 2464 2501 2521 Εἷπε
2541 2465 2701 2519 πάλιν
2740 2465 2773 2533 ή
2815 2462 3031 2533 Ἀμμᾶς
3073 2457 3345 2531 Θεοδώρα,
3385 2458 3465 2511 ὅτι
3510 2451 3619 2510 Ἦν
3664 2473 3754 2519 τις

2183 2559 2434 2635 μοναχός·
2466 2559 2559 2612 καὶ
2617 2557 2724 2611 ἀπὸ
2782 2553 3021 2626 πλήθους
3054 2552 3164 2606 τῶν
3218 2549 3540 2621 πειρασμῶν
3576 2548 3750 2616 λέγει·

2191 2651 2419 2719 Ὑπάγω
2449 2649 2620 2703 ἐνθεν.
2654 2647 2765 2701 Καὶ
2808 2645 2885 2710 ὡς
2912 2643 3102 2699 ἐϐαλεν
3160 2641 3350 2698 ἐαυτοῦ
3378 2641 3445 2697 τὰ
3472 2639 3754 2702 σανδάλια,

2181 2741 2284 2813 δρᾷ
2307 2739 2592 2813 ἄνθρωπον
2622 2734 2778 2791 ἄλλον
2802 2734 3061 2806 βάλλοντα
3080 2735 3175 2789 καὶ
3205 2732 3367 2787 αὐτὸν
3396 2730 3465 2785 τὰ
3496 2729 3759 2784 σανδάλια

2184 2830 2368 2898 αὐτοῦ,
2411 2831 2506 2885 καὶ
2534 2829 2762 2898 λέγοντα
2808 2825 2980 2897 αὐτῷ·
3029 2826 3105 2879 Οὐ
3147 2824 3214 2879 δι’
3256 2823 3356 2895 ἐμέ
3387 2821 3614 2895 ἐξέρχῃ;
3644 2820 3758 2877 ίδοῦ

2181 2919 2294 2992 ἐγώ
2324 2937 2383 2975 σε
2406 2920 2629 2994 προάγω
2652 2920 2786 2972 ὅπου
2805 2916 2903 2970 ἐάν
2917 2915 3152 2986 ἀπέρχῃ.

2633 3114 2802 3187 Ἀρχὴ
2834 3111 2928 3166 τοῦ
2961 3113 2984 3165 Ι
3011 3110 3298 3182 στοιχείου.

2283 3218 2434 3306 Περί
2450 3230 2555 3287 τοῦ
2582 3227 2730 3285 ἁϐϐᾶ.
2769 3224 3038 3282 Ἰωάννου
3070 3221 3177 3277 τοῦ
3207 3221 3478 3277 Κολοϐοῦ
3511 3220 3646 3291 (85).

2248 3356 2319 3404 α’.
2352 3346 2692 3417 Διηγήσαντο
2724 3357 2793 3395 πε
2804 3338 2857 3409 pi.
2886 3335 2981 3390 τοῦ
3025 3333 3172 3390 esse
3213 3332 3460 3388 Ἰωάννου
3488 3330 3585 3386 τοῦ
3608 3331 3766 3384 κολο-

2178 3439 2299 3503 ϐοῦ,
2329 3440 2411 3492 ὅτι
2434 3432 2792 3507 ἀναχωρήσας
2822 3427 2956 3500 πρὸς
2994 3424 3227 3497 Θηϐαῖον
3255 3422 3487 3493 γέροντα
3508 3422 3589 3485 είς
3617 3421 3765 3491 Σκῆ-

2179 3551 2285 3599 τιν,
2313 3529 2548 3598 ἐκάθητο
2576 3528 2633 3580 ἐν
2657 3526 2726 3595 τῇ
2755 3523 2965 3595 ἐρήμῳ.
3002 3517 3199 3574 Λαϐὼν
3227 3517 3284 3572 δέ
3319 3517 3349 3569 6
3370 3514 3543 3576 άϐϐᾶς
3589 3511 3762 3566 αὑτοῦ

2181 3624 2338 3693 ξύλον
2362 3620 2546 3693 ξηρὸν,
2570 3616 2833 3688 ἐφύτευσε
2876 3612 2971 3667 καὶ
2996 3606 3150 3664 εἷπεν
3183 3606 3351 3679 αὐτῷ·
3378 3605 3517 3661 Καθ’
3540 3602 3765 3676 ἡμέραν

2183 3718 2370 3785 πότιζε
2407 3714 2567 3778 τοῦτο
2589 3711 2844 3781 λαγύνιον
2868 3708 3089 3771 ὕδατος,
3113 3706 3219 3769 ἕως
3265 3701 3474 3774 καρπὸν
3518 3699 3761 3765 ποιήσει.

2180 3806 2291 3865 Ἦν
2323 3809 2381 3863 δέ
2402 3804 2618 3879 μακρὰν
2635 3801 2727 3857 ἀπ’
2757 3798 2936 3853 αὐτῶν
2961 3797 3022 3851 τὸ
3056 3795 3221 3866 ὕδωρ,
3241 3794 3317 3856 ὡς
3346 3791 3453 3845 ἀπὸ
3599 3786 3768 3879 dm):-

2184 3900 2295 3955 θεῖν
2334 3874 2430 3952 κα).
2469 3874 2644 3949 ἐλθεῖν
2688 3887 2854 3961 πρωῒ.
2895 3883 3130 3940 Μετὰδέ
3162 3880 3285 3953 τρία
3325 3878 3440 3950 ἐτη,
3462 3876 3625 3947 ἔζησε
3665 3874 3766 3929 καὶ

2185 3988 2394 4062 καρπὸν
2422 3985 2664 4056 ἐποίησε·
2694 3980 2788 4036 καὶ
2831 3976 3011 4032 λαϐὼν
3040 3978 3068 4030 ὁ
3100 3973 3276 4046 γέρων
3295 3971 3386 4024 τὸν
3411 3966 3621 4041 καρπὸν
3663 3966 3768 4021 ait-

2185 4057 2302 4149 τού,
2345 4081 2575 4153 ήνεγκεν
2629 4078 2710 4139 εἰς
2762 4072 2863 4144 τὴν
2914 4065 3229 4140 ἐκκλησίαν,
3265 4064 3437 4133 λέγων
3467 4062 3580 4124 τοῖς
3606 4057 3767 4113 ἀδελ-

2186 4179 2326 4244 φοῖς·
2349 4171 2580 4235 Λάϐετε,
2597 4168 2798 4241 φάγετε
2826 4161 3037 4233 καρπὸν
3065 4156 3332 4227 ὑπακοῆς.

2265 4348 2331 4418 β’.
2363 4345 2590 4414 Ἔλεγον
2639 4341 2770 4413 περὶ
2799 4338 2895 4394 τοῦ
2924 4337 3068 4392 ἁϐϐᾶ
3102 4334 3350 4390 Ἰωάννου
3390 4330 3485 4386 τοῦ
3515 4328 3763 4397 κολοϐοῦ,

2122 4469 2166 4526 D
2191 4440 2270 4492 ὅτι
2307 4432 2429 4490 εἷπέ
2449 4450 2581 4488 ποτε
2602 4431 2686 4526 et}:
2711 4429 2925 4502 ἀδελφῷ
2947 4425 3113 4484 αὐτοῦ
3144 4425 3223 4526 τῷ
3262 4419 3772 4526 μειζοτέρῳ·.”1ξθε·

2191 4529 2280 4581 λον
2303 4526 2605 4598 ὰμέριμνος
2633 4518 2791 4586 εἶναι,
2826 4520 2903 4585 ὡς
2955 4520 3005 4574 ot
3051 4516 3273 4588 ἄγγελοι
3312 4512 3605 4586 ἀμέριμνοί
3633 4512 3768 4573 εισι,

2198 4617 2361 4691 μηδὲν
2394 4613 2771 4687 ἐργαζόμενοι,
2790 4610 2905 4666 ἀλλ’
2931 4607 3288 4670 ἀδιαλείπτως
3306 4602 3653 4677 λατρεύοντες
3687 4599 3773 4691 τῷ

2195 4688 2331 4778 Θεῷ.
2367 4706 2479 4761 Καὶ
2507 4701 2914 4773 ἀποδυσάμενος
2942 4698 3004 4753 τδ
3043 4696 3277 4771 ἱμάτιον,
3317 4691 3538 4765 ἐξῆλθεν
3566 4692 3645 4755 είς
3666 4688 3771 4761 τὴν

2195 4799 2415 4871 ἔρημον·
2454 4796 2547 4850 καὶ
2576 4795 2809 4866 ποιήσας
2846 4790 3116 4862 ἑϐδομάδα
3148 4787 3277 4859 μίαν
3323 4784 3455 4857 (86),
3482 4780 3772 4852 άνὲκαμψε

2196 4890 2332 4961 πρὸς
2360 4888 2449 4941 τὸν
2478 4886 2702 4955 ἀδελφὸν
2749 4882 2935 4939 αὐτοῦ.
2959 4882 3068 4936 Καὶ
3094 4880 3168 4944 ὡς
3182 4879 3411 4951 ἔκρουσε
3445 4875 3545 4947 τήν
3573 4872 3773 4961 θύραν,

2195 4959 2503 5050 ὑπήκουσεν
2530 4975 2681 5047 αὐτῷ
2710 4975 2839 5047 πρὶν
2891 4972 3113 5038 ἀνοίξει,
3144 4970 3336 5040 λέγων·
3365 4967 3438 5021 Σὺ
3463 4964 3549 5030 τίς
3578 4959 3661 5028 εἷς
3705 4964 3770 5017 ’0

2191 5071 2248 5125 δὲ
2274 5068 2443 5125 εἶπεν·
2489 5068 2630 5138 Ἐγώ
2649 5070 2764 5140 εἰμι
2778 5067 3029 5138 Ἰωάννης
3052 5066 3082 5119 6
3105 5062 3328 5132 ἁδελφός
3352 5077 3466 5115 σου.
3497 5057 3610 5116 Καὶ
3635 5056 3777 5110 ἀπο-

596 5234 640 5270 ⁸⁹
672 5233 733 5288 F.
753 5231 1073 5302 Μανιχαίου.
1149 5229 1194 5260 ²⁶
1227 5229 1311 5282 Al.
1342 5225 1701 5300 φιλαργυρίας
1782 5227 1824 5257 ³⁸
1863 5225 1946 5279 Al.
1974 5224 2075 5278 ύπέ

2186 5225 2344 5281 ἀντα.
2420 5227 2465 5258 η
2491 5223 2575 5278 Al.
2603 5224 2767 5279 inscr.
2801 5221 2896 5275 καὶ
2922 5219 3127 5291 ελεγον.

596 5345 705 5411 (85)
733 5341 1015 5399 Ἰωάννου
1052 5339 1157 5395 τοῦ
1210 5335 1497 5394 Κολοϐοῦ.
1539 5333 1778 5415 Joannes
1819 5334 2078 5415 (iolobtls,

526 5406 623 5473 seu
662 5406 885 5484 parvus,
916 5425 1209 5482 pygmzeus,
1235 5421 1432 5468 nanus,
1477 5412 1690 5467 curtus,
1724 5406 1925 5466 brevis,
1972 5414 2082 5459 sta-

524 5494 646 5540 tura
678 5482 848 5542 brevi,
880 5487 1104 5536 statum
1133 5477 1330 5544 brevis.
1372 5474 1652 5544 Appendix
1690 5475 1757 5529 ad
1790 5472 1938 5527 Vitas
1973 5472 2085 5544 Pa-

525 5563 666 5609 trum
712 5568 776 5623 p._
805 5541 931 5616 996,
962 5563 1085 5623 cap.
1121 5547 1182 5600 ll
1213 5564 1227 5599 :
1272 5541 1523 5623 Dicebant
1565 5546 1740 5623 sancti.
1787 5544 1985 5623 Patres
2018 5541 2083 5623 de

526 5611 729 5678 sancto'
743 5611 966 5689 Joanne,
992 5611 1081 5689 qui
1104 5613 1573 5689 quomiuabatur
1589 5611 1773 5680 Colob,
1804 5613 2084 5669 decurtata

528 5706 630 5763 pro
654 5689 909 5763 Cc!ot~us._
927 5682 1084 5763 apud
1114 5682 1463 5763 Fulbertum:

598 5758 828 5814 Joannes
855 5750 995 5816 abba
1016 5754 1262 5821 parvulus
1298 5761 1527 5816 statura,
1552 5770 1653 5810 non
1678 5750 1978 5809 virtutibus.

2190 5334 2329 5389 Male
2369 5334 2425 5388 in
2472 5333 2757 5394 Ephraemo
2797 5330 3069 5387 Vossius:
3107 5330 3135 5382 6
3162 5327 3444 5389 Κολόϐιος,
3482 5321 3770 5394 Colobyta,

2189 5403 2440 5469 Calybita
2470 5394 2612 5457 aliis.
2639 5403 2721 5458 Ad
2751 5417 2912 5469 quem
2951 5402 3127 5455 locum
3166 5399 3283 5469 vise
3315 5396 3433 5469 Nili
3470 5394 3777 5449 Rouauen-

2189 5467 2481 5545 sis_}’_ita_nt
2504 5490 2533 5527 a
2562 5467 3137 5545 Qaryophilo_editam,
3168 5479 3228 5539 ι).
3272 5467 3360 5523 78.

2261 5542 2374 5609 (84)
2418 5541 2525 5596 Vit.
2562 5541 2713 5597 Patr.
2745 5541 2857 5603 inv,
2886 5541 2939 5595 5.

2285 5603 2374 5679 85)
2423 5610 2530 5667 Vit.
2574 5609 2728 5667 Patr.
2765 5627 2820 5673 χ,
2844 5610 2954 5674 27;
2986 5607 3226 5679 Fulbert.
3253 5604 3291 5660 f.
3326 5603 3448 5679 f_8_3._

2285 5673 2375 5752 86)
2406 5682 2517 5736 Kal
2544 5680 2805 5752 ποιήσας
2834 5678 3128 5752 ἑϐδομάδα
3152 5673 3689 5752 μίαηηβςυιῢεηυει

2371 5760 2472 5807 tem
2500 5752 2610 5807 dies
2628 5743 2897 5822 gramineo
2922 5743 3015 5802 nisi
3038 5749 3096 5820 (1.
3127 5743 3233 5818 vix)
3249 5743 3338 5799 ubi
3356 5744 3522 5800 durat
3542 5743 3765 5815 pabulo.
