3994 6336
282 346 391 405 205

1453 350 2059 409 APOPHTHEGMATA
2100 353 2405 409 PATRUM.

3429 350 3535 410 206

278 460 495 533 κριθεὶς
520 455 672 515 εἶπεν
699 459 868 531 αύτῷ·
913 461 1167 532 Ἰωάννης
1207 463 1428 533 γέγονεν
1459 465 1710 536 ἄγγελος,
1768 467 1863 521 καὶ

1983 468 2192 538 tngelus
2228 466 2407 524 factus
2437 477 2538 533 est,
2573 486 2672 525 nec
2703 472 2937 541 amplius
2983 473 3125 529 inter
3154 469 3407 527 homines
3439 472 3536 528 de.

280 555 384 609 οὐκ
404 551 487 606 ἔτι
504 553 563 605 ἐν
593 550 905 622 ἀνθρώποις
930 552 1097 606 ἐστίν.
1147 554 1204 606 ’0
1228 555 1285 608 δὲ
1311 558 1632 629 παρεκάλει,
1665 557 1861 626 λέγων.

295 647 438 716 Ἑγὼ
463 648 603 717 είμι.
629 645 742 700 Καὶ
769 645 870 698 οὐκ
898 645 1106 716 ἧνοιξεν
1129 647 1299 719 αὐτῷ,
1329 648 1444 704 ἀλλ’
1461 650 1677 722 ἀφῆκεν
1705 649 1867 702 αὐτὸν

280 738 386 802 ἓως
414 737 563 811 πρωῒ
587 736 887 812 θλίϐεσθαι·
924 735 1049 791 ὖστε
1060 754 1148 809 ρον
1176 736 1232 791 δὲ
1262 740 1481 810 ἀνοίξας
1495 741 1664 812 αὐτῷ,
1694 741 1864 809 λέγει·

285 830 606 902 Ἄνθρωπος
633 811 704 895 εἶ,
754 828 944 900 χρείαν
996 828 1140 899 ἔχεις
1186 831 1348 886 πάλιν
1393 811 1723 905 ἐργάζεσθαι
1779 833 1867 886 ἵνα

280 925 519 994 τραφῇς.
553 922 664 976 Καὶ
701 921 858 975 ἔϐαλε
906 922 1219 992 μετάνοιαν,
1270 925 1463 995 λέγων·
1503 925 1866 999 Συγχὼρησόν

286 1028 403 1082 μοι.

354 1106 423 1170 γ’.
452 1094 623 1154 Εἶπεν
645 1100 674 1152 ὁ
700 1098 876 1165 ἀϐϐἄς
913 1101 1169 1173 Ἰωάννης
1190 1103 1219 1156 ὁ
1257 1102 1499 1170 κολοϐὸς,
1538 1104 1620 1157 ὃτι
1650 1102 1744 1156 ἐὰν
1780 1102 1867 1156 θε-

283 1193 429 1268 λήσῃ
477 1190 734 1263 βασιλεὺς
782 1191 935 1245 πόλιν
987 1193 1325 1264 παραλαϐεῖν
1367 1194 1597 1267 ἐχθρῶν,
1622 1195 1683 1248 τὸ
1724 1193 1867 1267 ὕδωρ

286 1284 502 1357 πρῶτον
537 1286 729 1356 κρατεῖ
757 1284 852 1337 καὶ
878 1283 977 1355 τὴν
1016 1285 1240 1356 τροφὴν,
1276 1287 1371 1339 καὶ
1397 1285 1570 1350 οὕτως
1593 1287 1644 1340 οἱ
1679 1286 1868 1358 ἐχθροὶ

281 1379 349 1433 ἐκ
377 1375 474 1430 τοῦ
497 1374 658 1448 λιμοῦ
682 1375 1044 1447 ἀπολλύμενοι
1071 1376 1467 1432 ύποτὰσσονται
1492 1377 1659 1450 αύτῷ.
1680 1376 1867 1442 Οὕτως

282 1470 380 1524 καὶ
428 1470 499 1524 τά
528 1469 677 1540 πάθη
723 1469 822 1540 τῆς
851 1469 1073 1540 σαρκός
1126 1469 1221 1522 ἐὰν
1254 1472 1312 1523 ἐν
1339 1470 1561 1542 νηστείᾳ
1596 1470 1691 1523 καὶ
1722 1467 1868 1540 λιμῷ

287 1560 673 1631 πολιτεύσηται
713 1560 1019 1632 ἄνθρωπος,
1050 1561 1100 1613 οἱ
1132 1561 1318 1633 ἐχθροὶ
1349 1561 1730 1629 ὲξασθενοῦσιν
1760 1562 1868 1615 ἀπὸ

279 1655 382 1724 τῆς
410 1652 593 1724 ψυχῆς
620 1652 808 1708 αὑτοῦ.
1594 1705 1602 1713 .

310 1772 319 1790 δ
349 1744 412 1799 δ’.
445 1741 584 1797 Εἶπε
612 1743 797 1807 πάλιν,
827 1745 908 1797 ὅτι
944 1745 975 1797 ὁ
1002 1743 1398 1817 χορταζόμενος
1436 1746 1529 1800 καὶ
1563 1742 1739 1800 λαλῶν
1769 1761 1863 1815 με·

279 1835 350 1891 τά
377 1835 617 1903 παιδίου,
642 1835 745 1907 ήδη
767 1835 1068 1907 ἐπόρνευσε
1100 1835 1180 1906 τῷ
1202 1836 1446 1908 λογισμῷ
1465 1836 1579 1907 μετ’
1607 1836 1793 1891 αὐτοῦ.

350 2020 413 2069 ε’.
447 2010 585 2069 Εἷπε
633 2010 819 2074 πάλιν,
858 2010 941 2065 ὃτι
987 2010 1378 2084 Ἀνερχόμενός
1424 2027 1556 2065 ποτε
1598 2013 1699 2086 τὴν
1749 2012 1867 2066 ὁδὸν

282 2107 383 2177 τῆς
410 2106 663 2176 Σκήτεως
695 2103 837 2177 μετὰ
876 2103 978 2173 τῆς
1010 2105 1228 2177 σειρᾶς,
1257 2099 1395 2158 εἶδον
1439 2104 1531 2158 τὸν
1559 2103 1867 2176 καμηλίτην

277 2197 569 2262 λαλοῦντα,
607 2197 699 2250 καὶ
730 2194 986 2250 κινοῦντα
1020 2212 1089 2267 με
1119 2197 1199 2260 είς
1241 2196 1434 2265 ὀργήν⁸
1462 2196 1557 2250 καὶ
1585 2196 1753 2260 ἐάσας
1798 2195 1867 2248 τὰ

280 2288 477 2361 σκεύη,
506 2289 728 2359 ἔφυγον.

354 2387 431 2447 ς’.
467 2380 693 2434 Ἀλλοτε
732 2378 895 2433 πάλιν
929 2381 1009 2445 εἰς
1050 2379 1111 2434 τὸ
1152 2378 1331 2452 θέρος,
1364 2376 1595 2450 ἤκουσεν
1634 2375 1867 2448 ἀδελφοῦ

275 2469 572 2534 λαλοῦντος
595 2468 674 2541 τῷ
711 2469 939 2540 πλησίον
974 2469 1092 2540 μετ’
1125 2470 1316 2541 ὀργῆς,
1351 2470 1445 2523 καὶ
1474 2470 1745 2539 λέγοντος,
1780 2464 1867 2534 Δῖ,

279 2563 380 2616 καὶ
412 2561 509 2627 σύ;
538 2561 651 2615 Kal.
684 2560 852 2623 ἐάσας
890 2559 981 2613 τὸν
1015 2559 1294 2632 θερισμὸν,
1325 2558 1548 2630 ἔφυγεν.

351 2652 420 2719 ζ’.
443 2650 797 2722 Εὐκαὶρησάν
818 2666 964 2712 τινες
992 2648 1247 2721 γέροντες
1274 2650 1356 2714 είς
1380 2649 1577 2719 Σκῆτιν
1600 2646 1870 2710 ἐσθίοντες

283 2741 402 2814 μετ’
423 2740 689 2814 ᾱιλλὴλιιιιν⁸
716 2735 787 2812 ἧν
814 2740 873 2794 δὲ
899 2739 1015 2811 μετ’
1038 2738 1216 2793 αὐτῶν
1235 2740 1328 2793 καὶ
1350 2740 1380 2791 ὁ
1403 2739 1578 2802 assa;
1592 2739 1865 2807 Ἰωάννης.

278 2836 395 2890 Ka‘t
417 2834 617 2906 ἀνέστη
638 2850 723 2896 τις
756 2831 1127 2904 πρεσϐύτερος
1153 2832 1324 2901 μέγας
1355 2830 1540 2885 δοῦναι
1566 2831 1627 2884 τὸ
1661 2829 1871 2907 καυκάτ-

276 2928 395 2982 λιον
415 2927 528 2997 (92)
550 2924 643 2979 τοῦ
677 2924 859 2996 νεροῦ·
892 2925 989 2979 καὶ
1017 2924 1193 2988 οὐδεὶς
1225 2921 1548 2989 κατεδέξατο
1579 2923 1764 2978 λαϐεῖν
1776 2926 1872 2979 αὑ-

278 3021 345 3074 τὸ
399 3019 531 3091 παρ’
570 3015 762 3081 αὑτοῦ,
825 3017 873 3069 εί
920 3015 998 3087 μὴ
1054 3015 1212 3086 μόνος
1250 3014 1501 3085 Ἰωάννης
1547 3015 1575 3067 ὁ
1624 3014 1869 3080 κολοϐός.

1966 559 2062 629 git.
2093 559 2161 613 At
2191 559 2280 613 ille
2305 561 2525 626 orabat,
2562 562 2848 632 proferens
2882 581 2896 616 :
2934 562 3044 634 Ego
3081 578 3221 619 sum.
3256 561 3369 619 Nec
3409 578 3539 633 ape-

1968 652 2110 717 ruit,
2150 653 2243 707 sed
2283 653 2502 723 reliquit
2559 668 2684 708 eum
2716 654 2783 708 ad
2816 663 3092 724 posterum
3131 671 3290 712 mane
3347 653 3541 711 confli—

1968 743 2125 797 etari.
2161 742 2354 800 Postea
2382 759 2513 800 vero
2540 744 2813 814 aperiens,
2832 746 2951 800 infit
2982 745 3187 802 :llomo
3214 763 3295 805 es.
3315 761 3539 802 necesse

1967 842 2052 889 est
2079 843 2135 888 ut
2164 835 2359 890 iterum
2390 835 2653 906 opereris,
2683 835 2826 890 unde
2862 837 2977 890 alas
3008 845 3078 890 te.
3112 834 3296 906 itaque
3325 836 3536 892 veniam

1969 924 2196 994 supplex
2225 923 2396 993 petiit,
2426 925 2614 981 dicens
2644 944 2657 979 :
2691 924 2917 995 Ignosce
2954 926 3107 981 mibi.

2039 1106 2092 1160 5.
2128 1105 2244 1175 (87)
2278 1105 2423 1161 Dixit
2460 1107 2631 1163 abbas
2671 1106 2911 1165 Joannes
2941 1108 3144 1165 Curtus
3178 1127 3191 1163 :
3227 1106 3282 1163 Si
3314 1109 3542 1165 voluerit

1969 1194 2267 1267 imperator
2298 1200 2486 1254 urbem
2530 1200 2768 1257 hostium
2803 1216 3108 1271 occupare,
3155 1202 3308 1274 prius
3347 1216 3539 1271 aquam

1968 1295 2024 1344 et
2055 1288 2312 1345 alimenta
2358 1292 2580 1358 retinet,
2615 1291 2804 1363 sicque
2838 1292 3045 1348 inimici
3088 1292 3230 1348 fame
3254 1301 3545 1363 pereuntes

1970 1379 2336 1450 subjiciuntur
2365 1382 2438 1438 ei.
2486 1382 2566 1436 Ita
2610 1397 2828 1453 quoque
2866 1382 3095 1439 allectus
3140 1384 3358 1449 carnis;
3398 1383 3444 1437 si
3490 1383 3542 1437 in

1964 1471 2176 1542 jejunio
2203 1481 2259 1530 et
2283 1472 2425 1529 fame
2461 1474 2626 1529 homo
2655 1474 2870 1540 vixerit,
2909 1475 3115 1531 inimici
3147 1491 3273 1546 erga
3302 1476 3542 1530 animant

1970 1565 2089 1636 ejus
2116 1566 2414 1622 imbecilles
2442 1567 2699 1622 evadunt.

2041 1742 2096 1797 4.
2136 1743 2249 1812 (88)
2286 1742 2433 1798 Dixit
2469 1743 2664 1799 iterum
2699 1760 2713 1797 :
2747 1744 2849 1811 Qui
2888 1751 3042 1799 satur
3073 1753 3186 1810 est,
3221 1753 3271 1799 et
3303 1743 3548 1814 loquitur

1899 1816 1941 1873 Β
1969 1850 2094 1890 cum
2142 1851 2347 1907 puero,
2392 1835 2509 1906 jam
2555 1835 2888 1906 cogitatione
2939 1836 3242 1892 fornicatus
3289 1845 3372 1891 cst
3419 1852 3545 1891 cum

1969 1944 1984 1981 ι
1991 1941 2111 1998 pso.

2040 2018 2093 2073 5.
2132 2017 2244 2089 (89)
2273 2016 2465 2071 Adhuc
2503 2015 2721 2070 retulit:
2748 2014 3067 2071 Ascendens
3097 2015 3391 2087 aliquando
3419 2031 3543 2070 cum

1970 2110 2147 2183 plecta
2178 2124 2277 2181 per
2313 2108 2456 2163 viam
2489 2106 2739 2169 Sceteos,
2776 2107 2974 2161 olfendi
3017 2110 3401 2171 camelarium,
3452 2109 3546 2178 qui

1970 2214 2225 2256 sermone
2268 2214 2370 2255 suo
2413 2214 2501 2254 me
2540 2198 2609 2253 ad
2661 2199 2801 2254 iram
2849 2198 3228 2268 provocabat:
3263 2207 3317 2255 et
3357 2198 3545 2253 relicta

1969 2292 2303 2365 supellectile
2332 2290 2466 2363 fugi.

2040 2382 2094 2438 6.
2135 2383 2248 2454 (90)
2286 2383 2405 2438 Alia
2447 2382 2586 2446 vice,
2618 2396 2743 2437 cum
2785 2389 2950 2437 a‘stas
2986 2390 3152 2443 esset,
3180 2377 3404 2433 audivit
3440 2378 3548 2432 fra-

1972 2480 2110 2530 trem
2154 2474 2464 2544 loquentem
2498 2488 2564 2526 ex
2607 2472 2686 2526 ira
2727 2471 2976 2541 proximo
3002 2486 3125 2534 suo,
3156 2485 3219 2525 ac
3244 2470 3545 2526 dicentem:

1970 2559 2091 2627 Hei,
2127 2569 2183 2614 tn
2212 2560 2468 2631 quoque?
2499 2557 2565 2614 Et
2589 2559 2780 2614 relicta
2811 2574 2988 2615 messe
3020 2559 3177 2630 fugit.

2043 2651 2094 2704 7.
2130 2650 2244 2723 (9|)
2274 2647 2352 2705 Ex
2375 2650 2488 2705 otio
2513 2657 2781 2705 venerunt
2805 2649 2859 2704 in
2893 2648 3097 2705 Scetim
3121 2649 3342 2720 quidam
3367 2666 3549 2715 senes,

1971 2751 2026 2797 et
2068 2741 2234 2797 simul
2276 2742 2460 2796 cibum
2514 2741 2838 2803 sumebant;
2886 2750 3003 2797 erat
3040 2749 3220 2796 autem
3265 2757 3390 2795 cum
3441 2742 3549 2799 illis

1970 2833 2134 2888 etiam
2168 2832 2334 2886 abbas
2359 2829 2619 2887 Joannes.
2651 2830 2902 2886 Surrexit
2936 2846 3068 2902 ergo
3096 2831 3300 2901 aliquis
3342 2846 3552 2902 magnae

1970 2922 2190 2977 virtutis
2209 2922 2513 2994 presbyter,
2534 2928 2594 2976 ut
2615 2936 2772 2992 aqua:
2798 2936 3026 2976 caucum
3052 2922 3237 2987 daret;
3271 2922 3366 2978 sed
3391 2937 3553 2979 nemo

1973 3015 2144 3069 voluit
2189 3014 2257 3069 ab
2288 3029 2354 3069 eo
2393 3015 2669 3084 accipere,
2710 3014 2820 3069 nisi
2863 3014 3014 3087 solus
3040 3014 3279 3094 Joannes
3314 3014 3543 3071 Curtus.

293 3110 650 3181 Ἐθαύμασαν
689 3102 804 3171 οὖν,
840 3108 937 3161 καὶ
968 3103 1121 3160 εἷπον
1159 3105 1325 3178 αὐτῷ·
1354 3107 1478 3170 ΙΙῶς
1520 3107 1584 3159 σὺ
1620 3109 1867 3178 μικρότε-

1983 3106 2145 3179 lgitur
2174 3104 2430 3160 admirati
2460 3113 2610 3171 sunt,
2641 3104 3004 3176 dixeruntque
3031 3108 3079 3162 ei
3110 3123 3124 3160 :
3158 3106 3446 3173 Quomodo
3491 3117 3549 3163 tu

285 3218 380 3274 ρος
404 3200 544 3263 ὅλως
574 3199 620 3229 ⁸³
645 3195 744 3262 ὢν,
779 3195 1084 3267 ἐτόλμησας
1120 3194 1532 3266 ὑπηρετηθῆναι
1566 3194 1717 3265 παρὰ
1769 3194 1864 3248 τοῦ

1983 3213 2098 3254 cum
2147 3198 2224 3254 sis
2271 3196 2516 3252 omnium
2552 3197 2838 3261 minimus,
2878 3213 3048 3253 ausus
3091 3214 3151 3254 es
3184 3199 3548 3256 ministerium

284 3290 694 3366 πρεσϐυτέρου;
716 3288 827 3344 Καὶ
851 3287 1003 3356 λέγει
1032 3288 1236 3350 αὐτοῖς’
1284 3286 1426 3356 Ἐγὼ
1454 3286 1544 3339 ὅτε
1581 3287 1866 3360 ἐγείρομαι

282 3384 466 3438 δοῦναι
485 3383 548 3435 τὸ
576 3380 888 3451 βαυκάλιον,
913 3378 1089 3451 χαίρω
1120 3378 1215 3432 ἐὰν
1254 3377 1455 3441 πάντες
1491 3377 1749 3440 λάϐωσιν,
1780 3378 1868 3431 ἵνα

285 3474 394 3544 ἔχω
425 3470 636 3543 μισθόν·
661 3468 819 3538 κάγὼ
839 3464 931 3523 οὖν
956 3468 1045 3521 διά
1066 3467 1223 3521 τοῦτο
1249 3467 1537 3540 ἐδεξάμην,
1556 3468 1644 3521 ἴνα
1660 3469 1868 3539 ποιήσω

288 3566 435 3637 αὐτῷ
462 3563 675 3637 μισθόν’
718 3563 916 3635 μήπως
939 3559 1179 3632 λυπηθῇ,
1215 3559 1290 3623 ὡς
1320 3559 1543 3632 μηδενὸς
1574 3559 1867 3631 δεξαμένου

289 3659 418 3727 παρ’
440 3654 631 3710 αὐτοῦ.
659 3654 773 3708 Καὶ
809 3651 983 3708 ταῦτα
1015 3650 1180 3705 αὐτοῦ
1224 3651 1491 3714 εἰπόντος,
1525 3650 1865 3722 ἐθαύμασαν,

289 3749 385 3804 καὶ
410 3746 775 3819 ὠφελήθησαν
812 3746 906 3799 ἐπὶ
933 3747 1001 3816 τῇ
1021 3744 1292 3815 διακρίσει
1313 3743 1499 3797 αὐτοῦ.

356 3936 429 4000 η’.
457 3925 785 3998 Καθημένου
827 3923 995 3979 αὐτοῦ
1043 3941 1174 3978 ποτε
1180 3923 1510 4007 ἔμπροσθεν
1547 3923 1646 3993 τῆς
1670 3921 1869 3994 ἐκκλη⁴⁵

287 4020 432 4084 σίας,
463 4018 780 4072 ἐκύκλωσαν
810 4015 972 4069 αὐτὸν
999 4017 1046 4070 οἱ
1072 4015 1321 4085 ἀδελφοὶ,
1352 4016 1445 4069 καὶ
1475 4013 1736 4084 ἐξήταζον
1769 4012 1869 4066 αύ-

285 4112 380 4166 τδν
407 4111 537 4173 τοὺς
572 4108 869 4179 λογισμοὺς
911 4107 1108 4161 αὐτῶν.
1137 4108 1248 4162 Καὶ
1275 4106 1397 4160 ἰδών
1434 4123 1519 4168 τις
1545 4105 1654 4158 τῶν
1680 4103 1869 4174 γερόν-

286 4220 421 4266 των,
452 4202 552 4256 καὶ
577 4199 909 4272 πολεμηθεὶς
938 4201 1018 4263 είς
1047 4197 1259 4268 φθόνον,
1291 4197 1441 4265 λέγει
1472 4195 1639 4266 αὐτῷ·
1659 4196 1732 4249 Τὺ
1749 4195 1873 4267 βαυ-

289 4293 479 4350 κάλιόν
515 4310 632 4358 σου,
675 4292 918 4363 Ἰωάννη,
943 4290 1233 4361 φάρμακον
1269 4289 1318 4320 ’⁸
1347 4289 1531 4360 γέμει.
1571 4288 1737 4356 Λέγει
1776 4288 1874 4341 αύ-

288 4386 369 4456 τῷ
390 4388 417 4439 ὁ
439 4382 616 4447 esse;
658 4383 932 4452 Ἰωάννης
972 4379 1159 4445 Οὕτως
1192 4380 1363 4446 ἐστὶν,
1397 4379 1561 4434 ιίιϐϐἇῖ⁸
1598 4379 1873 4433 καὶτοῦτο

290 4471 473 4539 εἶπας,
509 4475 593 4529 ὅτι
624 4473 694 4527 τὰ
741 4471 846 4536 ἔξω
879 4470 1095 4541 βλέπεις
1126 4471 1305 4540 μόνον’
1340 4472 1389 4526 εί
1419 4471 1476 4525 δὲ
1531 4470 1758 4534 ἐϐλεπες
1805 4470 1872 4523 τά
1910 4494 1951 4548 D

290 4568 420 4628 ἔσω,
437 4566 491 4620 τί
512 4565 660 4637 εἶχες
678 4565 853 4618 εἰπεῖν
871 4579 886 4629 ;

363 4658 430 4711 θ’.
468 4657 698 4725 Ἔλεγον
736 4656 786 4709 ot
832 4653 1099 4725 Πατέρες,
1140 4652 1222 4706 ὅτι
1248 4651 1536 4706 ἐσθιόντων
1576 4651 1708 4705 ποτὲ
1768 4650 1877 4704 τῶν

290 4743 538 4813 ἀδελφῶν
571 4745 630 4797 ἐν
664 4743 880 4815 ἀγάπῃ,
936 4741 1197 4810 ἐγέλασεν
1232 4735 1312 4804 είς
1364 4739 1592 4811 ἀδελφδς
1639 4742 1732 4794 ἐπὶ
1778 4741 1878 4812 τῆς

287 4834 593 4907 τραπέζης.
625 4834 737 4888 Καὶ
769 4832 894 4887 ἰδὼν
910 4832 1075 4886 αὑτὸν
1103 4833 1132 4886 6
1160 4831 1334 4897 άϐϐἄς
1376 4831 1652 4903 Ἰωάννης,
1679 4831 1876 4884 ἔκλαυ-

290 4943 379 4991 cs,
407 4926 601 4996 λέγων*
634 4926 701 4979 Τί
728 4925 838 4995 ἄρα
865 4924 978 4995 ἔχει
1003 4924 1031 4977 ὁ
1069 4923 1295 4992 ἀδελφὸς
1326 4915 1480 4987 οὗτος
1507 4927 1565 4977 ἐν
1586 4925 1651 4994 τῇ
1683 4922 1879 4995 καρδία

366 5102 412 5134 ⁸³
440 5101 525 5155 Al.
556 5101 798 5155 πάντων.
831 5098 933 5152 An.
964 5097 1133 5153 ὅλωνῖ
1194 5098 1241 5130 ’⁵
1273 5095 1333 5153 F.
1357 5096 1674 5166 φαρμάκου.

388 5252 480 5314 87)
516 5251 628 5308 Vit.
655 5253 807 5307 Patr.
836 5269 910 5314 tv,
941 5251 1027 5307 l9.

513 5321 576 5393 In
612 5322 861 5393 Ephrrrm
892 5340 945 5393 ιι.
978 5322 1104 5377 587.

388 5391 480 5459 89)
516 5392 620 5447 Vit.
657 5391 809 5446 Patr.
843 5391 917 5451 ιν,
948 5392 1039 5446 ει).

369 5463 481 5528 (90)
516 5464 749 5533 ᾼρρεηά.
789 5480 841 5533 p.
880 5464 1035 5525 1005,
1069 5480 1122 5519 n.
1155 5461 1242 5521 i5.

372 5532 481 5606 t9!)
516 5531 625 5606 Vit.
669 5531 822 5606 Patr.
855 5551 906 5592 κ.
938 5533 1030 5586 28.
1272 5600 1336 5606 ψ
1467 5600 1476 5606 _
1565 5605 1568 5606 ν
1717 5596 1728 5606 _
1775 5598 1802 5606 γ’

515 5603 590 5674 Ϊό
622 5602 977 5674 summittat
1017 5620 1233 5657 caurus.
1272 5600 1529 5674 llistnria‘
1559 5596 1873 5674 trattslatio-

295 5666 389 5726 mi
421 5666 480 5725 S.
509 5670 832 5733 Stt‘emonii,
865 5673 917 5724 in
955 5674 1107 5728 Actis
1134 5676 1458 5728 Sanctorum
1496 5666 1877 5720 Benedictum-

293 5753 419 5801 rum
451 5742 653 5796 saeculo
708 5754 790 5805 ιιι,
818 5758 871 5811 p.
908 5756 964 5807 tt,
1010 5759 1062 5815 ρ.
1102 5743 1242 5797 192;
1294 5740 1390 5795 L’bi
1446 5753 1539 5810 pro
1599 5736 1880 5799 rercrrntia

1974 3284 2282 3355 presbyteri
2326 3284 2655 3341 admittere?
2690 3284 2779 3338 Ait
2809 3286 2916 3340 illis
2945 3304 2956 3339 :
2989 3285 3102 3356 Ego
3134 3288 3351 3356 quando
3384 3301 3552 3358 surgo

1974 3374 2041 3430 ad
2070 3374 2309 3430 dandum
2348 3374 2608 3440 baucale,
2650 3375 2859 3447 gaudeo
2888 3375 2933 3432 si
2967 3377 3150 3435 cuncti
3195 3378 3550 3448 sumpserint,

1978 3474 2037 3520 ut
2075 3466 2381 3522 mercedem
2420 3466 2667 3537 capiam;
2699 3473 2987 3537 pr0pterea
3029 3481 3160 3537 ergo
3201 3467 3405 3536 accepi,
3443 3482 3553 3537 quo

1974 3557 2025 3613 ei
2072 3556 2341 3613 mercedis
2378 3572 2545 3613 causa
2590 3558 2942 3624 exsistet-em;
2990 3573 3061 3613 ne
3112 3556 3332 3612 tristitia
3377 3557 3553 3612 aﬂice-

1977 3657 2150 3714 retur,
2182 3649 2327 3720 quod
2358 3649 2544 3704 nullus
2573 3649 2641 3704 ab
2680 3649 2800 3718 ipso
2828 3649 3183 3719 suscepisset.
3211 3647 3424 3715 Quibus
3457 3663 3555 3719 per

1977 3740 2129 3794 illum
2159 3739 2551 3810 pronuntiatis,
2576 3738 2760 3794 mirati
2796 3746 2944 3802 sunt,
2969 3753 3180 3793 necnon
3206 3739 3554 3808 profecerunt

1975 3847 2039 3888 ex
2072 3832 2192 3901 ejus
2221 3826 2572 3887 discretione.

2047 3923 2102 3979 8.
2140 3924 2252 3993 (95)
2289 3922 2426 3977 Cum
2464 3921 2676 3977 sederet
2705 3920 2944 3992 quodam
2972 3920 3061 3976 die
3090 3930 3217 3975 ante
3238 3922 3550 3982 ecclesiam,

1977 4010 2175 4070 fratres
2199 4013 2679 4069 circumdederunt
2703 4029 2852 4080 eum,
2882 4013 3348 4083 exquirebantque
3369 4011 3435 4066 de
3458 4028 3555 4065 co.

1976 4104 2332 4174 gitationibus
2364 4104 2502 4159 suis.
2533 4103 2689 4169 Quod
2726 4119 2959 4160 cernens
2990 4119 3020 4157 e
3049 4103 3272 4157 senibus
3303 4102 3549 4171 quidam.

1976 4193 2181 4247 invidia
2220 4194 2482 4265 agitatus,
2517 4194 2655 4249 dixit
2682 4193 2732 4250 ei
2763 4213 2776 4249 :
2806 4194 3039 4248 Baucale
3082 4201 3258 4259 tuum,
3290 4191 3550 4253 Joannes,

1977 4300 2189 4339 veneno
2218 4286 2434 4354 plenum
2472 4293 2576 4340 est.
2617 4283 2919 4356 Respondit
2948 4285 3117 4342 abbas
3156 4283 3399 4343 Joannes
3429 4303 3442 4340 :
3478 4286 3553 4339 Ita

1980 4373 2173 4437 habet,
2215 4375 2385 4434 abba:
2430 4383 2592 4448 atque
2625 4376 2705 4431 sic
2748 4376 2963 4432 locutus
2993 4384 3084 4441 es,
3131 4377 3387 4448 quoniam
3437 4377 3553 4430 sola

1978 4465 2247 4519 exteriora
2270 4465 2577 4536 conspicis;
2607 4466 2651 4521 si
2675 4473 2856 4521 autem
2881 4465 3094 4522 videres
3118 4466 3398 4527 interiora,
3421 4466 3552 4536 quid

1979 4556 2210 4612 haberes
2246 4556 2459 4627 eloqui?

2049 4647 2102 4701 9.
2137 4647 2248 4718 (9i)
2289 4646 2594 4703 Narrabant
2638 4646 2860 4715 Patres,
2903 4648 3048 4719 quod
3096 4646 3554 4703 manducantihus

1980 4738 2274 4808 aliquando
2320 4737 2582 4796 fratribus
2607 4740 2662 4796 in
2692 4754 2880 4810 agape,
2905 4754 3048 4793 unus
3073 4753 3135 4791 ex
3172 4737 3278 4791 illis
3308 4736 3374 4788 ad
3404 4751 3555 4790 men-

1980 4844 2098 4884 sam
2134 4829 2275 4884 risit.
2316 4829 2485 4896 Quem
2530 4829 2758 4888 intuitus
2795 4829 2966 4884 abbas
2999 4826 3259 4885 Joannes.
3302 4825 3551 4895 ploravit,

1982 4920 2223 4991 dixitque
2251 4943 2262 4976 :
2297 4922 2565 4987 Quidnam
2611 4920 2775 4975 corde
2801 4919 2939 4990 gerit
2977 4918 3141 4973 frater
3173 4916 3281 4984 hic,
3308 4915 3450 4986 quod
3480 4917 3555 4970 ri-

1981 5246 2116 5301 beati
2155 5245 2412 5315 martyris
2438 5244 2669 5314 plurima
2712 5242 2923 5314 reliquit
2954 5239 3200 5311 insignia.
3235 5239 3438 5315 scilicet
3464 5258 3554 5295 m-

1978 5321 2103 5371 chos
2137 5311 2499 5382 crystrilliuos.
2532 5326 2579 5368 et
2603 5316 2802 5382 lapides
2823 5311 3113 5380 pretiosos,
3138 5324 3187 5367 et
3229 5314 3347 5365 auri
3383 5311 3554 5379 pluri-

1978 5402 2145 5445 mum,
2176 5384 2239 5437 de
2269 5401 2369 5455 quo
2392 5386 2536 5453 ﬁeret
2568 5402 2677 5455 erg.
2709 5386 2761 5437 in
2801 5401 2900 5452 qua
2934 5399 3121 5450 corpus
3156 5384 3295 5437 beati
3331 5385 3552 5435 Ausim-

1981 5457 2144 5529 monii
2192 5445 2576 5508 reconderetur.
2609 5445 2769 5509 Forte
2814 5445 2920 5525 leg.
2952 5445 3169 5529 caucos,
3200 5470 3395 5509 nomen
3435 5466 3557 5523 per-

1980 5527 2280 5589 vulgatum.

2052 5596 2162 5664 (95)
2208 5593 2313 5664 tiu.
2357 5593 2737 5664 palmus.

2056 5662 2165 5733 (94)
2207 5662 2309 5715 Vit.
2352 5663 2498 5715 Patr.
2539 5680 2618 5725 ιιι,
2644 5663 2697 5718 G.
