3994 6336
401 348 502 402 207

1569 330 1912 386 APPENDIX
1951 331 2042 384 AD
2083 327 2165 382 PA
2177 324 2501 383 LLADIUM.

3567 317 3673 369 208

404 466 564 528 serit,
599 479 720 518 cum
769 461 950 530 potius
987 455 1266 513 debuisset
1311 453 1454 516 flete,
1494 453 1586 523 qui
1635 467 1837 522 agapen
1873 463 1977 529 _co-

2124 444 2266 506 ῦτοῦ,
2321 444 2401 496 ὅτι
2452 441 2726 510 ἐγέλασεν,
2775 431 3004 506 ὀφείλων
3053 434 3254 505 μᾶλλον
3305 431 3556 495 κλαῦσαι,
3593 434 3677 488 ὅτι

403 559 583 617 medat
613 557 636 610 ι

323 649 332 654 “
479 652 562 704 10.
601 649 712 721 (θῦ)
747 646 980 714 Quidam
1021 660 1051 698 e
1086 641 1348 697 fratribus
1385 646 1649 695 venerunt
1696 635 1986 706 aliquando

408 755 466 800 ut
499 749 771 798 tentarent
797 756 958 804 eum;
988 733 1428 808 quandoquidem
1462 746 1570 785 non
1597 729 1810 783 sinebat
1836 743 1987 781 men-

409 848 517 893 tem
552 850 706 891 suam
735 830 974 903 evagari,
1005 843 1105 883 nec
1131 827 1199 882 de
1230 825 1340 880 ullo
1364 821 1550 878 saeculi
1582 819 1746 888 hujus
1773 817 1989 888 negotio

407 927 761 998 loquebatur;
800 930 854 977 et
883 921 1034 974 aiunt
1064 919 1113 972 ei
1143 935 1155 972 :
1183 915 1398 972 Gratias
1429 913 1639 983 agimus
1671 910 1802 976 Deo,
1843 907 1988 979 quod

387 1020 514 1086 Γ]οο
545 1033 686 1072 anno
716 1014 917 1086 pluerit
953 1011 1206 1072 multum,
1240 1015 1293 1062 ct
1324 1006 1514 1074 palma:
1550 1003 1832 1073 adaquatre
1857 999 1988 1065 sint,

427 1115 772 1180 :mittantque
811 1106 1077 1177 germina,
1117 1113 1279 1172 atque
1321 1095 1591 1153 inventuri
1635 1095 1746 1148 sint
1795 1092 1991 1146 fratres

423 1219 518 1273 luo
565 1215 664 1271 pro
706 1212 855 1252 more
907 1194 1158 1249 manibus
1201 1196 1514 1260 operentur.
1564 1182 1864 1253 Respondit
1911 1181 1994 1237 eis

423 1272 578 1348 ilibus
616 1291 856 1346 Joannes
889 1307 901 1342 :
944 1287 1022 1340 lta
1068 1294 1151 1340 est
1182 1282 1418 1352 Spiritus
1462 1289 1686 1333 sanctus
1720 1292 1734 1328 :
1775 1272 1993 1344 quando

419 1385 755 1442 descenderit
784 1383 837 1436 in
870 1379 1034 1436 corda
1064 1377 1366 1438 hominum,
1405 1377 1760 1429 renovantur,
1796 1373 1849 1421 et
1875 1379 1994 1436 ger-

414 1479 558 1532 mina
597 1475 879 1546 proferunt
915 1474 969 1526 in
1006 1473 1203 1524 timore
1231 1465 1345 1520 Dei.

489 1571 576 1623 ll.
615 1568 724 1638 (96)
770 1565 841 1620 lle
867 1579 932 1619 eo
966 1560 1238 1621 dicebant,
1274 1555 1419 1626 quod
1449 1553 1680 1608 texuerit
1703 1548 1996 1622 aliquando

417 1643 648 1731 plectam
677 1658 909 1712 duarum
945 1658 1282 1722 sportarum,
1319 1659 1550 1714 eamque
1589 1659 1697 1697 una
1727 1643 1782 1696 in
1810 1649 1996 1711 sporta

417 1751 753 1808 conﬁcienda
785 1744 1219 1816 consumpserit,
1256 1757 1354 1796 nec
1399 1738 1693 1794 adverterit
1736 1747 1995 1796 mentem,

2090 539 2310 606 ἀγάπην
2338 534 2505 587 ἐσθίει
2527 553 2543 604 ;

2163 636 2213 682 t'.
2239 624 2445 680 τΗλθόν
2469 624 2597 678 ποτέ
2625 641 2769 687 τινες
2801 622 2910 675 τῶν
2949 618 3192 689 ἀδελφῶν
3210 618 3466 690 πειράσαι
3491 616 3675 670 αὐτόν·

2089 723 2170 776 ὅτι
2199 721 2298 774 οὐκ
2332 721 2462 790 ἧφιε
2489 719 2580 771 τὸν
2610 715 2870 786 λογισμὸν
2911 711 3074 766 αὑτοῦ
3111 710 3508 783 ρεμϐασθῆναι,
3557 710 3679 762 οὐδὲ

2090 813 2267 866 ἐλάλει
2286 813 2518 884 πρᾶγμα
2538 809 2631 862 τοῦ
2662 794 2854 870 αἰῶνος
2879 805 3090 859 τούτου’
3107 805 3204 857 καὶ
3236 803 3483 870 λέγουσιν
3507 801 3676 871 αὐτῷ·

2092 904 2540 976 Εὐχαριστοῦμεν
2570 901 2648 973 τῷ
2681 900 2822 972 Θεῷ,
2847 900 2929 952 ὅτι
2966 897 3187 970 ἔϐρεξεν
3221 895 3309 948 ἐπ’
3342 895 3461 958 ἔτος
3485 893 3680 959 πολλά,

2093 999 2186 1050 καὶ
2216 997 2367 1049 ἔπιον
2405 997 2454 1048 οἱ
2487 995 2748 1064 φοίνικες,
2767 993 2874 1046 ’καὶ
2902 990 3224 1046 ἐκϐάλλουσι
3270 987 3557 1050 λευκάδας,
3589 988 3684 1038 καὶ

2093 1090 2436 1160 εὑρίσκουσιν
2489 1087 2538 1139 οἱ
2589 1085 2807 1154 ἀδελφοὶ
2853 1085 2912 1138 τὺ
2941 1083 3254 1156 ἐργόχειρον
3287 1080 3484 1134 αὐτῶν.
3521 1079 3683 1147 Λέγει

2093 1180 2277 1242 αὐτοῖς
2305 1180 2333 1231 6
2382 1177 2559 1240 ὰϐϐᾶς
2599 1175 2870 1247 Ἰωάννης
2899 1173 3088 1238 Οὕτως
3115 1172 3233 1226 ἐστὶ
3263 1172 3324 1224 τὺ
3373 1169 3595 1240 Πνεῦμα
3621 1166 3686 1221 τὺ

2094 1271 2269 1339 ἆγιον·
2298 1270 2424 1323 ὅταν
2452 1267 2666 1340 καταϐῇ
2697 1269 2778 1331 εἰς
2803 1267 2900 1331 τάς
2919 1265 3148 1338 καρδίας
3171 1264 3278 1318 τῶν
3298 1260 3602 1334 ἀνθρώπων
3613 1257 3686 1325 ’⁵,

2095 1362 2464 1428 ἀνανεοῦνται,
2505 1363 2598 1416 καὶ
2621 1361 2941 1416 ἐκϐάλλουσι
2962 1358 3226 1422 λευκάδας
3243 1359 3301 1411 ἐν
3320 1355 3398 1427 τῷ
3419 1352 3568 1425 φόϐῳ
3590 1349 3686 1405 τοῦ

2094 1454 2250 1511 Θεοῦ.

2168 1555 2261 1603 ια’.
2291 1548 2523 1618 Ἔλεγον
2569 1547 2700 1619 περὶ
2731 1545 2921 1611 αὐτοῦ,
2958 1547 3039 1599 ὅτι
3090 1546 3281 1612 ἕπλεξέ
3316 1563 3446 1599 ποτε
3498 1548 3687 1619 σειρὰν

2097 1640 2190 1694 δύο
2219 1640 2515 1711 σπυρίδων,
2545 1639 2637 1692 καὶ
2677 1637 2914 1710 ἔῤῥαῲεν
2959 1637 3127 1710 αὐτὴν
3160 1638 3288 1708 μίαν
3308 1639 3562 1710 σπυρίδα,
3593 1641 3689 1693 καὶ

2099 1733 2197 1785 οὐκ
2226 1733 2474 1802 ἐνόησεν,
2511 1732 2615 1795 ἓως
2644 1731 2984 1802 προσήγγισε
3033 1728 3110 1800 τῷ
3142 1728 3327 1800 τοίχῳ.
3361 1725 3469 1782 Ἦν
3497 1730 3603 1802 γάρ
3658 1731 3691 1784 6

419 1847 594 1900 donec
629 1841 820 1913 parieti
856 1837 1369 1909 appmpinquasset.
1398 1832 1527 1901 Ejus
1551 1830 1752 1902 quippe
1781 1831 1997 1884 animus

2122 1824 2359 1894 ,ογισμδς
2377 1823 2543 1877 αὑτοῦ
2569 1821 2844 1894 σχολάζων
2875 1825 2940 1894 τῇ
2971 1822 3218 1894 θεωρίᾳ.⁹

422 1937 648 1991 \acabat
677 1929 1147 2001 contemplationi.

492 2029 581 2082 12.
615 2027 725 2096 (97)
764 2025 909 2078 Dixit
941 2024 1110 2078 abbas
1143 2020 1382 2074 Joannes
1415 2037 1427 2072 :
1469 2015 1676 2071 Similis
1725 2031 1844 2070 sum
1895 2015 1996 2068 lto-

425 2121 556 2174 mini
590 2118 802 2175 sedenti
835 2115 938 2171 sub
972 2127 1166 2184 magna
1201 2111 1419 2173 arbore,
1455 2125 1518 2162 ac
1553 2109 1818 2178 spectanti
1859 2107 2000 2161 feras

426 2211 624 2266 multas
662 2217 716 2264 et
739 2213 1026 2277 serpentes
1065 2204 1347 2258 venientes
1373 2201 1441 2254 ad
1472 2215 1566 2263 se;
1598 2199 1691 2268 qui
1733 2209 1878 2253 stare
1908 2199 2004 2252 ad-

427 2317 622 2357 versus
651 2314 775 2355 cum
813 2296 1150 2368 nequiverit,
1186 2293 1477 2348 confestim
1518 2291 1764 2346 ascendit
1809 2291 1864 2344 in
1911 2305 2002 2344 ar—

427 2394 636 2456 borem,
673 2407 736 2446 ac
775 2398 1046 2446 servatur.
1083 2385 1158 2439 Ita
1198 2385 1360 2439 etiam
1404 2398 1541 2453 ego;
1574 2380 1739 2437 sedeo
1781 2379 1833 2434 in
1867 2379 2005 2435 cella

430 2498 582 2549 mea;
636 2479 920 2551 conspicio
967 2476 1136 2530 malas
1185 2473 1546 2544 cogitationes
1601 2470 1866 2524 adversus
1921 2483 2007 2523 me

431 2572 814 2638 insurgentes;
873 2578 1111 2634 cumque
1175 2577 1284 2616 non
1344 2559 1564 2613 valuero
1616 2566 1808 2611 contra
1863 2555 2007 2620 illas,

432 2661 498 2713 ad
551 2658 716 2712 Deum
760 2671 854 2728 per
899 2668 1089 2726 preces
1136 2650 1414 2721 confugio,
1460 2649 1646 2719 sicque
1685 2649 1755 2702 ab
1786 2645 2009 2701 inimico

431 2749 653 2818 eripior.

504 2839 591 2893 15.
627 2838 740 2910 (98)
775 2838 979 2894 Retulit
1022 2838 1192 2893 abbas
1223 2836 1444 2892 Pmmen
1475 2834 1542 2890 de
1583 2833 1779 2889 abbate
1803 2831 2012 2886 Joanne

434 2933 659 3000 Colobo,
687 2932 833 3004 quod
863 2933 1042 2988 oravit
1084 2932 1275 2996 Deum,
1306 2939 1362 2984 et
1411 2929 1612 2985 sublati
1662 2929 1730 2982 ab
1777 2944 1841 2982 eo
1886 2937 2014 2983 sunt

436 3024 684 3090 allectus,
704 3023 1020 3092 exstititque
1050 3021 1170 3076 sine
1199 3019 1586 3076 sollicitudine.
1606 3017 1745 3072 Tum
1781 3018 1915 3072 abiit
1945 3017 2013 3072 ad

437 3115 724 3187 quemdam
759 3129 966 3177 senem,
1021 3112 1107 3166 cui
1137 3111 1276 3165 dixit
1306 3129 1318 3166 :
1347 3109 1518 3164 Video
1549 3125 1634 3165 me
1662 3110 1929 3180 quietum,
1961 3117 2014 3166 et

439 3207 586 3259 omni
628 3203 1034 3272 impugnatione
1065 3215 1315 3255 vacuum.
1357 3198 1531 3254 Senex
1568 3207 1748 3251 autem
1784 3199 1860 3252 ait
1894 3199 1969 3252 illi
1997 3217 2011 3254 :

441 3294 608 3359 Vade,
639 3307 768 3362 roga
790 3290 979 3357 Deum,
1012 3300 1069 3344 ut
1101 3290 1195 3344 tibi
1224 3304 1402 3360 pugna
1435 3290 1737 3358 contingat,
1764 3297 1818 3342 et
1847 3304 2011 3358 qttam

440 3386 593 3457 prius
634 3381 928 3446 sentiebas,
971 3381 1250 3436 tribulatio
1295 3388 1458 3450 atque
1503 3379 1830 3434 bumiliatio.
1877 3377 2012 3432 Nam

441 3493 538 3550 per
587 3477 907 3542 certamina,
954 3475 1132 3528 anima
1177 3475 1412 3546 prolicit.
1462 3472 1538 3526 Ita
1580 3488 1711 3544 ergo
1762 3482 2014 3543 precatus

441 3573 544 3621 est.
578 3565 639 3619 Et
679 3565 959 3619 accidente
984 3563 1194 3634 proelio,
1227 3578 1333 3616 non
1369 3561 1602 3631 amplius
1649 3561 1858 3630 rogavit
1896 3560 1949 3614 id
1985 3573 2014 3611 a

446 3674 506 3715 se
553 3656 790 3724 auferri;
833 3657 929 3712 sed
982 3656 1155 3710 dixit:
1193 3654 1440 3719 Domine,
1486 3654 1555 3709 da
1598 3653 1730 3708 mihi
1772 3656 1821 3707 in
1860 3651 2016 3707 bellis

441 3752 806 3807 tolerantiam.

517 3841 602 3896 Η.
631 3841 740 3911 (99)
776 3838 888 3893 lloc
918 3839 1180 3895 relatione
1204 3835 1416 3893 abbatis
1435 3835 1664 3892 Joannis
1684 3835 2013 3890 didicimus:

446 3933 488 3987 E
529 3932 751 3989 senibus
791 3931 987 4002 aliquis
1028 3929 1290 3985 visionem
1337 3928 1528 3982 habuit
1575 3927 1630 3982 iu
1673 3927 1880 3982 exstasi
1921 3941 2018 3982 seu

445 4023 646 4080 mentis
681 4037 912 4079 excessu
946 4039 958 4074 :
993 4022 1134 4076 Ecce
1156 4029 1266 4074 tres
1294 4018 1545 4074 monachi
1573 4025 1844 4073 steterunt
1867 4026 2020 4074 trans

444 4131 624 4182 mare;
662 4116 917 4186 venitque
946 4113 1014 4169 ad
1047 4129 1144 4170 eos
1171 4129 1236 4168 ex
1271 4111 1501 4166 adverso
1527 4110 1709 4165 littore
1734 4125 1836 4164 vox
1869 4111 2019 4180 ejus-

446 4206 593 4261 modi
629 4224 643 4260 :
675 4204 886 4261 Sumite
914 4206 1026 4261 alas
1049 4205 1212 4276 ignis,
1244 4213 1298 4259 et
1327 4202 1568 4258 accedite
1591 4202 1658 4258 ad
1681 4218 1786 4257 me.
1817 4201 1892 4257 Ac
1914 4202 2022 4258 duo

444 4297 664 4368 quidem
707 4311 777 4351 ex
821 4295 925 4350 illis
963 4305 1320 4365 acceperunt,
1357 4304 1520 4366 atque
1570 4295 1636 4349 ad
1677 4294 1827 4350 aliud
1872 4296 2024 4350 littus

443 4384 678 4444 volando
727 4395 1126 4456 pervenerunt;
1164 4386 1355 4441 tertius
1395 4402 1526 4442 vero
1576 4391 1809 4454 mansit;
1856 4388 2024 4443 velte-

2175 2001 2265 2072 ιβ’.
2299 1995 2467 2054 Εἶπεν
2507 2003 2536 2054 6
2567 1999 2744 2062 ἀϐϐἄς
2784 1999 3057 2071 Ἰωάννης,
3081 1999 3161 2052 ὅτι
3197 2000 3422 2070 Ὄμοιός
3460 2002 3574 2073 εἰμι
3601 2003 3692 2056 άν-

2103 2091 2306 2164 θρώπῳ
2320 2091 2616 2163 καθημένῳ
2644 2091 2902 2144 ὑποκάτω
2923 2089 3138 2160 δένδρου
3170 2089 3428 2161 μεγάλου,
3455 2093 3550 2146 καὶ
3567 2091 3696 2144 θεω-

2107 2185 2288 2256 ροῦντι
2317 2183 2482 2255 θηρία
2499 2182 2670 2237 πολλὰ
2699 2184 2794 2236 καὶ
2822 2183 3030 2254 ἐρπετὰ
3057 2181 3326 2253 ἐρχόμενα
3350 2181 3484 2254 πρὸς
3507 2182 3688 2237 αὐτόν*

2107 2278 2199 2330 καὶ
2228 2277 2356 2330 ὅταν
2391 2277 2465 2347 μὴ
2513 2275 2716 2347 δυνηθῇ
2755 2276 2948 2345 στῆναι
2982 2274 3102 2328 κατ’
3137 2273 3337 2338 αὐτῶν,
3371 2275 3550 2346 τρέχει
3581 2275 3694 2329 ἄνω

2107 2371 2187 2432 εἰς
2207 2368 2266 2422 τὸ
2290 2367 2525 2438 δένδρον,
2555 2367 2651 2420 καὶ
2681 2364 2936 2430 σώζεται.
2968 2364 3156 2428 Οὕτως
3184 2365 3362 2434 κάγώ-
3392 2365 3695 2434 καθέζομαι

2109 2462 2166 2514 ἐν
2189 2459 2265 2531 τῷ
2286 2459 2480 2529 κελλίῳ
2501 2477 2623 2530 μου,
2640 2459 2734 2512 xa‘t
2760 2458 2950 2530 θεωρῶ
2975 2460 3102 2522 τοὺς
3120 2458 3387 2529 πονηροὺς
3404 2457 3696 2526 λογισμοὺς

2111 2552 2298 2605 ἐπάνω
2330 2569 2452 2622 μου·
2485 2552 2579 2604 καὶ
2608 2551 2695 2604 ὅτε
2737 2549 2810 2622 μὴ
2869 2551 3072 2621 ἰσχύσω
3112 2550 3250 2622 πρὸς
3284 2551 3499 2614 αὐτοὺς,
3529 2567 3700 2603 κατα-

2113 2643 2300 2712 φεύγω
2331 2644 2464 2715 πρὸς
2494 2642 2586 2694 τὸν
2619 2642 2753 2694 Θεὸν
2777 2641 2864 2695 διὰ
2916 2643 3018 2713 τῆς
3050 2643 3380 2715 προσευχῆς,
3407 2645 3502 2699 καὶ
3526 2643 3699 2710 σώζο-

2116 2754 2213 2806 μαι
2245 2738 2307 2788 ἐκ
2334 2737 2426 2789 τοῦ
2460 2737 2680 2808 ἐχθροῦ.

2187 2835 2274 2896 ιγ’.
2314 2823 2480 2884 Εἶπεν
2510 2833 2536 2884 6
2566 2832 2739 2895 άϐϐᾶς
2770 2831 2981 2903 Ποιμὴν
3005 2829 3240 2903 περὶτοῦ
3271 2829 3416 2884 ἀϐϐἄ
3449 2829 3700 2884 Ἰωάννου

2114 2917 2209 2972 τοῦ
2243 2919 2487 2984 κολοϐοῦ,
2516 2923 2598 2974 ὅτι
2621 2923 2961 2994 παρεκάλεσε
2992 2923 3082 2976 τὸν
3114 2923 3268 2986 θεὸν,
3306 2923 3399 2975 καὶ
3429 2921 3570 2993 ἤρθη
3634 2922 3704 2974 τά

2118 3013 2266 3085 πάθη
2293 3015 2388 3066 ἀπ’
2411 3013 2598 3080 αὑτοῦ,
2648 3016 2742 3067 καὶ
2772 3015 3000 3084 γέγονεν
3037 3015 3370 3086 άμέριμνος.
3398 3015 3509 3070 Καὶ
3537 3015 3707 3068 ἀπελ-

2120 3104 2249 3170 θὼν,
2275 3100 2394 3158 εἶπέ
2417 3122 2522 3158 τινι
2543 3105 2778 3178 γέροντι·
2828 3105 2967 3178 Ὀρῶ
2992 3106 3227 3177 ἐμαυτὸν
3271 3107 3702 3178 ἀναπαυόμενον,

2120 3200 2212 3252 καὶ
2242 3198 2449 3269 μηδένα
2475 3199 2708 3270 πόλεμον
2724 3199 2932 3268 ἔχοντα.
2960 3199 3070 3252 Καὶ
3095 3197 3241 3266 λέγει
3260 3197 3408 3268 αὐτῷ
3442 3199 3471 3250 6
3500 3199 3703 3267 γέρων·

2119 3290 2358 3358 ’Ύπαγε,
2383 3290 2760 3361 παρακάλεσον
2777 3290 2866 3344 τὸν
2893 3289 3046 3356 Θεὸν,
3069 3289 3208 3342 ὥστε
3238 3291 3328 3343 τὸν
3359 3289 3594 3359 πόλεμόν
3623 3307 3708 3342 σοι

2117 3381 2312 3446 ἐλθεῖν,
2341 3383 2435 3436 καὶ
2469 3382 2535 3453 ἣν
2569 3379 2713 3454 εἶχες
2744 3384 3008 3454 πρότερον
3041 3382 3334 3454 συντριϐὴν
3369 3383 3465 3436 καὶ
3511 3382 3706 3436 ταπεί-

2118 3488 2300 3524 νωσιν·
2320 3471 2408 3525 διὰ
2427 3472 2534 3544 γὰρ
2556 3473 2664 3526 τῶν
2685 3473 2938 3544 πολέμων
2960 3474 3258 3545 προκόπτει
3279 3476 3312 3545 ἡ
3341 3474 3507 3545 ψυχή.
3527 3475 3710 3546 Παρε-

2119 3562 2347 3616 κάλεσεν
2380 3559 2495 3630 οὖν,
2527 3565 2619 3618 καὶ
2656 3565 2902 3630 ἐλθόντος
2935 3565 3031 3619 τοῦ
3063 3565 3328 3636 πολέμου,
3379 3566 3478 3619 οὐκ
3503 3566 3583 3620 ἔτι
3615 3567 3711 3619 εῦ-

2121 3655 2250 3721 ξατο
2280 3656 2512 3728 ἀρθῆναι
2536 3658 2698 3712 αὑτὸν
2739 3658 2834 3712 ἀπ’
2873 3657 3063 3724 αὑτοῦ,
3094 3658 3210 3714 ἀλλ’
3252 3657 3425 3727 ἔλεγε·
3463 3660 3561 3724 Δός
3594 3676 3710 3730 μοι,

2124 3749 2314 3824 Κύριε,
2339 3749 2614 3822 ὑπομονὴν
2645 3753 2701 3803 ἐν
2733 3753 2845 3814 τοῖς
2868 3750 3142 3822 πολέμοις.

2195 3842 2275 3897 ιδ’.
2310 3839 2476 3897 Εἶπεν
2508 3845 2536 3896 6
2567 3843 2744 3905 άϐϐἄς
2781 3842 3058 3918 Ἰωάννης,
3092 3843 3175 3896 ὅτι
3207 3839 3316 3896 εἶδέ
3357 3859 3442 3906 τις
3463 3841 3571 3895 τῶν
3615 3859 3714 3911 γε-

2126 3933 2325 4004 ρόντων
2352 3935 2410 3986 ἐν
2444 3934 2716 3986 ἐκστάσειο
2743 3934 2852 3986 Καὶ
2884 3933 2993 3986 ἰδοὺ
3028 3933 3179 4005 τρεῖς
3219 3933 3444 4004 μοναχοὶ
3470 3933 3714 4004 ἐστηκαν

2123 4025 2301 4095 πέραν
2337 4024 2436 4094 τῆς
2465 4024 2762 4095 θαλάσσηςο
2794 4024 2889 4079 καὶ
2920 4023 3137 4092 ἐγένετο
3157 4023 3309 4093 φωνὴ
3340 4023 3475 4095 πρὸς
3511 4022 3714 4087 αὐτοὺς

2123 4119 2189 4170 ἐκ
2209 4116 2302 4171 τοῦ
2321 4116 2480 4171 ἄλλου
2502 4118 2676 4189 πέραν
2709 4117 2774 4179 ’⁸,
2795 4116 3048 4184 λέγουσαι
3075 4113 3284 4168 Λάϐετε
3311 4112 3490 4186 πτερὰ
3513 4113 3711 4184 πυρὸς,

2125 4210 2219 4262 καὶ
2246 4207 2399 4263 δεῦτε
2423 4209 2559 4282 πρὸς
2730 4208 2841 4260 Καὶ
2868 4208 2917 4260 οἱ
2955 4207 3054 4277 μέν
3092 4205 3184 4259 δύο
3213 4204 3426 4271 ἔλαϐον,
3457 4204 3552 4258 καὶ
3578 4205 3714 4257 ἐπε-

2123 4301 2401 4372 τάσθησαν
2428 4305 2507 4366 εἰς
2533 4302 2596 4354 τὸ
2637 4301 2765 4355 ἄλλο
2809 4300 3003 4372 πέρανο
3039 4301 3066 4352 6
3091 4297 3148 4352 δὲ
3174 4297 3331 4362 ἄλλος
3357 4297 3564 4368 ἔμεινε,
3615 4297 3715 4351 καὶ

2125 4391 2308 4445 ἔκλαιε
2352 4393 2557 4462 σφόδρα
2603 4393 2698 4446 καὶ
2754 4391 3006 4462 ἔκραζεν.
3050 4391 3316 4461 ’Ὑστερον
3342 4387 3400 4443 δὲ
3448 4387 3715 4460 ἐδόθησαν

444 4486 768 4548 menterque
786 4476 972 4539 ﬂebat,
1000 4485 1054 4532 et
1093 4477 1386 4531 clamabat.
1424 4477 1620 4532 Postea
1660 4487 1841 4534 autem
1882 4479 2008 4534 data

2127 4481 2388 4552 καὶαὺτῷ
2416 4481 2610 4553 πτερὰ,
2661 4482 2723 4535 οὐ
2767 4482 2950 4552 μέντοι
2991 4481 3182 4554 πυρὸς,
3211 4481 3326 4533 ἀλλ’
3371 4478 3575 4550 ἀσθενῆ
3617 4481 3717 4533 καὶ

441 4571 608 4626 etiam
633 4569 736 4640 ipsi
767 4575 896 4625 sunt
922 4568 1040 4634 alte,
1067 4583 1174 4624 non
1208 4568 1425 4639 quidem
1452 4569 1642 4640 ignem,
1667 4569 1762 4625 sed
1794 4569 2008 4627 inﬁrma

2127 4574 2394 4646 ἁδύναμα’
2429 4574 2523 4628 καλ⁴
2565 4573 2701 4644 μετὰ
2755 4574 3004 4645 καμάτου
3040 4571 3568 4642 καταποντιζόμενος
3617 4572 3717 4624 καὶ

441 4679 506 4718 ac
552 4662 802 4719 debiles:
831 4661 967 4718 adeo
1015 4670 1075 4717 ut
1117 4660 1392 4717 interdum
1438 4661 1744 4727 demersus,
1793 4659 1919 4716 dein
1953 4678 2020 4717 ex

441 4753 603 4823 aquis
643 4768 964 4825 emergens,
999 4767 1124 4809 cum
1168 4752 1355 4808 labore
1393 4759 1448 4808 et
1490 4750 1808 4808 dillicultate
1847 4753 2019 4808 multa

445 4845 897 4903 transfretaverit.
944 4846 1068 4902 Pari
1100 4847 1260 4903 modo
1293 4855 1424 4902 tetas
1454 4845 1598 4911 haec;
1629 4845 1878 4916 quamvis
1905 4846 2019 4902 alas

445 4941 700 5010 accipiat,
723 4958 834 4996 non
861 4949 1043 4998 tamen
1069 4945 1290 5013 igneas;
1319 4939 1415 4998 sed
1436 4938 1686 4995 infirmas”
1704 4939 2021 5009 debilesque

445 5033 534 5086 vix
566 5034 781 5104 accipit.

517 5123 603 5177 l5.
620 5123 898 5196 (l)Frater
913 5125 1264 5196 interrogavit
1284 5124 1532 5181 abbatem
1549 5123 1810 5181 Joannem
1840 5125 2022 5192 :Quo-

447 5213 608 5269 modo
635 5215 816 5270 anima
852 5231 969 5272 mea
1008 5217 1325 5272 vulneribus
1359 5215 1571 5281 aﬂeeta,
1607 5232 1714 5271 non
1747 5217 2027 5273 erubescit

446 5306 664 5376 obloqui
705 5308 772 5362 de
797 5309 1084 5379 proximo?
1116 5307 1257 5362 Dicit
1285 5309 1332 5362 ei
1368 5322 1532 5364 senex
1567 5308 1904 5377 parabolam,
1929 5306 2025 5361 dc-

518 5465 564 5497 "
589 5464 673 5518 AI.
705 5465 894 5532 ἁγίων.
973 5466 1016 5496 ¹⁶
1043 5465 1127 5518 ΔΙ.
1167 5465 1383 5536 μέρους.

517 5575 628 5644 (95)
669 5576 777 5632 Vit.
817 5576 965 5632 Patr.
993 5595 1067 5642 XI,
1105 5578 1189 5634 13.

517 5647 628 5716 (96)
671 5647 772 5701 Vit.
814 5648 967 5703 Patr.
1009 5664 1085 5712 XI,
1123 5649 1204 5703 Η.

513 5718 628 5786 (9η
667 5717 772 5776 γει.
811 5719 963 5775 Patr.
995 5735 1076 5784 ιη,
1110 5719 1234 5776 eos.

514 5783 626 5857 €98)
673 5789 756 5844 Vit
811 5789 959 5847 Patr.
996 5783 1089 5856 vlt,
1113 5792 1176 5854 8;
1209 5791 1264 5844 L.
1300 5790 1523 5845 Climac.
1561 5783 1818 5841 Crad.29
1850 5783 2018 5840 ctDov

2126 4666 2507 4737 ἀνιστάμενος,
2544 4665 2682 4736 μετὰ
2714 4666 2948 4735 θλίψεως
2985 4665 3186 4736 πολλῆς
3220 4661 3383 4735 ἦλθεν
3412 4665 3492 4729 εἰς
3528 4662 3591 4718 τὸ
3621 4664 3718 4716 πέ-

2131 4775 2246 4829 ραν.
2285 4757 2468 4821 Οῦτως
2505 4759 2655 4830 καὶὴ
2689 4757 2854 4827 γενεὰ
2880 4757 3042 4829 αὕτη,
3080 4757 3242 4811 εἶκαὶ
3268 4755 3536 4828 λαμϐάνει
3583 4772 3718 4808 πτε-

2131 4845 2219 4919 ρά,
2241 4847 2301 4900 οὐ
2357 4847 2540 4918 μέντοι
2567 4849 2762 4921 πυρὸς,
2802 4847 2938 4902 ἀλλὰ
2969 4848 3124 4918 μόλις
3155 4847 3357 4918 ἀσθενῆ
3381 4846 3475 4902 καὶ
3507 4845 3712 4901 ἀδύνα-

2135 4956 2209 5010 μα
2234 4939 2518 5010 λαμϐάνει.

2202 5131 2282 5179 ιε’.
2335 5124 2586 5194 Ἀδελφὸς
2611 5124 2862 5196 ἠρώτησε
2882 5125 2973 5179 τὸν
2997 5125 3173 5180 άϐϐἅν
3207 5121 3482 5195 Ἰωάννην,
3509 5121 3713 5192 λέγων·

2133 5215 2257 5278 Πῶς
2280 5217 2312 5285 ή
2337 5215 2480 5288 ψυχή
2521 5235 2622 5287 μου
2652 5217 2851 5288 ἔχουσα
2891 5217 3213 5290 τραύματα,
3259 5217 3360 5271 οὐκ
3392 5213 3717 5286 αἰσχύνεται

2133 5306 2458 5360 καταλαλεϊν
2488 5309 2581 5361 τοῦ
2601 5309 2859 5378 πλησίον;
2893 5309 3054 5380 Λέγει
3087 5307 3235 5379 αὑτῷ
3264 5306 3294 5359 6
3322 5304 3499 5378 γέρων
3528 5319 3716 5375 napa-

2133 5575 2277 5631 roth.
2313 5574 2495 5628 Doctr.
2527 5574 2612 5628 15.

2203 5644 2636 5717 (99)__l'it._l’atr.
2672 5659 2822 5717 xvnt.
2855 5643 2903 5696 8.

2203 5714 2418 5784 (Ηνίι.
2463 5714 2614 5768 Patr.
2647 5730 2718 5781 tv,
2747 5714 2826 5768 10.
