3994 6336
227 348 235 355 ’
246 348 347 405 209

1411 351 2023 409 APUPHTIIEGMATA
2063 352 2370 408 I’ATRUM.

3390 351 3500 409 ειο

146 548 149 551 Δ
247 468 408 539 δολὴν
426 468 517 523 διὰ
536 470 635 542 τὴν
664 468 1012 526 καταλαλιάν·
1044 471 1366 543 Ἄνθρωπός
1392 489 1475 535 τις
1498 467 1566 543 ἦν
1590 473 1825 543 πτωχὸς,

1945 473 2225 527 Lractionis
2251 485 2416 541 ergo:
2439 468 2566 523 Erat
2601 469 2764 524 homo
2789 469 3007 540 quidam
3039 484 3263 540 panper,
3287 478 3339 520 et
3369 482 3502 520 uxo~

247 562 337 614 καὶ
382 557 498 632 εἶχε
526 565 759 631 γυναῖκα
781 580 796 595 θ
847 559 954 617 εἶδε
987 563 1045 616 δέ
1077 564 1172 617 καὶ
1197 562 1385 633 ἄλληνι
1410 562 1693 635 πειθανὴν,
1727 564 1824 617 καὶ

249 651 401 705 ἔλαϐε
429 650 634 723 ταύτην
651 669 664 683 ο
684 649 825 724 ἦσαν
849 653 906 707 δὲ
937 655 1241 726 ἀμφότεραι
1263 654 1488 724 γυμναί.
1523 654 1824 724 Γενομένης

246 741 301 794 δέ
352 744 717 815 πανηγύρεως
753 745 811 797 ἐν
858 744 965 800 τινὶ.
1002 745 1181 816 τόπῳ,
1240 745 1617 815 παρεκάλεσαν
1665 744 1825 797 αὐτὸν

246 831 505 903 λέγουσαι
525 851 539 866 ·
562 831 732 906 *Αρον
757 837 906 906 ἡμᾶς
934 836 1071 906 μετὰ
1096 835 1213 889 σοῦ.
1239 837 1351 890 Καὶ
1383 835 1562 889 λαϐὼν
1585 835 1684 899 τὰς
1709 834 1822 898 δύο,

248 923 437 978 ἔϐαλεν
480 926 562 988 εἰς
594 924 750 978 πίθον
773 941 788 955 ⁸
823 926 918 979 καὶ
955 926 1129 996 ἐμϐάς
1168 926 1249 989 είς
1298 925 1501 991 πλοῖον,
1552 921 1716 996 ἦλθεν
1746 925 1825 989 είς

245 1018 337 1071 τὸν
363 1017 555 1072 τόπον.
587 1018 719 1072 Ὅτε
749 1019 804 1072 δὲ
849 1018 1040 1088 γέγονε
1090 1018 1301 1091 καῦμα,
1338 1019 1434 1074 καὶ
1466 1018 1746 1090 ἡσύχασαν
1777 1020 1826 1072 οι

245 1107 558 1180 ἂνθρωποι,
593 1107 942 1179 ἀναϐλέψασαι
991 1111 1027 1181 η
1072 1110 1189 1180 μία,
1229 1110 1324 1164 καὶ
1360 1109 1567 1180 μηδένα
1613 1108 1826 1174 ἰδοῦσα,

245 1197 584 1270 ἐξεπήδησεν
615 1200 693 1263 εἰς
732 1199 829 1271 τὴν
865 1200 1117 1273 κοπρίαν,
1151 1202 1247 1256 καὶ
1295 1201 1569 1266 συνάξασα
1614 1202 1816 1257 παλαιὰ

252 1289 435 1359 ῥάκη,
473 1290 729 1361 ἐποίησεν
763 1292 933 1364 ἐαυτῇ
970 1292 1297 1364 περίζωμα.
1342 1294 1437 1347 καὶ
1473 1293 1657 1348 λοιπὸν
1693 1292 1832 1364 μετὰ

249 1378 563 1451 παρρησίας
608 1380 955 1451 περιεπάτει.
1018 1382 1084 1435 Ἦ
1128 1382 1187 1436 δὲ
1219 1382 1353 1455 άλλη
1398 1382 1508 1437 ἔσω
1541 1382 1829 1454 καθημένη

250 1469 455 1542 γυμνὴ,
481 1471 705 1541 ἔλεγεν
749 1472 878 1525 Ἰδοὺ
927 1470 1075 1543 αὕτη
1114 1474 1148 1544 ἡ
1183 1473 1353 1544 πόρνη
1388 1474 1487 1526 οὐκ
1518 1472 1830 1542 αἰσχύνεται

251 1562 625 1634 περιπατοῦσα
664 1564 864 1634 γυμνή.
901 1563 1257 1635 Διαπονηθεῖς
1308 1564 1365 1618 δὲ
1409 1567 1439 1617 6
1476 1566 1615 1637 ἀνὴρ
1661 1563 1831 1634 αὐτῆς

251 1649 400 1708 εἶπεν
423 1670 437 1685 ·
473 1650 545 1707 Ὦ
573 1653 757 1726 θαῦμα
776 1673 791 1688 ’
837 1655 978 1727 αὕτη
1006 1656 1111 1712 κᾶν
1162 1657 1357 1712 σκέπει
1385 1657 1484 1729 τὴν
1520 1656 1833 1727 ἀσχημοσύ-

251 1762 349 1816 νην
391 1746 564 1817 αὐτῆς
586 1763 599 1776 ·
635 1746 700 1801 σὺ
727 1746 783 1800 δὲ
810 1746 906 1818 ὅλη
948 1747 1132 1818 γυμνὴ
1166 1742 1237 1810 εἷ,
1270 1748 1365 1801 καὶ
1411 1748 1585 1801 ταῦτα
1612 1749 1712 1801 οὐκ
1749 1748 1833 1800 al-

256 1836 423 1912 σχύνῃ
447 1815 683 1893 λαλοῦσα
707 1856 723 1906 ;
754 1815 940 1904 Οὕτως
976 1815 1095 1893 ἐστὶ
1120 1815 1215 1893 καὶ
1244 1839 1304 1892 τὸ
1347 1838 1445 1910 τῆς
1475 1839 1825 1903 καταλαλιᾶς.
1865 1815 1905 1874 Β

326 2107 421 2167 ις’.
462 2101 654 2170 Ἔλεγε
679 2102 735 2155 δὲ
768 2101 927 2156 πάλιν
957 2101 1033 2173 τῷ
1068 2102 1281 2173 ἀδελφῷ
1313 2103 1342 2155 6
1372 2103 1549 2175 γέρων
1580 2105 1708 2176 περὶ
1735 2105 1834 2175 τῆς

251 2192 431 2264 ψυχῆς
458 2194 554 2265 τῆς
580 2193 841 2266 θελούσης
870 2194 1234 2265 μετανοῆσαι·
1271 2193 1450 2267 Πόρνη
1476 2190 1545 2266 ἦν
1575 2195 1752 2266 ὡραῖα
1778 2197 1835 2249 ἐν

253 2287 360 2339 τινὶ
389 2285 562 2349 πόλει,
588 2286 683 2339 καὶ
706 2285 932 2350 πολλοὺς
960 2286 1144 2355 φίλους
1172 2282 1341 2357 εἶχεν.
1384 2285 1584 2340 Ἐλθὼν
1613 2286 1669 2340 δέ
1699 2286 1835 2359 πρὸς

252 2377 424 2448 αὐτὴν
448 2372 528 2442 εἷς
552 2378 755 2450 ἄρχων,
784 2374 936 2432 εἶπεν
962 2380 1098 2449 αύτῇ
1122 2394 1134 2407 ·
1165 2377 1366 2432 Σύνθου
1398 2396 1488 2449 μοι
1513 2381 1831 2450 σωφρονεῖν,

257 2467 413 2536 κάγώ
449 2486 506 2522 σε
537 2468 800 2541 λαμὸάνω
824 2472 902 2533 είς
922 2473 1177 2538 γυναῖκα.
1212 2472 1278 2523 Ἦ
1300 2469 1358 2523 δὲ
1382 2470 1636 2524 συνέθετο
1661 2470 1829 2541 αύτῷ.

258 2561 366 2612 Καὶ
398 2559 580 2613 λαϐὼν
612 2560 782 2632 αὐτὴν
815 2562 1100 2632 ἀπήγαγεν
1127 2563 1206 2625 είς
1232 2561 1321 2614 τὸν
1351 2557 1499 2615 οἷκον
1528 2561 1716 2616 αὑτοῦ.
1770 2562 1834 2614 Οἱ

254 2651 309 2703 δὲ
342 2650 486 2719 φίλοι
531 2651 735 2721 αὐτῆς,
772 2652 1059 2722 ζητοῦντες
1091 2652 1282 2721 αὐτὴν,
1330 2651 1546 2722 ἔλεγον·
1591 2653 1649 2706 '0
1691 2652 1836 2707 δεῖνα

254 2746 285 2797 ό
314 2742 502 2815 ἄρχων
530 2742 721 2796 ἔλαϐεν
754 2743 923 2814 αὐτὴν
956 2745 1035 2806 εἰς
1067 2743 1158 2797 τὸν
1191 2739 1339 2797 οἷκον
1378 2744 1545 2797 αὐτοῦ
1564 2761 1577 2774 ·
1608 2743 1704 2797 ἐὰν
1743 2741 1835 2799 οὖν

255 2830 581 2901 ἀπέλθωμεν
609 2832 689 2895 είς
713 2832 803 2884 τὸν
836 2828 981 2885 οἷκον
1012 2832 1055 2863 ³⁷
1103 2830 1292 2897 αὐτοῦ,
1328 2833 1423 2887 καὶ
1458 2831 1629 2903 μάθῃ,
1664 2849 1836 2902 τιμω-

260 2926 434 2993 ρεῖται
462 2924 627 2993 ἡμᾶς.
673 2923 832 2976 Ἀλλὰ
857 2923 1012 2976 δεῦτε
1038 2923 1213 2977 ὀπίσω
1249 2926 1350 2995 τῆς
1374 2922 1572 2987 οἰκίας,
1605 2924 1700 2977 καὶ
1739 2939 1834 2975 συ-

262 3015 504 3083 ρίσωμεν
529 3017 666 3087 αὐτῇ
690 3033 702 3046 ·
733 3016 825 3068 κα)⁸
853 3015 1192 3088 γνωρίζουσα
1221 3016 1318 3088 τὴν
1345 3016 1528 3088 φωνὴν
1555 3015 1648 3069 τοῦ
1690 3033 1838 3087 συρι-

258 3105 426 3177 γμοῦ,
454 3107 771 3161 καταϐαίνει
806 3107 942 3179 πρὸς
965 3109 1135 3178 ἡμᾶς,
1166 3107 1260 3161 καὶ
1289 3110 1446 3179 ἡμεῖς
1489 3107 1718 3161 ἀναίτιοι
1751 3109 1839 3162 εὑ-

262 3198 587 3269 ρισκόμεθα.
630 3200 934 3253 Ἀκούσασα
962 3195 1053 3253 οὖν
1080 3199 1175 3253 τοῦ
1206 3198 1475 3270 συριγμοῦ
1495 3240 1511 3266 ,
1539 3199 1839 3270 ἐσφράγισε

260 3293 330 3343 τὰ
355 3284 473 3345 ὦτα
497 3290 687 3360 αὐτῆς,
712 3291 805 3344 καὶ
833 3292 1189 3362 εἰσεπήδησεν
1215 3293 1294 3355 εἰς
1314 3291 1403 3345 τὸν
1432 3291 1708 3363 ἐνδότερον
1733 3309 1841 3345 κοι-

264 3383 428 3447 τῶνα,
462 3385 557 3436 καὶ
591 3382 797 3435 ἔκλεισε
826 3382 921 3442 τάς
954 3382 1142 3454 θύρας.
1183 3383 1377 3451 Ἔλεγε
1408 3382 1484 3449 δὲ,
1513 3383 1612 3453 τὴν
1635 3383 1840 3455 πόρνην

264 3471 404 3527 εἶναι
451 3473 550 3544 τὴν
580 3474 758 3545 ψυχήν
784 3491 798 3506 ο
837 3474 886 3526 οἱ
930 3473 987 3527 δὲ
1037 3473 1180 3542 φίλοι
1225 3473 1397 3543 αὐτῆς
1443 3476 1547 3527 είσι
1589 3474 1660 3528 τὰ
1692 3475 1839 3546 πάθη

266 3568 359 3619 καὶ
385 3570 431 3619 οἱ
480 3566 792 3638 ἄνθρωποι·
838 3568 866 3619 6
908 3565 965 3618 δὲ
1011 3565 1192 3636 ἄρχων
1234 3566 1380 3619 ἐστὶν
1411 3567 1439 3619 6
1496 3566 1768 3638 Χριστόςο
1808 3569 1841 3637 ἠ

265 3659 323 3711 δὲ
353 3660 502 3713 οίκία
532 3662 565 3730 ἡ
597 3658 838 3730 ἐσωτέρσ.
864 3659 1065 3729 ἐστὶνὴ
1094 3658 1285 3712 αἱωνία
1319 3659 1473 3729 μονή.
1508 3660 1571 3711 Οἱ
1601 3658 1657 3711 δὲ
1695 3659 1844 3729 συρί-

267 3751 453 3815 gevas;
477 3751 615 3822 αὐτῇ
643 3752 779 3804 εἰσιν
803 3753 854 3805 οἱ
893 3750 1116 3822 πονηροὶ
1139 3749 1392 3820 δαίμονες
1415 3765 1426 3777 '
1464 3749 1603 3821 αὐτὴ
1645 3749 1702 3803 δὲ
1732 3749 1846 3803 δια-

268 3843 472 3906 παντὸς
508 3841 696 3910 φεύγει
735 3843 869 3913 πρδς
902 3841 991 3894 τὸν
1028 3840 1243 3912 Κύριον.

347 3930 433 3994 ιζ’.
482 3932 886 3994 ’Λναϐαίνοντός
934 3948 1062 3985 ποτε
1106 3930 1201 3983 τοῦ
1245 3929 1391 3985 ἀ66ᾶ
1448 3931 1693 3985 Ἰωάννου
1738 3932 1847 3986 ἀπὸ

270 4021 528 4090 Σκὴτεως
576 4021 693 4089 μετ’
738 4019 912 4073 ἄλλων
953 4018 1218 4090 ἀδελφῶν,
1262 4019 1540 4090 ἐπλανήθη
1570 4023 1598 4074 6
1638 4021 1847 4092 ὁδηγῶν

273 4109 508 4173 αὐτούς’
544 4105 612 4180 ἦν
641 4108 750 4180 γὰρ
795 4108 911 4175 νύξ.
969 4110 1079 4161 Καὶ
1131 4108 1377 4177 λέγουσιν
1410 4110 1460 4161 οί
1511 4108 1729 4178 ἀδελφοὶ
1771 4108 1849 4179 τῷ

276 4200 426 4254 ἀεῖδᾶ
462 4197 715 4271 Ἰωάννῃ·
764 4197 829 4251 Τί
866 4199 1182 4270 ποιήσομεν,
1212 4196 1377 4262 άὸϐᾶ,
1406 4197 1488 4250 ὅτι
1516 4196 1791 4268 ἐπλανήθη
1822 4200 1850 4250 ὁ

277 4291 506 4361 ἁδελφὸς
534 4291 633 4364 τὴν
663 4290 800 4355 ὁδὸν,
853 4292 1048 4362 μήπως
1075 4289 1437 4361 ἀποθάνωμεν
1474 4286 1849 4360 πλανώμενοι;

277 4384 442 4451 Λέγει
488 4384 673 4446 αὐτοῖς
711 4384 740 4436 6
776 4383 987 4453 γέρων·
1031 4380 1156 4434 Ἐάν
1195 4379 1440 4451 εἴπωμεν
1469 4378 1640 4450 αὐτῷ,
1670 4379 1851 4433 λυπεῖ-

280 4493 368 4528 ται
398 4475 494 4529 καὶ
534 4473 869 4545 αἰσχύνεται.
917 4472 1054 4525 Ἀλλ’
1101 4472 1207 4526 ἰδοὺ
1249 4471 1388 4524 ποιῶ
1425 4471 1660 4541 ἐμαυτὸν
1689 4471 1850 4524 ἀσθε-

281 4567 508 4632 νοῦντα,
544 4567 636 4619 καί
665 4564 838 4635 λέγω,
885 4564 960 4617 Οὐ
998 4562 1234 4633 δύναμαι
1262 4561 1517 4625 ὁδεῦσαι,
1546 4560 1680 4615 ἀλλὰ
1708 4561 1852 4631 μένω

280 4652 384 4711 ᾆδε
422 4659 528 4722 ἓως
570 4659 733 4727 πρωϊ.
768 4656 876 4709 Καὶ
925 4654 1180 4725 ἐποίησεν
1229 4653 1421 4716 οὕτως.
1468 4654 1531 4705 υἱ
1579 4653 1636 4706 δέ
1680 4651 1854 4705 λοιποὶ

281 4752 468 4808 εἷπονθ
499 4754 634 4807 Οὐδὲ
673 4754 833 4823 ἡμεῖς
867 4749 1173 4818 ὑπάγομεν,
1211 4745 1347 4800 ἀλλὰ
1385 4745 1672 4816 καθήμεθα
1722 4744 1855 4814 μετὰ

282 4848 401 4905 σού,
448 4847 556 4899 Καὶ
590 4845 850 4899 ἐκάθισαν
893 4840 998 4903 ἓως
1032 4838 1177 4910 πρωῒ
1198 4853 1211 4866 ·
1243 4840 1333 4892 καί
1362 4838 1453 4892 τὸν
1494 4837 1716 4905 ἀδελφὸν
1758 4835 1857 4888 οὐκ

280 4944 305 4992 ἐ
315 4938 691 4993 σκανδάλισαν.

357 5037 448 5099 ιη’.
488 5029 665 5100 Γέρων
717 5044 799 5090 τις
831 5023 898 5099 ἦν
944 5029 1001 5080 ὲν
1048 5026 1264 5096 Σκὴτει,
1303 5021 1520 5082 πονικὸς
1556 5020 1653 5090 μὲν
1694 5021 1751 5072 ἐν
1782 5018 1859 5089 τῷ

284 5118 605 5191 σωματικῷ,
639 5118 739 5171 οὐκ
768 5117 998 5188 ἀκριϐὴς
1020 5117 1076 5170 δὲ
1103 5118 1161 5169 ἐν
1182 5116 1292 5177 τοῖς
1323 5113 1619 5181 λογισμοῖς.
1661 5109 1858 5179 ’Δπῆλ-

282 5217 378 5267 θεν
412 5210 504 5269 οὖν
547 5211 680 5283 πρὸς
714 5210 803 5263 τὸν
844 5210 1018 5264 ἁϐϐᾶν
1074 5206 1346 5276 Ἰωάννην,
1385 5203 1655 5274 ἐρωτῆσαι
1698 5200 1860 5254 αὑτὸν

288 5307 418 5373 περὶ
461 5306 559 5375 τῆς
602 5303 810 5374 λήθηςο
862 5303 955 5356 καὶ
1003 5298 1242 5362 ἀκούσας
1293 5296 1420 5367 παρ’
1476 5293 1640 5348 αὐτοῦ
1681 5292 1857 5361 λόγον,

288 5393 629 5465 ὑπέστρεψεν
669 5395 749 5457 εἰς
791 5394 889 5462 τὴν
920 5391 1113 5445 κέλλαν
1156 5387 1342 5455 αὐτοῦ,
1380 5387 1472 5441 καὶ
1512 5383 1803 5440 ἐπελάθετο
1834 5382 1862 5435 δ

368 5549 405 5576 ³³
431 5549 513 5600 Al.
543 5546 639 5615 τὴν
662 5546 849 5616 θύραν.

371 5685 444 5742 1‘3»
488 5682 590 5736 ι’ῑι.
635 5680 783 5733 l’alr.
826 5697 897 5741 tv,
934 5680 1013 5731 15.

382 5750 452 5817 l5}
485 5751 588 5807 l'it.
632 5747 783 5804 Patr.
811 5764 943 5817 aut,
973 5750 1022 5802 7.

1929 573 2103 627 ratus,
2134 562 2227 631 qui
2262 562 2421 616 aliam
2462 560 2744 615 mulierem
2771 561 3074 631 speciosam
3106 560 3355 625 intuitus,
3380 575 3501 615 eam

1926 634 2144 724 quoque
2181 654 2456 709 connubio
2493 653 2596 709 sibi
2636 652 2947 723 copulavit;
2984 653 3155 707 amba:
3183 670 3313 708 vero
3341 660 3503 709 erant

1927 744 2106 798 nudae.
2142 745 2279 798 Cum
2311 751 2491 799 autem
2528 741 2785 797 nundinae
2830 741 3233 797 celebrarentur
3269 743 3496 805 alicubi,

1928 843 2259 906 rogaverunt
2307 835 2521 900 virum,
2577 834 2861 890 dicentes:
2896 833 3007 890 Nos
3066 842 3241 889 tecum
3293 835 3499 889 ducito.

1929 924 2110 992 Quare
2165 935 2453 996 utramque
2502 932 2836 995 assumptam
2884 926 2940 979 in
2995 924 3142 979 dolio
3183 923 3502 988 collocavit;

1928 1018 2164 1087 navique
2215 1031 2519 1072 conscensa
2569 1017 2637 1071 ad
2684 1024 2961 1071 mercatus
3014 1015 3191 1069 locum
3240 1012 3502 1083 pervenit.

1930 1107 2225 1178 Postquam
2281 1115 2463 1161 autem
2509 1114 2677 1162 aestus
2723 1105 2831 1161 diei
2880 1104 3119 1169 advenit,
3163 1110 3218 1159 et
3260 1103 3509 1160 homines

1930 1199 2100 1270 quieti
2147 1214 2206 1254 se
2253 1197 2554 1264 dederunt,
2615 1214 2720 1254 una
2771 1212 2959 1253 earum
3009 1195 3345 1265 respiciens,
3409 1210 3510 1250 nec

1931 1305 2261 1363 quemquam
2295 1291 2509 1356 intuita,
2542 1291 2716 1346 exiliit
2758 1290 2814 1345 in
2858 1289 3284 1360 sterquilinium,
3310 1289 3511 1342 veteri-

1932 1385 2145 1454 busque
2184 1382 2380 1453 pannis
2410 1383 2675 1447 collectis,
2701 1382 2807 1439 sibi
2829 1381 3226 1451 subligaculum
3250 1377 3507 1439 confecit,

1934 1489 1998 1530 ac
2024 1474 2225 1529 deinde
2252 1488 2376 1527 cum
2407 1472 2603 1527 fiducia
2625 1472 2965 1528 ambulabat.
3000 1473 3183 1526 Altera
3211 1486 3338 1526 vero
3363 1471 3509 1523 intus

1934 1563 2136 1620 sedens
2187 1563 2367 1626 nuda,
2418 1561 2593 1616 dixit:
2627 1562 2764 1617 Ecce
2806 1565 3141 1616 meretricem
3186 1560 3344 1623 hanc,
3401 1575 3508 1614 non

1934 1654 2208 1711 erubescit
2254 1654 2399 1709 nnda
2444 1653 2716 1707 incedere.
2773 1653 2846 1705 At
2883 1667 3024 1722 aegre
3062 1652 3240 1707 ferens
3279 1654 3509 1709 maritus

1935 1747 2149 1817 excepit
2183 1765 2195 1800 :
2226 1745 2360 1799 Rem
2394 1744 2623 1798 miram!
2659 1742 2776 1813 ipsa
2809 1744 3001 1799 saltem
3037 1742 3354 1798 inhonestus
3383 1759 3510 1797 cor-

1938 1839 2089 1909 poris
2121 1837 2205 1891 sui
2242 1845 2421 1906 partes
2458 1835 2696 1904 obtegit;
2725 1843 2780 1889 tu
2811 1849 2941 1890 vero
2969 1841 3079 1888 tota
3121 1831 3261 1887 nuda
3296 1848 3376 1899 es,
3410 1851 3510 1890 nec

1936 1930 2216 1987 erubescis
2247 1930 2350 1986 ista
2376 1928 2664 2000 proloqui?
2696 1928 2773 1981 lta
2809 1926 2973 1983 habet
2999 1925 3352 1981 detractionis
3386 1941 3510 1996 pce-

1936 2029 2140 2076 catum.

2006 2115 2095 2171 t6.
2134 2113 2209 2185 (ἃ)
2252 2113 2422 2171 Porro
2467 2128 2630 2171 senex
2678 2113 2949 2171 referebat
2995 2112 3171 2168 adhuc
3211 2111 3403 2175 fratri,
3444 2113 3512 2169 de

1938 2206 2118 2261 anima
2155 2222 2279 2277 quae
2312 2206 2690 2277 paenitentiam
2725 2221 2886 2277 agere
2931 2206 3047 2261 vult
3077 2223 3090 2260 :
3119 2204 3267 2271 Erat,
3313 2205 3511 2275 inquit,

1937 2297 1989 2351 in
2022 2297 2254 2368 quadam
2298 2298 2517 2354 civitate
2558 2299 2813 2355 meretrix
2858 2298 3116 2368 pulchra,
3153 2313 3277 2367 (ιιιω
3313 2298 3514 2352 multos

1936 2388 2170 2444 habebat
2211 2398 2505 2446 amatores.
2538 2390 2817 2446 Accedens
2849 2397 3029 2446 autem
3071 2390 3138 2444 ad
3165 2406 3281 2445 eam
3314 2406 3455 2445 unus
3482 2407 3513 2443 ο

1936 2477 2239 2534 rectoribus
2285 2479 2578 2548 provinciae
2624 2479 2759 2534 dixit
2804 2482 2854 2534 ei
2904 2497 2918 2533 :
2964 2478 3229 2534 Promitte
3279 2479 3407 2532 mihi
3463 2486 3515 2533 te

1941 2579 2092 2625 caste
2132 2571 2424 2635 victuram,
2456 2578 2509 2623 et
2542 2585 2643 2639 ego
2689 2578 2742 2623 te
2780 2570 2835 2623 in
2883 2585 3108 2624 uxorem
3147 2570 3378 2639 accipio.
3419 2571 3512 2622 Illa

1937 2660 2178 2731 pollicita
2203 2670 2305 2715 est.
2325 2659 2480 2715 Unde
2506 2658 2981 2729 acceptam,duxit
3004 2660 3056 2713 in
3087 2659 3306 2713 domum
3335 2675 3509 2715 suam.

1936 2748 2006 2802 At
2048 2756 2325 2804 amatores
2366 2749 2517 2818 ejus,
2566 2757 2869 2818 quaerentes
2912 2765 3054 2814 eam,
3087 2749 3389 2804 dixerunt:
3423 2748 3516 2804 lllc

1938 2853 2140 2908 praeses
2188 2839 2487 2908 assumpsit
2528 2853 2646 2893 eam
2690 2839 2746 2893 in
2784 2838 3003 2894 domum
3038 2855 3228 2904 suam;
3265 2839 3313 2894 si
3351 2840 3514 2906 igitur

1937 2945 2003 2983 eo
2038 2930 2360 3000 abierimus,
2390 2944 2454 2984 ac
2492 2928 2838 2994 intellexerit,
2871 2945 2969 2986 nos
3002 2930 3271 3000 supplicio
3301 2928 3510 2984 allicict.

1940 3020 2046 3077 Sed
2095 3022 2294 3085 venite,
2336 3036 2528 3076 eamus
2573 3036 2713 3093 pone
2759 3021 3010 3084 donnim.
3055 3021 3216 3077 sibilo
3256 3035 3513 3076 vocemus

1938 3127 2057 3168 eam
2096 3131 2109 3166 :
2148 3113 2331 3184 agnito
2371 3111 2517 3167 enim
2564 3111 2706 3166 sibili
2759 3126 2893 3168 sono
2931 3111 3227 3167 descendet
3283 3111 3351 3165 ad
3391 3127 3512 3176 nos,

1946 3204 2259 3274 erimusque
2308 3216 2449 3257 noxa
2494 3201 2674 3256 vacui.
2722 3201 2905 3271 Itaque
2956 3210 3243 3271 postquam
3298 3200 3515 3254 sibilum

1947 3296 2138 3361 audiit,
2168 3292 2477 3365 obsignatis
2500 3291 2727 3347 auribus
2757 3291 2895 3357 suis,
2938 3291 3004 3345 ad
3032 3292 3262 3346 interius
3287 3290 3514 3344 cubicu-

1948 3387 2059 3441 lum
2089 3386 2351 3457 prosiliit,
2372 3385 2624 3456 foresque
2648 3382 2901 3439 occlusit.
2924 3382 3117 3437 Aiebat
3145 3389 3323 3436 autem
3352 3395 3514 3434 senex

1949 3479 2289 3534 meretricem
2319 3491 2442 3534 esse
2472 3476 2710 3531 animam
2729 3481 3069 3542 ;.amatores,
3098 3473 3324 3531 affectus
3357 3483 3519 3542 atque

1952 3568 2235 3636 homines;
2269 3578 2557 3637 rectorem,
2606 3570 2927 3636 Christum;
2967 3570 3282 3626 interiorem
3323 3567 3517 3630 aedem,

1951 3667 2208 3714 aeternam
2239 3659 2616 3728 mansionem;
2655 3660 2963 3727 sibilantes,
2998 3661 3173 3716 malos
3203 3660 3477 3714 daunoncs
3503 3677 3515 3712 :

1952 3752 2093 3807 hanc
2123 3766 2253 3807 vero
2283 3752 2521 3806 animam
2559 3766 2776 3823 semper
2801 3752 2870 3808 ad
2896 3751 3065 3809 Deum
3089 3750 3406 3821 confugere.

2027 3928 2113 3983 Π.
2151 3928 2228 4002 (5)
2250 3928 2387 3983 Cum
2419 3927 2713 3999 aliquando
2742 3929 2912 3985 abbas
2936 3929 3174 3984 Joannes
3203 3926 3523 3985 ascenderet

1953 4035 1985 4074 e
2021 4018 2165 4075 Sceti
2191 4034 2314 4074 cum
2351 4019 2477 4076 aliis
2510 4019 2798 4084 fratribus,
2826 4034 2857 4072 a
2888 4020 2977 4075 via
3005 4019 3278 4075 aberravit
3304 4019 3396 4088 qui
3425 4017 3523 4073 du-

1957 4110 2116 4164 cebat
2158 4125 2254 4165 eos
2290 4129 2304 4164 :
2340 4120 2458 4164 erat
2502 4109 2649 4165 enim
2700 4123 2830 4163 nox.
2879 4108 3049 4164 Aiunt
3102 4108 3300 4167 fratres
3341 4110 3524 4166 abbati

1955 4198 2151 4254 Joanni
2186 4219 2199 4254 :
2236 4198 2377 4266 Quid
2408 4200 2692 4266 faciemus,
2740 4200 2901 4265 abba,
2936 4201 3086 4271 quod
3130 4200 3300 4257 frater
3342 4203 3398 4257 in
3440 4204 3524 4257 via

1958 4291 2198 4354 erravit,
2239 4306 2309 4345 ne
2357 4291 2499 4347 forte
2538 4299 2800 4362 vagantes
2848 4293 3186 4348 moriamur?
3225 4291 3528 4365 Respondit

1967 4380 2079 4437 illis
2107 4396 2272 4437 senex
2306 4400 2320 4437 :
2358 4382 2414 4438 Si
2449 4382 2915 4438 enuntiaverimus
2954 4383 3026 4450 ei,
3054 4385 3276 4440 tristitia
3321 4402 3385 4441 ac
3426 4402 3523 4456 pu-

1960 4472 2093 4527 dore
2117 4471 2401 4531 aﬂicietur.
2428 4472 2627 4529 Verum
2649 4488 2800 4540 ecce,
2832 4489 2919 4530 me
2939 4484 3202 4548 aegrotum
3233 4477 3528 4542 simulabo,

1959 4563 2291 4633 dicamque:
2324 4562 2440 4618 Non
2473 4580 2698 4635 possum
2741 4564 3015 4632 incedere,
3054 4566 3149 4621 sed
3184 4583 3379 4622 maneo
3417 4569 3525 4632 hic,

1964 4670 2139 4725 usque
2175 4653 2244 4708 ad
2283 4653 2608 4710 diluculum.
2650 4656 2829 4726 Atque
2865 4656 2942 4710 ita
2976 4654 3126 4711 fecit.
3165 4656 3357 4711 (Σίριοτὶ
3401 4672 3529 4712 vero

1963 4747 2220 4801 dixerunt
2250 4764 2262 4800 :
2293 4744 2479 4817 Neque
2506 4762 2609 4802 nos
2634 4746 2934 4817 pergimus,
2958 4753 3013 4799 at
3044 4744 3299 4801 sedemus
3329 4757 3524 4801 tecum.

1966 4836 2031 4890 Et
2061 4851 2234 4906 usque
2267 4835 2335 4889 ad
2370 4835 2699 4888 matutinum
2728 4842 2943 4902 tempus
2971 4833 3327 4899 resederunt;
3357 4849 3529 4904 neque

1968 4923 2126 4978 fratri
2161 4922 2380 4980 fuerunt
2414 4921 2658 4978 scandali
2693 4928 2969 4977 auctores.

2044 5015 2130 5069 l8.
2165 5016 2240 5086 (4)
2271 5014 2445 5070 Senex
2463 5013 2685 5085 quidam
2707 5010 2949 5080 Sceteos,
2969 5013 3023 5069 in
3042 5015 3530 5069 exercitationibus

1968 5105 2187 5176 quidem
2216 5104 2595 5173 corporalibus
2625 5101 2954 5169 laboriosus,
2981 5105 3075 5160 sed
3107 5103 3160 5157 in
3188 5103 3532 5173 cogitationi-

1970 5199 2072 5253 bus
2106 5196 2415 5266 imperitus,
2456 5195 2588 5249 abiit
2627 5192 2693 5248 ad
2737 5194 2988 5249 abbatem
3030 5192 3317 5257 Joannem,
3347 5204 3408 5249 ut
3447 5196 3532 5251 in-

1969 5295 2268 5357 terrogaret
2314 5302 2438 5341 eum
2477 5287 2543 5339 de
2583 5285 2873 5340 oblivione.
2920 5285 3228 5357 Auditoquc
3276 5302 3370 5357 per
3411 5303 3533 5342 eum

1972 5397 2246 5444 sermone,
2270 5378 2430 5434 rediit
2467 5379 2521 5433 in
2557 5376 2745 5432 cellam
2775 5392 2949 5445 suam,
2979 5386 3034 5434 et
3055 5378 3255 5435 oblitus
3285 5388 3367 5435 est
3389 5379 3533 5449 quod

2046 5670 2120 5740 (ιί)
2159 5666 2259 5721 Vit.
2291 5662 2445 5717 f’ulr.
2485 5678 2558 5729 χι,
2596 5660 2681 5716 l5.
