3994 6336
252 359 389 419 918

1424 359 2036 418 APOPHTHEGMATA
2069 357 2375 415 PATRUM.

3398 351 3507 409 2M

248 472 416 535 Mc
434 466 550 535 οὖν,
576 469 736 526 ἔϐαλε
762 470 1070 542 μετάνοιαν,
1098 469 1298 539 λέγων·
1327 468 1686 541 Συγχώρησόν
1714 485 1827 540 μοι,

1959 467 2091 536 ιυοὰ
2121 467 2213 523 ubi
2244 467 2519 538 cegnovit,
2554 465 2878 535 proelinavit
2909 482 2969 521 se
3004 480 3190 521 coram
3225 482 3310 532 eo,
3342 467 3508 522 dixit-

251 561 396 616 assa
414 578 428 591 ο
458 558 613 615 οὔπω
642 560 750 632 γὰρ
781 558 1120 631 κατηχήθην.

320 740 420 794 κδ’.
469 740 530 792 ’0
572 739 733 802 αὐτὸς
781 738 935 806 ἔλεγε
976 738 1056 807 τῷ
1094 737 1309 810 μαθητῇ
1339 736 1537 792 αὐτοῦ’
1575 738 1831 808 Τιμήσιο-

255 847 354 900 μεν
390 829 485 882 τὸν
517 829 636 893 ἕνα,
664 829 760 882 καὶ
803 829 1004 892 πάντες
1041 829 1273 899 τιμῶσιν
1303 830 1482 898 ἡμᾶς·
1510 827 1605 881 ἐάν
1647 827 1705 880 δὲ
1734 844 1834 880 xa-

250 921 681 991 ταφρονήσωμεν
707 920 802 973 τοῦ
828 920 967 983 ἐνὸς,
991 921 1050 983 ὃς
1077 921 1197 973 ἐστι
1220 920 1372 983 Θεὸς,
1402 918 1843 990 καταφρονοῦσιν-

250 1011 410 1082 ήμῶν
442 1010 666 1074 πάντες,
698 1011 794 1063 καὶ
818 1013 898 1074 εἰς
928 1010 1203 1064 ἀπώλειαν
1231 1011 1537 1081 ὑπάγομεν.

318 1100 420 1155 κε’.
458 1101 681 1169 Ἔλεγον
724 1102 854 1173 περὶ
898 1100 989 1155 τοῦ
1035 1100 1181 1155 ἁϐϐἄ
1225 1100 1509 1164 Ἰωάννου,
1542 1100 1624 1152 ὅτι
1667 1093 1849 1169 ἦλθεν

254 1194 333 1256 είς
359 1190 464 1262 τὴν
497 1190 794 1261 ἐκκλησίαν
832 1191 912 1253 είς
943 1192 1139 1262 Σκῆτιν
1161 1208 1174 1222 °
1207 1194 1303 1245 καὶ
1348 1190 1589 1253 ἀκούσας
1621 1188 1833 1243 ἀντιλο-

252 1284 380 1349 γίας
407 1280 571 1336 τινῶν
601 1281 863 1350 ἀδελφῶν,
895 1282 1231 1354 ὑπέστρεψεν
1268 1284 1347 1346 εἰς
1379 1283 1477 1355 τὴν
1511 1282 1705 1336 κέλλαν
1735 1282 1828 1335 αύ-

253 1372 351 1427 τοῦ
373 1389 388 1403 ·
425 1373 523 1425 καὶ
557 1372 862 1437 κυκλεύσας
901 1374 1070 1444 αὐτὴν
1103 1375 1307 1445 τρίτον,
1351 1374 1523 1437 οὕτως
1564 1372 1832 1444 εἰσῆλθεν.

267 1463 521 1533 ’Δδελφοὶ
563 1463 621 1517 δέ
669 1480 813 1526 τινες
866 1464 1064 1527 ἰδόντες
1118 1465 1302 1529 αὑτὸν,
1355 1465 1641 1536 ἠπόρησαν
1697 1463 1848 1516 διατί

251 1554 410 1609 τοῦτο
449 1555 700 1626 ἐποίησε,
747 1555 839 1608 καὶ
885 1555 1133 1619 ἐλθόντες
1178 1556 1407 1629 ἠρώτων
1456 1555 1638 1609 αὐτόν.
1686 1556 1744 1609 '0
1781 1554 1839 1607 δέ

254 1643 402 1712 λέγει
428 1645 648 1709 αὐτοῖς·
683 1643 763 1697 Τά
794 1639 910 1699 ιῖπά
944 1663 1045 1716 μου
1084 1643 1229 1717 εἶχον
1254 1646 1363 1699 ἀπὸ
1400 1647 1498 1717 τῆς
1532 1646 1847 1714 ἀντιλογίας

256 1736 463 1802 pacta“
486 1734 774 1788 ἐκύκλωσα
799 1731 915 1800 οὖν,
943 1736 1026 1789 ἵνα
1051 1736 1333 1807 καθαρίσω
1360 1736 1520 1798 αὐτὰ,
1550 1738 1645 1790 καὶ
1671 1735 1841 1800 οὕτως

1929 576 2036 630 que
2068 578 2082 614 :
2114 557 2283 616 Parce
2321 558 2479 623 mihi,
2515 557 2689 622 abba;
2740 557 2982 612 nondum
3013 558 3211 628 quippe
3258 558 3509 613 initiatus

1930 650 2031 706 fui.

2002 742 2094 796 24.
2138 740 2281 795 Dixit
2311 740 2451 796 idem
2481 739 2752 810 discipulo
2784 753 2886 793 suo
2912 752 2926 789 :
2952 736 3129 791 Unum
3156 739 3506 805 honoremus,

1931 837 1985 884 et
2011 829 2193 883 cuncti
2226 828 2541 883 bonoraturi
2576 838 2704 884 sunt
2732 842 2832 882 nos
2866 844 2880 880 :
2913 825 3056 895 quod
3088 827 3135 882 si
3169 835 3507 897 contempse-

1936 919 2108 975 rimus
2129 934 2320 983 unum,
2346 918 2450 973 hoc
2472 928 2557 974 est
2582 917 2772 985 Deum,
2799 932 2898 973 nos
2925 917 3107 972 cuncti
3139 924 3509 981 contemnant,

1935 1024 1999 1064 ac
2030 1010 2350 1079 peribimus.

2005 1101 2095 1155 25.
2129 1101 2366 1157 Aiebant
2399 1102 2466 1158 de
2498 1102 2693 1158 abbate
2724 1086 2957 1165 Joanne,
2986 1098 3129 1169 quod
3159 1098 3216 1151 in
3263 1096 3406 1152 Secti
3444 1097 3510 1151 ad

1937 1193 2223 1247 ecclesiam
2255 1192 2519 1264 perrexit;
2548 1191 2858 1262 auditisque
2897 1188 3254 1261 quorumdam
3281 1188 3512 1242 fratrum

1939 1284 2409 1348 altercationibus,
2441 1300 2695 1339 reversus
2726 1267 2810 1338 est
2835 1281 2901 1335 ad
2934 1281 3125 1336 cellam
3167 1293 3359 1344 suam;
3402 1286 3515 1333 ter-

1937 1390 2045 1443 que
2088 1374 2428 1430 circumiens
2458 1390 2613 1440 eam,
2656 1375 2731 1428 ita
2764 1373 2992 1427 introiit.
3055 1369 3277 1425 Fratres
3331 1380 3513 1424 autem

1942 1464 2164 1531 quidam
2199 1465 2447 1519 videntes
2476 1465 2648 1525 illum,
2696 1462 3011 1518 nesciebant
3041 1477 3138 1515 cur
3172 1459 3227 1515 id
3274 1460 3514 1515 fecisset.

1943 1554 2238 1611 Venientes
2272 1571 2399 1626 ergo
2435 1555 2735 1626 percontati
2767 1554 3027 1610 sunt.llle
3060 1554 3124 1608 ad
3152 1568 3247 1619 eos
3277 1569 3291 1607 :
3318 1553 3514 1613 Aures,

1943 1647 2146 1718 inquit,
2172 1663 2305 1702 mea:
2330 1648 2678 1701 contentione
2702 1647 2874 1716 plenae
2895 1654 3082 1709 erant;
3116 1644 3342 1699 circuiri
3362 1662 3513 1718 ergo.

1946 1748 2003 1792 ut
2028 1753 2320 1809 purgarem
2348 1751 2475 1800 eas,
2509 1745 2671 1806 atque
2701 1736 2783 1791 sie
2815 1752 2938 1790 cum
2976 1735 3172 1790 mentis
3208 1735 3396 1805 requie
3428 1740 3514 1791 in-

253 1825 483 1879 είσέλθω
513 1828 571 1878 ἐν
617 1825 817 1897 ἡσυχίᾳ
844 1825 937 1878 τοῦ
963 1826 1080 1890 νοός
1116 1843 1216 1897 μου
1251 1828 1333 1890 εἰς
1364 1826 1427 1879 τὸ
1456 1826 1665 1880 κελλίον
1717 1843 1839 1898 μου.

1959 1827 2202 1897 grederer
2234 1827 2285 1880 in
2320 1827 2512 1881 cellam
2547 1842 2744 1882 meam.

323 1915 439 1980 κς·’.
474 1912 646 1969 Ἦλθέ
679 1935 810 1972 ποτε
839 1918 1064 1987 ἀδελφὸς
1092 1919 1172 1981 εἰς
1199 1918 1302 1989 τὴν
1341 1917 1533 1971 κέλλαν
1564 1916 1657 1971 τοῦ
1696 1916 1844 1972 assa

249 2003 514 2063 ,Ἰωάννου
545 2005 664 2075 ὀψὲ,
711 2006 1025 2072 σπουδάζων
1068 2006 1348 2060 άπελθείν”
1396 2008 1491 2060 καὶ
1537 2006 1843 2061 λαλούντων

254 2096 435 2149 αὐτῶν
473 2098 602 2168 περὶ
628 2097 862 2169 ἀρετῶν,
889 2098 1080 2167 γέγονε
1122 2096 1290 2168 πρωῒ,
1318 2098 1413 2150 καὶ
1437 2098 1538 2151 οὐκ
1577 2096 1838 2166 ἔγνωσαν.

255 2188 368 2241 Καὶ
398 2186 588 2258 ἐξιλθε
614 2187 932 2260 προπέμψαι
959 2187 1117 2242 αὐτόν
1137 2203 1151 2218 ⁸
1185 2189 1276 2241 καὶ
1301 2187 1519 2259 ἔμειναν
1547 2187 1839 2253 λαλοῦντες

253 2276 362 2338 ἓως
400 2277 567 2346 ἕκτης
604 2276 775 2349 ὥρας.
809 2278 918 2331 Καὶ
955 2277 1269 2349 εἰσήνεγκεν
1291 2294 1304 2307 ·
1344 2278 1440 2330 καὶ
1480 2276 1843 2349 γευσάμενος,

252 2362 434 2427 οὕτως
460 2364 727 2436 ἀπῆλθεν.

327 2453 431 2519 κζ’.
473 2454 700 2524 Ἔλεγεν
744 2457 775 2508 ὁ
808 2455 982 2519 ἁϐϐἄς
1015 2454 1289 2527 Ἰωάννης,
1335 2457 1418 2509 ὅτι
1466 2456 1677 2525 φυλακή
1706 2457 1847 2522 ἐστι,

254 2544 317 2597 τὸ
341 2545 564 2599 καθίσαι
594 2549 652 2600 ἐν
681 2547 758 2618 τῷ
784 2546 999 2617 κελλίῳ,
1027 2546 1121 2599 καί⁸
1162 2546 1521 2617 μνημονεύειν
1569 2546 1660 2600 τοῦ
1706 2547 1843 2600 Θεοῦ

262 2637 489 2691 πάντοτε
510 2639 578 2692 ³³.
624 2641 736 2693 Καὶ
778 2638 938 2704 τοῦτρ
981 2641 1096 2693 ἐστι
1123 2639 1205 2705 τὸ,
1249 2640 1346 2693 Ἐν
1376 2638 1626 2709 φυλακῇ
1659 2639 1843 2710 ἤμην,

256 2729 356 2783 καί
390 2729 605 2796 ἤλθετε
635 2729 787 2799 πρὸς
809 2729 908 2800 μέ.

327 2817 435 2890 κηί.
474 2816 608 2873 Eine
636 2819 827 2874 πάλιν·
871 2819 968 2884 Τίς
1010 2819 1228 2891 ἰσχυρὸς
1261 2820 1335 2884 ὡς
1371 2819 1399 2871 ό
1431 2818 1598 2884 Mani;
1636 2818 1730 2871 καὶ
1757 2817 1846 2872 διὰ

255 2915 360 2985 τὴν
391 2915 600 2968 κοιλίαν
628 2912 796 2968 αὐτοῦ
827 2914 1091 2984 ἐμπίπτει
1138 2915 1219 2976 εἰς
1261 2913 1484 2981 παγίδα,
1515 2912 1611 2965 καὶ
1660 2910 1756 2982 ὅλη
1810 2912 1843 2981 ἡ

260 3005 414 3075 ἰσχὺς
439 3005 604 3058 αὐτοῦ
630 3003 1008 3059 ταπεινοῦται.

327 3095 435 3150 κθ’.
475 3095 670 3164 Ἔλεγε
716 3094 902 3160 πάλιν,
943 3096 1027 3149 ὅτι
1056 3095 1330 3159 ἐσθίοντες
1366 3096 1416 3147 οἱ
1459 3093 1702 3165 Πατέρες
1747 3094 1845 3164 τῆς

258 3187 514 3257 Σκήτεως
554 3186 718 3258 ἄρτον
745 3187 837 3239 καὶ
861 3185 1025 3250 ἃλας,
1064 3186 1277 3255 ἔλεγον·
1314 3186 1406 3257 Μὴ
1445 3187 1844 3256 άναγκάσωμεν

259 3278 491 3341 ἑαυτοὺς
515 3280 596 3342 είς
630 3277 765 3342 ἆλας
791 3278 887 3332 καί⁵
910 3278 1093 3349 ἄρτον.
1126 3278 1236 3331 Καὶ
1268 3277 1440 3341 οὕτως
1474 3277 1683 3349 ἰσχυροί
1705 3272 1846 3347 ἦσαν

260 3368 399 3439 πρὸς
421 3368 485 3421 τὸ
512 3367 677 3439 ἔργον
702 3367 797 3422 τοῦ
827 3367 984 3422 Θεοῦ.

330 3460 397 3515 λ’.
428 3456 634 3513 Ἦλθεν
660 3460 886 3529 ἀδελφός
913 3478 998 3524 τις
1041 3459 1224 3513 λαϐεῖν
1269 3460 1531 3533 σπυρίδας
1556 3460 1707 3531 παρὰ
1750 3458 1849 3513 τοῦ

262 3551 410 3605 ἁϐϐᾶ.
444 3551 717 3606 Ἰωάννου.
752 3553 862 3605 Καὶ
887 3550 1127 3626 ἐξελθὼν
1153 3552 1302 3621 λέγει
1331 3552 1507 3624 αὐτῷ*
1541 3552 1605 3605 Τί
1649 3552 1842 3616 θέλεις,

264 3638 496 3710 ἁδελφέ;
533 3640 593 3694 '0
622 3639 680 3693 δὲ
718 3635 870 3694 εἷπε·
904 3640 1208 3711 Σπυρίδας,
1253 3640 1419 3695 assa.
1467 3641 1737 3698 Εἰσελθὼν
1787 3641 1845 3695 δὲ

266 3731 538 3794 ἐκϐαλεῖν,
590 3731 911 3786 ἐπελάθετο·
966 3733 1061 3786 καὶ
1110 3731 1330 3786 ἐκάθισε
1387 3733 1625 3803 βάπτων.
1677 3730 1846 3785 Πάλιν

265 3824 494 3895 ἔκρουσε
515 3841 530 3855 ·
574 3825 670 3877 καὶ
722 3823 798 3887 ὡς
848 3822 1074 3894 ἐξῆλθε,
1128 3823 1274 3892 λέγει
1330 3821 1506 3892 αύτῷ·
1559 3821 1694 3892 Φέρε
1747 3821 1847 3891 τὴν

269 3913 525 3984 σπυρίδα,
554 3913 719 3969 άϐϐἄ.
752 3913 1021 3967 Εἰσελθὼν
1052 3913 1110 3967 δὲ
1145 3914 1306 3969 πάλιν
1344 3912 1563 3966 ἐκάθισε
1595 3913 1841 3982 ῥάπτειν.

265 4004 381 4056 Καὶ
438 4004 603 4059 πάλιν
660 4005 868 4067 ἐκεῖνος
916 4003 1177 4075 σέκρουσε.
1225 4004 1335 4056 Kai.
1402 4000 1631 4067 ἐξελθὼν
1697 4001 1845 4069 λέγει

267 4095 450 4166 αὐτῷ’
481 4095 546 4148 Τί
602 4095 801 4161 θέλεις,
852 4094 1083 4164 ames;
1141 4096 1199 4149 Ὀ
1233 4094 1290 4148 δὲ
1342 4090 1496 4147 εἶπε·
1550 4093 1661 4164 Τὴν
1711 4110 1847 4146 σπυ-

271 4187 434 4254 ρίδα,
474 4185 637 4240 ἁϐϐἄ..
676 4188 785 4241 Ka‘t
838 4189 1116 4258 κρατήσας
1162 4186 1325 4239 αὐτοῦ
1376 4184 1474 4256 τὴν
1521 4186 1707 4255 χεῖρα,
1743 4185 1846 4237 εἰσ-

270 4281 505 4349 ήνεγκεν
535 4278 698 4332 αὑτὸν
722 4279 849 4342 ἔσω,
872 4279 1072 4348 λέγων’
1105 4279 1167 4332 Εἰ
1199 4276 1464 4349 σπυρίδας
1494 4275 1692 4339 θέλεις.
1715 4272 1846 4330 λάϐε

271 4372 363 4425 καὶ
392 4370 716 4440 περιπάτει·
749 4369 863 4438 ἐγὼ
892 4368 999 4443 γὰρ
1035 4370 1097 4423 οὐ
1128 4366 1397 4440 σχολάζω.

2013 1916 2103 1970 26.
2139 1916 2367 1982 Quidam
2406 1917 2574 1971 frater
2614 1931 2739 1971 sero
2781 1914 2927 1970 venit
2973 1916 3037 1971 ad
3070 1917 3258 1972 cellam
3300 1917 3515 1974 abbatis

1942 2006 2196 2073 Joannis,
2223 2008 2373 2062 abire
2408 2008 2706 2075 festinans;
2742 2023 2979 2078 cumque
3004 2007 3070 2061 de
3105 2009 3398 2064 virtutibus
3441 2012 3517 2063 lo-

1943 2108 2267 2168 querentur,
2291 2097 2409 2154 dies
2438 2106 2663 2152 exortus
2682 2108 2799 2163 est,.
2814 2112 2914 2152 nec
2944 2097 3348 2151 intellexerunt.
3378 2097 3519 2153 Exiit

1945 2197 2003 2242 ut
2051 2188 2345 2244 deduceret
2377 2204 2545 2254 eum;
2582 2196 2636 2243 et
2680 2199 3093 2258 perseverarunt
3122 2188 3174 2239 in
3247 2189 3519 2256 colloquio

1946 2292 2119 2347 usque
2149 2276 2218 2330 ad
2250 2276 2436 2330 horam
2468 2284 2699 2332 sextam.
2752 2274 3053 2330 Introduxit
3093 2291 3225 2346 ergo
3267 2291 3520 2341 eumgac

1944 2372 2231 2435 postquam
2260 2366 2442 2420 cibum
2476 2366 2819 2435 sumpsisset,
2856 2366 2931 2419 ita
2963 2365 3238 2420 discessit.

2014 2457 2106 2511 27.
2147 2458 2258 2527 (l0)
2319 2458 2529 2512 Monuit
2571 2457 2742 2512 abbas
2787 2456 3024 2512 Joatmcs
3062 2475 3075 2511 :
3109 2456 3370 2512 Custodia
3414 2467 3519 2522 εει,

1946 2548 2134 2605 sedere
2165 2550 2219 2602 in
2256 2549 2410 2616 cella,
2436 2558 2492 2603 et
2515 2548 2607 2602 Dei
2644 2564 2859 2618 semper
2887 2549 3220 2603 meminisse.
3252 2548 3424 2619 Atque
3450 2548 3523 2602 ita
3596 2562 3601 2563 ί
3680 2585 3689 2597 .

1946 2639 2468 2710 iutelligcudum‘est
2499 2638 2632 2694 illud
2673 2658 2687 2694 :
2724 2639 2787 2693 In
2813 2640 3058 2696 custodia
3097 2657 3265 2704 eram,
3299 2653 3347 2696 et
3380 2644 3522 2697 verti-

1945 2730 2040 2783 stis
2068 2730 2135 2782 ad
2155 2747 2233 2785 me
2257 2730 2323 2786 ³³.
2711 2717 2717 2724 ’

2016 2819 2106 2873 :28.
2134 2818 2248 2891 (il)
2284 2819 2431 2874 Dixit
2461 2820 2658 2874 iterum
2689 2838 2701 2873 :
2729 2820 3013 2887 Quodnam
3047 2822 3248 2876 animal
3280 2821 3418 2875 forte
3438 2832 3524 2877 est

1948 2916 2007 2961 ut
2042 2907 2167 2963 leo?
2209 2916 2263 2963 et
2294 2915 2474 2963 tamen
2518 2922 2742 2979 propter
2780 2919 3025 2965 ventrem
3057 2910 3113 2965 in
3145 2911 3395 2980 laqueum
3440 2912 3525 2967 in-

1947 2996 2102 3062 cidit,
2133 2998 2420 3069 omnisque
2453 2999 2573 3069 ejus
2599 3000 2681 3054 vis
2716 2999 3080 3071 deprimituu

2019 3093 2110 3149 9.9.
2145 3092 2255 3163 (l2)
2295 3094 2361 3148 Et
2390 3093 2591 3149 iterum
2633 3112 2645 3147 :
2679 3094 2915 3150 Sceteos
2929 3093 3122 3151 Patres
3145 3112 3339 3167 panem
3362 3107 3416 3153 et
3443 3095 3526 3153 sal

1957 3186 2323 3252 comedentes,
2356 3184 2730 3243 aiebant.:.Ne
2760 3188 3113 3258 imponamus
3147 3190 3306 3246 nobis
3335 3204 3525 3247 neces-

1954 3277 2170 3333 sitatem
2193 3278 2453 3334 vescendi
2479 3278 2592 3334 sale
2614 3292 2678 3332 ac
2700 3294 2856 3349 pane.
2879 3280 3055 3349 Atque
3079 3280 3152 3334 ita
3182 3281 3350 3338 fortes
3370 3289 3526 3337 erant

1948 3369 2014 3424 ad
2048 3385 2186 3440 opus
2218 3370 2335 3426 Dei.

2016 3460 2103 3516 50.
2150 3458 2308 3515 Venit
2356 3460 2527 3516 frater
2576 3463 2798 3533 quidam
2850 3471 2910 3517 ut
2953 3470 3171 3534 sportas
3215 3464 3284 3518 ab
3328 3464 3527 3519 abbate

1944 3546 2149 3602 Joanne
2180 3550 2468 3618 acciperet.
2503 3547 2601 3604 llic
2634 3566 2890 3621 egreSSus
2928 3550 3066 3605 dixit
3093 3550 3144 3605 ei
3182 3568 3195 3603 :
3229 3548 3368 3616 Quid
3406 3548 3526 3616 vis,

1952 3636 2159 3692 frater?
2190 3639 2282 3694 llle
2319 3637 2438 3693 ait:
2476 3637 2737 3710 Spottas,
2784 3641 2942 3694 abba.
2980 3638 3263 3708 Ingressus
3303 3652 3430 3693 vero
3471 3646 3532 3693 ut

1948 3728 2190 3793 afferret,
2212 3729 2423 3787 oblitus
2453 3742 2566 3797 cst;
2601 3733 2762 3796 sedit,
2789 3731 3061 3800 cmpitque
3090 3743 3375 3784 censuere.
3405 3727 3535 3783 Pul-

1946 3821 2088 3876 savit
2111 3822 2306 3877 iterum
2338 3822 2502 3878 frater
2529 3843 2540 3876 :
2567 3838 2801 3892 cumque
2822 3822 3060 3878 Joannes
3082 3821 3307 3878 exiisset
3325 3840 3338 3875 :
3357 3820 3529 3883 Aﬂ'er,

1960 3912 2166 3982 inquit,
2210 3926 2458 3983 sportas,
2505 3914 2664 3968 abba.
2712 3913 2926 3968 Intrans
2971 3920 3184 3978 autem,
3221 3926 3413 3966 rursus
3462 3913 3567 3966 ad‘

1948 4005 2217 4059 suendum
2256 4005 2419 4060 sedit.
2460 4002 2552 4060 llle
2585 4005 2763 4059 denuo
2794 4004 3050 4073 pulsavit.
3093 4002 3359 4074 Egressus
3390 4001 3525 4056 dicit

1946 4095 1995 4149 ei
2030 4112 2045 4149 :
2080 4095 2225 4161 Quid
2259 4097 2362 4160 vis,
2396 4095 2596 4150 frater?
2624 4093 2809 4149 Atille
2842 4111 2855 4148 :
2888 4093 3167 4166 Spartam,
3193 4093 3353 4148 abba.
3374 4090 3531 4146 Tunc

1948 4187 2290 4255 apprehensa
2339 4188 2459 4256 ejus
2507 4200 2707 4250 manu,
2745 4185 3047 4239 introduxit
3088 4185 3264 4248 illum,
3296 4182 3528 4239 dicens:

1950 4276 2006 4331 Si
2051 4286 2273 4347 sportas
2309 4277 2419 4343 vis,
2450 4292 2627 4344 sume,
2674 4293 2738 4332 ac
2784 4278 3010 4344 recede;
3054 4276 3186 4331 mibi
3232 4290 3377 4330 enim
3420 4291 3529 4331 non

1949 4374 2129 4422 vacat.

342 4467 444 4515 λα’.
486 4456 658 4514 Ἦλθέ
702 4477 833 4514 ποτε
867 4461 1207 4533 καμηλίτης,
1258 4460 1345 4512 ἵνα
1378 4458 1517 4529 λάϐῃ
1559 4457 1625 4512 τά
1678 4456 1844 4528 σκεύη

2026 4457 2117 4512 51.
2163 4455 2325 4513 Venit
2353 4456 2650 4528 aliquando
2676 4457 3023 4525 camelarius,
3056 4467 3113 4513 ut
3141 4458 3530 4529 supellectilem

272 4553 460 4617 αὑτοῦ,
498 4554 596 4607 καὶ
638 4553 853 4624 ἀπέλθῃ
895 4555 974 4617 εἰς
998 4552 1157 4608 ἄλλον
1202 4552 1389 4605 τόπον.
1427 4549 1484 4604 '0
1509 4551 1566 4604 δὲ
1594 4547 1849 4603 εἰσελθὼν

272 4643 494 4711 ἐνέγκαι
518 4642 665 4714 αὐτῷ
691 4643 790 4714 τὴν
821 4642 1025 4714 σειρὰν,
1054 4640 1363 4704 ἐπελάθετο,
1386 4640 1685 4711 τεταμένην
1714 4638 1850 4709 ἔχων

279 4733 371 4804 τὴν
414 4733 653 4789 διάνοιαν
695 4734 831 4807 πρὸς
869 4735 961 4788 τὸν
996 4733 1147 4787 Θεόν.
1194 4731 1361 4785 Πάλιν
1405 4728 1496 4785 οὖν
1542 4730 1783 4803 ὢχλησεν
1826 4733 1854 4784 ὁ

279 4825 582 4897 καμηλίτης
625 4825 837 4898 κρούων
879 4825 977 4897 τὴν
1023 4824 1214 4897 θύραν,
1263 4826 1357 4879 καὶ
1411 4823 1568 4878 πάλιν
1608 4825 1641 4876 ὁ
1679 4824 1854 4886 esea;

287 4917 541 4985 Ἰωάννης
594 4914 1004 4987 εἰσερχόμενος,
1068 4912 1380 4968 ἐπελάθετο.
1432 4912 1505 4966 Τὸ
1557 4913 1614 4965 δὲ
1668 4913 1852 4982 τρίτον

278 5008 605 5076 κροῦσαντος
672 5006 765 5060 τοῦ
824 5007 1158 5079 καμηλίτου.
1209 5005 1588 5077 εἰσερχόμενος
1660 5004 1850 5073 ἔλεγε·

281 5099 443 5170 Σειρὰ
470 5099 734 5170 κάμηλος,
771 5099 927 5170 σειρὰ
955 5099 1199 5170 κάμηλος
1220 5099 1285 5150 ³⁵.

351 5267 450 5337 3.βῖ
500 5268 558 5322 '0
611 5271 772 5335 αὐτὸς
820 5272 1012 5340 γέγονε
1062 5272 1200 5336 ζέων
1232 5270 1308 5341 τῷ
1346 5270 1632 5341 πνεύματι.
1677 5273 1858 5343 Παρα-

274 5358 456 5413 ϐαλὼν
486 5358 581 5416 οὖν
608 5379 692 5426 τις
728 5364 897 5435 αὐτῷ,
939 5362 1198 5434 ἐπῄνεσεν
1228 5362 1391 5417 αὐτοῦ
1429 5362 1489 5415 τὸ
1517 5362 1675 5434 ἔργον
1696 5379 1707 5393 ⁸
1746 5366 1856 5437 εἰρ-

1956 4550 2076 4620 ejus
2108 4555 2369 4616 sumeret,
2400 4550 2683 4620 abiretque
2726 4552 2780 4606 in
2824 4551 2990 4606 alium
3024 4550 3225 4606 locum.
3276 4549 3369 4607 Ille
3400 4565 3532 4607 vero

1957 4642 2237 4711 ingressus
2278 4640 2344 4695 ad
2395 4639 2726 4698 aﬂ‘erendam
2769 4643 2818 4696 ei
2880 4643 3142 4714 plectam,
3190 4644 3395 4698 oblitus
3445 4650 3530 4699 est

1956 4727 2105 4798 quod
2137 4739 2369 4785 mentem
2405 4731 2461 4785 in
2508 4731 2671 4787 Deum
2713 4733 2976 4787 intentam
3022 4733 3268 4788 haberet.
3315 4730 3541 4787 Rursus

1959 4818 2124 4886 igitur
2166 4819 2549 4875 interturbavit
2589 4820 2947 4885 cumularius,
2997 4820 3143 4875 fores
3196 4819 3417 4874 feriens.
3466 4821 3538 4875 Et

1960 4908 2136 4965 adhuc
2163 4910 2446 4979 ingressus
2467 4909 2636 4964 abbas
2660 4907 2922 4973 Joannes,
2943 4915 3153 4963 nonest
3181 4907 3526 4964 recordalus.

1957 4997 2197 5053 Tertium
2222 5000 2402 5070 itaque
2429 4999 2681 5069 pulsante
2704 4998 3015 5061 camelario,
3043 4998 3256 5055 intrans
3291 4999 3526 5054 dicebat.

1956 5090 2160 5155 Plecla,
2203 5092 2480 5157 eamelus;
2516 5091 2713 5161 plecta,
2747 5092 3007 5146 eamelus.
3052 5089 3109 5144 Id
3155 5099 3330 5146 autem
3371 5104 3527 5159 repe-

1958 5184 2127 5243 tebat.
2160 5199 2225 5238 ne
2255 5184 2451 5239 iterum
2490 5200 2577 5239 res
2612 5183 2868 5238 memoria
2895 5184 3186 5239 excideret.

2026 5274 2116 5328 52.
2160 5272 2301 5329 Idem
2337 5274 2437 5328 fuit
2475 5275 2668 5344 spiritu
2708 5273 2967 5329 fervidus.
3007 5272 3192 5344 itaque
3224 5272 3424 5343 aliquis
3450 5271 3532 5329 vi-

1960 5382 2090 5421 sens
2114 5382 2259 5431 eum,
2296 5367 2539 5422 laudavit
2577 5367 2696 5438 ejus
2723 5382 2891 5436 opus;
2921 5367 3150 5438 plcetam
3181 5374 3363 5421 autem
3394 5379 3530 5421 con-
3636 5426 3639 5431 η

347 5514 509 5569 κΑι.
535 5516 664 5571 add.
743 5517 880 5587 μετὰ
902 5516 1135 5589 νήψεως.
1212 5516 1472 5573 "nam.
1512 5533 1633 5584 xxv,
1665 5518 1752 5573 εδ.
1830 5520 1844 5549 =

1959 5522 1981 5572 ζ.
2009 5519 2133 5575 add.
2159 5522 2252 5574 καὶ
2284 5521 2439 5575 τοῦτο
2463 5521 2666 5589 ἔλεγεν,
2696 5522 2782 5574 ἵνα
2808 5521 2882 5594 μὴ
2906 5518 3249 5592 ἐπιλάθηται.

352 5699 463 5765 (1οὶ
498 5699 754 5757 Laniltcr.
786 5702 915 5757 Cod.
946 5706 1070 5761 “237.

355 5770 466 5839 (ll)
513 5768 619 5828 Vit.
654 5770 811 5829 I’atr.
841 5791 925 5844 ut,
957 5778 1045 5831 (ili.

2033 5706 2141 5778 με)
2168 5705 2397 5777 Aprcml.
2434 5722 2483 5776 p.
2528 5703 2681 5772 l00‘2,
2708 5720 2762 5759 n.
2796 5702 2848 5759 1.
