3994 6336
448 339 559 397 ε·ίό

1612 341 1954 397 APPENDIX
1996 344 2082 397 AD
2122 342 2533 398 PALLADiUM.

3594 340 3691 398 216

458 467 689 521 ltuiebat.
723 466 790 520 Et
816 467 1006 523 tacuit.
1049 467 1248 523 lterum
1287 466 1376 520 ille
1412 480 1575 520 orsus
1603 472 1686 520 est
1720 478 2012 521 sermonen

2134 465 2331 534 γάζετο
2376 466 2434 519 δὲ
2487 465 2708 537 σειρὰν·
2772 467 2865 518 καὶ
2928 463 3220 533 ἐσιώπησει
3269 458 3436 515 Πάλιν
3496 459 3702 523 ἐκεῖνος

454 558 521 611 ad
547 573 691 615 eum.
741 557 806 612 Et
841 559 1020 614 adhuc
1058 558 1271 615 silebat.
1319 556 1504 613 Tertio
1542 556 1680 612 dixit
1723 555 2018 611 invisenti:

456 649 530 704 Ex
565 665 671 720 quo
697 649 803 706 huc
829 651 1112 721 ingressus
1136 665 1218 715 es,
1245 648 1411 705 Deum
1446 665 1477 705 a
1502 665 1588 704 me
1609 648 1841 719 ejecisti.

519 829 608 883 55.
651 826 808 884 Venit
836 829 1034 899 aliquis
1055 844 1220 884 senex
1247 830 1303 886 in
1326 831 1515 884 cellam
1539 830 1750 886 abbatis
1769 827 2017 895 Joannis,

453 932 505 972 ιιι
528 923 731 976 invenit
755 936 877 977 eum
902 921 1280 986 dormientem,
1299 921 1547 992 angelum
1572 936 1703 976 vero
1728 930 2018 989 astantem,

451 1014 541 1080 qui
573 1022 794 1067 ventum
824 1013 872 1068 ei
903 1012 1154 1067 faciebat.
1199 1012 1448 1084 Cumque
1493 1013 1739 1077 vidisset,
1771 1015 2019 1070 recessit.

454 1103 521 1156 lit
555 1111 733 1157 autem
764 1112 1113 1173 experrectus
1141 1112 1246 1168 est,
1276 1105 1350 1158 ait
1377 1104 1644 1173 discipulo
1672 1119 1773 1160 suo
1800 1123 1814 1160 :
1838 1104 2025 1159 Venit-

453 1211 521 1248 ne
570 1195 841 1263 quispiam
883 1194 1187 1250 dormiente
1235 1196 1360 1251 me?
1407 1195 1723 1266 Respondet
1763 1214 1778 1252 :
1823 1196 2018 1262 Etiam,

450 1286 542 1341 ille
570 1301 733 1341 senex
766 1305 779 1341 :
811 1286 1185 1356 Cognovitque
1234 1287 1402 1342 abbas
1430 1285 1673 1342 Joannes
1701 1288 1844 1357 quod
1876 1289 2040 1357 paris.

451 1394 633 1434 secum
672 1378 889 1433 virtutis
918 1385 1064 1434 esset
1095 1393 1282 1441 senex,
1319 1393 1383 1432 ac
1410 1378 1633 1433 vidisset
1671 1378 1946 1448 angelum.

520 1470 608 1525 54.
655 1469 766 1541 (15)
817 1469 942 1525 lirec
988 1469 1152 1524 verba
1205 1470 1332 1524 fecit
1378 1470 1548 1524 abbas
1593 1469 1833 1524 Joannes
1868 1489 1883 1524 :
1914 1471 2023 1542 Ego

450 1562 575 1616 volo
608 1571 666 1615 ut
693 1563 858 1616 homo
888 1578 1079 1633 parum
1116 1578 1182 1616 ex
1227 1562 1481 1616 omnibus
1519 1561 1813 1618 virtutibus
1843 1565 2028 1632 perri-
2065 1610 2080 1618 .

450 1652 583 1721 piat.
627 1651 815 1720 Itaque
860 1652 1091 1717 singulis
1124 1650 1315 1707 diebus
1347 1665 1505 1706 mane
1535 1666 1857 1719 exsurgens,
1889 1666 2022 1719 cape

449 1741 775 1810 principium
803 1741 871 1795 ad
894 1756 1108 1795 onmem
1140 1741 1411 1804 virtutem,
1436 1741 1861 1811 mandatumque
1904 1740 2016 1807 Dei,

2123 556 2371 628 ἐκίνησεν
2400 556 2547 627 αὑτῴ
2583 557 2739 625 λόγον
2758 575 2770 588 ο
2806 557 2900 611 καὶ
2940 555 3099 609 πάλιν
3143 550 3374 605 ἐσιώπα.
3400 548 3475 601 T6
3498 548 3699 619 τρίτον,

2122 645 2268 713 λέγει
2311 644 2384 715 τῷ
2441 645 2830 715 παραϐαλόντι·
2890 645 3009 712 Ἀφ’
3055 637 3116 694 οἶ)
3155 638 3406 710 εἰσῆλθες
3449 636 3698 704 ἐνταῦθα,

2123 733 2314 796 ἔϐαλες
2344 734 2389 766 ⁸’
2414 734 2506 788 τὸν
2538 734 2668 788 Θεὸν
2696 735 2790 788 ἀπ’
2816 733 2972 805 ἐμοῦ.

2193 822 2295 891 λγ’.
2330 818 2501 875 Ἥλθέ
2554 840 2638 887 τις
2681 823 2858 894 γέρων
2901 822 2983 884 εἰς
3027 820 3125 890 τὴν
3168 817 3362 873 κὲλλαν
3411 815 3505 868 τοῦ
3558 813 3704 869 ἀϐϐᾶ

2135 915 2404 980 Ἰωάννου,
2436 915 2530 969 καὶ
2561 907 2720 987 εὗρεν
2750 914 2913 968 αὑτὸν
2949 912 3300 972 καθεύδοντα,
3345 911 3440 963 καὶ
3469 907 3701 975 ἄγγελον

2125 1007 2527 1077 παριστάμενον
2552 1007 2647 1061 καὶ
2686 1004 2964 1076 ριπίζοντα
2991 1002 3172 1057 αὑτόν.
3202 1002 3313 1085 καὶ
3351 997 3700 1074 ἀνεχώρησεν

2127 1095 2266 1149 ἰδών.
2306 1097 2396 1159 Ὠς
2431 1096 2489 1150 δὲ
2516 1097 2737 1167 ἀνέστη,
2771 1093 3023 1166 λέγειτῷ
3058 1093 3270 1165 μαθητῇ
3303 1089 3469 1144 αὑτοῦ
3489 1107 3502 1118 ·
3528 1085 3699 1142 Ἧλθέ

2121 1202 2206 1248 τις
2251 1179 2353 1238 ὧδε
2388 1186 2730 1256 κοιμωμένου
2777 1202 2911 1256 μους
2969 1184 3169 1251 Λέγει·
3225 1180 3367 1234 Ναί·
3403 1183 3432 1233 6
3478 1178 3629 1232 δεῖνα
3668 1176 3701 1229 6

2122 1277 2318 1349 γέρων.
2350 1277 2458 1330 Καὶ
2488 1276 2629 1346 ἔγνω
2656 1278 2684 1330 6
2709 1276 2884 1340 ἀϐϐἄς
2922 1275 3197 1345 Ἰωάννης,
3226 1273 3310 1325 ὅτι
3338 1269 3446 1325 τῶν
3485 1269 3698 1341 μέτρων

2122 1367 2287 1421 αὑτοῦ
2319 1362 2386 1438 ἦν
2410 1368 2438 1420 ὁ
2471 1369 2668 1439 γέρων,
2704 1367 2799 1421 καὶ
2829 1362 2939 1419 εἶδε
2968 1366 3060 1418 τὸν
3094 1363 3344 1432 ἄγγελον.

2191 1456 2282 1510 λδθ.
2319 1454 2484 1511 Εἶπεν
2510 1457 2729 1522 όὰϐϐᾶς
2761 1457 3046 1527 Ἰωάννης·
3091 1452 3231 1523 Ἐγὼ
3279 1452 3416 1506 θέλω
3469 1449 3701 1521 μεταλα-

2122 1549 2235 1601 ϐεῖν
2267 1547 2357 1601 τὸν
2406 1547 2713 1619 ἄνθρωπον,
2749 1545 2943 1618 μικρὸν
2973 1547 3037 1598 ὲκ
3070 1543 3260 1598 πασῶν
3304 1541 3414 1597 τῶν
3460 1540 3695 1612 ἀρετῶν.

2122 1639 2313 1692 Τοίνυν
2347 1639 2431 1708 ἐφ’
2455 1639 2691 1709 ἑκάστης
2718 1637 2951 1710 ἡμέρας,
2979 1636 3385 1706 διανιστάμενος
3418 1633 3496 1703 τῷ
3527 1629 3696 1703 πρωῒ,

2124 1729 2381 1783 ἐπιλαϐοῦ
2419 1730 2591 1802 ἀρχὴν
2627 1730 2675 1762 ³⁸
2717 1731 2796 1793 είς
2841 1730 3022 1783 πᾶσαν
3058 1728 3279 1799 ἀρετὴν,
3330 1726 3427 1780 καὶ
3476 1723 3696 1791 ἐντολὴν

451 1834 504 1886 in
535 1832 770 1886 maxima
801 1832 1081 1901 patientia,
1113 1847 1236 1887 cum
1277 1832 1474 1887 timore
1501 1846 1564 1887 ac
1593 1832 2012 1902 aequanimitate,

2125 1819 2282 1886 Θεοῦ,
2315 1822 2372 1873 ὲν
2408 1821 2638 1893 μεγίστῃ
2684 1821 2951 1891 ὑπομονῇ,
2987 1819 3123 1891 μετὰ
3162 1818 3328 1888 φόϐου
3373 1817 3465 1872 καί
3497 1832 3697 1886 μακρο-

448 1924 503 1978 in
534 1924 761 1979 caritate
787 1923 902 1988 Dei,
930 1939 1053 1978 cum
1089 1924 1235 1978 omni
1277 1924 1558 1979 alacritate
1594 1925 1789 1978 animai
1811 1932 1866 1979 et
1893 1938 2018 1979 cor-

449 2013 619 2082 poris,
648 2027 883 2081 cumque
921 2012 1230 2066 humilitate
1270 2012 1464 2075 multa,
1488 2012 1542 2067 in
1586 2013 1871 2068 tolerantia
1905 2022 2016 2069 tum

449 2101 756 2158 atllictionis
793 2103 994 2169 cordis,
1026 2110 1140 2157 tum
1161 2103 1455 2169 ,custodiae,
1487 2103 1539 2157 in
1582 2104 1829 2160 oratione
1849 2106 2018 2159 multa

447 2204 504 2249 et
535 2195 1031 2263 deprecationibus,
1077 2209 1199 2247 cum
1247 2194 1473 2264 gemitu,
1516 2196 1752 2264 puritate
1798 2195 2013 2267 linguae,

448 2294 504 2341 ct
542 2286 792 2341 custodia
822 2286 1105 2340 oculorum
1142 2304 1157 2340 :
1191 2285 1572 2351 inhonoratus,
1603 2302 1701 2341 nec
1738 2286 2015 2355 irascens;

447 2375 728 2443 paciﬁcus,
766 2389 865 2429 nec
906 2375 1138 2432 reddens
1185 2377 1386 2431 malum
1434 2392 1535 2447 pro
1578 2379 1756 2445 malo;
1793 2395 1901 2434 non
1933 2386 2018 2433 at-

445 2465 677 2522 tendens
708 2466 775 2521 ad
807 2466 1036 2522 aliorum
1070 2466 1296 2537 delicta;
1331 2483 1440 2523 non
1486 2470 1719 2540 teipsum
1762 2473 2014 2536 metiens,

447 2555 542 2611 sed
577 2556 680 2611 sub
714 2559 861 2613 omni
892 2559 1163 2616 exsistens
1191 2569 1442 2616 creatura
1476 2580 1489 2617 :
1525 2577 1624 2632 per
1652 2565 2012 2620 renuntiatio-

448 2659 571 2700 nein
617 2645 855 2700 materiae
891 2660 1181 2717 rerumque
1226 2648 1561 2715 carnalium;
1596 2649 1651 2704 in
1686 2665 1872 2718 cruce,
1897 2666 2015 2706 cer-

446 2736 669 2795 tamine,
702 2743 1017 2807 paupertate
1048 2737 1297 2806 spiritus,
1333 2738 1388 2791 in
1419 2739 1695 2796 voluntate
1726 2749 1779 2795 et
1806 2740 2016 2796 exerci-

444 2831 649 2879 tatione
689 2825 980 2893 spirituali,
1030 2825 1082 2879 in
1122 2825 1350 2895 jejunio,
1394 2829 1732 2897 pmnitentia,
1774 2829 1922 2895 ηοω,
1958 2830 2014 2885 in

441 2929 613 2984 agone
640 2917 838 2986 prwlii,
867 2916 920 2971 in
950 2916 1298 2983 discretione,
1335 2918 1389 2972 in
1417 2920 1610 2975 animm
1630 2921 2010 2985 sanctimonia,

444 3004 500 3058 in
548 3007 892 3075 perceptione
940 3007 1110 3073 bona;
1157 3022 1281 3062 cum
1333 3010 1514 3078 quiete
1563 3026 1701 3080 opus
1755 3026 2011 3067 manuum

440 3096 779 3152 exercendo:
805 3097 856 3150 in
888 3098 1172 3154 nocturnis
1201 3099 1420 3169 vigiliis,
1456 3098 1615 3167 fame,
1647 3102 1759 3168 siti,
1790 3101 2010 3173 frigore,
2039 3142 2081 3195 ε

442 3189 724 3254 nuditate,
772 3190 1106 3247 laboribus:
1158 3200 1322 3262 atque
1374 3194 1644 3249 occludite
1701 3197 2012 3265 sepulcrum

443 3290 633 3344 tuum,
675 3283 830 3350 quasi
873 3282 987 3349 jam
1031 3292 1311 3351 mortuus;
1347 3287 1429 3340 ita
1480 3296 1537 3341 ut
1583 3296 1740 3359 putes
1782 3296 2009 3346 mortem

441 3381 589 3424 tuam
624 3385 791 3443 prope
824 3386 944 3426 esse
975 3374 1120 3427 omni
1154 3373 1306 3430 liora.

508 3546 597 3602 55.
622 3546 853 3603 Aiebant
874 3547 942 3603 de
960 3549 1146 3604 eodem
1172 3546 1364 3609 abbate
1384 3551 1609 3621 Joanne,
1628 3556 1771 3625 quod
1788 3556 2005 3627 quando

437 3637 644 3692 redibat
670 3654 702 3693 e
729 3655 927 3702 messe,
964 3650 1055 3695 aut
1083 3655 1113 3695 e
1142 3655 1437 3713 congressu
1476 3661 1597 3700 cum
1634 3646 1881 3713 senibus,
1920 3662 2006 3701 va-

435 3728 596 3784 cabat
616 3731 870 3795 orationi,
906 3730 1240 3787 meditationi
1266 3742 1317 3788 et
1339 3736 1669 3804 psalmodim,
1701 3753 1875 3807 usque
1897 3753 2007 3808 quo

435 3832 593 3874 mens
619 3811 739 3889 ejus
773 3821 829 3874 in
860 3820 1151 3891 pristinum
1183 3822 1425 3879 ordinem
1456 3824 1647 3881 fuisset
1682 3827 1953 3883 restituta.

505 3992 607 4047 36.
638 3993 713 4049 De
738 4009 804 4049 co
833 3996 1207 4065 pronuntiavit
1236 3995 1454 4052 Patrum
1490 4000 1784 4055 nonnullus
1815 4017 1827 4054 τ
1867 3998 2003 4066 Quis

429 4095 514 4141 est
547 4083 824 4149 Joannes,
864 4088 1010 4157 quod
1043 4103 1141 4159 per
1179 4088 1534 4147 humilitatem
1580 4107 1731 4146 suam
1764 4108 1793 4149 e
1835 4108 2001 4164 parvo

428 4177 598 4248 digito
622 4186 787 4233 totam
821 4179 1021 4235 Sectim
1051 4180 1374 4250 suspendit?

501 4351 589 4407 57.
630 4349 988 4420 Interrogavit
1012 4351 1210 4421 aliquis
1235 4367 1265 4406 e
1284 4351 1540 4411 Pati-ibus
1566 4357 1814 4411 abbatem
1840 4354 1999 4412 Joan-

429 4457 555 4498 nem
587 4441 843 4506 Curtum,
872 4438 1007 4509 quid
1036 4447 1180 4494 esset
1208 4443 1531 4498 monachus.
1567 4444 1657 4499 Ille
1688 4446 1826 4500 dixit
1852 4464 1866 4500 :
1901 4445 1997 4503 Est

430 4534 601 4589 labor.
643 4532 780 4598 Quia
824 4532 1124 4587 monachus
1167 4532 1221 4585 in
1259 4533 1405 4587 omni
1445 4548 1610 4602 opere
1655 4535 1885 4591 laborat.
1920 4536 1999 4592 lta

427 4635 511 4683 cst
561 4626 885 4681 monachus.

496 4718 587 4774 58.
628 4717 1086 4772 Commemoravit
1128 4716 1230 4770 hoc
1276 4714 1444 4771 abbas
1487 4712 1724 4772 Joannes
1750 4716 1994 4774 Curtus:

425 4810 741 4879 Spiritualis
791 4809 1011 4881 quidam
1064 4825 1228 4865 senex
1276 4809 1497 4864 inclusit
1543 4823 1631 4875 se;
1684 4815 1907 4878 eratque
1938 4811 1995 4864 in

332 4966 333 4969 η
423 4901 646 4957 civitate
671 4901 922 4971 insignis,
951 4903 1144 4971 plenus
1176 4901 1349 4972 gloria
1378 4910 1432 4956 et
1473 4901 1656 4956 laude.
1688 4899 1828 4957 Huic
1855 4902 1998 4959 indic

424 4997 605 5044 catum
660 4992 1141 5046 est:Sanctorum
1187 4992 1384 5060 aliquis
1441 4990 1664 5047 dissolvi
1711 5008 1808 5049 seu
1856 4995 1995 5050 mori

421 5080 621 5147 habet;
666 5081 829 5144 veni,
881 5081 1059 5135 saluta
1106 5097 1231 5136 eum
1277 5089 1570 5152 antequam
1622 5083 1803 5140 obeat.
1853 5085 1995 5157 Ergo

422 5176 693 5241 reputavit
725 5173 865 5241 apud
894 5187 986 5227 se:
1030 5172 1086 5227 Si
1113 5173 1181 5228 de
1209 5174 1297 5229 die
1327 5174 1534 5239 exiere,
1574 5186 1860 5232 accurrent
1891 5178 1992 5232 bo-

420 5264 619 5323 mines.
659 5265 936 5333 multaque
973 5264 1104 5318 mibi
1137 5268 1241 5320 erit
1283 5265 1475 5336 gloria,
1512 5280 1612 5322 nec
1657 5268 1711 5321 in
1748 5268 1833 5323 bis
1864 5284 1994 5324 con-

419 5354 666 5424 quiesco.
694 5353 853 5410 Undc
865 5372 990 5412 sero
1011 5357 1113 5412 sub
1131 5359 1384 5415 tenebras
1404 5359 1587 5424 abibo,
1609 5361 1748 5415 clam
1776 5377 1987 5420 omnes.

489 5539 536 5573 as
565 5538 648 5592 AI.
683 5538 889 5604 ἔλαϐες.
969 5541 1012 5571 ³⁸
1040 5541 1124 5594 ΑΙ.
1154 5542 1350 5613 ἀρχῆς

490 5716 601 5788 (15)
640 5714 742 5772 Vit.
784 5717 936 5772 Patr.
968 5734 1005 5788 ι,
1038 5722 1089 5775 8.
1119 5718 1338 5775 Darotb.
1371 5720 1546 5776 Doclr.
1586 5722 1668 5778 li.

1426 5543 1467 5575 ³⁷
1497 5543 1581 5599 Al.
1617 5546 1956 5617 στεναγμῶν.
2036 5549 2080 5580 ³⁸
2105 5549 2187 5603 ΑΙ.
2220 5552 2295 5603 ὲν.
2376 5552 2418 5583 ³⁹
2444 5551 2526 5606 Al.
2562 5551 2683 5607 add.
2725 5553 2839 5610 σοῦ.

2123 1912 2353 1978 θυμίας,
2405 1914 2467 1965 ὲν
2514 1913 2702 1984 ἀγάπῃ
2754 1910 2911 1977 Θεοῦ,
2966 1909 3105 1982 μετά
3159 1909 3338 1980 πάσης
3384 1907 3694 1979 προθυμίας

2118 2003 2300 2073 ψυχῆς
2346 2003 2438 2056 καὶ
2494 2000 2761 2073 σώματος,
2811 2002 2906 2055 καὶ
2954 1998 3332 2062 ταπεινώσεως
3369 1996 3586 2066 πολλῆς,
3633 1997 3694 2047 ἐν

2121 2095 2362 2164 ὑπομονῇ
2390 2091 2622 2161 θλίψεως
2659 2092 2882 2163 καρδίας
2916 2091 3010 2143 καὶ
3042 2089 3308 2159 φυλακῆς,
3335 2089 3392 2140 ἐν
3418 2087 3690 2158 προσευχῇ

2119 2185 2286 2256 πολλῇ
2329 2185 2423 2238 καὶ
2451 2182 2784 2256 πρεσϐείαις,
2822 2181 2959 2252 μετά
2993 2180 3294 2251 στεναγμοῦ
3317 2178 3382 2239 ³⁷,
3408 2180 3467 2230 ὲν
3502 2177 3696 2248 ἁγνείᾳ

2118 2275 2386 2346 γλώσσης,
2431 2277 2526 2329 καὶ
2565 2275 2775 2346 φυλακῇ
2815 2272 3115 2343 ὀφθαλμῶν
3147 2270 3563 2341 ἀτιμαζόμενος.
3599 2269 3695 2320 καὶ

2121 2366 2196 2438 μὴ
2240 2365 2623 2437 ὀργιζόμενος·
2672 2362 2991 2436 εἰρηνεύων,
3041 2363 3134 2416 καὶ
3185 2362 3258 2432 μὴ
3311 2357 3691 2421 ἀνταποδιδοὺς

2118 2456 2286 2510 κακὸν
2328 2455 2449 2510 ἀντὶ
2482 2452 2691 2507 κακοῦ·
2744 2453 2819 2524 μὴ
2853 2450 3140 2523 προσέχων
3193 2448 3527 2519 πταίσμασιν
3576 2445 3695 2498 ἑτέ-ι
3776 2486 3783 2493 .

2120 2565 2262 2619 ρων·
2298 2547 2373 2618 μὴ
2412 2545 2605 2601 ἑαυτὸν
2641 2544 2874 2616 μετρῶν,
2905 2543 3163 2597 ὑποκάτω
3205 2542 3385 2612 πάσης
3425 2539 3526 2608 τῆς
3573 2538 3693 2591 κτί-

2118 2655 2256 2701 σεως
2300 2636 2406 2688 ὥν·
2441 2636 2499 2687 ὲν
2532 2632 2803 2704 ἀποταξίᾳ
2850 2632 2987 2703 ὑλης
3015 2631 3110 2685 καὶ
3151 2630 3262 2684 τῶν
3307 2626 3447 2682 κατὰ
3478 2627 3688 2690 σάρκα.

2116 2730 2174 2780 ἐν
2224 2725 2463 2798 σταυρῷ,
2509 2727 2567 2778 ὲν
2613 2723 2802 2793 ἀγῶνι,
2852 2726 2910 2775 ἐν
2958 2721 3199 2793 πτωχείᾳ
3250 2718 3584 2790 πνεύματος,
3630 2719 3691 2769 ὲν

2118 2818 2430 2890 προαιρέσει
2457 2817 2551 2871 καὶ
2581 2816 2811 2887 ἀσκήσει
2854 2816 3219 2884 πνευματικῇ,
3263 2815 3320 2866 ἐν
3352 2810 3596 2882 νηστείᾳ,
3630 2810 3691 2860 ἐν

2118 2908 2372 2981 μετανοίᾳ
2396 2908 2489 2962 καὶ
2513 2908 2558 2940 ³⁸
2587 2906 2867 2978 κλαυθμῷ,
2898 2909 2956 2960 ὲν
2988 2906 3159 2975 ἀγῶνι
3197 2904 3455 2975 πολέμου,
3481 2903 3538 2955 ὲν
3572 2901 3695 2954 δια-

2114 3000 2315 3070 κρίσει,
2357 3002 2414 3053 ὲν
2454 2999 2646 3068 ἁγνεία
2682 2998 2882 3069 ψυχῆς,
2927 3000 2987 3051 ὲν
3024 2997 3321 3068 μεταλήψει
3352 2996 3593 3068 χρηστῇ·
3629 2994 3691 3044 ὲν

2113 3087 2315 3157 ἡσυχίᾳ
2349 3087 2411 3139 τὸ
2442 3086 2752 3158 ὲργόχειρον
2773 3086 2848 3117 ³⁹·
2882 3087 2939 3138 ἐν
2982 3087 3104 3147 ταῖς
3141 3084 3478 3155 νυκτεριναῖς
3512 3082 3686 3150 ἀγρυ-

2114 3178 2318 3242 πνίαις,
2351 3179 2408 3232 ὲν
2441 3178 2600 3249 πείνῃ
2632 3176 2725 3230 καὶ
2750 3175 2899 3248 δίψῃ,
2934 3177 2990 3228 ἐν
3023 3174 3184 3245 ψύχει
3221 3174 3315 3227 καὶ
3364 3171 3687 3242 γυμνότητι,

2115 3270 2173 3323 ἐν
2198 3270 2407 3332 πόνοις·
2439 3267 2741 3322 ἀποκλείων
2784 3284 2876 3320 σου
2923 3266 3016 3320 τὸν
3039 3266 3231 3335 τάφον,
3254 3263 3330 3327 ὡς
3368 3263 3470 3334 ἤδη
3498 3262 3686 3315 τελευο-

2111 3361 2314 3424 τήσας·
2354 3358 2430 3422 ώς
2481 3356 2721 3428 νομίζειν
2769 3351 2906 3410 εἷναί
2955 3373 3048 3410 σου
3098 3355 3188 3409 τὸν
3243 3354 3471 3408 θάνατον
3520 3351 3691 3423 ἐγγὺς

2113 3453 2292 3506 πᾶσαν
2318 3450 2416 3521 τὴν
2441 3449 2590 3523 ὥραν
2616 3450 2681 3503 ⁸ο.

2181 3542 2274 3595 λε’.
2301 3541 2528 3609 Ἔλεγον
2557 3543 2684 3613 περὶ
2729 3540 2896 3595 αὑτοῦ
2938 3540 3035 3594 τοῦ
3088 3539 3233 3594 ἀϐϐἄ
3273 3538 3541 3601 Ἰωάννου,
3591 3536 3679 3590 ὅτι

2108 3633 2185 3697 ώς
2216 3631 2414 3705 ἧρχετο
2446 3634 2511 3686 ἐκ
2541 3632 2633 3686 τοῦ
2679 3632 2895 3705 θέρους,
2931 3632 2964 3704 ἢ
3000 3631 3363 3702 παραϐάλλων
3405 3629 3681 3699 γέρουσιν,

2108 3727 2189 3789 είς
2215 3726 2315 3797 τὴν
2342 3724 2506 3796 εὐχὴν
2537 3726 2627 3780 καὶ
2664 3727 2743 3789 είς
2763 3725 2864 3796 τὴν
2891 3723 3122 3796 μελέτην
3144 3723 3239 3777 καὶ
3266 3724 3347 3786 είς
3374 3720 3470 3792 τὴν
3495 3719 3682 3789 ψαλμ-

2114 3814 2280 3885 ῳδίαν
2333 3812 2655 3884 ἐσχόλαζεν,
2690 3813 2796 3878 ἕως
2840 3808 2902 3867 οὗ
2925 3811 3343 3881 ἀποκατεστάθη
3365 3811 3395 3862 6
3420 3810 3680 3879 λογισμὸς

2107 3905 2273 3959 αὑτοῦ
2303 3907 2384 3969 είς
2406 3904 2503 3977 τὴν
2522 3906 2675 3972 τάξιν
2699 3906 2796 3977 τὴν
2821 3904 3075 3978 ἀρχαίαν.

2178 4001 2285 4061 λς’.
2316 3991 2452 4050 Εἷπέ
2484 4013 2571 4060 τις
2624 3997 2732 4050 τῶν
2768 3997 3027 4068 Πατέρων
3075 3995 3204 4067 περὶ
3233 3994 3433 4061 αὑτοῦ,
3465 3994 3546 4047 ὅτι
3580 3992 3685 4057 Τίς

2105 4091 2251 4142 ἐστιν
2286 4089 2315 4141 6
2353 4089 2628 4160 Ἰωάννης,
2665 4090 2746 4143 ὃτι
2803 4088 2891 4142 διὰ
2922 4089 3021 4160 τῆς
3058 4085 3437 4149 ταπεινώσεως
3485 4084 3681 4148 αὐτοῦ,

2108 4179 2414 4252 ἐκρέμασεν
2477 4179 2605 4251 ὅλην
2660 4181 2759 4252 τὴν
2828 4180 3026 4251 Σκῆτιν
3069 4180 3127 4233 ὲν
3162 4177 3242 4250 τῷ
3273 4175 3454 4250 μικρῷ
3509 4176 3681 4231 αὑτοῦ

2106 4272 2353 4344 δακτύλῳ
2373 4290 2388 4339 ;

2175 4363 2276 4428 λζ’.
2322 4364 2596 4436 Ἐρώτησὲ
2623 4383 2707 4429 τις
2732 4363 2840 4419 τῶν
2873 4364 3135 4436 Πατέρων
3163 4362 3253 4418 τὸν
3279 4361 3453 4417 ἀϐϐᾶν
3489 4360 3680 4414 Ἰωάν-

2032 4481 2073 4534 D
2102 4472 2200 4526 νην
2226 4453 2318 4508 τὸν
2342 4454 2584 4521 κολοϐὸν,
2629 4450 2683 4510 τί
2727 4457 2844 4509 ἐστι
2887 4455 3147 4527 μοναχός;
3192 4456 3255 4508 '0
3280 4454 3338 4508 δὲ
3373 4449 3525 4507 εἷπε·
3561 4452 3681 4506 K6-

2106 4562 2224 4609 πος.
2263 4546 2382 4599 Ὅτι
2410 4548 2439 4600 6
2471 4546 2700 4619 μοναχδς
2756 4549 2835 4610 εἰς
2882 4548 2991 4600 πᾶν
3023 4546 3184 4619 ἔργον
3221 4547 3404 4617 κοπιᾷ.
3431 4544 3617 4609 Οὕτως
3648 4547 3682 4599 6

2108 4638 2358 4709 μοναχὸς.

2171 4730 2273 4801 λη’.
2302 4727 2470 4785 Εἶπεν
2500 4732 2529 4784 ὁ
2554 4723 2727 4796 ἀϐϐἄς
2767 4733 3020 4804 Ἰωάννης
3054 4733 3082 4786 ὁ
3104 4730 3345 4795 κολοϐὸς,
3384 4731 3464 4783 ὅτι
3494 4728 3678 4802 γέρων

2099 4840 2184 4887 τις
2216 4823 2600 4894 πνευματικὸς,
2646 4824 2965 4880 ἀπέκλεισεν
3002 4825 3211 4891 ἑαυτὸν,
3247 4826 3342 4877 καὶ
3376 4818 3442 4894 ἦν
3481 4822 3680 4890 ἐπίση-

2104 4931 2203 4985 μος
2235 4917 2292 4968 ὲν
2318 4918 2385 4987 τῇ
2436 4915 2608 4981 πόλει,
2637 4917 2732 4971 καὶ¹
2764 4917 2921 4985 δόξαν
2967 4916 3168 4990 πολλὴν
3197 4915 3352 4987 ἔχων.
3399 4911 3695 4985 Ἐδηλώθηη

2098 5005 2157 5059 δὲ
2187 5006 2382 5080 τούτῳ,
2411 5007 2494 5061 ὅτι
2514 5008 2714 5065 Μέλλει
2746 5028 2830 5075 τις
2866 5010 2974 5064 τῶν
2992 5011 3162 5079 ἁγίων
3188 5008 3458 5071 ἀναλύειν,
3488 5005 3679 5076 δεῦρο,

2100 5095 2341 5151 ἄσπασαι
2390 5099 2551 5151 αὑτὸν
2603 5100 2731 5171 πρὶν
2783 5101 3041 5173 κοιμηθῇ.
3105 5102 3216 5154 Καὶ
3255 5096 3563 5170 ἐνεθυμήθη
3609 5097 3680 5152 ἐν

2099 5187 2296 5259 ἑαυτῷ,
2325 5190 2406 5243 ὅτι
2445 5191 2569 5243 Ἐὰν
2600 5191 2798 5256 ἐξέλθω
2835 5193 3067 5264 ἡμέρας,
3098 5192 3471 5263 ἐπιτρέχουσιν
3494 5189 3543 5242 οἱ
3577 5188 3675 5241 ἄν-

2099 5275 2324 5348 θρωποι,
2375 5278 2470 5331 καὶ
2504 5279 2669 5351 πολλή
2722 5297 2812 5351 μοι
2840 5280 2968 5348 δόξα
3004 5281 3233 5351 γίνεται,
3284 5281 3378 5334 καὶ
3411 5279 3509 5331 οὐκ
3538 5277 3675 5329 ἀνα-

2097 5369 2337 5441 παύομαι
2393 5371 2470 5435 είς
2523 5371 2715 5426 ταῦτα.
2753 5373 3081 5446 Ἀπέρχομαι
3112 5371 3205 5429 οὖν
3229 5374 3327 5445 ὀψὲ
3352 5374 3417 5444 τῇ
3458 5369 3669 5433 σκοτία,

2919 5554 2957 5586 "‘
2992 5555 3055 5609 Al
3110 5554 3347 5626 ᾖμέραν.
