3994 6336
172 358 268 412 Eii

1325 356 1938 415 APOPHTHEGMATA
1975 356 2281 416 PATliUM.

3331 356 3444 414 9.22

166 475 393 531 σεαυτὸν
419 474 622 543 ὀλίγον,
641 476 724 528 ὅτι
748 473 935 528 λοιπὸν
966 473 1266 545 ὲγήρασας.
1300 474 1411 528 Καὶ
1441 475 1625 545 ἔλεγεν
1653 476 1751 530 αὐ-

1886 488 1953 529 er
1976 473 2149 545 quieti
2180 474 2272 537 da,
2300 471 2429 543 quia
2456 472 2571 542 jam
2599 486 2765 528 senex
2798 486 2889 529 es.
2910 469 3050 527 Tum
3081 468 3162 526 ait
3191 467 3276 527 eis
3300 489 3319 527 :
3344 467 3451 529 Li-

169 572 303 633 τοῐς.
329 568 413 623 ὃτι
441 567 566 621 Ἐὰν
589 566 865 620 καύσωσιν
879 565 1170 638 Ἰσίδωρον,
1188 565 1283 618 καὶ
1309 564 1407 637 τὴν
1434 565 1627 621 σποδὸν
1653 567 1750 645 αὖέ

176 659 264 717 ιοῧ
291 659 481 730 ἀνέμῳ
508 660 905 729 σκορπίσωσιν,
929 657 1050 711 οὐδὲ
1085 658 1183 727 μία
1214 674 1305 727 μοι
1334 657 1496 728 χάρις
1538 656 1748 731 ἀκμὴν,

168 756 249 811 ὅτι
275 755 307 808 6
342 751 470 815 Υίὸς
490 749 585 803 τοῦ
616 748 753 806 θεοῦ
777 741 878 803 ὧδε
904 744 1036 820 ἦλθε
1060 747 1127 801 δι’
1156 750 1324 822 ἡμᾶς.

239 939 316 997 ς’.
370 931 430 984 ’0
457 930 621 992 αὐτὸς
644 924 769 997 εἷπε
814 928 943 999 περὶ
986 927 1081 982 τοῦ
1133 926 1280 986 ἁϐὅᾶ
1334 925 1639 996 Ἰσιδώρου,
1669 927 1755 978 ὅτι

170 1024 355 1092 ελεγον
404 1021 555 1092 αὑτῷ
577 1022 627 1075 oi.
667 1019 954 1091 λογισμοί·
979 1018 1170 1088 Μέγας
1214 1013 1264 1072 εἷ
1292 1016 1596 1091 ἅνθρωπος.
1643 1018 1756 1071 Καὶ

171 1118 321 1183 ἔλεγε
353 1114 491 1186 πρὸς
521 1112 748 1176 αὐτούς·
770 1114 860 1182 Μή
891 1112 1006 1185 εἰμι
1040 1109 1182 1167 κατὰ
1220 1110 1313 1162 τὸν
1342 1108 1516 1163 ἁόϐᾶν
1561 1107 1757 1161 Ἀντώ-

171 1222 281 1257 νιον
312 1222 327 1268 ;
358 1202 394 1275 ἢ
434 1201 701 1272 ἐγενόμην
738 1200 874 1263 ὅλως
915 1197 1059 1256 κατὰ
1103 1197 1195 1250 τὸν
1231 1195 1408 1252 ἀϐϐᾶν
1455 1192 1684 1264 Παμσάὴ
1717 1192 1753 1265 ἢ

170 1297 244 1359 ὡς
274 1298 327 1349 οί
373 1295 554 1348 λοιποὶ
605 1292 848 1367 Πατέρες
884 1294 934 1345 oi
980 1291 1057 1363 τῷ
1084 1289 1206 1361 Θεῷ
1256 1285 1753 1361 εὐαρεστήσαντεςί

175 1386 306 1435 Ὅτε
351 1384 528 1437 ταῦτα
584 1384 1041 1455 παρεισήνεγκεν,
1093 1381 1416 1440 ἀνεπαύετο.
1457 1379 1588 1432 Ὅτε
1625 1377 1681 1432 δὲ
1721 1380 1756 1450 ἡ

175 1476 344 1546 ἔχθρα
376 1477 552 1530 ἐποίει
572 1476 734 1529 αὑτὸν
755 1475 1166 1546 ὀλιγοψυχῆσαι,
1198 1473 1275 1537 ὡς
1302 1474 1386 1533 ὅτι
1414 1470 1553 1544 μετὰ
1585 1469 1760 1524 ταῦτα

180 1570 358 1623 πάντα
389 1566 471 1628 είς
500 1564 600 1638 τὴν
626 1566 848 1622 κόλασιν
864 1569 933 1637 δ’,
963 1566 1149 1636 ἔλεγεν
1182 1564 1345 1633 αὐτὸς
1391 1563 1527 1638 πρὸς
1563 1562 1761 1626 αὐτοὺς

177 1661 280 1720 ὃτι.
309 1660 431 1715 Κᾶν
459 1663 540 1726 είς
579 1660 823 1724 κόλασιν,
846 1658 1136 1732 ὲμὸληθῶ,
1170 1658 1317 1732 ὑμᾶς
1361 1656 1619 1716 ὑποκάτω
1670 1656 1765 1711 56-

182 1770 375 1825 ρισκω.

248 1930 317 1995 ς’.
361 1925 528 1985 Εἶπεν
563 1932 593 1988 6
618 1928 795 1995 666i;
843 1928 1115 2011 Ἰσίδωρος
1157 1929 1263 1997 ὅτι,
1312 1927 1579 2001 ’Δπῆλθόν
1627 1942 1762 1982 ποτε

183 2024 241 2075 ὲν
268 2024 336 2092 τῇ
359 2023 538 2095 ἀγορᾷ
560 2022 813 2093 πωλῆσαι
845 2022 1012 2093 σκεύη
1036 2021 1210 2094 μικρὰ
1232 2038 1245 2050 ·
1272 2020 1369 2076 καὶ
1394 2019 1517 2075 ἰδὼν
1544 2019 1643 2093 τὴν
1670 2020 1764 2091 6p-

182 2113 285 2186 γὴν
312 2114 642 2184 ὲγγίζουσάν
666 2131 779 2185 μοι,
812 2116 979 2178 ἐάσας
1010 2113 1082 2168 τὰ
1113 2111 1285 2186 σκεύη
1325 2111 1547 2184 ἔφυγον.

252 2296 324 2369 η’.
371 2297 606 2369 ’Δπῆλθὲ
648 2314 779 2353 ποτε
805 2298 835 2351 6
872 2296 1045 2361 ἁσσᾶς
1079 2295 1349 2366 Ἰσίδωρος
1380 2293 1515 2368 πρὸς
1546 2294 1637 2348 τὸν
1664 2292 1766 2348 ἀε-

185 2390 285 2445 σᾱν
311 2389 574 2460 Θεόφιλον
602 2391 696 2445 τὸν
732 2389 1158 2466 ἀρχιεπίσκοπον
1199 2386 1634 2460 ’Δλεξανδρείαςο
1669 2387 1765 2443 καὶ

184 2483 261 2544 ὡς
298 2481 642 2554 ὑπέστρεψεν
664 2483 745 2548 είς
779 2482 1001 2551 Σκῆτιν,
1036 2478 1327 2550 ⁴ἠρώτησαν
1349 2478 1510 2533 αὐτὸν
1544 2480 1592 2532 oi
1612 2476 1765 2535 ἀδελ-

183 2574 274 2643 φοί
295 2591 310 2604 ο
345 2572 471 2636 Πῶς
501 2574 536 2644 ἡ
578 2573 764 2639 πάλιςς
806 2573 865 2625 '0
904 2571 961 2625 δὲ
981 2567 1132 2625 εἷπε·
1163 2570 1349 2636 Φύσει,
1382 2569 1624 2639 ἀδελφοὶ,
1652 2567 1767 2639 ἐγὼ

184 2663 477 2735 πρόσωπον
504 2662 796 2734 ἀνθρώπου
823 2663 927 2716 οὐκ
964 2657 1135 2721 εἶδον,
1162 2662 1214 2714 εί
1250 2661 1324 2732 μὴ
1361 2660 1519 2732 μόνον
1539 2658 1635 2713 τοῦ
1666 2660 1767 2731 ἀρ-

186 2770 265 2821 χιε
273 2754 563 2809 πίει-κόπου.
580 2756 643 2810 υἱ
665 2752 721 2810 δὲ.
736 2752 1066 2816 ἀκούσαντες
1083 2754 1176 2806 ὲτα
1184 2751 1481 2824 ράχθησαν,
1494 2751 1762 2820 λέγοντες·

188 2840 330 2913 ’Λρα
364 2843 711 2915 ιχαώθησαν,
771 2844 918 2901 ἁὸϐἄ
949 2859 967 2911 ;
1006 2844 1064 2898 '0
1092 2844 1149 2898 δὲ
1178 2842 1331 2896 εἶπεν
1363 2860 1377 2874 ·
1413 2843 1525 2913 Οὐχ
1555 2841 1727 2905 οὕτως
1748 2858 1764 2873 ·

187 2935 302 2993 ἀλλ’
331 2938 434 2989 οὐκ
462 2936 684 3006 ἐνίκησέ
716 2953 785 3007 με
811 2937 840 2988 6
864 2935 1121 3007 λογισμὸς
1148 2933 1244 2989 τοῦ
1277 2935 1405 2988 ίόεἰν
1446 2950 1588 2987 τινα.
1623 2934 1688 2986 Οί
1712 2932 1770 2986 δὲ

191 3028 528 3092 ἀκούσαντες
581 3030 916 3099 ἐθαύμασαν,
948 3029 1042 3080 καλ⁸
1085 3026 1484 3099 ἐστηρίχθησαν
1532 3027 1619 3080 ἵνα
1664 3043 1768 3097 φυ-

191 3120 455 3177 λάττωσιν
485 3119 594 3177 ἀπὸ
618 3118 997 3193 μετεωρισμοῦ
1021 3119 1150 3183 τοὺς
1179 3117 1496 3189 ὀφθαλμοὺς
1528 3117 1731 3172 αὐτῶν.

260 3299 325 3352 ο.
376 3299 437 3352 '0
469 3298 632 3362 αὐτὸς
684 3298 858 3362 666i;
897 3298 1165 3369 Ἰσίδωρος
1216 3293 1369 3351 εἶπεν
1394 3314 1408 3328 ·
1451 3298 1517 3351 Ἦ
1560 3296 1775 3361 σύνεσις

193 3390 300 3442 τῶν
333 3390 509 3458 ἁγίων
548 3389 688 3461 αὕτη
719 3390 854 3456 ἐστὶ,
888 3388 951 3442 τὸ
989 3389 1289 3458 ἐπιγνῶναι
1328 3389 1393 3443 τὸ
1438 3388 1650 3460 θέλημα
1679 3387 1775 3442 τοῦ

195 3481 353 3535 Θεοῦ.
409 3480 636 3536 Πάντων
668 3481 777 3553 γὰρ
817 3480 1157 3553 περιγίνεται
1189 3482 1217 3534 6
1265 3480 1553 3552 ἄνθρωπος
1603 3482 1661 3534 ὲν
1709 3482 1776 3551 τῇ

198 3574 407 3643 ὑπακοῇ
458 3574 559 3643 τῆς
606 3572 886 3644 ἀληθείας,
910 3573 994 3627 ὅτι
1041 3570 1206 3626 εἰκὼν
1253 3572 1348 3629 καὶ
1399 3572 1652 3643 ὁμοίωμα
1681 3571 1778 3625 τοῦ

198 3664 333 3721 θεοῦ
370 3667 508 3719 ἐστι.
544 3663 773 3719 Πάντων
817 3663 875 3719 δὲ
910 3661 1239 3733 πνεύματων
1281 3661 1454 3716 δεινόν
1483 3661 1531 3694 ⁸⁸
1563 3663 1681 3715 ἐστι
1719 3661 1781 3716 τὸ

199 3755 511 3810 ἀκολουθεῖν
541 3758 607 3826 τῇ
640 3754 833 3808 ἑαυτοῦ
878 3754 1097 3826 καρδίᾳ,
1145 3754 1390 3811 τουτέστι
1420 3753 1499 3827 τῷ
1539 3753 1652 3824 ἰδίῳ
1687 3752 1780 3807 λο-

200 3848 570 3919 γισμῷ⁸⁹,καὶ
597 3850 673 3920 μὴ
692 3848 770 3920 τῷ
795 3848 945 3920 νόμῳ
982 3847 1075 3902 τοῦ
1106 3847 1244 3901 Θεοῦ
1265 3866 1279 3879 ο
1308 3846 1403 3901 καὶ
1436 3845 1664 3918 ὕστερον
1691 3844 1780 3914 γί-

199 3957 349 3994 νεται
387 3939 538 4010 αὐτῷ
570 3941 649 4004 είς
680 3939 894 4005 πένθος,
919 3941 1000 3994 ὅτι
1028 3940 1129 3993 οὐκ
1178 3938 1321 4009 ἔγνω
1358 3938 1420 3993 τὸ
1461 3938 1779 4009 μυστήριον,

200 4031 319 4084 οὐδὲ
350 4026 480 4102 εὗρε
518 4031 620 4103 τὴν
656 4031 774 4085 ὁδὸν
808 4031 918 4085 τῶν
952 4031 1489 4104 ἁγίων-ἐργάζεσθαι
1518 4034 1576 4084 ὲν
1619 4030 1778 4102 αὐτῇ.

202 4122 314 4175 Νῦν
350 4118 447 4175 οὖν
476 4122 666 4193 καιρὸς
695 4121 789 4175 τοῦ
824 4122 1047 4193 ποιῆσαι
1080 4122 1159 4194 τῷ
1193 4121 1407 4194 Κυρίῳ,
1431 4123 1513 4175 δτι
1538 4123 1783 4192 σωτηρία

204 4216 259 4266 έν
285 4213 467 4285 καιρῷ
499 4213 729 4282 θλίψεως
750 4232 765 4246 ⁸
788 4214 869 4268 δτι
897 4215 1203 4287 γέγραπται
1226 4230 1240 4244 ’
1278 4215 1381 4270 Ἐν
1404 4213 1481 4284 τῇ
1508 4210 1783 4283 ὑπομονῇ

205 4303 375 4375 ὑμῶν
406 4304 717 4375 κτήσησθε
748 4307 856 4372 τὰς
882 4306 1087 4376 ψυχὰς
1115 4305 1302 4377 ὑμῶν.

275 4418 417 4487 Περὶ
450 4418 557 4473 τοῦ
593 4417 744 4475 ἀόὄᾶ
786 4419 1089 4488 Ἰσιδὼρου
1123 4420 1230 4475 τοῦ
1261 4419 1711 4490 Πηλουσιώτου.

1860 575 1946 621 cet
1978 566 2380 622 coinbusserint
2404 563 2695 629 lsidorum,
2723 563 2955 635 ejusque
2973 565 3186 621 cineres
3220 563 3277 620 in
3304 579 3441 621 ven-

1860 668 1975 713 tum
2021 658 2400 729 ilisperserint,
2445 656 2595 712 nulla
2629 656 2765 710 mihi
2812 656 3110 710 etiamnum
3159 654 3338 729 gratia
3385 663 3441 710 et

1860 751 2237 822 indulgentia;
2269 750 2529 822 quoniam
2558 747 2733 804 Filius
2767 747 2866 804 Dei
2897 747 3005 801 huc
3033 745 3184 800 venit
3214 755 3441 817 propter

1860 856 1983 895 llOS.

1931 929 1985 987 6.
2018 930 2131 1003 (l9)
2175 930 2321 987 Idem
2363 930 2605 986 narravit
2655 930 2725 986 de
2762 929 2959 985 abbate
3009 928 3250 995 Isidoro,
3292 930 3443 1000 quod

1864 1021 2113 1076 subirent
2136 1036 2260 1075 eum
2286 1020 2555 1091 ejusmodi
2593 1020 2983 1090 cogitationes:
3024 1018 3249 1090 Magnus
3280 1019 3445 1075 homo

1861 1126 1943 1167 es.
1986 1113 2106 1184 ipse
2138 1126 2265 1167 vero
2288 1112 2353 1167 ad
2380 1127 2476 1168 eas
2522 1119 2841 1183 reponeret:
2866 1108 3124 1180 Nunquid
3150 1125 3272 1166 sum
3302 1111 3445 1166 sicut

1864 1204 2036 1258 abbas
2060 1202 2368 1260 Antonius?
2404 1202 2621 1259 Utinam
2652 1203 2875 1258 omnino
2895 1216 3071 1257 essem
3102 1201 3248 1255 velut
3276 1201 3450 1258 abbas

1862 1292 2092 1361 Pambo,
2125 1302 2219 1349 aut
2254 1304 2514 1367 tanquam
2554 1295 2752 1366 reliqui
2795 1293 3008 1359 Patres,
3040 1294 3135 1364 qui
3176 1292 3281 1349 Deo
3326 1294 3445 1364 pla-

1868 1389 2133 1445 cuernnt'.
2168 1387 2305 1444 Cum
2334 1388 2447 1445 haec
2494 1388 2835 1459 protulisset,
2878 1371 3115 1457 quietem
3142 1400 3447 1456 conseque-

1865 1480 2049 1535 batur.
2090 1478 2322 1547 Quando
2366 1488 2550 1535 autem
2594 1478 2822 1534 humani
2862 1476 3081 1550 generis
3117 1476 3305 1532 hostes
3337 1478 3447 1532 da:-

1866 1585 2057 1626 mones
2106 1569 2324 1626 eliicere
2359 1568 2676 1624 nitebantur
2733 1576 2793 1623 ut
2826 1566 3031 1639 pusillo
3066 1573 3212 1622 esset
3241 1567 3444 1630 animo.

1867 1648 2028 1731 quasi
2063 1668 2187 1732 post
2231 1661 2347 1717 bu'c
2380 1661 2565 1716 omnia
2605 1667 2850 1715 maneret
2906 1659 3059 1713 illum
3104 1673 3286 1728 poena,
3332 1657 3451 1729 ipse

1869 1750 1939 1806 ad
1972 1766 2071 1808 eos
2111 1751 2394 1823 inquiebat
2424 1770 2438 1805 :
2474 1750 2738 1818 Quamvis
2780 1751 2970 1807 mittar
3000 1751 3068 1807 ad
3093 1750 3448 1822 supplicium,

1794 1846 1837 1902 Β
1869 1861 1965 1903 vos
1996 1854 2175 1903 tamen
2214 1847 2414 1904 subtus
2443 1847 2740 1903 inveniam.

1943 1935 1993 1991 Ἰ.
2046 1936 2160 2009 (20)
2204 1937 2412 1994 Retulit
2454 1937 2627 1993 abbas
2666 1936 2954 1995 lsidorns:
3002 1935 3288 1993 Profectus
3324 1952 3450 1993 sum

1870 2028 2167 2099 aliquando
2202 2029 2256 2083 in
2291 2029 2494 2097 forum,
2524 2037 2585 2086 ut
2608 2029 2832 2105 vascula
2852 2029 3179 2094 venderem;
3212 2043 3454 2100 cumque

1870 2122 2117 2181 intuerer
2153 2125 2496 2184 iracundiam
2547 2124 2686 2182 mihi
2716 2124 3195 2200 appropinquare,
3240 2122 3451 2179 relictis

1868 2217 2015 2272 vasis
2042 2216 2179 2288 fugi.

1940 2308 1995 2364 8.
2035 2307 2281 2365 Perrexit
2310 2309 2606 2381 aliquando
2635 2310 2806 2366 abbas
2828 2307 3073 2365 lsidorus
3104 2308 3170 2364 ad
3194 2307 3451 2363 abbati-nt

1871 2397 2238 2470 Theophilum
2276 2401 2749 2470 archiepiscopum
2799 2400 3179 2456 Alexandriae:
3215 2408 3269 2455 et
3299 2410 3446 2470 post-

1871 2504 2033 2559 quam
2073 2490 2141 2545 ad
2175 2489 2375 2546 Scetim
2410 2508 2663 2548 reversus
2704 2499 2811 2556 est,
2841 2492 3145 2562 percontati
3169 2498 3297 2545 sunt
3322 2506 3449 2544 eum

1872 2579 2070 2637 fratres
2103 2583 2377 2654 quomodo
2435 2583 2659 2639 haberet
2690 2583 2909 2640 civitas.
2959 2582 3300 2654 ReSpondit:
3334 2581 3449 2637 l‘ti-

1872 2688 2001 2743 quc,
2037 2671 2256 2739 fratres,
2296 2691 2395 2745 ego
2421 2674 2659 2728 hominis
2689 2675 2881 2729 faciem
2920 2689 3028 2729 non
3057 2673 3189 2738 vidi,
3228 2682 3452 2742 prmer-

1873 2778 2039 2834 quam
2065 2763 2483 2834 archiepiscopi.
2515 2763 2595 2817 llli
2624 2764 2933 2829 audientes,
2967 2764 3171 2818 turbati
3207 2770 3357 2824 sunt,
3386 2777 3452 2817 ac

1873 2853 2172 2906 dixerunt:
2227 2854 2309 2904 An
2341 2854 2408 2905 ad
2462 2852 2632 2909 chaos
2682 2860 2736 2908 et
2786 2852 3017 2906 nihilum
3054 2851 3260 2905 redacti
3300 2859 3452 2912 sunt,

1875 2941 2054 2997 abba?
2081 2940 2152 3005 ls,
2183 2940 2301 2995 Non
2333 2941 2428 3004 ita,
2460 2942 2676 3013 inquit:
2728 2943 2823 2997 scd
2863 2958 2949 2998 me
2990 2957 3099 2996 non
3127 2941 3324 2995 devicit
3361 2954 3454 2999 co-

1876 3036 2086 3104 gitatio,
2135 3041 2193 3086 ut
2224 3035 2530 3103 aspicerem
2569 3048 2922 3104 quemquam.
2972 3032 3092 3099 Quo
3134 3033 3207 3086 illi
3244 3030 3451 3092 audito,

1879 3125 1934 3179 in
1963 3124 2384 3178 admirationem
2417 3123 2777 3191 devenerunt,
2817 3124 3205 3189 etqconlirmati
3237 3132 3365 3178 sunt
3397 3132 3461 3176 ut

1797 3196 1842 3257 ο
1876 3218 1944 3271 ab
1974 3217 2293 3287 evagatione
2323 3216 2667 3271 custodirent
2695 3217 2888 3271 oculos
2928 3231 3079 3271 suos.

1944 3307 1999 3362 9.
2031 3306 2176 3361 Idem
2205 3307 2374 3362 abbas
2400 3307 2643 3363 Isidorus
2674 3308 3049 3377 pronuntiavit
3075 3323 3089 3356 :
3127 3304 3455 3360 Sanctorum

1877 3398 2174 3469 prudentia
2205 3397 2320 3452 haec
2347 3409 2451 3461 est,
2477 3413 2775 3469 agnoscere
2805 3399 3142 3452 voluntatem
3174 3395 3289 3451 Dei.
3314 3398 3459 3451 Citii-

1877 3496 1966 3541 cta
1991 3485 2136 3541 enim
2164 3495 2387 3555 superat
2415 3487 2575 3540 homo
2608 3486 2662 3539 in
2689 3486 2939 3540 veritatis
2976 3484 3309 3546 oheilicntia,
3330 3486 3462 3553 quia

1881 3576 1977 3632 Dei
2022 3577 2202 3647 imago
2234 3590 2297 3631 ac
2333 3575 2639 3631 similitudo
2688 3584 2792 3631 est.
2850 3576 2995 3631 Inter
3043 3591 3236 3630 omnes
3281 3584 3461 3628 autem
3536 3577 3543 3583 '

1879 3669 2108 3739 Spiritus
2152 3668 2513 3740 gravissimus
2556 3678 2660 3730 est,
2695 3667 2849 3736 sequi
2888 3682 2984 3721 cor
3015 3683 3199 3729 suum,
3244 3666 3346 3720 hoc
3383 3674 3469 3719 est

1880 3760 2159 3832 propriam
2216 3758 2629 3829 cogitationem,
2686 3774 2801 3813 non
2850 3774 2981 3813 vero
3020 3757 3193 3828 legem
3243 3756 3372 3823 Dei;
3414 3764 3470 3809 et

1880 3863 2071 3924 postea
2109 3852 2163 3906 in
2212 3851 2417 3905 luctum
2446 3850 2496 3905 ei
2526 3850 2727 3916 evadit,
2760 3850 3020 3920 quoniam
3054 3865 3164 3903 non
3214 3850 3471 3919 cognovit

1882 3943 2232 4015 mysterium,
2265 3956 2441 4011 neque
2463 3940 2665 3994 invenit
2698 3940 2841 3993 viain
2873 3947 3214 4004 sanctorum,
3241 3947 3299 3991 ut
3328 3938 3383 3992 in
3405 3954 3471 3992 ea

1886 4043 2232 4107 operaretur.
2265 4031 2422 4087 Nunc
2454 4047 2583 4103 ergo
2606 4041 2821 4101 tempus
2854 4038 2939 4085 est
2968 4030 3186 4099 operari
3217 4028 3468 4094 Domino,

1888 4125 2328 4198 quandoquidem
2381 4125 2530 4179 Salus
2574 4124 2626 4176 in
2665 4130 2910 4190 tempore
2953 4120 3280 4175 aﬂlittionis.
3324 4120 3472 4174 Scri-

1882 4229 2035 4289 ptum
2065 4216 2265 4287 quippe
2294 4224 2376 4269 est
2399 4233 2412 4268 :
2443 4212 2506 4267 lu
2527 4212 2787 4284 patientia
2807 4220 2978 4266 vestra
3001 4212 3337 4281 possidebitis
3364 4212 3485 4266 imi-

1895 4326 2011 4367 nias
2049 4316 2246 4364 vestras
2277 4306 2345 4360 ”.

2249 4417 2327 4474 De
2370 4417 2557 4471 abbate
2584 4414 2796 4470 Isidoro
2826 4413 3121 4470 Pelusium.

276 4536 346 4584 α’.
389 4530 615 4600 Ἔλεγεν
637 4532 666 4584 6
697 4530 871 4596 ἀσϐᾶς
911 4532 1180 4605 Ἰσίδωρος
1216 4531 1247 4585 6
1272 4532 1680 4606 Πηλουσιώτης,
1712 4535 1770 4589 ὅτ

1969 4536 2022 4591 1.
2054 4534 2164 4607 (21)
2200 4532 2343 4589 Dixit
2369 4532 2538 4587 abbas
2569 4530 2815 4587 Isidorus
2846 4529 3119 4586 Pelusiota
3145 4547 3159 4583 :
3200 4528 3320 4583 \‘ita
3358 4528 3479 4585 sine

212 4620 328 4685 Bio;
356 4621 486 4675 ἄνευ
514 4622 673 4691 λόγου
712 4622 958 4698 [μᾶλλον]
998 4624 1230 4695 ὠφελεῖν
1276 4624 1541 4696 πέφυκεν,
1567 4626 1602 4697 ἢ
1634 4626 1791 4696 λόγος

212 4713 336 4766 ἄνευ
368 4713 507 4782 βίου.
546 4714 607 4766 ὐ
654 4714 754 4784 μὲν
794 4715 923 4787 γὰρ,
954 4717 1048 4770 καὶ
1082 4716 1251 4786 σιγῶν
1287 4716 1490 4787 ὠφελεῖ
1515 4734 1529 4748 ·
1555 4718 1584 4770 6
1611 4717 1668 4771 δὲ
1697 4717 1792 4771 καὶ

213 4804 349 4873 βοῶν
384 4806 609 4877 ἐνοχλεῖ.
643 4806 704 4859 Εἰ
751 4806 806 4860 δὲ
840 4809 931 4861 καὶ
955 4808 1111 4878 λόγος
1143 4812 1237 4885 gini.
1264 4809 1375 4880 βίος
1412 4808 1789 4883 συνδρὰμοι⁸¹,

212 4896 268 4949 il
306 4895 623 4967 ςιλοσοφίας
662 4898 883 4970 ἁπάσης
927 4899 1281 4955 ἀποτελοῦσιν
1311 4901 1554 4973 ἄγαλμα.

282 5076 349 5146 β’.
398 5077 457 5130 ὐ
505 5078 668 5142 αὐτὸς
715 5078 902 5147 ἔλεγε·
942 5077 1056 5142 Τὰς
1102 5077 1306 5149 ἀρετὰς
1360 5075 1498 5148 τίμα
1528 5092 1542 5107 ⁸
1571 5076 1646 5147 μὴ
1699 5076 1800 5139 τὰς

214 5166 517 5238 εὐημερίας
543 5167 840 5240 θεράπευε
874 5171 929 5224 αἱ
964 5170 1065 5242 μὲν
1099 5169 1209 5239 γὰρ
1243 5166 1510 5223 ἀθάνατόν
1544 5168 1649 5220 εισι
1677 5166 1803 5237 χρῆ·

217 5275 294 5328 μα
314 5276 327 5287 ·
361 5258 419 5311 αἱ
443 5259 502 5311 δὲ
526 5260 726 5333 ῥαδίως
751 5260 1085 5317 σϐέννυνται.

285 5348 355 5417 γ’.
394 5348 531 5405 Eius
557 5351 748 5417 πάλιν,
778 5352 861 5405 ὅτι
895 5352 1087 5406 Πολλοὶ
1118 5351 1227 5406 τῶν
1250 5350 1553 5423 ἀνθρώπων
1584 5352 1802 5424 ὀρέγον-

288 5466 332 5498 ⁸¹
357 5469 441 5522 ΑΙ.
477 5470 606 5525 add.
634 5470 778 5541 ἔχεις
812 5471 1098 5543 βληθῆναι.

224 5551 391 5606 μοιευ.

289 5649 399 5717 (l9)
442 5649 544 5706 Vit.
584 5651 737 5706 Patr.
773 5667 858 5715 III,
898 5654 1016 5708 IOl.

288 5723 403 5784 (20)
446 5720 547 5776 l’it.
583 5721 736 5779 I'utr.
766 5740 972 5787 xxxv",
1012 5724 1053 5779 Ι.

290 5791 399 5861 ιὲί)
429 5789 554 5848 Isid.
593 5794 687 5849 lih.
720 5808 780 5861 ti,
817 5797 979 5863 epist.
1016 5796 1141 5852 275.

1213 5473 1256 5503 ⁸⁸
1307 5472 1390 5529 Al.
1422 5473 1744 5546 δεινότερον.

1868 5477 1911 5510 ⁵⁹
1946 5474 2034 5531 Al.
2064 5475 2349 5546 θελήματι.

1898 4642 2151 4686 sermone
2230 4626 2405 4696 magis
2456 4623 2703 4695 prodest,
2748 4637 2915 4693 quam
2951 4636 3132 4677 sermo
3180 4622 3302 4675 sine
3344 4621 3474 4675 vita.

1898 4723 2004 4791 Qui
2032 4720 2178 4776 enim
2207 4726 2356 4773 recte
2383 4717 2536 4784 vivit,
2566 4724 2623 4772 et
2655 4726 2846 4770 tacens
2876 4712 3070 4781 juvat:
3103 4711 3195 4781 qui
3238 4727 3366 4766 vero
3398 4713 3477 4764 lo-

1899 4812 2087 4882 quitur
2126 4816 2361 4869 tantutn,
2395 4806 2560 4860 etiam
2599 4804 2800 4858 turbat.
2843 4801 2999 4868 Quod
3030 4802 3077 4855 si
3117 4814 3300 4854 sermo
3340 4801 3477 4853 vita-

1900 4918 2007 4974 que
2044 4899 2450 4962 concurrerint,
2483 4895 2776 4951 ahsolvunt
2804 4893 2974 4948 totius
3017 4891 3376 4962 philosophiae
3403 4891 3478 4945 si-

1903 4992 2229 5046 mulacrum.

1979 5082 2035 5137 2.
2067 5081 2182 5153 (2:!)
2235 5079 2380 5135 Idem
2430 5075 2685 5132 monuit:
2723 5074 2964 5131 Virtutes
3013 5073 3066 5129 in
3106 5073 3282 5145 pretio
3320 5071 3479 5136 habe,

1901 5190 1965 5230 ac
2008 5191 2074 5230 ne
2102 5176 2255 5230 colas
2280 5171 2468 5227 mundi
2511 5185 2793 5242 prospera.
2824 5168 2931 5223 Illa:
2957 5168 3102 5223 enim
3139 5182 3229 5222 res
3257 5168 3479 5220 immoi-

1903 5266 2041 5321 tales
2081 5272 2229 5326 sunt,
2262 5264 2378 5318 haec
2410 5276 2540 5316 vero
2586 5260 2746 5316 facile
2773 5257 3224 5329 exstinguuntur.

1977 5358 2033 5412 5.
2071 5356 2188 5426 (‘23)
2214 5354 2404 5408 Adhuc
2436 5352 2608 5408 dixit:
2639 5352 2781 5407 inter
2804 5351 3051 5406 homines
3072 5349 3230 5405 multi
3260 5347 3482 5419 quidem

2459 5474 2505 5505 ⁵ο
2537 5470 2671 5526 an.
2703 5487 2815 5537 λιι,
2848 5471 2931 5528 19.
3049 5469 3092 5503 ³⁸
3130 5470 3218 5529 ΑΙ.
3252 5467 3486 5539 συνδρά-

1972 5660 2084 5727 (2‘2)
2117 5659 2234 5714 Lib.
2267 5676 2328 5721 tt,
2352 5659 2514 5728 epist.
2544 5658 2661 5712 HG.

1973 5731 2085 5802 (εδ)
2119 5730 2237 5787 Lib.
2274 5745 2331 5795 ιι,
2373 5730 2536 5801 epist.
2576 5731 2668 5785 as.
