3982 6336
535 373 643 432 233

1665 380 2013 437 APPENDIX
2054 382 2143 438 AD
2185 383 2525 443 PALLADIU
2537 387 2603 441 Μ.

3676 406 3785 463 εει

535 490 792 544 virtutem
818 497 1099 560 appetunt,
1132 493 1225 548 sed
1261 493 1313 548 in
1339 500 1423 548 via
1450 512 1569 566 qua:
1602 499 1666 552 ad
1699 514 1817 553 eam
1843 500 1993 553 ducit
2024 500 2104 553 in—

2221 520 2293 556 ται
2348 505 2445 574 μὲν
2495 505 2729 577 ἀρετῆς,
2761 506 2856 576 τὴν
2898 507 2956 560 δέ
3006 508 3090 562 ἐπ’
3134 509 3300 582 αὐτὴν
3356 511 3621 581 φέρουσαν
3666 519 3784 571 ὁδὸν

536 577 729 634 cedere
759 589 1130 638 cunctantur:
1164 584 1252 637 alii
1296 601 1425 641 vero
1458 602 1637 657 neque
1669 599 1893 645 censent
1931 589 2105 646 virtu-

535 679 643 723 tem
674 684 817 725 esse.
843 671 1070 741 Oportet
1110 674 1275 744 igitur
1304 677 1410 731 illis
1448 680 1666 747 quidem
1694 682 2022 750 persuadere
2050 690 2107 735 ut

535 761 823 831 segnitiem
853 762 1163 833 deponant;
1191 766 1290 821 hos
1329 782 1459 824 vero
1481 768 1697 836 docere,
1735 771 1990 827 virtutem
2023 786 2109 827 re-

535 866 662 905 vera
692 853 949 907 virtutem
983 870 1125 911 esse.

607 943 661 998 4.
695 943 806 1013 (24)
841 943 954 1001 Hoc
983 948 1148 1003 etiam
1181 949 1388 1007 dictum
1416 953 1563 1011 illius
1601 956 1844 1014 exstitit:
1879 958 2105 1027 Vitium,

540 1043 594 1087 et
624 1034 874 1092 homines
899 1051 930 1091 a
954 1037 1064 1094 Deo
1090 1040 1328 1111 seiunxit
1343 1057 1395 1100 et
1421 1045 1563 1102 inter
1586 1062 1647 1104 se
1673 1048 1964 1120 disjunxit.
1993 1051 2108 1108 Hoc

537 1125 704 1194 igitur
723 1128 941 1183 concito
969 1144 1135 1186 cursu
1172 1144 1385 1203 oportet
1407 1134 1614 1208 fugere,
1648 1156 1750 1197 nec
1777 1158 1887 1197 non
1918 1158 2109 1200 conse-

537 1217 670 1270 clari
699 1219 973 1287 virtutem,
1007 1237 1127 1289 qua:
1147 1224 1212 1279 ad
1244 1223 1410 1281 Deum
1434 1226 1607 1295 ducit,
1632 1246 1844 1303 nosque
1869 1233 2103 1290 invicem

536 1308 842 1381 coniungit.
877 1309 1108 1371 Virtutis
1133 1324 1312 1373 autem
1340 1326 1392 1374 et
1430 1321 1788 1394 philosophiae
1818 1327 2014 1383 modus
2042 1341 2106 1383 ac

537 1399 783 1456 deﬁnitio
815 1410 931 1459 est:
961 1404 1097 1461 Cum
1121 1409 1407 1478 prudentia
1431 1413 1777 1483 simplicitas.

607 1491 661 1545 5.
697 1492 809 1563 (25)
848 1493 991 1550 Dixit
1028 1496 1259 1555 iterum:
1302 1501 1754 1574 Quandoquidem
1788 1506 1983 1579 ingens
2019 1518 2105 1565 est

538 1579 861 1640 humilitatis
907 1585 1205 1659 fastigium,
1251 1598 1305 1646 et
1355 1596 1680 1665 arrogantia:
1720 1598 2103 1669 praecipitium,

537 1672 825 1728 consilium
862 1677 1017 1732 vobis
1045 1679 1133 1746 do,
1172 1689 1232 1735 ut
1266 1682 1398 1738 illud
1437 1685 1861 1755 amplectamini,
1898 1691 1955 1744 in
2004 1690 2110 1747 hoc

541 1776 669 1817 vero
696 1778 764 1818 ne
786 1763 1075 1824 decidatis.

606 1852 658 1906 6.
689 1852 803 1925 (26)
837 1854 988 1912 Hanc
1014 1874 1231 1931 quoque
1262 1865 1488 1934 protulit
1510 1869 1835 1924 sententiam
1861 1891 1875 1927 :
1907 1869 2107 1929 Gravis
2137 1834 2181 1894 Β

535 1951 589 1998 et
623 1956 820 2001 cuncta
853 1949 1061 2007 audens
1087 1952 1323 2009 habendi
1349 1971 1524 2021 amor,
1561 1962 1829 2018 satietatis
1859 1964 2104 2032 nescius,

536 2034 775 2090 animam
808 2054 971 2108 quam
1006 2047 1375 2114 occupaverit,
1407 2049 1473 2102 ad
1498 2058 1805 2106 extremum
1841 2053 2106 2109 malorum

537 2126 788 2195 impellit.
822 2128 965 2201 Ergo
993 2147 1118 2188 eum
1153 2136 1390 2193 maxime
1421 2139 1475 2193 in
1504 2142 1790 2212 principiis
1820 2144 2104 2215 pellamus.

534 2214 673 2270 Cum
705 2218 849 2273 enim
880 2222 1198 2290 obtinuerit,
1232 2229 1335 2282 erit
1365 2230 1822 2304 inexpugnabilis.

727 2326 807 2384 De
834 2329 1022 2386 abbate
1047 2331 1242 2391 Isaaco
1273 2338 1571 2409 presbytero
1599 2338 1910 2400 Celliorum.

608 2502 661 2556 1.
693 2502 805 2575 (27)
832 2504 1113 2567 Venerunt
1141 2512 1455 2585 aliquando,
1489 2527 1549 2573 ut
1580 2519 1830 2577 abbatem
1862 2502 2105 2580 Isaacum

534 2593 912 2666 presbyterum
959 2599 1224 2659 facerent.
1260 2605 1356 2663 llle
1398 2608 1629 2668 audiens
1659 2611 1799 2684 fugit
1834 2616 1890 2671 in
1937 2616 2107 2690 ΑΕΒΥ·

535 2698 728 2758 ptum;
760 2691 1004 2763 abiitque
1053 2695 1121 2751 ad
1164 2712 1378 2768 agrum,
1425 2716 1490 2757 ac
1538 2703 1679 2760 inter
1717 2705 1897 2762 fenum
1930 2710 2105 2766 latuit.

534 2780 723 2852 Itaque
746 2780 939 2840 Patres
976 2798 1095 2856 post
1121 2804 1243 2845 eum
1271 2792 1547 2850 subsecuti
1578 2806 1707 2852 sunt
1735 2817 1747 2852 :
1788 2809 1844 2854 et
1869 2800 1935 2855 ad
1965 2818 2110 2858 eum-

533 2869 657 2925 dem
682 2886 873 2943 agrum
907 2878 1310 2949 pervenientes,
1333 2885 1719 2952 constiterunt,
1752 2905 1860 2959 quo
1887 2893 2104 2960 paulum

532 2959 607 3014 ibi
641 2964 1013 3021 serclicerent
1044 2986 1057 3021 :
1109 2976 1227 3023 erat
1255 2971 1402 3026 enim
1452 2990 1582 3030 nox.
1630 2976 1856 3033 Asinum
1889 2959 2109 3052 quoque

534 3053 816 3108 solverunt.
860 3056 927 3109 ad
973 3069 1212 3127 pastum.
1265 3062 1370 3126 Qui
1416 3064 1629 3134 abiens,
1685 3069 1835 3123 stetit
1867 3079 1991 3127 ante
2017 3088 2108 3128 se-

2207 594 2454 647 ὀκνοῦσιν
2495 596 2629 649 ἰέναι
2651 613 2664 627 ⁸
2704 597 2851 650 ἄλλοι
2877 598 2933 651 δὲ
2959 599 3078 652 οὐδὲ
3102 601 3301 673 ἀρετὴν
3333 598 3472 657 εἶναι
3504 603 3784 674 ἡγοῦνται.

2207 686 2330 757 Χρὴ
2359 681 2451 740 οὖν
2488 688 2612 750 τοὺς
2647 688 2745 757 μὲν
2770 691 2972 753 πεῖσαι,
3004 690 3096 757 τὸν
3133 690 3289 745 ὄκνον
3319 693 3635 751 ἀποθέσθαι·
3659 698 3789 764 τοὺς

2206 777 2264 830 δὲ
2293 777 2499 843 διδάξαι
2536 780 2615 832 ὅτι
2640 779 2806 843 ὄντως
2844 780 3010 852 ἀρετή
3050 783 3196 835 ἐστιν
3228 785 3260 856 ἡ
3294 786 3484 857 ἀρετή.

2278 956 2340 1011 δ’.
2383 952 2517 1009 Εἶπε
2551 956 2731 1024 πάλιν,
2766 960 2849 1013 ὅτι
2884 960 2917 1031 ἡ
2942 967 3128 1025 κακία,
3151 961 3248 1015 καὶ
3269 964 3404 1016 υεοῦ
3435 965 3561 1028 τοὺς
3581 967 3792 1039 ἀνθρώ-

2212 1064 2350 1111 πους
2379 1047 2674 1120 ἀπέστησε,
2720 1050 2813 1103 καὶ
2850 1050 3094 1122 ἀλλήλων
3140 1051 3408 1124 διέστησε.
3442 1054 3657 1129 Ταύτην
3689 1054 3787 1114 οὖν

2208 1139 2587 1211 προτροπάδην
2626 1140 2845 1212 φεύγειν
2884 1142 3024 1214 χρὴ,
3057 1144 3151 1196 καὶ
3182 1141 3398 1200 διώκειν
3423 1147 3521 1217 τὴν
3550 1150 3784 1223 ἀρετὴν,

2211 1230 2310 1302 τὴν
2335 1233 2429 1286 καὶ
2450 1231 2568 1303 Θεῷ
2594 1236 2973 1305 προσάγουσαν
2992 1233 3087 1288 καὶ
3111 1232 3360 1305 ἀλλήλοις
3385 1237 3787 1295 συνάπτουσαν.

2215 1322 2443 1408 Ἀρετῆς
2476 1322 2534 1376 δὲ
2570 1324 2664 1377 καὶ
2695 1323 3009 1393 φιλοσοφίας
3050 1325 3196 1395 ὄρος,
3218 1326 3280 1378 τὸ
3323 1326 3462 1396 μετά
3517 1329 3787 1395 συνέσεως

2218 1412 2509 1468 ἄπλαστον.

2286 1510 2346 1558 ε’.
2392 1503 2583 1571 Ἔλεγε
2619 1503 2814 1558 πάλινο
2863 1503 3078 1577 Ἐπειδὴ
3113 1505 3259 1576 μέγα
3283 1507 3380 1577 τῆς
3427 1525 3785 1580 ταπεινοφρο-
3884 1589 3888 1593 φ

2217 1595 2382 1667 σύνης
2407 1595 2467 1649 τὸ
2495 1594 2649 1665 ὕψος,
2682 1598 2775 1651 καὶ¹
2803 1598 2904 1670 τῆς
2935 1598 3250 1663 ἀλαζονείας
3277 1600 3338 1653 τὸ
3382 1601 3609 1672 πτῶμα,
3641 1620 3785 1671 συμ-

2211 1685 2450 1741 ϐουλεύω
2474 1687 2623 1757 ὑμῖν,
2654 1688 2828 1741 ἐκεῖνο
2862 1687 2961 1759 μὲν
3005 1687 3375 1754 ἀσπάσασθαι,
3413 1692 3586 1763 τούτῳ
3610 1693 3664 1746 δὲ
3708 1694 3785 1765 μη

2212 1780 2548 1849 περιπεσεῖν.

2267 1869 2344 1926 ς’.
2375 1864 2507 1923 Εἷπε
2538 1870 2697 1925 πάλιν
2725 1888 2739 1902 ·
2775 1870 2834 1924 '0
2858 1871 3026 1937 δεινὸς
3060 1873 3152 1927 καὶ
3182 1875 3486 1948 πάντολμος
3512 1876 3614 1947 τῆς
3636 1877 3786 1947 φιλο-

2207 1962 2519 2035 χρηματίας
2549 1962 2712 2034 ἔρως,
2742 1964 2903 2035 κόρον
2952 1965 3053 2018 οὐκ
3096 1965 3269 2031 εἰδὼς,
3300 1968 3393 2022 ἐπὶ
3449 1970 3510 2022 τὸ
3557 1969 3786 2040 ἔσχατον

2208 2053 2316 2107 τῶν
2349 2053 2553 2117 κακῶν,
2582 2055 2682 2125 τὴν
2707 2054 2939 2110 ἀλοῦσαν
2967 2056 3144 2128 ψυχὴν
3172 2058 3407 2114 ἐλαύνει.
3439 2060 3649 2116 Οὐκοῦν
3674 2062 3784 2134 μά-

2207 2145 2363 2199 λιστα
2388 2144 2551 2198 αὑτὸν
2582 2146 2640 2199 ὲν
2667 2146 2971 2217 προοιμίοις
3011 2148 3311 2222 ἐλάσωμεν.
3328 2152 3624 2223 Κρατήσας
3649 2153 3785 2226 γὰρ,

2207 2236 2506 2308 ἀχείρωτος
2544 2235 2717 2291 ἔσται.

2239 2348 2379 2418 Περὶ
2432 2348 2539 2403 τοῦ
2581 2348 2731 2405 ἀὸϐᾶ
2770 2352 2977 2406 Ἰσαὰκ
3025 2353 3132 2425 τοῦ
3175 2356 3579 2425 πρεσϐυτέρου
3629 2357 3753 2410 τῶν

2854 2424 3145 2477 Κελλίων.

2279 2539 2348 2587 α’.
2390 2528 2590 2587 ’Ἦλθόν
2641 2550 2771 2587 ποτε
2820 2535 2911 2588 τὸν
2966 2535 3139 2590 ἀὸσᾶν
3180 2538 3363 2592 Ἰσαάκ
3415 2540 3789 2612 πρεσϐύτερον

2210 2624 2454 2695 ποιῆσαι.
2503 2624 2615 2678 Kal.
2649 2625 2921 2691 ἀκούσας,
2973 2627 3172 2698 ἔφυγεν
3217 2632 3296 2694 είς
3334 2631 3608 2700 Αἴγυπτον
3643 2647 3657 2661 ·
3688 2637 3791 2688 καὶ

2209 2713 2451 2785 ἀπῆλθεν
2478 2717 2558 2780 εἰς
2584 2716 2771 2788 ἀγρὸν,
2803 2718 2900 2771 καὶ
2933 2719 3144 2791 ἐκρύϐη
3171 2720 3276 2774 ἀνὰ
3318 2721 3481 2792 μέσον
3516 2722 3612 2776 τοῦ
3655 2724 3785 2795 χόρ-

2207 2826 2326 2864 του.
2377 2808 2723 2876 Κατεδίωξαν
2754 2804 2847 2863 οὖν
2873 2811 2925 2863 οἱ
2962 2810 3205 2882 Πατέρες
3246 2812 3420 2866 ὀπίσω
3464 2812 3650 2867 αὐτοῦ’
3688 2816 3788 2868 καὶ

2210 2901 2514 2972 φθάσαντες
2528 2902 2611 2965 εἰς
2624 2901 2788 2955 αὐτὸν
2815 2902 2905 2955 τὸν
2924 2901 3091 2972 ἀγρὸν
3107 2943 3122 2966 ,
3152 2904 3451 2958 κατέλυσαν
3481 2904 3792 2975 ἀναπαῆναι

2212 2993 2409 3064 μικρὸν
2443 2993 2560 3045 ἐκεῖ
2580 3008 2595 3023 ο
2621 2987 2690 3062 ἦν
2726 2991 2837 3063 γὰρ
2860 2992 2975 3057 νύξ.
3015 2991 3117 3046 Ka‘t
3140 2993 3234 3048 τὸν
3261 2994 3381 3050 ὄνον
3400 2994 3675 3050 ἀπέλυσαν
3700 2997 3791 3067 βό-

2213 3083 2457 3136 σκεσθαι.
2510 3081 2567 3135 '0
2598 3081 2656 3135 δὲ
2687 3081 2806 3145 ὄνος
2845 3081 3115 3147 ἀπελθὼν,
3140 3082 3270 3154 ἔστη
3299 3086 3443 3140 κατὰ
3474 3085 3568 3139 τοῦ
3601 3088 3795 3159 γέρον-

535 3158 681 3199 nem.
739 3144 1009 3211 Quocirca
1056 3165 1214 3205 mane
1255 3164 1560 3221 qumrentes
1605 3158 1841 3227 asirtum,
1888 3162 2104 3219 invene-

2221 3191 2317 3237 τος.
2341 3173 2450 3225 Καὶ
2480 3171 2624 3243 πρωῒ
2654 3170 2941 3243 ζητοῦντες
2993 3172 3085 3226 τὸν
3103 3144 3424 3246 δνον,ἐῦρον
3445 3176 3541 3230 καὶ
3571 3144 3794 3231 τδνιάσ-

535 3242 666 3289 runt
712 3252 818 3290 una
860 3238 1111 3295 abbatem
1158 3241 1449 3301 Isaacnm:
1498 3256 1661 3319 atque
1704 3267 1816 3306 rem
1854 3253 2105 3311 tlemirati

534 3334 686 3381 Bttnl.
713 3327 850 3381 Cum
876 3341 1056 3386 autem
1084 3335 1284 3391 vellent
1315 3354 1438 3393 eum
1473 3341 1658 3412 ligare,
1694 3361 1799 3399 non
1838 3348 2103 3416 permisit,

535 3417 764 3475 dicens:
797 3419 911 3475 Non
947 3426 1179 3496 amplius
1209 3428 1377 3498 fugio.
1412 3431 1504 3487 Dei
1536 3435 1679 3489 enim
1711 3438 1962 3495 voluntas
1990 3450 2104 3507 est;

534 3521 588 3566 et
619 3527 947 3585 quocunque
978 3515 1188 3588 fugere,
1219 3521 1285 3576 ad
1322 3522 1424 3577 hoc
1453 3526 1693 3581 veniam.

604 3603 660 3657 2.
714 3604 1032 3663 Memoravit
1077 3612 1244 3668 abbas
1279 3613 1460 3671 Isaac:
1497 3616 1729 3683 Quando
1768 3635 1917 3675 eram
1948 3620 2109 3691 juve-

535 3697 644 3761 nis,
686 3699 970 3754 maueham
1006 3716 1131 3757 cum
1185 3705 1380 3762 abbate
1427 3707 1665 3777 Cronio;
1719 3728 1819 3766 nec
1866 3730 2105 3783 unquam

536 3787 676 3842 dixit
705 3790 837 3844 mihi
881 3793 1156 3864 quidpiam
1196 3799 1381 3868 operis
1418 3799 1617 3868 facere,
1650 3806 1899 3873 quamvis
1941 3821 2105 3861 senex

534 3889 680 3934 esset
704 3896 767 3936 ac
794 3885 1103 3941 tremulus:
1146 3901 1331 3943 verum
1371 3900 1566 3960 sponte
1604 3895 1860 3964 surgebat
1901 3896 2109 3964 praebe-

534 3969 736 4042 batque
765 3988 888 4028 Cllm
918 3975 1050 4030 mihi
1090 3985 1201 4033 tum
1236 3982 1403 4036 simili
1431 3982 1590 4038 modo
1620 3985 1831 4040 caneris
1857 3985 2105 4042 baucale.

534 4061 666 4117 Item
698 4080 821 4120 cum
851 4067 1050 4124 abbate
1079 4068 1368 4128 Theodoro
1400 4073 1721 4132 Phermensi
1761 4079 1975 4145 resedi;
2008 4094 2109 4135 nec

536 4154 654 4224 ipse
689 4157 823 4211 mibi
870 4159 1009 4214 dixit
1049 4163 1343 4234 quidquam
1393 4181 1584 4236 agere;
1636 4168 1731 4224 sed
1775 4176 1831 4224 et
1881 4170 2110 4240 ipsemet

534 4259 775 4300 mensam
793 4251 1049 4317 ponebat,
1085 4254 1368 4326 aiebatque
1393 4275 1407 4310 :
1432 4255 1642 4326 Frater,
1675 4261 1719 4317 si
1743 4262 1941 4332 placet,
1958 4278 2111 4317 man-

536 4336 795 4391 ducatum
824 4342 966 4395 veni.
998 4341 1108 4412 Ego
1137 4360 1263 4400 vero
1282 4348 1350 4401 ad
1382 4365 1505 4403 eum
1548 4353 1757 4408 aiebam
1786 4372 1799 4408 :
1843 4354 2017 4421 Abba,
2042 4354 2107 4409 ad

536 4437 590 4481 te
622 4429 853 4494 accessi,
897 4438 957 4484 ut
986 4446 1233 4501 caperem
1258 4437 1585 4508 utilitatem;
1632 4459 1802 4512 quare
1831 4461 1940 4499 non
1974 4446 2106 4500 mihi

2209 3259 2310 3313 δᾶν
2342 3259 2558 3313 Ἰσαάκ⁸
2598 3259 2691 3311 καὶ
2730 3257 3064 3329 ἐθαύμασαν.
3096 3259 3351 3324 Θέλοντες
3393 3261 3450 3315 δὲ
3495 3264 3659 3318 αὐτὸν
3689 3264 3791 3335 δῆο

2211 3366 2333 3413 σαι,
2381 3349 2482 3401 οὐκ
2534 3348 2745 3419 ἀφῆκε,
2792 3347 3140 3417 λέγωνὈὺκ
3187 3348 3268 3401 ἔτι
3310 3350 3517 3419 φεύγω.
3567 3351 3795 3422 eam»;

2208 3437 2320 3508 γὰρ
2355 3436 2449 3489 τοῦ
2480 3437 2615 3491 Θεοῦ
2655 3439 2800 3503 ἐστι,
2829 3439 2923 3492 καὶ
2952 3438 3086 3491 ὅπου
3123 3436 3165 3490 δ’
3199 3437 3264 3492 ἂν
3309 3439 3498 3508 φύγω,
3528 3442 3607 3503 εἰς
3657 3443 3797 3496 αὐτὸ

2209 3526 2458 3599 ἔρχομαι.
2796 3566 2799 3567 ν
3362 3528 3378 3559 ”’

2281 3618 2347 3690 β’.
2390 3615 2555 3673 Εἶπεν
2591 3621 2620 3672 ὁ
2671 3619 2845 3683 ά66ἆς
2886 3620 3105 3674 Ἰσαάκἱ
3143 3622 3268 3675 Ὅτε
3317 3623 3464 3694 ἥμην
3501 3623 3791 3697 νεώτερος,

2210 3712 2497 3784 ἐκαθήμην
2534 3712 2673 3783 μετά
2705 3713 2800 3767 τοῦ
2838 3713 2984 3768 ἀ66ᾶ.
3018 3712 3248 3785 Κρονίου
3272 3731 3287 3745 ·
3310 3717 3407 3768 καὶ
3429 3714 3685 3768 οὐδέποτε
3717 3713 3798 3770 εῖ-

2210 3805 2279 3859 πέ
2316 3822 2408 3876 μοι
2432 3805 2654 3874 ποιῆσαι
2683 3804 2864 3875 ἔργον,
2889 3805 3091 3877 καίπερ
3110 3804 3287 3878 γέρων
3312 3804 3387 3859 ὢν
3412 3808 3506 3859 καὶ
3533 3808 3757 3877 τρέμων
3777 3825 3791 3838 ο

2210 3897 2346 3950 ἀλλά
2382 3895 2449 3949 δι’
2488 3896 2685 3950 ἑαυτοῦ
2728 3897 2978 3969 ἠγείρετο
3011 3898 3104 3951 καὶ
3139 3901 3364 3968 παρεῖχε
3392 3898 3453 3950 τὸ
3493 3898 3793 3967 βαυκάλιον

2211 3991 2335 4063 ἐμοὶ
2375 3990 2467 4045 καὶ
2500 3993 2667 4045 πᾶσιν
2700 3990 2919 4062 ὁμοίως.
2962 3991 3075 4045 Καὶ
3101 3993 3240 4062 μετὰ
3275 3991 3369 4045 τοῦ
3405 3992 3549 4046 sese
3584 3992 3794 4047 Θεοδώο

2214 4099 2308 4154 ρου
2337 4083 2437 4154 τῆς
2471 4082 2691 4154 Φέρμης
2732 4083 2981 4149 ἐκάθισα,
3015 4084 3110 4137 καὶ
3146 4083 3266 4136 οὐδὲ
3307 4083 3469 4147 αὐτὸς
3510 4083 3664 4152 ἔλεγέ
3699 4102 3800 4155 μοι

2215 4174 2438 4245 ποιῆσαί
2466 4175 2517 4227 τί
2564 4191 2722 4228 ποτε’
2749 4174 2884 4228 ἀλλὰ
2921 4175 3015 4228 καί
3046 4174 3143 4246 τὴν
3180 4175 3462 4247 τράπεζαν
3494 4175 3561 4228 δι’
3596 4178 3799 4232 ἐαυτοῦ

2212 4251 2400 4333 ἐτίθει,
2430 4267 2525 4320 καὶ
2552 4265 2738 4336 ἔλεγεν
2765 4282 2779 4296 ⁸
2826 4260 3063 4335 Ἀδελφέ,
3096 4267 3189 4320 ἐὰν
3217 4266 3399 4338 θέλῃς,
3432 4265 3592 4337 δεῦρο
3625 4268 3795 4337 φάγε.

2224 4355 2366 4425 Ἐγὼ
2398 4357 2455 4409 δὲ
2490 4357 2626 4428 πρὸς
2665 4356 2826 4411 αὐτὸν
2855 4356 3040 4425 ἔλεγον
3076 4375 3089 4390 ·
3133 4357 3322 4423 Ἀϐϐά,
3352 4353 3514 4428 ἦλθον
3558 4356 3697 4427 πρὸς
3734 4356 3802 4410 σὲ

2216 4448 2301 4500 ἵνα
2319 4446 2612 4518 ὡφεληθῶο
2633 4447 2864 4509 καὶπῶς
2891 4448 2950 4500 ού
2982 4447 3160 4518 λέγεις
3185 4449 3274 4520 μοί
3302 4448 3354 4500 τί
3387 4466 3514 4501 ποτε
3546 4449 3801 4517 amicat;

538 4518 794 4588 praecipis
821 4521 1027 4592 aliquid
1060 4524 1280 4601 facere?
1308 4528 1379 4580 At
1409 4544 1572 4585 senex
1600 4534 1824 4588 omnino
1867 4539 2104 4592 tacebat.

2226 4538 2283 4591 'o
2303 4536 2360 4590 δὲ
2397 4537 2576 4608 γέρων
2608 4536 2784 4590 πάντα
2812 4536 3041 4592 ἐσιώπα.
3078 4518 3472 4611 καιάπῆλθον,
3508 4541 3601 4594 και
3624 4542 3803 4612 ἀνήγ-

536 4612 661 4668 Abii
691 4630 842 4686 ergo,
893 4625 945 4672 et
993 4619 1239 4673 nuntiavi
1285 4623 1530 4678 senibus.
1576 4624 1679 4692 Qui
1715 4630 1996 4687 venientes
2040 4632 2107 4685 ad

535 4722 661 4760 cum
688 4707 758 4762 ita
775 4708 941 4765 locuti
965 4718 1093 4765 sunt
1113 4729 1127 4767 :
1149 4713 1321 4781 Abba,
1345 4717 1412 4771 ad
1431 4718 1773 4775 sanctitatem
1795 4729 1940 4774 tuam
1964 4725 2113 4778 venit

538 4798 727 4865 frater,
759 4810 817 4854 nt
854 4803 1176 4874 proficeret;
1204 4823 1304 4862 cnr
1332 4824 1442 4864 non
1477 4811 1559 4867 ais
1593 4812 1670 4867 illi
1700 4822 1758 4868 ut
1785 4814 1987 4884 aliquid
2030 4816 2114 4872 fa-

534 4890 684 4943 ciat?
731 4889 1030 4962 Respondit
1074 4911 1280 4953 senex:
1329 4896 1469 4954 Num
1519 4903 1906 4957 emnobiarcha
1966 4921 2111 4973 sum,

537 4996 648 5051 quo
682 4982 731 5036 ei
764 4985 1108 5055 praecipiam?
1134 4987 1245 5059 Ego
1288 5006 1442 5055 sane,
1476 4993 1608 5047 nihil
1646 4996 1981 5065 proloquor;
2017 4999 2111 5085 se'd

538 5075 586 5129 si
615 5075 872 5141 voluerit,
909 5079 1054 5147 quod
1088 5081 1264 5135 cernit
1297 5099 1384 5137 me
1414 5084 1725 5150 facientem,
1763 5087 1922 5142 faciet
1950 5075 2112 5143 etiam

538 5164 677 5233 ipse.
712 5166 796 5221 Ab
837 5182 904 5221 eo
945 5167 1111 5238 igitur
1152 5178 1417 5242 tempore,
1468 5175 1863 5243 praeveniebam
1906 5188 1960 5231 et
1990 5196 2115 5250 age-

541 5252 690 5317 bam,
722 5257 770 5310 si
804 5258 935 5327 quid
973 5274 1140 5315 senex
1180 5273 1326 5318 esset
1356 5272 1600 5321 acturus.
1653 5265 1700 5323 Is
1739 5276 1918 5324 autem
1958 5271 2116 5340 quid-

542 5341 678 5412 quid
703 5357 1042 5414 operaretur,
1075 5352 1408 5420 operabatur
1437 5355 1635 5411 tacitus
1662 5374 1675 5410 :
1709 5365 1871 5428 atque
1894 5358 1996 5414 hoc
2028 5376 2114 5415 me

541 5429 753 5498 docuit,
791 5450 917 5491 cum
946 5439 1162 5495 silentio
1191 5445 1426 5513 operari.

616 5525 671 5581 5.
702 5524 885 5585 Abbas
921 5528 1070 5587 Isaac
1114 5542 1169 5587 et
1200 5536 1366 5591 abbas
1408 5539 1679 5597 Abraham
1717 5542 1875 5597 simul
1926 5559 2112 5599 manc-

918 5727 976 5772 ιι,
1003 5714 1163 5783 epist.
1198 5716 1317 5771 151.

616 5776 729 5850 (£5)
757 5777 874 5836 Lib.
904 5796 984 5850 tu,
1015 5776 1175 5854 epist.
1208 5789 1295 5843 69.

2215 4629 2371 4699 γειλα
2410 4631 2523 4691 τοῖς
2554 4628 2795 4702 γέρουσι.
2827 4631 2938 4683 Καὶ
2972 4630 3226 4701 ,ἐλθόντες
3259 4634 3310 4685 οἱ
3356 4632 3613 4703 γέροντες
3655 4633 3804 4705 πρὸς

2215 4721 2398 4785 αὑτὸν,
2422 4716 2576 4775 εἷπον
2605 4719 2777 4791 αὐτῷ·
2814 4720 3002 4785 Ἀϐϐά,
3020 4718 3183 4793 ἦλθεν
3210 4723 3239 4775 ὁ
3264 4723 3492 4793 ἀδελφὸς
3519 4723 3656 4794 πρὸς
3694 4723 3804 4792 τὴν

2214 4814 2525 4885 ἁγιωσύνην
2559 4832 2651 4868 σου
2669 4857 2683 4882 ,
2711 4814 3077 4887 ὠφεληθῆναι,
3106 4816 3202 4870 καὶ
3230 4817 3371 4871 διατί
3391 4819 3451 4871 οὐ
3479 4817 3658 4886 λέγεις
3699 4818 3804 4870 αὖ-

2214 4902 2291 4972 τῷ
2316 4902 2402 4956 ἵνα
2441 4903 2644 4973 ποιήσῃ
2683 4901 2737 4954 τί
2764 4919 2892 4955 ποτε
2918 4921 2932 4968 ;
2964 4904 3075 4957 Καὶ
3114 4904 3260 4973 λέγει
3291 4906 3473 4968 αὐτοῖς
3510 4905 3539 4957 ὁ
3568 4904 3752 4975 γέρων
3785 4924 3798 4934 ο

2214 4995 2305 5065 Μὴ
2342 4995 2451 5066 γὰρ
2488 4994 2864 5066 κοινοϐιάρχης
2899 4997 3032 5065 εἰμὶ,
3054 4996 3140 5049 ἵνα
3169 4996 3402 5063 διατάξω
3437 4997 3619 5067 αὐτῷ;
3655 4996 3809 5065 Ἐγὼ

2215 5085 2371 5150 τέως,
2403 5086 2555 5138 οὐδὲν
2585 5085 2729 5152 λέγω
2761 5086 2940 5157 αὐτῷ’
2982 5086 3096 5139 ἀλλ’
3135 5086 3230 5139 ἐὰν
3256 5085 3406 5157 θέλῃ,
3444 5085 3473 5138 δ
3500 5084 3687 5156 βλέπει
3729 5102 3805 5154 με

2217 5177 2499 5240 ποιοῦντα.
2548 5179 2765 5250 ποιήσει
2816 5178 2910 5231 καὶ
2942 5178 3125 5241 αὐτὸς.
3171 5178 3304 5230 Ἀπὸ
3352 5177 3474 5230 τότε
3505 5173 3618 5239 οὖν,
3660 5193 3824 5269 προ-ι

2216 5270 2518 5340 ελάμόανον
2540 5270 2633 5324 καὶ
2655 5271 2893 5336 ἐποίουν,
2916 5270 2969 5324 εἴ
2995 5288 3048 5323 τι
3078 5268 3297 5341 ἔμελλεν
3326 5271 3355 5322 ὁ
3392 5269 3568 5341 γέρων
3597 5268 3821 5337 ποιεῖνς

2217 5364 2386 5425 Αὐτὸς
2409 5364 2463 5417 δε
2488 5362 2544 5415 εἴ
2560 5380 2609 5416 τι
2634 5362 2827 5427 ἐποίει,
2845 5362 3062 5417 σιωπῶν
3079 5361 3268 5415 ἐποίει·
3295 5361 3389 5416 καὶ
3405 5359 3563 5415 τοῦτὸ
3594 5376 3660 5431 με
3685 5359 3813 5430 ιδιε

2216 5454 2364 5522 δαξε,
2403 5455 2463 5508 τὸ
2488 5457 2659 5508 ποιεῖν
2693 5454 3002 5509 σιωπῶντα.
3808 5466 3813 5476 ·

2287 5548 2354 5616 γ’.
2409 5548 2467 5601 '0
2504 5546 2676 5611 ἁϐὃᾶς
2723 5547 2927 5610 Ἰσαὰκ,
2963 5549 3054 5600 καὶ
3080 5550 3107 5600 ὁ
3136 5548 3305 5611 ἀθὸἄς
3349 5547 3619 5618 Ἀϐραὰμ,
3656 5540 3811 5615 ἦσαν

2291 5724 2401 5783 (ﬁlii
2431 5721 2548 5775 Lib.
2586 5738 2664 5776 ιιι.
2698 5723 2858 5789 epist.
2889 5721 2978 5773 25.

2292 5793 2400 5862 (⁸27)
2446 5792 2547 5847 Vit.
2590 5792 2735 5844 l’utr.
2778 5789 3045 5857 χχχιιιρὲ
