3994 6336
155 349 256 406 225

1278 340 1887 399 APOPIITHEGMATA
1925 341 2233 398 PATllUM.

3291 355 3397 412 29.6

151 467 282 538 ὁμοῦ
305 463 610 527 οἰκοῦντες
644 463 737 515 καὶ
761 460 1016 515 εἰσελθὼν
1044 463 1071 513 6
1099 462 1273 525 ἁὸϐἄς
1315 461 1583 533 ’Δϐραάμ,
1602 454 1727 532 εὗρε

1847 471 2007 515 iant:
2045 470 2099 516 ct
2141 461 2423 532 ingressus
2465 461 2637 517 abbas
2673 461 2947 518 Abraham
2985 462 3192 520 invenit
3229 468 3400 524 abba-

151 559 241 613 τὸν
285 553 463 611 eam
527 554 714 609 Ἰσαὰκ
762 553 1014 607 κλαίοντα
1047 567 1062 580 ·
1097 555 1192 607 κει)⁸
1237 554 1383 622 λέγει
1442 553 1589 623 αύτῷ
1617 569 1629 582 ’
1660 552 1725 604 Τί

153 648 359 709 κλαίεις
389 663 406 711 ;
436 646 549 699 Kal.
588 641 740 698 εἷπεν
774 647 802 698 6
835 643 1042 714 γέρων·
1073 643 1176 697 Καὶ
1201 643 1340 697 διατί
1375 642 1451 713 μὴ
1478 641 1726 695 κλαύσω-

158 755 283 810 μενς
310 737 437 813 ,Ποῦ
465 736 576 807 γὰρ
598 735 795 807 ἔχομεν
819 735 1099 807 ἀπελθεῖν;
1134 734 1502 806 ἐκοιμήθησαν
1533 735 1582 786 οἱ
1617 736 1727 788 Ila-

152 830 304 899 τέρες
328 827 507 899 ἡμῶν.
533 829 646 881 Οὐκ
675 828 833 899 ἢρκει
858 826 967 896 γὰρ
985 829 1116 897 ἡμῖν
1142 827 1204 879 τὸ
1233 825 1545 897 ὲργόχειρον
1567 826 1645 888 είς
1658 824 1727 878 τά

153 921 319 975 ναῦλα
345 919 452 973 τῶν
480 918 702 983 πλοίων,
724 916 758 972 a
790 918 1125 988 παρείχομεν
1153 917 1517 989 ἀπερχόμενοι
1549 933 1728 986 παρα-

153 1014 333 1067 ϐαλεῖν
361 1015 474 1074 τοῖς
500 1011 745 1083 γέρουσι.
780 1008 893 1062 Νῦν
935 1005 1027 1062 οὖν
1074 1007 1593 1079 ἀπωρφανίσθημεν.
1629 1005 1728 1058 Διά

152 1101 306 1154 τοῦτο
337 1096 493 1166 κάγὼ
531 1098 722 1152 κλαίω.

213 1189 278 1244 δ’.
316 1185 489 1244 Εἶπεν
522 1190 550 1243 6
617 1187 790 1252 esse;
837 1188 1061 1243 Ἰσαάκ’
1128 1180 1258 1243 Οἶδα
1304 1187 1528 1258 ἀδελφὸν
1579 1185 1724 1257 θερί-

154 1282 311 1345 ζοντα
340 1281 400 1335 ἐν
434 1279 618 1352 ἀγρῷ,
651 1280 747 1334 καὶ
774 1280 1007 1353 ἠθέλησε
1038 1284 1234 1351 φαγεῖν
1283 1281 1483 1352 στάχυν
1534 1279 1681 1332 σίτου
1711 1295 1725 1308 ·

152 1371 243 1426 καὶ
270 1368 394 1425 εἷπε
420 1372 704 1444 ’τῷ-κυρίῳ
723 1371 817 1425 τοῦ
849 1373 1020 1444 ἀγροῦ
1037 1391 1050 1404 ·
1084 1372 1272 1436 Θέλεις
1294 1372 1454 1443 φάγω
1480 1371 1578 1424 ἕνα
1604 1368 1731 1423 στά-

153 1481 248 1532 χυν
285 1462 477 1527 almo;
515 1464 573 1515 '0
612 1461 668 1515 δὲ
713 1463 969 1526 ἀκούσας,
996 1463 1297 1535 ἐθαύμασε,
1332 1464 1427 1517 καὶ
1449 1458 1604 1515 εἶπεν
1633 1459 1732 1513 αύ-

152 1552 227 1624 τῷ
247 1568 264 1583 ⁶
292 1552 394 1615 Σύς
441 1554 584 1606 ἐστιν
606 1553 634 1606 6
653 1553 818 1625 ἀγρὸς
839 1593 854 1618 ,
881 1553 1065 1625 Πάτερ
1083 1596 1098 1619 ,
1129 1554 1275 1626 κάμέ
1315 1555 1558 1626 ἐρωτᾷς;
1587 1550 1732 1613 Ἕως

152 1643 342 1697 τούτου
366 1642 697 1716 ἠκριϐάζετο
721 1646 749 1698 6
777 1645 1020 1714 ἀδελφός.
1676 1692 1683 1699 .

218 1734 276 1788 τ’.
298 1732 433 1788 εἶπε
456 1734 617 1789 πάλιν
638 1738 750 1798 τοῖς
769 1734 1014 1805 ἀδελφοῖς
1032 1753 1046 1767 ο
1061 1736 1151 1808 Μὴ
1184 1734 1375 1806 φέρετε
1393 1729 1495 1790 ὧδε
1520 1735 1728 1791 παιδία.

1831 562 1937 608 tem
1975 552 2223 608 Isaacum
2271 554 2666 627 lacrymantem
2707 574 2721 609 :
2772 555 3016 625 dixitque
3042 556 3135 613 ei:
3174 556 3286 613 Cur
3332 564 3397 617 la-

1828 645 2142 715 crymaris?
2174 646 2311 701 Tum
2355 663 2520 703 senex
2549 667 2562 703 :
2599 646 2800 713 Quare,
2851 647 3047 717 inquit,
3079 664 3188 703 non
3223 651 3399 721 lact-y-

1828 736 2142 792 mabimur?
2167 737 2287 804 Quo
2309 739 2455 793 enim
2486 739 2690 795 abituri
2722 740 2952 795 sumus?
2982 737 3400 795 Obdormierunt

1828 822 2020 880 Patres
2055 826 2256 883 nostri.
2293 825 2429 881 Nam
2459 844 2568 882 non
2604 826 2903 884 sufficiebat
2936 828 3091 883 nobis
3118 844 3258 898 opus
3284 846 3396 885 ma-

1827 930 2020 978 nuum,
2055 915 2110 970 in
2144 918 2366 973 navium
2402 919 2588 985 naula,
2627 934 2748 989 qua:
2788 919 3138 974 tradehamus
3181 920 3402 989 prolici-

1829 1015 2048 1063 scentes
2089 1006 2156 1061 ad
2200 1008 2514 1065 invisendos
2565 1025 2745 1066 senes.
2793 1009 2952 1064 Nunc
2999 1010 3165 1081 igitur
3209 1011 3398 1081 pupilli

1828 1095 1959 1153 facti
1989 1112 2202 1153 sumus.
2234 1097 2466 1168 Ideoque
2499 1115 2600 1170 ego
2629 1100 2921 1170 lacrymor.

1899 1187 1953 1242 Δ.
1992 1188 2138 1243 Dixit
2164 1188 2336 1245 abbas
2369 1190 2521 1246 Isaac
2551 1210 2565 1246 :
2605 1190 2742 1247 Novi
2779 1192 3021 1255 fratrem,
3056 1193 3147 1263 qui
3185 1192 3238 1247 in
3270 1208 3401 1263 agro

1831 1285 2064 1344 metens,
2099 1293 2223 1334 eum
2256 1279 2521 1337 voluisset
2565 1281 2818 1338 frumenti
2853 1284 3059 1355 spicam
3095 1289 3399 1348 comedere,

1831 1366 1907 1422 ita
1965 1370 2311 1442 compellavit
2353 1372 2470 1443 agri
2523 1372 2804 1429 dominum
2851 1394 2865 1431 :
2920 1373 3269 1431 Permittisne
3344 1389 3402 1432 nt

1840 1474 2006 1514 unam
2035 1458 2295 1517 frumenti
2319 1462 2524 1533 spicam
2546 1465 2910 1519 manducem?
2932 1464 3025 1522 Ille
3052 1468 3279 1522 audiens
3299 1472 3400 1523 mi-

1832 1556 1985 1602 ratus
2017 1556 2124 1614 est,
2156 1548 2404 1620 dixitque
2439 1550 2489 1606 ei
2524 1570 2539 1607 :
2580 1551 2731 1609 Tuus
2780 1568 2910 1624 ager
2956 1561 3062 1619 est,
3110 1552 3289 1622 Pater,
3337 1574 3400 1611 ac

1834 1654 1920 1695 me
1951 1639 2299 1711 interrogas?
2325 1641 2404 1697 Eo
2430 1658 2605 1713 usque
2633 1643 2800 1700 frater
2828 1653 2947 1700 erat
2974 1656 3221 1705 exactus.

1905 1729 1959 1785 5.
1992 1730 2106 1801 (‘28)
2140 1729 2341 1788 lterum
2365 1732 2503 1788 dixit
2531 1734 2830 1792 fratribus:
2865 1735 3042 1793 Nolite
3072 1738 3179 1793 huc
3203 1755 3401 1809 pueros

155 1826 427 1897 τέσσαρες
460 1827 569 1897 γάρ
597 1826 880 1897 ἐκκλησίαι
909 1829 989 1891 είς
1020 1807 1216 1899 Σκῆτιν
1252 1826 1448 1899 ἔρημοι
1472 1827 1725 1897 γεγόνασι

1847 1817 2126 1875 idducere.
2173 1819 2234 1875 In
2270 1820 2417 1877 Sceti
2447 1823 2592 1879 enim
2637 1833 2874 1895 quatuor
2904 1827 3152 1884 ecclesia:
3179 1807 3401 1901 propter

154 1919 235 1972 διά
268 1917 339 1971 τά
368 1917 581 1972 παιδίας

231 2020 308 2073 ς’.
335 2008 563 2075 Ἔλεγον
593 2026 654 2062 πε
665 2009 716 2080 pi.
740 2008 835 2064 τοῦ
875 2008 1019 2063 ἀϐὁᾶ
1047 2008 1260 2076 Ἰσαάκ,
1290 2007 1371 2061 ὅτι
1399 2007 1495 2079 τὴν
1534 2007 1727 2061 σποδὸν

157 2098 245 2151 τοῦ
292 2097 652 2173 θυμιατηρίου
705 2102 805 2172 τῆς
850 2103 1194 2174 προσφορᾶς,
1230 2102 1369 2174 μετά
1418 2100 1513 2156 τοῦ
1560 2102 1725 2173 ἄρτου

154 2188 342 2265 ᾗσῆιεν
375 2189 563 2243 αὑτοῦ.

223 2285 289 2349 ζ’.
329 2281 560 2349 Ἔλεγεν
589 2282 618 2334 6
640 2281 814 2347 ἀϐσᾶς
856 2282 1038 2338 Ἰσαὰκ
1077 2285 1189 2348 τοῖς
1234 2283 1500 2353 ἀδελφοῖς,
1544 2284 1628 2338 ὅτι
1662 2285 1726 2338 υἱ

160 2378 400 2449 Πατέρες
426 2378 602 2448 ἡμῶν,
634 2376 730 2431 καὶ
761 2375 790 2426 6
822 2374 999 2439 ἀὸσᾶς
1022 2374 1255 2447 Παμϐὼ,
1295 2376 1501 2432 παλαιὰ
1525 2376 1727 2449 πολύρ-

161 2471 303 2537 ῥειφα
348 2466 575 2535 ἐφόρουν
611 2467 705 2520 καὶ
738 2461 981 2520 σιὸἐννια
1006 2464 1076 2496 ⁵³·
1107 2463 1202 2518 νῦν
1243 2465 1300 2519 δὲ
1323 2465 1594 2537 πολύτιμα
1635 2484 1730 2536 φο-

164 2562 321 2627 ρεῖτε.
358 2558 624 2626 Ὑπάγετε
668 2556 840 2623 ἔνθεν,
869 2552 1202 2628 ἡρημώσατε
1244 2555 1314 2610 τά
1341 2549 1461 2610 ὧδε.
1498 2557 1628 2610 Ὅτε
1671 2556 1729 2610 δὲ

159 2648 378 2717 ἔμελλεν
401 2648 451 2680 ⁵³
477 2647 708 2716 ὑπάγειν
752 2648 832 2711 είς
856 2647 918 2699 τὸ
939 2645 1126 2717 θέρος,
1155 2642 1339 2713 ἔλεγεν
1370 2644 1553 2709 αὐτοῖς
1570 2661 1585 2676 ·
1616 2645 1728 2699 Οὐκ

162 2740 236 2793 ετι
260 2741 487 2811 παρέχω
517 2740 645 2810 ὑμῖν
675 2737 895 2801 ἐντολάς
928 2754 942 2767 ·
974 2737 1036 2791 ού
1060 2735 1360 2806 φυλάσσετε
1390 2734 1517 2807 γάρ.

224 2916 293 2986 η’.
334 2915 643 2993 Διηγὴσατύ
662 2932 746 2980 τις
775 2914 883 2969 τῶν
905 2914 1187 2986 Πατέρων,
1218 2916 1301 2969 ὅτι
1323 2910 1455 2987 ἦλθέ
1483 2914 1617 2969 ποτέ
1640 2932 1724 2978 τις

162 3006 262 3060 τῶν
302 3005 548 3075 ἀδελφῶν
581 3005 761 3078 φορῶν
799 3006 994 3078 μικρὸν
1037 3007 1380 3060 κουσσούλιον
1404 3005 1453 3038 ⁸⁸
1495 3006 1575 3069 εἰς
1629 3005 1729 3077 τὴν

162 3096 454 3167 ἐκκλησίαν
491 3096 598 3149 τῶν
630 3095 880 3190 Ξζελλίων
918 3095 1149 3190 ἐπὶλτοῦ
1189 3096 1334 3150 ἀὸσᾶ
1393 3096 1603 3190 Ἰσαάκ*
1634 3095 1727 3150 καὶ
1753 3130 1797 3190 C

164 3186 370 3253 ἐδίωξεν
408 3186 573 3239 αὐτὸν
595 3174 833 3256 δ”γέρων
857 3185 993 3254 (⁸51),
1022 3184 1196 3254 λέγων
1225 3186 1330 3248 ὅτι,
1368 3183 1451 3238 Τά
1493 3177 1597 3238 ὧδε
1632 3200 1728 3254 μο-

163 3273 335 3345 ναχῶν
375 3276 527 3328 ἐστι·
560 3275 626 3327 σὺ
659 3272 716 3326 δὲ
754 3272 1018 3345 κοσμικδς
1048 3273 1125 3327 ὢν
1146 3314 1160 3338 ,
1189 3273 1250 3326 ού
1293 3272 1517 3327 δύνασαι
1549 3275 1729 3344 μεῖναι

169 3357 197 3383 ς

163 3363 293 3507 ὡδί.
314 3448 485 3507 Εἶπεν
516 3454 546 3507 6
577 3450 750 3517 esse;
776 3451 965 3507 Ἰσαάκ
990 3452 1090 3515 ὅτι,
1129 3452 1397 3506 Οὐδέποτε
1439 3454 1731 3525 εἰσήνεγκα

162 3544 238 3607 εἰς
260 3544 322 3597 τὸ
349 3543 560 3598 κελλίον
597 3559 696 3616 μου
724 3542 981 3613 λογισμὸν
1012 3543 1153 3598 κατά
1189 3542 1419 3614 ἀδελφοῦ
1449 3544 1733 3613 θλίψαντός

168 3653 252 3704 με.
290 3635 468 3706 Κάγὼ
490 3635 796 3690 ἐσπούδασα
827 3636 902 3709 μὴ
935 3637 1151 3705 ἀφεῖναι
1177 3636 1404 3706 ἀδελφὸν
1432 3637 1514 3702 είς
1534 3636 1596 3691 τὸ
1610 3636 1734 3691 κελ-

166 3723 274 3779 λίον
303 3724 493 3790 αὐτοῦ,
522 3725 714 3796 ἔχοντα
738 3724 856 3779 κατ’
883 3724 1018 3797 ἐμοῦ
1038 3725 1316 3796 λογισμόν.

232 3899 289 3956 ι’.
344 3898 646 3971 Ἦσθὲνησε
667 3898 912 3971 μεγάλην
932 3899 1214 3955 ἀσθένειαν
1241 3901 1271 3954 6
1311 3900 1486 3963 esse;
1531 3900 1735 3969 Ἰσαὰκ,

142 3991 257 4046 ,καὶ
285 3992 567 4063 ἐχρόνισεν
594 3992 654 4045 ἐν
685 3991 821 4062 αὐτῇ
842 4007 867 4061 ὀ
914 3990 1138 4063 ἐποίησε
1170 3991 1228 4045 δὲ
1276 3992 1425 4063 αὐτῷ
1450 3994 1478 4045 6
1510 3990 1737 4060 ἀδελφὸς

170 4081 372 4153 μικρὰν
401 4080 615 4153 ἀθήραν
634 4119 650 4146 ,
689 4081 786 4136 καὶ
819 4080 986 4135 ἔδωκε
1027 4080 1265 4152 μυξάρια
1297 4082 1378 4145 εἰς
1416 4080 1617 4152 αὑτήνο
1643 4078 1738 4134 καὶ

168 4176 262 4228 οὐκ
310 4172 506 4246 ἢθελεν
538 4173 569 4226 6
605 4172 784 4245 γέρων
829 4172 1129 4243 γεύσασθαι
1160 4211 1174 4226 .
1217 4174 1329 4227 Kal.
1383 4172 1684 4244 παρεκάλει
1709 4171 1740 4223 6

169 4261 395 4330 ἀδελφὸς
436 4259 614 4330 λέγων
644 4277 660 4293 ⁸
694 4260 845 4315 Λάϐε
894 4260 1109 4333 μικρὸν,
1141 4260 1305 4326 ἀϐὁᾶ,
1326 4260 1413 4316 διὰ
1454 4260 1551 4332 τὴν
1575 4259 1739 4313 ἀσθέ-

169 4370 332 4405 νειαν.
369 4350 484 4405 Καὶ
540 4350 692 4421 λέγει
753 4350 904 4422 αὐτῷ
949 4351 979 4403 6
1032 4352 1208 4425 γέρων
1237 4369 1251 4383 ·
1288 4351 1473 4416 Φύσει,
1501 4351 1696 4421 ἀδελφὲ
1722 4391 1738 4417 ,

1829 1925 2035 1981 pueros
2058 1909 2127 1965 ad
2160 1912 2509 1969 solitudinem
2539 1922 2668 1970 sunt
2700 1917 2950 1974 redactae.

1900 2002 1954 2058 6.
1998 2002 2331 2060 Referebant
2371 2004 2439 2061 de
2484 2007 2679 2064 abbate
2722 2007 2930 2074 lsaaco,
2980 2013 3122 2081 quod
3161 2013 3399 2070 cinerem

1830 2094 2097 2151 thuribuli
2134 2096 2428 2154 oblationis
2461 2099 2818 2157 manducaret
2851 2119 2972 2158 cum
2999 2118 3138 2173 pane
3159 2120 3277 2159 suo.

1900 2274 1952 2328 7.
1998 2272 2113 2346 (29)
2164 2275 2348 2331 Abbas
2390 2276 2546 2332 Isaac
2593 2276 2855 2334 fratribus
2903 2277 3157 2336 dicebat:
3213 2280 3403 2338 Patres

1829 2365 2024 2432 nostri,
2047 2372 2102 2421 et
2131 2366 2302 2421 abbas
2326 2364 2532 2421 Pambo
2561 2370 2847 2438 gestabant
2871 2378 3086 2425 veteres
3117 2380 3401 2438 centones,

1827 2470 1892 2511 ac
1910 2465 2090 2511 vestes
2116 2455 2355 2526 palmeas
2385 2475 2398 2511 :
2432 2471 2579 2511 nunc
2607 2466 2786 2513 autem
2812 2459 3048 2528 pretiosa
3080 2460 3396 2517 indumenta

1828 2546 2077 2618 gestatis.
2110 2545 2272 2602 Abite
2307 2548 2470 2613 hinc';
2514 2549 2633 2602 loca
2669 2548 2783 2604 haec
2818 2550 3133 2606 reddidistis
3161 2552 3398 2610 deserta.

1828 2634 1966 2690 Cum
1998 2650 2130 2691 vero
2158 2635 2227 2690 atl
2264 2652 2499 2692 messem
2527 2638 2876 2707 profecturus
2909 2648 3076 2700 esset.
3106 2642 3244 2696 dixit
3272 2645 3354 2698 eis
3381 2660 3397 2697 ι

1827 2727 1949 2785 Non
1989 2729 2227 2798 amplius
2259 2730 2416 2785 vobis
2454 2739 2721 2800 prtecepta
2757 2732 3004 2798 tradam;
3039 2748 3213 2802 neque
3253 2737 3399 2790 enim

1829 2818 2144 2873 custoditis.

1900 2906 1954 2963 8.
1996 2905 2107 2977 (50)
2152 2905 2405 2961 Narravit
2443 2905 2664 2976 quidam
2715 2921 2746 2961 e
2791 2905 3067 2976 Patribus,
3113 2910 3256 2980 quod
3297 2912 3398 2966 ali-

1831 2997 2051 3069 quando
2088 2997 2315 3051 fratrum
2352 2998 2649 3052 uonuullus
2693 3008 2915 3067 gestans
2959 3015 3182 3069 parvam
3214 3004 3400 3057 cucul-

1832 3090 1959 3152 lam,
2004 3089 2215 3144 venerit
2259 3087 2327 3141 ad
2369 3088 2656 3143 ecclesiam
2690 3076 3005 3153 ’Cellarum,
3055 3093 3161 3146 sub
3208 3093 3403 3147 abbate

1830 3180 2051 3246 lsaaco;
2085 3189 2140 3236 et
2167 3179 2436 3249 expulerit
2465 3194 2588 3233 eum
2626 3194 2814 3242 senex,
2841 3180 3032 3235 dicens
3061 3200 3075 3236 :
3119 3181 3243 3237 Ilaec
3286 3184 3402 3237 loca

1830 3269 2221 3326 monachorum
2258 3276 2417 3334 sunt;
2449 3275 2508 3323 tu
2542 3284 2668 3325 vero
2694 3285 2818 3324 cum
2848 3272 3129 3327 saecularis
3159 3275 3259 3341 sis,
3293 3290 3403 3328 non

1832 3369 1988 3431 potes
2023 3359 2111 3413 hic
2140 3372 2382 3413 manere.

1902 3451 1953 3506 9.
1988 3449 2132 3504 Dixit
2156 3450 2326 3506 abbas
2356 3450 2545 3505 Isaac:
2586 3449 2873 3522 Nunquam
2914 3454 2968 3508 in
3005 3468 3177 3508 meam
3206 3455 3402 3509 cellam

1834 3543 2111 3600 introduxi
2136 3542 2522 3614 cogitationem
2547 3553 2737 3597 contra
2768 3543 2987 3600 fratrem
3019 3545 3110 3615 qui
3138 3562 3222 3601 me
3242 3562 3406 3601 vexa-

1834 3644 2008 3692 verat.
2035 3633 2295 3704 Idemque
2317 3649 2418 3704 ego
2449 3633 2638 3689 enisus
2666 3650 2788 3690 sum
2811 3652 2921 3690 non
2961 3638 3271 3708 relinquere
3297 3638 3407 3692 fra-

1834 3736 1974 3784 trem
2007 3728 2064 3783 in
2102 3728 2241 3783 cella
2273 3741 2392 3792 sua,
2427 3726 2520 3798 qui
2560 3712 2825 3782 adversus
2866 3742 2954 3782 me
2984 3727 3210 3784 haberet
3254 3729 3403 3800 cogi-

1835 3819 2117 3875 tationem.

1907 3910 1994 3966 10.
2049 3908 2358 3981 Egrotavit
2413 3907 2725 3979 periculoso
2775 3908 2969 3964 morbo
3022 3909 3190 3964 abbas
3234 3908 3405 3973 Isaac,

1837 4013 1948 4069 quo
1998 3999 2092 4054 diu
2136 4006 2366 4054 vexatus
2412 4009 2539 4054 est:
2586 3996 2717 4053 fecit
2763 4007 2944 4051 autem
2994 3998 3043 4053 ei
3092 3999 3406 4067 pulticulam

1839 4091 2028 4157 frater,
2068 4090 2327 4161 misitque
2362 4089 2418 4144 in
2460 4104 2580 4144 eam
2619 4104 2833 4159 pruna:
2891 4103 2991 4143 nec
3024 4088 3193 4143 voluit
3241 4103 3408 4144 senex

1838 4181 2146 4252 degustare.
2180 4180 2386 4238 Orabat
2413 4189 2595 4234 autem
2627 4178 2814 4241 frater,
2841 4178 3071 4234 dicens:
3106 4178 3270 4233 Sume
3309 4194 3408 4248 pa-

1839 4270 2277 4343 rulnper,‘abba,
2308 4278 2533 4341 propter
2555 4268 2830 4323 morbum.
2861 4266 3166 4339 Respondit
3199 4284 3363 4324 senex
3390 4288 3406 4325 :

1840 4362 2022 4428 Certe,
2055 4361 2246 4426 frater,
2296 4374 2550 4424 cuperem
2596 4359 2654 4415 in
2693 4358 2799 4414 hoc
2843 4360 3035 4415 morbo
3066 4360 3275 4415 versari
3312 4374 3411 4430 per

169 4440 357 4511 ἧθελον
411 4442 637 4515 ποιῆσαι
683 4443 742 4496 ἐν
789 4445 857 4514 τῇ
910 4442 1164 4516 ἀσθενείᾳ
1217 4443 1389 4515 ταύτῃ
1450 4443 1733 4515 τριάκοντα

1847 4469 2018 4511 annos
2041 4451 2288 4523 triginta.

171 4536 284 4606 ἐτη.

239 4626 328 4680 ια’.
367 4627 595 4696 Ἔλεγον
627 4628 759 4699 περὶ
789 4624 882 4682 τοῦ
919 4627 1064 4683 ἀὸὁᾶ
1100 4627 1310 4696 Ἰσαὰκ,
1339 4629 1420 4683 ὃτι
1460 4628 1741 4700 μέλλοντος

173 4715 334 4770 αὐτοῦ
378 4717 660 4789 τελευτᾷν,
695 4718 958 4789 συνῆλθον
1005 4719 1142 4791 πρὸς
1171 4719 1333 4773 αὐτὸν
1374 4721 1424 4773 oi
1464 4719 1739 4790 γέροντες.

151 4809 265 4862 ’καὶ
290 4804 483 4877 ἔλίγον
509 4825 525 4841 ·
543 4808 610 4861 Τί
638 4810 936 4881 ποιήσομεν
967 4810 1107 4882 μετά
1140 4811 1221 4877 σὲ,
1252 4810 1464 4881 Πάτερ;
1510 4810 1568 4863 '0
1593 4809 1650 4862 δὲ
1678 4804 1745 4862 εἷ·

174 4915 269 4952 πεν
287 4915 304 4929 ·
323 4899 498 4953 Ἴδετε
527 4900 645 4964 πῶς
674 4900 976 4973 ἐπορεύθην
1001 4900 1231 4957 ἐνώπιον
1249 4902 1403 4974 ὑμῶν
1423 4920 1439 4935 ·
1465 4902 1560 4956 ἐάν
1590 4901 1747 4971 θέλη-

172 5005 231 5041 τε
257 4990 355 5044 καὶ
381 4989 542 5061 ὑμεῖς
588 4991 974 5062 ἀκολουθῆσαι,
997 4993 1092 5046 καὶ
1134 4993 1365 5062 φυλάξαι
1394 4993 1495 5058 τὰς
1531 4992 1750 5054 ἐντολάς

175 5079 265 5132 τοῦ
288 5079 451 5142 Θεοῦ,
471 5078 680 5152 πέμπει
711 5081 812 5151 τὴν
837 5083 997 5155 χάριν
1026 5082 1210 5149 αὐτοῦ,
1239 5085 1333 5138 καὶ
1368 5084 1631 5152 φυλάσσει
1659 5082 1752 5137 τδν

1915 4632 2005 4687 II.
2034 4629 2267 4686 Aiebant
2305 4628 2373 4685 de
2404 4629 2601 4686 abbate
2644 4629 2851 4696 lsaaco,
2883 4633 3029 4702 quod
3074 4647 3198 4687 cum
3252 4633 3413 4686 morti

1845 4723 2332 4795 appropinquaret,
2368 4736 2530 4777 senes
2560 4721 2705 4776 circa
2752 4737 2875 4776 eum
2907 4721 3221 4790 congregati
3263 4729 3413 4783 sunt,

1845 4813 2247 4884 dixeruntque:
2298 4812 2436 4878 Quid
2471 4820 2595 4884 post
2636 4820 2690 4867 te
2707 4811 2987 4873 faciemus,
3030 4809 3232 4864 Pater?
3266 4810 3358 4863 Ille
3397 4828 3410 4864 :

1847 4901 2061 4969 Videte,
2103 4902 2304 4973 inquit,
2342 4916 2579 4972 quonam
2623 4898 2784 4954 modo
2818 4914 3003 4953 coram
3046 4899 3199 4955 vobis
3238 4898 3413 4954 incesc

1849 4995 2057 5050 scrim:
2107 4993 2155 5048 si
2183 5008 2283 5048 vos
2324 4992 2490 5048 etiam
2529 4991 2812 5045 volueritis
2857 4990 3032 5059 sequi,
3067 4997 3121 5045 et
3161 4989 3415 5044 mandata

1851 5081 1945 5138 Dei
1977 5082 2274 5146 custodire,
2324 5082 2500 5136 mittet
2540 5081 2768 5152 gratiam
2820 5094 2997 5141 suam,
3042 5079 3419 5134 conservabit-

176 5170 334 5223 τόπον
372 5169 586 5224 τοῦτον.
628 5170 755 5225 Ἐὰν
781 5171 839 5240 δὲ
873 5172 948 5244 μὴ
992 5173 1298 5243 φυλάξητε,
1325 5174 1386 5226 ού
1424 5173 1496 5246 μὴ
1534 5173 1733 5245 μείνητε

1852 5188 1957 5244 que
2001 5175 2149 5229 hunc
2203 5175 2405 5229 locum.
2451 5172 2603 5240 Quod
2627 5171 2672 5228 si
2707 5186 2816 5226 non
2865 5169 3257 5236 custodieritis,
3309 5185 3419 5226 non

178 5259 232 5311 ιν
264 5260 346 5332 τῷ
390 5261 546 5332 τόπῳ
583 5262 783 5336 τούτῳ.
832 5264 944 5318 Καὶ
996 5264 1159 5335 ἡμεῖς
1202 5263 1310 5337 γάρ
1347 5265 1477 5319 ὅταν
1524 5263 1733 5337 ἤμελλοε

1856 5262 2242 5333 permanebitis
2272 5263 2327 5318 in
2351 5262 2472 5319 loco
2505 5262 2626 5318 hoc.
2649 5259 2783 5316 Nam
2804 5274 2905 5315 nos
2934 5273 3173 5330 quoque,
3202 5257 3421 5331 quando

246 5414 293 5448 ⁸⁸
318 5416 405 5471 Al.
439 5416 688 5471 σεϐἐνινα
716 5425 772 5473 et
799 5415 1098 5472 σεῦἐννινα.
1173 5416 1220 5449 ⁸³
1245 5415 1361 5470 Lat.
1395 5415 1636 5487 ἔμελλον.
1714 5415 1733 5446 ⁸

1847 5414 1974 5487 :Iag.
2006 5414 2343 5471 κουκούλιον.

250 5570 362 5632 «28)
407 5566 514 5622 I’it.
544 5568 702 5623 Patr.
736 5588 792 5634 ι,
821 5572 911 5626 52.

248 5639 360 5705 (2η)
407 5638 511 5691 Vit.
549 5637 704 5693 Patr.
741 5657 814 5701 vi.
840 5640 894 5695 9.
928 5640 1197 5697 Meursius
1228 5641 1282 5696 in
1310 5641 1606 5695 Σεϐἑνινον.

250 5709 363 5769 (fit),
405 5708 510 5761 Vit.
555 5705 707 5763 Patr.
743 5726 820 5769 vt.
849 5711 902 5764 8.

235 5778 359 5856 ,(51)
390 5776 503 5835 Καὶ
528 5776 987 5857 ἐδίωξε-καύτὸν
1018 5781 1275 5856 exigam.
1308 5780 1543 5851 Antiqua
1572 5777 1751 5837 versio

1858 5570 1914 5624 in
1958 5569 2091 5625 Vitis
2127 5570 2387 5625 Patrum:
2420 5579 2469 5624 et
2516 5570 2786 5639 spectabat
2822 5585 2940 5625 eum
2980 5582 3157 5630 senex.
3196 5581 3296 5639 pro
3333 5581 3428 5639 ea:—

1857 5639 2083 5706 pellebat
2116 5649 2208 5694 aut
2238 5635 2614 5695 insectaban'tr.
2656 5639 2851 5695 Postea
2892 5640 3075 5698 inveni
3106 5635 3344 5695 scatebat
3366 5636 3423 5693 in

1860 5725 1991 5767 mss.
2014 5709 2394 5769 Suessionensi
2429 5718 2501 5786 ct.
2521 5707 2861 5768 Fossatensi.
