3994 6336
575 373 682 429 227

1712 357 2061 416 APPENDIX
2104 357 2195 413 AD
2236 356 2319 413 PA
2328 354 2635 413 LLADIUM
2647 398 2660 411 .

3741 346 3849 400 328

580 485 742 544 morti
773 483 1005 557 proximi
1037 490 1189 539 erant
1217 477 1407 533 Patres
1431 476 1630 542 nostri,
1656 477 2150 540 contristabamur;

2287 472 2546 527 ιποθανεῖν
2577 472 2627 525 οἱ
2660 470 2904 542 Πατέρες
2933 467 3122 541 ήμῶν,
3150 464 3499 537 ὲλυπούμεθα
3529 481 3542 495 ’
3574 463 3710 517 ἀλλά
3744 465 3848 529 τὰς

581 580 678 637 sed
706 584 975 649 przecepta
1018 574 1255 637 Domini,
1300 569 1729 639 eorumdemque
1778 567 1999 622 Patrum
2035 582 2153 620 mo-

578 671 691 725 nita
724 667 1017 731 servando,
1059 665 1382 725 mansimus,
1420 660 1577 731 quasi
1610 661 1713 729 ipsi
1752 659 2037 714 nobiscum
2064 674 2154 714 es-

578 769 721 819 sent.
747 758 873 814 Pari
902 757 1065 812 modo
1092 772 1187 811 vos
1217 756 1380 825 agite,
1409 769 1474 809 ac
1503 750 1881 819 servabimini.

560 924 565 929 ἡ
661 851 751 905 12.
779 847 892 922 (32)
921 846 1118 903 Sermo
1139 846 1352 902 abbatis
1381 844 1551 901 Isaaci
1585 843 1686 898 fuit
1715 842 1929 898 :Abbas
1956 841 2158 898 Pambo

581 942 794 1003 aiebat,
831 936 1101 1007 ejusmodi
1152 937 1378 1006 pallium
1421 935 1628 1007 gestari
1673 933 1872 989 debere
1909 948 1940 986 a
1973 948 2163 987 mona-

2258 566 2475 631 ἐντολὰς
2512 564 2607 619 τοῦ
2636 564 2842 635 Κυρίου
2883 562 2978 616 καὶ
3001 559 3179 615 αὐτῶν
3207 560 3306 622 τὰς
3336 556 3711 629 παραγγελίας
3747 574 3846 627 τη-

2261 661 2501 733 ροῦντες,
2552 658 2887 728 ἑστήκαμεν,
2937 654 3015 718 ὡς
3059 652 3243 706 αὐτῶν
3280 652 3450 705 ὅντων
3501 649 3620 722 μεθ’
3664 649 3844 721 ήμῶν.

2258 751 2443 816 Οὕτως
2464 751 2559 804 καὶ
2587 751 2743 822 ὑμεῖς
2767 748 3051 817 ποιήσατε,
3077 746 3170 799 καὶ
3195 743 3453 809 σώζεσθε.

2336 843 2426 897 ιϐ’.
2471 837 2639 896 Εἶπεν
2686 844 2714 895 ὁ
2757 841 2931 903 ἀόὁᾶς
2977 839 3163 892 Ἰσαὰκ
3191 879 3205 902 ,
3233 838 3314 892 ὅτι
3333 836 3559 904 Ἔλεγεν
3598 836 3627 889 ὁ
3669 834 3849 898 ἀδϐἇς

2263 933 2491 1006 Παμὸὼ,
2521 935 2603 988 ὄτι
2640 930 2881 987 τοιοῦτον
2910 930 3113 1000 ὀφεΰιει
3152 931 3180 983 ὁ
3211 927 3439 999 μοναχδς
3486 929 3671 998 φορεῖν
3719 927 3852 997 ίμά-

580 1035 708 1098 cho,
741 1032 890 1104 quod
921 1032 967 1088 si
997 1038 1152 1088 extra
1183 1029 1379 1086 cellam
1410 1028 1729 1100 proiecerit,
1763 1041 1861 1096 per
1901 1033 2011 1080 tres
2040 1026 2160 1083 dies

2287 1045 2394 1088 τιον,
2432 1027 2573 1082 ὥστε
2606 1026 2821 1097 βάλλειν
2863 1023 2994 1078 αὐτὸ
3045 1022 3149 1087 ἔξω
3192 1020 3289 1074 τοῦ
3340 1020 3553 1074 κελλίου
3579 1022 3671 1074 ἐπὶ
3697 1020 3853 1091 τρεῖς

582 1139 614 1178 a
641 1123 859 1179 nemine
885 1122 1212 1192 accipiatur.

921 1256 999 1311 De
1032 1256 1220 1309 abbate
1245 1251 1441 1324 Ioseph
1471 1253 1527 1307 in
1555 1251 1827 1323 Paneplta.

657 1396 710 1453 I.
753 1394 864 1466 (35)
902 1392 1270 1449 Perrexerunt
1299 1390 1523 1461 quidam
1556 1405 1586 1445 e
1608 1389 1867 1444 Patribus
1903 1387 1971 1443 ad
1998 1386 2163 1443 abba-

584 1494 694 1543 tem
725 1485 1024 1555 Josephum
1062 1484 1115 1538 in
1144 1482 1435 1552 Panepho,
1471 1488 1530 1534 ut
1567 1480 1721 1535 illum
1764 1481 2168 1550 interrogarent

585 1580 654 1634 de
688 1575 1038 1647 susceptione
1073 1573 1305 1627 fratrum
1336 1571 1479 1642 apud
1510 1585 1606 1627 eos
1641 1570 2066 1636 diversantium,
2096 1585 2165 1624 an

585 1676 864 1740 oporteret
895 1663 1339 1723 condescendere
1375 1679 1439 1720 ac
1463 1664 1692 1719 liberius
1723 1679 1847 1718 cum
1883 1664 1949 1719 iis
1983 1677 2165 1735 agere.

587 1762 653 1814 Iit
682 1767 974 1829 antequam
1005 1756 1201 1812 fuisset
1229 1764 1478 1827 rogatus,
1506 1755 1645 1809 dixit
1686 1770 1855 1810 senex
1888 1753 2161 1824 discipulo

555 1860 558 1863 λ
587 1869 689 1911 suo
718 1871 732 1909 :
760 1850 1060 1908 Considera
1084 1848 1229 1921 quod
1263 1848 1508 1904 facturus
1535 1863 1655 1904 sum
1690 1846 1867 1911 hodie,
1887 1855 1942 1902 et
1970 1847 2165 1902 tolera.

588 1946 781 2001 Posuit
813 1959 945 2014 ergo
987 1958 1157 1997 senex
1192 1941 1303 1997 duo
1333 1940 1831 2003 embrimia,unum
1871 1954 1899 1992 a
1938 1937 2167 2003 dextris,

589 2037 821 2091 alterum
855 2048 885 2087 a
915 2033 1193 2099 sinistris,
1218 2031 1466 2101 dixitque
1494 2051 1506 2086 ε
1543 2030 1762 2087 Sedete.
1796 2029 1935 2085 Tum
1969 2031 2173 2100 ingres-

591 2143 687 2183 sus
720 2125 777 2180 in
806 2125 999 2179 cellam
1035 2137 1213 2188 suam,
1253 2123 1432 2177 induit
1461 2137 1521 2178 se
1553 2122 1796 2178 vestibus
1824 2122 2015 2192 quales
2044 2128 2174 2176 sunt

591 2218 1008 2283 mendicorum;
1043 2224 1206 2286 atque
1235 2216 1535 2286 ingressus,
1570 2231 1667 2288 per
1700 2215 1941 2273 medium
1978 2231 2171 2272 eorum

589 2310 865 2367 transivit.
900 2308 1098 2363 Iterum
1148 2316 1334 2378 postea
1382 2308 1689 2378 ingressus,
1722 2308 1958 2378 sumpsit
2000 2306 2172 2362 vesti-

593 2415 777 2457 menta
811 2416 942 2464 sua;
976 2414 1281 2469 rursusque
1322 2399 1532 2459 exiens,
1578 2400 1720 2455 sedit
1759 2400 1813 2454 in
1857 2399 2037 2456 medio
2079 2414 2174 2455 eo-

594 2509 739 2547 rum.
773 2492 843 2547 At
867 2492 942 2546 illi
963 2492 1033 2547 ob
1057 2492 1108 2547 id
1140 2489 1288 2562 quod
1322 2489 1716 2557 feceratsenex
1748 2492 2172 2562 obstupuerunt.

595 2584 688 2638 Ait
738 2583 847 2638 illis
886 2601 899 2638 :
937 2581 1314 2652 Conspexistis
1366 2581 1498 2651 quid
1549 2580 1812 2636 fecerim?
1854 2578 2175 2651 Responde-

599 2681 728 2728 runt
759 2690 775 2729 :
804 2670 1555 2743 Conspeximusﬁutatusne
1606 2688 1725 2728 sum
1759 2687 1854 2742 per
1885 2671 1988 2727 vile
2015 2671 2177 2727 indu-

597 2763 882 2818 mentum?
907 2763 1076 2817 Aiunt
1111 2779 1125 2814 :
1156 2760 1299 2816 Non.
1332 2761 1471 2815 Tum
1496 2762 1579 2817 eis
1611 2781 1624 2817 :
1657 2761 1714 2817 Si
1747 2777 1878 2833 ergo
1908 2760 2049 2817 idem
2076 2777 2177 2833 ego

597 2872 718 2912 sum
755 2855 809 2909 in
841 2862 1073 2925 utraque
1107 2862 1287 2920 veste;
1317 2861 1372 2909 et
1398 2854 1545 2909 sicut
1588 2855 1762 2924 prima
1801 2869 1909 2909 non
1952 2854 2181 2909 mulavit

598 2962 706 3010 me,
741 2947 814 3000 ita
849 2960 953 3002 nec
986 2945 1227 3002 secunda
1262 2945 1397 3001 mihi
1434 2945 1626 3002 nocuit
1653 2964 1667 3000 :
1694 2947 1775 3001 sic
1817 2946 1983 3017 igitur
2015 2947 2182 3002 debe-

599 3055 724 3097 mus
760 3039 815 3094 iu
844 3038 1196 3110 susceptione
1231 3037 1463 3094 fratrum
1501 3037 1914 3110 peregrinorum
1951 3053 2050 3092 nos
2085 3054 2178 3109 ge-

601 3145 752 3231 nere,
788 3128 945 3198 juxta
997 3138 1246 3231 sanctum
1284 3127 1661 3198 Evangelium.
1691 3126 1946 3198 Praecipit
1984 3128 2131 3184 enim
2161 3142 2177 3182 :
2209 3158 2251 3216 ε
2284 3126 2593 3231 Δότε’γάρ’

602 3216 739 3270 Date
781 3231 899 3285 quae
940 3225 1060 3270 sunt
1102 3215 1356 3280 Cwsaris,
1390 3215 1626 3283 Cwsari,
1656 3226 1706 3271 et
1750 3233 1867 3288 qua:
1907 3226 2029 3272 sunt
2060 3216 2179 3284 Dei,

602 3307 714 3363 Deo
746 3308 813 3361 ⁸³.
887 3307 1072 3378 Itaque
1116 3307 1336 3378 quando
1387 3308 1706 3364 advenerint
1774 3309 2003 3374 fratres,
2055 3325 2181 3364 cum

605 3400 857 3454 libertate
890 3414 952 3454 ac
992 3398 1188 3455 fiducia
1236 3399 1603 3470 suscipiamus
1646 3416 1763 3459 cos.
1799 3399 2030 3468 Quando
2085 3418 2185 3457 au-

592 3497 714 3549 .tem
765 3490 864 3546 soli
910 3505 1136 3569 sumus,
1184 3492 1337 3546 luctu
1396 3491 1723 3563 indigemus,
1774 3501 1837 3547 ut
1894 3494 2182 3563 nobiscum

616 3587 956 3650 permaneat.
1025 3578 1237 3645 Quibus
1285 3580 1364 3636 illi
1418 3579 1620 3636 auditis
1672 3621 1687 3646 ,
1723 3582 1975 3638 demirati
2034 3589 2181 3649 sunt,

606 3671 751 3742 quod
782 3686 902 3743 qua:
936 3673 1101 3728 corde
1127 3673 1390 3743 gerebant
1422 3674 1698 3743 aperuerit
1729 3674 1810 3731 eis
1842 3682 1969 3731 ante
2019 3692 2181 3746 quam

608 3763 843 3821 fuissent
885 3766 1186 3836 percontati
1223 3785 1237 3821 :
1272 3775 1436 3837 atque
1466 3767 1694 3837 gloriam
1732 3767 2001 3824 dederunt
2051 3768 2181 3827 Deo.

675 3876 733 3932 2.
782 3876 895 3949 (36)
944 3875 1092 3932 Dixit
1141 3876 1311 3933 abbas
1373 3875 1599 3935 Pcemen
1662 3878 1844 3937 abbati
1896 3879 2180 3953 Josepho:

607 3967 790 4025 Edoce
820 3985 905 4025 me
954 3984 1194 4040 quonam
1243 3968 1405 4025 modo
1442 3969 1564 4024 llam
1613 3972 1954 4027 monachus?
1981 3972 2044 4027 Et
2066 3976 2180 4029 ait:

610 4061 666 4115 Si
695 4062 853 4132 cupis
884 4061 1127 4133 requiem
1154 4061 1400 4116 invenire
1430 4061 1483 4115 in
1519 4061 1625 4116 hoc
1658 4070 1711 4116 et
1744 4063 1797 4118 in
1833 4064 1927 4119 illo
1959 4068 2184 4131 saeculo,

605 4152 778 4209 dicito
809 4153 863 4207 in
895 4153 1041 4208 omni
1073 4169 1171 4210 re:
1204 4152 1340 4220 Quis
1365 4167 1466 4225 ego
1495 4153 1659 4209 sum?
1686 4162 1740 4211 et
1767 4171 1835 4211 ne
1855 4173 2183 4229 quemquam

601 4243 959 4311 iudicaveris.

680 4332 735 4388 5.
774 4334 887 4403 (57)
920 4333 1064 4389 Idem
1101 4334 1280 4391 adhuc
1327 4337 1684 4411 interrogavit
1724 4338 1977 4398 abbatem
2027 4340 2184 4400 Jose-

608 4422 800 4494 phum,
832 4424 912 4478 sic
940 4442 954 4479 :
985 4424 1124 4490 Quid
1171 4440 1355 4495 agam,
1387 4431 1606 4495 quando
1658 4431 1885 4489 affectus
1931 4450 2183 4494 accesse-

2263 1119 2498 1192 ἡμέρας,
2538 1117 2634 1171 καὶ
2674 1115 2862 1187 μηδεὶς
2899 1113 3037 1184 λάϐῃ
3070 1112 3221 1166 αὑτό.

2435 1227 2574 1298 Περὶ
2602 1225 2707 1281 τοῦ
2736 1224 2886 1280 ἀϐϐἑὶ
2923 1222 3136 1303 Ἰωσὴφ
3166 1221 3272 1276 τοῦ
3297 1223 3382 1287 εἰς
3410 1219 3679 1289 Har-35:6).

2337 1334 2406 1389 α’.
2458 1333 2775 1404 Ἀνῆλθόνδδ
2806 1348 2951 1394 τινες
2973 1330 3080 1384 τῶν
3096 1329 3358 1399 Πατέρων
3388 1329 3523 1399 πρὸς
3554 1328 3647 1381 τὸν
3675 1327 3857 1382 ἀὸϐἄν

2278 1426 2474 1498 Ἰωσὴφ
2500 1428 2579 1490 είς
2616 1423 2870 1494 Πανεφὼ,
2899 1422 2986 1476 ἵνα
3013 1422 3364 1493 ἐρωτήσωσιν
3396 1419 3556 1473 αὑτὸν
3589 1420 3720 1490 περὶ
3751 1418 3859 1485 τῆς

2270 1518 2624 1589 ἀπαντήσεως
2647 1515 2755 1570 τῶν
2780 1513 3025 1583 ἀδελφῶν
3052 1511 3160 1565 τῶν
3194 1509 3547 1581 ξενιζομένων
3584 1507 3726 1579 πρὸς
3759 1506 3857 1559 αὐ-

2264 1610 2392 1673 τοὺς
2420 1648 2436 1673 ,
2483 1610 2530 1661 εἰ
2569 1607 2675 1679 χρὴ
2726 1603 3180 1674 συγκαταῦαίνειν
3230 1601 3326 1656 καὶ
3377 1596 3854 1673 παρρησιάζεσθαι

2267 1688 2404 1775 πρὸς
2428 1701 2643 1766 αὐτούς.
2668 1701 2780 1755 Καὶ
2804 1700 2910 1772 πρὸ
2935 1697 3028 1752 τοῦ
3054 1695 3396 1768 ἐρωτηθῆναι
3424 1693 3609 1754 αὑτὸν,
3644 1688 3798 1744 εἶπεν
3825 1692 3855 1742 δ

2203 1822 2244 1878 Β
2269 1796 2447 1867 γέρων
2473 1794 2552 1869 τῷ
2579 1794 2791 1867 μαθητῇ
2820 1791 2984 1846 αὐτοῦ
3006 1806 3019 1819 ·
3053 1788 3404 1860 Κατανόησον
3424 1786 3451 1839 ὃ
3479 1784 3656 1856 μέλλω
3677 1786 3856 1837 ποιεῖν

2276 1889 2535 1958 σήμερον,
2559 1884 2653 1938 καὶ
2682 1883 2995 1952 ὑπόμεινον.
3019 1877 3132 1933 Καὶ
3160 1877 3354 1947 ἔθηκεν
3380 1876 3409 1928 ὁ
3436 1874 3614 1945 γέρων
3636 1872 3730 1927 δύο
3755 1874 3859 1942 έμ-

2276 1978 2467 2051 6ρίμια
2488 1979 2557 2041 ⁸⁸,
2592 1977 2650 2030 ἓν
2678 1978 2740 2029 ὲκ
2773 1973 2985 2039 δεξιῶν,
3017 1972 3111 2025 καὶ
3139 1969 3196 2023 ἓν
3228 1968 3287 2034 ἐξ
3312 1965 3615 2040 ἀριστερῶν
3657 1964 3849 2023 αὐτοῦ,

2275 2071 2369 2125 καὶ
2410 2064 2562 2122 εἷπε·
2613 2066 2908 2121 Καθίσατε.
2947 2063 3055 2116 Καὶ
3091 2059 3339 2130 εἰσῆλθεν
3382 2059 3460 2122 είς
3509 2056 3607 2127 τὴν
3658 2055 3858 2109 κέλλαν

2275 2160 2461 2224 αὑτοῦ,
2491 2160 2586 2214 καὶ
2636 2160 2894 2230 ὲφόρεσεν
2944 2154 3134 2225 ἱμάτια
3166 2150 3425 2206 ἐπαιτικά
3458 2149 3567 2219 (54)
3592 2165 3605 2178 ·
3644 2148 3740 2201 καὶ
3772 2145 3857 2211 ἐξα

2276 2250 2444 2306 ελθὼν
2474 2249 2743 2321 ἐπέρασεν
2770 2247 2829 2300 ἐν
2858 2247 3009 2318 μέσῳ
3036 2243 3236 2298 αὐτῶν.
3261 2242 3370 2296 Καὶ
3391 2240 3550 2295 πάλιν
3571 2239 3859 2303 εἰσελθὼν,

2277 2344 2503 2416 ὲᾳόρεσε
2538 2342 2606 2395 τὰ
2631 2342 2738 2396 ἴδια
2766 2338 2957 2411 ἱμάτια
2977 2352 2991 2365 ·
3022 2335 3116 2391 καὶ
3148 2332 3377 2402 ἐξελθὼν
3402 2332 3559 2386 πάλιν
3580 2332 3646 2396 ⁸⁷,
3670 2330 3868 2385 ἐκάθι-

2281 2453 2370 2490 σεν
2400 2437 2457 2489 ὲν
2493 2435 2643 2507 μέσῳ
2672 2430 2872 2489 αὐτῶν.
2896 2428 3060 2482 Αὐτοὶ
3084 2427 3141 2481 δὲ
3175 2425 3470 2497 ἐξέστησαν
3494 2422 3586 2475 ἐπὶ
3619 2419 3694 2490 τῷ
3714 2419 3871 2492 ἔργῳ

2276 2528 2372 2583 τοῦ
2406 2527 2681 2599 γέροντος.
2727 2521 2839 2577 Καὶ
2877 2516 3029 2574 εἶπεν
3076 2517 3291 2580 αὐτοῖς’
3343 2515 3726 2584 Κατενοήσατε
3771 2510 3872 2563 δ”

2279 2621 2542 2691 ἐποίησας
2578 2615 2808 2685 Λέγουσι
2829 2631 2843 2645 ·
2880 2611 3009 2667 Ναί.
3041 2609 3191 2681 ⁵⁹Μὴ
3222 2606 3465 2678 ἠλλάγην
3491 2603 3599 2658 ἁπδ
3627 2601 3722 2656 τοῦ
3749 2602 3871 2654 ἀτί-

2284 2725 2385 2778 μου
2421 2706 2756 2776 φορέματος;
2781 2700 3045 2770 Λέγουσιν
3067 2713 3079 2726 ·
3111 2696 3206 2752 Οὔ.
3237 2696 3345 2750 Καὶ
3374 2694 3519 2763 λέγει
3549 2692 3733 2755 αὐτοῖς
3758 2706 3775 2722 ο
3806 2692 3871 2744 Ei

2279 2794 2374 2852 οὖν
2399 2797 2560 2860 αὐτὸς
2589 2794 2699 2863 ἐγὼ
2731 2797 2846 2866 εἰμι
2871 2795 2930 2847 ἐν
2959 2792 3288 2864 ἀμφοτέροις
3319 2790 3431 2859 ('55)
3456 2806 3470 2819 '
3503 2789 3578 2852 ὡς
3606 2788 3669 2841 τὸ
3708 2788 3873 2858 πρῶ.

2281 2903 2372 2942 τον
2399 2888 2499 2940 οὐκ
2525 2885 2722 2958 mags
2759 2900 2847 2955 με,
2882 2880 3056 2947 οὕτως
3083 2881 3202 2936 οὐδὲ
3225 2880 3268 2912 ⁸⁸
3301 2879 3362 2933 τὸ
3384 2878 3634 2949 δεύτερον
3665 2875 3875 2945 ἔϐλαψέ

2287 2996 2385 3050 με·
2419 2977 2593 3040 οὕτως
2625 2972 2718 3030 οὖν
2736 2977 2778 3007 ⁶¹
2811 2974 3100 3045 ὀφείλομεν
3130 2975 3300 3027 ποιεῖν
3333 2973 3414 3035 εἰς
3455 2969 3551 3041 τὴν
3600 2968 3877 3039 ὑποδοχὴν

2282 3070 2392 3123 τῶν
2430 3068 2594 3133 ξένων
2632 3065 2876 3136 ἀδελφῶν
2893 3067 2960 3128 θ’,
2999 3064 3143 3119 κατὰ
3193 3064 3255 3116 τὸ
3306 3063 3461 3131 ἅγιον
3511 3059 3876 3130 Εὐαγγὲλιον.

2629 3158 2781 3230 φησι,
2810 3157 2881 3212 τὰ
2907 3156 3211 3224 Καίσαρος
3234 3154 3508 3222 Καίσαρι,
3536 3153 3631 3206 καί
3659 3154 3735 3205 τὰ
3763 3152 3878 3206 τοῦ

2292 3251 2440 3309 Θεοῦ
2485 3248 2567 3316 τῷ
2610 3248 2949 3315 Θεῷ⁶³.”()τε
2996 3243 3088 3302 οὖν
3138 3247 3251 3300 ἐστι
3297 3245 3571 3317 παρουσία
3598 3243 3876 3313 ἀδελφῶν,

2293 3343 2432 3415 μετὰ
2458 3342 2826 3414 παρῤησίας⁶δ
2856 3339 3136 3411 δεξώμεθα
3160 3334 3514 3400 αὐτούς.”οτε
3533 3336 3592 3390 δὲ
3623 3334 3880 3405 καταμό-

2290 3453 2387 3499 νας
2412 3435 2601 3507 ὲσμὲν,
2629 3434 2817 3507 χρείαν
2845 3433 3040 3506 ἔχομεν
3068 3430 3162 3484 τοῦ
3193 3428 3443 3493 πένθους,
3483 3428 3569 3481 ἵνα
3598 3428 3883 3500 παραμεί-

2291 3546 2355 3599 νῃ
2390 3529 2543 3599 ἡμῖν.
2572 3527 2634 3583 Οί
2667 3527 2726 3582 δὶ
2758 3526 3091 3586 ἀκούσαντες
3114 3520 3450 3592 ἐθαύμασαν.
3478 3519 3560 3574 ὅτι
3588 3520 3683 3575 καὶ
3712 3519 3786 3573 τὰ
3820 3520 3881 3571 ὲν

2291 3621 2490 3693 καρδίᾳ
2506 3621 2551 3653 ⁸⁸
2575 3620 2754 3675 αὐτῶν
2786 3614 2938 3674 εἶπεν
2981 3616 3165 3680 αὐτοῖς
3209 3613 3340 3686 πρὶν
3394 3613 3746 3686 ἐρωτήσωσιν
3776 3612 3881 3666 αὐ-

2290 3713 2380 3767 τόν
2400 3729 2413 3743 ’
2452 3712 2546 3766 καὶ
2570 3710 2827 3778 ἐδόξασαν
2855 3709 2946 3765 τὸν
2972 3708 3123 3763 Θεόν.

2367 3887 2432 3960 β’.
2473 3882 2642 3943 Εἶπεν
2673 3887 2702 3940 ὁ
2727 3886 2901 3950 ἀϐὃᾶς
2928 3882 3140 3956 Ποιμήν
3172 3883 3250 3954 τῷ
3285 3881 3431 3954 ἀὸϐᾷ
3464 3882 3663 3950 Ἰωσήφ
3684 3898 3698 3910 ·
3738 3880 3882 3935 Εἰπέ

2294 3998 2385 4053 μοι
2414 3980 2531 4043 πῶς
2561 3978 2807 4049 γένωμαι
2840 3976 3101 4047 μοναχός;
3136 3975 3247 4030 Καὶ
3280 3969 3466 4028 εἷπενο
3499 3971 3566 4027 Εί
3585 3971 3764 4035 θέλεις
3790 3972 3884 4025 εὑ-

2294 4075 2404 4145 ρεῖν
2432 4070 2740 4126 ἀνάπαυσιν
2764 4068 2859 4122 καὶ
2889 4059 2993 4121 ὧδε
3024 4067 3121 4121 καὶ
3147 4068 3283 4130 ἐκεῖ,
3307 4066 3400 4119 ἐπὶ
3424 4063 3588 4118 παντὶ
3615 4061 3886 4132 πράγμα-

2291 4182 2344 4218 τι
2373 4163 2534 4233 λέγεο
2579 4160 2722 4231 Ἐγὼ
2752 4160 2837 4224 τίς
2870 4160 3020 4230 sint;
3052 4159 3149 4211 καὶ
3182 4156 3257 4227 μὴ
3292 4154 3485 4228 κρίνῃς
3515 4152 3660 4207 τινά.

2364 4354 2434 4423 γ’.
2487 4353 2545 4405 '0
2575 4349 2738 4414 αὐτὸς
2766 4347 2929 4404 πάλιν
2951 4344 3203 4418 ἠρώτησε
3228 4342 3323 4397 τὸν
3347 4339 3524 4398 ἀϐδᾶν
3550 4339 3775 4411 Ἰωσὴφ,
3791 4340 3887 4393 λέο

2291 4460 2440 4515 γωνο
2480 4444 2546 4496 Τί
2574 4443 2806 4513 ποιήσω,
2842 4440 2971 4493 ὅταν
3002 4434 3343 4508 προσεγγίζῃ
3374 4434 3444 4487 τὰ
3470 4430 3652 4503 πάθης
3700 4433 3884 4486 Ἀντι-

608 4514 762 4568 rint?
801 4513 1072 4570 Resistam
1114 4515 1244 4579 illis,
1277 4531 1344 4570 an
1380 4519 1690 4586 permittam
1738 4523 1979 4581 intrare?
2008 4527 2175 4587 Senex

2294 4513 2406 4590 στῶ
2434 4535 2637 4596 αὐτοῖς,
2660 4531 2694 4603 ἢ
2721 4531 2918 4600 ἀφήσω
2941 4527 3202 4582 εἰσελθεῖν
3223 4542 3238 4590 ;
3264 4524 3428 4591 Λέγει
3454 4521 3601 4593 αὐτῷ
3622 4524 3651 4575 ὁ
3671 4524 3882 4593 γέρωνο

610 4604 890 4675 respondit
926 4622 939 4658 :
971 4603 1100 4659 Sine
1135 4604 1363 4669 intrare,
1388 4616 1440 4660 et
1484 4622 1607 4661 cum
1655 4609 1761 4666 illis
1806 4613 2046 4674 decerta.
2082 4617 2187 4674 Re-

608 4713 801 4753 versus
830 4711 962 4769 ergo
1006 4698 1060 4752 in
1108 4696 1339 4763 Scetim,
1366 4699 1610 4756 sedebat.
1640 4701 1777 4759 Cum
1826 4701 2183 4766 Thebanorum

610 4787 810 4855 aliquis
834 4802 899 4842 eo
927 4787 1173 4853 veniens,
1202 4787 1341 4843 dixit
1367 4787 1626 4846 fratribus
1661 4808 1676 4846 :
1708 4792 2034 4854 Sciscitatus
2063 4816 2185 4857 sum

607 4877 859 4933 abbatem
894 4877 1194 4951 Josephum
1233 4881 1384 4938 hisce
1429 4882 1611 4939 verbis
1643 4902 1658 4939 :
1691 4883 1747 4941 Si
1778 4890 2182 4963 appropinqua-

2295 4626 2465 4695 ’Ἄφες
2508 4621 2651 4676 αὐτὰ
2692 4619 2973 4682 εἰσελθεῖν,
3020 4616 3116 4671 καὶ
3169 4613 3478 4685 πολέμησον
3526 4611 3641 4683 μετ’
3669 4612 3882 4666 αὐτῶν.

2305 4713 2656 4784 Ἀνακάμψας
2682 4706 2777 4765 οὖν
2819 4710 2878 4762 ἐν
2906 4709 3125 4780 Σκήτει,
3152 4704 3419 4775 ἐκάθητοσ
3459 4703 3554 4757 καὶ
3586 4700 3760 4754 ἐλθών
3798 4720 3889 4768 τις

2291 4807 2401 4860 τῶν
2446 4803 2699 4876 Θηϐαίων
2747 4801 2805 4855 ὲν
2859 4798 3076 4870 Σκήτει,
3120 4795 3275 4864 ἔλεγε
3321 4795 3437 4857 τοῖς
3488 4792 3759 4861 ἀδελφοῖς,
3797 4794 3887 4846 ὅτι

2305 4893 2592 4968 Ἦρώτησα
2628 4894 2720 4948 τὸν
2756 4892 2929 4948 ἀϐσᾶν
2972 4888 3195 4959 Ἰωσὴφ,
3228 4886 3441 4954 λέγων·
3481 4885 3606 4939 Ἐὰν
3637 4900 3890 4956 προσεγ-

610 4967 747 5021 verit
793 4970 925 5023 mihi
976 4972 1226 5034 affectus,
1275 4971 1400 5026 dein
1455 4973 1744 5040 obsistam,
1784 4993 1851 5032 an
1903 4981 2078 5037 sinam
2125 4993 2175 5038 nl

2288 4967 2418 5059 γίσῃ
2460 5003 2550 5057 μοι
2587 4985 2780 5048 πάθος,
2806 4980 3042 5037 ἀντιστῶ
3069 4978 3239 5049 αὐτῷ,
3284 4978 3318 5048 ἢ
3349 4977 3548 5047 ἀφήσω
3574 4975 3887 5041 είσελθεῐν;

607 5056 877 5115 introeat?
900 5059 1138 5133 Mihique
1163 5063 1445 5133 respondit
1491 5083 1505 5118 :
1553 5064 1875 5127 Nuliatenus
1920 5075 2175 5143 permitte

2287 5056 2547 5131 Καὶ-εἶπέ
2582 5092 2709 5146 μοι·
2740 5074 2832 5143 Μὴ
2861 5072 3079 5144 ἀφήσῃς
3122 5069 3260 5132 ὅλως
3301 5067 3563 5121 εἰσελθεῖν
3591 5065 3659 5120 τὰ
3700 5067 3889 5135 πάθη,

1514 5226 1529 5242 Ο
1589 5227 1617 5242 Δ
1670 5226 1682 5242 ο

676 5224 723 5257 ⁸⁵
761 5224 845 5280 AI.
874 5225 1040 5281 inser.
1073 5227 1220 5282 ποτέ.

604 5292 705 5366 οὐκ
730 5295 994 5366 ήλλάγην,
1047 5296 1139 5350 καὶ
1206 5296 1345 5351 οὐδέ.
1455 5299 1496 5330 ⁶¹

606 5363 938 5435 ἱλαρότητος.
1013 5366 1059 5398 ι’
1091 5368 1174 5421 AI.
1203 5367 1487 5440 ἐγκάρδια.

822 5474 923 5547 inf.
955 5472 1143 5547 P_amb.
1176 5476 1436 5547 Apopluh.
1463 5474 1518 5529 6.

674 5543 786 5612 (55)
833 5543 937 5597 Vit.
976 5543 1128 5600 Patr.
1157 5543 1353 5610 mihi.

574 5616 589 5621 “
672 5613 784 5685 (54)
823 5614 933 5669 Καὶ
976 5614 1269 5685 ἐφόρεσεν
1311 5615 1509 5685 ἱμάτια
1543 5612 1837 5668 ἐπαιτικά.
1870 5612 2097 5680 Ibidem,
2128 5622 2178 5668 et

672 5619 789 5697 (ἧι)
823 5619 933 5669 Καὶ
976 5619 1269 5685 ἐφόρεσεν
1311 5619 1509 5739 ἱρᾶται
1543 5619 1837 5668 ἑπαιτικά.
1870 5619 2001 5669 Ibidt

605 5692 808 5755 restruit
842 5701 896 5738 se
928 5699 1008 5755 re}
1040 5696 1291 5741 reluslas.
1350 5686 1563 5755 .cgcbat
1592 5700 1721 5755 ergo
1751 5685 2001 5755 ὲπετικά.

674 5752 785 5823 (55)
820 5756 887 5806 Ei
922 5749 1034 5810 οὖν
1064 5756 1244 5823 αὐτὸς
1272 5755 1386 5827 ἐγὼ
1406 5749 1523 5827 ἓίμι
1557 5754 1624 5808 ἐν
1644 5749 2016 5823 ἀμφοτέροις.
2039 5755 2185 5811 idem

1735 5299 1803 5352 ab
1836 5300 1905 5351 al.

1028 5967 1057 5980 Ι

1321 5229 1368 5306 f‘
1397 5229 1482 5283 Al.
1513 5227 1810 5349 EXGpdpta.
1887 5232 1929 5262 ⁵⁷
1967 5232 2128 5285 Abest
2154 5232 2222 5283 ab
2258 5232 2328 5286 al.

1321 5317 1345 5349 :.
1455 5299 1496 5330 ⁶¹
1580 5299 1697 5349 best
1735 5299 1803 5349 ab
1836 5300 1905 5349 al.
2010 5303 2054 5331 ε’
2092 5302 2179 5349 AI-
2204 5300 2311 5349 τῶν

1580 5299 1697 5353 best
1735 5299 1803 5352 ab
1836 5300 1905 5351 al.
2010 5303 2054 5331 ε’
2092 5302 2179 5357 Al.
2204 5300 2311 5355 τῶν
2341 5301 2584 5370 ἀδελφῶν
2630 5302 2951 5373 ἀπάντησιν.

2432 5232 2476 5265 ⁵⁸
2501 5233 2582 5285 Al.
2614 5235 2688 5287 τί.
2765 5234 2810 5264 ⁸⁹
2845 5231 2928 5285 Al.
2964 5231 3067 5287 ins.
3100 5232 3248 5300 λέγει
3271 5229 3474 5293 αὐτοῖς.
3517 5296 3538 5300 _
3562 5226 3630 5300 (η
3663 5227 3755 5300 Δί.
3786 5228 3887 5283 καὶ

3028 5303 3074 5333 ⁸⁸
3125 5296 3312 5355 Matth.
3346 5315 3482 5365 χχιι,
3511 5296 3601 5353 21.
3709 5298 3761 5330 ⁸⁸
3791 5300 3883 5353 AI.

2296 5472 2560 5552 Pelagium
2593 5477 2863 5548 interpres
2900 5497 2913 5534 :
2948 5476 3039 5535 Sic
3066 5495 3158 5550 ego
3204 5480 3310 5549 ipse
3352 5495 3470 5534 sum
3501 5478 3557 5534 in
3612 5477 3882 5552 utrisqm.

2288 5544 2467 5602 Srrili.
2502 5544 2580 5601 Si.

2360 5616 2470 5681 (Isti)
2513 5615 2613 5670 Vit.
2650 5618 2801 5672 Patr.
2840 5634 2919 5680 Ix,
2953 5620 3002 5676 5.

2361 5686 2472 5757 (57)
2516 5686 2620 5743 vn.
2661 5688 2811 5742 ιιηιτ.
2848 5706 2900 5755 χ,
2936 5690 3025 5745 29.
