3982 6336
195 290 304 346 29.9

1356 303 1762 361 APOPHTHEG
1775 307 1958 360 MATA
2001 305 2224 360 PATle
2237 306 2305 362 Μ.

3366 325 3470 382 250

118 439 128 444 α
200 414 312 465 ἀλλ’
339 412 544 478 εὐθέως
573 415 804 485 ἔκκοψον
837 419 994 474 αὐτὰ.
1015 421 1278 485 Ἀκούσας
1305 425 1361 477 δὲ
1391 426 1418 476 6
1441 426 1614 489 6666;
1660 430 1758 481 Ποι

1892 428 2118 482 affectus
2172 428 2420 498 ingredi,
2456 432 2550 486 sed
2592 432 2739 489 illico
2781 436 3039 493 exscinde
3083 452 3196 494 eos.
3226 437 3468 498 Audiens

199 506 328 577 μὴν,
377 506 460 560 6::
497 507 671 572 οὕτως
706 505 826 562 εἷπε
876 511 954 582 τῷ
1006 513 1227 586 Θηϐαίῳ
1277 518 1304 568 6
1349 517 1522 582 6666.;
1565 520 1782 591 Ἰωσὴφ,

195 597 436 660 αναστὰς
475 599 685 669 ἀπῆλθε
720 601 855 673 πρὸς
885 604 1046 657 αὐτὸν
1091 609 1171 671 είς
1217 609 1467 680 Πανεφὼ,
1499 613 1592 666 καὶ
1635 612 1784 683 λέγει

196 689 366 758 αὐτῷ·
385 689 576 756 ⁹Α66ἅ,
605 690 716 760 ἐγὼ
741 693 1038 749 ἐπίστευσὰ
1071 715 1152 751 σοι
1184 702 1310 764 τοὺς
1332 701 1626 774 λογισμούς
1656 721 1779 775 μου⁶

198 779 291 831 καὶ
329 781 441 833 £606
477 781 653 846 ἄλλως
684 778 844 848 εἶπας
889 788 1031 856 ἐμοὶ.
1062 790 1157 842 καὶ
1203 791 1378 858 ἄλλως
1410 794 1490 866 τῷ
1536 796 1778 868 Θηϐαίῳ.

193 870 357 938 Λέγει
388 872 537 942 αὐτῷ
583 874 611 925 6
644 874 822 946 γέρων
842 892 856 905 °
888 878 1000 930 Οὐκ
1027 875 1175 944 οἶδας
1203 882 1283 935 ὅτι
1311 885 1510 954 ἀγαπῶ
1538 903 1630 952 σε;
1672 889 1782 941 Καὶ

195 957 317 1015 εἷπε
345 980 360 994 ·
393 965 519 1017 Ναί.
565 966 639 1018 06
681 967 747 1020 σὺ
793 967 974 1036 ἔλεγές
1003 987 1122 1042 μοι·
1165 974 1252 1037 Ὠς
1281 974 1460 1046 ἐαυτῷ
1496 978 1618 1031 είπέ
1655 996 1777 1049 μοις

193 1055 306 1107 Kal.
359 1050 516 1107 εἶπεν
536 1073 549 1086 ο
603 1056 790 1120 Οὕτως
819 1058 950 1129 ἔχει.
979 1061 1140 1131 Λέγει
1171 1063 1317 1135 αὐτῷ
1341 1068 1369 1119 6
1398 1067 1572 1140 γέρων
1595 1085 1609 1098 ο
1654 1069 1778 1122 Ἐὰν

190 1145 304 1218 γὰρ
330 1146 545 1218 εἰσέλθῃ
584 1149 652 1201 :6
677 1150 846 1222 πάθη,
878 1152 970 1204 καὶ
993 1153 1097 1223 δῷς
1124 1156 1217 1209 καὶ
1239 1155 1408 1228 λάϐῃς
1435 1162 1552 1226 μετ’
1575 1161 1776 1223 αὐτῶν,

190 1237 559 1310 δοκιμώτερόν
593 1256 652 1291 σε
681 1240 1028 1299 καθιστῶσιν.
1049 1245 1188 1314 Ἐγὼ
1211 1246 1267 1300 δὲ
1303 1246 1378 1312 ὡς
1407 1249 1628 1320 ἐμαυτῷ
1655 1250 1778 1304 ὲλά-

192 1327 336 1398 λησά
365 1345 466 1380 σοι.
505 1329 625 1382 Εἰσὶ
657 1330 713 1383 δὲ
749 1331 919 1396 ἄλλοι,
945 1328 1023 1397 οἷς
1047 1335 1166 1388 οὐδὲ
1193 1340 1550 1408 προσεγγίσαι
1576 1341 1643 1394 :6
1675 1342 1775 1396 πά-

193 1418 261 1490 θη
327 1422 633 1493 σνμφέρεν
686 1423 1059 1508 τίιλλέιίοί)έ.ως⁹
1095 1429 1324 1498 ἐκκόψαι
1387 1431 1525 1487 66:6
1584 1434 1774 1506 χρείαν

192 1511 314 1581 ἔχου
323 1529 431 1565 σιν.

263 1691 324 1745 6’.
378 1689 634 1762 Ἀδελφός
678 1712 763 1758 τις
800 1697 1048 1771 ἠρώτησε
1096 1702 1268 1757 ἀεὸἄν
1311 1706 1529 1778 Ἰωσὴφ,
1560 1708 1767 1776 λέγων·

1893 535 2019 574 vero
2065 521 2233 572 abbas
2279 519 2518 584 Poemen.
2571 523 2644 576 ita
2696 526 2947 582 abbatem
2978 527 3272 600 Josephum
3319 532 3468 587 locu-

1889 618 1998 662 tum
2049 609 2215 664 fuisse
2257 611 2536 678 Thebano,
2566 629 2818 686 surgens,
2849 618 2914 670 ad
2947 634 3070 673 eum
3110 622 3164 674 in
3205 620 3462 692 Panepho

1887 700 2164 769 profectus
2217 710 2335 770 est,
2374 714 2427 758 et
2475 705 2592 759 ait:
2623 706 2796 772 Abba,
2841 724 2941 778 ego
2993 713 3302 768 concredidi
3363 715 3462 768 libi

1884 792 2248 861 cogitationes
2303 810 2490 860 meas,
2545 806 2598 852 et
2657 814 2784 854 ecce
2851 801 3009 856 aliter
3075 805 3243 869 mihi,
3300 806 3460 860 aliter

1885 881 2143 939 Thebano
2194 885 2527 942 disseruisti.
2579 887 2721 944 Dicit
2764 891 2812 947 ei
2862 908 3028 948 senex
3070 893 3304 952 :Nonne
3350 899 3463 953 scis

1882 975 2026 1045 quod
2050 975 2217 1046 diligo
2241 978 2330 1032 Ie?
2355 977 2654 1050 Respondit
2680 999 2693 1034 :
2725 980 2920 1037 Etiam.
2952 983 3142 1040 Nonne
3184 993 3275 1040 tua
3299 989 3460 1043 verba

1881 1075 2009 1122 sunt
2047 1086 2060 1121 :
2097 1067 2377 1140 Tanquam
2423 1080 2600 1126 tecum
2653 1088 2862 1144 ageres,
2896 1077 3079 1144 profer
3127 1078 3447 1134 mihiH’m-

1881 1173 2003 1212 men
2035 1177 2048 1212 :
2086 1157 2159 1212 Ita
2195 1160 2376 1216 habet.
2413 1159 2553 1216 Tum
2600 1178 2766 1218 sene:
2805 1183 2818 1219 :
2856 1164 2989 1219 Nam
3037 1167 3084 1222 si
3130 1166 3454 1224 intraverint

1878 1249 2128 1314 allectus,
2156 1259 2208 1308 et
2233 1267 2356 1307 cum
2389 1254 2457 1310 iis
2486 1254 2783 1327 confligens
2816 1257 3031 1313 dederis
3061 1265 3116 1313 et
3145 1262 3446 1330 acceperis,

1878 1351 1929 1397 te
1991 1345 2356 1414 probatiorem
2420 1351 2775 1407 constituent.
2849 1351 2960 1424 Ego
3021 1369 3145 1409 vero
3196 1362 3455 1422 tanquam

1878 1435 2012 1489 mihi
2062 1437 2314 1492 elocutus
2361 1456 2483 1494 sum
2534 1443 2651 1498 tibi.
2695 1442 2870 1499 Porro
2925 1455 3052 1500 sunt
3107 1447 3224 1510 alii,
3259 1446 3458 1518 quibus

1876 1527 2139 1581 conducit
2162 1528 2390 1583 affectus
2422 1546 2490 1584 ne
2515 1532 2735 1602 quidem
2765 1535 3107 1604 proximare;
3143 1537 3239 1592 sed
3270 1540 3454 1592 statim

1875 1631 1973 1672 eos
2004 1628 2291 1688 amputare
2325 1620 2547 1675 debent.

1945 1706 2000 1762 4.
2036 1707 2150 1777 ('58)
2191 1705 2382 1762 Frater
2413 1709 2613 1779 aliquis
2658 1711 3021 1782 interrogavit
3053 1713 3306 1769 abbatem
3345 1713 3444 1770 Jo-

192 1781 258 1832 Ti
291 1783 520 1851 ποιήσω,
545 1783 627 1836 ὅτι
659 1783 780 1838 οὔτε
804 1789 1178 1860 κακοπαθῆσαι
1200 1793 1449 1864 δύναμαι,
1466 1796 1584 1848 οὐδὲ
1609 1799 1765 1869 ἐργά-

1879 1797 2105 1866 sephum
2154 1798 2458 1854 hoc'modo
2489 1819 2500 1854 :
2530 1799 2672 1867 Quid
2725 1811 2954 1858 acturus
3004 1818 3124 1858 sum
3212 1804 3302 1874 qui
3354 1821 3454 1860 nec

197 1871 394 1926 σασθαι
431 1875 525 1926 καί
559 1875 742 1930 δοῦναι
768 1879 1007 1950 ἁγάπην;
1042 1883 1202 1950 Λέγει
1235 1885 1384 1956 αὐτῷ
1420 1889 1449 1940 6
1475 1888 1650 1959 γέρων
1671 1908 1684 1920 ·
1710 1892 1772 1943 Et

193 1963 253 2017 οὐ
283 1964 510 2018 δύνασαι
545 1967 747 2022 τούτων
772 1970 890 2024 οὐδὲ
919 1973 976 2026 ἒν
1013 1975 1254 2045 ποιῆσαι,
1286 1977 1388 2031 κᾶν
1417 1983 1650 2052 τήρησον
1674 1984 1772 2054 τὴν

195 2055 501 2126 συνείδησίν
529 2073 621 2109 σου
651 2059 757 2111 61:6
785 2060 880 2114 :06
910 2061 1134 2132 πλησίον
1169 2081 1262 2118 σου
1296 2067 1404 2120 61:6
1439 2068 1640 2133 παντὸς
1671 2088 1772 2123 κα·

195 2145 291 2198 κοῦ
314 2160 326 2173 ·
355 2147 448 2199 καὶ
475 2145 622 2219 σώζῃ
643 2148 706 2202 ⁸⁸.

259 2322 323 2376 ε’.
368 2323 561 2392 Ἐλεγέ
609 2342 690 2389 τις
737 2324 844 2380 τῶν
889 2327 1150 2400 ἀδελφῶν,
1171 2331 1253 2384 6::
1303 2332 1614 2402 Παρέὸαλὸν
1640 2352 1769 2390 ποτε

191 2415 270 2476 εἰς
308 2414 602 2487 Ἡρακλέος
628 2418 727 2488 τὴν
756 2419 905 2472 κάτω
931 2421 1064 2492 πρὸς
1087 2421 1176 2474 τὸν
1198 2423 1372 2477 ἀὸὅᾶν
1407 2426 1603 2498 Ἰωσήφ
1625 2443 1638 2456 ·
1675 2427 1770 2480 καὶ

191 2499 339 2573 εἶχεν
367 2506 425 2559 ἐν
454 2504 530 2576 τῷ
560 2509 905 2581 μοναστηρίῳ
935 2511 1230 2582 συκάμινον
1255 2513 1453 2585 ὡραῖον
1477 2517 1638 2570 πάνυ.
1659 2519 1768 2572 Καὶ

190 2593 337 2662 λέγει
385 2613 475 2666 μοι
518 2597 628 2650 61:6
676 2600 854 2670 πρωῖο
892 2600 1132 2670 ’Υπαγε,
1169 2604 1308 2671 φάγε
1335 2621 1348 2634 ·
1381 2601 1448 2676 ἦν
1494 2607 1550 2660 δὲ
1590 2625 1768 2678 παρα-

193 2683 379 2754 σκευὴ,
415 2686 509 2738 καὶ
537 2685 636 2739 οὐκ
664 2688 903 2759 ἀπῆλθον
931 2689 1018 2745 διὰ
1039 2690 1136 2762 τὴν
1159 2695 1432 2762 νηστείαν.
1461 2696 1568 2748 Καὶ
1595 2715 1768 2768 παρα-

189 2776 425 2839 καλέσας
455 2778 618 2832 αὐτὺν
643 2777 825 2832 εἷπον·
861 2781 960 2834 Διὰ
995 2783 1088 2836 τὸν
1113 2783 1265 2849 Θεὸν,
1295 2787 1414 2839 εἰπέ
1447 2805 1536 2857 μοι
1564 2788 1654 2842 τὸν
1683 2790 1768 2842 λο-

189 2866 384 2935 γισμὸν
413 2867 632 2922 τοῦτον
671 2870 780 2923 ἰδοὺ
827 2873 892 2925 σὺ
941 2872 1125 2942 ἔλεγές
1159 2891 1284 2944 μοι’
1314 2876 1552 2944 Ὕπαγε,
1586 2878 1724 2947 φάγε
1747 2897 1761 2910 ⁸

189 2957 297 3023 ἐγὼ
327 2957 385 3010 δὲ
421 2957 509 3012 6:6
541 2959 642 3031 τὴν
670 2962 922 3030 νηστείαν
949 2964 1049 3016 οὐκ
1077 2965 1339 3035 ἀπῆλθον,
1374 2968 1467 3021 καὶ
1505 2969 1654 3040 ἥμην
1682 2972 1766 3023 al-

1877 1888 2201 1944 vexationes
2237 1888 2383 1944 ferre
2412 1907 2660 1958 possum,
2692 1909 2793 1948 nec
2820 1895 3036 1962 operari
3071 1902 3125 1949 et
3154 1895 3286 1949 dare
3317 1896 3454 1951 elec-

1876 1979 2200 2046 mosynam?
2224 1980 2314 2033 Ait
2347 1981 2422 2035 illi
2456 1997 2622 2038 senex
2651 2001 2664 2038 :
2696 1983 2753 2037 Si
2802 2000 2991 2039 eorum
3042 1987 3127 2040 vel
3159 2003 3325 2042 unum
3365 1988 3448 2041 fa-

1874 2083 2001 2122 cere
2038 2085 2146 2122 non
2193 2072 2362 2136 vales,
2395 2086 2665 2128 conserva
2701 2075 2896 2129 saltem
2958 2083 3106 2130 tuam
3159 2079 3450 2134 conscien-

1875 2161 2006 2213 tiam
2056 2177 2185 2232 erga
2225 2164 2534 2232 proximum
2579 2172 2731 2219 tuum
2763 2166 2832 2220 ab
2868 2167 3015 2222 omni
3061 2168 3224 2236 malo,
3258 2179 3312 2224 et
3342 2171 3451 2224 sal-

1871 2268 1973 2308 vus
2009 2253 2142 2308 eris.

1942 2345 1995 2400 5.
2039 2344 2152 2416 (39)
2193 2343 2402 2402 Retulit
2431 2348 2654 2419 quidam
2693 2349 2922 2406 fratrum
2958 2372 2971 2406 :
3007 2351 3290 2412 Profectus
3330 2373 3451 2413 sum

1871 2434 2166 2505 aliquando
2221 2437 2539 2496 lleracleam
2595 2444 2914 2501 inferiorem
2962 2445 3030 2500 ad
3074 2447 3324 2504 abbatem
3353 2449 3446 2504 Jo—

1870 2528 2135 2596 sephum;
2170 2529 2363 2584 habuit
2400 2542 2583 2588 autem
2619 2535 2672 2588 in
2699 2538 3030 2594 monasterio
3062 2554 3273 2595 morum
3310 2559 3438 2609 s;e-

1869 2617 2258 2674 ciosissimam.
2311 2621 2375 2675 Et
2426 2623 2565 2677 dixit
2603 2625 2734 2678 mihi
2787 2642 2986 2682 mane:
3021 2627 3217 2700 Perge.
3266 2647 3436 2686 man—-

1868 2706 2040 2772 duca;
2068 2724 2233 2777 porro
2269 2720 2386 2764 erat
2435 2711 2738 2768 Parasceve
2770 2730 2784 2768 :
2823 2732 2924 2770 nec
2973 2718 3064 2782 ivi,
3100 2728 3320 2788 propter
3340 2721 3428 2790 je-

1862 2796 2096 2866 junium.
2129 2799 2316 2869 Itaque
2350 2817 2547 2872 rogans
2592 2819 2738 2868 eum,
2783 2804 2894 2858 dixi
2931 2823 2944 2858 :
2980 2806 3208 2878 Propter
3240 2809 3433 2874 Deum,

1866 2889 2075 2958 explica
2110 2890 2241 2943 mihi
2267 2892 2743 2947 ratiocinationem
2781 2895 2958 2962 hanc;
2989 2912 3115 2952 ecce
3145 2907 3200 2952 tu
3236 2915 3439 2968 prtece-

1867 2977 1994 3047 pisti
2047 2979 2176 3032 mihi
2211 2996 2224 3032 :
2258 2979 2449 3051 Perge,
2481 2983 2784 3050 manduca;
2817 3000 2918 3055 ego
2961 2995 3141 3042 autem
3176 2989 3248 3043 ob
3287 2990 3434 3059 jeju—

189 3049 520 3120 σχυνόμενος
548 3051 648 3122 τὴν
674 3051 774 3124 σὴν
817 3054 1033 3124 ἐντολὴν
1079 3054 1445 3129 λογιζόμενος,
1480 3060 1624 3130 Ποίῳ
1672 3061 1762 3114 λο-

1874 3070 2015 3123 nium
2051 3085 2161 3123 non
2209 3071 2309 3136 ivi,
2342 3049 2437 3126 sed
2483 3073 2692 3141 pudore
2748 3049 3133 3143 sitfl'undebar,
3191 3049 3434 3136 mandati

187 3140 368 3210 γισμῷ
415 3141 568 3210 ἔλεγέ
599 3159 691 3213 μοι
717 3143 747 3196 6
771 3144 977 3215 γέρων’;
1002 3146 1066 3200 Τί
1091 3143 1185 3202 οὖν
1212 3145 1353 3220 εἶχον
1389 3149 1609 3218 ποιῆσαι
1634 3169 1648 3218 ;
1681 3152 1762 3204 6::

181 3230 370 3301 ἔλεγές
397 3233 756 3303 μοι,”Υπαγε.
773 3235 831 3288 '0
855 3236 910 3290 δὲ
934 3233 1086 3291 εἶπεν
1105 3255 1118 3269 ο
1153 3240 1216 3292 Οἱ
1239 3240 1480 3313 Πατέρες
1507 3240 1566 3306 ἐξ
1591 3243 1765 3314 ἀρχῆς

187 3323 245 3374 οὐ
278 3323 498 3377 λαλοῦσι
547 3327 660 3388 τοῖς
692 3325 937 3395 ἀδελφοῖς
975 3328 1034 3382 :6
1070 3328 1248 3398 ὀρθὸν,
1277 3331 1412 3384 ἀλλὰ
1455 3332 1653 3402 μᾶλλον
1695 3332 1764 3386 :6

189 3413 559 3485 a:9e6).6'xa't
587 3415 682 3470 ἐὰν
709 3417 886 3470 ἴδωσιν
917 3419 998 3472 ὃτι
1029 3420 1240 3475 ποιοῦσι
1282 3421 1350 3477 :6
1381 3423 1632 3494 στρεϐλὰ,
1663 3424 1762 3476 οὐκ

187 3503 264 3556 ἔτι
301 3504 554 3558 λαλοῦσιν
596 3505 779 3569 αὐτοῖς
812 3506 879 3560 :6
904 3508 1157 3578 στρεϐλὰ,
1184 3509 1318 3564 ἀλλὰ
1341 3511 1440 3582 τὴν
1466 3511 1726 3583 ἀλήθειαν
1742 3528 1758 3544 ⁸

187 3594 404 3663 ειδότες,
434 3596 518 3648 ὅτι
545 3597 626 3660 είς
654 3597 828 3651 πάντα
857 3599 1084 3670 ὑπήκοοί
1109 3601 1267 3656 εἰσιν.

259 3783 335 3840 ς’.
375 3771 543 3831 Εἶπεν
569 3779 600 3832 6
626 3777 799 3842 6666c;
825 3779 1024 3850 Ἰωσὴφ
1045 3779 1125 3851 τῷ
1150 3780 1296 3854 ἁϐὁᾷ
1314 3783 1464 3838 Λώτ·
1495 3786 1570 3840 Οὗ
1600 3787 1759 3841 δύνα-

191 3883 275 3922 σαι
308 3868 561 3936 γενέσθαι
593 3871 846 3942 μοναχὸς,
871 3872 967 3926 ἐὰν
999 3873 1073 3942 μὴ
1103 3875 1234 3946 γένῃ
1261 3876 1337 3941 ὡς
1364 3877 1476 3949 πῦρ
1509 3879 1758 3949 φλογιζόο

189 3977 346 4030 μενος
369 3961 512 4024 ὅλος.

253 4052 318 4117 ς’.
361 4053 672 4124 Παρέόαλεν
705 4057 734 4109 ὁ
765 4056 938 4121 esea;
968 4059 1091 4112 Λὼτ
1121 4059 1200 4130 τῷ
1235 4061 1380 4132 esse
1417 4063 1630 4134 Ἰωσὴφ,
1663 4065 1755 4118 καὶ

186 4142 535 4215 λέγειαὺτῷ·
581 4147 768 4210 Ἀ66ᾶ,
803 4148 945 4202 κατὰ
971 4149 1196 4222 δύναμίν
1241 4170 1343 4223 μου
1386 4155 1524 4206 ποιῶ
1550 4156 1647 4225 τὴν
1675 4174 1756 4225 μι-

188 4237 322 4305 κράν
361 4253 466 4305 μου
502 4237 738 4304 σύναξιν,
768 4239 862 4291 καὶ
890 4240 988 4310 τὴν
1016 4242 1214 4312 μικρὰν
1239 4244 1492 4314 νηστείαν
1521 4262 1640 4314 μου,
1660 4243 1755 4298 καὶ

187 4326 280 4396 τὴν
299 4327 489 4398 εὐχὴν,
523 4329 617 4382 καὶ
640 4328 737 4399 τὴν
769 4329 1015 4400 μελέτην,
1042 4332 1134 4385 καὶ
1167 4333 1264 4404 τὴν
1286 4334 1536 4406 ἡσυχίαν,
1565 4337 1658 4389 καὶ
1693 4337 1753 4390 :6

1865 3161 1941 3214 tui
1969 3175 2122 3232 ergo,
2161 3177 2374 3217 mecum
2427 3175 2690 3233 reputans
2725 3182 2740 3219 :
2781 3166 3023 3232 Quanam
3077 3169 3292 3223 ratione
3323 3171 3433 3224 elo-

1863 3260 2026 3308 cutus
2069 3260 2154 3308 est
2187 3254 2393 3307 senex?
2417 3253 2558 3320 Quid
2586 3271 2714 3326 ergo
2738 3256 2916 3312 facere
2940 3257 3123 3324 debui,
3146 3267 3437 3328 propterea

1863 3345 2006 3414 quod
2041 3345 2118 3399 ire
2151 3346 2440 3414 iusseras?
2475 3346 2697 3418 Excepit
2741 3349 2831 3403 ille
2867 3368 2879 3403 :
2918 3347 3106 3404 Patres
3139 3351 3296 3405 initio
3323 3367 3430 3406 non

1861 3435 2082 3491 edicunt
2107 3435 2372 3494 fratribus
2405 3438 2549 3508 quod
2574 3448 2784 3493 rectum
2813 3449 2916 3504 est,
2951 3441 3046 3496 sed
3081 3444 3263 3512 potius
3302 3460 3426 3513 per-

1860 3539 2015 3579 versa
2034 3541 2058 3590 ;-
2091 3539 2327 3596 cumque
2372 3525 2612 3581 viderint
2639 3541 2735 3581 eos
2782 3543 3041 3596 perversa
3095 3529 3297 3593 facere,
3327 3545 3437 3585 non

1861 3615 2096 3684 amplius
2144 3630 2408 3686 perversa
2471 3617 2778 3687 loquuntur
2829 3618 2932 3683 eis,
2977 3619 3074 3675 sed
3133 3621 3434 3687 veritatem,

1859 3707 2012 3776 gnari
2037 3707 2104 3759 ad
2128 3707 2306 3761 omnia
2335 3707 2702 3777 obsequentes
2731 3723 2873 3763 esse.

1928 3796 1982 3851 6.
2037 3795 2185 3852 Dixit
2235 3798 2405 3853 abbas
2447 3797 2652 3868 Joseph
2697 3799 2879 3853 abbati
2936 3797 3071 3852 Loto
3113 3817 3127 3853 :
3165 3799 3281 3854 Non
3328 3815 3427 3870 po-

1856 3896 1942 3944 tes
1974 3888 2085 3944 iieri
2121 3892 2450 3956 monachus,
2483 3890 2586 3944 nisi
2632 3890 2811 3944 instar
2841 3890 2982 3958 ignis
3025 3897 3171 3945 totus
3201 3892 3427 3947 exstite-

1856 3979 1934 4034 ris
1961 3980 2266 4036 llammeus.
2475 3980 2480 3985 ’

1931 4070 1981 4126 7.
2017 4069 2128 4141 (40)
2159 4070 2308 4125 Adiit
2345 4071 2514 4126 abbas
2545 4070 2646 4125 Lat
2693 4070 2938 4124 abbatem
2988 4069 3304 4139 Josephum,
3337 4072 3429 4126 cui

1855 4160 1932 4214 ait
1963 4178 1977 4216 :
2005 4161 2176 4226 Abba,
2209 4151 2306 4230 pro
2333 4161 2476 4213 virili
2527 4175 2645 4214 mea
2681 4174 2884 4229 perago
2915 4173 3141 4227 parvum
3175 4158 3421 4215 Oﬂicium

1856 4265 2058 4316 meum,
2090 4265 2317 4320 parvum
2356 4265 2536 4304 meum
2574 4249 3222 4320 jejunium,oraliouem,
3260 4253 3427 4306 medi-

1855 4341 2140 4405 tationem,
2168 4341 2446 4412 quietem;
2474 4349 2529 4396 et
2567 4350 2828 4413 quantum
2876 4344 3056 4408 valeo,
3083 4358 3249 4414 puras
3287 4344 3427 4399 obti-

187 4416 323 4470 κατὰ
350 4417 580 4488 δύναμίν
608 4436 708 4490 μου
737 4419 1026 4491 καθαρεύω
1041 4422 1086 4454 ⁸⁷
1111 4426 1222 4488 τοῖς
1247 4424 1544 4496 λογισμοῖς.
1559 4428 1623 4481 Τί
1655 4425 1748 4484 οὖν

1874 4447 1956 4488 leo
2006 4433 2382 4503 cogitationes.
2418 4432 2562 4499 Quid
2608 4449 2738 4506 ergo
2769 4433 2950 4488 adhuc
2985 4434 3157 4489 debeo
3210 4434 3425 4490 facere?

185 4508 290 4576 ἔχω
331 4509 556 4580 ποιῆσαι
596 4509 809 4578 λοιπὸν;
851 4513 1113 4577 Ἀναστὰς
1137 4511 1228 4568 οὖν
1251 4517 1280 4570 6
1301 4517 1498 4589 γέρων,
1528 4519 1750 4588 ἦπλωσε

183 4599 280 4663 τὰς
315 4604 507 4672 χεῖρας
529 4603 610 4664 είς
633 4602 724 4654 τὸν
751 4603 977 4674 οὐρανόν
995 4621 1010 4635 °
1041 4605 1134 4658 καὶ
1165 4607 1448 4676 γεγόνασιν
1476 4611 1524 4662 οἱ
1554 4610 1750 4664 δάκτυ-

184 4707 261 4745 to:
293 4692 480 4757 αὐτοῦ,
509 4693 585 4756 ὥς
617 4694 746 4747 δέκα
778 4694 1059 4766 λαμπάδες
1101 4698 1303 4771 πυρός·
1351 4699 1444 4753 καὶ
1473 4701 1620 4771 λέγει
1651 4704 1749 4756 αὐ-

181 4782 258 4853 τῷ
277 4801 292 4814 ο
327 4783 392 4836 Ei
418 4783 612 4849 θέλεις,
640 4786 798 4854 γενοῦ
830 4788 951 4852 ὅλος
983 4788 1058 4852 ὡς
1089 4788 1220 4859 πῦρ.

246 4877 318 4948 η’.
372 4877 623 4946 Ἀδελφδς
667 4877 918 4950 ἠρώτησε
963 4879 1056 4932 τὸν
1099 4878 1274 4933 ἀ66ᾶν
1310 4881 1529 4952 Ἰωσὴφ,
1574 4881 1746 4950 λέγων

178 4971 279 5032 ὅτι,
314 4967 466 5022 Θέλω
509 4968 741 5032 ἐξελθεῖν
783 4970 889 5023 61:6
933 4969 1028 5023 :06
1071 4970 1357 5032 κοινοὸίου,
1395 4973 1490 5025 καὶ
1529 4972 1747 5026 καθίσαι

181 5059 510 5130 καταμόνας.
536 5061 644 5114 Kal.
675 5059 821 5128 λέγει
853 5061 1000 5131 αὐτῷ
1025 5062 1055 5114 6
1081 5061 1291 5132 γέρωνο
1331 5062 1504 5114 Ὅπου
1532 5062 1747 5132 βλέπεις

176 5155 273 5222 τὴν
298 5152 482 5223 ψυχήν
513 5169 606 5206 σου
639 5153 1058 5224 ἁναπαυομένην
1093 5155 1188 5209 καὶ
1223 5156 1296 5225 μὴ
1339 5153 1740 5226 βλαπτομένην,

177 5243 418 5297 κάθισον.
461 5243 625 5311 Λέγει
672 5242 820 5314 αὐτῷ
850 5246 880 5298 6
919 5244 1179 5314 ἁδελφόςο
1222 5246 1332 5301 Καὶ
1366 5247 1446 5309 εις
1476 5244 1742 5300 κοινόσιον

175 5333 549 5405 ἀναπαύομαι,
575 5335 668 5392 καὶ
693 5336 1034 5406 καταμόνας’
1073 5336 1126 5390 τί
1155 5331 1248 5389 οὖν
1286 5336 1460 5400 θέλεις
1493 5338 1739 5409 «odim;

247 5492 292 5523 “
320 5491 402 5549 Al.
445 5491 573 5548 add.
605 5490 988 5563 ἀναμάρτητον
1010 5491 1118 5564 γὰρ
1136 5490 1232 5564 τὴν
1255 5490 1428 5564 ψυχὴν
1454 5491 1606 5564 ζητεῖ
1627 5493 1655 5546 6
1676 5491 1828 5556 Θεὸς.

244 5631 355 5769 (38}
389 5626 499 5687 Vit.
538 5630 686 5685 Patr.
719 5643 774 5694 ι,
807 5631 893 5685 SI.

244 5703 328 5769 (39
401 5701 506 5758 Vit.
548 5701 695 5755 Patr.
732 5717 784 5767 ι,
815 5701 893 5756 50.

244 5701 351 5770 (39)
401 5701 506 5758 vn.
548 5701 695 5755 ιιαιτ.
732 5717 784 5767 x,
815 5701 898 5756 so.

1853 4522 2094 4593 Surgens
2139 4523 2305 4594 igitur
2337 4539 2526 4588 senex,
2560 4539 2757 4579 manus
2798 4523 3045 4579 extendit
3092 4523 3143 4577 in
3183 4526 3418 4586 caalum,

1850 4612 2089 4684 factique
2120 4622 2249 4669 sunt
2277 4614 2398 4683 ejus
2426 4614 2584 4686 digiti
2637 4616 2790 4671 velut
2832 4616 3019 4670 decem
3053 4614 3196 4684 ignis
3222 4616 3424 4685 lampa-

1849 4700 1975 4771 des;
2005 4710 2057 4758 et
2081 4703 2220 4758 dixit
2252 4704 2302 4758 ei
2335 4725 2347 4759 :
2379 4703 2434 4759 Si
2467 4706 2569 4766 vis.
2599 4704 2813 4760 eﬂicere
2853 4711 3004 4757 totus
3043 4704 3218 4757 instar
3255 4703 3418 4772 ignis.

1919 4880 1971 4934 8.
2018 4881 2208 4937 Frater
2257 4881 2607 4952 interrogavit
2665 4881 2913 4936 abbatem
2968 4877 3268 4949 Josephum
3317 4880 3421 4934 hoc

1849 4979 2015 5042 pacto
2068 4990 2081 5026 :
2130 4975 2294 5027 Exire
2356 4973 2478 5027 volo
2528 4987 2558 5026 e
2611 4970 2861 5027 caanobio
2912 4979 2964 5026 et
3007 4969 3287 5026 solitarius
3337 4987 3429 5027 se-

1845 5061 1996 5118 dere.
2045 5062 2191 5118 Dixit
2224 5064 2273 5119 ei
2318 5078 2482 5119 senex
2519 5081 2531 5117 :
2573 5060 2673 5116 Ubi
2724 5060 2927 5117 videris
2978 5062 3214 5114 animam
3269 5070 3422 5114 tuam

1845 5154 2276 5225 requiescentem
2305 5169 2406 5209 nec
2433 5154 2635 5209 damno
2665 5152 2934 5219 affectam,
2961 5153 3032 5206 ibi
3057 5151 3254 5206 reside.
3279 5149 3422 5204 Tum

1847 5245 2018 5301 frater
2070 5246 2137 5300 ad
2173 5244 2430 5301 eum:Et
2479 5245 2533 5300 in
2593 5244 2841 5301 coenobio
2894 5242 3110 5312 quietus
3164 5255 3319 5303 sum,
3365 5243 3422 5293 et

1846 5338 2064 5409 quando
2091 5339 2243 5395 solus
2268 5338 2406 5408 dego
2429 5356 2446 5394 :
2467 5339 2614 5410 quod
2640 5353 2769 5409 ergo
2800 5335 2933 5391 mihi
2961 5331 3254 5391 consilium
3279 5331 3422 5389 (ιω

1905 5491 1950 5531 ⁸⁷
1977 5492 2062 5547 Al.
2087 5491 2419 5564 καθαριεύω.

1917 5634 2024 5705 (l0)
2069 5633 2175 5690 Vit.
2214 5631 2360 5687 Patr.
2393 5645 2488 5697 xu,
2519 5627 2571 5687 8.
