3982 6336
544 354 643 409 251

1713 342 2055 402 Al’PENDlX
2101 342 2191 397 AD
2232 342 2655 400 PALLADlUM.
3690 340 3803 399 9.59.

550 459 849 536 Respondit
887 477 1055 517 senex
1083 483 1095 517 :
1131 465 1188 517 Si
1222 466 1576 534 conquicseis
1619 473 1732 519 tum
1766 465 1820 519 in
1854 462 2124 525 ciunobio,

2244 462 2396 529 Λέγει
2438 461 2587 533 αύτῷ
2633 464 2661 515 ὁ
2702 462 2910 535 γέρων·
2950 462 3008 515 Εί
3034 460 3287 534 ἀναπαύῃ
3331 462 3410 525 είς
3450 459 3512 514 τὸ
3553 457 3826 517 κοινόϐιον

547 564 662 610 tum
711 554 1028 624 solitarius;
1075 561 1254 611 statue
1311 558 1671 627 cogitationes
1720 564 1844 611 tuas
1891 556 2038 611 velut
2071 557 2123 609 in

547 645 791 698 trutina:
825 653 879 699 et
914 645 1004 699 ubi
1046 645 1250 699 videris
1289 648 1531 701 animum
1571 658 1721 701 tuum
1756 647 1930 718 magis
1964 646 2129 717 proti-

546 748 691 794 cere.
721 750 896 805 eoque
926 736 1289 808 propendere,
1317 738 1371 791 id
1407 736 1592 792 facito.

485 841 508 853 ·
617 824 671 879 9.
700 825 950 881 Am'essit
987 842 1180 881 senum
1233 828 1529 882 nonnullus
1561 826 1626 881 ad
1657 826 1900 883 sodalem
1942 842 2125 888 suum.

547 926 605 972 ut
654 919 818 974 simul
864 919 1118 974 abbatem
1168 918 1465 990 Josepltutn
1528 920 1860 988 inviserent;
1907 930 1960 976 et
2005 921 2123 973 ait:

548 1007 789 1078 Puecipe
840 1009 1116 1079 discipulo
1169 1018 1297 1072 tuo,
1336 1020 1393 1065 ut
1422 1011 1581 1067 nobis
1628 1012 1845 1065 asinum
1894 1019 2122 1065 sternat.

546 1100 643 1156 llle
673 1119 687 1156 :
725 1099 871 1156 Voca
901 1117 1049 1166 eum,
1089 1103 1232 1173 quod
1273 1104 1511 1159 volueris
1556 1116 1904 1174 exsequetur.
1941 1103 2122 1158 Dicit:

546 1193 702 1260 Quod
753 1202 839 1250 est
872 1211 1070 1250 nomen
1103 1196 1198 1250 ei?
1227 1196 1524 1266 Respondit
1557 1216 1572 1251 :
1622 1195 1841 1252 Nescio.
1873 1196 2011 1250 Tum
2043 1198 2128 1252 al-

545 1295 667 1340 ter:
694 1286 739 1339 Δ
770 1301 1029 1356 quonam,
1054 1287 1253 1357 inquit,
1281 1295 1523 1357 tempore
1563 1295 1744 1343 tecum
1783 1289 1949 1358 degit,
1979 1287 2125 1359 quod

549 1392 746 1433 nomen
805 1377 954 1432 illius
993 1378 1283 1433 nescis?A
1326 1379 1541 1435 duobus
1586 1382 1765 1445 annis,
1810 1380 1946 1435 inﬁt.
1984 1380 2124 1435 Tum

546 1469 767 1539 excepit
821 1469 1013 1525 alius:
1051 1468 1110 1523 Si
1142 1483 1196 1524 tu
1228 1485 1324 1539 per
1366 1470 1504 1527 duos
1551 1488 1725 1527 annos
1772 1489 1877 1526 non
1927 1487 2127 1544 mgnu-

546 1557 675 1611 visti
713 1573 908 1613 nomen
954 1558 1209 1628 discipuli
1236 1560 1333 1625 tui,
1362 1576 1462 1631 ego
1494 1560 1561 1615 ad
1592 1578 1757 1616 unum
1805 1561 1949 1616 diem
1994 1560 2124 1632 quid

547 1664 687 1720 Opus
713 1651 886 1704 habeo
916 1660 974 1704 ut
1007 1649 1139 1703 illud
1172 1650 1419 1706 discam?

620 1741 705 1796 10.
736 1741 1060 1811 Congregati
1084 1752 1215 1797 sunt
1238 1743 1534 1813 aliquando
1564 1742 1765 1797 fratres
1788 1742 1930 1813 apud
1965 1741 2127 1798 abba-

2235 556 2330 606 καὶ
2359 554 2693 624 καταμόνας,
2727 553 2922 624 στῆσον
2952 555 3078 616 τοὺς
3100 552 3192 606 δύο
3215 551 3505 623 λογισμούς
3533 569 3629 605 σου
3661 553 3738 618 ὡς
3765 554 3825 606 ἐν

2236 644 2385 713 ζυγῷ
2405 662 2417 674 ·
2451 645 2546 699 καὶ
2591 646 2729 699 ὅπου
2764 644 2982 715 βλέπεις
3008 646 3088 697 ὅτι
3116 644 3317 715 μᾶλλον
3365 645 3482 697 ἐκεῖ
3522 642 3821 713 ὠφελεῖται

2235 736 2329 788 καὶ
2350 736 2576 805 κατάγει
2599 737 2628 788 ό
2650 737 2905 807 λογισμός
2938 754 3052 800 σου,
3082 735 3242 789 τοῦτο
3266 736 3511 807 ποίησον.

2304 826 2367 881 θ’.
2410 827 2694 899 Παρέλαϐέ
2728 846 2810 891 τις
2845 827 2953 881 τῶν
2986 828 3255 898 γερόντων
3287 827 3421 896 πρὸς
3458 828 3549 881 τὸν
3596 829 3814 899 ἑταῖρον

2232 917 2420 983 αὑτοῦ,
2450 919 2535 973 ἵνα
2564 918 2886 982 ἀπελθόντες
2916 917 3315 987 ἐπισκέψωνται
3359 917 3449 970 τὸν
3481 917 3653 971 ἀϐϐᾶν
3699 919 3820 970 Ἰω-

2237 1011 2372 1081 σήφ⁸
2410 1011 2504 1063 καὶ
2536 1010 2714 1079 λέγει’
2763 1010 2898 1063 Εἰπὲ
2927 1008 3003 1080 τῷ
3035 1009 3249 1080 μαθητῇ
3295 1026 3410 1073 σου,
3459 1009 3548 1063 ἵνα
3593 1010 3818 1083 στρὼσῃ

2232 1102 2361 1171 ἡμῖν
2389 1100 2480 1154 τὸν
2524 1102 2662 1155 δνον.
2694 1101 2803 1155 Καὶ
2835 1101 2982 1169 λέγει
3002 1116 3017 1130 °
3050 1099 3301 1170 Ψώνησον
3331 1099 3493 1153 αὐτόν
3513 1116 3529 1131 ο
3555 1100 3649 1153 καὶ
3684 1100 3742 1152 εί
3762 1117 3821 1152 τι

2232 1190 2405 1258 θέλεις
2454 1196 2615 1247 ποιεῖ.
2661 1192 2857 1262 Λέγει’
2893 1192 2989 1255 Τίς
3027 1190 3307 1256 καλεῖται;
3348 1190 3406 1243 '0
3438 1189 3495 1243 δὲ
3522 1189 3658 1262 ἔφη’
3699 1191 3819 1243 υύκ

2231 1280 2363 1339 οἶδα.
2394 1286 2502 1338 Καὶ
2530 1285 2678 1354 λέγει
2714 1282 2862 1355 αύτῷ
2885 1301 2898 1315 ·
2932 1281 3104 1335 Πόσον
3136 1281 3323 1352 χρόνον
3363 1280 3475 1351 ἔχει
3514 1279 3651 1351 μετὰ
3691 1278 3816 1341 σοῦ,

2230 1374 2312 1427 ὅτι
2337 1374 2437 1427 οὐκ
2463 1372 2609 1437 οἶδας
2640 1375 2701 1428 τὸ
2729 1372 2897 1443 ὄνομα
2926 1368 3121 1437 αὐτοῦς
3157 1370 3266 1424 Kal
3305 1364 3455 1423 εἶπεν
3475 1388 3490 1402 ο
3528 1370 3684 1440 Ἔχει
3717 1370 3818 1424 δύο

2231 1462 2424 1534 ἑτη.⁹0
2453 1465 2510 1519 δὲ
2542 1463 2644 1535 ἔφη
2671 1480 2684 1493 ·
2713 1463 2840 1517 El"
2866 1463 2931 1516 σὺ
2960 1460 3052 1514 δύο
3094 1460 3188 1532 ἔτη
3238 1460 3340 1514 οὐκ
3383 1457 3529 1524 οἶδας
3553 1461 3615 1514 τὸ
3639 1460 3817 1531 ὄνομα

2230 1554 2322 1607 τοῦ
2351 1554 2590 1625 μαθητοῦ
2626 1571 2742 1618 σου,
2777 1552 2887 1623 ἐγὼ
2913 1553 2991 1617 εἰς
3021 1553 3153 1624 μίαν
3178 1551 3389 1624 ἡμέραν
3413 1551 3465 1605 τί
3493 1551 3599 1623 ἔχω
3619 1552 3817 1623 χρείαν

2235 1643 2430 1714 μαθεῖν
2462 1644 2625 1709 αὑτός

2304 1739 2354 1785 ι’.
2398 1733 2747 1804 Συνήχθησαν
2776 1732 2994 1802 ἀδελφοί
3022 1749 3152 1787 ποτε
3179 1732 3315 1805 πρὸς
3352 1733 3443 1787 τὸν
3478 1732 3651 1787 ἀϐθᾶν
3688 1735 3812 1786 Ίωο

548 1843 651 1886 tein
684 1830 982 1901 Josephum
1015 1850 1028 1886 :
1061 1826 1263 1901 quibus
1290 1832 1608 1886 sedentibus
1636 1844 1800 1902 atque
1831 1834 2009 1903 ipsum
2037 1834 2121 1887 in-

2244 1825 2331 1895 Γῆφ
2352 1840 2367 1857 ⁹
2397 1824 2491 1877 καὶ
2524 1824 2848 1895 καθημένων
2889 1824 3087 1890 αύτῶν,
3116 1827 3209 1879 καὶ
3259 1823 3661 1895 ἐπερωτώντων
3706 1826 3811 1879 αὑ-

544 1923 975 1994 terrogantibus,
1018 1923 1325 1993 gaudebat;
1368 1934 1420 1979 et
1469 1923 1627 1979 laetus
1661 1924 1801 1979 dixit
1850 1924 1979 1980 eis:
2015 1924 2127 1997 Ego

547 2015 707 2068 liodie
730 2030 826 2069 rex
846 2029 1001 2079 sum;
1040 2028 1164 2067 nam
1197 2030 1363 2085 super
1385 2014 1611 2071 affectus
1641 2017 1884 2087 regnavi.

645 2105 733 2161 Η.
767 2105 1001 2161 Aiebant
1029 2104 1096 2161 de
1136 2106 1332 2162 abbate
1357 2105 1592 2177 Josepho
1611 2123 1642 2163 e
1671 2106 1946 2179 Panepho,
1982 2108 2124 2179 quod

545 2212 671 2250 cum
714 2197 828 2266 jam
870 2207 1016 2252 esset
1054 2192 1374 2265 nioriturus,
1399 2200 1714 2257 sedentibus
1752 2201 1995 2267 senibus,
2037 2203 2125 2258 in-

546 2286 777 2342 tendens
808 2288 860 2341 in
899 2290 1123 2354 ostium,
1158 2291 1435 2360 aspexerit
1466 2291 1743 2346 diabolum
1774 2293 1886 2348 illic
1930 2292 2127 2349 seden-

546 2385 692 2444 tem;
724 2384 1030 2446 vocatoque
1056 2374 1352 2449 discipulo,
1381 2378 1585 2433 dixerit
1614 2398 1628 2437 :
1662 2367 1811 2435 Aﬂ‘er
1833 2379 2123 2447 baculum;

548 2468 653 2523 iste
685 2466 831 2523 enim
861 2468 1162 2536 existimat,
1190 2485 1277 2526 me
1301 2484 1487 2525 senem
1510 2470 1739 2539 factum,
1764 2488 1874 2528 non
1891 2474 2127 2544 amplius

548 2558 603 2611 in
641 2573 766 2613 eum
799 2558 998 2614 valere.
1031 2558 1210 2631 thue
1242 2561 1495 2616 baculum
1547 2578 1713 2618 manu
1747 2565 1941 2628 tenuit,
1976 2564 2129 2622 vide-

550 2658 679 2704 runt
702 2666 860 2707 senes
890 2651 1036 2722 quod
1064 2652 1319 2709 diabolus
1346 2670 1442 2725 per
1462 2654 1710 2725 januam,
1741 2655 1915 2712 instar
1940 2658 2117 2723 canis,

547 2742 813 2798 subduxit
838 2759 918 2809 se,
946 2759 1047 2799 nec
1079 2745 1315 2815 amplius
1341 2749 1675 2818 comparuit.

1095 2858 1173 2915 De
1192 2860 1383 2915 abbate
1404 2857 1629 2916 Iacobo.

623 2968 675 3023 1.
707 2966 853 3023 Dixit
880 2968 1051 3025 abbas
1076 2966 1353 3025 Iacobus:
1385 2970 1563 3041 Maius
1582 2978 1669 3028 est
1688 2970 1958 3043 hospitem
1980 2988 2124 3039 esse,

548 3072 715 3127 quam
748 3058 1019 3127 hospitem
1047 3058 1351 3127 suscipere.
1582 3078 1613 3107 ιι

2226 1915 2341 1977 τὸν,
2371 1914 2584 1988 ἔχαιρε·
2612 1917 2706 1970 καὶ
2730 1915 3178 1989 προθυμούμενος
3202 1916 3385 1986 ἔλεγεν
3408 1917 3590 1981 αὐτοῖς
3606 1934 3619 1947 ·
3665 1917 3812 1986 Ἐγὼ

2228 2006 2480 2076 βασιλεύς
2510 2009 2623 2077 εἰμι
2649 2008 2889 2078 σήμερον
2910 2024 2924 2038 ο
2953 2007 3279 2062 ἐϐασίλευσα
3301 2007 3408 2078 γάρ
3429 2007 3522 2060 ἐπὶ
3543 2006 3612 2061 τά
3635 2008 3809 2078 πάθη.

2301 2105 2390 2154 ια’.
2436 2098 2661 2169 Ἔλεγον
2712 2100 2836 2172 περὶ
2882 2098 2977 2153 τοῦ
3008 2097 3152 2153 άϐϐᾶ
3193 2100 3391 2171 Ἰωσὴφ
3422 2100 3521 2171 τῆς
3550 2100 3810 2170 Πανεφὼ,

2226 2191 2307 2244 δτι
2338 2191 2620 2261 μέλλοντος
2654 2190 2820 2245 αὑτοῦ
2851 2191 3129 2265 τελευτᾷν,
3156 2189 3482 2263 καθημένων
3513 2192 3813 2264 γερόντων,

2226 2282 2479 2353 προσχὼν
2504 2282 2641 2354 πρὸς
2677 2282 2775 2354 τὴν
2797 2282 3008 2354 θυρίδα,
3041 2280 3149 2337 εἶδε
3162 2283 3206 2316 ⁶⁹
3236 2283 3327 2337 τὸν
3357 2283 3602 2338 διάϐολον
3636 2284 3816 2356 καθή-

2230 2391 2393 2445 μενον
2421 2374 2557 2446 πρὸς
2586 2377 2653 2446 τῇ
2689 2375 2894 2448 θυρίδι·
2938 2376 3032 2430 καὶ
3064 2376 3313 2448 φωνήσας
3338 2377 3416 2448 τῷ
3457 2376 3669 2449 μαθητῇ
3707 2379 3811 2432 αύ-

2225 2463 2339 2528 τοῦ,
2376 2463 2529 2533 ἔλεγε
2548 2482 2562 2496 ο
2598 2465 2735 2538 Φέρε
2765 2466 2863 2537 τὴν
2892 2465 3122 2538 ῥόιϐδον⁹
3150 2465 3359 2539 νομίζει
3397 2468 3505 2538 γὰρ
3544 2461 3698 2531 οὗτος
3725 2470 3813 2522 δτι

2226 2555 2493 2628 ὲγήρασα,
2538 2556 2633 2611 καὶ
2668 2557 2769 2610 οὐκ
2811 2556 2891 2611 ἔτι
2923 2557 3161 2629 δύναμαι
3198 2559 3333 2631 πρὸς
3361 2558 3544 2615 αὐτόν.
3576 2560 3690 2613 Καὶ
3732 2559 3814 2622 ὡς

2226 2644 2453 2717 κατέσχε
2486 2648 2585 2719 τὴν
2612 2647 2828 2720 ῥάϐδον,
2861 2646 2998 2703 είδον
3010 2650 3057 2681 τθ
3083 2651 3134 2702 οἱ
3161 2649 3412 2721 γέροντες
3436 2650 3518 2702 ὅτι
3542 2649 3812 2719 ὲχάλασεν

2226 2734 2414 2788 ἑαυτὸν
2434 2735 2510 2801 ὡς
2538 2736 2683 2793 κύων
2709 2737 2796 2793 διὰ
2817 2738 2918 2810 τῆς
2943 2738 3178 2812 Θυρίδος,
3211 2739 3305 2794 καὶ
3331 2739 3538 2812 ἀφανὴς
3569 2739 3809 2809 ἐγένετο.

2542 2906 2543 2909 η
2622 2851 2763 2920 Περὶ
2798 2851 2906 2907 τοῦ
2930 2851 3082 2908 ἀσσᾱ
3107 2851 3394 2909 Ἰακώϐου.

2301 2967 2370 3014 α’.
2412 2956 2582 3015 Εἶπεν
2625 2962 2654 3014 ὁ
2703 2959 2879 3025 άϐϐἄς
2919 2958 3177 3026 Ἰάκωϐος
3217 2964 3321 3030 ὅτι,
3355 2961 3555 3028 Μεῖζόν
3599 2965 3721 3020 ἔστι
3752 2966 3817 3021 τὺ

2229 3049 2528 3116 ξενιτεῦσαι
2553 3052 2706 3123 παρὰ
2736 3052 2799 3106 τὸ
2832 3052 3145 3124 ξενοδοχεῖν.

618 3148 673 3203 2.
702 3147 907 3205 Monuit
936 3149 1123 3218 etiam,
1148 3165 1272 3205 eum
1302 3149 1398 3220 qui
1426 3148 1703 3215 laudatur,
1725 3150 1924 3207 debere
1949 3166 2124 3223 repu-

2301 3141 2366 3212 β’.
2412 3142 2608 3212 Ἔλεγε
2648 3144 2832 3207 πάλιν,
2860 3144 2942 3197 δτι
2966 3144 3375 3217 ἐπαινούμενον,
3401 3146 3484 3201 δεῖ
3501 3147 3817 3215 λογίζεσθαι

546 3248 664 3294 tare
695 3248 919 3309 peccata
973 3255 1095 3306 sua,
1121 3248 1178 3298 et
1225 3241 1466 3312 cogitare
1514 3241 1657 3310 quod
1698 3256 1807 3296 non
1849 3249 2122 3297 mereatur

547 3330 738 3387 laudes
766 3331 1060 3401 ejusmodi.

613 3420 809 3493 5.(41)
856 3422 1054 3477 lterum
1104 3422 1285 3479 dixit:
1319 3421 1476 3478 Sicut
1529 3421 1753 3477 lucerna
1786 3421 1842 3477 in
1885 3421 2123 3477 obscuro

544 3510 797 3566 cubiculo
828 3511 1113 3567 collustrat
1143 3530 1157 3566 :
1192 3513 1267 3567 ita
1299 3514 1464 3568 etiam
1497 3513 1661 3567 timor
1678 3512 1773 3567 Dei
1799 3527 1923 3567 cum
1957 3528 2122 3569 vene-

550 3603 621 3657 rit
655 3602 710 3658 in
742 3616 842 3657 eor
877 3602 1140 3669 hominis,
1166 3603 1441 3659 illuminat
1470 3619 1619 3670 eum,
1646 3603 1917 3677 docetque
1949 3605 2121 3661 virtu-

550 3705 631 3749 tes
656 3703 886 3751 cunctas
915 3703 969 3750 et
1000 3694 1094 3751 Dei
1124 3694 1403 3751 mandata.

619 3787 676 3843 4.
709 3786 951 3845 Rursum
981 3788 1124 3845 hanc
1153 3790 1476 3845 sententiam
1500 3791 1728 3860 protulit
1754 3808 1768 3846 :
1793 3789 1912 3845 Non
1944 3790 2120 3846 solum

548 3877 732 3934 verbis
764 3892 905 3949 opus
941 3886 1027 3936 est.
1055 3897 1070 3934 :
1108 3878 1213 3936 hoc
1233 3880 1379 3936 enim
1403 3888 1647 3951 tempore
1677 3881 1969 3952 plurimum
1999 3896 2123 3936 ver.

549 3970 741 4026 borum
770 3979 856 4027 est
886 3971 1029 4027 inter
1083 3971 1353 4029 homines.
1390 3971 1499 4029 Sed
1533 3989 1672 4044 opus
1712 3983 1796 4030 est
1841 3988 2039 4045 opere;
2070 3972 2125 4029 id

547 4063 693 4116 enim
728 4070 812 4117 est
860 4061 1008 4132 quod
1061 4062 1366 4133 quaeritur;
1403 4077 1514 4120 non
1546 4071 1728 4120 autem
1775 4062 1964 4128 verba,
2002 4079 2126 4134 qua:

550 4152 786 4207 fructum
820 4170 928 4209 non
963 4153 1164 4213 ferunt.

1058 4266 1134 4323 De
1156 4255 1342 4325 abbate
1375 4269 1618 4326 Hierace.

621 4376 673 4431 1.
697 4374 890 4432 Frater
918 4379 1131 4447 rogavit
1156 4383 1407 4437 abbatem
1427 4385 1713 4442 Hieracem
1740 4406 1755 4442 :
1782 4385 1973 4443 Profer
1991 4386 2122 4442 mibi

2222 3231 2323 3296 τὰς
2352 3234 2625 3304 ἁμαρτίας
2660 3234 2843 3302 αὑτοῦ,
2879 3237 2970 3290 καὶ
3000 3237 3196 3291 ἐννοεῖν
3233 3239 3315 3292 ὅτι
3345 3238 3445 3292 οὐκ
3480 3239 3629 3294 ἔστιν
3661 3240 3818 3305 ἄξιος

2221 3322 2330 3377 τῶν
2357 3324 2686 3395 λεγομένων.

2292 3421 2363 3483 γ’.
2405 3411 2542 3469 Εἶπε
2568 3417 2753 3485 πάλιν,
2775 3419 2857 3473 ὅτι
2873 3421 3085 3485 Ὠσπερ
3104 3420 3293 3492 λύχνος
3313 3422 3374 3477 ὲν
3400 3422 3655 3495 σκοτεινῷ
3693 3441 3817 3478 κοι-

2222 3505 2355 3558 τῶνι
2378 3508 2624 3578 φωτίζει,
2644 3510 2817 3575 οὕτως
2851 3512 2944 3565 καὶ
2973 3513 3003 3565 ὁ
3025 3512 3190 3581 φόϐος
3211 3512 3306 3567 τοῦ
3337 3513 3495 3580 Θεοῦ,
3526 3515 3656 3569 ὅταν
3680 3515 3815 3589 ἔλθῃ

2224 3598 2304 3660 είς
2340 3600 2565 3671 καρδίαν
2599 3601 2906 3671 ἀνθρώπου,
2944 3602 3177 3671 φωτίζει
3216 3604 3397 3671 αὐτὸν,
3426 3605 3520 3658 καὶ
3567 3606 3818 3663 διδάσκει

2225 3691 2405 3754 πάσας
2431 3692 2529 3755 τὰς
2556 3693 2756 3764 ἀρετὰς
2775 3694 2871 3747 xal
2898 3694 2999 3758 τὰς
3027 3695 3247 3759 ἐντολὰς
3270 3695 3364 3749 τοῦ
3399 3696 3557 3750 Θεοῦ.

2292 3782 2355 3836 δ’.
2397 3778 2532 3836 Eius
2560 3783 2723 3839 πάλιν
2742 3802 2760 3818 ο
2794 3786 2910 3840 Οὐκ
2937 3786 3055 3840 ἐστι
3086 3788 3246 3859 χρεία
3268 3788 3446 3857 λόγων
3471 3788 3631 3859 μόνον
3648 3804 3665 3819 ο
3697 3790 3815 3843 εἰσὶ

2224 3873 2333 3946 γάρ
2361 3874 2545 3928 πολλοὶ
2575 3876 2725 3945 λόγοι
2746 3877 2806 3931 ὲν
2838 3880 2952 3943 τοῖς
2975 3878 3282 3951 ἀνθρώποις
3302 3882 3360 3935 ὲν
3385 3879 3463 3951 τῷ
3492 3878 3673 3951 καιρῷ
3692 3881 3817 3934 τού.

2225 3965 2501 4036 τφ.Ἀλλὰ
2542 3967 2701 4040 χρεία
2730 3969 2877 4023 ἐστὶν
2908 3970 3101 4042 ἔργου·
3135 3971 3267 4025 αὐτὸ
3315 3971 3423 4044 γάρ
3452 3972 3567 4024 ἐστι
3604 3971 3666 4025 τὸ
3713 3969 3814 4043 ζη-

2224 4058 2504 4129 τούμενον,
2537 4059 2632 4114 καὶ
2661 4059 2724 4113 ού
2754 4059 2924 4129 λόγοι,
2960 4060 3157 4125 οἵτινες
3191 4062 3291 4117 ούκ
3320 4061 3500 4133 έχουσι
3538 4062 3777 4133 καρπόν.

2626 4263 2767 4332 Περὶ
2795 4263 2899 4321 τοῦ
2930 4263 3080 4320 άϐὄᾶ
3120 4265 3389 4335 Ἱέρακος.

2297 4376 2365 4425 α’.
2421 4370 2670 4441 Ἀδελφδς
2702 4374 2955 4447 ἠρώτησε
2986 4377 3079 4430 τὸν
3107 4375 3282 4431 άϐϐἄν
3323 4376 3562 4450 Ἱέρακά,
3590 4378 3768 4449 λέγων
3792 4400 3807 4412 -

549 4482 879 4531 sermonem,
912 4483 1156 4537 quonam
1205 4469 1367 4523 modo
1402 4474 1588 4528 salvus
1626 4475 1792 4529 (iam?
1822 4475 2124 4549 Respondit

2244 4460 2364 4513 Εἰπέ
2394 4478 2484 4532 μοι
2521 4462 2701 4531 λόγον,
2745 4464 2864 4529 πῶς
2908 4467 3098 4534 σωθῶ;
3130 4468 3293 4538 Λέγει
3332 4469 3480 4541 αὑτῷ
3520 4472 3549 4524 ὁ
3587 4470 3769 4542 γέρων
3793 4490 3807 4501 ·

550 4560 599 4615 ei
634 4572 801 4613 senex
836 4576 849 4612 :
878 4556 1018 4612 Sede
1050 4557 1103 4611 in
1134 4559 1270 4613 cella
1296 4570 1417 4625 tua;
1449 4562 1493 4615 si
1523 4564 1804 4629 esurieris,
1834 4569 2122 4635 manduca,

548 4653 592 4709 si
626 4650 861 4714 sitieris,
893 4650 1050 4716 bibe;
1081 4648 1148 4705 ad
1180 4650 1294 4706 haec
1326 4651 1435 4706 noli
1466 4653 1533 4709 de
1567 4670 1842 4726 quoquam
1861 4660 2001 4715 male
2045 4661 2127 4715 lo-

546 4743 663 4814 qui,
702 4750 756 4797 et
791 4743 976 4799 salvus
998 4743 1129 4798 eris.

614 4833 669 4887 2.
698 4832 844 4890 Idem
890 4834 1026 4890 dixit
1059 4856 1073 4891 :
1104 4833 1393 4906 Nunquam
1443 4836 1761 4893 saecularem
1813 4853 2149 4899 sermonem‘

546 4934 639 4978 aut
667 4925 889 4995 protuli,
926 4933 1021 4979 aut
1062 4927 1207 4981 volui
1242 4926 1450 4984 audire.

946 5013 1019 5070 De
1040 5016 1226 5072 abbate
1251 5017 1456 5073 Joanne
1474 5020 1731 5077 eunucho.

622 5125 677 5178 Ι.
711 5124 894 5183 Abbas
922 5125 1163 5183 Joannes
1191 5126 1501 5196 eunuchus,
1536 5144 1661 5184 cum
1695 5139 1841 5189 esset
1878 5132 2119 5202 juvenis,

551 5231 737 5271 senem
779 5218 860 5273 sic
906 5218 1263 5288 interrogavit
1318 5237 1333 5274 :
1384 5218 1666 5286 Quomodo
1713 5238 1808 5280 vos
1862 5228 2119 5296 potuistis

551 5317 807 5374 peragere
831 5321 968 5376 opus
1004 5305 1098 5361 Dei
1128 5308 1182 5361 in
1219 5307 1449 5377 requie;
1479 5325 1580 5365 nos
1620 5326 1749 5366 vero
1779 5329 1956 5385 neque
1993 5330 2120 5372 cum

548 5386 737 5444 labore
769 5394 1098 5460 possumus?
1126 5392 1428 5466 Respondit
1454 5412 1621 5454 senex
1647 5419 1660 5455 :
1686 5398 1797 5458 Nos
1825 5403 2118 5473 valuimus,

622 5564 670 5599 ⁸³
698 5565 784 5619 Al.
819 5569 918 5632 είς.
1000 5568 1045 5602 ⁸³
1070 5569 1155 5625 Al.
1184 5572 1278 5625 ίδε.

1356 5574 1401 5607 ⁷ο
1435 5576 1515 5631 Al.
1537 5574 1670 5631 ἴδον.

623 5718 735 5791 (Μ)
779 5720 879 5775 Vit.
913 5725 1064 5777 Patr.
1106 5739 1184 5790 tu,
1221 5727 1270 5779 7.

2228 4553 2405 4612 Κάθου
2436 4561 2516 4624 είς
2539 4561 2598 4615 τὺ
2628 4561 2835 4617 κελλίον
2871 4582 2996 4618 σου·
3032 4564 3127 4619 ἐὰν
3158 4566 3369 4637 πεινᾷς,
3397 4566 3566 4636 φάγε·
3598 4567 3695 4620 ἐὰν
3728 4566 3812 4621 δι-

2225 4647 2351 4721 ψᾷς,
2377 4652 2467 4706 πίε
2486 4669 2499 4683 ⁸
2532 4654 2625 4708 καὶ
2662 4655 2738 4725 μὴ
2769 4656 3145 4731 κακολογήσῃς
3175 4657 3299 4712 τινά
3324 4673 3338 4687 °
3364 4659 3459 4712 καὶ
3493 4657 3664 4730 σώζῃ.

2298 4828 2363 4897 β’.
2415 4829 2477 4884 Ὀ
2515 4802 2675 4896 αὐτὸς
2712 4826 2887 4900 εἶπεν,
2924 4833 3006 4888 δτι
3032 4833 3299 4889 Οὐδέποτε
3343 4833 3606 4906 κοσμικδν
3651 4832 3813 4902 λόγον

2228 4918 2260 4991 ἢ
2297 4916 2469 4987 εἷπον,
2510 4922 2543 4994 ἦ
2571 4923 2811 4994 ἠθέλησα
2841 4924 3095 4980 ἀκοῦσαι.

2399 5030 2539 5100 Περὶ
2568 5032 2673 5087 τοῦ
2698 5034 2849 5090 ὰϐϐᾶ
2885 5028 3155 5090 Ἰωάννου
3184 5036 3290 5091 τοῦ
3323 5035 3649 5104 εὐνούχου.

2297 5147 2367 5193 α’.
2423 5142 2481 5195 '0
2531 5143 2706 5209 άϐϐἅς
2744 5147 2996 5219 Ἰωάννης
3037 5150 3068 5202 ὁ
3115 5149 3389 5221 εὐνοῦχος,
3424 5145 3690 5217 νεώτερος
3735 5145 3815 5199 ὢν

2226 5230 2475 5303 ἠρώτησε
2492 5235 2744 5307 γέροντα,
2772 5239 2948 5309 λέγων
2968 5256 2983 5272 ·
3007 5241 3133 5305 Πῶς
3158 5241 3319 5311 ὑμεῖς
3336 5239 3638 5311 ἠδυνήθητε
3661 5241 3815 5308 ποεῆ·

2229 5336 2320 5374 σαι
2360 5322 2422 5375 τὸ
2461 5322 2620 5394 ἔργον
2645 5327 2739 5381 τοῦ
2769 5329 2905 5382 Θεοῦ
2942 5332 3002 5385 ὲν
3038 5332 3377 5386 ἁναπαύσειο
3411 5332 3574 5403 ἡμεῖς
3597 5330 3656 5383 δὲ
3686 5330 3816 5383 οὐδὲ

2230 5412 2368 5481 μετὰ
2393 5414 2562 5470 κόπου
2598 5418 2822 5491 ποιῆσαι
2852 5422 3163 5495 δυνάμεθα;
3204 5424 3314 5478 Καὶ
3342 5422 3492 5493 λέγει
3520 5422 3553 5477 6
3586 5419 3771 5495 γέρων
3794 5434 3815 5455 ο
