3982 6336
179 290 280 348 235

1341 291 1954 355 AI‘OPIITIIEGMA'I‘A
1996 301 2303 362 PATRUM.

3325 300 3430 360 95$

187 411 378 483 Ἡμεῖς
405 408 773 480 ἠδυνήθημεν,
804 407 992 479 ἐπειδὴ
1023 406 1318 479 κεφάλαιον
1342 409 1539 483 ἔχομεν
1571 410 1633 464 τὸ
1660 410 1754 483 ερ-

1875 413 1982 484 ]uia
2033 416 2293 486 prmeipui
2342 416 2461 471 loco
2523 415 2814 470 habuimus
2857 429 2995 484 opus
3044 413 3170 481 Dei,
3216 417 3432 477 minimi

177 519 269 573 γον
302 500 396 554 τοῦ
433 498 593 566 Θεοῦ,
618 499 718 571 τὴν
767 500 824 554 δὲ
867 499 1056 571 χρείαν
1083 501 1182 572 τὴν
1213 501 1530 576 σωματικὴν
1570 502 1754 574 ἐλάχι-

180 607 331 646 στον’
377 590 539 660 ὑμεῖς
591 590 650 643 δὲ
708 591 1004 659 κεφάλαιον
1065 590 1215 661 ἔχετε
1271 593 1372 660 τὴν
1440 593 1755 665 σωματικὴν

179 679 379 752 χρείαν,
409 677 473 731 τὸ
509 678 565 731 δὲ
591 678 752 750 ἔργον
779 678 872 732 τοῦ
906 678 1042 732 Θεοῦ
1069 681 1170 733 ούκ
1195 681 1638 753 ἀναγκαιότερον.
1656 683 1755 736 Διὰ

180 771 328 826 τοῦτο
356 770 618 840 κάμνετε,
653 771 750 822 καὶ
777 768 865 823 διὰ
890 769 1050 824 τοῦτο
1075 773 1104 824 6
1135 772 1328 842 Σωτὴρ
1362 769 1482 825 εἶπε
1507 776 1620 838 τοῖς
1655 792 1756 844 μα-

183 859 395 929 θηταῖς·
443 857 858 926 Ὀλιτιόπιστοι,
899 859 1118 926 ζητεῖτε
1155 859 1390 930 πρῶτον
1429 862 1544 931 τὴν
1568 865 1753 928 βασι·

191 951 343 1005 ῖείαν
366 947 475 1002 τοῦ
516 947 686 1012 Θεοῦ,
709 947 810 1001 καὶ
841 944 1032 1004 ταῦτα
1057 951 1252 1005 πάντα
1279 953 1755 1021 προστεθήσεται

179 1041 335 1110 ὑμῖν.

244 1136 308 1206 β’.
351 1131 525 1190 Εἶπεν
563 1137 593 1190 6
633 1135 808 1200 ἀὸὄᾶς
848 1136 1122 1207 Ἰωάννης,
1151 1138 1234 1191 ὅτι
1265 1139 1294 1192 6
1327 1140 1518 1210 Πατὴρ
1545 1141 1702 1212 ἡμῶν
1727 1143 1756 1195 6

178 1226 344 1292 ἁόδᾶς
378 1227 663 1292 ’Δντώνιος
700 1225 878 1290 εἶπεν,
909 1230 993 1283 ὃτι
1027 1229 1295 1284 Οὐδέποτε
1321 1231 1381 1284 τὸ
1401 1233 1595 1286 ἑαυτοῦ
1620 1251 1757 1306 συμ-

179 1321 334 1392 φέρον
370 1320 668 1392 προέκρινα
705 1321 807 1390 τῆς
833 1320 927 1373 τοῦ
961 1321 1192 1391 ἀδελφοῦ
1223 1340 1324 1393 μου
1350 1324 1633 1394 ὠφελείας.

243 1419 311 1481 γ’.
357 1413 587 1480 Ἔλεγεν
633 1413 662 1466 6
704 1411 879 1475 ἀόὅᾶς
913 1410 1163 1483 Ἰωάννης
1196 1415 1224 1466 ό
1257 1415 1431 1487 Κίληξ
1460 1419 1489 1469 6
1520 1417 1757 1487 ήγούμε.

178 1522 262 1567 νος
285 1504 386 1572 τῆς
423 1503 662 1566 Ῥαῖθοῦ,
692 1506 804 1567 τοῖς
827 1503 1077 1572 ἀδελφοῖς
1098 1521 1112 1536 ·
1147 1505 1344 1569 Τέκνα,
1377 1507 1452 1570 ὡς
1480 1509 1755 1580 ἐφύγομεν

178 1595 263 1649 τὸν
297 1596 525 1665 κόσμον,
562 1593 824 1666 φύγωμεν
861 1594 958 1650 καὶ
1003 1596 1103 1659 τὰς
1149 1596 1441 1668 ἐπιθυμίας
1477 1599 1577 1670 τῆς
1622 1617 1756 1671 σαρ-

181 1687 270 1748 κός
289 1688 301 1740 !

243 1779 284 1830 δ’

185 1868 314 1938 μετὰ
371 1868 530 1932 ποίας
583 1868 1027 1942 σκληραγωγίας,
1064 1873 1158 1925 καὶ
1220 1872 1448 1944 ἡσυχίας
1495 1872 1758 1929 ἐκάθισαν

181 1952 295 2012 ὧδε.

245 2049 305 2105 ε’.
346 2045 481 2102 Εἷπε
515 2049 675 2103 πάλιν
696 2067 710 2080 ·
747 2050 840 2122 Μὴ
871 2049 1234 2122 ρυπὼσωμεν,
1265 2051 1452 2115 τέκνα,
1481 2053 1572 2106 τὸν
1594 2053 1759 2107 τόπον

179 2140 381 2203 τοῦτον,
412 2139 472 2193 ὃν
499 2141 547 2192 oi
586 2141 825 2213 Πατέρες
863 2140 1020 2213 ἡμῶν
1062 2141 1396 2212 ὲκαθάρισαν
1422 2142 1531 2196 ἀπὸ
1571 2142 1760 2214 δαιμό-

189 2247 282 2282 νων
289 2271 304 2285 .

249 2329 321 2386 ς’.
365 2317 501 2375 Eine
531 2322 692 2376 πάλιν
712 2339 728 2354 ο
768 2323 826 2376 Ὀ
847 2324 1010 2386 τόπος
1034 2317 1192 2388 οὗτος
1219 2324 1475 2396 ἀσκητῶν
1504 2327 1671 2389 ἐστιν,
1695 2327 1756 2379 οὐ

185 2412 635 2483 πραγματευτῶν.

322 2575 324 2577 ,
351 2530 491 2597 Περί
517 2531 622 2584 τοῦ
649 2529 798 2587 ἀϐϐᾶ
833 2531 1114 2588 Ἰωάννου
1145 2533 1264 2589 τῶν
1287 2536 1579 2592 Κελλίων.

245 2639 314 2696 α’.
355 2645 662 2714 Διηγήσατο
691 2647 719 2698 6
748 2645 921 2710 άὸϐἄς
960 2646 1212 2719 Ἰωάννης
1238 2647 1345 2702 τῶν
1373 2647 1637 2714 Κελλίων,
1670 2647 1758 2701 λέ-

181 2745 310 2799 γων,
337 2733 422 2784 ὅτι
459 2733 576 2786 Μία
620 2733 794 2806 πόρνη
825 2731 905 2807 ἦν
953 2737 1011 2790 ὲν
1048 2736 1328 2809 Αἰγύπτῳ,
1361 2739 1759 2811 εὐμορφωτὰτη

181 2823 270 2877 καὶ
315 2824 549 2877 πλουσία
598 2826 803 2898 σφόδρα
823 2845 835 2858 ·
885 2829 979 2881 καὶ
1013 2829 1064 2881 οἱ
1091 2829 1348 2900 ἄρχοντες
1374 2828 1484 2901 (42)
1530 2831 1759 2902 ἤρχοντο

181 2913 314 2986 πρὸς
369 2916 559 2987 αὐτήν.
600 2919 717 2989 Μιᾷ
766 2915 858 2972 οὖν
902 2920 1008 2973 τῶν
1046 2921 1268 2992 ἡμερῶν
1303 2921 1631 2994 εὐκαίρησεν
1667 2923 1761 2976 ἐπὶ

177 3009 272 3078 τὴν
317 3007 639 3078 ἐκκλησίαν,
676 3011 770 3064 καὶ
819 3011 1084 3082 ἠθέλησεν
1127 3012 1388 3067 εἰσελθεῖν
1434 3013 1562 3068 ἔσω.
1591 3015 1651 3070 ’0
1703 3015 1761 3068 δὲ

1857 522 1988 562 vero
2018 507 2358 578 corporalem
2410 508 2795 563 necessitatem
2830 528 2842 562 :
2877 525 2972 564 vos
3012 518 3191 565 autem
3239 513 3434 582 praeci-

1857 611 2026 666 puum
2051 599 2256 654 ducitis
2279 599 2659 655 necessitatem
2694 600 3052 669 corporalem,
3076 617 3213 671 opus
3248 612 3428 662 autem

1858 688 1950 743 Dei
1999 706 2111 744 rem
2142 691 2322 746 minus
2352 692 2739 746 necessariam.
2761 691 2888 746 Ideo
2922 693 3180 748 laboratis
3207 713 3220 750 :
3248 705 3302 750 et
3331 710 3426 751 ea-

1858 789 2078 850 propter
2126 780 2376 835 Salvator
2428 783 2711 852 discipulis
2757 784 2872 838 suis
2925 785 3064 838 dixit
3105 803 3118 838 :
3168 786 3427 843 IIomines

1857 873 2078 926 modirw
2119 873 2264 941 ﬁdei,
2293 875 2513 944 qurerite
2556 876 2787 943 primum
2833 892 3049 945 regnum
3093 877 3207 939 Dei,
3239 888 3287 931 et
3321 878 3430 934 lucc

1857 963 2034 1016 omnia
2059 961 2383 1033 adjiciantur
2416 963 2559 1018 vobis
2589 965 2654 1018 τ’.

1925 1141 1960 1193 2
2023 1140 2273 1195 Narravit
2318 1142 2490 1197 abbas
2541 1140 2800 1207 Joannes,
2845 1143 2990 1213 quod
3039 1142 3199 1198 Pater
3247 1153 3433 1202 noster

1857 1232 2029 1287 abbas
2066 1233 2337 1287 Antonius
2364 1232 2564 1288 dixerit
2593 1253 2605 1288 :
2636 1231 2926 1304 Nunquam
2971 1250 3150 1290 meum
3190 1249 3435 1291 commo-

1857 1325 1988 1379 dum
2023 1326 2247 1379 utilitati
2285 1325 2473 1381 fratris
2503 1327 2606 1382 mei
2643 1328 2874 1396 praetuli.

1927 1416 1982 1470 5.
2017 1415 2129 1486 (43)
2158 1416 2341 1472 Abbas
2365 1415 2605 1473 Joannes
2629 1417 2790 1483 Cilix,
2819 1419 3150 1489 praepositus
3183 1419 3236 1474 in
3268 1417 3436 1474 Rhai-

1857 1503 1977 1568 thu,
2022 1504 2238 1558 dicebat
2286 1506 2549 1563 fratribus
2581 1529 2592 1563 :
2620 1507 2764 1572 Filii,
2803 1511 2943 1563 sicut
2988 1509 3226 1580 fugimus
3273 1526 3436 1566 mun-

1857 1597 2010 1663 dum,
2042 1594 2318 1666 fugiamus
2349 1599 2556 1667 pariter
2583 1600 2768 1654 carnis
2796 1600 3142 1670 cupiditates.

347 1772 483 1831 Εῐπε
512 1776 674 1831 πάλιν
696 1793 709 1806 ⁶
736 1779 1120 1851 Μιμησώμεθα
1152 1780 1278 1843 τοὺς
1303 1781 1554 1853 Πατέρας
1573 1781 1754 1852 ἡμῶν·

1929 1773 1984 1827 4.
2021 1772 2135 1844 (44)
2163 1771 2310 1826 Dixit
2354 1771 2550 1827 iterum
2585 1792 2599 1827 :
2631 1774 2912 1830 Imitemur
2943 1775 3132 1834 Patres
3169 1787 3431 1837 nostros:

1859 1872 2062 1934 quanta
2093 1880 2218 1918 eum
2244 1864 2566 1920 austeritate
2598 1873 2651 1921 et
2677 1866 2857 1936 quiete
2885 1869 3203 1924 resederunt
3229 1871 3284 1925 in
3314 1872 3436 1928 loco

1860 1959 1983 2012 hoc.

1931 2051 1983 2105 5.
2019 2049 2130 2120 (45)
2162 2049 2250 2102 Ait
2300 2064 2532 2105 rursus:
2563 2047 2719 2116 Filii,
2748 2066 2815 2106 ne
2859 2054 3207 2110 sordidemus
3248 2054 3433 2112 locum

1861 2142 2048 2208 istum,
2089 2157 2250 2212 quem
2302 2140 2496 2197 Patres
2545 2143 2720 2198 nostri
2754 2159 2785 2198 a
2829 2144 3168 2202 daemonibus
3205 2146 3438 2202 munda-

1861 2241 2073 2288 verunt.

1933 2323 1984 2377 6.
2021 2321 2134 2391 (46)
2165 2323 2356 2379 Adhuc
2385 2324 2523 2380 dixit
2554 2345 2566 2380 :
2603 2325 2782 2382 Locus
2823 2327 2928 2383 iste
2973 2335 3288 2384 ascetarum
3325 2336 3432 2398 est,

1861 2429 1969 2469 non
2004 2423 2187 2470 autem
2217 2416 2640 2486 negotiatorum.

2212 2529 2288 2585 De
2328 2528 2517 2584 abbate
2548 2529 2758 2584 Joanne
2792 2530 3083 2586 Celtarum.

1925 2640 1975 2694 I.
2011 2640 2092 2694 Ad
2125 2640 2271 2695 hunc
2315 2641 2534 2696 modum
2576 2644 2819 2696 narravit
2849 2642 3092 2699 Joannes
3115 2643 3388 2700 Cellensis
3419 2663 3435 2700 :

1862 2727 1992 2784 Erat
2031 2731 2086 2784 in
2120 2730 2358 2802 .Egypto
2407 2734 2664 2788 meretrix
2709 2735 3100 2804 pulcherrima,
3143 2735 3436 2791 admodum

1862 2822 2036 2891 dives,
2058 2823 2127 2878 ad
2157 2839 2330 2894 quam
2361 2825 2549 2879 venire
2587 2825 2835 2881 solebant
2867 2827 2968 2880 viri
3001 2829 3055 2881 in
3089 2837 3358 2897 potestate
3385 2838 3441 2883 et

1861 2913 2125 2984 dignitate
2160 2914 2465 2969 constituti.
2490 2915 2734 2980 Quodam
2764 2917 2932 2988 igitur
2960 2917 3048 2973 die
3074 2920 3341 2988 processit
3369 2921 3439 2976 ad

1860 3008 2166 3073 ecclesiam,
2201 3007 2482 3077 voluitque
2529 3008 2774 3063 introire.
2806 3011 2874 3063 At
2921 3010 3291 3068 subdiaconus
3342 3015 3440 3084 qui

179 3097 555 3162 ὕποδιάκονος,
573 3099 602 3150 6
633 3101 845 3171 στήκων
883 3103 962 3164 είς
988 3103 1085 3165 τὰς
1112 3102 1299 3174 θύρας,
1326 3103 1426 3158 οὐκ
1451 3104 1632 3157 εἴασεν
1662 3105 1759 3157 αύ-

1875 3099 1928 3152 ad
1964 3106 2176 3168 portam
2226 3098 2430 3159 stabat,
2481 3113 2586 3151 non
2637 3097 2909 3168 permisit,
2949 3099 3138 3154 dicens
3180 3118 3194 3154 :
3231 3099 3446 3171 Nequa-

175 3187 292 3258 τὴν,
327 3188 542 3257 λέγων·
577 3191 690 3244 Οὐκ
732 3187 782 3244 εἷ
815 3192 939 3256 ἀξία
967 3193 1228 3246 εἰσελθεῖν
1277 3196 1356 3258 εἰς
1404 3189 1553 3248 οἶκον
1599 3194 1757 3259 Θεοῦ,

175 3279 253 3332 ὅτι
282 3279 595 3352 ἀκάθαρτος
623 3276 693 3336 εἷ.
712 3283 799 3347 Ὠς
829 3283 886 3336 δὲ
917 3285 1204 3355 ἐμάχοντο,
1227 3286 1459 3356 ἦκουσεν
1485 3289 1513 3339 6
1542 3287 1760 3340 ἐπίσκο-

176 3393 276 3440 πος
302 3375 401 3430 τοῦ
436 3377 689 3449 θορύϐου,
717 3380 809 3432 καὶ
829 3379 1040 3451 ἐξῆλθε.
1083 3381 1248 3450 Λέγει
1273 3378 1365 3437 οὖν
1391 3383 1542 3454 αύτῷ
1565 3386 1598 3455 ἡ
1626 3384 1760 3455 πόρ-

175 3482 238 3537 νη
262 3482 276 3495 ’
309 3465 424 3519 Ούκ
460 3465 610 3534 ἀφίει
655 3485 722 3537 με
755 3468 1016 3522 εἰσελθεῖν
1053 3472 1133 3534 είς
1171 3471 1269 3543 τὴν
1305 3472 1625 3543 ἐκκλησίαν.
1653 3473 1761 3526 Καὶ

175 3553 324 3623 λέγει
363 3556 502 3626 αὐτῇ
531 3555 560 3607 6
595 3555 926 3620 ἐπίσκοπος·
977 3559 1090 3611 Οὐκ
1139 3559 1316 3624 ἔξεστί
1356 3578 1437 3614 σοι
1478 3561 1760 3626 εἰσελθεῖν,

175 3648 256 3701 ὅτι
273 3646 590 3719 ἀκάθαρτος
609 3643 679 3702 εἷ.
723 3649 786 3702 Ἠ
806 3649 862 3702 δὲ
881 3654 1246 3719 κατανυγεῖσα
1268 3652 1417 3719 λέγει
1441 3653 1590 3725 αὐτῷ
1608 3671 1621 3685 ·
1649 3656 1762 3709 Οὐκ

176 3739 254 3792 ἔτι
287 3738 559 3810 πορνεύω.
588 3740 749 3808 Λέγει
795 3740 932 3812 αὐτῇ
984 3745 1013 3795 6
1051 3742 1375 3808 ἐπίσκοπος·
1424 3744 1550 3798 Ἐὰν
1591 3746 1763 3817 φέρῃς

176 3826 277 3888 ὧδε
307 3833 379 3886 τά
403 3833 666 3903 χρήματά
699 3851 813 3897 σου,
830 3828 947 3887 οἶδα
973 3835 1054 3888 ὅτι
1082 3836 1142 3887 ού
1175 3837 1458 3906 πορνεύεις
1482 3837 1580 3890 ἔτι.
1601 3839 1686 3900 Ὠς
1705 3837 1761 3890 δὲ

175 3927 376 3996 ἧνεγκε
401 3965 417 3990 ,
451 3925 630 3981 λαῦὼν
664 3925 892 3981 ἔκαυσεν
923 3928 1062 3981 αὐτὰ
1087 3927 1240 4000 πυρί.
1274 3929 1383 3982 Καὶ
1413 3927 1663 3999 εἰσῆλθεν
1683 3931 1774 4001 είς,

175 4017 272 4089 τὴν
302 4017 625 4088 ἐκκλησίαν,
645 4019 906 4074 κλαίουσα
941 4020 1036 4073 καὶ
1068 4019 1301 4089 λέγουσα
1319 4039 1332 4052 ·
1366 4022 1426 4074 Et
1454 4015 1555 4074 ὦδε
1589 4021 1763 4084 οὕτως

181 4127 268 4179 μοι
303 4110 548 4178 γέγονεν,
583 4112 698 4163 ἐκεῖ
720 4111 774 4164 τί
799 4110 907 4181 ἔχω
931 4112 1156 4173 παθεῖν;
1185 4113 1296 4167 Καὶ
1324 4114 1636 4182 μετενόησε,
1668 4113 1764 4166 καὶ

176 4201 367 4270 γέγονε
399 4201 591 4265 σκεῦος
620 4201 874 4272 ἐκλογῆς.

251 4378 318 4449 β’.
384 4375 552 4432 Εἶπεν
609 4381 638 4432 6
691 4379 865 4444 ἀδὸἆς
935 4381 1188 4452 Ἰωάννης
1246 4383 1346 4453 τῆς
1400 4381 1662 4454 Θηβαΐδος
1684 4382 1761 4414 τι.

191 4472 429 4541 Ὀφείλει
467 4474 494 4524 6
545 4473 778 4541 μοναχὸς
822 4473 928 4544 πρὸ
962 4475 1179 4527 πάντων
1210 4474 1308 4545 τὴν
1336 4476 1763 4546 ταπεινοφροσύ-

180 4581 277 4635 νην
303 4563 674 4637 κατορθῶσαι.
701 4565 848 4636 Αὕτη
875 4565 984 4637 γάρ
1012 4567 1159 4619 ἐστιν
1180 4568 1213 4637 ἡ
1237 4565 1427 4638 πρώτη
1454 4567 1642 4639 ἐντολὴ
1669 4565 1764 4620 τοῦ

179 4657 466 4728 Σωτῆρος,
494 4656 745 4725 λέγοντος
765 4673 779 4686 ο
815 4655 1104 4726 Μακάριοι
1137 4660 1192 4711 οἱ
1221 4659 1447 4726 πτωχοί
1479 4657 1559 4724 τῷ
1588 4659 1770 4713 erret}-

171 4763 339 4815 ιιατι,
374 4747 464 4800 ὅτι
489 4746 690 4803 αὐτῶν
720 4747 891 4800 ἐστιν
929 4747 968 4814 ἠ
1000 4747 1290 4811 βασιλεία
1318 4747 1436 4800 τῶν
1471 4747 1763 4817 οὐρανῶν.

267 4864 410 4933 Περὶ
440 4863 549 4917 τοῦ
581 4863 733 4919 ἁϐϐίῖ
778 4863 1081 4932 ἰσιδώρου
1111 4863 1218 4918 τοῦ
1243 4863 1674 4932 πρεσϐυτέρου.

251 4964 318 5012 α’.
358 4957 584 5025 Ἔλεγον
622 4956 872 5027 περὶτοῦ
902 4957 1045 5010 assa
1093 4956 1362 5028 Ἶσιδὼρου
1393 4955 1486 5011 τοῦ
1527 4957 1768 5028 πρεσϐυ-

247 5113 294 5146 τι
326 5113 461 5167 Al.6
491 5113 748 5185 Θηϐαῖος.

250 5225 370 5298 (42)
403 5226 804 5299 Οἱγᾶρχοντες.
835 5225 1120 5299 Principes
1151 5229 1277 5293 viri,
1306 5231 1517 5286 nobiles
1541 5245 1606 5285 ac
1633 5230 1759 5284 illu-

177 5307 345 5358 stres,
373 5298 692 5370 Optimates,
715 5299 854 5370 aula:
883 5298 1158 5370 proceres,
1189 5301 1544 5370 magistratus
1581 5301 1757 5368 majo—

174 5384 289 5428 res,
323 5375 644 5438 potestates.
675 5367 732 5422 In
781 5367 1044 5438 Conﬂictu
1085 5367 1303 5424 Αγηοὸἱῖ
1337 5381 1386 5425 et
1423 5367 1755 5438 Serapionis,

177 5447 303 5509 post
336 5437 599 5512 Irenaum
625 5453 680 5507 p.
706 5438 848 5512 527“:
882 5437 1025 5512 Pone
1053 5449 1156 5495 tres
1186 5441 1528 5512 imperatores
1559 5437 1620 5512 in
1655 5455 1758 5493 uno

176 5508 362 5576 regno,
379 5508 436 5560 in
454 5524 560 5560 una
585 5509 889 5573 concordia,
908 5508 964 5564 in
984 5526 1092 5564 una
1113 5508 1267 5572 sede,
1280 5514 1333 5564 in
1351 5528 1456 5565 una
1472 5511 1758 5572 suavitate,

175 5580 230 5650 in
255 5595 363 5631 uno
391 5578 590 5631 amoris
631 5580 848 5650 a/fectu,
879 5582 932 5633 in
965 5596 1074 5634 una
1100 5589 1392 5649 potestate:
1431 5593 1478 5634 et
1512 5595 1681 5650 quivre
1705 5581 1762 5632 in

175 5649 329 5717 ipsis,
360 5650 453 5718 qui
504 5650 734 5717 primum
775 5648 949 5703 locum
1000 5656 1276 5719 potestatis
1319 5648 1598 5706 obtineat!
1637 5649 1763 5704 Sine

175 5719 341 5771 dubio
361 5719 569 5788 quitoti
597 5730 702 5773 tres
734 5721 962 5790 Augusti
985 5730 1128 5782 sunt.
1151 5721 1251 5775 toti
1280 5731 1382 5776 tres
1420 5722 1580 5790 primi
1602 5731 1760 5774 sunt:

585 5840 853 5900 Pnnoc.
896 5833 1015 5900 (tu.
1049 5838 1232 5902 LXV.

1794 4447 1841 4502 D

1861 3204 2023 3260 quam
2069 3189 2233 3260 digna
2281 3204 2350 3244 es
2382 3199 2437 3242 ut
2475 3189 2800 3259 ingrediaris
2823 3189 2876 3243 in
2906 3189 3124 3245 domum
3164 3189 3278 3257 Dei,
3313 3191 3442 3262 quia

1862 3282 2075 3353 impura
2105 3298 2185 3337 es.
2221 3281 2354 3336 Dum
2401 3289 2581 3335 autem
2631 3289 3032 3347 concertarent,
3067 3299 3316 3339 murmur
3345 3300 3443 3339 au-

1861 3376 1995 3431 divit
2037 3376 2348 3445 episcopus,
2370 3385 2419 3430 et
2452 3389 2706 3444 egressus
2748 3384 2851 3430 est.
2883 3375 2972 3429 Ait
3001 3391 3132 3447 ergo
3162 3377 3238 3431 illi
3270 3392 3444 3433 mere-

1863 3468 1968 3523 trix
2001 3465 2161 3523 :Non
2209 3467 2342 3522 sinit
2377 3482 2461 3522 me
2512 3466 2724 3520 intrare
2770 3467 2822 3520 in
2865 3467 3172 3522 ecclesiam.
3203 3464 3342 3520 Tum
3391 3466 3442 3521 ei

1862 3559 2154 3630 episcopus
2185 3576 2200 3613 :
2232 3555 2352 3612 Non
2392 3558 2518 3612 licet
2571 3557 2666 3612 tibi
2713 3558 2960 3620 introire,
3001 3573 3128 3614 cum
3163 3558 3443 3614 immunda

1863 3649 1964 3706 sis.
1988 3649 2084 3703 Illa
2115 3664 2246 3705 vero
2272 3658 2600 3720 compuncta
2625 3648 2764 3703 dixit
2797 3651 2845 3705 ei
2878 3669 2892 3705 :
2920 3649 3039 3704 Non
3068 3651 3302 3720 amplius
3331 3650 3443 3705 for-

1864 3739 2110 3795 nicabor.
2143 3740 2320 3811 Atque
2350 3741 2418 3794 ad
2448 3757 2566 3794 eam
2596 3742 2890 3811 episcopus
2922 3759 2936 3795 :
2969 3741 3026 3794 Si
3055 3741 3308 3796 attuleris
3335 3743 3442 3797 huc

1867 3830 2152 3886 facultates
2190 3841 2345 3898 tuas,
2377 3847 2702 3902 cognoscam
2734 3845 2784 3886 te
2811 3847 2916 3886 non
2942 3832 3175 3902 amplius
3208 3832 3445 3888 fornica-

1865 3931 2066 3977 turam.
2098 3921 2200 3978 Ubi
2250 3933 2428 3978 autem
2464 3923 2668 3987 attulit,
2709 3923 3003 3991 episcopus
3039 3933 3294 3990 acceptas
3329 3923 3442 3995 igni

1866 4016 2201 4082 combussit;
2234 4016 2322 4069 illa
2355 4018 2599 4086 ingressa
2647 4023 2730 4068 est
2766 4014 2819 4068 in
2861 4012 3172 4078 ecclesiam,
3210 4010 3346 4067 nens
3375 4026 3442 4068 ac

1866 4109 2056 4163 dicens
2087 4126 2100 4162 :
2133 4107 2188 4161 Si
2221 4109 2310 4162 hic
2336 4107 2408 4160 ita
2437 4121 2650 4161 mecum
2687 4113 2868 4159 actum
2903 4111 3008 4166 est,
3049 4102 3159 4157 illic
3180 4103 3310 4173 quid
3342 4103 3442 4158 ba-

1867 4199 1969 4253 beo
2013 4199 2163 4268 pati?
2193 4197 2256 4252 Et
2298 4197 2675 4267 paenitentiam
2719 4196 2849 4265 egit,
2887 4195 3170 4266 evasitque
3201 4211 3296 4254 vas
3326 4198 3442 4254 ele-

1869 4291 2088 4346 ctionis.

1931 4383 1986 4438 2.
2015 4382 2126 4452 (47)
2161 4381 2302 4436 Dixit
2327 4381 2496 4436 abbas
2515 4378 2755 4435 Joannes
2778 4379 3073 4435 Thebaidis
3097 4398 3110 4434 :
3141 4378 3310 4437 Debet
3327 4397 3446 4438 mo-

1872 4478 2080 4532 nachus
2130 4486 2257 4531 ante
2304 4476 2486 4530 omnia
2537 4474 2862 4530 humilitatis
2919 4475 3122 4530 bonum
3173 4475 3441 4532 obtinere.

1873 4569 1987 4626 Hoc
2013 4569 2155 4624 enim
2185 4577 2270 4624 est
2295 4568 2528 4638 primum
2563 4567 2864 4623 Salvatoris
2895 4568 3234 4632 mandatum,
3267 4568 3447 4624 dicen-

1870 4663 1940 4716 tis
1974 4683 1985 4716 :
2018 4660 2170 4716 Beati
2208 4675 2458 4729 pauperes
2518 4660 2729 4728 spiritu,
2780 4660 3027 4728 quoniam
3075 4661 3310 4727 ipsorum
3368 4671 3444 4714 est

1869 4769 2081 4824 regnum
2115 4753 2363 4806 caelorum
2395 4751 2462 4804 ".

2201 4864 2281 4920 De
2309 4864 2494 4919 abbate
2526 4863 2734 4918 Isidoro
2767 4862 3088 4932 presbytero.

1935 4959 1988 5012 I.
2025 4957 2256 5012 Aiebant
2285 4956 2352 5012 de
2385 4957 2581 5010 abbate
2613 4953 2820 5009 Isidoro
2849 4955 3191 5026 presbytero,
3225 4954 3447 5011 venisse

824 5114 869 5145 '"
897 5113 1088 5167 Matth.
1118 5130 1193 5178 vt,
1216 5113 1306 5180 50,
1338 5115 1428 5172 55.
1503 5114 1551 5146 ⁷³
1573 5113 1768 5170 Matth.
1799 5132 1854 5175 ν.
1880 5115 1934 5170 5.

1867 5229 2157 5284 secundum
2189 5246 2305 5284 vero
2337 5230 2530 5292 locum,
2564 5235 2615 5282 et
2645 5235 2854 5282 tertium
2891 5227 3169 5293 potestatis
3217 5225 3443 5286 (substi-

1866 5307 1979 5369 tue,
2021 5304 2326 5365 potestates)
2363 5299 2428 5352 ab
2471 5299 2723 5369 Augustis
2757 5297 3016 5352 ordinata:
3055 5296 3340 5352 habebunt.

1962 5369 2052 5430 45)
2099 5369 2200 5423 γει.
2236 5369 2386 5422 Patr.
2423 5386 2476 5434 ι,
2511 5369 2632 5424 115.

1961 5440 2051 5507 44)
2081 5438 2304 5494 Ibidem.

1939 5509 2053 5579 (45)
2085 5508 2309 5564 Ibidem.

1965 5580 2056 5650 46)
2087 5579 2313 5650 Ibidem.

1965 5581 2056 5650 46)
2087 5581 2313 5635 Ibidem.

1942 5581 2054 5720 ΣΗ)
2097 5649 2202 5704 Vit.
2243 5649 2397 5705 Patr.
2433 5666 2522 5723 xv,
2548 5649 2648 5714 23;
2677 5651 2738 5706 L.
2775 5651 3000 5707 Doroth.
3038 5647 3302 5706 Domni].

3158 5836 3200 5896 8
