  <div class='ocr_page' id='page_1' title='image "/cluster/home/n/w/nwhite01/storage/ocr_20150623/65/hvd.32044052838166/125.png"; bbox 0 0 3994 6336; ppageno 0'>
   <div class='ocr_carea' id='block_1_1' title="bbox 519 289 624 344">
    <p class='ocr_par' dir='ltr' id='par_1_1' title="bbox 519 289 624 344">
     <span class='ocr_line' id='line_1_1' title="bbox 519 289 624 344; baseline 0.01 -1"><span class='ocrx_word' id='word_1_1' title='bbox 519 289 624 344; x_wconf 69' lang='grc'><strong>235</strong></span> 
     </span>
    </p>
   </div>
   <div class='ocr_carea' id='block_1_2' title="bbox 1676 279 2608 338">
    <p class='ocr_par' dir='ltr' id='par_1_2' title="bbox 1676 279 2608 338">
     <span class='ocr_line' id='line_1_2' title="bbox 1676 279 2608 338; baseline 0.003 -2"><span class='ocrx_word' id='word_1_2' title='bbox 1676 279 2019 336; x_wconf 77' lang='grc' dir='ltr'><strong>ΑΡΡΕΝῢΙΧ</strong></span> <span class='ocrx_word' id='word_1_3' title='bbox 2060 280 2098 334; x_wconf 79' lang='grc' dir='ltr'>Α</span> <span class='ocrx_word' id='word_1_4' title='bbox 2111 280 2149 331; x_wconf 85' lang='lat' dir='ltr'><strong>D</strong></span> <span class='ocrx_word' id='word_1_5' title='bbox 2191 279 2608 338; x_wconf 78' lang='lat' dir='ltr'><strong>PALLADIUM.</strong></span> 
     </span>
    </p>
   </div>
   <div class='ocr_carea' id='block_1_3' title="bbox 3667 285 3775 341">
    <p class='ocr_par' dir='ltr' id='par_1_3' title="bbox 3667 285 3775 341">
     <span class='ocr_line' id='line_1_3' title="bbox 3667 285 3775 341; baseline 0.019 -2"><span class='ocrx_word' id='word_1_6' title='bbox 3667 285 3775 341; x_wconf 70' lang='lat'><strong>236</strong></span> 
     </span>
    </p>
   </div>
   <div class='ocr_carea' id='block_1_4' title="bbox 520 391 2080 469">
    <p class='ocr_par' dir='ltr' id='par_1_4' title="bbox 520 394 2080 469">
     <span class='ocr_line' id='line_1_4' title="bbox 520 394 2080 469; baseline -0.005 -15"><span class='ocrx_word' id='word_1_7' title='bbox 520 397 812 469; x_wconf 77' lang='lat' dir='ltr'><strong>aliquando</strong></span> <span class='ocrx_word' id='word_1_8' title='bbox 867 396 1088 451; x_wconf 80' lang='lat' dir='ltr'><strong>fratrem</strong></span> <span class='ocrx_word' id='word_1_9' title='bbox 1139 395 1452 465; x_wconf 83' lang='lat' dir='ltr'><strong>quemdam,</strong></span> <span class='ocrx_word' id='word_1_10' title='bbox 1487 401 1547 449; x_wconf 90' lang='lat' dir='ltr'><strong>ut</strong></span> <span class='ocrx_word' id='word_1_11' title='bbox 1585 395 1838 450; x_wconf 75' lang='lat' dir='ltr'><strong>invitaret</strong></span> <span class='ocrx_word' id='word_1_12' title='bbox 1876 411 1997 448; x_wconf 85' lang='lat' dir='ltr'><strong>eum</strong></span> <span class='ocrx_word' id='word_1_13' title='bbox 2028 394 2080 446; x_wconf 72' lang='lat' dir='ltr'><strong>ac</strong></span> 
     </span>
    </p>
   </div>
   <div class='ocr_carea' id='block_1_5' title="bbox 2197 391 3772 469">
    <p class='ocr_par' dir='ltr' id='par_1_5' title="bbox 2197 391 3772 469">
     <span class='ocr_line' id='line_1_5' title="bbox 2197 391 3772 469; baseline 0.003 -22"><span class='ocrx_word' id='word_1_14' title='bbox 2197 395 2377 464; x_wconf 84' lang='grc' dir='ltr'>τέρου,</span> <span class='ocrx_word' id='word_1_15' title='bbox 2405 396 2485 448; x_wconf 82' lang='grc' dir='ltr'>ὃτι</span> <span class='ocrx_word' id='word_1_16' title='bbox 2519 391 2649 469; x_wconf 78' lang='grc' dir='ltr'>ἦλθέ</span> <span class='ocrx_word' id='word_1_17' title='bbox 2682 395 2810 449; x_wconf 85' lang='grc' dir='ltr'>ποτέ</span> <span class='ocrx_word' id='word_1_18' title='bbox 2839 413 2922 459; x_wconf 81' lang='grc' dir='ltr'><strong>τις</strong></span> <span class='ocrx_word' id='word_1_19' title='bbox 2956 395 3212 465; x_wconf 74' lang='grc' dir='ltr'>ἀδελφὸς,</span> <span class='ocrx_word' id='word_1_20' title='bbox 3256 396 3341 450; x_wconf 72' lang='grc' dir='ltr'>ἵνα</span> <span class='ocrx_word' id='word_1_21' title='bbox 3375 394 3578 469; x_wconf 71' lang='grc' dir='ltr'>καλέσῃ</span> <span class='ocrx_word' id='word_1_22' title='bbox 3613 397 3772 451; x_wconf 75' lang='grc' dir='ltr'>αὐτὸν</span> 
     </span>
    </p>
   </div>
   <div class='ocr_carea' id='block_1_6' title="bbox 523 486 2091 565">
    <p class='ocr_par' dir='ltr' id='par_1_6' title="bbox 523 486 2091 565">
     <span class='ocr_line' id='line_1_6' title="bbox 523 486 2091 565; baseline -0.006 -19"><span class='ocrx_word' id='word_1_23' title='bbox 523 491 825 565; x_wconf 81' lang='lat' dir='ltr'><strong>prandium.</strong></span> <span class='ocrx_word' id='word_1_24' title='bbox 860 489 929 544; x_wconf 69' lang='lat' dir='ltr'><strong>At</strong></span> <span class='ocrx_word' id='word_1_25' title='bbox 961 504 1124 543; x_wconf 80' lang='lat' dir='ltr'><strong>senex</strong></span> <span class='ocrx_word' id='word_1_26' title='bbox 1157 489 1327 542; x_wconf 89' lang='lat' dir='ltr'><strong>uoluit</strong></span> <span class='ocrx_word' id='word_1_27' title='bbox 1358 488 1668 558; x_wconf 85' lang='lat' dir='ltr'><strong>proficisci;</strong></span> <span class='ocrx_word' id='word_1_28' title='bbox 1696 487 1973 557; x_wconf 88' lang='lat' dir='ltr'><strong>quoniam,</strong></span> <span class='ocrx_word' id='word_1_29' title='bbox 2009 486 2091 538; x_wconf 86' lang='lat' dir='ltr'><strong>in-</strong></span> 
     </span>
    </p>
   </div>
   <div class='ocr_carea' id='block_1_7' title="bbox 519 577 2091 651">
    <p class='ocr_par' dir='ltr' id='par_1_7' title="bbox 519 577 2091 651">
     <span class='ocr_line' id='line_1_7' title="bbox 519 577 2091 651; baseline -0.003 -17"><span class='ocrx_word' id='word_1_30' title='bbox 519 583 655 651; x_wconf 87' lang='lat' dir='ltr'><strong>quit,</strong></span> <span class='ocrx_word' id='word_1_31' title='bbox 685 579 925 633; x_wconf 87' lang='lat' dir='ltr'><strong>Adamus</strong></span> <span class='ocrx_word' id='word_1_32' title='bbox 960 580 1083 635; x_wconf 85' lang='lat' dir='ltr'><strong>cibo</strong></span> <span class='ocrx_word' id='word_1_33' title='bbox 1131 579 1413 649; x_wconf 83' lang='lat' dir='ltr'><strong>deceptus,</strong></span> <span class='ocrx_word' id='word_1_34' title='bbox 1455 589 1606 633; x_wconf 80' lang='lat' dir='ltr'><strong>extra</strong></span> <span class='ocrx_word' id='word_1_35' title='bbox 1643 577 1954 648; x_wconf 82' lang='lat' dir='ltr'><strong>paradisum</strong></span> <span class='ocrx_word' id='word_1_36' title='bbox 1995 577 2091 630; x_wconf 85' lang='lat' dir='ltr'><strong>ha-</strong></span> 
     </span>
    </p>
   </div>
   <div class='ocr_carea' id='block_1_8' title="bbox 519 670 2089 742">
    <p class='ocr_par' dir='ltr' id='par_1_8' title="bbox 519 670 2089 742">
     <span class='ocr_line' id='line_1_8' title="bbox 519 670 2089 742; baseline -0.002 -15"><span class='ocrx_word' id='word_1_37' title='bbox 519 671 834 727; x_wconf 78' lang='lat' dir='ltr'><strong>bitationem</strong></span> <span class='ocrx_word' id='word_1_38' title='bbox 869 671 1098 742; x_wconf 87' lang='lat' dir='ltr'><strong>accepit.</strong></span> <span class='ocrx_word' id='word_1_39' title='bbox 1133 670 1220 724; x_wconf 91' lang='lat' dir='ltr'><strong>Ait</strong></span> <span class='ocrx_word' id='word_1_40' title='bbox 1254 672 1328 725; x_wconf 88' lang='lat' dir='ltr'><strong>illi</strong></span> <span class='ocrx_word' id='word_1_41' title='bbox 1383 671 1550 725; x_wconf 79' lang='lat' dir='ltr'><strong>frater</strong></span> <span class='ocrx_word' id='word_1_42' title='bbox 1587 689 1598 724; x_wconf 73' lang='grc' dir='ltr'>ε</span> <span class='ocrx_word' id='word_1_43' title='bbox 1639 670 1716 723; x_wconf 82' lang='grc' dir='ltr'><strong>Τιι</strong></span> <span class='ocrx_word' id='word_1_44' title='bbox 1767 670 1990 722; x_wconf 86' lang='lat' dir='ltr'><strong>omnino</strong></span> <span class='ocrx_word' id='word_1_45' title='bbox 2023 671 2089 724; x_wconf 88' lang='lat' dir='ltr'><strong>ti-</strong></span> 
     </span>
    </p>
   </div>
   <div class='ocr_carea' id='block_1_9' title="bbox 524 761 2089 834">
    <p class='ocr_par' dir='ltr' id='par_1_9' title="bbox 524 761 2089 834">
     <span class='ocr_line' id='line_1_9' title="bbox 524 761 2089 834; baseline -0.002 -16"><span class='ocrx_word' id='word_1_46' title='bbox 524 781 631 818; x_wconf 82' lang='lat' dir='ltr'><strong>&#39;nes</strong></span> <span class='ocrx_word' id='word_1_47' title='bbox 675 764 857 834; x_wconf 79' lang='lat' dir='ltr'><strong>egredi</strong></span> <span class='ocrx_word' id='word_1_48' title='bbox 901 779 931 819; x_wconf 91' lang='lat' dir='ltr'><strong>c</strong></span> <span class='ocrx_word' id='word_1_49' title='bbox 974 765 1108 819; x_wconf 82' lang='lat' dir='ltr'><strong>cella</strong></span> <span class='ocrx_word' id='word_1_50' title='bbox 1157 764 1283 817; x_wconf 83' lang='lat' dir='ltr'><strong>tua?</strong></span> <span class='ocrx_word' id='word_1_51' title='bbox 1321 767 1524 818; x_wconf 87' lang='lat' dir='ltr'><strong>Iterum</strong></span> <span class='ocrx_word' id='word_1_52' title='bbox 1578 763 1708 817; x_wconf 89' lang='lat' dir='ltr'><strong>ille:</strong></span> <span class='ocrx_word' id='word_1_53' title='bbox 1739 761 1876 826; x_wconf 86' lang='lat' dir='ltr'><strong>Fili,</strong></span> <span class='ocrx_word' id='word_1_54' title='bbox 1926 763 2089 815; x_wconf 84' lang='lat' dir='ltr'><strong>timeo</strong></span> 
     </span>
    </p>
   </div>
   <div class='ocr_carea' id='block_1_10' title="bbox 522 854 2090 924">
    <p class='ocr_par' dir='ltr' id='par_1_10' title="bbox 522 854 2090 924">
     <span class='ocr_line' id='line_1_10' title="bbox 522 854 2090 924; baseline -0.004 -13"><span class='ocrx_word' id='word_1_55' title='bbox 522 869 667 918; x_wconf 77' lang='lat' dir='ltr'><strong>sane,</strong></span> <span class='ocrx_word' id='word_1_56' title='bbox 721 855 846 924; x_wconf 87' lang='lat' dir='ltr'><strong>quia</strong></span> <span class='ocrx_word' id='word_1_57' title='bbox 896 855 1160 920; x_wconf 75' lang='lat' dir='ltr'><strong>diabolus,</strong></span> <span class='ocrx_word' id='word_1_58' title='bbox 1211 865 1460 924; x_wconf 85' lang='lat' dir='ltr'><strong>tanquam</strong></span> <span class='ocrx_word' id='word_1_59' title='bbox 1505 855 1582 908; x_wconf 88' lang='lat' dir='ltr'><strong>leo</strong></span> <span class='ocrx_word' id='word_1_60' title='bbox 1630 855 1862 924; x_wconf 78' lang='lat' dir='ltr'><strong>rugiens,</strong></span> <span class='ocrx_word' id='word_1_61' title='bbox 1900 854 2090 923; x_wconf 67' lang='lat' dir='ltr'><strong>quierit</strong></span> 
     </span>
    </p>
   </div>
   <div class='ocr_carea' id='block_1_11' title="bbox 516 947 2084 1019">
    <p class='ocr_par' dir='ltr' id='par_1_11' title="bbox 516 947 2084 1019">
     <span class='ocr_line' id='line_1_11' title="bbox 516 947 2084 1019; baseline 0 -16"><span class='ocrx_word' id='word_1_62' title='bbox 516 965 666 1018; x_wconf 87' lang='lat' dir='ltr'><strong>quem</strong></span> <span class='ocrx_word' id='word_1_63' title='bbox 700 947 906 1002; x_wconf 85' lang='lat' dir='ltr'><strong>deuoret</strong></span> <span class='ocrx_word' id='word_1_64' title='bbox 936 950 1001 1002; x_wconf 74' lang='lat'><strong>&quot;.</strong></span> <span class='ocrx_word' id='word_1_65' title='bbox 1031 947 1182 1019; x_wconf 73' lang='lat' dir='ltr'><strong>Saepe</strong></span> <span class='ocrx_word' id='word_1_66' title='bbox 1203 957 1380 1002; x_wconf 84' lang='lat' dir='ltr'><strong>autem</strong></span> <span class='ocrx_word' id='word_1_67' title='bbox 1402 949 1545 1002; x_wconf 91' lang='lat' dir='ltr'><strong>hunc</strong></span> <span class='ocrx_word' id='word_1_68' title='bbox 1561 948 1732 1003; x_wconf 89' lang='lat' dir='ltr'><strong>emisit</strong></span> <span class='ocrx_word' id='word_1_69' title='bbox 1751 963 2084 1003; x_wconf 89' lang='lat' dir='ltr'><strong>sermonem:</strong></span> 
     </span>
    </p>
   </div>
   <div class='ocr_carea' id='block_1_12' title="bbox 532 1037 2087 1109">
    <p class='ocr_par' dir='ltr' id='par_1_12' title="bbox 532 1037 2087 1109">
     <span class='ocr_line' id='line_1_12' title="bbox 532 1037 2087 1109; baseline -0.001 -19"><span class='ocrx_word' id='word_1_70' title='bbox 532 1037 588 1090; x_wconf 88' lang='lat' dir='ltr'><strong>Si</strong></span> <span class='ocrx_word' id='word_1_71' title='bbox 624 1038 747 1108; x_wconf 88' lang='lat' dir='ltr'><strong>quis</strong></span> <span class='ocrx_word' id='word_1_72' title='bbox 778 1054 834 1092; x_wconf 91' lang='lat' dir='ltr'><strong>se</strong></span> <span class='ocrx_word' id='word_1_73' title='bbox 865 1039 916 1092; x_wconf 92' lang='lat' dir='ltr'><strong>in</strong></span> <span class='ocrx_word' id='word_1_74' title='bbox 953 1039 1060 1092; x_wconf 83' lang='lat' dir='ltr'><strong>vini</strong></span> <span class='ocrx_word' id='word_1_75' title='bbox 1101 1039 1428 1109; x_wconf 88' lang='lat' dir='ltr'><strong>potationem</strong></span> <span class='ocrx_word' id='word_1_76' title='bbox 1458 1037 1690 1103; x_wconf 83' lang='lat' dir='ltr'><strong>dederit,</strong></span> <span class='ocrx_word' id='word_1_77' title='bbox 1726 1054 1833 1090; x_wconf 89' lang='lat' dir='ltr'><strong>non</strong></span> <span class='ocrx_word' id='word_1_78' title='bbox 1869 1038 2087 1106; x_wconf 72' lang='lat' dir='ltr'><strong>effugiet</strong></span> 
     </span>
    </p>
   </div>
   <div class='ocr_carea' id='block_1_13' title="bbox 525 1128 2088 1200">
    <p class='ocr_par' dir='ltr' id='par_1_13' title="bbox 525 1128 2088 1200">
     <span class='ocr_line' id='line_1_13' title="bbox 525 1128 2088 1200; baseline 0 -18"><span class='ocrx_word' id='word_1_79' title='bbox 525 1130 752 1185; x_wconf 87' lang='lat' dir='ltr'><strong>insidias</strong></span> <span class='ocrx_word' id='word_1_80' title='bbox 801 1131 1212 1200; x_wconf 82' lang='lat' dir='ltr'><strong>cogitationum.</strong></span> <span class='ocrx_word' id='word_1_81' title='bbox 1246 1129 1454 1183; x_wconf 87' lang='lat' dir='ltr'><strong>Etenim</strong></span> <span class='ocrx_word' id='word_1_82' title='bbox 1491 1129 1646 1182; x_wconf 87' lang='lat' dir='ltr'><strong>Lota</strong></span> <span class='ocrx_word' id='word_1_83' title='bbox 1709 1128 1922 1181; x_wconf 85' lang='lat' dir='ltr'><strong>liliabus</strong></span> <span class='ocrx_word' id='word_1_84' title='bbox 1972 1128 2088 1182; x_wconf 90' lang='lat' dir='ltr'><strong>suis</strong></span> 
     </span>
    </p>
   </div>
   <div class='ocr_carea' id='block_1_14' title="bbox 515 1217 2088 1287">
    <p class='ocr_par' dir='ltr' id='par_1_14' title="bbox 515 1217 2088 1287">
     <span class='ocr_line' id='line_1_14' title="bbox 515 1217 2088 1287; baseline -0.003 -13"><span class='ocrx_word' id='word_1_85' title='bbox 515 1227 760 1282; x_wconf 88' lang='lat' dir='ltr'><strong>coactus,</strong></span> <span class='ocrx_word' id='word_1_86' title='bbox 785 1220 911 1273; x_wconf 89' lang='lat' dir='ltr'><strong>vino</strong></span> <span class='ocrx_word' id='word_1_87' title='bbox 941 1220 1243 1274; x_wconf 81' lang='lat' dir='ltr'><strong>inebriatus</strong></span> <span class='ocrx_word' id='word_1_88' title='bbox 1271 1227 1373 1282; x_wconf 89' lang='lat' dir='ltr'><strong>est,</strong></span> <span class='ocrx_word' id='word_1_89' title='bbox 1404 1233 1467 1272; x_wconf 91' lang='lat' dir='ltr'><strong>ac</strong></span> <span class='ocrx_word' id='word_1_90' title='bbox 1501 1233 1598 1287; x_wconf 90' lang='lat' dir='ltr'><strong>per</strong></span> <span class='ocrx_word' id='word_1_91' title='bbox 1627 1217 1942 1271; x_wconf 89' lang='lat' dir='ltr'><strong>ebrietatem</strong></span> <span class='ocrx_word' id='word_1_92' title='bbox 1973 1217 2088 1271; x_wconf 88' lang='lat' dir='ltr'><strong>dia-</strong></span> 
     </span>
    </p>
   </div>
   <div class='ocr_carea' id='block_1_15' title="bbox 515 1303 2090 1364">
    <p class='ocr_par' dir='ltr' id='par_1_15' title="bbox 515 1303 2090 1364">
     <span class='ocr_line' id='line_1_15' title="bbox 515 1303 2090 1364; baseline -0.003 -2"><span class='ocrx_word' id='word_1_93' title='bbox 515 1309 672 1364; x_wconf 90' lang='lat' dir='ltr'><strong>bolus</strong></span> <span class='ocrx_word' id='word_1_94' title='bbox 717 1324 840 1364; x_wconf 88' lang='lat' dir='ltr'><strong>eum</strong></span> <span class='ocrx_word' id='word_1_95' title='bbox 895 1308 1051 1363; x_wconf 80' lang='lat' dir='ltr'><strong>facile</strong></span> <span class='ocrx_word' id='word_1_96' title='bbox 1102 1309 1167 1362; x_wconf 90' lang='lat' dir='ltr'><strong>ad</strong></span> <span class='ocrx_word' id='word_1_97' title='bbox 1209 1308 1493 1362; x_wconf 79' lang='lat' dir='ltr'><strong>scelestam</strong></span> <span class='ocrx_word' id='word_1_98' title='bbox 1539 1305 1952 1359; x_wconf 89' lang='lat' dir='ltr'><strong>fornicationem</strong></span> <span class='ocrx_word' id='word_1_99' title='bbox 2001 1303 2090 1358; x_wconf 89' lang='lat' dir='ltr'><strong>ad-</strong></span> 
     </span>
    </p>
   </div>
   <div class='ocr_carea' id='block_1_16' title="bbox 516 1398 698 1454">
    <p class='ocr_par' dir='ltr' id='par_1_16' title="bbox 516 1398 698 1454">
     <span class='ocr_line' id='line_1_16' title="bbox 516 1398 698 1454; baseline -0.011 0"><span class='ocrx_word' id='word_1_100' title='bbox 516 1398 698 1454; x_wconf 77' lang='lat' dir='ltr'><strong>duxit.</strong></span> 
     </span>
    </p>
   </div>
   <div class='ocr_carea' id='block_1_17' title="bbox 583 1485 2088 1557">
    <p class='ocr_par' dir='ltr' id='par_1_17' title="bbox 583 1485 2088 1557">
     <span class='ocr_line' id='line_1_17' title="bbox 583 1485 2088 1557; baseline -0.001 -16"><span class='ocrx_word' id='word_1_101' title='bbox 583 1489 637 1542; x_wconf 73' lang='lat'><strong>2.</strong></span> <span class='ocrx_word' id='word_1_102' title='bbox 676 1489 820 1542; x_wconf 79' lang='lat' dir='ltr'><strong>Dixit</strong></span> <span class='ocrx_word' id='word_1_103' title='bbox 849 1489 1020 1544; x_wconf 83' lang='lat' dir='ltr'><strong>abbas</strong></span> <span class='ocrx_word' id='word_1_104' title='bbox 1047 1488 1290 1542; x_wconf 89' lang='lat' dir='ltr'><strong>Isidorus</strong></span> <span class='ocrx_word' id='word_1_105' title='bbox 1318 1506 1331 1541; x_wconf 90' lang='lat'><strong>:</strong></span> <span class='ocrx_word' id='word_1_106' title='bbox 1365 1485 1420 1541; x_wconf 90' lang='lat' dir='ltr'><strong>Si</strong></span> <span class='ocrx_word' id='word_1_107' title='bbox 1451 1487 1604 1557; x_wconf 86' lang='lat' dir='ltr'><strong>regni</strong></span> <span class='ocrx_word' id='word_1_108' title='bbox 1641 1486 1900 1540; x_wconf 76' lang='lat' dir='ltr'><strong>ccelorum</strong></span> <span class='ocrx_word' id='word_1_109' title='bbox 1943 1486 2088 1541; x_wconf 88' lang='lat' dir='ltr'><strong>desi-</strong></span> 
     </span>
    </p>
   </div>
   <div class='ocr_carea' id='block_1_18' title="bbox 513 1573 2089 1649">
    <p class='ocr_par' dir='ltr' id='par_1_18' title="bbox 513 1573 2089 1649">
     <span class='ocr_line' id='line_1_18' title="bbox 513 1573 2089 1649; baseline 0.001 -16"><span class='ocrx_word' id='word_1_110' title='bbox 513 1573 664 1634; x_wconf 85' lang='lat' dir='ltr'><strong>derio</strong></span> <span class='ocrx_word' id='word_1_111' title='bbox 698 1581 914 1643; x_wconf 89' lang='lat' dir='ltr'><strong>teneris,</strong></span> <span class='ocrx_word' id='word_1_112' title='bbox 949 1581 1234 1649; x_wconf 86' lang='lat' dir='ltr'><strong>pecuniam</strong></span> <span class='ocrx_word' id='word_1_113' title='bbox 1279 1586 1589 1642; x_wconf 88' lang='lat' dir='ltr'><strong>contemne,</strong></span> <span class='ocrx_word' id='word_1_114' title='bbox 1623 1594 1686 1633; x_wconf 88' lang='lat' dir='ltr'><strong>ac</strong></span> <span class='ocrx_word' id='word_1_115' title='bbox 1720 1577 1960 1632; x_wconf 86' lang='lat' dir='ltr'><strong>divinam</strong></span> <span class='ocrx_word' id='word_1_116' title='bbox 2009 1594 2089 1634; x_wconf 89' lang='lat' dir='ltr'><strong>re-</strong></span> 
     </span>
    </p>
   </div>
   <div class='ocr_carea' id='block_1_19' title="bbox 515 1673 1260 1728">
    <p class='ocr_par' dir='ltr' id='par_1_19' title="bbox 515 1673 1260 1728">
     <span class='ocr_line' id='line_1_19' title="bbox 515 1673 1260 1728; baseline 0.001 -3"><span class='ocrx_word' id='word_1_117' title='bbox 515 1673 870 1728; x_wconf 82' lang='lat' dir='ltr'><strong>tributionem</strong></span> <span class='ocrx_word' id='word_1_118' title='bbox 897 1673 992 1726; x_wconf 91' lang='lat' dir='ltr'><strong>tibi</strong></span> <span class='ocrx_word' id='word_1_119' title='bbox 1025 1673 1260 1726; x_wconf 86' lang='lat' dir='ltr'><strong>vindica.</strong></span> 
     </span>
    </p>
   </div>
   <div class='ocr_carea' id='block_1_20' title="bbox 2199 484 3771 557">
    <p class='ocr_par' dir='ltr' id='par_1_20' title="bbox 2199 484 3771 557">
     <span class='ocr_line' id='line_1_20' title="bbox 2199 484 3771 557; baseline 0.004 -21"><span class='ocrx_word' id='word_1_120' title='bbox 2199 486 2280 548; x_wconf 74' lang='lat' dir='ltr'><strong>ei;</strong></span> <span class='ocrx_word' id='word_1_121' title='bbox 2308 484 2548 556; x_wconf 82' lang='grc' dir='ltr'>ἄριστον.</span> <span class='ocrx_word' id='word_1_122' title='bbox 2591 486 2650 538; x_wconf 81' lang='grc' dir='ltr'>ὐ</span> <span class='ocrx_word' id='word_1_123' title='bbox 2679 486 2736 538; x_wconf 79' lang='grc' dir='ltr'>δὲ</span> <span class='ocrx_word' id='word_1_124' title='bbox 2766 486 2942 557; x_wconf 87' lang='grc' dir='ltr'>γέρων</span> <span class='ocrx_word' id='word_1_125' title='bbox 2973 486 3074 539; x_wconf 74' lang='grc' dir='ltr'><strong>οὐκ</strong></span> <span class='ocrx_word' id='word_1_126' title='bbox 3102 487 3360 557; x_wconf 75' lang='grc' dir='ltr'>ἠνέσχετο</span> <span class='ocrx_word' id='word_1_127' title='bbox 3382 487 3660 556; x_wconf 74' lang='grc' dir='ltr'><strong>ἀπελθεῖν,</strong></span> <span class='ocrx_word' id='word_1_128' title='bbox 3688 488 3771 542; x_wconf 74' lang='grc' dir='ltr'>λέ·</span> 
     </span>
    </p>
   </div>
   <div class='ocr_carea' id='block_1_21' title="bbox 2198 575 3772 648">
    <p class='ocr_par' dir='ltr' id='par_1_21' title="bbox 2198 575 3772 648">
     <span class='ocr_line' id='line_1_21' title="bbox 2198 575 3772 648; baseline 0.004 -21"><span class='ocrx_word' id='word_1_129' title='bbox 2198 591 2330 642; x_wconf 87' lang='grc' dir='ltr'>γων,</span> <span class='ocrx_word' id='word_1_130' title='bbox 2371 577 2492 628; x_wconf 88' lang='grc' dir='ltr'>’Ὁτι</span> <span class='ocrx_word' id='word_1_131' title='bbox 2535 575 2724 646; x_wconf 74' lang='grc' dir='ltr'>Ἀδὰμ,</span> <span class='ocrx_word' id='word_1_132' title='bbox 2765 577 2843 646; x_wconf 82' lang='grc' dir='ltr'>τῷ</span> <span class='ocrx_word' id='word_1_133' title='bbox 2887 575 3134 648; x_wconf 83' lang='grc' dir='ltr'>βρώματι</span> <span class='ocrx_word' id='word_1_134' title='bbox 3167 577 3489 647; x_wconf 80' lang='grc' dir='ltr'>ἀπατηθεὶς,</span> <span class='ocrx_word' id='word_1_135' title='bbox 3538 577 3641 641; x_wconf 75' lang='grc' dir='ltr'>ἔξω</span> <span class='ocrx_word' id='word_1_136' title='bbox 3679 580 3772 634; x_wconf 83' lang='grc' dir='ltr'>τοῦ</span> 
     </span>
    </p>
   </div>
   <div class='ocr_carea' id='block_1_22' title="bbox 2200 666 3775 738">
    <p class='ocr_par' dir='ltr' id='par_1_22' title="bbox 2200 666 3775 738">
     <span class='ocr_line' id='line_1_22' title="bbox 2200 666 3775 738; baseline 0.003 -20"><span class='ocrx_word' id='word_1_137' title='bbox 2200 666 2527 737; x_wconf 80' lang='grc' dir='ltr'>παραδείσου</span> <span class='ocrx_word' id='word_1_138' title='bbox 2555 667 2806 738; x_wconf 82' lang='grc' dir='ltr'>ηὐλίσθη.</span> <span class='ocrx_word' id='word_1_139' title='bbox 2837 668 2997 736; x_wconf 86' lang='grc' dir='ltr'>Λέγει</span> <span class='ocrx_word' id='word_1_140' title='bbox 3024 667 3172 738; x_wconf 80' lang='grc' dir='ltr'>αὐτῷ</span> <span class='ocrx_word' id='word_1_141' title='bbox 3191 670 3218 722; x_wconf 98' lang='lat'><strong>6</strong></span> <span class='ocrx_word' id='word_1_142' title='bbox 3248 669 3476 738; x_wconf 78' lang='grc' dir='ltr'>ἀδελφός</span> <span class='ocrx_word' id='word_1_143' title='bbox 3499 685 3513 701; x_wconf 79' lang='grc' dir='ltr'><strong>ο</strong></span> <span class='ocrx_word' id='word_1_144' title='bbox 3540 671 3611 722; x_wconf 82' lang='grc' dir='ltr'><strong>Σὺ</strong></span> <span class='ocrx_word' id='word_1_145' title='bbox 3637 670 3775 734; x_wconf 77' lang='grc' dir='ltr'>ὅλως</span> 
     </span>
    </p>
   </div>
   <div class='ocr_carea' id='block_1_23' title="bbox 2199 754 3770 827">
    <p class='ocr_par' dir='ltr' id='par_1_23' title="bbox 2199 754 3770 827">
     <span class='ocr_line' id='line_1_23' title="bbox 2199 754 3770 827; baseline 0.001 -18"><span class='ocrx_word' id='word_1_146' title='bbox 2199 757 2335 827; x_wconf 85' lang='grc' dir='ltr'>φοϐῇ</span> <span class='ocrx_word' id='word_1_147' title='bbox 2377 757 2614 821; x_wconf 75' lang='grc' dir='ltr'>ἐξελθεῖν</span> <span class='ocrx_word' id='word_1_148' title='bbox 2647 756 2739 810; x_wconf 79' lang='grc' dir='ltr'>τοῦ</span> <span class='ocrx_word' id='word_1_149' title='bbox 2777 757 2990 810; x_wconf 85' lang='grc' dir='ltr'>κελλίου</span> <span class='ocrx_word' id='word_1_150' title='bbox 3037 761 3161 822; x_wconf 64' lang='grc' dir='ltr'>σουξ</span> <span class='ocrx_word' id='word_1_151' title='bbox 3204 758 3260 810; x_wconf 85' lang='grc' dir='ltr'>ὐ</span> <span class='ocrx_word' id='word_1_152' title='bbox 3303 758 3358 810; x_wconf 81' lang='grc' dir='ltr'>δὲ</span> <span class='ocrx_word' id='word_1_153' title='bbox 3397 757 3558 811; x_wconf 87' lang='grc' dir='ltr'>πάλιν</span> <span class='ocrx_word' id='word_1_154' title='bbox 3607 754 3729 811; x_wconf 80' lang='grc' dir='ltr'>εἷπε</span> <span class='ocrx_word' id='word_1_155' title='bbox 3756 775 3770 788; x_wconf 72' lang='grc' dir='ltr'><strong>ο</strong></span> 
     </span>
    </p>
   </div>
   <div class='ocr_carea' id='block_1_24' title="bbox 2197 846 3775 918">
    <p class='ocr_par' dir='ltr' id='par_1_24' title="bbox 2197 846 3775 918">
     <span class='ocr_line' id='line_1_24' title="bbox 2197 846 3775 918; baseline 0.004 -21"><span class='ocrx_word' id='word_1_156' title='bbox 2197 846 2417 910; x_wconf 85' lang='grc' dir='ltr'><strong>Τέκνον,</strong></span> <span class='ocrx_word' id='word_1_157' title='bbox 2446 847 2736 917; x_wconf 81' lang='grc' dir='ltr'>φοϐοῦμαι,</span> <span class='ocrx_word' id='word_1_158' title='bbox 2767 849 2847 900; x_wconf 81' lang='grc' dir='ltr'>ὅτι</span> <span class='ocrx_word' id='word_1_159' title='bbox 2874 851 2906 900; x_wconf 88' lang='grc' dir='ltr'><em>ὀ</em></span> <span class='ocrx_word' id='word_1_160' title='bbox 2939 847 3215 913; x_wconf 75' lang='grc' dir='ltr'>διάϐολος</span> <span class='ocrx_word' id='word_1_161' title='bbox 3236 849 3314 914; x_wconf 84' lang='grc' dir='ltr'><strong>ὡς</strong></span> <span class='ocrx_word' id='word_1_162' title='bbox 3341 849 3498 902; x_wconf 73' lang='grc' dir='ltr'>λέων</span> <span class='ocrx_word' id='word_1_163' title='bbox 3520 849 3775 918; x_wconf 76' lang='grc' dir='ltr'>ὠρυόμε-</span> 
     </span>
    </p>
   </div>
   <div class='ocr_carea' id='block_1_25' title="bbox 2195 937 3771 1010">
    <p class='ocr_par' dir='ltr' id='par_1_25' title="bbox 2195 937 3771 1010">
     <span class='ocr_line' id='line_1_25' title="bbox 2195 937 3771 1010; baseline 0.003 -21"><span class='ocrx_word' id='word_1_164' title='bbox 2195 953 2300 1002; x_wconf 76' lang='grc' dir='ltr'>νος</span> <span class='ocrx_word' id='word_1_165' title='bbox 2331 937 2491 1004; x_wconf 80' lang='grc' dir='ltr'>ζητεῖ</span> <span class='ocrx_word' id='word_1_166' title='bbox 2520 939 2653 992; x_wconf 71' lang='grc' dir='ltr'>τίνα</span> <span class='ocrx_word' id='word_1_167' title='bbox 2687 940 2965 1008; x_wconf 76' lang='grc' dir='ltr'>καταπίῃ.</span> <span class='ocrx_word' id='word_1_168' title='bbox 3024 940 3290 1002; x_wconf 81' lang='grc' dir='ltr'><strong>Πολλάκις</strong></span> <span class='ocrx_word' id='word_1_169' title='bbox 3330 941 3387 994; x_wconf 80' lang='grc' dir='ltr'>δὲ</span> <span class='ocrx_word' id='word_1_170' title='bbox 3423 941 3606 1010; x_wconf 74' lang='grc' dir='ltr'>ἔλεγεν</span> <span class='ocrx_word' id='word_1_171' title='bbox 3628 981 3644 1007; x_wconf 86' lang='grc'><strong>,</strong></span> <span class='ocrx_word' id='word_1_172' title='bbox 3689 943 3771 994; x_wconf 80' lang='grc' dir='ltr'>ὅτι</span> 
     </span>
    </p>
   </div>
   <div class='ocr_carea' id='block_1_26' title="bbox 2208 1029 3772 1106">
    <p class='ocr_par' dir='ltr' id='par_1_26' title="bbox 2208 1029 3772 1106">
     <span class='ocr_line' id='line_1_26' title="bbox 2208 1029 3772 1106; baseline 0.003 -25"><span class='ocrx_word' id='word_1_173' title='bbox 2208 1030 2332 1082; x_wconf 85' lang='grc' dir='ltr'>Ἐάν</span> <span class='ocrx_word' id='word_1_174' title='bbox 2358 1048 2442 1093; x_wconf 91' lang='grc' dir='ltr'><strong>τις</strong></span> <span class='ocrx_word' id='word_1_175' title='bbox 2470 1029 2544 1100; x_wconf 81' lang='grc' dir='ltr'>δῷ</span> <span class='ocrx_word' id='word_1_176' title='bbox 2567 1031 2758 1083; x_wconf 74' lang='grc' dir='ltr'>ἑαυτὸν</span> <span class='ocrx_word' id='word_1_177' title='bbox 2785 1033 2862 1093; x_wconf 80' lang='grc' dir='ltr'>εἰς</span> <span class='ocrx_word' id='word_1_178' title='bbox 2887 1032 3214 1094; x_wconf 86' lang='grc' dir='ltr'>οἰνοποσίαν,</span> <span class='ocrx_word' id='word_1_179' title='bbox 3246 1033 3307 1083; x_wconf 84' lang='grc' dir='ltr'><strong>οὐ</strong></span> <span class='ocrx_word' id='word_1_180' title='bbox 3335 1032 3407 1102; x_wconf 85' lang='grc' dir='ltr'>μὴ</span> <span class='ocrx_word' id='word_1_181' title='bbox 3435 1033 3648 1106; x_wconf 74' lang='grc' dir='ltr'>ἐκφύγῃ</span> <span class='ocrx_word' id='word_1_182' title='bbox 3671 1034 3772 1103; x_wconf 73' lang='grc' dir='ltr'><strong>τὴν</strong></span> 
     </span>
    </p>
   </div>
   <div class='ocr_carea' id='block_1_27' title="bbox 2196 1121 3773 1195">
    <p class='ocr_par' dir='ltr' id='par_1_27' title="bbox 2196 1121 3773 1195">
     <span class='ocr_line' id='line_1_27' title="bbox 2196 1121 3773 1195; baseline -0.001 -21"><span class='ocrx_word' id='word_1_183' title='bbox 2196 1121 2301 1174; x_wconf 84' lang='grc' dir='ltr'><strong>τῶν</strong></span> <span class='ocrx_word' id='word_1_184' title='bbox 2335 1121 2609 1192; x_wconf 80' lang='grc' dir='ltr'>λογισμῶν</span> <span class='ocrx_word' id='word_1_185' title='bbox 2642 1123 2948 1192; x_wconf 76' lang='grc' dir='ltr'>ἐπιϐουλήν.</span> <span class='ocrx_word' id='word_1_186' title='bbox 2981 1123 3092 1177; x_wconf 80' lang='grc' dir='ltr'><strong>Καὶ</strong></span> <span class='ocrx_word' id='word_1_187' title='bbox 3133 1123 3240 1195; x_wconf 83' lang='grc' dir='ltr'>γὰρ</span> <span class='ocrx_word' id='word_1_188' title='bbox 3281 1126 3310 1177; x_wconf 91' lang='lat'><strong>6</strong></span> <span class='ocrx_word' id='word_1_189' title='bbox 3349 1123 3494 1188; x_wconf 87' lang='grc' dir='ltr'>Λὼτ,</span> <span class='ocrx_word' id='word_1_190' title='bbox 3531 1127 3773 1192; x_wconf 67' lang='grc' dir='ltr'>ἀναγκαν</span> 
     </span>
    </p>
   </div>
   <div class='ocr_carea' id='block_1_28' title="bbox 2198 1202 3773 1286">
    <p class='ocr_par' dir='ltr' id='par_1_28' title="bbox 2198 1202 3773 1286">
     <span class='ocr_line' id='line_1_28' title="bbox 2198 1202 3773 1286; baseline 0.004 -22"><span class='ocrx_word' id='word_1_191' title='bbox 2198 1213 2343 1277; x_wconf 80' lang='grc' dir='ltr'>σθεὶς</span> <span class='ocrx_word' id='word_1_192' title='bbox 2377 1202 2481 1266; x_wconf 84' lang='grc' dir='ltr'><strong>ὑπὸ</strong></span> <span class='ocrx_word' id='word_1_193' title='bbox 2515 1214 2624 1266; x_wconf 83' lang='grc' dir='ltr'><strong>τῶν</strong></span> <span class='ocrx_word' id='word_1_194' title='bbox 2661 1214 2978 1286; x_wconf 83' lang='grc' dir='ltr'><strong>θυγατέρων</strong></span> <span class='ocrx_word' id='word_1_195' title='bbox 3028 1215 3191 1269; x_wconf 82' lang='grc' dir='ltr'>αὑτοῦ</span> <span class='ocrx_word' id='word_1_196' title='bbox 3213 1256 3226 1279; x_wconf 93' lang='grc'><strong>,</strong></span> <span class='ocrx_word' id='word_1_197' title='bbox 3263 1216 3537 1286; x_wconf 75' lang='grc' dir='ltr'><strong>ἐμεθύσθη</strong></span> <span class='ocrx_word' id='word_1_198' title='bbox 3581 1220 3643 1270; x_wconf 81' lang='grc' dir='ltr'><strong>ἐκ</strong></span> <span class='ocrx_word' id='word_1_199' title='bbox 3673 1216 3773 1271; x_wconf 78' lang='grc' dir='ltr'>τοῦ</span> 
     </span>
    </p>
   </div>
   <div class='ocr_carea' id='block_1_29' title="bbox 2195 1304 3772 1377">
    <p class='ocr_par' dir='ltr' id='par_1_29' title="bbox 2195 1304 3772 1377">
     <span class='ocr_line' id='line_1_29' title="bbox 2195 1304 3772 1377; baseline 0.003 -21"><span class='ocrx_word' id='word_1_200' title='bbox 2195 1305 2357 1369; x_wconf 78' lang='grc' dir='ltr'>οἴνου,</span> <span class='ocrx_word' id='word_1_201' title='bbox 2386 1307 2479 1358; x_wconf 76' lang='grc' dir='ltr'><strong>καὶ</strong></span> <span class='ocrx_word' id='word_1_202' title='bbox 2509 1304 2597 1358; x_wconf 85' lang='grc' dir='ltr'>διὰ</span> <span class='ocrx_word' id='word_1_203' title='bbox 2625 1306 2724 1375; x_wconf 83' lang='grc' dir='ltr'>τῆς</span> <span class='ocrx_word' id='word_1_204' title='bbox 2757 1305 2928 1376; x_wconf 84' lang='grc' dir='ltr'>μέθης</span> <span class='ocrx_word' id='word_1_205' title='bbox 2955 1305 3193 1377; x_wconf 80' lang='grc' dir='ltr'>εὐχερῶς</span> <span class='ocrx_word' id='word_1_206' title='bbox 3221 1308 3250 1359; x_wconf 89' lang='lat'><strong>6</strong></span> <span class='ocrx_word' id='word_1_207' title='bbox 3277 1306 3522 1370; x_wconf 84' lang='grc' dir='ltr'>διάϐολος</span> <span class='ocrx_word' id='word_1_208' title='bbox 3547 1308 3623 1371; x_wconf 85' lang='grc' dir='ltr'><strong>είς</strong></span> <span class='ocrx_word' id='word_1_209' title='bbox 3647 1308 3772 1361; x_wconf 79' lang='grc' dir='ltr'>ἀνο-</span> 
     </span>
    </p>
   </div>
   <div class='ocr_carea' id='block_1_30' title="bbox 2198 1395 3250 1468">
    <p class='ocr_par' dir='ltr' id='par_1_30' title="bbox 2198 1395 3250 1468">
     <span class='ocr_line' id='line_1_30' title="bbox 2198 1395 3250 1468; baseline 0.001 -22"><span class='ocrx_word' id='word_1_210' title='bbox 2198 1410 2297 1463; x_wconf 89' lang='grc' dir='ltr'><strong>μον</strong></span> <span class='ocrx_word' id='word_1_211' title='bbox 2334 1396 2590 1466; x_wconf 77' lang='grc' dir='ltr'>πορνείαν</span> <span class='ocrx_word' id='word_1_212' title='bbox 2624 1395 2786 1450; x_wconf 80' lang='grc' dir='ltr'>αὑτὸν</span> <span class='ocrx_word' id='word_1_213' title='bbox 2815 1397 3250 1468; x_wconf 79' lang='grc' dir='ltr'>παρεσκεύασεν.</span> 
     </span>
    </p>
   </div>
   <div class='ocr_carea' id='block_1_31' title="bbox 2269 1484 3771 1560">
    <p class='ocr_par' dir='ltr' id='par_1_31' title="bbox 2269 1484 3771 1560">
     <span class='ocr_line' id='line_1_31' title="bbox 2269 1484 3771 1560; baseline 0.002 -22"><span class='ocrx_word' id='word_1_214' title='bbox 2269 1486 2334 1556; x_wconf 83' lang='grc' dir='ltr'><strong>β’.</strong></span> <span class='ocrx_word' id='word_1_215' title='bbox 2366 1484 2532 1539; x_wconf 79' lang='grc' dir='ltr'>Εἶπεν</span> <span class='ocrx_word' id='word_1_216' title='bbox 2560 1489 2588 1540; x_wconf 87' lang='lat'><strong>6</strong></span> <span class='ocrx_word' id='word_1_217' title='bbox 2614 1487 2787 1551; x_wconf 82' lang='grc' dir='ltr'>ἀϐϐᾶς</span> <span class='ocrx_word' id='word_1_218' title='bbox 2849 1487 3116 1559; x_wconf 79' lang='grc' dir='ltr'><strong>Ἰσίδωρος</strong></span> <span class='ocrx_word' id='word_1_219' title='bbox 3135 1505 3149 1518; x_wconf 74' lang='grc' dir='ltr'><strong><em>ο</em></strong></span> <span class='ocrx_word' id='word_1_220' title='bbox 3196 1487 3257 1540; x_wconf 79' lang='lat' dir='ltr'><strong>Ei</strong></span> <span class='ocrx_word' id='word_1_221' title='bbox 3292 1487 3570 1559; x_wconf 79' lang='grc' dir='ltr'><strong>βασιλείας</strong></span> <span class='ocrx_word' id='word_1_222' title='bbox 3599 1488 3771 1560; x_wconf 78' lang='grc' dir='ltr'>ούρα-</span> 
     </span>
    </p>
   </div>
   <div class='ocr_carea' id='block_1_32' title="bbox 2194 1575 3772 1651">
    <p class='ocr_par' dir='ltr' id='par_1_32' title="bbox 2194 1575 3772 1651">
     <span class='ocr_line' id='line_1_32' title="bbox 2194 1575 3772 1651; baseline 0.003 -23"><span class='ocrx_word' id='word_1_223' title='bbox 2194 1575 2301 1628; x_wconf 85' lang='grc' dir='ltr'>νῶν</span> <span class='ocrx_word' id='word_1_224' title='bbox 2350 1578 2498 1646; x_wconf 76' lang='grc' dir='ltr'>ἐρᾷς,</span> <span class='ocrx_word' id='word_1_225' title='bbox 2550 1579 2850 1648; x_wconf 83' lang='grc' dir='ltr'>χρημάτων</span> <span class='ocrx_word' id='word_1_226' title='bbox 2898 1579 3256 1651; x_wconf 84' lang='grc' dir='ltr'>καταφρόνει,</span> <span class='ocrx_word' id='word_1_227' title='bbox 3319 1579 3412 1633; x_wconf 77' lang='grc' dir='ltr'>καὶ</span> <span class='ocrx_word' id='word_1_228' title='bbox 3470 1579 3570 1649; x_wconf 78' lang='grc' dir='ltr'>τῆς</span> <span class='ocrx_word' id='word_1_229' title='bbox 3617 1579 3772 1644; x_wconf 80' lang='grc' dir='ltr'>θείας</span> 
     </span>
    </p>
   </div>
   <div class='ocr_carea' id='block_1_33' title="bbox 2196 1667 2754 1737">
    <p class='ocr_par' dir='ltr' id='par_1_33' title="bbox 2196 1667 2754 1737">
     <span class='ocr_line' id='line_1_33' title="bbox 2196 1667 2754 1737; baseline 0.005 -17"><span class='ocrx_word' id='word_1_230' title='bbox 2196 1667 2426 1737; x_wconf 78' lang='grc' dir='ltr'>ἀμοιϐῆς</span> <span class='ocrx_word' id='word_1_231' title='bbox 2460 1669 2754 1723; x_wconf 83' lang='grc' dir='ltr'>ἀντιποιοῦ.</span> 
     </span>
    </p>
   </div>
   <div class='ocr_carea' id='block_1_34' title="bbox 582 1755 2080 1832">
    <p class='ocr_par' dir='ltr' id='par_1_34' title="bbox 582 1761 2080 1832">
     <span class='ocr_line' id='line_1_34' title="bbox 582 1761 2080 1832; baseline -0.003 -14"><span class='ocrx_word' id='word_1_232' title='bbox 582 1765 632 1818; x_wconf 78' lang='grc'><strong>5,</strong></span> <span class='ocrx_word' id='word_1_233' title='bbox 665 1762 810 1817; x_wconf 83' lang='lat' dir='ltr'><strong>Dixit</strong></span> <span class='ocrx_word' id='word_1_234' title='bbox 841 1765 1033 1818; x_wconf 86' lang='lat' dir='ltr'><strong>iterum</strong></span> <span class='ocrx_word' id='word_1_235' title='bbox 1067 1783 1080 1818; x_wconf 90' lang='lat'><strong>:</strong></span> <span class='ocrx_word' id='word_1_236' title='bbox 1111 1762 1252 1816; x_wconf 85' lang='lat' dir='ltr'><strong>Fieri</strong></span> <span class='ocrx_word' id='word_1_237' title='bbox 1282 1762 1470 1832; x_wconf 83' lang='lat' dir='ltr'><strong>nequit</strong></span> <span class='ocrx_word' id='word_1_238' title='bbox 1503 1770 1562 1814; x_wconf 90' lang='lat' dir='ltr'><strong>ut</strong></span> <span class='ocrx_word' id='word_1_239' title='bbox 1585 1761 1884 1816; x_wconf 88' lang='lat' dir='ltr'><strong>secundum</strong></span> <span class='ocrx_word' id='word_1_240' title='bbox 1919 1763 2080 1816; x_wconf 91' lang='lat' dir='ltr'><strong>Deum</strong></span> 
     </span>
    </p>
   </div>
   <div class='ocr_carea' id='block_1_35' title="bbox 2197 1755 3768 1832">
    <p class='ocr_par' dir='ltr' id='par_1_35' title="bbox 2260 1755 3768 1832">
     <span class='ocr_line' id='line_1_35' title="bbox 2260 1755 3768 1832; baseline 0.007 -22"><span class='ocrx_word' id='word_1_241' title='bbox 2260 1765 2326 1826; x_wconf 85' lang='grc' dir='ltr'>γ’.</span> <span class='ocrx_word' id='word_1_242' title='bbox 2366 1755 2500 1813; x_wconf 81' lang='grc' dir='ltr'>Εἷπε</span> <span class='ocrx_word' id='word_1_243' title='bbox 2535 1761 2732 1814; x_wconf 83' lang='grc' dir='ltr'>πάλιν·</span> <span class='ocrx_word' id='word_1_244' title='bbox 2784 1761 2957 1832; x_wconf 79' lang='grc' dir='ltr'>Ζῆσαί</span> <span class='ocrx_word' id='word_1_245' title='bbox 2990 1779 3048 1816; x_wconf 90' lang='grc' dir='ltr'><strong>σε</strong></span> <span class='ocrx_word' id='word_1_246' title='bbox 3093 1761 3233 1816; x_wconf 83' lang='grc' dir='ltr'>κατὰ</span> <span class='ocrx_word' id='word_1_247' title='bbox 3275 1762 3427 1827; x_wconf 82' lang='grc' dir='ltr'>Θεὸν,</span> <span class='ocrx_word' id='word_1_248' title='bbox 3483 1764 3768 1829; x_wconf 85' lang='grc' dir='ltr'>ἀδύνατον.</span> 
     </span>
    </p>
   </div>
   <div class='ocr_carea' id='block_1_36' title="bbox 511 1853 1923 1927">
    <p class='ocr_par' dir='ltr' id='par_1_36' title="bbox 511 1853 1923 1927">
     <span class='ocr_line' id='line_1_36' title="bbox 511 1853 1923 1927; baseline -0.001 -17"><span class='ocrx_word' id='word_1_249' title='bbox 511 1858 682 1920; x_wconf 80' lang='lat' dir='ltr'><strong>vivas,</strong></span> <span class='ocrx_word' id='word_1_250' title='bbox 717 1857 761 1912; x_wconf 91' lang='lat' dir='ltr'><strong>si</strong></span> <span class='ocrx_word' id='word_1_251' title='bbox 795 1857 1092 1927; x_wconf 78' lang='lat' dir='ltr'><strong>voluptatis</strong></span> <span class='ocrx_word' id='word_1_252' title='bbox 1124 1864 1218 1908; x_wconf 86' lang='lat' dir='ltr'><strong>aut</strong></span> <span class='ocrx_word' id='word_1_253' title='bbox 1241 1855 1450 1924; x_wconf 78' lang='lat' dir='ltr'><strong>argenti</strong></span> <span class='ocrx_word' id='word_1_254' title='bbox 1490 1853 1659 1907; x_wconf 89' lang='lat' dir='ltr'><strong>fueris</strong></span> <span class='ocrx_word' id='word_1_255' title='bbox 1695 1862 1923 1908; x_wconf 87' lang='lat' dir='ltr'><strong>amator.</strong></span> 
     </span>
    </p>
   </div>
   <div class='ocr_carea' id='block_1_37' title="bbox 580 1946 2082 2016">
    <p class='ocr_par' dir='ltr' id='par_1_37' title="bbox 580 1946 2082 2016">
     <span class='ocr_line' id='line_1_37' title="bbox 580 1946 2082 2016; baseline -0.001 -13"><span class='ocrx_word' id='word_1_256' title='bbox 580 1951 632 2003; x_wconf 82' lang='grc'>4.</span> <span class='ocrx_word' id='word_1_257' title='bbox 679 1948 802 2003; x_wconf 70' lang='grc' dir='ltr'>ΗιΡΟ</span> <span class='ocrx_word' id='word_1_258' title='bbox 838 1951 1001 2003; x_wconf 86' lang='lat' dir='ltr'><strong>etiam</strong></span> <span class='ocrx_word' id='word_1_259' title='bbox 1051 1949 1212 2002; x_wconf 91' lang='lat' dir='ltr'><strong>verba</strong></span> <span class='ocrx_word' id='word_1_260' title='bbox 1258 1947 1382 2001; x_wconf 86' lang='lat' dir='ltr'><strong>fecit</strong></span> <span class='ocrx_word' id='word_1_261' title='bbox 1417 1965 1430 2000; x_wconf 90' lang='lat'><strong>:</strong></span> <span class='ocrx_word' id='word_1_262' title='bbox 1465 1946 1522 2000; x_wconf 85' lang='lat' dir='ltr'><strong>Si</strong></span> <span class='ocrx_word' id='word_1_263' title='bbox 1555 1947 1790 2016; x_wconf 81' lang='lat' dir='ltr'><strong>legitime</strong></span> <span class='ocrx_word' id='word_1_264' title='bbox 1813 1946 2082 2016; x_wconf 87' lang='lat' dir='ltr'><strong>jejunium</strong></span> 
     </span>
    </p>
   </div>
   <div class='ocr_carea' id='block_1_38' title="bbox 512 2034 2084 2107">
    <p class='ocr_par' dir='ltr' id='par_1_38' title="bbox 512 2034 2084 2107">
     <span class='ocr_line' id='line_1_38' title="bbox 512 2034 2084 2107; baseline 0 -17"><span class='ocrx_word' id='word_1_265' title='bbox 512 2040 804 2102; x_wconf 88' lang='lat' dir='ltr'><strong>exercetis,</strong></span> <span class='ocrx_word' id='word_1_266' title='bbox 850 2039 1019 2092; x_wconf 92' lang='lat' dir='ltr'><strong>nolite</strong></span> <span class='ocrx_word' id='word_1_267' title='bbox 1067 2037 1323 2107; x_wconf 84' lang='lat' dir='ltr'><strong>superbia</strong></span> <span class='ocrx_word' id='word_1_268' title='bbox 1377 2034 1553 2089; x_wconf 90' lang='lat' dir='ltr'><strong>inllari</strong></span> <span class='ocrx_word' id='word_1_269' title='bbox 1593 2053 1606 2088; x_wconf 90' lang='lat'><em>:</em></span> <span class='ocrx_word' id='word_1_270' title='bbox 1645 2034 1790 2104; x_wconf 88' lang='lat' dir='ltr'><strong>quod</strong></span> <span class='ocrx_word' id='word_1_271' title='bbox 1837 2036 1883 2089; x_wconf 91' lang='lat' dir='ltr'><strong>si</strong></span> <span class='ocrx_word' id='word_1_272' title='bbox 1927 2037 1979 2088; x_wconf 92' lang='lat' dir='ltr'><strong>in</strong></span> <span class='ocrx_word' id='word_1_273' title='bbox 2018 2050 2084 2090; x_wconf 92' lang='lat' dir='ltr'><strong>eo</strong></span> 
     </span>
    </p>
   </div>
   <div class='ocr_carea' id='block_1_39' title="bbox 509 2124 2084 2200">
    <p class='ocr_par' dir='ltr' id='par_1_39' title="bbox 509 2124 2084 2200">
     <span class='ocr_line' id='line_1_39' title="bbox 509 2124 2084 2200; baseline -0.003 -18"><span class='ocrx_word' id='word_1_274' title='bbox 509 2130 859 2200; x_wconf 72' lang='lat' dir='ltr'><strong>gloriamini,</strong></span> <span class='ocrx_word' id='word_1_275' title='bbox 925 2129 1107 2199; x_wconf 86' lang='lat' dir='ltr'><strong>potius</strong></span> <span class='ocrx_word' id='word_1_276' title='bbox 1166 2141 1383 2180; x_wconf 89' lang='lat' dir='ltr'><strong>carnem</strong></span> <span class='ocrx_word' id='word_1_277' title='bbox 1445 2126 1790 2181; x_wconf 84' lang='lat' dir='ltr'><strong>manducate.</strong></span> <span class='ocrx_word' id='word_1_278' title='bbox 1854 2124 2084 2179; x_wconf 60' lang='lat' dir='ltr'><strong>Priestat</strong></span> 
     </span>
    </p>
   </div>
   <div class='ocr_carea' id='block_1_40' title="bbox 508 2217 2087 2286">
    <p class='ocr_par' dir='ltr' id='par_1_40' title="bbox 508 2217 2087 2286">
     <span class='ocr_line' id='line_1_40' title="bbox 508 2217 2087 2286; baseline -0.003 -13"><span class='ocrx_word' id='word_1_279' title='bbox 508 2221 654 2273; x_wconf 90' lang='lat' dir='ltr'><strong>enim</strong></span> <span class='ocrx_word' id='word_1_280' title='bbox 684 2228 744 2273; x_wconf 89' lang='lat' dir='ltr'><strong>ut</strong></span> <span class='ocrx_word' id='word_1_281' title='bbox 771 2219 932 2273; x_wconf 90' lang='lat' dir='ltr'><strong>homo</strong></span> <span class='ocrx_word' id='word_1_282' title='bbox 953 2218 1206 2284; x_wconf 82' lang='lat' dir='ltr'><strong>comedat</strong></span> <span class='ocrx_word' id='word_1_283' title='bbox 1245 2230 1462 2281; x_wconf 90' lang='lat' dir='ltr'><strong>carnes,</strong></span> <span class='ocrx_word' id='word_1_284' title='bbox 1494 2231 1656 2286; x_wconf 91' lang='lat' dir='ltr'><strong>quam</strong></span> <span class='ocrx_word' id='word_1_285' title='bbox 1685 2217 1939 2286; x_wconf 86' lang='lat' dir='ltr'><strong>superbia</strong></span> <span class='ocrx_word' id='word_1_286' title='bbox 1967 2223 2087 2269; x_wconf 84' lang='lat' dir='ltr'><strong>tur-</strong></span> 
     </span>
    </p>
   </div>
   <div class='ocr_carea' id='block_1_41' title="bbox 508 2304 1284 2384">
    <p class='ocr_par' dir='ltr' id='par_1_41' title="bbox 508 2304 1284 2384">
     <span class='ocr_line' id='line_1_41' title="bbox 508 2304 1284 2384; baseline -0.01 -15"><span class='ocrx_word' id='word_1_287' title='bbox 508 2304 713 2384; x_wconf 55' lang='lat' dir='ltr'><strong>geat&#39;et</strong></span> <span class='ocrx_word' id='word_1_288' title='bbox 745 2313 917 2384; x_wconf 77' lang='lat' dir='ltr'><strong>gloria</strong></span> <span class='ocrx_word' id='word_1_289' title='bbox 949 2311 1174 2366; x_wconf 76' lang='lat' dir='ltr'><strong>extollat</strong></span> <span class='ocrx_word' id='word_1_290' title='bbox 1205 2325 1284 2364; x_wconf 88' lang='lat' dir='ltr'><strong>se.</strong></span> 
     </span>
    </p>
   </div>
   <div class='ocr_carea' id='block_1_42' title="bbox 581 2400 2083 2471">
    <p class='ocr_par' dir='ltr' id='par_1_42' title="bbox 581 2400 2083 2471">
     <span class='ocr_line' id='line_1_42' title="bbox 581 2400 2083 2471; baseline -0.004 -11"><span class='ocrx_word' id='word_1_291' title='bbox 581 2404 636 2460; x_wconf 84' lang='lat'><strong>5.</strong></span> <span class='ocrx_word' id='word_1_292' title='bbox 667 2404 861 2458; x_wconf 86' lang='lat' dir='ltr'><strong>Adhuc</strong></span> <span class='ocrx_word' id='word_1_293' title='bbox 905 2403 1044 2457; x_wconf 85' lang='lat' dir='ltr'><strong>dixit</strong></span> <span class='ocrx_word' id='word_1_294' title='bbox 1076 2420 1088 2454; x_wconf 95' lang='lat'>:</span> <span class='ocrx_word' id='word_1_295' title='bbox 1119 2400 1346 2471; x_wconf 82' lang='lat' dir='ltr'><strong>Oportet</strong></span> <span class='ocrx_word' id='word_1_296' title='bbox 1383 2409 1439 2454; x_wconf 90' lang='lat' dir='ltr'><strong>ut</strong></span> <span class='ocrx_word' id='word_1_297' title='bbox 1465 2401 1718 2471; x_wconf 84' lang='lat' dir='ltr'><strong>discipuli</strong></span> <span class='ocrx_word' id='word_1_298' title='bbox 1756 2416 1912 2455; x_wconf 76' lang='lat' dir='ltr'><strong>veros</strong></span> <span class='ocrx_word' id='word_1_299' title='bbox 1949 2416 2083 2470; x_wconf 71' lang='lat' dir='ltr'><strong>prae-</strong></span> 
     </span>
    </p>
   </div>
   <div class='ocr_carea' id='block_1_43' title="bbox 510 2493 2084 2566">
    <p class='ocr_par' dir='ltr' id='par_1_43' title="bbox 510 2493 2084 2566">
     <span class='ocr_line' id='line_1_43' title="bbox 510 2493 2084 2566; baseline -0.003 -16"><span class='ocrx_word' id='word_1_300' title='bbox 510 2503 771 2566; x_wconf 87' lang='lat' dir='ltr'><strong>ceptores</strong></span> <span class='ocrx_word' id='word_1_301' title='bbox 820 2503 932 2548; x_wconf 90' lang='lat' dir='ltr'><strong>tum</strong></span> <span class='ocrx_word' id='word_1_302' title='bbox 977 2502 1232 2563; x_wconf 85' lang='lat' dir='ltr'><strong>tanquam</strong></span> <span class='ocrx_word' id='word_1_303' title='bbox 1283 2503 1466 2560; x_wconf 87' lang='lat' dir='ltr'><strong>patres</strong></span> <span class='ocrx_word' id='word_1_304' title='bbox 1511 2501 1728 2556; x_wconf 89' lang='lat' dir='ltr'><strong>ament,</strong></span> <span class='ocrx_word' id='word_1_305' title='bbox 1781 2500 1892 2545; x_wconf 90' lang='lat' dir='ltr'><strong>tum</strong></span> <span class='ocrx_word' id='word_1_306' title='bbox 1936 2493 2084 2546; x_wconf 85' lang='lat' dir='ltr'><strong>velut</strong></span> 
     </span>
    </p>
   </div>
   <div class='ocr_carea' id='block_1_44' title="bbox 507 2584 2082 2659">
    <p class='ocr_par' dir='ltr' id='par_1_44' title="bbox 507 2584 2082 2659">
     <span class='ocr_line' id='line_1_44' title="bbox 507 2584 2082 2659; baseline -0.003 -17"><span class='ocrx_word' id='word_1_307' title='bbox 507 2589 782 2659; x_wconf 85' lang='lat' dir='ltr'><strong>principes</strong></span> <span class='ocrx_word' id='word_1_308' title='bbox 811 2588 1081 2655; x_wconf 84' lang='lat' dir='ltr'><strong>timeant;</strong></span> <span class='ocrx_word' id='word_1_309' title='bbox 1119 2594 1171 2641; x_wconf 90' lang='lat' dir='ltr'><strong>et</strong></span> <span class='ocrx_word' id='word_1_310' title='bbox 1202 2601 1302 2641; x_wconf 90' lang='lat' dir='ltr'><strong>nec</strong></span> <span class='ocrx_word' id='word_1_311' title='bbox 1347 2593 1569 2657; x_wconf 86' lang='lat' dir='ltr'><strong>prepter</strong></span> <span class='ocrx_word' id='word_1_312' title='bbox 1605 2585 1979 2647; x_wconf 89' lang='lat' dir='ltr'><strong>dilectionem,</strong></span> <span class='ocrx_word' id='word_1_313' title='bbox 2011 2584 2082 2638; x_wconf 90' lang='lat' dir='ltr'><strong>ti-</strong></span> 
     </span>
    </p>
   </div>
   <div class='ocr_carea' id='block_1_45' title="bbox 509 2675 2081 2748">
    <p class='ocr_par' dir='ltr' id='par_1_45' title="bbox 509 2675 2081 2748">
     <span class='ocr_line' id='line_1_45' title="bbox 509 2675 2081 2748; baseline -0.002 -17"><span class='ocrx_word' id='word_1_314' title='bbox 509 2692 716 2732; x_wconf 91' lang='lat' dir='ltr'><strong>morem</strong></span> <span class='ocrx_word' id='word_1_315' title='bbox 743 2678 1047 2744; x_wconf 90' lang='lat' dir='ltr'><strong>remittant,</strong></span> <span class='ocrx_word' id='word_1_316' title='bbox 1069 2693 1167 2732; x_wconf 92' lang='lat' dir='ltr'><strong>nec</strong></span> <span class='ocrx_word' id='word_1_317' title='bbox 1190 2684 1416 2748; x_wconf 88' lang='lat' dir='ltr'><strong>propter</strong></span> <span class='ocrx_word' id='word_1_318' title='bbox 1437 2677 1710 2740; x_wconf 87' lang='lat' dir='ltr'><strong>timorem,</strong></span> <span class='ocrx_word' id='word_1_319' title='bbox 1732 2675 2081 2730; x_wconf 88' lang='lat' dir='ltr'><strong>dilectionem</strong></span> 
     </span>
    </p>
   </div>
   <div class='ocr_carea' id='block_1_46' title="bbox 505 2771 827 2826">
    <p class='ocr_par' dir='ltr' id='par_1_46' title="bbox 505 2771 827 2826">
     <span class='ocr_line' id='line_1_46' title="bbox 505 2771 827 2826; baseline 0 -2"><span class='ocrx_word' id='word_1_320' title='bbox 505 2771 827 2826; x_wconf 86' lang='lat' dir='ltr'><strong>obscurent.</strong></span> 
     </span>
    </p>
   </div>
   <div class='ocr_carea' id='block_1_47' title="bbox 572 2859 2081 2931">
    <p class='ocr_par' dir='ltr' id='par_1_47' title="bbox 572 2859 2081 2931">
     <span class='ocr_line' id='line_1_47' title="bbox 572 2859 2081 2931; baseline -0.001 -15"><span class='ocrx_word' id='word_1_321' title='bbox 572 2860 625 2916; x_wconf 88' lang='grc'><strong>6.</strong></span> <span class='ocrx_word' id='word_1_322' title='bbox 658 2860 803 2916; x_wconf 80' lang='lat' dir='ltr'><strong>Dixit</strong></span> <span class='ocrx_word' id='word_1_323' title='bbox 833 2869 1093 2931; x_wconf 69' lang='lat' dir='ltr'><strong>praeterea</strong></span> <span class='ocrx_word' id='word_1_324' title='bbox 1131 2878 1143 2912; x_wconf 87' lang='lat'>:</span> <span class='ocrx_word' id='word_1_325' title='bbox 1181 2859 1237 2913; x_wconf 89' lang='lat' dir='ltr'><strong>Si</strong></span> <span class='ocrx_word' id='word_1_326' title='bbox 1268 2859 1501 2915; x_wconf 89' lang='lat' dir='ltr'><strong>salutem</strong></span> <span class='ocrx_word' id='word_1_327' title='bbox 1537 2860 1852 2923; x_wconf 89' lang='lat' dir='ltr'><strong>desideras,</strong></span> <span class='ocrx_word' id='word_1_328' title='bbox 1881 2869 2081 2916; x_wconf 90' lang='lat' dir='ltr'><strong>cuncta</strong></span> 
     </span>
    </p>
   </div>
   <div class='ocr_carea' id='block_1_48' title="bbox 506 2949 1630 3023">
    <p class='ocr_par' dir='ltr' id='par_1_48' title="bbox 506 2949 1630 3023">
     <span class='ocr_line' id='line_1_48' title="bbox 506 2949 1630 3023; baseline -0.002 -17"><span class='ocrx_word' id='word_1_329' title='bbox 506 2951 674 3006; x_wconf 89' lang='lat' dir='ltr'><strong>facito</strong></span> <span class='ocrx_word' id='word_1_330' title='bbox 704 2967 826 3023; x_wconf 65' lang='lat' dir='ltr'><strong>qua:</strong></span> <span class='ocrx_word' id='word_1_331' title='bbox 859 2960 910 3006; x_wconf 92' lang='lat' dir='ltr'><strong>te</strong></span> <span class='ocrx_word' id='word_1_332' title='bbox 941 2952 1004 3006; x_wconf 83' lang='lat' dir='ltr'><strong>ad</strong></span> <span class='ocrx_word' id='word_1_333' title='bbox 1031 2951 1177 3005; x_wconf 88' lang='lat' dir='ltr'><strong>illam</strong></span> <span class='ocrx_word' id='word_1_334' title='bbox 1213 2949 1446 3004; x_wconf 90' lang='lat' dir='ltr'><strong>ductura</strong></span> <span class='ocrx_word' id='word_1_335' title='bbox 1481 2958 1630 3006; x_wconf 90' lang='lat' dir='ltr'><strong>sunt.</strong></span> 
     </span>
    </p>
   </div>
   <div class='ocr_carea' id='block_1_49' title="bbox 574 3041 2076 3114">
    <p class='ocr_par' dir='ltr' id='par_1_49' title="bbox 574 3041 2076 3114">
     <span class='ocr_line' id='line_1_49' title="bbox 574 3041 2076 3114; baseline 0 -16"><span class='ocrx_word' id='word_1_336' title='bbox 574 3045 628 3099; x_wconf 88' lang='lat'><strong>7.</strong></span> <span class='ocrx_word' id='word_1_337' title='bbox 663 3045 773 3114; x_wconf 71' lang='grc'><strong>(48)</strong></span> <span class='ocrx_word' id='word_1_338' title='bbox 817 3043 1123 3097; x_wconf 85' lang='lat' dir='ltr'><strong>Narrabant</strong></span> <span class='ocrx_word' id='word_1_339' title='bbox 1171 3041 1238 3097; x_wconf 93' lang='lat' dir='ltr'><strong>de</strong></span> <span class='ocrx_word' id='word_1_340' title='bbox 1281 3043 1472 3098; x_wconf 85' lang='lat' dir='ltr'><strong>abbate</strong></span> <span class='ocrx_word' id='word_1_341' title='bbox 1512 3043 1742 3108; x_wconf 83' lang='lat' dir='ltr'><strong>Isidoro,</strong></span> <span class='ocrx_word' id='word_1_342' title='bbox 1774 3045 1917 3114; x_wconf 89' lang='lat' dir='ltr'><strong>quod</strong></span> <span class='ocrx_word' id='word_1_343' title='bbox 1951 3060 2076 3099; x_wconf 87' lang='lat' dir='ltr'><strong>cum</strong></span> 
     </span>
    </p>
   </div>
   <div class='ocr_carea' id='block_1_50' title="bbox 2191 1851 3136 1926">
    <p class='ocr_par' dir='ltr' id='par_1_50' title="bbox 2191 1851 3136 1926">
     <span class='ocr_line' id='line_1_50' title="bbox 2191 1851 3136 1926; baseline 0.005 -23"><span class='ocrx_word' id='word_1_344' title='bbox 2191 1851 2470 1922; x_wconf 81' lang='grc' dir='ltr'>φιλήδονον</span> <span class='ocrx_word' id='word_1_345' title='bbox 2500 1853 2628 1906; x_wconf 84' lang='grc' dir='ltr'>ὄντα</span> <span class='ocrx_word' id='word_1_346' title='bbox 2657 1854 2752 1908; x_wconf 73' lang='grc' dir='ltr'>καὶ</span> <span class='ocrx_word' id='word_1_347' title='bbox 2783 1854 3136 1926; x_wconf 80' lang='grc' dir='ltr'>φιλάργυρον.</span> 
     </span>
    </p>
   </div>
   <div class='ocr_carea' id='block_1_51' title="bbox 2257 1941 3766 2018">
    <p class='ocr_par' dir='ltr' id='par_1_51' title="bbox 2257 1941 3766 2018">
     <span class='ocr_line' id='line_1_51' title="bbox 2257 1941 3766 2018; baseline 0.002 -21"><span class='ocrx_word' id='word_1_348' title='bbox 2257 1943 2317 1998; x_wconf 84' lang='grc' dir='ltr'>δ’.</span> <span class='ocrx_word' id='word_1_349' title='bbox 2353 1941 2489 1997; x_wconf 85' lang='grc' dir='ltr'>Εἷπε</span> <span class='ocrx_word' id='word_1_350' title='bbox 2524 1944 2719 1998; x_wconf 84' lang='grc' dir='ltr'>πάλιν·</span> <span class='ocrx_word' id='word_1_351' title='bbox 2756 1945 2819 1999; x_wconf 79' lang='grc' dir='ltr'><strong>Εἰ</strong></span> <span class='ocrx_word' id='word_1_352' title='bbox 2857 1947 3104 2016; x_wconf 83' lang='grc' dir='ltr'>νομίμως</span> <span class='ocrx_word' id='word_1_353' title='bbox 3139 1948 3358 2000; x_wconf 83' lang='grc' dir='ltr'>ἀσκεῖτε</span> <span class='ocrx_word' id='word_1_354' title='bbox 3394 1947 3766 2018; x_wconf 84' lang='grc' dir='ltr'>νηστεύοντες,</span> 
     </span>
    </p>
   </div>
   <div class='ocr_carea' id='block_1_52' title="bbox 2191 2033 3774 2109">
    <p class='ocr_par' dir='ltr' id='par_1_52' title="bbox 2191 2033 3774 2109">
     <span class='ocr_line' id='line_1_52' title="bbox 2191 2033 3774 2109; baseline 0.004 -23"><span class='ocrx_word' id='word_1_355' title='bbox 2191 2033 2264 2105; x_wconf 85' lang='grc' dir='ltr'>μὴ</span> <span class='ocrx_word' id='word_1_356' title='bbox 2285 2035 2574 2103; x_wconf 74' lang='grc' dir='ltr'>τυφοῢσθεο</span> <span class='ocrx_word' id='word_1_357' title='bbox 2597 2037 2644 2088; x_wconf 82' lang='grc' dir='ltr'><strong>εί</strong></span> <span class='ocrx_word' id='word_1_358' title='bbox 2669 2036 2725 2089; x_wconf 82' lang='grc' dir='ltr'>δὲ</span> <span class='ocrx_word' id='word_1_359' title='bbox 2749 2035 3020 2089; x_wconf 75' lang='grc' dir='ltr'>ἐπὶτοῦτο</span> <span class='ocrx_word' id='word_1_360' title='bbox 3036 2037 3274 2106; x_wconf 79' lang='grc' dir='ltr'>αὑχεῖτε,</span> <span class='ocrx_word' id='word_1_361' title='bbox 3305 2038 3505 2108; x_wconf 79' lang='grc' dir='ltr'>μᾶλλον</span> <span class='ocrx_word' id='word_1_362' title='bbox 3517 2055 3774 2109; x_wconf 79' lang='grc' dir='ltr'>κρεωφα-</span> 
     </span>
    </p>
   </div>
   <div class='ocr_carea' id='block_1_53' title="bbox 2186 2127 3769 2203">
    <p class='ocr_par' dir='ltr' id='par_1_53' title="bbox 2186 2127 3769 2203">
     <span class='ocr_line' id='line_1_53' title="bbox 2186 2127 3769 2203; baseline 0.003 -25"><span class='ocrx_word' id='word_1_363' title='bbox 2186 2129 2353 2193; x_wconf 84' lang='grc' dir='ltr'>γεῖτε.</span> <span class='ocrx_word' id='word_1_364' title='bbox 2388 2127 2665 2197; x_wconf 79' lang='grc' dir='ltr'>Συμφέρει</span> <span class='ocrx_word' id='word_1_365' title='bbox 2693 2127 2802 2199; x_wconf 78' lang='grc' dir='ltr'><strong>γὰρ</strong></span> <span class='ocrx_word' id='word_1_366' title='bbox 2830 2127 3101 2200; x_wconf 77' lang='grc' dir='ltr'>ἀνθρώπῳ</span> <span class='ocrx_word' id='word_1_367' title='bbox 3131 2128 3330 2199; x_wconf 83' lang='grc' dir='ltr'>μᾶλλον</span> <span class='ocrx_word' id='word_1_368' title='bbox 3373 2130 3512 2203; x_wconf 87' lang='grc' dir='ltr'>κρέα</span> <span class='ocrx_word' id='word_1_369' title='bbox 3542 2130 3769 2196; x_wconf 74' lang='grc' dir='ltr'>ἐσθίειν,</span> 
     </span>
    </p>
   </div>
   <div class='ocr_carea' id='block_1_54' title="bbox 2187 2215 3096 2288">
    <p class='ocr_par' dir='ltr' id='par_1_54' title="bbox 2187 2215 3096 2288">
     <span class='ocr_line' id='line_1_54' title="bbox 2187 2215 3096 2288; baseline 0.008 -22"><span class='ocrx_word' id='word_1_370' title='bbox 2187 2215 2219 2285; x_wconf 83' lang='grc' dir='ltr'>ἦ</span> <span class='ocrx_word' id='word_1_371' title='bbox 2250 2216 2548 2284; x_wconf 80' lang='grc' dir='ltr'>τυφοῦσθαι</span> <span class='ocrx_word' id='word_1_372' title='bbox 2585 2218 2678 2270; x_wconf 74' lang='grc' dir='ltr'><strong>καὶ</strong></span> <span class='ocrx_word' id='word_1_373' title='bbox 2712 2217 3096 2288; x_wconf 84' lang='grc' dir='ltr'>μεγαλαυχεῖν.</span> 
     </span>
    </p>
   </div>
   <div class='ocr_carea' id='block_1_55' title="bbox 2257 2388 3768 2469">
    <p class='ocr_par' dir='ltr' id='par_1_55' title="bbox 2257 2388 3768 2469">
     <span class='ocr_line' id='line_1_55' title="bbox 2257 2388 3768 2469; baseline 0.008 -25"><span class='ocrx_word' id='word_1_374' title='bbox 2257 2399 2316 2446; x_wconf 86' lang='grc' dir='ltr'>ε’.</span> <span class='ocrx_word' id='word_1_375' title='bbox 2366 2388 2498 2445; x_wconf 81' lang='grc' dir='ltr'>Είπε</span> <span class='ocrx_word' id='word_1_376' title='bbox 2525 2392 2684 2446; x_wconf 87' lang='grc' dir='ltr'>πάλιν</span> <span class='ocrx_word' id='word_1_377' title='bbox 2705 2409 2718 2423; x_wconf 84' lang='grc'><strong>·</strong></span> <span class='ocrx_word' id='word_1_378' title='bbox 2743 2393 2864 2466; x_wconf 82' lang='grc' dir='ltr'>Χρὴ</span> <span class='ocrx_word' id='word_1_379' title='bbox 2898 2395 3023 2459; x_wconf 75' lang='grc' dir='ltr'>τοὺς</span> <span class='ocrx_word' id='word_1_380' title='bbox 3055 2397 3531 2469; x_wconf 78' lang='grc' dir='ltr'>μαθητευομένους</span> <span class='ocrx_word' id='word_1_381' title='bbox 3567 2402 3662 2455; x_wconf 74' lang='grc' dir='ltr'><strong>καὶ</strong></span> <span class='ocrx_word' id='word_1_382' title='bbox 3688 2402 3768 2467; x_wconf 80' lang='grc' dir='ltr'>ὡς</span> 
     </span>
    </p>
   </div>
   <div class='ocr_carea' id='block_1_56' title="bbox 2186 2483 3772 2556">
    <p class='ocr_par' dir='ltr' id='par_1_56' title="bbox 2186 2483 3772 2556">
     <span class='ocr_line' id='line_1_56' title="bbox 2186 2483 3772 2556; baseline 0.006 -20"><span class='ocrx_word' id='word_1_383' title='bbox 2186 2483 2428 2554; x_wconf 81' lang='grc' dir='ltr'><strong>πατέρας</strong></span> <span class='ocrx_word' id='word_1_384' title='bbox 2473 2485 2647 2552; x_wconf 86' lang='grc' dir='ltr'>φιλεῖν</span> <span class='ocrx_word' id='word_1_385' title='bbox 2697 2487 2824 2549; x_wconf 77' lang='grc' dir='ltr'>τοὺς</span> <span class='ocrx_word' id='word_1_386' title='bbox 2877 2485 3045 2552; x_wconf 77' lang='grc' dir='ltr'>ὅντως</span> <span class='ocrx_word' id='word_1_387' title='bbox 3105 2489 3492 2554; x_wconf 83' lang='grc' dir='ltr'>διδασκάλους,</span> <span class='ocrx_word' id='word_1_388' title='bbox 3542 2493 3634 2544; x_wconf 76' lang='grc' dir='ltr'><strong>καὶ</strong></span> <span class='ocrx_word' id='word_1_389' title='bbox 3687 2492 3772 2556; x_wconf 81' lang='grc' dir='ltr'>ὡς</span> 
     </span>
    </p>
   </div>
   <div class='ocr_carea' id='block_1_57' title="bbox 2185 2575 3770 2655">
    <p class='ocr_par' dir='ltr' id='par_1_57' title="bbox 2185 2575 3770 2655">
     <span class='ocr_line' id='line_1_57' title="bbox 2185 2575 3770 2655; baseline 0.005 -28"><span class='ocrx_word' id='word_1_390' title='bbox 2185 2575 2452 2647; x_wconf 77' lang='grc' dir='ltr'>ἄρχοντας</span> <span class='ocrx_word' id='word_1_391' title='bbox 2515 2576 2829 2647; x_wconf 82' lang='grc' dir='ltr'>φοϐεῖσθαι’</span> <span class='ocrx_word' id='word_1_392' title='bbox 2887 2580 2982 2633; x_wconf 73' lang='grc' dir='ltr'><strong>καὶ</strong></span> <span class='ocrx_word' id='word_1_393' title='bbox 3039 2582 3176 2652; x_wconf 88' lang='grc' dir='ltr'>μήτε</span> <span class='ocrx_word' id='word_1_394' title='bbox 3238 2582 3325 2636; x_wconf 81' lang='grc' dir='ltr'>διὰ</span> <span class='ocrx_word' id='word_1_395' title='bbox 3384 2581 3481 2654; x_wconf 77' lang='grc' dir='ltr'>τὴν</span> <span class='ocrx_word' id='word_1_396' title='bbox 3543 2585 3770 2655; x_wconf 66' lang='grc' dir='ltr'>ἀγάπην</span> 
     </span>
    </p>
   </div>
   <div class='ocr_carea' id='block_1_58' title="bbox 2183 2669 3774 2744">
    <p class='ocr_par' dir='ltr' id='par_1_58' title="bbox 2183 2669 3774 2744">
     <span class='ocr_line' id='line_1_58' title="bbox 2183 2669 3774 2744; baseline 0.007 -23"><span class='ocrx_word' id='word_1_397' title='bbox 2183 2669 2396 2722; x_wconf 87' lang='grc' dir='ltr'>ὲκλύειν</span> <span class='ocrx_word' id='word_1_398' title='bbox 2434 2669 2525 2723; x_wconf 84' lang='grc' dir='ltr'><strong>τὸν</strong></span> <span class='ocrx_word' id='word_1_399' title='bbox 2566 2669 2749 2739; x_wconf 85' lang='grc' dir='ltr'>φόϐον,</span> <span class='ocrx_word' id='word_1_400' title='bbox 2815 2672 2954 2742; x_wconf 78' lang='grc' dir='ltr'>μήτε</span> <span class='ocrx_word' id='word_1_401' title='bbox 3003 2672 3091 2725; x_wconf 84' lang='grc' dir='ltr'>διὰ</span> <span class='ocrx_word' id='word_1_402' title='bbox 3130 2674 3222 2727; x_wconf 86' lang='grc' dir='ltr'><strong>τὸν</strong></span> <span class='ocrx_word' id='word_1_403' title='bbox 3272 2674 3434 2743; x_wconf 80' lang='grc' dir='ltr'>φόϐον</span> <span class='ocrx_word' id='word_1_404' title='bbox 3481 2675 3774 2744; x_wconf 81' lang='grc' dir='ltr'>ἀμαυροῦν</span> 
     </span>
    </p>
   </div>
   <div class='ocr_carea' id='block_1_59' title="bbox 2186 2760 2552 2833">
    <p class='ocr_par' dir='ltr' id='par_1_59' title="bbox 2186 2760 2552 2833">
     <span class='ocr_line' id='line_1_59' title="bbox 2186 2760 2552 2833; baseline 0.003 -19"><span class='ocrx_word' id='word_1_405' title='bbox 2186 2760 2281 2832; x_wconf 82' lang='grc' dir='ltr'>τὴν</span> <span class='ocrx_word' id='word_1_406' title='bbox 2312 2762 2552 2833; x_wconf 86' lang='grc' dir='ltr'>ἀγάπην.</span> 
     </span>
    </p>
   </div>
   <div class='ocr_carea' id='block_1_60' title="bbox 2256 2851 3773 2930">
    <p class='ocr_par' dir='ltr' id='par_1_60' title="bbox 2256 2851 3773 2930">
     <span class='ocr_line' id='line_1_60' title="bbox 2256 2851 3773 2930; baseline 0.007 -24"><span class='ocrx_word' id='word_1_407' title='bbox 2256 2860 2328 2919; x_wconf 84' lang='grc' dir='ltr'>ς’.</span> <span class='ocrx_word' id='word_1_408' title='bbox 2364 2851 2499 2908; x_wconf 77' lang='grc' dir='ltr'>Εῐπε</span> <span class='ocrx_word' id='word_1_409' title='bbox 2533 2857 2692 2911; x_wconf 89' lang='grc' dir='ltr'>πάλιν</span> <span class='ocrx_word' id='word_1_410' title='bbox 2711 2874 2724 2887; x_wconf 71' lang='grc' dir='ltr'><strong>ο</strong></span> <span class='ocrx_word' id='word_1_411' title='bbox 2760 2858 2821 2910; x_wconf 83' lang='lat' dir='ltr'><strong>El</strong></span> <span class='ocrx_word' id='word_1_412' title='bbox 2847 2857 3120 2928; x_wconf 80' lang='grc' dir='ltr'>σωτηρίας</span> <span class='ocrx_word' id='word_1_413' title='bbox 3145 2859 3297 2930; x_wconf 74' lang='grc' dir='ltr'>ἐρᾷς,</span> <span class='ocrx_word' id='word_1_414' title='bbox 3329 2860 3503 2913; x_wconf 87' lang='grc' dir='ltr'>πάντα</span> <span class='ocrx_word' id='word_1_415' title='bbox 3531 2859 3674 2912; x_wconf 85' lang='grc' dir='ltr'>ποίει</span> <span class='ocrx_word' id='word_1_416' title='bbox 3694 2861 3773 2916; x_wconf 78' lang='grc' dir='ltr'>τὰ</span> 
     </span>
    </p>
   </div>
   <div class='ocr_carea' id='block_1_61' title="bbox 2185 2948 2806 3019">
    <p class='ocr_par' dir='ltr' id='par_1_61' title="bbox 2185 2948 2806 3019">
     <span class='ocr_line' id='line_1_61' title="bbox 2185 2948 2806 3019; baseline 0.003 -20"><span class='ocrx_word' id='word_1_417' title='bbox 2185 2948 2263 3011; x_wconf 85' lang='grc' dir='ltr'><strong>είς</strong></span> <span class='ocrx_word' id='word_1_418' title='bbox 2296 2948 2464 3019; x_wconf 80' lang='grc' dir='ltr'>αὐτὴν</span> <span class='ocrx_word' id='word_1_419' title='bbox 2495 2949 2696 3016; x_wconf 73' lang='grc' dir='ltr'>ἄγοντά</span> <span class='ocrx_word' id='word_1_420' title='bbox 2727 2966 2806 3001; x_wconf 90' lang='grc' dir='ltr'><strong>σε.</strong></span> 
     </span>
    </p>
   </div>
   <div class='ocr_carea' id='block_1_62' title="bbox 2256 3027 3776 3113">
    <p class='ocr_par' dir='ltr' id='par_1_62' title="bbox 2256 3027 3776 3113">
     <span class='ocr_line' id='line_1_62' title="bbox 2256 3027 3776 3113; baseline 0.005 -22"><span class='ocrx_word' id='word_1_421' title='bbox 2256 3037 2321 3102; x_wconf 79' lang='grc' dir='ltr'><strong>ζ’.</strong></span> <span class='ocrx_word' id='word_1_422' title='bbox 2366 3029 2588 3107; x_wconf 85' lang='grc' dir='ltr'>Ἔλεγον</span> <span class='ocrx_word' id='word_1_423' title='bbox 2623 3041 2748 3110; x_wconf 75' lang='grc' dir='ltr'>περὶ</span> <span class='ocrx_word' id='word_1_424' title='bbox 2780 3039 2872 3092; x_wconf 80' lang='grc' dir='ltr'>τοῦ</span> <span class='ocrx_word' id='word_1_425' title='bbox 2907 3027 3052 3094; x_wconf 79' lang='grc' dir='ltr'>ἀϐϐᾶ</span> <span class='ocrx_word' id='word_1_426' title='bbox 3089 3040 3382 3113; x_wconf 84' lang='grc' dir='ltr'>Ἰσιδὼρου,</span> <span class='ocrx_word' id='word_1_427' title='bbox 3413 3043 3495 3096; x_wconf 80' lang='grc' dir='ltr'><strong>ὅτι</strong></span> <span class='ocrx_word' id='word_1_428' title='bbox 3541 3043 3615 3108; x_wconf 83' lang='grc' dir='ltr'>ὡς</span> <span class='ocrx_word' id='word_1_429' title='bbox 3663 3043 3776 3098; x_wconf 76' lang='grc' dir='ltr'><strong>ὑπ-</strong></span> 
     </span>
    </p>
   </div>
   <div class='ocr_carea' id='block_1_63' title="bbox 503 3131 2080 3220">
    <p class='ocr_par' dir='ltr' id='par_1_63' title="bbox 503 3134 2072 3205">
     <span class='ocr_line' id='line_1_63' title="bbox 503 3134 2072 3205; baseline -0.001 -13"><span class='ocrx_word' id='word_1_430' title='bbox 503 3135 829 3192; x_wconf 81' lang='lat' dir='ltr'><strong>accessisset</strong></span> <span class='ocrx_word' id='word_1_431' title='bbox 853 3135 919 3190; x_wconf 90' lang='lat' dir='ltr'><strong>ad</strong></span> <span class='ocrx_word' id='word_1_432' title='bbox 941 3151 1062 3190; x_wconf 87' lang='lat' dir='ltr'><strong>eum</strong></span> <span class='ocrx_word' id='word_1_433' title='bbox 1092 3134 1280 3196; x_wconf 76' lang='lat' dir='ltr'><strong>frater.</strong></span> <span class='ocrx_word' id='word_1_434' title='bbox 1309 3135 1519 3205; x_wconf 85' lang='lat' dir='ltr'><strong>fugeret</strong></span> <span class='ocrx_word' id='word_1_435' title='bbox 1550 3136 1615 3189; x_wconf 89' lang='lat' dir='ltr'><strong>ad</strong></span> <span class='ocrx_word' id='word_1_436' title='bbox 1643 3136 1874 3192; x_wconf 89' lang='lat' dir='ltr'><strong>interius</strong></span> <span class='ocrx_word' id='word_1_437' title='bbox 1900 3137 2072 3190; x_wconf 66' lang='lat' dir='ltr'><strong>cellae.</strong></span> 
     </span>
    </p>
   </div>
   <div class='ocr_carea' id='block_1_64' title="bbox 2197 3131 3775 3220">
    <p class='ocr_par' dir='ltr' id='par_1_64' title="bbox 2197 3131 3775 3220">
     <span class='ocr_line' id='line_1_64' title="bbox 2197 3131 3775 3220; baseline -0.008 -17"><span class='ocrx_word' id='word_1_438' title='bbox 2197 3132 2318 3202; x_wconf 70' lang='grc' dir='ltr'>ἡγεν</span> <span class='ocrx_word' id='word_1_439' title='bbox 2351 3131 2577 3200; x_wconf 69' lang='grc' dir='ltr'>ἀδελφδς</span> <span class='ocrx_word' id='word_1_440' title='bbox 2606 3133 2741 3203; x_wconf 78' lang='grc' dir='ltr'>πρὸς</span> <span class='ocrx_word' id='word_1_441' title='bbox 2764 3133 2948 3197; x_wconf 78' lang='grc' dir='ltr'>αὑτὸν,</span> <span class='ocrx_word' id='word_1_442' title='bbox 2977 3133 3205 3220; x_wconf 66' lang='grc' dir='ltr'>ἔφευγεν</span> <span class='ocrx_word' id='word_1_443' title='bbox 3227 3133 3492 3206; x_wconf 78' lang='grc' dir='ltr'>ἐσώτερον</span> <span class='ocrx_word' id='word_1_444' title='bbox 3516 3136 3610 3190; x_wconf 82' lang='grc' dir='ltr'>τοῦ</span> <span class='ocrx_word' id='word_1_445' title='bbox 3641 3137 3775 3191; x_wconf 85' lang='grc' dir='ltr'>κελ-</span> 
     </span>
    </p>
   </div>
   <div class='ocr_carea' id='block_1_65' title="bbox 504 3226 2080 3299">
    <p class='ocr_par' dir='ltr' id='par_1_65' title="bbox 504 3226 2080 3299">
     <span class='ocr_line' id='line_1_65' title="bbox 504 3226 2080 3299; baseline 0.001 -17"><span class='ocrx_word' id='word_1_446' title='bbox 504 3226 689 3298; x_wconf 80' lang='lat' dir='ltr'><strong>Itaque</strong></span> <span class='ocrx_word' id='word_1_447' title='bbox 713 3226 969 3282; x_wconf 81' lang='lat' dir='ltr'><strong>dixerunt</strong></span> <span class='ocrx_word' id='word_1_448' title='bbox 997 3226 1048 3281; x_wconf 88' lang='lat' dir='ltr'><strong>ei</strong></span> <span class='ocrx_word' id='word_1_449' title='bbox 1082 3226 1279 3281; x_wconf 87' lang='lat' dir='ltr'><strong>fratres</strong></span> <span class='ocrx_word' id='word_1_450' title='bbox 1304 3243 1319 3279; x_wconf 88' lang='lat'><strong>:</strong></span> <span class='ocrx_word' id='word_1_451' title='bbox 1342 3226 1517 3288; x_wconf 85' lang='lat' dir='ltr'><strong>Abba,</strong></span> <span class='ocrx_word' id='word_1_452' title='bbox 1541 3226 1672 3296; x_wconf 89' lang='lat' dir='ltr'><strong>quid</strong></span> <span class='ocrx_word' id='word_1_453' title='bbox 1697 3236 1780 3282; x_wconf 88' lang='lat' dir='ltr'><strong>est</strong></span> <span class='ocrx_word' id='word_1_454' title='bbox 1807 3227 1910 3282; x_wconf 90' lang='lat' dir='ltr'><strong>hoc</strong></span> <span class='ocrx_word' id='word_1_455' title='bbox 1933 3228 2080 3299; x_wconf 86' lang='lat' dir='ltr'><strong>quod</strong></span> 
     </span>
    </p>
   </div>
   <div class='ocr_carea' id='block_1_66' title="bbox 505 3316 2078 3388">
    <p class='ocr_par' dir='ltr' id='par_1_66' title="bbox 505 3316 2078 3388">
     <span class='ocr_line' id='line_1_66' title="bbox 505 3316 2078 3388; baseline 0.004 -18"><span class='ocrx_word' id='word_1_456' title='bbox 505 3317 667 3386; x_wconf 81' lang='lat' dir='ltr'><strong>agis?</strong></span> <span class='ocrx_word' id='word_1_457' title='bbox 699 3316 764 3373; x_wconf 90' lang='lat' dir='ltr'><strong>Et</strong></span> <span class='ocrx_word' id='word_1_458' title='bbox 796 3319 873 3371; x_wconf 90' lang='lat' dir='ltr'><strong>ait</strong></span> <span class='ocrx_word' id='word_1_459' title='bbox 904 3336 916 3372; x_wconf 89' lang='lat'>:</span> <span class='ocrx_word' id='word_1_460' title='bbox 953 3316 1128 3371; x_wconf 83' lang='lat' dir='ltr'><strong>Etiam</strong></span> <span class='ocrx_word' id='word_1_461' title='bbox 1163 3317 1291 3373; x_wconf 71' lang='lat' dir='ltr'><strong>fera:</strong></span> <span class='ocrx_word' id='word_1_462' title='bbox 1338 3317 1610 3388; x_wconf 81' lang='lat' dir='ltr'><strong>fugientes</strong></span> <span class='ocrx_word' id='word_1_463' title='bbox 1643 3320 1709 3373; x_wconf 89' lang='lat' dir='ltr'><strong>ad</strong></span> <span class='ocrx_word' id='word_1_464' title='bbox 1741 3319 1918 3376; x_wconf 86' lang='lat' dir='ltr'><strong>lustra</strong></span> <span class='ocrx_word' id='word_1_465' title='bbox 1957 3335 2078 3385; x_wconf 89' lang='lat' dir='ltr'><strong>sua,</strong></span> 
     </span>
    </p>
   </div>
   <div class='ocr_carea' id='block_1_67' title="bbox 504 3407 2077 3482">
    <p class='ocr_par' dir='ltr' id='par_1_67' title="bbox 504 3407 2077 3482">
     <span class='ocr_line' id='line_1_67' title="bbox 504 3407 2077 3482; baseline 0.001 -16"><span class='ocrx_word' id='word_1_466' title='bbox 504 3417 812 3466; x_wconf 82' lang='lat' dir='ltr'><strong>servantur.</strong></span> <span class='ocrx_word' id='word_1_467' title='bbox 849 3407 956 3465; x_wconf 85' lang='lat' dir='ltr'><strong>ista</strong></span> <span class='ocrx_word' id='word_1_468' title='bbox 987 3417 1168 3464; x_wconf 89' lang='lat' dir='ltr'><strong>autem</strong></span> <span class='ocrx_word' id='word_1_469' title='bbox 1208 3410 1538 3482; x_wconf 85' lang='lat' dir='ltr'><strong>loquebatur</strong></span> <span class='ocrx_word' id='word_1_470' title='bbox 1590 3419 1814 3482; x_wconf 85' lang='lat' dir='ltr'><strong>propter</strong></span> <span class='ocrx_word' id='word_1_471' title='bbox 1848 3411 2077 3469; x_wconf 84' lang='lat' dir='ltr'><strong>fratrum</strong></span> 
     </span>
    </p>
   </div>
   <div class='ocr_carea' id='block_1_68' title="bbox 506 3499 1817 3555">
    <p class='ocr_par' dir='ltr' id='par_1_68' title="bbox 506 3499 1817 3555">
     <span class='ocr_line' id='line_1_68' title="bbox 506 3499 1817 3555; baseline -0.002 0"><span class='ocrx_word' id='word_1_472' title='bbox 506 3499 816 3555; x_wconf 82' lang='lat' dir='ltr'><strong>utilitatem.</strong></span> <span class='ocrx_word' id='word_1_473' title='bbox 1765 3550 1772 3555; x_wconf 85' lang='grc'><strong>,</strong></span> <span class='ocrx_word' id='word_1_474' title='bbox 1804 3521 1817 3530; x_wconf 90' lang='grc'><strong>·</strong></span> 
     </span>
    </p>
   </div>
   <div class='ocr_carea' id='block_1_69' title="bbox 919 3609 1666 3669">
    <p class='ocr_par' dir='ltr' id='par_1_69' title="bbox 919 3609 1666 3669">
     <span class='ocr_line' id='line_1_69' title="bbox 919 3609 1666 3669; baseline 0.003 -3"><span class='ocrx_word' id='word_1_475' title='bbox 919 3611 996 3666; x_wconf 79' lang='lat' dir='ltr'><strong>De</strong></span> <span class='ocrx_word' id='word_1_476' title='bbox 1027 3611 1216 3667; x_wconf 77' lang='lat' dir='ltr'><strong>abbate</strong></span> <span class='ocrx_word' id='word_1_477' title='bbox 1237 3609 1447 3667; x_wconf 79' lang='lat' dir='ltr'><strong>Joanne</strong></span> <span class='ocrx_word' id='word_1_478' title='bbox 1477 3613 1666 3669; x_wconf 78' lang='lat' dir='ltr'><strong>Persa.</strong></span> 
     </span>
    </p>
   </div>
   <div class='ocr_carea' id='block_1_70' title="bbox 582 3721 2081 3795">
    <p class='ocr_par' dir='ltr' id='par_1_70' title="bbox 582 3721 2081 3795">
     <span class='ocr_line' id='line_1_70' title="bbox 582 3721 2081 3795; baseline 0.003 -18"><span class='ocrx_word' id='word_1_479' title='bbox 582 3724 635 3778; x_wconf 73' lang='grc' dir='ltr'>Ι.</span> <span class='ocrx_word' id='word_1_480' title='bbox 668 3722 779 3795; x_wconf 71' lang='grc'><strong>(49)</strong></span> <span class='ocrx_word' id='word_1_481' title='bbox 817 3721 978 3778; x_wconf 72' lang='lat' dir='ltr'><strong>Venit</strong></span> <span class='ocrx_word' id='word_1_482' title='bbox 1018 3724 1312 3793; x_wconf 84' lang='lat' dir='ltr'><strong>aliquando</strong></span> <span class='ocrx_word' id='word_1_483' title='bbox 1347 3740 1484 3794; x_wconf 90' lang='lat' dir='ltr'><strong>puer</strong></span> <span class='ocrx_word' id='word_1_484' title='bbox 1511 3732 1571 3778; x_wconf 91' lang='lat' dir='ltr'><strong>ut</strong></span> <span class='ocrx_word' id='word_1_485' title='bbox 1601 3734 1889 3781; x_wconf 88' lang='lat' dir='ltr'><strong>curaretur</strong></span> <span class='ocrx_word' id='word_1_486' title='bbox 1915 3741 1945 3780; x_wconf 89' lang='lat' dir='ltr'><strong>a</strong></span> <span class='ocrx_word' id='word_1_487' title='bbox 1971 3725 2081 3782; x_wconf 68' lang='lat' dir='ltr'><strong>dae-</strong></span> 
     </span>
    </p>
   </div>
   <div class='ocr_carea' id='block_1_71' title="bbox 501 3816 2077 3891">
    <p class='ocr_par' dir='ltr' id='par_1_71' title="bbox 501 3816 2077 3891">
     <span class='ocr_line' id='line_1_71' title="bbox 501 3816 2077 3891; baseline 0.004 -23"><span class='ocrx_word' id='word_1_488' title='bbox 501 3829 703 3883; x_wconf 87' lang='lat' dir='ltr'><strong>mone;</strong></span> <span class='ocrx_word' id='word_1_489' title='bbox 737 3823 791 3870; x_wconf 90' lang='lat' dir='ltr'><strong>et</strong></span> <span class='ocrx_word' id='word_1_490' title='bbox 818 3827 1176 3872; x_wconf 86' lang='lat' dir='ltr'><strong>accesserunt</strong></span> <span class='ocrx_word' id='word_1_491' title='bbox 1221 3816 1420 3872; x_wconf 86' lang='lat' dir='ltr'><strong>fratres</strong></span> <span class='ocrx_word' id='word_1_492' title='bbox 1451 3818 1519 3872; x_wconf 91' lang='lat' dir='ltr'><strong>de</strong></span> <span class='ocrx_word' id='word_1_493' title='bbox 1553 3819 1804 3874; x_wconf 71' lang='lat' dir='ltr'><strong>cmnobio</strong></span> <span class='ocrx_word' id='word_1_494' title='bbox 1835 3819 2077 3891; x_wconf 68' lang='lat' dir='ltr'><strong>Egypti.</strong></span> 
     </span>
    </p>
   </div>
   <div class='ocr_carea' id='block_1_72' title="bbox 503 3899 2080 3981">
    <p class='ocr_par' dir='ltr' id='par_1_72' title="bbox 503 3899 2080 3981">
     <span class='ocr_line' id='line_1_72' title="bbox 503 3899 2080 3981; baseline 0.006 -23"><span class='ocrx_word' id='word_1_495' title='bbox 503 3903 771 3976; x_wconf 83' lang='lat' dir='ltr'><strong>Egressus</strong></span> <span class='ocrx_word' id='word_1_496' title='bbox 796 3915 978 3963; x_wconf 87' lang='lat' dir='ltr'><strong>autem</strong></span> <span class='ocrx_word' id='word_1_497' title='bbox 1007 3923 1193 3974; x_wconf 79' lang='lat' dir='ltr'><strong>senex,</strong></span> <span class='ocrx_word' id='word_1_498' title='bbox 1221 3908 1360 3963; x_wconf 81' lang='lat' dir='ltr'><strong>vidit</strong></span> <span class='ocrx_word' id='word_1_499' title='bbox 1390 3908 1612 3964; x_wconf 89' lang='lat' dir='ltr'><strong>fratrem</strong></span> <span class='ocrx_word' id='word_1_500' title='bbox 1644 3899 1771 3965; x_wconf 87' lang='lat' dir='ltr'><strong>cum</strong></span> <span class='ocrx_word' id='word_1_501' title='bbox 1790 3927 1961 3981; x_wconf 88' lang='lat' dir='ltr'><strong>puero</strong></span> <span class='ocrx_word' id='word_1_502' title='bbox 1984 3912 2080 3968; x_wconf 90' lang='lat' dir='ltr'><strong>de-</strong></span> 
     </span>
    </p>
   </div>
   <div class='ocr_carea' id='block_1_73' title="bbox 502 3997 2078 4076">
    <p class='ocr_par' dir='ltr' id='par_1_73' title="bbox 502 3997 2078 4076">
     <span class='ocr_line' id='line_1_73' title="bbox 502 3997 2078 4076; baseline 0.008 -26"><span class='ocrx_word' id='word_1_503' title='bbox 502 3997 880 4068; x_wconf 84' lang='lat' dir='ltr'><strong>linquentem;</strong></span> <span class='ocrx_word' id='word_1_504' title='bbox 917 4013 1016 4076; x_wconf 89' lang='lat' dir='ltr'><strong>nec</strong></span> <span class='ocrx_word' id='word_1_505' title='bbox 1065 4001 1342 4072; x_wconf 80' lang='lat' dir='ltr'><strong>redarguit</strong></span> <span class='ocrx_word' id='word_1_506' title='bbox 1386 4016 1544 4068; x_wconf 89' lang='lat' dir='ltr'><strong>eum,</strong></span> <span class='ocrx_word' id='word_1_507' title='bbox 1579 4003 1768 4059; x_wconf 89' lang='lat' dir='ltr'><strong>dicens</strong></span> <span class='ocrx_word' id='word_1_508' title='bbox 1800 4023 1813 4059; x_wconf 88' lang='lat'>:</span> <span class='ocrx_word' id='word_1_509' title='bbox 1847 4006 1902 4059; x_wconf 84' lang='lat' dir='ltr'><strong>Si</strong></span> <span class='ocrx_word' id='word_1_510' title='bbox 1935 4004 2078 4062; x_wconf 87' lang='lat' dir='ltr'><strong>Deus</strong></span> 
     </span>
    </p>
   </div>
   <div class='ocr_carea' id='block_1_74' title="bbox 498 4088 2079 4164">
    <p class='ocr_par' dir='ltr' id='par_1_74' title="bbox 498 4088 2079 4164">
     <span class='ocr_line' id='line_1_74' title="bbox 498 4088 2079 4164; baseline 0.007 -23"><span class='ocrx_word' id='word_1_511' title='bbox 498 4089 594 4159; x_wconf 85' lang='lat' dir='ltr'><strong>qui</strong></span> <span class='ocrx_word' id='word_1_512' title='bbox 645 4088 900 4145; x_wconf 83' lang='lat' dir='ltr'><strong>formavit</strong></span> <span class='ocrx_word' id='word_1_513' title='bbox 949 4107 1064 4155; x_wconf 88' lang='lat' dir='ltr'><strong>eos,</strong></span> <span class='ocrx_word' id='word_1_514' title='bbox 1118 4092 1371 4158; x_wconf 81' lang='lat' dir='ltr'><strong>intuitus,</strong></span> <span class='ocrx_word' id='word_1_515' title='bbox 1421 4107 1768 4164; x_wconf 90' lang='lat' dir='ltr'><strong>nequaquam</strong></span> <span class='ocrx_word' id='word_1_516' title='bbox 1823 4096 2079 4152; x_wconf 90' lang='lat' dir='ltr'><strong>incendio</strong></span> 
     </span>
    </p>
   </div>
   <div class='ocr_carea' id='block_1_75' title="bbox 500 4181 2078 4259">
    <p class='ocr_par' dir='ltr' id='par_1_75' title="bbox 500 4181 2078 4259">
     <span class='ocr_line' id='line_1_75' title="bbox 500 4181 2078 4259; baseline 0.006 -25"><span class='ocrx_word' id='word_1_517' title='bbox 500 4181 625 4236; x_wconf 91' lang='lat' dir='ltr'><strong>illos</strong></span> <span class='ocrx_word' id='word_1_518' title='bbox 663 4183 960 4247; x_wconf 89' lang='lat' dir='ltr'><strong>consumit,</strong></span> <span class='ocrx_word' id='word_1_519' title='bbox 994 4199 1095 4254; x_wconf 85' lang='lat' dir='ltr'><strong>ego</strong></span> <span class='ocrx_word' id='word_1_520' title='bbox 1121 4185 1245 4254; x_wconf 86' lang='lat' dir='ltr'><strong>quis</strong></span> <span class='ocrx_word' id='word_1_521' title='bbox 1283 4200 1404 4241; x_wconf 91' lang='lat' dir='ltr'><strong>sum</strong></span> <span class='ocrx_word' id='word_1_522' title='bbox 1442 4192 1500 4238; x_wconf 92' lang='lat' dir='ltr'><strong>ut</strong></span> <span class='ocrx_word' id='word_1_523' title='bbox 1527 4186 1748 4242; x_wconf 91' lang='lat' dir='ltr'><strong>eosdem</strong></span> <span class='ocrx_word' id='word_1_524' title='bbox 1779 4189 2078 4259; x_wconf 87' lang='lat' dir='ltr'><strong>reprehen-</strong></span> 
     </span>
    </p>
   </div>
   <div class='ocr_carea' id='block_1_76' title="bbox 499 4272 665 4326">
    <p class='ocr_par' dir='ltr' id='par_1_76' title="bbox 499 4272 665 4326">
     <span class='ocr_line' id='line_1_76' title="bbox 499 4272 665 4326; baseline -0.006 0"><span class='ocrx_word' id='word_1_525' title='bbox 499 4272 665 4326; x_wconf 79' lang='lat' dir='ltr'><strong>dam?</strong></span> 
     </span>
    </p>
   </div>
   <div class='ocr_carea' id='block_1_77' title="bbox 569 4361 2078 4434">
    <p class='ocr_par' dir='ltr' id='par_1_77' title="bbox 569 4361 2078 4434">
     <span class='ocr_line' id='line_1_77' title="bbox 569 4361 2078 4434; baseline 0.006 -19"><span class='ocrx_word' id='word_1_526' title='bbox 569 4363 626 4418; x_wconf 69' lang='grc'>2.</span> <span class='ocrx_word' id='word_1_527' title='bbox 653 4361 766 4434; x_wconf 87' lang='grc'><strong>(50)</strong></span> <span class='ocrx_word' id='word_1_528' title='bbox 791 4361 1043 4418; x_wconf 74' lang='lat' dir='ltr'><strong>Narravit</strong></span> <span class='ocrx_word' id='word_1_529' title='bbox 1063 4364 1283 4434; x_wconf 90' lang='lat' dir='ltr'><strong>quidam</strong></span> <span class='ocrx_word' id='word_1_530' title='bbox 1307 4364 1529 4419; x_wconf 86' lang='lat' dir='ltr'><strong>Patrum</strong></span> <span class='ocrx_word' id='word_1_531' title='bbox 1553 4367 1621 4423; x_wconf 91' lang='lat' dir='ltr'><strong>de</strong></span> <span class='ocrx_word' id='word_1_532' title='bbox 1645 4369 1843 4424; x_wconf 88' lang='lat' dir='ltr'><strong>abbate</strong></span> <span class='ocrx_word' id='word_1_533' title='bbox 1868 4367 2078 4424; x_wconf 87' lang='lat' dir='ltr'><strong>Joanne</strong></span> 
     </span>
    </p>
   </div>
   <div class='ocr_carea' id='block_1_78' title="bbox 499 4451 2074 4524">
    <p class='ocr_par' dir='ltr' id='par_1_78' title="bbox 499 4451 2074 4524">
     <span class='ocr_line' id='line_1_78' title="bbox 499 4451 2074 4524; baseline 0.002 -19"><span class='ocrx_word' id='word_1_534' title='bbox 499 4451 689 4515; x_wconf 81' lang='lat' dir='ltr'><strong>Persa,</strong></span> <span class='ocrx_word' id='word_1_535' title='bbox 727 4451 872 4521; x_wconf 75' lang='lat' dir='ltr'><strong>quod</strong></span> <span class='ocrx_word' id='word_1_536' title='bbox 905 4465 970 4505; x_wconf 79' lang='lat' dir='ltr'><strong>ex</strong></span> <span class='ocrx_word' id='word_1_537' title='bbox 1012 4453 1183 4504; x_wconf 91' lang='lat' dir='ltr'><strong>multa</strong></span> <span class='ocrx_word' id='word_1_538' title='bbox 1227 4453 1422 4522; x_wconf 89' lang='lat' dir='ltr'><strong>gratia,</strong></span> <span class='ocrx_word' id='word_1_539' title='bbox 1474 4455 1541 4508; x_wconf 90' lang='lat' dir='ltr'><strong>ad</strong></span> <span class='ocrx_word' id='word_1_540' title='bbox 1588 4455 2074 4524; x_wconf 86' lang='lat' dir='ltr'><strong>profundissimam</strong></span> 
     </span>
    </p>
   </div>
   <div class='ocr_carea' id='block_1_79' title="bbox 500 4542 2078 4617">
    <p class='ocr_par' dir='ltr' id='par_1_79' title="bbox 500 4542 2078 4617">
     <span class='ocr_line' id='line_1_79' title="bbox 500 4542 2078 4617; baseline 0.003 -21"><span class='ocrx_word' id='word_1_541' title='bbox 500 4544 811 4614; x_wconf 83' lang='lat' dir='ltr'><strong>pervenerit</strong></span> <span class='ocrx_word' id='word_1_542' title='bbox 855 4542 1229 4598; x_wconf 87' lang='lat' dir='ltr'><strong>innocentiam</strong></span> <span class='ocrx_word' id='word_1_543' title='bbox 1265 4553 1320 4599; x_wconf 90' lang='lat' dir='ltr'><strong>et</strong></span> <span class='ocrx_word' id='word_1_544' title='bbox 1363 4546 1790 4617; x_wconf 89' lang='lat' dir='ltr'><strong>simplicitatem.</strong></span> <span class='ocrx_word' id='word_1_545' title='bbox 1825 4545 1925 4600; x_wconf 88' lang='lat' dir='ltr'><strong>Hic</strong></span> <span class='ocrx_word' id='word_1_546' title='bbox 1959 4561 2078 4600; x_wconf 84' lang='lat' dir='ltr'><strong>ma-</strong></span> 
     </span>
    </p>
   </div>
   <div class='ocr_carea' id='block_1_80' title="bbox 499 4629 2076 4704">
    <p class='ocr_par' dir='ltr' id='par_1_80' title="bbox 499 4629 2076 4704">
     <span class='ocr_line' id='line_1_80' title="bbox 499 4629 2076 4704; baseline 0.004 -20"><span class='ocrx_word' id='word_1_547' title='bbox 499 4629 665 4684; x_wconf 84' lang='lat' dir='ltr'><strong>nebat</strong></span> <span class='ocrx_word' id='word_1_548' title='bbox 697 4630 752 4684; x_wconf 89' lang='lat' dir='ltr'><strong>in</strong></span> <span class='ocrx_word' id='word_1_549' title='bbox 784 4629 986 4684; x_wconf 84' lang='lat' dir='ltr'><strong>Arabia</strong></span> <span class='ocrx_word' id='word_1_550' title='bbox 1018 4629 1261 4702; x_wconf 69' lang='lat' dir='ltr'><strong>Egypti.</strong></span> <span class='ocrx_word' id='word_1_551' title='bbox 1289 4635 1598 4704; x_wconf 80' lang='lat' dir='ltr'><strong>Aliquando</strong></span> <span class='ocrx_word' id='word_1_552' title='bbox 1626 4644 1808 4690; x_wconf 86' lang='lat' dir='ltr'><strong>autem</strong></span> <span class='ocrx_word' id='word_1_553' title='bbox 1844 4649 1874 4687; x_wconf 89' lang='lat' dir='ltr'><strong>a</strong></span> <span class='ocrx_word' id='word_1_554' title='bbox 1906 4633 2076 4691; x_wconf 86' lang='lat' dir='ltr'><strong>fratre</strong></span> 
     </span>
    </p>
   </div>
   <div class='ocr_carea' id='block_1_81' title="bbox 499 4725 2071 4792">
    <p class='ocr_par' dir='ltr' id='par_1_81' title="bbox 499 4725 2071 4792">
     <span class='ocr_line' id='line_1_81' title="bbox 499 4725 2071 4792; baseline 0.003 -16"><span class='ocrx_word' id='word_1_555' title='bbox 499 4728 781 4779; x_wconf 89' lang='lat' dir='ltr'><strong>mutuatus</strong></span> <span class='ocrx_word' id='word_1_556' title='bbox 810 4728 895 4778; x_wconf 88' lang='lat' dir='ltr'><strong>est</strong></span> <span class='ocrx_word' id='word_1_557' title='bbox 925 4736 1148 4778; x_wconf 90' lang='lat' dir='ltr'><strong>aureum</strong></span> <span class='ocrx_word' id='word_1_558' title='bbox 1193 4740 1500 4788; x_wconf 90' lang='lat' dir='ltr'><strong>nummum,</strong></span> <span class='ocrx_word' id='word_1_559' title='bbox 1533 4725 1680 4779; x_wconf 86' lang='lat' dir='ltr'><strong>unde</strong></span> <span class='ocrx_word' id='word_1_560' title='bbox 1710 4726 1841 4779; x_wconf 86' lang='lat' dir='ltr'><strong>emit</strong></span> <span class='ocrx_word' id='word_1_561' title='bbox 1875 4725 2071 4792; x_wconf 89' lang='lat' dir='ltr'><strong>linum,</strong></span> 
     </span>
    </p>
   </div>
   <div class='ocr_carea' id='block_1_82' title="bbox 566 4873 995 4942">
    <p class='ocr_par' dir='ltr' id='par_1_82' title="bbox 566 4873 995 4942">
     <span class='ocr_line' id='line_1_82' title="bbox 566 4873 995 4942; baseline 0.012 -15"><span class='ocrx_word' id='word_1_562' title='bbox 566 4875 614 4908; x_wconf 62' lang='grc' dir='ltr'>τι</span> <span class='ocrx_word' id='word_1_563' title='bbox 640 4873 658 4928; x_wconf 92' lang='grc' dir='ltr'><strong>Ι</strong></span> <span class='ocrx_word' id='word_1_564' title='bbox 685 4873 832 4931; x_wconf 87' lang='lat' dir='ltr'><strong>Petr.</strong></span> <span class='ocrx_word' id='word_1_565' title='bbox 861 4894 914 4942; x_wconf 77' lang='grc' dir='ltr'><strong>ν,</strong></span> <span class='ocrx_word' id='word_1_566' title='bbox 941 4878 995 4932; x_wconf 91' lang='lat'><strong>8.</strong></span> 
     </span>
    </p>
   </div>
   <div class='ocr_carea' id='block_1_83' title="bbox 593 4987 1570 5061">
    <p class='ocr_par' dir='ltr' id='par_1_83' title="bbox 593 4987 1570 5061">
     <span class='ocr_line' id='line_1_83' title="bbox 593 4987 1570 5061; baseline 0.003 -20"><span class='ocrx_word' id='word_1_567' title='bbox 593 4988 681 5061; x_wconf 62' lang='grc'><strong>48)</strong></span> <span class='ocrx_word' id='word_1_568' title='bbox 711 4987 868 5061; x_wconf 81' lang='lat' dir='ltr'><strong>J_oan.</strong></span> <span class='ocrx_word' id='word_1_569' title='bbox 890 4990 1086 5061; x_wconf 72' lang='lat' dir='ltr'><strong>_Geom.</strong></span> <span class='ocrx_word' id='word_1_570' title='bbox 1119 4991 1324 5046; x_wconf 81' lang='lat' dir='ltr'><strong>Parad.</strong></span> <span class='ocrx_word' id='word_1_571' title='bbox 1362 5007 1448 5061; x_wconf 89' lang='lat' dir='ltr'><strong>ep.</strong></span> <span class='ocrx_word' id='word_1_572' title='bbox 1478 4993 1570 5046; x_wconf 81' lang='lat'><strong>95.</strong></span> 
     </span>
    </p>
   </div>
   <div class='ocr_carea' id='block_1_84' title="bbox 591 5058 1245 5120">
    <p class='ocr_par' dir='ltr' id='par_1_84' title="bbox 591 5058 1245 5120">
     <span class='ocr_line' id='line_1_84' title="bbox 591 5058 1245 5120; baseline 0.002 -7"><span class='ocrx_word' id='word_1_573' title='bbox 591 5058 682 5120; x_wconf 75' lang='grc'><strong>49)</strong></span> <span class='ocrx_word' id='word_1_574' title='bbox 733 5059 839 5113; x_wconf 84' lang='lat' dir='ltr'><strong>Vit.</strong></span> <span class='ocrx_word' id='word_1_575' title='bbox 875 5058 1028 5114; x_wconf 88' lang='lat' dir='ltr'><strong>Patr.</strong></span> <span class='ocrx_word' id='word_1_576' title='bbox 1061 5076 1134 5120; x_wconf 84' lang='lat' dir='ltr'><strong>tv,</strong></span> <span class='ocrx_word' id='word_1_577' title='bbox 1157 5061 1245 5114; x_wconf 69' lang='grc'>5-4.</span> 
     </span>
    </p>
   </div>
   <div class='ocr_carea' id='block_1_85' title="bbox 568 5128 1212 5200">
    <p class='ocr_par' dir='ltr' id='par_1_85' title="bbox 568 5128 1212 5200">
     <span class='ocr_line' id='line_1_85' title="bbox 568 5128 1212 5200; baseline 0.002 -19"><span class='ocrx_word' id='word_1_578' title='bbox 722 5128 824 5182; x_wconf 85' lang='lat' dir='ltr'><strong>Vit.</strong></span> <span class='ocrx_word' id='word_1_579' title='bbox 868 5129 1022 5182; x_wconf 82' lang='lat' dir='ltr'><strong>Patr.</strong></span> <span class='ocrx_word' id='word_1_580' title='bbox 1060 5147 1131 5193; x_wconf 81' lang='lat' dir='ltr'><strong>\‘l,</strong></span> <span class='ocrx_word' id='word_1_581' title='bbox 1159 5131 1212 5200; x_wconf 79' lang='grc'>7.</span> 
     </span>
    </p>
   </div>
   <div class='ocr_carea' id='block_1_86' title="bbox 572 5197 2079 5270">
    <p class='ocr_par' dir='ltr' id='par_1_86' title="bbox 572 5197 2079 5270">
     <span class='ocr_line' id='line_1_86' title="bbox 572 5197 2079 5270; baseline 0.003 -18"><span class='ocrx_word' id='word_1_582' title='bbox 572 5197 682 5268; x_wconf 77' lang='grc'><strong>(51)</strong></span> <span class='ocrx_word' id='word_1_583' title='bbox 724 5201 1044 5270; x_wconf 70' lang='grc' dir='ltr'>Χρύσινον.</span> <span class='ocrx_word' id='word_1_584' title='bbox 1102 5198 1432 5270; x_wconf 57' lang='grc' dir='ltr'>ξυλοκοτίνου</span> <span class='ocrx_word' id='word_1_585' title='bbox 1493 5197 1737 5270; x_wconf 82' lang='grc' dir='ltr'>νόμισμα</span> <span class='ocrx_word' id='word_1_586' title='bbox 1782 5210 1835 5255; x_wconf 91' lang='lat' dir='ltr'><strong>et</strong></span> <span class='ocrx_word' id='word_1_587' title='bbox 1898 5202 2079 5256; x_wconf 71' lang='grc' dir='ltr'>ὁλοκα-</span> 
     </span>
    </p>
   </div>
   <div class='ocr_carea' id='block_1_87' title="bbox 495 5268 2074 5337">
    <p class='ocr_par' dir='ltr' id='par_1_87' title="bbox 495 5268 2074 5337">
     <span class='ocr_line' id='line_1_87' title="bbox 495 5268 2074 5337; baseline 0.005 -18"><span class='ocrx_word' id='word_1_588' title='bbox 495 5268 636 5337; x_wconf 79' lang='grc' dir='ltr'>τίνη,</span> <span class='ocrx_word' id='word_1_589' title='bbox 670 5278 763 5322; x_wconf 90' lang='lat' dir='ltr'><strong>aut</strong></span> <span class='ocrx_word' id='word_1_590' title='bbox 835 5269 871 5322; x_wconf 85' lang='lat' dir='ltr'><strong>f.</strong></span> <span class='ocrx_word' id='word_1_591' title='bbox 909 5269 1201 5323; x_wconf 86' lang='grc' dir='ltr'>ὁλοκοτίνιν</span> <span class='ocrx_word' id='word_1_592' title='bbox 1232 5283 1330 5337; x_wconf 81' lang='lat' dir='ltr'><strong>pro</strong></span> <span class='ocrx_word' id='word_1_593' title='bbox 1352 5268 1708 5337; x_wconf 79' lang='grc' dir='ltr'>ὁλοκοτίνιον,</span> <span class='ocrx_word' id='word_1_594' title='bbox 1739 5274 1872 5325; x_wconf 89' lang='lat' dir='ltr'><strong>utin</strong></span> <span class='ocrx_word' id='word_1_595' title='bbox 1899 5271 2074 5327; x_wconf 85' lang='lat' dir='ltr'><strong>Theo-</strong></span> 
     </span>
    </p>
   </div>
   <div class='ocr_carea' id='block_1_88' title="bbox 499 5336 2072 5408">
    <p class='ocr_par' dir='ltr' id='par_1_88' title="bbox 499 5336 2072 5408">
     <span class='ocr_line' id='line_1_88' title="bbox 499 5336 2072 5408; baseline 0.004 -18"><span class='ocrx_word' id='word_1_596' title='bbox 499 5336 696 5408; x_wconf 77' lang='lat' dir='ltr'><strong>phanis</strong></span> <span class='ocrx_word' id='word_1_597' title='bbox 755 5339 1014 5393; x_wconf 83' lang='lat' dir='ltr'><strong>Chronico</strong></span> <span class='ocrx_word' id='word_1_598' title='bbox 1038 5355 1104 5408; x_wconf 56' lang='lat' dir='ltr'><strong>.p.</strong></span> <span class='ocrx_word' id='word_1_599' title='bbox 1151 5337 1260 5408; x_wconf 10' lang='lat'><strong>75745</strong></span> <span class='ocrx_word' id='word_1_600' title='bbox 1297 5336 1370 5395; x_wconf 88' lang='lat' dir='ltr'><strong>D.</strong></span> <span class='ocrx_word' id='word_1_601' title='bbox 1408 5346 1461 5391; x_wconf 86' lang='lat' dir='ltr'><strong>et</strong></span> <span class='ocrx_word' id='word_1_602' title='bbox 1505 5336 1659 5392; x_wconf 85' lang='lat' dir='ltr'><strong>Notis</strong></span> <span class='ocrx_word' id='word_1_603' title='bbox 1698 5342 1764 5394; x_wconf 87' lang='lat' dir='ltr'><strong>ad</strong></span> <span class='ocrx_word' id='word_1_604' title='bbox 1795 5343 2072 5398; x_wconf 83' lang='lat' dir='ltr'><strong>Anastasii</strong></span> 
     </span>
    </p>
   </div>
   <div class='ocr_carea' id='block_1_89' title="bbox 499 5405 2068 5478">
    <p class='ocr_par' dir='ltr' id='par_1_89' title="bbox 499 5405 2068 5478">
     <span class='ocr_line' id='line_1_89' title="bbox 499 5405 2068 5478; baseline 0.004 -19"><span class='ocrx_word' id='word_1_605' title='bbox 499 5405 819 5473; x_wconf 75' lang='lat' dir='ltr'><strong>Historiam,</strong></span> <span class='ocrx_word' id='word_1_606' title='bbox 858 5409 996 5463; x_wconf 81' lang='lat' dir='ltr'><strong>idem</strong></span> <span class='ocrx_word' id='word_1_607' title='bbox 1022 5405 1352 5478; x_wconf 65' lang='lat' dir='ltr'><strong>significant,</strong></span> <span class='ocrx_word' id='word_1_608' title='bbox 1375 5416 1426 5462; x_wconf 86' lang='lat' dir='ltr'><strong>et</strong></span> <span class='ocrx_word' id='word_1_609' title='bbox 1451 5424 1546 5478; x_wconf 89' lang='lat' dir='ltr'><strong>per</strong></span> <span class='ocrx_word' id='word_1_610' title='bbox 1573 5423 1740 5462; x_wconf 90' lang='lat' dir='ltr'><strong>unum</strong></span> <span class='ocrx_word' id='word_1_611' title='bbox 1776 5413 1936 5467; x_wconf 89' lang='lat' dir='ltr'><strong>solidi</strong></span> <span class='ocrx_word' id='word_1_612' title='bbox 1969 5430 2068 5466; x_wconf 88' lang='lat' dir='ltr'><strong>no-</strong></span> 
     </span>
    </p>
   </div>
   <div class='ocr_carea' id='block_1_90' title="bbox 497 5475 2068 5550">
    <p class='ocr_par' dir='ltr' id='par_1_90' title="bbox 497 5475 2068 5550">
     <span class='ocr_line' id='line_1_90' title="bbox 497 5475 2068 5550; baseline 0.004 -19"><span class='ocrx_word' id='word_1_613' title='bbox 497 5491 619 5550; x_wconf 55' lang='lat' dir='ltr'><strong>men</strong></span> <span class='ocrx_word' id='word_1_614' title='bbox 664 5481 1046 5550; x_wconf 63' lang='lat' dir='ltr'><strong>exprimuntur</strong></span> <span class='ocrx_word' id='word_1_615' title='bbox 1080 5475 1113 5529; x_wconf 77' lang='lat' dir='ltr'><strong>a</strong></span> <span class='ocrx_word' id='word_1_616' title='bbox 1166 5475 1384 5550; x_wconf 71' lang='lat' dir='ltr'><strong>Pelagio</strong></span> <span class='ocrx_word' id='word_1_617' title='bbox 1428 5475 1742 5550; x_wconf 76' lang='lat' dir='ltr'><strong>interprete.</strong></span> <span class='ocrx_word' id='word_1_618' title='bbox 1782 5481 1873 5536; x_wconf 85' lang='lat' dir='ltr'><strong>Sic</strong></span> <span class='ocrx_word' id='word_1_619' title='bbox 1922 5483 2068 5550; x_wconf 85' lang='lat' dir='ltr'><strong>apud</strong></span> 
     </span>
    </p>
   </div>
   <div class='ocr_carea' id='block_1_91' title="bbox 497 5542 2070 5618">
    <p class='ocr_par' dir='ltr' id='par_1_91' title="bbox 497 5542 2070 5618">
     <span class='ocr_line' id='line_1_91' title="bbox 497 5542 2070 5618; baseline 0.004 -21"><span class='ocrx_word' id='word_1_620' title='bbox 497 5542 890 5618; x_wconf 41' lang='lat' dir='ltr'><strong>iljlieodoritum</strong></span> <span class='ocrx_word' id='word_1_621' title='bbox 915 5546 1198 5618; x_wconf 81' lang='lat' dir='ltr'><strong>Hist.eccl.</strong></span> <span class='ocrx_word' id='word_1_622' title='bbox 1223 5542 1320 5618; x_wconf 60' lang='lat' dir='ltr'><strong>lib:</strong></span> <span class='ocrx_word' id='word_1_623' title='bbox 1351 5564 1388 5610; x_wconf 90' lang='grc' dir='ltr'><strong>ι,</strong></span> <span class='ocrx_word' id='word_1_624' title='bbox 1409 5563 1530 5618; x_wconf 90' lang='lat' dir='ltr'><strong>cap.</strong></span> <span class='ocrx_word' id='word_1_625' title='bbox 1564 5542 1646 5614; x_wconf 71' lang='lat' dir='ltr'><strong>i6,</strong></span> <span class='ocrx_word' id='word_1_626' title='bbox 1677 5542 2070 5615; x_wconf 81' lang='grc' dir='ltr'>πεντακοσίους</span> 
     </span>
    </p>
   </div>
   <div class='ocr_carea' id='block_1_92' title="bbox 383 5614 2068 5692">
    <p class='ocr_par' dir='ltr' id='par_1_92' title="bbox 383 5614 2068 5692">
     <span class='ocr_line' id='line_1_92' title="bbox 383 5614 2068 5692; baseline 0.006 -26"><span class='ocrx_word' id='word_1_627' title='bbox 383 5657 392 5666; x_wconf 94' lang='grc'><strong>.</strong></span> <span class='ocrx_word' id='word_1_628' title='bbox 493 5614 849 5692; x_wconf 34' lang='grc' dir='ltr'>ὀλοκοτίν-ους,</span> <span class='ocrx_word' id='word_1_629' title='bbox 879 5615 1216 5692; x_wconf 77' lang='lat' dir='ltr'><strong>Epiphanius</strong></span> <span class='ocrx_word' id='word_1_630' title='bbox 1241 5614 1616 5692; x_wconf 68' lang='lat' dir='ltr'><strong>Scholasticus</strong></span> <span class='ocrx_word' id='word_1_631' title='bbox 1639 5622 1799 5692; x_wconf 73' lang='lat' dir='ltr'><strong>vertit</strong></span> <span class='ocrx_word' id='word_1_632' title='bbox 1819 5614 2068 5692; x_wconf 74' lang='lat' dir='ltr'><strong>quingen-</strong></span> 
     </span>
    </p>
   </div>
   <div class='ocr_carea' id='block_1_93' title="bbox 497 5686 2065 5758">
    <p class='ocr_par' dir='ltr' id='par_1_93' title="bbox 497 5686 2065 5758">
     <span class='ocr_line' id='line_1_93' title="bbox 497 5686 2065 5758; baseline 0.008 -24"><span class='ocrx_word' id='word_1_633' title='bbox 497 5692 575 5736; x_wconf 80' lang='lat' dir='ltr'><strong>tos</strong></span> <span class='ocrx_word' id='word_1_634' title='bbox 605 5686 802 5742; x_wconf 75' lang='lat' dir='ltr'><strong>solidos</strong></span> <span class='ocrx_word' id='word_1_635' title='bbox 826 5703 844 5740; x_wconf 88' lang='lat'><strong><em>:</em></strong></span> <span class='ocrx_word' id='word_1_636' title='bbox 873 5696 926 5740; x_wconf 91' lang='lat' dir='ltr'><strong>et</strong></span> <span class='ocrx_word' id='word_1_637' title='bbox 967 5693 1122 5740; x_wconf 89' lang='lat' dir='ltr'><strong>vetus</strong></span> <span class='ocrx_word' id='word_1_638' title='bbox 1155 5686 1315 5739; x_wconf 84' lang='lat' dir='ltr'><strong>lectio</strong></span> <span class='ocrx_word' id='word_1_639' title='bbox 1352 5687 1639 5758; x_wconf 73' lang='grc' dir='ltr'>χρυσίνους</span> <span class='ocrx_word' id='word_1_640' title='bbox 1662 5686 1844 5756; x_wconf 71' lang='lat' dir='ltr'><strong>habet,</strong></span> <span class='ocrx_word' id='word_1_641' title='bbox 1876 5686 2065 5748; x_wconf 82' lang='lat' dir='ltr'><strong>videli-</strong></span> 
     </span>
    </p>
   </div>
   <div class='ocr_carea' id='block_1_94' title="bbox 2185 3225 3772 3297">
    <p class='ocr_par' dir='ltr' id='par_1_94' title="bbox 2185 3225 3772 3297">
     <span class='ocr_line' id='line_1_94' title="bbox 2185 3225 3772 3297; baseline 0.006 -21"><span class='ocrx_word' id='word_1_642' title='bbox 2185 3225 2318 3278; x_wconf 91' lang='grc' dir='ltr'>λίου.</span> <span class='ocrx_word' id='word_1_643' title='bbox 2351 3227 2458 3279; x_wconf 70' lang='grc' dir='ltr'><strong>Καὶ</strong></span> <span class='ocrx_word' id='word_1_644' title='bbox 2489 3225 2673 3294; x_wconf 76' lang='grc' dir='ltr'>ἔλεγον</span> <span class='ocrx_word' id='word_1_645' title='bbox 2706 3225 2852 3297; x_wconf 84' lang='grc' dir='ltr'>αὐτῷ</span> <span class='ocrx_word' id='word_1_646' title='bbox 2883 3227 2931 3278; x_wconf 81' lang='grc' dir='ltr'>οἱ</span> <span class='ocrx_word' id='word_1_647' title='bbox 2963 3226 3178 3295; x_wconf 82' lang='grc' dir='ltr'>ἀδελφοί</span> <span class='ocrx_word' id='word_1_648' title='bbox 3197 3243 3212 3258; x_wconf 79' lang='grc'><strong>⁸</strong></span> <span class='ocrx_word' id='word_1_649' title='bbox 3255 3228 3447 3292; x_wconf 80' lang='grc' dir='ltr'>Ἀϐϐᾶ,</span> <span class='ocrx_word' id='word_1_650' title='bbox 3473 3229 3523 3282; x_wconf 87' lang='grc' dir='ltr'><strong>τί</strong></span> <span class='ocrx_word' id='word_1_651' title='bbox 3553 3232 3702 3285; x_wconf 76' lang='grc' dir='ltr'>ἐστιν</span> <span class='ocrx_word' id='word_1_652' title='bbox 3737 3233 3772 3286; x_wconf 81' lang='grc' dir='ltr'><strong>δ</strong></span> 
     </span>
    </p>
   </div>
   <div class='ocr_carea' id='block_1_95' title="bbox 2186 3319 3779 3394">
    <p class='ocr_par' dir='ltr' id='par_1_95' title="bbox 2186 3319 3779 3394">
     <span class='ocr_line' id='line_1_95' title="bbox 2186 3319 3779 3394; baseline 0.006 -23"><span class='ocrx_word' id='word_1_653' title='bbox 2186 3321 2250 3372; x_wconf 80' lang='grc' dir='ltr'><strong>σὺ</strong></span> <span class='ocrx_word' id='word_1_654' title='bbox 2279 3322 2478 3384; x_wconf 86' lang='grc' dir='ltr'>ποιεῖς;</span> <span class='ocrx_word' id='word_1_655' title='bbox 2503 3321 2612 3373; x_wconf 74' lang='grc' dir='ltr'><strong>Καὶ</strong></span> <span class='ocrx_word' id='word_1_656' title='bbox 2641 3319 2844 3390; x_wconf 77' lang='grc' dir='ltr'>ἔλεγεν,</span> <span class='ocrx_word' id='word_1_657' title='bbox 2868 3321 2948 3373; x_wconf 80' lang='grc' dir='ltr'>ὅτι</span> <span class='ocrx_word' id='word_1_658' title='bbox 2978 3321 3088 3375; x_wconf 75' lang='grc' dir='ltr'><strong>Καὶ</strong></span> <span class='ocrx_word' id='word_1_659' title='bbox 3111 3321 3178 3375; x_wconf 78' lang='grc' dir='ltr'><strong>τὰ</strong></span> <span class='ocrx_word' id='word_1_660' title='bbox 3203 3321 3368 3394; x_wconf 83' lang='grc' dir='ltr'>θηρία</span> <span class='ocrx_word' id='word_1_661' title='bbox 3391 3322 3661 3393; x_wconf 81' lang='grc' dir='ltr'>φεύγοντα</span> <span class='ocrx_word' id='word_1_662' title='bbox 3685 3329 3779 3392; x_wconf 85' lang='grc' dir='ltr'><strong>είς</strong></span> 
     </span>
    </p>
   </div>
   <div class='ocr_carea' id='block_1_96' title="bbox 2181 3408 3777 3492">
    <p class='ocr_par' dir='ltr' id='par_1_96' title="bbox 2181 3408 3777 3492">
     <span class='ocr_line' id='line_1_96' title="bbox 2181 3408 3777 3492; baseline 0.006 -31"><span class='ocrx_word' id='word_1_663' title='bbox 2181 3408 2488 3482; x_wconf 3' lang='grc' dir='ltr'>τάςηκοίτας</span> <span class='ocrx_word' id='word_1_664' title='bbox 2522 3411 2700 3466; x_wconf 81' lang='grc' dir='ltr'>αὐτῶν</span> <span class='ocrx_word' id='word_1_665' title='bbox 2737 3412 3018 3476; x_wconf 75' lang='grc' dir='ltr'>σώζονται.</span> <span class='ocrx_word' id='word_1_666' title='bbox 3045 3413 3229 3468; x_wconf 80' lang='grc' dir='ltr'>Ταῦτα</span> <span class='ocrx_word' id='word_1_667' title='bbox 3254 3415 3310 3468; x_wconf 89' lang='grc' dir='ltr'>δὲ</span> <span class='ocrx_word' id='word_1_668' title='bbox 3345 3415 3497 3487; x_wconf 75' lang='grc' dir='ltr'>ἔλεγε</span> <span class='ocrx_word' id='word_1_669' title='bbox 3537 3415 3626 3470; x_wconf 82' lang='grc' dir='ltr'>διὰ</span> <span class='ocrx_word' id='word_1_670' title='bbox 3667 3418 3777 3492; x_wconf 77' lang='grc' dir='ltr'><strong>τὴν</strong></span> 
     </span>
    </p>
   </div>
   <div class='ocr_carea' id='block_1_97' title="bbox 2181 3501 2884 3573">
    <p class='ocr_par' dir='ltr' id='par_1_97' title="bbox 2181 3501 2884 3573">
     <span class='ocr_line' id='line_1_97' title="bbox 2181 3501 2884 3573; baseline 0.01 -19"><span class='ocrx_word' id='word_1_671' title='bbox 2181 3501 2450 3572; x_wconf 81' lang='grc' dir='ltr'>ὠφέλειαν</span> <span class='ocrx_word' id='word_1_672' title='bbox 2481 3503 2587 3556; x_wconf 80' lang='grc' dir='ltr'>τῶν</span> <span class='ocrx_word' id='word_1_673' title='bbox 2619 3503 2884 3573; x_wconf 80' lang='grc' dir='ltr'>ἀδελφῶν.</span> 
     </span>
    </p>
   </div>
   <div class='ocr_carea' id='block_1_98' title="bbox 2384 3619 3554 3693">
    <p class='ocr_par' dir='ltr' id='par_1_98' title="bbox 2384 3619 3554 3693">
     <span class='ocr_line' id='line_1_98' title="bbox 2384 3619 3554 3693; baseline 0.003 -19"><span class='ocrx_word' id='word_1_674' title='bbox 2384 3619 2524 3688; x_wconf 75' lang='grc' dir='ltr'>Περὶ</span> <span class='ocrx_word' id='word_1_675' title='bbox 2547 3619 2653 3674; x_wconf 86' lang='grc' dir='ltr'><strong>τοῦ</strong></span> <span class='ocrx_word' id='word_1_676' title='bbox 2681 3619 2831 3676; x_wconf 80' lang='grc' dir='ltr'><strong>ἀόϐᾶ</strong></span> <span class='ocrx_word' id='word_1_677' title='bbox 2869 3621 3139 3678; x_wconf 74' lang='grc' dir='ltr'>Ἰωάννου</span> <span class='ocrx_word' id='word_1_678' title='bbox 3164 3623 3272 3678; x_wconf 85' lang='grc' dir='ltr'><strong>τοῦ</strong></span> <span class='ocrx_word' id='word_1_679' title='bbox 3294 3622 3554 3693; x_wconf 82' lang='grc' dir='ltr'>Πέρσου.</span> 
     </span>
    </p>
   </div>
   <div class='ocr_carea' id='block_1_99' title="bbox 2253 3724 3774 3807">
    <p class='ocr_par' dir='ltr' id='par_1_99' title="bbox 2253 3724 3774 3807">
     <span class='ocr_line' id='line_1_99' title="bbox 2253 3724 3774 3807; baseline 0.003 -25"><span class='ocrx_word' id='word_1_680' title='bbox 2253 3735 2322 3782; x_wconf 81' lang='grc' dir='ltr'>α’.</span> <span class='ocrx_word' id='word_1_681' title='bbox 2357 3724 2530 3783; x_wconf 65' lang='grc' dir='ltr'><strong>*Ηλθὲ</strong></span> <span class='ocrx_word' id='word_1_682' title='bbox 2573 3748 2699 3784; x_wconf 86' lang='grc' dir='ltr'>ποτε</span> <span class='ocrx_word' id='word_1_683' title='bbox 2737 3732 2948 3785; x_wconf 86' lang='grc' dir='ltr'>παιδίον</span> <span class='ocrx_word' id='word_1_684' title='bbox 2993 3733 3396 3806; x_wconf 80' lang='grc' dir='ltr'>θεραπευθῆναι</span> <span class='ocrx_word' id='word_1_685' title='bbox 3435 3733 3544 3789; x_wconf 82' lang='grc' dir='ltr'><strong>ἀπὺ</strong></span> <span class='ocrx_word' id='word_1_686' title='bbox 3574 3732 3774 3807; x_wconf 76' lang='grc' dir='ltr'>δαίμο-</span> 
     </span>
    </p>
   </div>
   <div class='ocr_carea' id='block_1_100' title="bbox 2181 3821 3773 3898">
    <p class='ocr_par' dir='ltr' id='par_1_100' title="bbox 2181 3821 3773 3898">
     <span class='ocr_line' id='line_1_100' title="bbox 2181 3821 3773 3898; baseline 0.006 -27"><span class='ocrx_word' id='word_1_687' title='bbox 2181 3835 2300 3882; x_wconf 76' lang='grc' dir='ltr'>νος’</span> <span class='ocrx_word' id='word_1_688' title='bbox 2332 3821 2427 3872; x_wconf 74' lang='grc' dir='ltr'><strong>καὶ</strong></span> <span class='ocrx_word' id='word_1_689' title='bbox 2465 3822 2775 3892; x_wconf 88' lang='grc' dir='ltr'>παρέϐαλον</span> <span class='ocrx_word' id='word_1_690' title='bbox 2809 3822 3028 3892; x_wconf 79' lang='grc' dir='ltr'>ἀδελφοὶ</span> <span class='ocrx_word' id='word_1_691' title='bbox 3067 3825 3175 3878; x_wconf 83' lang='grc' dir='ltr'>ἀπὸ</span> <span class='ocrx_word' id='word_1_692' title='bbox 3221 3826 3487 3879; x_wconf 85' lang='grc' dir='ltr'>κοινοϐίου</span> <span class='ocrx_word' id='word_1_693' title='bbox 3521 3829 3621 3898; x_wconf 84' lang='grc' dir='ltr'><strong>τῆς</strong></span> <span class='ocrx_word' id='word_1_694' title='bbox 3669 3829 3773 3881; x_wconf 78' lang='lat' dir='ltr'><strong>Al-</strong></span> 
     </span>
    </p>
   </div>
   <div class='ocr_carea' id='block_1_101' title="bbox 2180 3909 3777 3991">
    <p class='ocr_par' dir='ltr' id='par_1_101' title="bbox 2180 3909 3777 3991">
     <span class='ocr_line' id='line_1_101' title="bbox 2180 3909 3777 3991; baseline 0.006 -28"><span class='ocrx_word' id='word_1_695' title='bbox 2180 3909 2408 3979; x_wconf 80' lang='grc' dir='ltr'>γύπτου.</span> <span class='ocrx_word' id='word_1_696' title='bbox 2433 3914 2541 3966; x_wconf 81' lang='grc' dir='ltr'><strong>Καὶ</strong></span> <span class='ocrx_word' id='word_1_697' title='bbox 2562 3913 2790 3978; x_wconf 82' lang='grc' dir='ltr'>ἐξελθὼν</span> <span class='ocrx_word' id='word_1_698' title='bbox 2806 3916 2834 3967; x_wconf 92' lang='lat'><strong>6</strong></span> <span class='ocrx_word' id='word_1_699' title='bbox 2856 3915 3034 3986; x_wconf 88' lang='grc' dir='ltr'>γέρων</span> <span class='ocrx_word' id='word_1_700' title='bbox 3071 3913 3179 3970; x_wconf 74' lang='grc' dir='ltr'>εἶδε</span> <span class='ocrx_word' id='word_1_701' title='bbox 3211 3919 3303 3972; x_wconf 80' lang='grc' dir='ltr'><strong>τὸν</strong></span> <span class='ocrx_word' id='word_1_702' title='bbox 3325 3918 3553 3988; x_wconf 73' lang='grc' dir='ltr'>ἀδελφὸν</span> <span class='ocrx_word' id='word_1_703' title='bbox 3578 3920 3777 3991; x_wconf 69' lang='grc' dir='ltr'>ἁμαρ.</span> 
     </span>
    </p>
   </div>
   <div class='ocr_carea' id='block_1_102' title="bbox 2179 4003 3771 4081">
    <p class='ocr_par' dir='ltr' id='par_1_102' title="bbox 2179 4003 3771 4081">
     <span class='ocr_line' id='line_1_102' title="bbox 2179 4003 3771 4081; baseline 0.005 -24"><span class='ocrx_word' id='word_1_704' title='bbox 2179 4003 2409 4059; x_wconf 85' lang='grc' dir='ltr'>τάνοντα</span> <span class='ocrx_word' id='word_1_705' title='bbox 2447 4007 2583 4076; x_wconf 82' lang='grc' dir='ltr'><strong>μετά</strong></span> <span class='ocrx_word' id='word_1_706' title='bbox 2625 4006 2718 4060; x_wconf 81' lang='grc' dir='ltr'>τοῦ</span> <span class='ocrx_word' id='word_1_707' title='bbox 2766 4007 3000 4073; x_wconf 83' lang='grc' dir='ltr'>παιδίου,</span> <span class='ocrx_word' id='word_1_708' title='bbox 3033 4009 3128 4062; x_wconf 78' lang='grc' dir='ltr'>καὶ</span> <span class='ocrx_word' id='word_1_709' title='bbox 3174 4009 3274 4063; x_wconf 82' lang='grc' dir='ltr'><strong>οὐκ</strong></span> <span class='ocrx_word' id='word_1_710' title='bbox 3313 4010 3540 4081; x_wconf 73' lang='grc' dir='ltr'>ἤλεγξεν</span> <span class='ocrx_word' id='word_1_711' title='bbox 3572 4012 3771 4080; x_wconf 74' lang='grc' dir='ltr'>αὐτὸν,</span> 
     </span>
    </p>
   </div>
   <div class='ocr_carea' id='block_1_103' title="bbox 2179 4096 3777 4170">
    <p class='ocr_par' dir='ltr' id='par_1_103' title="bbox 2179 4096 3777 4170">
     <span class='ocr_line' id='line_1_103' title="bbox 2179 4096 3777 4170; baseline 0.006 -22"><span class='ocrx_word' id='word_1_712' title='bbox 2179 4096 2355 4164; x_wconf 88' lang='grc' dir='ltr'>λέγων</span> <span class='ocrx_word' id='word_1_713' title='bbox 2376 4115 2391 4128; x_wconf 80' lang='grc'><em>’</em></span> <span class='ocrx_word' id='word_1_714' title='bbox 2428 4099 2490 4150; x_wconf 80' lang='lat' dir='ltr'><strong>Ei</strong></span> <span class='ocrx_word' id='word_1_715' title='bbox 2523 4100 2552 4151; x_wconf 84' lang='lat'><strong>6</strong></span> <span class='ocrx_word' id='word_1_716' title='bbox 2580 4098 2712 4162; x_wconf 84' lang='grc' dir='ltr'>Θεὸς</span> <span class='ocrx_word' id='word_1_717' title='bbox 2745 4101 2773 4153; x_wconf 88' lang='lat'><strong>6</strong></span> <span class='ocrx_word' id='word_1_718' title='bbox 2802 4099 3013 4163; x_wconf 84' lang='grc' dir='ltr'>πλάσας</span> <span class='ocrx_word' id='word_1_719' title='bbox 3041 4101 3235 4164; x_wconf 81' lang='grc' dir='ltr'>αὐτοὺς</span> <span class='ocrx_word' id='word_1_720' title='bbox 3266 4100 3480 4170; x_wconf 79' lang='grc' dir='ltr'>βλέπων</span> <span class='ocrx_word' id='word_1_721' title='bbox 3519 4103 3580 4155; x_wconf 80' lang='grc' dir='ltr'>οὐ</span> <span class='ocrx_word' id='word_1_722' title='bbox 3617 4104 3777 4157; x_wconf 80' lang='grc' dir='ltr'>καίει</span> 
     </span>
    </p>
   </div>
   <div class='ocr_carea' id='block_1_104' title="bbox 2180 4189 3409 4262">
    <p class='ocr_par' dir='ltr' id='par_1_104' title="bbox 2180 4189 3409 4262">
     <span class='ocr_line' id='line_1_104' title="bbox 2180 4189 3409 4262; baseline 0.005 -20"><span class='ocrx_word' id='word_1_723' title='bbox 2180 4189 2398 4253; x_wconf 77' lang='grc' dir='ltr'>αὐτοὺς,</span> <span class='ocrx_word' id='word_1_724' title='bbox 2429 4190 2539 4259; x_wconf 76' lang='grc' dir='ltr'>ἐγὼ</span> <span class='ocrx_word' id='word_1_725' title='bbox 2573 4191 2654 4256; x_wconf 85' lang='grc' dir='ltr'><strong>τίς</strong></span> <span class='ocrx_word' id='word_1_726' title='bbox 2683 4193 2799 4262; x_wconf 82' lang='grc' dir='ltr'>εἰμι</span> <span class='ocrx_word' id='word_1_727' title='bbox 2839 4193 2927 4247; x_wconf 82' lang='grc' dir='ltr'>ἵνα</span> <span class='ocrx_word' id='word_1_728' title='bbox 2950 4193 3152 4262; x_wconf 80' lang='grc' dir='ltr'>ἐλέγξω</span> <span class='ocrx_word' id='word_1_729' title='bbox 3180 4193 3409 4259; x_wconf 74' lang='grc' dir='ltr'>αὑτούςς</span> 
     </span>
    </p>
   </div>
   <div class='ocr_carea' id='block_1_105' title="bbox 2253 4367 3778 4443">
    <p class='ocr_par' dir='ltr' id='par_1_105' title="bbox 2253 4367 3778 4443">
     <span class='ocr_line' id='line_1_105' title="bbox 2253 4367 3778 4443; baseline 0.002 -21"><span class='ocrx_word' id='word_1_730' title='bbox 2253 4367 2317 4438; x_wconf 80' lang='grc' dir='ltr'><strong>β’.</strong></span> <span class='ocrx_word' id='word_1_731' title='bbox 2367 4369 2675 4438; x_wconf 79' lang='grc' dir='ltr'>Διηγήσατό</span> <span class='ocrx_word' id='word_1_732' title='bbox 2717 4387 2801 4435; x_wconf 87' lang='grc' dir='ltr'><strong>τις</strong></span> <span class='ocrx_word' id='word_1_733' title='bbox 2838 4370 2948 4424; x_wconf 83' lang='grc' dir='ltr'><strong>τῶν</strong></span> <span class='ocrx_word' id='word_1_734' title='bbox 2991 4372 3250 4442; x_wconf 87' lang='grc' dir='ltr'>Πατέρων</span> <span class='ocrx_word' id='word_1_735' title='bbox 3305 4372 3432 4443; x_wconf 68' lang='grc' dir='ltr'>περὶ</span> <span class='ocrx_word' id='word_1_736' title='bbox 3474 4370 3568 4424; x_wconf 77' lang='grc' dir='ltr'>τοῦ</span> <span class='ocrx_word' id='word_1_737' title='bbox 3619 4371 3778 4425; x_wconf 71' lang='grc' dir='ltr'>ἀϐϐᾶ</span> 
     </span>
    </p>
   </div>
   <div class='ocr_carea' id='block_1_106' title="bbox 2192 4457 3777 4532">
    <p class='ocr_par' dir='ltr' id='par_1_106' title="bbox 2192 4457 3777 4532">
     <span class='ocr_line' id='line_1_106' title="bbox 2192 4457 3777 4532; baseline 0.003 -23"><span class='ocrx_word' id='word_1_738' title='bbox 2192 4457 2439 4511; x_wconf 82' lang='grc' dir='ltr'>Ἰωάννου</span> <span class='ocrx_word' id='word_1_739' title='bbox 2468 4458 2564 4510; x_wconf 81' lang='grc' dir='ltr'>τοῦ</span> <span class='ocrx_word' id='word_1_740' title='bbox 2587 4459 2829 4530; x_wconf 84' lang='grc' dir='ltr'>Πέρσου,</span> <span class='ocrx_word' id='word_1_741' title='bbox 2864 4461 2946 4514; x_wconf 76' lang='grc' dir='ltr'>ὅτι</span> <span class='ocrx_word' id='word_1_742' title='bbox 2979 4463 3043 4514; x_wconf 86' lang='grc' dir='ltr'>ὲκ</span> <span class='ocrx_word' id='word_1_743' title='bbox 3088 4462 3186 4532; x_wconf 80' lang='grc' dir='ltr'>τῆς</span> <span class='ocrx_word' id='word_1_744' title='bbox 3223 4461 3426 4530; x_wconf 81' lang='grc' dir='ltr'>πολλῆς</span> <span class='ocrx_word' id='word_1_745' title='bbox 3454 4461 3621 4514; x_wconf 77' lang='grc' dir='ltr'>αὐτοῦ</span> <span class='ocrx_word' id='word_1_746' title='bbox 3667 4463 3777 4530; x_wconf 78' lang='grc' dir='ltr'>χά-</span> 
     </span>
    </p>
   </div>
   <div class='ocr_carea' id='block_1_107' title="bbox 2185 4548 3779 4624">
    <p class='ocr_par' dir='ltr' id='par_1_107' title="bbox 2185 4548 3779 4624">
     <span class='ocr_line' id='line_1_107' title="bbox 2185 4548 3779 4624; baseline 0.004 -23"><span class='ocrx_word' id='word_1_747' title='bbox 2185 4565 2331 4618; x_wconf 84' lang='grc' dir='ltr'>ριτος</span> <span class='ocrx_word' id='word_1_748' title='bbox 2368 4551 2448 4613; x_wconf 79' lang='grc' dir='ltr'><strong>εἰς</strong></span> <span class='ocrx_word' id='word_1_749' title='bbox 2486 4549 2793 4622; x_wconf 80' lang='grc' dir='ltr'>βαθυτάτην</span> <span class='ocrx_word' id='word_1_750' title='bbox 2835 4553 3032 4624; x_wconf 76' lang='grc' dir='ltr'>ἤλασεν</span> <span class='ocrx_word' id='word_1_751' title='bbox 3059 4555 3316 4608; x_wconf 86' lang='grc' dir='ltr'>ἀκακίαν.</span> <span class='ocrx_word' id='word_1_752' title='bbox 3348 4548 3514 4618; x_wconf 78' lang='grc' dir='ltr'>Οὗτος</span> <span class='ocrx_word' id='word_1_753' title='bbox 3543 4553 3599 4607; x_wconf 82' lang='grc' dir='ltr'>δὲ</span> <span class='ocrx_word' id='word_1_754' title='bbox 3631 4556 3779 4624; x_wconf 78' lang='grc' dir='ltr'>ἐμε-</span> 
     </span>
    </p>
   </div>
   <div class='ocr_carea' id='block_1_108' title="bbox 2181 4639 3781 4715">
    <p class='ocr_par' dir='ltr' id='par_1_108' title="bbox 2181 4639 3781 4715">
     <span class='ocr_line' id='line_1_108' title="bbox 2181 4639 3781 4715; baseline 0.006 -26"><span class='ocrx_word' id='word_1_755' title='bbox 2181 4655 2271 4690; x_wconf 89' lang='grc' dir='ltr'><strong>νεν</strong></span> <span class='ocrx_word' id='word_1_756' title='bbox 2309 4640 2368 4691; x_wconf 78' lang='grc' dir='ltr'>ὲν</span> <span class='ocrx_word' id='word_1_757' title='bbox 2416 4639 2645 4712; x_wconf 81' lang='grc' dir='ltr'>Ἀραϐίᾳ</span> <span class='ocrx_word' id='word_1_758' title='bbox 2687 4645 2786 4711; x_wconf 77' lang='grc' dir='ltr'><strong>τῆς</strong></span> <span class='ocrx_word' id='word_1_759' title='bbox 2835 4643 3136 4711; x_wconf 81' lang='grc' dir='ltr'>Αἰγύπτου.</span> <span class='ocrx_word' id='word_1_760' title='bbox 3183 4645 3482 4715; x_wconf 83' lang='grc' dir='ltr'>Ἐχρήσατο</span> <span class='ocrx_word' id='word_1_761' title='bbox 3527 4645 3584 4699; x_wconf 84' lang='grc' dir='ltr'><strong>δέ</strong></span> <span class='ocrx_word' id='word_1_762' title='bbox 3633 4663 3781 4699; x_wconf 81' lang='grc' dir='ltr'>ποτε</span> 
     </span>
    </p>
   </div>
   <div class='ocr_carea' id='block_1_109' title="bbox 2181 4730 3778 4809">
    <p class='ocr_par' dir='ltr' id='par_1_109' title="bbox 2181 4730 3778 4809">
     <span class='ocr_line' id='line_1_109' title="bbox 2181 4730 3778 4809; baseline 0.007 -28"><span class='ocrx_word' id='word_1_763' title='bbox 2181 4730 2331 4800; x_wconf 86' lang='grc' dir='ltr'><strong>παρά</strong></span> <span class='ocrx_word' id='word_1_764' title='bbox 2355 4730 2584 4800; x_wconf 80' lang='grc' dir='ltr'>ἁδελφοῦ</span> <span class='ocrx_word' id='word_1_765' title='bbox 2610 4733 2667 4786; x_wconf 80' lang='grc' dir='ltr'>ἒν</span> <span class='ocrx_word' id='word_1_766' title='bbox 2689 4732 2940 4804; x_wconf 87' lang='grc' dir='ltr'>χρύσινον</span> <span class='ocrx_word' id='word_1_767' title='bbox 2964 4735 3098 4808; x_wconf 77' lang='grc'><strong>(51),</strong></span> <span class='ocrx_word' id='word_1_768' title='bbox 3127 4737 3221 4791; x_wconf 73' lang='grc' dir='ltr'>καὶ</span> <span class='ocrx_word' id='word_1_769' title='bbox 3254 4739 3491 4809; x_wconf 75' lang='grc' dir='ltr'>ἠγόρασε</span> <span class='ocrx_word' id='word_1_770' title='bbox 3523 4737 3778 4806; x_wconf 61' lang='lat' dir='ltr'><strong>itu-apta,</strong></span> 
     </span>
    </p>
   </div>
   <div class='ocr_carea' id='block_1_110' title="bbox 2181 4998 3782 5076">
    <p class='ocr_par' dir='ltr' id='par_1_110' title="bbox 2181 4998 3782 5076">
     <span class='ocr_line' id='line_1_110' title="bbox 2181 4998 3782 5076; baseline 0.011 -26"><span class='ocrx_word' id='word_1_771' title='bbox 2181 5003 2268 5076; x_wconf 53' lang='lat' dir='ltr'><strong>get</strong></span> <span class='ocrx_word' id='word_1_772' title='bbox 2305 4998 2672 5076; x_wconf 81' lang='lat' dir='ltr'><strong>explicatione</strong></span> <span class='ocrx_word' id='word_1_773' title='bbox 2696 4999 2748 5054; x_wconf 94' lang='lat' dir='ltr'><strong>in</strong></span> <span class='ocrx_word' id='word_1_774' title='bbox 2778 5001 3220 5076; x_wconf 74' lang='lat' dir='ltr'><strong>locumtermini</strong></span> <span class='ocrx_word' id='word_1_775' title='bbox 3251 5006 3487 5076; x_wconf 80' lang='lat' dir='ltr'><strong>expositi</strong></span> <span class='ocrx_word' id='word_1_776' title='bbox 3520 5008 3782 5067; x_wconf 82' lang='lat' dir='ltr'><strong>intrusa.</strong></span> 
     </span>
    </p>
   </div>
   <div class='ocr_carea' id='block_1_111' title="bbox 2181 5067 3789 5138">
    <p class='ocr_par' dir='ltr' id='par_1_111' title="bbox 2181 5067 3789 5138">
     <span class='ocr_line' id='line_1_111' title="bbox 2181 5067 3789 5138; baseline 0.011 -20"><span class='ocrx_word' id='word_1_777' title='bbox 2181 5067 2530 5138; x_wconf 63' lang='lat' dir='ltr'><strong>Theophanis</strong></span> <span class='ocrx_word' id='word_1_778' title='bbox 2563 5080 2742 5124; x_wconf 86' lang='lat' dir='ltr'><strong>autent</strong></span> <span class='ocrx_word' id='word_1_779' title='bbox 2791 5072 2932 5126; x_wconf 86' lang='grc' dir='ltr'>κατὰ</span> <span class='ocrx_word' id='word_1_780' title='bbox 2963 5073 3278 5137; x_wconf 81' lang='grc' dir='ltr'>ὁλοκοτίνιν,</span> <span class='ocrx_word' id='word_1_781' title='bbox 3315 5067 3580 5130; x_wconf 76' lang='lat' dir='ltr'><strong>mutatum</strong></span> <span class='ocrx_word' id='word_1_782' title='bbox 3615 5089 3700 5134; x_wconf 86' lang='lat' dir='ltr'><strong>cst</strong></span> <span class='ocrx_word' id='word_1_783' title='bbox 3747 5098 3789 5136; x_wconf 83' lang='lat' dir='ltr'><strong>a</strong></span> 
     </span>
    </p>
   </div>
   <div class='ocr_carea' id='block_1_112' title="bbox 2182 5135 3790 5214">
    <p class='ocr_par' dir='ltr' id='par_1_112' title="bbox 2182 5135 3790 5214">
     <span class='ocr_line' id='line_1_112' title="bbox 2182 5135 3790 5214; baseline 0.009 -25"><span class='ocrx_word' id='word_1_784' title='bbox 2182 5135 2392 5214; x_wconf 73' lang='lat' dir='ltr'><strong>anai‘a</strong></span> <span class='ocrx_word' id='word_1_785' title='bbox 2427 5140 2478 5191; x_wconf 92' lang='lat' dir='ltr'><strong>in</strong></span> <span class='ocrx_word' id='word_1_786' title='bbox 2507 5140 2592 5207; x_wconf 80' lang='grc' dir='ltr'>ἐφ’</span> <span class='ocrx_word' id='word_1_787' title='bbox 2623 5139 2836 5214; x_wconf 69' lang='grc' dir='ltr'>εκάστῳ</span> <span class='ocrx_word' id='word_1_788' title='bbox 2859 5145 3174 5214; x_wconf 82' lang='grc' dir='ltr'>νομίσματι,</span> <span class='ocrx_word' id='word_1_789' title='bbox 3209 5164 3237 5197; x_wconf 78' lang='lat' dir='ltr'><strong>:t</strong></span> <span class='ocrx_word' id='word_1_790' title='bbox 3261 5135 3505 5200; x_wconf 80' lang='lat' dir='ltr'><strong>Cedrcno</strong></span> <span class='ocrx_word' id='word_1_791' title='bbox 3540 5148 3593 5200; x_wconf 85' lang='lat' dir='ltr'><strong>in</strong></span> <span class='ocrx_word' id='word_1_792' title='bbox 3623 5135 3790 5204; x_wconf 65' lang='grc' dir='ltr'>κατὰ</span> 
     </span>
    </p>
   </div>
   <div class='ocr_carea' id='block_1_113' title="bbox 2181 5208 3793 5285">
    <p class='ocr_par' dir='ltr' id='par_1_113' title="bbox 2181 5208 3793 5285">
     <span class='ocr_line' id='line_1_113' title="bbox 2181 5208 3793 5285; baseline 0.009 -27"><span class='ocrx_word' id='word_1_793' title='bbox 2181 5208 2444 5285; x_wconf 72' lang='grc' dir='ltr'>νόμισμα,</span> <span class='ocrx_word' id='word_1_794' title='bbox 2477 5208 2818 5285; x_wconf 69' lang='lat' dir='ltr'><strong>trapslatttm</strong></span> <span class='ocrx_word' id='word_1_795' title='bbox 2839 5208 2965 5285; x_wconf 74' lang='lat' dir='ltr'><strong>vero</strong></span> <span class='ocrx_word' id='word_1_796' title='bbox 2996 5208 3066 5267; x_wconf 82' lang='lat' dir='ltr'><strong>ab</strong></span> <span class='ocrx_word' id='word_1_797' title='bbox 3104 5215 3415 5276; x_wconf 75' lang='lat' dir='ltr'><strong>Anastasio,</strong></span> <span class='ocrx_word' id='word_1_798' title='bbox 3454 5234 3546 5285; x_wconf 76' lang='lat' dir='ltr'><strong>per</strong></span> <span class='ocrx_word' id='word_1_799' title='bbox 3579 5219 3793 5285; x_wconf 70' lang='lat' dir='ltr'><strong>singu-</strong></span> 
     </span>
    </p>
   </div>
   <div class='ocr_carea' id='block_1_114' title="bbox 2183 5276 3791 5355">
    <p class='ocr_par' dir='ltr' id='par_1_114' title="bbox 2183 5276 3791 5355">
     <span class='ocr_line' id='line_1_114' title="bbox 2183 5276 3791 5355; baseline 0.009 -26"><span class='ocrx_word' id='word_1_800' title='bbox 2183 5276 2262 5355; x_wconf 69' lang='lat' dir='ltr'><strong>los</strong></span> <span class='ocrx_word' id='word_1_801' title='bbox 2291 5293 2500 5355; x_wconf 69' lang='lat' dir='ltr'><strong>aureos.</strong></span> <span class='ocrx_word' id='word_1_802' title='bbox 2538 5277 2602 5331; x_wconf 82' lang='lat' dir='ltr'><strong>Et</strong></span> <span class='ocrx_word' id='word_1_803' title='bbox 2639 5280 2857 5355; x_wconf 83' lang='lat' dir='ltr'><strong>quidem</strong></span> <span class='ocrx_word' id='word_1_804' title='bbox 2883 5283 3157 5349; x_wconf 82' lang='lat' dir='ltr'><strong>Josephus</strong></span> <span class='ocrx_word' id='word_1_805' title='bbox 3202 5276 3791 5355; x_wconf 55' lang='lat' dir='ltr'><strong>Scaliger&#39;Dis&#39;set-ta-</strong></span> 
     </span>
    </p>
   </div>
   <div class='ocr_carea' id='block_1_115' title="bbox 2180 5348 3793 5423">
    <p class='ocr_par' dir='ltr' id='par_1_115' title="bbox 2180 5348 3793 5423">
     <span class='ocr_line' id='line_1_115' title="bbox 2180 5348 3793 5423; baseline 0.012 -26"><span class='ocrx_word' id='word_1_806' title='bbox 2180 5348 2326 5423; x_wconf 74' lang='lat' dir='ltr'><strong>tione</strong></span> <span class='ocrx_word' id='word_1_807' title='bbox 2350 5348 2416 5423; x_wconf 75' lang='lat' dir='ltr'><strong>de</strong></span> <span class='ocrx_word' id='word_1_808' title='bbox 2439 5364 2495 5402; x_wconf 88' lang='lat' dir='ltr'><strong>rc</strong></span> <span class='ocrx_word' id='word_1_809' title='bbox 2520 5351 2846 5423; x_wconf 83' lang='lat' dir='ltr'><strong>nu_t_nnt.._ria,</strong></span> <span class='ocrx_word' id='word_1_810' title='bbox 2874 5370 2907 5423; x_wconf 93' lang='lat' dir='ltr'><strong>p</strong></span> <span class='ocrx_word' id='word_1_811' title='bbox 2956 5348 3045 5415; x_wconf 16' lang='lat'><strong>55’,</strong></span> <span class='ocrx_word' id='word_1_812' title='bbox 3068 5357 3142 5406; x_wconf 86' lang='lat' dir='ltr'><strong>ait</strong></span> <span class='ocrx_word' id='word_1_813' title='bbox 3163 5348 3377 5409; x_wconf 64' lang='lat' dir='ltr'><strong>mirunf</strong></span> <span class='ocrx_word' id='word_1_814' title='bbox 3392 5358 3616 5410; x_wconf 80' lang='lat' dir='ltr'><strong>verbum</strong></span> <span class='ocrx_word' id='word_1_815' title='bbox 3639 5373 3793 5416; x_wconf 83' lang='lat' dir='ltr'><strong>esse</strong></span> 
     </span>
    </p>
   </div>
   <div class='ocr_carea' id='block_1_116' title="bbox 2177 5415 3792 5482">
    <p class='ocr_par' dir='ltr' id='par_1_116' title="bbox 2177 5415 3792 5482">
     <span class='ocr_line' id='line_1_116' title="bbox 2177 5415 3792 5482; baseline 0.009 -14"><span class='ocrx_word' id='word_1_816' title='bbox 2177 5415 2531 5479; x_wconf 81' lang='grc' dir='ltr'>ὁλοκοτίνους.</span> <span class='ocrx_word' id='word_1_817' title='bbox 2585 5417 2853 5476; x_wconf 76' lang='lat' dir='ltr'><strong>Henricus</strong></span> <span class='ocrx_word' id='word_1_818' title='bbox 2874 5415 3066 5478; x_wconf 73' lang='lat' dir='ltr'><strong>autem</strong></span> <span class='ocrx_word' id='word_1_819' title='bbox 3092 5425 3342 5480; x_wconf 78' lang='lat' dir='ltr'><strong>Valesius</strong></span> <span class='ocrx_word' id='word_1_820' title='bbox 3368 5425 3436 5478; x_wconf 82' lang='lat' dir='ltr'><strong>ad</strong></span> <span class='ocrx_word' id='word_1_821' title='bbox 3468 5415 3792 5482; x_wconf 62' lang='lat' dir='ltr'><strong>Theodori;</strong></span> 
     </span>
    </p>
   </div>
   <div class='ocr_carea' id='block_1_117' title="bbox 2179 5487 3793 5557">
    <p class='ocr_par' dir='ltr' id='par_1_117' title="bbox 2179 5487 3793 5557">
     <span class='ocr_line' id='line_1_117' title="bbox 2179 5487 3793 5557; baseline 0.011 -21"><span class='ocrx_word' id='word_1_822' title='bbox 2179 5494 2289 5557; x_wconf 82' lang='lat' dir='ltr'><strong>tum</strong></span> <span class='ocrx_word' id='word_1_823' title='bbox 2323 5487 2573 5556; x_wconf 86' lang='lat' dir='ltr'><strong>ignorare</strong></span> <span class='ocrx_word' id='word_1_824' title='bbox 2621 5505 2680 5544; x_wconf 87' lang='lat' dir='ltr'><strong>se</strong></span> <span class='ocrx_word' id='word_1_825' title='bbox 2727 5490 2929 5546; x_wconf 83' lang='lat' dir='ltr'><strong>fatetur</strong></span> <span class='ocrx_word' id='word_1_826' title='bbox 2970 5510 3168 5549; x_wconf 79' lang='lat' dir='ltr'><strong>nomen</strong></span> <span class='ocrx_word' id='word_1_827' title='bbox 3217 5494 3540 5550; x_wconf 68' lang='lat' dir='ltr'><strong>Graecnmne</strong></span> <span class='ocrx_word' id='word_1_828' title='bbox 3582 5498 3657 5550; x_wconf 88' lang='lat' dir='ltr'><strong>sit</strong></span> <span class='ocrx_word' id='word_1_829' title='bbox 3694 5515 3793 5557; x_wconf 82' lang='lat' dir='ltr'><strong>an</strong></span> 
     </span>
    </p>
   </div>
   <div class='ocr_carea' id='block_1_118' title="bbox 2178 5556 3802 5634">
    <p class='ocr_par' dir='ltr' id='par_1_118' title="bbox 2178 5556 3802 5634">
     <span class='ocr_line' id='line_1_118' title="bbox 2178 5556 3802 5634; baseline 0.012 -28"><span class='ocrx_word' id='word_1_830' title='bbox 2178 5556 2616 5634; x_wconf 34' lang='lat' dir='ltr'><strong>liarbarmnltlui</strong></span> <span class='ocrx_word' id='word_1_831' title='bbox 2649 5575 2778 5616; x_wconf 79' lang='lat' dir='ltr'><strong>vero</strong></span> <span class='ocrx_word' id='word_1_832' title='bbox 2803 5573 3008 5622; x_wconf 84' lang='lat' dir='ltr'><strong>notam.</strong></span> <span class='ocrx_word' id='word_1_833' title='bbox 3045 5565 3192 5634; x_wconf 89' lang='lat' dir='ltr'><strong>quod</strong></span> <span class='ocrx_word' id='word_1_834' title='bbox 3241 5567 3408 5620; x_wconf 42' lang='lat' dir='ltr'><strong>tantis</strong></span> <span class='ocrx_word' id='word_1_835' title='bbox 3433 5567 3567 5620; x_wconf 83' lang='lat' dir='ltr'><strong>viris</strong></span> <span class='ocrx_word' id='word_1_836' title='bbox 3618 5556 3802 5624; x_wconf 46' lang='lat' dir='ltr'><strong>ineo;</strong></span> 
     </span>
    </p>
   </div>
   <div class='ocr_carea' id='block_1_119' title="bbox 2174 5627 3799 5704">
    <p class='ocr_par' dir='ltr' id='par_1_119' title="bbox 2174 5627 3799 5704">
     <span class='ocr_line' id='line_1_119' title="bbox 2174 5627 3799 5704; baseline 0.011 -27"><span class='ocrx_word' id='word_1_837' title='bbox 2174 5627 2423 5704; x_wconf 60' lang='lat' dir='ltr'><strong>gnitutn}</strong></span> <span class='ocrx_word' id='word_1_838' title='bbox 2453 5627 2576 5680; x_wconf 84' lang='lat' dir='ltr'><strong>Mihi</strong></span> <span class='ocrx_word' id='word_1_839' title='bbox 2603 5646 2707 5683; x_wconf 89' lang='lat' dir='ltr'><strong>non</strong></span> <span class='ocrx_word' id='word_1_840' title='bbox 2729 5635 2956 5704; x_wconf 80' lang='lat' dir='ltr'><strong>omnino</strong></span> <span class='ocrx_word' id='word_1_841' title='bbox 2975 5634 3030 5686; x_wconf 86' lang='lat' dir='ltr'><strong>fit</strong></span> <span class='ocrx_word' id='word_1_842' title='bbox 3059 5627 3438 5704; x_wconf 80' lang='lat' dir='ltr'><strong>improbabile,</strong></span> <span class='ocrx_word' id='word_1_843' title='bbox 3465 5637 3799 5698; x_wconf 82' lang='lat' dir='ltr'><strong>holocotini</strong></span> 
     </span>
    </p>
   </div>
   <div class='ocr_carea' id='block_1_120' title="bbox 2173 5696 3798 5764">
    <p class='ocr_par' dir='ltr' id='par_1_120' title="bbox 2173 5696 3798 5764">
     <span class='ocr_line' id='line_1_120' title="bbox 2173 5696 3798 5764; baseline 0.012 -18"><span class='ocrx_word' id='word_1_844' title='bbox 2173 5709 2371 5750; x_wconf 89' lang='lat' dir='ltr'><strong>nomen</strong></span> <span class='ocrx_word' id='word_1_845' title='bbox 2393 5696 2680 5751; x_wconf 85' lang='lat' dir='ltr'><strong>formatum</strong></span> <span class='ocrx_word' id='word_1_846' title='bbox 2714 5702 2886 5757; x_wconf 83' lang='lat' dir='ltr'><strong>fuisse</strong></span> <span class='ocrx_word' id='word_1_847' title='bbox 2910 5721 2973 5758; x_wconf 76' lang='lat' dir='ltr'><strong>ex</strong></span> <span class='ocrx_word' id='word_1_848' title='bbox 3000 5696 3260 5759; x_wconf 72' lang='lat' dir='ltr'><strong>nonnulla</strong></span> <span class='ocrx_word' id='word_1_849' title='bbox 3287 5696 3554 5761; x_wconf 27' lang='lat' dir='ltr'><strong>allus—ioue</strong></span> <span class='ocrx_word' id='word_1_850' title='bbox 3574 5707 3643 5760; x_wconf 82' lang='lat' dir='ltr'><strong>ad</strong></span> <span class='ocrx_word' id='word_1_851' title='bbox 3669 5696 3798 5764; x_wconf 61' lang='grc' dir='ltr'>κόεξ</span> 
     </span>
    </p>
   </div>
  </div>
