3982 6336
244 286 342 344 257

1401 294 2006 355 APOPHTHEGMATA
2042 299 2349 361 PATBUII.

3367 302 3472 364 238

246 409 327 464 ινα
350 406 677 480 ἐργάσηται.
704 407 815 462 Kal
834 403 997 481 ἦλθεν
1017 409 1243 482 ἀδελφὸς
1270 415 1602 486 παρακαλῶν
1628 418 1803 482 αὐτὸν,

1914 427 1976 473 ut
2008 430 2349 491 operaretur.
2376 419 2533 476 Venit
2565 421 2729 479 frater
2756 436 2958 495 rogans
2983 438 3131 492 eum,
3156 438 3220 482 ac
3238 422 3428 485 dicens
3450 440 3473 484 ι

242 500 333 555 καὶ
359 500 568 567 λέγων’
600 498 839 571 Χάρισαῖ
889 518 1015 572 μοι,
1049 502 1214 566 assa,
1247 503 1403 574 ὀλίγα
1434 505 1673 580 λινάρια,
1721 510 1811 569 ἵνα

241 592 445 661 ποιήσω
469 589 695 661 ἐμαυτῷ
721 589 1007 647 λεῦίτωνα.
1032 594 1141 647 Kal.
1162 593 1360 650 ἔδωκεν
1380 597 1528 669 αὑτῷ
1552 598 1694 670 μετά
1712 617 1811 670 χα-

240 683 360 754 ρᾶς.
403 679 637 751 Ὁμοίως
667 681 725 735 δὲ
758 681 854 735 καὶ
890 682 1048 747 ἀλλος
1083 680 1213 756 ἦλθε
1251 690 1580 757 παρακαλῶν
1608 692 1768 746 αὐτόν
1792 709 1805 723 ·

238 772 334 835 Δός
391 789 484 842 μοι
531 771 688 841 ὀλίγα
732 771 980 844 λινάρια,
1038 774 1126 828 ῖνα
1174 778 1384 848 ποιήσω
1431 797 1532 849 μου
1583 782 1806 839 λέντιον.

241 861 447 915 Ἔδωκε
474 860 532 915 δὲ
556 863 652 916 καὶ⁴
683 861 832 933 αὐτῴ
859 863 1080 934 ὁμοίως.
1116 866 1226 920 Kal
1247 866 1424 921 ἄλλων
1445 871 1805 941 αἰτησάντων,

234 951 403 1006 ἐδίδου
429 951 619 1016 ἁπλῶς
644 951 781 1023 μετά
808 954 1002 1025 χαρᾶς.
1036 954 1305 1027 Ὕστερον
1322 957 1543 1031 ἔρχεται
1570 964 1598 1015 6
1621 962 1808 1035 κύριος

232 1041 326 1095 τοῦ
365 1041 670 1095 ὀλοκοτῖνου
728 1040 897 1095 θέλων
940 1042 1103 1100 αὑτό.“
1137 1045 1299 1115 Λέγει
1341 1049 1492 1119 αὐτῷ
1523 1052 1552 1105 6
1595 1052 1804 1124 γέρων·

245 1130 386 1200 Ἐγὼ
413 1132 608 1201 ὑπάγω
631 1131 726 1185 καὶ
751 1132 901 1203 φέρω
929 1149 1010 1185 σοι
1034 1133 1187 1188 αὐτό.
1220 1136 1330 1191 Kal
1364 1140 1438 1212 μή
1472 1140 1611 1211 ἔχων
1645 1144 1807 1196 πόθεν

231 1222 544 1286 ἀποδοῦναι,
574 1222 770 1295 ἀνέστη
792 1223 1046 1278 ἀπελθεῖν
1072 1227 1207 1297 πρὸς
1226 1227 1317 1282 τὸν
1338 1230 1515 1286 ἀῦὄᾶν
1548 1233 1806 1288 Ἰάκωϐον

230 1315 322 1367 τδν
362 1315 461 1386 τῆς
495 1314 799 1379 διακονίας,
835 1314 1212 1388 παρακαλέσαι
1255 1320 1414 1374 αὑτὸν
1446 1320 1626 1377 δοῦναι
1657 1320 1807 1397 αὑτῷ

229 1405 291 1459 τὸ
316 1406 583 1477 νόμισμα,
616 1407 704 1460 ἵνα
738 1406 1007 1460 ἀποδώσει
1048 1405 1126 1478 τῷ
1168 1409 1398 1482 ἀδελφῷ.
1436 1414 1545 1466 Kal
1580 1414 1805 1484 ὑπάγων

230 1494 388 1571 εὗρεν
432 1498 742 1571 ὀλοκοτίνήν
789 1499 1040 1570 κείμενον
1084 1501 1279 1573 χαμαὶ,
1334 1504 1429 1558 καὶ
1477 1507 1576 1576 οὐχ
1631 1507 1804 1578 ἥψατο

231 1589 421 1645 αὐτοῦ.
452 1591 692 1659 Ποιήσας
716 1589 772 1644 δὲ
808 1589 994 1660 εὐχὴν,
1030 1590 1369 1663 ὑπέστρεψεν
1402 1597 1481 1659 εἰς
1508 1596 1568 1649 τὸ
1596 1598 1803 1654 κελλίον

1910 509 2099 576 Abba,
2145 511 2286 589 dona
2330 526 2521 583 parum
2564 511 2679 580 lini,
2718 528 2826 584 quo
2872 515 3004 570 mihi
3051 515 3245 571 faciam
3280 514 3477 573 levito—

1911 616 2058 656 nem.
2080 602 2174 657 Ille
2198 601 2345 658 dedit
2366 618 2489 658 cum
2515 603 2721 659 laetitia.
2743 604 3009 662 Similiter
3036 607 3177 663 alius
3206 607 3475 665 accedens

1908 693 2208 763 postulavit
2230 694 2299 749 ab
2317 709 2382 749 eo
2407 709 2600 763 parum
2629 694 2722 750 lini
2756 694 2824 750 ad
2848 694 3156 753 faciendum
3184 698 3415 755 linteum
3448 715 3468 754 :

1908 783 1997 837 cui
2037 783 2241 853 pariter
2295 783 2536 839 tradidit.
2586 785 2722 841 Aliis
2767 800 2984 856 quoque
3025 788 3332 855 petentibus
3374 787 3473 842 da-

1908 870 2000 924 bat
2029 872 2350 941 simpliciter
2399 888 2524 928 cum
2563 873 2768 928 laetitia.
2792 873 2989 929 Postea
3035 875 3178 929 venit
3217 875 3471 932 dominus

1909 960 2224 1027 holocotini,
2258 963 2498 1033 illudque
2540 965 2775 1034 repetiit.
2826 964 2965 1020 Dicit
3011 964 3059 1020 ei
3108 980 3270 1021 senex
3307 985 3320 1019 :
3357 964 3468 1034 Ego

1907 1051 2224 1120 proficiscor
2257 1062 2311 1109 et
2353 1054 2518 1110 affero
2559 1055 2675 1109 tibi.
2705 1053 2816 1110 Nec
2862 1056 3068 1111 habens
3118 1056 3261 1111 unde
3308 1072 3470 1126 repo-

1907 1151 2079 1206 neret,
2116 1146 2354 1199 surrexit
2409 1154 2469 1199 ut
2517 1154 2766 1217 pergeret
2797 1145 2863 1200 ad
2898 1147 3144 1200 abbatem
3188 1134 3470 1211 Iacobum,

1908 1233 2057 1287 illum
2101 1234 2365 1288 diaconite
2413 1251 2506 1291 seu
2546 1236 2859 1297 ministerii,
2908 1245 3197 1307 rogaturus
3230 1244 3287 1290 ut
3319 1237 3472 1292 daret

1905 1321 1954 1375 ei
1988 1323 2365 1401 nummumqad
2400 1320 2732 1380 reddendum
2769 1324 2939 1378 fratri.
2981 1325 3161 1396 Itaque
3194 1327 3247 1380 in
3278 1327 3473 1381 itinere

1906 1411 2116 1468 invenit
2137 1413 2510 1469 holocotinum
2531 1417 2768 1486 positum
2802 1419 2983 1483 humi;
3013 1434 3119 1471 non
3136 1427 3315 1472 tamen
3348 1418 3471 1473 teti-

1904 1500 2002 1572 git.
2033 1503 2135 1559 Sed
2170 1505 2312 1560 facta
2339 1511 2586 1563 oratione
2615 1525 2866 1563 reversus
2891 1519 2974 1565 est
2997 1510 3050 1563 in
3075 1511 3265 1565 cellam
3287 1525 3467 1567 suam.

1907 1594 2065 1651 \‘enit
2113 1599 2281 1654 frater
2328 1599 2522 1655 iterum
2572 1603 2874 1656 molestiam
2932 1604 3035 1672 ipsi
3088 1604 3352 1659 exhibens
3391 1603 3466 1659 ob

229 1680 450 1737 ἑαυτοῦ.
482 1680 593 1735 Kal
620 1677 782 1751 ἦλθεν
821 1683 848 1734 6
873 1680 1100 1750 ἀδελφὸς
1137 1684 1301 1738 πάλιν
1333 1685 1505 1756 ὁχλῶν
1539 1687 1686 1759 αὑτῷ
1715 1687 1803 1743 διά

1907 1703 2209 1743 nummum.
2246 1690 2333 1743 Ait
2382 1690 2456 1745 illi
2506 1708 2665 1746 senex
2719 1674 2906 1747 :Mihi
2962 1694 3118 1763 plane
3171 1711 3315 1749 cura:
3358 1708 3466 1752 est.

226 1771 289 1827 τδ
319 1773 583 1845 νόμισμα.
616 1772 728 1828 Kal.
757 1773 905 1842 λέγει
939 1771 1088 1845 αὐτῷ
1113 1776 1141 1827 6
1167 1775 1376 1848 γέρων·
1420 1775 1560 1847 Ἐγὼ
1589 1757 1803 1848 πάντως

1903 1772 2228 1848 Rursusque
2257 1779 2466 1844 abiens,
2504 1780 2710 1834 invenit
2754 1797 3031 1834 nummum
3073 1780 3222 1834 humi
3251 1782 3341 1836 ubi
3371 1796 3468 1835 an-

228 1863 519 1935 φροντίζω.
558 1861 667 1918 Kal
690 1864 936 1922 ἀπελθὼν
968 1868 1147 1931 πάλιν,
1186 1864 1311 1941 εὗρε
1342 1868 1403 1923 τδ
1434 1870 1675 1944 νόμισμα
1704 1890 1801 1944 χα⁸

230 1954 328 2024 μαὶ
353 1955 488 2007 ὅπου
518 1950 618 2025 ἦν’
652 1955 744 2009 καὶ
773 1959 1006 2029 ποιήσας
1040 1959 1204 2032 εὐχὴν
1238 1959 1419 2024 πάλιν,
1460 1962 1802 2035 ὑπέστρεψεν

224 2048 304 2109 εἰς
324 2046 388 2099 τὸ
414 2046 625 2100 κελλῖον
653 2048 868 2104 ἑαυτοῦ.
903 2052 1010 2104 Kal
1041 2052 1148 2105 ἰδοὺ
1176 2054 1380 2123 ὁμοίως
1405 2049 1570 2123 ἦλθεν
1600 2059 1628 2110 6
1650 2056 1803 2110 ἀδελ·

226 2138 326 2206 φὺς
352 2140 384 2190 6
416 2138 589 2209 ὀχλῶν
630 2140 812 2196 αὐτόν.
845 2142 955 2195 Kal
980 2142 1124 2211 λέγει
1157 2146 1184 2197 6
1217 2144 1416 2216 γέρων,
1463 2148 1545 2200 ὅτι
1578 2148 1801 2212 Πάντως

225 2229 287 2282 eo
318 2228 471 2293 ἅπαξ
498 2228 656 2283 τοῦτο
689 2227 839 2301 φέρω
867 2232 1015 2287 αὐτό.
1054 2235 1163 2286 Kal
1191 2237 1430 2300 ἀναστὰς
1458 2238 1641 2301 πάλιν,
1668 2236 1798 2311 ἦλθε

224 2320 347 2372 κατ’
382 2318 592 2372 ἐκείνου
622 2319 718 2374 τοῦ
747 2321 941 2375 τόπου’
985 2324 1079 2376 καὶ
1121 2319 1280 2396 εὗρεν
1305 2326 1436 2380 αὐτὸ
1470 2328 1585 2381 ἐκεῖ
1612 2330 1800 2400 κείμε-

223 2422 336 2463 νον.
366 2409 475 2462 Kal
500 2410 733 2481 ποιήσας
753 2411 939 2483 εὐχήν,
969 2413 1160 2469 ἐλαϐεν
1182 2417 1333 2470 αὑτό.
1358 2419 1467 2472 Kal.
1491 2414 1622 2489 ἦλθε
1661 2421 1798 2492 πρὸς

222 2498 315 2552 τὸν
349 2499 527 2554 ἀϐσᾶν
573 2502 847 2567 Ἱάκωὸον,
879 2503 977 2559 καὶ
1008 2504 1156 2574 λέγει
1198 2507 1347 2578 αὐτῷ
1368 2524 1382 2537 ·
1419 2508 1605 2574 ’Δ66ἀ,
1643 2512 1799 2581 ἐρχό-

224 2606 391 2661 μενος
434 2591 574 2662 πρὸς
611 2592 671 2646 σὲ
703 2586 860 2664 εὗρον
889 2595 953 2649 τὸ
988 2596 1227 2668 νόμισμα
1258 2598 1416 2653 τοῦτο
1464 2601 1522 2653 έν
1558 2605 1622 2672 τῇ
1656 2602 1795 2673 66c;-

221 2681 452 2753 ποίησον
478 2679 573 2737 οὖν
598 2684 840 2756 ἀγάπην,
866 2686 964 2741 καὶ
1003 2688 1238 2759 κήρυξον
1268 2692 1327 2744 ὲν
1352 2693 1418 2763 τῇ
1449 2692 1633 2765 ὲνορῖᾳ
1660 2694 1797 2764 (52),

224 2775 391 2845 μήτις
423 2773 703 2829 ἀπώλεσεν
734 2777 900 2831 αὑτόο
932 2776 1027 2831 καὶ
1066 2778 1162 2833 έάν
1198 2780 1396 2853 εὑρεθῇ
1423 2784 1453 2836 6
1483 2781 1670 2853 κύριος
1701 2785 1799 2838 alia

219 2864 340 2927 τοῦ,
391 2864 482 2929 δὸς
529 2866 680 2921 αὑτό.
748 2867 1020 2922 ’Δπελθὼν
1064 2865 1157 2924 οὖν
1205 2871 1235 2924 6
1271 2872 1470 2942 γέρων,
1517 2874 1610 2928 ἐπὶ
1649 2876 1799 2945 τρεῖς

221 2956 439 3026 ἡμέρας
482 2957 747 3027 ἐκήρυξε·
786 2958 879 3011 καὶ
920 2959 1095 3023 οὐδεὶς
1133 2960 1332 3032 εὑρέθη
1365 2963 1395 3016 6
1428 2962 1701 3028 ἀπολέσας
1736 2964 1798 3018 ’τδ

222 3046 658 3149 νόμισμα-Τότε
708 3046 854 3117 λέγει
903 3050 932 3101 6
969 3050 1147 3122 γέρων
1191 3051 1270 3122 τῷ
1307 3052 1453 3124 assa
1525 3053 1794 3125 Ἰακώϐῳ·
1825 3094 1867 3149 C

221 3137 286 3192 Et
318 3133 417 3192 οὖν
448 3138 623 3201 οὐδεὶς
647 3139 777 3192 αὐτὸ
801 3139 1071 3205 ἀπώλεσε,
1100 3142 1189 3206 δὸς
1225 3143 1355 3197 αὐτὸ
1382 3143 1516 3214 τῷδε
1543 3144 1620 3215 τῷ
1644 3146 1798 3200 ἀδελ-

223 3229 310 3297 φῷ
332 3246 349 3261 ο
409 3229 670 3299 χρεωστῶ
722 3230 832 3302 γὰρ
885 3232 1036 3302 αὐτῷ
1055 3249 1068 3261 ·
1126 3233 1222 3286 καὶ
1272 3233 1563 3305 ἐρχόμενος
1617 3236 1800 3290 λαϐεῖν

225 3319 377 3389 παρά
432 3318 527 3372 σοῦ
576 3321 797 3392 ἀγάπην
850 3324 945 3377 καὶ
987 3324 1279 3380 ἀποδοῦναι
1326 3327 1388 3380 τὸ
1435 3328 1610 3398 χρέος,
1642 3323 1800 3403 εὖρον

224 3408 376 3463 αὐτό.
423 3411 536 3464 Kal
572 3412 881 3483 ἐθαύμασεν
920 3416 949 3468 6
977 3415 1175 3485 γέρων,
1209 3416 1326 3482 πῶς
1369 3418 1660 3488 χρεωστῶν
1706 3420 1801 3475 καὶ

223 3499 405 3572 εὑρὼν
436 3503 541 3556 οὐκ
569 3503 770 3568 εὐθέως
797 3504 954 3558 ἔλασε
983 3507 1075 3560 καὶ
1104 3506 1304 3561 ἔδωκεν
1329 3508 1477 3562 αὑτό.
1504 3510 1615 3563 Kal.
1643 3511 1801 3564 τοῦτο

221 3591 281 3646 δὲ
320 3588 392 3664 ἦν
435 3593 601 3647 αὐτοῦ
640 3595 701 3649 τὸ
745 3596 1088 3668 θαυμαστὸν,
1120 3598 1204 3652 ὅτι
1238 3600 1286 3653 εἰ
1317 3600 1516 3671 ήρχετό
1546 3618 1632 3665 τις
1665 3603 1800 3674 χρή-

227 3683 427 3737 σασθαι
453 3686 584 3757 παρ’
619 3686 783 3741 αὐτοῦ
812 3687 867 3740 τι
903 3702 1054 3754 ποτε,
1083 3689 1145 3743 οὐ
1177 3689 1245 3744 δι’
1271 3691 1467 3744 ἑαυτοῦ
1512 3695 1795 3764 παρεῖχεν,

226 3775 341 3829 ἀλλ’
377 3775 528 3844 ἔλεγε
566 3777 645 3847 τῷ
673 3777 920 3848 ἀδελφῷ⁶
963 3778 1202 3847 Ὕπαγε,
1243 3780 1455 3850 σεαυτῷ
1494 3775 1626 3852 ἆρον
1656 3782 1709 3834 ef
1744 3798 1800 3835 τι

225 3865 482 3936 χρῄζειςο
515 3867 612 3920 καὶ
639 3870 687 3922 εῖ
715 3867 930 3941 ἔφερεν,
964 3869 1147 3939 ἔλεγεν
1175 3870 1324 3940 αὐτῷ
1342 3886 1355 3899 ’
1410 3871 1637 3926 Ἀπόθου
1667 3871 1799 3926 αὐτὸ

228 3957 390 4010 πάλιν
422 3957 504 4021 εἰς
532 3957 623 4010 τδν
650 3958 814 4012 τόπον
839 3959 1022 4014 αὑτοῦ.
1055 3958 1118 4013 El
1140 3959 1197 4013 δὲ
1229 3960 1351 4015 οὐδὲ
1382 3960 1577 4035 ἔφερεν
1605 3963 1634 4016 6
1659 3960 1799 4033 λαμ-

106 4056 109 4057 '
225 4046 429 4111 σάνων,
457 4049 607 4103 οὐδὲν
638 4049 822 4118 ἔλεγεν
847 4049 1014 4122 αὐτῷ.

284 4142 363 4204 γ’.
400 4136 625 4205 Ἔλεγον
666 4139 796 4210 περὶ
827 4138 919 4194 τοῦ
953 4139 1098 4196 acea
1144 4141 1391 4197 Ἰωάννου
1434 4141 1529 4197 τοῦ
1566 4142 1796 4217 Πέρσου,

227 4222 311 4281 ὅτι
328 4226 655 4299 κακούργων
674 4227 823 4301 αὐτῷ
842 4232 1372 4303 ἐπιστάντων,νιπτῆ
1382 4250 1447 4305 ρα
1468 4233 1797 4306 προσέφερε,

229 4316 327 4371 καὶ
367 4316 524 4388 ἠξίου
561 4318 689 4383 τοὺς
722 4318 886 4386 πόδας
940 4321 1117 4376 αὐτῶν
1155 4324 1389 4377 νίπτειν
1430 4326 1673 4380 κάκεῖνοι
1715 4327 1799 4382 αῖ-

229 4405 506 4471 δισθέντες
540 4413 815 4479 μετανοεῖν
842 4411 1092 4485 ἢρξαντο.

303 4583 366 4639 δ’.
397 4582 535 4639 Εἰπέ
567 4602 651 4649 τις
690 4582 770 4656 τῷ
806 4582 952 4659 άϐϐᾷ
993 4587 1214 4660 Ἰωάννῃ
1247 4589 1323 4660 τῷ
1353 4590 1558 4662 Πέρσῃ,
1583 4591 1667 4645 ὅτι
1699 4584 1800 4645 το-

238 4673 426 4727 σοῦτον
453 4675 620 4728 κόπον
647 4676 979 4747 ἐποιήσαμεν
1010 4676 1098 4732 διὰ
1131 4679 1229 4750 τὴν
1263 4679 1537 4750 βασιλείαν
1571 4679 1678 4734 τῶν
1712 4682 1801 4735 οὑ-

239 4766 416 4838 ρανῶν
438 4782 453 4798 °
478 4763 587 4839 ἆρα
607 4766 1013 4839 κληρονομῆσαι
1040 4770 1213 4842 αὐτὴν
1232 4769 1435 4841 ’ἔχομεν
1455 4771 1617 4833 ;-Kal.
1649 4764 1801 4828 εἶπεν

232 4859 263 4912 ὁ
284 4859 467 4929 γέρων
488 4875 504 4891 ο
541 4858 685 4929 Ἐγὼ
715 4859 954 4914 πιστεύω
989 4861 1396 4933 κληρονομῆσαι
1422 4862 1520 4934 τὴν
1558 4858 1669 4918 ἄνω
1705 4865 1802 4918 Ἰε-

239 4949 521 5021 ρουσαλὴμ
544 4951 641 5021 τὴν
664 4951 1166 5025 ἀπογεγραμμένην
1194 4952 1252 5005 ὲν
1281 4956 1394 5017 τοῖς
1419 4953 1684 5025 οὐρανοῖς.
1708 4954 1807 5009 [It-

239 5043 360 5104 οτδς
379 5043 489 5113 γὰρ
510 5044 545 5094 6
565 5045 1201 5116 ὲπαγγειλάμενοςΔιατί
1222 5044 1279 5098 δὲ
1311 5046 1627 5116 ἀπιστήσως
1653 5042 1808 5099 Φιλό-

238 5130 388 5197 ξενος
427 5132 504 5195 ὼς
542 5134 570 5185 6
619 5133 867 5204 Ἀϐραὰμ
894 5134 1091 5203 γέγονα
1114 5172 1131 5198 ,
1161 5131 1339 5204 πραῢς
1362 5133 1438 5196 ὡς
1475 5134 1505 5185 ὅ
1542 5133 1803 5203 Μωῦσῆςν

238 5321 740 5397 τινον.οιοαειτιιήι,
786 5324 1067 5397 praemium
1107 5324 1348 5397 in_ludis
1385 5325 1702 5397 Olympicis,
1748 5335 1808 5381 ut

241 5392 421 5463 fuerit
481 5410 735 5449 nmnmus
788 5392 1093 5449 occasione
1162 5395 1402 5450 donativi
1455 5392 1691 5463 alicujus
1743 5412 1811 5453 ao

242 5462 445 5533 prtemii
475 5466 708 5534 primum
725 5480 913 5520 cusus.
939 5463 994 5519 Id
998 5465 1056 5534 si
1088 5479 1196 5519 non
1227 5464 1451 5534 arridet.
1477 5462 1611 5519 audi
1639 5466 1811 5534 majo-

243 5531 332 5603 res
355 5531 528 5602 nugas
543 5531 888 5603 Graecorum:
916 5533 970 5588 iu
997 5531 1347 5603 Etymologiis
1367 5550 1435 5589 ex
1457 5535 1657 5590 Orione
1677 5531 1813 5590 Tlte-

245 5601 404 5674 bano,
424 5600 547 5674 eod.
584 5600 716 5674 Reg.
753 5603 938 5674 Περὶ
962 5600 1126 5674 2113,
1148 5600 1471 5660 ὀλοκοτένιν·
1505 5605 1594 5659 διὰ
1623 5605 1684 5658 τὸ
1717 5606 1810 5671 τὸν

244 5669 362 5725 δλον
415 5673 573 5727 κότον
623 5669 693 5726 ἐν
738 5670 911 5741 αὐτῷ.
960 5672 1073 5729 Hoc
1118 5683 1224 5735 est.
1264 5685 1324 5729 ut
1365 5675 1626 5756 arbitror.
1660 5669 1806 5743 qttod

1902 1872 1986 1921 tea
2011 1876 2163 1934 erat;
2201 1866 2450 1937 factaque
2472 1869 2649 1923 adhuc
2675 1885 2853 1938 prece,
2881 1870 2933 1922 in
2966 1870 3156 1924 cellam
3192 1884 3346 1925 suam
3379 1886 3469 1924 re-

1901 1959 2023 2015 diit.
2047 1961 2227 2031 Atque
2250 1976 2319 2015 en
2353 1961 2472 2030 pari
2517 1960 2678 2014 modo
2724 1961 2956 2015 accessit
2998 1959 3184 2027 frater,
3213 1961 3262 2014 ei
3296 1960 3456 2015 mole-

1900 2058 2040 2107 stus.
2067 2050 2204 2105 Tum
2228 2064 2393 2106 senex
2428 2069 2442 2104 :
2478 2051 2657 2114 Certe,
2678 2050 2874 2121 inquit,
2899 2051 3124 2104 omnino
3152 2051 3256 2106 hoc
3285 2053 3461 2122 ipsum

1896 2141 2007 2211 jam
2048 2141 2181 2197 fero.
2215 2140 2569 2212 Surgensque
2634 2143 2854 2206 iterum,
2901 2142 3146 2213 pervenit
3191 2143 3256 2197 ad
3311 2144 3462 2198 illum

1902 2231 2107 2294 locum,
2138 2239 2306 2301 atque
2331 2232 2536 2285 invenit
2556 2231 2804 2286 eumdem
2826 2244 3109 2286 nummum
3136 2233 3247 2288 illic
3273 2234 3463 2302 jacen-

1898 2325 2027 2378 tem.
2060 2321 2207 2378 Fecit
2254 2323 2417 2393 igitur
2447 2323 2771 2388 orationem,
2813 2319 3074 2392 illumque
3116 2321 3366 2392 sumpsit.
3395 2320 3462 2376 Et

1895 2414 2043 2468 venit
2070 2413 2136 2468 ad
2168 2415 2416 2469 abbatem
2451 2413 2733 2474 Jacobum,
2765 2412 2855 2467 cui
2898 2411 3035 2466 dixit
3066 2429 3082 2467 :
3112 2412 3281 2479 Abba,
3311 2413 3378 2468 ad
3406 2421 3464 2470 te

1897 2502 2151 2566 veniens,
2190 2504 2367 2572 reperi
2398 2504 2454 2557 in
2481 2506 2568 2557 via
2595 2514 2877 2557 nummum
2921 2504 3086 2560 hunc.
3120 2505 3329 2559 Exerce
3357 2502 3461 2572 igi-

1899 2599 1989 2645 tur
2033 2592 2378 2653 cbaritatem,
2409 2592 2644 2662 praedicat
2680 2605 2779 2661 per
2828 2592 3123 2661 regionem,
3158 2606 3289 2648 num
3336 2593 3463 2662 quis

1897 2682 2143 2736 amiserit
2173 2697 2298 2737 eum
2328 2698 2343 2736 :
2377 2682 2520 2751 quod
2572 2682 2619 2736 si
2666 2682 2922 2738 inventus
2972 2682 3136 2737 fuerit
3186 2683 3462 2748 dominus,

1898 2775 2070 2831 trade.
2099 2774 2382 2830 Profectus
2413 2788 2545 2846 ergo
2583 2788 2771 2841 senex,
2817 2786 2913 2845 per
2942 2784 3055 2832 tres
3105 2777 3224 2832 dies
3255 2777 3460 2847 praedi-

1895 2866 2057 2930 cavit,
2109 2880 2210 2923 nec
2260 2866 2548 2937 quisquam
2612 2873 2858 2936 repertus
2908 2875 2991 2921 est
3037 2862 3131 2936 qui
3180 2880 3464 2921 nummum

1897 2955 2241 3027 perdidisset.
2273 2955 2428 3011 Tunc
2461 2968 2628 3010 senex
2658 2956 2735 3009 ait
2760 2956 2827 3010 ad
2858 2956 3105 3010 abbatem
3138 2954 3401 3010 Iacobum
3434 2970 3454 3010 :

1899 3047 1958 3101 Si
1991 3048 2173 3117 itaque
2204 3060 2369 3101 nemo
2412 3056 2537 3100 eum
2576 3044 2832 3114 perdidit,
2858 3046 2925 3098 da
2955 3045 3032 3098 illi
3063 3043 3252 3109 fratri;
3281 3044 3459 3099 debeo

1895 3139 2042 3193 enim
2077 3138 2158 3203 ei;
2195 3135 2579 3207 profectusque
2615 3141 2676 3188 ut
2712 3149 2744 3189 a
2780 3141 2833 3189 te
2871 3134 3173 3204 acciperem
3218 3133 3465 3189 charita-

1900 3238 2030 3294 tem,
2068 3242 2132 3282 ac
2162 3227 2439 3282 redderem
2490 3225 2757 3288 debitum,
2785 3222 2936 3277 illum
2984 3230 3178 3277 nactus
3224 3236 3373 3277 sum.
3397 3219 3464 3276 Et

1900 3321 2133 3376 miratus
2153 3327 2240 3373 est
2265 3331 2453 3382 senex,
2479 3315 2756 3385 quomodo
2780 3329 2904 3368 cum
2937 3313 3159 3369 deberet
3184 3318 3350 3382 atque
3375 3313 3455 3367 in~

1898 3411 2169 3473 venisset,
2206 3423 2316 3462 non
2363 3406 2669 3476 accepisset
2718 3404 2902 3460 statim
2946 3418 3014 3458 ao
3046 3403 3309 3460 dedisset.
3350 3400 3465 3457 Hoc

1899 3516 2117 3578 quoque
2145 3505 2199 3559 in
2243 3503 2362 3573 ipso
2413 3500 2661 3555 mirabile
2711 3498 2942 3561 exstitit,
2969 3496 3115 3567 quod
3142 3497 3187 3550 si
3211 3496 3339 3566 quis
3367 3509 3462 3550 ac-

1898 3579 2178 3662 cessisset,
2213 3600 2562 3649 mutuaturus
2596 3589 2874 3662 quidpiam
2905 3589 2975 3642 ab
3010 3602 3100 3650 eo,
3131 3596 3239 3641 non
3285 3601 3383 3657 per
3401 3599 3464 3642 se

1898 3688 2194 3759 praebebat,
2228 3685 2326 3742 sed
2377 3684 2594 3739 dicebat
2643 3681 2842 3736 fratri:
2877 3679 3045 3741 Vade.
3091 3679 3219 3733 tolle
3257 3678 3358 3734 tibi
3404 3676 3462 3734 id

1898 3794 2008 3851 quo
2037 3778 2250 3847 indiges
2282 3792 2296 3830 :
2329 3777 2377 3831 si
2415 3790 2547 3830 vero
2570 3772 2869 3834 retulisset,
2901 3770 3084 3825 aiebat
3106 3770 3157 3824 ei
3185 3787 3200 3823 :
3234 3767 3459 3838 Bepone

1899 3870 2095 3925 iterum
2142 3867 2274 3923 illud
2303 3868 2358 3922 in
2400 3868 2578 3921 locum
2633 3878 2816 3919 suum.
2852 3862 3005 3927 Quod
3037 3861 3083 3917 si
3113 3861 3205 3930 qui
3235 3875 3465 3930 accepe-

1899 3970 2003 4027 rat,
2034 3959 2167 4015 nihil
2201 3957 2438 4021 aﬁerret,
2470 3956 2520 4011 ei
2564 3953 2703 4010 nihil
2730 3951 3027 4022 quidquam
3076 3948 3422 4019 loquebatur.

1969 4131 2024 4189 3.
2056 4132 2132 4187 De
2154 4131 2349 4186 abbate
2377 4122 2586 4183 lenone
2607 4125 2772 4180 Persa
2803 4120 3134 4182 referebant,
3154 4100 3296 4189 quod
3328 4116 3463 4173 faci-

1897 4225 2116 4282 norosis
2141 4219 2454 4278 hominibus
2476 4219 2530 4273 in
2559 4232 2681 4271 eum
2701 4211 3231 4284 supervenientibus.
3256 4210 3450 4280 pelvim
3508 4254 3513 4258 .

1900 4318 2077 4373 attulit
2113 4330 2178 4370 ac
2206 4320 2395 4369 earum
2450 4310 2615 4381 pedes
2645 4309 2823 4361 lavare
2858 4302 3063 4370 voluit;
3094 4302 3171 4356 illi
3202 4314 3329 4357 vero
3363 4314 3465 4372 pu—

1835 4421 1879 4476 ι)
1907 4407 2039 4463 dore
2065 4401 2279 4467 Suffusl,
2306 4409 2466 4471 atque
2481 4398 2882 4468 resipi3centes,
2899 4397 3183 4464 cmperunt
3204 4392 3466 4447 inclinato

1901 4506 2133 4568 corpore
2159 4493 2370 4550 veniam
2404 4490 2703 4562 poswlare.

1970 4564 2025 4641 ιζ
2070 4585 2212 4640 Dixit
2259 4581 2460 4649 aliquis
2504 4577 2686 4635 abbati
2727 4570 2922 4632 Joanni
2968 4572 3147 4631 persae
3188 4564 3468 4628 :Tantnm

1902 4675 2107 4734 laboris
2134 4675 2359 4729 tulimus
2389 4681 2609 4744 propter
2636 4682 2864 4741 regnum
2888 4668 3185 4728 caelorum;
3217 4679 3284 4717 an
3338 4679 3472 4716 con-

1903 4766 2192 4822 stituemur
2208 4762 2450 4817 hzeredes
2492 4758 2675 4814 illius?
2707 4758 2774 4811 Et
2806 4771 2974 4813 senex
3001 4754 3079 4808 ait
3107 4768 3121 4806 :
3147 4747 3323 4806 Credo
3348 4762 3470 4821 ego,

1903 4862 2325 4913 consecuturum
2349 4860 2435 4908 me
2459 4844 2827 4906 bareditatem
2859 4854 3108 4917 supernae
3132 4836 3467 4898 Hierusalem

1905 4946 2232 5014 eonscriptte
2261 4942 2315 4997 in
2349 4936 2525 4996 eatlis.
2558 4936 2759 4993 Fidelis
2787 4937 2929 4992 enim
2962 4945 3045 4991 est
3073 4933 3164 5005 qui
3198 4932 3471 5004 promisit.

1906 5037 2087 5104 Quare
2127 5042 2306 5091 autem
2354 5026 2688 5089 diffiderem?
2725 5030 2816 5104 qui
2852 5026 3138 5101 hospitalis
3181 5027 3366 5083 exstiti
3412 5032 3474 5080 ut

1906 5126 2204 5189 Abraham,
2242 5130 2556 5179 mansuetus
2583 5130 2643 5176 ut
2679 5118 2912 5191 Moyses,
2945 5126 3167 5175 sanctus
3209 5124 3469 5185 tauquam

1908 5329 1962 5382 in
2005 5327 2096 5380 illo
2134 5325 2189 5381 fit
2239 5332 2345 5378 tota
2402 5324 2683 5386 simultas,
2737 5319 3010 5378 contentio
3056 5326 3113 5375 et
3173 5316 3466 5373 amulatio.

1982 5397 2094 5465 (52)
2122 5393 2402 5462 Κήρυξον
2422 5394 2491 5448 ἐν
2509 5391 2583 5461 τῇ
2605 5393 2827 5465 ἐνορίᾳ,
2858 5389 3057 5465 Pelagii
3077 5389 3257 5465 νει-εἰσ
3279 5386 3468 5442 eadem

1910 5458 2180 5537 valde'hic
2198 5458 2503 5537 llepravata
2534 5458 2654 5537 es_t._
2683 5458 2788 5537 Qui
2817 5460 2957 5537 enim
2993 5458 3202 5537 Graecis
3249 5469 3473 5537 respon-

1911 5536 2075 5591 deant
2094 5523 2309 5596 Latina',
2328 5532 2558 5601 pro’dica
2575 5523 2837 5601 jejunium
2852 5530 2876 5583 7
2891 5523 3475 5601 llivinabarnmrcedica

1911 5607 1965 5658 in
2018 5593 2339 5673 con/inium:
2375 5593 2831 5673 Editio'ljugdun.
2874 5598 3104 5669 pra-dim
3150 5593 3337 5661 illum;
3367 5606 3472 5649 tus.

1912 5671 2128 5727 Fossat.
2156 5672 2387 5733 tamdiu
2420 5671 2475 5723 in
2504 5672 2632 5725 vita.
