3994 6336
458 347 561 407 939

1634 321 1975 381 APPENDIX
2015 323 2104 377 AD
2142 316 2559 376 PALLADIUM.

3609 308 3724 367 2ιο

455 459 904 532 Αποιι,ιρτιιίοιιε
932 463 991 510 ut
1020 452 1144 517 Job,
1178 441 1402 505 humilis
1442 446 1589 503 velut
1624 446 1812 509 David,
1858 445 2027 500 eremi

2162 459 2287 512 ,γιος
2323 442 2398 506 ὡς
2430 442 2459 493 ό
2512 436 2724 510 Ἀαρὼν
2746 476 2761 501 ,
2811 430 3211 507 ὑπομονητικὺς
3247 430 3323 493 ὼς
3372 429 3402 483 ό
3437 426 3592 494 Ἰὼϐ,
3624 445 3696 483 τα
3749 466 3769 492 ,.

456 557 632 614 incola
656 551 990 613 utJoannes,
1026 546 1251 600 delletor
1281 543 1425 598 sicut
1450 538 1736 602 Jeremias,
1777 538 2033 609 magister

461 659 515 704 nt
544 646 771 707 Paulus,
797 641 970 697 ﬁdelis
999 638 1157 711 quasi
1179 635 1394 700 Petrus,
1418 633 1637 704 sapiens
1670 639 1728 685 ut
1753 629 2030 684 Salomon.

461 736 684 797 Conﬁdo
713 736 893 791 instar
920 732 1070 787 illius
1111 726 1365 790 latronis,
1396 725 1539 796 quod
1575 722 1665 792 qui
1697 738 1790 792 per
1815 720 1916 776 sibi
1948 721 2033 774 in-

451 829 688 901 genitam
723 823 1023 880 bonitatem
1055 820 1157 875 ista
1205 816 1337 870 mihi
1370 812 1710 886 gratiﬁcatus
1740 822 1844 875 est,
1871 811 2034 867 etiam

456 933 683 991 regnum
717 914 995 986 largietur.

849 1004 923 1058 De
955 1001 1147 1057 abbate
1184 998 1394 1053 Joanne
1425 996 1668 1052 Tltebwo.

531 1121 643 1192 (55)
685 1117 945 1171 Dicebant
983 1113 1050 1168 de
1084 1110 1294 1166 Joanne
1320 1109 1530 1165 minore
1565 1109 1823 1174 'l‘hcbmo,
1867 1107 2039 1164 disci-

461 1213 590 1284 pulo
623 1210 839 1266 abbatis
868 1204 1132 1269 Ammois,
1155 1204 1301 1274 quod
1333 1203 1622 1258 duodecim
1657 1217 1831 1257 annos
1854 1209 2039 1256 trans-

461 1304 633 1378 egerit
664 1304 717 1356 in
753 1298 1059 1354 ministerio
1097 1297 1247 1352 senis
1289 1305 1418 1352 tunc
1454 1296 1769 1367 aegrotantis
1796 1314 1809 1349 :
1833 1300 1888 1349 et
1916 1307 2040 1347 cum

461 1412 528 1452 eo
563 1395 788 1452 sedebat
819 1405 983 1461 super
1014 1395 1262 1443 mattam.
1293 1386 1362 1442 At
1395 1403 1561 1444 senex
1598 1386 1880 1441 videbatur
1916 1399 2040 1439 eum

462 1483 889 1560 parvipendcre;
921 1494 1157 1550 cumque
1187 1478 1482 1550 plurimum
1512 1494 1639 1550 erga
1671 1479 1850 1548 ipsum
1878 1478 2044 1533 labo-

463 1587 661 1644 rasset,
682 1589 958 1645 nunquam
994 1573 1043 1628 ei
1068 1571 1199 1626 dixit
1227 1591 1240 1626 :
1273 1570 1469 1626 Salvus
1487 1571 1586 1626 sis.
1607 1571 1836 1639 Quando
1861 1578 2043 1625 autem

463 1674 529 1728 ad
564 1672 757 1727 mortis
785 1678 999 1738 tempus
1021 1665 1194 1731 venit,
1226 1664 1546 1720 sedentibus
1578 1663 1825 1727 senibus,
1854 1676 2045 1732 appre-

2138 532 2447 602 πεινόφρων
2493 531 2570 592 ὡς
2619 529 2649 581 6
2687 524 2871 591 Aa6‘t6,
2925 524 3194 595 ὲρημίτης
3230 521 3305 585 ὡς
3356 520 3386 573 6
3440 519 3698 588 Ἰωάννης

2140 623 2394 687 πενθικὸς
2423 623 2498 686 ὼς
2541 624 2570 675 6
2619 618 2923 691 Ἱερεμίας,
2950 614 3274 678 διδάσκαλος
3305 612 3381 675 ὡς
3430 613 3458 665 6
3490 610 3703 675 Παῦλος

2139 713 2329 778 πιστὸς
2363 713 2438 776 ὡς
2480 714 2508 765 ὁ
2537 710 2765 779 Πέτρος,
2794 706 2957 778 σοφὸς
2996 706 3071 769 ὡς
3113 706 3142 758 6
3183 700 3473 774 Σολωμών.
3505 703 3615 756 Kal
3646 719 3730 754 πι-

2141 806 2317 859 στεύω
2344 805 2420 868 ὡς
2448 806 2476 857 6
2510 801 2735 874 λῃστὴς,
2767 801 2848 854 ὅτι
2880 801 2909 854 6
2933 796 3109 855 ταῦτά
3136 813 3225 868 μοι
3255 793 3623 868 χαρισάμενος
3659 793 3710 847 δι

2140 897 2351 952 οἰκείαν
2373 894 2705 964 ἀγαθότητα,
2747 892 2842 945 καὶ
2869 891 2968 962 τὴν
3001 887 3278 960 βασιλείαν
3301 886 3583 957 παράσχῃ.

2319 1007 2459 1076 ﬁeri
2486 1007 2592 1061 τοῦ
2625 1004 2775 1060 ἀϐὅᾶ
2818 1001 3101 1059 Ἰωάννου
3133 1000 3239 1056 τοῦ
3272 1000 3551 1068 Θηϐαίου.

2216 1123 2439 1190 Ἔλεγον
2469 1119 2595 1191 περὶ
2621 1118 2715 1171 τοῦ
2743 1115 2939 1188 μικροῦ
2955 1113 3205 1168 Ἰωάννου
3228 1110 3323 1165 τοῦ
3350 1109 3611 1183 Θηϐαίου,
3635 1105 3733 1162 τοῦ

2146 1214 2388 1288 μαθητοῦ
2417 1211 2511 1265 τοῦ
2549 1210 2694 1265 ἀόὃᾶ
2736 1207 2988 1281 ’Δμμώη,
3029 1208 3111 1261 ὅτι
3139 1204 3366 1260 δεκαδύο
3407 1203 3501 1277 ἔτη
3541 1203 3734 1273 ἐποιη-

2146 1289 2236 1360 σεν
2262 1301 2556 1376 ὑπηρετῶν
2583 1300 2661 1373 τῷ
2700 1300 2917 1372 γέροντι
2949 1299 3037 1353 ὅτε
3076 1297 3294 1369 ἠσθένει
3315 1312 3329 1327 ⁸
3359 1296 3454 1350 καὶ
3491 1295 3610 1366 μετ’
3637 1294 3739 1347 αῦ-

2143 1396 2238 1451 τοῦ
2280 1392 2349 1466 ἦν
2393 1396 2473 1457 εἰς
2516 1393 2579 1446 τὸ
2612 1391 2906 1464 χαράδριον
2952 1387 3283 1460 καθήμενος.
3324 1386 3437 1442 Kal
3485 1387 3516 1440 6
3549 1385 3734 1457 γέρων

2144 1486 2398 1557 ὀλιγώρει
2435 1484 2620 1538 ἐπάνω
2664 1481 2857 1537 αὐτοῦ’
2898 1481 2994 1536 καὶ
3033 1480 3204 1534 πολλὰ.
3242 1479 3583 1534 κοπιάσαντα
3617 1476 3738 1548 μετ’

2146 1576 2338 1641 αὑτοῦ,
2359 1575 2618 1628 οὐδέποτε
2649 1567 2801 1627 εἶπεν
2822 1570 2992 1642 αὐτῷ.
3011 1569 3272 1665 Σωθείηὶ.
3304 1570 3431 1621 Ὀτε
3454 1567 3510 1621 δὲ
3529 1566 3734 1637 ἧμελλε

2144 1669 2422 1739 τελευτᾷν,
2456 1663 2836 1736 καθεζομένων
2872 1662 2978 1716 τῶν
3006 1657 3277 1733 γερόντων
3296 1701 3311 1726 ,
3340 1659 3610 1730 ἐκράτησε
3636 1657 3737 1727 τὴν

464 1761 654 1818 hendit
679 1774 899 1816 manum
923 1756 1065 1828 ejus,
1098 1755 1345 1826 dixitque
1372 1756 1449 1809 illi
1476 1773 1490 1810 :
1519 1753 1716 1809 Salvus
1742 1753 1840 1816 sis,
1860 1751 2047 1808 salvus

2162 1762 2305 1833 (εἶρα
2332 1755 2519 1822 αὑτοῦ,
2540 1755 2636 1809 καὶ
2656 1754 2807 1824 λέγει
2831 1752 3005 1823 αὐτῷ·
3032 1751 3295 1823 Σωθείης,
3330 1748 3585 1818 σωθείης,
3630 1764 3738 1801 σω-

463 1854 560 1919 sis,
598 1853 781 1909 salvus
828 1850 908 1905 sis
939 1868 951 1904 :
980 1857 1034 1903 et
1070 1848 1292 1902 tradidit
1334 1862 1459 1903 eum
1510 1844 1759 1909 senibus,
1809 1842 2046 1900 dicens:

2162 1829 2336 1923 θείης·
2377 1849 2472 1902 καὶ
2504 1844 2824 1918 παρέδωκεν
2872 1843 3034 1897 αὐτὸν
3066 1845 3179 1907 τοῖς
3220 1841 3488 1912 γέρουσι,
3528 1837 3734 1907 λέγων’

467 1948 572 2002 iste
598 1945 825 2014 angelus
854 1950 959 2007 est,
997 1957 1103 1995 non
1138 1942 1318 1995 homo.

604 2054 684 2108 De
718 2052 906 2107 abbate
938 2051 1151 2106 Joanne
1182 2049 1444 2120 discipulo
1479 2048 1688 2104 abbatis
1719 2046 1906 2103 Pauli.

540 2230 654 2302 (δι)
691 2229 919 2285 Aiebam
962 2228 1031 2284 de
1070 2225 1281 2283 Joanne
1311 2226 1583 2297 discipulo
1625 2225 1840 2283 abbatis
1874 2224 2048 2289 Pauli,

466 2325 613 2397 quod
637 2338 829 2395 magna
851 2321 1157 2378 obedientia
1178 2319 1440 2391 praditus
1464 2318 1646 2374 fuerit.
1675 2316 1845 2372 Erant
1868 2325 2052 2372 autem

470 2416 704 2488 quodam
738 2415 793 2470 in
820 2415 940 2469 loco
960 2413 1235 2483 sepulcra,
1260 2411 1479 2481 illicque
1503 2410 1693 2481 hyaena
1715 2409 1899 2464 sedem
1925 2408 2055 2464 lixe-

471 2517 577 2564 rat.
622 2507 796 2563 Senex
835 2521 964 2561 vero
995 2506 1141 2561 circa
1174 2520 1297 2560 eum
1339 2504 1518 2558 locum
1551 2501 1687 2557 vidit
1718 2501 1884 2557 boum
1912 2510 2055 2557 ster-

459 2615 637 2667 cora;
684 2604 740 2655 et
768 2599 1025 2670 praecepit
1062 2596 1262 2673 ‘Joanni
1300 2603 1357 2650 ut
1396 2594 1572 2650 abiret
1611 2592 1937 2664 all‘erretque
1966 2607 2052 2648 ea.

463 2693 567 2749 ille
590 2693 672 2748 ait
702 2710 716 2747 :
747 2691 890 2758 Quid
924 2690 1145 2756 faciam,
1172 2689 1334 2753 abba,
1368 2695 1591 2759 propter
1619 2684 2056 2758 ItyaznamiTum

464 2801 642 2842 senex
684 2785 881 2856 jocans
930 2782 1050 2838 iniit
1083 2801 1096 2838 :
1131 2781 1190 2837 Si
1236 2780 1528 2837 adversum
1580 2787 1633 2836 te
1675 2780 1908 2845 venerit,
1949 2779 2054 2850 liga

468 2894 619 2943 eam,
653 2887 708 2933 et
736 2877 931 2932 adduc.
963 2874 1041 2930 Eo
1068 2874 1235 2945 igitur
1270 2873 1552 2945 profectus
1604 2879 1689 2928 est
1753 2872 1920 2926 frater
1961 2887 2056 2927 ve-

476 2972 640 3039 speri.
662 2969 728 3024 Et
763 2985 893 3025 ecce
929 2968 1115 3040 hyaena
1147 2967 1306 3021 irruit
1334 2980 1501 3036 super
1529 2979 1675 3021 eum.
1719 2963 1837 3035 Ipse
1869 2972 2055 3020 autem

472 3064 629 3132 juxta
660 3075 968 3118 sermonem
1005 3059 1153 3115 senis
1182 3060 1431 3128 prorupit
1455 3064 1513 3112 ut
1544 3054 2053 3126 comprehenderet.

478 3153 748 3226 Fugitque
779 3155 991 3224 hyena.
1034 3150 1173 3204 Tum
1206 3165 1545 3220 persequens
1585 3150 1801 3205 dicebat
1834 3169 1846 3205 :
1874 3149 2056 3205 Abbas

480 3261 636 3302 meus
657 3246 827 3316 jussit
855 3253 916 3299 ut
937 3251 992 3300 te
1021 3244 1311 3299 vincirem.
1342 3241 1591 3313 Cumque
1616 3256 1734 3296 eam
1766 3241 2056 3305 tenuisset,

483 3336 691 3409 ligavit.
726 3335 900 3391 Porro
927 3350 1092 3392 senex
1125 3334 1448 3405 angebatur,
1492 3332 1823 3401 sedebatque
1861 3345 2059 3401 exspe-

481 3434 639 3484 ctans
669 3428 844 3483 illum.
875 3426 1013 3481 Ecce
1041 3425 1278 3491 advenit,
1309 3425 1518 3480 ducens
1545 3426 1788 3496 hyaznam
1814 3424 2055 3494 ligatam.

484 3518 644 3586 Quod
671 3519 909 3573 intuitus
938 3531 1127 3582 senex,
1151 3516 1454 3572 demiratus
1479 3523 1583 3571 est.
1611 3514 1718 3570 Sed
1747 3515 1936 3570 volens
1959 3514 2061 3567 hu-

482 3613 668 3669 milem
701 3611 936 3673 elllcere,
976 3609 1284 3667 verberavit
1314 3625 1439 3665 eum
1475 3628 1489 3663 :
1522 3607 1751 3674 Stolide,
1785 3606 2057 3677 inquiens,

481 3718 677 3758 canem
730 3702 937 3758 fatuum
985 3701 1265 3757 adduxisti
1305 3700 1438 3756 mihi
1469 3698 1612 3756 huc?
1647 3697 1844 3753 Statim
1892 3710 2060 3767 porro

480 3812 653 3857 senex
681 3797 846 3854 solvit
877 3797 1146 3869 bymnam,
1178 3803 1232 3851 et
1262 3795 1412 3851 abire
1440 3792 1709 3865 permisit.

871 3909 948 3966 De
985 3910 1171 3965 abbate
1206 3909 1398 3964 Isaaco
1432 3907 1674 3964 Tlicbteo.

560 4023 609 4078 l.
653 4023 763 4094 (55)
802 4021 961 4078 Venit
1002 4022 1297 4093 aliquando
1327 4021 1497 4078 abbas
1526 4016 1680 4072 Isaac
1707 4012 1976 4069 Thebaaus
2006 4011 2061 4068 in

483 4116 821 4180 emnobium,
854 4123 909 4170 et
940 4114 1134 4170 videns
1167 4114 1391 4168 fratrem
1422 4111 1852 4180 delinquentem,
1882 4110 2061 4178 ipsum

476 4207 892 4261 condemnavit.
928 4206 997 4261 Ut
1029 4215 1209 4261 autem
1246 4205 1409 4261 rediit
1438 4204 1503 4260 ad
1528 4218 1795 4267 eremum,
1831 4200 2065 4257 accessit

479 4298 711 4367 angelus
752 4296 985 4363 Domini,
1026 4297 1284 4367 stetitque
1319 4296 1387 4350 ad
1425 4296 1574 4351 fores
1603 4294 1756 4351 cellae
1792 4292 1935 4364 ejus,
1979 4291 2066 4346 di-

482 4400 662 4442 cens:
694 4383 812 4439 Non
853 4386 1027 4441 sinam
1056 4393 1114 4441 te
1150 4387 1375 4440 intrare.
1410 4384 1594 4440 Atille
1635 4384 1893 4454 rogabat,
1933 4381 2065 4452 quid

480 4476 569 4533 rei
597 4484 762 4533 esset.
817 4475 1117 4546 Respondit
1164 4476 1393 4543 angelus
1429 4494 1443 4528 :
1476 4474 1620 4531 Deus
1665 4476 1813 4529 misit
1844 4491 1951 4539 me,
1990 4475 2064 4528 ita

2151 1937 2321 2007 Οὗτος
2349 1939 2591 2011 ’ἄγγελός
2624 1938 2742 2005 ἐστι
2763 1977 2780 2004 ,
2812 1938 2907 1992 καὶ
2949 1936 3048 1990 οὐκ
3077 1935 3381 2006 ἄνθρωπος.

2150 2057 2292 2127 Περὶ
2323 2053 2432 2111 τοῦ
2462 2050 2614 2110 (idoli
2661 2049 2945 2127 ’derrou
2971 2049 3091 2127 eoi}
3130 2045 3402 2119 μαθητοῦ
3447 2043 3557 2100 τοῦ
3586 2044 3740 2100 (166.ῖὶ

2816 2121 3080 2175 Παύλου.

2226 2242 2451 2312 Ἔλεγον
2514 2241 2643 2313 περὶ
2692 2238 2786 2293 τοῦ
2841 2237 2988 2293 άσδᾶ
3046 2235 3292 2290 Ἰωάννου
3347 2232 3443 2288 τοῦ
3492 2230 3740 2304 μαθητοῦ

2152 2335 2248 2391 τοῦ
2298 2334 2446 2390 άδὸᾶ
2486 2333 2727 2397 Παύλου,
2769 2332 2853 2385 ὅτι
2883 2325 3000 2401 εἶχε
3032 2328 3278 2400 μεγάλην
3313 2326 3584 2397 ὑπακοήν.
3626 2320 3743 2380 Ἦν

2152 2429 2210 2484 δὲ
2242 2427 2299 2481 ἐν
2336 2445 2444 2481 τινι
2474 2426 2627 2495 τόπῳ
2654 2425 2932 2495 μνημεῖα,
2974 2422 3068 2476 καὶ
3097 2418 3229 2492 ᾤκει
3249 2420 3294 2451 ⁷³
3325 2418 3489 2473 ῦαινα
3525 2419 3647 2471 ἐκεῖ
3665 2414 3741 2468 ⁷⁸.

2166 2522 2225 2576 ’0
2256 2520 2312 2574 δὲ
2338 2520 2517 2592 γέρων
2551 2514 2659 2572 εῐδε
2689 2516 2818 2588 περὶ
2847 2516 2939 2569 τὸν
2961 2514 3125 2568 τόπον
3168 2512 3419 2585 βόλὸιτα·
3464 2511 3561 2566 καὶ
3586 2509 3747 2578 λέγει

2154 2611 2234 2684 τῷ
2276 2614 2501 2686 Ἰωάννῃ
2529 2610 2783 2665 ἀπελθεῖν
2811 2609 2905 2663 καί
2929 2608 3174 2676 ἐνεγκεῖν
3200 2605 3360 2660 αὐτά.
3412 2604 3470 2657 ’0
3500 2603 3560 2657 δὲ
3584 2597 3747 2655 εἶπεν

2156 2703 2339 2775 αὐτῷ’
2380 2704 2492 2758 Καὶ
2511 2703 2565 2756 τί
2605 2703 2837 2773 ποιήσω,
2873 2699 3051 2765 assa,
3077 2696 3166 2751 διὰ
3189 2696 3289 2768 τὴν
3323 2694 3550 2759 ὕαινανς
3591 2693 3652 2746 '0
3682 2692 3748 2746 δὲ

2156 2796 2335 2868 γέρων
2366 2791 2841 2865 χαριεντιζόμενος
2861 2786 3014 2846 εἶπεν
3035 2806 3049 2820 ’
3099 2787 3226 2842 Ἐάν
3249 2787 3376 2859 ἔλθῃ
3410 2787 3596 2841 ἐπάνω
3623 2801 3746 2847 σου,

2156 2887 2320 2957 δῆσον
2362 2885 2557 2955 αὐτὴν,
2593 2884 2689 2938 καὶ
2720 2884 2853 2955 φέρε
2893 2882 3063 2954 αὐτὴν
3098 2874 3223 2936 ὧδε.
3286 2876 3552 2950 ’Δπῆλθεν
3589 2871 3686 2930 οὖν
3717 2876 3754 2928 6

2159 2976 2385 3046 ἀδελφὸς
2431 2978 2548 3029 ἐκεῖ
2589 2975 2712 3044 ὀψέ.
2753 2975 2865 3029 Kal
2915 2974 3023 3027 ἰδοὺ
3061 2968 3227 3044 ἦλθεν
3266 2972 3301 3044 ἡ
3340 2970 3504 3025 ῦαινα
3554 2968 3752 3022 ἐπάνω

2158 3069 2344 3125 αὐτοῦ.
2387 3070 2443 3123 '0
2479 3069 2555 3133 δὲ,
2587 3067 2729 3121 κατὰ
2752 3067 2843 3120 τὸν
2876 3066 3033 3136 λόγον
3055 3067 3151 3121 τοῦ
3185 3066 3473 3138 γέροντος,
3515 3063 3750 3135 ὥρμησε

2084 3194 2128 3250 ο
2161 3162 2435 3235 κρατῆσαι
2463 3161 2657 3229 αὐτήν.
2704 3160 2811 3212 Kal
2840 3158 3043 3229 ἔφυγεν
3080 3161 3114 3229 ἡ
3154 3158 3336 3211 ῦαινα.
3377 3156 3490 3212 Kal
3532 3154 3752 3209 διώκων

2163 3252 2333 3324 αὐτὴν
2355 3251 2542 3321 ἔλεγεν
2558 3252 2624 3283 ⁷⁷⁸
2669 3252 2725 3305 '0
2748 3251 2923 3314 άὸὁᾶς
2953 3268 3054 3322 μου
3088 3246 3238 3303 εἶπεν
3266 3250 3353 3302 ἵνα
3376 3265 3433 3301 σε
3464 3247 3749 3317 δεσμήσω.

2160 3346 2270 3400 Kal
2302 3344 2586 3416 κρατήσας
2618 3342 2790 3414 αὐτὴν
2828 3342 3036 3413 ἔδησεν.
3090 3340 3363 3395 Ἐθλίϐετο
3393 3340 3450 3393 δὲ
3487 3341 3515 3394 6
3541 3338 3749 3410 γέρων,

2162 3437 2256 3490 καὶ
2293 3435 2530 3505 ἐκάθητο
2571 3433 2882 3506 περιμένων
2911 3432 3090 3486 αὐτόν.
3132 3432 3243 3485 Kal
3275 3430 3384 3484 ἰδοῦ
3412 3425 3576 3500 ἦλθεν
3606 3427 3753 3498 ἔχων

2160 3527 2259 3597 τὴν
2294 3524 2493 3601 ῦαινανς
2522 3523 2832 3594 δεδεμένην.
2873 3521 2984 3576 Kal
3021 3520 3147 3575 ἰδὼν
3178 3520 3208 3573 6
3233 3519 3413 3591 γέρων
3441 3517 3751 3588 ἐθαύμασε.

2163 3618 2269 3672 Kal
2299 3616 2470 3671 θέλων
2508 3613 2843 3670 ταπεινῶσαι
2876 3613 3040 3668 αὐτὸν
3059 3656 3072 3678 ,
3106 3611 3302 3682 ἔτυψεν
3340 3610 3501 3664 αὐτὸν
3528 3608 3706 3679 λέγων
3731 3626 3747 3639 -

2162 3706 2300 3761 Σαλέ
2319 3722 2334 3737 ο
2367 3704 2504 3760 κύνα
2549 3704 2707 3757 σαλὸν
2742 3702 2980 3773 ἧνεγκάς
3018 3719 3106 3772 μοι
3137 3696 3239 3755 ὦδε
3282 3699 3425 3772 (56);
3458 3698 3656 3753 Ἔλυσε
3687 3698 3753 3753 δδ

2163 3795 2331 3866 αὐτὴν
2357 3794 2521 3857 εὐθὺς
2544 3795 2573 3847 6
2593 3794 2790 3864 γέρων,
2821 3793 2916 3845 καὶ
2936 3790 3207 3845 ἀπέλυσεν
3237 3789 3512 3844 ἀπελθεῖν.

2376 3903 2513 3972 Περὶ
2541 3903 2646 3958 τοῦ
2678 3900 2828 3958 ἀδεᾶ
2870 3902 3079 3957 Ἰσαὰκ
3115 3901 3223 3956 τοῦ
3257 3902 3534 3968 Θηϐαίου.

2234 4027 2303 4074 a'.
2352 4016 2635 4091 Παρέὸαλέ
2670 4032 2801 4069 ποτε
2828 4014 2856 4069 6
2884 4013 3059 4079 άϐϐἄς
3100 4013 3289 4068 Ἰσαὰκ
3320 4016 3349 4067 6
3385 4012 3620 4083 Θηϐαῖος
3667 4013 3754 4078 εἰς

2164 4111 2450 4176 κοινόὸιον,
2493 4109 2590 4164 καὶ
2620 4103 2759 4162 εἶδεν
2784 4105 3011 4176 ἀδελφὸν
3043 4106 3332 4176 σφαλέντα,
3364 4106 3458 4160 καὶ
3487 4103 3754 4175 κατέκρι-

2165 4221 2254 4258 νεν
2279 4203 2462 4257 αὐτόν.
2505 4201 2594 4266 Ὦς
2621 4201 2676 4255 δὲ
2707 4200 2928 4272 ἐξῆλθεν
2960 4200 3040 4263 εἰς
3064 4199 3163 4270 τὴν
3191 4197 3417 4269 ἔρημον.
3448 4192 3610 4269 ἦλθεν
3643 4193 3755 4265 άγ-

2167 4294 2323 4364 γελος
2345 4294 2574 4366 Κυρίου,
2594 4293 2688 4347 καὶ
2708 4292 2839 4364 ἔστη
2862 4289 3169 4362 ἔμπροσθεν
3192 4290 3289 4359 τῆς
3311 4288 3478 4360 θύρας
3503 4288 3595 4341 τοῦ
3625 4287 3754 4342 κελ-

2166 4386 2281 4439 λίου
2307 4385 2496 4450 αὑτοῦ,
2518 4385 2712 4453 λέγων’
2736 4385 2849 4438 Οὐκ
2866 4382 2989 4453 ἀφῶ
3016 4399 3075 4435 σε
3098 4379 3382 4435 εἰσελθεῖν.
3411 4380 3469 4434 '0
3492 4379 3548 4433 δὲ
3599 4397 3751 4452 παρο

2168 4476 2350 4530 εκάλει
2371 4515 2386 4541 ,
2417 4476 2590 4544 λέγων
2610 4492 2622 4506 ο
2651 4475 2715 4528 Τί
2755 4475 2871 4527 ὲστι
2896 4471 2956 4526 τὸ
2980 4472 3248 4543 πρᾶγμα;
3280 4470 3389 4524 Kal
3429 4469 3754 4540 ἀποκριθεὶς

488 4569 809 4639 imperans:
849 4568 1023 4623 Dicito
1060 4568 1149 4624 ei:
1193 4566 1314 4634 Quo
1352 4566 1517 4634 jubes
1552 4573 1610 4618 ut
1654 4566 1863 4618 mittam
1914 4565 2054 4620 illum

2168 4566 2198 4617 6
2226 4566 2457 4635 ἄγγελος
2485 4562 2637 4619 εἶπεν
2670 4564 2818 4635 αὐτῷ
2839 4581 2851 4594 ·
2889 4565 2946 4618 ’0
2968 4562 3102 4626 Θεὸς
3126 4561 3413 4643 άπὲστειλέ
3439 4577 3525 4631 με,
3545 4559 3749 4627 λέγων·

484 4658 712 4714 fratrem
744 4659 801 4715 in
832 4661 1047 4731 culpam
1082 4658 1395 4729 prolapsum
1415 4696 1429 4721 ,
1459 4670 1621 4725 quem
1651 4654 1953 4722 judicasti?
2001 4654 2066 4709 Et

489 4751 673 4805 statim
727 4752 1105 4822 pamitentinm
1157 4750 1210 4803 in
1264 4762 1471 4801 morem
1512 4741 1825 4815 prostratus
1876 4746 2064 4803 dixit:

488 4842 754 4909 Peccavi,
807 4844 938 4899 mihi
989 4844 1231 4913 ignosce.
1284 4839 1512 4909 Excepit
1549 4837 1775 4907 angelus
1818 4856 1832 4893 :
1871 4838 2071 4913 Surge,“

488 4936 633 4991 Deus
682 4945 736 4990 te
768 4936 925 4991 venia
965 4934 1206 4988 donavit.
1245 4931 1318 4986 De
1360 4940 1557 4986 caetero
1600 4944 1733 4985 cave
1774 4946 1843 4985 ne
1880 4946 2071 5000 quem-

484 5045 651 5097 quam
677 5026 918 5098 judices,
950 5026 1270 5096 priusquam
1306 5021 1453 5079 Deus
1492 5022 1562 5078 de
1598 5022 1720 5093 ipso
1753 5023 1939 5077 tulerit
1974 5023 2068 5092 jn-

488 5120 593 5177 dici
604 5137 715 5177 um.

2168 4659 2305 4715 Εἰπὲ
2337 4656 2508 4728 αὐτῷ,
2540 4657 2650 4710 Ποῦ
2677 4656 2916 4718 κελεύεις
2944 4654 3091 4727 βάλω
3112 4655 3202 4708 τὸν
3227 4652 3499 4724 σφαλέντα
3516 4651 3752 4722 ἀδελφὺν

2168 4750 2227 4804 ὃν
2257 4749 2506 4821 έκριναςς
2548 4749 2656 4802 Kal
2695 4748 2898 4813 εὐθέως
2930 4746 3256 4818 μετενόησε,
3283 4745 3459 4815 λέγων
3479 4761 3495 4775 ο
3541 4742 3756 4815 Ἠμάρ-

2169 4859 2335 4912 τηκα,
2375 4839 2727 4913 συγχώρησόν
2759 4858 2871 4911 μοι.
2902 4840 3011 4894 Kal
3036 4835 3188 4894 εἶπεν
3217 4840 3246 4892 6
3270 4836 3499 4907 ἄγγελος
3519 4853 3532 4871 ε
3575 4834 3756 4905 Ἐγείο

2174 4948 2292 5003 pou,
2328 4930 2677 5003 συνεχώρησε
2718 4948 2799 4985 σοι
2829 4933 2857 4984 6
2881 4932 3029 4994 Θεός.
3063 4930 3301 4996 Φύλαξαι
3334 4929 3391 4981 δὲ
3429 4926 3524 4982 τοῦ
3560 4924 3755 4981 λοιποῦ

2176 5023 2253 5096 μὴ
2285 5026 2465 5093 κρῖναί
2491 5042 2613 5079 τινα
2641 5025 2767 5096 πρὶν
2792 5025 2825 5095 ἢ
2853 5026 2881 5077 ὁ
2905 5024 3037 5088 Θεὸς
3069 5024 3231 5095 κρίνῃ
3256 5021 3437 5077 αὐτόν.

560 5274 604 5307 ⁷⁵
631 5272 714 5326 Al.
758 5270 926 5324 inser.
955 5268 1014 5321 ὲν
1043 5264 1213 5336 αὐτῷ.
1287 5265 1336 5298 ’⁸
1364 5262 1447 5318 Al.
1478 5264 1643 5336 κακή.
1721 5264 1767 5295 ⁷⁷
1792 5263 1875 5318 AI.
1899 5264 2068 5319 inser.
2104 5265 2307 5334 μεῖνον.

564 5428 674 5499 (είδ)
730 5427 836 5482 Vit.
890 5427 1067 5499 Patr,
1112 5440 1223 5489 xvt,
1289 5423 1354 5490 ις
1402 5421 1464 5476 L.
1523 5420 1751 5477 Climae.
1797 5419 1963 5475 Grad.
2010 5420 2065 5478 4.

494 5522 547 5573 p.
578 5502 667 5573 ει,
695 5501 891 5573 ibique
908 5498 1094 5553 Schol.

561 5558 676 5639 (54)
716 5558 821 5623 Vii.
853 5570 1007 5625 Patr.
1064 5582 1145 5633 ιιι,
1180 5564 1283 5631 27;
1325 5579 1437 5631 xlv,
1472 5563 1542 5629 4;
1575 5562 1848 5619 Theodor.
1904 5558 2064 5613 Stud.

490 5639 706 5696 Catech.
740 5641 862 5696 125.

588 5710 676 5777 55)
716 5709 821 5764 Vit.
851 5709 1006 5764 Patr.
1036 5723 1112 5771 Ix,
1141 5706 1211 5770 3;
1245 5703 1309 5777 ΔΙ..
1344 5703 1571 5777 pot-0th.
1606 5700 1873 5777 Doctgﬁ.

588 5717 676 5777 55)
719 5717 821 5764 Vit.
851 5717 1006 5764 Patr.
1036 5723 1112 5771 Ix,
1141 5717 1211 5770 ὃς
1250 5717 1309 5758 ι..
1344 5717 1571 5765 uorom.
1606 5717 1787 5755 uoctr.
1820 5717 1873 5754 ο.

565 5717 676 5853 ὶῦϐ)
709 5779 864 5838 Ea.“
883 5795 896 5810 °
927 5780 1080 5834 κύνα
1105 5774 1304 5830 calor
1330 5771 1595 5843 ἤνεγκάς
1616 5790 1719 5842 μοι
1740 5766 1875 5826 ὧδε.
1915 5768 2071 5824 Bull-

2169 5435 2274 5473 nns
2300 5435 2314 5470 :
2349 5417 2497 5473 Sicut
2526 5428 2580 5470 tu
2604 5420 2926 5474 insensibili:
2942 5437 3017 5485 es,
3046 5421 3121 5473 ita
3146 5422 3305 5473 etiam
3332 5429 3379 5473 et
3406 5419 3563 5473 istam
3592 5419 3764 5472 insert.

2167 5491 2371 5542 sibilent
2404 5489 2625 5543 bestiam
2680 5491 2973 5545 adduxisti.
3021 5493 3076 5543 In
3129 5494 3231 5542 lex.
3265 5490 3600 5544 GI‘K‘Ctt-Ltll.
3648 5497 3759 5543 vet.

2165 5559 2449 5631 ᾲσύνετος,
2489 5560 2856 5623 insensibilis,
2913 5563 3255 5631 imprudens.
3303 5559 3556 5631 Pelagius
3582 5574 3759 5631 vero:

2167 5629 2595 5700 Bauose,rcanem
2621 5631 2829 5700 fatuum
2847 5628 3120 5700 adduaisti
3146 5630 3296 5700 nti/3i.
3320 5628 3410 5682 list
3430 5628 3573 5683 enim
3597 5629 3764 5693 σάλος

2167 5700 2359 5767 saliva,
2390 5699 2548 5767 bave;
2572 5698 2718 5757 unde
2753 5699 2972 5765 barard,
3003 5701 3190 5771 lingua
3215 5698 3446 5755 Gallica.
