3982 6336
189 368 289 424 941

1334 367 1944 429 APOPHTHEGMATA
1977 372 2290 432 PATRUM.

3348 383 3455 440 οη

256 480 328 553 β’.
354 479 582 550 Ἔλεγον
610 479 741 551 περὶ
765 477 861 533 τοῦ
887 476 1031 534 ἀόσᾶ
1068 479 1328 548 Ἀπολλὼ,
1350 485 1430 539 δτι
1454 481 1568 558 εἶχε
1591 488 1761 560 μαθηο

1944 492 1998 549 2.
2042 493 2376 552 Referebant
2418 448 2571 566 quod.
2622 493 2792 551 abbas
2825 493 3017 566 Apollo
3066 495 3318 552 habuerit
3364 497 3452 552 di-

185 572 284 645 τὴν
312 570 539 645 ὀνόματι
588 572 801 639 Ἰσαὰκ,
838 572 1270 645 πεπαιδευμένον
1319 577 1401 640 είς
1433 579 1603 651 ἀκρον
1638 580 1773 653 πρὸς

189 666 300 716 πᾶν
332 663 495 736 ἔργον
515 662 721 731 ἀγαθόν
736 681 751 694 ·
780 664 875 717 καὶ
901 664 1169 735 ἐκτήσατο
1193 665 1291 738 τὴν
1312 667 1410 739 τῆς
1436 668 1598 737 ἁγίας
1614 686 1776 742 προσ-

188 756 360 827 φορᾶς
404 755 655 826 ἡσυχίαν.
709 753 815 808 Kal.
857 756 987 809 ὅταν
1020 755 1280 829 ἐξήρχετο
1315 760 1396 823 είς
1436 758 1537 831 τὴν
1576 760 1775 832 ἐκκλησ

189 848 334 911 σίαν,
364 848 428 900 οὔ
454 845 749 918 συνεχώρει
780 845 934 911 τινὰς
956 846 1002 879 ’⁸
1027 847 1201 901 ἐλθεῖν
1227 851 1306 913 είς
1330 851 1617 923 συντυχίαν
1644 852 1776 906 ἑαυ-

187 936 303 990 τοῦ.
334 932 442 989 Ἦν
465 936 576 1009 γὰρ
599 939 628 991 δ
655 936 813 1006 λόγος
837 936 1003 991 αὑτοῦ
1032 934 1206 1005 οὗτος,
1230 941 1312 994 ὅτι
1338 942 1514 996 πάντα
1544 942 1688 997 καλά
1716 945 1775 999 ὲν

188 1027 372 1100 καιρῷ
403 1028 584 1082 αὐτῶν
606 1044 620 1060 ·
647 1027 867 1098 Καιρὸς
881 1029 990 1102 γὰρ
1012 1029 1092 1097 τῷ
1117 1031 1296 1086 παντὶ
1320 1031 1636 1104 πράγματι.
1664 1035 1776 1090 Kal

189 1122 322 1176 δταν
345 1121 584 1176 ἀπέλυεν
611 1124 643 1196 ἡ
679 1121 899 1190 σύναεις
917 1165 933 1191 ,
966 1124 1043 1185 ὡς
1075 1124 1183 1179 ἀπὸ
1207 1126 1380 1198 πυρὸς
1419 1122 1486 1198 ἦν
1514 1128 1777 1199 διωκόμε-

189 1229 303 1281 νος,
333 1213 515 1286 ζητῶν
552 1213 880 1268 καταλαϐεῖν
921 1213 983 1267 τὸ
1011 1215 1220 1269 κελλίον
1254 1217 1467 1270 ἑαυτοῦ.
1508 1218 1776 1285 Πολλάκις

190 1305 247 1359 δὲ
279 1305 484 1358 ἐδίδοτο
504 1307 617 1368 τοῖς
639 1304 891 1375 ἀδελφοῖς
920 1305 1029 1359 ἀπὸ
1058 1306 1349 1372 συνάξεως,
1381 1307 1708 1380 παξαμάτης
1730 1309 1774 1342 ⁷ο

192 1396 287 1450 καὶ
330 1396 591 1467 ποτήριον
622 1396 800 1449 οῐνου·
841 1396 1005 1461 αὐτὸς
1048 1396 1105 1450 δὲ
1141 1398 1241 1451 οὐκ
1284 1397 1622 1469 ἐλάμϐανεν·
1677 1398 1777 1452 ούκ

193 1488 585 1560 ἀπωθούμενος
614 1487 713 1560 τὴν
747 1487 998 1557 εὐλογίαν
1036 1486 1145 1541 τῶν
1170 1487 1415 1558 ἀδελφῶν
1436 1529 1450 1553 ,
1499 1487 1637 1543 ἀλλὰ
1676 1487 1778 1559 τὴν

192 1582 292 1652 τῆς
329 1579 603 1648 συνάξεως
630 1578 941 1651 ἐπικρατῶν
973 1578 1222 1651 ἡσυχίαν.
1264 1579 1510 1649 Ἐγένετο
1531 1580 1588 1633 δὲ
1617 1579 1778 1634 αὑτὸν

194 1676 251 1728 ὲν
288 1670 574 1745 ἀρρωστίᾳ
615 1667 1009 1724 κατακεῖσθαιο
1054 1668 1150 1722 καὶ
1182 1668 1516 1734 ἀκούσαντες
1547 1670 1596 1724 οί
1623 1669 1777 1724 ἀδελ-

194 1764 284 1833 φοὶ
321 1760 487 1834 ἦλθον
527 1761 622 1816 τοῦ
661 1758 1062 1830 ἐπισκέψασθαι
1092 1760 1273 1814 αὐτόν.
1312 1759 1684 1830 Καθεζόμενοι
1719 1759 1778 1814 δὲ

1882 587 2153 659 scipulum
2196 588 2416 643 nomine
2450 587 2620 652 Isaac,
2654 600 2867 642 summe
2906 585 3182 641 eruditum
3218 586 3272 642 in
3304 587 3452 644 omni

1881 695 2046 749 opere
2077 681 2257 746 bono;
2293 679 2388 752 qui
2417 687 2622 736 sanctae
2662 679 2958 735 oblationis
2988 679 3263 735 silentium
3311 681 3456 737 obti-

1881 774 2020 826 nuit.
2055 769 2156 827 Hic
2188 771 2408 843 quando
2432 772 2498 827 ad
2525 772 2812 828 ecclesiam
2841 771 3309 842 proficiscebatur,
3344 788 3455 829 non

1883 863 2099 920 sinebat
2144 864 2455 935 quempiam
2496 863 2757 920 accedere
2796 871 2851 920 et
2886 863 3163 935 congredi.
3215 862 3458 920 Habebat

1881 957 2027 1014 enim
2053 956 2110 1012 in
2146 964 2326 1012 mente
2360 956 2496 1013 hoc:
2529 954 2739 1012 Cuncta
2773 956 2915 1012 bona
2946 971 3069 1012 esse
3104 954 3160 1010 in
3190 969 3292 1009 suo
3320 963 3459 1010 tem-

1882 1062 2034 1118 pore.
2053 1045 2277 1114 Tempus
2296 1045 2442 1103 enim
2456 1048 2595 1101 omni
2624 1045 2805 1101 rei”.
2826 1043 3031 1100 Etcum
3065 1043 3291 1100 dimissa
3323 1044 3458 1099 fuis-

1884 1145 1967 1194 set
2000 1137 2259 1202 collecta,
2295 1138 2458 1208 quasi
2490 1137 2559 1193 ab
2602 1138 2726 1209 igne
2758 1136 3107 1208 aufugiebat,
3157 1151 3460 1207 properans

1884 1231 1950 1289 ad
1980 1231 2177 1287 cellam
2205 1246 2362 1287 suam
2393 1231 2727 1303 pertingere.
2756 1229 3029 1285 Caeterum
3053 1244 3194 1299 saepe
3228 1228 3462 1283 dabatur

1884 1322 2153 1381 fratribus
2173 1330 2297 1394 post
2318 1323 2568 1396 synaxim
2598 1331 2914 1394 paxamates
2933 1337 3057 1377 cum
3085 1321 3195 1375 vini
3224 1320 3459 1392 poculo:

1883 1413 2001 1485 ipse
2029 1428 2159 1469 vero
2195 1427 2541 1484 nequaquam
2574 1412 2916 1484 accipiebat;
2951 1428 3062 1468 non
3102 1412 3249 1483 quod
3287 1412 3464 1482 repel-

1884 1505 2019 1561 leret
2059 1503 2501 1571 benedictionem
2533 1501 2793 1571 fratrum,
2817 1503 2912 1559 sed
2944 1504 3186 1560 collecta:
3219 1505 3463 1560 retinens

1884 1597 2143 1669 quietem.
2184 1595 2426 1667 Contigit
2464 1605 2646 1651 autem
2678 1604 2740 1650 ut
2770 1594 3028 1651 inﬁrmus
3064 1598 3461 1653 tlecurnberet:

1885 1689 2033 1763 quod
2076 1689 2277 1746 fratres
2328 1686 2645 1756 audientes,
2695 1695 2964 1743 venerunt
3011 1688 3081 1744 ad
3129 1688 3462 1743 visitandum

1886 1797 2032 1837 eum.
2073 1781 2260 1851 Itaque
2301 1779 2555 1836 sedentes
2595 1779 3071 1849 interrogaverunt
3112 1777 3214 1831 hoc
3255 1784 3458 1847 pacto:

192 1855 241 1907 οί
276 1854 496 1922 ἀδελφοὶ
525 1852 818 1925 ἠρώτησαν
844 1850 1027 1918 αὐτὸν,
1053 1849 1331 1920 λέγοντες
1372 1850 1545 1904 ’Δσὸἇ
1575 1851 1780 1918 Ἰσαὰκ,

1896 1875 2037 1929 Abba
2067 1849 2242 1939 Isaac,
2275 1887 2447 1943 quare
2480 1882 2602 1943 post
2631 1885 2843 1927 sacram
2871 1870 3121 1942 synaxim
3156 1871 3351 1924 fratres
3379 1869 3466 1922 fu-

194 1947 334 2001 διατί
364 1947 473 1999 ἀπὸ
506 1944 779 2010 συνάξεως
807 1944 1028 2014 φεύγεις
1056 1944 1183 2009 τοὺς
1207 1943 1499 2013 ἀδελφούς;
1528 1945 1641 1999 Kal.
1660 1944 1783 1999 εἶπε

196 2039 330 2111 πρὸς
358 2038 591 2102 αὐτοὺς,
622 2038 706 2091 ὃτι
741 2037 881 2101 Τοὺς
912 2035 1178 2106 ἀδελφοὺς
1201 2036 1262 2089 οὐ
1293 2037 1500 2107 φεύγω,
1531 2035 1665 2091 ἀλλὰ
1687 2035 1786 2109 τὴν

196 2129 302 2183 τῶν
341 2128 614 2199 δαιμόνων
640 2126 1018 2197 κακοτεχνίαν.
1055 2126 1167 2179 Kal
1199 2126 1308 2199 γὰρ
1339 2126 1434 2180 ἔάν
1462 2144 1546 2191 τις
1576 2126 1786 2199 κατέχῃ

197 2219 507 2291 λαμπάδιον
537 2218 742 2288 φωτὸς,
775 2218 871 2273 καὶ
903 2215 1143 2291 βραδύνῃ
1171 2219 1251 2280 είς
1278 2217 1370 2271 τὸν
1400 2217 1539 2290 ἀέρα
1567 2217 1788 2288 ἱστάμε-

198 2329 306 2377 νος,
337 2310 625 2365 σϐέννυται
665 2311 763 2365 ἀπ’
803 2309 988 2364 αὑτοῦ.
1019 2308 1207 2373 Οὕτως
1233 2310 1329 2363 καὶ
1366 2310 1530 2381 ἡμεῖς
1559 2308 1787 2380 φωτιζό-

202 2420 353 2474 μενοι
374 2404 481 2457 ὑπὸ
507 2403 670 2472 ⁸⁸τῆς
718 2401 879 2472 ἁγίας
905 2403 1241 2474 προσφορᾶς,
1289 2400 1382 2455 ἐὰν
1433 2400 1787 2473 βραδύνωμεν

200 2492 304 2560 ἔξω
344 2492 442 2547 τοῦ
475 2493 719 2558 κελλίου,
768 2491 1076 2558 σκοτίζεται
1110 2490 1269 2564 ἡμῶν
1319 2491 1349 2545 ὁ
1391 2493 1537 2557 νοῦς.
1571 2492 1720 2564 Αὕτη
1751 2493 1786 2563 ἡ

205 2583 449 2639 πολιτεία
482 2580 578 2637 τοῦ
606 2582 755 2638 ὁσίου
786 2582 933 2637 assa
980 2581 1185 2638 Ἰσαάκ.

400 2697 539 2767 Περὶ
577 2696 684 2752 τοῦ
716 2694 862 2754 ἀσόᾶ
911 2675 1133 2765 ίιωσὴφ
1170 2693 1277 2749 τοῦ
1308 2695 1591 2765 Θηϐαίου.

273 2809 445 2865 Εἶπεν
491 2812 521 2864 ὀ
550 2809 726 2873 assa;
773 2808 972 2880 Ἰωσὴφ
1014 2808 1335 2880 ὁ,Θη6αἰος,
1373 2807 1455 2861 ὅτι
1491 2807 1619 2878 τρία
1645 2804 1789 2877 πρά-

206 2903 395 2975 γματὰ
416 2902 462 2936 ⁸⁸
494 2902 641 2956 ἔστιν
670 2900 865 2972 ἔντιμα
893 2898 1124 2954 ἐνώπιον
1149 2899 1389 2972 Κυρίου·
1422 2899 1552 2953 ὅταν
1580 2898 1789 2972 ἀνθρω-

207 3013 307 3059 πος
342 2993 578 3065 ἀσθενῇ,
610 2992 707 3047 καὶ
738 2991 1122 3063 προστίθενται
1151 2989 1302 3062 αὐτῷ
1334 2990 1664 3061 πειρασμοὶ,
1695 2988 1792 3043 καὶ

208 3089 328 3158 μετ’
378 3083 763 3156 οὐχαριστείας
817 3083 1032 3155 δέχεται
1069 3081 1289 3146 αὐτούς.
1329 3082 1402 3135 Τὸ
1446 3081 1504 3134 δὲ
1543 3079 1792 3152 δεύτερόν

1885 1968 2007 2041 gis?
2038 1966 2346 2038 Respondit
2382 1985 2395 2020 :
2435 1965 2553 2021 Non
2597 1963 2745 2035 fugio
2775 1964 2994 2030 fratres,
3031 1962 3126 2018 sed
3157 1962 3465 2017 daemonum

1884 2066 2033 2115 artes
2063 2059 2259 2113 malas.
2292 2055 2503 2112 Etenim
2540 2054 2590 2110 si
2628 2054 2753 2125 quis
2784 2054 3023 2109 tenuerit
3058 2051 3229 2107 facem
3275 2054 3468 2108 lucen—

1885 2161 2022 2216 tem,
2066 2150 2270 2220 diuqne
2298 2149 2363 2204 ad
2392 2163 2573 2205 aerem
2603 2147 2839 2211 steterit,
2877 2145 2948 2201 ab
2973 2161 3040 2202 eo
3066 2146 3468 2215 exstinguetur.

1886 2242 2080 2299 Parem
2113 2241 2171 2297 in
2200 2241 2422 2297 modum
2453 2247 2508 2296 et
2542 2255 2666 2306 nos,
2700 2255 2731 2293 a
2760 2253 2919 2294 sacra
2951 2236 3227 2292 oblatione
3261 2234 3469 2290 illumi—

1886 2339 2025 2407 nati,
2059 2338 2108 2396 si
2145 2345 2302 2395 extra
2345 2337 2541 2393 cellam
2573 2335 2997 2400 tardaverimus,
3030 2335 3378 2390 incurremus
3412 2335 3469 2390 in

1888 2431 2087 2488 mentis
2113 2430 2394 2487 tenebras.
2429 2428 2556 2485 Haec
2584 2427 2686 2483 fuit
2715 2426 2892 2484 sancti
2926 2426 3140 2481 abbatis
3186 2424 3358 2481 lsaaci
3391 2424 3471 2479 vi-

1888 2520 2052 2579 vendi
2089 2520 2251 2577 ratio.

2270 2700 2345 2755 De
2377 2700 2565 2754 abbate
2588 2698 2820 2767 losepho
2850 2699 3093 2753 Thebaro.

1962 2816 2073 2889 (57)
2117 2812 2263 2869 Dixit
2311 2814 2480 2870 abbas
2526 2811 2728 2883 Joseph
2754 2810 3022 2867 Thebaeus
3050 2828 3063 2865 :
3096 2809 3233 2864 Tres
3278 2825 3367 2864 res
3414 2808 3469 2862 in

1891 2915 2189 2979 conspectu
2228 2905 2322 2962 Dei
2369 2905 2721 2960 honorabiles
2750 2913 2879 2960 sunt
2913 2923 2925 2958 :
2962 2902 3097 2958 Cum
3130 2903 3292 2956 homo
3322 2901 3472 2956 infir-

1891 3017 2016 3057 mus
2049 3010 2156 3065 est,
2189 3006 2245 3055 et
2275 2997 2613 3067 adjiciuntur
2654 2998 2703 3053 ei
2747 2996 3101 3060 tentationes,
3139 2995 3254 3065 ipse
3292 3002 3472 3050 autem

1892 3107 1985 3149 eas
2017 3106 2141 3146 cum
2183 3089 2480 3160 gratiarum
2510 3088 2731 3143 actione
2769 3086 3001 3156 suscipit
3029 3102 3044 3151 ;
3078 3084 3319 3141 secunda
3362 3094 3473 3151 est,

206 3181 393 3244 ἐστιν,
416 3178 546 3232 ὃταν
572 3193 657 3241 τις
698 3178 826 3248 ποιῇ
860 3175 1038 3230 πάντα
1075 3174 1145 3228 τὰ
1191 3173 1332 3245 ἔργα
1381 3171 1547 3227 αὑτοῦ
1575 3171 1790 3243 καθαρά

1896 3197 2021 3238 cum
2051 3182 2293 3238 effecerit
2337 3180 2539 3251 aliquis
2581 3180 2765 3233 omnia
2809 3192 2973 3247 opera
3018 3190 3116 3231 sua
3148 3176 3349 3230 munda
3380 3190 3486 3232 eo...

207 3270 440 3326 ἐνώπιον
468 3268 566 3324 τοῦ
597 3268 753 3334 Θεοῦ,
785 3268 881 3323 καὶ
910 3268 1078 3339 μηδὲν
1103 3266 1295 3337 ἔχοντα
1328 3263 1687 3337 ἀνθρώπινον.
1720 3265 1790 3318 Τὸ

1897 3290 2016 3331 ram
2064 3276 2203 3342 Deo,
2252 3288 2482 3345 quaeque
2534 3272 2673 3326 nihil
2720 3271 2943 3326 humani
2990 3270 3487 3335 liabeant;_tertia,,

206 3362 267 3417 δὲ
302 3362 510 3436 τρίτον,
550 3362 679 3417 ὅταν
725 3378 809 3426 τις
848 3362 905 3414 ὲν
943 3360 1197 3429 ὑποταγῇ
1249 3356 1547 3429 καθέζηται
1591 3355 1797 3427 πατρὸς

208 3451 614 3524 πνευματικοῦ,
650 3452 745 3506 καὶ
772 3451 935 3503 πᾶσιν
965 3448 1343 3519 ἀποτάσσηται
1372 3450 1486 3511 τοῖς
1531 3447 1683 3511 ἰδίοις
1709 3446 1800 3501 θε-

209 3543 278 3611 λή
288 3561 472 3615 μασιν.
502 3544 656 3614 Ἔχει
679 3542 738 3596 δὲ
756 3536 910 3604 οὗτος
931 3541 1029 3594 ἕνα
1054 3541 1320 3611 στέφανον
1341 3540 1622 3612 περισσόν.
1657 3538 1803 3610 Ἐγὼ

210 3630 399 3705 δὲ’-τὴν
419 3633 706 3688 ἀσθένειαν
730 3631 1044 3705 ῂρησὰμην.

558 3748 702 3817 Περὶ
745 3746 852 3803 τοῦ
890 3744 1043 3802 ἀδεᾶ
1102 3744 1462 3814 Ἰλαρίωνος.

288 3865 373 3919 Πα
384 3862 613 3936 ρέὸαλεν
639 3864 668 3916 ὁ
696 3860 872 3925 assa;
913 3859 1160 3931 ’Ῑλαρίων
1190 3858 1299 3912 ἀπὸ
1328 3858 1693 3929 Παλαιστίνης
1721 3858 1802 3921 είς

213 3957 280 4014 τὸ
308 3959 459 4031 ὄρος,
488 3957 625 4028 πρὸς
655 3955 748 4010 τὸν
776 3953 954 4009 ἀὸϐᾶν
997 3951 1302 4007 Ἄντώνιον.
1338 3951 1449 4005 Καὶ
1477 3951 1623 4021 λέγει
1652 3949 1803 4021 αὐτῷ

216 4052 250 4104 ὁ
273 4049 450 4112 assa;
478 4045 791 4110 Ἀντώνιος·
824 4043 1023 4108 Καλῶς
1045 4040 1229 4115 ἦλθες,
1246 4045 1275 4098 ὁ
1298 4042 1571 4114 ἑωσφόρος
1599 4045 1628 4097 ὁ
1658 4040 1804 4114 πρωῒ

219 4135 554 4191 ἀνατέλλων.
590 4134 702 4189 Kal.
745 4130 898 4187 εἶπεν
936 4131 1086 4204 αὐτῷ
1116 4133 1145 4185 ὁ
1176 4133 1351 4198 ἀὸσᾶς
1389 4132 1665 4203 Ἰλαρίων’
1708 4131 1803 4187 El-

223 4229 362 4299 ρήνη
393 4243 500 4291 σοι,
528 4227 560 4280 δ
587 4225 774 4290 στύλος
807 4225 900 4279 τοῦ
934 4224 1133 4296 φωτὸς,
1168 4223 1312 4297 ὁτὴν
1336 4223 1662 4296 οἰκουμένην
1691 4242 1807 4295 φω-

220 4316 387 4382 τίζων
420 4317 490 4370 ⁸⁸.

564 4429 703 4498 Περί
730 4427 837 4483 τοῦ
866 4426 1020 4483 ἁόὅᾶ
1064 4429 1467 4499 Ἰσχυρίωνος.

1897 3368 2118 3441 quando
2152 3367 2277 3439 quis
2306 3368 2362 3420 in
2401 3364 2748 3435 subjectione
2778 3363 2955 3433 patris
2985 3361 3292 3430 spiritualis
3324 3357 3483 3414 sede-

1867 3461 2006 3531 .rit,
2065 3460 2392 3528 cunctisque
2448 3456 2566 3511 suis
2624 3451 3027 3509 renuntia-verit
3084 3448 3475 3505 voluntatibus.

1898 3550 2266 3622 Consequitur
2290 3555 2473 3602 autem
2501 3545 2588 3600 hic
2614 3544 2873 3600 eximiam
2901 3556 3185 3597 coronam.
3213 3538 3327 3612 Ego
3352 3552 3481 3595 vero

1902 3640 2276 3700 inﬁrmitatem
2309 3639 2471 3711 elegi.

2379 3751 2453 3806 De
2484 3750 2671 3805 abbate
2702 3749 3005 3805 Hilarium.

1975 3869 2086 3942 (58)
2125 3867 2310 3925 Abbas
2340 3865 2547 3921 Hilario
2574 3863 2722 3917 venit
2754 3878 2785 3917 e
2830 3861 3119 3915 Palaestina
3149 3859 3206 3912 in
3243 3865 3479 3912 montem

1904 3962 1973 4020 ad
2010 3964 2261 4019 abbatem
2292 3960 2610 4014 Antonium.
2635 3955 2727 4010 Ait
2747 3955 2795 4010 ei
2818 3954 2987 4009 abbas
3007 3950 3305 4005 Antonius:
3339 3948 3484 4004 Bene

1905 4059 2121 4120 venisti.
2166 4056 2383 4120 lucifer,
2434 4053 2529 4125 qui
2579 4064 2738 4106 mane
2784 4045 3041 4105 exoriris.
3079 4042 3264 4098 Abbas
3305 4047 3484 4096 autem

1905 4148 2112 4204 Hilario
2171 4147 2309 4202 dixit
2357 4145 2468 4201 illi:
2507 4142 2619 4197 Pax
2671 4139 2794 4206 tibi,
2844 4136 3104 4194 columna
3148 4133 3312 4201 lucis,
3355 4147 3481 4206 qua

1908 4241 2183 4300 illuminas
2235 4238 2423 4294 orbem
2469 4244 2764 4297 terrarum.

2387 4417 2464 4473 De
2488 4415 2680 4472 abbate
2708 4412 3033 4484 Ischyrione.

297 4546 361 4599 οι
389 4545 536 4612 ἅγιοι
570 4543 811 4615 Πατέρες
843 4544 888 4575 ⁸³
917 4545 1331 4617 προεφήτευσαν
1365 4543 1493 4615 περὶ
1517 4544 1616 4615 τῆς
1644 4544 1790 4615 ὲσχά·

1983 4535 2095 4608 (59)
2138 4532 2328 4589 Sancti
2362 4530 2558 4587 Patres
2581 4528 2956 4601 praedixerunt
2985 4523 3061 4580 de.
3083 4521 3505 4617 ultima.aetate._

225 4652 327 4706 της
359 4637 573 4704 γενεᾶς.
610 4635 676 4689 Τί
714 4635 1089 4707 είργωάμθα
1115 4638 1304 4707 ἡμεϊςς
1336 4635 1500 4705 φασί.
1531 4635 1643 4689 Kal.
1671 4636 1808 4690 ἀπο-

227 4727 438 4799 κριθεὶς
470 4720 550 4789 εἷς
586 4725 646 4793 ἐξ
682 4727 862 4780 αὐτῶν
897 4727 1070 4799 μέγας
1097 4727 1145 4761 ⁸⁸
1183 4727 1355 4792 assa;
1397 4730 1697 4801 ’ἰσχυρίων,
1733 4725 1808 4785 εἴ·

226 4837 333 4873 πεν
353 4837 367 4849 ·
406 4820 597 4888 Ἡμεῖς
632 4819 733 4883 τὰς
771 4820 990 4883 ἐντολὰς
1010 4818 1105 4872 τοῦ
1135 4818 1271 4873 Θεοῦ
1299 4822 1659 4893 ἐποιήσαμεν.
1700 4823 1811 4877 Kal

228 4910 624 4982 ἀποκριθέντες
649 4905 833 4962 show
868 4912 931 4963 Οί
965 4910 1020 4964 δὲ
1054 4909 1173 4981 μεθ’
1199 4911 1370 4982 ἡμᾶς,
1403 4911 1513 4982 ἀρα
1538 4911 1591 4964 τί
1622 4912 1812 4965 ποιοῦ-

229 5018 353 5070 σιν;
392 5002 504 5056 Kal.
535 4997 694 5054 εἷπε’
742 5000 1044 5054 Μέλλουσιν
1088 5003 1170 5065 είς
1196 5002 1259 5055 τὸ
1291 5003 1465 5073 ἥμισυ
1507 5000 1601 5055 τοῦ
1648 5001 1811 5075 ἔργου

227 5090 391 5161 ἡμῶν
442 5090 717 5162 ἔρχεσθαι.
760 5092 873 5147 Kal.
908 5088 1094 5147 εἷπον*
1137 5095 1200 5148 Οἱ
1235 5093 1291 5147 δὲ
1326 5095 1444 5165 μετ’
1459 5095 1683 5158 αὐτοὺς.
1719 5094 1772 5147 τί
1801 5110 1815 5159 ;

227 5180 432 5239 Εἶπεν·
470 5184 587 5238 οὐκ
615 5183 829 5256 ἔχουσιν
870 5185 1008 5251 ὅλως
1037 5185 1197 5257 ἔργον
1225 5187 1275 5240 οί
1308 5190 1406 5258 τῆς
1446 5189 1641 5257 γενεᾶς
1667 5187 1813 5241 ὲκεί-

1914 4628 2054 4698 Quid
2080 4626 2291 4700 operati
2322 4639 2516 4681 sumus
2542 4621 2683 4676 nos?
2715 4619 2988 4690 inquiunt.
3021 4614 3087 4669 Et
3123 4626 3264 4668 unus
3286 4626 3354 4666 ex
3381 4609 3509 4663 illis.

1916 4734 2149 4792 magnus
2171 4719 2340 4777 abbas
2367 4713 2611 4785 lscbyrio
2635 4722 2961 4779 responsum
2995 4704 3145 4758 dedit
3170 4700 3321 4759 :Nos
3336 4714 3491 4753 .man-

1913 4816 2040 4872 data
2089 4813 2184 4870 Dei
2232 4811 2562 4884 peregimus.
2589 4804 2974 4873 Exceperunt:
3011 4797 3114 4863 Qui
3167 4804 3497 4849 antemnas

1914 4909 2343 4979 subsequentur,
2373 4899 2503 4972 quid
2533 4894 2730 4953 facturi
2764 4888 3036 4949 sunt?Ait
3062 4907 3075 4944 :
3100 4887 3180 4942 Ad
3203 4884 3488 4979 dimidium

1909 4975 2114 5073 aperis-
2152 4996 2325 5054 nostri
2372 4990 2711 5066 pervenient.
2750 4984 3238 5053 lnterrogaverunt
3270 4975 3452 5073 adhuc
3473 4989 3487 5028 :

1912 5067 2015 5162 Qui
2062 5107 2189 5147 vero
2246 5095 2370 5160 post
2410 5086 2555 5147 illos,
2588 5078 2886 5152 quidnam?
2936 5072 3277 5145 Respondit:
3329 5067 3492 5123 Nullo

1916 5188 2073 5257 plane
2126 5195 2291 5253 opere
2343 5169 3039 5233 decorabuntur-homines
3076 5165 3251 5221 aetatis
3304 5161 3488 5257 illius:

228 5293 330 5348 νης
352 5293 369 5308 ο
423 5277 611 5349 μέλλει
641 5252 699 5331 δὲ
734 5278 985 5350 ἔρχεσθαι
1035 5252 1216 5343 abaci;
1252 5252 1557 5351 πειρασμός
1583 5297 1599 5313 ·
1624 5252 1736 5336 καὶ
1765 5298 1790 5336 a

1914 5252 1970 5333 at
1999 5252 2249 5345 insurget
2288 5271 2350 5328 in
2378 5284 2474 5325 eos
2499 5264 2766 5329 tcnlatio;
2800 5262 3002 5333 quique
3033 5255 3188 5330 probi
3214 5252 3494 5311 invenien-

256 5436 263 5439 ’
303 5432 456 5488 "Al.
502 5433 663 5506 τινά.
701 5433 781 5506 _"’
830 5431 915 5506 Al.
959 5434 1095 5505 πρὸς
1132 5432 1594 5506 ἓνκπαξαμάδιον.
1641 5434 1722 5489 vel
1763 5434 2089 5506 παξαμάδιν.
2168 5423 2471 5506 ”_Al.__':ql3
2505 5420 2660 5491 ἁγίου
2724 5414 3079 5506 Ηνξξδμξξῖξ]
3246 5406 3498 5506 τῇ.

227 5505 547 5576 προσφορᾷ.
611 5503 667 5576 ξ¹
700 5501 818 5576 Lat.
853 5496 1132 5576 τάγματα.
1207 5504 1253 5536 ⁸¹
1279 5496 1366 5559 Al.
1389 5496 1699 5575 βαστάζων.
1776 5506 1790 5536 ⁸

1902 5496 1936 5558 Ι’.
1973 5505 2142 5559 inser.
2178 5500 2278 5570 τῆς
2337 5496 2611 5566 Σκήτεως.

224 5572 478 5643 ὀνόματι.
499 5572 576 5607 ’⁸”⁴
610 5573 789 5629 Eccle.
823 5590 906 5639 Ill,
948 5572 998 5627 ι’.

309 5708 424 5849 (ὅῒζ
464 5708 570 5764 Vt't.
599 5707 754 5764 Patr.
794 5728 831 5774 I,
863 5711 915 5767 9.

313 5778 402 5843 (58
467 5778 576 5834 Vit.
605 5778 756 5833 Patr.
791 5797 915 5843 XHL

313 5778 424 5843 (58)
467 5778 576 5834 Vit.
605 5778 756 5833 Patr.
791 5797 922 5843 χιιι,
963 5782 1014 5835 4.

2724 5489 2770 5520 ⁸⁸
2797 5479 2893 5540 Αι.“
2929 5486 3097 5540 inscr.
3146 5480 3225 5551 τῷ
3273 5479 3372 5552 βίῳ
3408 5486 3505 5539 καὶ

1996 5703 2106 5775 (59)
2145 5702 2245 5757 Vit.
2281 5700 2432 5756 Patr.
2461 5714 2499 5763 ι,
2533 5695 2613 5749 ιι.
