3994 6336
233 367 343 425 Ξιῦ

1360 362 1965 420 ΑΡΟΡΠΤΗΕΟΜΑΤΑ
1998 365 2303 422 PATRUM.

3364 374 3473 428 256

234 495 307 551 με
343 472 482 533 σίδαν
523 479 554 533 ὸ
596 477 748 549 ἥλιος
801 479 1068 534 ἐσθίοντα.
1118 476 1256 535 Εἷπι
1306 482 1363 536 δὲ
1417 483 1511 537 καὶ
1558 485 1587 538 6
1630 483 1803 547 ἀΰσας

1909 500 2067 555 quam
2103 501 2190 541 me
2225 484 2463 540 viditsol
2491 484 2933 543 manducantem.
2970 486 3193 559 Excepit
3220 504 3351 543 vero
3381 491 3474 546 ab-

241 561 501 639 ἰωάννης
520 585 536 601 ·
563 567 698 624 οὐδὲ
724 567 825 639 ἐμὲ
856 568 1224 640 ὀργιζόμενον.

304 664 365 714 ε’.
405 657 608 713 Τοῦτον
652 658 741 712 τὸν
774 659 948 714 ἀ66ᾶν
990 660 1242 731 Ἰωάννην
1272 661 1398 732 περὶ
1426 661 1522 733 τὴν
1550 660 1805 735 τελευτὴν

235 748 381 817 ὄντα,
419 748 516 803 καὶ
561 749 900 821 ὲκδημοῢντα
949 751 1245 823 προθύμως
1289 753 1383 806 καὶ
1430 752 1631 825 ίλαρῶς
1669 754 1806 825 πρὸς

233 838 326 891 τδν
369 837 523 906 Θεὸν,
573 838 890 894 ἐκύκλωσαν
935 842 985 894 οί
1035 841 1274 912 ἀδελφοὶ,
1321 842 1598 908 ἀξιοῦντες
1647 844 1805 912 λόγον

233 927 355 982 τινὰ
382 928 642 1000 σύντομον
671 931 764 984 καὶ
795 933 1059 1004 σωτήριον
1092 935 1148 987 ὲν
1181 934 1384 1006 κλήρου
1411 933 1561 1002 τάξει
1585 934 1805 989 καταλί-

234 1023 358 1075 πεῖν
414 1022 632 1086 αὐτοῖς,
684 1022 753 1075 δι’
800 1014 862 1076 οὗ
925 1023 1243 1095 δυνήσονται
1299 1024 1553 1097 ἐπιϐῆναι
1603 1025 1700 1096 τῆς
1748 1027 1805 1080 ὲν

231 1110 455 1183 Χριστῷ
481 1111 839 1185 τελειότητος.
880 1114 937 1167 '0
966 1114 1022 1169 δὲ
1046 1116 1304 1184 στενάξας
1365 1116 1469 1189 ἔφη
1495 1135 1508 1149 ·
1538 1117 1805 1171 Οὐδέποτε

232 1202 466 1276 ἐποίησα
504 1203 566 1257 τὸ
605 1203 736 1258 ἴδιον
777 1203 1018 1277 θέλημα*
1062 1207 1182 1261 οὐδέ
1228 1225 1350 1263 τινα
1396 1209 1632 1276 ἐδίδαξα,
1669 1209 1805 1280 ὅπερ

232 1293 501 1368 πρότερον
536 1296 636 1349 οὐκ
668 1296 918 1368 ἐποίησα.

304 1391 381 1451 ς’.
441 1387 749 1458 Διηγήσατο
804 1388 964 1449 πάλιν
1026 1390 1154 1460 περ)⁸
1201 1389 1388 1461 ἐτέρου
1439 1392 1695 1463 γέροντος
1747 1394 1805 1446 ὲν

232 1476 426 1547 ἐρήμῳ
456 1475 843 1547 καθεζομένου,
876 1478 956 1531 ὅτι
990 1477 1329 1549 παρεκάλεσε
1358 1478 1450 1533 τὸν
1489 1478 1621 1533 Θεὸν
1657 1478 1807 1551 χαρί-

236 1567 432 1620 σασθαι
462 1565 630 1637 αὐτῷ,
665 1566 803 1621 ὥστε
837 1569 1105 1640 μηδέποτε
1131 1570 1388 1636 νυστάξαι
1433 1571 1596 1625 αὐτὸν
1624 1588 1806 1626 κινου-

237 1656 403 1728 μένης
447 1656 662 1728 ὁμιλίας
706 1661 1117 1732 πνευματικῆς·
1160 1664 1210 1716 εί
1239 1662 1297 1716 δέ
1347 1681 1431 1730 τις
1474 1665 1805 1731 καταλαλιᾶς

232 1746 268 1820 ἢ
313 1748 643 1820 άργολογίας
706 1749 897 1820 λόγους
949 1752 1231 1825 ἐπιφέρει,
1287 1754 1448 1820 εὐθὺς
1503 1758 1584 1821 είς
1640 1755 1805 1811 ὕπνον

1901 577 2000 633 bas
2031 575 2309 633 Joannes:
2343 575 2530 646 Neque
2564 593 2651 633 me
2683 577 2907 632 iratum.

1972 669 2024 724 5.
2069 667 2180 740 (66)
2219 668 2374 723 Hunc
2399 669 2647 724 abbatem
2692 667 2979 732 Joannem,
3016 684 3138 724 cum
3193 670 3295 725 sub
3330 687 3474 725 mor-

1902 766 2008 816 tem
2048 766 2215 825 esset,
2251 767 2303 815 et
2340 760 2593 816 alacriter
2622 759 2907 829 bilareque
2932 760 3001 815 ad
3044 758 3211 815 Deum
3254 762 3475 833 profici-

1905 856 2173 915 sccretur,
2197 846 2673 903 circumdederunt
2698 846 2911 911 fratres,
2926 847 3262 917 postulantes
3296 858 3353 904 ut
3391 852 3473 907 eis

1904 936 2239 993 baareditatis
2291 939 2409 993 loco
2451 953 2757 994 sermonem
2796 937 3106 1009 quempiam
3158 938 3374 995 brevem
3410 954 3475 996 ac

1904 1029 2197 1084 salutarem
2230 1029 2580 1099 relinqueret,
2615 1044 2711 1099 per
2747 1044 2906 1099 quem
2949 1036 3173 1098 possent
3196 1030 3473 1099 pervenire

1904 1121 1971 1175 ad
2018 1120 2409 1192 perfectionem
2461 1122 2515 1174 in
2566 1120 2805 1176 Christo.
2839 1119 2932 1175 llle
2956 1135 3084 1175 vero
3117 1121 3476 1193 ingemiscens

1856 1278 1859 1281 _
1903 1213 2073 1269 dixit:
2108 1212 2397 1285 Nunquam
2464 1214 2565 1269 feci
2606 1230 2802 1270 meam-
2835 1215 3207 1281 voluntatem;
3240 1231 3338 1269 nec
3376 1216 3475 1269 ali-

1905 1320 2063 1377 quem
2095 1305 2280 1370 docui,
2318 1305 2460 1376 quod
2500 1306 2650 1375 prius
2675 1321 2783 1360 non
2816 1304 3056 1361 fecerim.

1974 1398 2028 1451 6.
2072 1395 2183 1467 (67)
2215 1397 2414 1451 lterum
2447 1396 2690 1452 narravit
2717 1397 2786 1452 de
2812 1396 2920 1451 alio
2961 1411 3093 1452 sene
3142 1397 3234 1468 qui
3262 1397 3316 1451 in
3353 1412 3475 1453 ere-

1905 1502 1996 1542 mo
2047 1487 2345 1551 residebat,
2399 1488 2547 1558 quod
2591 1486 2759 1543 Deum
2790 1487 3087 1559 rogaverit,
3139 1497 3198 1542 ut
3237 1491 3286 1543 ei
3338 1489 3478 1545 hanc

1906 1583 2133 1654 gratiam
2168 1581 2473 1638 conferret:
2508 1598 2576 1638 ne
2608 1597 2847 1653 unquam
2879 1589 3027 1636 moto
3057 1581 3328 1651 colloquio
3363 1583 3477 1652 spi-

1907 1673 2087 1728 rituali
2122 1670 2478 1736 dormitaret;
2538 1672 2585 1725 si
2610 1686 2742 1726 vero
2785 1669 3141 1726 detractionis
3186 1671 3269 1726 vel
3313 1672 3477 1725 otiosi

1909 1763 2180 1822 sermonis
2211 1762 2483 1834 quispiam
2510 1762 2674 1817 verba
2703 1759 2995 1833 proferret,
3028 1762 3211 1817 statim
3244 1760 3298 1816 in
3330 1777 3479 1816 som-

233 1839 660 1913 καταφέρεσθαι,
721 1843 808 1896 ἴνα
866 1843 939 1915 μὴ
998 1843 1074 1897 ίοῦ
1132 1845 1371 1899 τοιούτου
1428 1845 1696 1916 γεύωνται
1748 1850 1803 1903 αἱ

1909 1872 2035 1911 num
2068 1854 2349 1922 incideret,
2375 1869 2488 1925 quo
2516 1851 2788 1923 ejusmodi
2831 1867 3097 1908 venenum
3126 1868 3234 1907 non
3264 1851 3478 1923 accipe-

232 1928 390 1985 άκοαὶ
434 1931 621 1986 αὑτοῦ.
671 1928 840 1999 Οὗτος
875 1935 931 1990 δὲ
964 1936 1141 2006 ἔλεγε,
1168 1939 1257 1992 τὸν
1282 1938 1526 1994 διάϐολον
1572 1940 1804 1996 σπουδα-

232 2021 363 2092 στὴν
405 2016 549 2077 εἶναι
592 2024 692 2095 τῆς
731 2025 1082 2097 ἀργολογίας,
1128 2029 1383 2101 πολέμιον
1414 2030 1472 2084 δὲ
1510 2032 1692 2103 πάσης
1722 2033 1805 2087 δι-

229 2109 528 2178 δασκαλίας
590 2118 993 2189 πνευματικῆςο
1053 2117 1278 2191 τοιούτῳ
1344 2119 1622 2192 χρώμενος
1674 2123 1805 2176 ὑπο-

230 2199 515 2274 δείγματιο
560 2204 864 2273 Λαλοῦντος
894 2209 1002 2280 γάρ
1029 2226 1153 2280 μου,
1184 2209 1337 2282 φησὶ,
1372 2211 1503 2284 περὶ
1540 2210 1805 2282 ὠφελείας

230 2290 370 2361 πρός
399 2307 553 2356 τινας
589 2292 872 2364 ἀδελφοὺς,
904 2295 1143 2368 τοσούτῳ
1175 2295 1327 2369 ὕπνῳ
1373 2296 1527 2368 βαθεῖ
1547 2299 1803 2369 κατεσχέ-

232 2379 425 2451 θησαν.
455 2383 594 2437 ὥστε
628 2387 765 2457 μήτε
794 2386 863 2440 τά
884 2385 1126 2460 βλέφαρα
1153 2393 1321 2443 κινεῖν
1340 2389 1619 2444 δύνασθαι.
1662 2389 1803 2461 Ἐγὼ

230 2469 321 2528 οὖν
348 2473 518 2530 θέλων
554 2476 725 2544 δεῖξαι
749 2477 841 2531 τοῦ
886 2477 1138 2551 δαίμονος
1181 2480 1278 2553 τὴν
1311 2482 1609 2554 ἐνέργειαν,
1648 2483 1803 2552 λόγον

229 2564 559 2636 άργολογίας
604 2571 1011 2642 παρεισήνεγκα
1046 2589 1060 2603 ο
1114 2572 1199 2641 ἐφ’
1241 2567 1285 2642 ᾧ
1324 2575 1582 2646 χαρέντες
1631 2593 1803 2646 παρα-

229 2658 417 2728 χρῆμα
448 2658 726 2731 διένηψαν.
762 2660 1030 2728 Στενάξας
1066 2662 1123 2716 δὲ
1164 2659 1317 2718 εἶπον
1340 2679 1353 2694 ·
1403 2666 1579 2738 Μέχρι
1610 2669 1801 2722 τοίνυν

230 2748 357 2815 περὶ
409 2747 677 2820 οὐρανίων
744 2750 1087 2821 πραγμάτων
1137 2751 1524 2824 διελεγόμεθα,
1582 2755 1801 2809 πάντων

231 2837 382 2907 ὑμῶν
422 2839 473 2891 οἱ
515 2838 785 2911 ὀφθαλμοὶ
821 2841 900 2913 τῷ
944 2840 1097 2915 ὕπνῳ
1148 2845 1488 2916 συνείχοντο·
1540 2847 1701 2917 ἡνίκα
1744 2846 1802 2901 δὲ

231 2928 386 2998 λόγος
428 2929 594 2999 ἀργὸς
628 2931 822 3004 ἐρρύη,
874 2932 1072 2996 πάντες
1130 2937 1271 3006 μετά
1308 2937 1614 3009 προθυμίας
1654 2938 1801 2993 διαν-

230 3019 572 3092 tam-cena,
604 3021 822 3092 ἀδελφοὶ
839 3025 905 3086 ’³,
932 3026 1251 3097 παρακαλῶ,
1277 3028 1541 3096 ὲπίγνωτε
1571 3029 1665 3082 τοῦ
1698 3048 1798 3084 πο-

230 3111 397 3183 νηροῦ
429 3112 680 3183 δαίμονος
725 3114 824 3187 τὴν
873 3117 1176 3187 ἐνέργειαν,
1222 3118 1317 3172 καὶ
1364 3120 1576 3183 ἑαυτοῖς
1630 3137 1798 3191 προσ-

232 3201 404 3274 ἔχετε,
438 3205 827 3277 φυλαττόμενοι
858 3207 949 3261 τὸν
979 3210 1309 3282 νυσταγμὸν,
1338 3209 1497 3282 ἡνίκα
1523 3228 1576 3264 τι
1599 3215 1800 3265 ποιεῖτε

230 3297 625 3366 πνευματικὸν,
661 3297 692 3369 ἢ
722 3298 969 3353 ἀκούετε.
1358 3371 1362 3376 ⁴

299 3382 364 3449 ζ’.
404 3381 540 3439 Eius
568 3387 751 3451 πάλιν,
782 3389 863 3442 ὅτι
885 3388 1256 3461 Συγκλητικός
1283 3409 1366 3456 τις
1381 3391 1512 3464 (65‘)
1531 3393 1801 3459 ἀποταξά-

234 3491 414 3545 μενος,
469 3478 562 3530 καὶ
608 3478 675 3531 τὰ
722 3478 916 3533 ἑαυτοῦ
965 3483 1277 3554 ὑπάρχοντα
1327 3485 1519 3556 πένησι
1565 3485 1798 3552 διαδοὺς,

232 3571 618 3639 παρακατέσχε
655 3572 776 3625 τινὰ
800 3574 875 3634 εἰς
911 3572 1047 3627 ίόίαν
1075 3575 1393 3638 ἀπόλαυσιν,
1439 3576 1512 3647 μὴ
1544 3576 1802 3649 βουλόμεο

228 3673 319 3722 νος
362 3659 465 3732 τὴν
505 3661 569 3714 ὲκ
596 3661 695 3732 τῆς
724 3662 932 3727 τελείας
976 3666 1253 3737 ἀποταγῆς
1299 3667 1656 3734 ἀναδέξασθαι
1703 3686 1801 3721 τα-

230 3752 682 3826 πεινοφροσύνην,
719 3755 813 3809 καὶ
843 3756 941 3826 τὴν
973 3758 1200 3827 γνησίαν
1243 3760 1520 3828 ὑποταγὴν
1551 3761 1643 3814 τοῦ
1692 3778 1804 3814 κοι-

228 3842 478 3897 νοόιακοῦ
517 3845 763 3909 κανόνος.
798 3847 938 3918 Πρὸς
971 3846 1028 3902 ὃν
1057 3850 1085 3902 ὁ
1110 3851 1166 3901 ὲν
1194 3849 1369 3918 ἁγίοις
1403 3851 1678 3915 Βασίλειος
1723 3851 1807 3905 λό-

227 3950 324 4004 γον
375 3935 760 4006 ἀπεφθέγξατο
806 3938 1080 3993 τοιοῦτον·
1132 3941 1240 3994 Καὶ
1298 3942 1390 3995 τὸν
1445 3943 1804 4014 συγκλητικὸν

227 4025 540 4093 ἀπώλεσας,
575 4029 671 4083 καὶ
703 4030 935 4102 μοναχὸν
977 4032 1076 4085 οὐκ
1110 4033 1391 4103 ἐποίησας.

295 4127 366 4189 η’.
406 4116 545 4174 Eine
574 4121 757 4187 πάλιν,
785 4122 866 4176 ὅτι
894 4116 1000 4176 Ἦν
1025 4140 1107 4187 τις
1132 4124 1362 4194 μοναχὸς
1384 4124 1550 4178 οίκῶν
1573 4125 1631 4177 ἐν
1674 4141 1806 4197 σπη-

227 4212 365 4285 λαίῳ
404 4215 462 4266 ὲν
508 4215 736 4287 ἐρήμῳ·
784 4218 880 4270 καὶ
925 4217 1167 4288 ἐδηλώθη
1211 4216 1359 4289 αὑτῶ
1405 4218 1508 4271 ὑπὸ
1536 4217 1644 4270 τῶν
1674 4235 1794 4287 συγ.

229 4303 403 4370 γενῶν
440 4304 583 4358 κατὰ
617 4306 816 4377 σάρκα,
845 4309 928 4362 ὅτι
984 4310 1043 4362 Ὀ
1072 4309 1255 4380 πατήρ
1299 4325 1391 4361 σου
1438 4308 1675 4380 ἰσχυρῶς
1715 4310 1803 4361 ὲν·

229 4393 487 4462 οχλεῖται,
534 4398 629 4449 καὶ
656 4397 840 4467 μέλλει
873 4398 1149 4470 τελευτᾷν,
1183 4399 1305 4453 ἐλθὲ
1334 4400 1422 4454 ἵνα
1466 4401 1808 4472 κληρονομή-

1903 1957 2024 2003 rent
2045 1962 2207 2000 aures
2239 1944 2377 2013 ejus.
2411 1944 2558 1999 ldem
2592 1942 2831 2009 dicebat,
2867 1942 3143 1997 diabolum
3172 1941 3475 1997 studiosum

1908 2056 2035 2097 esse
2061 2040 2225 2095 otiosi
2253 2038 2545 2105 sermonis,
2575 2036 2789 2093 hostem
2816 2051 2946 2091 vero
2967 2035 3147 2090 omnis
3176 2034 3477 2105 spiritualis

1902 2131 2191 2198 doctrinae;
2225 2131 2327 2185 hoc
2351 2145 2485 2186 usus
2505 2127 2753 2200 exemplo
2782 2146 2796 2183 :
2847 2125 2953 2195 Me,
2988 2126 3183 2197 inquit,
3226 2123 3291 2180 ad
3330 2141 3466 2180 non-

1901 2224 2082 2279 nullos
2104 2222 2299 2278 fratres
2331 2222 2588 2293 loquente
2617 2219 2685 2276 de
2706 2234 2766 2276 re
2792 2222 2988 2274 anima:
3016 2217 3157 2280 utili,
3191 2216 3324 2271 adeo
3353 2231 3479 2287 pro-

1903 2314 2073 2370 fundo
2119 2329 2312 2369 somno
2355 2313 2606 2383 occupati
2633 2319 2784 2376 sunt,
2816 2318 2875 2366 ut
2907 2324 3007 2365 nec
3050 2309 3338 2380 palpebras
3363 2321 3478 2362 mo-

1901 2421 2028 2461 vere
2059 2412 2299 2476 possent.
2341 2404 2543 2460 Volens
2585 2405 2755 2475 igitur
2787 2418 2891 2473 ego
2921 2398 3183 2457 damonis
3204 2399 3477 2471 Operatio-

1900 2513 2024 2552 nem
2075 2498 2385 2563 ostendere,
2440 2511 2749 2553 sermonem
2798 2508 3217 2566 supervacanea
3255 2491 3479 2561 loquela:

1900 2590 2124 2657 induxi;
2172 2590 2238 2645 ad
2294 2605 2450 2659 quem
2531 2589 2608 2642 illi
2666 2588 2880 2657 gavisi,
2930 2585 3074 2641 illico
3130 2582 3474 2654 evigilarunt.

1899 2681 2265 2753 lngemiscens
2290 2688 2471 2734 autem
2495 2679 2642 2733 dixi:
2676 2677 2928 2744 Quandiu
2964 2677 3131 2746 igitur
3151 2673 3217 2729 de
3243 2671 3478 2728 cmlesti-

1898 2772 2004 2827 bus
2042 2772 2207 2826 rebus
2243 2770 2626 2832 disseruimus,
2655 2769 2897 2824 omnium
2931 2774 3172 2821 vestrum
3207 2763 3352 2817 oculi
3383 2762 3477 2844 de-

1901 2864 2218 2918 tinebantur
2244 2877 2472 2927 somno;
2524 2866 2813 2930 postquam
2867 2873 2996 2911 vero
3026 2856 3239 2910 otiosus
3274 2851 3478 2908 effluxit

1900 2970 2102 3017 sermo,
2137 2955 2323 3008 cuncti
2375 2968 2500 3005 cum
2552 2948 2837 3018 alacritate
2881 2945 3099 3002 excitati
3144 2945 3298 2999 estis.
3333 2941 3479 3012 Quo-

1900 3047 2067 3111 circa,
2095 3045 2310 3106 fratres.
2350 3045 2602 3106 obsecro,
2650 3038 2931 3111 agnoscite
2962 3037 3085 3090 mali
3111 3035 3368 3090 dasmonis
3397 3034 3479 3088 in-

1904 3136 2274 3205 stigationein,
2300 3141 2354 3187 et
2388 3130 2649 3185 attendite
2680 3127 2837 3183 vobis
2879 3126 3036 3197 ipsis,
3070 3132 3325 3179 caventes
3347 3123 3477 3177 dor-

1903 3225 2240 3279 mitationem
2268 3266 2283 3289 ,
2322 3237 2449 3277 cum
2479 3218 2684 3291 aliquid
2713 3219 2997 3289 spirituale
3041 3214 3125 3269 vel
3164 3212 3367 3277 facitis,
3396 3212 3478 3267 vel

1904 3315 2127 3370 auditis.

1968 3407 2022 3461 7.
2067 3406 2178 3475 (68)
2210 3403 2352 3457 Dixit
2386 3403 2603 3459 iterum.
2648 3400 2795 3471 quod
2829 3406 3050 3455 senator
3079 3395 3299 3467 quidam
3352 3408 3476 3447 cuin

1903 3497 2100 3554 stmulo
2135 3497 2538 3558 renuntiasset,
2591 3500 2649 3545 et
2676 3491 2816 3544 bona
2862 3503 2960 3543 sua
3010 3484 3381 3541 distribuisset
3422 3482 3477 3535 in

1898 3600 2192 3656 pauperes,
2227 3582 2474 3653 quaedam
2503 3580 2726 3634 retinnit
2757 3576 2825 3631 ad
2873 3590 3033 3629 usum
3070 3589 3251 3639 suum,
3286 3571 3480 3625 nolens

1902 3676 2262 3731 humilitatem
2292 3690 2323 3729 e
2351 3671 2592 3741 perfecta
2606 3668 3013 3725 renuntiatione
3040 3664 3477 3736 proﬁciscentem

1904 3770 2208 3839 suscipere,
2243 3778 2298 3821 ut
2325 3781 2424 3820 nec
2454 3765 2724 3820 sinceram
2754 3759 3091 3816 caenobiaca:
3122 3756 3320 3827 regulze
3349 3754 3479 3810 sub-

1898 3860 2221 3930 jectionem.
2252 3857 2331 3911 Ad
2386 3872 2547 3928 quem
2602 3861 2828 3910 sanctus
2880 3849 3117 3907 Basilius
3164 3846 3477 3917 bujusmodi

1907 3952 2130 4020 protulit
2164 3948 2490 4004 sententiam
2534 3944 2641 4001 :Et
2686 3949 2994 3999 senatorem
3024 3938 3328 4011 perdidisti,
3379 3952 3479 3992 nec

1903 4041 2130 4096 effecisti
2178 4040 2531 4094 monachum.

1974 4132 2030 4188 8.
2066 4131 2269 4186 Retulit
2298 4138 2557 4200 praeterea
2584 4143 2598 4179 :
2631 4124 2758 4177 Erat
2788 4123 3011 4193 quidam
3045 4118 3370 4182 monachus,
3421 4117 3474 4173 in

1905 4226 2166 4295 spelunca
2191 4221 2360 4277 eremi
2398 4219 2685 4283 habitans;
2718 4216 2807 4271 cui
2833 4215 2927 4286 qui
2963 4211 3253 4285 propinqui
3282 4225 3478 4267 secun-

1906 4315 2035 4368 dum
2071 4328 2291 4367 carnem
2317 4320 2473 4365 erant
2506 4307 2984 4379 significaverunt:
3013 4304 3173 4358 Pater
3199 4309 3325 4357 tuus
3353 4313 3479 4371 gra-

1904 4405 1958 4459 vi
1981 4405 2173 4459 morbo
2206 4404 2439 4465 laborat,
2462 4410 2654 4471 estque
2684 4415 2753 4456 ex
2790 4413 2860 4455 eo
2897 4396 3231 4459 moriturus;
3269 4392 3390 4447 veni
3419 4399 3480 4446 ut

231 4499 331 4555 σῃς
364 4488 546 4541 αὐτόν.
588 4488 646 4543 Ὀ
674 4489 732 4543 δὲ
759 4490 1027 4562 ἀπεκρίθη
1062 4492 1199 4563 πρὸς
1233 4492 1462 4557 αὐτούς·
1518 4492 1660 4562 Ἐγὼ
1700 4494 1803 4565 πρὸ

1909 4496 2272 4552 brereditatem
2328 4492 2535 4565 capias.
2573 4492 2643 4547 At
2686 4491 2778 4546 ille
2831 4486 3150 4558 respondit:
3197 4483 3307 4556 Ego
3353 4491 3480 4537 ante

230 4580 439 4633 ἑκείνου
484 4581 755 4636 ἀπέθανον
781 4584 861 4655 τῷ
886 4583 1077 4655 κόσμῳ
1096 4601 1115 4616 ι
1144 4586 1338 4654 νεκρὸς
1375 4583 1551 4650 ζῶντα
1581 4587 1642 4641 οὐ
1666 4585 1802 4658 κλη-

230 4675 470 4744 ρονομεῖ.

298 4791 346 4823 ’⁸
378 4790 466 4843 ΑΙ.
499 4793 791 4864 ἀγαπητοί.

302 4944 438 5017 (65⁸)
469 4949 875 5016 Συγκλητικός
906 4965 1016 5015 τις,
1043 4955 1153 5004 etc.
1188 4947 1374 5003 Exstat
1405 4962 1471 5002 eo
1502 4947 1569 5002 de
1593 4947 1802 5069 Αβορίι-

302 5026 491 5069 ἀηιαιε
511 5018 843 5069 cniaramma
881 5016 1111 5069 Joannis
1147 5016 1468 5069 Geometras.
1522 5016 1589 5069 14
1675 5034 1802 5069 ara-

233 5016 491 5087 tlttrgmate
511 5018 843 5087 epigramma
881 5016 1111 5074 Joannis
1147 5016 1468 5080 Geometraz,
1522 5016 1589 5070 14
1626 5016 1802 5070 Para-

229 5086 532 5208 disi;lquod
593 5086 683 5142 hic
719 5088 941 5160 apponi,
984 5087 1289 5153 emendari,
1341 5095 1504 5159 atque
1540 5087 1802 5141 illustrari

231 5171 379 5210 mere
407 5170 494 5211 ur.

299 5248 420 5301 Ὀτι
450 5248 489 5317 ἡ
512 5249 904 5319 dumton
934 5248 1089 5319 ἁγνὴ
1116 5247 1187 5303 ἐν
1214 5248 1518 5319 μοναχοῖς.

228 5309 396 5372 Ἦλθ⁹
414 5309 606 5387 daora
615 5309 869 5387 ξᾶμενος
889 5309 1257 5383 ambio-ratae
1284 5318 1348 5383 ἐς
1369 5309 1601 5387 igitur,
1621 5315 1796 5384 ἀνήρ·

298 5387 415 5458 Καὶ
430 5386 593 5458 πολὺ
612 5384 814 5458 χρῆμα
844 5384 1047 5454 διδοὺς
1069 5384 1449 5458 κάλλιπεν-οἵ
1462 5404 1511 5458 τι
1529 5386 1728 5458 μέρος.

233 5456 376 5511 EI.“
390 5456 459 5511 δέ
474 5474 567 5523 τις
580 5473 593 5485 ·
612 5451 816 5512 Rufri)
837 5459 979 5526 πρὶν
1002 5451 1404 5526 ἀπώλεσας,ὦ
1419 5451 1578 5526 sane,
1596 5451 1803 5522 κῦδος,

304 5527 571 5594 Τερινὸν
605 5526 734 5593 ἐὸν,
759 5524 921 5583 καλό
952 5527 1096 5594 δοὺς
1125 5528 1312 5597 (scrib.
1346 5524 1672 5593 όὸοὺς)οὺκ
1702 5526 1804 5579 ἐπ-

1337 5594 1500 5667 [ἐόης
1528 5596 1727 5650 ἁϐίων.

1426 5612 1500 5663 ης
1528 5612 1727 5650 aetum

157 5754 168 5767 γ
236 5685 345 5743 Hoc
371 5699 459 5744 est
489 5705 559 5745 ex
584 5704 705 5746 mea
735 5689 1186 5759 interpretatione
1217 5688 1281 5741 ad
1319 5687 1547 5741 verbum
1575 5702 1588 5737 :

238 5776 384 5842 Quod
408 5781 590 5849 inopia
617 5795 753 5850 pura
788 5795 900 5835 esse
929 5777 1108 5833 debeat
1140 5778 1193 5832 in
1231 5775 1520 5831 monachis.

1907 4605 2029 4646 eum
2092 4587 2297 4643 mundo
2355 4574 2603 4641 mortuus
2681 4598 2800 4639 sum
2865 4600 2878 4636 :
2941 4587 3189 4634 mortuus
3249 4574 3480 4629 viventis

1907 4681 2078 4735 hiercs
2133 4695 2255 4733 esse
2308 4693 2412 4731 non
2449 4683 2646 4747 potest.

1921 4943 2073 4998 Venit
2109 4941 2319 4997 Sectam
2356 4954 2472 4992 cum
2503 4934 2699 4991 sarculo
2741 4932 3098 4986 renuntiasset
3142 4928 3223 4982 vir
3261 4927 3478 4996 quidam

2398 5052 2403 5055 .
2472 5074 2485 5083 -
2592 5074 2649 5083 __
2910 4999 3443 5083 .[illustrissintus;'_

1912 5080 2201 5152 Multisque
2228 5079 2410 5149 opibus
2437 5074 2698 5146 elargitis,
2729 5070 2832 5127 sibi
2867 5066 3097 5141 aliquam
3121 5066 3475 5188 partt‘zzgﬁli-

2116 5137 2129 5152 ”
2259 5137 2270 5149 ’
2553 5137 2575 5146 ⁷
2685 5137 2692 5139 ﬁ
2955 5137 2964 5141 ⁷
3307 5137 3405 5188 uit.

1919 5222 2061 5275 Dixit
2094 5229 2269 5274 autem
2296 5231 2551 5273 nonnemo
2584 5231 2601 5268 :
2638 5211 2682 5269 Ο
2714 5212 2967 5274 amice,et
2998 5208 3225 5328 priorlem
3249 5137 3475 5328 gargani

3161 5294 3241 5328 am
3316 5294 3341 5328 8
3392 5314 3405 5328 .

3161 5277 3405 5336 antisisti,

1911 5359 2041 5426 Qum
2063 5356 2303 5428 jucunda
2340 5365 2455 5411 erat
2469 5372 2488 5421 ;
2540 5371 2643 5428 ξιξ-σι
2684 5354 2941 5422 ingressus
2971 5364 3027 5402 es
3070 5277 3268 5428 inlvias
3297 5360 3478 5428 eorum

1913 5419 1951 5426 ’⁷
2063 5419 2081 5428 ’
2470 5419 2477 5421 “
2544 5423 2652 5496 [qui
2691 5419 3051 5491 paupertatem
3074 5419 3404 5486 proﬁtentur.

1910 5497 1974 5573 id
2005 5506 2089 5554 est
2115 5498 2202 5573 hic
2227 5507 2279 5551 et
2303 5495 2454 5573 alibi,
2475 5493 2903 5573 monachorum;
2943 5487 3390 5573 juxta'Glossam
3419 5502 3469 5539 ιιι

1911 5567 2116 5623 Nicelae
2148 5566 2449 5621 Aeoniinati
2483 5564 2681 5619 Indice.
2713 5561 2874 5629 ἄσιοι,
2904 5561 3145 5629 μοναχοί.

1983 5637 2093 5706 (66)
2136 5635 2236 5689 Vit.
2271 5635 2422 5706 Patr.
2456 5651 2492 5696 I,
2523 5633 2806 5706 l0_;(1ass.
2845 5625 2978 5706 Inst.
3009 5625 3070 5684 v.‘
3102 5625 3192 5706 28]ζ

2005 5693 2094 5772 673
2142 5706 2242 5762 Vit.
2280 5705 2428 5758 Patr.
2462 5693 2539 5763 at.
2574 5693 2679 5766 18;
2717 5696 3043 5772 (Zass._lnst.
3083 5710 3132 5757 v,
3280 5693 3369 5751 5f.

2005 5709 2094 5772 67)
2142 5709 2242 5762 Vit.
2280 5709 2428 5758 Patr.
2462 5720 2539 5763 XI.
2574 5709 2679 5766 18;
2717 5709 2870 5754 Cass.
2912 5709 3043 5750 Inst.
3083 5710 3132 5757 v,
3166 5709 3255 5754 ‘29,

1983 5709 2094 5846 E68)
2137 5775 2238 5829 Vit.
2274 5775 2421 5827 Patr.
2457 5791 2530 5839 γι,
2563 5775 2627 5826 10
2651 5791 2664 5838 ;
2692 5773 2842 5827 Cass.
2879 5769 3011 5823 Inst.
3044 5784 3135 5830 vn,
3180 5766 3262 5822 l‘J.
