3982 6336
399 380 504 442 ’ὶῶΊ

905 502 978 556 De
1003 502 1187 556 abbate
1217 501 1431 558 Cronio.

467 616 518 670 1.
559 614 752 670 Frater
780 617 846 670 ab
885 617 1080 671 abbate
1107 616 1307 670 Cronio
1353 618 1524 686 petiit,
1559 627 1616 672 ut
1641 620 1688 672 ci
1740 617 1960 687 aliquod

402 706 617 761 verbum
665 705 944 777 proferret.
984 706 1167 777 Itaque
1216 709 1291 760 ait
1331 707 1444 761 illi:
1477 707 1705 773 Quando
1736 708 1961 762 Elisazus

403 795 541 850 venit
562 795 626 850 ad
660 796 1073 859 Suuamitidem,
1093 797 1292 850 invenit
1315 813 1431 851 eam
1461 799 1590 876 ui_li'l
1617 801 1811 868 negotii
1835 815 1959 853 cum

399 898 667 952 quoquam
695 883 1012 949 habentem;
1043 888 1293 955 concepit
1321 887 1503 955 igitur,
1529 905 1593 941 ac
1617 890 1844 958 peperit,
1868 905 1963 958 per

398 975 685 1030 adventum
736 976 912 1031 Elisaai
946 979 1009 1032 ".
1070 976 1260 1032 Frater
1303 978 1438 1034 dixit
1474 998 1488 1034 :
1521 979 1660 1045 Quid
1703 981 1804 1034 hoc
1843 997 1964 1036 ver-

400 1067 525 1121 bum
564 1067 665 1121 sibi
699 1069 854 1122 vult?
882 1067 1177 1140 Respondit
1201 1085 1363 1124 senex
1393 1089 1408 1125 :
1440 1072 1629 1124 Anima
1674 1086 1796 1124 cum
1829 1071 1962 1141 vigi-

400 1157 606 1220 laverit,
657 1165 709 1212 et
755 1174 812 1214 se
851 1159 1154 1213 coercuerit
1181 1175 1210 1213 a
1241 1160 1618 1224 distractione,
1654 1162 1962 1232 reliquerit-

399 1265 504 1318 que
534 1249 835 1304 voluntates
868 1266 1015 1314 suas,
1039 1259 1168 1304 tunc
1199 1250 1438 1321 Spiritus
1459 1251 1547 1305 Dei
1566 1252 1710 1306 venit
1732 1251 1797 1306 ad
1819 1267 1962 1318 eam;

399 1354 463 1392 ac
513 1340 706 1395 deinde
740 1350 917 1412 potest
955 1343 1175 1413 gignere
1220 1359 1233 1396 :
1287 1342 1726 1413 quandoquidem
1759 1343 1965 1400 sterilis

398 1443 499 1488 εει.

466 1523 521 1576 2.
560 1523 748 1578 Frater
783 1524 1138 1595 interrogavit
1167 1525 1414 1580 abbatem
1464 1527 1764 1580 Cronium:
1823 1525 1964 1592 Quid

401 1610 593 1664 faciam
624 1612 906 1678 oblivioni,
929 1628 1051 1682 qua:
1074 1614 1126 1666 in
1158 1613 1526 1682 captivitatem
1556 1615 1706 1687 ducit
1731 1624 1964 1669 mentem

401 1718 596 1765 meatu,
639 1718 738 1757 nec
778 1703 908 1758 sinit
948 1719 1034 1758 me
1066 1705 1290 1768 sentire,
1343 1705 1516 1759 donec
1564 1705 1854 1760 adduxerit
1895 1705 1962 1758 ad

400 1795 722 1864 peccatum?
750 1793 814 1848 Et
833 1795 908 1848 ait
937 1810 1136 1850 senex:
1171 1795 1398 1861 Quando
1440 1797 1753 1867 alienigena:
1777 1811 1959 1850 arcam

1533 389 1873 446 APPENDIX
1917 391 2008 446 AD
2046 390 2444 449 PALLADIUM

3529 383 3638 440 2-56

2461 506 2600 574 Περὶ
2629 504 2735 559 τοῦ
2766 503 2915 561 ἀσϐἇ
2951 503 3228 573 Κρονίου.

2129 616 2196 670 α’.
2258 616 2510 685 Ἀδελφὸς
2558 616 2662 688 ἔφη
2723 616 2802 688 τῷ
2862 617 3008 689 ἀϐϐᾷ
3059 613 3306 688 Κρονίῳ’
3359 611 3493 666 Εἰπέ
3545 627 3640 681 μοι

2065 709 2232 777 ῥῆμα.
2269 707 2372 760 Kal
2403 708 2550 777 λέγει
2573 708 2742 780 αὐτῷ,
2763 710 2843 762 ὅτι
2879 709 2971 762 Ἐν
3001 709 3077 780 τῷ
3105 705 3278 760 ὲλθεῖν
3315 703 3404 758 τὸν
3460 702 3646 756 Ἐλισο

2065 801 2212 851 σαῖον
2242 799 2378 869 πρὸς
2405 799 2503 869 τὴν
2533 800 2874 870 Σωμανῆτιν,
2905 795 3064 871 εὗρεν
3095 798 3262 869 αὐτὴν
3294 796 3368 868 μὴ
3407 795 3637 865 ἔχουσαν

2064 889 2295 958 πρᾶγμα
2344 889 2480 958 μετά
2517 907 2658 953 τινος
2682 907 2696 921 ο
2741 890 3034 943 συνέλαϐεν
3077 885 3194 949 οὖν,
3227 887 3322 941 καὶ
3361 887 3513 939 ἔτεκε
3549 885 3642 939 aia

2062 975 2162 1045 τῆς
2186 977 2484 1046 παρουσίας
2525 977 2849 1032 Ἐλισσαίου.
2874 979 3038 1046 Λέγει
3062 977 3117 1030 δὲ
3143 976 3291 1046 αὐτῷ
3310 977 3338 1028 6
3375 974 3668 1061 ἀδελφόςοε

2065 1066 2129 1118 Τί
2169 1069 2284 1120 ὲστι
2322 1067 2380 1121 τὸ
2426 1069 2574 1138 ῥῆμα
2597 1068 2789 1134 τοῦτο;
2833 1069 2941 1122 Kal
2969 1068 3115 1136 λέγει
3146 1069 3173 1120 6
3202 1063 3411 1138 γέρων,
3445 1068 3526 1120 ὃτι
3575 1065 3643 1119 Ἠ

2063 1155 2209 1228 ψυχὴ
2235 1158 2330 1211 ἐὰν
2373 1159 2538 1231 νήψῃ,
2581 1159 2674 1213 καί
2711 1160 2965 1232 συστείλῃ
2994 1160 3194 1232 ἑαυτὴν
3227 1159 3333 1212 ἀπὸ
3362 1157 3456 1211 τοῦ
3488 1175 3647 1228 περι-

2067 1247 2341 1318 σπασμοῦ,
2375 1250 2468 1302 καὶ
2501 1248 2797 1322 καταλείψῃ
2825 1249 2894 1303 τά
2924 1249 3205 1321 θελήματα
3253 1250 3474 1319 ἑαυτῆς,
3515 1247 3644 1301 τότε

2064 1337 2126 1390 τὸ
2153 1338 2375 1410 Πνεῦμα
2403 1339 2495 1392 τοῦ
2535 1339 2670 1393 Θεοῦ
2717 1341 3054 1412 παραϐάλλει
3089 1342 3224 1413 αὐτῇ
3252 1356 3264 1371 ’
3297 1340 3392 1394 καὶ
3419 1338 3647 1393 δύναται

2067 1429 2249 1482 λοιπὸν
2280 1431 2562 1502 γεννῆσαι,
2591 1432 2778 1503 ἐπειδὴ
2809 1432 2995 1503 στεῖρά
3025 1434 3190 1486 ἐστιν.

2153 1518 2218 1588 β’.
2290 1519 2540 1589 Ἀδελφὸς
2595 1521 2846 1592 ἠρώτησε
2898 1522 2988 1575 τὸν
3036 1523 3208 1575 ἀϐϐᾶν
3269 1521 3525 1592 Κρόνιον·
3578 1521 3647 1572 Τί

2076 1612 2287 1681 ποιήσω
2314 1615 2379 1684 τῇ
2417 1613 2556 1687 λήθῃ
2586 1617 2651 1685 τῇ
2685 1613 3158 1686 αἰχμαλωτιζούσῃ
3202 1614 3294 1667 τὸν
3341 1614 3464 1668 νοῦν
3514 1631 3645 1683 μου.

2077 1701 2171 1754 καὶ
2219 1703 2316 1754 οὐκ
2366 1701 2512 1774 ὲὼσῃ
2565 1719 2633 1772 με
2690 1703 3059 1766 αἰσθάνεσθαι,
3113 1703 3271 1773 μέχρι
3321 1719 3388 1772 με
3446 1701 3650 1772 ἐνέγκῃ

2075 1791 2194 1844 κατ’
2216 1790 2384 1862 αὐτῆς
2405 1792 2502 1861 τῆς
2523 1793 2793 1862 ἁμαρτίας
2817 1809 2830 1855 ;
2873 1793 2977 1844 Kal
3003 1787 3152 1860 λέγει
3179 1794 3207 1845 6
3245 1791 3422 1863 γέρων
3442 1808 3456 1821 ·
3513 1792 3648 1842 Ὅτε

399 1893 621 1955 propter
660 1887 799 1940 mala
829 1902 988 1955 opera
1016 1885 1382 1941 lsraelitarum
1414 1902 1625 1956 cepere,
1675 1895 1962 1942 traxerunt

2081 1881 2272 1938 ἔλαϐον
2319 1884 2368 1937 oi
2421 1884 2704 1954 ἀλλόφυλοι
2744 1886 2843 1956 τὴν
2897 1885 3127 1939 κιϐωτὸν
3171 1885 3259 1940 διὰ
3313 1885 3410 1957 τὴν
3468 1885 3650 1955 κακὴν

399 1995 541 2046 eam,
602 1979 775 2033 donec
828 1979 1185 2033 adduxissent
1242 1979 1310 2032 ad
1357 1978 1576 2032 domum
1640 1977 1823 2048 Dagon
1883 1977 1971 2032 dei

401 2070 486 2123 sui
533 2069 616 2130 "°;
677 2077 914 2138 tuncque
971 2069 1060 2123 ille
1107 2069 1303 2124 cecidit
1343 2070 1396 2123 in
1441 2069 1631 2122 faciem
1673 2085 1849 2124 suam.
1891 2068 1972 2123 Di-

402 2159 476 2212 cit
506 2157 707 2212 t‘rater:
749 2157 891 2224 Quid
922 2159 1024 2213 hoc
1044 2161 1164 2214 est?
1193 2158 1329 2213 Tum
1364 2175 1524 2214 senex
1553 2179 1565 2214 :
1615 2158 1672 2213 Si
1704 2161 1971 2230 coeperint

404 2249 676 2318 captivam
711 2248 910 2303 ducere
934 2257 1168 2304 mentem
1199 2249 1437 2305 hominis
1468 2265 1564 2319 per
1598 2251 1844 2318 pr0prios
1885 2249 1969 2319 ip-

404 2340 522 2395 sius
560 2349 762 2403 motus,
799 2339 902 2394 hoc
921 2340 1080 2394 modo
1101 2355 1218 2396 eam
1242 2340 1580 2410 pertrahunt,
1613 2341 1787 2396 donec
1809 2340 1972 2395 duxe-

407 2429 514 2482 rint
547 2444 710 2498 super
761 2429 1090 2484 iuvisibilem
1130 2429 1402 2484 affectum.
1436 2429 1512 2484 Eo
1555 2431 1720 2499 igitur
1748 2430 1802 2484 in
1850 2430 1970 2486 loco

408 2535 564 2574 mens
583 2521 904 2583 constituta,
937 2522 980 2574 si
1015 2534 1280 2574 conversa
1309 2519 1490 2584 fuerit,
1539 2519 1708 2574 Deum
1739 2520 1972 2591 quaesie-

408 2610 500 2672 rit,
537 2617 589 2663 et
621 2609 906 2663 recordata
946 2610 1108 2663 fuerit
1159 2609 1346 2663 aeterni
1374 2608 1586 2678 judicii,
1625 2610 1807 2664 statim
1825 2607 1972 2662 cadit

405 2697 650 2760 allectus,
679 2714 778 2754 nec
810 2700 1043 2768 amplius
1064 2706 1358 2766 comparet.
1385 2699 1656 2768 Scriptum
1679 2699 1824 2753 enim
1855 2705 1967 2753 est:

405 2786 540 2842 Cum
563 2804 796 2843 reversus
831 2789 1164 2860 ingemueris,
1198 2797 1321 2842 tunc
1342 2788 1518 2844 salvus
1561 2789 1687 2851 eris,
1745 2797 1795 2842 et
1838 2788 1970 2842 scies

407 2883 495 2937 ubi
524 2884 686 2953 [ueris
719 2885 785 2941 ”.

474 3062 529 3118 5.
571 3060 760 3115 Frater
818 3069 1171 3130 percontatus
1237 3069 1320 3116 est
1375 3062 1624 3116 abbatem
1681 3061 1966 3128 Cronium,

405 3167 641 3222 quonam
673 3151 832 3204 modo
861 3153 1041 3206 veniat
1073 3153 1234 3206 homo
1270 3151 1337 3204 ad
1365 3151 1744 3206 humilitatem.
1773 3153 1860 3206 Ait
1893 3154 1969 3208 illi

407 3215 572 3296 senex
605 3239 745 3294 :Per
790 3240 1038 3295 timorem
1074 3239 1186 3294 Dei.
1239 3239 1376 3296 'I‘um
1437 3242 1602 3296 frater
1630 3243 1869 3313 excepit:
1906 3243 1972 3298 Et
1996 3215 2041 3274 θ’

408 3347 503 3402 per
522 3345 682 3399 quam
709 3347 818 3384 rem
843 3333 989 3385 venit
1015 3331 1084 3384 ad
1107 3333 1358 3386 timorem
1395 3331 1487 3387 Dei
1509 3335 1533 3386 ’ἰ
1562 3331 1858 3404 Respondit
1885 3353 1970 3393 se-

409 3437 544 3476 nex:
588 3419 703 3474 Mea
737 3422 952 3490 quidem
1007 3424 1294 3484 sententia,
1327 3424 1420 3477 ubi
1467 3427 1771 3479 coercuerit
1802 3443 1860 3482 se
1904 3428 1972 3481 ab

408 3512 556 3566 omni
587 3512 825 3582 negotio,
860 3521 914 3566 et
961 3512 1171 3566 dederit
1201 3529 1260 3568 se
1297 3513 1363 3566 ad
1398 3513 1636 3568 laborem
1689 3519 1971 3587 corporis;

409 3615 780 3675 quantumque
806 3605 965 3660 habet
993 3605 1187 3660 virium
1214 3605 1524 3662 meminerit
1567 3608 1746 3663 exitus
1786 3625 1816 3666 e
1856 3625 1978 3666 cor-

411 3714 540 3770 pore
561 3712 625 3752 ac
645 3697 836 3769 judicii
862 3695 1053 3752 divini.

478 3871 532 3927 4.
567 3870 713 3925 Dixit
769 3871 937 3927 abbas
979 3871 1213 3928 Cronius
1259 3889 1275 3928 :
1318 3871 1434 3929 Nisi
1463 3873 1675 3946 Moyses
1732 3875 1977 3930 duxisset

409 3979 536 4018 oves
564 3963 666 4019 sub
696 3972 933 4019 montem
965 3963 1118 4029 Sina,
1160 3981 1267 4020 non
1302 3967 1526 4021 vidisset
1559 3967 1732 4036 ignem
1780 3967 1833 4020 in
1885 3983 1977 4020 ru-

412 4057 480 4109 bo
494 4055 562 4109 ".
591 4053 784 4110 Senem
812 4057 1166 4127 interrogavit
1197 4057 1394 4112 frater:
1423 4056 1530 4112 Pro
1554 4073 1787 4128 quanam
1817 4076 1874 4113 re
1893 4074 1977 4113 ac-

409 4145 608 4215 cipitur
643 4147 861 4202 rubus?
887 4145 1230 4217 Responsum
1265 4149 1445 4204 dedit:
1479 4149 1667 4206 Rubus
1705 4148 1976 4221 signiﬁcat

409 4238 678 4292 actionem
704 4241 1065 4306 corporalem.
1091 4243 1386 4312 Scriptura:
1426 4243 1570 4298 enim
1597 4242 1759 4297 verba
1803 4249 1932 4297 sunt
1958 4260 1971 4295 :

2072 1973 2273 2046 πρᾶξιν
2303 1974 2411 2027 τῶν
2456 1975 2585 2029 υίῶν
2630 1975 2845 2047 Ἰσραὴλ
2876 1978 2945 2041 ’⁷,
2977 1977 3168 2048 έσυρον
3215 1977 3384 2047 αὐτὴν
3431 1975 3538 2038 ἕως
3582 1966 3647 2026 οὗ

2071 2065 2310 2137 ἤνεγκαν
2340 2063 2506 2136 αὐτὴν
2536 2066 2619 2128 εἰς
2637 2063 2726 2120 τὸν
2754 2063 2898 2118 οἷκον
2927 2064 3112 2134 Δαγὼν
3139 2064 3234 2118 τοῦ
3265 2063 3386 2117 θεοῦ
3426 2063 3610 2116 αὐτῶν
3629 2079 3646 2094 ·

2071 2153 2164 2206 καὶ
2204 2153 2325 2206 τότε
2364 2153 2558 2207 ἔπεσεν
2585 2154 2678 2208 ὲπί
2719 2155 3010 2227 προσώπου
3052 2155 3238 2210 αὐτοῦ.
3281 2155 3388 2209 Καὶ
3431 2155 3579 2224 λέγει
3620 2157 3653 2209 6

2071 2241 2333 2311 ἀδελφός·
2381 2242 2446 2296 Τί
2495 2245 2608 2296 ἐστι
2647 2243 2840 2308 τοῦτο;
2901 2244 2960 2297 '0
2998 2245 3055 2298 δὲ
3094 2244 3273 2316 γέρων
3323 2241 3509 2305 εἶπεν,
3565 2244 3651 2297 ὅτι

2085 2329 2212 2384 Ἐἀν
2234 2330 2514 2399 φθάσωσιν
2543 2332 2938 2402 αἰχμαλωτίσαι
2968 2334 3056 2389 τὸν
3085 2334 3207 2387 νοῦν
3229 2333 3322 2386 τοῦ
3353 2332 3648 2404 ἀνθρώπου

2071 2423 2160 2476 διὰ
2202 2422 2312 2476 τῶν
2363 2421 2505 2476 ἰδίων
2533 2422 2698 2476 αὑτοῦ
2735 2422 3033 2496 ἀφορμῶν,
3081 2423 3256 2489 οῦτως
3303 2423 3650 2496 ὑποσύρωσιν

2071 2513 2253 2578 αὑτὸν,
2287 2511 2392 2575 ἕως
2433 2512 2500 2566 ἂν
2541 2513 2838 2582 ἐνέγκωσιν
2870 2515 3034 2568 αὐτὸν
3065 2516 3248 2570 ἐπάνω
3296 2515 3388 2569 τοῦ
3410 2516 3648 2588 ἀοράτου

2071 2601 2294 2665 πάθους.
2342 2603 2428 2655 Ἑν
2458 2603 2651 2674 ἐκείνῳ
2675 2599 2767 2657 οὖν
2797 2604 2874 2674 τῷ
2902 2605 3050 2676 τόπῳ
3079 2605 3172 2658 ἐὰν
3197 2609 3414 2678 στραφῇ
3442 2608 3471 2658 6
3497 2606 3647 2669 νοῦς,

2073 2693 2168 2747 καὶ
2190 2692 2402 2764 ζητήσῃ
2434 2693 2524 2746 τὸν
2569 2694 2722 2760 Θεὸν,
2757 2697 2850 2749 καὶ
2895 2695 3244 2770 μνημονεύσῃ
3289 2697 3389 2766 τῆς
3428 2699 3650 2752 αἰωνίου

2073 2783 2306 2856 κρίσεως
2339 2786 2406 2850 ⁸⁸,
2438 2787 2598 2849 εὐθὺς
2626 2787 2689 2840 τὸ
2714 2788 2884 2851 πάθος
2910 2788 3100 2841 πίπτει
3125 2789 3220 2842 καὶ
3265 2789 3465 2859 ἀφανὲς
3511 2789 3655 2858 γίνε-

2071 2894 2178 2930 ται.
2199 2877 2511 2948 Γέγραπται
2534 2878 2642 2948 γάρ
2663 2895 2676 2908 ·
2703 2878 2881 2932 Ὅταν
2895 2879 3302 2949 ἀποστραφείς
3326 2879 3651 2949 στενάξῃς,

2070 2969 2209 3022 τότε
2237 2967 2510 3037 σωθήσῃ,
2541 2969 2636 3022 καί
2660 2969 2861 3039 γνώσῃ
2892 2969 3010 3024 ποῦ
3040 2967 3200 3040 ἦσθα
3231 2972 3362 3042 (U9).

2139 3059 2208 3128 Υ.
2262 3059 2508 3130 Ἀδελφὸς
2545 3061 2794 3131 ἠρώτησε
2837 3062 2926 3114 τὸν
2967 3062 3140 3115 ἀϐϐᾶν
3184 3063 3412 3134 Κρόνιον
3437 3081 3452 3095 ·
3500 3063 3652 3133 Ποίῳ

2071 3149 2259 3223 τρόπῳ
2279 3149 2500 3221 ἔρχεται
2519 3151 2800 3220 ἄνθρωπος
2827 3154 2907 3214 εἰς
2932 3153 3454 3224 ταπεινοφροσύνηνς
3486 3155 3653 3223 Λέγει

2076 3240 2228 3311 αὐτῷ
2253 3243 2281 3294 6
2305 3241 2505 3312 γέρων,
2534 3241 2614 3294 ὅτι
2646 3240 2749 3294 Διά
2801 3240 2893 3294 τοῦ
2939 3243 3107 3310 φόϐου
3141 3241 3235 3296 τοῦ
3285 3243 3442 3297 Θεοῦ.
3485 3244 3654 3312 Λέγει

2076 3331 2226 3402 αὐτῷ
2253 3333 2282 3384 6
2309 3331 2532 3399 ἀδελφός
2553 3348 2566 3361 ·
2611 3333 2719 3385 Καὶ
2749 3331 2837 3384 διὰ
2870 3331 3023 3385 ποίου
3068 3333 3391 3404 πράγματος
3429 3336 3652 3406 ἔρχεται

2078 3422 2157 3482 εἰς
2201 3421 2291 3473 τὸν
2333 3419 2495 3488 φόϐον
2521 3419 2612 3473 τοῦ
2642 3421 2808 3486 Θεοῦ;
2855 3421 3017 3489 Λέγει
3069 3422 3218 3493 αὑτῷ
3252 3424 3280 3475 6
3331 3424 3537 3495 γέρων·
3576 3425 3655 3479 Τὸ

2080 3513 2200 3563 κατ’
2243 3511 2361 3580 ἐμὲ,
2397 3511 2483 3564 ἵνα
2512 3511 2762 3582 συστείλῃ
2791 3513 2984 3566 ἑαυτὸν
3011 3513 3120 3566 ἀπὸ
3163 3515 3360 3578 παντὸς
3391 3517 3655 3586 πράγμα-

2081 3617 2192 3666 τος,
2224 3602 2316 3654 καὶ
2342 3601 2501 3655 δώσει
2525 3603 2712 3655 ἑαυτὸν
2739 3606 2816 3666 εἰς
2845 3604 3010 3656 κόπον
3041 3605 3368 3675 σωματικὸν,
3399 3608 3492 3659 καὶ
3517 3607 3651 3678 ὅσην

2078 3693 2188 3762 ἔιει
2219 3695 2388 3764 ἰσχὺν,
2413 3697 2756 3768 μνημονεύσῃ
2795 3697 2891 3768 τῆς
2925 3698 2990 3750 ὲκ
3026 3697 3120 3751 τοῦ
3164 3698 3411 3768 σώματος
3441 3698 3649 3769 ἐξόδου,

2078 3785 2170 3838 καὶ
2192 3785 2290 3855 τῆς
2311 3787 2544 3857 κρίσεως
2567 3786 2661 3838 τοῦ
2703 3787 2861 3843 Θεοῦ.

2149 3875 2212 3929 δ’.
2255 3872 2418 3930 Εἶπεν
2456 3881 2484 3930 6
2520 3880 2692 3942 6665i;
2721 3880 2967 3949 Κρόνιος,
2993 3879 3074 3932 ὅτι
3102 3881 3164 3932 Εἰ
3195 3881 3268 3952 μὴ
3293 3881 3467 3951 ἤγαγε
3492 3883 3652 3936 Μωῦο

2081 3969 2181 4038 σῆς
2205 3969 2272 4022 τὰ
2304 3971 2550 4037 πρόϐατα
2579 3971 2682 4024 ὑπὸ
2714 3971 2774 4024 τὸ
2805 3971 2928 4042 ὅρος
2956 3973 3102 4034 Σινᾶ,
3130 3973 3230 4025 οὐκ
3263 3971 3329 4027 ἂν
3365 3973 3557 4026 ἔϐλεπε
3591 3977 3652 4028 τὸ

2083 4059 2196 4131 πῦρ
2229 4063 2287 4115 ὲν
2311 4065 2376 4132 τῇ
2405 4061 2572 4132 βάτῳ.
2618 4062 2679 4114 Ἥ
2688 4060 2926 4132 ρώτησεν
2959 4063 2987 4113 6
3011 4062 3237 4131 ἀδελφὸς
3264 4064 3353 4116 τὸν
3384 4065 3617 4136 γέροντα
3635 4083 3648 4096 ·

2080 4151 2176 4216 Εἰς
2199 4151 2252 4204 τί
2279 4152 2614 4223 λαμϐάνεται
2642 4155 2675 4224 ἡ
2721 4151 2918 4221 βάτοςς
2950 4152 3058 4206 Kal
3099 4153 3245 4220 λέγει
3267 4153 3433 4224 αὐτῷ,
3472 4155 3556 4208 ὅτι
3587 4156 3653 4210 Ἦ

2083 4242 2243 4314 βάτος
2289 4243 2623 4315 λαμϐάνεται
2667 4245 2747 4308 εἰς
2793 4243 2891 4316 τὴν
2937 4242 3249 4315 σωματικὴν
3290 4245 3508 4315 πρᾶξιν.
3550 4245 3642 4298 Γέ·

480 4392 528 4425 “
548 4391 614 4449 IV
642 4392 774 4462 Reg.
807 4408 880 4446 tv.
953 4392 1000 4425 “
1031 4392 1049 4446 Ι
1081 4392 1216 4462 Reg.
1252 4410 1301 4447 ν.
1376 4396 1423 4428 ’⁸
1447 4397 1550 4451 Isa.
1585 4413 1713 4459 xxx,
1744 4397 1830 4451 I5.
1906 4397 1952 4430 "

2081 4396 2148 4450 id.
2183 4411 2263 4450 Ill.
2338 4397 2382 4430 "
2413 4397 2498 4450 Al.
2528 4397 2666 4452 Ἦλί.
2742 4399 2788 4432 ⁸⁸
2821 4399 2904 4454 Al.
2934 4399 3231 4464 κολάσεως.

481 4549 590 4621 (69)
621 4548 806 4621 ’ξοτιιν
837 4546 1245 4621 ἀποστραφείς
1263 4548 1580 4621 σεενάξῃς,
1617 4552 1749 4621 τότε
1773 4551 1980 4620 σωθή-
2015 4559 2056 4612 D

409 4613 514 4688 σή.
549 4613 870 4687 νέαίτνώσῃ
907 4616 1031 4688 gon
1063 4613 1240 4688 ἦσθα.
1281 4613 1702 4688 ΕιιιΙο-ιιίῖιιοιίυ
1743 4635 1886 4673 nunc
1921 4613 1974 4675 in

413 4685 581 4771 [3305,
611 4685 685 4744 Is.
713 4705 844 4771 axx,
879 4685 957 4740 I5.
993 4686 1137 4771 {litat
1169 4686 1409 4771 Cyl-illus
1436 4685 1703 4771 “tertiani.
1753 4689 1897 4771 (ante:
1919 4692 1972 4744 li.

415 4763 445 4813 2
476 4780 488 4814 :
521 4763 688 4813 Ὅταν
710 4759 1059 4828 ἐπιστραφεὶς
1078 4755 1475 4828 στενάξῃρίτότε
1510 4755 1749 4828 σωθήσῃ.
1778 4755 1976 4826 (ii-ego-

412 4835 526 4884 rius
555 4844 685 4882 vero
712 4826 1090 4880 Nazianzenus
1123 4835 1262 4880 orat.
1300 4827 1364 4879 17
1399 4845 1411 4879 :
1459 4827 1582 4878 Ἐὰν
1622 4826 1982 4894 ἐπιστραφεὶς

414 4899 672 4971 στενάξῃς
701 4897 836 4968 πρὸς
857 4895 1080 4971 Ιξῦριον,
1109 4897 1226 4950 τότε
1247 4898 1494 4971 σωθήσῃ.
1533 4895 1892 4971 'l‘lieoilovitns
1924 4901 1978 4971 iu

417 4967 840 5028 I’salutfcn‘til,
874 4967 975 5031 7G;
1006 4983 1214 5020 necnon
1246 4967 1403 5020 Liber
1439 4967 1719 5020 Asi't'tit'us
1763 4967 1975 5021 Mznitni

415 5058 468 5094 υ.
495 5040 562 5092 60
592 5039 800 5109 :_"O:av
824 5038 1174 5109 ἀποστραφῇς
1192 5037 1284 5089 καὶ
1308 5037 1715 5109 στενάξῃς.τὸτε
1736 5036 1972 5109 σωθήσῃ.

413 5110 556 5164 Idem
593 5107 956 5176 Tlioodoritus
979 5106 1032 5160 iit
1065 5106 1289 5169 Isaiam,
1319 5108 1444 5158 ὅταν
1473 5106 1835 5176 ἀναστραςεὶς
1867 5106 1980 5158 στε-

412 5177 598 5249 νάξῃς.
627 5175 759 5232 Cum
789 5193 1063 5249 conversus
1103 5177 1412 5249 iugemuegris
1435 5219 1448 5237 ,
1482 5189 1602 5228 tunc
1644 5175 1816 5249 salvus
1849 5179 1973 5249 eris.

412 5245 738 5303 leestinus
768 5248 927 5314 epist.
964 5247 1018 5310 9.,
1053 5245 1199 5300 nutu.
1230 5249 1294 5304 ‘2;
1333 5246 1437 5298 Leo
1465 5249 1616 5313 epist.
1650 5246 1716 5296 ml
1750 5245 1979 5300 Theodo-

411 5335 535 5372 rum
564 5335 582 5371 :
619 5317 746 5372 Cum
779 5333 1054 5370 conversus
1077 5319 1408 5386 ingemueris,
1433 5327 1552 5368 tunc
1577 5317 1752 5368 salvus
1775 5319 1899 5378 eris,
1927 5327 1976 5369 et

413 5391 546 5441 sries
570 5389 657 5440 ubi
688 5388 872 5455 fueris.
893 5387 1045 5454 Apud
1080 5385 1392 5440 Luciferum
1421 5386 1491 5437 De
1528 5387 1731 5454 regibus
1764 5397 1978 5453 «posm-

421 5459 532 5512 tii'is
567 5457 1086 5526 pauloantciliueiu.
1122 5456 1176 5507 In
1209 5455 1472 5523 Gregorio
1527 5457 1717 5524 Magno
1755 5458 1847 5508 lib.
1880 5472 1977 5519 vii,

416 5523 605 5582 indici.
629 5527 859 5595 2,cpist.
886 5525 952 5578 54
988 5543 1000 5577 ι
1035 5523 1097 5578 In
1126 5542 1430 5594 quacunque
1459 5527 1541 5578 die
1581 5523 1856 5578 conversus
1896 5526 1977 5577 iu-

416 5599 694 5668 gemucris,
721 5607 843 5668 tunc
863 5596 1192 5668 salvus_eris.
1224 5595 1289 5648 Et
1339 5601 1477 5668 inter
1513 5613 1676 5668 opera
1711 5596 1773 5668 ὃ.
1797 5599 1979 5664 Augu.

417 5664 544 5722 Stini
576 5677 708 5721 tom.
750 5664 840 5726 IV,
867 5666 1003 5735 libro
1027 5664 1101 5718 De
1127 5683 1246 5719 vera
1267 5677 1314 5719 et
1347 5666 1485 5734 falsa
1509 5667 1832 5735 pmiilcntiu.
1852 5681 1974 5733 cap.

420 5739 480 5792 17
518 5755 530 5788 τ
566 5742 883 5803 Quacunque
913 5734 1042 5788 liora
1073 5750 1312 5806 peccator
1343 5739 1646 5806 ingemuerit
1676 5746 1723 5788 et
1764 5751 1978 5789 conver-

417 5825 502 5863 sus
533 5807 708 5875 fuerit,
747 5808 847 5860 vita
880 5807 1036 5865 vivet;
1063 5817 1189 5860 tom.
1227 5805 1314 5864 IX,
1353 5805 1422 5859 Di-
1456 5807 1695 5868 muﬂirm
1733 5810 1977 5860 t‘itiut‘ttm

2080 4559 2129 4604 et
2161 4551 2434 4625 virtutum,
2463 4566 2579 4625 cap.
2618 4552 2714 4607 15:
2737 4552 2808 4625 In
2830 4571 3134 4625 quacunque
3156 4556 3241 4610 die
3262 4568 3503 4624 peccator
3528 4575 3653 4615 cost-

2081 4621 2611 4695 uersusjugemuerit,
2661 4621 2851 4676 salvus
2895 4627 2993 4677 erit
3019 4621 3058 4689 ;’
3083 4621 3309 4695 epistola
3333 4628 3364 4678 5
3390 4627 3648 4683 Paciani:

2083 4691 2227 4764 (llud
2260 4687 2456 4764 Istinc:
2483 4690 2612 4764 Cum
2646 4710 2921 4747 conversus
2951 4687 3286 4764 ingemueris,
3324 4711 3443 4749 tunc
3474 4699 3653 4753 salva-

2082 4759 2238 4834 lteris,
2265 4768 2314 4813 et
2347 4762 2478 4834 scies
2517 4763 2602 4812 ubi
2627 4764 2811 4834 fueris.
2839 4759 3042 4818 Ruricii
3063 4759 3292 4834 epistola
3316 4768 3404 4827 51,
3437 4767 3556 4820 libri
3578 4784 3650 4824 II:

2083 4827 2356 4905 ΡιίειιαιονΔ
2387 4831 2524 4905 enim
2561 4827 2669 4905 grta
2721 4833 2804 4905 die
2831 4827 3112 4905 conversus
3133 4837 3437 4905 ingemuerit
3463 4876 3476 4898 ,
3531 4846 3657 4891 tunc

2081 4899 2258 4951 salvus
2280 4901 2402 4972 erit.
2452 4900 2606 4972 Varie
2640 4903 2692 4954 in
2724 4903 2960 4956 liomiliis
3020 4899 3247 4958 Caesarii
3291 4905 3654 4972 Arelatensis,

2080 4984 2218 5044 quas
2252 4970 2469 5044 publico
2501 4971 2644 5044 bono
2667 4974 2939 5044 evolgavit
2963 4991 3012 5026 ν.
3048 4976 3117 5028 cl.
3152 4975 3459 5044 SMpbanus
3494 4970 3657 5030 Batan

2082 5042 2218 5100 rius,
2255 5039 2402 5114 hom.
2431 5041 2544 5114 2_et
2579 5039 2644 5093 15
2675 5056 2688 5114 ς
2729 5039 3118 5114 [aquilamque
3150 5045 3233 5098 die
3251 5039 3540 5098 conversus
3570 5047 3652 5099 in—

2079 5111 2359 5184 gemueris,
2399 5109 2730 5184 nsalvits_eri_s_.
2767 5109 2884 5184 7Et_:
2918 5112 2982 5166 lu
3019 5109 3326 5184 quacunque
3377 5115 3461 5168 die
3513 5117 3658 5184 inge-

2085 5180 2299 5254 mueris,
2326 5178 2505 5254 saluus
2527 5180 2651 5254 eris.
2683 5179 2777 5233 Vel
2802 5197 2814 5231 :
2835 5181 2967 5254 Cum
2999 5178 3277 5239 conversus
3311 5178 3654 5254 ingemuer'is,

2085 5247 2259 5301 salvus
2285 5249 2407 5318 eris.
2439 5247 2677 5318 Denique
2711 5253 3022 5307 notabiliter
3053 5247 3454 5309 Clit'odebertus
3485 5247 3658 5311 Tuto?

2084 5317 2349 5393 nensisin
2383 5317 2598 5393 judicio
2637 5319 2706 5393 de
2739 5322 2964 5393 muliere
3003 5324 3268 5381 adultera.
3299 5324 3444 5393 quod
3483 5325 3652 5380 debe—

2084 5401 2204 5464 mus
2232 5387 2524 5464 diligentia:
2556 5387 2836 5445 Paschasii
2877 5394 3174 5464 Quesnelli,
3210 5387 3509 5464 presbyteri
3539 5395 3657 5464 pie-

2083 5463 2191 5507 tate
2230 5472 2296 5533 ac
2325 5458 2575 5533 doctrina
2627 5464 2932 5533 praestantis
2963 5479 2975 5513 :
3002 5463 3082 5514 Ad
3120 5458 3231 5518 Ιιαιὲ
3275 5458 3426 5517 υετῦα
3456 5458 3658 5533 cori/ir-

2083 5525 2297 5602 ηιτιηςζαΡ
2331 5526 2530 5602 inquit,
2578 5525 2726 5602 testis
2762 5542 2840 5602 est
2871 5533 3343 5602 excellentissimus
3373 5525 3654 5602 prop/icta.

2079 5595 2167 5673 qui
2199 5593 2516 5673 SpirituDei
2537 5597 2720 5673 plenus
2737 5600 2899 5653 dicit:
2929 5601 3217 5658 «Pect'ator
3242 5605 3294 5656 iit
3326 5593 3657 5673 quacunque

2080 5665 2189 5725 die,
2223 5667 2277 5743 in
2317 5679 2645 5743 quacunque
2693 5669 2825 5723 liora
2869 5685 3170 5743 conversus
3205 5665 3370 5727 fuerit
3394 5683 3449 5727 et
3500 5665 3657 5743 inge-

2085 5735 2502 5799 muerit,omnia
2531 5735 2748 5806 peccata
2774 5755 2870 5795 sua
2903 5741 3164 5799 oblivioni
3203 5743 3512 5799 traduntur.
3553 5735 3572 5804 ζ
