3994 6336
238 397 342 454 M9

1355 403 1963 466 APOPHTHEGMATA
2004 407 2310 466 PATRUM.

3381 407 3486 460 250

237 530 479 586 γραπται
509 514 640 584 γὰρ,
684 515 766 570 δτι
825 515 1031 588 Ὁμοία
1070 518 1242 574 ἐστιν
1283 525 1320 591 ἡ
1357 527 1648 590 βασιλεία
1695 528 1791 582 τῶι

1919 527 2104 582 Simile
2125 537 2202 581 est
2234 540 2448 595 regnum
2495 522 2747 577 caelorum
2790 522 3030 576 thesauro
3077 520 3386 576 abrcondito
3431 522 3485 574 in

237 605 509 672 οὐρανῶν
543 608 827 676 θησαν,φῷ
873 611 1255 680 κεκρυμμένῳ
1296 615 1365 668 ἐν
1414 617 1592 687 ἀγρῷ.
1645 623 1809 690 Λέγει

236 698 267 751 ό
292 698 517 768 ἀδελφὸς
564 699 641 771 τῷ
683 702 933 772 γέροντι·
981 707 1191 760 Οὐκοῦν
1237 708 1394 772 ἐκτὸς
1435 713 1680 781 καμάτου
1705 731 1809 766 σω-

239 788 467 860 ματικοῦ
525 792 587 843 ού
637 794 933 862 προκόπτει
979 795 1261 867 ἄνθρωπος
1307 798 1388 864 εἷς
1420 817 1540 856 τινα
1602 804 1802 874 τιμήνς

235 880 393 949 Λέγει
421 880 571 951 αὐτῷ
593 885 621 935 ὁ
646 883 824 954 γέρων
844 899 860 915 ο
891 885 1040 949 Τέως
1065 887 1404 956 γέγραπται·
1445 890 1807 960 Ἀφορῶντες

232 974 318 1036 εις
354 973 464 1025 τὸν
482 972 595 1041 τῆς
622 975 883 1040 πίστεως
915 976 1186 1048 ἀρχηγὸν
1209 980 1307 1033 καὶ
1341 982 1664 1053 τελειωτὴν
1703 984 1805 1051 Ἰη-

232 1059 404 1123 σοῦν,
443 1061 513 1128 ὃς
539 1063 669 1116 ἀντὶ
699 1063 810 1132 τῆς
841 1067 1233 1134 προκειμένης
1265 1066 1424 1133 αὐτῷ
1454 1069 1644 1138 χαρᾶς
1693 1074 1805 1125 ὐπ-

231 1154 425 1223 έμεινε
450 1160 734 1225 σταυρόν.
769 1160 879 1212 Καὶ
915 1161 1077 1214 πάλιν
1119 1162 1280 1215 Δαὸὶδ
1328 1162 1509 1232 λέγει’
1543 1167 1610 1218 El
1635 1163 1804 1217 δώσω

230 1246 426 1300 ὕπνον
464 1249 589 1314 τοῖς
619 1251 949 1321 ὀφθαλμοῖς
987 1271 1127 1322 μου,
1163 1254 1264 1311 καί
1305 1256 1431 1322 τοῖς
1469 1257 1802 1326 βλεφάροις

227 1355 338 1408 μου
367 1345 747 1411 νυστανμόν·
793 1345 886 1396 καὶ
911 1344 981 1398 τὰ
1006 1344 1156 1416 ἑξῆς.

295 1439 354 1486 ε’.
381 1431 552 1486 Εἶπεν
572 1437 600 1487 ὁ
625 1434 796 1500 ὰόόᾶς
819 1437 1067 1508 Κρόνιος,
1084 1438 1164 1491 ὅτι
1181 1439 1488 1511 Διηγήσατο
1503 1443 1633 1513 ἡμῖν
1660 1441 1688 1494 ὁ
1706 1441 1800 1496 ἀϐ-

230 1523 325 1588 σᾶς
363 1527 562 1598 Ἰωσὴφ
592 1526 621 1579 ὁ
643 1527 734 1581 τοῦ
765 1528 1084 1599 Πηλουσίου,
1113 1532 1195 1586 ὅτι
1221 1533 1544 1604 Καθημένου
1587 1552 1687 1605 μου
1721 1538 1799 1601 είς

227 1616 285 1669 τὸ
324 1618 476 1681 Σινᾶ,
509 1616 577 1690 ἦν
611 1623 728 1673 ὲκεί
755 1621 981 1692 ἀδελφὸς
1021 1624 1185 1688 καλὸς
1222 1625 1318 1679 καὶ
1351 1627 1615 1699 ἀσκητὴς,
1664 1627 1800 1682 ἀλλὰ

228 1711 317 1761 καὶ
358 1710 502 1763 κατὰ
540 1711 602 1763 τὸ
637 1711 794 1783 σῶμα
834 1714 1067 1786 εὐειδής·
1113 1716 1208 1769 καὶ
1243 1717 1441 1789 ἤρχετο
1484 1719 1562 1782 είς
1589 1718 1685 1789 τὴν
1710 1721 1799 1771 ὲκ-

229 1802 453 1872 κλησίαν
485 1805 566 1867 εἰς
586 1803 682 1875 τὴν
715 1804 950 1872 σύναξιν,
985 1808 1168 1880 φορῶν
1206 1810 1550 1887 πλύρραφον
1574 1813 1666 1865 καὶ
1710 1831 1798 1883 μι-

1911 619 2104 688 agro’.
2142 617 2339 671 lterum
2377 615 2558 670 ‘frater
2607 614 2722 668 seni
2765 611 2944 683 :Ergo
2974 613 3178 684 absque
3207 613 3483 683 corporali

1910 707 2094 762 labore
2141 721 2249 760 non
2294 704 2543 774 procedit
2573 704 2737 758 homo
2788 703 2855 756 ad
2889 702 3090 772 aliquid
3123 704 3390 757 honoris?
3419 702 3486 759 Et

1909 813 2073 853 senex
2096 814 2108 850 :
2136 793 2337 865 Utique
2363 795 2627 864 scriptum
2651 800 2734 849 est
2757 811 2770 847 :
2792 793 3112 862 Aspicientes
3137 794 3190 846 in
3214 802 3482 848 auctorem

1907 888 2052 957 ﬁdei,
2081 896 2128 941 et
2165 895 2638 941 consummatorem
2689 879 2891 948 Iesum,
2951 883 3042 954 qui
3065 885 3331 954 proposito
3378 884 3481 940 sibi

1903 980 2099 1051 gaudia
2124 979 2375 1032 sustinuit
2409 993 2616 1030 crucem
2643 975 2684 1030 ³.
2727 977 3050 1046 Rursusque
3091 974 3257 1030 David
3308 975 3473 1034 dicit:

1905 1070 1963 1126 Si
1985 1071 2174 1124 dedero
2200 1086 2437 1123 somnum
2466 1068 2635 1121 oculis
2660 1068 2809 1132 meis,
2827 1077 2877 1120 et
2903 1066 3167 1137 palpebris
3200 1070 3329 1124 meis
3353 1069 3478 1126 dor-

1904 1163 2234 1218 mitationem
2255 1161 2278 1192 ’⁸
2310 1168 2364 1216 et
2391 1175 2512 1231 quae
2547 1169 2871 1230 sequuntur.

1965 1429 2024 1501 5;
2091 1426 2269 1481 Verba
2330 1425 2546 1484 abbatis
2610 1427 2815 1482 Cronii.
2883 1425 2959 1480 lta
3015 1427 3258 1482 narravit
3317 1431 3476 1488 nobis

1899 1519 2068 1575 abbas
2120 1517 2322 1591 Joseph
2371 1518 2574 1575 Pelusii
2621 1538 2635 1574 :
2681 1519 2815 1573 Cum
2865 1520 2918 1572 iu
2975 1517 3106 1572 Sina
3157 1521 3471 1588 residerem,

1898 1616 2016 1664 erat
2045 1608 2155 1664 illic
2186 1607 2356 1664 frater
2389 1610 2684 1679 praeclarus
2717 1618 2770 1664 et
2802 1610 2853 1663 in
2882 1611 2989 1663 vita
3024 1613 3260 1665 ascetica
3297 1614 3476 1667 excel-

1901 1701 2037 1766 lens,
2067 1707 2327 1771 praeterea
2365 1716 2594 1771 corpore
2624 1703 2926 1771 speciosus.
2964 1703 3011 1756 Is
3040 1717 3163 1756 eum
3205 1702 3257 1756 in
3297 1705 3474 1758 eccle-

1900 1795 2038 1852 siam
2075 1794 2142 1848 ad
2173 1795 2362 1865 syna"
2468 1795 2676 1859 'eniret,
2715 1796 2960 1865 gestabat
2986 1811 3209 1866 parvum
3232 1810 3295 1849 ac
3318 1805 3472 1853 vetus

226 1870 352 1964 κρον
383 1870 650 1967 μαφόριον
679 1870 943 1953 παλαιόνί
963 1870 1072 1955 Ιξαί
1105 1900 1324 1972 θεωρῶν
1345 1870 1510 1956 ἀ’ύτόν
1543 1870 1791 1968 καθάπαξ

1901 1884 2229 1956 ιιιορὶιοτίυιν·
2295 1901 2513 1956 plenum
2568 1887 2795 1941 suturis.
2826 1884 2995 1951 Quem
3031 1887 3197 1941 semel
3245 1885 3471 1941 intuitus

222 1984 391 2050 οὕτως
411 1989 491 2050 είς
518 1988 617 2060 τὴν
652 1989 870 2058 σύναξιν
896 1993 1205 2064 ἐρχόμενον,
1235 1993 1377 2062 λέγω
1407 1993 1582 2065 αύτῷ·
1621 1995 1798 2050 Ἀδελ-

224 2075 309 2141 cpt,
347 2075 410 2128 ού
447 2076 664 2146 βλέπεις
701 2081 826 2143 τοὺς
856 2080 1141 2150 ἀδελφοὺς,
1172 2081 1288 2145 πῶς
1314 2084 1449 2135 εἰσιν
1474 2082 1549 2145 ὡς
1574 2082 1796 2152 ἄγγελοι

221 2167 298 2229 εἰς
316 2167 417 2238 τὴν
445 2167 665 2233 σύναξιν
696 2171 754 2222 ὲν
779 2173 842 2242 τῇ
869 2171 1164 2243 ἐκκλησίας
1191 2171 1306 2236 πῶς
1345 2173 1409 2226 σὺ
1448 2173 1677 2226 πάντοτε
1699 2173 1794 2226 οὖ-

219 2274 326 2322 τως
352 2259 486 2332 ἔρχῃ
511 2253 611 2313 ὦδε
630 2260 709 2326 ”;
749 2261 810 2315 '0
837 2261 894 2315 δὲ
928 2261 1052 2333 ἔφη·
1079 2263 1436 2333 Συγχώρησόν
1477 2281 1586 2335 μοι,
1627 2264 1790 2330 ἀ66ᾶ,

219 2350 301 2404 ὅτι
343 2352 445 2405 ούκ
480 2353 586 2422 ἔχω
621 2353 777 2407 ἄλλα.
821 2355 1052 2408 Ἔλασον
1083 2349 1175 2408 οὖν
1207 2354 1369 2408 αὐτὸν
1407 2355 1464 2409 ἐν
1492 2354 1570 2426 τῷ
1599 2356 1793 2428 κελλίῳ

223 2459 342 2512 μου,
371 2445 466 2496 καὶ
497 2444 674 2500 ἔδωκα
703 2446 852 2517 αὐτῷ
880 2444 1146 2500 λεσίτωνα
1183 2446 1278 2500 καὶ
1306 2448 1432 2501 εἴτι
1467 2447 1596 2502 ἄλλο
1625 2445 1791 2521 ἔχρῃ-

220 2530 297 2595 ζε·
326 2533 423 2585 καὶ
460 2533 646 2605 ἐφόρει
678 2534 861 2590 λοιπὸν
888 2536 964 2598 ὡς
1000 2535 1092 2590 καὶ
1125 2539 1174 2590 οἱ
1210 2536 1385 2590 λοιποὶ
1422 2537 1660 2606 ἀδελφοὶ,
1696 2538 1791 2592 καὶ

217 2616 282 2692 ἦν
324 2622 453 2675 ἰδεῖν
505 2624 666 2677 αὐτὸν
696 2624 772 2689 ὡς
816 2626 1066 2694 ἄγγελον.
1110 2627 1354 2696 Ἐγένετο
1384 2627 1440 2681 δέ
1467 2645 1594 2680 ποτε
1635 2628 1792 2701 χρεία

216 2714 327 2774 τοῖς
370 2713 672 2785 Πατράσιν,
713 2717 1026 2770 ἀποστεῖλαι
1066 2716 1198 2771 δέκα
1243 2716 1504 2786 ἀδελφοὺς
1536 2716 1671 2789 πρὸς
1698 2719 1790 2772 τὸν

219 2801 441 2872 βασιλέα
479 2805 568 2859 διὰ
606 2823 728 2859 τινα
762 2807 972 2879 χρείαν·
1003 2808 1096 2861 καὶ
1120 2807 1451 2878 ἐψηφίσαντο
1488 2808 1582 2861 καὶ
1628 2809 1791 2863 αὑτὸν

219 2895 352 2963 μετὰ
387 2895 498 2950 τῶν
544 2898 880 2966 ὑπαγόντων.
936 2899 1025 2962 Ὠς
1057 2900 1113 2952 δὲ
1158 2900 1408 2970 ἤκουσεν,
1441 2900 1598 2955 ἔϐαλε
1635 2903 1802 2973 μετάσ-

215 3002 358 3040 νοιαν
375 2990 492 3051 τοῖς
511 2991 779 3061 Πατράσι,
809 2990 1002 3059 λέγων’
1032 2991 1131 3044 Διὰ
1155 2992 1246 3046 τὸν
1271 2990 1467 3062 Κύριον
1497 2996 1788 3067 συγχωρή-

215 3077 340 3130 σατέ
369 3095 481 3148 μοι,
512 3079 594 3133 ὅτι
613 3080 795 3144 δοῦλός
817 3081 932 3153 εἰμί
958 3100 1102 3146 τινος
1130 3084 1366 3154 μεγάλου
1395 3085 1502 3138 τῶν
1535 3087 1669 3139 ὲκεῖο
1693 3087 1788 3141 καὶ

211 3171 302 3226 ἐὰν
327 3173 572 3245 γνωρίσῃ
608 3189 695 3242 με,
731 3173 1163 3244 ἁποσχηματίζει
1197 3193 1286 3246 με,
1322 3175 1414 3229 καὶ
1447 3176 1602 3248 φέρει
1625 3177 1786 3231 πάλιν
1815 3199 1858 3258 c

210 3263 287 3322 είς
315 3263 380 3316 τὸ
411 3262 682 3316 δουλεύειν
714 3262 884 3335 αύτῷ.
929 3265 1084 3320 Μετὰ
1121 3263 1213 3320 οὖν
1243 3267 1304 3320 τὸ
1337 3267 1623 3339 πεισθῆναι
1663 3269 1789 3333 τοὺς

208 3351 480 3424 Πατέρας,
530 3353 625 3406 καὶ
675 3354 892 3424 ἀφεῖναι
922 3356 1105 3422 αὐτὸν,
1137 3357 1336 3428 ἔμαθον
1375 3358 1596 3432 ὕστερον
1637 3360 1791 3433 παρά

207 3457 348 3506 τινος
377 3443 622 3513 ἀκριϐῶς
649 3446 1012 3517 ἐπισταμένου
1052 3447 1237 3512 αὑτὸν,
1273 3451 1354 3504 ὄτι
1399 3450 1486 3503 ὅτε
1527 3445 1596 3522 ἦν
1624 3450 1683 3504 ἐν
1709 3451 1788 3523 τῷ

207 3534 415 3603 κόσμῳ,
472 3536 712 3608 ἔπαρχος
769 3540 1120 3611 πραιτωρίων
1174 3541 1406 3614 ὑπῆρχεο
1451 3543 1546 3597 καὶ
1584 3543 1670 3598 ἴνα
1713 3543 1788 3616 μὴ

205 3625 443 3697 γνωσθῇ,
490 3629 584 3681 καὶ
612 3629 833 3700 ὄχλησιν
862 3630 996 3703 εὕρῃ
1037 3633 1101 3685 ὲκ
1140 3633 1249 3686 τῶν
1271 3631 1592 3703 ἀνθρώπων,
1630 3634 1788 3689 τοῦτο

205 3719 630 3789 προεφασίσατο.
689 3721 937 3794 Τοσαύτη
987 3718 1056 3795 ἦν
1111 3725 1310 3797 σπουδὴ
1356 3728 1468 3791 τοῖς
1515 3725 1784 3798 Πατράσι,

205 3811 428 3881 φεύγειν
472 3812 574 3886 τὴν
610 3812 767 3878 δόξαν
817 3814 912 3868 καὶ
951 3813 1054 3886 τὴν
1107 3815 1412 3871 ἀνάπαυσιν
1449 3815 1543 3870 τοῦ
1577 3817 1784 3888 κόσμου

203 3901 412 3957 τούτου.

591 4168 732 4239 Περὶ
754 4169 861 4224 τοῦ
889 4170 1041 4227 ἀόσᾶ
1071 4173 1394 4241 Καρίωνος.

268 4288 337 4339 α’.
363 4277 531 4336 Εἵπεν
549 4284 578 4336 ό
598 4283 775 4346 ἀϐὅᾶς
794 4285 1018 4356 Καρίων
1048 4285 1182 4359 (70),
1206 4287 1288 4339 ὅτι
1324 4287 1561 4352 Πολλοὺς
1581 4289 1782 4355 κόπους

202 4374 496 4446 ἔποίησαί,
555 4377 717 4430 πλέον
759 4376 855 4431 τοῦ
910 4378 1028 4431 υἱοῦ
1058 4396 1159 4448 μου
1198 4379 1487 4454 Ζαχαρίου,
1539 4382 1632 4435 καὶ
1682 4383 1782 4437 οὐκ

1898 1975 2004 2032 hoc
2049 1977 2135 2030 ha'
2207 1996 2234 2030 ,ι
2280 1987 2592 2048 pergentem
2629 1977 2695 2031 ad
2731 1978 3036 2039 collectam,
3068 1974 3190 2031 dico
3217 1977 3263 2031 ei
3301 1975 3473 2032 :Fra-

1899 2076 2001 2130 ter,
2041 2085 2048 2092 ·
2096 2083 2221 2123 .nne
2246 2067 2399 2124 vides
2441 2068 2671 2131 fratres,
2705 2068 2974 2138 quomodo
3008 2069 3072 2122 ad
3127 2069 3372 2139 synaxim
3419 2071 3470 2123 in

1896 2159 2124 2215 ecclesia
2161 2161 2376 2214 adstant
2409 2161 2556 2214 velut
2601 2160 2822 2230 angeli?
2853 2160 2970 2226 Qua
3017 2161 3227 2214 ratione
3261 2169 3318 2213 tu
3355 2176 3473 2216 om-

1896 2250 2026 2305 nino
2077 2251 2184 2306 huc
2234 2251 2451 2306 accedis
2503 2251 2569 2305 ad
2627 2251 2774 2307 hunc
2820 2252 3080 2306 modum?
3109 2253 3176 2305 At
3219 2252 3308 2306 ille
3347 2253 3468 2305 ait:

1895 2341 2122 2412 Ignosce
2154 2343 2309 2411 mihi,
2335 2344 2495 2410 abba,
2526 2345 2664 2400 alias
2693 2353 2872 2399 vestes
2903 2359 3010 2398 non
3038 2344 3228 2399 habeo.
3256 2345 3473 2400 Assum-

1895 2435 1980 2506 psi
2027 2451 2157 2506 ergo
2196 2452 2319 2492 eum
2368 2437 2423 2491 in
2452 2436 2645 2492 cellam
2697 2452 2904 2502 meam,
2939 2442 2994 2491 et
3032 2435 3153 2491 dedi
3185 2437 3468 2491 levitonem

1894 2541 2019 2581 cum
2080 2529 2296 2583 caeteris
2365 2529 2568 2599 quibus
2629 2529 2954 2598 indigebat:
3011 2527 3151 2583 unde
3217 2527 3471 2597 deinceps

1892 2617 2116 2673 indutus
2161 2629 2278 2674 erat
2318 2621 2462 2674 sicut
2505 2619 2703 2688 reliqui
2739 2619 2970 2681 fratres;
3001 2629 3054 2674 et
3089 2633 3313 2672 eernere
3353 2625 3472 2672 erat

1892 2724 2017 2765 eum
2047 2710 2194 2764 velut
2238 2711 2511 2779 angelum.
2544 2710 2783 2780 Contigit
2842 2719 3021 2764 autem
3073 2709 3366 2778 aliquando
3411 2715 3471 2762 ut

1893 2815 2120 2856 necesse
2144 2807 2288 2856 esset
2316 2798 2572 2855 Patribus
2624 2800 2812 2855 decem
2848 2800 3043 2854 fratres
3082 2801 3146 2853 ad
3177 2801 3470 2880 imperato~

1891 2908 2005 2948 rem
2028 2893 2242 2948 mittere
2260 2891 2330 2946 ob
2349 2891 2569 2962 aliquod
2598 2893 2870 2963 negotiqu
2897 2907 2911 2956 ;
2949 2899 3112 2960 atque
3140 2891 3282 2944 hunc
3301 2891 3466 2944 etiam

1890 2984 2247 3040 decreverunt
2290 2998 2416 3038 cum
2462 2984 2584 3038 aliis
2620 2999 2862 3054 pergere.
2901 2982 3057 3049 Quod
3102 2983 3193 3038 ubi
3237 2982 3463 3047 audivit,

1889 3092 2071 3132 coram
2114 3074 2370 3132 Patribus
2407 3075 2702 3145 prostravit
2732 3090 2812 3138 se,
2838 3075 3028 3129 dicens
3061 3090 3075 3127 :
3105 3071 3334 3143 Propter
3361 3071 3467 3126 Du-

1891 3169 2131 3231 minum,
2180 3167 2447 3238 ignoscite
2493 3167 2663 3232 mihi;
2713 3183 2833 3222 sum
2882 3167 3027 3222 enim
3077 3166 3364 3235 cujusdam
3399 3180 3467 3220 ex

1891 3263 2028 3315 aulae
2057 3261 2377 3331 proceribus
2425 3275 2651 3327 servus;
2688 3260 2780 3330 qui
2830 3263 2873 3315 si
2921 3259 3202 3331 agnoverit
3231 3273 3334 3324 me,
3368 3258 3466 3311 ha-

1889 3351 2005 3407 bitu
2053 3354 2308 3408 monachi
2357 3353 2647 3423 spoliabit,
2682 3361 2944 3424 cogetque
2995 3351 3061 3406 ad
3114 3352 3308 3406 iterum
3349 3366 3467 3406 ser-

1889 3443 2146 3500 viendum
2183 3444 2254 3498 ei.
2303 3442 2440 3498 Cum
2485 3443 2650 3513 igitur
2675 3440 2866 3498 Patres
2913 3442 3161 3511 persuasi
3204 3440 3463 3506 fuissent,

1888 3550 1952 3590 ac
1981 3534 2319 3590 dimisissent
2354 3551 2477 3590 eum
2498 3574 2512 3598 ,
2547 3541 2730 3604 postea
2765 3549 2861 3604 per
2894 3533 3180 3603 quemdam
3211 3533 3300 3587 cui
3332 3533 3467 3588 bene

1887 3634 2047 3682 notus
2095 3633 2213 3681 erat
2256 3633 2678 3696 compererunt,
2716 3625 2860 3695 quod
2896 3625 3114 3696 quando
3163 3625 3217 3678 in
3266 3625 3466 3679 saeculo

1887 3717 2145 3788 degebat,
2180 3717 2469 3786 praefectus
2500 3717 2757 3786 praetorio
2797 3717 3129 3783 exstitisset;
3161 3731 3346 3770 verum
3397 3732 3466 3772 ne

1886 3818 2332 3880 cognosceretur,
2373 3816 2535 3879 atque
2583 3809 2884 3863 molestiam
2929 3824 2993 3862 ex
3029 3808 3338 3862 hominibus
3368 3823 3464 3862 ca-

1887 3909 2072 3970 peret,
2133 3900 2188 3954 id
2245 3907 2632 3971 prastexuerat.
2679 3898 2853 3954 Tanto
2905 3898 3097 3954 Patres
3144 3900 3466 3954 tenebantur

1883 3995 2067 4050 studio
2092 3992 2333 4064 fugiendi
2362 4001 2476 4047 tum
2498 3992 2748 4064 gloriam,
2771 3999 2884 4045 tum
2911 3990 3141 4060 hujusce
3169 3991 3357 4044 mundi
3379 4007 3464 4047 re-

1884 4088 2088 4158 quiem.

2385 4178 2462 4233 De
2491 4177 2680 4230 abbate
2713 4173 2958 4230 Curione.

1957 4289 2004 4343 l.
2046 4289 2159 4359 (7t)
2200 4288 2344 4342 Dixit
2379 4287 2550 4343 abbas
2579 4285 2742 4341 Cario
2772 4304 2786 4340 :
2822 4283 2993 4339 Multo
3026 4283 3213 4355 plures
3255 4285 3309 4340 in
3353 4285 3462 4340 vir-

1883 4388 1998 4432 tute
2043 4379 2261 4433 labores
2300 4377 2518 4447 suscepi
2552 4390 2715 4447 quam
2754 4375 2897 4430 ﬁlius
2943 4390 3110 4442 meus,
3141 4374 3459 4440 Zacharias,

199 4465 407 4535 ἔφθασα
435 4469 516 4532 εἰς
555 4469 622 4523 τὰ
651 4469 827 4542 μέτρα
850 4470 1038 4536 αὐτοῦ,
1063 4472 1120 4546 ἔν
1144 4474 1210 4542 τῇ
1243 4473 1568 4528 ταπεινώσει
1601 4474 1693 4530 καὶ
1722 4476 1780 4530 ὲν

1896 4485 1984 4526 nec
2009 4469 2076 4525 ad
2093 4468 2215 4539 ejus
2241 4468 2559 4524 meritorum
2593 4480 2908 4521 mensuram
2938 4465 3179 4535 perveni,
3200 4466 3254 4519 in
3280 4465 3461 4520 humi-

197 4559 260 4629 τῇ
283 4563 465 4630 σιωπῇ
490 4559 680 4616 αὑτοῦ.

267 4645 333 4715 β’.
369 4648 406 4699 Γ
408 4647 563 4716 έγονέ
583 4667 668 4713 τις
694 4650 754 4703 ὲν
774 4653 840 4721 τῇ
870 4652 1066 4723 Σκήτει
1090 4652 1340 4723 μοναχὸς,
1363 4653 1537 4718 ἀϐϐᾶς
1558 4656 1777 4726 Καρίων

194 4737 507 4809 λεγόμενος.
538 4736 708 4805 Οὗτος
736 4743 986 4815 ἐσχηκὼς
1010 4743 1104 4797 δύο
1134 4745 1319 4808 τέκνα,
1350 4745 1514 4808 ἐάσας
1546 4747 1683 4801 αὐτὰ
1708 4751 1775 4818 τῇ

195 4832 302 4904 ἰδία
328 4836 572 4903 γυναικὶ,
603 4834 940 4907 ἀνεχώρησε.
973 4836 1121 4890 Μετὰ
1159 4837 1216 4890 δὲ
1254 4839 1464 4908 καιρὸν,
1493 4838 1649 4910 λιμοῦ
1680 4856 1777 4907 γε·

192 4926 420 4992 νομένου
461 4927 520 4978 ὲν
553 4929 620 4997 τῇ
657 4928 938 5001 Αἰγύπτῳ,
982 4930 1306 4984 στενωθεῖσα
1342 4933 1375 5002 ἡ
1410 4932 1543 5002 γυνὴ
1590 4930 1775 4995 αὐτοῦ,

190 5008 352 5084 ἦλθεν
381 5019 439 5070 ἔν
470 5021 536 5089 τῇ
571 5020 768 5091 Σκήτει
795 5021 1033 5093 φέρουσα
1059 5021 1127 5076 τὰ
1157 5021 1249 5075 δύο
1288 5022 1476 5076 παιδία
1507 5023 1626 5093 μεθ’
1651 5025 1777 5076 ἑαυ-

189 5104 286 5172 τῆς
316 5103 408 5178 (ἦν
440 5109 498 5163 δὲ
520 5110 582 5163 τὺ
613 5111 672 5164 ἓν
697 5113 986 5184 ἀρρενικὸν
1015 5115 1306 5184 λεγόμενον
1350 5112 1640 5183 Ζαχαρίας,
1681 5113 1775 5167 καὶ

191 5196 248 5248 τὸ
269 5197 328 5250 ἓν
355 5199 631 5271 θηλυκὸν),
668 5204 764 5255 καὶ
799 5202 1067 5256 καθίσασα
1097 5203 1376 5274 πόρρωθεν
1396 5201 1489 5255 τοῦ
1522 5201 1774 5272 γέροντος

189 5288 246 5337 ὲν
268 5287 350 5356 τῷ
377 5288 511 5341 ἔλειο
549 5290 670 5354 ἕλος
697 5292 806 5362 γὰρ
840 5292 1170 5364 παράκειται
1201 5295 1258 5346 ὲν
1288 5297 1354 5362 τῇ
1392 5292 1609 5362 Σκήτει,
1646 5290 1774 5344 ἔνθα

190 5379 282 5430 καὶ
328 5381 387 5432 αἱ
443 5380 732 5452 ἐκκλησίαι
783 5383 1178 5454 ᾠκοδόμηνται,
1217 5383 1310 5436 καὶ
1365 5385 1426 5436 αἱ
1455 5383 1631 5453 πηγαὶ
1670 5382 1774 5436 τῶν

257 5537 304 5569 ⁹⁹
341 5539 428 5592 AI.
473 5539 602 5596 add.
642 5541 849 5596 παλαιὰ
888 5542 1089 5612 φορῶν.

187 5617 370 5663 cum.
404 5612 460 5666 4.
1073 5637 1080 5642 -

259 5753 371 5818 (Ὶυ)
415 5753 480 5807 ’0
503 5753 690 5820 ἀσϐᾶς
714 5754 965 5828 Καρίων.
999 5754 1265 5828 Corrupte
1311 5755 1451 5825 apud
1489 5755 1767 5828 Pelagium

192 5822 538 5894 interpretem
571 5834 796 5879 vocatur
835 5823 1124 5894 Serapion.

1207 5543 1219 5570 ⁸
1279 5542 1362 5595 Al.
1397 5542 1566 5596 inser.
1609 5540 1974 5610 σωματικούς.

1811 4537 1854 4592 D
1883 4563 2038 4617 litate
2058 4570 2112 4617 et
2126 4537 2362 4618 Vsilentio
2391 4559 2586 4628 ipsius.

1951 4653 2005 4708 2.
2046 4651 2158 4723 (72)
2193 4651 2414 4706 Exstitit
2448 4650 2502 4704 in
2541 4649 2687 4704 Secti
2728 4648 2948 4718 quidam
2991 4645 3320 4712 monachus,
3361 4661 3460 4700 no-

1884 4746 2028 4800 mine
2067 4743 2237 4798 abbas
2259 4742 2441 4796 Cario.
2479 4741 2581 4794 Hic
2624 4739 2764 4795 duos
2795 4740 2996 4793 liberos
3031 4752 3153 4791 cum
3182 4738 3458 4805 suscepis-

1883 4844 1998 4900 set,
2039 4822 2354 4902 relinquens
2387 4846 2485 4886 eos
2521 4831 2677 4885 uxori
2711 4844 2850 4892 sua),
2889 4827 2956 4880 ad
2990 4828 3153 4881 vitam
3198 4826 3460 4880 monasti-

1883 4941 2004 4980 cam
2046 4924 2295 4981 secessit.
2344 4922 2539 4976 Postea
2586 4920 2730 4974 {alite
2771 4934 2868 4989 per
2900 4917 3193 4988 Egyptum
3243 4917 3458 4971 contin-

1881 5027 2062 5090 gente,
2092 5017 2159 5070 ad
2189 5014 2471 5085 angustias
2503 5010 2720 5066 redacta
2753 5026 2892 5066 uxor
2912 5010 3053 5081 ejus,
3087 5010 3286 5065 Sectim
3309 5010 3458 5064 venit

1881 5123 2007 5162 cum
2042 5105 2259 5161 duobus
2293 5102 2480 5159 liberis
2510 5118 2524 5156 :
2553 5116 2787 5172 quorum
2833 5116 2977 5156 unus
3020 5115 3140 5154 mas
3162 5107 3316 5172 erat,
3353 5097 3449 5154 Za-

1880 5199 2096 5254 charias
2145 5198 2357 5261 dictus,
2407 5169 2820 5250 alter'l'emina.
2872 5191 2938 5244 Et
2983 5169 3203 5245 sedebat
3225 5191 3381 5260 longe
3425 5205 3454 5243 a

1882 5308 2011 5346 sene
2063 5292 2119 5344 in
2175 5290 2408 5360 palude;
2459 5289 2615 5358 palus
2667 5287 2810 5341 enim
2867 5284 3081 5354 adjacet
3131 5284 3311 5344 Sceti,
3363 5283 3454 5338 ubi

1879 5383 2128 5438 ecclesia;
2152 5381 2434 5437 aediﬁcatae
2463 5390 2594 5437 sunt
2620 5389 2676 5436 et
2711 5379 2887 5434 fontes
2926 5378 3258 5434 scaturiunt.
3283 5375 3454 5430 Porro

2076 5540 2096 5573 ’
2144 5539 2332 5594 Matth.
2365 5553 2486 5602 xm,
2517 5538 2604 5592 44.
2707 5538 2727 5568 ³
2756 5537 2918 5593 Hebr.
2952 5553 3050 5601 xu,
3073 5537 3126 5590 2.
3239 5534 3260 5567 ⁸
3303 5530 3451 5590 Psal.

1950 5751 2050 5808 (71‘

2106 5749 2206 5804 Vit.
2245 5747 2394 5803 Patr.
2431 5767 2519 5811 xv,
2552 5747 2640 5802 l6.

1946 5763 2059 5892 ἱέὲί

2108 5818 2343 5876 νίνὶἀαν.
2382 5820 2602 5883 ltaderi,
2634 5833 2715 5885 ut,
2748 5816 2803 5884 ti,
2834 5816 2886 5880 I.
