3982 6336
422 379 525 434 251
1584 377 1930 435 APPENDIX
1970 378 2059 437 AD
2095 377 2523 441 ΡΑιιΑυιυιι.
3559 379 3670 434 253

419 491 532 547 hae.-
562 488 616 544 in
645 488 790 544 Secti
828 489 1169 546 consuetudo
1194 489 1517 557 invaluerat,
1548 499 1608 546 ut
1645 493 1693 549 si
1725 508 1991 549 accessis-

2104 497 2299 552 Βδάτων
2334 496 2460 552 είσί.
2506 495 2770 567 Συνήθιια
2799 494 2857 549 δὲ
2889 492 3112 563 τοιαύτη
3143 486 3214 564 ἦν
3247 493 3307 546 ιν
3337 496 3407 565 τῇ
3445 492 3668 563 Σκήτει,

417 588 501 636 set
527 579 722 633 mulier
747 577 814 634 ad
846 577 1175 649 loquendum
1212 579 1365 634 fratri
1386 580 1469 636 vel
1492 580 1647 636 alteri
1680 581 1992 638 necessario

416 686 538 735 suo,
570 671 758 742 procul
787 670 1018 726 invicem
1051 670 1303 728 sedentes
1336 672 1777 743 colloquerentur
1813 692 1827 728 :
1860 681 1992 729 tunc

416 763 611 818 mulier
637 763 715 816 ait
759 763 942 818 abbati
986 762 1247 819 Carioni:
1286 764 1425 822 Ecce
1475 765 1653 822 factus
1700 783 1760 823 es
1806 782 1994 822 mona-

415 869 577 921 enus,
617 867 670 910 ιῑι
705 856 877 911 fames
912 858 1118 910 evenit.
1154 854 1290 922 Quis
1317 873 1445 929 ergo
1470 858 1580 914 alet
1606 858 1809 915 liberos
1835 859 1990 916 tuos?

418 948 722 1020 Respondit
747 949 918 1007 abbas
950 948 1114 1004 Cario
1141 967 1154 1003 :
1193 945 1317 1005 Illos
1347 951 1479 1005 mihi
1508 950 1616 1006 huc
1650 954 1820 1007 mitte.
1858 952 1995 1009 Dicit

415 1039 613 1094 mulier
651 1038 885 1096 liberis:
934 1038 1096 1094 Abite
1137 1039 1205 1094 ad
1254 1049 1458 1110 patrem
1498 1048 1761 1096 vestrum.
1808 1040 1994 1113 itaque

414 1136 679 1184 venerunt
707 1128 772 1183 ad
805 1137 1011 1199 patrem
1040 1143 1239 1196 suum;
1275 1129 1369 1184 sed
1402 1146 1523 1200 quae
1558 1130 1756 1186 femina
1786 1132 1994 1188 eratad

413 1228 644 1275 matrem
687 1234 904 1275 reversa
935 1227 1039 1283 est,
1075 1234 1193 1274 mas
1230 1234 1360 1274 vero
1408 1220 1611 1275 mansit
1647 1238 1770 1276 cum
1821 1229 1992 1292 patre.

418 1311 572 1365 Tunc
614 1311 681 1366 ad
718 1326 943 1366 uxorem
974 1329 988 1366 ι
1024 1310 1193 1376 Ecce,
1242 1311 1441 1382 inquit,
1486 1312 1623 1368 bene
1661 1321 1839 1369 actum
1873 1323 1994 1381 est;

417 1403 605 1473 accipe
637 1410 695 1457 tu
746 1403 1004 1473 puellam,
1044 1410 1099 1457 et
1139 1402 1264 1466 abi,
1314 1418 1416 1474 ego
1458 1418 1687 1474 puerum
1729 1403 1991 1459 retinebo.

417 1493 706 1550 Nutriebat
749 1495 916 1566 igitur
950 1509 1073 1549 eum
1120 1493 1175 1548 in
1230 1493 1410 1559 Sceti,
1443 1494 1658 1549 cunctis
1699 1486 1996 1550 scientibus

417 1587 563 1658 quod
602 1595 751 1643 esset
790 1587 938 1643 illius
976 1585 1142 1641 filius.
1178 1584 1250 1641 Ut
1286 1592 1467 1641 autem
1514 1586 1785 1656 processit
1818 1595 1995 1654 aetate,

418 1687 598 1734 ortum
624 1686 707 1735 est
745 1678 816 1734 de
859 1692 928 1733 eo
970 1692 1218 1732 murmur
1260 1676 1316 1731 in
1352 1676 1710 1733 fraternitate.
1740 1678 1861 1745 Quo
1900 1694 1997 1733 au-

417 1769 534 1824 dito
561 1768 730 1824 abbas
757 1766 921 1823 Cario
953 1766 1121 1821 filium
1154 1767 1235 1823 sic
1272 1766 1544 1823 allocutus
1569 1776 1653 1822 est
1676 1767 1994 1834 :Zacharia,

417 1872 607 1927 surge,
666 1856 930 1911 abeamus
987 1855 1148 1921 hinc,
1200 1854 1330 1925 quia
1385 1867 1730 1912 murmurant
1786 1833 1994 1913 Patres.

2104 1833 2227 1935 napi.
2257 1833 2441 1918 αὐτού.
2473 1833 2581 1916 Καί
2604 1833 2903 1927 (timidae—6
2940 1833 3114 1926 άὸϐἄς
3143 1833 3385 1934 Καρίων,
3414 1833 3562 1929 λέγει
3775 1894 3782 1901 ~

417 1946 556 2003 Tum
606 1948 656 2003 ei
702 1963 837 2019 puer
871 1966 887 2004 :
919 1947 1108 2014 Abba,
1144 1948 1329 2002 cuncti
1370 1947 1459 2003 hic
1506 1956 1709 2003 norunt
1750 1965 1837 2004 me
1876 1964 1999 2006 esse

418 2039 590 2095 filium
616 2047 804 2104 tuum;
843 2038 892 2096 si
926 2038 995 2093 ad
1033 2038 1198 2092 alium
1228 2038 1408 2094 locum
1440 2041 1858 2110 perrexerimus.
1889 2057 1995 2095 non

419 2131 695 2189 habebunt
722 2131 904 2185 dicere
934 2127 1082 2201 quod
1118 2129 1262 2185 filius
1300 2139 1427 2185 tuus
1463 2130 1590 2185 sim.
1623 2129 1758 2184 Tum
1790 2146 1994 2186 senex:

421 2221 617 2293 Surge,
656 2220 1027 2278 discedamus.
1059 2219 1125 2274 Et
1155 2221 1209 2275 in
1240 2220 1570 2275 Thebaidem
1600 2220 1827 2291 profecti
1847 2229 1995 2276 sunt.

420 2311 525 2369 Ubi
576 2327 702 2367 cum
751 2319 973 2383 accepta
1022 2311 1160 2367 cella
1210 2326 1414 2381 paucos
1468 2312 1584 2367 dies
1634 2312 1996 2377 mansissent,

419 2404 532 2459 illic
560 2418 780 2475 quoque
828 2403 971 2459 idem
1005 2417 1254 2458 murmur
1304 2402 1372 2458 de
1418 2418 1587 2474 puero
1613 2411 1861 2458 exortum
1892 2410 1995 2459 est.

419 2495 564 2552 Dicit
605 2496 656 2551 ei
697 2506 826 2551 tunc
860 2501 1015 2567 pater
1054 2495 1175 2565 eius
1219 2513 1233 2551 :
1275 2494 1561 2557 Zacharia,
1598 2510 1779 2566 surge,
1815 2494 1998 2549 redea-

419 2604 543 2645 mus
573 2588 639 2642 ad
675 2587 899 2644 Scetim.
947 2586 1066 2653 Quo
1096 2586 1206 2643 illis
1237 2585 1691 2652 adventantibus,
1725 2595 1848 2657 post
1882 2586 1999 2643 dies

419 2692 627 2749 paucos
652 2665 848 2732 iterum
881 2677 949 2733 de
976 2677 1167 2732 eodem
1198 2690 1447 2730 murmur
1475 2675 1679 2731 factum
1714 2684 1818 2731 est.
1847 2675 1999 2731 Tunc

421 2768 717 2827 Zacharias
748 2784 907 2841 puer,
934 2768 1216 2841 profectus
1243 2767 1313 2822 ad
1353 2776 1607 2838 stagnum
1638 2768 1793 2832 nitri.
1819 2768 1999 2823 exutis

420 2857 704 2928 vestibus:
759 2862 816 2916 in
872 2861 1006 2917 illud
1053 2860 1380 2925 descendit,
1425 2860 1799 2930 immersitque
1831 2876 1892 2916 se
1931 2859 1999 2915 ad

424 2968 591 3009 nares
613 2968 822 3023 usque;
859 2960 915 3008 et
944 2967 1068 3006 cum
1097 2952 1348 3007 durasset
1378 2965 1473 3020 per
1503 2952 1732 3005 multum
1764 2960 1997 3022 tempus,

423 3043 673 3115 quandiu
699 3043 913 3099 scilicet
936 3041 1137 3110 potuit,
1163 3040 1398 3096 confecit
1427 3040 1770 3111 abolevitque
1798 3056 1998 3109 corpus

2093 587 2180 642 ίνα
2212 587 2341 661 ἔλθῃ
2366 586 2523 657 γυνὴ,
2556 585 2786 657 λαλῆσαι
2825 584 3039 657 ἀδελφῷ
3076 585 3266 656 αὐτῆς,
3298 584 3333 656 ἢ
3376 585 3521 657 ἄλλῳ
3551 585 3670 639 δια-

2092 678 2307 751 φέροντι
2335 678 2494 750 αύτῇ,
2523 677 2630 731 ἀπὸ
2663 677 2933 750 μακρόθεν
2958 676 3335 749 καθεζομένων
3363 676 3543 730 αὐτῶν
3570 678 3670 730 ἀπ’

2093 766 2335 838 ἀλλήλων
2350 768 2611 838 ὁμιλῶσιν
2626 766 2893 838 ἀλλήλοις.
2910 766 3042 821 Τότε
3059 767 3206 837 λέγει
3225 769 3258 839 η
3276 767 3411 838 γυνὴ
3433 767 3508 837 τῷ
3524 768 3673 838 ἀὸὅᾷ

2092 858 2353 930 Καρίωνιο
2401 857 2531 911 Ἰδοὺ
2572 859 2799 927 γέγονας
2839 857 3088 928 μοναχὸς,
3112 859 3206 912 καὶ
3238 858 3395 928 λιμός
3422 860 3557 911 ἐστι’
3584 860 3670 924 τίς

2092 945 2185 1005 οὖν
2205 949 2392 1022 τρέφει
2419 949 2487 1003 τὰ
2506 949 2669 1003 τέκνα
2692 965 2814 1015 σου;
2836 949 3000 1017 Λέγει
3020 948 3155 1020 αὐτῇ
3177 950 3206 1003 6
3230 948 3403 1014 άϐὁᾶς
3421 950 3669 1021 Καρίων·

2092 1042 2204 1096 Καὶ
2251 1040 2567 1095 άπόστειλόν
2606 1059 2697 1113 μοι
2741 1040 2880 1096 αὐτὰ
2920 1035 3045 1096 ὧδε.
3092 1041 3257 1111 Λέγει
3298 1044 3332 1112 ἡ
3374 1042 3513 1111 γυνὴ
3555 1045 3674 1105 τοῖς

2092 1133 2322 1197 τέκνοις·
2371 1131 2657 1189 ’Δπέλθετε
2691 1132 2829 1205 πρὸς
2862 1132 2953 1186 τὸν
2996 1133 3209 1205 πατέρα
3256 1134 3429 1205 ὑμῶν.
3480 1134 3675 1204 Ἐρχο-

2098 1222 2273 1293 μένων
2293 1216 2385 1276 οὖν
2409 1221 2586 1278 αὐτῶν
2611 1222 2747 1295 πρὸς
2776 1222 2868 1276 τὸν
2889 1222 3101 1294 πατέρα
3127 1223 3329 1291 αὐτῶν,
3351 1223 3411 1278 τὸ
3434 1223 3674 1295 θηλυκὸν

2096 1314 2402 1387 ὑπέστρεψε
2434 1314 2571 1389 πρὸς
2595 1314 2694 1387 τὴν
2726 1315 2939 1387 μητέρα
2971 1316 3159 1381 αὐτοῦ,
3192 1314 3251 1370 τὸ
3280 1316 3339 1369 δὲ
3379 1316 3674 1387 ἀρρενικὸν

2092 1401 2227 1478 ἦλθε
2258 1408 2393 1480 πρὸς
2422 1407 2513 1463 τὸν
2546 1408 2674 1462 τδιον
2707 1407 2939 1481 πατέρα.
2981 1408 3115 1462 Τότε
3146 1407 3296 1479 λέγει
3331 1408 3491 1479 αὐτῇ·
3535 1407 3675 1461 Ἰδοὺ

2097 1497 2277 1563 καλῶς
2294 1498 2528 1569 ἐγένετοο
2555 1499 2686 1555 λάϐε
2718 1500 2784 1554 σὺ
2812 1499 2874 1554 τὸ
2889 1498 3121 1571 θηλυκὸν
3149 1500 3245 1552 καὶ
3266 1497 3487 1565 ἄπελθε,
3514 1497 3676 1567 κάγὼ

2095 1588 2159 1642 τὸ
2208 1589 2517 1662 ἁῤῥενικόν.
2568 1591 2889 1661 Ἀνέτρεφεν
2937 1583 3029 1643 οὗν
3077 1586 3210 1642 αὐτὸ
3252 1589 3309 1641 ὲν
3343 1590 3409 1658 τῇ
3450 1588 3672 1658 Σκήτει,

2099 1680 2315 1735 πάντων
2344 1680 2558 1735 είδότων
2592 1680 2673 1735 ὅτι
2701 1679 2893 1734 τέκνον
2935 1677 3306 1733 αύτοῦκὲστιν.
3346 1677 3433 1741 Ὠς
3464 1676 3522 1730 δὲ
3554 1677 3675 1748 ἠλι-

2098 1771 2221 1835 κίας
2260 1773 2279 1804 ⁵
2309 1772 2522 1841 γέγονε,
2554 1771 2864 1843 γογγυσμὸς
2900 1771 3114 1840 ἐγένετο
3148 1772 3204 1824 ἐν
3235 1772 3304 1841 τῇ
3347 1768 3673 1838 ἀδελφότητι

2096 1951 2273 2024 τέκνῳ
2306 1951 2489 2008 αὑτοῦ·
2513 1953 2776 2025 Ζαχαρία,
2811 1951 3011 2023 ἔγειρε,
3038 1951 3261 2022 ἄγωμεν
3284 1949 3556 2012 ἐντεῦθεν,
3586 1948 3675 2001 ὅτι

2097 2043 2455 2112 γογγύζουσιν
2494 2046 2543 2097 of.
2578 2044 2838 2117 Πατέρες.
2867 2044 3033 2113 Λέγει
3064 2043 3212 2114 αύτῷ
3240 2044 3269 2096 ό
3294 2044 3505 2115 μικρός·
3543 2042 3676 2095 Ἀϐ-

2100 2133 2189 2199 6d,
2228 2135 2425 2199 πάντες
2449 2135 2654 2189 οἴδασιν
2681 2134 2913 2190 ἐνταῦθα
2938 2136 3021 2188 ὅτι
3048 2135 3162 2199 υίός
3196 2134 3290 2188 σού
3325 2136 3462 2206 είμι·
3495 2133 3592 2189 ἐὰν
3614 2134 3677 2188 δὲ

2098 2225 2234 2297 ἄλλῃ
2256 2226 2598 2296 ἀπέλθωμεν,
2623 2226 2723 2281 οὐκ
2755 2225 2934 2298 έχουσι
2960 2226 3138 2295 λέγειν
3169 2227 3252 2281 ὃτι
3279 2226 3394 2290 υίός
3417 2226 3509 2279 σού
3531 2226 3675 2297 είμι.

2098 2318 2209 2373 Καὶ
2229 2318 2375 2387 λέγει
2398 2318 2544 2389 αὐτῷ
2578 2321 2607 2372 6
2636 2318 2832 2388 γέρων·
2868 2320 3110 2391 Ἔγειρε,
3143 2319 3365 2388 ἄγωμεν
3394 2317 3675 2373 ἐντεῦθεν.

2098 2408 2208 2461 Καὶ
2236 2392 2476 2476 ἀπῆλθον
2504 2410 2560 2462 ὲν
2586 2412 2654 2479 τῇ
2682 2407 2927 2480 Θηϐαΐδι.
2968 2410 3055 2473 Ὠς
3086 2408 3142 2463 δὲ
3169 2407 3424 2472 λαϐόντες
3458 2406 3679 2461 χελλιον

2100 2497 2358 2551 ἐκάθισαν
2399 2497 2583 2566 ὀλίγας
2620 2498 2854 2571 ἡμέρας,
2893 2499 3057 2552 κάκεῖ
3089 2500 3118 2552 6
3158 2498 3319 2561 αὐτὸς
3358 2495 3679 2568 γογγυσμὸς

2098 2586 2287 2655 γέγονε
2325 2586 2452 2657 περὶ
2482 2584 2577 2639 τού
2611 2585 2843 2640 παιδίου.
2874 2586 3007 2641 Τότε
3054 2586 3201 2655 λέγει
3241 2587 3389 2658 αὐτῷ
3430 2588 3459 2638 6
3489 2587 3680 2657 πατὴρ

2099 2678 2285 2731 αὑτοῦ*
2316 2677 2583 2748 Ζαχαρία,
2620 2676 2822 2750 ἔγειρε,
2848 2679 3072 2749 ἄγωμεν
3107 2678 3166 2731 ἐν
3203 2681 3270 2749 τῇ
3308 2678 3523 2747 Σκήτειη
3561 2678 3679 2732 Καὶ

2099 2768 2359 2823 ἐλθόντων
2400 2769 2578 2822 αὐτῶν
2613 2770 2671 2822 ὲν
2715 2772 2782 2840 τῇ
2824 2770 3040 2841 Σκήτει,
3094 2770 3188 2823 καὶ
3220 2769 3417 2839 ὀλίγων
3449 2769 3682 2841 ἡμερῶν

2100 2860 2504 2933 παρελθουσῶν,
2538 2859 2699 2914 πάλιν
2733 2860 3043 2930 γογγυσμὸς
3074 2860 3287 2928 ἐγένετο
3328 2858 3456 2930 περὶ
3484 2859 3676 2913 αὑτοῦ.

2100 2953 2230 3005 Τότε
2265 2952 2538 3023 Ζαχαρίας
2565 2953 2596 3004 ό
2627 2951 2776 3016 παῖς,
2804 2948 2973 3004 ἐλθὼν
3003 2951 3083 3014 είς
3107 2949 3204 3021 τὴν
3234 2949 3430 3022 λίμνην
3467 2948 3560 3003 τοῦ
3596 2951 3683 3004 νί-

2098 3059 2252 3115 τρου,
2279 3044 2372 3096 καὶ
2395 3041 2818 3111 ἀποδυσάμενος,
2847 3039 3081 3112 κατῆλθε
3110 3040 3260 3113 κάτω
3283 3040 3439 3111 μέχρι
3467 3042 3568 3110 τῆς
3596 3043 3684 3112 ρι-

424 3150 584 3191 sunm
630 3151 647 3189 :
691 3134 874 3189 factus
915 3132 1058 3188 enim
1102 3138 1189 3186 est
1236 3141 1492 3201 tanquam
1540 3132 1808 3202 leprosus.
1854 3130 1998 3202 Ergo

2104 3136 2189 3199 νὸς
2213 3134 2378 3188 αὑτοῦ
2408 3132 2820 3197 καταϐαπτίσας
2843 3132 3055 3186 ἑαυτόν·
3087 3132 3180 3186 καὶ
3217 3131 3403 3202 μείνας
3425 3132 3517 3184 ἐπὶ
3542 3130 3671 3184 πολ-

423 3224 893 3294 rediensgestavit
914 3222 1238 3278 vestimenta
1261 3236 1382 3287 sua,
1401 3223 1641 3293 abiitque
1667 3222 1733 3276 ad
1759 3232 1994 3292 patrem,

423 3330 457 3369 ιι
500 3330 611 3385 quo
657 3315 762 3370 vix-
797 3315 1020 3385 agnosci
1067 3313 1265 3384 potuit.
1302 3312 1569 3368 Caeterum
1600 3328 1725 3366 cum
1771 3313 1838 3368 ad
1871 3328 1999 3369 sam

422 3414 568 3462 ctam
608 3405 1049 3461 communionem
1093 3405 1161 3461 de
1201 3419 1351 3459 more
1384 3403 1766 3473 processisset,
1795 3405 2003 3460 revela-

425 3507 541 3554 tum
584 3506 669 3553 est
692 3503 885 3553 saneto
928 3494 1138 3551 Isidoro
1182 3491 1408 3548 Sceteos
1449 3492 1803 3563 presbytero,
1856 3491 2001 3563 quod

424 3589 666 3646 fecerat:
701 3587 961 3659 quocirca
989 3585 1224 3640 intuitus
1253 3598 1401 3648 eum,
1432 3590 1489 3638 et
1526 3583 1825 3638 admiratus
1847 3583 1998 3637 infit:

426 3680 721 3736 Zacharias
761 3694 896 3752 puer
934 3677 1206 3748 superiori
1272 3675 1554 3730 Dominica
1585 3676 1733 3730 venit
1763 3683 1817 3732 et
1855 3690 2005 3730 com-

424 3776 741 3831 munionem
780 3771 1016 3844 sumpsit
1067 3771 1217 3826 velut
1266 3769 1461 3838 homo;
1509 3785 1657 3825 nunc
1704 3784 1834 3825 vero
1883 3780 2004 3825 tan-

423 3882 589 3939 quam
618 3866 844 3938 angelus
876 3862 1102 3921 effectus
1130 3869 1235 3919 est.

975 4066 1047 4123 De
1076 4066 1263 4122 abbate
1290 4065 1475 4135 Copre.

499 4187 550 4240 ί.
592 4185 739 4238 Dixit
780 4185 950 4238 abbas
995 4181 1217 4237 Pmmen
1266 4182 1338 4237 de
1381 4180 1577 4237 abbate
1604 4180 1808 4251 Copre,
1857 4183 2005 4253 quod

428 4276 497 4332 ad
543 4282 754 4329 tantam
787 4281 1109 4343 pervenerat
1160 4274 1379 4329 virtutis
1433 4274 1901 4345 magnitudinem,
1946 4278 2006 4328 ut

427 4366 680 4438 quamvis
709 4370 995 4434 a~grotaret
1022 4377 1087 4416 ac
1114 4364 1255 4416 lectu
1277 4366 1645 4429 decumberet,
1676 4375 1855 4423 tamen
1883 4382 2006 4438 gra-

429 4460 537 4513 tias
562 4464 765 4525 ageret,
800 4452 1178 4521 inhibet-etque
1206 4455 1482 4521 propriam
1513 4459 1870 4513 voluntatem.

499 4545 557 4601 2.
599 4544 744 4598 Dixit
778 4543 946 4597 abbas
985 4542 1190 4610 Copres
1223 4559 1236 4593 :
1271 4542 1472 4598 Beatus
1503 4546 1597 4614 qui
1629 4560 1754 4599 cum
1803 4547 2003 4616 gratia-

429 4650 549 4694 rum
585 4635 796 4690 actione
825 4635 1023 4691 tolerat
1051 4636 1315 4693 laborem.

496 4728 552 4783 ὅ.
594 4728 707 4798 (75)
744 4725 1070 4798 Congaegati
1112 4735 1246 4783 sunt
1287 4726 1580 4796 aliquando
1623 4727 1717 4797 qui
1763 4728 1816 4784 in
1858 4727 2003 4786 Secti

427 4819 716 4890 degebant,
738 4820 810 4874 ob
834 4820 1190 4890 quaestionem
1229 4818 1303 4876 de
1339 4818 1756 4884 Melchisedece,
1778 4829 1835 4877 et
1849 4821 2004 4876 obliti

428 4920 559 4968 sunt
587 4925 783 4966 vocare
810 4913 1058 4967 abbtlem
1085 4910 1357 4982 Coprem;
1390 4918 1578 4982 postea
1603 4920 1787 4969 autem
1806 4921 2002 4970 vocato

428 5018 516 5066 eo,
552 5020 614 5059 ea
647 5005 714 5060 de
736 5020 795 5060 re
834 5005 1260 5076 interrogabant.
1293 5004 1387 5062 Ille
1422 5019 1552 5062 vero
1579 5013 1664 5061 ter
1691 5009 2002 5075 percutiens

427 5110 494 5150 os
529 5110 689 5150 suum
709 5136 725 5162 ,
753 5084 891 5150 dixit
917 5112 932 5150 :
970 5094 1064 5151 Va:
1094 5096 1224 5160 tibi,
1255 5096 1432 5168 Copre
1454 5137 1473 5161 ,
1505 5112 1586 5152 ne
1617 5098 1750 5159 tibi.
1787 5098 1999 5169 Capre,

426 5199 511 5239 va:
539 5186 657 5249 tibi,
698 5184 903 5257 Papi-el
938 5187 1083 5257 quod
1127 5203 1191 5243 ea
1234 5189 1504 5259 reliquisti
1549 5205 1671 5261 quae
1715 5191 1813 5245 tibi
1848 5207 2000 5245 man-

429 5277 583 5332 (lavit
614 5279 754 5334 Dens
785 5290 846 5333 ut
874 5281 1109 5343 faceres,
1149 5288 1207 5336 et
1232 5281 1498 5337 scrutaris
1528 5298 1650 5353 qua:
1684 5298 1793 5339 non
1825 5284 2004 5352 requi-

430 5368 500 5421 rit
534 5384 562 5421 ιι
595 5378 669 5423 te.
714 5368 924 5435 Quibus
960 5370 1165 5426 auditis
1194 5370 1417 5437 fratres,
1450 5370 1705 5443 ingerunt
1743 5389 1796 5428 ιιι
1835 5374 2003 5429 cellas

428 5473 578 5517 SllnS.

523 5610 544 5639 ⁸
579 5616 665 5670 Al.
692 5618 751 5670 ἐν
778 5615 985 5688 ἡλικίᾳ.

502 5770 617 5840 (7'5)
662 5772 763 5826 ιἰι.
798 5772 951 5826 I'atr.
986 5789 1076 5839 xv,
1116 5773 1207 5830 24.

2102 3223 2199 3296 λὴν
2226 3223 2392 3295 ὥραν,
2424 3225 2555 3295 ὅσην
2601 3223 2850 3292 ἠδύνατο,
2885 3221 3117 3294 ηφάνισε
3157 3220 3217 3275 τὸ
3262 3220 3455 3275 ἑαυτοῦ
3491 3221 3680 3291 σῶμαο

2101 3313 2291 3381 γέγονε
2325 3311 2431 3384 γὰρ
2469 3311 2545 3376 ὡς
2584 3311 2984 3383 λελωϐημένος.
3029 3311 3140 3365 Καὶ
3172 3310 3409 3366 ἀνελθὼν
3446 3311 3684 3385 ὲφόρεσε

2101 3400 2170 3455 τὰ
2209 3400 2399 3472 ἱμάτια
2432 3400 2615 3466 αὑτοῦ,
2640 3401 2734 3455 καὶ
2766 3399 2973 3472 ἀπῆλθε
3001 3399 3137 3472 πρὸς
3168 3400 3259 3454 τὸν
3289 3399 3419 3455 ἴδιον
3441 3404 3679 3474 πατέρα·

2103 3493 2198 3546 καὶ
2242 3492 2393 3564 μόλις
2427 3492 2642 3561 ἐπέγνω
2672 3492 2853 3548 αὐτόν.
2919 3491 3262 3557 Ἀπελθόντος
3292 3491 3348 3545 δὲ
3392 3492 3560 3547 αὐτοῦ
3601 3493 3686 3557 είς

2102 3582 2201 3654 τὴν
2239 3584 2401 3652 ἁγίαν
2432 3583 2713 3637 κοινωνίαν
2747 3581 2889 3636 κατὰ
2925 3581 2986 3637 τὸ
3028 3582 3167 3648 ἔθος,
3203 3582 3566 3655 ἀπεκαλύφθη
3602 3583 3687 3656 τῷ

2102 3674 2243 3745 ἁγίῳ
2286 3674 2538 3747 Ἰσιδώρῳ
2578 3675 2655 3748 τῷ
2703 3676 3058 3749 πρεσῦυτέριρ
3104 3675 3202 3746 τῆς
3236 3675 3511 3747 Σκήτεως,
3543 3678 3687 3747 ὅπερ

2104 3768 2347 3839 ἐποίησε·
2376 3768 2470 3823 καὶ
2510 3769 2633 3822 ίδὼν
2663 3768 2823 3823 αὐτὸν
2856 3771 2948 3824 καὶ
2973 3769 3281 3841 θαυμάσας,
3326 3764 3469 3823 εἷπε·
3501 3771 3685 3840 Ζαχα-

2109 3857 2228 3929 ρίας
2257 3859 2287 3911 6
2318 3860 2444 3922 παῖς
2472 3860 2537 3929 τῇ
2569 3860 2819 3931 Κυριακῇ
2865 3858 3205 3931 παρελθούσῃ
3232 3855 3365 3931 ἦλθε
3403 3860 3498 3913 καὶ
3537 3861 3690 3913 ἐκοι-

2104 3948 2342 4022 νώνησεν
2369 3949 2444 4014 ὼς
2481 3948 2787 4018 ἄνθρωπος,
2822 3950 2916 4005 νῦν
2947 3950 3004 4004 δὲ
3024 3951 3100 4015 ὡς
3136 3950 3364 4020 ἄγγελος
3392 3948 3630 4020 ἐγένετο.

2544 4066 2686 4136 Περὶ
2717 4067 2823 4121 τοῦ
2852 4064 3001 4122 ἁόϐᾶ
3035 4068 3238 4136 Κόπρι.

2176 4188 2245 4236 α’.
2277 4180 2503 4249 Ἔλεγεν
2527 4180 2557 4232 6
2578 4178 2755 4244 sese;
2783 4178 2995 4251 Ποιμὴν
3015 4179 3105 4234 διὰ
3122 4179 3215 4234 τὸν
3242 4179 3417 4234 ἄϐδᾶν
3444 4180 3693 4253 Κόπριν,

2103 4273 2191 4328 ὅτι
2242 4274 2323 4337 εἰς
2375 4272 2629 4328 τοσοῦτον
2679 4268 2809 4344 ἦλθε
2872 4273 3089 4345 μέτρον,
3157 4273 3240 4325 ὅτι
3305 4272 3524 4342 ἠσθένει
3588 4275 3693 4328 καὶ

2108 4364 2367 4436 κλινήρης
2405 4359 2494 4436 ἦν,
2540 4364 2636 4418 καὶ
2672 4364 3002 4441 εὐχαρίστει,
3058 4364 3155 4417 καὶ
3197 4362 3401 4418 ἐκώλυε
3450 4364 3513 4418 τδ
3554 4364 3691 4418 εδιον

2108 4455 2341 4528 θέλημα.
3544 4512 3555 4519 ,

2178 4546 2243 4617 β’.
2272 4542 2439 4601 Εἶπεν
2480 4549 2510 4601 6
2550 4546 2725 4611 ἀϐδᾶς
2761 4546 2992 4619 Κόπριςσ
3016 4545 3301 4617 Μακάριος
3332 4547 3363 4599 6
3398 4545 3694 4615 ὑπομένων

2105 4637 2271 4693 κόπον
2301 4636 2415 4703 μετ’
2438 4637 2809 4709 εὐχαριστίας.

2175 4733 2244 4799 γ’.
2272 4727 2627 4801 Συνήχθησάν
2671 4746 2804 4783 ποτε
2841 4729 2892 4782 οἱ
2938 4729 3001 4781 ὲν
3039 4730 3105 4800 τῇ
3134 4727 3335 4800 Σκήτει
3364 4727 3386 4759 ⁸
3427 4727 3558 4799 περὶ
3588 4724 3694 4781 τοῦ

2105 4819 2475 4891 Μελχισεδὲκ,
2533 4819 2623 4874 καὶ
2667 4819 2994 4874 ἐπελάθοντο
3062 4818 3286 4873 καλέσαι
3348 4817 3441 4873 τὸν
3513 4816 3695 4871 ἀϐὁᾶν

2106 4912 2320 4983 Κόπριν
2366 4912 2409 4942 ’⁸
2469 4910 2690 4981 ὕστερον
2748 4911 2806 4966 δὲ
2860 4911 3187 4976 καλέσαντες
3230 4910 3422 4976 αὑτὸν,
3457 4909 3696 4982 ἠρώτων

2109 5004 2235 5075 περὶ
2277 5001 2488 5056 τούτου.
2555 5001 2614 5056 '0
2655 5001 2744 5068 δὲ,
2784 5001 2960 5072 τύψας
3003 5001 3067 5056 τὸ
3109 5002 3285 5072 στόμα
3315 5002 3338 5033 ⁸
3388 5000 3555 5054 αὐτοῦ
3594 5002 3697 5055 ἐπὶ

2105 5099 2275 5167 τρεῖς,
2301 5091 2473 5150 εἶπεν
2520 5094 2658 5149 Οὐαί
2690 5112 2793 5161 σοι,
2818 5094 3033 5165 Κόπρι⁹
3055 5095 3068 5147 l
3098 5096 3181 5148 ὅτι
3202 5092 3237 5148 ἄ
3264 5094 3293 5145 6
3325 5089 3458 5154 Θεὸς
3484 5092 3696 5144 ἐνετεί-

2106 5188 2236 5244 λατό
2287 5205 2367 5242 σοι
2411 5187 2637 5258 ποιῆσαι
2699 5187 3116 5257 ὲγκατέλειπες,
3182 5184 3279 5238 καὶ
3342 5181 3381 5237 ἃ.
3424 5183 3486 5236 ού
3535 5181 3699 5251 ζητεῖ

2109 5280 2259 5350 παρὰ
2313 5279 2407 5333 σοῦ
2462 5279 2709 5350 ἑρευνᾷς.
2766 5278 2876 5332 Καὶ
2939 5276 3272 5339 ἀκούσαντες
3338 5276 3388 5328 oi
3465 5272 3697 5342 ἀδελφοὶ

2107 5372 2302 5435 ταῦτα,
2344 5371 2541 5441 ἔφυγον
2570 5371 2651 5436 είς
2674 5369 2742 5425 τὰ
2778 5369 2965 5425 κελλία
2996 5367 3194 5424 αὐτῶν.

1094 5620 1115 5652 ⁸
1140 5619 1227 5674 AI.
1265 5615 1438 5677 inser.
1473 5618 1847 5693 ωζητοῦντες.
1923 5621 1944 5653 ⁷
1971 5620 1998 5676 Δ

2104 5619 2339 5691 Κόπρην.
2416 5619 2438 5651 ⁸
2467 5618 2553 5678 ΔΙ.
2592 5618 2904 5692 πρόσωπον.
2984 5618 3003 5648 ⁸
3038 5616 3125 5671 Al.
3164 5615 3384 5685 Κόπρη.
