3982 6336
239 419 350 475 253

671 531 810 603 Περὶ
849 533 954 588 τοῦ
993 533 1143 589 ἀΰϐᾶ
1179 537 1394 605 Κύρου.

315 624 458 695 Πρὸς
499 624 593 677 τὸν
642 624 896 695 λογισμὸν
939 627 1040 696 τῆς
1085 630 1359 697 πορνείας,
1397 629 1764 701 ἐπερωτηθεὶς
1791 633 1820 686 6

244 716 418 778 ἀϐϐᾶς
478 714 663 785 Κῦρος
706 715 736 768 6
781 713 1180 787 Ἀλεξανδρεὺς,
1236 719 1567 790 ἀπεκρίνατο
1624 719 1817 783 οὕτως’

257 807 380 862 Ἐὰν
407 806 670 876 λογισμὸν
701 805 803 858 οὐκ
833 805 985 876 ἔχῃς,
1013 807 1200 860 ἐλπίδα
1225 808 1326 861 οὐκ
1357 808 1518 878 ἔχεις·
1553 811 1647 865 ἐὰν
1676 812 1820 881 λογι..

245 900 417 969 σμοὺς
452 898 554 950 οὐκ
586 895 737 969 εχῃς,
764 896 962 969 πρᾶξιν
985 896 1143 967 ἔχεις.
1185 897 1352 954 Τοῦτο
1384 900 1442 953 δέ
1475 903 1641 966 ἐστιν,
1677 903 1760 956 ὅτι
1793 907 1822 957 6

246 990 386 1046 κατά
420 990 656 1047 διάνοιαν
689 988 828 1060 πρὸς
851 988 949 1059 τὴν
977 990 1246 1062 ἁμαρτίαν
1279 991 1352 1061 μὴ
1385 991 1654 1063 πολεμῶν,
1688 994 1821 1064 μηδὲ

246 1080 562 1148 ἀντιλέγων,
593 1080 921 1151 σωματικῶς
958 1080 1184 1150 πράττει
1218 1082 1411 1153 αὐτήν.
1453 1081 1512 1137 ’0
1549 1084 1658 1156 γὰρ
1684 1085 1822 1154 ἔχων

247 1172 475 1242 πράξεις
526 1169 615 1224 διά
643 1169 918 1240 λογισμῶν
953 1171 1051 1224 οὐκ
1081 1171 1337 1240 ὀχλεῐται.
1387 1172 1664 1244 Ἠρὼτησε
1707 1175 1764 1230 δὲ
1794 1177 1824 1228 6

249 1263 424 1334 γέρων
460 1261 553 1315 τὸν
598 1259 844 1330 ἀδελφὸν,
885 1260 1060 1329 λέγων
1081 1263 1207 1333 ’Μὴ
1243 1262 1525 1334 συνήθειαν
1552 1264 1696 1334 ἔχεις
1743 1267 1822 1329 εἰς

247 1353 462 1423 ὁμιλίαν
492 1351 788 1420 γυναικόςς
821 1353 930 1406 Kal
961 1349 1114 1407 εἶπεν
1138 1355 1167 1407 6
1190 1353 1441 1423 ἀδελφόςο
1475 1355 1568 1410 Οὔ·
1602 1357 1822 1411 παλαιοὶ

252 1445 341 1498 καὶ
374 1443 486 1496 νέοι
517 1441 797 1511 ζωγράφοι
827 1444 962 1496 εἰσὶν
987 1445 1037 1497 oi
1065 1443 1310 1515 λογισμοί
1339 1462 1462 1516 μου·
1503 1448 1712 1518 μνῆμαί
1743 1450 1822 1502 εί-

251 1551 331 1590 σιν
397 1532 656 1603 ὀχλοῦσαί
715 1550 827 1603 μοι,
885 1534 978 1590 καὶ
1037 1535 1311 1603 γυναικῶν
1366 1536 1578 1592 εἴδωλα.
1649 1537 1710 1591 '0
1744 1537 1823 1591 ’δὲ

249 1622 423 1692 γέρων
468 1623 608 1694 πρὸς
657 1626 835 1680 αὐτόν·
877 1624 1122 1694 Νεκροὺς
1169 1624 1244 1694 μὴ
1298 1623 1486 1694 φοϐοῦ·
1529 1625 1664 1681 ἀλλά
1696 1627 1822 1692 τοὺς

251 1713 456 1778 ζῶντας
516 1714 704 1786 φεῦγε,
763 1717 857 1772 καὶ
913 1715 1225 1769 ὲπεκτείνου
1271 1717 1470 1788 μᾶλλον
1525 1719 1606 1781 είς
1656 1735 1823 1790 προσ-

251 1806 435 1876 ιυχήν.

702 1919 868 1992 Ἀρχὴ
889 1919 980 1974 τοῦ
1015 1923 1059 1975 Λ
1091 1921 1372 1992 στοιχείου.

639 2033 778 2100 Περὶ
823 2033 929 2088 τοῦ
969 2033 1117 2092 ἀόϐᾶ
1151 2034 1429 2090 Λουκίου.

319 2140 636 2212 Παρέϐαλόν
690 2143 820 2196 ποτέ
870 2161 1012 2207 τινες
1044 2143 1122 2213 τῷ
1159 2143 1300 2216 ἀϐϐᾷ
1339 2145 1555 2216 Λουκίῳ
1585 2145 1629 2176 ¹⁶
1659 2146 1738 2208 είς
1764 2146 1824 2199 τὸ

255 2238 572 2302 Ἕνατον,ὀί
607 2238 885 2310 λεγόμενοι
919 2239 1171 2292 Εὐκτῖται
1195 2239 1259 2304 ίί,
1285 2239 1527 2310 μοναχοίο
1558 2241 1649 2294 καὶ
1679 2240 1826 2312 ἠρώ-

250 2345 416 2399 τησεν
444 2330 642 2394 αὐτοὺς
671 2331 700 2382 6
729 2330 925 2400 γέρων·
951 2330 1014 2382 Τί
1039 2329 1100 2383 τὸ
1122 2329 1432 2401 ὲργόχειρον
1461 2331 1646 2402 ὑμῶν;
1675 2334 1737 2386 Οἱ
1765 2331 1824 2385 δὲ

249 2419 422 2475 εἷπονο
451 2423 642 2492 Ἡμεῖς
662 2422 722 2474 οὐ
745 2421 1082 2492 ψηλαφῶμεν
1109 2422 1445 2493 ὲργόχειρον·
1463 2422 1620 2486 ἀλλὰ,
1642 2422 1824 2487 καθὼς

250 2513 397 2583 λέγει
429 2515 459 2566 6
490 2512 832 2576 ’Δπόστολος,
867 2511 1222 2576 ἀδιαλείπτως
1253 2515 1683 2585 προσευχόμεθα.
1717 2516 1825 2567 Kal

249 2603 394 2672 λέγει
423 2604 452 2655 ὀ
482 2603 678 2672 γέρων·
707 2603 821 2656 υὺκ
845 2604 1084 2668 ὲσθίετες
1117 2605 1224 2658 Kal
1249 2599 1417 2658 εἷπον·
1442 2606 1569 2659 Ναί.
1602 2606 1710 2660 Καὶ
1741 2606 1825 2660 λέ-

250 2712 336 2764 γει
363 2696 569 2757 αὑτοίςο
587 2691 728 2748 ’Ὅτε
755 2690 847 2748 οὖν
873 2694 1099 2758 ἐσθίετε,
1127 2694 1207 2758 τίς
1233 2694 1446 2766 εῠχεται
1467 2696 1606 2764 ὑπὲρ
1629 2695 1782 2764 ὑμῶν
1806 2712 1821 2760 ;

252 2789 418 2842 Πάλιν
471 2782 566 2838 οὖν
611 2780 762 2837 εἶπεν
803 2785 1002 2848 αὐτοῖς·
1038 2785 1110 2837 Οὐ
1153 2785 1453 2854 κοιμᾶσθες
1497 2784 1598 2837 Kal
1645 2781 1820 2838 εἷπονυ

249 2875 375 2930 Ναί.
404 2875 516 2928 Kal
537 2875 683 2944 λέγει
709 2877 736 2928 6
764 2874 959 2946 γέρωνο
986 2874 1111 2928 Ὅτε
1143 2871 1234 2929 οὖν
1260 2875 1542 2946 κοιμᾶσθε,
1565 2875 1649 2939 τίς
1679 2873 1826 2946 εὔχεο

247 2986 335 3024 ται
369 2970 499 3042 περὶ
521 2971 563 3001 ³³
591 2969 774 3041 ὐμῶνς
807 2971 914 3024 Kal
939 2970 1034 3040 οὐχ
1065 2963 1221 3042 εὗρον
1251 2971 1388 3040 πρὸς
1416 2970 1588 3024 ταῦτα
1606 2971 1826 3040 ἀποκρί-

249 3060 442 3115 νασθαι
486 3061 655 3134 αὐτῷ.
703 3062 814 3116 Kal
857 3057 1008 3116 εἶπεν
1049 3063 1247 3126 αὐτοῖς’
1279 3062 1672 3134 Συγχωρήσατέ
1713 3079 1821 3132 μοι,

254 3152 361 3205 ίδοὺ
392 3153 455 3206 οὐ
487 3155 686 3206 ποιεῖτε
714 3152 894 3217 καθὼς
925 3152 1129 3221 λέγετε.
1167 3152 1307 3222 Ἐγὼ
1332 3153 1388 3207 δὲ
1417 3153 1644 3209 δεικνύω
1673 3153 1819 3223 ὑμῖν,

1391 420 2002 478 APOPIfTHEGMATA
2042 422 2349 480 PATRUM.

1847 545 1894 602 Α

3382 419 3490 475 Ξῦό

2461 539 2538 594 De
2573 537 2762 594 abbate
2797 539 2950 610 Cyro.

2000 633 2106 700 (τι)
2146 635 2516 702 interrogatus
2535 632 2704 685 abbas
2726 632 2903 702 Cyrus
2926 631 3326 686 Alexandrinus
3343 634 3490 688 circa

1919 721 2298 778 fornicationis
2342 721 2748 790 cogitationem,
2786 721 3062 791 respondit
3102 723 3170 776 ad
3207 723 3350 777 hunc
3383 739 3492 777 mo-

1919 814 2047 868 dum
2081 829 2092 862 :
2131 813 2186 867 Si
2213 812 2596 882 cogitationem
2626 827 2733 865 non
2768 812 3051 874 habueris,
3087 827 3182 882 spe
3213 828 3410 871 cares:
3443 813 3490 868 si

1920 903 2344 974 cogitationibus
2386 903 2682 958 destitutus
2725 919 2808 970 es,
2862 903 3131 958 actionem
3173 911 3348 960 tenes.
3380 905 3492 960 Hoc

1919 1003 2099 1050 autem
2131 1003 2247 1050 est:
2281 995 2426 1063 quod
2452 995 2543 1064 qui
2569 994 2623 1048 in
2649 1004 2829 1049 mente
2851 1004 3040 1050 contra
3069 1003 3352 1064 peccatum
3384 1013 3492 1052 non

1923 1094 2146 1158 pugnat,
2190 1101 2292 1141 nec
2339 1087 2386 1141 ei
2438 1085 2687 1152 obsistit,
2731 1101 2960 1155 corpore
3011 1086 3145 1140 illud
3199 1094 3492 1156 perpetrat.

1921 1176 2135 1232 Etenim
2164 1177 2257 1247 qui
2304 1177 2561 1246 Operibus
2607 1177 2873 1246 complet,
2920 1192 3026 1230 non
3073 1178 3276 1246 patitur
3325 1177 3494 1232 mole-

1923 1267 2085 1321 stiam
2117 1281 2183 1323 ex
2219 1265 2664 1336 cogitationibus.
2712 1264 3068 1337 Interrogavit
3112 1274 3292 1320 autem
3329 1283 3495 1322 senex

1925 1353 2147 1410 fratrem
2173 1373 2189 1408 :
2213 1353 2352 1409 Num
2382 1355 2717 1410 consuevisti
2743 1371 2868 1411 cum
2901 1356 3170 1412 muliere?
3197 1356 3497 1426 Respondit

1923 1442 2091 1498 frater
2124 1462 2138 1498 :
2172 1443 2322 1512 Non;
2356 1455 2566 1500 veteres
2599 1459 2665 1499 ac
2702 1446 2827 1501 novi
2867 1447 3103 1515 pictores
3130 1455 3258 1503 sunt
3291 1448 3499 1518 cogita-

1925 1533 2099 1588 tiones
2148 1548 2312 1600 mem;
2358 1534 2768 1592 recordationes
2808 1545 2936 1592 sunt
2982 1553 3104 1607 quae
3153 1539 3285 1594 mihi
3331 1539 3501 1594 mole-

1923 1626 2083 1680 stiam
2115 1625 2397 1690 exhibent,
2429 1642 2638 1680 necnon
2677 1627 2966 1682 mulierum
3006 1629 3322 1686 simulacra.
3357 1630 3493 1684 Tum

1925 1728 2090 1768 senex
2118 1715 2182 1768 ad
2216 1730 2337 1768 eum
2365 1732 2378 1768 :
2410 1713 2652 1768 Mortuos
2680 1730 2747 1770 ne
2786 1716 3002 1783 timeas,
3032 1719 3127 1773 sed
3156 1718 3282 1788 fuge
3320 1719 3494 1782 vivos,

1923 1806 2204 1875 magisque
2239 1820 2427 1875 preces
2457 1807 2739 1875 protende.

2377 1917 2711 1988 Principium
2749 1919 2944 1974 littera:
2979 1918 3069 1996 Ι...

2449 2033 2524 2086 De
2563 2033 2750 2086 abbate
2784 2031 2969 2088 Lucio.

1995 2141 2106 2210 (75)
2148 2141 2426 2197 Venerunt
2478 2144 2772 2214 aliquando
2823 2143 3071 2199 nonnulli
3128 2144 3194 2199 ad
3246 2145 3497 2200 abbatem

1923 2233 2149 2290 Lucium
2193 2237 2246 2290 in
2303 2236 2501 2303 Enato,
2553 2252 2618 2291 ex
2673 2237 2737 2292 iis
2797 2237 2891 2307 qui
2934 2236 3193 2292 dicuntur
3247 2236 3496 2304 Euctitm,

1923 2326 2216 2392 monachi;
2268 2335 2323 2382 et
2377 2327 2734 2396 interrogavit
2793 2341 2891 2382 eos
2955 2341 3176 2381 senex:
3229 2325 3497 2392 Quidnam

1925 2417 2176 2472 manibus
2201 2418 2540 2486 operamini?
2589 2416 3014 2487 Responderunt
3041 2435 3056 2472 :
3087 2417 3196 2474 Nos
3232 2434 3338 2474 non
3373 2435 3500 2474 con-

1924 2508 2184 2579 tingimus
2213 2523 2470 2562 manuum
2499 2524 2673 2579 opus;
2707 2509 2801 2564 sed
2835 2509 2976 2564 sicut
3005 2509 3246 2580 praecipit
3275 2509 3501 2578 Aposto-

1924 2601 2009 2655 lus
2034 2602 2100 2667 ι’,
2125 2613 2348 2656 oramus
2368 2599 2490 2656 sine
2517 2600 2940 2656 intermissione.
2983 2599 3076 2653 Ait
3113 2617 3279 2656 senex
3307 2619 3318 2652 :
3351 2601 3500 2655 Non-

1924 2704 1992 2743 ne
2021 2690 2403 2744 manducatis?
2430 2689 2510 2742 Illi
2543 2707 2560 2744 :
2589 2690 2786 2753 Etiam,
2828 2692 3244 2747 manducamus.
3279 2692 3454 2748 Senex
3481 2713 3495 2748 :

1924 2779 2152 2846 Quando
2183 2781 2345 2850 igitur
2381 2780 2686 2847 comeditis,
2734 2783 2858 2852 quis
2891 2799 2990 2852 pro
3019 2785 3172 2838 vobis
3197 2785 3354 2837 orat?
3397 2784 3499 2838 lte-

1924 2886 2043 2924 rum
2075 2871 2166 2926 ille
2216 2871 2284 2924 ad
2331 2886 2427 2926 eos
2456 2888 2468 2923 :
2497 2868 2616 2925 Non
2665 2871 2957 2926 dormitis?
2992 2871 3336 2942 Excepcrunt
3365 2891 3380 2926 :
3419 2876 3499 2927 [ta

1922 2967 2026 3023 est,
2054 2959 2376 3015 dormimus.
2401 2957 2538 3013 Tum
2570 2975 2734 3015 senex
2770 2978 2784 3014 :
2816 2959 3044 3026 Quando
3068 2978 3196 3032 ergo
3223 2963 3496 3028 dormitis,

1923 3050 2047 3121 quis
2096 3067 2193 3123 pro
2239 3051 2394 3106 vobis
2429 3051 2584 3106 orat?
2619 3050 2730 3107 Nec
2779 3052 3104 3109 invenerunt
3139 3053 3268 3124 quid
3310 3054 3374 3108 ad
3410 3055 3499 3109 illa

1925 3144 2173 3214 responsi
2221 3144 2433 3199 darent.
2490 3143 2762 3216 θήκη-οἰδ
2794 3161 2807 3197 :
2839 3147 3108 3218 Ignoscite
3159 3147 3329 3214 mihi;
3371 3163 3501 3204 ecce

249 3241 331 3295 ὅτι
405 3240 772 3312 ἐργαζόμενος
821 3242 880 3295 τδ
927 3243 1238 3314 ὲργόχειρόν
1299 3260 1398 3314 μου
1471 3243 1822 3308 ἀδιαλείπτως

1929 3251 2036 3291 ηοιι
2086 3235 2269 3292 facitis
2320 3237 2476 3306 juxta
2529 3253 2838 3293 sermonem
2893 3251 3153 3294 vestrum.
3210 3239 3319 3310 Ego
3372 3256 3500 3294 vero

250 3332 644 3402 προσεύχομαι.
675 3333 986 3403 Καθέξομαι
1027 3336 1121 3388 σὺν
1156 3333 1274 3405 Θεῷ
1309 3333 1505 3405 βρέξας
1547 3336 1618 3388 τὰ
1657 3336 1828 3406 μικρά

254 3438 353 3490 μου
381 3420 574 3474 θαλλία
604 3423 667 3456 ¹³·
687 3423 781 3475 καὶ
798 3422 1010 3477 πλέκων
1035 3422 1173 3476 αὐτὰ
1197 3423 1402 3494 σειρὰν,
1431 3424 1590 3491 λέγωο
1620 3424 1824 3490 Ἑλέησ

250 3513 368 3568 σόν
414 3529 516 3582 με,
559 3515 592 3566 ό
636 3513 800 3579 Θεὸς,
851 3516 1001 3569 κατὰ
1041 3514 1108 3566 τὸ
1137 3513 1290 3584 μέγα
1330 3515 1502 3581 ἔλεός
1550 3530 1686 3579 σου,
1725 3516 1825 3569 καὶ

249 3605 400 3659 κατὰ
423 3606 488 3658 τὸ
512 3604 747 3671 πλῆθος
776 3605 896 3659 τῶν
920 3605 1238 3674 οἰκτιρμῶν
1265 3622 1383 3661 σου
1411 3606 1737 3676 caueat-or
1760 3607 1825 3661 τὸ

250 3695 526 3766 ἀνόμημὰ
571 3714 716 3766 μου.
761 3699 872 3752 Kal
915 3698 1059 3766 λέγει
1099 3699 1300 3763 αὐτοῖς·
1337 3699 1451 3753 Οὐκ
1497 3699 1643 3754 ἐστιν
1692 3700 1824 3772 εὐχὴ

249 3787 447 3852 τοῦτος
482 3788 593 3840 Καὶ
621 3783 792 3842 εἷπον·
817 3788 944 3846 Ναί.
975 3789 1084 3844 Kal
1119 3785 1271 3843 εἶπεν
1303 3789 1504 3854 αὐτοῖς’
1539 3793 1706 3845 Ὅταν
1731 3787 1824 3848 οὖν

248 3879 496 3949 ὲμμείνω
525 3879 593 3934 δι’
621 3879 751 3950 ὅλης
775 3880 987 3952 ἡμέρας
1015 3880 1379 3953 ἐργαζόμενος
1399 3883 1493 3938 καὶ
1517 3883 1822 3952 εὐχόμενος,

250 3969 390 4022 ποιῶ
413 3968 600 4022 πλεῖον
624 3970 659 4040 ἢ
689 3969 908 4024 ἔλαττον
935 3971 1132 4037 δεκαὲξ
1154 3972 1350 4042 νουμία
1375 3971 1533 4044 (73⁸)·
1569 3973 1664 4026 καὶ
1685 3990 1818 4044 παρ-

245 4061 360 4132 έχω
407 4060 470 4125 ἐξ
526 4061 706 4118 αὐτῶν
767 4064 847 4126 εἰς
901 4063 999 4136 τὴν
1051 4063 1222 4134 θύραν
1269 4062 1385 4128 δύο,
1429 4063 1525 4118 καὶ
1565 4063 1634 4117 τὰ
1664 4063 1826 4118 λοιπά

249 4151 437 4208 ισθίω·
470 4153 564 4206 καὶ
583 4150 800 4223 εὔχεται
824 4153 966 4226 ὑπὲρ
991 4153 1125 4224 ἐμοῦ
1154 4156 1182 4207 6
1203 4153 1380 4207 λαϐὼν
1416 4153 1485 4207 τὰ
1515 4153 1606 4206 δύο
1631 4155 1825 4224 νουμία

250 4243 338 4296 ὅτε
379 4242 548 4296 ἐσθίω
581 4243 614 4314 ἢ
650 4245 738 4297 ὅτε
778 4244 1078 4316 κοιμῶμαιο
1109 4247 1204 4301 καὶ
1235 4245 1324 4300 διὰ
1351 4246 1450 4317 τῆς
1478 4245 1698 4316 χάριτος
1729 4245 1823 4300 τοῦ

252 4333 386 4389 Θεοῦ
455 4334 756 4406 πληροῦται
823 4354 914 4408 μοι
977 4337 1039 4392 τὸ
1101 4337 1457 4402 ἀδιαλείπτως
1525 4337 1823 4410 προσεύχε-

254 4425 399 4482 σθαι.

720 4540 860 4608 Περὶ
896 4542 1002 4596 τοῦ
1025 4541 1173 4598 ἁόϐᾶ
1197 4543 1344 4598 Λώτ.

319 4661 389 4708 α’.
422 4650 597 4707 Ἦλθέ
636 4672 720 4718 τις
746 4654 855 4708 τῶν
890 4657 1160 4726 γερόντων
1191 4657 1326 4728 πρὸς
1352 4656 1443 4710 τὸν
1471 4658 1644 4713 ἀϐϐᾶν
1677 4659 1820 4725 Λὼτ,

251 4743 388 4814 πρὸς
410 4744 456 4774 ⁸⁸
485 4742 548 4794 τὸ
575 4743 768 4814 μικρὸν
791 4743 910 4807 ἕλος
936 4745 1028 4797 τοῦ
1069 4746 1424 4816 Ἀρσενοῖτου,
1461 4748 1550 4801 καὶ
1577 4750 1820 4819 παρεκά-

247 4829 401 4883 λεσεν
434 4830 596 4882 αὑτὸν
635 4824 722 4885 διᾶ
755 4832 982 4897 κελλίον,
1019 4833 1111 4887 καὶ
1147 4834 1346 4888 ἔδωκεν
1374 4837 1540 4908 αὐτῷ.
1573 4833 1680 4891 Ἦν
1707 4838 1762 4890 δὲ
1794 4841 1823 4893 6

246 4919 427 4989 γέρων
461 4918 714 4990 ἀσθενήςο
755 4922 850 4974 καὶ
886 4923 1191 4975 ἀνέπαυσεν
1217 4923 1377 4976 αὑτὸν
1414 4925 1442 4976 6
1475 4924 1646 4988 ἀϐϐἄς
1675 4925 1818 4978 Λώτ·

247 5010 342 5061 καὶ
364 5009 414 5060 εί
442 5009 670 5079 ῆρχοντό
695 5027 837 5075 τινες
857 5013 1191 5083 παραϐαλεῖν
1211 5013 1288 5084 τῷ
1311 5015 1453 5086 ἀϐϐᾷ
1479 5017 1621 5078 Λὼτ,
1648 5017 1822 5070 ἐποίει

247 5100 446 5163 αὐτοὺς
473 5102 812 5172 παραϐαλεῖν
850 5104 944 5157 καὶ
980 5103 1058 5175 τῷ
1089 5105 1302 5177 γέροντι
1335 5106 1412 5176 τῷ
1445 5107 1675 5162 ἀσθενεῖ.
1714 5110 1825 5164 Kal

249 5193 451 5265 ἤρξατο
497 5195 680 5249 λαλεῖν
729 5195 910 5260 αὐτοῖς
959 5196 1149 5264 λόγους
1194 5196 1288 5251 τοῦ
1340 5199 1664 5269 Ὦριγένους·
1731 5203 1826 5253 καὶ

250 5285 489 5340 ὶθλίϐετο
527 5287 558 5339 6
601 5285 775 5350 ἀϐϐἄς
807 5285 951 5351 Λὼτ,
988 5288 1180 5357 λέγων’
1208 5289 1299 5360 Μὴ
1331 5291 1424 5343 καὶ
1455 5292 1749 5362 νομίσωσιν
1777 5297 1825 5348 οἱ

321 5443 482 5515 ξομ.
524 5444 689 5498 inser.
720 5443 820 5515 τῷ.

256 5512 342 5568 "l
375 5512 574 5570 Thess.
606 5530 660 5578 ν,
692 5503 781 5570 17ξ
859 5517 902 5549 ³⁸
936 5514 1081 5572 Psal.
1113 5531 1161 5580 ι,
1188 5503 1249 5578 Ξ,
1275 5515 1330 5571 5.

322 5628 452 5698 (73‘)
482 5627 636 5681 Ποιῶ
661 5629 872 5683 πλεῖον
902 5629 940 5698 ἢ
967 5629 1220 5698 ἔλαττον
1244 5627 1459 5692 δεκαέξ
1479 5627 1713 5698 νουμία.
1746 5627 1826 5682 Ad

254 5700 472 5769 verbum
514 5699 766 5769 Pelagius
801 5718 815 5753 :
863 5697 1028 5751 Facio
1049 5697 1174 5769 plus
1201 5698 1374 5750 minus
1407 5697 1628 5769 sedecim
1667 5713 1821 5750 nunt-

255 5781 383 5821 mos.
411 5767 489 5822 Ex
513 5767 678 5822 sensu
711 5767 940 5823 Rufinus
972 5783 987 5822 :
1017 5768 1250 5834 Canaque
1276 5767 1688 5835 percomplevero
1711 5784 1822 5836 ope-

257 5854 315 5889 ra
346 5855 592 5892 manuum
623 5855 874 5901 mearum,
900 5849 947 5892 et
979 5838 1158 5898 aliqua
1187 5853 1312 5891 vasa
1345 5846 1434 5891 aut
1454 5854 1649 5905 paucos
1675 5838 1818 5904 {imi-

1853 4575 1899 4632 D

918 5446 963 5520 '1
993 5446 1076 5520 Al.
1108 5445 1331 5520 Εὐχῖται
1368 5452 1422 5500 et
1449 5447 1710 5519 Εὒχῆται.
1790 5451 1832 5482 ¹²
1861 5450 1945 5506 Al.
1977 5450 2135 5520 ὑπέρ.

1929 3329 2213 3382 ostendam
2247 3329 2428 3393 vobis,
2475 3328 2620 3398 quod
2644 3344 2782 3398 opus
2805 3345 3063 3385 manuum
3094 3346 3334 3384 mearum
3369 3333 3498 3384 dum

1927 3434 2176 3483 exerceo,
2205 3436 2302 3474 oro
2334 3423 2452 3476 sine
2487 3421 2910 3476 intermissione.
3009 3422 3144 3476 Cum
3195 3421 3304 3475 Deo
3336 3421 3502 3476 sedeo

1927 3513 2239 3585 intinguens
2270 3529 2420 3569 meos
2455 3516 2730 3581 ramulos;
2775 3530 2978 3585 eosque
3018 3517 3070 3569 in
3101 3518 3330 3584 plcclam
3367 3530 3504 3569 con-

1927 3613 2176 3671 nectens,
2195 3605 2318 3660 aio:
2347 3604 2599 3660 Miserere
2624 3606 2744 3668 mei,
2775 3606 2932 3669 Deus,
2954 3607 3235 3660 secundum
3254 3621 3500 3674 magnam

1927 3697 2348 3750 miscricordiam
2376 3706 2544 3763 tuam,
2579 3707 2632 3751 et
2663 3697 2948 3751 secundum
2979 3698 3368 3750 multitudinem
3400 3697 3502 3750 mi-

1925 3789 2248 3842 seratiouum
2267 3799 2482 3842 tuarum
2509 3789 2622 3844 delc
2649 3790 2979 3860 iniquitatem
3021 3805 3187 3842 meam
3214 3789 3277 3842 “.
3308 3789 3501 3844 Nonne

1925 3877 1980 3932 id
1999 3880 2175 3933 oratio
2202 3887 2286 3934 est
2301 3880 2323 3933 ?
2338 3878 2756 3950 Responderunt
2777 3899 2790 3934 :
2813 3879 2925 3934 Est.
2946 3881 3146 3934 lterum
3175 3899 3189 3934 :
3209 3880 3344 3934 Cum
3369 3895 3501 3949 ergo

1926 3985 2277 4040 permansero
2310 3979 2422 4025 tota
2439 3971 2526 4026 die
2559 3986 2792 4042 operans
2813 3980 2869 4027 et
2892 3986 3077 4033 orans,
3115 3971 3348 4025 conficio
3373 3971 3498 4039 plus

1925 4062 2107 4116 minus
2150 4061 2387 4116 sedecim
2423 4076 2711 4128 nummos;
2750 4077 2814 4116 ac
2863 4078 2926 4114 ex
2986 4061 3052 4114 iis
3081 4059 3220 4112 duos
3255 4061 3307 4111 in
3341 4067 3500 4128 porta

1924 4153 2157 4220 pmbeo,
2171 4152 2409 4220 reliquos
2427 4153 2642 4206 insumo
2660 4152 2714 4206 in
2733 4152 2944 4205 cibum:
2965 4151 3056 4220 qui
3078 4161 3256 4204 autem
3289 4151 3502 4219 accepit

1925 4243 2064 4297 duos
2098 4257 2386 4308 nummos,
2428 4250 2550 4296 orat
2593 4258 2693 4312 pro
2741 4258 2856 4310 me,
2891 4244 3113 4312 quando
3147 4242 3375 4298 comedo
3406 4252 3503 4304 aut.

1925 4335 2138 4389 dormio
2177 4353 2191 4389 :
2226 4343 2392 4405 atque
2422 4351 2521 4407 per
2577 4335 2672 4392 Dei
2729 4337 2960 4407 gratiam
3003 4337 3332 4406 adiniplctur
3363 4335 3500 4390 mihi

1925 4428 2078 4492 illud,
2111 4427 2230 4483 sine
2260 4428 2672 4484 intermissione
2701 4443 2877 4483 orare.

2468 4537 2547 4593 De
2584 4537 2772 4592 abbate
2805 4535 2964 4593 Loto.

2001 4653 2053 4707 1.
2093 4651 2339 4707 Accessit
2385 4668 2578 4708 senum
2625 4652 2825 4722 aliquis
2867 4652 2934 4706 ad
2977 4652 3226 4706 abbatem
3265 4650 3394 4714 Lot,
3445 4650 3502 4703 in

1930 4759 2150 4816 parvam
2202 4743 2456 4816 paludem
2506 4744 2848 4807 Arsenoitae,
2897 4749 2952 4804 et
3000 4741 3208 4810 rogavit
3241 4755 3362 4793 eum
3407 4755 3504 4808 per

1929 4837 2155 4899 cellam,
2188 4836 2448 4906 deditque
2482 4834 2580 4888 illi.
2618 4831 2941 4903 Egrotabat
2975 4843 3153 4883 autem
3195 4843 3393 4886 senex;
3435 4843 3498 4881 ac

1931 4929 2119 4984 refecit
2159 4944 2282 4982 eum
2317 4945 2330 4982 :
2363 4926 2507 4996 quod
2544 4925 2590 4978 si
2623 4925 2902 4979 venissent
2947 4920 3114 4989 aliqui
3150 4920 3499 4990 congressuri

1925 5037 2048 5076 cum
2108 5021 2302 5084 abbate
2349 5018 2515 5082 Loto,
2567 5015 2834 5071 eﬂiciebat
2884 5022 2944 5068 ut
2999 5013 3162 5068 etiam
3213 5011 3500 5066 visitarent

1927 5127 2113 5167 senem
2157 5109 2459 5164 inﬁrmum.
2507 5104 2687 5175 Cmpit
2728 5120 2860 5175 ergo
2907 5105 2986 5159 eis
3019 5103 3168 5174 loqui
3217 5117 3500 5164 sermones
3603 5092 3619 5105 ’

1927 5201 2177 5273 Origenis
2225 5219 2240 5256 :
2290 5215 2398 5270 qua
2449 5199 2517 5254 de
2554 5212 2718 5253 causa
2760 5196 2929 5250 abbas
2975 5194 3077 5249 Lot
3129 5194 3495 5264 atlligebatur:

1930 5295 2035 5362 Ne,
2071 5295 2356 5363 inquiens,
2397 5287 2590 5348 Patres
2638 5289 2953 5346 existiment
2999 5302 3100 5344 nos
3148 5301 3368 5358 quoque
3422 5284 3502 5338 ita

2231 5451 2273 5482 "
2300 5450 2386 5504 Al.
2450 5446 2674 5521 ἐμαυτῷ
2703 5445 2893 5501 θαλλια
2925 5444 3126 5518 μικρά.
3203 5443 3248 5477 ’⁸
3279 5444 3363 5500 Al.
3392 5443 3498 5510 εις.

1935 5628 2082 5682 culos
2111 5639 2373 5695 cmero,et
2403 5629 2572 5698 fecero
2601 5644 2666 5684 ex
2691 5631 2768 5684 eis
2803 5644 3043 5684 nummos
3070 5627 3264 5687 decem.
3299 5631 3362 5686 Sa
3375 5632 3498 5686 navi

1927 5700 2128 5769 locum.
2144 5699 2707 5769 _quiitranspositione
2737 5701 3040 5757 laborabat.

1997 5765 2111 5839 (7t)
2143 5765 2201 5839 In
2234 5765 2482 5839 Ephraain
2509 5784 2562 5839 ι).
2599 5770 2725 5838 337,
2753 5787 2809 5826 ιι.
2851 5770 2935 5825 to.

1998 5837 2110 5907 (75)
2155 5838 2258 5892 Vit.
2282 5837 2447 5894 'Patr.
2481 5837 2578 5908 xit,
2607 5839 2662 5895 9.
