3982 6336
407 405 515 462 255

1543 407 1763 463 APPEN
1775 408 1887 464 DIX
1929 410 2018 463 AD
2054 406 2482 467 PALLADIUM.

3576 409 3690 470 256

413 529 622 582 διιιηῖιέ
653 546 666 580 :
697 530 935 580 attamen
965 540 1075 581 non
1104 525 1340 582 audebat
1384 525 1656 583 hominem
1685 544 1714 584 e
1745 532 1865 584 loco
1885 545 1987 599 e11-

2105 530 2350 600 Πατέρες,
2397 529 2478 581 ὅτι
2526 529 2618 580 καὶ
2652 528 2812 597 ἡμεῖς
2858 527 3032 590 οὕτως
3079 528 3272 598 ἐσμένο
3314 527 3407 580 καὶ
3435 525 3689 580 ἐκϐαλεῖν

413 635 560 679 cere.
597 624 819 688 propter
844 616 1162 671 mandatum
1192 617 1306 672 Dei.
1343 616 1586 689 Surgens
1608 619 1792 690 itaque
1819 619 1988 674 abbas

411 712 543 774 Lot,
589 710 831 786 perrexit
877 711 945 765 ad
979 710 1230 765 abbatem
1267 712 1591 774 Arsenium,
1641 715 1992 781 narravitque

408 804 458 856 ei
504 803 572 856 de
621 818 772 858 sene.
824 804 912 857 Ait
959 805 1130 860 abbas
1176 808 1442 861 Arsenius
1475 825 1487 860 :
1520 805 1641 862 Noli
1686 809 1988 877 expellere,

411 896 508 951 sed
551 895 725 949 dicito
755 897 845 950 ei:
881 896 1024 951 Ecce
1063 913 1094 952 e
1140 897 1300 953 bouis
1339 898 1435 952 Dei
1503 899 1801 963 manduca,
1835 900 1989 964 bibe,

410 994 575 1057 prout
604 987 878 1050 volueris,
911 995 1124 1042 tantum
1156 991 1254 1044 bos
1285 1004 1568 1046 sermones
1597 1007 1666 1045 ne
1697 993 1992 1061 proloqua—

413 1077 491 1131 ris
526 1095 540 1130 :
577 1075 723 1145 quod
757 1077 800 1130 si
839 1077 1092 1141 voluerit,
1127 1077 1534 1145 emendabitur;
1573 1081 1618 1135 si
1654 1096 1784 1136 vero
1812 1081 1996 1136 nolue-

414 1166 487 1220 rit
533 1167 825 1221 emendare
880 1182 974 1230 se,
1027 1175 1220 1234 sponte
1263 1176 1557 1237 rogaturus
1596 1177 1680 1224 est
1713 1177 1768 1224 ut
1810 1171 1995 1224 eloco

415 1256 672 1319 secedat,
710 1270 812 1310 nec
844 1263 902 1309 tu
929 1255 1149 1310 futurus
1179 1272 1239 1312 es
1268 1257 1552 1315 discessus
1581 1275 1770 1314 causa.
1808 1261 1996 1332 Itaque

417 1363 676 1403 reversus
701 1348 872 1403 abbas
906 1347 1024 1414 Lot,
1058 1349 1133 1403 ita
1168 1349 1318 1404 fecit.
1351 1350 1488 1405 Tum
1516 1368 1680 1408 senex
1707 1362 1994 1425 postquam

415 1440 628 1494 audivit
679 1441 824 1506 haec,
882 1441 1059 1494 noluit
1105 1442 1340 1511 corrigi;
1402 1444 1494 1498 sed
1545 1446 1710 1514 coepit
1768 1461 1994 1516 rogare,

416 1531 607 1586 dicens
652 1551 665 1587 :
708 1531 938 1604 Propter
999 1532 1327 1600 Dominum,
1385 1535 1515 1591 hinc
1567 1553 1654 1593 me
1711 1538 1993 1609 ablegate;

415 1638 521 1679 nec
550 1627 694 1678 enim
723 1627 958 1695 amplius
998 1627 1152 1680 valeo
1193 1629 1468 1684 sustinere
1498 1629 1874 1686 solitudinem.
1902 1631 1999 1686 At-

415 1729 524 1782 que
561 1715 641 1770 sic
666 1730 967 1788 exsurgens
991 1733 1246 1788 egressus
1277 1727 1381 1782 est,
1413 1720 1684 1777 deductus
1718 1737 1840 1776 cum
1875 1722 2002 1777 cha-

414 1807 601 1862 ritate.

484 1984 542 2037 2.
584 1983 834 2038 Narravit
868 1985 1068 2056 aliquis
1097 1985 1166 2042 de
1210 1988 1450 2057 quodam
1500 1987 1670 2045 fratre
1700 1992 1756 2045 in
1801 2007 2002 2062 pecca-

417 2081 533 2126 tum
586 2073 771 2140 lapso,
813 2073 960 2143 quod
1006 2090 1338 2147 congressus
1391 2092 1516 2132 cum
1575 2078 1774 2135 abbate
1826 2079 1997 2148 Loto,

417 2163 868 2228 conturbaretur,
923 2167 1260 2236 ingrediens,
1303 2169 1611 2240 egrediens,
1658 2186 1759 2226 nec
1810 2174 1998 2230 valens

417 2255 628 2311 sedere.
677 2255 817 2311 Dicit
849 2256 898 2311 ei
941 2258 1111 2314 abbas
1143 2259 1245 2314 LOt
1289 2278 1304 2314 :
1352 2262 1490 2326 Quid
1541 2263 1742 2328 habes,
1791 2263 1998 2319 frater?

413 2345 513 2403 Ille
541 2366 555 2402 :
584 2347 836 2418 Magnum
867 2348 1127 2404 delictum
1175 2353 1452 2418 commisi,
1488 2370 1589 2409 nec
1621 2371 1847 2426 possum
1881 2357 1998 2412 edi-

416 2451 543 2492 cere
569 2436 843 2494 Patribus.
899 2439 965 2494 Et
997 2458 1162 2497 senex
1190 2458 1205 2495 :
1235 2441 1510 2499 Confitere
1542 2445 1673 2500 mihi
1712 2447 1867 2511 illud,
1895 2464 1997 2518 ego

416 2531 667 2599 portabo.
695 2532 847 2587 Tunc
887 2534 961 2587 ita
995 2534 1214 2590 locutus
1244 2545 1365 2593 est:
1396 2538 1568 2592 Incidi
1595 2539 1650 2593 in
1681 2538 1997 2594 fornicatio-

418 2636 579 2686 nem;
611 2636 674 2676 ac
725 2630 783 2675 ut
824 2623 930 2676 vcti
979 2639 1204 2696 compos
1241 2641 1454 2692 essem,
1497 2631 1751 2684 mactavi.
1791 2631 1880 2684 Ait
1917 2632 1993 2685 illi

415 2723 583 2764 senex
619 2728 633 2764 :
667 2709 892 2767 Contide
921 2714 1065 2784 quod
1092 2717 1162 2770 sit
1197 2719 1519 2787 pomitentia
1551 2738 1564 2774 :
1593 2721 1748 2785 vade,
1782 2723 1909 2778 sede
1941 2725 1993 2777 in

414 2799 678 2869 spelunca
699 2841 714 2866 ,
747 2817 844 2872 per
874 2804 1037 2858 bidua
1081 2805 1204 2859 cibo
1233 2807 1448 2862 abstine
1469 2847 1483 2873 ,
1511 2824 1612 2880 ego
1641 2817 1822 2866 tecum
1867 2827 1995 2883 por-

415 2886 544 2942 tabo
597 2889 885 2945 dimidium
944 2895 1182 2963 peccati.
1239 2893 1428 2967 Itaque
1476 2901 1761 2971 completis
1815 2903 1995 2957 tribus

417 2976 885 3046 hebdomadibus,
939 2985 1152 3053 plenam
1218 2991 1431 3059 accepit
1481 2994 1848 3062 cognitionem
1904 3011 1993 3050 se-

418 3083 557 3134 nex,
607 3071 754 3139 quod
796 3071 979 3128 fratris
1039 3077 1417 3144 paenitentiam
1468 3081 1608 3137 Deus
1659 3084 1990 3140 admisisset.

2093 619 2254 672 αὐτὸν
2297 620 2364 671 ἐκ
2403 617 2497 670 τοῦ
2533 617 2700 671 τόπου
2757 617 3007 688 ἐφοϐεῖτο
3051 618 3138 672 διὰ
3169 617 3268 689 τὴν
3299 617 3541 690 ἐντολήν.
3577 621 3690 672 Καὶ

2091 708 2330 771 ἀναστὰς
2379 709 2407 760 6
2447 706 2621 770 άϐϐᾶς
2647 706 2790 773 Λὼτ,
2824 705 2954 780 ἦλθε
2985 709 3121 782 πρὸς
3157 709 3247 763 τὸν
3276 709 3450 764 άϐϐᾶν
3497 711 3690 781 Ἀρσέ-

2091 817 2224 866 νιον,
2264 802 2358 854 καὶ
2381 800 2676 872 διηγήσατο
2705 801 2856 872 αὐτῷ
2882 793 3009 872 περὶ
3034 803 3128 856 τοῦ
3153 803 3425 874 γέροντος.
3456 804 3567 858 Καὶ
3601 803 3690 858 λέ-

2091 907 2179 960 γει
2204 890 2354 961 αὑτῷ
2383 894 2411 944 6
2445 893 2620 957 άϐϐᾶς
2661 895 2957 965 ’Δρσένιοςο
2996 895 3086 966 Μὴ
3128 894 3325 966 διώξῃς
3352 895 3538 960 αὑτὸν,
3567 886 3688 950 ἀλλ’

2093 982 2215 1035 εἰπὲ
2244 982 2413 1054 αὐτῷ·
2453 985 2584 1039 Ἰδοὺ
2613 987 2676 1038 ὲκ
2706 985 2812 1039 τῶν
2839 984 2933 1038 τοῦ
2965 985 3103 1038 Θεοῦ
3156 988 3320 1056 φάγε,
3350 987 3461 1054 πίε,
3491 986 3565 1052 ὡς
3598 989 3692 1042 θέ-

2094 1073 2228 1138 λεις,
2258 1075 2416 1146 μόνον
2442 1076 2531 1130 τὸν
2553 1077 2711 1147 λόγον
2737 1078 2926 1132 τοῦτον
2960 1077 3035 1150 μὴ
3067 1079 3329 1153 λαλήσῃς⁶
3357 1082 3453 1136 καὶ
3479 1081 3575 1136 ἐάν
3601 1083 3690 1137 θέ-

2093 1163 2184 1235 λῃ,
2212 1164 2539 1236 διορθοῦται·
2573 1167 2622 1218 εί
2649 1165 2706 1218 δὲ
2732 1165 2806 1237 μὴ
2832 1166 2960 1238 θέλῃ
2991 1165 3412 1237 διορθώσασθαι,
3432 1167 3526 1237 ἀφ’
3555 1169 3692 1221 ἑαυ-

2095 1254 2188 1310 τοῦ
2213 1255 2396 1326 μέλλει
2422 1256 2760 1328 παρακαλεῖν
2790 1257 2884 1310 τοῦ
2913 1258 3267 1328 ἀναχωρῆσαι
3294 1260 3356 1311 ὲκ
3375 1258 3469 1311 τοῦ
3495 1259 3688 1312 τόπουο

2096 1345 2190 1398 καὶ
2215 1346 2314 1398 οὐκ
2342 1345 2449 1398 ἀπὸ
2478 1345 2572 1398 σοῦ
2606 1346 2817 1414 γίνεται
2856 1348 2889 1417 ή
2921 1347 3170 1418 ἀφορμή.
3209 1346 3486 1400 Ἀπελθὼν
3529 1343 3625 1401 οὖν
3659 1348 3692 1401 6

2097 1435 2270 1500 ἀϐϐᾶς
2313 1435 2439 1490 Λὼτ
2468 1438 2728 1507 ἐποίησεν
2756 1437 2948 1502 οὕτως.
2985 1439 3096 1492 Καὶ
3117 1440 3144 1491 6
3171 1438 3350 1508 γέρων
3377 1439 3454 1502 ὠς
3485 1440 3691 1510 ἥκουσι

2096 1527 2290 1592 ταῦτα,
2315 1528 2418 1581 οὐκ
2452 1527 2611 1600 ἤθελε
2653 1527 3070 1601 διορθώσασθαιο
3101 1529 3217 1583 ἀλλ’
3241 1530 3400 1584 ἔϐαλε
3436 1548 3691 1603 παρακα-

2097 1621 2208 1675 λεῖν
2235 1620 2427 1689 λέγων’
2455 1620 2554 1674 Διὰ
2581 1621 2671 1676 τὸν
2714 1621 2917 1694 Κύριον
2946 1621 3200 1692 πέμψατέ
3235 1622 3277 1654 ³⁸
3312 1641 3378 1692 με
3412 1623 3687 1690 ἐντεῦθεν,

2097 1713 2181 1766 ὅτι
2241 1712 2342 1766 οὐκ
2399 1711 2480 1765 ἐτι
2535 1711 2772 1782 δύναμαι
2819 1711 3082 1783 βαστάξαι
3145 1713 3245 1783 τὴν
3295 1713 3519 1784 ἔρημον.
3573 1715 3686 1769 Καὶ

2100 1801 2271 1864 οὕτως
2315 1801 2553 1865 ἀναστὰς
2603 1801 2815 1874 ἐξῆλθε,
2866 1803 3326 1873 προπεμπόμενος
3367 1803 3506 1873 μετὰ
3548 1803 3691 1873 ἁγά-

2031 1882 2072 1936 B
2101 1910 2229 1963 πης,

2173 1983 2238 2054 β’.
2271 1983 2576 2055 Διηγήσατό
2619 2001 2704 2048 τις
2749 1983 2876 2055 περί
2914 2001 3059 2046 τινος
3084 1982 3313 2053 ἀδελφοῦ
3353 1986 3688 2056 ἐμπεσόντος

2099 2077 2179 2140 είς
2207 2076 2502 2146 ἁμαρτίαν,
2523 2076 2605 2128 ὅτι
2628 2074 2993 2146 παραϐάλλων
3017 2075 3094 2147 τῷ
3120 2076 3262 2147 ἀϐϐᾷ
3281 2076 3424 2139 Λὼτ,
3451 2078 3689 2150 ἐταράσ-

2100 2182 2223 2218 σετο
2272 2165 2652 2236 εἰσερχόμενος
2697 2165 2791 2218 καὶ
2840 2165 3216 2236 ἐξερχόμενος,
3271 2167 3345 2236 μὴ
3388 2166 3688 2237 δυνάμενος

2100 2257 2336 2312 καθίσαι.
2391 2259 2501 2312 Καὶ
2558 2257 2707 2326 λέγει
2736 2257 2882 2329 αὐτῷ
2930 2260 2958 2310 6
3004 2257 3178 2322 ἀϐϐἄς
3223 2257 3367 2310 Λώτ·
3409 2260 3474 2312 Τί
3515 2259 3684 2331 ἔχεις,

2095 2349 2318 2417 άδελφέ;
2349 2349 2407 2402 Ὀ
2425 2349 2479 2401 δὲ
2505 2345 2676 2402 εἶπενο
2716 2347 3014 2420 Ἀμαρτίαν
3043 2348 3282 2420 μεγάλην
3303 2349 3555 2420 ἐποίησα,
3585 2351 3687 2407 καὶ

2095 2442 2155 2495 οὐ
2185 2440 2416 2510 δύναμαι
2464 2439 2698 2505 ἐξειπεῖν
2751 2443 2862 2504 τοῖς
2908 2441 3173 2512 ΙΙατράσι.
3213 2440 3374 2510 Λέγει
3417 2445 3445 2495 6
3475 2443 3682 2513 γέρων*

2107 2531 2467 2602 Ὀμολόγησόν
2501 2548 2588 2601 μοι
2629 2528 2819 2601 αὐτὴν,
2851 2528 3008 2598 κάγὼ
3045 2530 3298 2602 βαστάζω
3323 2532 3511 2602 αὐτήν.
3545 2531 3681 2586 Τότε

2095 2619 2246 2676 εἶπεν
2269 2623 2436 2695 αὐτῷ·
2464 2625 2558 2688 Εἰς
2589 2623 2846 2695 πορνείαν
2879 2623 3093 2686 ἔπεσον,
3124 2624 3217 2677 καὶ¹
3250 2623 3417 2676 ἔθυσα
3453 2623 3546 2677 τοῦ
3583 2643 3681 2678 cu-

2095 2717 2208 2786 χεῖν
2237 2715 2331 2768 τοῦ
2359 2716 2703 2787 πράγματος.
2733 2715 2844 2769 Καὶ
2881 2715 3031 2784 λέγει
3062 2715 3208 2786 αὑτῷ
3246 2717 3274 2768 6
3302 2715 3499 2787 γέρων·
3536 2717 3684 2789 Θάρ-

2096 2825 2179 2861 σει
2205 2810 2286 2862 ὅτι
2313 2808 2426 2862 ἔστι
2451 2810 2727 2879 μετάνοιαο
2759 2806 2961 2877 ὕπαγε,
2995 2807 3164 2861 κάθου
3197 2810 3278 2872 εἰς
3301 2807 3364 2861 τὸ
3395 2807 3680 2878 σπήλαιον,

2095 2897 2188 2950 καὶ
2236 2899 2527 2968 νήστευσον
2566 2897 2657 2950 δύο
2696 2897 2810 2965 δύο⁹
2841 2896 2997 2966 κάγὼ
3031 2896 3284 2968 βαστάζω
3315 2897 3452 2968 μετὰ
3481 2896 3578 2951 σοῦ
3616 2898 3686 2951 τὸ

2092 2989 2262 3060 ἥμισυ
2303 2989 2402 3060 τῆς
2429 2989 2724 3061 ἁμαρτίας.
2763 2989 3160 3061 Πληρωθεισῶν
3209 2985 3301 3044 οὖν
3353 2989 3462 3042 τῶν
3509 2989 3680 3062 τριῶν

2095 3079 2421 3150 ἑϐδομάδων,
2482 3079 2904 3152 ὲπληροφορήθη
2961 3083 2989 3135 6
3037 3081 3213 3151 γέρων
3265 3081 3346 3134 ὅτι
3391 3080 3608 3145 ἐδέξατο
3651 3081 3686 3134 6

418 3160 509 3214 llle
559 3166 928 3230 perseveravit
979 3167 1033 3221 in
1079 3169 1449 3226 submissione
1500 3175 1649 3230 senis
1701 3189 1875 3246 usque
1925 3177 1990 3231 ad

2105 3171 2228 3234 θεὸς
2253 3171 2352 3242 τὴν
2387 3173 2673 3243 μετάνοιαν
2715 3171 2810 3224 τοῦ
2849 3171 3100 3241 ἀδελφοῦ.
3137 3173 3249 3226 Καὶ
3288 3172 3504 3243 ἔμεινεν
3550 3173 3687 3226 ὐπο-

417 3259 668 3308 mortem.

907 3370 985 3427 De
1023 3373 1215 3429 abbate
1249 3374 1510 3448 Longino.

491 3479 543 3532 l.
589 3479 701 3551 (76)
742 3481 1105 3556 Interrogavit
1155 3489 1452 3560 aliquando
1502 3491 1672 3548 abbas
1721 3493 2002 3567 Longinus

418 3568 668 3624 abbatem
709 3570 938 3627 Lucium
993 3575 1060 3630 de
1097 3577 1273 3634 tribus
1320 3583 1767 3651 cogitationibus,
1807 3587 1995 3643 aiens:

421 3656 558 3713 Volo
598 3663 957 3732 peregrinari.
997 3665 1138 3721 Dicit
1173 3670 1221 3723 ei
1252 3685 1417 3725 senex
1457 3690 1470 3726 :
1509 3670 1626 3728 Nisi
1663 3676 2000 3734 continueris

419 3754 658 3823 linguam
717 3763 897 3818 tuam,
955 3773 1064 3813 non
1111 3761 1223 3816 eris
1278 3763 1632 3832 peregrinus,
1675 3782 2001 3838 quocunque

418 3845 646 3899 abieris.
677 3844 867 3916 Itaque
895 3849 983 3904 hic
1013 3841 1236 3906 contine
1279 3853 1552 3924 linguam,
1597 3867 1651 3912 et
1683 3860 2001 3929 peregrinus

417 3951 498 3989 es.
536 3936 624 3988 Ait
661 3937 856 3994 iterum
903 3939 1186 4012 Longinus
1220 3962 1231 3998 :
1268 3943 1400 3999 Volo
1440 3946 1711 4016 jejunare.
1754 3949 2002 4022 Respon-

419 4023 500 4079 dit
549 4043 717 4084 senex
750 4047 764 4084 :
795 4028 1009 4086 Dictum
1058 4032 1210 4088 Isaia:
1237 4037 1519 4106 propheta:
1555 4049 1681 4095 est:
1727 4040 1787 4096 Si
1825 4043 1993 4096 incur-

420 4120 617 4172 vaveris
647 4123 801 4189 quasi
826 4132 1064 4194 torquent
1093 4134 1142 4180 et
1182 4128 1441 4182 circulum
1482 4131 1677 4186 collum
1711 4143 1878 4200 tuum,
1912 4152 2003 4190 nec

418 4209 496 4260 sic
556 4211 828 4265 rocubitur
875 4215 1141 4283 jejunium
1200 4231 1471 4289 acceptant
1522 4222 1586 4276 ”.
1663 4224 1769 4280 Sed
1821 4229 2003 4296 potius

421 4314 614 4353 coerce
641 4317 836 4370 pravas
865 4308 1250 4375 cogitationes.
1292 4314 1383 4366 Ait
1415 4317 1577 4371 tertio
1606 4335 1620 4371 :
1656 4315 1790 4374 Volo
1821 4319 2004 4390 fugere

421 4391 693 4446 homines.
733 4393 909 4448 Senex
964 4413 1288 4467 responsum
1333 4405 1569 4461 reddidit
1612 4423 1628 4462 :
1677 4409 1790 4466 Nisi
1849 4414 2002 4481 prius

419 4498 542 4534 cum
606 4481 919 4540 hominibus
971 4497 1118 4543 recte
1169 4491 1391 4556 vixeris.
1452 4512 1559 4550 non
1587 4507 1741 4567 potes
1796 4503 1847 4556 in
1891 4507 2001 4559 vita

420 4575 662 4628 solitaria
693 4575 829 4630 bene
862 4593 1042 4649 agere.

489 4666 545 4720 ‘2.
586 4665 794 4722 Monuit
845 4669 1013 4726 abbas
1061 4669 1384 4744 Longinus:
1419 4675 1599 4733 Semel
1635 4683 1828 4738 morbo
1870 4686 2002 4743 atie-

417 4767 560 4821 rtus,
589 4760 678 4813 dic
706 4775 718 4811 :
754 4761 819 4814 Et
854 4761 1070 4828 vexare,
1093 4775 1146 4821 et
1176 4781 1390 4823 morere
1417 4789 1430 4838 ;
1461 4771 1609 4841 quod
1648 4774 1747 4830 sia
1779 4791 1865 4832 me
1899 4795 1996 4848 pe-

417 4849 572 4904 tieris
606 4858 764 4904 extra
808 4861 1024 4924 tempus
1069 4856 1427 4924 manducare,
1470 4876 1647 4932 neque
1684 4863 1783 4919 tibi
1815 4867 1998 4936 quoti-

413 4937 639 4994 dianam
666 4941 982 4997 alimentum
1011 4947 1283 5015 praebebo.

486 5031 539 5087 3.
586 5031 778 5089 Mulier
821 5037 1091 5105 quaadam,
1141 5055 1264 5108 qua:
1330 5041 1386 5096 in
1452 5059 1688 5099 mamma
1741 5049 1993 5104 morbum

415 5122 652 5192 gerebat.
685 5124 777 5192 qui
805 5140 1003 5180 cancer
1026 5130 1351 5197 appellatur,
1380 5149 1506 5188 cum
1532 5135 1598 5190 de
1617 5137 1812 5192 abbate
1854 5138 1996 5195 Lon-

415 5215 540 5279 gino
574 5216 712 5269 fama
746 5221 1066 5288 accepisset,
1097 5225 1374 5292 quaerebat
1404 5234 1462 5280 ut
1489 5227 1538 5283 ei
1565 5228 1781 5285 obviam
1819 5234 1989 5288 licret.

419 5303 651 5358 Sculebat
685 5316 865 5361 autem
909 5310 1001 5366 ille
1043 5313 1108 5366 ad
1154 5330 1361 5368 nonum
1397 5317 1466 5371 ab
1496 5318 1823 5374 Alexandria
1859 5323 1992 5392 lapi-

2101 3263 2432 3333 τασσόμενος
2461 3261 2540 3332 τῷ
2575 3262 2790 3334 γέροντι
2815 3261 2921 3327 ἕως
2951 3263 3046 3316 τοῦ
3069 3262 3298 3316 θανάτου
3330 3261 3517 3317 αὑτοῦ.

2485 3397 2625 3466 Περὶ
2651 3397 2760 3452 τοῦ
2789 3397 2942 3456 ἁϐϐᾶ
2970 3400 3287 3469 Λογγίνυυ.

2173 3517 2246 3564 α’.
2277 3509 2340 3563 ‘H
2347 3508 2588 3582 ρώτησεν
2610 3514 2638 3565 6
2658 3510 2832 3576 άϐϐἄς
2867 3512 3127 3580 Λογγῖνος
3143 3510 3232 3566 τὸν
3247 3510 3421 3565 άϐϐᾶν
3457 3511 3689 3566 Λούκιόν

2101 3618 2233 3655 ποτε
2265 3603 2408 3671 τρεῖς
2450 3601 2761 3673 λογισμοὺς,
2797 3602 2990 3671 λέγων·
3025 3602 3176 3656 Θέλω
3221 3601 3542 3666 ξενιτεῦσαι.
3587 3601 3692 3656 Λέ-

2102 3712 2189 3764 γει
2224 3696 2373 3766 αὺτῷ
2404 3699 2432 3750 6
2465 3697 2662 3768 γέρων⁶
2710 3697 2834 3750 Ἐάν
2882 3698 2956 3768 μὴ
3003 3699 3284 3768 κρατήσῃς
3309 3697 3410 3766 τῆς
3436 3695 3692 3767 γλώσσης

2104 3805 2221 3851 σου,
2260 3787 2361 3840 οὐκ
2409 3783 2457 3839 εἷ
2489 3785 2658 3850 ξένος,
2703 3788 2835 3840 ὅπου
2875 3786 2970 3840 ἐὰν
3011 3787 3274 3860 ἀπέλθῃς.
3318 3787 3428 3839 Καὶ
3458 3780 3562 3838 ὦδε
3596 3783 3694 3840 οὖν

2103 3880 2377 3952 κράτησον
2400 3880 2500 3950 τῆς
2521 3878 2775 3950 γλώσσης
2796 3896 2910 3945 σου,
2939 3879 3032 3932 καὶ
3067 3878 3215 3944 ξένος
3237 3873 3308 3932 εἷ.
3346 3878 3512 3946 Λέγει
3541 3877 3694 3948 αὐτῷ

2103 3971 2286 4024 πάλιν·
2323 3969 2473 4023 Θέλω
2509 3968 2822 4041 νηστεῦσαι,
2876 3969 3170 4041 Ἀπεκρίθη
3225 3971 3254 4023 6
3289 3970 3487 4040 γέρων·
3523 3965 3696 4022 Εἶπεν

2115 4064 2343 4126 Ἡσαΐας
2377 4063 2404 4114 6
2433 4062 2738 4134 προφήτης·
2777 4062 2917 4116 Ἐὰν
2959 4060 3208 4134 κάμψῃς
3232 4060 3314 4125 ὡς
3338 4059 3556 4113 κλοιὸν
3589 4059 3693 4112 καὶ

2104 4156 2312 4223 κρίκον
2347 4153 2454 4207 τὸν
2481 4152 2788 4222 τράχηλόν
2815 4167 2955 4217 σου,
2993 4151 3136 4205 οὐδὲ
3169 4151 3358 4217 οὕτως
3383 4148 3695 4218 κληθήσε-

2103 4259 2199 4296 ται
2229 4243 2478 4309 νηστεία
2501 4241 2704 4308 δεκτή·
2739 4240 2876 4294 ἀλλὰ
2916 4241 3117 4310 μᾶλλον
3155 4239 3430 4310 κράτησον
3463 4237 3572 4291 τῶν
3602 4255 3698 4293 πο-

2105 4352 2167 4406 νη
2178 4334 2283 4405 ρῶν
2311 4334 2604 4404 λογισμῶν.
2644 4334 2808 4401 Λέγει
2837 4331 2984 4403 αὐτῷ
3010 4332 3070 4385 τὸ
3092 4332 3290 4403 τρίτονο
3323 4331 3474 4384 Θέλω
3500 4333 3698 4400 φυγεῖν

2103 4429 2227 4490 τοὺς
2261 4426 2601 4497 ἀνθρώπους.
2645 4426 2943 4499 Ἀπεκρίθη
2974 4429 3002 4479 6
3031 4427 3228 4497 γέρων·
3271 4424 3398 4480 Ἐὰν
3437 4426 3513 4496 μὴ
3539 4425 3699 4498 πρῶ-

2104 4536 2196 4573 τον
2225 4517 2578 4591 κατορθώσῃς
2611 4518 2751 4588 μετά
2783 4519 2892 4572 τῶν
2920 4517 3245 4590 ἀνθρώπων,
3283 4516 3410 4570 οὐδὲ
3445 4518 3696 4588 καταμό-

2107 4622 2202 4668 νας
2250 4605 2474 4658 δύνασαι
2508 4605 2869 4677 κατορθῶσαι.

2177 4691 2242 4762 β’.
2273 4689 2434 4746 Εἶπεν
2462 4696 2490 4747 6
2519 4693 2693 4758 ὰϐϐᾶς
2724 4697 3005 4764 Λογγῖνος·
3041 4694 3223 4759 Ἀπαξ
3246 4694 3519 4760 κακωθεὶς
3541 4696 3697 4766 λέγε,

2104 4783 2214 4835 Καὶ
2239 4782 2541 4853 κακώθητι,
2588 4785 2681 4837 καὶ
2723 4784 3010 4839 άπόθανον·
3044 4784 3139 4838 ἐὰν
3165 4784 3222 4838 δὲ
3255 4786 3567 4859 άπαιτήσῃς
3626 4807 3696 4858 με

2104 4873 2256 4944 παρὰ
2289 4875 2482 4945 καιρὸν
2515 4877 2730 4943 φαγεῖν,
2771 4875 2889 4929 οὐδὲ
2931 4876 3029 4946 τὴν
3055 4875 3428 4949 καθημερινὴν
3456 4893 3539 4930 σοι
3573 4897 3700 4950 τρο-

2102 4965 2210 5034 φὴν
2240 4967 2561 5038 προσφέρω,
2703 4997 2707 5002 ~

2171 5062 2240 5124 γ’.
2273 5057 2414 5131 Γυνή
2450 5077 2533 5123 τις
2553 5059 2750 5131 ἔχουσα
2779 5059 2948 5125 πάθος
2968 5063 3112 5118 κατὰ
3134 5063 3230 5117 τοῦ
3259 5061 3472 5134 μασθοῦ
3500 5062 3696 5133 αὐτῆς,

2099 5147 2161 5200 τὸ
2181 5146 2469 5220 λεγόμενον
2491 5153 2770 5226 καρκίνον,
2785 5153 3066 5208 ἀκούσασα
3104 5172 3167 5208 πε
3179 5156 3230 5226 pi.
3263 5156 3354 5208 τοῦ
3383 5155 3528 5208 ἀϐϐᾶ
3546 5159 3700 5225 Λογ-

2100 5239 2274 5307 γίνου,
2305 5241 2537 5313 ἐζήτησε
2580 5248 2863 5314 συντυχεῖν
2897 5246 3064 5315 αὐτῷ.
3124 5245 3390 5314 Ἐκάθητο
3413 5242 3508 5300 οὖν
3536 5242 3705 5315 οὗτος

2100 5331 2157 5382 ὲν
2188 5331 2267 5401 τῷ
2304 5333 2478 5402 ἐνάτῳ
2507 5335 2717 5405 σημείῳ
2761 5333 3166 5407 Ἀλεξανδρείας
3197 5337 3255 5390 ³⁸.
3297 5335 3702 5408 Ἐπιζητούσης

412 5394 558 5450 dem.
611 5400 925 5465 luquIreule
967 5417 1098 5474 ergo
1138 5406 1387 5469 muliere,
1440 5410 1643 5464 accidit
1690 5421 1746 5464 ut
1797 5413 1988 5468 beatus

2105 5423 2152 5476 δὲ
2175 5394 2274 5494 τῆς
2303 5394 2593 5492 γυναικὸς,
2613 5394 2813 5498 συνέϐη
2843 5394 2933 5481 τὸν
2970 5394 3238 5500 μακάριον
3265 5394 3488 5482 ἐκεῖνον⁸
3507 5394 3700 5480 συλλέο

413 5487 506 5544 ille
553 5492 615 5544 ad
651 5507 801 5548 mare
836 5496 977 5566 ligna
1011 5498 1308 5569 colligeret.
1354 5502 1522 5576 Quem
1563 5505 1863 5573 inventum,
1913 5509 1985 5562 ita

2105 5531 2211 5582 γειν
2257 5515 2387 5580 ξύλα
2439 5517 2588 5588 παρὰ
2625 5517 2719 5588 την
2765 5518 3064 5576 θάλασσαν.
3103 5525 3214 5579 Καὶ
3242 5520 3476 5593 εὑροῦσα
3504 5517 3675 5572 αὑτὸν

486 5643 526 5673 ⁸⁷
559 5645 662 5700 ιοιι.
689 5661 842 5712 LVIII,
878 5649 928 5703 5.
1010 5653 1052 5683 ¹¹¹
1075 5653 1158 5709 Al.
1188 5657 1421 5727 πέμψον.
1507 5662 1547 5692 ¹⁹
1589 5661 1673 5718 Al.
1709 5663 1834 5719 add.
1867 5663 1944 5736 τῷ
1976 5685 1996 5716 τ

2105 5712 2107 5722 .
2143 5668 2374 5740 δυσμάς.

487 5820 596 5896 (⁸76)
643 5823 744 5878 γη.
787 5823 941 5882 I’atr.
986 5845 1035 5894 κ,
1068 5829 1152 5884 55.
