3994 6336
235 297 338 352 957

1374 293 1983 356 APOPHTHEGMATA
2021 293 2330 352 PATRUM.

3368 305 3473 358 ΥΒ

235 415 370 481 λέγει
406 412 575 484 αὐτῷ’
616 412 805 477 Ἀϐϐᾶ,
850 413 953 468 ποῦ
990 415 1141 486 μένει
1189 417 1215 468 6
1264 415 1437 480 ἀϐϐᾶς
1490 417 1794 486 Λογγῖνος(

1919 411 2287 480 compellavit,
2315 411 2566 464 nesciens
2589 410 2762 478 ipsum
2787 427 2908 467 esse
2935 412 3140 478 :Abba,
3169 413 3260 469 ubi
3295 423 3475 471 manet

232 503 403 567 δοῦλος
424 503 520 556 τοῦ
550 503 682 557 Θεοῦ
711 524 726 569 ς
749 504 823 576 μὴ
849 505 1021 559 είδυῖα
1040 507 1119 559 ὅτι
1149 507 1310 570 αὑτός
1341 508 1508 560 ἐστιν.
1544 507 1601 559 '0
1628 506 1684 559 δέ
1705 524 1807 577 φη-

235 609 298 647 σι·
334 593 402 646 Τί
436 594 611 657 θέλεις
635 595 727 648 τὸν
749 595 1003 666 ἐπιθέτην
1029 599 1266 661 ὲκεῖνον;
1298 598 1370 670 μὴ
1405 598 1644 671 ἀπέλθῃς
1670 597 1807 668 πρὸς

233 683 403 736 αὐτόν·
439 682 707 754 έπιθέτης
735 684 843 754 γάρ
865 686 1002 738 ἐστι.
1033 686 1099 736 Τί
1126 686 1183 739 δέ
1217 689 1362 740 ἐστιν
1389 686 1417 739 ὃ
1449 687 1626 758 έχειςς
1661 688 1727 739 Ἦ
1746 687 1805 740 δὲ

239 774 358 842 γυνὴ
409 770 576 838 ἔδειξε
623 775 683 826 τὸ
734 775 922 839 πάθος.
969 777 1024 829 '0
1057 777 1114 830 δὲ
1162 779 1467 848 σφραγίσας
1503 778 1594 832 τὸν
1617 779 1799 842 τόπον,

232 863 493 916 ἀπέλυσεν
537 863 728 934 αὐτὴν,
761 865 949 917 εἰπών’
1003 867 1258 930 Ἀπελθε,
1287 869 1380 921 καὶ
1406 871 1434 922 6
1465 869 1596 932 Θεός
1623 886 1681 921 σε
1714 868 1803 922 θε-

231 954 470 1025 ραπεύει·
519 956 782 1023 Λογγῖνος
831 956 941 1027 γὰρ
978 958 1129 1011 οὐδέν
1159 977 1216 1011 σε
1246 959 1468 1013 δύναται
1498 961 1798 1030 ὠφελῆσαι.

241 1043 468 1113 Ἀπῆλθε
490 1044 547 1097 δὲ
577 1047 610 1115 ὴ
648 1046 784 1118 γυνὴ
809 1047 1142 1101 πιστεύσασα
1182 1050 1260 1120 τῷ
1290 1051 1451 1120 λόγῳ,
1488 1053 1580 1103 καὶ
1609 1051 1801 1122 ἐθερα-

229 1135 395 1207 πεύθη
433 1137 792 1208 παραχρῆμα.
825 1139 977 1192 Μετὰ
1002 1140 1170 1192 ταῦτα
1205 1140 1578 1214 διηγησαμένη
1599 1145 1709 1196 τισὶ
1737 1143 1798 1196 τὸ

229 1231 477 1298 πρᾶγμα,
507 1230 600 1282 καὶ
627 1230 696 1282 τὰ
727 1233 924 1300 σημεῖα
953 1233 1182 1286 εἰποῦσα
1222 1233 1316 1286 τοῦ
1362 1235 1632 1306 γέροντος,
1666 1252 1800 1306 μαν-

228 1318 372 1371 θάνει
399 1319 480 1370 ὅτι
514 1319 676 1383 αὐτός
692 1321 838 1374 ἐστιν
863 1323 890 1374 6
918 1320 1092 1385 ἀϐϐᾶς
1115 1324 1394 1391 Λογγῖνος.

289 1409 352 1464 δ’.
385 1409 608 1463 ’Δλλοτε
639 1411 798 1464 πάλιν
834 1412 1088 1483 φέρουσιν
1122 1414 1271 1484 αὐτῷ
1306 1432 1451 1478 τινες
1476 1415 1796 1486 δαιμονιῶνο

226 1490 306 1552 τα.
348 1500 408 1552 Ὁ
433 1499 490 1552 δέ
521 1517 685 1570 φησιν
711 1500 848 1571 πρὸς
903 1502 1116 1565 αὐτούς·
1167 1503 1307 1570 Ἐγώ
1334 1523 1388 1558 τι
1414 1505 1636 1575 ποιῆσαι
1665 1505 1795 1574 ὑμῖν

225 1593 316 1644 οὐκ
351 1591 480 1661 ἔχω’
506 1590 643 1644 ἀλλὰ
671 1591 870 1661 μᾶλλον
899 1593 1162 1646 ἀπέλθετε
1191 1595 1328 1665 πρὸς
1354 1594 1447 1648 τὸν
1489 1596 1660 1649 ἀϐϐἄν
1685 1596 1793 1668 Ζή-

224 1700 383 1735 νωνα.
412 1675 541 1735 Εἶτα
562 1683 592 1734 6
623 1678 795 1746 άϐϐἄς
822 1685 1004 1753 Ζήνων
1022 1683 1222 1755 ἤρξατο
1248 1686 1552 1740 ἐπικεῖσθαι
1576 1687 1652 1757 τῷ
1679 1688 1795 1741 δαί-

1910 501 2078 554 abbas
2109 500 2388 570 Longinus
2429 515 2621 554 servus
2654 500 2794 555 Dei?
2821 500 3121 573 Respondit
3150 519 3164 555 ε
3197 503 3334 570 Quid
3371 518 3474 560 cu-

1907 590 1993 658 pis
2022 591 2089 644 ab
2125 591 2425 660 impostore
2454 588 2584 641 illo?
2617 587 2734 642 Noli
2769 591 2832 644 ad
2874 607 2996 646 eum
3024 593 3330 662 proﬁcisci;
3373 594 3476 650 de-

1905 691 2094 751 ceptor
2136 683 2280 736 enim
2323 691 2427 735 est.
2476 680 2616 746 Quid
2659 697 2787 735 vero
2835 692 2917 735 est
2961 685 3104 752 quod
3154 686 3364 742 habes?
3406 690 3476 745 At

1905 773 2102 826 mulier
2146 771 2395 825 morbum
2443 771 2706 826 ostendit.
2747 771 2836 826 Ille
2885 773 3040 842 signo
3083 777 3264 830 crucis
3309 793 3474 847 super

1905 863 2085 916 locum
2139 862 2314 916 morbi
2358 862 2523 924 facto,
2563 863 2768 916 dimisit
2801 878 2919 916 eam
2959 880 3080 916 cum
3130 865 3215 920 his
3246 871 3424 924 verbis
3458 888 3470 924 :

1899 953 2026 1016 Abi,
2064 952 2206 1007 Deus
2233 961 2286 1006 te
2317 953 2573 1007 sanabit:
2614 953 2894 1024 Longinus
2943 955 3149 1024 quippe
3201 958 3332 1010 nihil
3376 975 3474 1028 po-

1903 1053 2007 1099 test
2053 1045 2314 1114 prodesse
2366 1046 2484 1098 tibi.
2528 1046 2789 1102 Discessit
2818 1048 3031 1112 mulier,
3078 1053 3313 1104 sermoni
3354 1067 3476 1108 cre-

1899 1135 2075 1202 dens;
2117 1135 2517 1206 confestimque
2551 1146 2741 1191 curata
2789 1147 2893 1192 est.
2944 1138 3140 1195 Postea
3190 1156 3312 1194 cum
3362 1159 3476 1198 rem

1898 1227 2224 1296 quibusdam
2270 1236 2571 1293 narrasset,
2601 1242 2664 1282 ac
2694 1231 3008 1297 protulisset
3055 1231 3205 1285 senis
3249 1233 3471 1299 indicia,

1897 1317 2088 1371 didicit
2111 1318 2290 1384 ipsum
2327 1317 2497 1373 fuisse
2535 1319 2781 1373 abbatem
2818 1319 3149 1390 Longinum.

1971 1408 2023 1460 4.
2065 1409 2186 1461 Alio
2222 1410 2418 1463 iterum
2466 1421 2706 1480 tempore
2751 1412 2971 1480 quidam
3030 1411 3375 1467 adduxerunt
3422 1415 3473 1469 ci

1896 1496 2314 1552 dminoniacum.
2358 1498 2449 1554 Ille
2487 1516 2614 1554 vero
2645 1501 2719 1554 ait
2761 1501 2825 1554 ad
2858 1517 2952 1556 eos
2984 1521 2997 1555 :
3045 1503 3158 1572 Ego
3188 1505 3343 1559 vobis
3380 1523 3473 1559 ne-

1895 1605 2037 1658 queo
2056 1589 2350 1660 quidquam
2380 1591 2557 1647 facere
2580 1611 2594 1659 ;
2616 1595 2709 1647 sed
2737 1595 2879 1648 abite
2902 1594 3082 1662 potius
3114 1597 3178 1649 ad
3214 1597 3468 1652 abbatem

1898 1679 2195 1735 Zenonem.
2232 1682 2421 1736 Postea
2451 1683 2618 1738 abbas
2638 1682 2784 1738 Zeno
2819 1686 2980 1754 carpit
3009 1686 3215 1741 instare
3243 1688 3470 1743 daemonii

227 1790 337 1841 μονι
375 1773 650 1826 ἐκδιώκων
683 1750 1020 1828 αὐτόνίΚαὶ
1045 1750 1258 1847 ἧρξατο
1315 1777 1443 1848 βοᾷν
1498 1781 1526 1831 6
1562 1750 1789 1849 δαίμωνι

1905 1781 1964 1826 ut
1989 1787 2113 1827 eum
2143 1775 2457 1842 expelleret.
2486 1774 2703 1830 Daemon
2733 1785 2913 1832 autem
2951 1778 3152 1848 incepit
3189 1781 3426 1836 clamare
3453 1801 3466 1837 :

227 1865 379 1934 Ἀρτι
405 1864 664 1933 νομίζεις,
710 1865 856 1919 άϐϐἆ
897 1868 1103 1938 Ζήνων,
1127 1868 1209 1920 ὅτι
1261 1868 1350 1922 διὰ
1382 1869 1439 1922 σὲ
1472 1869 1784 1941 ἐξέρχομαι·

227 1953 329 2006 ἰδοὺ
359 1956 390 2007 6
422 1953 595 2016 esea;
623 1955 882 2023 Λογγῖνος
915 1956 1031 2008 ἐκεῖ
1077 1956 1453 2026 προσεύχεται,
1497 1959 1616 2011 κατ’
1657 1959 1790 2030 ἐμοῦ

223 2045 577 2114 ἐντυγχάνων·
615 2045 708 2098 καὶ
744 2030 1075 2116 φοϐούμενος
1101 2047 1200 2110 τὰς
1233 2047 1417 2118 εὐχὰς⁸
1440 2049 1602 2102 αὐτοῦ
1639 2050 1781 2120 ἐξέρ-

224 2153 404 2206 χομαι,
428 2137 549 2189 ἐπεὶ
571 2137 669 2190 οὐκ
691 2137 888 2191 ἐδίδουν
921 2155 1000 2191 σοι
1030 2139 1336 2210 ἀπόκρισιν.

287 2233 347 2280 ε’.
372 2222 542 2279 Εἶπεν
562 2229 591 2280 6
624 2226 798 2289 ἀϐϐᾶς
828 2229 1091 2296 Λογγῖνος
1136 2229 1213 2299 τῷ
1240 2229 1382 2300 άϐϐᾷ
1427 2231 1685 2302 Ἀκακίῳ·
1725 2233 1787 2286 Ἦ

223 2319 351 2389 γυνὴ
383 2319 505 2371 τότε
538 2316 794 2386 γινώσκει
815 2318 896 2371 ὅτι
927 2319 1239 2386 συνέλαϐεν,
1274 2323 1399 2375 ὅταν
1421 2321 1586 2392 σταλῇ
1620 2323 1679 2376 τὸ
1708 2318 1788 2376 αἷδ

227 2426 294 2479 μα
319 2410 510 2479 αὐτῆς.
535 2408 723 2473 Οὕτως
752 2405 846 2464 οὖν
877 2412 970 2465 καὶ
1004 2412 1036 2482 ἡ
1064 2412 1232 2483 ψυχὴ,
1255 2413 1374 2467 τότε
1400 2416 1660 2483 γινώσκει
1709 2418 1786 2471 ὄτι

225 2501 478 2554 συνέλαϐε
522 2501 746 2572 Πνεῦμα
779 2501 954 2570 ἅγιον,
987 2505 1113 2556 ὅταν
1161 2504 1326 2574 σταλῇ
1364 2507 1432 2560 τὰ
1471 2509 1661 2577 ῥέοντα
1693 2507 1788 2560 ἀπ’

224 2593 384 2663 αὐτῆς
404 2591 648 2646 κάτωθεν
675 2594 840 2665 πάθη.
877 2593 966 2648 Ἐν
993 2596 1104 2667 ὅσῳ
1133 2595 1190 2648 δὲ
1218 2597 1459 2668 ἐνέχεται
1491 2599 1548 2652 ἐν
1581 2599 1784 2663 αὐτοῖς,

225 2683 336 2747 πῶς
366 2682 592 2738 δύναται
635 2686 929 2751 κενοδοξεῖν
967 2687 1043 2752 ὡς
1070 2687 1320 2760 άπαθής;
1360 2689 1458 2754 Δὸς
1480 2685 1641 2761 αἷμα,
1697 2693 1792 2747 καὶ

224 2773 345 2827 λάϐε
377 2776 616 2845 πνεῦμα.

661 3000 722 3051 Ἀ
733 2999 831 3070 ρχὴ
860 2998 956 3053 τοῦ
979 3001 1035 3054 Μ
1061 3001 1347 3072 στοιχείου.

362 3112 502 3181 Περὶ
531 3113 635 3166 τοῦ
666 3111 816 3168 ἀϐϐᾶ
838 3115 1150 3184 Μακαρίου
1176 3116 1284 3170 τοῦ
1305 3117 1648 3186 Αἰγυπτίου.
1735 3100 1744 3108 ⁸

291 3224 360 3279 α’.
398 3227 709 3296 Διηγήσατο
736 3226 862 3297 περὶ
892 3226 1084 3281 ἐαυτοῦ
1108 3229 1136 3281 6
1167 3227 1343 3292 ἀϐϐἄς
1370 3230 1674 3300 Μακάριος,
1704 3229 1792 3283 λέ-

227 3335 351 3385 γων·
390 3318 522 3371 Ὅτε
543 3318 691 3389 ήμην
721 3317 982 3390 νεώτερος
1027 3321 1120 3372 καὶ
1167 3319 1448 3392 ἐκαθήμην
1477 3323 1556 3385 είς
1587 3321 1794 3374 κελλίον

226 3411 302 3473 εἰς
319 3409 616 3478 Αἰγυπτον,
646 3411 958 3482 ἐκράτησάν
987 3428 1054 3482 με
1102 3411 1194 3465 καὶ
1243 3412 1502 3483 ἐποίησαν
1536 3413 1794 3483 κληρικὸν

223 3502 301 3564 εἰς
321 3502 423 3572 τὴν
445 3499 659 3571 κώμην.
689 3502 797 3555 Καὶ
833 3503 908 3572 μὴ
943 3501 1110 3555 θέλων
1135 3502 1549 3568 καταδέξασθαι,
1595 3503 1794 3572 ἔφυγον

221 3593 298 3654 είς
311 3590 401 3643 Ere
410 3607 502 3662 ρον
520 3591 704 3645 τόπον.
721 3592 827 3644 Kal.
847 3586 978 3662 ἦλθε
1001 3592 1135 3662 πρὸς
1161 3592 1228 3662 μέ
1247 3591 1480 3662 εὐλαϐὴς
1509 3594 1792 3664 κοσμικὸς,

224 3680 314 3734 καὶ
344 3680 622 3752 ἐλάμϐανε
659 3682 721 3735 τὸ
754 3682 1068 3754 ἑργόχειρόν
1102 3700 1225 3753 μου,
1263 3683 1356 3737 καὶ
1392 3683 1631 3754 διηκόνει
1682 3703 1792 3755 μοι.

223 3773 428 3844 Συνέϐη
471 3773 528 3826 δὲ
559 3775 666 3827 άπὸ
705 3774 1010 3845 πειρασμοῦ
1047 3776 1098 3806 ’⁸
1128 3775 1395 3845 παρθένον
1423 3776 1547 3829 τινὰ
1578 3779 1656 3838 είς
1696 3775 1794 3847 τὴν

219 3865 412 3935 κώμην
441 3867 714 3920 ἐκπεσεῖν.
739 3867 847 3919 Καὶ
872 3865 1109 3920 λαϐοῦσα
1134 3866 1274 3919 κατὰ
1291 3867 1522 3936 γαστρὸς
1548 3868 1794 3936 ὴρωτᾶτο

217 3958 300 4020 τίς
325 3957 410 4028 εἴη
445 3959 473 4010 ὁ
493 3955 650 4010 τοῦτο
677 3956 1012 4028 πεποιηκώς.
1044 3958 1104 4009 'H
1134 3958 1191 4009 δὲ
1236 3957 1439 4026 ἔλεγεν·
1479 3959 1537 4011 Ὀ
1580 3958 1793 4027 ἀναχω-

221 4050 409 4119 ρητής.
431 4050 542 4101 Καὶ
569 4049 878 4115 ἐξελθόντες
896 4049 1182 4103 συνέλαϐον
1203 4067 1269 4120 με
1292 4051 1370 4110 είς
1401 4049 1497 4120 τὴν
1523 4051 1794 4120 κώμην²¹,

216 4139 309 4190 καὶ
335 4137 656 4208 ἐκρέμασαν
684 4139 742 4190 ἐν
766 4137 842 4208 τῷ
870 4139 1124 4211 τραχήλῳ
1156 4156 1257 4210 μου
1288 4140 1672 4210 ἠσϐολωμένας
1697 4141 1796 4210 χύ-

218 4245 350 4297 τρας
381 4231 478 4282 καὶ
507 4229 647 4283 ὠτία
679 4229 895 4298 κούφων
923 4231 1055 4300 (77),
1084 4233 1178 4284 καὶ
1218 4231 1703 4301 περιεπόμπευσάν
1729 4249 1796 4302 με

219 4322 358 4392 ἐντῇ
392 4320 556 4392 κώμῃ
601 4320 742 4374 κατὰ
777 4320 1016 4392 ἄμφοδον
1062 4321 1200 4390 (78),
1236 4321 1528 4385 τύπτοντές
1558 4338 1646 4391 με,
1701 4322 1798 4374 καὶ

1906 1859 2063 1915 Modo
2107 1870 2287 1930 putas,
2348 1864 2483 1917 abba
2533 1862 2701 1927 Zeno,
2741 1880 2824 1918 me
2887 1875 3107 1935 propter
3155 1876 3205 1922 te
3247 1870 3468 1938 egredi;

1903 1966 2031 2006 ecce
2061 1952 2229 2007 abbas
2255 1952 2535 2024 Longinus
2566 1956 2674 2008 illic
2709 1965 2852 2018 orat,
2881 1957 3142 2014 adversus
3183 1977 3267 2014 me
3303 1963 3472 2016 inter-

1905 2044 2115 2112 pellans
2146 2059 2158 2094 :
2185 2051 2239 2098 et
2261 2046 2468 2100 veritus
2509 2045 2655 2100 illius
2694 2061 2904 2115 preces,
2945 2049 3184 2105 excedo:
3211 2052 3346 2108 alias
3373 2053 3468 2110 tibi

1906 2151 2013 2189 non
2043 2135 2313 2192 dedissem
2349 2153 2696 2206 responsum.

1975 2224 2029 2279 5.
2070 2223 2216 2278 Dixit
2267 2227 2435 2282 abbas
2464 2225 2746 2297 Longinus
2775 2228 2952 2283 abbati
2995 2230 3194 2285 Acacio
3237 2251 3249 2285 :
3291 2232 3470 2288 Femi-

1903 2331 1970 2370 na
1995 2324 2123 2371 tunc
2151 2319 2432 2388 cognoscit
2456 2335 2514 2374 se
2554 2321 2897 2391 concepisse,
2931 2337 3053 2376 cum
3099 2325 3313 2377 steterit
3343 2340 3470 2379 san-

1909 2411 2032 2479 guis
2066 2411 2185 2479 ejus
2214 2411 2319 2464 :ita
2338 2427 2467 2482 ergo
2499 2420 2553 2466 et
2587 2413 2786 2477 anima,
2822 2421 2949 2466 tunc
2981 2413 3128 2467 novit
3156 2415 3299 2484 quod
3333 2431 3468 2470 corr-

1901 2502 2110 2570 ceperit
2134 2501 2398 2571 Spiritum
2431 2512 2708 2569 sanctum,
2749 2505 2970 2573 quando
2991 2512 3257 2560 steterunt
3281 2509 3373 2576 qui
3399 2509 3470 2562 ab

1900 2607 1964 2647 ea
1997 2592 2230 2648 inferius
2267 2594 2443 2648 ﬂuunt
2470 2595 2696 2650 allectus
2725 2597 2860 2664 (79).
2885 2595 3138 2662 Quandiu
3188 2607 3367 2652 autem
3397 2601 3469 2655 iis

1900 2683 2134 2737 obnoxia
2168 2692 2271 2746 est,
2308 2701 2413 2754 qua
2449 2688 2660 2741 ratione
2698 2697 2896 2756 potest,
2943 2689 3090 2743 velut
3128 2705 3296 2744 vacua
3344 2706 3467 2759 per-

1901 2773 2328 2835 turbationibus.
2363 2775 2488 2829 duci
2521 2791 2659 2830 vana
2697 2777 2910 2847 gloria?
2940 2777 3014 2831 Da
3042 2781 3384 2850 sanguinem,
3413 2791 3469 2836 et

1901 2866 2087 2935 accipe
2109 2866 2384 2936 spiritum.

2359 2993 2694 3064 Principium
2726 2996 2918 3052 littera:
2943 2987 3012 3055 Μ.

2251 3110 2324 3165 De
2353 3111 2540 3166 abbate
2571 3111 2810 3165 Macario
2841 3112 3111 3186 Egyptio.

1968 3225 2017 3279 1.
2057 3223 2168 3295 (80)
2216 3223 2469 3278 Narravit
2497 3224 2598 3280 'de
2644 3227 2826 3294 seipso
2868 3227 3038 3282 abbas
3073 3225 3365 3293 Macarius,
3398 3229 3464 3282 ad

1896 3317 2040 3371 hunc
2077 3317 2299 3370 modum
2337 3335 2350 3371 :
2392 3313 2622 3382 Quando
2657 3334 2804 3374 erant
2851 3319 3088 3388 juvenis,
3142 3327 3196 3374 et
3234 3320 3286 3374 in
3331 3321 3466 3376 cella

1894 3408 2199 3463 residebam
2230 3409 2284 3461 in
2311 3407 2569 3478 x‘Egypto.
2600 3409 3078 3478 apprehenderunt
3107 3425 3190 3464 me
3223 3425 3286 3464 ac
3315 3410 3460 3465 fece-

1897 3508 2023 3553 runt
2072 3499 2330 3553 clericum
2379 3501 2429 3552 iu
2482 3499 2619 3554 vico.
2676 3498 2780 3553 Sed
2833 3501 3024 3555 nolens
3079 3501 3464 3569 acquiescere,

1897 3591 2005 3661 fugi
2035 3591 2098 3644 ad
2133 3592 2298 3644 alium
2345 3592 2546 3645 locum.
2589 3589 2750 3646 Venit
2793 3592 2858 3645 ad
2914 3607 3001 3646 me
3044 3594 3326 3648 saecularis
3382 3593 3467 3647 vir

1896 3683 2040 3751 pius,
2069 3682 2160 3752 qui
2186 3682 2489 3750 accipiebat
2510 3681 2656 3751 quod
2689 3683 2940 3736 manibus
2965 3682 3251 3750 operabar,
3283 3691 3336 3738 et
3363 3683 3464 3736 mi-

1898 3776 2174 3830 nistrabat
2204 3775 2358 3828 mihi.
2389 3774 2627 3844 Contigit
2661 3782 2837 3828 autem
2872 3791 2968 3844 per
3000 3776 3372 3839 tentationem,
3406 3785 3465 3830 ut

1896 3869 2142 3938 quadam
2171 3870 2322 3939 virgo
2342 3868 2446 3922 vici
2477 3856 2726 3936 prolapsa
2757 3867 2828 3921 sit
2857 3868 2910 3920 in
2942 3875 3210 3936 stuprum.
3244 3867 3312 3918 Ea
3337 3882 3463 3921 cum

1899 3972 2110 4016 uterum
2165 3971 2397 4032 gereret,
2429 3959 2867 4026 interrogabatur
2911 3960 3035 4026 quis
3081 3965 3224 4012 esset
3275 3970 3465 4012 auctor

1893 4049 2164 4104 criminis.
2224 4048 2524 4118 Respondit
2579 4049 2796 4115 itaque,
2866 4048 3249 4101 anaclroretam
3320 4062 3462 4104 esse.

1898 4139 2052 4194 Unde
2075 4141 2308 4210 egressi,
2341 4138 2866 4207 comprehenderunt
2893 4152 2979 4190 me
3013 4136 3467 4206 adduxerantque

1897 4228 1963 4282 ad
2001 4229 2179 4281 vicum
2205 4246 2219 4289 ;
2250 4236 2415 4296 atque
2452 4226 2829 4296 appenderunt
2867 4226 3010 4280 collo
3057 4225 3278 4296 fuligine
3325 4227 3466 4281 infc-

1896 4326 2014 4372 ctas
2042 4317 2178 4371 ollas
2209 4332 2329 4370 cum
2357 4316 2506 4370 ansis
2534 4330 2814 4380 vasorum,
2851 4315 3038 4385 sicque
3087 4315 3468 4371 circumduxe-

220 4411 488 4478 λέγοντεςο
519 4407 688 4475 Οὗτος
721 4414 750 4466 6
778 4413 1009 4482 μοναχὸς
1037 4411 1285 4484 ἔφθειρεν
1325 4413 1484 4483 ἡμῶν
1518 4413 1616 4484 τὴν
1654 4431 1792 4486 παρ-

1902 4417 2027 4462 runt
2069 4423 2154 4460 me
2199 4409 2250 4462 in
2290 4407 2408 4461 vico
2442 4423 2535 4477 per
2566 4409 2824 4478 cmnpita,
2876 4410 3248 4467 verberantes,
3290 4424 3354 4462 ac
3385 4409 3466 4462 tli-

220 4501 392 4565 θένον,
444 4501 636 4556 λάϐετε
686 4503 869 4567 αὐτὸν,
903 4502 1117 4556 λάϐετε.
1151 4503 1262 4556 Καὶ
1310 4503 1511 4572 έτυψάν
1543 4521 1611 4575 με
1646 4504 1798 4576 παρὰ

222 4594 416 4662 μικρὸν
449 4592 544 4646 τοῦ
579 4593 889 4648 ἀποθανεῖν.
947 4592 1147 4646 Ἐλθὼν
1178 4594 1234 4648 δέ
1272 4612 1356 4657 τις
1395 4594 1502 4647 τῶν
1527 4595 1794 4664 γερόντων

218 4679 383 4734 εἶπεν·
429 4681 573 4745 Ἕως
602 4683 729 4734 πότε
757 4682 989 4737 τύπτετε
1021 4684 1111 4738 τὸν
1149 4682 1297 4746 ξένον
1329 4682 1590 4753 μοναχόν;
1633 4683 1693 4734 '0
1737 4680 1795 4735 δὲ

219 4772 481 4826 διακονῶν
509 4791 598 4844 μοι
634 4773 918 4842 ἠκολούθει
940 4775 1115 4828 ὀπίσω
1143 4791 1243 4845 μου
1279 4769 1794 4844 αἱδούμενοςίἭσαν

218 4866 324 4936 γάρ
355 4864 669 4934 ὑϐρίζοντες
721 4865 880 4918 αὐτὸν
915 4865 1106 4930 πολλὰ,
1160 4866 1252 4918 καὶ
1278 4865 1546 4933 λέγοντες·
1603 4863 1730 4916 Ἰδοὺ
1765 4865 1794 4916 6

221 4955 583 5027 ἁναχωρητὴς
607 4955 665 5007 ὃν
693 4957 737 4987 ’⁸
763 4957 824 5010 σὺ
843 4955 1194 5027 ὲμαρτύρεις,
1219 4955 1270 5008 τί
1299 4954 1553 5026 ἐποίησες
1580 4954 1690 5007 Καὶ
1710 4953 1797 5005 λέ-

1897 4505 2085 4549 centes
2118 4509 2131 4544 :
2162 4493 2268 4549 Iste
2305 4497 2606 4550 monachus
2641 4497 2851 4551 vitiavit
2891 4504 3132 4552 nostram
3158 4497 3461 4567 virginem;

1897 4589 2076 4658 capite
2111 4603 2256 4651 eum,
2295 4587 2494 4656 capite.
2555 4587 2616 4640 Et
2656 4595 3048 4657 percusserunt
3090 4603 3176 4640 me
3227 4603 3362 4656 pene
3397 4589 3466 4640 ad

1897 4688 2146 4734 mortem.
2196 4679 2474 4734 Accedens
2529 4695 2660 4734 vero
2716 4680 2917 4749 aliquis
2973 4694 3188 4743 senum,
3245 4678 3384 4730 dixit
3446 4693 3460 4728 :

1897 4766 2193 4838 Quousque
2233 4768 2440 4823 Creditis
2487 4769 2814 4823 monac-hum
2863 4772 3028 4822 istum
3072 4767 3465 4836 peregrinum?

1898 4859 1999 4926 Qui
2038 4869 2217 4914 autem
2260 4861 2391 4913 mihi
2423 4859 2789 4921 ministrabat,
2827 4857 3154 4926 sequebatur
3188 4865 3310 4924 post
3348 4872 3460 4919 me.

1901 4953 2110 5023 pudore
2157 4951 2419 5008 suli‘usus.
2465 4951 2645 5006 Multis
2687 4951 2889 5022 quippe
2933 4950 3284 5006 contumeliis
3339 4966 3462 5004 eum

289 5112 334 5143 ’°
362 5113 447 5169 Al.
477 5113 644 5167 inser.
675 5112 999 5167 διαϐολικοῦ.
1076 5113 1118 5144 ³¹
1155 5111 1238 5164 Al.
1264 5111 1313 5163 οἱ
1339 5108 1438 5179 τῆς
1458 5108 1669 5180 κώμης.
1749 5111 1794 5143 ’⁸
1823 5110 1908 5165 Al.
1928 5099 1991 5173 ᾧ.

287 5269 401 5340 (77)
435 5270 708 5340 Κούφων.
741 5268 883 5340 ~Vox
943 5267 1399 5340 Graeco—Barbara
1427 5306 1468 5340 ,Δ
1482 5281 1548 5340 ex
1609 5264 1795 5340 Grgeca

221 5333 410 5417 κῧέρος,
441 5342 496 5394 ni
525 5333 707 5417 fallor.
739 5337 940 5417 Przeter
982 5337 1413 5417 grammaticus.
1433 5333 1792 5417 Orientalium

223 5404 482 5493 synodica
516 5410 585 5463 ad
617 5409 958 5478 Theophilum
980 5410 1369 5476 imperatorem,
1402 5406 1454 5458 in
1494 5404 1797 5490 Originibus

223 5478 329 5534 LP.
365 5479 682 5535 Cumbeﬁsii
715 5496 767 5538 ι).
804 5480 901 5534 151
943 5498 956 5534 :
1005 5477 1310 5538 Περικλείει
1361 5475 1551 5528 ἐαυτὸν
1594 5491 1650 5526 εν
1688 5491 1798 5538 τοις

223 5478 329 5534 CP.
365 5479 682 5535 Cumbeﬁsii
715 5496 767 5549 p.
804 5480 901 5534 151
943 5498 956 5534 :
1005 5478 1310 5549 Περικλείει
1361 5478 1551 5528 ἐαυτὸν
1594 5479 1650 5526 ἐν
1688 5478 1798 5538 τοῖς

221 5548 312 5600 τοῦ
367 5551 679 5632 Δμγιστέως
709 5547 1206 5632 μεγαλουρουτροῦ
1239 5546 1345 5630 τῷν
1375 5544 1639 5632 καμίνων,
1668 5544 1798 5632 κου-

224 5619 451 5742 φοιῗάζη
480 5618 719 5691 Dagistei
756 5623 934 5690 magni
955 5618 1129 5673 balnei
1160 5619 1488 5673 caminorum
1520 5618 1665 5684 cupis
1693 5630 1810 5670 use

225 5701 304 5741 mc
330 5705 357 5742 ιι
400 5701 460 5745 tt.

1965 5263 2076 5333 (78)
2113 5259 2648 5331 Περιεπόμπευσὰν
2664 5276 2740 5328 με
2856 5257 3126 5333 τῇΑκ-ώμη
3142 5258 3294 5333 κατᾲ
3313 5258 3465 5328 ἀμφ-

1890 5329 2066 5388 οδονι.⁷
2091 5329 2311 5387 Minima
2343 5329 2638 5386 mutatione
2670 5330 2868 5398 corrigi
2913 5329 3066 5383 debet
3099 5329 3297 5398 Pelagii
3339 5344 3460 5398 ver-

1893 5405 1976 5459 sio
2008 5421 2020 5457 :
2061 5403 2317 5457 Miserum
2341 5417 2420 5453 me
2447 5401 2754 5454 circimram
2794 5397 2846 5452 in
2879 5401 2986 5451 vico
3011 5399 3128 5461 illo,
3151 5397 3464 5462 scribendo,

1891 5475 2224 5527 circiturum.
2250 5471 2428 5524 Editio
2458 5470 2706 5540 Lugdun.
2737 5469 2980 5522 circuire.
3011 5472 3094 5522 An
3125 5467 3398 5524 cii-citare?

1966 5544 2056 5608 (79
2111 5542 2412 5596 Dorotlrcus
2443 5540 2620 5593 Dortr.
2669 5541 2747 5593 l0.

1967 5545 2079 5681 (80;
2104 5611 2351 5668 Bolland.
2389 5626 2455 5664 xv
2483 5609 2601 5665 Jan.
2640 5609 2746 5663 Vit.

1967 5607 2079 5683 (80)
2104 5611 2351 5668 Bolland.
2389 5626 2455 5664 xv
2483 5609 2601 5665 Jan.
2640 5609 2746 5663 Vit.
2785 5608 2935 5662 Patr.
2965 5622 3053 5673 xv,
3075 5607 3170 5664 95.
