3982 6336
1551 267 1890 326 APPENDIX
1931 267 2020 324 AD
2056 266 2473 328 PALLADIUM.

391 285 498 336 Ἥϐα
1551 273 1890 326 APPENDIX
1931 273 1982 322 Al

2083 273 2449 328 'ALLADIUM
2460 313 2473 328 .
3533 273 3641 330 360

399 389 720 456 aﬁecerant,
770 389 1083 460 lnquientes
1129 409 1142 445 :
1188 389 1330 447 Ecce
1373 387 1728 452 anachoreta,
1777 385 1869 440 cui
1916 394 1970 439 tu

2083 400 2262 453 γουσιν
2295 387 2344 440 οἱ
2377 387 2555 455 γονεῖς
2593 381 2783 455 αὑτῆςο
2815 384 2929 440 Οὑκ
2956 385 3268 459 ἀπολύομεν
3305 383 3490 454 αὑτὸν,
3535 388 3645 454 ἕως

399 483 770 538 testimonium
848 481 1226 552 perbibebas,
1301 481 1434 551 quid
1473 477 1635 535 fecit?
1687 479 1770 531 Ad
1860 475 1974 530 haec

2083 474 2147 546 Βῷ
2190 474 2461 547 ἐγγυητὴν
2493 474 2587 528 τοῦ
2626 475 2844 547 τρέφειν
2869 476 3057 548 αὐτήν.
3085 477 3196 530 Kal
3225 468 3378 530 εἷπον
3406 475 3486 548 τῷ
3523 478 3645 532 δια-

399 575 550 627 aiunt
606 579 858 642 parentes
924 573 1119 642 puella:
1165 589 1180 626 :
1233 571 1350 627 Non
1409 571 1750 625 dimittemus
1805 581 1970 632 eum,

396 663 569 716 donec
631 660 1011 730 ﬁdejussorem
1106 661 1320 718 dederit
1384 660 1531 731 quod
1615 659 1849 714 aliturus
1903 657 1974 712 sit

396 766 536 804 eam.
589 750 778 820 Itaque
812 750 1114 820 signiﬁcavi
1163 751 1418 805 ministro
1446 750 1524 804 illi
1557 763 1714 812 meo;
1751 755 1806 802 et
1847 759 1973 814 spo-

397 841 589 912 pundil.
625 857 722 911 pro
757 857 861 895 me.
897 838 1094 896 Postea
1124 839 1408 911 profectus
1439 838 1506 892 ad
1542 837 1741 892 cellam
1774 850 1972 900 meam,

397 933 521 988 dedi
550 937 598 988 ei
624 949 763 1003 quas
796 933 960 988 habui
979 935 1282 1005 sportulas,
1309 933 1501 988 dicens
1533 951 1546 987 :
1579 929 1787 994 Vende,
1811 936 1865 984 et
1893 927 1975 982 af-

398 1025 697 1096 l‘cr‘cibum
729 1026 885 1080 uxori
914 1042 1066 1081 meze.
1103 1025 1240 1080 Tum
1274 1025 1420 1096 apud
1452 1040 1570 1080 me:
1602 1022 1824 1087 Macari,
1846 1035 1974 1076 ecce

401 1117 657 1172 invenisti
691 1117 786 1170 tibi
832 1133 1054 1171 uxorem
1099 1135 1113 1173 :
1165 1125 1382 1188 oportet
1435 1124 1493 1169 ut
1532 1115 1694 1185 paulo
1736 1113 1974 1184 amplius

402 1207 640 1269 labores.
685 1224 792 1277 quo
817 1209 1028 1263 nutrias
1061 1224 1202 1264 eam.
1242 1208 1306 1261 Et
1340 1208 1609 1277 operabar
1651 1213 1812 1259 nocte
1855 1205 1975 1259 die-

402 1315 532 1369 que.
578 1300 969 1369 mittebamque
1001 1303 1068 1354 ci.
1101 1299 1272 1356 Porro
1321 1316 1445 1354 cum
1491 1297 1709 1353 advenit
1761 1306 1974 1366 tempus

402 1391 617 1444 misera}
647 1402 704 1444 ut
737 1403 971 1461 pareret.
1008 1391 1074 1444 ad
1123 1392 1326 1445 multos
1370 1391 1490 1444 dies
1537 1390 1590 1442 in
1636 1389 1974 1444 cruciatibus

401 1483 738 1552 permansit,
790 1498 887 1535 nec
934 1483 1200 1550 pariebat.
1253 1482 1658 1537 Percontantur
1693 1480 1822 1550 quid
1871 1481 1974 1537 hoc

399 1579 567 1627 esset.
605 1571 695 1624 Illa
730 1573 1014 1641 respondit
1048 1589 1061 1625 :
1099 1571 1209 1642 Ego
1234 1574 1352 1627 scio
1396 1589 1410 1624 :
1448 1572 1706 1642 quoniam
1733 1571 1972 1624 anacho~

400 1673 573 1718 retam
605 1664 936 1718 calumniata
963 1679 1105 1728 sum,
1137 1664 1460 1734 prolatoque
1491 1665 1779 1718 mendacio
1809 1679 1973 1718 accu-

401 1755 545 1819 savi;
596 1770 771 1823 neque
819 1755 963 1808 enim
1008 1755 1062 1808 in
1107 1755 1270 1824 culpa
1315 1764 1419 1819 est.
1465 1755 1560 1810 sed
1607 1755 1699 1810 ille
1729 1754 1973 1824 juvenis.

402 1845 557 1901 Tunc
593 1849 686 1918 qui
732 1848 1084 1902 ministrabat
1132 1848 1260 1900 mihi
1291 1847 1448 1902 laetus
1489 1848 1794 1903 adveniens
1833 1863 1978 1902 nun-

402 1940 558 1994 tiavit
589 1957 602 1993 :
639 1938 802 2008 Virgo
844 1939 937 1992 illa
962 1955 1072 1992 non
1103 1941 1279 2009 potuit
1303 1955 1514 2008 parere.
1547 1941 1813 1995 donecita
1837 1955 1978 1994 con-

2073 570 2272 638 κονητῇ
2305 585 2426 637 μου·
2470 569 2563 621 καὶ
2599 567 2975 639 ἐνηγγυήσατό
3009 585 3098 639 με.
3135 567 3247 621 Kal
3271 566 3521 621 ἀπελθὼν
3561 571 3647 635 εἰς

2071 657 2133 710 τὸ
2157 658 2366 712 κελλῖον
2399 677 2524 730 μου,
2549 660 2725 712 ἔδωκα
2758 658 2905 728 αὑτῷ
2943 659 3043 713 ὅσα
3072 655 3217 730 εἶχον
3251 659 3528 730 σπυρίδια,
3551 660 3645 714 16'-

2071 767 2204 818 γων·
2239 749 2515 820 Πώλησον,
2549 751 2644 803 καὶ
2682 750 2768 814 δὸς
2800 753 2865 821 τῇ
2899 751 3116 818 γυναικί
3155 767 3255 820 μου
3287 753 3498 818 φαγεῖν.
3537 750 3637 805 Kd

2073 841 2255 910 ἔλεγον
2295 841 2373 912 τῷ
2400 842 2645 914 λογισμῷ
2678 859 2800 914 μουο
2835 843 3109 913 Μακάριε,
3144 841 3256 894 ἰδοὺ
3280 838 3436 912 εὗρες
3465 843 3650 916 ἐαυτῷ

2072 935 2326 999 γυναῖκα·
2373 932 2480 1004 χρὴ
2524 931 2852 1003 ἐργάζεσθαι
2911 932 3106 1003 μικρὸν
3156 934 3413 1004 περισσὸν
3452 935 3522 1000 ⁸³,
3560 937 3654 989 ἴνα

2071 1023 2276 1093 τρέφῃς
2331 1023 2519 1092 αὑτήνο
2561 1024 2653 1076 καὶ
2691 1022 3025 1094 εἰργαζόμην
3057 1021 3227 1076 νύκτα
3269 1025 3363 1077 καὶ
3412 1025 3652 1096 ἡμέραν⁹

2074 1115 2169 1167 καὶ
2191 1114 2438 1183 ἔπεμπον
2465 1114 2622 1184 αὐτῇ.
2659 1115 2768 1167 Kal
2792 1116 2881 1168 ὅτε
2917 1109 3080 1184 ἦλθεν
3107 1116 3134 1167 6
3161 1115 3350 1185 καιρὸς
3381 1120 3444 1187 τῇ
3487 1116 3656 1188 ἀθλία⁸

2073 1209 2270 1267 τεκεῖν,
2296 1206 2508 1276 ἔμεινεν
2538 1207 2629 1258 ἐπί
2663 1205 2861 1269 πολλὰς
2881 1207 3094 1278 ἡμέρας
3121 1207 3538 1280 βασανιζομένη,
3555 1210 3657 1263 καὶ

2073 1298 2173 1351 οὑκ
2193 1297 2392 1350 ἔτικτε.
2429 1299 2539 1351 Kal
2566 1298 2813 1366 λέγουσιν
2844 1299 3000 1368 αὑτῇ⁶
3031 1298 3093 1350 Τί
3123 1301 3236 1351 ἐστι
3265 1299 3456 1366 τοῦτο;
3503 1302 3563 1353 Ἢ
3593 1301 3655 1354 δὲ

2076 1384 2249 1443 εἷπεψ
2281 1388 2419 1458 Ἐγὼ
2441 1385 2576 1442 οῖδα·
2597 1391 2679 1443 ὅτι
2713 1389 2802 1443 τὸν
2831 1390 3187 1462 ἀναχωρητὴν
3209 1391 3651 1462 ἐσυκοφάντησα,

2078 1481 2173 1534 καί
2196 1481 2510 1552 ψευσαμένη
2543 1480 2876 1553 ᾐτιασάμην·
2908 1482 3001 1534 καὶ
3046 1477 3199 1543 οὗτος
3227 1483 3326 1535 οὑκ
3351 1483 3463 1553 ἔχει
3508 1486 3658 1554 πρᾶ-

2077 1588 2212 1642 γμα,
2243 1571 2356 1626 ἀλλ’
2382 1574 2410 1626 6
2430 1571 2574 1626 δεῖνα
2618 1574 2646 1626 6
2690 1571 2970 1642 νεώτερος.
2999 1572 3107 1625 Kal
3140 1572 3310 1626 ἐλθὼν
3341 1574 3657 1628 όδιακονῶν

2083 1667 2178 1734 μοι¹
2199 1664 2404 1736 χαίρων
2436 1664 2639 1734 ἔλεγεν,
2677 1665 2760 1718 ὅτι
2785 1664 2885 1716 οὐκ
2917 1663 3154 1734 ἠδυνήθη
3183 1665 3415 1735 τεκείνή
3447 1665 3658 1736 παρθέ-

2011 1736 2052 1792 Β
2079 1773 2168 1820 νος
2191 1756 2396 1826 ἐκείνη,
2430 1756 2534 1819 ἓως
2562 1750 2622 1810 οὗ
2648 1755 2988 1825 ὡμολόγησε,
3019 1753 3369 1822 λέγουσα,ὅτι
3395 1755 3509 1809 Οὑκ
3538 1757 3655 1827 ἔχει

2077 1842 2308 1911 πρᾶγμα
2332 1841 2361 1892 6
2398 1839 2774 1912 άναχωρητὴς,
2814 1839 2928 1892 ἀλλ’
2967 1838 3282 1910 ἐψευσάμην
3319 1842 3438 1894 κατ’
3461 1841 3660 1896 αὐτοῦ’

2077 1933 2171 1986 καὶ
2203 1931 2308 1985 ἰδοὺ
2352 1933 2500 1985 πᾶσα
2522 1933 2554 2003 ἡ
2580 1931 2742 2002 κώμη
2774 1931 2914 1984 θέλει
2941 1931 3112 1984 ἐλθεῖν
3153 1925 3254 1984 ὦδε
3291 1931 3426 2001 μετὰ
3467 1932 3655 2004 δόξης,

399 2029 645 2085 ﬁterctur
675 2049 688 2084 :
725 2029 889 2084 Extra
923 2030 1137 2100 culpam
1167 2037 1251 2086 est
1300 2031 1626 2086 anachoreta
1648 2072 1662 2096 ,
1696 2031 1790 2086 sed
1830 2046 1982 2086 men-

2083 2023 2173 2078 καὶ
2206 2023 2538 2094 μετανοῆσαι
2567 2041 2672 2078 σοι.
2723 2021 2863 2091 Ἐγὼ
2894 2023 2950 2076 δὲ
2977 2021 3216 2086 ἀκούσας
3245 2022 3437 2085 ταῦτα,
3464 2025 3552 2078 ἴνα
3580 2025 3659 2097 μὴ

404 2120 505 2176 tita
551 2135 672 2174 sum
705 2121 971 2176 adversus
1007 2137 1130 2176 eum
1182 2139 1196 2177 :
1243 2129 1297 2177 et
1331 2137 1460 2176 ecce
1501 2130 1649 2178 totus
1685 2124 1838 2178 vicus
1871 2123 1980 2178 huc

2083 2115 2306 2186 θλίψωσί
2333 2133 2398 2187 με
2429 2117 2478 2169 οἱ
2508 2116 2804 2188 ἄνθρωποι,
2839 2114 3069 2184 ἀνέστην
3095 2113 3188 2165 καὶ
3217 2113 3414 2182 ἔφυγον
3433 2107 3534 2168 ὧδε
3575 2118 3661 2181 εἰς

404 2211 673 2268 accedere
711 2213 825 2266 vult
856 2228 982 2268 cum
1007 2213 1236 2276 honore.
1276 2223 1334 2268 ut
1363 2213 1577 2268 veniam
1604 2230 1634 2268 a
1663 2222 1714 2269 te
1747 2215 1976 2285 supplex

2085 2208 2303 2279 Σκῆτιν.
2345 2208 2492 2280 Δὺτη
2529 2208 2676 2262 ἐστὶν
2712 2209 2746 2278 ἡ
2785 2205 3052 2278 ἀρχὴτῆς
3079 2204 3274 2272 αἰτίας,
3297 2203 3364 2257 δι’
3391 2205 3457 2275 ἣν
3493 2201 3660 2276 ἦλθον

403 2305 670 2373 postulet.
716 2303 812 2360 His
843 2321 943 2375 ego
969 2305 1196 2367 auditis.
1227 2320 1294 2359 ne
1321 2305 1450 2358 mihi
1481 2307 1784 2361 molestiam
1817 2322 1977 2376 pare.
2082 2300 2205 2361 ὧδε.

403 2406 530 2452 rent
552 2396 826 2463 homines,
869 2399 1087 2454 surrexi
1124 2399 1410 2469 alquehuc
1439 2401 1491 2454 in
1527 2400 1730 2455 Scetim
1758 2401 1888 2472 fugi.
1923 2401 2052 2458 Inde
2079 2399 2408 2472 principium
2451 2410 2780 2464 causamque
2829 2397 2995 2454 habet
3035 2415 3189 2455 meus
3230 2401 3319 2455 hic
3366 2399 3661 2454 adventus.

472 2512 527 2568 2.
571 2512 683 2584 (81)
724 2493 886 2568 Venit
928 2515 1222 2586 aliquando
1272 2515 1542 2572 Macarius
1604 2516 1893 2590 Egyptius
1941 2533 1972 2573 e

2150 2517 2215 2588 β’.
2239 2512 2409 2569 Ἧλθέ
2433 2532 2562 2568 ποτε
2582 2515 2868 2586 Μακάριος
2896 2515 2924 2567 6
2957 2514 3252 2583 Αἰγύπτιος
3277 2513 3384 2566 ἀπὸ
3407 2513 3664 2580 Σκήτεως

408 2602 552 2657 Sceti
619 2603 687 2657 ad
743 2615 980 2660 montem
1040 2605 1229 2661 Nitriae
1297 2608 1351 2661 in
1409 2608 1688 2663 oblatione
1755 2609 1972 2665 abbatis

2083 2609 2160 2672 εἰς
2176 2607 2237 2660 τὸ
2264 2607 2388 2679 ὅρος
2408 2607 2507 2676 τῆς
2535 2606 2764 2677 Νιτρίας
2793 2607 2873 2669 εἰς
2903 2607 3002 2678 τὴν
3031 2604 3347 2676 προσφοράν
3374 2603 3463 2658 τοῦ
3513 2602 3664 2657 esse

407 2693 619 2752 I’ambo
646 2714 661 2762 ;
692 2707 742 2751 et
777 2697 965 2752 dicunt
991 2698 1039 2752 ei
1065 2714 1226 2754 senes
1261 2717 1275 2754 :
1315 2699 1632 2754 Sermonem
1659 2700 1840 2770 profer
1867 2700 1974 2755 fra-

2083 2699 2321 2770 Παμϐάν
2348 2698 2444 2752 καί⁵
2463 2699 2712 2766 λέγουσιν
2759 2697 2908 2766 αὑτῷ
2947 2699 2996 2749 οἰ
3035 2697 3306 2767 γέροντες·
3346 2696 3480 2748 Εἰπὲ
3507 2694 3663 2765 ῥῆμα

409 2789 607 2853 tribus.
645 2788 830 2846 Pater.
887 2793 1022 2846 Tum
1057 2792 1148 2847 ille
1177 2793 1295 2848 inﬁt
1343 2812 1355 2848 :
1404 2793 1518 2863 Ego
1547 2793 1790 2847 nondum
1831 2791 1982 2849 evasi

2083 2791 2191 2852 τοίς
2213 2788 2480 2858 ἀδελφοῖς,
2509 2789 2709 2858 Πάτερ.
2729 2787 2786 2841 '0
2815 2788 2872 2841 δέ
2905 2783 3078 2840 εἶπεν·
3119 2786 3262 2855 Ἐγὼ
3289 2786 3441 2839 οθπω
3460 2785 3663 2854 γέγονα

408 2880 462 2933 in
498 2883 868 2949 monachum;
917 2885 1010 2938 sed
1062 2885 1362 2940 monachos
1388 2885 1523 2938 vidi.
1571 2884 1697 2938 Mihi
1747 2899 1982 2954 namque

2085 2882 2337 2953 μοναχδς,
2384 2879 2498 2934 ἀλλ’
2545 2876 2682 2932 εἶδον
2735 2878 3021 2950 μοναχούς.
3072 2878 3228 2949 Καθη
3239 2877 3384 2948 μένῳ
3429 2878 3537 2948 γάρ
3572 2877 3666 2946 μοί

408 2971 705 3042 aliquando
747 2973 961 3030 sedenti
1006 2976 1061 3029 in
1107 2977 1243 3030 cella
1289 2977 1432 3046 apud
1473 2977 1700 3039 Scetim.
1745 2977 1982 3032 molesta

2083 2993 2213 3029 ποτε
2241 2977 2298 3028 ἐν
2334 2974 2414 3044 τῷ
2441 2973 2635 3042 κελλίῳ
2669 2973 2751 3036 εἰς
2782 2972 3001 3042 Σκῆτιν,
3051 2969 3301 3041 ὦχλησάν
3338 2987 3426 3040 μοι
3473 2971 3523 3022 οἰ
3568 2969 3664 3023 λοο

411 3073 572 3115 erant
623 3063 1024 3133 cogitationes.
1069 3073 1422 3136 suggerentes
1470 3081 1482 3116 :
1529 3065 1880 3120 Proﬁciscere
1927 3066 1982 3121 in

2085 3065 2274 3135 γισμοὶ
2301 3064 2572 3132 λέγοντες·
2619 3061 2853 3115 Ἀπελθε
2893 3063 2973 3125 εἰς
3005 3063 3102 3132 τὴν
3133 3062 3354 3132 ἔρημον,
3387 3061 3480 3114 καὶ
3513 3062 3587 3114 ἴδε
3613 3061 3666 3114 τί

411 3153 787 3216 solitudinem.
819 3163 869 3208 ct
905 3157 1026 3211 vide
1056 3156 1186 3226 quid
1224 3157 1336 3212 illic
1361 3158 1538 3234 oculis
1569 3159 1680 3213 tuis
1706 3167 1978 3212 occurret.

2089 3155 2306 3227 βλέπεις
2340 3157 2472 3208 ἐκεῖ.
2510 3155 2739 3224 Ἔμεινα
2768 3153 2824 3205 δέ
2849 3152 3098 3223 πολεμῶν
3133 3152 3211 3223 τῷ
3232 3152 3478 3222 λογισμῷ
3504 3154 3664 3204 πέντε

411 3244 631 3300 Perstiti
679 3253 858 3300 autem
915 3247 1158 3317 quinque
1202 3249 1384 3312 annis.
1427 3264 1678 3318 pugnans
1721 3249 1982 3304 adversus

2085 3247 2201 3319 ἐτη,
2251 3246 2446 3315 λέγων,
2500 3247 2714 3316 Μήπως
2755 3245 2864 3300 ἀπὺ
2919 3244 3186 3316 δαιμόνων
3225 3247 3392 3300 ἐστίν.
3445 3243 3556 3299 Kal
3589 3243 3668 3309 ὠς

409 3337 817 3408 cogitationem.
849 3337 926 3393 Ne
954 3339 1120 3405 forte,
1153 3340 1428 3410 inquiens,
1459 3355 1488 3394 a
1519 3341 1861 3396 dazmonibus
1890 3343 1980 3397 sit.

2084 3339 2347 3410 ἐπέμενεν
2398 3339 2427 3390 6
2473 3337 2748 3408 λογισμὸς,
2779 3335 3020 3407 ἀπῆλθον
3054 3339 3133 3399 εἰς
3167 3337 3266 3408 τήν
3295 3335 3519 3408 ἔρημονο
3569 3337 3670 3391 καὶ

415 3427 592 3498 thue
620 3431 990 3498 perseveravit
1025 3431 1306 3501 cogitatio,
1340 3432 1447 3486 abii
1483 3433 1536 3485 in
1573 3447 1837 3487 eremum.
1869 3432 1982 3488 Illic

2083 3426 2252 3500 ηὗρον
2279 3430 2394 3482 ἐκεῖ
2420 3427 2614 3499 λίμνην
2646 3428 2870 3493 ὑδάτων,
2897 3427 2991 3482 καὶ
3014 3428 3178 3497 νῆσον
3204 3430 3260 3481 ἐν
3289 3429 3440 3499 μέσῳ
3471 3429 3667 3498 αὑτῆςο

411 3519 593 3574 inveni
645 3526 898 3588 stagnum
929 3534 1053 3575 cum
1091 3521 1268 3575 insula
1310 3522 1368 3576 in
1411 3525 1589 3577 medio
1629 3524 1795 3591 ejus:
1837 3531 1892 3577 et
1918 3521 1982 3577 ad

2086 3521 2181 3574 καὶ
2200 3516 2364 3591 ἦλθον
2383 3520 2451 3573 τὰ
2483 3521 2652 3592 κτήνη
2683 3519 2782 3589 τῆς
2810 3521 3020 3591 ἐρήμου
3057 3521 3202 3574 πιεῖν
3247 3516 3307 3584 ἐξ
3336 3520 3525 3588 αὐτῆς.
3554 3519 3671 3575 Kal

408 3606 546 3662 illud
587 3609 878 3662 veniebant
923 3609 1112 3664 bestiae
1159 3612 1363 3675 eremi,
1410 3619 1470 3664 ut
1511 3611 1779 3665 biberent.
1839 3611 1982 3678 Quas

2086 3607 2227 3665 είδον
2277 3613 2332 3664 ἐν
2374 3610 2522 3684 μέσῳ
2550 3611 2732 3665 αὐτῶν
2760 3611 2853 3665 δύο
2893 3608 3217 3680 ἀνθρώπους
3260 3610 3524 3681 γυμνούς·
3570 3609 3672 3665 καὶ

409 3698 552 3753 inter
579 3699 836 3768 conspexi
865 3700 1006 3754 duos
1035 3701 1282 3755 homines
1309 3701 1485 3756 nudos
1516 3720 1530 3756 :
1565 3710 1619 3756 et
1648 3703 1986 3758 contremuit

408 3803 612 3858 corpus
649 3805 861 3856 meum;
894 3790 1206 3846 existimavi
1240 3793 1384 3846 enim
1418 3807 1544 3848 esse
1579 3793 1830 3863 spiritus.
1877 3793 1986 3865 Ipsi

411 3890 542 3930 vero
573 3885 863 3946 postquam
907 3893 993 3932 me
1028 3878 1286 3932 viderunt
1321 3886 1667 3944 trementem.
1720 3881 1794 3934 ita
1820 3882 1985 3936 locuti

412 3974 543 4020 sunt
575 3986 588 4022 :
621 3967 741 4023 Noli
766 3969 988 4036 timere;
1017 3970 1178 4024 etiam
1213 3985 1315 4027 nos
1343 3971 1594 4025 homines
1623 3985 1839 4026 sumus.
1866 3970 1986 4026 Dixi

411 4062 551 4117 illis:
596 4061 752 4118 Unde
783 4065 948 4132 estis,
984 4073 1036 4119 et
1065 4065 1344 4135 quomodo
1377 4064 1611 4121 venistis
1645 4064 1700 4119 in
1734 4065 1990 4120 solitudi-

414 4165 538 4204 nem
580 4151 759 4205 hanc?
790 4150 1210 4223 Responderunt
1239 4169 1256 4207 :
1287 4155 1328 4208 E
1358 4151 1617 4208 cmnobio
1655 4166 1848 4207 sumus
1875 4169 1890 4206 :
1916 4159 1993 4205 at-

414 4257 522 4311 que
543 4256 607 4294 ex
642 4251 831 4296 nmtuo
863 4259 1133 4300 consensu
1166 4247 1372 4316 egressi
1403 4248 1658 4302 venimus
1690 4246 1834 4310 huc;
1863 4259 1991 4300 ecce

414 4336 777 4405 quadraginta
803 4337 1006 4390 abhinc
1033 4338 1163 4390 anni
1203 4341 1600 4406 praeterierunt.
1649 4338 1802 4394 Unus
1827 4353 1858 4393 e
1886 4352 1988 4392 no-

2087 3701 2349 3755 ἐδειλίασε
2396 3700 2458 3755 τὸ
2493 3700 2653 3772 σῶμά
2702 3717 2822 3772 μου·
2857 3700 3082 3770 ἐνόμισα
3132 3699 3241 3768 γάρ
3271 3699 3350 3752 ὅτι
3383 3699 3671 3770 πνεύματά

2088 3792 2246 3846 εἰσιν.
2277 3792 2439 3844 Αὐτοὶ
2468 3791 2523 3844 δέ
2542 3809 2608 3860 με
2631 3791 2706 3853 ὼς
2741 3785 2881 3843 εἶδον
2911 3788 3212 3851 δειλιῶντα,
3237 3788 3506 3858 ἐλάλησαν
3529 3789 3671 3858 πρὸς

2092 3884 2182 3954 μέ·
2219 3883 2310 3954 Μὴ
2343 3881 2531 3952 φοϐοὖο
2573 3882 2668 3934 καί
2699 3882 2861 3952 ἡμεῖς
2908 3880 3183 3951 ἄνθρωποί
3219 3881 3404 3950 ἐσμεν.
3441 3880 3550 3933 Kal
3589 3874 3670 3932 cl-

2090 3989 2190 4026 πον
2217 3973 2418 4034 αὐτοῖς’
2443 3970 2612 4024 Πόθεν
2635 3970 2780 4033 ἐστὲ,
2803 3969 2898 4022 καὶ
2937 3969 3056 4033 πῶς
3096 3970 3287 4042 ἦλθετε
3312 3972 3392 4032 εἰς
3406 3969 3506 4042 τὴν
3538 3969 3671 4041 ἐρη-

2092 4080 2192 4134 μον
2233 4063 2468 4132 ταύτην;
2515 4062 2623 4114 Kal
2666 4057 2837 4115 εἷπον·
2868 4061 3002 4114 Ἀπὸ
3042 4061 3306 4114 κανοὸἰου
3343 4061 3530 4131 ἐσμέν·
3575 4060 3673 4114 καὶ

2089 4155 2312 4224 γέγονεν
2328 4156 2458 4226 ἡμῖν
2491 4155 2798 4226 συμφωνία,
2832 4155 2927 4208 καὶ
2946 4151 3238 4224 ἐξήλθομεν
3259 4147 3382 4206 ὧδε·
3421 4153 3528 4206 ἰδοὺ
3547 4170 3674 4206 τεσ-

2093 4247 2403 4319 σαράκοντα
2429 4245 2522 4318 έτη
2551 4247 2618 4279 ⁸⁸·
2653 4247 2747 4300 καὶ
2780 4248 2808 4299 6
2827 4247 2926 4317 μὲν
2959 4241 3040 4308 εἷς
3060 4245 3375 4314 Αἰγύπτιος,
3406 4248 3434 4298 6
3465 4245 3522 4297 δέ
3555 4244 3672 4298 ἐτε-

2095 4354 2187 4408 ρος
2211 4337 2444 4400 Λιϐυκδς
2467 4337 2721 4407 ὑπάρχει.
2753 4338 2864 4390 Kal
2887 4334 3242 4406 ἐπερώτησάν
3275 4351 3341 4404 με
3372 4335 3465 4387 καὶ
3491 4334 3670 4396 αὑτοὶ,

415 4427 504 4483 bis
530 4424 820 4496 IEgyptius
851 4433 958 4492 est,
981 4427 1118 4481 alter
1149 4425 1404 4498 Libycus.
1436 4430 1538 4498 Ipsi
1572 4445 1790 4500 quoque
1817 4430 1982 4484 inter-

2095 4429 2367 4497 λέγοντεςο
2394 4428 2562 4491 Πῶςό
2581 4429 2812 4498 κόσμος;
2840 4429 2934 4482 καὶ
2957 4429 3011 4480 -εί
3034 4428 3252 4498 ἔρχεται
3281 4427 3341 4479 τὺ
3367 4425 3509 4495 ὕδωρ
3531 4425 3674 4480 κατὰ

417 4523 749 4584 rogaverunt
785 4530 889 4580 me,
931 4515 1017 4570 his
1065 4517 1246 4570 verbis
1297 4532 1313 4569 :
1361 4519 1646 4584 Quomodo
1715 4535 1775 4575 se
1829 4520 1991 4575 habet

418 4606 691 4665 mundus?
721 4604 951 4661 Venitne
1004 4621 1146 4682 aqua
1201 4606 1254 4660 in
1308 4615 1551 4678 tempore
1584 4609 1721 4664 suo?
1755 4608 1990 4666 Mundus

417 4700 700 4755 obtinetnc
734 4683 1125 4753 abundantiam
1147 4699 1406 4753 solita‘m?
1441 4698 1713 4769 Respondi
1745 4720 1758 4755 :
1793 4701 1990 4754 Etiam.

421 4789 676 4845 Vicissim
733 4805 832 4861 ego
875 4801 1225 4861 percontatus
1269 4807 1389 4846 sum
1425 4809 1438 4845 :
1478 4791 1725 4858 Quanam
1777 4795 1993 4848 ratione

422 4879 536 4936 ﬁeri
563 4889 749 4948 potero
779 4880 1118 4935 monachus?
1159 4880 1326 4934 Aiunt
1361 4880 1492 4934 mihi
1529 4899 1540 4935 :
1580 4879 1695 4936 Nisi
1736 4882 1860 4951 quis
1907 4896 1995 4936 re-

423 4971 760 5026 nuntiaverit
786 4971 1042 5024 omnibus
1067 4971 1255 5024 mundi
1298 4973 1484 5034 rebus.
1520 4985 1625 5024 non
1663 4981 1840 5040 potest
1881 4973 1994 5027 ﬁeri

424 5062 745 5116 monachus.
785 5061 982 5129 Excepi
1027 5079 1039 5114 :
1086 5059 1197 5130 Ego
1239 5061 1488 5115 inﬁrmus
1543 5077 1686 5121 sum.
1736 5078 1834 5117 nec
1875 5078 1998 5132 pos-

425 5168 546 5208 sum
578 5153 737 5206 sicuti
763 5169 880 5207 vos.
913 5151 1256 5220 Exceperunt
1288 5153 1452 5207 etiam
1480 5153 1556 5207 illi
1588 5172 1602 5208 :
1629 5152 1684 5207 Si
1712 5171 1818 5209 non
1842 5164 1994 5226 potes

422 5243 881 5315 quemadmodum
915 5259 1039 5302 nos.
1080 5244 1208 5298 sede
1251 5245 1304 5297 in
1343 5245 1480 5298 cella
1529 5256 1638 5311 tua,
1672 5254 1728 5301 et
1763 5260 1988 5317 peccata

424 5341 516 5389 tua
546 5334 699 5387 deﬂe.
725 5333 961 5398 Quaesivi
993 5336 1060 5389 ab
1089 5335 1172 5390 eis
1206 5353 1220 5389 :
1249 5335 1482 5401 Quando
1522 5337 1696 5393 hiems
1732 5349 1836 5406 est,
1881 5355 1988 5394 non

498 5489 544 5520 ”
565 5489 649 5543 Δί.
673 5490 966 5560 περισσῶς.
1045 5489 1088 5522 ⁸⁸
1118 5491 1204 5545 ΔΙ.
1239 5490 1364 5545 add.
1389 5490 1604 5562 ἔχομεν.

497 5645 608 5712 (81)
649 5645 753 5700 Vit.
792 5643 942 5698 Patr.
983 5660 1061 5699 ιιι.
1091 5649 1142 5700 4.

2098 4520 2288 4591 καιρὸν
2319 4519 2505 4584 αὑτοῦ,
2530 4520 2623 4573 καὶ
2646 4521 2694 4572 εἰ
2732 4519 2845 4590 ἔχει
2873 4519 2901 4571 6
2939 4521 3144 4590 κόσμος
3179 4519 3280 4590 τὴν
3304 4517 3556 4588 εὐθηνίαν
3577 4518 3677 4570 αὑ-

2097 4611 2229 4677 τοῦ;
2259 4612 2370 4665 Kal.
2402 4607 2554 4664 εἷπον
2581 4611 2782 4674 αὐτοῖς·
2805 4612 2932 4666 Ναί.
2963 4608 3132 4680 Κάγὼ
3163 4611 3358 4674 αὐτοὺς
3389 4608 3673 4681 ἠρώτησα·

2099 4701 2225 4767 Πῶς
2270 4704 2502 4774 δύναμαι
2548 4704 2801 4773 γενέσθαι
2847 4705 3112 4775 μοναχός;
3146 4702 3256 4755 Kal
3289 4701 3506 4771 λέγουσί
3557 4717 3673 4770 μοι·

2113 4793 2238 4848 Ἐάν
2267 4795 2342 4866 μὴ
2395 4794 2731 4863 ἀποτάξηταί
2762 4811 2846 4858 τις
2875 4796 3008 4847 πᾶσι
3047 4795 3158 4858 τοῖς
3183 4791 3278 4845 τοῦ
3325 4793 3553 4860 κόσμου,
3610 4791 3674 4845 οὗ

2095 4884 2316 4938 δύναται
2356 4885 2607 4954 γενέσθαι
2658 4885 2907 4955 μοναχός.
2949 4885 3060 4938 Kal
3104 4881 3255 4938 εἶπον
3279 4883 3481 4963 αὑτοῖς*
3533 4881 3680 4950 Ἐγὼ

2097 4975 2329 5045 ἀσθενής
2370 4978 2506 5046 εἰμι,
2552 4977 2646 5028 καὶ
2687 4976 2748 5028 οὐ
2781 4975 3015 5046 δύναμαι
3057 4977 3133 5039 ὡς
3170 4976 3346 5046 ὑμεῖς.
3377 4974 3487 5027 Kal
3517 4969 3678 5026 εἶπόν

2101 5067 2308 5138 μοικαὶ
2347 5068 2519 5120 αὑτοί·
2562 5069 2671 5122 Kal
2701 5069 2792 5122 ἐὰν
2841 5069 2901 5121 οὑ
2930 5068 3153 5122 δύνασαι
3185 5068 3259 5130 ὡς
3287 5069 3471 5138 ἡμεῖς,
3503 5064 3677 5118 κάθου

2100 5159 2178 5220 εἰς
2207 5157 2266 5210 τὸ
2312 5157 2518 5211 κελλίον
2571 5175 2682 5223 σου,
2712 5160 2807 5212 καὶ
2837 5157 3071 5212 κλαῦσον
3107 5160 3204 5223 τὰς
3247 5157 3521 5230 ἁμαρτίας
3551 5173 3692 5210 σου..

2098 5248 2206 5300 Kal
2226 5247 2487 5319 ἠρώτησα
2509 5249 2721 5313 αὐτούς·
2749 5251 2915 5303 Ὅταν
2933 5250 3150 5319 γίνηται
3171 5247 3402 5319 χειμὼν,
3427 5246 3488 5301 οὐ
3516 5247 3683 5316 6:15--

2097 5355 2192 5406 τες
2224 5343 2320 5395 καὶ
2345 5342 2474 5395 ὅταν
2496 5343 2712 5415 γίνηται
2742 5343 2948 5412 καῦμα,
2994 5344 3057 5396 οὑ
3086 5343 3298 5398 καίεται
3331 5340 3402 5395 τά
3449 5339 3684 5410 σώματα
