3982 6336
196 316 291 376 9.6!

1334 303 1939 366 APOPHTHEGMATA
1977 304 2284 361 PATRUM.

3351 306 3462 362 262

193 431 389 504 ὑμῶν;
417 428 480 482 0i
499 427 555 482 δὲ
585 420 760 481 εἷπον·
798 427 856 481 Ὀ
880 426 1011 490 Θεὸς
1053 428 1306 499 ἐποίησεν
1334 428 1467 498 ἡμῖν
1499 425 1598 496 τὴν
1633 425 1778 476 οἰκο-

1904 419 2113 490 ιιεειίεἳ
2147 417 2369 490 quando
2415 423 2586 473 aestus
2617 423 2723 478 est,
2769 429 2878 468 non
2916 413 3096 470 uritur
3127 429 3330 488 corpus
3370 434 3465 476 ve-

190 519 391 593 νομεαν
427 518 657 588 ταύτην·
685 517 784 571 καὶ
813 516 937 570 οὕτε
971 517 1050 588 τῷ
1077 515 1310 588 χειμῶνι
1335 514 1602 587 ριγῶμεν,
1652 510 1777 564 οὔτε

144 616 152 622 ’
189 613 268 684 τῷ
300 613 451 684 θέρει
483 611 544 664 τὸ
570 610 764 682 καῦμα
785 611 934 681 ἡμᾶς
951 610 1146 663 ἀδικεῖ.
1163 610 1262 663 Διὰ
1277 607 1436 662 τοῦτο
1457 603 1609 660 εἶπον
1627 605 1776 675 ὑμῖν,

191 707 275 758 δτι
307 702 462 757 οὔπω
481 701 687 771 γέγονα
723 701 976 772 μοναχὸς,
1007 701 1122 754 ἀλλ’
1157 697 1297 754 εἶδον
1323 697 1613 772 μοναχούς.
1643 698 1782 765 Συγ-

193 792 485 866 χωρήσατέ
519 810 632 864 μοι,
660 791 900 862 ἀδελφοί.

266 952 342 1021 γ’,
385 953 446 1006 '0
467 951 642 1014 άόὁᾶς
681 949 964 1020 Μακάριος
996 949 1082 1001 ὅτε
1119 947 1249 1018 ῷκει
1286 950 1343 1002 ἐν
1362 950 1428 1020 τῇ
1454 947 1778 1020 πανερήμῳ⁶

199 1042 265 1117 ἦν
295 1046 353 1098 δὲ
390 1044 552 1115 μόνος
580 1044 640 1096 ὲν
674 1043 811 1112 αὐτῇ
856 1042 1173 1112 ἀναχωρῶν,
1211 1043 1514 1114 παρακάτω
1545 1041 1602 1094 δὲ
1648 1040 1782 1111 άλλη

201 1141 410 1211 ἕρημος
432 1132 501 1207 ἦν
545 1134 808 1188 πλειόνων
855 1133 1115 1205 ἀδελφῶν.
1150 1135 1458 1205 Παρετήρει
1477 1134 1578 1186 δὲὸ
1606 1133 1785 1203 γέρων

202 1233 301 1303 τὴν
329 1229 464 1284 ὁδόψ
499 1227 595 1282 καὶ
637 1228 741 1299 ὁρᾷ
780 1225 872 1280 τὸν
913 1228 1148 1282 σατανᾶν
1180 1227 1539 1298 ἀνερχόμενον
1563 1227 1621 1279 ὲν
1654 1227 1787 1298 σχή-

205 1340 338 1394 ματι
362 1319 674 1392 ἀνθρώπου,
709 1317 1000 1390 παρελθεῖν
1027 1319 1094 1372 δι’
1119 1320 1306 1373 αὐτοῦ’
1343 1319 1594 1388 ἐφαίνετο
1627 1319 1682 1372 δὲ
1710 1319 1787 1382 ὡς

207 1414 485 1486 στιχάριον
516 1411 699 1483 φορῶν
726 1410 904 1464 λινοῦν
924 1408 1262 1481 τρωγλωτόν’
1297 1411 1390 1464 καὶ
1417 1411 1557 1465 κατὰ
1581 1427 1788 1482 τρυμαρ

203 1505 325 1557 λίαν
357 1504 634 1575 ἐκρέματο
663 1501 971 1572 ληκύνοιον.
1006 1504 1116 1556 Kal
1147 1502 1292 1572 λέγει
1326 1503 1472 1572 αὑτῴ
1499 1504 1528 1556 ὁ
1560 1504 1736 1573 γέρων
1758 1503 1789 1555 ὀ

208 1598 405 1669 μέγας·
449 1593 561 1649 Ποῦ
608 1593 845 1667 πορεύῃς
877 1596 988 1648 Kal
1029 1591 1181 1648 εἶπεν
1237 1595 1408 1666 αὐτῷ’
1453 1595 1788 1666 Ἀπέρχομαι

207 1688 522 1759 ὑπομνῆσαι
578 1685 705 1750 τοὺς
756 1685 1018 1757 ἀδελφούς
1067 1687 1204 1758 (82).
1253 1689 1310 1740 '0
1336 1687 1392 1742 δὲ
1429 1687 1608 1758 γέρων
1647 1684 1784 1740 εἴπεο

1878 519 2050 566 strum
2077 511 2099 565 ?
2131 510 2474 580 Responsum
2522 505 2796 562 dederunt
2827 524 2844 560 :
2886 503 3030 563 Deus
3063 522 3188 578 erga
3229 524 3330 566 nos
3356 511 3466 568 hac

1879 619 2013 658 usus
2052 610 2137 658 est
2189 600 2636 672 dispensatione;
2687 613 2787 652 nec
2827 597 3008 653 hieme
3052 599 3315 668 rigemus.
3354 617 3463 658 nec

1879 705 2064 750 testate
2103 711 2204 750 nos
2232 701 2400 750 aestus
2447 691 2613 745 laedit.
2656 689 2947 759 Propterea
2985 689 3100 744 dixi
3147 693 3328 756 vobis,
3379 707 3468 750 me

1881 786 2121 842 nondum
2148 788 2202 839 in
2234 785 2566 839 monachum
2595 783 2869 843 evasisse,
2900 795 3087 835 verum
3120 781 3323 837 vidisse
3349 796 3468 837 mo-

1882 874 2110 928 nachus.
2143 873 2413 942 Ignoscite
2446 872 2600 936 mihi,
2639 871 2864 924 fratres.

1952 964 2130 1033 5.(85)
2151 964 2334 1017 Abbas
2365 962 2636 1017 Macarius
2665 976 2788 1015 cum
2809 961 2861 1014 in
2881 958 3204 1024 Paneremo,
3229 973 3323 1015 seu
3350 975 3469 1014 οω-

1883 1054 2104 1110 nimoda
2133 1054 2430 1109 solitudine
2461 1053 2770 1116 habitaret;
2811 1051 2964 1106 solus
2995 1060 3174 1104 autem
3203 1049 3315 1104 illic
3336 1065 3470 1106 ana.

1885 1146 2220 1200 choreticam
2272 1145 2436 1199 vitam
2483 1143 2758 1208 ducebat;
2821 1143 2959 1196 infra
3011 1157 3144 1197 vero
3188 1143 3296 1196 alia
3346 1149 3471 1196 erat

1886 1251 2125 1298 eremus,
2167 1235 2221 1288 in
2249 1250 2354 1305 qua
2388 1234 2571 1303 plures
2612 1232 2810 1287 fratres
2861 1233 3131 1302 degebant
3180 1252 3195 1288 :
3249 1249 3336 1298 eo,
3384 1233 3473 1288 in»

1886 1342 2074 1397 quam,
2137 1327 2242 1380 loci
2305 1325 2601 1395 aliquando
2656 1341 2754 1396 per
2806 1325 2948 1378 viam
3015 1325 3472 1395 circumspiciens

1889 1431 2080 1479 senex,
2117 1415 2253 1470 vidit
2303 1416 2566 1470 Satanam
2595 1416 2901 1470 venientem
2935 1415 2987 1468 in
3015 1414 3185 1485 figura
3211 1417 3472 1484 hominis,

1889 1513 1949 1558 ut
1978 1520 2075 1574 per
2121 1504 2300 1558 locum
2341 1505 2396 1558 in
2424 1520 2535 1572 quo
2555 1512 2675 1558 erat
2707 1505 2971 1558 transiret
3001 1523 3013 1558 :
3050 1507 3352 1574 apparebat
3373 1522 3476 1562 au-

1890 1604 1996 1651 tem
2038 1597 2195 1665 quasi
2244 1597 2491 1651 tunicam
2543 1605 2761 1664 gestans
2804 1597 2998 1650 lineam
3052 1597 3408 1667 perforatam,
3443 1612 3475 1653 a

1892 1685 2051 1754 cujus
2085 1686 2457 1742 foraminibus
2495 1687 2805 1755 pendebant
2854 1703 3033 1755 parva:
3070 1688 3290 1757 lecythi.
3337 1687 3476 1743 Dicit

210 1781 322 1834 Kal
346 1781 436 1834 ἵνα
469 1779 523 1832 τι
552 1796 636 1832 σοι
663 1779 732 1832 τὰ
774 1778 1041 1849 ληκύνθια
1079 1778 1285 1845 ταῦτα;
1318 1779 1429 1833 Kal
1479 1774 1619 1832 εἷπε·
1659 1778 1790 1832 Fati-

1904 1775 1943 1830 ei
1963 1791 2192 1844 magnus
2218 1791 2384 1831 senex
2420 1794 2433 1830 :
2465 1776 2584 1841 Quo
2628 1777 2821 1830 vadis?
2846 1776 3145 1847 Βεμροιιιιίι
3193 1797 3204 1831 :
3251 1779 3478 1834 Prolici-

213 1887 359 1940 ματα
380 1869 646 1940 ἀποφέρω
675 1872 787 1932 τοῖς
813 1869 1078 1940 ἀδελφοῖς.
1125 1869 1182 1924 Ὀ
1207 1869 1266 1922 δὲ
1298 1869 1476 1942 γέρων
1505 1865 1647 1923 εἷπε·
1681 1870 1789 1924 Kal

209 1961 382 2014 ταῦτα
413 1961 544 2024 ὅλας
573 1960 891 2032 ’Δπεκρξθψ
925 1959 1050 2013 Ναί·
1081 1959 1175 2013 ἐὰν
1201 1961 1274 2030 μὴ
1307 1960 1368 2013 τὺ
1391 1961 1449 2013 ἓν
1472 1961 1646 2033 ἀρέσῃ
1663 1962 1787 2022 τινὶ,

212 2054 362 2124 φέρω
385 2052 537 2106 ἄλλο·
560 2053 656 2106 ἐὰν
680 2052 736 2105 δὲ
767 2053 841 2124 μὴ
873 2053 966 2106 καὶ
984 2051 1164 2116 τοῦτο,
1181 2051 1308 2106 διδῶ
1336 2053 1482 2106 ἄλλο’
1503 2053 1717 2116 πάντως
1737 2052 1792 2104 δὲ

211 2144 272 2210 ὲξ
307 2143 486 2197 αὐτῶν
527 2143 630 2196 κᾶν
677 2143 735 2196 ἓν
791 2143 977 2215 ἁρέσει
1032 2142 1200 2213 αὐτῷ.
1258 2144 1369 2196 Kal
1412 2143 1584 2196 ταῦτα
1625 2143 1791 2196 εἰπὼν

212 2236 477 2304 ἀπῆλθεν.
515 2236 573 2287 Ὀ
603 2235 657 2288 δὲ
701 2235 878 2306 γέρων
932 2234 1113 2306 ἔμεινε
1163 2233 1652 2306 παρατηρούμενος
1695 2234 1793 2298 τὰς

212 2328 386 2393 ὁδοὺς,
411 2327 517 2390 Em;
539 2326 704 2380 πάλιν
725 2328 930 2390 ἐκεῖνος
956 2326 1267 2397 ὲπανῆλθε.-
1289 2326 1399 2378 Kal
1422 2324 1498 2389 ὡς
1531 2321 1670 2378 εἶδεν
1698 2327 1796 2379 a6-

212 2420 356 2472 τὸνό
384 2419 586 2490 γέρων,
609 2419 760 2488 λέγει
789 2418 958 2490 αὐτῷ·
993 2417 1256 2489 Σωθείης.
1306 2419 1362 2471 Ὀ
1396 2418 1452 2471 δὲ
1499 2417 1792 2488 ἀπεκρίθη·

214 2511 328 2564 Ποῦ
366 2512 444 2565 ἔνι
478 2529 568 2582 μοι
617 2510 889 2580 σωθῆναι;
935 2511 1098 2579 Λέγει
1137 2509 1281 2581 αὐτῷ
1309 2513 1337 2564 ὁ
1364 2511 1561 2582 γέρων⁸
1611 2510 1794 2568 Διατί;

227 2605 286 2657 Ὀ
317 2604 374 2657 δὲ
407 2603 575 2672 λέγει’
619 2603 741 2655 Ὀτι
769 2600 967 2664 πάντες
1024 2599 1205 2671 ἄγριοί
1255 2618 1343 2672 μοι
1381 2600 1629 2668 ἐγένοντο
1661 2599 1795 2670 (83),

216 2696 314 2750 καὶ
337 2695 516 2758 οὐδείς
537 2711 640 2765 μου
666 2688 918 2764 ἀνέχεται
945 2693 1012 2746 ³⁸.
1044 2693 1202 2760 Λέγει
1235 2691 1383 2764 αὐτῷ
1412 2695 1440 2745 ό
1465 2694 1664 2764 γέρων*
1690 2694 1798 2745 Οὐ-

214 2785 343 2839 δένα
358 2782 450 2838 οὖν
481 2784 636 2854 φίλον
664 2783 804 2855 ἔχεις
833 2785 981 2851 insi;
1033 2783 1092 2836 '0
1115 2781 1170 2835 δὲ
1209 2781 1502 2852 ἀπεκρίθηο
1536 2782 1665 2848 Ναὶ,
1704 2782 1801 2835 ἕνα

222 2879 455 2949 μοναχὸν
482 2878 527 2909 ¹⁶
551 2878 660 2948 ἔχω
690 2880 806 2931 ἐκεῖ
838 2876 990 2946 φίλον
1016 2877 1084 2943 ’⁷,
1115 2875 1207 2929 καὶ
1233 2874 1336 2929 κᾶν
1367 2874 1530 2938 αὑτός
1574 2891 1662 2944 μοι
1683 2874 1801 2926 πεί-

220 2973 390 3026 θεται’
415 2971 512 3025 καὶ
531 2971 618 3024 ὅτε
637 2973 739 3042 ὁρᾷ
769 2987 859 3043 με,
892 2971 1183 3039 στρέφεται
1203 2967 1276 3032 ὡς
1299 2967 1494 3037 ἀνέμη.
1520 2967 1681 3034 Λέγει
1705 2966 1804 3019 αὐ-

1905 1882 2035 1922 scor
2067 1867 2132 1920 ad
2169 1866 2390 1931 fratres,
2418 1877 2479 1922 ut
2507 1870 2573 1923 iis
2605 1869 2656 1922 in
2680 1871 3316 1940 memoriamsuggeram.
3336 1871 3475 1926 Tum

1891 1974 2055 2013 senex
2107 1979 2119 2013 :
2172 1955 2237 2011 Et
2287 1975 2458 2028 quare
2506 1960 2601 2014 tibi
2642 1961 2896 2028 ampulla:
2945 1961 3071 2015 hae?
3112 1962 3207 2017 llle
3242 1981 3255 2017 :
3295 1962 3478 2017 Δαετο

1893 2051 2160 2106 fratribus
2191 2053 2568 2107 condimenta.
2607 2052 2785 2108 Senex
2824 2072 2836 2107 :
2865 2052 2930 2106 Et
2971 2053 3086 2108 haec
3118 2055 3342 2108 omnia?
3371 2053 3480 2109 Ex—

1891 2143 2034 2212 cepit
2072 2162 2086 2198 :
2127 2143 2302 2197 Etiam
2333 2163 2346 2198 :
2383 2145 2430 2200 si
2457 2161 2624 2199 unum
2657 2145 2822 2199 alicui
2857 2161 2966 2199 non
2997 2145 3288 2215 placuerit,
3325 2147 3476 2201 aliud

1894 2236 2144 2305 porrigo;
2172 2235 2220 2290 si
2252 2251 2429 2305 neque
2457 2235 2583 2298 hoc,
2621 2235 2693 2290 do
2715 2235 2860 2289 aliud
2897 2254 2908 2288 :
2935 2236 3165 2290 omnino
3195 2244 3380 2292 autem
3403 2252 3474 2292 ex

1896 2328 2004 2383 illis
2055 2329 2245 2384 saltem
2307 2345 2474 2384 unum
2530 2331 2860 2400 placiturum
2914 2336 3001 2384 est
3039 2329 3116 2384 ei.
3159 2329 3338 2398 Atque
3396 2329 3482 2385 his

1895 2421 2058 2476 dictis
2113 2421 2267 2476 abiit.
2317 2421 2388 2476 At
2439 2437 2605 2477 senex
2667 2426 2955 2485 remansit,
2999 2422 3305 2476 observans
3344 2420 3482 2485 vias,

1896 2511 2069 2567 donec
2111 2523 2495 2569 reverteretur.
2542 2513 2720 2582 thue
2769 2515 3063 2585 conspexit
3109 2515 3288 2575 illum,
3343 2515 3418 2568 ait
3465 2528 3480 2566 :

1899 2605 2096 2659 Salvus
2143 2605 2239 2660 sis.
2306 2605 2397 2660 llle
2449 2606 2730 2675 respondit
2772 2626 2784 2661 :
2828 2606 3113 2672 Quomodo
3167 2606 3486 2674 contingere

1900 2697 2029 2750 mihi
2059 2697 2259 2765 poterit
2288 2707 2345 2750 ut
2376 2699 2561 2751 salvus
2600 2697 2747 2751 sim?
2787 2697 2969 2751 Senex
3007 2715 3021 2750 :
3055 2697 3236 2762 Quare
3273 2697 3296 2750 1
3342 2695 3436 2751 ille
3467 2713 3483 2751 :

1899 2784 2035 2852 Quia
2055 2786 2395 2855 cunctimibi
2427 2785 2648 2840 fuerunt
2688 2785 2951 2850 immites,
2995 2801 3097 2839 nec
3138 2786 3282 2838 ullus
3318 2784 3490 2840 susti-

1904 2877 2026 2931 nuit
2053 2893 2158 2931 me.
2181 2876 2263 2930 Ad
2296 2892 2419 2931 eum
2457 2892 2625 2932 senex
2657 2893 2672 2931 :
2701 2874 2894 2931 Nullus
2937 2891 3068 2946 ergo
3089 2876 3201 2930 illic
3229 2875 3324 2929 tibi
3350 2879 3489 2930 ami-

1901 2968 2036 3023 cus?
2079 2967 2161 3022 Ad
2201 2983 2386 3023 senem
2435 2967 2669 3022 Satanas
2705 2985 2719 3021 :
2756 2966 2867 3029 Nae,
2909 2981 3080 3020 unum
3119 2967 3190 3020 ibi
3245 2968 3484 3022 amicum

217 3063 299 3136 τῷ
330 3066 358 3117 ὁ
379 3063 578 3134 γέρων·
613 3063 724 3116 Kal
743 3061 826 3125 τίς
855 3060 1100 3126 καλεῖται
1129 3062 1157 3114 ὁ
1183 3059 1440 3128 ἁδελφός;
1469 3058 1527 3112 ’0
1550 3056 1605 3110 δὲ
1631 3057 1797 3126 λέγει’

1905 3057 2102 3124 habeo,
2129 3058 2220 3128 qui
2247 3058 2331 3112 vel
2372 3059 2488 3127 ipse
2521 3057 2652 3111 mihi
2700 3057 3080 3126 obtemperat;
3122 3073 3359 3128 cumque
3401 3075 3489 3115 me

218 3156 603 3226 Θεόπεμπτος.
639 3152 822 3207 Εἰπὼν
854 3153 910 3207 δὲ
949 3151 1121 3206 ταῦτα
1157 3151 1391 3220 ἀπῆλθε.
1428 3150 1537 3204 Kal
1564 3149 1804 3214 ἀναστὰς

218 3250 249 3302 ὁ
286 3247 460 3309 esse;
499 3246 784 3317 Μακάριος
806 3245 1102 3316 ἀπέρχεται
1125 3243 1217 3296 ἐπὶ
1232 3242 1332 3310 τὴν
1361 3242 1665 3314 παρακάτω
1685 3241 1804 3313 ἐρη-

224 3357 344 3410 μον.
386 3337 500 3392 Kal
529 3337 859 3400 ἀκούσαντες
889 3337 938 3389 οἱ
982 3335 1223 3404 ἀδελφοὶ,
1258 3333 1512 3396 λαϐόντες
1555 3331 1681 3402 βαΐα
1715 3330 1803 3396 ἐξ·

220 3430 381 3502 ἦλθον
410 3430 494 3493 εἰς
524 3428 827 3499 ἀπάντησιν
857 3427 1020 3482 αὑτοῦ
1059 3426 1192 3498 (84).
1228 3425 1334 3479 Kal
1357 3424 1540 3476 λοιπὸν
1571 3423 1802 3486 ἕκαστος

220 3519 606 3590 ηὑτρεπίξετο,
637 3517 873 3588 νομίζων
921 3518 1003 3570 ὅτι
1054 3518 1185 3589 παρ’
1227 3514 1375 3585 αὑτῷ
1408 3513 1598 3584 ἔμελλε
1633 3529 1807 3567 κατα-

223 3615 369 3667 λύειν
395 3615 425 3664 ὁ
446 3612 648 3683 γέρων.
692 3612 750 3664 '0
775 3613 830 3665 δὲ
857 3610 1039 3682 ἐζήτει
1066 3611 1149 3673 τίς
1176 3610 1263 3681 εἴη
1283 3607 1658 3678 ὁκαλούμενος
1682 3607 1812 3662 Θεό-

226 3724 476 3778 πεμπτος
506 3708 563 3758 ἐν
581 3704 663 3776 τῷ
695 3705 832 3777 ὁρει.
865 3706 976 3759 Kal
1003 3703 1203 3775 εὑρὼν,
1236 3701 1484 3773 εἰσῆλθεν
1504 3703 1584 3766 εἰς
1609 3700 1668 3756 τὸ
1685 3701 1810 3755 κελ-

261 3863 309 3894 ⁹⁶
333 3863 421 3917 Al.
461 3879 552 3933 μοι
577 3859 844 3916 πείθεται.
920 3857 967 3890 ⁸⁸
991 3857 1074 3911 Al.
1109 3857 1289 3928 p.6vov.
1355 3857 1399 3888 ’⁷
1431 3855 1793 3926 amntem.

299 4003 413 4074 (82)
438 4001 802 4074 νίἉπέρχομᾳρ
822 3995 1171 4074 ὑπομνῆσαι
1191 3997 1335 4074 τοὺς
1383 3996 1710 4074 aediﬁctio.
1726 3995 1806 4074 _ln

244 4067 372 4129 Vitis
397 4067 406 4074 ’
428 4067 661 4127 Patruini
683 4067 711 4127 ε’
752 4069 896 4123 Vada
936 4067 1272 4123 commovere.
1292 4070 1522 4134 fratres,
1557 4067 1701 4123 facili
1726 4068 1808 4121 la-

233 4161 355 4213 psu.
384 4145 499 4198 vice
513 4157 848 4213 commonere
883 4158 902 4196 :
931 4138 1394 4213 quemadmodum
1425 4146 1572 4213 recte
1610 4141 1662 4192 in
1693 4137 1806 4213 ‘Pa-

232 4209 474 4270 .Lchasio.
511 4211 724 4273 Parque
754 4219 993 4266 erratum
1028 4211 1272 4262 occurrit
1313 4209 1417 4263 sub
1455 4211 1614 4262 finem
1667 4209 1810 4273 Apo-

232 4284 607 4354 phthegmatis.
632 4280 769 4354 Cod.
806 4281 972 4354 Corb.
1004 4295 1332 4354 commoneri:
1358 4289 1410 4334 et
1436 4280 1736 4354 admonere:

303 4348 416 4426 (85)
447 4353 680 4426 Πάντες
709 4351 900 4422 tincto!
922 4367 1022 4426 μοι
1045 4348 1345 4426 ἐγένοντορ
1377 4361 1429 4402 et
1460 4350 1620 4426 paulo
1637 4348 1808 4426 infra,

232 4418 424 4493 ἄγριοῖ
456 4427 616 4478 εἰσιν
648 4418 798 4492 dicit,
827 4430 880 4474 et
905 4418 1147 4493 πάντων
1175 4418 1524 4493 ἁκοιῴζερος
1553 4418 1808 4488 ἐγένετο.

1907 3151 2200 3220 conspicit,
2236 3155 2407 3206 instar
2441 3166 2590 3206 aura:
2618 3151 2874 3206 vertitur.
2913 3150 3053 3204 Tum
3087 3166 3252 3206 senex
3294 3153 3489 3218 :Quo-

1908 3243 2070 3296 modo
2097 3251 2324 3297 vocatur
2349 3243 2517 3298 frater
2561 3244 2690 3299 ille?
2738 3243 2974 3298 Satanas
3019 3242 3088 3297 ad
3115 3244 3222 3298 hoc
3255 3261 3268 3296 :
3304 3244 3488 3301 Theo-

1908 3341 2184 3404 pemptus.
2221 3335 2342 3401 Quo
2391 3336 2563 3401 dicto,
2596 3336 2875 3392 discessit.
2914 3336 3104 3405 Itaque
3132 3352 3362 3407 surgens
3392 3339 3490 3394 ab-

1906 3424 2006 3480 bas
2069 3425 2384 3495 Macarius,
2431 3429 2670 3499 perrexit
2730 3428 2799 3483 ad
2856 3429 3174 3484 inferiorem
3223 3446 3487 3486 eremmn.

1907 3516 2093 3588 anue
2126 3534 2185 3573 re
2224 3530 2503 3591 comperta
2549 3521 2770 3586 fratres,
2822 3529 3104 3578 sumentes
3137 3538 3320 3579 ramos
3361 3525 3481 3594 pal-

1908 3625 2144 3674 marum,
2176 3611 2226 3668 ei
2256 3614 2470 3668 obviam
2513 3615 2859 3683 prodierunt.
2895 3616 3161 3670 Caeterum
3196 3619 3492 3687 unusquis-

1907 3719 2014 3776 que
2037 3719 2227 3762 eorum
2260 3709 2601 3778 praeparabat
2625 3724 2684 3764 se
2699 3749 2717 3773 ,
2741 3717 2946 3779 putans
2969 3708 3115 3780 quod
3139 3710 3284 3781 apud
3312 3713 3490 3780 ipsum

1913 3998 2012 4051 liati
2042 3997 2248 4050 itineris
2281 3996 2393 4066 vias
2425 3997 2628 4066 gaudia
2675 4014 2884 4060 maiora
2913 4001 3196 4066 reperiens,
3227 4002 3280 4054 in
3308 4017 3492 4056 occur-

1914 4085 2031 4122 sum
2058 4083 2210 4120 suum
2234 4064 2443 4132 populis
2475 4068 2701 4133 undique
2731 4064 3086 4127 tendentibus.
3115 4086 3234 4122 cum
3260 4071 3491 4130 lucernis

1915 4147 1964 4192 et
1987 4135 2321 4204 lampadibus
2359 4146 2422 4206 et
2441 4138 2689 4190 arborum
2718 4137 3021 4206 frondibus.
3059 4140 3305 4193 Tertium
3355 4158 3491 4198 con-

1918 4203 2120 4261 tinetur
2146 4207 2199 4258 in
2224 4206 2373 4259 notis
2401 4203 2587 4260 Jacobi
2628 4203 2902 4262 Sirinondi
2935 4209 3001 4262 ad
3041 4218 3246 4265 tomum
3272 4214 3491 4268 tertium

1919 4276 2275 4334 Conciliorum
2312 4274 2526 4337 Galliae,
2555 4294 2617 4330 ex
2665 4277 2992 4333 Narratione
3030 4280 3354 4336 clericorum
3388 4283 3498 4338 Re.-

1920 4347 2212 4423 mensium.
2239 4345 2308 4423 de
2335 4345 2518 4423 Eboue
2543 4347 2838 4423 :‘lleceptus
2879 4361 2976 4423 est_
2991 4349 3059 4423 ab
3087 4352 3340 4419 episcopis
3373 4353 3497 4423 suf—

1919 4417 2188 4490 [raganei-s
2210 4417 2342 4474 suis,
2371 4414 2609 4468 Ilotltado
2638 4419 2897 4490 episcopo.
2937 4414 3178 4474 Simeone
3224 4414 3494 4490 episcopo,

235 4475 548 4550 ἑῖῑιύᾑὶίῑ
583 4475 1054 4562 interpretatione
1107 4475 1384 4562 contrarii,
1404 4475 1517 4562 fet.
1559 4475 1811 4562 agrestes,
1847 4475 1891 4532 D
1917 4475 2064 4555 Lupo
2087 4486 2348 4562 episcopo.
2379 4501 2486 4562 una
2513 4503 2631 4562 cum
2659 4475 2843 4556 legatis
2875 4475 3108 4562 omnium
3133 4475 3360 4545 alioium
3385 4475 3496 4562 e'pvi:

235 4577 398 4634 atque
428 4563 673 4619 omnibus
713 4558 943 4629 amplius
1001 4562 1260 4634 asperior.
1304 4560 1376 4613 Ex
1403 4558 1656 4634 illa‘vero
1712 4558 1815 4634 ξιι-

237 4628 460 4698 scbasii,
494 4634 774 4696 contrarii,
793 4628 1048 4702 agrestes,
1079 4631 1320 4702 omnibus
1341 4630 1598 4702 asperior.
1625 4631 1694 4682 At
1716 4628 1816 4702 Pe-

239 4709 412 4776 lagius
467 4705 680 4776 legebat
723 4699 868 4771 ἆγιόι
896 4741 910 4762 .
941 4715 1041 4776 ac_
1058 4701 1377 4776 ἁγιώτερος.
1436 4699 1594 4776 NamA
1617 4701 1811 4776 vertit:

234 4768 423 4831 omnes
457 4768 781 4840 sanctiﬁcati
802 4781 944 4840 sunt.
1001 4768 1118 4824 Tati
1149 4768 1322 4824 sancti
1373 4779 1516 4823 sunt.
1556 4768 1812 4824 Omnibus

235 4849 471 4900 sanctior
500 4853 576 4897 est
603 4839 799 4909 factus.
831 4839 1011 4895 Minus
1035 4842 1190 4894 bene.

306 4919 418 4985 (84)
442 4915 632 4985 Λαὸὡι
644 4929 743 4978 τες
759 4912 908 4985 βαΐα
931 4910 1198 4978 ἐξῆλθον
1219 4913 1305 4975 εἰς
1335 4910 1685 4985 dada-matr
1709 4911 1816 4985 ai)-

235 4987 358 5040 τοῦ.
391 4981 471 5038 Ad
525 4983 908 5036 ﬂlustrandum
948 4996 1152 5036 morem
1189 4981 1543 5049 praeclarum,
1598 4981 1812 5034 obviam

233 5057 398 5110 eundi
435 5055 621 5118 alicui,
666 5053 892 5106 honoris
938 5067 1129 5112 causa,
1189 5050 1453 5118 gestando
1482 5065 1662 5104 ramos
1696 5050 1813 5119 pal-

238 5143 448 5179 marum
483 5132 578 5177 aut
621 5123 850 5176 aliarum
889 5122 1178 5182 arborum,
1237 5121 1340 5172 tria
1394 5119 1706 5188 deprompsi
1748 5135 1811 5173 ex

237 5195 570 5251 adversariis
591 5194 728 5246 meis
761 5192 994 5261 insignia
1025 5191 1357 5244 testinmnia.
1401 5188 1648 5261 Primqu
1677 5189 1813 5256 peli-

237 5275 323 5319 tur
359 5283 426 5320 ex
463 5263 754 5318 Itinerario
784 5259 1816 5332 HierosolgmitanoAntonini:Ibire-

235 5346 423 5390 nerunt
472 5333 718 5388 mulieres
749 5335 804 5386 in
859 5329 1134 5385 occursum
1167 5329 1314 5383 nobis
1345 5345 1461 5382 cum
1497 5329 1811 5397 infantibus,

233 5407 441 5466 palmas
466 5407 520 5458 in
553 5404 797 5457 manibus
825 5411 1072 5464 tenentes,
1094 5411 1142 5455 et
1166 5399 1428 5467 ampullas
1459 5416 1576 5451 cum
1602 5416 1815 5453 rosaceo

237 5475 349 5529 oleo
372 5493 390 5530 :
423 5488 470 5530 et
497 5483 786 5544 prostrata:
815 5472 1032 5544 pedibus
1086 5473 1300 5544 nostijs,
1333 5470 1549 5544 plantas
1601 5481 1814 5544 nostras

238 5540 522 5616 lugebant,
553 5543 944 5616 cantabantque
974 5540 1503 5616 lingua/Egyptian
1530 5541 1814 5616 psallentes

235 5611 595 5684 Antiphonem
613 5631 630 5668 :
651 5611 922 5684 Benedicti
961 5611 1063 5666 vos,
1081 5628 1113 5665 α
1142 5612 1408 5684 Domino,
1421 5611 1816 5684 benedrictusque

237 5680 489 5740 adventus
521 5697 720 5748 vester,
761 5683 979 5739 Osanna
1005 5684 1060 5735 in
1095 5682 1334 5736 excelsis.
1375 5680 1688 5735 Secundum
1722 5683 1816 5732 ha-

235 5755 396 5810 betur
420 5759 474 5811 in
517 5756 636 5809 Vita
665 5754 722 5807 S.
761 5752 1047 5824 Futgentii,
1073 5768 1192 5822 cap.
1220 5750 1291 5808 29
1325 5751 1461 5808 :Per
1490 5768 1666 5806 omnes
1691 5766 1816 5817 pre»

1917 4573 2195 4629 scaporum
2228 4555 2499 4629 Bernensis
2522 4555 2820 4629 diwces’eos,
2861 4561 2952 4629 qui
2997 4563 3157 4614 rariis
3185 4565 3381 4616 detenti
3410 4555 3495 4617 in-

1917 4625 2264 4696 ﬁrmitatibus
2295 4625 2423 4678 illuc
2478 4628 2744 4693 corporali
2773 4625 3056 4695 praesentia
3087 4648 3362 4685 occurrere
3389 4649 3496 4688 non

1917 4699 2166 4754 ualentes.
2208 4713 2371 4771 suam
2400 4705 2568 4750 tamen
2618 4713 2708 4771 per
2749 4699 3134 4771 ecclesiasticos
3178 4703 3397 4771 legatos,
3439 4714 3493 4757 et

1915 4769 2282 4839 excusatorias
2334 4766 2573 4830 litteras,
2603 4768 2697 4839 illi
2741 4767 3085 4822 exhibuerunt
3125 4766 3491 4839 prtisenlt'am.

1920 4838 2144 4909 Insuper
2176 4837 2334 4892 etiam
2365 4853 2401 4909 a_
2421 4838 2764 4909 canoniciset
2794 4839 3084 4900 monachis,
3126 4837 3287 4909 atque
3316 4859 3495 4896 corre.

1918 4905 2214 4978 gionntibus
2261 4905 2578 4975 presbyteris
2611 4908 2768 4958 tutius
2799 4909 3060 4972 diwcesis,
3103 4905 3258 4977 atque
3279 4913 3494 4978 inﬁnita

1919 4979 2257 5032 multitudine
2286 4978 2560 5044 utriusque
2585 4992 2764 5030 sexus.
2799 4978 2903 5044 Qui
2939 4996 3117 5034 omnes
3157 4996 3274 5034 rum
3324 4984 3492 5037 ramis

1917 5050 2220 5120 palmarum
2247 5059 2295 5100 et
2324 5047 2486 5099 cereis
2521 5045 2846 5120 ardentibus,
2897 5047 3178 5120 laudesque
3219 5050 3334 5120 ADeo
3367 5057 3496 5106 inti-

1918 5120 2015 5171 mis
2049 5119 2294 5171 cordibus
2338 5126 2388 5170 et
2430 5117 2804 5171 excelsissimis
2842 5118 3049 5172 vocibus
3077 5117 3492 5186 proclamantes,

1919 5189 2068 5258 longe
2088 5190 2135 5242 ei
2158 5188 2222 5241 ab
2235 5187 2455 5242 ecclesia
2480 5187 2838 5250 obviarerunt,
2857 5198 2908 5242 et
2932 5205 3090 5252 usque
3118 5191 3184 5241 ad
3217 5191 3494 5245 ecclesiam

1916 5257 2267 5313 indesinenter
2284 5257 2572 5324 psallentes
2586 5274 2708 5324 eum.
2729 5259 3108 5326 perduxerunt.
3136 5259 3492 5316 Notissimum

1916 5337 2001 5383 est
2029 5330 2233 5382 Christi
2280 5327 2497 5380 Domini
2552 5331 2898 5397 exemplum:
2938 5327 3094 5383 .loan.
3137 5346 3234 5390 xit,
3263 5332 3350 5385 15.
3388 5331 3495 5386 Sed

1916 5410 1969 5452 et
1999 5400 2066 5452 ad
2108 5398 2398 5467 exsequias
2437 5411 2562 5450 cum
2602 5398 2798 5466 palmis
2831 5398 3154 5467 prodibant,
3196 5409 3256 5452 ut
3311 5401 3496 5456 videre

1916 5479 1998 5524 est
2018 5468 2162 5538 apud
2191 5469 2541 5538 Ammonium
2575 5469 2900 5538 monachum
2926 5468 3004 5521 De
3034 5469 3282 5523 Pati-ibus
3313 5471 3496 5525 Sinni-

1919 5541 1984 5592 tis
2012 5536 2475 5600 et'Raitltensibus,
2504 5551 2556 5605 p.
2597 5536 2860 5604 106,128,
2900 5538 3025 5605 l29;
3071 5540 3210 5595 etin
3253 5541 3494 5595 Historia

1916 5608 2204 5672 Lausiaca,
2238 5624 2361 5677 cap.
2406 5606 2493 5661 59,
2547 5605 2700 5660 Mitto
2752 5612 2953 5662 multas
2993 5609 3130 5663 alias
3179 5612 3495 5666 consimiles

1917 5679 2363 5734 consuetudines.

1989 5749 2101 5820 (85)
2140 5749 2246 5803 Vit.
2279 5747 2434 5802 Patr.
2474 5762 2630 5814 xvm,
2665 5748 2734 5815 9;
2769 5747 2996 5804 Doroth.
3028 5749 3212 5806 Doctr.
3249 5749 3303 5809 5.
