3982 6336
412 301 482 356 65
1532 301 1568 356 Α
1581 298 1877 355 PPENDIX
1915 298 1974 354 Al

2083 299 2268 356 ’ALLA
2281 299 2470 358 DIUM.

3533 298 3640 354 2M

376 410 756 475 diversatut-us
781 421 928 470 esset
953 429 1142 468 senex.
1175 412 1246 468 At
1273 413 1363 469 ille
1391 414 1954 484 requisivitquisnam

2083 414 2170 469 ,ίον
2207 417 2394 470 αὐτοῦ.
2442 415 2501 468 '0
2527 414 2584 469 δὲ
2613 413 2968 486 Θεόπεμπτος
2997 413 3293 479 ὑπεδέξατο
3320 414 3484 471 αὐτὸν
3525 417 3641 489 χαί-

377 519 526 567 esset
557 509 614 562 in
638 513 823 561 monte
843 505 938 575 qui
969 503 1378 576 Tlteopemptus
1405 507 1804 576 appellaretur.
1836 505 1956 571 Quo

383 601 624 662 invento,
661 596 887 652 intravit
917 596 971 650 in
1002 596 1196 651 cellam
1253 597 1394 665 ejus.
1428 596 1836 668 Theopemptus
1861 614 1960 651 au-

2067 524 2194 578 ρων.
2237 507 2327 570 Ὠς
2372 507 2429 559 δὲ
2467 504 2670 578 ἡρξατο
2723 503 2943 568 ίδιάζειν
2991 505 3186 568 αὑτὸν,
3215 506 3244 558 6
3272 505 3451 576 γέρων
3475 505 3648 576 λέγει’

2063 598 2187 660 Πῶς
2208 598 2276 651 τὰ
2307 597 2448 650 κατὰ
2489 597 2570 662 σὲ,
2608 596 2840 665 ἀδελφέ;
2889 597 2946 649 '0
2978 596 3035 650 δὲ
3078 593 3252 650 εἶπεν·
3278 597 3480 666 Εὑχαῖς
3528 615 3650 664 σου,

384 700 486 748 tem
514 691 754 760 suscepit
778 689 928 744 illum
956 689 1132 744 laetus.
1162 687 1340 758 thue
1368 688 1535 758 cwpit
1557 690 1735 743 solum
1769 704 1958 744 secum

2083 686 2264 751 ιαλῶς.
2286 683 2420 740 Εἷπε
2448 685 2505 739 δὲ
2525 687 2553 739 6
2578 687 2773 757 γέρων·
2793 687 2884 757 Μὴ
2909 686 3204 757 πολεμοῦσί
3222 703 3281 738 σε
3293 687 3343 739 oi
3365 685 3652 758 λογισμοί;

383 785 579 840 habere
628 798 827 843 senex.
868 780 1171 847 Quomodo,
1224 781 1423 851 inquit.
1477 797 1536 837 sc
1587 797 1676 837 res
1716 790 1825 836 tuae
1863 783 1960 836 ba-

2079 780 2137 833 'O
2169 779 2226 832 δὲ
2269 775 2409 832 εἷπε·
2435 778 2586 842 Τέως
2611 778 2792 842 καλῶς
2819 780 2953 847 είμι·
2985 777 3164 849 ᾐδεῖτο
3193 777 3301 850 γὰρ
3330 779 3524 834 εἰπεῖν.
3547 777 3654 832 A6-

384 877 530 942 bent,
567 874 776 928 frater?
807 873 859 929 ls
899 873 1035 927 dicit
1066 891 1080 928 :
1123 872 1315 938 Recte,
1354 889 1452 943 per
1488 889 1679 943 preces
1713 882 1860 930 tuas.
1893 873 1960 926 Et

2083 890 2154 940 γει
2187 871 2336 943 αύτῷ
2369 873 2397 924 6
2420 872 2620 944 γέρων’
2676 872 2805 925 Ἰδοὺ
2836 873 2977 925 πόσα
3019 871 3114 942 ἔτη
3146 872 3318 937 ἀσκῶ,
3361 872 3454 926 καὶ
3479 872 3655 943 τιμῶ·

380 984 547 1025 senex
585 985 598 1022 :
637 967 776 1020 Num
817 967 1140 1036 impugnant
1177 975 1230 1020 te
1255 966 1662 1036 cogitationes?
1695 967 1786 1020 ille
1820 984 1834 1020 :
1869 966 1959 1020 ln-

380 1060 538 1115 terim
586 1057 718 1112 mihi
761 1058 899 1112 bene
938 1065 1041 1111 est.
1085 1055 1333 1110 Pudebat
1365 1057 1511 1110 enim
1552 1072 1675 1110 cnnt
1721 1057 1957 1112 edicere.

381 1153 472 1205 Ait
505 1151 581 1205 illi
619 1165 784 1204 senex
825 1163 838 1200 :
879 1147 1016 1202 Ecce
1042 1164 1071 1201 a
1112 1147 1426 1217 quotannis
1470 1147 1634 1200 vitant
1667 1148 1960 1201 asceticam

383 1243 548 1304 duco,
581 1249 636 1297 et
677 1241 886 1296 honore
925 1239 1132 1294 affteior
1167 1239 1235 1292 ab
1268 1239 1564 1302 omnibus;
1599 1247 1840 1292 attamen
1877 1253 1964 1293 me

385 1341 570 1389 senem
601 1332 831 1402 spiritus
868 1329 1250 1384 fornicationis
1279 1329 1524 1383 divexat.
1557 1327 1964 1399 Theopemptus

384 1425 638 1494 excepit:
673 1423 868 1486 Crede,
909 1422 1078 1484 abba,
1121 1436 1209 1476 me
1247 1421 1434 1476 etiam.
1479 1420 1654 1474 Senex
1705 1435 1836 1475 vero
1885 1421 1964 1476 si-

383 1517 629 1571 mulabat
651 1516 719 1570 ab
744 1515 868 1570 aliis
889 1516 1053 1568 etiam
1087 1513 1516 1583 cogitationibus
1548 1512 1853 1583 impugnari
1884 1528 1964 1577 se,

385 1609 561 1664 donec
626 1623 750 1662 eum
812 1606 876 1660 ad
932 1603 1334 1659 confessionem
1388 1603 1703 1657 adduceret.
1769 1603 1967 1660 Postea

386 1703 516 1755 dicit
542 1701 590 1754 ei
625 1717 639 1754 :
675 1697 964 1764 Quomodo
1008 1696 1260 1765 jejunas?
1292 1695 1590 1763 RCSpOlldil
1617 1714 1630 1749 :
1656 1695 1735 1749 Ad
1777 1696 1965 1750 horam

2071 982 2167 1036 μαι
2194 965 2344 1036 παρὰ
2368 963 2608 1026 πάντων,
2640 965 2733 1018 καί
2755 964 2876 1034 ἐμοὶ
2905 963 2981 1034 τῷ
3004 964 3219 1035 γέροντι
3243 965 3388 1036 ὀχλεῖ
3407 969 3466 1019 τὸ
3499 964 3658 1018 πνεῦο

2073 1076 2149 1130 μα
2179 1059 2281 1128 τῆς
2305 1057 2579 1129 πορνείας.
2599 1057 2893 1130 Ἀπεκρίθη
2919 1057 3094 1128 λέγων
3112 1060 3205 1112 καὶ
3224 1058 3253 1109 6
3273 1059 3655 1130 Θεόπεμπτοςο

2070 1149 2320 1215 Πίστευε,
2362 1148 2522 1214 άϐὄᾶ,
2551 1149 2642 1201 καὶ
2683 1148 2823 1220 ἐμοί.
2872 1150 2928 1201 Ὀ
2951 1149 3006 1202 δὲ
3053 1151 3232 1221 γέρων
3257 1149 3659 1221 προεφασίζετο

2071 1242 2167 1294 καὶ
2217 1242 2437 1311 ἑτέρους
2483 1241 2777 1312 λογισμοὺς
2808 1241 3063 1311 πολεμεῖν
3105 1240 3275 1311 αὐτῷ,
3302 1240 3406 1303 ἓως
3433 1241 3657 1310 ποιήσει

2071 1335 2233 1388 αὐτὸν
2270 1334 2615 1405 ὁμολογῆσαι.
2656 1329 2787 1387 Εἶτα
2817 1333 2965 1402 λέγει
2994 1333 3160 1404 αὐτῷ·
3195 1333 3320 1395 Πῶς
3341 1332 3655 1403 νηστεύειςς

2083 1426 2142 1480 '0
2181 1426 2238 1479 δὲ
2263 1425 2411 1494 λέγει
2436 1425 2604 1497 αὐτῷ’
2645 1425 2756 1497 Τὴν
2779 1425 2995 1494 ὲνάτην.
3020 1424 3181 1492 Λέγει
3207 1422 3356 1495 αὐτῷ
3394 1425 3423 1476 6
3448 1423 3653 1493 γέρωνο

2071 1517 2316 1588 Νήστευε
2337 1515 2441 1579 ἕως
2467 1514 2697 1584 ὀψὲ,καὶ
2725 1515 2903 1568 ἄσκειο
2935 1515 3030 1567 καὶ
3061 1512 3389 1583 ἀποστὴθιζε
3421 1512 3514 1566 τοῦ
3546 1514 3658 1565 Εὐ-

2073 1606 2330 1676 αγγελίου
2361 1607 2454 1660 καὶ
2489 1606 2596 1659 τῶν
2625 1605 2800 1660 ἄλλων
2834 1601 3086 1676 Γραιςῶνο
3111 1606 3206 1658 καὶ
3239 1603 3334 1658 ὲάν
3366 1622 3447 1657 σοι
3474 1604 3653 1676 ἀναϐῇ

2072 1699 2352 1770 λογισμὸς,
2371 1698 2639 1770 μηδέποτε
2665 1698 2909 1771 πρόσχῃς
2929 1698 3098 1759 κάτω,
3116 1697 3250 1751 ἀλλὰ
3268 1697 3496 1751 πάντοτε
3517 1696 3655 1750 ἄνοι’

387 1805 607 1844 nonam.
652 1786 791 1840 Tum
835 1802 1006 1841 senex
1046 1801 1060 1837 :
1105 1784 1302 1856 Jejuna
1338 1801 1514 1855 usque
1554 1785 1620 1836 ad
1645 1800 1973 1854 vesperam,-

2083 1790 2171 1844 καὶ
2193 1790 2396 1853 εὐθέως
2433 1807 2516 1843 σοι
2540 1791 2568 1843 6
2601 1788 2804 1856 Κύριος
2837 1787 3040 1860 βοηθεῖ.
3077 1789 3186 1842 Kal
3215 1787 3473 1851 τυπώσας
3505 1789 3534 1840 6
3562 1785 3664 1856 γέ-

385 1896 580 1936 cxerce
623 1889 708 1944 te;
747 1879 1012 1934 meditare
1057 1892 1121 1932 ac
1160 1877 1327 1931 recita
1365 1876 1684 1931 memoriter
1707 1892 1774 1931 ex
1801 1878 1973 1932 Evan-

385 1972 528 2043 gelio
561 1970 796 2040 aliisque
837 1968 1178 2040 Scripturis;
1217 1983 1453 2038 cumque
1490 1976 1541 2022 te
1572 1967 1801 2022 subierit
1822 1968 1970 2040 cogi-

387 2064 546 2124 tatio,
587 2077 867 2133 nunquam
898 2061 1155 2116 deorsum
1188 2068 1426 2128 spectes,
1453 2059 1547 2113 sed
1583 2075 1803 2114 sursum
1834 2076 1972 2115 sem-

389 2168 524 2224 per;
578 2154 869 2222 statintqne
917 2151 1014 2206 tibi
1071 2149 1334 2204 Dominus
1381 2148 1644 2217 praebebit
1683 2149 1965 2203 auxilium.

392 2249 456 2302 Et
483 2254 768 2316 postquam
803 2244 1026 2298 fratrem
1064 2241 1422 2296 informasset
1478 2257 1642 2297 senex
1667 2280 1680 2302 ,
1721 2257 1974 2298 reversus

389 2345 477 2394 est
525 2339 591 2392 ad
646 2335 1001 2392 solitudinem
1045 2349 1226 2389 suam.
1269 2331 1370 2388 Ubi
1411 2334 1734 2395 observans,
1774 2335 1968 2389 iterum

389 2433 538 2488 videt
563 2432 862 2486 daemonem
897 2429 1071 2492 illutn,
1101 2427 1286 2498 aitque
1318 2429 1368 2481 ei
1403 2442 1416 2478 :
1456 2426 1576 2492 Quo
1617 2427 1814 2481 iterum
1843 2441 1969 2497 per-

393 2525 515 2597 gis?
559 2521 807 2587 Fratres,
863 2521 1061 2590 inquit,
1109 2520 1448 2589 instigalum.
1495 2522 1671 2588 Atque
1706 2519 1858 2574 abiit.
1902 2519 1975 2576 Ut

393 2631 527 2673 vero
551 2631 748 2670 rursus
797 2613 1042 2674 transiit,
1090 2611 1408 2666 sciscitatus
1460 2618 1542 2665 est
1583 2611 1735 2664 illum
1785 2626 1973 2676 senex,

392 2706 668 2780 quomodo
708 2705 974 2759 baberent
1029 2702 1247 2756 fratres.
1299 2701 1601 2770 Respondit
1638 2718 1652 2755 :
1700 2700 1862 2758 Male.
1908 2700 1982 2757 Et

393 2816 556 2856 senex
599 2797 786 2853 :Cur?
821 2796 1038 2850 Daemon
1069 2810 1082 2846 :
1111 2793 1308 2849 Cuncti
1340 2792 1554 2848 feroces
1590 2802 1756 2861 sunt;
1796 2795 1976 2866 quod-

393 2909 499 2965 que
527 2892 684 2963 pejus
716 2899 820 2954 est,
866 2889 956 2943 ille
997 2903 1159 2957 quem
1204 2887 1469 2940 habebam
1506 2889 1765 2954 amicum,
1793 2896 1847 2942 et
1871 2887 1972 2942 ob-

394 2999 708 3058 sequentem
739 2982 894 3043 mihi,
928 2984 1045 3050 ipse
1067 2979 1251 3043 etiam,
1287 2979 1432 3032 unde
1461 2980 1676 3045 nescio,
1715 2979 1974 3034 inversus

2079 1899 2187 1955 ρων
2214 1881 2304 1934 τὸν
2351 1880 2577 1950 ἀδελφὸν
2610 1880 2832 1951 ἐξῆλθεν
2867 1883 2947 1944 είς
2985 1880 3081 1951 τὴν
3109 1879 3244 1933 ίδίαν
3281 1878 3508 1950 ἔρημον.
3543 1876 3660 1931 Kal

2077 1973 2412 2045 παρατηρῶν
2453 1972 2616 2026 πάλιν
2656 1973 2756 2044 ὁρᾷ
2795 1974 3002 2025 ἐκεῖνον
3041 1971 3133 2024 τὸν
3162 1970 3416 2040 δαίμονα,
3449 1969 3542 2022 καὶ
3565 1966 3661 2021 λέ-

2077 2081 2164 2133 γει
2197 2063 2365 2134 αὐτῷ’
2389 2061 2498 2117 Ποῦ
2527 2063 2688 2116 πάλιν
2713 2062 2961 2136 άπέρχῃ;
3003 2063 3062 2116 '0
3089 2061 3145 2115 δὲ
3172 2061 3342 2130 λέγει·
3381 2058 3660 2130 ’Υπομνῆ-

2079 2171 2171 2207 σαι
2195 2154 2322 2215 τοὺς
2352 2153 2631 2223 ἀδελφούς.
2664 2153 2775 2207 Kal
2800 2153 3061 2224 ἀπῆλθεν.
3098 2154 3185 2212 Ὠς
3220 2153 3276 2205 δὲ
3307 2151 3469 2204 πάλιν
3493 2150 3663 2203 ἐπανο

2077 2250 2233 2322 ἦλθε,
2269 2250 2416 2319 λέγει
2451 2250 2598 2321 αὐτῷ
2627 2252 2655 2303 6
2677 2249 2852 2317 ᾰγιοςσ
2883 2249 3006 2312 Πῶς
3035 2249 3083 2300 οἱ
3118 2244 3366 2313 ἀδελφοί;
3409 2244 3466 2296 '0
3493 2242 3548 2296 δὲ
3573 2241 3664 2294 λέ-

2077 2359 2184 2412 γει’
2217 2344 2434 2407 Κακῶς.
2470 2342 2534 2397 Ὀ
2577 2342 2645 2396 δὲ’
2671 2343 2848 2414 γέρων
2889 2341 3054 2409 λέγει·
3088 2338 3271 2402 Διατί;
3315 2338 3372 2389 '0
3396 2336 3453 2390 δὲ
3482 2331 3659 2388 εἶπενο

2082 2434 2299 2507 ’Ἀγριοί
2328 2437 2465 2488 εἰσιν
2489 2435 2620 2488 ὄλοιο
2642 2435 2737 2489 καὶ
2763 2434 2824 2487 τὸ
2848 2433 3032 2506 μεῖζον
3057 2431 3248 2496 κακὴν,
3275 2431 3356 2484 ὅτι
3379 2429 3473 2482 καὶ
3497 2428 3555 2480 ὃν
3592 2422 3666 2480 εἷ-

2079 2543 2173 2597 χον
2213 2526 2364 2596 φίλον
2389 2525 2735 2579 ὑπακούοντα
2763 2542 2872 2596 μοι,
2922 2526 3016 2578 καὶ
3043 2524 3202 2586 αὐτὸς
3233 2522 3331 2574 οὐκ
3352 2515 3467 2572 οἶδα
3495 2517 3665 2571 πόθεν

2078 2615 2400 2687 διεστράφη,
2432 2616 2526 2670 καὶ
2559 2615 2679 2670 οὐδὲ
2720 2615 2882 2679 αὑτός
2934 2632 3022 2684 μοι
3053 2612 3317 2678 πείθεται,
3355 2610 3490 2665 ἀλλὰ
3526 2609 3666 2663 πάν-

2079 2724 2186 2762 των
2213 2707 2550 2781 ἀγριώτερος
2594 2706 2830 2775 ἐγένετο·
2869 2705 2962 2760 καὶ
2984 2704 3173 2776 ὤμοσα
3221 2702 3418 2775 μηκέτι
3445 2702 3514 2756 τὰ
3543 2701 3668 2754 ἐκεῖ

2079 2800 2344 2871 πατῆσαι,
2374 2801 2422 2852 εί
2453 2800 2527 2872 μὴ
2561 2798 2700 2869 μετὰ
2727 2802 2935 2869 χρόνον.
2967 2797 3076 2851 Kal
3103 2796 3275 2860 οὕτως
3302 2794 3472 2849 είπὼν
3487 2792 3666 2862 ἀπῆλ-

2079 2890 2191 2958 θεν,
2226 2891 2394 2954 ἐάσας
2424 2891 2515 2944 τὸν
2548 2891 2796 2963 γέροντα.
2825 2889 2937 2944 Kal
2971 2891 2999 2942 6
3030 2888 3185 2957 ἅγιος
3224 2886 3470 2958 εἰσῆλθεν
3497 2885 3577 2948 είς
3601 2884 3666 2937 τὸ

2076 2979 2288 3033 κελλίον
2310 2979 2496 3034 αὐτοῦ.

391 3089 497 3142 est,
549 3091 649 3130 nec
701 3073 936 3142 amplius
973 3086 1002 3125 a
1045 3084 1131 3123 me
1183 3069 1566 3138 persuadetur,
1623 3067 1720 3121 sed
1782 3069 2000 3123 cunctis
2060 3068 2298 3124 ferociOr
2345 3071 2522 3126 evasit
2572 3088 2587 3125 :
2627 3067 2771 3124 unde
2811 3066 2992 3137 jnravi
3025 3083 3111 3123 me
3151 3067 3388 3137 amplius
3432 3081 3496 3122 ea
3538 3066 3665 3122 loca

394 3181 504 3220 non
539 3164 900 3223 calcaturum,
935 3159 1040 3213 nisi
1073 3166 1197 3228 post
1231 3167 1465 3227 tempus.
1511 3156 1633 3222 Quo
1661 3157 2024 3227 pronuntiato
2083 3159 2359 3229 discessit,
2400 3176 2584 3217 senem
2619 3161 2953 3231 relinquens.
3013 3159 3169 3214 Tunc
3221 3167 3448 3216 sanctus
3492 3159 3667 3215 intra-

397 3259 473 3312 vit
506 3257 562 3311 in
594 3256 788 3310 cellam
817 3268 995 3308 suam.

463 3351 520 3404 4.
563 3347 677 3417 (86)
721 3345 879 3400 Venit
923 3345 1097 3399 abbas
1141 3342 1414 3398 Macarius
1447 3357 1679 3414 magnus
1703 3342 1770 3396 ad
1811 3343 1974 3398 abba-

2150 3351 2214 3404 δ’.
2239 3349 2556 3422 Παρέὸαλεν
2574 3352 2603 3405 6
2631 3349 2804 3413 esse;
2831 3348 3120 3421 Μακάριος
3148 3349 3176 3402 6
3201 3347 3377 3418 μέγας
3411 3346 3488 3418 τῷ
3521 3346 3668 3418 ἀϐδᾷ

395 3452 502 3497 teut
533 3440 830 3494 Antonium
875 3438 929 3491 in
968 3446 1246 3502 montem;
1289 3450 1526 3504 cumque
1570 3434 1843 3502 pttlsasset
1885 3451 1978 3490 os-

394 3536 555 3599 tium,
592 3545 850 3603 egressns
880 3537 990 3591 est,
1026 3526 1291 3598 petiitque
1325 3544 1338 3581 :
1369 3525 1450 3579 Tu
1478 3528 1603 3596 quis
1628 3525 1725 3580 es?
1753 3524 1850 3580 Ille
1878 3540 1977 3579 au-

395 3637 525 3690 tem,
560 3625 691 3696 Ego,
735 3623 932 3693 inquit,
975 3635 1096 3676 sum
1135 3617 1432 3673 Macarius.
1471 3616 1538 3670 Et
1582 3617 1727 3671 ostio
1761 3618 1974 3682 clauso,

394 3721 637 3786 intravit,
690 3716 1012 3785 relinquens
1061 3727 1208 3768 enm.
1252 3709 1361 3765 Sed
1414 3717 1704 3780 postquam
1755 3709 1979 3778 agnovit

396 3814 715 3886 patientiam
758 3810 910 3878 ejus,
962 3805 1202 3876 aperuit.
1249 3804 1429 3873 Atque
1473 3818 1596 3858 cutn
1650 3817 1717 3857 eo
1769 3802 1978 3858 urbane

392 3921 584 3978 agens,
617 3903 755 3957 dixit
785 3916 797 3951 :
830 3900 876 3953 A
909 3898 1080 3952 multo
1114 3907 1359 3966 tempore
1387 3895 1570 3950 videre
1604 3904 1676 3974 te,
1698 3893 1978 3948 desidera-

395 3999 543 4061 bant,
575 3994 761 4049 audita
789 3990 867 4044 ttti
893 3989 1058 4044 fama.
1086 3989 1152 4042 Et
1174 3985 1520 4056 hospitaliter
1543 3993 1862 4054 susceptum
1894 3998 1981 4037 re-

395 4091 558 4154 fecit;
611 4095 730 4142 erat
771 4085 918 4140 enim
961 4098 991 4137 e
1040 4082 1212 4136 multo
1263 4080 1452 4134 labore
1495 4076 1696 4134 fessus.
1738 4075 1980 4147 Vespere
2032 4104 2034 4106 τ

394 4191 576 4237 autem
609 4182 774 4242 facto,
813 4179 986 4233 abbas
1015 4175 1290 4229 Antonius
1320 4173 1423 4227 sibi
1459 4169 1751 4225 madefecit
1792 4181 1979 4223 ramos

397 4275 724 4345 palmarum.
757 4271 847 4322 Alt
877 4268 927 4321 ei
955 4267 1123 4320 abbas
1155 4265 1429 4319 Macarius
1467 4281 1479 4318 :
1521 4261 1660 4316 Iube
1692 4267 1752 4316 ut
1785 4268 1840 4314 et
1876 4273 1980 4330 ego

398 4364 530 4420 mihi
562 4362 885 4431 intinguam.
910 4358 1036 4412 llle:
1066 4356 1339 4424 Intingtte,
1367 4356 1562 4423 inquit.
1611 4352 1981 4421 Confectoque

397 4472 596 4528 magno
637 4453 928 4515 fasciculo,
951 4450 1194 4504 intinxit.
1217 4449 1384 4516 Igitur
1410 4448 1662 4501 sedentes
1682 4462 1709 4498 a
1729 4460 1977 4514 vespera,

397 4548 654 4606 collocuti
682 4545 748 4600 de
779 4543 1087 4598 animarum
1114 4539 1372 4602 utilitate,
1413 4537 1723 4606 plectebant
1755 4557 1768 4592 :
1803 4538 1979 4607 plccta

399 4649 578 4697 autem
631 4653 725 4708 per
768 4635 1066 4691 fenestram
1117 4628 1490 4686 descendebat
1535 4629 1589 4682 in
1639 4630 1977 4697 speluncam.

2096 3447 2384 3518 Ἀντωνίῳ,
2419 3451 2499 3512 είς
2519 3448 2578 3502 τὸ
2606 3448 2751 3519 ὅρος·
2787 3446 2880 3500 καὶ
2903 3444 3235 3518 κρούσαντος
3251 3441 3416 3497 αὑτοῦ
3445 3443 3544 3510 τὴν
3573 3442 3672 3496 θύα

2086 3557 2204 3611 ραν,
2236 3539 2428 3609 ἐξῆλθε
2470 3540 2608 3611 πρὸς
2631 3540 2812 3605 αὑτὸν,
2845 3540 2939 3593 καὶ
2974 3534 3126 3591 εἶπεν
3155 3536 3322 3607 αὐτῷ·
3355 3535 3428 3589 Σὺ
3452 3536 3536 3599 τίς
3582 3530 3665 3603 εἷς

2083 3633 2113 3686 6
2139 3632 2196 3686 δὲ
2223 3633 2350 3702 ἔφη·
2388 3633 2531 3702 Ἐγώ
2548 3631 3107 3704 είμιΜακάριος.Καὶ
3124 3630 3346 3692 κλείσας
3368 3627 3468 3700 τὴν
3491 3628 3668 3700 θύραν

2083 3723 2301 3792 εἰσῆλθε
2336 3725 2429 3777 καὶ
2450 3710 2663 3794 ἀφῆκεν
2696 3723 2880 3778 αὐτόν.
2921 3722 3032 3775 Kal
3085 3719 3208 3776 ἰδὼν
3251 3721 3349 3792 τὴν
3383 3720 3668 3791 ὑπομονὴν

2083 3815 2270 3880 αὐτοῦ,
2301 3813 2510 3887 ἤνοιξεν
2537 3814 2812 3887 αύτῷ,καὶ
2842 3812 3311 3886 χαριεντιζόμενος
3336 3811 3451 3881 μετ’
3474 3808 3666 3874 αὐτοῦ,

2085 3902 2292 3971 ἔλεγεν·
2358 3902 2492 3955 Ἀπὸ
2531 3901 2726 3956 πολλοῦ
2783 3902 2974 3974 χρόνου
3033 3901 3340 3972 ἐπεθύμουν
3397 3917 3455 3952 σε
3513 3899 3666 3963 ἰδεῖν,

2083 3994 2296 4049 ἀκούων
2318 3994 2386 4048 τά
2408 3995 2537 4065 περὶ
2566 3993 2681 4049 σοῦ.
2707 3995 2819 4047 Kal
2846 3992 3197 4064 φιλοξενήσας
3231 3991 3392 4047 αὑτὸν
3430 3989 3670 4044 ἀνέπαυ-

2087 4082 2283 4158 σενσῆν
2305 4086 2414 4159 γάρ
2447 4087 2553 4141 ἀπὸ
2585 4087 2830 4158 καμάτου
2861 4085 3081 4142 πολλοῦ.
3127 4084 3311 4154 Ὀψίας
3343 4083 3400 4137 δὲ
3433 4082 3666 4152 γενομέ-

2085 4197 2203 4250 νης,
2238 4179 2457 4251 ἔϐρεξεν
2495 4177 2673 4248 ἑαυτῷ
2710 4179 2738 4232 6
2771 4176 2944 4240 assa;
2972 4176 3254 4238 Ἀντώνιος
3307 4173 3518 4228 θαλλία.
3555 4172 3668 4227 Kal

2085 4273 2234 4342 λέγει
2280 4272 2428 4342 αὐτῷ
2469 4274 2497 4324 6
2531 4271 2702 4333 ά66ἄς
2744 4271 3046 4338 Μακάριος·
3079 4267 3348 4320 Κέλευσον
3390 4266 3477 4318 ἵνα
3509 4263 3670 4332 κάγὼ

2088 4362 2264 4433 βρέξω
2284 4361 2524 4432 ἐμαυτῷ.
2567 4363 2628 4414 ’0
2647 4361 2703 4413 δὲ
2733 4357 2873 4412 εἷπε·
2903 4358 3121 4429 Βρέξον.
3158 4357 3268 4410 Kal
3314 4359 3546 4426 ποιήσας
3577 4355 3670 4407 δε-

2088 4453 2223 4522 σμὸν
2264 4453 2455 4523 μέγαν,
2484 4449 2693 4522 ἔϐρεξε.
2724 4451 2832 4504 Kal
2864 4449 3160 4518 καθήμενοι
3181 4448 3287 4502 ἀπὸ
3311 4445 3670 4516 ὁψὲ,λαλοῦν-

2086 4561 2178 4607 τες
2201 4549 2330 4614 περ).
2355 4543 2628 4614 σωτηρίας
2658 4541 2847 4612 ψυχῶν
2886 4541 3132 4595 ἔπλεκον·
3185 4539 3280 4593 καὶ
3307 4540 3341 4609 ἡ
3369 4535 3526 4608 σειρὰ
3577 4536 3671 4590 διὰ

2087 4638 2185 4706 τῆς
2215 4637 2427 4707 θυρίδος
2460 4639 2539 4700 είς
2555 4636 2619 4689 τὸ
2650 4635 2913 4706 σπήλαιον
2933 4633 3239 4687 κατέϐαινε.
3274 4632 3382 4685 Kal
3411 4627 3669 4683 εἰσελθὼν

401 4732 464 4787 Et
499 4747 658 4786 mane
696 4726 1016 4800 ingrediens
1057 4724 1253 4779 beatus
1293 4719 1586 4781 Antonius,
1617 4718 1752 4774 vidit
1794 4719 1974 4790 plectaa

2089 4727 2234 4796 πρωῒ
2267 4731 2294 4782 6
2321 4728 2589 4798 μακάριος
2630 4724 2915 4787 Ἀντώνιος
2953 4720 3059 4778 εἶδε
3093 4724 3152 4776 τὸ
3187 4722 3392 4791 πλῆθος
3415 4720 3517 4788 τῆς
3552 4735 3672 4772 σει-

400 4827 611 4882 abbatis
653 4821 874 4878 Macarii
931 4819 1182 4888 copiam;
1221 4822 1276 4870 et
1316 4810 1436 4868 inﬁt
1481 4830 1494 4865 :
1539 4811 1709 4866 Multa
1747 4812 1924 4867 virtus
1954 4827 1986 4867 e

399 4919 655 4975 n‘tanibtts
685 4916 811 4970 istis
841 4912 1145 4984 egreditur.

465 5009 517 5066 5.
563 5008 677 5079 (87)
717 5006 899 5060 Abbas
953 5003 1224 5058 Macarius
1284 4999 1538 5073 prmdixit
1599 4997 1865 5052 fratribus
1919 4995 1986 5051 de

399 5099 710 5154 vastatione
779 5093 1002 5150 Sceteos
1037 5112 1050 5148 :
1080 5093 1312 5160 Quando
1363 5089 1741 5164 spectaveritis
1790 5090 1982 5146 cellam

408 5189 726 5246 aedificatam
769 5186 922 5256 juxta
966 5186 1239 5254 paludem,
1282 5184 1481 5238 scitote
1527 5180 1672 5251 quod
1711 5195 1881 5251 prope
1913 5183 1985 5236 sit

408 5280 630 5337 Sceteos
681 5279 949 5333 desolatio
1001 5292 1016 5331 :
1064 5277 1283 5348 quando
1325 5274 1574 5330 videritis
1622 5272 1868 5336 arbores,
1914 5273 1983 5327 ad

411 5374 557 5429 fores
580 5378 663 5426 est
693 5384 706 5422 :
735 5386 859 5424 cum
894 5377 1074 5424 autem
1108 5384 1310 5439 pueros
1337 5364 1768 5438 conspexeritis,
1805 5364 1983 5421 tollite

405 5465 633 5520 melntes
661 5469 894 5525 vestras,
925 5469 1087 5530 atque
1115 5459 1402 5515 discedite.

469 5555 523 5610 6.
565 5555 676 5625 (88)
717 5553 862 5608 Dixit
907 5553 1131 5618 iterum,
1176 5552 1366 5606 volens
1413 5549 1613 5608 fratres
1656 5549 1976 5604 consolari:

473 5668 585 5736 (86.)
626 5665 733 5720 νίι.
768 5665 902 5718 Patr
965 5680 1059 5726 vn,
1101 5663 1154 5716 9.

473 5733 586 5807 (87)
631 5736 735 5791 Vit.
774 5736 924 5788 Patr.
964 5748 1116 5795 xvut,
1151 5733 1204 5787 2.

2089 4820 2186 4889 ρᾶς
2209 4818 2301 4872 τοῦ
2323 4818 2466 4872 ἁ66ἄ
2492 4817 2799 4889 Μακαρίου,
2829 4817 2924 4869 καὶ
2948 4814 3119 4883 ἔλεγε
3147 4813 3321 4884 Πολλὴ
3350 4811 3578 4881 δύναμις
3603 4811 3672 4864 ὲκ

2082 4911 2193 4963 τῶν
2226 4909 2424 4981 χειρῶν
2451 4911 2656 4963 τούτων
2683 4909 2986 4980 ἐξέρχεται.

2157 5008 2220 5053 ε’.
2264 5001 2489 5069 Ἔλεγεν
2506 5000 2534 5051 6
2559 4999 2730 5063 assa;
2757 5000 3041 5069 Μακάριος
3067 5015 3133 5049 πε
3145 4998 3196 5068 ρί
3215 4995 3314 5065 τῆς
3333 4993 3672 5067 ἐρημώσεως

2086 5091 2186 5162 τῆς
2249 5092 2504 5162 Σκήτεως
2559 5093 2670 5154 τοῖς
2720 5091 2996 5158 ἀδελφοῖς·
3043 5089 3212 5143 Ὅταν
3264 5087 3409 5157 ἴδητε
3458 5085 3672 5140 κελλίον

2087 5183 2539 5254 οἰκοδομούμενον
2574 5183 2739 5251 ἐγγὺς
2771 5182 2865 5234 τοῦ
2911 5182 3088 5244 ἕλους,
3125 5180 3327 5252 μάθετε
3370 5181 3452 5232 ὅτι
3501 5179 3676 5247 ἐγγύς

2087 5275 2236 5326 ἐστιν
2267 5276 2300 5345 ἡ
2328 5275 2605 5344 ἐρήμωσις
2633 5272 2826 5342 αὐτῆς·
2870 5271 3000 5323 ὅταν
3034 5271 3180 5340 ἴδητε
3210 5271 3423 5341 δένδρα,
3456 5270 3549 5323 ἐπὶ
3577 5269 3675 5322 θυ-

2093 5365 2199 5435 ρῶν
2227 5366 2374 5417 ὲστιν
2392 5383 2407 5396 ο
2425 5365 2550 5417 ὅταν
2571 5363 2628 5416 δὲ
2651 5363 2796 5434 ἴδητε
2823 5362 3030 5428 παιδία,
3053 5363 3223 5434 ἄρατε
3249 5363 3318 5417 τὰ
3345 5361 3675 5434 μηλωτάρια.

2088 5455 2261 5527 ὑμῶν,
2294 5455 2389 5509 καὶ
2417 5456 2672 5525 άναχωρή
2680 5471 2830 5508 σατε.

2162 5552 2237 5610 ς’.
2295 5545 2488 5613 Ἔλεγε
2519 5544 2701 5602 πάλιν.
2742 5545 3127 5619 παρηγορῆσαι
3157 5545 3327 5600 θέλων
3362 5544 3490 5608 τοὺς
3513 5542 3679 5598 ἀδελ-

2164 5660 2277 5729 (88)
2323 5659 2424 5715 γει.
2463 5659 2614 5716 Patr.
2651 5661 2924 5725 xvttt,'10.
