3982 6336
194 402 306 459 265

1351 384 1969 459 APOPHTHECMATA
2003 394 2314 453 paruum.

3369 394 3477 453 9.66

190 521 367 592 «μοῦς’
398 515 607 574 Ἦλθεν
644 509 748 572 ὧδε
782 516 994 573 παιδίον
1027 517 1476 592 δαιμονιζόμενον
1511 520 1650 593 μετὰ
1685 520 1787 591 τῆς

1896 517 2052 574 Venit
2091 517 2201 574 huc
2252 531 2376 573 cum
2431 519 2606 569 matre
2660 526 2760 568 sua
2815 526 2951 582 puer
2995 510 3091 583 qui
3143 526 3172 567 a
3206 511 3480 570 damonio

193 611 411 687 μητρὸς
451 609 644 678 αὑτοῦ,
690 608 788 664 καὶ
818 609 972 680 ἔλεγε
998 613 1065 682 τῇ
1093 611 1261 685 μητρὶ
1304 611 1499 666 αὐτοῦ·
1545 613 1787 685 Ἔγειρε,

190 702 452 777 γραῖαη,
502 700 730 773 ἄγωμεν
768 700 942 755 ἐνθεν.
989 701 1054 755 Ἠ
1096 701 1155 755 δὲ
1195 696 1385 755 εἶπεν·
1434 701 1509 754 Οὐ
1555 700 1791 772 δύναμαι

194 793 486 859 πεζεῦσαι.
522 792 633 847 Kal
674 787 830 846 εἶπεν
864 793 1001 864 αὐτῇ
1050 791 1111 845 τὸ
1143 792 1356 847 παιδίον
1378 806 1393 821 ⁸
1438 792 1582 861 Ἐγώ
1607 808 1664 844 σε
1690 791 1786 863 βα-

196 887 401 951 στάζω.
429 885 542 938 Kal
558 884 852 956 ὲθαῦμασα
890 885 992 956 τὴν
1022 886 1293 957 πονηρίαν
1315 885 1361 917 ’⁸
1389 882 1485 937 τοῦ
1515 883 1789 955 δαίμονος,

193 977 317 1042 πῶς
343 975 619 1047 ἠθέλησεν
647 975 849 1039 αὐτοὺς
883 974 1247 1045 φυγαδεῦσαι.

262 1069 332 1134 ζ’.
372 1070 607 1137 Ἔλεγεν
634 1070 663 1121 6
699 1066 876 1131 άὸὗᾶς
911 1065 1142 1137 Σισόης·
1174 1064 1306 1119 Ὅτε
1341 1065 1491 1136 ήμην
1526 1064 1606 1128 είς
1653 1062 1795 1134 Σκῆ-

190 1180 278 1217 τιν
306 1160 457 1233 μετά
474 1159 571 1214 τοῦ
592 1159 910 1231 Μακαρίου,
940 1157 1220 1229 ἀνέϐημεν
1238 1157 1453 1228 θερίσαι
1482 1156 1599 1228 μετ’
1625 1155 1791 1209 αὐτοῦ

190 1255 341 1307 ἑπτά
368 1254 617 1324 ὀνόματα
644 1251 765 1324 (89)
788 1268 801 1280 '
835 1251 929 1304 καὶ
964 1250 1073 1304 ίδοὺ
1107 1248 1204 1321 μία
1232 1249 1381 1320 χήρα
1417 1247 1794 1319 καλαμωμένη

190 1343 261 1419 ἦν
287 1346 472 1399 ὀπίσω
500 1344 680 1416 ἡμῶν,
710 1342 808 1397 καὶ
829 1342 929 1396 οὐκ
954 1340 1193 1397 ἐπαύετο
1225 1341 1507 1395 κλαίουσα.
1548 1338 1793 1410 Ἐφώνη-

193 1456 289 1493 σεν
334 1434 433 1493 οὖν
465 1437 496 1489 6
528 1436 708 1509 γέρων
748 1435 842 1490 τὸν
870 1434 1063 1506 κύριον
1108 1434 1201 1487 τοῦ
1242 1433 1469 1505 χωρίου,
1509 1432 1603 1486 καὶ
1642 1426 1794 1484 εἶπεν

192 1531 383 1602 αὐτῷ·
420 1530 487 1584 Τί
533 1529 648 1601 ἔχει
695 1530 729 1600 ἡ
774 1526 951 1599 γραῦς
983 1523 1150 1597 αῦτη,
1187 1522 1273 1578 ὅτι
1314 1525 1547 1579 πάντοτε
1582 1523 1791 1589 κλαίεις

193 1625 362 1694 Λέγει
392 1621 574 1693 αὐτῷ·
606 1622 731 1675 Ὀτι
754 1623 782 1674 6
811 1620 952 1691 ἀνὴρ
983 1617 1159 1688 αὐτῆς
1190 1613 1306 1688 εἶχε
1334 1616 1668 1688 παραθήκην
1711 1632 1794 1668 τι-

194 1719 306 1783 νὸς,
342 1720 441 1773 καὶ
475 1715 754 1771 ἀπέθανεν
780 1712 961 1783 ἄφνω,
1013 1712 1109 1767 καὶ
1135 1711 1236 1764 οὐκ
1266 1706 1389 1763 εἷπε
1440 1708 1544 1763 ποῦ
1597 1708 1794 1780 ἔθηκεν

194 1813 400 1882 αὖτήν·
438 1809 536 1864 καὶ
579 1808 722 1862 θέλει
759 1806 788 1859 6
831 1805 1020 1878 κύριος
1060 1805 1163 1876 τῆς
1216 1804 1549 1876 παραθήκης
1610 1803 1793 1856 λαϐεῖν

1892 608 2227 676 vexabatur;
2252 616 2307 663 ct
2333 605 2551 660 dicebat
2570 604 2730 659 matri
2756 621 2769 657 :
2798 601 2992 674 Surge,
3017 618 3179 669 anus,
3210 602 3479 662 abeamus

1891 700 2040 755 hinc.
2068 699 2161 753 llla
2197 713 2329 754 vero
2365 713 2379 751 :
2408 696 2526 753 Non
2558 710 2808 767 possum,
2840 695 3289 766 inquit,pcdibus
3320 696 3473 752 ince-

1892 790 2044 847 dere.
2066 788 2203 846 ‘l‘um
2224 804 2361 860 puer
2383 788 2452 844 ad
2468 803 2585 844 eam
2607 785 2750 858 :Ego
2782 796 2833 840 te
2855 785 3105 855 portabo.
3138 783 3204 839 Et
3234 786 3467 842 admira-

1895 891 1985 939 tus
2036 897 2157 938 sum
2209 881 2473 937 daemonis
2514 880 2842 951 nequitiam,
2877 891 2988 949 quo
3017 877 3181 933 modo
3212 893 3308 936 eos
3346 878 3477 934 hinc

1896 975 2162 1031 voluisset
2196 973 2410 1045 fugare.

1968 1066 2021 1121 7.‘
2065 1065 2179 1137 (91)
2220 1063 2516 1120 Referebat
2545 1062 2718 1118 abbas
2741 1062 2930 1121 Sisoes
2960 1081 2973 1118 :
2998 1060 3230 1130 Quando
3252 1076 3400 1118 eram
3421 1062 3478 1118 in

1896 1161 2042 1221 Secti
2068 1181 2193 1220 cum
2217 1162 2479 1226 Macario,
2514 1161 2867 1217 ascendimus
2892 1169 3101 1231 septem
3132 1158 3356 1216 nomina
3380 1173 3480 1217 seu

1895 1257 2148 1313 homines
2183 1266 2241 1312 ut
2260 1272 2387 1313 cum
2411 1273 2476 1313 eo
2497 1265 2830 1312 meteremus
2854 1272 2870 1309 ε
2902 1261 2958 1312 et
2986 1269 3116 1312 ecce
3145 1254 3309 1310 vidua
3324 1269 3478 1326 qua:-

1894 1346 2019 1401 dam
2046 1362 2189 1418 pone
2224 1363 2327 1403 nos
2361 1349 2545 1418 spicas
2578 1345 2888 1417 colligebat,
2924 1359 3027 1400 nec
3057 1343 3313 1399 cessabat
3362 1345 3482 1414 plo-

1896 1452 2042 1494 rare.
2075 1438 2309 1496 Vocavit
2328 1455 2461 1510 ergo
2487 1454 2655 1494 senex
2683 1436 2966 1492 dominum
3000 1436 3210 1506 praedii,
3235 1435 3483 1508 dixitque

1894 1530 1944 1585 ei
1996 1546 2008 1582 :
2060 1530 2202 1597 Quid
2250 1531 2413 1586 habet
2446 1545 2583 1584 anus
2624 1529 2771 1593 haec,
2809 1527 2959 1599 quod
3004 1544 3219 1600 semper
3265 1529 3485 1599 plorat?

1896 1621 2200 1694 Respondit
2236 1622 2412 1689 :Quia
2446 1623 2529 1677 vir
2557 1622 2679 1691 ejus
2708 1620 2946 1690 alicujus
2988 1620 3299 1691 depositum
3349 1621 3480 1676 dum

1897 1723 2105 1783 servat,
2158 1723 2411 1771 mortuus
2444 1722 2528 1770 est
2558 1712 2761 1775 subito,
2783 1726 2887 1766 nec
2928 1712 3235 1766 enuntiavit
3268 1711 3361 1767 ubi
3383 1726 3481 1781 po-

1896 1811 2074 1864 suerit
2120 1808 2256 1863 illud
2283 1824 2297 1873 ;
2339 1807 2566 1877 vultque
2597 1804 2831 1875 depositi
2862 1802 3142 1869 dominus,
3177 1818 3296 1859 eam
3320 1812 3376 1859 et.
3409 1802 3481 1857 li-

195 1904 368 1977 αὐτὴν
398 1903 497 1958 καὶ
530 1902 600 1955 τὰ
635 1901 801 1955 τέκνα
841 1900 1016 1969 αὐτῆς
1048 1901 1129 1963 είς
1164 1897 1408 1961 δούλους.
1451 1897 1615 1965 Λέγει
1646 1894 1787 1965 αὑτῷ

1901 1900 2067 1956 beros
2102 1900 2225 1970 ejus
2249 1899 2353 1955 sibi
2388 1899 2442 1953 in
2467 1913 2656 1954 servos
2684 1898 2986 1953 vindicare.
3024 1895 3247 1968 Excepit
3277 1910 3476 1952 senex:

193 1997 226 2051 6
247 1996 429 2069 γέρων
451 2013 467 2027 ο
498 1994 637 2049 Εἰπὲ
662 1994 801 2066 αὐτῇ
844 1993 931 2048 ἴνα
955 1991 1084 2064 ἔλθῃ
1118 1991 1257 2063 πρὸς
1291 1990 1461 2062 ἡμᾶς,
1493 1988 1628 2043 ὅπου
1658 1987 1791 2041 ἁναο

197 2087 491 2159 παυόμεθα
538 2087 602 2140 τὸ
645 2086 856 2157 καῦμα.
907 2084 1021 2139 Καὶ
1052 2082 1317 2153 ἐλθούσης
1358 2081 1461 2150 τῆς
1510 2078 1789 2148 γυναικὸς,

197 2176 350 2234 εἶπεν
392 2179 533 2248 αὐτῇ
576 2178 606 2229 6
648 2176 865 2246 γέρων’
916 2175 983 2228 Τί
1027 2174 1207 2229 πάντα
1235 2173 1280 2204 ³⁸
1324 2171 1498 2234 οὕτως
1544 2168 1789 2236 κλαίειςς

197 2273 312 2325 Kal
345 2266 503 2323 εἶπεν
523 2285 538 2300 ο
581 2269 641 2322 '0
672 2269 816 2339 ἀνήρ
848 2285 953 2340 μου
983 2265 1226 2320 ἀπέθανε
1254 2262 1438 2318 λαϐὼν
1463 2261 1791 2333 παραθήκην

195 2363 367 2426 τινὸς,
393 2362 490 2416 καὶ
522 2362 622 2414 οὐκ
652 2356 808 2414 εἶπεν
836 2357 1203 2430 ἀποθνήσκων
1230 2355 1334 2410 ποῦ
1369 2354 1568 2426 ἔθηκεν
1597 2353 1787 2423 αὑτήν.

196 2457 311 2510 Kal
348 2450 505 2508 εἶπεν
545 2456 574 2507 6
607 2452 791 2525 γέρων
822 2452 958 2525 πρὸς
994 2450 1205 2522 αὐτήν
1250 2447 1442 2520 Δεῦρο,
1487 2445 1659 2511 δεῖξόν
1701 2461 1791 2515 μοι

196 2545 305 2599 ποῦ
344 2544 553 2616 ἔθηκας
586 2543 775 2597 αὐτόν.
821 2543 934 2597 Kal
973 2540 1157 2595 λαϐὼν
1196 2539 1324 2603 τοὺς
1359 2537 1626 2607 ἀδελφοὺς
1671 2534 1788 2606 μεθ’

196 2636 423 2701 ἑαυτοῦ,
454 2636 645 2708 ἐξῆλθε
684 2636 781 2688 σὺν
814 2635 975 2705 αὐτῇ.
1007 2632 1119 2687 Kal
1149 2631 1418 2686 ἐλθόντων
1456 2629 1551 2683 ἐπὶ
1579 2627 1671 2681 τὸν
1698 2625 1789 2679 τό·

198 2747 324 2795 πον,
347 2725 502 2783 εἶπεν
531 2728 671 2798 αὐτῇ
699 2729 728 2781 6
746 2726 927 2797 γέρων
946 2741 960 2756 ’
1007 2722 1391 2796 ’Δναχὼρησον
1421 2723 1501 2785 είς
1525 2720 1617 2774 τὸν
1638 2714 1789 2774 οἶκόν

200 2838 318 2875 σου.
357 2820 472 2873 Kal
505 2816 969 2892 προσευξαμένων
999 2815 1205 2879 αὐτῶν,
1242 2813 1524 2885 ἐφώνησεν
1554 2814 1583 2866 6
1610 2812 1790 2886 γέρων

198 2912 291 2966 τόν
319 2912 544 2984 νεκρὸν,
573 2911 753 2980 λέγων
774 2924 788 2939 ⁵
848 2909 906 2962 ’0
936 2908 1088 2962 δεῖνα
1132 2905 1274 2976 (90),
1308 2906 1412 2959 ποῦ
1443 2905 1648 2978 ἔθηκας
1692 2905 1790 2978 τὴν

196 3002 490 3074 ἀλλοτρίαν
526 2999 888 3073 παραθήκηνς
938 2998 995 3051 '0
1020 2997 1076 3051 δὲ
1110 2996 1432 3068 ἀποκριθεὶς
1478 2995 1632 3051 εἶπεν
1652 3014 1665 3029 ·
1694 2997 1789 3061 El;

195 3096 288 3151 τὸν
312 3090 464 3149 οἶκόν
504 3111 606 3165 μου
638 3093 968 3166 κέκρυπται,
1010 3090 1116 3145 ὑπὸ
1150 3089 1242 3144 τὸν
1274 3090 1411 3144 πόδα
1440 3090 1540 3161 τῆς
1579 3089 1785 3162 κλίνης.

197 3186 311 3241 Kal
340 3186 495 3257 λέγει
524 3185 676 3257 αὐτῷ
700 3186 926 3257 όγέρων
944 3202 956 3215 ο
990 3183 1185 3255 Κοιμῶ
1216 3183 1380 3238 πάλιν
1399 3183 1506 3247 ἕως
1533 3184 1632 3255 τῆς
1660 3184 1791 3255 ἠμέ-

1898 1990 1995 2046 Dic
2029 1990 2078 2045 ei
2115 1997 2176 2043 ut
2207 1989 2393 2044 veniat
2422 1989 2489 2043 ad
2530 2004 2654 2053 nos,
2687 1988 2780 2043 ubi
2812 1988 2883 2043 ob
2912 1996 3107 2043 aestum
3130 1984 3481 2058 conquiesci-

1896 2098 2041 2138 mus.
2098 2081 2347 2153 Cumque
2403 2080 2646 2136 venisset
2695 2079 2937 2144 mulier,
2999 2078 3079 2132 ait
3130 2078 3208 2133 illi
3257 2091 3476 2133 senex:

1896 2174 2079 2241 Quare
2095 2174 2322 2229 omnino
2349 2174 2421 2228 ita
2438 2171 2575 2230 ﬂes?
2598 2171 2897 2243 Respondit
2917 2171 3009 2225 illa
3030 2190 3044 2226 :
3065 2170 3297 2227 Maritus
3322 2185 3481 2226 meus

1895 2272 2124 2335 accepto
2164 2263 2418 2334 deposito
2452 2262 2742 2334 emigravit
2773 2278 2804 2318 e
2830 2263 2962 2328 vita,
3005 2278 3109 2318 nec
3143 2262 3481 2335 signiﬁcavit

1893 2358 2158 2422 moriens,
2186 2356 2274 2411 ubi
2305 2355 2570 2427 posuerit.
2600 2353 2762 2411 Tunc
2808 2370 2978 2411 senex
3012 2356 3081 2411 ad
3110 2370 3232 2411 eam
3266 2376 3282 2412 :
3316 2353 3479 2419 Veni,

1892 2448 2121 2505 ostende
2166 2448 2327 2512 mihi,
2380 2447 2472 2503 ubi
2523 2447 2805 2519 sepelieris
2857 2463 3006 2505 eum.
3054 2446 3246 2519 Itaque
3298 2446 3482 2503 ductis

1893 2553 2080 2595 secum
2118 2539 2403 2603 fratribus,
2441 2554 2567 2594 cum
2608 2554 2672 2594 ea
2699 2555 2957 2611 egressus
2986 2547 3092 2595 est.
3122 2537 3193 2594 Ut
3218 2554 3483 2611 pervene-

1891 2638 2022 2687 runt
2050 2630 2119 2687 ad
2151 2631 2355 2695 locum,
2386 2628 2518 2685 dicit
2546 2644 2711 2685 senex
2749 2630 2965 2685 mulieri
3000 2648 3014 2683 :
3046 2626 3263 2684 Recede
3290 2628 3345 2683 in
3374 2628 3476 2685 do-

1892 2739 2042 2780 mum
2076 2732 2244 2779 tuam.
2292 2723 2360 2778 Et
2395 2731 2685 2795 postquam
2732 2722 2935 2792 precati
2976 2721 3232 2784 fuissent.
3268 2720 3484 2775 voravit

1897 2831 2066 2873 senex
2097 2822 2376 2870 mortuum
2422 2815 2509 2871 bis
2553 2813 2737 2870 verbis
2771 2827 2784 2864 :
2819 2810 2935 2877 Ille,
2969 2812 3063 2867 ubi
3096 2810 3329 2882 posuisti
3350 2811 3484 2867 alie-

1892 2923 2025 2963 num
2057 2902 2871 2979 depositumlResponsionem.
2903 2902 3055 2959 dedit
3087 2903 3253 2959 homo
3287 2921 3303 2959 :
3337 2904 3483 2960 Abs-

1890 3000 2173 3056 conditum
2209 3006 2296 3054 est
2332 2999 2387 3053 in
2418 2999 2581 3054 domo
2645 3013 2790 3063 mea,
2825 2997 2929 3053 sub
2966 2997 3102 3068 pede
3124 2998 3273 3054 lecti.
3299 2996 3482 3055 Senex

1891 3092 1961 3147 ad
2002 3092 2181 3163 ipsum
2216 3107 2229 3144 :
2271 3091 2473 3146 lterum
2514 3090 2690 3146 dormi
2724 3105 2901 3161 usque
2937 3090 3005 3144 ad
3050 3092 3479 3150 resurrectionis

1890 3184 2059 3239 diem.
2098 3182 2213 3239 Hoc
2237 3184 2489 3239 videntes
2521 3181 2742 3247 fratres,
2770 3198 2881 3254 pra:
2916 3184 3113 3239 timore
3150 3184 3477 3241 ceciderunt

198 3300 301 3353 ρας
327 3282 431 3353 τῆς
465 3281 840 3345 ἀναστάσεως.
866 3279 1086 3343 Ἰδόντες
1118 3278 1174 3332 δὲ
1208 3280 1256 3332 οἱ
1282 3277 1522 3348 ἀδελφοὶ,
1558 3276 1666 3331 ἀπὸ
1695 3274 1787 3330 τοῦ

1898 3275 1964 3330 ad
2005 3274 2176 3345 pedes
2214 3274 2355 3344 ejus.
2386 3272 2526 3329 Tum
2573 3273 2684 3331 illis
2731 3290 2899 3331 senex
2934 3294 2947 3330 :
2982 3275 3100 3330 Non
3132 3285 3358 3348 propter
3389 3292 3479 3333 me

199 3376 371 3447 φόδου
402 3375 601 3430 ἔπεσον
628 3376 708 3437 είς
730 3374 858 3439 τοὺς
884 3372 1052 3437 πόδας
1074 3370 1261 3425 αὑτοῦ.
1289 3371 1402 3425 Kal
1428 3366 1582 3424 εἶπεν
1603 3369 1788 3434 αὐτοῖς

196 3470 229 3522 6
259 3451 473 3541 γέρων·
507 3468 584 3521 Οὐ
614 3466 684 3521 δι’
724 3466 827 3538 ἐμὲ
864 3465 1059 3535 γέγονε
1088 3463 1247 3518 τοῦτο
1266 3481 1280 3494 ·
1317 3462 1470 3517 οὐδὲν
1502 3462 1611 3535 γάρ
1636 3463 1785 3533 εἰμι’

199 3555 338 3609 ἀλλά
360 3554 452 3609 διά
473 3554 575 3627 τὴν
598 3555 774 3625 χήραν
806 3554 903 3607 καὶ
933 3552 1003 3607 τὰ
1031 3551 1243 3624 ὀρφανά
1266 3553 1295 3605 6
1322 3551 1455 3615 Θεὸς
1483 3550 1707 3623 ἐποίησε
1730 3550 1791 3604 τὸ

198 3650 471 3719 πρᾶγμα*
518 3645 679 3701 τοῦτο
719 3645 777 3699 δέ
819 3647 935 3699 ὲστι
965 3644 1026 3698 τὸ
1079 3643 1245 3715 μέγα,
1288 3644 1371 3696 ὅτι
1404 3643 1789 3714 ἀναμάρτητον

203 3738 352 3793 θέλει
383 3740 412 3792 6
441 3738 575 3802 Θεὸς
591 3739 693 3809 τὴν
711 3737 923 3809 ψυχήν·
953 3738 1047 3792 καὶ
1077 3736 1133 3791 εί
1153 3754 1205 3790 τι
1238 3734 1303 3790 ἂν
1336 3736 1631 3806 αἰτήσηται
1656 3733 1789 3805 λαμ-

198 3829 370 3883 ϐάνει.
417 3828 618 3883 Ἐλθὼν
650 3829 733 3893 δὲ,
774 3829 1069 3899 ἀνήγγειλε
1116 3830 1183 3900 τῇ
1222 3828 1370 3899 χήρᾳ
1410 3825 1513 3880 ποῦ
1549 3827 1786 3897 κεῖταιή

199 3920 521 3994 παραθήκη.
563 3922 627 3974 Ἡ
665 3921 723 3975 δὲ
770 3920 1013 3975 λαϐοῦσα
1054 3920 1245 3992 αὐτὴν,
1284 3920 1456 3974 ἔδωκε
1496 3918 1575 3990 τῷ
1605 3919 1783 3991 κυρίῳ

196 4013 391 4086 αὐτῆς,
427 4013 524 4066 καὶ
550 4011 894 4085 ἠλευθέρωσε
920 4013 988 4067 τά
1015 4013 1181 4067 τέκνα
1223 4012 1414 4083 αὐτῆς.
1447 4012 1559 4066 Kal
1589 4011 1788 4075 πάντες

198 4108 248 4155 οὶ
284 4101 621 4167 ἀκούσαντες
656 4102 914 4169 ἐδόξασαν
945 4103 1037 4157 τὸν
1063 4102 1215 4158 Θεόν.

265 4201 338 4247 η’.
384 4193 615 4263 Ἔλεγεν
637 4196 666 4248 6
694 4193 867 4257 assa,
901 4194 1109 4267 Πέτρος
1132 4194 1263 4266 περ1⁵
1285 4192 1378 4247 τοῦ
1397 4192 1562 4268 ,ἁγίου
1590 4194 1788 4249 Μακα-

1894 3367 1949 3422 id
1971 3367 2185 3434 evenit;
2217 3366 2355 3421 nihil
2389 3365 2593 3437 quippe
2615 3381 2735 3423 sum
2765 3383 2779 3419 :
2812 3369 2905 3423 sed
2938 3377 3161 3440 propter
3180 3369 3401 3425 viduam
3423 3381 3481 3428 et

1895 3463 2133 3533 pupillos
2172 3460 2317 3517 Deus
2367 3478 2481 3518 rem
2525 3460 2701 3517 fecit:
2749 3468 2854 3519 hoc
2898 3481 3029 3522 vero
3070 3482 3328 3537 magnum
3371 3476 3480 3535 est,

1896 3553 2042 3623 quod
2075 3550 2219 3610 Deus
2246 3555 2360 3609 vult
2391 3554 2633 3610 animam
2655 3571 2779 3612 esse
2800 3557 2918 3611 sine
2943 3565 3200 3627 peccato;
3232 3567 3286 3613 et
3313 3558 3479 3629 quid~

1893 3645 2024 3716 quid
2057 3646 2291 3716 petierit,
2325 3644 2583 3717 accipiet.
2639 3645 2927 3704 Profectus
2982 3663 3114 3719 ergo
3139 3689 3153 3712 ,
3204 3650 3480 3706 nuntiavit

1897 3737 2099 3803 viduae,
2131 3737 2224 3793 ubi
2250 3737 2459 3808 jaceret
2494 3737 2827 3808 depositura.
2863 3737 2995 3805 Quae
3021 3740 3297 3811 accipiens
3330 3741 3480 3797 dedit

1896 3829 2142 3895 domino,
2179 3846 2242 3885 ac
2278 3830 2333 3884 in
2365 3830 2675 3886 libertatem
2704 3832 2943 3886 asseruit
2971 3831 3175 3888 liberos
3210 3851 3224 3887 :
3253 3848 3479 3892 omnes-

1897 3937 2002 3991 que
2046 3922 2139 3993 qui
2186 3923 2514 3978 miraculum
2563 3920 2879 3991 audierunt,
2927 3923 3159 3995 gloriam
3208 3923 3478 3981 dederunt

1900 4014 2028 4074 Deo.

1966 4192 2020 4249 8.
2062 4189 2173 4265 (92)
2210 4189 2467 4249 Narravit
2493 4192 2664 4249 abbas
2694 4189 2894 4249 Petrus
2922 4177 2989 4250 de
3018 4193 3177 4250 beato
3213 4191 3473 4267 Macario,

268 4347 314 4378 ⁸⁸
347 4343 461 4402 Vox
490 4348 659 4419 γραῖα
685 4347 841 4403 abest
862 4347 930 4403 ab
951 4348 1022 4402 al.
1099 4349 1145 4381 ”
1170 4349 1256 4403 Al.
1289 4348 1632 4421 πανουργίαν.
1718 4347 1763 4381 ³⁸

1922 4348 2174 4405 πάντοτε.

269 4502 382 4574 (89)
426 4501 617 4585 Ἑπτὰ
639 4503 921 4585 ὀνόματα.
956 4500 1040 4558 Ad
1069 4503 1328 4585 verbum“
1343 4501 1585 4585 Joannes
1608 4504 1781 4585 inter-

1886 4505 1957 4581 τά
1996 4504 2112 4581 ἔξω
2140 4506 2384 4581 πετεινά.
2428 4504 2499 4581 At
2547 4521 2666 4581 ms.
2690 4521 2806 4581 reg.
2842 4507 3004 4567 1787.
3044 4509 3271 4581 Ἔλεγον
3296 4511 3380 4567 ὅτι
3414 4513 3476 4568 ἐν

199 4569 326 4643 prés
352 4569 551 4659 septem
580 4569 816 4659 nomina.
843 4572 922 4659 lix
948 4587 1261 4659 sensumts.
1289 4572 1624 4659 Bodecense,
1642 4574 1782 4629 refe-

1896 4575 1967 4646 τῴ
1992 4569 2219 4659 6.;133'1.
2248 4579 2329 4630 Ἀ.
2354 4577 2632 4659 ἐκάθηντο
2649 4569 2803 4659 έπτά-
2821 4581 3067 4659 μοναχοὶ,
3094 4569 3267 4659 καῖεν
3298 4582 3379 4659 τῷ
3411 4600 3471 4659 κ.

202 4642 353 4713 rente
382 4643 669 4709 Bollande,
688 4652 741 4697 et
758 4642 930 4699 codex
950 4642 1318 4713 Corbeiensis.
1344 4653 1540 4711 septem
1561 4648 1780 4713 fratres.

201 4711 429 4769 Nomina
458 4723 641 4769 autem
674 4728 773 4783 pro
795 4712 1109 4768 hominibus
1137 4711 1270 4778 dici,
1296 4728 1325 4766 a
1361 4723 1439 4769 tot
1466 4711 1787 4771 auctoribus

201 4785 494 4853 probatum
548 4783 674 4853 fuit,
721 4791 784 4837 ut
825 4784 994 4853 mirer
1028 4783 1274 4851 potuisse
1298 4783 1350 4838 id
1391 4786 1542 4838 viros
1589 4784 1787 4841 doctos

201 4852 489 4924 ignorare._
521 4853 578 4908 In
628 4852 889 4924 Chronico
953 4852 1320 4924 Theophanis,
1353 4856 1553 4924 9.4363
1589 4870 1603 4907 :
1657 4855 1787 4908 Ἀπ-

200 4922 444 4979 έκτειναν
475 4924 600 4988 τοὺς
646 4922 1008 4995 κλειδοῦχους,
1032 4922 1272 4995 ὀνόματα
1305 4922 1371 4988 CL
1399 4922 1638 4980 Joannes
1674 4924 1785 4979 Mo-

201 4994 364 5048 schus
392 4994 769 5066 Λειμωναρίου
835 5010 963 5066 cap.
996 4996 1135 5049 155:
1165 4994 1783 5066 Μοναστήριοννπαρθέ-

200 5081 306 5116 νων
332 5067 410 5119 vel
450 5063 900 5135 παρθενευουσῶν
925 5065 1002 5128 ὼς
1030 5064 1310 5135 ὀνομάτων
1335 5063 1742 5135 τεσσαράκοντα
1766 5084 1779 5096 ·

198 5143 249 5187 et
278 5131 580 5207 capuli:
615 5131 799 5189 Ἱισαν
845 5135 903 5207 δὲ
944 5131 1266 5207 μοναχοὶ-ὲν
1302 5134 1382 5205 τῷ
1436 5131 1784 5207 μοναστηρίῳ

198 5153 249 5187 er
278 5153 398 5204 cap.
435 5153 580 5189 uo:
627 5153 799 5189 'ncav
845 5153 903 5188 οε
930 5153 1170 5258 ἐιοναχοι
1207 5153 1266 5187 εν
1302 5153 1382 5205 τῳ
1436 5153 1783 5207 μοναστηριῳ

199 5205 326 5275 περὶ
363 5206 432 5259 τά
464 5205 839 5275 ἐϐδομήκοντα
868 5206 925 5258 ὀν
964 5223 1129 5275 ματα.
1163 5203 1278 5259 Sub
1303 5206 1462 5259 linem
1506 5206 1638 5260 tonui
1690 5223 1783 5261 xix

198 5272 448 5330 Origenis
478 5278 534 5328 in
563 5276 825 5328 Joannem
856 5292 873 5329 :
905 5278 980 5328 Οὐ
1015 5275 1123 5330 γὰο
1149 5274 1225 5330 ὡς
1270 5275 1461 5330 ἐτυγεν
1491 5276 1783 5330 ἀκουστέον

198 5293 448 5344 urtgems
478 5293 534 5328 ιη
563 5293 825 5328 Joannem
856 5293 873 5329 :
905 5293 980 5328 υυ
1015 5293 1123 5346 γαρ
1149 5293 1225 5338 ως
1270 5293 1461 5346 ετυχεν
1491 5293 1783 5330 ακουστεον

198 5344 290 5397 τοῦ
317 5346 421 5427 πρὸ
440 5346 746 5469 καταϐολίὶς
770 5346 976 5413 κόσμου
1000 5345 1251 5426 ἐπίτηδες
1265 5347 1521 5417 τοιαύτην
1541 5346 1784 5401 ἐπίνοιαν

200 5415 522 5470 πλασαντων
551 5417 688 5470 όνοιι.
726 5433 833 5469 των
862 5415 1033 5470 ἁγίων
1080 5415 1142 5469 τὸ
1161 5431 1261 5470 της
1283 5416 1608 5470 καταϐολῆς.
1647 5416 1779 5470 Leu.

200 5431 522 5470 macrme
551 5431 833 5487 ονοματων
862 5431 1033 5483 αγιων
1080 5431 1142 5469 το
1161 5431 1261 5483 της
1283 5431 1608 5487 καταοοΑης.
1647 5431 1779 5484 Leg.

198 5484 446 5567 ξπῐτηδες
487 5487 580 5567 διὰ
639 5486 1192 5567 τοιαύτηνηὲπίνοιιαν.
1242 5484 1298 5540 In
1339 5488 1779 5567 .Col|_)et'tA.__cod.

198 5554 411 5627 duobus
436 5572 450 5607 :
487 5555 578 5608 Ἑν
600 5557 679 5627 τῷ
702 5554 935 5627 ὀρειτοῦ
953 5557 1099 5610 ἀὸὄᾶ
1127 5556 1432 5627 Ἂντωνίου,
1462 5557 1783 5621 ἐκαθέζοντο

197 5624 337 5697 ξπξά
360 5627 619 5697 ὀνόματα,
645 5624 746 5697 καῖ
765 5626 845 5695 τῷ
875 5626 1051 5697 καιρῷ
1074 5626 1183 5679 τῶν
1207 5626 1782 5697 φοινίκων-ἐφύλαττεν

197 5694 227 5745 6
246 5689 329 5757 εἷς
356 5696 413 5760 ἐξ
443 5689 624 5749 αὐτῶν
650 5696 745 5750 τοῦ
773 5689 1063 5751 ἀποσοόεῗν
1088 5696 1157 5750 τὰ
1182 5689 1426 5751 πέτεινά.
1460 5689 1566 5750 Ἶῖν
1584 5698 1640 5752 δὲ
1665 5700 1784 5753 ὲκεί

197 5765 376 5841 γέρων
396 5783 410 5795 -
451 5767 547 5820 καὶ
565 5768 657 5841 δτε
684 5766 1102 5841 ἐφύλαττενέτὴν
1129 5766 1342 5841 ἡμέραν
1381 5767 1547 5841 aliter?
1566 5808 1581 5829 ,
1608 5768 1781 5841 κεκραέ

199 5831 291 5898 ξεν
319 5835 491 5906 λέγων
510 5853 529 5870 ο
567 5831 864 5906 Ὑπάγετε,
896 5838 945 5890 οἱ
975 5831 1083 5891 ἔσω
1126 5831 1350 5908 πονηροὶ
1381 5831 1649 5910 λογισμοὶ,
1683 5831 1780 5895 καὶ

399 5931 678 5993 Parnm.
713 5931 830 5991 Gn.
868 5933 1054 5993 LXV.

1887 4644 1948 4724 τέ
1970 4664 2028 4715 φ.
2054 4644 2361 4724 ἐφύλασσον
2393 4644 2713 4724 τίὲἵσορείν
2727 4644 3080 4724 ’τάξπετέινά
3114 4653 3176 4704 ὲκ
3221 4644 3474 4724 διαδοχῆς

1888 4709 2395 4803 ξκαθ-ἠμέραν.
2441 4713 2541 4803 life.
2583 4718 2650 4803 δὲ
2693 4719 2751 4784 ἐξ
2781 4719 2963 4803 αὐτῷν
2990 4719 3190 4803 γέρων,
3220 4720 3309 4773 ἅτε

1886 4787 2072 4857 ἡμέρα
2123 4786 2327 4851 αὐτοῦ,
2375 4789 2472 4840 καὶ
2525 4786 2844 4855 ἐφύλαττεν,
2886 4787 2951 4840 ἐκ
3006 4786 3088 4850 ξε
3126 4787 3328 4856 λέγων,
3358 4786 3467 4849 etc.

1888 4853 2005 4911 Hoc
2025 4862 2129 4912 est.
2168 4855 2385 4912 Pelanio
2414 4858 2711 4912 interprete
2746 4873 2796 4912 ν.
2822 4874 2907 4912 xI.
2947 4805 3025 4912 ἕδ
3043 4873 3057 4910 :
3106 4857 3363 4912 Dicebant
3390 4878 3467 4912 se-

1888 4853 2129 4919 Hoc‘est,
2168 4855 2385 4926 Pelagio
2414 4853 2711 4925 interprete
2746 4873 2796 4913 ν.
2822 4874 2907 4920 xl,
2947 4853 3057 4912 50:
3106 4853 3363 4914 Dicebant
3390 4878 3473 4917 se-

1888 4941 2001 4988 nes,
2033 4926 2177 4999 quia
2205 4926 2281 4999 in_
2302 4936 2474 4999 arente
2498 4926 2703 4999 abbatis
2725 4928 2971 4999 _Antonii
3002 4927 3251 4983 sedebant
3276 4940 3471 4999 septem

1887 4994 2133 5069 uionachi
2160 4996 2302 5065 (cod.
2330 4995 2615 5051 Suession.
2636 5003 2690 5069 et
2725 4994 2939 5069 Fossat.
2973 4999 3209 5069 nomina)
3241 4994 3473 5069 tempore

1886 5065 2247 5138 dactylorum,
2275 5075 2340 5138 et
2362 5082 2497 5120 unus
2530 5082 2596 5120 ea:
2626 5067 2703 5119 eis
2728 5067 2968 5136 abigebat
2994 5072 3059 5123 ab
3085 5072 3161 5124 eis
3191 5065 3425 5126 bolucres
3448 5089 3469 5127 :

1885 5147 2001 5191 erat
2017 5135 2214 5211 autem
2268 5135 2343 5211 ibi
2373 5151 2549 5211 senex,
2582 5138 2672 5211 qui
2712 5135 2881 5211 indie
2923 5155 3030 5211 qua
3073 5156 3192 5194 eum
3216 5141 3468 5211 dactylos

1888 5209 2152 5262 custodire
2199 5205 2553 5276 contingebat,
2595 5205 2884 5270 clamabat,
2935 5205 3114 5264 dicens
3148 5226 3166 5263 :
3205 5205 3467 5267 Discedite

1886 5278 1950 5351 ab
1987 5280 2151 5341 intra,
2186 5277 2343 5351 mala:
2399 5277 2760 5351 cogitationes,
2780 5288 2841 5351 et
2872 5278 2936 5351 de
2965 5280 3097 5351 foris
3129 5296 3266 5334 aves.
3306 5280 3465 5351 Apud

1885 5347 2179 5421 Georgium
2214 5348 2640 5421 Alexandrinum
2693 5363 2746 5400 η.
2778 5347 2846 5421 ἵεὸ
2869 5391 2889 5421 ,
2913 5348 3093 5403 λαὸὼν
3123 5347 3467 5421 στρατιώτας

1884 5418 2299 5542 ἕωῆόνομάῖων
2342 5416 2735 5472 πεντακοσίων.
2785 5417 2894 5473 Sed
2928 5420 3054 5489 quis
3111 5416 3236 5477 ﬁnis
3264 5416 3467 5482 similia
3525 5477 3548 5489 ,

1884 5504 1949 5542 co
1997 5505 2115 5542 men
2146 5506 2160 5542 ι

1884 5490 2160 5544 collinenti
2180 5492 2203 5544 ?

1956 5556 2067 5631 (90)
2100 5558 2333 5631 Λέγωνο
2368 5561 2422 5613 '0
2461 5558 2649 5616 δεῖνα.
2701 5556 2763 5614 In
2796 5559 2930 5615 Vitis
2973 5559 3201 5615 Patrum
3227 5577 3248 5617 :
3286 5560 3468 5618 dicens

1884 5628 1967 5684 illi
1991 5670 2006 5691 ,
2042 5628 2139 5700 pro
2170 5628 2373 5695 dicens,
2403 5631 2517 5687 ille.

1976 5700 2066 5769 91)
2112 5700 2217 5756 Vit.
2254 5701 2406 5757 Patr.
2444 5718 2506 5762 ll.
2540 5701 2595 5756 8.
3310 5752 3322 5765 .

1977 5771 2067 5844 92)
2099 5770 2159 5826 L.
2198 5772 2394 5829 Radcri
2439 5773 2716 5833 Viridar.:
2750 5772 2857 5830 Vit.
2890 5772 3046 5830 Patr.
3080 5788 3160 5837 νε,
3188 5773 3270 5830 19.

3184 5915 3223 5976 9
