3994 6336
447 324 550 379 237

1613 317 1952 375 APPENDIX
1992 315 2081 371 AD
2120 314 2536 377 PALLADIUM.

3607 327 3711 386 εδδ

447 436 596 509 quod
630 449 756 491 cum
801 433 1115 490 advenisset
1153 431 1447 505 aliquando
1478 431 1546 486 ad
1578 433 1867 504 quemdam
1897 446 2010 486 ana-

2135 431 2275 503 ρίου,
2294 433 2375 486 ὅτι
2406 433 2852 506 παραγενόμενός
2871 450 3000 488 ποτε
3025 435 3163 507 πρός
3178 453 3297 489 τινα
3322 436 3706 511 ἀναχωρητην,

449 528 749 594 chorctam,
803 531 856 581 et
885 525 1184 581 invenisset
1213 539 1337 579 eum
1365 530 1737 595 mgrotantem,
1777 523 2028 580 sciscita-

448 627 536 674 tus
573 617 664 682 sil,
699 615 958 686 quidnam
998 614 1105 670 cibi
1138 614 1299 670 vellet
1346 629 1564 669 sumere
1608 633 1620 668 :
1666 614 1801 669 nihil
1825 613 2029 684 quippe

449 708 650 764 eratin
695 707 832 763 cella
876 706 1021 777 ejus.
1060 702 1164 773 Qui
1201 712 1491 776 postquam
1543 704 1791 770 dixisset,
1825 704 2028 761 Pastil-

447 800 579 864 lum,
623 813 734 854 non
778 797 951 869 piguit
985 798 1165 852 virum
1217 796 1409 852 fortem
1435 796 1819 852 Alexandriam
1858 794 2025 867 proﬁ-

446 891 601 957 cisci,
634 898 692 945 ut
713 904 857 961 aegro
882 890 1075 946 daret:
1100 888 1349 960 miraque
1377 904 1487 955 res,
1508 887 1713 945 nemini
1737 886 2024 944 manifesta

446 982 587 1038 facta
620 993 723 1039 est.

514 1075 566 1130 9.
608 1072 810 1128 lterum
850 1072 1170 1126 memoravit
1216 1086 1228 1123 :
1276 1071 1359 1126 Ad
1413 1070 1667 1126 abbatem
1724 1070 2020 1124 Macarium

441 1181 566 1221 cum
596 1164 857 1219 fratribus
884 1163 1105 1219 cunctis
1129 1164 1185 1217 in
1221 1163 1574 1234 simplicitate
1604 1170 2019 1217 conversantcm

441 1257 698 1311 dixerunt
740 1255 989 1310 nonnulli
1037 1269 1051 1307 :
1107 1254 1290 1321 Quare
1331 1265 1380 1309 te
1431 1255 1592 1309 talem
1638 1252 1885 1324 prabes?
1927 1252 2022 1308 Ille

442 1346 769 1418 respondit:
811 1345 1113 1401 Duodecim
1151 1345 1311 1401 annis
1355 1345 1553 1401 servivi
1603 1344 1835 1399 Domino
1874 1359 2018 1409 meo,

442 1447 501 1494 ut
543 1439 675 1493 mihi
720 1437 862 1492 hanc
909 1436 1142 1508 gratiam
1192 1435 1524 1506 largiretur;
1559 1442 1615 1490 et
1653 1449 1847 1493 omnes
1882 1434 2017 1489 mihi

439 1534 729 1589 consilium
755 1530 898 1588 datis
940 1531 1020 1587 uti
1049 1545 1169 1585 eam
1203 1529 1520 1600 deponam?

510 1626 597 1681 10.
640 1624 751 1696 (93)
795 1622 1061 1679 Dicebant
1103 1621 1171 1677 de
1210 1622 1407 1676 abbate
1450 1619 1713 1685 Macario,
1771 1619 1917 1692 quod
1968 1620 2017 1676 si

438 1734 561 1774 cum
597 1716 860 1771 fratribus
891 1729 1092 1771 vacans
1116 1719 1452 1778 versaretur,
1482 1713 1555 1767 ita
1587 1728 1774 1768 secum
1800 1712 2015 1768 consti-

436 1810 623 1866 tuebat
659 1807 760 1864 :Si
809 1807 995 1863 vinum
1026 1804 1297 1876 {adfuerit,
1345 1814 1574 1876 propter
1618 1805 1818 1861 fratres
1849 1806 2013 1872 bibe;

436 1910 490 1956 et
514 1914 612 1971 pro
639 1915 749 1954 uno
781 1897 892 1953 vini
933 1898 1153 1969 poculo,
1180 1912 1276 1966 per
1305 1912 1473 1951 unum
1502 1896 1645 1952 diem
1679 1912 1874 1968 aquam
1906 1914 2014 1953 non

437 1996 614 2050 bibas.
651 1994 819 2065 Igitur
852 1991 1073 2059 fratres,
1105 1991 1332 2047 reﬁcere
1363 1991 1672 2062 cupientes,
1706 1991 1913 2047 dabant
1939 1993 2013 2049 ei.

438 2086 616 2142 Senex
646 2093 826 2140 autem
867 2099 992 2139 cum
1030 2083 1230 2154 gaudio
1279 2082 1621 2149 admittebat,
1672 2090 1731 2138 ut
1773 2085 2015 2154 seipsum

437 2182 738 2248 torqueret.
794 2175 861 2229 At
904 2174 1212 2244 discipulus
1254 2174 1398 2243 ejus,
1445 2174 1533 2229 cui
1579 2190 1669 2231 res
1713 2183 1843 2229 nota
1874 2184 2012 2241 erat,

433 2269 650 2324 «licebat
699 2266 963 2321 fratribus
1020 2284 1033 2319 :
1077 2263 1184 2320 Per
1236 2263 1550 2327 Dominum,
1604 2281 1673 2321 ne
1724 2268 2014 2338 pa-bcatis

434 2362 544 2429 illi;
584 2359 786 2430 alioqui
818 2359 871 2414 in
904 2358 1040 2414 cella
1080 2356 1436 2413 confecturus
1482 2365 1565 2413 est
1604 2373 1682 2415 se.
1711 2358 1831 2426 Quo
1863 2375 2014 2416 com-

434 2461 609 2524 perto,
646 2451 842 2508 fratres
874 2468 983 2506 non
1006 2452 1244 2524 amplius
1277 2452 1325 2507 ei
1356 2452 1729 2522 porrigebant.

505 2546 595 2601 ll.
636 2545 749 2617 (94)
791 2544 1155 2601 Proficiscens
1172 2544 1467 2615 aliquando
1496 2545 1665 2600 abbas
1689 2544 1961 2601 Macarius
1982 2561 2011 2600 a

430 2637 629 2707 palude
660 2638 714 2692 in
746 2640 935 2693 cellam
971 2654 1149 2705 suam,
1178 2637 1433 2709 portabat
1457 2638 1757 2707 palmarum
1790 2654 2008 2707 ramos;

428 2739 483 2786 et
527 2733 915 2788 ecceoccurrit
948 2731 998 2786 ei
1041 2731 1097 2786 in
1137 2731 1224 2785 via
1256 2727 1513 2785 diabolus
1560 2728 1757 2783 falcem
1788 2745 2006 2800 gerens.

434 2821 609 2894 thue
635 2824 808 2879 voluit
836 2840 960 2879 eum
997 2823 1186 2887 ferire,
1220 2838 1330 2878 non
1359 2821 1548 2877 valuit.
1587 2821 1772 2893 itaque
1807 2825 1884 2878 ait
1910 2825 1956 2880 ei
1994 2843 2006 2880 :

430 2917 594 2972 Multa
635 2932 665 2972 a
708 2924 761 2972 te
800 2917 904 2980 vis,
959 2916 1183 2979 Macari,
1236 2915 1382 2986 quod
1433 2917 1721 2973 adversum
1777 2926 1829 2972 te
1876 2917 2010 2972 nihil

425 3008 601 3064 valeo.
637 3007 714 3062 En
752 3008 921 3072 enim,
954 3006 1220 3078 quidquid
1267 3008 1402 3079 agis,
1447 3024 1546 3080 ego
1594 3024 1810 3079 quoque
1844 3007 2007 3066 facio.

2130 523 2223 576 καὶ
2249 523 2424 595 εὑρὼν
2450 523 2614 578 αὑτὸν
2642 524 2814 579 κακού
2824 543 3004 596 μενον,
3036 528 3366 582 ἐπυνθάνετο
3387 529 3437 583 τί
3466 528 3709 601 βούλοιτο

2126 615 2422 686 τραφῆναι,
2459 614 2673 679 οὐδενὸς
2712 616 2865 682 ὄντος
2899 619 2957 671 ἐν
2996 617 3074 690 τῷ
3121 619 3318 693 κελλίῳ
3364 621 3552 680 αὑτοῦ.
3600 624 3711 678 Καὶ

2128 707 2399 777 φήσαντος
2450 707 2684 775 ἐκείνου,
2719 708 3007 773 Πὰστιλον,
3042 713 3121 775 εἰς
3158 711 3259 784 τὴν
3317 710 3710 787 Ἀλεξανδρέων

2127 795 2282 849 πόλιν
2332 797 2431 848 οὐκ
2476 795 2722 867 ὤκνησεν
2764 799 2792 850 6
2839 799 3084 870 ἀνδρεῖος
3130 802 3561 874 παραγενέσθαι,
3612 806 3709 875 καὶ

2124 886 2307 939 δοῦναι
2336 885 2416 958 τῷ
2456 887 2755 958 κάμνοντι·
2789 889 2885 941 καὶ
2918 889 2978 942 τὸ
3012 889 3323 961 θαυμαστὸν
3374 893 3564 964 μηδενὶ
3603 895 3704 948 κα-

2123 978 2353 1051 τάδηλον
2380 980 2693 1050 γενόμενον.

2193 1071 2258 1125 θ’.
2300 1067 2436 1124 Εἷπε
2467 1072 2649 1138 πάλιν,
2682 1073 2763 1126 ὅτι
2792 1076 2848 1127 ὲν
2874 1074 3081 1148 ἀκακία
3106 1075 3199 1129 τοῦ
3230 1075 3374 1130 ἁϐϐἄ
3411 1076 3701 1149 Μακαρίου

2124 1161 2542 1234 πολιτευομένου
2583 1164 2721 1235 πρὸς
2751 1166 2960 1229 πάντας
2996 1167 3121 1231 τοὺς
3158 1166 3439 1237 ἀδελφοὺς,
3493 1168 3702 1240 ἔφησαν

2120 1253 2270 1324 αὐτῷ
2293 1271 2463 1319 τινεςο
2500 1256 2654 1309 Διατί
2693 1255 2866 1320 οὕτως
2907 1260 3099 1314 ἐαυτὸν
3126 1265 3330 1328 ποιείς;
3367 1263 3426 1318 Ὅ
3454 1263 3511 1317 δέ
3543 1260 3699 1318 εἶπεο

2119 1344 2338 1399 Δώδεκα
2370 1346 2464 1417 ἔτη
2493 1348 2783 1403 ἐδούλευσα
2815 1351 2892 1422 τῷ
2920 1353 3111 1425 Κυρίῳ
3148 1371 3271 1425 μου,
3304 1356 3391 1409 ἵνα
3418 1373 3508 1428 μοι
3538 1357 3699 1429 χαρί-

2120 1454 2281 1509 σηται
2316 1438 2378 1491 τὸ
2421 1438 2665 1511 χάρισμα
2711 1442 2893 1508 τοῦτο,
2937 1445 3028 1498 καὶ
3075 1446 3277 1513 πάντες
3320 1465 3412 1519 μοι
3456 1450 3699 1521 συμϐου-

2118 1529 2306 1583 λεύετε
2341 1532 2641 1587 ἀποθέσθαι
2667 1534 2830 1603 αὑτό;

2194 1630 2245 1677 ι’.
2281 1624 2506 1693 Ἔλεγον
2539 1627 2669 1698 περὶ
2694 1626 2789 1681 τοῦ
2818 1627 2962 1683 ἀϐϐἄ
2986 1629 3288 1703 Μακαρίου,
3311 1633 3391 1687 ὅτι
3424 1633 3473 1686 εί
3505 1635 3692 1689 εὐκαί-

2122 1733 2254 1788 ρησε
2308 1717 2447 1788 μετὰ
2495 1718 2763 1789 ἀδελφῶν,
2828 1720 2995 1774 ἐτίθει
3038 1722 3216 1794 ἐαυτῷ
3261 1723 3407 1796 ὅρον,
3467 1724 3696 1781 δτιἘὰν

2121 1807 2319 1880 εὑρεθῇ
2355 1803 2517 1876 οἶνος,
2547 1809 2635 1865 διὰ
2655 1811 2781 1875 τοὺς
2811 1811 3075 1881 ἀδελφοὺς
3113 1813 3256 1879 πίνε,
3290 1813 3385 1868 καὶ
3417 1814 3538 1869 ἀντὶ
3573 1812 3694 1879 ἐνὸς

2122 1896 2385 1969 ποτηρίου
2424 1898 2592 1964 οἴνου,
2625 1898 2752 1971 μίαν
2784 1900 2998 1972 ἡμέραν
3039 1902 3113 1974 μὴ
3155 1902 3286 1975 πίῃς
3314 1902 3480 1976 ὕδωρ.
3513 1904 3576 1957 Ol
3600 1898 3696 1958 οὖν

2119 1987 2358 2059 ἀδελφοὶ,
2400 1989 2560 2061 χάριν
2589 1991 2951 2056 ἀναπαύσεως
2984 1993 3186 2047 ἐδίδουν
3217 1993 3386 2065 αὐτῷ.
3427 1996 3486 2049 '0
3515 1995 3572 2049 δὲ
3609 1995 3698 2066 γέ-

2120 2097 2229 2153 ρων
2266 2081 2405 2152 μετά
2449 2084 2625 2155 χαρᾶς
2666 2084 2992 2155 ἐλάμϐανεν,
3039 2087 3125 2139 ἵνα
3163 2086 3353 2141 ἑαυτὸν
3401 2087 3692 2161 βασανίσῃ.

2130 2172 2188 2226 '0
2216 2173 2272 2227 δὲ
2301 2175 2549 2246 μαθητὴς
2569 2175 2725 2241 εἰδὼς
2750 2177 2810 2230 τὸ
2825 2180 3079 2249 πρᾶγμα,
3101 2179 3253 2250 ἔλεγε
3270 2184 3383 2244 τοῖς
3410 2181 3657 2251 ἀδελφοῖς
3674 2198 3689 2213 ’

2116 2265 2215 2319 Διὰ
2240 2266 2333 2321 τὸν
2368 2269 2590 2339 Κύριον,
2623 2270 2698 2341 μὴ
2726 2269 2862 2324 δῶτε
2889 2271 3038 2343 αὐτῷ
3059 2290 3072 2303 ·
3105 2274 3154 2326 εί
3190 2272 3247 2327 δὲ
3292 2274 3364 2345 μή
3398 2290 3485 2343 γε,
3520 2276 3601 2339 εἰς
3630 2274 3695 2327 τὸ

2115 2359 2327 2414 κελλίον
2363 2360 2547 2432 μέλλει
2596 2364 2788 2417 ἑαυτὸν
2840 2363 3128 2436 δαμάζειν.
3163 2365 3271 2419 Kal
3327 2365 3590 2438 μαθόντες
3637 2366 3693 2420 οἱ

2114 2451 2356 2522 ἀδελφοὶ,
2383 2454 2482 2508 οὐκ
2519 2453 2599 2508 ἔτι
2630 2456 2779 2526 αύτῴ
2817 2460 3099 2529 παρεῖχον.

2188 2550 2275 2598 ια’.
2308 2545 2724 2617 Παρερχόμενός
2752 2565 2881 2601 ποτε
2910 2549 3017 2603 ἀπὸ
3053 2549 3147 2604 τοῦ
3175 2550 3330 2616 ἐλους
3358 2554 3438 2616 είς
3480 2551 3542 2606 τὸ
3566 2551 3695 2606 κελ-

2112 2634 2225 2691 λίον
2247 2637 2438 2690 ἑαυτοῦ
2464 2640 2491 2691 ὁ
2518 2638 2693 2703 ἀϐϐἄς
2716 2640 3024 2712 Μακάριος,
3052 2643 3320 2709 ἐϐάσταζε
3354 2642 3563 2710 θαλλία,
3593 2646 3695 2699 καὶ

2117 2723 2225 2777 ίδοὺ
2251 2724 2563 2797 ὑπήντησεν
2591 2727 2738 2799 αὐτῷ
2768 2731 2796 2782 6
2821 2729 3068 2795 διάϐολος
3105 2733 3247 2788 κατὰ
3276 2733 3375 2805 τὴν
3407 2733 3524 2789 666v
3549 2735 3693 2805 μετά

2110 2815 2203 2887 δρε
2212 2817 2403 2870 πάνουο
2423 2817 2517 2870 καὶ
2538 2817 2613 2882 ὡς
2627 2819 2893 2891 ἠθέλησεν
2908 2822 3070 2875 αὑτὸν
3087 2822 3338 2893 κροῦσαι,
3360 2825 3459 2878 ούκ
3476 2825 3692 2896 ἴσχυσε,

2114 2910 2205 2963 καὶ
2235 2910 2382 2978 λέγει
2425 2911 2606 2984 αὐτῷ’
2649 2912 2825 2986 Πολλὴ
2854 2914 2946 2984 βία
2974 2916 3082 2969 ἀπὸ
3123 2916 3239 2983 σοῦ,
3279 2919 3558 2990 Μακάριε,
3605 2920 3694 2972 ὃτι

2113 3000 2173 3053 οὐ
2219 3000 2454 3071 δύναμαι
2494 3003 2631 3074 πρὸς
2672 2994 2934 3059 σέξἸδοὺ
2981 3006 3088 3079 γὰρ
3118 3008 3173 3061 εί
3204 3026 3255 3062 τι
3291 3012 3486 3075 ποιεῖς,
3533 3008 3695 3079 κάγὼ

430 3100 513 3156 Tu
545 3101 668 3156 cibo
707 3101 974 3166 abstines,
1013 3107 1068 3155 et
1096 3115 1232 3171 ego;
1259 3100 1453 3171 vigilas
1475 3140 1489 3166 ,
1518 3116 1618 3172 ego
1649 3102 1867 3171 penitus
1902 3115 2007 3155 non

2123 3090 2283 3144 ποιῶ⁶
2321 3092 2384 3144 σὺ
2411 3092 2709 3163 νηστεύεις,
2744 3095 2899 3163 κάγώ
2927 3096 2993 3128 ἰ·
3023 3099 3343 3168 ἀγρυπνεῖς,
3372 3099 3526 3170 κάγὼ
3552 3103 3691 3165 ὅλως

427 3194 661 3249 dormio.
696 3191 870 3247 Unum
913 3191 1087 3247 solum
1118 3201 1203 3249 est
1240 3194 1293 3247 in
1336 3209 1446 3264 quo
1475 3194 1651 3249 vincis
1682 3210 1787 3250 me.
1825 3193 1997 3248 Inter-

426 3284 637 3358 rogavit
667 3284 837 3339 abbas
866 3282 1142 3341 Macarius
1183 3304 1196 3340 :
1236 3284 1521 3352 Quodnam
1561 3294 1644 3341 est
1668 3286 1838 3341 illud?
1869 3285 2006 3341 Res-

427 3377 622 3449 pondit
685 3394 699 3431 :
745 3375 1038 3432 Ilumilitas
1074 3387 1182 3431 tua.
1218 3376 1297 3433 Ac
1337 3384 1621 3448 propterea
1661 3376 1923 3433 adversus
1956 3383 2008 3431 te

430 3468 561 3525 nihil
590 3483 836 3538 possum.
1662 3478 1668 3485 '

418 3614 421 3617 λ
499 3560 586 3615 12.
629 3558 741 3631 (95)
783 3559 1267 3631 lnterrogaverunt
1299 3560 1520 3632 quidam
1551 3575 1581 3616 c
1614 3559 1867 3615 Pati-ibus
1907 3558 2004 3613 ab-

425 3654 607 3709 batem
646 3652 945 3708 Macarium
984 3651 1326 3725 Egyptium,
1374 3653 1622 3708 dicentes
1662 3668 1675 3703 :
1717 3650 1820 3719 Qui
1864 3653 1917 3706 lit
1948 3658 2007 3705 ut

425 3746 542 3802 sive
566 3744 824 3800 comedas
854 3743 970 3800 sive
1002 3743 1236 3814 jejunes,
1264 3757 1465 3814 corpus
1491 3751 1643 3797 tuum
1672 3744 1872 3814 pariter
1900 3742 2008 3798 sic-

424 3849 550 3891 cum
589 3835 708 3892 sit?
738 3834 1150 3906 Responditque
1185 3835 1293 3890 illis
1326 3851 1490 3891 senex
1537 3854 1549 3890 :
1598 3833 1826 3904 Lignum
1858 3834 2005 3905 quod

423 3925 606 3984 versat
628 3937 903 3984 sarmenta
936 3943 1057 3999 qua:
1084 3927 1504 3991 comburuntur,
1537 3930 1763 3982 omnino
1789 3928 1858 3982 ab
1884 3927 2007 3999 igne

425 4021 788 4076 consumitur.
841 4017 1019 4075 Simili
1064 4019 1226 4075 modo
1276 4021 1321 4075 si
1357 4027 1595 4075 mentem
1634 4035 1793 4076 suam
1841 4020 2007 4075 homo

424 4114 482 4169 in
512 4115 709 4170 timore
748 4111 842 4168 Dei
888 4111 1260 4180 mundaverit,
1307 4112 1424 4183 ipse
1462 4110 1556 4169 Dei
1600 4113 1766 4168 timor
1804 4127 2009 4183 corpus

424 4206 550 4275 ejus
582 4205 879 4259 consumit.

498 4299 587 4353 15.
634 4295 745 4368 (96)
790 4295 1081 4353 Profectus
1107 4306 1192 4354 est
1218 4299 1516 4369 aliquando
1538 4300 1707 4356 abbas
1733 4299 2008 4357 Macarius

425 4404 455 4442 c
502 4385 648 4442 Secti
695 4386 751 4440 in
795 4386 1180 4453 Terenuthim;
1213 4394 1268 4441 et
1294 4388 1576 4458 ingressus
1602 4398 1688 4446 est
1732 4391 1788 4445 in
1820 4391 2005 4446 fanum

2112 3184 2173 3237 οὐ
2206 3183 2518 3255 κοιμῶμαι·
2560 3184 2619 3238 ἐν
2666 3186 2782 3239 ἐστι
2830 3186 2988 3258 μόνον
3026 3190 3084 3242 ἐν
3111 3183 3155 3257 ᾧ
3185 3193 3343 3262 νικᾷς
3384 3209 3473 3264 με.
3523 3193 3690 3262 Λέγει

2112 3275 2259 3347 αὐτῷ
2291 3277 2319 3328 6
2346 3276 2520 3340 ἀϐϐᾶς
2556 3276 2877 3350 Μακάριος’
2914 3279 3071 3334 Ποῖον
3101 3280 3290 3348 “coire;
3332 3281 3393 3337 '0
3444 3282 3501 3337 δὲ
3546 3284 3689 3355 ἔφη’

2124 3367 2188 3419 Ἦ
2216 3366 2543 3432 ταπείνωσίς
2564 3386 2676 3421 σου·
2704 3370 2799 3423 καὶ
2821 3369 2908 3425 διὰ
2929 3370 3087 3425 τοῦτο
3103 3372 3164 3425 οὐ
3192 3372 3428 3447 δύναμαι
3450 3376 3583 3447 πρὸς
3605 3377 3687 3431 σέ.

2184 3546 2271 3618 ιβ’.
2290 3545 2505 3620 Ἦρώτη
2514 3548 2612 3603 σάν
2628 3566 2774 3613 τινες
2787 3548 2898 3604 τῶν
2913 3549 3175 3618 Πατέρων
3198 3552 3287 3606 τὸν
3304 3552 3477 3608 ἀϐϐᾶν
3494 3556 3693 3609 Μακά-

2111 3657 2229 3713 ριον
2269 3640 2361 3695 τὸν
2403 3641 2725 3710 Αἰγύπτιον,
2758 3642 3042 3713 λέγοντες·
3088 3646 3214 3707 Πῶς
3245 3646 3333 3699 ὅτε
3364 3647 3566 3711 ἐσθίεις
3596 3648 3694 3702 καὶ

2108 3734 2198 3788 ὅτε
2228 3733 2532 3806 νηστεύεις,
2563 3734 2625 3788 τὸ
2665 3734 2827 3806 σῶμά
2859 3752 2952 3789 σου
2998 3736 3164 3809 ξηρόν
3202 3739 3349 3804 ἐστι;
3393 3739 3504 3792 Καὶ
3537 3738 3690 3808 λέγει

2109 3828 2294 3892 αὐτοῖς
2329 3829 2358 3881 6
2394 3827 2607 3901 γέρωνο
2641 3830 2715 3884 Τὸ
2747 3830 2904 3898 ξύλον
2943 3831 3005 3885 1:6
3040 3830 3272 3902 στρέφον
3304 3829 3373 3884 τὰ
3420 3831 3691 3902 καιόμενα

2111 3919 2387 3992 φρύγανα,
2412 3921 2479 3975 δι’
2509 3920 2632 3976 ὅλου
2661 3922 2903 3976 ἐσθίεται
2929 3925 2995 3977 ἐκ
3024 3922 3118 3977 τοῦ
3151 3923 3341 3995 πυρός.
3377 3922 3565 3986 Οὕτως
3592 3924 3691 3977 ἐὰν

2109 4013 2429 4086 καθαρεύσῃ
2487 4014 2777 4087 ἄνθρωπος
2823 4016 2915 4069 τὸν
2966 4015 3092 4069 νοῦν
3125 4014 3291 4069 αὐτοῦ
3319 4017 3377 4068 ἐν
3407 4014 3489 4086 τῷ
3534 4015 3697 4087 φόϐῳ

2107 4106 2201 4159 τοῦ
2240 4105 2397 4173 Θεοῦ,
2430 4107 2592 4172 αὐτὸς
2624 4110 2652 4162 6
2673 4107 2839 4179 φόϐος
2857 4107 2952 4161 τοῦ
2974 4107 3107 4160 Θεοῦ
3138 4106 3413 4161 κατεσθίει
3442 4106 3502 4160 τὸ
3528 4107 3696 4179 σῶμα

2109 4196 2298 4252 αὑτοῦ.
2546 4234 2559 4243 ο

2183 4288 2270 4356 ιγ’.
2326 4288 2520 4360 Ἀνέϐη
2552 4289 2682 4343 ποτέ
2713 4290 2741 4342 6
2767 4289 2942 4352 άϐϐἄς
2984 4289 3272 4363 Μακάριος
3300 4289 3408 4344 ἀπὸ
3435 4289 3695 4357 Σκήτεως

2110 4380 2191 4442 εἰς
2220 4378 2542 4450 Τερενοῦθιν
2565 4397 2579 4412 ·
2611 4380 2707 4433 καὶ
2739 4380 2993 4450 εἰσῆλθεν
3033 4382 3114 4444 είς
3145 4380 3207 4433 τὸ
3244 4380 3388 4453 ἱερὸν
3415 4381 3695 4454 κοιμηθῆ-

429 4486 490 4533 ut
513 4477 800 4533 dormiret.
837 4476 1006 4531 Erant
1027 4484 1207 4532 autem
1240 4477 1312 4531 ibi
1336 4487 1517 4533 vetera
1543 4480 1885 4537 ethnicorum
1916 4498 2007 4539 ca-

2123 4490 2219 4526 ναι.
2268 4469 2451 4527 ’Ἦσαν
2495 4472 2554 4525 δὲ
2602 4472 2721 4526 ἐκεῖ
2758 4472 3094 4544 σκηνώματα
3144 4472 3409 4544 Ἐλλήνων
3445 4474 3653 4529 παλαιά
3676 4491 3690 4506 ·

427 4573 636 4628 davera‘
658 4591 671 4627 :
697 4588 727 4629 e
756 4572 958 4643 quibus
984 4586 1155 4625 unum
1187 4553 1468 4642 acceptum
1496 4573 1677 4643 posuit
1702 4575 1805 4629 sub
1828 4576 2005 4646 capite

428 4679 552 4730 suo,
584 4663 734 4720 velut
762 4661 1131 4719 embrimium.
1160 4660 1442 4718 Daemones
1463 4678 1594 4733 ergo
1632 4664 1811 4718 intuiti
1836 4666 2003 4721 auda-

427 4770 569 4810 ciam
598 4756 741 4825 ejus,
774 4753 979 4809 invidia
1010 4753 1161 4827 ducti
1190 4760 1354 4819 sunt;
1379 4769 1445 4809 ac
1473 4755 1720 4811 volentes
1739 4771 1862 4811 eum
1893 4764 2003 4812 ter-

425 4861 564 4910 rere,
605 4847 755 4901 velut
796 4845 1053 4900 feminam
1092 4843 1159 4899 de
1201 4844 1422 4898 nomine
1466 4845 1769 4912 vocabant,
1818 4845 2000 4902 dicen-

423 4945 508 4993 tes
540 4953 554 4990 :
586 4935 703 5003 Illa,
740 4936 865 4991 veni
911 4934 1193 4989 nobiscum
1246 4934 1312 4989 ad
1355 4934 1611 4989 balneum
1662 4954 1675 4990 :
1721 4937 2005 5007 respondit

426 5038 605 5084 autem
652 5028 794 5082 alius
836 5027 1048 5082 damon
1089 5026 1194 5082 sub
1234 5026 1353 5096 ipso
1386 5033 1644 5097 tanquam
1668 5042 1699 5082 e
1732 5028 2002 5094 mortuis,

426 5120 507 5174 sic
538 5136 551 5171 :
595 5118 951 5189 Peregrinum
985 5118 1157 5174 habeo
1187 5135 1351 5190 super
1384 5137 1489 5187 me,
1517 5137 1615 5177 nec
1656 5139 1876 5193 possum
1912 5139 2006 5180 ve-

425 5210 570 5265 nire.
612 5208 681 5261 At
722 5224 887 5265 senex
923 5210 1149 5264 territus
1186 5225 1292 5264 non
1327 5219 1433 5276 est,
1470 5212 1564 5267 sed
1596 5213 1857 5269 audacter
1882 5229 2003 5269 ver-

428 5299 657 5357 berabat
684 5315 907 5370 corpus,
934 5299 1127 5373 Surge,
1162 5301 1435 5372 inquiens,
1466 5302 1605 5359 vade
1639 5304 1692 5359 in
1724 5306 2002 5370 tenebras,

423 5390 472 5448 si
510 5396 686 5461 potes.
728 5389 849 5456 Quo
902 5390 1093 5445 audito
1139 5391 1415 5449 daemones
1458 5393 1833 5451 clamav‘erunt
1870 5410 2005 5453 voce

494 5547 540 5581 ⁸¹
570 5548 657 5605 Al.
685 5547 796 5618 ἐγὼ
828 5548 949 5602 οὐδὲ
980 5549 1119 5613 ὅλως
1141 5547 1364 5621 τρώγω.

494 5665 605 5734 (95)
646 5664 746 5723 Vit.
778 5667 932 5722 Patr.
962 5685 1037 5731 iv.
1061 5667 1153 5724 26.

494 5736 604 5809 (94)
648 5734 753 5794 Vit.
786 5738 940 5795 Patr.
976 5755 1066 5805 xv,
1106 5737 1197 5798 26.

2110 4563 2206 4617 καὶ
2236 4560 2418 4616 λαϐὼν
2447 4560 2527 4622 ἐν.
2564 4561 2808 4634 ὑπέθηκε
2836 4564 2900 4634 τῇ
2933 4561 3129 4616 ἑαυτοῦ
3178 4563 3414 4635 κεφαλῇ,
3462 4563 3540 4627 ὡς
3592 4564 3696 4635 ἐμ-

2110 4653 2349 4727 ϐρίμιον.
2384 4656 2447 4708 Οἱ
2476 4648 2568 4707 οὖν
2593 4652 2867 4724 δαίμονες,
2914 4655 3150 4727 ὁρῶντες
3188 4653 3353 4710 αὑτοῦ
3385 4654 3446 4709 τὸ
3484 4653 3696 4726 θαρσα-

2110 4747 2254 4812 λέον,
2287 4746 2590 4817 ἐφθόνησαν
2613 4763 2628 4779 ⁸
2667 4747 2762 4801 καὶ
2793 4746 3040 4813 θέλοντες
3075 4748 3237 4805 αὐτὸν
3266 4749 3523 4819 ποῆσαι,
3548 4746 3697 4817 ἐφώ-

2109 4857 2233 4895 νουν
2264 4840 2340 4904 ὡς
2377 4840 2638 4908 γυναικὸς
2668 4841 2859 4913 ὄνομα,
2893 4841 3144 4910 λέγοντες
3163 4858 3179 4873 ⁸
3235 4842 3301 4894 Ἥ
3322 4841 3492 4907 δεῖνα,
3532 4836 3699 4913 δεῦρο

2114 4933 2234 5004 μεθ’
2282 4932 2440 5005 ἡμῶν
2485 4935 2565 4998 είς
2602 4933 2664 4988 τὸ
2714 4933 3014 5005 βαλανεῖον.
3070 4935 3379 5007 ’Υπήκουσε
3426 4933 3484 4987 δέ
3532 4933 3698 5000 ἄλλος

2108 5026 2319 5096 δαίμων
2334 5024 2684 5080 ὑποκάτωθεν
2710 5026 2873 5080 αὐτοῦ
2896 5027 2973 5091 ὡς
3004 5028 3067 5080 ἐκ
3089 5027 3200 5081 τῶν
3219 5024 3451 5096 νεκρῶν.
3479 5024 3657 5093 λέγων
3677 5042 3692 5056 ’

2107 5116 2272 5171 Ξένον
2302 5117 2411 5187 ἕχω
2445 5118 2630 5171 ἐπάνω
2658 5135 2784 5189 μου,
2810 5120 2904 5172 καὶ
2936 5119 2998 5172 οὐ
3041 5118 3275 5189 δύναμαι
3307 5116 3502 5171 ἐλθεῖν.
3545 5115 3607 5169 '0
3632 5114 3696 5168 δέ

2107 5211 2287 5286 γέρων
2319 5212 2419 5265 οὐκ
2462 5211 2700 5283 ἐπτοήθη
2723 5226 2736 5241 ·
2774 5211 2908 5265 ἀλλὰ
2952 5211 3172 5284 θαρρῶν
3221 5210 3418 5264 ἔτυπτε
3452 5209 3515 5262 τὸ
3553 5208 3696 5280 σκή-

2107 5322 2286 5376 νωμα,
2316 5303 2493 5374 λέγων
2513 5321 2527 5336 ο
2568 5305 2841 5376 Ἐγειραι,
2869 5303 3048 5373 ὕπαγε
3079 5306 3160 5368 είς
3193 5302 3252 5356 τὸ
3284 5302 3497 5367 σκότος,
3528 5302 3579 5354 εί
3602 5298 3696 5353 δύο

2106 5415 2287 5451 νασαι.
2321 5398 2432 5450 Καὶ
2476 5396 2635 5450 τοῦτο
2668 5396 3004 5460 ἀκούσαντες
3035 5397 3086 5450 οἱ
3129 5395 3406 5467 δαίμονες,
3455 5392 3695 5465 ἐϐόησαν

2204 5668 2296 5735 95)
2334 5666 2441 5721 Vit.
2489 5665 2639 5721 Patr.
2665 5682 2746 5734 Ill,
2770 5668 2824 5721 8.

2204 5670 2296 5735 95)
2334 5670 2441 5721 Vit.
2489 5670 2639 5721 Patr.
2665 5682 2746 5734 Ill,
2770 5670 2824 5721 8.

2176 5670 2287 5813 :96)
2328 5736 2434 5794 Vit.
2464 5736 2618 5793 Patr.
2649 5753 2745 5809 vn,
2784 5737 2867 5793 ιο.
