3982 6336
215 392 321 447 269

1352 374 1964 440 APOPHTHEGMATA
1996 379 2307 439 PATRUM.

3369 388 3478 443 9.70

210 508 363 581 ρωνῇ
398 504 636 576 μεγάλῃ,
671 502 922 572 λέγοντες
943 518 956 532 ·
1011 502 1299 573 Ἐνίκησας
1330 503 1499 573 ἡμᾶς.
1529 501 1641 556 Kal
1664 500 1782 571 ἔφυ-

1900 515 2091 573 magna
2153 520 2167 555 :
2218 499 2408 556 Vicisti
2452 514 2571 555 nos.
2600 498 2741 556 Tum
2769 500 2976 573 pudore
3014 500 3207 559 suffusi
3251 500 3477 575 aufuge-

209 616 303 669 γαν
328 593 841 665 καταισχυνόμενοι.

278 690 363 744 ιδ’.
404 689 634 756 Ἔλεγον
664 687 793 758 περὶ
836 686 931 741 τοῦ
966 687 1111 741 assa
1157 688 1445 762 Μακαρίου
1479 686 1574 741 τοῦ
1619 688 1789 755 Λίγυ-

213 780 371 833 πτίου
403 780 475 843 ⁸¹,
506 780 590 833 ὅτι
617 778 928 834 ἀναϐαίνων
948 780 1058 833 ἀπὸ
1082 781 1354 852 Σκήτεως,
1384 781 1478 835 καὶ
1508 779 1790 851 βαστάζων

213 869 499 943 σπυρίδας,
526 868 795 933 κοπιάσας
817 868 1090 940 ἐκαθέσθη
1111 885 1125 900 ο
1156 870 1250 924 καὶ
1268 869 1473 940 ηὔξατο
1496 869 1695 938 λέγων·
1733 870 1791 923 '0

209 961 361 1023 θεὸς,
400 959 467 1013 σὺ
496 954 646 1023 οἶδας
672 958 754 1012 ὅτι
777 959 881 1012 οὐκ
904 959 951 993 ³³
980 960 1169 1031 ίσχύω.
1212 960 1324 1015 Καὶ
1354 959 1561 1024 εὐθέως
1587 959 1786 1031 εὑρέθη

208 1052 297 1103 ἐπὶ
328 1051 424 1104 τὸν
447 1050 713 1121 ποταμόν.

274 1139 360 1195 ιε’.
392 1136 503 1194 Ἦν
532 1158 616 1205 τις
661 1140 800 1212 ἔχων
842 1140 956 1194 υἱὸν
992 1141 1362 1213 παραλυτικὸν
1400 1141 1460 1194 ὲν
1487 1141 1785 1213 Αίγύπτῳο

209 1233 300 1286 καὶ
329 1232 567 1304 ἦνεγκεν
583 1232 746 1285 αὑτὸν
770 1234 851 1296 εἰς
869 1233 932 1286 τὸ
960 1232 1171 1287 κελλίον
1188 1232 1281 1286 τοῦ
1308 1231 1454 1286 esse
1467 1234 1633 1287 Μακα
1642 1233 1753 1304 ρίου
1772 1250 1783 1263 ·

208 1324 299 1377 καὶ
332 1323 497 1392 ἀφεὶς
529 1322 696 1376 αὐτὸν
728 1323 821 1376 ἐπὶ
841 1323 941 1392 τὴν
974 1324 1146 1395 θύραν
1172 1323 1448 1389 κλαίοντα,
1475 1323 1786 1396 ἀνεχώρησε

212 1416 450 1485 μακράν.
482 1413 823 1485 Παρακύψας
845 1409 937 1468 οὖν
961 1416 989 1468 6
1015 1415 1214 1486 γέρων,
1243 1411 1351 1467 εἶδε
1377 1414 1439 1467 τὸ
1470 1414 1681 1468 παιδίον
1715 1415 1782 1478 ³⁸,

206 1508 299 1561 καὶ
324 1506 478 1575 λέγει
502 1505 684 1577 αὐτῷ’
719 1505 814 1570 Τίς
851 1507 1051 1576 ἤνεγκέ
1079 1522 1139 1559 σε
1173 1501 1310 1571 ὧδες
1346 1506 1459 1561 Kal
1500 1504 1683 1574 λέγει⁹
1727 1506 1785 1558 ’0

209 1600 390 1671 πατήρ
421 1616 525 1669 μου
559 1598 748 1671 ἔρριψὲ
783 1617 850 1671 με
883 1593 1007 1663 ὧδε,
1040 1600 1135 1653 καὶ
1162 1598 1394 1670 ἀπῆλθε.
1431 1598 1595 1667 Λέγει
1637 1598 1786 1669 αὐτῷ

206 1691 235 1741 6
284 1689 498 1761 γέρων·
569 1688 829 1753 Ἀναστάς
883 1688 1156 1743 κατάλαϐε
1202 1690 1384 1744 αὐτόν.
1432 1690 1541 1744 Kal
1582 1689 1785 1752 εὐθέως

208 1779 460 1848 ὑγιάνας,
493 1778 720 1851 ἀνέστη,
768 1781 861 1834 καὶ
894 1780 1165 1835 κατέλαϐε
1201 1781 1293 1836 τὸν
1324 1784 1533 1854 πατέρα
1581 1783 1744 1837 αὐτοῦ
1766 1800 1779 1814 ·

210 1872 301 1926 καὶ
325 1870 504 1935 οὕτως
531 1871 776 1942 ἀπῆλθον
804 1873 886 1936 είς
913 1872 1004 1926 τὸν
1041 1867 1190 1926 οἷκον
1220 1873 1420 1927 αὐτῶν.

277 1971 371 2029 ις’.
414 1965 480 2017 '0
511 1964 689 2028 esse;
729 1965 1014 2036 Μακάριος
1050 1967 1079 2018 6
1120 1966 1293 2036 μέγας
1320 1966 1474 2035 ἔλεγε
1498 1970 1610 2032 τοῖς
1633 1967 1786 2022 ἀδελ-

211 2058 330 2123 φοῖς
364 2056 425 2108 ἐν
453 2057 521 2125 τῇ
551 2055 770 2125 Σκήτει,
814 2055 892 2118 ὡς
930 2056 1132 2109 ἀπέλυε
1156 2057 1255 2128 τὴν
1293 2056 1589 2129 ἐκκλησίαν
1609 2076 1624 2090 ο
1653 2060 1788 2113 Φεύ-

210 2162 352 2212 γετε,
384 2145 626 2214 ἀδελφοί.
668 2145 777 2199 Kal
825 2143 974 2199 εἶπεν
1021 2146 1172 2218 αύτῷ
1204 2165 1290 2212 τις
1330 2148 1441 2203 τῶν
1472 2150 1741 2223 γερόντων
1765 2171 1778 2184 ·

212 2234 319 2287 Ποῦ
349 2234 551 2306 ἔχομεν
586 2236 777 2304 φυγεῖν
799 2234 961 2288 πλέον
996 2235 1098 2305 τῆς
1127 2237 1337 2309 ἐρήμου
1360 2237 1600 2310 ταύτης;
1647 2241 1707 2293 'U
1730 2242 1786 2294 δὲ

210 2331 375 2384 ἐτίθει
430 2331 522 2384 τὸν
559 2331 821 2385 δάκτυλον
869 2329 1038 2384 αὑτοῦ
1085 2332 1167 2395 είς
1216 2332 1280 2386 τὸ
1328 2333 1539 2404 στόμα,
1577 2332 1783 2404 λέγων·

210 2423 379 2477 Τοῦτο
401 2423 656 2493 φεύγετε.
688 2423 798 2477 Kal
822 2424 1112 2495 εἰσήρχετο
1136 2425 1217 2488 είς
1244 2424 1305 2478 τὺ
1333 2426 1544 2480 κελλίον
1564 2426 1783 2493 ἑαυτοῦ,

211 2512 305 2563 καὶ
332 2510 512 2565 ἐκλειε
542 2511 641 2583 τὴν
678 2510 872 2582 θύραν,
904 2512 1002 2565 καὶ
1038 2512 1297 2581 ἐκάθητο.

281 2602 367 2667 ιζ’.
392 2599 564 2656 Εἶπεν
586 2603 615 2655 6
636 2602 794 2666 αὐτὸς
827 2602 1001 2667 ἀΰὸἄς
1025 2603 1308 2675 Μακάριος
1324 2619 1339 2634 ·
1386 2605 1511 2660 Ἐάν
1526 2623 1632 2659 τινι
1662 2608 1777 2660 ἐπι-

214 2694 408 2764 τιμῶν,
457 2697 538 2757 εἰς
563 2696 734 2766 ὀργὴν
768 2694 1015 2767 κινηθῇς,
1051 2696 1180 2750 ἴδιον
1211 2696 1383 2761 πάθος
1417 2696 1666 2770 πληροῖς.
1698 2698 1774 2751 οο

213 2786 320 2857 γὰρ
348 2786 438 2839 ἴνα
469 2785 663 2846 ἀλλους
697 2784 896 2858 σῴσῃς.
933 2786 1157 2841 σεαυτὸν
1187 2788 1493 2852 ἀπολέσεις.

280 2968 370 3033 ιη’.
398 2962 462 3016 '0
478 2962 642 3028 αὐτὸς
669 2962 843 3028 esse;
870 2964 1172 3038 Μακάριος,
1203 2968 1260 3020 ἐν
1288 2966 1548 3038 Αἰγύπτῳ
1579 2966 1676 3032 ὥν,
1696 2962 1786 3022 εὖ·

215 3071 304 3125 ρεν
332 3054 622 3127 ἄνθρωπον
645 3055 835 3127 ἔχοντα
853 3057 1049 3128 κτῆνος
1072 3059 1167 3112 καὶ
1193 3057 1455 3112 συλῶντα
1478 3059 1577 3122 τὰς
1601 3060 1789 3131 χρείας

212 3146 409 3202 αὑτοῦ·
455 3147 552 3203 καὶ
587 3147 750 3212 αὐτὸς
773 3149 849 3213 ὡς
891 3149 1042 3215 ξένος
1090 3149 1378 3222 παραστὰς
1404 3148 1483 3221 τῷ
1516 3150 1785 3216 συλοῢντι,

215 3239 515 3309 συνεγέμου
564 3239 627 3293 τὸ
681 3239 899 3310 κτῆνος,
949 3241 1046 3293 καὶ
1102 3240 1241 3311 μετὰ
1298 3241 1502 3311 πολλῆς
1554 3241 1787 3313 ἡσυχίας

213 3331 569 3400 προέπεμπεν
597 3329 780 3394 αὐτὸν,
812 3329 1008 3399 λέγων,
1026 3331 1107 3384 ὅτι
1126 3330 1320 3385 Οὐδὲν
1346 3329 1787 3401 εἰσηνέγκαμεν

210 3421 297 3485 εις
319 3420 427 3474 τὸν
468 3420 704 3489 κόσμον
733 3421 800 3485 ³³,
833 3419 1026 3489 δῆλον
1055 3420 1145 3475 ὅτι
1179 3421 1323 3477 οὐδὲ
1358 3420 1698 3491 ἐξενεγκεῖν
1733 3438 1785 3475 τι

212 3508 530 3580 δυνάμεθα.
578 3510 641 3564 '0
663 3512 877 3579 Κύριος
912 3511 1166 3566 ἔδωκεν·
1207 3514 1287 3579 ὡς
1332 3514 1517 3580 αὐτὸς
1568 3512 1787 3582 ἠθέλη-

211 3616 338 3666 σεν,
378 3603 567 3668 οὕτως
604 3602 703 3656 καί
748 3600 1006 3673 ἐγένετο.
1047 3605 1397 3675 Εὐλογητὸς
1443 3605 1662 3673 Κύριος
1682 3604 1783 3658 ἐπὶ

211 3708 414 3748 παστν.

283 3784 368 3836 ιϐ’.
408 3783 731 3857 Ἦρώτησάν
767 3801 913 3848 τινες
949 3784 1040 3837 τὸν
1072 3784 1246 3840 ἀὸσᾶν
1268 3785 1574 3857 Μακάρων,
1597 3786 1785 3857 λέγον-

210 3891 327 3939 τεςο
373 3875 497 3938 Πῶς
537 3876 830 3946 ὀφείλομεν
863 3874 1294 3946 προσεύχεσθαις
1331 3876 1495 3945 Λέγει
1532 3878 1718 3943 αὐτοῖς
1753 3879 1782 3929 6

210 3965 387 4036 γέρων
409 3982 422 3994 ’
455 3967 570 4019 Ούκ
596 3966 714 4020 ἔστι
734 3966 895 4036 χρεία
918 3964 1280 4035 βαττολογεῖν,
1312 3967 1426 4020 ἀλλ’
1453 3969 1715 4023 ἐκτείνειν
1735 3969 1783 4002 ³⁸

210 4057 307 4120 τὰς
350 4059 560 4128 χεῖρας,
604 4058 699 4111 καὶ
731 4058 947 4127 λέγειν’
997 4057 1191 4130 Κύριε,
1228 4060 1320 4124 ’ὡς
1366 4060 1544 4125 θέλεις
1575 4061 1671 4115 καὶ
1705 4062 1782 4125 ὡς

210 4146 379 4213 οἶδας,
400 4149 626 4220 ἐλέησον
659 4150 723 4203 ³⁷.
747 4149 876 4204 Ἐὰν
901 4150 960 4203 δὲ
990 4151 1261 4205 ἐπίκειται
1289 4152 1554 4224 πόλεμος*
1584 4154 1777 4225 Κύριε,

214 4238 393 4311 βοήθει
425 4239 491 4294 ⁸³.
526 4240 637 4293 Kal
665 4238 828 4305 αὐτὸς
851 4236 958 4294 οῐδε
985 4239 1058 4293 τὰ
1090 4242 1459 4313 συμφέροντα,
1505 4244 1601 4297 καὶ
1634 4245 1781 4297 ποιεῖ

215 4329 331 4398 μεθ’
362 4329 521 4400 ἡμῶν
557 4328 728 4394 ελεος.

1898 601 2048 651 runt.

1967 687 2055 741 14.
2100 685 2215 757 (97)
2257 685 2522 742 Dicebant
2566 685 2636 740 de
2678 683 2874 740 abbate
2916 684 3155 741 Macario
3193 685 3474 759 Egyptio,

1893 774 2040 845 quod
2073 775 2381 830 ascendens
2404 790 2434 830 e
2467 772 2614 828 Sceti
2639 811 2654 838 ,
2684 787 2749 827 ac
2781 774 3055 844 sportulas
3094 782 3340 844 portans,
3375 776 3475 832 de-
3554 822 3557 823 ν

1912 865 2171 936 fatigatus
2207 866 2380 933 sedit;
2408 865 2693 935 oravitque
2720 865 2788 919 ad
2830 845 2978 920 hunc
3009 865 3229 920 modum
3260 883 3274 921 ι
3311 866 3472 935 Dens,

1890 965 1952 1012 tu
1978 959 2087 1013 scis
2109 957 2243 1012 nihil
2276 956 2411 1012 mibi
2457 957 2658 1013 virium
2718 971 3025 1028 superesse.
3056 956 3122 1013 Et
3145 958 3292 1015 illico
3319 959 3473 1029 juxta

1891 1046 2119 1103 ﬂuvium
2140 1056 2222 1105 est
2241 1046 2477 1107 delatus.

1962 1141 2051 1196 15.
2095 1139 2207 1210 (98)
2240 1140 2477 1211 Quidam
2521 1141 2579 1197 in
2622 1139 2863 1214 Egypto
2894 1140 3063 1197 lilium
3100 1142 3337 1199 habebat
3388 1158 3478 1214 pa-

1901 1232 2187 1303 ralyticum
2220 1248 2235 1299 ;
2263 1241 2317 1287 et
2351 1233 2475 1287 tulit
2508 1248 2633 1289 eum
2663 1234 2729 1289 ad
2753 1235 2946 1289 cellam
2974 1235 3186 1291 abbatis
3219 1234 3470 1301 Macarii;

1888 1321 2199 1391 relinquens
2247 1329 2426 1377 autem
2451 1322 2520 1375 ad
2563 1321 2766 1378 ostium
2794 1323 3118 1394 plorantem,
3159 1325 3320 1396 longe
3347 1326 3479 1381 abs-

1887 1413 2073 1467 cessit.
2144 1412 2315 1483 Igitur
2362 1429 2528 1469 senex
2570 1414 2827 1470 deorsum
2860 1416 3135 1485 aspiciens
3173 1415 3310 1471 vidit
3338 1432 3475 1487 pue-

1887 1518 2055 1568 rum;
2105 1510 2158 1558 et
2208 1503 2569 1575 interrogavit
2606 1521 2730 1561 eum
2781 1525 2793 1560 :
2836 1504 2975 1571 Quis
3009 1513 3061 1562 te
3102 1506 3210 1563 huc
3251 1509 3476 1563 attulit?

1888 1592 2192 1663 Respondit
2222 1612 2239 1647 :
2272 1594 2433 1650 Pater
2464 1611 2619 1654 meus
2659 1596 2749 1652 hic
2788 1612 2876 1652 me
2908 1599 3173 1668 proiecit,
3215 1607 3271 1655 et
3307 1602 3469 1658 abiit.

1889 1685 2029 1740 Dicit
2074 1687 2122 1740 ei
2153 1701 2321 1741 senex
2354 1705 2370 1741 :
2398 1686 2638 1760 Surgens
2667 1703 2961 1759 assequere
2990 1706 3136 1746 eum.
3170 1689 3474 1767 Statimque

1888 1775 2123 1831 sanitate
2159 1784 2481 1847 recuperata
2523 1779 2782 1843 surrexit,
2816 1786 2870 1833 et
2904 1786 3115 1849 patrem
3143 1790 3473 1837 consecutus

1820 1859 1862 1913 Β
1898 1876 1985 1922 est
2027 1884 2042 1919 :
2082 1874 2247 1937 atque
2275 1868 2350 1921 ita
2380 1869 2585 1924 reversi
2615 1876 2744 1923 sunt
2783 1869 2836 1923 in
2865 1868 3086 1925 domum
3117 1886 3293 1927 suam.

1970 1959 2058 2013 16.
2105 1958 2222 2029 (99)
2261 1958 2446 2015 Abbas
2480 1959 2756 2016 Macarius
2794 1975 3027 2033 magnus
3089 1962 3310 2017 dicebat
3364 1961 3473 2017 tra-

1890 2052 2070 2107 tribus
2120 2053 2177 2108 in
2230 2052 2418 2120 Sceti,
2464 2060 2754 2125 postquam
2797 2055 3084 2110 ecclesiam
3129 2054 3466 2112 dimisisset:

1890 2142 2083 2215 Fugite
2106 2183 2122 2210 ,
2165 2144 2386 2201 fratres.
2441 2145 2531 2200 Ait
2569 2146 2648 2200 illi
2688 2145 2967 2201 seniorum
3019 2146 3239 2216 quidam
3272 2160 3288 2195 ε
3324 2145 3474 2212 Quo-

1897 2252 2023 2291 nam
2051 2236 2238 2308 fugere
2261 2238 2562 2309 poterimus
2600 2238 2743 2292 ultra
2769 2236 3120 2294 solitudinem
3148 2238 3293 2294 hanc
3310 2239 3337 2294 τ
3356 2239 3475 2309 lpse

1893 2343 2025 2383 vero
2062 2328 2289 2400 digitum
2319 2344 2477 2385 suum
2506 2329 2572 2384 ad
2606 2345 2670 2384 os
2709 2329 2965 2400 ponebat,
3001 2329 3194 2386 dicens
3236 2345 3250 2382 :
3283 2328 3476 2401 Fugite

1890 2418 2015 2474 hoc.
2048 2417 2187 2473 Tum
2231 2419 2644 2491 ingredi‘ebatur
2665 2420 2723 2475 in
2743 2420 2937 2476 cellam
2977 2434 3160 2489 suam,
3194 2430 3249 2477 et
3282 2422 3477 2477 clauso

1890 2511 2036 2567 ostio
2065 2509 2312 2567 sedebat.

1962 2602 2049 2657 17.
2093 2603 2169 2673 (1)
2211 2601 2359 2656 Dixit
2412 2602 2552 2658 idem
2606 2604 2779 2658 abbas
2829 2601 3101 2659 Macarius
3137 2622 3151 2660 :
3182 2603 3239 2658 Si
3284 2619 3476 2675 quem-

1890 2692 2034 2763 piam
2085 2690 2437 2761 increpando,
2492 2692 2555 2747 ad
2610 2693 2747 2747 iram
2794 2695 3199 2758 commoveris,
3255 2694 3471 2755 λαβειυί

1890 2795 1986 2840 tuo
2012 2781 2308 2839 satisfacis.
2341 2780 2461 2837 Non
2499 2782 2645 2837 enim
2679 2790 2737 2836 ut
2762 2782 2901 2839 alios
2936 2785 3139 2853 salves,
3172 2787 3370 2856 perdes
3392 2794 3471 2842 te-

1891 2887 2092 2944 ipsum.
3366 2920 3373 2927 .

1964 2964 2048 3020 18.
2089 2962 2168 3035 (2)
2231 2962 2377 3018 Idem
2455 2960 2629 3017 abbas
2696 2961 2969 3021 Macarius
3021 2964 3151 3021 dum
3210 2975 3359 3024 esset
3416 2969 3472 3024 in
3518 2986 3525 2995 '

1890 3055 2150 3127 Egypto,
2184 3056 2399 3113 invenit
2432 3056 2712 3112 hominem
2737 3056 3027 3113 habentem
3059 3058 3391 3127 iumentum,
3418 3071 3474 3117 et

1893 3146 2223 3217 prasdantem
2260 3162 2384 3218 quae
2421 3148 2490 3203 ad
2534 3161 2697 3203 usum
2748 3161 2910 3202 suum
2955 3147 3272 3218 possidebat
3308 3165 3323 3201 :
3358 3150 3474 3222 ipse

1894 3254 2022 3294 vero
2071 3248 2332 3310 tanquam
2359 3238 2685 3311 peregrinus
2730 3247 2920 3294 astans
2976 3239 3109 3304 furi,
3140 3256 3249 3296 una
3277 3254 3475 3296 onera-

1889 3330 1982 3384 bat
2016 3330 2347 3400 iumentum,
2383 3344 2690 3400 magnaque
2713 3343 2838 3383 cum
2862 3329 3048 3398 quiete
3077 3330 3303 3386 deduxit
3320 3346 3469 3393 eum.

1888 3421 2079 3475 dicens
2107 3440 2121 3474 :
2163 3419 2321 3475 Nihil
2350 3420 2631 3474 intulimus
2663 3418 2720 3472 in
2754 3419 3009 3474 mundum
3039 3436 3059 3474 :
3085 3420 3231 3475 haud
3252 3420 3472 3476 dubium

1885 3512 2024 3582 quod
2049 3528 2141 3567 nec
2179 3512 2390 3574 auferre
2430 3513 2557 3584 quid
2573 3527 2855 3582 possumus
2879 3511 2948 3566 ”.
2982 3511 3240 3568 Dominus
3278 3514 3420 3568 dedit
3451 3530 3471 3568 :

1884 3605 2021 3657 sicut
2056 3605 2167 3673 ipse
2195 3605 2383 3669 voluit,
2429 3605 2508 3659 ita
2551 3614 2603 3660 et
2650 3605 2853 3675 factum
2887 3616 2989 3660 est.
3022 3604 3335 3662 Benedictus
3363 3606 3472 3661 Do-

1883 3696 2059 3750 minus
2080 3698 2134 3749 in
2160 3694 2399 3749 omnibus
2415 3694 2483 3749 “.

1956 3787 2043 3842 l9.
2088 3786 2165 3858 (5)
2203 3787 2683 3857 lnterrogavcrunt
2722 3785 2943 3855 quidam
2998 3784 3248 3840 abbatem
3289 3785 3469 3841 Maca-

1885 3878 2047 3941 rium,
2085 3877 2373 3933 dicentes:
2428 3876 2550 3943 Quo
2596 3878 2755 3933 modo
2785 3877 3048 3932 debemus
3079 3876 3289 3930 orare?
3330 3874 3467 3933 Res-

1883 3970 2073 4040 pondit
2102 3970 2211 4025 illis
2245 3984 2439 4025 senex:
2470 3967 2592 4024 Non
2625 3984 2764 4039 opus
2792 3976 2878 4023 est
2908 3966 3053 4036 loqui
3082 3967 3335 4033 multum,
3369 3967 3467 4023 scd

1881 4061 2236 4117 extendendae
2266 4067 2396 4116 sunt
2430 4074 2629 4115 manus
2655 4099 2669 4121 ,
2713 4056 3243 4128 proferendumque:
3280 4056 3466 4112 Domi-

1881 4166 1969 4213 ne.
2007 4151 2150 4206 sicut
2184 4151 2269 4205 vis
2293 4156 2351 4205 et
2398 4149 2544 4205 sicut
2577 4148 2744 4210 nosti,
2776 4148 3054 4202 miserere.
3088 4146 3142 4199 Si
3171 4152 3351 4201 autem
3382 4145 3462 4201 in.

1880 4242 2087 4312 gruerit
2135 4240 2457 4297 tentationis
2487 4239 2827 4310 impugnatio
2850 4278 2863 4302 ,
2905 4238 3012 4293 dici
3044 4236 3239 4293 debet:
3282 4236 3465 4294 Domi-

1880 4349 1968 4394 ne.
2030 4332 2250 4402 adjuva.
2314 4333 2437 4403 Ipse
2462 4330 2598 4388 'scit
2652 4344 2778 4402 quae
2829 4328 3162 4402 expediant,
3216 4338 3268 4384 et
3335 4330 3466 4387 facit

1878 4424 2163 4481 nobiscum
2189 4423 2648 4480 misericordiam.

275 4517 344 4565 κ’.
377 4506 546 4564 Εἶπεν
580 4512 611 4564 6
637 4509 813 4574 ἀσσᾶς
836 4510 1120 4586 Μακάριος
1141 4528 1155 4542 ·
1187 4511 1252 4565 Et
1282 4511 1505 4581 γέγονεν
1541 4516 1600 4569 ἐν
1630 4514 1715 4569 σοὶ
1743 4516 1776 4586 ἡ

1901 4470 2163 4588 ’ἒίῖῐιῖᾖ
2191 4470 2904 4572 ’ὖὶίἶέἶιέιῖτὶἷιιεοπιιιεε
2943 4515 3001 4572 εί
3033 4519 3177 4590 apud
3213 4527 3267 4575 te
3293 4518 3463 4576 exsti.

209 4600 554 4666 ἑξουδένωσις
574 4603 653 4665 ὡς
678 4605 707 4656 6
736 4603 977 4669 ἔπαινος,
1006 4605 1101 4658 καὶ
1118 4606 1153 4675 ή
1186 4604 1344 4658 πενία
1363 4605 1440 4670 ὡς
1465 4608 1494 4660 6
1523 4607 1774 4673 πλοῦτος,

210 4694 303 4747 καὶ
333 4695 366 4765 ἡ
400 4695 577 4749 ἔνδεια
599 4695 677 4759 ὡς
697 4698 730 4766 ἡ
757 4696 1030 4765 δαψίλεια,
1055 4696 1571 4770 οὐκ,ἀποθνήσκεις.
1608 4702 1779 4773 Ἀμή-

209 4800 368 4852 χανον
395 4786 506 4856 γάρ
534 4787 650 4840 ἐστι
687 4788 783 4840 τὸν
815 4786 999 4851 καλῶς
1029 4788 1375 4853 πιστεύοντα,
1407 4790 1500 4843 καὶ
1531 4792 1590 4844 ἐν
1620 4793 1778 4845 εὐσε-

208 4874 326 4946 ϐείᾳ
367 4877 755 4948 ἐργαζόμενον,
796 4879 1061 4950 ἐμπεσεῖν
1086 4881 1166 4944 είς
1209 4881 1552 4954 ἀκαθαρσίαν
1590 4883 1779 4939 παθῶν

205 4965 299 5018 καὶ
321 4966 592 5038 δαιμόνων
618 4969 851 5040 πλάνην.

274 5056 378 5112 κα’.
413 5059 663 5128 Ἔλεγον,
692 5063 777 5115 ὅτι
809 5060 1126 5131 ἐσφάλησαν
1153 5062 1246 5118 δύο
1282 5063 1502 5134 ἀδελφοὶ
1541 5066 1740 5136 Σκῆτιν
1759 5080 1775 5095 θ

204 5148 295 5200 καὶ
317 5148 584 5221 ἐχώρισεν
612 5152 809 5217 αὐτοὺς
832 5156 861 5207 6
889 5151 1064 5217 ἀϐὄᾶς
1088 5157 1374 5229 Μακάριος
1403 5158 1431 5210 6
1458 5155 1733 5221 πολιτικός
1755 5174 1771 5190 ο

273 5328 316 5358 ³³
331 5329 417 5383 AI.
449 5330 677 5400 μεγάλε.
771 5333 816 5366 ³³
838 5335 923 5389 Al.
949 5334 1156 5389 οὐκέτι.

200 5400 471 5460 πυκνάΛλ.
500 5400 754 5458 Dorothei
788 5404 956 5475 Epist.
998 5407 1050 5461 1.
1127 5405 1170 5437 ³⁷
1203 5404 1288 5460 Al.
1331 5404 1457 5461 add.
1491 5421 1578 5474 με.

269 5552 381 5622 (97)
424 5552 529 5624 Vit.
560 5555 715 5613 Patr.
746 5574 809 5624 ιι,
834 5559 886 5613 6.

268 5624 378 5693 (98)
428 5623 536 5681 Vit.
563 5627 720 5685 Patr.
751 5645 810 5693 ιι,
838 5629 888 5683 7.

269 5694 525 5765 (οθιγει.
559 5695 714 5753 Patr.
749 5715 822 5765 Iv,
843 5699 934 5755 27.

268 5763 346 5831 (l)
391 5764 498 5820 Vit.
532 5766 684 5825 Patr.
712 5763 930 5836 m,87;
965 5786 1035 5837 Iv,
1086 5770 1189 5839 28;
1220 5771 1457 5841 Append.
1505 5788 1556 5841 p.
1609 5771 1763 5838 1001,

1268 5334 1313 5367 ³⁸
1342 5334 1425 5388 ΑΙ.
1452 5331 1580 5388 add.
1631 5333 1712 5387 ὅτι
1756 5331 1781 5385 ε

1274 5445 1288 5460 .
1331 5404 1457 5461 add.
1491 5421 1578 5474 με.
1655 5403 1701 5435 ⁸⁸
1731 5404 1772 5455 Α

1900 5349 1990 5387 ιεν.
2093 5333 2138 5366 ³⁸
2171 5332 2341 5387 Abest
2390 5331 2459 5385 ab
2509 5332 2580 5385 al.
2632 5332 2737 5386 hoc
2770 5346 3004 5385 comma.
3080 5335 3096 5364 ⁸

1900 5402 1972 5456 ld.
2009 5419 2119 5474 μοι.
2197 5404 2241 5434 ³⁹
2281 5400 2299 5454 1
2331 5400 2474 5456 Tim.
2502 5417 2576 5465 γι,
2612 5403 2661 5455 7.
2727 5401 2774 5433 “
2803 5400 2906 5455 Job
2934 5415 2971 5467 ι,
3005 5400 3096 5459 21.

1882 4609 2009 4665 terit
2034 4615 2383 4679 contemptus
2399 4610 2546 4665 velut
2569 4610 2709 4673 laus,
2736 4617 3028 4680 paupertas
3083 4621 3342 4683 tanquam
3375 4610 3462 4666 di-

1884 4702 2029 4759 vitis
2053 4744 2068 4767 ,
2107 4702 2408 4774 indigentia
2445 4703 2591 4759 sicut
2629 4703 2983 4767 abundantia,
3030 4719 3139 4758 non
3187 4703 3458 4758 morieris.

1886 4789 2030 4847 Fieri
2072 4792 2219 4846 enim
2270 4807 2383 4848 non
2422 4800 2622 4863 potest,
2674 4800 2734 4845 ut
2767 4792 2863 4862 qui
2902 4799 3052 4846 recte
3090 4792 3288 4856 credit,
3319 4792 3459 4848 etin

1888 4884 2088 4953 pietate
2131 4890 2410 4954 operatur,
2461 4882 2669 4939 incidat
2706 4883 2760 4937 in
2804 4881 3061 4942 vitiorum
3114 4882 3346 4945 sordes,
3393 4897 3461 4937 ac

1885 4972 2194 5028 daemonum
2227 4986 2494 5031 errorem.

1953 5066 2043 5121 2i.
2085 5064 2416 5122 Referebant
2451 5083 2466 5119 :
2508 5064 2627 5118 Duo
2670 5063 2871 5121 fratres
2917 5065 2973 5121 in
3022 5062 3168 5120 Sceti
3213 5064 3459 5134 delique-

1882 5164 2045 5223 runt;
2097 5171 2238 5226 quos
2285 5153 2591 5226 segregavit
2619 5168 2716 5208 seu
2749 5154 3247 5210 excommunicavit
3282 5153 3454 5210 abbas

2093 5333 2138 5366 ³⁸
2171 5332 2341 5387 Abest
2390 5331 2459 5385 ab
2509 5332 2580 5385 al.
2632 5332 2737 5386 hoc
2770 5346 3004 5385 comma.
3080 5332 3125 5364 "
3158 5332 3245 5388 Al.
3280 5332 3447 5389 inscr.

1874 5576 1931 5615 n.
1966 5560 2054 5613 17.

1946 5629 2023 5693 (2)
2075 5626 2180 5682 Vit.
2208 5628 2357 5683 Patr.
2385 5643 2495 5693 xw,
2521 5626 2575 5680 6.

1882 5744 1905 5762 .
1947 5697 2022 5762 (5)
2078 5698 2179 5750 Vit.
2208 5699 2360 5752 Patr.
2398 5714 2496 5762 xu,
2532 5697 2616 5751 10.

1950 5769 2027 5835 (4)
2080 5763 2185 5821 Vit.
2225 5768 2374 5822 Patr.
2413 5766 2718 5833 XXS\'III,2.
