3994 6336
400 339 498 397 9.71

1534 341 1881 399 APPENDIX
1921 344 2011 399 AD
2044 343 2466 406 PALLADIUM.

3550 348 3660 406 27!

402 460 674 518 Macarius
710 461 932 517 urbicus
966 478 979 514 :
1017 469 1071 517 et
1119 471 1383 518 venerunt
1431 466 1703 530 nonnulli,
1746 466 1967 520 nuntia-

2086 471 2179 524 καί
2228 466 2392 542 ἦλθόν
2434 487 2600 533 τινες,
2651 465 2746 525 καὶ
2792 467 2948 524 εἷπον
2973 469 3052 542 τῷ
3086 469 3230 542 ἀϐὁᾷ
3277 469 3549 542 Μακαρίῳ
3582 471 3662 543 τῷ

400 563 639 622 runtqne
659 553 841 610 abbati
878 554 1118 610 Macario
1141 570 1361 626 magno,
1389 555 1670 628 Egyptio.
1703 556 1806 623 Qui
1839 558 1982 612 afﬁr-

398 644 585 706 mavit,
614 641 813 698 fratres
844 659 954 699 non
992 659 1114 701 esse
1135 654 1472 716 segregatos,
1508 645 1603 702 sed
1639 645 1979 713 Macarium;

397 735 595 790 etenim
631 734 892 805 diligebat
927 751 1074 792 eum.
1115 738 1318 815 Auditu
1355 738 1568 808 accepit
1595 739 1768 795 abbas
1800 739 1983 794 Maca-

400 825 514 882 rius
535 825 686 896 quod
711 841 742 880 a
791 841 924 883 sene
958 828 1467 884 excomniunicatus
1497 828 1708 893 fuisset,
1741 829 1984 901 fugitque

397 918 466 974 ad
507 917 785 989 paludem.
823 919 1092 992 Egressus
1139 920 1324 991 itaque
1370 928 1455 976 est
1504 922 1676 978 abbas
1711 921 1986 979 Macarius

396 1024 660 1081 magnus;
695 1024 760 1065 ac
802 1012 1006 1080 reperit
1049 1026 1174 1067 eum
1220 1026 1250 1064 a
1295 1011 1568 1069 culicibus
1599 1012 1981 1084 perforatum;

394 1102 638 1172 dicitque
681 1101 730 1157 ei
771 1119 785 1156 :
820 1101 899 1155 Tu
939 1102 1234 1173 segregasti
1276 1102 1509 1170 fratres;
1552 1110 1604 1158 et
1643 1117 1772 1158 ecce
1801 1117 1984 1159 seces-

392 1196 508 1249 suri
552 1203 681 1250 sunt
726 1195 782 1249 in
820 1196 1026 1250 vicum.
1065 1194 1178 1265 Ego
1207 1210 1338 1250 vero
1389 1197 1669 1266 segregavi
1693 1205 1779 1260 te;
1814 1204 1983 1265 tuque

395 1285 562 1340 veluti
603 1285 828 1356 pulchra
869 1287 1044 1356 virgo,
1083 1285 1138 1339 in
1171 1285 1400 1340 interius
1453 1286 1758 1340 cubiculum
1794 1285 1982 1356 fugisti

391 1377 521 1432 huc.
555 1379 624 1431 At
669 1393 770 1448 ego
806 1377 1018 1432 vocatis
1052 1375 1336 1443 fratribus,
1370 1378 1438 1431 ab
1463 1378 1598 1448 ipsis
1620 1377 1807 1442 didici,
1843 1377 1980 1431 nihil

392 1469 588 1522 horum
636 1466 842 1522 factum
883 1483 1026 1523 esse.
1076 1467 1212 1522 Vide
1255 1467 1444 1536 igitur,
1493 1475 1551 1521 tu
1602 1467 1792 1530 frater,
1839 1481 1909 1521 ne
1950 1479 1982 1518 a

389 1561 731 1615 daemonibus
779 1561 976 1616 illusus
1025 1557 1214 1614 fueris.
1270 1542 1404 1614 Nam
1446 1559 1583 1613 nihil
1628 1559 1840 1615 vidisti.
1876 1557 1983 1614 Sed

389 1653 603 1708 veniam
638 1655 964 1708 incurvatus
993 1661 1117 1723 pete
1145 1668 1248 1722 pro
1281 1653 1481 1708 delicto
1507 1659 1623 1707 tuo.
1667 1651 1769 1706 Ille
1801 1661 1982 1706 autem

389 1747 526 1801 dixit
574 1764 588 1800 :
654 1745 709 1799 Si
739 1746 841 1810 vis,
883 1745 953 1800 da
994 1745 1126 1799 mihi
1160 1744 1558 1815 paenitentiam.
1604 1742 1806 1798 Videns
1838 1730 1983 1811 ergo

2088 562 2310 633 μεγάλῳ
2355 561 2433 632 τῷ
2479 561 2781 634 Δίγυπτίῳ.
2846 562 2904 616 '0
2949 563 3006 616 δὲ
3054 561 3232 617 εἶπεν
3285 563 3401 616 Οὐκ
3429 562 3568 616 εἰσὶν
3608 563 3664 618 οι

2091 654 2314 723 ἀδελφοὶ
2344 654 2765 726 κεχωρισμένοι,
2803 654 2939 709 ἀλλά
2976 655 3261 728 Μακάριός
3287 657 3402 709 ἐστι
3429 671 3664 726 κεχωρι-
3698 639 3703 643 ’

2087 745 2282 816 σμένος
2303 762 2316 777 ο
2347 743 2415 818 ἦν
2451 746 2560 818 γὰρ
2591 746 2821 816 ἀγαπῶν
2866 748 3052 803 αὐτόν.
3113 749 3383 801 Ἤκουσεν
3432 749 3460 800 6
3489 747 3666 812 6666;

2086 837 2392 910 Μακάριος,
2431 839 2514 891 ὅτι
2543 838 2815 910 ἐχωρίσθη
2845 839 2950 893 ύπδ
2973 838 3066 892 τοῦ
3094 839 3368 910 γέροντος,
3410 839 3505 893 καὶ
3533 839 3665 908 ἐφυ-

2085 946 2182 998 γεν
2232 931 2309 992 εἰς
2343 927 2402 982 τὸ
2439 928 2580 993 ἕλος.
2636 929 2891 1001 Ἐξῆλθεν
2925 925 3020 985 οὖν
3046 931 3074 983 6
3118 930 3293 994 6665.;
3323 930 3610 1001 Μακάριος
3636 932 3668 984 6

2088 1022 2280 1093 μέγας,
2313 1022 2409 1075 καὶ
2439 1021 2683 1094 εὑρίσκει
2727 1021 2888 1077 αὑτὸν
2937 1023 3376 1094 τιτρωσκόμενον
3423 1024 3528 1076 ὑπὸ
3554 1023 3667 1076 τῶν

2085 1113 2385 1182 κωνώπων,
2416 1115 2510 1170 καὶ
2547 1101 2695 1183 λέγει
2738 1115 2887 1187 αύτῷ
2907 1132 2921 1148 ·
2952 1117 3025 1170 Σὺ
3060 1115 3331 1188 ἐχώρισας
3359 1117 3484 1180 τοὺς
3511 1117 3664 1172 ἀδελ-

2085 1204 2243 1272 φοὺς,
2295 1206 2393 1258 καὶ
2440 1204 2549 1258 ἰδοὺ
2587 1200 2728 1276 εἶχον
2771 1205 3123 1276 ἀναχωρῆσαι
3173 1207 3252 1270 εἰς
3297 1205 3396 1277 τὴν
3448 1207 3663 1278 κώμην.

2099 1293 2240 1363 Ἐγὼ
2270 1295 2328 1348 δέ
2369 1313 2430 1348 σε
2465 1295 2730 1367 ἐχώρισα,
2779 1298 2874 1350 καὶ
2907 1298 2970 1351 σὺ
3001 1297 3077 1360 ὡς
3114 1297 3251 1367 καλὴ
3283 1297 3552 1368 παρθένος
3586 1300 3668 1361 είς

2083 1383 2176 1436 τὸν
2212 1383 2479 1456 ἐσώτερον
2511 1386 2746 1440 κοιτῶνα
2776 1385 2974 1456 ἔφυγες
3007 1381 3130 1444 ὧδε.
3175 1387 3316 1457 Ἐγὼ
3345 1389 3401 1441 δὲ
3429 1389 3667 1453 καλέσας

2083 1476 2213 1540 τοὺς
2245 1476 2529 1547 ἀδελφοὺς,
2555 1479 2757 1550 ἔμαθον
2787 1481 3136 1550 παράύτῶν,
3166 1483 3258 1535 καὶ
3287 1478 3438 1536 εἷπον
3458 1498 3471 1512 ·
3497 1483 3666 1536 Ούδέν

2082 1567 2289 1623 τούτων
2337 1569 2552 1639 γέγονε.
2600 1570 2776 1624 Βλέπε
2809 1567 2901 1626 οὖν
2935 1572 3029 1626 καὶ
3063 1573 3150 1638 σὺ,
3193 1573 3409 1642 ἀδελφέ,
3449 1573 3525 1644 μὴ
3554 1573 3666 1626 ἀπὸ

2083 1659 2354 1730 δαιμόνων
2385 1660 2718 1731 ἐχλευάσθης
2737 1661 2909 1732 (οὐδὲν
2931 1661 3039 1734 γὰρ
3063 1661 3356 1732 ἑώρακας),
3375 1661 3513 1717 ἀλλά
3535 1661 3664 1732 βάλε

2087 1751 2381 1820 μετάνοιαν
2424 1752 2567 1825 ὑπὲρ
2609 1753 2705 1807 τοῦ
2733 1755 3050 1825 σφάλματός
3097 1772 3214 1810 σου.
3276 1756 3334 1809 Ὀ
3374 1755 3430 1808 δὲ
3476 1750 3662 1808 εἶπενο

389 1854 557 1894 senex
604 1838 973 1893 humilitatem
1024 1837 1195 1900 illius,
1246 1836 1372 1890 ait:
1430 1834 1595 1898 Vade,
1639 1834 1826 1904 jejuna
1871 1841 1978 1888 tres

2086 1844 2150 1896 Εἰ
2185 1843 2382 1911 θέλεις,
2409 1844 2499 1909 δός
2546 1863 2638 1916 μοι
2671 1846 2982 1916 μετάνοιαν.
3030 1845 3173 1900 Ἰδὼν
3202 1847 3260 1900 δὲ
3287 1849 3314 1901 6
3355 1847 3537 1918 γέρων
3563 1847 3664 1918 τὴν

391 1930 777 1996 hebdomadas,
813 1929 981 1987 semel
1022 1928 1254 1998 singulis
1287 1927 1645 1982 hebdomadis
1660 1925 1976 1981 comedens.

401 2024 528 2081 llaec
565 2025 782 2080 scilicet
823 2031 938 2079 erat
965 2021 1113 2078 illius
1150 2029 1409 2093 perpetua
1455 2021 1721 2091 operatio.
1768 2017 1976 2074 hebdo-

391 2117 580 2173 madas
600 2117 874 2188 jejunare.

458 2209 550 2263 22.
619 2207 768 2262 Dixit
824 2207 996 2264 abbas
1073 2205 1300 2278 Moyses
1374 2205 1557 2261 abbati
1622 2203 1860 2260 Macario
1922 2203 1977 2258 in

393 2301 538 2358 Sceti
590 2319 605 2357 :
654 2300 792 2356 Volo
830 2315 955 2355 cum
997 2301 1183 2370 quiete
1229 2315 1294 2356 ac
1351 2299 1571 2356 silentio
1623 2300 1826 2366 vivere,
1879 2313 1982 2355 nec

392 2393 585 2448 sinunt
607 2406 695 2446 me
731 2390 952 2448 fratres.
988 2392 1078 2446 Ait
1109 2392 1187 2446 illi
1228 2393 1403 2448 abbas
1435 2391 1712 2447 Macarius
1749 2407 1765 2447 :
1809 2391 1980 2446 Video

395 2495 446 2539 te
490 2485 692 2541 indolis
742 2484 1010 2540 mollioris
1053 2499 1199 2543 esse.
1249 2499 1351 2540 nec
1396 2498 1561 2555 posse
1613 2483 1836 2538 fratrem
1865 2489 1980 2537 ate

393 2583 675 2644 avertere;
701 2575 796 2632 sed
826 2576 874 2630 si
907 2575 1192 2631 desideras
1221 2575 1466 2646 quietam
1529 2575 1718 2640 vitam,
1762 2573 1982 2645 profici-

391 2685 548 2725 scere
574 2669 641 2724 ad
667 2682 932 2730 eremum,
957 2666 1123 2736 intro,
1152 2668 1205 2721 in
1238 2666 1420 2732 Petra,
1449 2677 1505 2723 et
1536 2667 1650 2722 illic
1674 2666 1858 2736 quiete
1884 2667 1980 2722 de-

391 2777 509 2834 ges.
542 2760 722 2831 Atque
755 2760 860 2815 hoc
886 2758 1034 2824 fecit,
1060 2765 1114 2814 et
1143 2759 1478 2829 conquievit.

466 2853 560 2909 23.
621 2852 812 2909 Frater
849 2852 1107 2909 convenit
1154 2852 1405 2908 abbatem
1459 2851 1759 2906 Macarium
1805 2849 1978 2922 Εεν-

393 2945 592 3014 ptium,
623 2951 678 3000 et
701 2944 839 3000 dixit
864 2943 915 2998 ei
947 2962 961 2999 :
987 2943 1164 3011 Abba,
1189 2943 1355 2999 effare
1401 2943 1534 2998 mihi
1559 2944 1812 3008 verbum,
1842 2959 1981 3014 quo-

395 3052 522 3091 nam
553 3037 714 3092 modo
759 3037 943 3092 salvus
977 3052 1094 3092 ero.
1146 3035 1235 3090 Ait
1271 3051 1438 3091 senex
1470 3057 1482 3091 :
1515 3036 1665 3092 Vade
1697 3036 1764 3090 ad
1797 3037 1981 3106 sepul-

2081 1935 2411 1991 ταπείνωσιν
2451 1937 2638 2002 αὐτοῦ,
2683 1938 2899 2006 ἐλεγενο
2939 1938 3179 2006 ’Ύπαγε,
3234 1938 3328 1992 καὶ
3366 1939 3666 2010 νήστευσοιν

2078 2032 2228 2100 τρεῖς
2255 2030 2574 2101 ἑϐδομάδας,
2600 2031 2738 2085 κατὰ
2765 2029 3032 2102 ἑϐδομάδα
3052 2031 3267 2086 ἐσθίων.
3292 2031 3440 2103 Αὕτη
3466 2031 3576 2102 γὰρ
3595 2025 3669 2102 ἦν

2079 2123 2112 2192 ἡ
2141 2123 2371 2193 ἐργασία
2409 2123 2572 2177 αὐτοῦ
2603 2123 2855 2190 πάντοτε,
2891 2124 2992 2187 τὰς
3028 2123 3328 2195 ἑϐδομάδας
3358 2123 3661 2195 νηστεύειν.

2153 2215 2259 2268 κδ’.
2288 2211 2456 2268 Εἶπεν
2481 2217 2509 2269 6
2533 2216 2708 2280 6666;
2740 2217 2980 2286 Μωῦσῆς
3004 2216 3081 2287 τῷ
3106 2215 3250 2286 ἀόὁᾷ
3281 2215 3555 2286 Μακαρίῳ
3583 2217 3665 2279 είς

2082 2310 2307 2378 Σκῆτινο
2333 2308 2484 2362 Θέλω
2516 2310 2814 2380 ἡσυχάσαι,
2842 2309 2935 2362 καὶ
2965 2311 3066 2363 οὐκ
3099 2309 3315 2378 ἀφιοῦσί
3345 2325 3411 2380 με
3435 2311 3484 2362 οί
3512 2308 3666 2362 ἀδελ-

2083 2400 2192 2470 φοί.
2226 2401 2336 2454 Καὶ
2366 2400 2512 2468 λέγει
2547 2400 2697 2471 αὐτῷ
2733 2404 2760 2454 6
2785 2402 2961 2465 6666;
2993 2401 3279 2473 Μακάριος
3302 2416 3315 2430 ·
3351 2399 3554 2471 Θεωρῶ
3579 2401 3665 2453 ὅτι

2079 2491 2112 2559 ὴ
2145 2489 2308 2558 φύσις
2339 2507 2431 2542 σου
2453 2491 2636 2562 ἀπαλή
2668 2493 2804 2552 ἐστι,
2835 2493 2930 2546 καὶ
2954 2492 3016 2544 ού
3054 2492 3284 2545 δύνασαι
3311 2491 3667 2562 ἀποστρέψαι

2081 2581 2344 2650 ἀδελφόν·
2377 2582 2494 2636 ἀλλ’
2543 2583 2638 2636 ἐὰν
2669 2583 2831 2655 θέλῃς
2881 2584 3174 2655 ήσυχάσαι,
3223 2583 3400 2651 ὕπαγε
3455 2585 3534 2647 είς
3563 2582 3664 2655 τὴν

2080 2671 2287 2742 ἔρημον
2331 2671 2440 2725 ἔσω
2469 2674 2550 2737 είς
2587 2675 2687 2746 τὴν
2739 2677 2972 2746 Πέτραν,
3005 2677 3168 2729 κάκεῖ
3201 2674 3516 2746 ἡσυχάζεις.
3553 2675 3666 2730 Kal

2081 2763 2240 2817 τοῦτο
2270 2766 2528 2836 ἐποίησεν
2553 2768 2649 2820 καὶ
2681 2768 2914 2838 ἀνεπάη.

2151 2861 2258 2924 κγ’.
2322 2857 2575 2927 Ἀδελφὸς
2623 2859 2900 2929 παρέϐαλε
2945 2859 3024 2929 τῷ
3065 2857 3207 2929 ἀϐὅᾷ
3261 2856 3531 2928 Μακαρίῳ
3583 2855 3665 2928 τῷ

2081 2946 2380 3017 Αἰγυπτίῳ,
2421 2949 2516 3000 καὶ
2557 2948 2706 3019 λέγει
2751 2949 2932 3020 αὐτῷ’
2994 2949 3181 3013 Ἀϐϐά,
3219 2949 3342 3002 εἰπέ
3388 2967 3477 3019 μοι
3509 2948 3664 3018 ῥῆμα

2083 3037 2202 3100 πῶς
2234 3038 2410 3091 σωθῶ.
2445 3039 2555 3092 Kal
2578 3039 2727 3108 λέγει
2765 3041 2794 3092 6
2827 3041 3008 3112 γέρων
3031 3059 3043 3070 ο
3081 3041 3300 3110 ’Ὕπαγε
3329 3041 3409 3102 εἰς
3436 3039 3496 3092 τὸ
3527 3057 3665 3110 μνη-

395 3145 594 3196 crum,
665 3138 717 3184 et
791 3130 1100 3184 maledictis
1169 3137 1418 3183 mortuos
1489 3129 1708 3200 impete.
1777 3129 1978 3185 Abiens

2087 3131 2256 3198 μεῖον,
2301 3129 2394 3182 καὶ
2437 3129 2659 3200 ὖϐρισον
2697 3130 2826 3193 τοὺς
2883 3132 3130 3202 νεκρούς.
3187 3128 3464 3182 Ἀπελθὼν
3508 3125 3600 3182 οὖν
3632 3130 3664 3181 6

396 3223 564 3292 igitur
622 3219 835 3285 frater,
895 3221 1159 3276 conviciis
1218 3229 1273 3274 et
1342 3219 1616 3290 lapidibus
1694 3220 1976 3289 appetiit;

398 3326 763 3382 reversusque
834 3312 1179 3366 annuntiavit
1238 3310 1377 3366 seni.
1444 3310 1647 3376 Quaerit
1710 3309 1780 3363 ab
1839 3323 1905 3364 eo
1965 3326 1978 3362 :

394 3405 612 3462 Nihilne
667 3406 763 3461 tibi
810 3407 978 3460 locuti
1025 3407 1194 3461 sunt?
1235 3405 1359 3460 Ille:
1391 3403 1559 3461 Nihil.
1619 3403 1758 3458 Tum
1811 3418 1981 3458 senex

396 3497 575 3569 inquit
633 3515 648 3552 :
703 3496 901 3551 lterum
946 3498 1292 3568 proficiscere
1357 3509 1520 3564 cras,
1571 3495 1825 3549 laudibus
1885 3509 1980 3548 eos

393 3589 550 3644 effer.
599 3587 838 3658 Pergens
884 3588 1069 3658 itaque
1112 3587 1300 3654 frater,
1352 3585 1686 3643 collaudavit
1722 3599 1840 3649 eos,
1884 3599 1981 3638 vo-

395 3696 530 3735 cans
569 3697 582 3732 :
632 3680 898 3750 Apostoli,
949 3678 1148 3742 sancti,
1183 3679 1339 3749 justi.
1387 3677 1525 3732 Tum
1578 3675 1713 3730 adiit
1755 3689 1966 3736 senem,

395 3771 638 3840 dixitque
666 3789 679 3823 :
711 3768 972 3824 Laudavi.
1007 3769 1098 3824 Ille
1127 3770 1175 3823 ei
1206 3785 1218 3820 :
1255 3767 1402 3822 Nihil
1431 3768 1528 3821 tibi
1546 3764 1980 3836 responderunt?

394 3858 586 3914 Frater
629 3875 642 3911 :
693 3859 848 3914 Nullo
894 3859 1078 3914 modo.
1127 3857 1284 3912 Tunc
1355 3872 1518 3914 senex
1586 3854 1705 3909 infit
1752 3872 1766 3908 :
1822 3851 1977 3907 Nosti

395 3951 619 4022 quantis
668 3965 761 4006 eos
810 3950 1164 4004 contumeliis
1213 3947 1480 4011 aﬂ‘eceris,
1529 3961 1631 4001 nec
1677 3944 1977 4014 quidquam

396 4051 759 4115 reposuerunt
795 4043 918 4108 tibi;
955 4043 1244 4112 etquantis
1281 4039 1501 4096 eosdem
1529 4036 1786 4092 laudibus
1813 4050 1979 4090 orna-

391 4137 560 4204 veris,
595 4136 842 4204 nihilque
873 4134 940 4188 ad
981 4141 1031 4189 te
1059 4133 1329 4204 prolocuti
1363 4139 1492 4188 sunt
1526 4148 1540 4184 :
1580 4130 1654 4183 ita
1685 4129 1851 4184 etiam
1889 4135 1972 4190 tu,

395 4233 442 4285 si
477 4231 710 4286 salutem
743 4229 1009 4298 consequi
1040 4227 1346 4288 desideras,
1395 4233 1649 4280 mortuus
1698 4223 1828 4287 fias;
1877 4235 1978 4276 nec

400 4322 634 4391 injurias
676 4320 982 4378 hominum,
1030 4333 1131 4372 nec
1175 4318 1366 4372 laudes
1404 4331 1594 4372 eorum
1635 4315 1860 4387 cogites,
1891 4314 1975 4366 in-

396 4421 514 4467 star
544 4421 886 4466 mortuorum
914 4427 929 4474 ;
967 4409 1047 4465 sic
1072 4409 1284 4479 poteris
1311 4410 1494 4463 salvus
1520 4409 1656 4464 ﬁeri.

2082 3219 2329 3289 ἀδελφὸς,
2373 3220 2562 3291 ὕϐρισε
2595 3223 2690 3276 καὶ
2735 3221 2984 3276 ἐλίθασε’
3023 3223 3120 3276 καὶ
3164 3221 3336 3276 ἐλθὼν
3360 3222 3664 3294 ἀπήγγειλε

2079 3311 2157 3381 τῷ
2189 3312 2423 3383 γέροντι.
2455 3313 2568 3366 Kal
2614 3314 2761 3383 λέγει
2801 3314 2950 3386 αὐτῷ
2971 3331 2985 3344 ·
3018 3313 3187 3370 Οὐδέν
3238 3331 3322 3367 σοι
3352 3313 3660 3385 ἐλάλησανς

2092 3399 2150 3454 Ὀ
2177 3400 2232 3453 δὲ
2257 3400 2360 3470 ἔφη
2383 3417 2397 3432 ⁸
2424 3403 2578 3472 Οὐχί.
2607 3404 2771 3470 Λέγει
2790 3405 2940 3476 αὐτῷ
2961 3407 2988 3458 6
3009 3404 3188 3475 γέρων
3211 3420 3224 3432 ³
3261 3403 3480 3472 ’Υπαγε
3499 3402 3665 3456 πάλιν

2080 3488 2290 3562 αὔριον,
2321 3493 2416 3545 καὶ
2444 3492 2667 3558 δόξασον
2686 3495 2906 3559 αὐτούς.
2940 3495 3216 3548 Ἀπελθὼν
3245 3490 3338 3549 οὖν
3364 3497 3390 3548 6
3408 3494 3663 3564 ἀδελφὸς,

2080 3581 2328 3648 ἐδόξασεν
2361 3585 2582 3650 αὐτοὺς,
2607 3586 2809 3656 λέγων’
2861 3587 3197 3649 Ἀπόστολοι,
3241 3587 3408 3655 ἅγιοι,
3446 3586 3540 3638 καὶ
3586 3586 3667 3638 δί-

2079 3689 2245 3726 καιοι.
2287 3675 2398 3728 Kal
2425 3671 2556 3746 ἦλθε
2591 3676 2728 3747 πρὸς
2755 3676 2845 3729 τὸν
2875 3676 3128 3747 γέροντα,
3169 3676 3264 3728 καὶ
3294 3671 3445 3728 εἶπεν
3472 3669 3625 3746 αὐτῷ
3645 3689 3664 3705 ο

2091 3765 2369 3830 Ἐδόξασα.
2414 3767 2522 3819 Kal.
2549 3766 2695 3835 λέγει
2723 3766 2900 3837 αὐτῷ⁹
2933 3766 3100 3820 Οὐδέν
3135 3783 3216 3819 σοι
3243 3764 3662 3836 ἀπεκρίθησανς

2083 3858 2227 3930 Ἔφη
2271 3860 2298 3910 6
2321 3858 2550 3927 ἀδελφός
2573 3875 2585 3889 ⁸
2621 3858 2776 3929 Οὐχί.
2816 3859 2977 3926 Λέγει
3005 3859 3155 3928 αὐτῷ
3183 3860 3212 3911 6
3242 3857 3421 3930 γέρων
3445 3873 3460 3888 ’
3496 3853 3669 3921 Οἶδας

2079 3949 2221 4002 πόσα
2253 3950 2530 4020 ἡτίμασας
2562 3951 2778 4014 αὐτοὺς,
2817 3952 2911 4004 καὶ
2949 3951 3101 4004 οὐδέν
3133 3967 3216 4003 σοι
3259 3947 3662 4019 ἀπεκρίθησαν,

2078 4039 2175 4092 καὶ
2203 4039 2346 4092 πόσα
2369 4039 2630 4106 ὲδόξασας
2671 4040 2888 4105 αὐτοὺς,
2925 4041 3020 4093 καὶ
3057 4039 3210 4092 οὐδέν
3243 4055 3328 4091 σοι
3353 4038 3624 4109 ἐλάλησαν
3644 4054 3661 4070 ⁸

2077 4131 2251 4196 οὕτως
2291 4133 2385 4186 καὶ
2431 4135 2516 4196 σὺ,
2567 4132 2662 4186 ἐὰν
2711 4132 2870 4205 θέλῃς
2915 4131 3194 4203 σωθῆναι,
3239 4130 3399 4200 γενοῦ
3427 4131 3662 4202 νεκρός·

2082 4223 2217 4294 μήτε
2251 4224 2350 4295 τὴν
2397 4224 2614 4279 ἀδικίαν
2656 4225 2764 4277 τῶν
2809 4223 3131 4295 ἀνθρώπων,
3178 4225 3316 4294 μήτε
3361 4225 3460 4294 τὴν
3502 4224 3665 4288 δόξαν

2078 4312 2259 4366 αὐτῶν
2287 4312 2500 4387 λογίσῃ,
2529 4313 2604 4376 ώς
2626 4313 2675 4365 οί
2707 4312 2890 4382 νεκροί
2913 4328 2925 4342 ’
2952 4313 3046 4365 καὶ
3073 4312 3299 4365 δύνασαι
3331 4311 3589 4382 σωθῆναι.

465 4503 560 4560 24.
602 4502 932 4558 Przeteriens
985 4502 1281 4571 aliquando
1335 4501 1507 4554 abbas
1561 4499 1832 4554 Macarius
1881 4513 1976 4568 per

2149 4490 2249 4546 κδ’.
2296 4491 2716 4562 Παρερχόμενός
2750 4508 2879 4544 ποτε
2919 4492 2947 4543 6
2987 4491 3163 4554 666a;
3204 4489 3484 4562 Μακάριος
3523 4493 3664 4562 μετὰ

397 4599 696 4671 Egyptum
733 4611 841 4650 una
875 4611 997 4651 eum
1029 4594 1315 4658 fratribus,
1359 4593 1569 4649 audivit
1620 4608 1849 4663 puerum
1902 4593 1976 4646 ita

399 4691 565 4746 matri
603 4706 719 4745 sum
763 4689 1113 4759 loquentem:
1149 4686 1339 4753 Mater,
1369 4685 1591 4756 quidam
1623 4687 1778 4740 dives
1805 4685 1978 4754 diligit

402 4797 510 4844 me,
545 4789 600 4837 et
650 4780 737 4836 odi
787 4796 953 4845 eum;
1010 4794 1216 4849 pauper
1249 4791 1378 4832 vero
1416 4776 1530 4831 odit
1586 4790 1692 4839 me,
1747 4789 1810 4828 ac
1852 4789 1977 4828 eum

393 4874 581 4943 diligo.
615 4872 736 4938 Quo
762 4871 954 4925 audito
992 4885 1265 4934 sermone,
1313 4868 1616 4922 admiratus
1664 4873 1748 4920 est
1801 4864 1971 4918 abbas

395 4964 685 5019 Macarius.
743 4961 946 5017 Dicunt
994 4963 1041 5016 ei
1093 4961 1329 5016 fratres:
1367 4959 1506 5025 Quid
1542 4959 1646 5012 hoc
1673 4956 1834 5010 verbi
1867 4962 1974 5019 cst,

395 5055 574 5121 Pater,
611 5054 758 5126 quod
787 5054 1017 5109 affectus
1055 5054 1133 5108 sis
1154 5051 1552 5106 admiratione?
1583 5046 1884 5117 Respondit
1907 5046 1975 5098 il-

395 5147 462 5202 lis
493 5162 658 5202 senex
687 5164 700 5200 ε
744 5144 956 5200 Revera
992 5143 1254 5198 Dominus
1316 5149 1507 5198 noster
1547 5140 1700 5194 dives
1731 5146 1816 5193 est
1849 5137 1975 5191 dili-

393 5240 583 5309 gitque
643 5253 763 5302 nos,
806 5253 909 5292 nec
949 5237 1203 5291 volumus
1242 5234 1319 5288 illi
1352 5234 1764 5301 obtemperare;
1796 5230 1977 5283 inimi-

395 5342 498 5381 cus
529 5333 711 5381 autem
749 5339 936 5382 noster
971 5326 1224 5380 diabolus
1273 5337 1479 5393 pauper
1507 5329 1589 5375 est
1616 5319 1849 5389 odioque
1875 5333 1975 5374 nos

394 5417 774 5489 prosequitur,
807 5425 861 5471 et
894 5416 1177 5487 diligimus
1211 5414 1333 5483 ejus
1363 5411 1758 5482 impuritatem.

461 5507 553 5562 25.
593 5507 820 5578 Rogavit
847 5506 1098 5563 eumdem
1134 5506 1320 5561 multis
1350 5519 1472 5558 cum
1517 5501 1773 5572 lacrytnis
1805 5500 1975 5555 abbas

394 5593 642 5662 Paamen,
672 5599 862 5653 dicens
888 5616 900 5651 :
939 5597 1206 5667 Eloquere
1244 5595 1375 5650 mihi
1398 5593 1646 5658 verbum,
1675 5607 1782 5661 quo
1813 5592 1976 5645 modo

395 5698 756 5746 assecuturus
785 5690 1171 5752 siinsalutem.
1203 5687 1382 5744 Senex
1415 5700 1547 5742 vero
1573 5685 1624 5740 ei
1657 5685 1972 5756 respondit:

398 5780 572 5849 Quam
609 5783 812 5854 quaeris
837 5798 974 5850 rem,
1008 5797 1156 5837 nunc
1183 5782 1412 5838 recessit
1434 5796 1464 5835 a
1487 5779 1794 5836 monachis.

2081 4581 2322 4650 ἀδελφῶν
2354 4581 2442 4634 διὰ
2479 4583 2576 4653 τῆς
2612 4581 2912 4651 Αἰγύπτου,
2941 4583 3142 4653 ἢκουσε
3178 4582 3390 4635 παιδίου
3413 4582 3664 4650 λέγοντος

2079 4677 2146 4747 τῇ
2168 4674 2335 4745 μητρὶ
2359 4673 2523 4727 αὐτοῦ
2545 4690 2558 4703 ’
2602 4674 2808 4744 Ἀμμᾶ,
2839 4673 3090 4737 πλούσιός
3118 4691 3202 4736 τις
3229 4674 3418 4744 ἀγαπᾷ
3447 4690 3535 4744 με,
3569 4675 3664 4727 καὶ

2083 4767 2226 4839 μισῶ
2242 4768 2403 4822 αὐτόν
2423 4785 2437 4800 ο
2456 4769 2552 4822 καὶ
2585 4769 2798 4839 πτωχὸς
2823 4771 2973 4839 μισεῖ
3002 4786 3090 4840 με,
3114 4768 3212 4821 καὶ
3242 4767 3442 4836 ἀγαπῶ
3473 4768 3662 4825 αὐτόν.

2079 4861 2189 4913 Kal.
2217 4859 2455 4922 ἀκούσας
2483 4859 2512 4910 6
2541 4859 2714 4922 6666i;
2753 4859 3053 4931 Μακάριος,
3088 4858 3387 4930 ἐθαύμασε.
3437 4859 3547 4912 Ka‘t
3573 4859 3665 4912 λέ-

2078 4969 2266 5020 γουσιν
2294 4951 2444 5022 αὐτῷ
2473 4955 2520 5005 οἱ
2547 4952 2796 5021 ἀδελφοί·
2829 4953 2894 5004 Τί
2923 4954 3040 5005 ἐστι
3069 4953 3130 5004 τὺ
3155 4952 3306 5023 ῥῆμα
3333 4950 3517 5016 τοῦτο,
3543 4952 3662 5006 Πά-

2077 5061 2194 5114 τερ,
2251 5044 2332 5097 ὃτι
2373 5043 2722 5115 ἐθαύμασας;
2783 5045 2891 5098 Kal
2942 5043 3090 5112 λέγει
3141 5044 3325 5107 αὐτοῖς
3367 5045 3396 5096 6
3441 5043 3662 5115 γέρων·

2090 5134 2330 5206 Ἀληθῶς
2375 5136 2404 5187 6
2445 5134 2649 5206 Κύριος
2688 5136 2844 5207 ἡμῶν
2885 5135 3139 5198 πλούσιός
3183 5136 3298 5188 ἐστι
3335 5133 3431 5188 καὶ
3468 5136 3665 5207 ἀγαπᾷ

2078 5226 2246 5296 ἡμᾶς,
2284 5227 2376 5279 καὶ
2407 5227 2469 5278 ού
2515 5226 2740 5298 θέλομεν
2781 5227 2946 5280 αὑτοῦ
2989 5227 3248 5281 ἀκοῦσαι·
3297 5228 3324 5279 6
3370 5226 3426 5279 δέ
3464 5225 3663 5296 ὲχθρδς

2076 5319 2109 5388 ἡ
2120 5318 2234 5388 μῶν
2252 5317 2498 5380 διάϐολος
2524 5319 2738 5389 πτωχός
2765 5321 2880 5373 ἐστι
2905 5320 3000 5373 καὶ
3027 5322 3176 5390 μισεί
3195 5319 3365 5389 ἡμᾶς.
3395 5319 3490 5371 κα1⁵
3521 5321 3664 5388 ἀγα-

2078 5409 2270 5479 πῶμεν
2291 5407 2456 5462 αύτοῦ
2486 5408 2583 5480 τὴν
2607 5399 2968 5480 ἀκαθαρσίαν.

2149 5507 2243 5555 κε’.
2284 5500 2665 5572 Παρεκάλεσεν
2690 5503 2718 5554 6
2745 5502 2917 5566 6666i;
2948 5501 3157 5574 Ποιμὴν
3179 5501 3341 5554 αὑτὸν
3370 5497 3508 5570 μετά
3539 5497 3669 5552 πολ-

2077 5595 2184 5648 λῶν
2227 5593 2502 5665 δακρύων,
2549 5594 2756 5663 λέγων·
2804 5595 2938 5649 Εἰπέ
2991 5614 3079 5666 μοι
3123 5595 3276 5665 ῥῆμα
3312 5592 3430 5656 πῶς
3478 5588 3663 5645 σωθῶ.

2092 5683 2438 5753 Ἀποκριθεὶς
2469 5683 2526 5736 δὲ
2558 5685 2586 5736 6
2624 5685 2802 5756 γέρων
2842 5681 2997 5738 εἶπεν
3037 5683 3219 5754 αὐτῷ·
3258 5682 3332 5737 T6
3368 5682 3604 5754 πρᾶγμα
3635 5679 3668 5735 6

2079 5777 2281 5851 ζητεῖς,
2319 5777 2526 5852 ἀπῆλθε
2555 5778 2648 5832 νῦν
2681 5779 2788 5833 ἀπὸ
2821 5779 2926 5832 τῶν
2960 5777 3230 5852 μοναχῶν.
