3982 6336
231 346 325 402 275

1360 347 1979 408 APOPHTIIEGMATA
2021 351 2330 409 PATRUM.

3387 367 3495 425 276

291 466 405 516 κ,’.
451 455 741 528 Παρέϐαλέ
785 474 914 512 ποτε
957 460 985 512 6
1023 459 1197 525 6666c;
1225 462 1513 536 Μακάριος
1547 467 1624 539 τῷ
1668 469 1810 540 ἀὸϐᾷ

1984 468 2079 524 96.
2120 469 2432 540 Aliquando
2450 469 2702 528 abbatem
2726 476 3020 531 Antonium
3041 481 3300 536 convenit
3322 483 3495 541 abbas

235 548 502 618 Ἀντωνίῳ
527 565 541 578 ο
582 551 678 602 καὶ
708 549 951 621 λαλήσας
987 553 1156 624 αὐτῷ,
1193 555 1533 627 ὑπέστρεψεν
1556 561 1636 622 εἰς
1663 561 1808 630 Σκῆ-

229 653 318 690 ιιν.
354 640 465 692 Καὶ
493 635 662 711 ἦλθον
684 642 733 693 οἱ
764 643 1008 714 Πατέρες
1029 646 1108 710 είς
1138 646 1446 718 ἀπάντησιν
1477 649 1660 705 αὑτοῦ.
1697 651 1808 704 Καὶ

221 729 291 793 ὡς
320 729 568 796 ἐλάλουν,
611 729 766 786 εἶπεν
800 735 984 800 αὐτοῖς
1014 737 1042 787 ὁ
1084 737 1290 808 γέρων⁹
1332 741 1510 812 Ἐφην
1548 741 1626 813 τῷ
1665 743 1809 814 ἀσδᾷ

234 823 540 894 Ἀντωνίῳ,
579 826 655 888 ὡς
693 828 794 880 οὐκ
830 827 1029 900 ἔχομεν
1079 835 1396 905 προσφορὰν
1440 837 1499 888 έν
1541 836 1618 906 τῷ
1659 838 1810 910 τόπῳ

221 912 397 982 ἡμῶν.
447 915 559 969 Καὶ
593 913 828 987 ἤρξαντο
865 921 915 972 οἱ
956 921 1197 994 Πατέρες
1228 922 1409 976 λαλεῖν
1449 926 1577 996 περὶ
1615 925 1810 991 ἀλλων,

220 1008 312 1059 καὶ
353 1007 460 1061 οὐκ
492 1006 784 1080 ἠρώτησαν
825 1009 907 1064 ἔτι
951 1012 1144 1082 μαθεῖν
1185 1014 1284 1086 τὴν
1324 1016 1618 1089 ἀπόκρισιν
1661 1019 1812 1090 παρά

221 1094 310 1148 τοῦ
341 1097 623 1168 γέροντος,
659 1099 786 1154 οὔτε
821 1104 851 1155 6
886 1103 1065 1174 γέρων
1100 1105 1284 1171 αὐτοῖς
1322 1105 1466 1164 εἷπε.
1508 1111 1679 1164 Τοῦτο
1718 1108 1812 1166 οὖν

222 1184 373 1254 ἔλεγέ
411 1204 498 1250 τις
526 1188 633 1242 τῶν
673 1191 952 1263 Πατέρων,
989 1193 1071 1247 ὅτι
1107 1195 1204 1248 ἐὰν
1255 1197 1438 1250 τδωσιν
1476 1201 1526 1252 οἱ
1570 1201 1813 1273 Πατέρες

221 1277 300 1330 ὅτι
355 1277 614 1332 λανθάνει
657 1283 783 1346 τοὺς
831 1283 1097 1353 ἀδελφοὺς
1143 1286 1223 1358 τῷ
1265 1287 1306 1318 ⁴¹
1361 1290 1638 1361 ἐρωτῆσαι
1684 1295 1814 1364 περὶ

223 1370 550 1440 πράγματος
565 1371 904 1438 ὠφελοῦντος
931 1377 1150 1444 αὐτοὺς,
1167 1378 1568 1449 ἀναγκάζουσιν
1590 1383 1815 1447 ἑαυτοὺς

222 1463 398 1513 εἰπεῖν
419 1462 598 1532 ἀρχὴν
618 1464 712 1517 τοῦ
743 1464 902 1535 λόγου
929 1485 939 1497 ·
969 1469 1064 1521 έάν
1093 1469 1151 1521 δὲ
1186 1471 1261 1541 μὴ
1288 1472 1685 1540 ἀναγκασθῶσι
1716 1465 1836 1528 παέ

227 1552 293 1622 ρὰ
320 1552 432 1604 τῶν
465 1555 733 1623 ἀδελφῶν,
775 1559 878 1612 οὐκ
908 1558 988 1612 ἔτι
1030 1560 1252 1615 λαλοῦσι
1283 1563 1374 1616 τὸν
1400 1563 1556 1632 λόγον
1576 1583 1588 1596 °
1623 1566 1710 1620 ἵνα
1739 1567 1814 1638 μὴ

224 1644 522 1714 εὑρεθῶσιν
553 1647 630 1710 ὡς
665 1649 741 1720 μὴ
785 1651 1207 1723 ἐπερωτώμενοι
1241 1655 1334 1707 καὶ
1374 1655 1681 1722 λαλοῦντες,
1722 1658 1817 1711 καὶ

223 1735 298 1798 ὡς
324 1737 626 1808 ἀργολογία
655 1741 997 1814 εὑρίσκηται.

1915 558 2212 626 Macarius,
2243 562 2538 634 habitoque
2585 563 2652 617 ad
2696 579 2820 620 eum
2853 583 3124 637 sermone,
3157 572 3361 628 Sectim
3405 593 3494 631 rc-
3561 555 3570 564 ’

1911 669 2105 710 versus
2131 663 2233 711 est.
2268 653 2498 710 Obviam
2548 656 2595 710 ei
2649 663 3276 728 processeruutPatrcs.
3318 649 3380 720 Et
3438 669 3492 722 iu

1913 745 2188 814 colloquio
2212 746 2288 799 ait
2319 746 2428 802 illis
2465 762 2666 802 senex:
2695 749 2888 804 Abbati
2913 750 3151 806 Antoniu
3174 757 3307 820 dixi,
3345 761 3491 828 quod

1913 834 1968 888 in
2004 835 2127 888 loco
2159 845 2352 891 nostro
2383 854 2673 894 careamus
2702 840 3002 895 oblatione.
3053 843 3350 915 Coeperunt
3386 850 3492 904 Pa-

1913 936 2025 982 tres
2056 927 2326 984 disserere
2354 930 2473 985 aliis
2503 933 2569 985 de
2604 932 2784 998 rebus,
2849 948 2950 988 nec
2988 936 3359 1004 requisierunt
3411 957 3496 994 rc-

1914 1035 2181 1089 Sponsum
2217 1022 2430 1076 discere
2456 1038 2484 1074 a
2517 1038 2668 1087 sene,
2706 1040 2807 1080 uec
2839 1039 3004 1080 senex
3047 1027 3129 1083 eis
3180 1033 3496 1098 prolocutus

1914 1121 2016 1166 est.
2043 1112 2156 1166 Hoc
2189 1128 2321 1184 ergo
2368 1116 2760 1183 pronuntiabat
2810 1116 3032 1171 Patrum
3064 1120 3286 1189 quidam
3320 1142 3332 1177 :
3359 1124 3496 1179 Cum

1915 1203 2158 1258 viderint
2181 1202 2397 1270 Patres,
2430 1221 2460 1260 e
2492 1205 2723 1262 fratrum
2749 1211 3014 1264 memoria
3054 1213 3306 1269 excidere
3337 1223 3398 1269 ut
3425 1217 3502 1270 iu-

1913 1302 2193 1364 terrogent
2226 1295 2294 1350 de
2333 1312 2392 1351 re
2445 1296 2512 1352 iis
2558 1298 2702 1363 utili,
2755 1301 3139 1356 necessitatem
3183 1303 3289 1358 sibi
3326 1305 3501 1376 ἱιιιρυ-

1915 1391 2057 1436 nuut
2090 1385 2424 1455 principium
2473 1387 2744 1443 orationis
2796 1387 3146 1459 proferendi:
3181 1394 3330 1463 quod
3373 1397 3421 1451 si
3468 1413 3500 1450 a

1915 1476 2184 1531 fratribus
2217 1494 2324 1532 non
2358 1479 2670 1550 adigantur,
2701 1496 2812 1535 non
2848 1495 3258 1553 persequuntur
3289 1501 3502 1542 sermo-

1918 1582 2064 1633 nem,
2099 1577 2156 1622 ut
2206 1585 2274 1624 ne
2314 1569 2794 1640 deprehendantur
2839 1574 3009 1628 locuti
3046 1592 3223 1646 neque
3265 1578 3500 1634 interro-

1917 1659 2049 1730 gati,
2083 1660 2444 1729 videaturque
2468 1677 2594 1719 esse
2623 1664 2804 1721 etiosa
2849 1665 3088 1737 loquela.

294 1828 397 1892 κζ’.
422 1830 738 1902 Ἦρώτησεν
765 1835 792 1886 6
823 1835 996 1900 6666;
1034 1837 1263 1903 Ἡσαΐας
1286 1841 1377 1894 τὸν
1405 1842 1580 1896 ἀ66ἄν
1610 1843 1810 1897 Μακά-

1983 1843 2074 1896 27.
2112 1841 2268 1899 Hunc
2296 1845 2352 1900 in
2389 1848 2612 1903 modum
2642 1858 2994 1918 percontatus
3033 1860 3117 1908 est
3139 1853 3308 1908 abbas
3335 1851 3503 1909 Isaias

229 1935 361 1989 ριον,
393 1921 571 1990 λέγων
595 1941 607 1954 ·
651 1923 787 1979 Εἰπέ
829 1945 918 1998 μοι
953 1929 1126 2000 ῥῆμα.
1157 1933 1268 1986 Καὶ
1297 1933 1445 2003 λέγει
1475 1934 1624 2006 αὐτῷ
1651 1937 1679 1989 6
1714 1936 1812 2004 γέ-

231 2029 367 2082 ρων
407 2014 585 2082 Φεῦγε
627 2019 754 2080 τοὺς
799 2019 1137 2090 ἀνθρώπους.
1187 2023 1350 2092 Λέγει
1394 2025 1542 2096 αὐτῷ
1581 2028 1610 2078 6
1641 2027 1813 2091 6666;

237 2105 466 2170 Ἡσαΐας
485 2123 500 2136 ο
537 2108 601 2160 Τί
633 2109 750 2162 ἐστι
779 2110 840 2162 τὸ
867 2112 1092 2180 φεύγειν
1123 2114 1250 2178 τοὺς
1274 2115 1630 2187 ἀνθρώπους;
1675 2119 1733 2172 ⁸0
1757 2120 1816 2173 δὲ

229 2197 405 2270 γέρων
451 2195 605 2254 εἶπεν
639 2202 814 2273 αὐτῷ·
853 2205 934 2294 T6.
960 2206 1184 2260 καθίσαι
1226 2211 1307 2274 είς
1344 2210 1405 2263 τὸ
1439 2211 1648 2266 κελλίον
1683 2230 1776 2267 σου
1797 2255 1812 2280 ,

230 2291 318 2342 καὶ
353 2290 586 2346 κλαῦσαι
615 2295 713 2358 τὰς
743 2290 1018 2369 ἁμαρτίας
1057 2316 1172 2355 σου.

297 2391 406 2453 κη’.
462 2385 688 2454 Ἔλεγεν
723 2390 751 2440 ὁ
781 2390 956 2454 ἀ66ᾶς
1001 2393 1340 2461 Παφνούτιος
1374 2397 1402 2448 6
1437 2397 1683 2468 μαθητὴς
1719 2399 1815 2452 τοῦ

230 2476 373 2531 ἀὸὄᾶ
403 2480 713 2552 Μακαρίου,
751 2484 832 2536 ὅτι
879 2485 1240 2557 Παρεκάλεσα
1288 2489 1378 2541 τὸν
1416 2490 1639 2562 Πατέρα
1673 2509 1775 2563 μου
1799 2533 1812 2556 ,

229 2571 400 2639 λέγων
421 2589 434 2602 ·
467 2573 602 2627 Εἰπέ
637 2593 726 2644 μοι
755 2576 933 2646 λόγον.
980 2579 1038 2632 '0
1059 2579 1116 2632 δὲ
1143 2581 1248 2651 ἔφη
1270 2599 1283 2612 ·
1313 2583 1405 2652 Μὴ
1437 2587 1815 2658 κακοποιήσῃς

231 2663 349 2715 τινὰ
369 2703 382 2725 ,
417 2665 554 2734 μηδὲ
581 2667 916 2740 κατακρίνῃς
940 2670 1082 2722 τινά.
1109 2670 1294 2724 Ταῦτα
1325 2673 1501 2741 τήρει,
1526 2673 1621 2726 καὶ
1645 2673 1811 2746 σώζῃ.

301 2751 404 2804 κθ’.
444 2750 612 2808 Εἶπεν
651 2758 679 2809 6
717 2757 894 2821 6666;
935 2761 1256 2832 Μακάριοςο
1294 2763 1384 2834 Μὴ
1427 2763 1699 2836 κοιμηθῇς
1738 2769 1819 2829 εἰς

235 2843 440 2896 κελλίον
474 2845 708 2915 ἀδελφοῦ
733 2849 948 2919 ἔχοντος
979 2853 1155 2924 κακὴν
1183 2855 1390 2924 φήμην.

300 2935 364 2988 λ’.
401 2937 720 3009 Παρέϐαλόν
747 2958 877 2994 ποτε
911 2943 989 3014 τῷ
1012 2943 1156 3016 ἀὸὅᾷ
1193 2945 1466 3017 Μακαρίῳ
1498 2947 1718 3018 ἀδελφοὶ
1740 2951 1822 3013 είς

235 3029 456 3101 Σκῆτιν,
481 3031 577 3084 καὶ
606 3033 704 3104 οὐχ
741 3027 902 3106 εὖρον
930 3037 989 3089 έν
1022 3036 1100 3107 τῷ
1127 3037 1323 3107 κελλίῳ
1352 3037 1516 3092 αὐτοῦ
1564 3041 1737 3104 οὐδὲν,
1771 3043 1820 3094 εἰ

237 3123 311 3195 μὴ
336 3123 484 3194 ὕδωρ
519 3126 746 3197 σαπρόν.
779 3128 890 3182 Καὶ
921 3129 1170 3198 λέγουσιν
1215 3131 1362 3202 αὐτῷ
1382 3149 1396 3163 ο
1442 3131 1630 3196 Ἀϐϐά,
1665 3133 1823 3206 δεῦρο

236 3215 348 3270 ἀνω
370 3217 453 3280 εἰς
479 3217 580 3289 τὴν
605 3217 819 3292 κώμην,
850 3221 946 3274 καὶ
967 3222 1321 3294 ἀναπαύομέν
1347 3241 1426 3278 σε.
1450 3225 1613 3293 Λέγει
1639 3227 1824 3291 αὐτοῖς

234 3311 264 3362 6
290 3309 498 3382 γέρωνο
533 3310 747 3376 Οἴδατε,
789 3313 1028 3381 ἀδελφοὶ,
1055 3315 1114 3366 τὸ
1144 3317 1500 3385 ἀρτοκοπεῖον
1531 3317 1624 3371 τοῦ
1655 3319 1825 3383 δεῖνος

237 3399 315 3462 είς
335 3401 436 3469 τὴν
464 3399 692 3472 κώμην;
733 3403 842 3456 Καὶ
883 3403 1135 3473 λέγουσιν
1170 3406 1350 3477 αὐτῷ·
1376 3409 1504 3462 Ναί.
1542 3409 1684 3481 Ἐιρη
1725 3411 1825 3464 αὑ-

238 3492 348 3553 τοῖς
371 3493 400 3544 ό
424 3491 608 3562 γέρων
627 3510 641 3524 ο
680 3495 854 3563 Κάγὼ
878 3492 998 3551 οἶδα
1024 3497 1176 3552 αὑτό.
1206 3499 1398 3554 Οἴδατε
1429 3501 1605 3555 καὶτὸ
1627 3504 1825 3575 χωρίον

239 3581 329 3634 τοῦ
364 3583 538 3646 δεῖνος
569 3586 702 3638 ὅπου
733 3589 761 3640 6
795 3589 1042 3659 ποταμὸς
1069 3590 1291 3661 κρυόεις
1324 3592 1592 3661 Λέγουσιν
1635 3595 1789 3666 αὑτῷ
1809 3614 1822 3628 ·

242 3669 363 3724 Ναί.
404 3672 568 3741 Λέγει
613 3676 794 3739 αὐτοῖς
820 3679 848 3729 6
881 3677 1078 3748 γέρων’
1128 3679 1299 3747 Κάγὼ
1343 3677 1459 3734 οἶδα
1513 3683 1663 3738 αὐτό.
1698 3685 1828 3738 Ὅτε

242 3755 331 3813 οὖν
367 3760 540 3829 θέλω,
569 3764 632 3817 οὐ
665 3765 854 3837 χρείαν
894 3769 1048 3839 ὑμῶν
1093 3769 1202 3840 ἔχω
1225 3810 1238 3835 ,
1282 3771 1396 3825 ἀλλ’
1443 3774 1666 3846 ἐμαυτῷ
1703 3776 1828 3830 ἁνα-

244 3848 392 3914 δάζω
419 3855 488 3906 δ’.

308 3940 408 3996 λα’.
448 3944 671 4015 Ἔλεγον
703 3948 831 4019 mp1
857 3948 952 4002 τοῦ
983 3950 1128 4005 ἀ66ᾶ
1151 3953 1460 4024 Μακαρίου,
1487 3955 1568 4008 ὅτι
1591 3958 1637 4010 εί
1659 3975 1828 4030 προσ-

243 4033 447 4106 ήρχετο
470 4038 619 4109 αὐτῷ
650 4040 897 4110 ἀδελφὸς,
940 4042 1016 4106 ὡς
1050 4032 1190 4115 ἁγίῳ
1225 4045 1444 4116 γέροντι
1490 4048 1582 4100 καὶ
1610 4049 1831 4120 μεγάλῳ

247 4125 384 4194 μετὰ
415 4127 773 4196 φόδου,οὺδὲν
789 4133 966 4186 ἐλάλει
987 4133 1155 4204 αὐτῷ.
1185 4136 1248 4188 Ει
1275 4135 1331 4189 δὲ
1357 4135 1541 4205 ἔλεγεν
1569 4139 1718 4209 αὑτῷ
1748 4157 1832 4204 τις

244 4216 350 4270 τῶν
375 4218 622 4288 ἀδελφῶν
654 4221 728 4284 ὡς
757 4223 1050 4288 ὲξουθενῶν
1089 4225 1250 4278 αὐτόν
1270 4244 1283 4258 ’
1336 4225 1528 4288 Ἀϐϐά,
1560 4222 1668 4297 ἄρα
1703 4228 1831 4282 ὅταν

244 4302 309 4379 ἧς
331 4311 644 4383 καμηλίτης
677 4315 772 4366 καὶ
800 4315 1062 4379 ἔκλεπτες
1083 4317 1263 4388 νίτρον
1286 4318 1381 4370 καὶ
1411 4317 1642 4382 ἐπώλεις
1676 4320 1829 4389 αὐτὸ,

245 4402 342 4456 οὐκ
385 4403 572 4476 ἔδερόν
621 4423 680 4459 σε
719 4410 766 4460 oi
805 4409 1041 4479 τηρηταί
1088 4409 1253 4473 ";Ei
1303 4408 1479 4463 ταῦτά
1521 4426 1605 4473 τις
1647 4410 1832 4481 ἔλεγεν

246 4496 411 4569 αὐτῷ,
443 4497 623 4553 ἐλάλει
644 4499 793 4571 αὐτῷ
819 4501 956 4572 μετά
983 4502 1178 4572 χαρᾶς,
1219 4501 1340 4555 εἴτι
1367 4502 1528 4556 αὑτὸν
1553 4503 1761 4576 ἠρώτα.

314 4680 415 4736 λθ.
457 4681 687 4750 Ἔλεγον
710 4681 841 4753 περὶ
864 4681 957 4736 τοῦ
981 4681 1125 4736 ἀεϐᾶ
1143 4683 1434 4754 Μακαρίου
1455 4683 1547 4738 τοῦ
1569 4685 1828 4756 μεγάλου,

249 4772 328 4826 6t:
352 4774 546 4842 γέγονε
580 4773 764 4838 καθώς
815 4777 932 4827 ἐστι
969 4774 1354 4846 γεγραμμένον
1391 4774 1512 4839 θεὸς
1553 4776 1828 4845 ἐπίγειος,

246 4867 324 4918 ὅτι
346 4865 538 4938 ὥσπερ
561 4867 712 4919 ἐστὶν
739 4869 768 4920 6
796 4867 930 4930 Θεὸς
953 4866 1245 4930 σκεπάςων
1267 4867 1359 4920 τὸν
1389 4867 1595 4938 κόσμον
1615 4904 1630 4930 ,
1655 4867 1831 4932 οὕτως

247 4958 471 5026 γέγονεν
515 4958 544 5008 6
589 4957 766 5021 6666c
814 4958 1098 5027 Μακάριος
1152 4955 1444 5021 σκεπάζων
1488 4957 1559 5011 τά
1595 4957 1834 5013 ὲλαττώ-

250 5068 415 5120 ματα,
443 5050 480 5104 ἃ.
500 5050 727 5104 ἔϐλεπεν
759 5049 834 5114 ὡς
867 5051 942 5122 μὴ
965 5049 1199 5120 βλέπων,
1233 5050 1328 5110 καὶ
1359 5048 1394 5103 6
1426 5050 1623 5120 ἤκουεν
1647 5049 1722 5114 ὼς
1759 5051 1834 5122 μὴ

246 5143 482 5199 ἀκούων.
1317 5163 1322 5168 ·

316 5237 420 5306 λγ’.
475 5239 788 5308 Διηγήσατο
843 5239 872 5291 6
923 5238 1099 5302 666i;
1141 5239 1410 5310 Βιτίμιος,
1455 5239 1539 5291 ὅτι
1579 5237 1762 5306 ἔλεγεν
1807 5241 1834 5291 6

249 5329 422 5394 6666c
452 5331 772 5404 Μακάριος·
809 5332 1142 5403 Καθημένου
1187 5331 1286 5402 μού
1323 5347 1452 5384 ποτε
1487 5332 1566 5392 εἰς
1607 5329 1826 5399 Σκῆτιν,

251 5421 557 5490 κατέϐησαν
591 5422 687 5478 δύο
719 5423 975 5497 νεώτεροι
1010 5424 1214 5492 ξενικοὶ
1256 5424 1400 5476 έκεϊο
1432 5423 1525 5477 καὶ
1557 5424 1585 5476 6
1617 5423 1714 5494 μὲν
1750 5418 1830 5488 εἷς

321 5587 364 5622 ⁸³
391 5588 478 5643 Al.
508 5589 593 5643 τό.
673 5587 717 5619 δ’
743 5585 848 5643 Pro
878 5587 1214 5652 ἀναϐιϐάζω.
1294 5586 1339 5618 ⁸³
1367 5585 1452 5642 ΑΙ.
1487 5586 1693 5660 κριταί.

324 5745 399 5815 (5)
451 5747 554 5802 ru.
597 5731 750 5802 Patr.
777 5765 875 5810 xu,
904 5747 961 5801 ε.

325 5811 400 5892 (6)
433 5817 672 5891 Appeud.
704 5835 758 5892 p.
795 5819 956 5889 1006,
1007 5834 1064 5876 n.
1103 5817 1242 5888 107;
1278 5815 1568 5874 Constitut.
1608 5811 1834 5889 apostol.

1917 1932 2171 1990 abbatem
2219 1935 2554 1994 Maearium:
2613 1939 2808 1997 Profer
2855 1945 2990 1998 mihi
3048 1946 3398 2000 sententiam.
3437 1928 3504 1999 Et

1917 2025 2056 2080 dixit
2074 2027 2122 2081 ei
2152 2044 2352 2084 senex:
2386 2029 2648 2088 Homines
2673 2034 2818 2104 fuge.
2846 2034 3064 2092 Rursus
3100 2036 3271 2091 abbas
3295 2034 3500 2092 lsaias:

1919 2119 2061 2186 Quid
2102 2130 2187 2178 est
2217 2123 2405 2195 fugere
2457 2127 2754 2184 homines?
2789 2128 2966 2186 Senex
3002 2145 3130 2186 vero
3168 2149 3180 2185 :
3210 2131 3411 2186 Sedere
3448 2131 3503 2185 in

1919 2213 2056 2266 cella
2091 2221 2206 2280 tua,
2234 2225 2287 2270 et
2314 2215 2516 2274 deflere
2540 2225 2632 2272 tua
2664 2228 2912 2288 peccata.

1989 2391 2202 2448 28.!loc
2225 2392 2496 2449 referebat
2513 2395 2682 2451 abbas
2701 2395 3064 2466 Paphnutius,
3081 2395 3390 2466 discipulus
3408 2397 3504 2452 ab-

1921 2485 2064 2541 batis
2094 2484 2336 2541 Macarii:
2366 2485 2802 2558 RogaviPatrem
2819 2503 3022 2552 meum,
3059 2495 3117 2542 ut
3146 2487 3348 2558 aliquid
3373 2489 3507 2542 mihi

1921 2578 2144 2633 diceret.
2201 2577 2352 2635 Illius
2387 2591 2566 2636 autem
2593 2581 2767 2634 oratio
2796 2579 2930 2635 fuit:
2965 2580 3246 2638 Neminem
3279 2583 3505 2646 Imseris,

1922 2671 2194 2725 neminem
2220 2671 2686 2726 condemnaveris.
2707 2670 2832 2726 “33¢
2846 2673 3095 2736 observa,
3113 2683 3166 2728 et
3183 2674 3368 2729 salvus
3387 2673 3504 2729 lies.

1992 2759 2084 2814 29.
2115 2759 2264 2814 Dixit
2298 2761 2469 2816 abbas
2500 2759 2771 2815 Macarius
2793 2776 2819 2810 ε·
2846 2759 2968 2813 Noli
2992 2761 3232 2815 dormire
3269 2765 3324 2814 in
3368 2762 3508 2815 cella

1926 2850 2110 2907 fratris
2133 2852 2226 2922 qui
2257 2853 2453 2906 malam
2489 2851 2689 2906 famam
2723 2852 2904 2906 habet.

1995 2944 2084 2998 50.
2119 2944 2490 3000 Aeeesscrunt
2542 2945 2838 3014 aliquando
2882 2942 3086 2999 fratres
3132 2943 3200 2998 ad
3259 2942 3509 2998 abbatem

1929 3035 2227 3090 Maearium
2265 3035 2409 3092 Sceti
2461 3046 2734 3108 agentem,
2793 3053 2893 3091 nec
2927 3035 3229 3105 quidquam
3280 3037 3510 3090 invene-

1929 3133 2059 3180 runt
2093 3126 2148 3180 in
2177 3127 2314 3180 cella
2334 3127 2476 3194 ejus,
2507 3127 2612 3180 uisi
2640 3140 2838 3195 aquam
2864 3125 3159 3194 putridam.
3195 3125 3394 3180 Dicunt
3422 3127 3508 3181 ei:

1931 3217 2104 3282 Abba,
2145 3220 2383 3273 ascende
2428 3221 2482 3272 in
2533 3233 2754 3288 pagum,
2798 3218 3108 3273 retieiemus
3153 3226 3226 3274 te.
3286 3217 3516 3288 Excepit

1930 3325 2128 3364 senex:
2160 3309 2369 3374 Nostis,
2422 3310 2642 3376 fratres,
2695 3309 2846 3365 illius
2880 3311 3006 3365 talis
3039 3311 3280 3367 hominis
3329 3312 3517 3382 pistri-

1931 3417 2062 3456 num
2096 3402 2151 3456 in
2188 3402 2372 3474 pago?
2421 3401 2814 3473 Respondent:
2871 3399 3072 3456 Etiam.
3116 3401 3254 3456 Tum
3308 3418 3511 3458 senex:

1932 3493 2044 3564 Ego
2075 3509 2295 3564 quoque
2352 3494 2502 3550 novi.
2541 3493 2709 3549 Scitis
2764 3499 2818 3549 et
2875 3492 3140 3564 praedium
3195 3493 3366 3556 illius,
3425 3493 3516 3546 ubi

1930 3583 2132 3640 ﬂuvius
2157 3585 2319 3640 salit?
2346 3584 2551 3640 Aiunt:
2588 3583 2830 3640 Scimus.
2863 3583 2976 3655 Ego
2999 3599 3218 3654 quoque
3264 3583 3401 3649 scio,
3433 3583 3520 3637 in-

1931 3679 2048 3749 quit
2103 3694 2292 3735 senex.
2333 3676 2564 3744 Quando
2598 3676 2763 3746 igitur
2790 3677 2988 3749 plaeet,
3034 3675 3203 3732 vestri
3239 3691 3378 3745 opus
3406 3691 3516 3730 non

1934 3769 2128 3831 habeo,
2153 3769 2249 3824 sed
2290 3767 2423 3822 mihi
2451 3775 2700 3838 apporto.

2003 3942 2092 4007 3|.
2131 3952 2208 4024 (5)
2237 3951 2474 4008 Aiebant
2517 3951 2584 4006 de
2630 3951 2826 4006 abbate
2854 3950 3117 4015 Macario,
3160 3949 3306 4020 quod
3359 3949 3403 4002 si
3451 3949 3517 4001 ad

1931 4059 2059 4099 eum
2108 4043 2398 4100 accederet
2457 4045 2648 4108 frater,
2703 4058 2829 4096 cum
2871 4043 3091 4107 timore,
3141 4049 3408 4110 tanquam
3450 4042 3519 4092 ad

1933 4144 2184 4190 sanetum
2227 4141 2282 4189 et
2316 4149 2572 4204 magnum
2631 4147 2840 4195 senem,
2878 4131 3016 4185 nihil
3071 4134 3120 4186 ei
3169 4131 3516 4200 loquebatur.

1935 4223 1990 4278 Si
2027 4239 2155 4277 vero
2199 4223 2431 4278 fratrum
2484 4222 2756 4292 quispiam
2814 4228 3072 4291 tanquam
3107 4222 3262 4276 nihili
3309 4221 3520 4277 faciens

1933 4316 1982 4370 ei
2030 4314 2268 4370 diceret:
2305 4315 2478 4380 Abba,
2533 4313 2756 4384 quando
2795 4329 2920 4368 eras
2951 4313 3305 4377 camelarius,
3346 4322 3398 4368 et
3434 4313 3521 4367 ni-—

1936 4419 2079 4462 trmn
2117 4407 2412 4470 furabaris,
2443 4422 2506 4462 ac
2527 4407 2826 4471 vendebas,
2861 4421 3042 4462 nonne
3065 4407 3434 4462 verberabant
3471 4415 3522 4461 te

1864 4541 1907 4596 ι)
1937 4500 2231 4555 custodes?
2263 4499 2320 4553 Si
2370 4501 2444 4552 ita
2485 4500 2610 4570 quis
2661 4507 2803 4555 esset
2853 4501 3196 4570 prolocutus,
3235 4497 3364 4554 huic
3393 4515 3518 4553 eum

1941 4594 2138 4664 gaudio
2209 4597 2252 4648 si
2291 4593 2422 4663 quid
2455 4593 2870 4663 interrogasset.
2906 4607 3233 4664 responsum
3265 4591 3450 4646 dabat.

2011 4691 2080 4745 52
2131 4685 2211 4757 (6)
2246 4689 2320 4744 De
2376 4689 2575 4744 abbate
2627 4688 2865 4742 Macario
2919 4702 3118 4756 magno
3175 4685 3516 4745 asserebant,

1940 4782 2088 4854 quod
2119 4782 2415 4846 exstiterit,
2446 4782 2590 4835 sicut
2615 4783 2881 4848 scriptum
2918 4787 3022 4840 est,
3053 4779 3190 4832 deus
3220 4776 3518 4831 terrestris.

1941 4875 2076 4940 Quia
2109 4873 2568 4945 quemadmodum
2601 4870 2742 4924 Deus
2773 4867 3034 4923 mundum
3069 4870 3224 4937 tegit,
3252 4867 3326 4920 ita
3353 4867 3522 4920 abbas

1939 4963 2214 5020 Macarius
2242 4963 2439 5018 delicta
2471 4959 2796 5029 obtegebat;
2825 4973 2946 5028 qua:
2977 4955 3188 5010 viderat
3225 4956 3383 5026 quasi
3414 4971 3520 5011 non

1938 5057 2185 5121 vidisset,
2216 5071 2336 5127 qua:
2362 5053 2610 5108 audierat
2631 5053 2789 5122 quasi
2821 5066 2930 5105 non
2969 5049 3256 5106 audiisset.

2008 5236 2097 5291 53.
2126 5233 2202 5305 (7)
2225 5233 2481 5288 Narratio
2511 5206 2726 5285 abbatis
2761 5228 2966 5282 Vitimii
3003 5227 3234 5292 exstitit,
3261 5226 3407 5298 quod
3447 5225 3522 5283 ita

1939 5328 2188 5383 retulerit
2217 5327 2386 5381 abbas
2417 5325 2718 5380 Macarius:
2753 5322 2990 5378 Sedcnte
3016 5339 3099 5376 me
3125 5321 3425 5392 aliquando
3466 5320 3524 5375 in

1941 5420 2110 5490 Secti,
2153 5419 2558 5477 descenderunt
2606 5420 2736 5474 illuc
2775 5417 2886 5474 duo
2923 5416 3155 5487 juvenes
3207 5413 3521 5488 peregrini;

1948 5739 2153 5804 “,26.

2019 5810 2096 5884 (7)
2142 5808 2247 5867 Vit.
2275 5809 2429 5867 Patr.
2466 5823 2547 5878 ut,
2571 5807 2630 5864 2.
