3994 6336
445 324 554 382 875

1589 329 1933 391 APPENDIX
1970 332 2065 389 AD
2096 328 2515 389 PALLADIUM.

3606 325 3720 381 278

445 446 680 506 quorum
712 447 860 488 unus
890 430 1120 487 barbam
1170 433 1419 504 gerebat,
1475 437 1615 495 alter
1645 457 1777 499 vero
1801 442 2022 515 primarr

2141 436 2258 515 εἷχε
2290 442 2517 511 γένειον,
2552 440 2581 493 6
2617 438 2674 492 δέ
2706 436 2864 500 ἄλλος
2897 436 3072 508 ἀρχὴν
3107 434 3319 506 βάλλων
3342 434 3579 506 γενείου.
3615 438 3728 492 Kal

445 524 727 581 emittebat
751 523 1094 594 lanuginem.
1131 522 1194 583 Hi
1225 535 1493 582 venerunt
1522 530 1590 586 ad
1622 548 1728 601 me,
1752 544 2031 605 rogantes,

445 618 538 672 ubi
582 626 730 672 esset
783 616 927 672 cella
982 616 1199 672 abbatis
1244 616 1493 676 Macarii.
1542 620 1682 679 Tum
1720 641 1857 698 ego:
1888 626 2033 695 Quid

442 722 567 764 eum
604 706 811 763 vultis?
839 706 1051 761 Aiunt:
1097 706 1300 763 Audita
1332 709 1454 780 ejus
1488 726 1553 766 ac
1598 712 1825 772 Sceteos
1865 715 2032 783 fama,

444 798 698 853 venimus
731 804 792 852 ut
819 798 1110 853 videamus
1139 814 1293 856 eum.
1331 802 1502 858 Dico:
1533 802 1645 876 Ego
1674 822 1817 862 sum.
1847 804 2035 863 Facta-

444 906 553 961 que
601 891 853 962 corporis
902 892 1280 960 inclinatione,
1334 894 1626 969 inquiunt_:
1678 899 1797 957 Hoc
1825 901 1880 956 in
1912 902 2035 957 loco

445 983 699 1054 cupimus
725 999 967 1040 manere.
1004 983 1117 1056 Ego
1148 1002 1275 1043 vero
1302 988 1494 1048 videns
1534 1005 1631 1049 eos
1661 992 1927 1051 delicatos
1958 1004 2036 1051 ret

445 1076 594 1133 velut
621 1078 675 1131 in
698 1077 908 1133 divitiis
928 1077 1213 1147 educatos,
1239 1081 1361 1137 aio:
1386 1081 1506 1139 Non
1535 1086 1768 1156 potestis
1796 1088 2036 1145 residere

445 1168 557 1224 hic.
585 1166 725 1224 Tum
758 1170 939 1242 major
971 1170 1121 1227 infit:
1153 1170 1210 1228 Si
1266 1189 1376 1230 non
1426 1177 1707 1248 possimus
1750 1195 2036 1237 remanere

443 1260 556 1324 hic,
591 1262 656 1316 ad
688 1263 856 1316 alium
884 1280 1177 1335 purgemus
1212 1267 1415 1323 locum.
1466 1268 1581 1342 Ego
1617 1271 1765 1326 intra
1794 1281 2031 1328 mentem

446 1367 663 1407 meam:
692 1353 804 1409 Cur
837 1355 982 1424 pello
1005 1369 1125 1421 eos,
1166 1366 1220 1412 et
1251 1360 1574 1415 scandalum
1613 1363 1924 1432 patientur?
1949 1362 2037 1416 Ef-

448 1443 593 1500 llciet
624 1445 799 1509 labor,
836 1453 894 1500 ut
920 1447 1024 1516 ipsi
1052 1456 1251 1519 sponte
1282 1450 1516 1521 fugiant.
1547 1451 1739 1524 Itaque
1772 1454 1898 1509 dico
1917 1457 2032 1511 eis:

453 1531 666 1601 Venite,
714 1540 1022 1595 construite
1057 1541 1216 1597 vobis
1261 1543 1481 1609 cellam,
1526 1544 1576 1600 si
1616 1547 1868 1617 potestis.
1907 1547 2033 1602 1illi:

442 1625 686 1685 Ostende
729 1629 893 1686 nobis
944 1632 1147 1709 locum,
1198 1642 1615 1701 construemus.
1653 1636 1809 1693 Dedit
1850 1649 2033 1696 autem

444 1720 528 1775 eis
581 1734 749 1774 senex
795 1723 1056 1787 securim,
1096 1739 1400 1796 peramque
1441 1727 1656 1796 plenam
1697 1730 1951 1799 panibus,
1981 1739 2036 1786 et

2131 531 2295 607 ⁴ἦλθον
2348 532 2485 604 πρὸς
2528 530 2596 602 μὲ
2644 530 2925 596 λέγοντες·
2979 526 3090 581 [ιοῦ
3133 527 3282 581 ἐστιν
3326 530 3360 599 ὴ
3410 527 3576 582 κέλλα
3626 525 3727 582 τοῦ

2135 622 2279 678 esse
2309 621 2599 693 Μακαρίου
2620 636 2635 684 ;
2658 616 2830 688 Κάγὼ
2849 612 3002 671 εἷπον
3026 633 3039 647 ⁸
3066 616 3130 670 Τί
3152 616 3335 671 θέλετε
3367 615 3532 670 αὐτόν
3560 633 3575 683 ;
3615 618 3728 674 Kal

2134 716 2416 783 λέγουσιν·
2478 710 2792 773 Ἀκούοντες
2832 708 2901 762 τὰ
2946 708 3076 778 περὶ
3117 708 3281 762 αύτοῦ
3328 708 3547 780 καὶτῆς
3577 710 3727 782 Σκή-

2133 824 2294 870 τεως,
2324 804 2562 877 ἦλθομεν
2591 802 2720 856 ἰδεῖν
2742 802 2925 856 αὐτόν.
2959 801 3120 870 Λέγω
3148 801 3332 865 αὐτοῖς
3354 817 3370 833 ο
3412 799 3554 871 Ἐγώ
3582 802 3721 873 εἰμι.

2137 900 2247 955 Kal
2280 896 2471 951 ἔϐαλον
2507 895 2799 967 μετάνοιαν
2820 936 2834 961 ,
2861 892 3115 963 λέγοντες
3135 910 3149 924 ·
3187 885 3316 945 Ὧδε
3350 891 3577 965 θέλομεν
3604 896 3726 964 μεῖ-

2135 1008 2245 1046 ναι.
2292 987 2436 1058 Ἐγὼ
2467 987 2523 1041 δὲ
2556 986 2770 1059 βλέπων
2802 986 3001 1049 αὐτοὺς
3033 985 3340 1056 τρυφεροὺς
3376 986 3473 1038 καὶ
3505 985 3581 1049 ὡς
3614 984 3726 1039 ἀπὸ

2135 1082 2389 1148 πλούτου,
2420 1079 2567 1150 λέγω
2598 1081 2816 1144 αὐτοῖς’
2842 1079 2919 1133 Οὐ
2950 1076 3180 1132 δύνασθε
3206 1076 3428 1132 καθίσαι
3455 1069 3579 1131 ὦδε.
3610 1078 3725 1133 Kal

2133 1174 2282 1244 λέγει
2307 1174 2337 1227 6
2371 1171 2684 1244 μειζότερος
2702 1186 2717 1199 ⁸
2758 1170 2883 1224 Ἐὰν
2917 1169 2994 1240 μὴ
3023 1168 3308 1240 δυνώμεθα
3332 1168 3552 1224 καθίσαι
3575 1163 3678 1224 ὧδε
3704 1209 3729 1235 ,

2136 1265 2419 1337 ὑπάγομεν
2445 1261 2702 1334 ἀλλαχοῦ.
2728 1261 2886 1330 Λέγω
2904 1260 3016 1330 ἐγὼ
3043 1261 3122 1332 τῷ
3145 1260 3392 1333 λογισμῷ
3418 1278 3546 1332 μου·
3567 1261 3725 1315 Διατί

2133 1356 2314 1411 διώκω
2353 1356 2581 1420 αὐτοὺς,
2616 1354 2712 1408 καὶ
2757 1353 3204 1417 σκανδαλίζονται
3227 1370 3255 1419 ;⁶
3285 1356 3314 1406 6
3362 1353 3530 1417 κόπος
3576 1356 3726 1408 ποιεῖ

2135 1448 2332 1512 αὐτοὺς
2364 1447 2429 1500 δι’
2461 1445 2673 1500 ἑαυτῶν
2704 1446 2916 1514 φυγεῖν.
2960 1444 3070 1498 Kal
3099 1443 3244 1513 λέγω
3271 1445 3455 1508 αὐτοῖς
3474 1461 3488 1475 ·
3520 1444 3723 1511 Δεῦτε,

2136 1540 2401 1609 ποιήσατε
2435 1540 2659 1604 ἑαυτοῖς
2681 1536 2914 1602 κελλίον,
2946 1537 2994 1589 εί
3023 1535 3274 1591 δύνασθε.
3310 1538 3420 1591 Kal
3458 1537 3679 1606 λέγουσι
3706 1556 3723 1571 ·

2141 1631 2320 1699 Δεῖξον
2354 1632 2486 1703 ἡμῖν
2510 1629 2697 1693 τόπον,
2730 1630 2825 1684 καὶ
2854 1627 3131 1701 ποιοῦμεν.
3166 1630 3377 1683 Ἔδωκε
3403 1629 3460 1683 δὲ
3484 1632 3666 1695 αὐτοῖς
3693 1633 3731 1683 6

2136 1724 2314 1796 γέρων
2349 1724 2581 1777 πέλεκυν
2603 1721 2671 1788 ll,
2702 1722 2795 1775 καὶ
2826 1720 3135 1775 ἀναϐολίδιν
3170 1720 3213 1754 ’⁸⁸
3249 1720 3446 1792 μεστὸν
3466 1720 3723 1792 ψωμίων,

441 1810 556 1878 sal;
591 1811 939 1884 ostenditque
970 1823 1179 1885 petram
1211 1818 1407 1872 duram
1435 1859 1449 1884 ,
1481 1835 1713 1875 monens
1756 1840 1769 1875 :
1797 1819 2022 1892 Lapides

2133 1819 2227 1872 καὶ
2250 1817 2384 1882 ἃλας
2405 1834 2420 1849 ο
2444 1815 2615 1880 ἔδειξε
2642 1815 2701 1869 δὲ
2722 1814 2907 1878 αὐτοῖς
2941 1814 2970 1867 6
2996 1813 3178 1885 γέρων
3201 1814 3295 1868 καὶ
3321 1815 3533 1885 πέτραν
3558 1814 3721 1884 σκλη-

441 1900 804 1968 blcineidite,
840 1914 1007 1976 atque
1050 1922 1117 1962 ex
1166 1908 1363 1978 palude
1403 1918 1616 1981 portate
1664 1913 1820 1968 vobis
1857 1914 2025 1985 ligna,

442 2002 701 2066 tectoque
723 1996 1004 2068 imposito,
1029 2000 1285 2057 residete.
1313 2001 1578 2057 Putabam
1599 2012 1803 2068 autem,
1829 2006 2025 2077 inquit,

443 2085 569 2143 illos
606 2095 830 2158 propter
869 2090 1111 2147 laborem
1160 2108 1506 2163 recessuros.
1540 2094 1714 2152 Porro
1749 2099 2028 2167 petierunt

441 2191 476 2231 a
525 2193 632 2244 me»,
670 2179 804 2249 quid
856 2196 923 2237 eo
968 2182 1076 2238 loci
1134 2185 1411 2254 operaturi
1461 2196 1669 2242 essent.
1721 2187 2025 2258 Respondi,

439 2269 673 2339 plectam
698 2271 940 2328 facerent
964 2292 978 2341 ;
1009 2276 1396 2347 sumptisquee
1422 2278 1620 2349 palude
1650 2278 1795 2335 foliis
1815 2280 2026 2349 palma-

447 2375 593 2426 rum,
649 2363 866 2417 ostendi
904 2364 1041 2435 ipsis
1094 2365 1286 2436 plecta:
1335 2383 1431 2423 seu
1483 2368 1633 2423 l'unis
1669 2369 2021 2441 principium,

441 2460 611 2522 utque
651 2466 924 2509 consuere
962 2464 1271 2526 oporteret;
1322 2457 1582 2529 dixique:
1636 2456 1826 2515 Facite
1860 2474 2024 2530 spor—

441 2545 547 2605 tas,
584 2556 724 2611 quas
773 2542 1004 2599 tradetis
1063 2545 1414 2611 custodibus,
1457 2545 1563 2616 ipsi
1608 2562 1741 2611 vero
1798 2547 2025 2603 all‘erent

441 2631 598 2688 vobis
619 2648 810 2704 panes.
846 2634 1055 2692 Deinde
1082 2637 1350 2693 abscessi.
1384 2638 1453 2692 At
1473 2638 1550 2693 illi
1582 2638 1852 2709 patienter
1877 2655 2025 2711 qua:-

438 2735 656 2795 cunque
688 2724 1075 2781 mandaveram
1118 2729 1365 2784 exsecuti
1400 2737 1570 2787 sunt:
1619 2745 1723 2785 nec
1754 2739 2023 2788 venerunt

437 2814 505 2870 ad
541 2830 628 2871 me
660 2816 839 2872 tribus
871 2819 1059 2874 annis.
1094 2818 1209 2891 Ego
1241 2835 1373 2876 vero
1413 2821 1637 2879 assidue
1678 2837 1804 2878 cum
1838 2825 2023 2881 animo

438 2921 562 2962 meo
584 2907 942 2975 colluctabar,
983 2918 1276 2981 reputans:
1312 2911 1513 2983 Ecqua:
1538 2921 1624 2970 est
1665 2930 1857 2970 eorum
1888 2931 2021 2986 ope-

436 2996 598 3061 ratio,
627 2997 776 3067 quod
813 3014 923 3055 non
955 3002 1295 3058 accesserint
1342 3003 1734 3077 interrogaturi
1767 3006 1835 3063 de
1866 3010 2022 3080 cogi-

436 3086 677 3143 tatione?
709 3087 814 3156 Qui
867 3092 1059 3160 procul
1115 3091 1387 3159 habitant,
1441 3095 1665 3148 veniunt
1714 3097 1782 3150 ad
1818 3112 1936 3152 me:
1967 3108 2021 3153 et

438 3175 530 3233 isti
564 3193 687 3233 cum
726 3181 1021 3254 propinqui
1053 3181 1185 3247 sint,
1223 3198 1333 3238 non
1361 3194 1739 3250 accesserunt,
1801 3203 1904 3243 nec
1951 3189 2022 3244 ad

439 3268 572 3325 alios
604 3269 834 3340 profecti
860 3280 986 3327 sunt
1008 3293 1020 3329 :
1079 3273 1347 3329 duntaxat
1365 3285 1597 3348 pergunt
1622 3277 1689 3333 ad
1709 3280 2022 3350 ecclesiam,

440 3359 617 3424 taciti,
654 3369 715 3416 ut
742 3363 1020 3434 accipiant
1048 3363 1408 3423 oblationem.
1441 3367 1615 3440 Igitur
1651 3371 1808 3425 oravi
1843 3370 2023 3428 Dorul-

434 3465 589 3516 num,
629 3450 886 3523 jejunans
920 3470 1028 3510 una
1046 3455 1411 3523 hebdomade,
1437 3467 1498 3515 ut
1516 3461 1866 3519 manilestum
1890 3465 2022 3520 mihi

436 3539 659 3608 taceret,
699 3543 962 3614 quidnam
1002 3559 1385 3618 operarentur.
1432 3549 1567 3608 Post
1620 3553 2020 3610 hebdomadam

435 3648 567 3689 vero
596 3651 852 3708 surgens,
889 3639 960 3695 ad
987 3656 1084 3699 eos
1114 3642 1246 3709 abii,
1300 3650 1360 3700 ut
1408 3644 1654 3704 intuerer
1704 3662 1815 3718 quo
1860 3647 2023 3705 modo

434 3734 681 3794 agerent.
729 3728 796 3783 Et
848 3744 973 3784 cum
1021 3732 1354 3803 pulsassem,
1415 3746 1771 3807 aperuerunt.
1825 3755 2025 3810 meque

436 3817 744 3874 salutarunt
775 3836 900 3877 cum
960 3824 1201 3881 silentio.
1252 3825 1378 3883 Feci
1427 3829 1751 3895 orationem,
1796 3840 1850 3885 et
1880 3832 2017 3888 sedi.

312 3908 319 3911 ’
435 3903 611 3976 Major
644 3911 822 3966 innuit
851 3913 1046 3967 minori
1084 3924 1143 3971 ut
1162 3917 1553 3988 egrederetur;
1597 3920 1827 3991 ipseque
1854 3923 2016 3989 sedit,

433 3995 502 4052 ad
544 4000 942 4058 conficiendam
978 4005 1234 4075 plectam,
1286 4024 1387 4064 nec
1418 4011 1716 4083 quidquam
1760 4013 2021 4084 loqueba-

432 4097 539 4145 tur.
570 4090 652 4146 Ad
684 4084 874 4150 liéram
911 4111 1040 4152 vero
1078 4113 1279 4154 nonam
1319 4102 1606 4173 strepitum
1634 4103 1823 4159 edidit.
1861 4102 2021 4161 Venit

427 4182 638 4261 junior,
661 4184 789 4240 fecit
812 4202 1004 4257 parum
1031 4190 1285 4261 polentae,
1311 4208 1376 4270 ac
1394 4194 1600 4264 majore
1621 4196 1904 4261 innuente,
1929 4211 2021 4269 ap-

428 4275 618 4345 posuit
645 4290 916 4344 mensam,
949 4295 1187 4351 cumque
1216 4299 1384 4354 super
1411 4300 1531 4342 eam
1562 4295 1677 4343 tres
1712 4289 2017 4359 paximates

434 4363 740 4435 posuisset,
788 4370 942 4423 stetit
993 4377 1203 4427 tacens.
1259 4373 1372 4444 Ego
1403 4393 1535 4433 vero
1570 4379 1724 4434 dixi:
1772 4378 2014 4452 Surgite,

2130 1910 2252 1981 ραν,
2292 1908 2501 1978 λέγων’
2556 1907 2920 1978 Λατομήσατε
2965 1897 3106 1969 ὧδε,
3142 1906 3237 1959 καὶ
3286 1904 3482 1979 φέρετε
3528 1906 3716 1969 αὑτοῖς

2128 2001 2260 2070 ξύλα
2288 2002 2352 2055 ἐκ
2384 1999 2480 2054 τοῦ
2506 1999 2682 2066 ἑλους,
2712 1998 2807 2052 καὶ
2838 1998 3205 2066 στεγάσαντες
3234 1997 3518 2053 καθίσατε.
3565 1998 3713 2052 Ἐνο-

2130 2094 2285 2165 μιζον
2314 2093 2372 2147 δέ
2392 2090 2522 2162 ἐγὼ,
2558 2091 2746 2163 φησὶν,
2776 2091 2857 2144 ὅτι
2891 2090 3145 2162 μέλλουσι
3165 2090 3255 2144 διὰ
3284 2091 3375 2145 τὸν
3400 2092 3567 2146 κόπον
3584 2092 3717 2146 άνα-

2126 2186 2321 2256 χωρεῖν
2347 2182 2411 2238 ⁵⁸.
2443 2179 2761 2253 Ἦρὼτησαν
2776 2180 2833 2234 δέ
2858 2198 2947 2249 με,
2969 2181 3021 2234 τί
3041 2180 3380 2253 ἐργάζωνται
3406 2174 3530 2236 ὧδε.
3555 2183 3719 2252 Λέγω

2125 2277 2307 2339 αὐτοῖς
2332 2292 2343 2305 ο
2364 2272 2476 2345 Τὴν
2512 2274 2698 2344 σειρὰν
2721 2290 2734 2303 ·
2771 2272 2867 2326 καὶ
2887 2272 3149 2344 λαμϐάνω
3175 2273 3303 2344 βαΐα
3325 2275 3390 2328 ἐκ
3415 2273 3512 2328 τοῦ
3535 2274 3710 2339 ἕλους,

2126 2367 2221 2419 καὶ
2257 2362 2486 2418 δεικνύω
2524 2364 2711 2427 αὑτοῖς
2742 2361 2842 2434 τὴν
2874 2363 3050 2434 ἀρχὴν
3083 2363 3181 2434 τῆς
3220 2366 3439 2437 σειρᾶς,
3468 2366 3561 2419 καὶ
3590 2364 3713 2431 πῶς

2127 2458 2353 2527 ῥάπτειν
2382 2454 2481 2520 δεῖ,
2514 2453 2607 2507 καὶ
2641 2448 2795 2507 εἶπον
2814 2469 2827 2484 ·
2876 2454 3086 2508 Ποιεῖτε
3126 2454 3419 2526 σπυρίδας,
3449 2456 3541 2511 καὶ
3570 2472 3714 2526 παρ.

2124 2547 2276 2618 έχετε
2308 2548 2421 2610 τοῖς
2456 2544 2779 2621 φύλαξιμαξ.
2820 2545 3074 2619 φέρουσιν
3107 2545 3235 2617 ὑμῖν
3263 2546 3472 2618 ψωμία.
3508 2548 3712 2602 Λοιπὸν

2122 2633 2215 2692 οὖν
2244 2636 2356 2707 ἐγὼ
2392 2636 2734 2708 ἀνεχώρησα.
2767 2636 2932 2690 Αὐτοὶ
2968 2635 3023 2690 δὲ
3068 2636 3187 2706 μεθ’
3228 2638 3503 2710 ὑπομονῆς
3532 2640 3713 2694 πάντα

2123 2729 2409 2800 ἐποίησαν,
2449 2728 2549 2782 ὅσα
2583 2723 2737 2781 εἶπον
2777 2728 2960 2791 αὐτοῖς
2982 2744 2996 2758 υ
3041 2728 3135 2781 καὶ
3170 2728 3232 2782 ού
3266 2728 3573 2801 παρέϐαλον
3617 2747 3713 2800 μοι

2122 2820 2217 2873 ἐπὶ
2253 2820 2380 2892 τρία
2418 2818 2535 2891 ἐτη.
2580 2817 2691 2872 Καὶ
2720 2817 2912 2888 ἔμεινα
2954 2816 3209 2888 πολεμῶν
3241 2821 3354 2883 τοῖς
3389 2818 3711 2890 λογισμοῖς,

2123 2913 2295 2982 λέγων
2316 2930 2330 2944 ο
2370 2912 2468 2976 Τίς
2495 2911 2604 2985 ἄρα
2637 2910 2787 2964 ἐστὶν
2817 2912 2849 2981 ἡ
2885 2911 3116 2983 ἐργαρία
3148 2911 3351 2979 αὐτῶν,
3385 2914 3468 2968 ὅτι
3490 2914 3591 2968 οὐκ
3614 2909 3712 2985 ἦλ-

2124 3003 2215 3058 θον
2248 3004 2523 3076 ἐρωτῆσαι
2554 3002 2838 3073 λογισμόν,
2867 3004 2929 3057 Ol
2963 3002 3071 3056 άπὸ
3110 3004 3349 3075 μήκοθεν
3384 3006 3425 3037 ⁸⁷
3459 3006 3714 3078 ἔρχονται

2125 3097 2261 3168 πρὸς
2291 3097 2393 3168 μέ·
2427 3096 2522 3150 καὶ
2544 3089 2688 3150 οὗτοι
2713 3094 2763 3147 οἱ
2793 3094 2961 3163 ἐγγὺς
2987 3095 3089 3148 οὑκ
3120 3090 3305 3167 ἦλθον,
3331 3095 3455 3151 οὔτε
3491 3098 3549 3152 δὲ
3574 3098 3716 3169 πρὸς

2125 3188 2319 3253 ἄλλους
2354 3188 2561 3257 ὑπῆγον
2585 3204 2598 3216 ·
2639 3188 2688 3241 εί
2725 3187 2801 3259 μὴ
2835 3186 2992 3258 μόνον
3020 3188 3099 3250 είς
3138 3187 3236 3258 τὴν
3261 3187 3559 3261 ἐκκλησίαν
3584 3207 3719 3243 σιω-

2126 3277 2371 3343 πῶντες,
2426 3276 2613 3330 λασείν
2658 3277 2757 3349 τὴν
2796 3277 3134 3350 προσφοράν.
3185 3279 3299 3332 Kal
3334 3277 3589 3351 ηὐξάμην
3638 3282 3717 3351 τῷ

2125 3368 2245 3441 Θεῷ
2272 3366 2579 3439 νηστεύσας
2617 3367 2717 3440 τὴν
2746 3367 3040 3439 ἑϐδομάδα,
3082 3369 3168 3423 ἵνα
3192 3367 3341 3443 δείξῃ
3374 3388 3466 3442 μοι
3491 3371 3590 3444 τὴν
3616 3374 3719 3444 ἐρ-

2124 3460 2322 3531 γασίαν
2376 3459 2577 3514 αὐτῶν.
2642 3459 2907 3524 ’Λναστὰς
2960 3460 3018 3514 δὲ
3070 3461 3211 3532 μετὰ
3267 3462 3367 3534 τὴν
3416 3462 3719 3535 ἑϐδομάδα,

2123 3550 2370 3621 ἀπῆλθον
2399 3551 2538 3622 πρὸς
2564 3549 2767 3617 αὐτοὺς
2800 3552 2928 3606 ίδεῖν
2963 3553 3080 3616 πῶς
3102 3553 3388 3627 κάθηνται.
3418 3557 3530 3611 Καὶ
3550 3556 3720 3626 κρού-

2128 3642 2323 3705 σαντός
2356 3660 2457 3713 μου
2483 3642 2750 3714 ἀνέῳξαν,
2787 3644 2883 3697 καὶ
2911 3644 3228 3713 ἠσπάσαντο
3265 3664 3334 3717 με
3363 3647 3679 3710 σιωπῶντες
3697 3663 3717 3679 ⁸

2125 3734 2219 3788 καὶ
2256 3736 2488 3806 ποιήσας
2514 3734 2703 3805 εὐχὴν,
2731 3734 2983 3789 ἐκάθισα.
3021 3736 3239 3801 Νεύσας
3259 3736 3317 3791 δὲ
3341 3738 3371 3790 6
3400 3738 3606 3809 μείζων
3634 3740 3721 3811 τῷ

2126 3826 2437 3896 μικροτέρῳ
2476 3824 2734 3890 ἐξελθεῖν,
2775 3826 2998 3880 ἐκάθισε
3032 3827 3254 3882 πλέκειν
3281 3827 3328 3861 ⁸⁸
3357 3828 3455 3901 τὴν
3493 3830 3715 3901 σειρὰν,

2121 3913 2365 3986 λαλήσας
2409 3914 2607 3986 μηδέν·
2657 3916 2754 3969 καὶ
2790 3919 2859 3987 τῇ
2891 3916 3010 3989 ὥρᾳ.
3052 3918 3152 3988 τῆς
3190 3919 3416 3992 ἐνάτης,
3456 3919 3715 3992 ἔκρουσε,

2122 4005 2218 4059 καὶ
2243 4000 2407 4076 ἦλθεν
2434 4008 2464 4059 6
2492 4004 2755 4076 νεώτερος
2786 4005 2852 4070 ⁸³,
2882 4008 2977 4062 καὶ
3003 4008 3227 4080 ἐποίησε
3259 4010 3455 4083 μικρὸν
3484 4011 3677 4083 ἐψημα
3696 4053 3716 4077 ,

2122 4096 2215 4150 καὶ
2240 4097 2520 4170 παρέθηκε
2554 4097 2859 4168 τράπεζαν,
2895 4098 3186 4165 νεύσαντος
3217 4101 3364 4172 αὑτῷ
3399 4102 3492 4156 τοῦ
3531 4103 3718 4175 μειζο-

2120 4187 2279 4258 τέρου
2306 4204 2319 4218 ⁸
2359 4190 2453 4244 καὶ
2481 4189 2678 4261 ἔθηκεν
2709 4190 2788 4254 είς
2831 4191 3002 4265 αὑτὴν
3034 4196 3184 4264 τρεῖς
3217 4196 3544 4267 παξαμάδας
3565 4236 3580 4260 ,
3614 4198 3717 4252 καὶ⁹

2121 4279 2249 4350 ἔστη
2289 4280 2532 4335 σιωπῶν.
2575 4279 2716 4351 Ἐγὼ
2746 4282 2803 4336 δὲ
2829 4277 3013 4337 εἷπον·
3059 4284 3711 4363 Ἐγείρεσθρνράγωμεν.

2119 4371 2230 4424 Kal
2252 4372 2608 4437 ἀναστάντες,
2639 4373 2920 4446 ἐφάγομεν
2940 4392 2954 4407 ’
2973 4375 3068 4429 καὶ
3092 4377 3290 4448 ἧνεγκε
3310 4378 3370 4431 τὸ
3391 4378 3714 4449 βαυκάλιον,

431 4455 813 4514 comedamus.
841 4459 973 4515 Inde
1000 4472 1416 4532 consurgentes,
1446 4468 1629 4523 cibum
1651 4472 2012 4541 sumpsimus.

2125 4461 2217 4515 καὶ
2256 4462 2506 4533 ἐπίομεν.
2558 4464 2644 4527 Ὠς
2677 4464 2734 4518 δὲ
2780 4464 2998 4534 ἐγένετο
3041 4468 3273 4540 ἑσπέρα,
3319 4470 3539 4539 λέγουσί
3579 4488 3708 4542 μοι·

435 4545 635 4602 Attulit
664 4547 916 4615 baucale,
949 4566 1014 4606 ac
1034 4551 1291 4609 bibimus.
1319 4555 1392 4611 Ut
1421 4567 1600 4613 autem
1638 4560 1861 4617 advenit
1922 4579 2016 4619 ves

429 4651 612 4708 spera,
669 4645 862 4710 petunt
904 4656 934 4696 a
976 4658 1094 4698 me:
1145 4642 1482 4703 Recedisne?
1528 4647 1835 4720 Respondi:
1869 4652 2013 4719 Non,

429 4726 525 4782 sed
556 4725 646 4783 hic
679 4726 917 4785 dormio.
952 4730 1110 4790 Unde
1148 4746 1452 4806 posuerunt
1496 4740 1628 4794 mihi
1664 4749 1907 4798 stoream
1942 4760 2010 4800 ex

429 4827 600 4886 parte,
628 4826 682 4874 et
711 4819 815 4875 sibi
846 4821 916 4877 ad
942 4823 1107 4879 alium
1137 4828 1399 4898 angulum
1432 4844 1498 4887 es
1532 4842 1718 4903 parte:
1741 4832 2012 4889 tulerunt-

426 4924 535 4978 que
573 4925 743 4967 zonas
784 4928 916 4970 suas
953 4924 1007 4972 et
1042 4917 1438 4987 succinctoria,
1472 4922 1751 4995 simulque
1776 4925 2015 4980 colloca-

425 5009 626 5056 verunt
655 5018 715 5058 se
754 5004 810 5059 in
863 5015 1033 5061 matta
1076 5020 1205 5066 ante
1254 5027 1360 5069 me.
1405 5013 1675 5071 Caeterum
1717 5025 2010 5089 postquam

424 5103 854 5162 composuerunt
890 5113 972 5163 se,
996 5100 1148 5154 oravi
1178 5100 1346 5157 Deum
1383 5113 1442 5159 ut
1471 5106 1604 5160 mihi
1633 5108 2009 5177 operationem

424 5198 618 5240 eorum
655 5188 943 5246 revelaret.
979 5190 1134 5250 Tunc
1170 5203 1420 5264 apertum
1449 5206 1535 5253 est
1568 5207 1801 5266 tectum,
1855 5208 2009 5255 orla-

426 5290 533 5343 :jne
560 5283 648 5332 est
684 5278 801 5342 lux,
834 5280 984 5337 velut
1036 5299 1133 5353 per
1162 5284 1330 5350 diem,
1365 5286 1468 5354 ipsi
1506 5297 1690 5344 autem
1744 5304 1855 5345 non
1886 5305 2006 5345 cer-

426 5366 629 5421 nebant
660 5367 857 5426 lucem.
893 5373 1030 5429 Cum
1063 5392 1191 5431 vero
1220 5378 1611 5437 existimarunt
1627 5381 1871 5437 dormire
1891 5398 2000 5444 me.

424 5453 601 5527 major
639 5457 846 5515 fodicat
874 5463 1109 5521 minoris
1139 5466 1303 5524 latus.
1343 5468 1722 5542 Consurgunt,
1773 5470 2003 5541 cingunt

494 5648 651 5737 ‘rlAl.
679 5650 906 5737 τιεέλυιξαΣ
930 5653 974 5685 ’⁸⁵
1008 5657 1495 5737 ΛΙκςὶνςιιβολίδιον.Δ
1551 5665 1595 5696 ⁸⁸
1627 5666 1705 5721 Al.
1741 5667 1984 5737 φεύγειν.

456 5669 651 5741 ‹.’ξ.⁸9·
679 5669 974 5741 ““"’.‘£:"
1008 5669 1495 5741 “'-.9""9‘.‘5°":‘5'-9"-.
1551 5669 1595 5696 ’⁵⁸
1627 5669 1713 5741 Αἷσα
1741 5669 1984 5741 φεύγειν·
2040 5740 2043 5741 ,
2104 5670 2147 5703 ⁸⁷
2177 5669 2260 5723 AL
2295 5670 2587 5741 μακρόθενο

423 5714 472 5751 ⁸³
504 5717 589 5773 Al.
615 5720 777 5774 iuser.
823 5721 1010 5795 ἄλλην.
1091 5728 1130 5758 ⁸⁸
1168 5732 1254 5785 Al.
1300 5714 1594 5806 ἐνῆμέρᾳ.
1627 5714 1716 5769 "5"

2127 5756 2229 5793 σιν.

2134 4551 2433 4620 ⁸Υπάγεις;
2472 4551 2612 4622 Ἐγὼ
2634 4553 2689 4607 δὲ
2718 4550 2871 4608 εἷπον
2895 4573 2908 4586 ·
2940 4557 3094 4627 Οὐχὶ,
3122 4559 3239 4612 ἀλλ’
3264 4553 3364 4613 ὧδε
3400 4560 3709 4632 κοιμῶμαι.

2122 4642 2232 4696 Kal
2259 4641 2465 4712 ἑθηκάν
2497 4660 2587 4713 μοι
2615 4643 2830 4713 ψιάθιον
2865 4645 3016 4719 παρὰ
3046 4648 3241 4721 μέρος,
3265 4650 3361 4704 καὶ
3391 4652 3607 4717 ἑαυτοῖς
3627 4655 3710 4717 εἰς

2119 4726 2217 4807 τὴν
2239 4735 2284 4767 ⁸ο
2308 4734 2511 4804 γωνίαν
2540 4737 2690 4808 παρὰ
2728 4738 2925 4810 μέρος·
2956 4740 3052 4794 καὶ
3084 4736 3225 4813 ἦραν
3252 4742 3351 4807 τὰς
3380 4742 3560 4808 ζώνας
3605 4746 3710 4800 αὐ-

2117 4825 2227 4882 τῶν
2260 4827 2511 4893 καὶτοὺς
2543 4829 2845 4895 άναλάδους
2866 4872 2882 4895 ,
2923 4832 3017 4886 καὶ
3053 4832 3258 4905 ἔθηκαν
3296 4836 3523 4901 ἑαυτοὺς
3566 4837 3708 4908 ὁμοῦ

2117 4918 2197 4981 εἰς
2221 4916 2281 4969 τὸ
2303 4916 2520 4986 quam.
2548 4919 2859 4993 ἔμπροσθέν
2882 4941 3006 4993 μου.
3039 4924 3127 4988 Ὦς
3142 4925 3197 4979 δὲ
3221 4925 3426 4998 ἔθηκαν
3450 4929 3706 4996 ἑαυτοὺς,

2117 5010 2371 5081 ηὐξάμην
2404 5010 2486 5082 τῷ
2513 5011 2663 5083 Θεῷ,
2693 5014 2782 5068 ἵνα
2813 5031 2903 5085 μοι
2942 5016 3270 5091 ἀποκαλύψῃ
3305 5018 3407 5089 τὴν
3438 5018 3708 5088 ἐργασίαν

2116 5101 2317 5155 αὑτῶν.
2355 5103 2463 5157 Kal
2501 5103 2747 5177 ἡνεῴχθη
2789 5107 2822 5176 ἠ
2867 5107 3032 5180 στέγη
3054 5150 3068 5174 ,
3102 5110 3194 5162 καὶ
3225 5109 3444 5178 ἐγένετο
3470 5110 3587 5180 φῶς
3627 5111 3708 5175 ὡς

2117 5194 2298 5265 ἡμέρα
2338 5195 2381 5226 ⁵³
2405 5211 2418 5225 ’
2465 5195 2621 5249 αὐτοὶ
2648 5196 2706 5249 δὲ
2744 5197 2846 5252 οὐκ
2875 5197 3143 5272 ἐθεώρουν
3183 5201 3243 5254 τὸ
3286 5200 3422 5270 φῶς.
3467 5203 3578 5255 Kal
3626 5200 3707 5265 ὡς

2114 5282 2362 5355 ἐνόμιζον
2395 5286 2475 5339 ὅτι
2521 5287 2824 5359 κοιμῶμαι,
2863 5289 3053 5344 νύσσει
3075 5294 3105 5346 6
3138 5293 3340 5363 μείζων
3380 5293 3472 5347 τὸν
3501 5292 3705 5365 μικρό-

2111 5395 2267 5449 τερον
2310 5380 2391 5443 εἰς
2422 5378 2522 5452 τὴν
2566 5379 2827 5453 πλευρὰν,
2862 5384 2957 5437 καὶ
2998 5385 3325 5456 ἐγείρονται,
3358 5387 3453 5441 καὶ
3491 5385 3701 5451 (om-

2112 5486 2195 5521 σιν
2225 5471 2271 5502 ⁸³
2304 5472 2551 5535 ἑαυτοὺς,
2589 5473 2682 5526 καὶ
2710 5473 3011 5529 ἐκτείνουσι
3039 5476 3138 5540 τὰς
3162 5480 3352 5549 χεῖρας
3383 5481 3460 5542 εἰς
3482 5479 3576 5532 τὸν
3603 5478 3703 5532 οὐ·

2667 5674 2712 5705 ⁵⁸
2737 5673 2821 5728 Al.
2850 5674 3089 5731 πλέκων.
3132 5678 3174 5710 δ’
3208 5679 3293 5732 ΑΙ.
3339 5681 3699 5755 μικρότερος.
