3982 6336
280 368 381 424 27⁸1

1409 365 2025 425 APOPHTHEGMATA
2076 363 2396 438 PA'TRUM.

3429 368 3535 425 278

272 478 455 551 ρανόν.
482 478 592 533 Καὶ
626 476 895 550 ἐθεώρουν
922 477 1147 543 αὐτούς’
1180 477 1333 535 αὐτοὶ
1367 481 1424 535 δέ
1453 481 1555 535 οὐκ
1584 480 1851 552 ἐθεώρουν

1968 493 2037 542 ιο,
2071 476 2387 551 cxpandunt
2409 489 2605 532 manus
2633 475 2690 530 in
2720 477 2943 533 caelum.
2976 477 3150 535 Porro
3179 493 3283 549 ego
3337 493 3536 538 cerne-

276 587 343 641 με
364 587 378 600 ³
410 570 506 623 καὶ
527 564 667 624 εἶδον
692 569 819 632 τοὺς
838 568 1100 641 δαίμονας
1121 571 1450 643 ἐρχομένους
1467 572 1655 643 ῶσπερ
1684 571 1851 643 μυίας

262 662 362 715 ἐπὶ
392 660 485 714 τὸν
518 660 870 732 μικρότερονο
902 660 996 714 καὶ
1022 662 1070 714 οί
1108 662 1209 731 μὲν
1237 663 1467 734 ἤρχοντο
1495 663 1719 718 καθίσαι
1768 664 1851 727 εἰς

270 753 330 806 τὸ
351 752 528 823 στόμα
553 749 742 815 αὑτοῦ,
775 751 825 804 οἱ
856 751 912 804 δὲ
936 753 1015 815 εἰς
1043 754 1169 816 τοὺς
1188 753 1498 824 ὀφθαλμοὺς
1524 755 1711 809 αὑτοῦ.
1740 755 1850 808 Καὶ

267 838 407 897 εἶδον
454 841 687 911 ἄγγελον
738 841 943 912 Κυρίου
987 843 1287 914 κατέχοντα
1338 846 1610 917 ῥομφαίαν
1658 846 1850 917 πυρὸς,

242 931 363 985 ικαὶ
394 928 872 1001 περιχαρακοῦντα
902 931 1065 983 αὐτὸν
1099 932 1193 985 καὶ
1220 932 1485 988 διώκοντα
1507 936 1633 997 τοὺς
1663 935 1853 1007 δαίμο-

266 1041 364 1087 νας
393 1020 693 1076 άπάὐτοῦ.
730 1021 821 1091 Τῷ
858 1021 914 1075 δὲ
949 1021 1247 1096 μειζοτέρῳ
1282 1026 1381 1080 ούκ
1408 1026 1658 1080 ἐδύναντο
1686 1044 1854 1097 προσ-

265 1115 511 1186 εγγίσαι.
550 1114 659 1167 Καὶ
695 1112 771 1178 ὡς
826 1113 956 1184 περὶ
989 1115 1089 1185 τὴν
1119 1116 1331 1186 πρωῒαν
1358 1116 1560 1188 ἔθηκαν
1590 1117 1817 1183 ἑαυτούς
1836 1132 1850 1148 ο

267 1206 425 1277 κάγὼ
472 1206 705 1277 ἐποίησα
762 1206 999 1276 ἐμαυτὸν
1049 1209 1131 1260 ὅτι
1171 1207 1513 1281 διῦπνίσθην,
1566 1210 1660 1264 καὶ
1702 1211 1855 1264 αὐτοὶ

266 1300 552 1363 ὡσαύτως.
584 1296 721 1353 Eine
748 1301 804 1354 δέ
832 1318 921 1372 μοι
951 1303 979 1354 6
1006 1300 1209 1372 μείζων
1241 1302 1332 1355 τὸν
1355 1302 1510 1372 λόγον
1543 1304 1728 1358 τοῦτον
1749 1304 1855 1376 ’μόσ

266 1410 359 1447 νον
380 1411 396 1425 ο
423 1392 612 1456 Θέλεις
646 1391 896 1464 βάλωμεν
941 1393 1068 1457 τοὺς
1113 1394 1323 1450 δώδεκα
1353 1396 1633 1468 ψαλμούς;
1666 1397 1851 1467 Λέγω·

268 1482 396 1540 Ναί.
431 1482 544 1536 Καὶ
596 1482 789 1553 ψάλλει
818 1485 846 1537 6
898 1484 1230 1557 μικρότερος
1263 1487 1423 1540 πέντε
1468 1487 1719 1559 ψαλμοὺς
1746 1488 1855 1542 ἀπὸ

268 1575 327 1642 ἐξ
368 1575 571 1646 στίχων
631 1576 727 1629 καὶ
768 1572 829 1626 ἓν
898 1575 1231 1647 ’Δλληλούῖα
1295 1581 1404 1635 Καὶ
1452 1581 1597 1635 κατὰ
1647 1582 1851 1653 στίχον,

270 1660 530 1731 ἐξήρχετο
557 1663 781 1736 λαμπὰς
811 1669 982 1742 πυρὸς
1006 1674 1069 1726 ἐκ
1106 1675 1198 1728 τοῦ
1234 1677 1499 1749 στόματος
1527 1680 1690 1734 αὐτοῦ
1709 1720 1725 1746 ,
1754 1682 1848 1737 καὶ

268 1751 552 1809 άνέὸαινεν
578 1756 658 1820 είς
676 1759 767 1813 τὸν
787 1760 1030 1832 οὐρανόν.
1058 1766 1330 1833 Ὡσαύτως
1355 1772 1448 1825 καὶ
1470 1773 1498 1824 6
1517 1771 1739 1842 μείζων,
1758 1776 1846 1829 ὅτε

268 1842 450 1937 ήνοιγε
473 1844 533 1898 τὸ
563 1848 737 1919 στόμα
757 1851 920 1906 αὑτοῦ
942 1854 1183 1924 ψάλλων,
1214 1859 1290 1925 ὡς
1315 1864 1547 1932 σχοινίον
1574 1864 1745 1935 πυρὸς
1770 1865 1846 1937 (8)

270 1936 553 2009 ἐξήρχετο,
584 1939 676 1991 καὶ
704 1938 933 2007 ἔφθανεν
960 1941 1066 2005 ἐως
1097 1943 1192 1996 τοῦ
1222 1943 1473 2015 οὐρανοῦ.
1507 1945 1680 2016 Κάγὼ
1702 1936 1853 2000 εἷπον

272 2027 468 2097 μικρὸν
507 2026 616 2080 άπὸ
653 2028 903 2099 στήθους.
951 2031 1063 2084 Καὶ
1105 2030 1357 2098 ἐξελθὼν,
1395 2032 1568 2102 λέγω*
1612 2034 1853 2099 Εύξασθε

272 2115 397 2187 περὶ
415 2114 465 2146 ⁸³
489 2114 646 2186 ἐμοῦ.
681 2117 846 2170 Αὐτοὶ
872 2118 928 2171 δὲ
959 2118 1149 2173 ἔϐαλον
1176 2121 1483 2191 μετάνοιαν,
1518 2124 1850 2189 σιωπῶντες.

273 2207 518 2279 Ἐμαθον
540 2204 633 2263 οὖν
657 2210 739 2263 ὅτι
768 2212 796 2264 6
823 2212 1028 2280 μείζων
1053 2213 1259 2277 τέλειός
1286 2215 1403 2268 ἐστι
1429 2233 1443 2247 ο
1476 2215 1553 2287 τῷ
1578 2217 1633 2270 δὲ
1660 2236 1853 2291 μικρο-

270 2296 411 2370 τέρῳ
460 2300 646 2373 ἀκμήν
695 2302 949 2376 ἐπολέμει
988 2307 1016 2359 6
1069 2305 1285 2378 ἐχθρός.
1344 2308 1503 2362 Μετὰ
1547 2309 1602 2362 δέ
1651 2311 1854 2383 μικρὰς

271 2389 489 2459 ἡμέρας
512 2429 528 2455 ,
569 2391 836 2463 ἐκοιμήθη
881 2394 910 2445 6
941 2394 1141 2465 μείζων
1179 2396 1429 2466 ἁδελφὸς,
1463 2400 1557 2453 καὶ
1586 2404 1650 2473 τῇ
1693 2402 1855 2477 τρίτῃ

269 2478 455 2551 ἡμέρᾳ
492 2482 522 2533 6
565 2482 908 2556 μικρότερος.
963 2487 1072 2540 Καὶ
1104 2488 1192 2542 ὅτε
1235 2490 1542 2561 παρέϐαλόν
1570 2511 1714 2559 τινες
1746 2496 1854 2550 τῶν

271 2572 530 2644 Πατέρων
560 2574 698 2644 πρὸς
730 2576 822 2629 τὸν
864 2577 1038 2632 άὸὁᾶν
1068 2582 1370 2653 Μακάριον,
1418 2584 1721 2656 ἐλάμϐανεν
1753 2589 1852 2640 αὐ-

270 2665 395 2728 τοὺς
420 2666 502 2729 είς
537 2666 638 2738 τὴν
681 2666 878 2722 κέλλαν
911 2671 1113 2738 αὐτῶν,
1154 2674 1355 2745 λέγων’
1388 2678 1552 2732 Δεῦτε
1574 2719 1589 2745 ,
1623 2679 1761 2733 ἴδετε
1792 2680 1854 2735 τδ

273 2756 576 2829 μαρτύριον
604 2758 714 2813 τῶν
747 2762 961 2834 μικρῶν
990 2764 1179 2831 ξένων.

338 3022 434 3077 λδθ.
481 3023 834 3081 ’Ᾱπέστειλάν
860 3046 987 3082 ποτε
1014 3028 1148 3101 πρὸς
1175 3031 1264 3084 τὸν
1290 3031 1464 3086 άϐὅᾶν
1487 3034 1770 3106 Μακάριον
1795 3038 1851 3088 ἐν

273 3114 338 3184 τῇ
360 3115 567 3185 Σκήτει
593 3119 642 3170 οἱ
668 3117 922 3190 γέροντες
944 3120 1037 3175 τοῦ
1064 3122 1251 3194 ὅρους,
1281 3125 1727 3196 παρακαλοῦντες
1753 3128 1852 3181 αὑ-

1956 568 2080 624 bam
2109 583 2236 630 eos:
2269 568 2373 639 ipsi
2408 582 2518 622 non
2553 566 2812 623 videbant
2844 583 2951 624 me.
2984 568 3063 624 Ad
3118 570 3235 626 base
3282 570 3392 627 vidi
3422 572 3529 628 dae—

1954 677 2144 717 mones
2178 661 2354 717 instar
2380 674 2698 716 muscarum
2727 660 3014 716 venientes
3054 677 3219 732 super
3242 663 3535 735 minorem,

1954 767 2189 824 quorum
2240 752 2333 806 alii
2369 751 2705 807 accedebant
2742 759 2801 806 ut
2838 751 3093 808 sederent
3150 754 3204 808 in
3252 770 3350 809 ore
3392 755 3536 827 ejus,

1954 844 2046 898 alii
2080 844 2135 897 in
2164 843 2360 899 oculis.
2394 841 2569 897 Simul
2594 843 2856 913 conspexi
2891 843 3141 914 angelum
3175 844 3391 900 Domini
3412 862 3535 902 cum

1953 933 2134 1003 gladio
2172 932 2316 1001 ignis
2347 924 2459 1002 pra:
2503 932 2785 997 manibus,
2841 931 3351 989 cireumvallantem
3387 950 3538 1003 eum,

1955 1023 2342 1094 dmmonesque
2394 1024 2463 1078 ab
2496 1038 2562 1078 eo
2615 1023 3038 1094 propellentem.
3078 1028 3149 1078 At
3184 1025 3379 1095 majori
3424 1043 3535 1082 non

1956 1126 2207 1187 poterant
2274 1116 2735 1187 appropinquare.
2805 1114 2965 1172 Circa
3018 1119 3349 1171 matutinum
3410 1134 3541 1173 vero

1957 1218 2193 1279 tempus,
2227 1209 2628 1264 recubuerunt:
2664 1222 2765 1278 ego
2809 1207 3135 1272 assimilavi,
3179 1224 3266 1264 me
3292 1224 3420 1264 mox
3444 1225 3537 1264 ex-

1957 1298 2356 1371 pergefactum;
2416 1300 2633 1371 ipsique
2689 1299 2962 1355 similiter.
3014 1297 3129 1353 Hoc
3174 1306 3357 1354 autem
3401 1300 3544 1356 dun-

1958 1397 2106 1445 taxat
2135 1390 2269 1444 mihi
2304 1391 2555 1446 elocutus
2578 1398 2662 1447 est
2689 1390 2918 1445 verbum
2950 1389 3166 1460 major:
3208 1388 3303 1446 Vis
3346 1393 3542 1449 recite-

1957 1496 2081 1536 mus
2138 1480 2425 1536 duodecim
2484 1481 2761 1552 psalmos?
2808 1480 3038 1552 Excipio
3086 1499 3097 1534 :
3142 1480 3339 1536 Etiam.
3401 1480 3540 1543 Tum

1957 1571 2141 1642 psallit
2164 1572 2340 1627 minor
2370 1573 2615 1643 quinque
2667 1574 2932 1643 psalmos,
2963 1588 2992 1627 a
3034 1589 3127 1628 sex
3161 1573 3435 1639 versibus,
3488 1586 3545 1629 et

1959 1679 2125 1717 unum
2182 1663 2435 1719 Alleluia.
2483 1662 2662 1735 Atque
2691 1665 2757 1719 ad
2810 1680 3262 1735 unumquemque
3300 1681 3542 1729 versum.

1957 1754 2141 1808 exibat
2182 1755 2329 1824 ignis
2373 1757 2583 1826 lampas
2615 1772 2681 1811 cx
2724 1771 2820 1811 ore
2849 1756 2973 1826 ejus
3006 1758 3449 1827 ascendebatque
3487 1758 3542 1812 in

1960 1846 2183 1899 cmluin.
2212 1844 2336 1899 Pari
2370 1846 2533 1901 modo
2565 1847 2729 1902 etiam
2762 1849 2961 1919 major,
2996 1849 3222 1919 quando
3262 1848 3545 1919 aperiebat

1960 1951 2022 1991 os
2083 1935 2138 1989 in
2169 1936 2475 2006 psallendo,
2507 1946 2769 2008 tanquam
2803 1938 3084 1995 funiculus
3109 1940 3253 2009 ignis
3297 1939 3544 2011 egredie-

1961 2026 2142 2093 batur,
2178 2034 2233 2083 et
2263 2028 2611 2100 pertingebat
2646 2045 2822 2101 usque
2864 2031 2917 2084 in
2955 2030 3178 2085 caelum.
3224 2028 3400 2084 Etiam
3441 2045 3544 2101 ego

1963 2132 2258 2190 parumper
2308 2136 2374 2175 ex
2423 2128 2647 2190 pectore
2698 2136 2761 2176 ac
2811 2123 3073 2176 memoria
3131 2121 3378 2178 recitavi.
3411 2120 3545 2177 Post
3643 2122 3653 2133 '

1960 2212 2108 2282 quod
2147 2212 2363 2281 exiens,
2399 2212 2512 2267 dixi
2547 2231 2559 2267 :
2604 2212 2769 2268 Orate
2808 2227 2907 2282 pro
2944 2228 3049 2268 me.
3087 2211 3196 2283 lpsi
3233 2221 3416 2267 autem
3460 2212 3545 2266 in-

1962 2303 2308 2359 clinaverunt
2333 2320 2414 2370 se,
2447 2312 2713 2360 tacentes.
2747 2304 3000 2375 Comperi
3036 2320 3167 2377 ergo
3195 2304 3342 2375 quod
3369 2304 3546 2376 major

1960 2392 2237 2463 perfectus
2263 2404 2426 2461 esset,
2466 2396 2733 2450 minorem
2766 2394 2946 2450 adhuc
2983 2395 3326 2467 impugnaret
3359 2395 3545 2450 inimi-

1961 2502 2084 2543 cus.
2135 2488 2405 2543 Caeterum
2460 2496 2585 2560 post
2640 2500 2847 2558 paucos
2879 2485 3019 2552 dies,
3061 2488 3256 2544 mortis
3291 2503 3543 2544 somnum

1960 2580 2298 2635 obdormivit
2333 2580 2509 2649 major
2532 2580 2721 2645 frater,
2757 2594 2820 2635 ac
2855 2580 3010 2636 tertia
3038 2580 3164 2635 dein
3198 2579 3289 2635 die
3334 2579 3542 2635 minor.

1960 2665 2208 2737 Cumque
2241 2682 2272 2723 e
2296 2666 2556 2725 Patribus
2593 2669 3106 2724 nonnulliadirent
3140 2668 3396 2725 abbatem
3437 2667 3547 2723 Ila.

1960 2759 2192 2825 carium,
2234 2758 2465 2813 ducebat
2509 2774 2605 2814 eos
2641 2760 2694 2813 in
2745 2759 2982 2814 istorum
3035 2760 3249 2824 cellam,
3298 2774 3423 2815 cum
3458 2761 3541 2814 his

1960 2850 2182 2907 verbis:
2222 2847 2439 2915 Venite,
2483 2848 2665 2906 videte
2709 2852 3033 2921 martyrium
3064 2851 3341 2905 minorum
3387 2866 3543 2920 pereo

1958 2946 2262 3012 grinorum.
3489 2927 3499 2936 ’

2030 3032 2205 3103 54.(9)
2241 3031 2513 3089 Miserunt
2538 3034 2834 3104 aliquando
2859 3032 2927 3087 ad
2963 3032 3214 3087 abbatem
3248 3030 3545 3087 Macarium

1963 3125 2017 3178 in
2049 3122 2196 3178 Sceti
2223 3126 2614 3181 consistentem
2649 3140 2811 3181 senes
2860 3123 3086 3189 montis,
3123 3131 3346 3179 orantes
3381 3139 3505 3178 eum
3528 3164 3545 3187 ,

272 3206 395 3259 τόν
441 3205 535 3260 καί
582 3225 718 3277 φασι
758 3211 895 3282 πρὸς
937 3213 1132 3267 αὐτόν·
1175 3215 1297 3268 Ἵνα
1347 3216 1421 3288 μὴ
1456 3217 1626 3289 σκυλῇ
1675 3220 1783 3284 πᾶς
1827 3221 1853 3273 6

1968 3222 2016 3269 et
2041 3213 2234 3268 aiunt:
2270 3214 2347 3270 Nc
2367 3216 2624 3272 universa
2656 3215 2950 3270 multitudo
2977 3214 3045 3270 ad
3086 3223 3139 3271 te
3164 3213 3441 3269 veniendo
3470 3214 3550 3270 fa-

271 3295 396 3361 λαὸς
420 3298 557 3369 πρὸς
584 3301 662 3363 σὲ,
697 3300 956 3374 ἀξιοῦμέν
983 3322 1044 3358 σε
1072 3306 1480 3379 παραγενέσθαι
1513 3310 1650 3381 πρὸς
1682 3313 1852 3382 ἡμᾶς,

272 3388 419 3454 ὅπως
449 3389 772 3462 θεασώμεθα
802 3394 908 3466 πρὸ
932 3395 1026 3449 τοῦ
1057 3414 1115 3450 σε
1139 3398 1448 3470 ἐκδημῆσαι
1465 3400 1603 3473 πρὸς
1625 3402 1852 3474 Κύριον.

275 3481 725 3553 Παραγενομένου
769 3483 826 3538 δέ
858 3486 1023 3540 αὐτοῦ
1050 3489 1107 3541 ἐν
1135 3488 1214 3559 τῷ
1243 3489 1379 3561 ὄρει,
1413 3492 1653 3565 συνήχθη
1690 3496 1798 3559 πᾶς
1830 3498 1858 3550 6

274 3571 398 3636 λαὸς
438 3574 577 3645 πρὸς
602 3576 787 3630 αὐτόν.
817 3577 927 3631 Καὶ
957 3580 1295 3650 παρεκάλουν
1326 3583 1489 3637 αὐτὸν
1523 3586 1572 3638 οί
1604 3584 1858 3657 γέροντες

277 3663 448 3717 εἰπεῖν
470 3665 630 3734 λόγον
655 3670 766 3732 τοῖς
795 3669 1061 3740 ἀδελφοῖς.
1105 3671 1162 3725 ’0
1183 3672 1239 3725 δέ
1263 3673 1501 3739 ἀκούσας
1522 3676 1624 3747 ἔφη
1645 3694 1657 3706 ·
1686 3679 1860 3733 Κλαύ-

279 3770 482 3826 σωμεν,
514 3756 755 3828 ἀδελφοὶ,
817 3761 913 3813 καὶ
964 3764 1429 3833 καταγαγέτωσαν
1482 3768 1530 3820 οί
1586 3768 1859 3843 ὀφθαλμοὶ

277 3849 433 3920 ήμῶν
455 3850 684 3923 δάκρυα,
710 3852 818 3922 πρὸ
836 3852 931 3906 τοῦ
963 3854 1109 3925 ἡμᾶς
1137 3856 1416 3924 ἀπελθεῖν,
1441 3859 1577 3912 ὅπου
1609 3860 1677 3914 τὰ
1701 3864 1733 3933 ή
1743 3863 1857 3934 μῶν

275 3939 485 4012 δάκρυα
518 3943 855 3997 κατακαύσει
884 3943 954 3998 τὰ
981 3944 1208 4016 σώματα
1241 3949 1419 4018 ήμῶν.
1451 3952 1557 4004 Kal.
1591 3951 1857 4008 ἔκλαυσαν

282 4034 488 4097 πάντες
507 4073 522 4097 ,
554 4034 648 4087 καὶ
675 4036 869 4088 ἔπεσον
903 4037 995 4090 ἐπὶ
1015 4038 1303 4110 πρόσωπον
1325 4042 1522 4108 αὐτῶν,
1547 4045 1641 4098 καὶ⁸
1673 4041 1824 4099 εἷπον
1840 4062 1853 4073 ’

280 4126 480 4199 Πάτερ,
504 4122 657 4193 εὖξαι
672 4128 810 4200 ὑπὲρ
834 4129 1013 4200 ήμῶν.

342 4218 439 4271 λε’.
480 4218 705 4273 ’Δλλοτε
743 4220 932 4285 πάλιν,
966 4221 1176 4292 δαίμων
1206 4224 1411 4298 ἐπέστη
1448 4226 1528 4299 τῷ
1564 4228 1708 4301 άὸὄᾷ
1741 4230 1860 4284 Μα·

278 4307 455 4380 καρίῳ
491 4309 630 4379 μετὰ
664 4311 972 4382 μαχαιρίου.
997 4311 1164 4367 θέλων
1191 4314 1281 4368 τὸν
1302 4317 1438 4371 πόδα
1467 4318 1630 4373 αὐτοῦ
1661 4319 1858 4388 κόψαι·

280 4397 373 4451 καὶ
399 4398 489 4453 διὰ
515 4399 617 4471 τήν
644 4406 1141 4478 ταπεινοφροσύνην
1171 4409 1336 4463 αὐτοῦ
1365 4410 1440 4483 μὴ
1470 4411 1744 4483 δυνηθεὶς,
1771 4412 1862 4466 λέ-

281 4505 362 4557 γει
407 4490 589 4562 αὐτῷ’
630 4492 769 4546 Ὅσα
803 4493 986 4565 έχετε,
1036 4499 1128 4552 καί⁸
1168 4501 1330 4571 ἡμεῖς
1364 4501 1588 4574 ἔχομεν’
1626 4503 1766 4577 μόνῃ
1793 4508 1859 4577 τῇ
1895 4525 1941 4581 ι)

280 4584 745 4658 ταπεινοφροσύνῃ
776 4586 1062 4661 διαφέρετε
1096 4592 1274 4663 ήμῶν,
1305 4595 1400 4648 καὶ
1421 4599 1698 4667 κρατεῖτε.

347 4756 457 4825 λς’.
492 4755 665 4813 Εἶπεν
707 4763 737 4814 6
779 4760 955 4827 άϐϐἄς
990 4764 1309 4837 Μακάριος·
1366 4766 1491 4821 Ἐὰν
1533 4768 1863 4841 μνησθῶμεν

280 4853 387 4906 τῶν
421 4852 530 4906 ὑπὸ
569 4853 680 4907 τῶν
726 4852 1033 4927 ἀνθρώπων
1073 4857 1430 4928 ἐπαγομένων
1469 4860 1602 4931 ἡμῖν
1647 4862 1856 4930 κακῶν,

284 4943 614 5015 άναιροῦμεν
640 4944 739 5017 τήν
767 4944 999 5017 δύναμιν
1023 4948 1123 5019 τῆς
1150 4947 1244 5002 τοῦ
1279 4949 1415 5002 Θεοῦ
1446 4952 1689 5024 μνήμης.
1736 4954 1861 5009 Ἐὰν

281 5036 339 5089 δέ
389 5038 719 5110 μνησθῶμεν
760 5038 869 5093 τῶν
913 5040 1103 5096 κακῶν
1148 5041 1255 5096 τῶν
1290 5041 1581 5115 δαιμόνων,
1623 5044 1863 5116 ἐσόμεθα

284 5130 533 5202 ἄτρωτοι.

350 5221 447 5287 λζ’.
481 5220 651 5280 Εἶπεν
667 5225 697 5278 6
723 5225 897 5292 άϐὅᾶς
922 5226 1258 5296 Παφνούτιος
1280 5229 1308 5281 6
1335 5228 1582 5301 μαθητής
1600 5228 1695 5282 τοῦ
1720 5229 1865 5286 άὸϐἄ

283 5312 592 5388 Μακαρῖου,
631 5319 714 5373 ὅτι
750 5319 934 5388 ἔλεγεν
973 5321 1000 5373 6
1035 5319 1213 5392 γέρων
1248 5320 1350 5385 ὅτι,
1390 5321 1521 5375 Ὅτε
1549 5321 1700 5393 ήμην
1738 5340 1864 5377 παι-

359 5472 404 5506 η
428 5474 516 5530 Al.
553 5477 721 5549 ὑπέρ.

353 5632 429 5707 (β)
458 5634 744 5707 {xyw-lor
779 5635 986 5704 πυρός.
1026 5633 1716 5707 Funiculusiqnisﬂuﬁno.
1739 5614 1871 5692 Pro-

297 5703 419 5758 inde
447 5701 513 5757 ad
539 5701 770 5759 Joannis
809 5701 1115 5762 versionem
1152 5706 1208 5761 in
1245 5701 1437 5765 iisdem
1480 5706 1614 5761 Vitis
1642 5706 1869 5760 Patrum

294 5774 464 5841 fumus
497 5774 738 5845 irrepsit,
776 5792 838 5831 ex
865 5775 1272 5833 abbreviatione
1322 5778 1473 5834 vocis
1504 5777 1790 5848 funiculus.

1963 3305 2191 3376 ligetur,
2230 3320 2523 3376 precamur
2570 3313 2630 3361 ut
2679 3306 2915 3362 accedas
2947 3306 3014 3362 ad
3062 3321 3185 3371 nos,
3222 3320 3335 3377 quo
3361 3306 3547 3364 videa-

1965 3413 2090 3454 mus
2111 3407 2408 3470 antequam
2443 3400 2678 3471 emigres
2704 3400 2769 3455 ad
2804 3399 3116 3455 Dominum.
3148 3398 3253 3466 Qui
3292 3399 3361 3454 ad
3381 3414 3549 3457 mon-

1967 3498 2074 3544 tem
2118 3504 2246 3545 cum
2272 3490 2566 3556 adfuisset,
2599 3499 2929 3563 congregata
2965 3498 3048 3547 est
3081 3492 3262 3547 omnis
3308 3493 3550 3548 multitu-

1965 3581 2036 3636 do
2063 3580 2209 3636 circa
2236 3596 2385 3637 eum.
2421 3582 2594 3639 Senes
2618 3597 2748 3638 vero
2781 3589 3133 3654 rogaverunt,
3164 3590 3222 3636 ut
3250 3586 3318 3637 ad
3352 3583 3548 3641 fratres

1966 3673 2190 3729 haberet
2219 3689 2551 3752 sermonem.
2578 3674 2671 3731 ille
2696 3673 2882 3730 audita
2913 3677 3218 3747 rogatione,
3237 3673 3545 3738 Ploremus,

1968 3764 2166 3834 inquit,
2195 3765 2414 3834 fratres,
2464 3773 2518 3821 et
2547 3767 2694 3822 oculi
2748 3766 2925 3821 nostri
2991 3766 3325 3835 profundant
3365 3767 3544 3840 lacry-

1966 3872 2106 3921 mas,
2139 3866 2428 3927 antequam
2477 3872 2544 3913 eo
2577 3858 2860 3925 abeamus,
2915 3858 3009 3912 ubi
3058 3857 3314 3928 lacryma:
3345 3865 3548 3913 nostra:

1965 3950 2335 4005 combustum
2365 3957 2494 4005 sunt
2525 3964 2753 4019 corpora
2809 3956 3020 4004 nostra.
3081 3946 3147 4001 Et
3197 3948 3548 4017 ploraverunt

1967 4042 2174 4109 cuncti,
2208 4041 2639 4110 cecideruntque
2669 4057 2836 4112 super
2868 4041 3060 4096 faciem
3109 4055 3288 4104 suam,
3332 4054 3545 4096 necnon

1967 4131 2261 4187 dixerunt:
2289 4131 2472 4196 Pater,
2503 4148 2599 4187 ora
2627 4146 2725 4201 pro
2755 4131 2937 4186 nobis.

2037 4222 2126 4277 55.
2158 4223 2276 4276 Alia
2306 4222 2504 4277 iterum
2536 4221 2656 4277 vice
2699 4222 2912 4277 dremon
2947 4221 3252 4277 insurrexit
3284 4220 3549 4279 adversus

1968 4312 2220 4368 abbatem
2276 4311 2574 4367 Macarium
2618 4326 2744 4367 cum
2792 4311 3052 4384 gladiolo,
3114 4311 3302 4369 volens
3358 4311 3548 4385 pedem

1968 4402 2089 4474 ejus
2113 4412 2433 4474 amputare;
2471 4403 2566 4460 sed
2588 4419 2714 4458 cum
2736 4414 2960 4475 propter
2983 4404 3343 4459 humilitatem
3374 4403 3555 4476 ipsius

1968 4509 2078 4551 non
2105 4502 2311 4566 posset,
2351 4493 2489 4550 dixit
2520 4495 2606 4552 ei:
2639 4492 2992 4567 Quaecunque
3026 4495 3240 4551 habetis
3284 4494 3552 4550 habemus

1968 4587 2135 4640 etiam
2167 4600 2299 4654 nos;
2326 4588 2444 4643 sola
2476 4586 2783 4642 humilitate
2812 4601 2842 4640 a
2878 4586 3037 4643 nobis
3059 4585 3310 4651 differtis,
3347 4594 3401 4641 et
3422 4601 3556 4657 pra:-

1968 4680 2182 4735 valetis.

2037 4772 2123 4825 36.
2153 4771 2262 4844 (ιο)
2284 4771 2424 4826 Dixit
2442 4771 2614 4826 abbas
2632 4769 2781 4825 Maca
2791 4769 2937 4823 rius:
2963 4768 3019 4822 Si
3039 4767 3426 4824 retinuerimus
3444 4783 3557 4824 me-

1972 4863 2202 4919 moriam
2259 4865 2528 4919 malorum
2579 4878 2701 4934 qum
2730 4861 2892 4917 nobis
2931 4859 3245 4915 inferuntur
3271 4861 3337 4915 ab
3376 4860 3556 4915 homi-

1970 4956 2158 5022 nibus,
2195 4957 2480 5012 abolemus
2518 4955 2627 5010 vim
2678 4951 3076 5008 recordationis
3127 4950 3258 5019 Dei;
3314 4951 3461 5023 quod
3509 4953 3556 5009 si

1970 5048 2245 5103 recordati
2306 5048 2574 5104 fuerimus
2640 5046 2910 5101 malorum
2966 5059 3089 5115 qua:
3137 5059 3234 5116 per
3274 5043 3553 5099 dmmoncs

1972 5139 2316 5209 contingunt,
2350 5141 2558 5195 erimus
2587 5137 2939 5193 invulnerati.

2048 5233 2135 5287 57.
2173 5231 2379 5289 Retulit
2412 5231 2582 5287 abbas
2609 5229 2976 5300 Paphnutius,
3011 5226 3319 5298 discipulus
3341 5225 3558 5280 abbatis

1975 5323 2217 5389 Macarii,
2250 5323 2416 5380 verba
2449 5323 2598 5379 senis
2622 5336 2634 5377 :
2658 5320 2886 5389 Quando
2908 5333 3060 5374 eram
3091 5333 3247 5390 puer,
3281 5331 3404 5374 cum
3433 5315 3561 5371 aliis

2050 5637 2127 5706 (9)
2166 5633 2275 5706 Vit.
2306 5634 2462 5706 Patr.
2492 5634 2573 5699 ni,
2611 5636 2667 5690 9.

2052 5700 2164 5777 (l0)
2207 5705 2313 5778 Vit.
2348 5705 2505 5761 Patr.
2532 5721 2587 5774 x,
2616 5704 2714 5762 54.
2742 5702 2804 5760 L.
2844 5700 3123 5759 Socratem
3154 5716 3226 5768 Iv,
3256 5701 3349 5759 25.
