3982 6336
413 232 523 289 279
586 189 594 197 ’

1563 234 1912 292 APPENDIX
1949 236 2040 292 AD
2070 238 2485 299 PALLADIUDL

3575 246 3692 305 280

409 349 596 427 pueris
650 345 942 419 pascebam
993 345 1262 415 buculas;
1323 354 1377 401 et
1427 360 1793 420 perrexerunt
1845 352 1995 409 fura-

2100 358 2229 421 δίον.
2280 361 2417 433 μετὰ
2453 360 2562 414 τῶν
2591 359 2766 416 ἄλλων
2799 360 3025 415 παιδίων
3058 360 3283 443 ἔϐοσκον
3333 361 3539 428 βοΐδιασ
3583 366 3686 421 καὶ

410 458 526 502 tum
561 442 724 498 licus.
777 439 1028 510 Dumque
1062 447 1319 505 currunt,
1353 455 1460 494 una
1520 457 1587 497 ex
1644 443 1713 498 iis
1759 444 1991 500 cecidit:

409 552 574 610 quam
605 535 807 591 tollens
858 532 1095 589 comedi.
1129 531 1359 600 Quoties
1411 548 1544 606 ergo
1588 534 1709 605 ejus
1742 536 1823 591 rei
1852 536 1997 592 redit

407 629 690 693 memoria,
715 627 939 699 plorans
968 626 1152 682 sedeo.

479 722 572 780 38.
612 722 726 794 (ll)
754 720 1008 775 Narravit
1035 720 1206 774 abbas
1240 718 1546 775 Macarius:
1576 719 1685 777 lter
1710 734 1875 792 agens
1897 719 1992 775 ali-

411 813 637 888 quando
668 829 767 884 per
798 826 1070 877 eremnm,
1108 811 1290 867 inveni
1327 812 1624 867 calvariam
1670 813 1874 868 mortui
1926 811 1993 866 ad

408 909 587 965 solum
611 906 918 977 iacentem;
948 919 1113 974 quam
1145 917 1269 959 cum
1294 903 1506 976 palmeo
1528 904 1726 960 baculo
1750 902 1997 975 quassis-

407 1014 545 1065 sem,
582 998 766 1054 locuta
789 996 924 1052 mihi
955 1002 1041 1052 est
1076 996 1336 1051 calvaria.
1365 994 1497 1051 Dico
1521 997 1570 1053 ei
1603 995 1716 1052 :Tu
1748 996 1874 1067 quis
1903 997 1997 1052 es?

410 1089 713 1161 Respondit
738 1088 873 1144 mihi
901 1087 1138 1145 calvaria
1168 1104 1184 1143 :
1219 1086 1332 1161 Ego
1363 1103 1513 1145 eram
1549 1088 1797 1161 pontifex
1822 1088 1997 1146 idolo-

410 1195 531 1236 rum
547 1194 850 1251 eorumque
878 1180 1162 1251 gentilium
1185 1180 1279 1251 qui
1306 1180 1411 1236 hoc
1442 1181 1563 1236 loco
1593 1182 1991 1250 morabantur;

410 1283 469 1330 tu
498 1288 631 1330 vero
662 1288 724 1330 es
779 1271 1055 1329 Macarius
1101 1273 1195 1343 qui
1230 1271 1498 1343 Spiritum
1543 1273 1639 1330 Dei
1674 1273 1818 1331 fers:
1860 1290 1995 1348 qua-

409 1379 629 1436 cunque
683 1363 819 1419 liora
858 1370 1169 1420 commotus
1211 1362 1383 1420 fueris
1434 1364 1820 1420 misericordia
1866 1380 1995 1436 erga

409 1472 508 1513 eos
528 1456 625 1528 qui
649 1455 704 1510 in
726 1456 1019 1512 tormentis
1039 1462 1352 1520 versantur,
1379 1463 1432 1510 et
1461 1455 1708 1512 oraveris
1731 1470 1830 1526 pro
1860 1457 1994 1524 illis,

410 1550 670 1622 exiguum
711 1549 959 1607 sentiunt
1001 1547 1283 1604 solatium.
1324 1546 1418 1601 Ait
1460 1562 1665 1603 senex:
1707 1546 1992 1613 Quodnam

410 1650 496 1699 est
530 1641 810 1707 solatium,
839 1648 895 1695 et
949 1639 1227 1711 quodnam
1278 1640 1645 1695 tormentum?
1692 1638 1991 1706 Quantum,

409 1731 611 1803 inquit,
652 1746 682 1786 a
732 1739 879 1787 terra
910 1730 1079 1786 distat
1110 1730 1334 1796 cmlum,
1366 1737 1584 1785 tantum
1619 1737 1702 1786 est
1730 1731 1870 1802 ignis
1920 1730 1999 1787 in-

409 1820 495 1878 fra
525 1838 646 1887 nos,
672 1837 703 1877 a
729 1820 960 1892 pedibus
990 1821 1056 1875 ad
1099 1827 1264 1890 caput
1299 1820 1579 1877 stantibus
1608 1821 1769 1876 nobis
1799 1822 1856 1875 in
1886 1837 2000 1877 me-

410 1914 504 1970 dio
537 1913 713 1986 ignis;
769 1927 873 1968 nec
911 1912 1042 1967 licet
1072 1910 1215 1966 facie
1246 1910 1317 1965 ad
1353 1910 1553 1966 faciem
1588 1910 1775 1967 videre
1807 1927 1999 1982 quem-

296 2060 302 2067 _
408 2021 604 2077 quam;
629 2003 725 2061 sed
755 2002 1027 2074 cujusque
1059 2001 1230 2058 facies
1260 2003 1427 2057 dorso
1476 2002 1706 2058 alterius
1735 2002 1995 2058 adhaeret.

408 2096 643 2166 Quando
673 2094 842 2168 igitur
888 2109 1017 2150 oras
1046 2109 1147 2165 pro
1182 2093 1368 2158 nobis,
1395 2108 1541 2150 unus
1570 2109 1639 2149 ex
1680 2101 1835 2164 parte
1871 2109 1995 2165 spe-

409 2193 522 2243 ctat
553 2184 749 2240 faciem
777 2183 1025 2239 alterius.
1060 2180 1177 2238 Hoc
1204 2187 1291 2237 est
1322 2180 1601 2236 solatium.
1642 2179 1709 2234 Et
1743 2178 1880 2234 nens
1910 2193 1998 2235 se-

412 2291 537 2341 nex,
566 2274 736 2331 dixit:
769 2272 861 2330 Va:
884 2272 990 2329 diei
1019 2273 1074 2328 in
1106 2287 1215 2344 qua
1246 2281 1407 2330 natus
1434 2279 1519 2328 est
1541 2271 1730 2328 homo!
1751 2271 1997 2326 Addidit:

420 2366 589 2424 Estne
638 2366 786 2423 aliud
819 2365 1044 2439 gravius
1076 2364 1440 2436 supplicium?
1463 2362 1671 2420 Retulit
1714 2363 1993 2417 cranimn:

409 2460 586 2532 Major
607 2474 769 2531 plena
798 2466 884 2515 est
920 2457 1108 2515 subter
1130 2473 1256 2514 nos.
1290 2454 1431 2513 Tum
1453 2470 1659 2513 senex:
1686 2454 1753 2510 Et
1771 2453 1997 2526 quinam

410 2553 527 2608 illic
560 2551 806 2623 degunt?
836 2550 1096 2620 Excepit:
1125 2548 1260 2614 Nos,
1288 2557 1478 2620 utpote
1506 2548 1601 2619 qui
1625 2546 1997 2624 ignoravimus

411 2643 606 2711 Deum,
669 2643 886 2698 modice
934 2640 1372 2697 misericordiam
1416 2639 1811 2713 consequimur
1829 2619 1994 2708 {Aqui

411 2750 545 2793 vero
579 2741 964 2806 cognoverunt
996 2733 1190 2798 Deum,
1221 2740 1277 2790 et
1305 2739 1645 2802 negaverunt
1687 2745 1836 2797 eum,
1865 2728 1998 2785 sub-

408 2833 500 2881 tus
534 2839 638 2879 uos
666 2832 817 2882 sunt.
848 2822 1006 2881 Tunc
1028 2838 1198 2881 senex
1225 2822 1523 2880 calvariam
1550 2837 1794 2883 sumens,
1827 2820 1996 2876 homo

408 2915 710 2974 mandavit.

2100 452 2341 524 ἀπῆλθον
2370 452 2565 523 κλέψαι
2607 452 2842 508 συκίδια.
2886 454 2998 507 Kal
3034 452 3111 516 ὡς
3148 460 3456 524 τρέχουσιν,
3486 456 3689 512 ἔπεσεν

2097 544 2156 599 ἒν
2184 545 2244 610 ἐξ
2269 545 2448 598 αὐτῶν
2468 563 2481 577 ο
2505 546 2597 598 καὶ
2620 544 2798 598 λαϐὼν
2817 544 3020 614 ἔφαγον
3045 544 3177 599 αΰτό
3198 547 3330 599 ’.καὶ
3356 547 3449 602 ὅτε
3473 566 3691 620 μνημο-

2096 634 2273 689 νεύσω
2305 636 2490 704 αὐτοῦ,
2526 636 2771 709 κάθημαι
2795 635 3019 694 κλαίων.

2168 727 2272 798 λη’.
2310 723 2480 782 Εἶπεν
2502 730 2531 782 6
2556 728 2732 793 άὸϐἄς
2759 728 3043 800 Μακάριος
3069 728 3174 792 ὃτι,
3198 728 3527 799 Περιπατῶν
3549 746 3689 783 ποτε

2098 819 2177 881 είς
2209 818 2309 889 τὴν
2338 817 2566 891 ἔρημον,
2603 813 2759 891 εὖρον
2798 819 3020 890 κρανίον
3059 819 3141 882 είς
3180 817 3240 872 τὸ
3270 818 3464 886 ἔδαφος
3486 819 3688 891 νεκροῦ

2096 911 2461 984 ἐρριμμένονσ
2506 911 2601 965 καὶ
2643 910 2911 974 σαλεύσας
2954 909 3088 965 αὐτὸ
3142 912 3210 981 τῇ
3261 908 3421 983 βαῖνῃ
3475 910 3685 983 ῥάϐδῳ,

2097 1002 2326 1075 ἐλάλησέ
2365 1019 2457 1074 μοι
2491 1001 2551 1056 τὸ
2583 1002 2826 1075 κρανίον.
2857 1002 2967 1055 Kal
2990 1000 3136 1069 λέγω
3158 999 3309 1073 αὺτῷ
3327 1017 3342 1032 ⁸
3372 1002 3445 1056 Σὺ
3474 1002 3560 1067 τίς
3585 997 3686 1070 εἷς

2109 1093 2409 1166 Ἀπεκρίθη
2451 1111 2543 1166 μοι
2580 1092 2643 1147 τὸ
2684 1093 2945 1166 κρανίονο
3008 1090 3151 1161 Ἐγὼ
3195 1091 3345 1163 ήμην
3388 1091 3687 1164 ἀρχιερεὺς

2096 1182 2206 1237 τῶν
2234 1182 2489 1250 εἰδώλων,
2519 1182 2613 1237 καὶ
2638 1180 2749 1236 τῶν
2787 1180 3089 1254 μεινάντων
3129 1180 3399 1251 Ἐλλήνων
3432 1179 3479 1213 ⁸⁸
3511 1183 3569 1235 ἐν
3602 1181 3690 1252 τῷ

2095 1275 2247 1346 τόπῳ
2272 1273 2479 1346 τούτῳ·
2521 1273 2586 1327 σὺ
2632 1272 2692 1327 δὲ
2728 1268 2779 1327 εἷ
2810 1273 3099 1345 Μακάριος
3129 1272 3160 1326 6
3198 1272 3646 1343 πνευματοφόρος
3668 1288 3688 1304 ο

2094 1366 2215 1420 οἷαν
2237 1363 2386 1437 ὥραν
2413 1363 2821 1436 σπλαγχνισθῇς
2840 1363 2971 1428 τοὺς
2992 1364 3051 1417 ἐν
3074 1365 3141 1434 τῇ
3169 1362 3410 1427 κολάσει,
3433 1362 3527 1416 καὶ
3548 1360 3696 1438 εὔχῃ

2098 1454 2228 1525 περὶ
2270 1453 2472 1520 αὐτῶν,
2509 1453 2964 1526 παραμυθοῦνται
3007 1453 3207 1522 ὀλίγον.
3253 1453 3418 1523 Λέγει
3461 1452 3611 1524 αὐτῷ
3659 1455 3694 1507 6

2095 1545 2274 1617 γέρων
2292 1561 2307 1577 ο
2338 1543 2475 1598 Ποία
2508 1546 2659 1599 ἐστῖν
2700 1547 2734 1616 ή
2770 1543 3113 1616 παραμυθία,
3139 1543 3234 1597 καὶ
3260 1543 3344 1608 τίς
3369 1543 3403 1614 ἡ
3431 1542 3689 1609 κό).ασις;

2098 1633 2262 1704 Λέγει
2291 1634 2474 1706 αὐτῷ·
2515 1636 2679 1690 Ὅσον
2713 1634 2911 1705 ἀπέχει
2948 1636 2978 1688 6
3018 1632 3249 1705 οὐρανὸς
3281 1633 3390 1686 άπὸ
3428 1633 3526 1702 τῆς
3557 1633 3690 1704 γῆς,

2099 1729 2353 1783 τοσοῦτόν
2385 1729 2504 1781 ἐστι
2536 1726 2598 1781 τὸ
2644 1727 2756 1798 πῦρ
2790 1724 3144 1780 ὑποκάτωθεν
3172 1723 3350 1795 ἡμῶν,
3377 1723 3485 1777 ἀπὸ
3508 1723 3697 1777 ποδῶν

2100 1820 2206 1884 ἓως
2228 1818 2474 1889 κεφαλῆς
2506 1817 2818 1889 ἑστηκότων
2848 1816 3008 1889 ήμῶν
3033 1816 3197 1888 μέσον
3223 1816 3319 1870 τοῦ
3352 1816 3522 1888 πυρός
3540 1832 3557 1847 ⁶
3591 1817 3694 1870 καὶ

2098 1916 2200 1969 οὐκ
2232 1914 2347 1968 ἐστι
2378 1913 2667 1985 πρόσωπον
2705 1912 2840 1985 πρὸς
2873 1911 3165 1983 πρόσωπον
3198 1909 3496 1965 θεάσασθαί
3523 1923 3691 1965 τινα⁶

2099 2006 2236 2061 ἀλλὰ
2266 2006 2327 2060 τὸ
2355 2006 2648 2077 πρόσωπον
2669 2007 2714 2038 ⁵⁸
2746 2005 3001 2071 ἑκάστου,
3023 2004 3159 2076 πρὸς
3190 2003 3284 2057 τὸν
3313 2002 3500 2075 ἐτέρου
3519 2001 3695 2056 νῶτον

2101 2099 2445 2171 κεκόλληται.
2474 2099 2563 2164 Ὠς
2596 2094 2689 2153 οὖν
2716 2097 2852 2171 εὔχῃ
2879 2096 3018 2169 ὑπὲρ
3041 2099 3074 2168 ἡ
3085 2094 3223 2167 μῶν,
3255 2095 3320 2148 ἐκ
3360 2094 3563 2167 μέρους
3603 2110 3697 2158 τις

2100 2191 2295 2265 θεωρεῖ
2309 2190 2369 2244 τὸ
2388 2191 2677 2262 πρόσωπον
2700 2188 2794 2243 τοῦ
2818 2188 3030 2260 ἐτέρου.
3047 2185 3200 2257 Αὕτη
3215 2186 3362 2240 ἐστὶν
3380 2187 3699 2257 ήλπαραμυ-

2100 2281 2211 2338 θία.
2246 2282 2358 2336 Kal
2381 2281 2624 2345 κλαύσας
2638 2283 2667 2335 ό
2688 2280 2863 2351 γέρων
2883 2276 3036 2333 εἶπεν
3056 2296 3070 2312 ο
3086 2278 3224 2332 Οὐαὶ
3251 2279 3325 2349 τῇ
3348 2277 3530 2349 ἡμέρα
3550 2276 3611 2329 ἐν

2098 2372 2361 2445 ἐγεννήθη
2377 2375 2405 2427 6
2420 2371 2513 2428 ave
2523 2390 2704 2445 ρωπος
2720 2372 2789 2425 ⁸⁸.
2810 2372 2979 2441 Λέγει
3010 2369 3159 2441 αὐτῷ
3188 2371 3217 2423 6
3247 2369 3424 2441 γέρων
3447 2384 3462 2398 ·
3499 2368 3698 2422 Ἔστιν

2097 2464 2231 2537 άλλη
2250 2464 2449 2535 χείρων
2491 2462 2762 2534 βάσανοςς
2790 2462 2956 2531 Λέγει
2986 2459 3137 2531 αὐτῷ
3181 2459 3242 2513 τὸ
3268 2456 3521 2530 κρανίον·
3554 2458 3697 2511 Μει-

2098 2556 2297 2628 ζοτέρα
2324 2555 2553 2627 βάσανός
2578 2557 2723 2609 ἐστιν
2757 2552 3113 2607 ὑποκάτωθεν
3144 2550 3324 2623 ἡμῶν.
3350 2549 3517 2618 Λέγει
3539 2548 3698 2618 αὐτῷ

2097 2653 2127 2706 6
2154 2651 2332 2722 γέρων
2353 2666 2368 2682 ·
2401 2649 2511 2703 Kal
2544 2646 2691 2711 τίνες
2727 2646 2863 2699 είσὶν
2904 2647 3049 2708 ἐκεῖ;
3089 2643 3251 2712 Λέγει
3289 2640 3440 2713 αὐτῷ
3472 2640 3534 2693 τὸ
3563 2656 3702 2711 κρα-

2098 2736 2243 2789 νίον·
2299 2734 2493 2805 Ἡμεῖς
2544 2732 2620 2798 ὼς
2665 2730 2739 2803 μή
2783 2729 2985 2794 εἰδότες
3027 2728 3120 2782 τὸν
3157 2728 3309 2793 Θεὸν,
3359 2726 3463 2780 κᾶν
3511 2724 3701 2793 ὀλίγον

2097 2824 2397 2896 ἐλεούμεθα
2416 2842 2430 2855 ·
2456 2825 2507 2879 οί
2539 2823 2594 2877 δὲ
2625 2823 2941 2893 ἐπιγνόντες
2964 2820 3055 2876 τὸν
3080 2820 3234 2887 Θεὸν,
3261 2820 3356 2873 καὶ
3376 2817 3699 2890 ἀρνησάμε-

2103 2936 2183 2974 νοι
2211 2917 2374 2971 αὐτὸν
2389 2913 3001 2986 ⁸⁷,ὐποκάτωθενξήμῶν
3028 2915 3159 2969 εἱσι.
3184 2911 3298 2967 Καὶ
3331 2909 3511 2965 λαϐὼν
3536 2910 3567 2964 6
3598 2908 3698 2979 γάρ

2106 3027 2216 3081 ρων
2253 3007 2315 3062 τὸ
2349 3007 2589 3080 κρανίον,
2630 3006 2834 3077 ἔχωσεν
2862 3006 3014 3063 αὐτό.

478 3086 569 3143 39.
606 3086 718 3159 (l2)
755 3086 971 3144 Dictum
1004 3096 1089 3146 est
1122 3088 1190 3146 de
1220 3088 1419 3146 abbate
1445 3088 1683 3145 Macario
1711 3088 1990 3161 Egyptio,

2106 3066 2119 3081 .
2166 3099 2262 3155 λθ’.
2300 3066 2525 3168 Ἔλεγον
2559 3066 2692 3170 περῖ
2726 3096 2820 3151 τοῦ
2868 3095 3013 3151 άϐὅᾶ
3048 3093 3339 3167 Μακαρίου
3384 3090 3479 3148 τοῦ
3519 3094 3695 3163 Λίγυ-

408 3179 559 3251 quod
594 3179 893 3251 aliquando
930 3197 960 3237 e
991 3179 1141 3238 Sceti
1172 3182 1506 3239 ascendebat
1540 3182 1594 3236 in
1631 3190 1872 3236 montem
1901 3180 1995 3235 Ni-

409 3271 551 3337 triae,
600 3277 657 3327 et
708 3280 770 3326 ut
817 3286 990 3343 prope
1038 3272 1219 3328 locum
1266 3274 1499 3337 exstitit,
1544 3272 1683 3327 divit
1723 3272 1997 3343 discipulo

409 3379 513 3421 suo
560 3381 576 3419 :
629 3360 888 3420 Praecede
939 3365 1246 3436 paululum.
1308 3364 1557 3435 Cumque
1598 3365 1689 3421 ille
1737 3365 1993 3436 praeiret,

408 3455 633 3513 obvium
664 3456 857 3512 habuit
893 3458 1187 3528 quemdam
1227 3458 1546 3514 Graecorum
1577 3472 1672 3513 seu
1712 3458 1996 3530 gentilium

408 3548 776 3605 sacerdotem.
825 3548 908 3604 Ad
956 3564 1118 3619 quem
1172 3550 1418 3606 clamans
1468 3548 1661 3615 frater,
1728 3550 1992 3616 vocabat,

408 3638 550 3709 Heu,
581 3638 712 3707 heu,
751 3639 1031 3711 inquiens,
1066 3656 1178 3711 quo
1212 3642 1417 3705 curris,
1452 3641 1707 3697 daemon?
1740 3640 1833 3696 llle
1865 3654 1998 3696 vero

408 3745 736 3796 conversus,
771 3731 964 3802 plagas
995 3730 1045 3787 ei
1088 3728 1306 3796 inﬂixit,
1340 3730 1673 3800 reliquitque
1704 3728 1996 3785 semimor-

408 3835 589 3880 tuum.
632 3822 713 3877 Ac
750 3823 953 3880 tollens
983 3820 1133 3894 quod
1168 3821 1427 3893 portabat
1455 3822 1688 3891 lignum,
1729 3818 1995 3874 cucurrit.

406 3915 700 3972 Paululum
732 3929 1025 3988 progresso
1097 3916 1341 3972 occurrit
1389 3914 1534 3970 inter
1561 3929 1790 3970 cursum
1827 3912 1998 3969 abbas

409 4008 708 4075 Macarius,
741 4009 837 4080 qui
877 4008 1017 4065 dixit
1044 4006 1095 4064 ei
1130 4025 1144 4061 :
1174 4007 1373 4064 Salvus
1414 4006 1513 4075 sis,
1552 4006 1740 4063 salvus
1784 4005 1885 4071 sis,
1921 4004 2001 4059 la-

407 4104 545 4161 bore
588 4101 865 4160 confecto.
911 4102 1008 4158 Ille
1051 4101 1382 4167 admiratus,
1433 4102 1586 4157 venit
1633 4098 1701 4154 ad
1747 4113 1898 4164 eum,
1943 4103 1999 4153 et

409 4196 489 4251 ait
521 4214 536 4251 :
570 4194 715 4261 Quid
745 4194 872 4249 boni
899 4193 1084 4249 vidisti
1111 4195 1167 4249 in
1198 4210 1307 4260 me,
1336 4192 1484 4264 quod
1517 4207 1605 4247 me
1632 4191 2001 4249 salutaveris?

412 4286 551 4342 Tum
592 4300 762 4341 senex
794 4307 806 4340 :
839 4284 1111 4351 Quoniam
1144 4285 1410 4355 conspexi
1450 4293 1503 4341 te
1526 4285 1715 4341 labore
1749 4283 1996 4349 fessum;

2097 3190 2277 3255 πτίου,
2311 3190 2392 3244 ὅτι
2425 3187 2677 3243 ἁνέὸαινέ
2708 3204 2839 3241 ποτε
2868 3188 2934 3240 ἐκ
2956 3186 3057 3257 τῆς
3086 3187 3340 3257 Σκήτεως
3372 3186 3453 3249 είς
3475 3184 3536 3238 τὸ
3561 3184 3697 3255 ὅρος

2096 3283 2198 3354 τῆς
2235 3282 2467 3354 Νιτρίας
2488 3297 2503 3313 ο
2544 3282 2639 3335 καὶ
2660 3281 2736 3345 ὼς
2760 3281 2987 3352 ἤγγισεν
3015 3281 3095 3344 είς
3132 3279 3221 3333 τὸν
3245 3277 3433 3344 τόπον,
3469 3272 3591 3331 εἷπε
3615 3275 3701 3348 τῷ

2101 3375 2318 3447 μαθητῇ
2346 3373 2512 3431 αὐτοῦ
2534 3391 2545 3403 ·
2576 3374 2824 3447 Πρόλαδε
2859 3374 3078 3447 μικρόν.
3109 3373 3219 3426 Kal
3242 3373 3299 3426 ἐν
3324 3371 3402 3444 τῷ
3429 3372 3700 3443 προάγειν

2098 3468 2284 3533 αὐτὸν,
2312 3468 2550 3539 συναντᾷ
2572 3484 2681 3521 τινι
2714 3468 2852 3539 ἱερεῖ
2878 3466 2986 3520 τῶν
3022 3465 3292 3536 Ἐλλήνων
3312 3481 3328 3497 ο
3358 3465 3454 3518 καὶ⁵
3480 3463 3697 3536 κράξας

2098 3559 2248 3631 αὒτῷ
2290 3561 2318 3614 6
2354 3557 2601 3627 ἀδελφὸς,
2652 3556 2851 3627 ἐφώνει
2892 3557 3103 3627 λέγων·
3140 3556 3207 3610 Λῖ
3246 3555 3303 3610 αἳ
3331 3555 3544 3627 δαῖμον,
3585 3554 3697 3609 ποῦ

2096 3650 2341 3723 τρέχειςς
2384 3650 2655 3721 Στραφεὶς
2684 3649 2741 3703 δὲ
2789 3651 3019 3713 ἐκεῖνος.
3070 3648 3207 3702 διδοῖ
3247 3647 3396 3718 αὐτῷ
3449 3645 3696 3717 πληγάς,

2099 3744 2193 3798 καὶ
2227 3743 2378 3812 ἀφίει
2410 3742 2573 3797 αὑτὸν
2606 3742 2869 3814 ἡμιθανῆ.
2903 3742 3013 3796 Kal
3034 3742 3173 3813 άρας
3196 3740 3258 3793 τὸ
3290 3740 3447 3808 ξύλον
3476 3738 3694 3810 ἔτρεχε.

2098 3833 2210 3887 Kal
2225 3832 2489 3903 προὸἁντι
2506 3831 2707 3900 ὀλίγον,
2736 3832 2972 3903 συναντᾷ
2995 3830 3143 3902 αὐτῷ
3160 3832 3189 3885 6
3209 3830 3383 3894 ά66ἄς
3399 3830 3698 3900 Μακάριος

2099 3927 2379 3999 τρέχοντι·
2414 3926 2508 3978 καὶ
2534 3923 2684 3993 λέγει
2717 3922 2867 3995 αὐτῷ
2886 3940 2899 3954 ·
2929 3922 3189 3995 Σωθείης,
3222 3920 3474 3993 σωθείης,
3505 3937 3699 3991 καμα-

2098 4018 2254 4090 τηρέ.
2296 4018 2409 4072 Kal
2463 4016 2751 4087 θαυμάσας
2782 4011 2914 4088 ἦλθε
2959 4015 3097 4087 πρὸς
3141 4014 3326 4079 αὐτὸν,
3358 4012 3454 4067 x'al
3498 4006 3697 4066 εἷπενο

2100 4111 2166 4164 Τί
2201 4109 2362 4164 καλὸν
2393 4105 2532 4173 εἶδες
2561 4109 2618 4163 ἐν
2647 4108 2792 4180 ἐμοὶ,
2816 4108 2898 4162 ὅτι
2924 4105 3377 4187 προσηγόρευσάς
3403 4122 3499 4175 με;
3526 4104 3701 4172 Λέγει

2100 4201 2250 4274 αὑτῷ
2281 4204 2308 4256 6
2335 4201 2515 4271 γέρων
2541 4218 2553 4233 ο
2585 4201 2709 4254 ’Ότι
2743 4195 2882 4253 εἶδόν
2913 4216 2972 4252 σε
3005 4197 3285 4252 κοπιῶντα
3308 4214 3321 4228 ⁸
3358 4198 3452 4251 καὶ⁵
3482 4196 3583 4249 οὐκ
3610 4190 3699 4249 οἶ-

2099 4295 2196 4358 δας
2224 4296 2307 4347 ὅτι
2328 4295 2407 4357 είς
2425 4292 2579 4347 κενὸν
2597 4293 2815 4363 κοπιᾷς.
2835 4291 3000 4360 Λέγει
3023 4289 3173 4361 αὐτῷ
3188 4291 3283 4344 καὶ
3301 4289 3464 4353 αὑτός
3483 4305 3498 4320 ο
3521 4286 3703 4358 Κάγὼ

412 4393 479 4434 ac
531 4376 717 4433 nescis
753 4383 805 4431 te
848 4376 904 4428 in
941 4388 1146 4429 vanum
1192 4373 1505 4444 defatigari.
1555 4375 1828 4432 Sacerdos
1862 4392 1995 4448 quo-

2101 4386 2194 4439 ἐπί
2221 4385 2298 4455 τῷ
2329 4383 2607 4455 ἀσπασμῷ
2636 4401 2728 4436 σου
2752 4383 3056 4452 κατενύγην
3079 4398 3092 4412 ·
3126 4382 3222 4437 καὶ
3248 4381 3450 4453 ἔμαθον
3476 4382 3558 4435 ὅτι
3594 4379 3702 4436 τοῦ

410 4484 557 4541 que:
591 4466 704 4539 Ego
733 4465 1066 4521 salutatione
1098 4471 1192 4519 tua
1221 4472 1588 4534 compunctus
1617 4482 1770 4533 sum;
1812 4477 1866 4522 et
1899 4482 1996 4523 co—

410 4559 575 4632 gnovi
615 4575 681 4616 ex
712 4565 868 4629 parte
904 4555 1001 4612 Dei
1031 4562 1085 4611 te
1123 4570 1267 4612 esse.
1304 4554 1463 4610 Alius
1498 4570 1630 4611 vero
1664 4558 1841 4613 malus
1875 4574 1997 4613 mo-

412 4652 646 4714 nachus,
715 4651 914 4706 obvius
967 4649 1169 4716 factus,
1236 4646 1575 4703 contumelia
1639 4664 1727 4705 me
1780 4648 1992 4718 allecit;

420 4759 585 4818 1uare
611 4758 713 4815 ego
751 4742 874 4798 dedi
906 4744 957 4800 ei
1001 4744 1189 4814 plagas
1228 4740 1296 4797 ad
1327 4750 1582 4797 mortem.
1625 4741 1858 4814 Agnovit
1897 4757 1997 4797 au-

412 4849 523 4895 tem
553 4851 723 4894 senex
752 4834 900 4907 quod
938 4834 1006 4890 de
1035 4835 1308 4905 discipulo
1331 4850 1435 4893 suo
1474 4837 1810 4907 loqueretur.
1842 4833 1999 4891 Tunc

410 4927 773 5001 apprehensis
801 4927 951 4984 senis
980 4926 1215 4998 pedibus
1241 4926 1501 4985 sacerdos
1534 4928 1608 4983 ita
1639 4927 1855 4984 locutus
1879 4936 1993 4984 est:

410 5021 530 5077 Non
572 5020 850 5078 dimittam
894 5027 970 5085 te,
1005 5020 1111 5077 nisi
1159 5036 1248 5077 me
1283 5019 1483 5077 feceris
1524 5021 1881 5076 monachum.
1930 5019 1997 5074 Et

410 5120 686 5169 venerunt
713 5126 960 5174 sursum,
991 5110 1085 5166 ubi
1118 5119 1238 5167 erat
1259 5109 1585 5176 monachus,
1609 5117 1997 5179 portaverunt-

413 5221 521 5277 que
564 5205 719 5260 illum
771 5204 842 5259 ad
888 5201 1183 5259 ecclesiam
1227 5203 1453 5259 montis.
1490 5200 1663 5259 Porro
1705 5211 1995 5258 cernentes

416 5295 763 5354 sacerdotem
798 5311 925 5351 cum
971 5311 1059 5362 eo,
1106 5294 1398 5366 stupefacti
1444 5302 1573 5351 sunt
1606 5317 1617 5351 :
1650 5304 1706 5351 et
1748 5296 1996 5352 fecerunt

2107 4476 2310 4548 μέρους
2345 4475 2439 4529 τοῦ
2474 4474 2610 4529 Θεοῦ
2644 4471 2713 4530 εἷ.
2750 4475 2943 4540 ’Λλλος
2972 4476 3029 4529 δὲ
3063 4474 3233 4538 κακὸς
3269 4473 3500 4545 μοναχὸς
3515 4474 3704 4527 ἀπαν-

2101 4570 2277 4639 τήσας
2317 4585 2431 4639 μοι,
2480 4566 2675 4639 ὓὸρισέ
2722 4584 2790 4638 με
2816 4584 2830 4598 ο
2878 4566 3036 4636 κάγὼ
3074 4567 3254 4622 ἔδωκα
3287 4566 3435 4637 αὐτῷ
3476 4566 3704 4637 πληγάς

2104 4662 2186 4725 είς
2208 4659 2458 4716 θάνατον.
2490 4659 2601 4714 Kal
2634 4658 2775 4729 ἔγνω
2805 4661 2835 4714 6
2871 4659 3051 4732 γέρων
3079 4660 3163 4713 ὅτι
3187 4661 3216 4713 6
3252 4658 3499 4731 μαθητής
3526 4659 3702 4713 αὑτοῦ

2105 4754 2242 4807 ἐστι.
2287 4753 2397 4806 Kal
2432 4753 2715 4824 κρατήσας
2739 4752 2866 4815 τοὺς
2911 4752 3078 4817 πόδας
3103 4752 3269 4807 αὐτοῦ
3298 4754 3327 4806 6
3361 4753 3541 4822 ἱερεὺς
3577 4751 3706 4805 ἑλε-

2106 4860 2201 4912 γεν
2222 4858 2236 4873 ·
2270 4843 2387 4896 Οὐκ
2408 4843 2529 4911 ἀφῶ
2561 4861 2645 4909 σε,
2678 4844 2773 4898 ἐὰν
2799 4844 2873 4916 μὴ
2908 4845 3144 4917 ποιήσῃς
3172 4860 3241 4915 με
3289 4843 3544 4914 μοναχόν.
3584 4844 3704 4898 Kal

2102 4929 2265 5006 ἦλθον
2296 4934 2481 4988 ἐπάνω
2520 4936 2654 4988 ὅπου
2683 4930 2750 5006 ἦν
2780 4936 2809 4988 6
2841 4934 3095 5007 μοναχδς,
3133 4934 3226 4988 καὶ
3259 4932 3565 4998 ἐδάσταξαν
3596 4933 3705 4987 a6-

2102 5025 2215 5091 τὸν,
2244 5026 2340 5080 καὶ
2382 5026 2619 5097 ἤνεγκαν
2647 5027 2730 5090 είς
2768 5025 2868 5098 τὴν
2905 5024 3205 5095 ἐκκλησίαν
3238 5024 3331 5078 τοῦ
3367 5024 3549 5096 ὅρους.
3581 5023 3704 5078 Kal

2105 5112 2305 5181 ἰδόντες
2338 5117 2429 5170 τὸν
2461 5118 2612 5189 ἱερέα
2644 5119 2763 5190 μετ’
2789 5117 2979 5180 αὐτοῦ,
3019 5118 3339 5188 ἐξέστησαν·
3375 5116 3472 5170 καὶ
3501 5115 3705 5185 ἐποίη-

2104 5221 2204 5260 σαν
2233 5207 2397 5261 αὐτὸν
2435 5209 2686 5278 μοναχόν.
2733 5208 2845 5263 Kal
2879 5208 3065 5262 πολλοὶ
3108 5207 3219 5262 τῶν
3268 5206 3537 5279 Ἑλλήνων
3573 5207 3706 5275 ἐγέ-

2102 5313 2255 5351 νοντο
2277 5298 2343 5351 δι’
2369 5298 2533 5352 αὑτὸν
2564 5299 2906 5371 Χριστιανοί.
2943 5301 3170 5371 Ἔλεγεν
3200 5296 3293 5355 οὖν
3322 5301 3350 5354 6
3378 5300 3556 5364 άΰὸᾶς
3579 5300 3709 5354 Ma-

484 5453 647 5532 'f_A_l-
691 5451 1002 5532 ἱερεὺςπῶν
1044 5452 1319 5532 Ἑλλήνων
1347 5454 1456 5532 τῶν
1485 5470 1542 5532 με
1608 5453 1778 5532 fidi.
1806 5451 1995 5517 νῶτος.
2048 5451 2118 5487 -⁸⁶
2151 5456 2238 5512 Al.
2264 5457 2394 5514 add.
2421 5459 2468 5515 εἰ
2493 5457 2630 5532 αὐτή
2656 5459 2807 5513 ἐστιν
2836 5460 2869 5530 ἡ
2902 5457 3228 5531 παραμυθία
3266 5458 3363 5529 τῆς
3395 5456 3704 5523 κολάσεως.

412 5523 461 5558 δ’
503 5522 763 5581 ALinscr.
800 5523 893 5578 καὶ
921 5523 997 5596 μὴ
1021 5522 1347 5595 ποιήσαντες
1378 5522 1542 5578 αὑτοῦ
1573 5523 1634 5579 τὸ
1662 5523 1894 5595 θέλημα.

486 5683 600 5760 (Η)
645 5681 749 5739 γει.
781 5682 934 5738 Patr.
969 5697 1051 5751 ιιι,
1085 5683 1171 5737 l6.

2180 5677 2290 5751 (ιε)
2332 5677 2431 5732 γει.
2469 5677 2617 5733 Patr.
2646 5693 2725 5747 ιιι,
2756 5677 2873 5732 127.
