3982 6336
178 353 280 412 281

1322 348 1945 408 APOPilTllEGMATA
1982 350 2293 407 PATRUM.

3345 355 3460 413 283

176 471 391 544 κάρτος,
429 469 516 527 ὅτι
557 471 590 524 6
634 466 790 547 λᾷγος
826 469 855 523 ὀ
898 467 1065 531 κακὸς
1091 468 1222 537 (l5),
1259 470 1352 523 καὶ
1391 469 1517 534 τοὺς
1564 469 1757 533 καλοὺς

1868 471 2017 525 ἱ11ιιιιι
2054 471 2406 526 monachum.
2441 468 2708 541 Multique
2746 472 3029 543 gentilium
3070 482 3292 547 propter
3326 490 3452 532 eum

175 536 324 618 ante!
363 536 604 625 κακούς·
653 536 749 615 καὶ
776 561 805 615 6
853 557 1018 624 καλὸς
1049 536 1227 627 λύγος,
1268 561 1517 624 καὶτοὺς
1560 563 1760 627 κακοὺς

176 654 322 709 ποιεῖ
347 649 570 715 καλούς.

242 831 319 901 μ’.
358 828 588 897 Ἔλεγον
618 829 747 899 περὶ
773 826 867 881 τοῦ
896 827 1039 883 ἀϐϐἆ
1073 828 1382 901 Μακαρίου,
1418 831 1499 883 ὅτι
1531 829 1763 894 ἀπόντος

174 921 363 987 αὑτοῦ,
395 919 615 990 εἰσῆλθε
662 920 864 992 λῃστὴς
896 920 977 983 είς
1009 918 1069 973 τδ
1111 920 1320 974 κελλίον
1344 920 1531 975 αὑτοῦ.
1575 923 1763 993 Παρα-

173 1013 469 1084 γενομένου
498 1011 556 1065 δὲ
594 1011 763 1066 αὐτοῦ
789 1012 870 1074 είς
909 1010 970 1064 τὸ
1011 1010 1244 1075 κελλίον,
1280 1006 1407 1084 εὗρε
1446 1012 1536 1066 τὸν
1559 1011 1763 1084 λῃστὴν

171 1122 229 1173 γε
238 1106 471 1176 μίζοντα
490 1104 592 1176 τὴν
617 1105 864 1175 κάμηλον
885 1103 954 1158 τὰ
973 1103 1142 1175 σκεύη
1171 1103 1358 1159 αὐτοῦ.
1379 1104 1550 1169 Αὐτὸς
1568 1104 1625 1158 δὲ
1650 1107 1764 1158 εἰσ-

170 1196 340 1251 ελθὼν
370 1199 455 1261 εἰς
506 1196 570 1250 τὸ
609 1195 841 1261 κελλίον,
874 1194 1179 1267 ὲλάμϐανεν
1224 1196 1333 1250 ἀπὸ
1368 1196 1478 1251 τῶν
1526 1196 1759 1261 σκευῶν,

171 1291 266 1342 καὶ
320 1286 646 1359 συνεγέμιζε
696 1287 815 1359 μετ’
863 1287 1027 1341 αὑτοῦ
1074 1288 1176 1361 τὴν
1219 1287 1487 1359 κάμηλονῖ
1531 1288 1620 1352 Ὧς
1666 1282 1761 1341 οὖν

172 1379 463 1450 ἐγέμισαν,
492 1378 696 1451 ἤρξατο
718 1380 747 1432 6
770 1379 973 1451 λῃστὴς
992 1378 1219 1434 τύπτειν
1247 1379 1346 1451 τὴν
1371 1379 1640 1451 κάμηλον,
1673 1380 1761 1433 ἵνα

169 1473 409 1544 ἀναστῇ-
447 1473 544 1526 xal.
570 1471 672 1525 οὐκ
702 1471 977 1543 ἠγείρετο.
1022 1470 1170 1526 Ἰδὼν
1201 1470 1259 1525 δὲ
1290 1474 1319 1525 6
1364 1471 1541 1536 ἁϐϐἆς
1565 1472 1760 1526 Μακά-

173 1582 287 1639 ριος
311 1566 397 1618 ὅτι
423 1564 525 1618 οὐκ
562 1562 858 1634 ἐγείρεται,
899 1563 1156 1617 εἰσελθὼν
1189 1565 1248 1619 ἐν
1280 1563 1360 1635 τῷ
1406 1563 1603 1636 κελλίῳ
1633 1556 1760 1635 εὗρε

172 1657 369 1730 μικρὸν
397 1655 641 1710 σκαλίδιν
662 1656 708 1689 ⁸⁸
732 1672 745 1687 ·
775 1656 871 1710 καὶ
916 1654 1164 1709 ἐκϐαλὼν
1187 1655 1255 1721 ⁸⁸,
1279 1654 1516 1726 ἐπέθηκε
1556 1657 1624 1726 τῇ
1663 1672 1762 1709 κα-

174 1750 351 1821 μήλῳ,
384 1750 593 1819 λέγων’
640 1748 884 1819 Ἀδελφὲ,
913 1746 1072 1802 τοῦτο
1105 1747 1261 1819 ζητεῖ
1285 1750 1319 1820 ἡ
1355 1748 1621 1820 κάμηλος.
1653 1749 1762 1803 Καὶ

1871 562 2002 617 facti
2033 573 2162 619 sunt
2191 563 2511 618 Christiani.
2563 565 2857 620 Asserebat
2901 581 3032 637 ergo
3067 567 3237 622 abbas
3287 566 3459 622 Maca-

1871 657 2008 719 rius,
2045 656 2191 725 quod
2247 672 2430 712 sermo
2472 659 2674 723 malus,
2723 662 2888 713 etiam
2935 660 3109 715 bonos
3158 662 3332 717 malos
3374 661 3457 715 fa-

1869 749 2013 808 ciat,
2045 754 2101 800 et
2124 762 2306 802 sermo
2335 749 2536 810 bonus.
2570 749 2736 803 etiam
2771 750 2946 803 malos
2987 750 3181 806 bonos.

1937 838 2029 891 ιο.
2070 838 2145 892 De
2189 839 2389 894 abbate
2419 839 2660 894 Macario
2711 842 3115 905 memorabant,
3145 842 3312 912 quod,
3354 842 3455 897 ab-

1870 937 2024 984 sente
2055 928 2170 993 illo,
2206 930 2491 1000 ingressus
2523 932 2609 986 sit.
2636 933 2779 985 latro
2819 932 2875 986 in
2911 933 3103 987 cellam
3136 933 3276 1003 ejus.
3314 933 3452 990 Cum

1869 1034 2047 1076 autem
2096 1022 2372 1089 rediisset,
2426 1024 2635 1079 invenit
2696 1026 2989 1092 latronem,
3040 1026 3134 1096 qui
3183 1027 3456 1082 camelum

1868 1112 2207 1181 supellectile
2255 1128 2353 1168 sua
2402 1115 2688 1170 onerabat.
2737 1114 2856 1186 Ipse
2904 1118 3075 1187 igitur
3127 1117 3344 1172 intrans
3399 1118 3458 1173 in

1868 1206 2089 1271 cellam,
2126 1205 2194 1261 de
2225 1207 2374 1263 vasis
2402 1207 2726 1277 accipiebat,
2768 1217 2823 1265 et
2852 1226 2958 1264 una
2991 1225 3118 1264 cum
3151 1225 3217 1265 eo
3260 1224 3459 1265 onera-

1867 1297 1962 1351 bat
1994 1298 2288 1353 camelum.
2323 1297 2393 1353 Ut
2442 1314 2578 1371 ergo
2616 1301 2892 1356 sarcinam
2940 1302 3306 1366 immiserunt,
3339 1314 3457 1356 caa-

1868 1388 1947 1457 pit
2001 1388 2093 1441 fur
2130 1389 2422 1444 verberare
2471 1390 2766 1455 camelum,
2824 1398 2881 1444 ut
2933 1399 3186 1461 surgeret
3230 1405 3457 1460 :ueque

1868 1479 2152 1549 surgebat.
2191 1477 2396 1535 Videas
2440 1496 2604 1550 porro
2648 1481 2820 1537 abbas
2851 1480 3126 1536 Macarius
3155 1479 3302 1551 quod
3344 1493 3454 1535 non

1866 1579 2208 1642 exsurgeret,
2241 1573 2436 1628 cellam
2468 1574 2777 1645 ingressus,
2820 1575 3027 1631 invenit
3063 1590 3292 1645 parvum
3331 1588 3455 1630 sar-

1867 1665 2094 1732 culum;
2156 1665 2536 1736 emissumque
2588 1665 2851 1737 imposuit
2898 1668 3142 1729 camelo,
3199 1665 3389 1721 dicens
3432 1682 3448 1720 :

1868 1755 2079 1819 Frater,
2124 1756 2231 1813 hoc
2261 1759 2543 1829 quarebat
2583 1758 2851 1813 camelus.
2885 1756 3028 1812 Pede
3063 1772 3192 1811 vero
3227 1758 3454 1827 pulsans

170 1839 411 1911 κρούσας
462 1840 634 1911 αὐτὴν
681 1841 710 1893 6
753 1840 934 1911 γέρων
982 1838 1060 1910 τῷ
1096 1838 1239 1901 ποδὶ,
1284 1838 1468 1907 λέγει’
1510 1840 1757 1893 Ἀνάστα.

1868 1865 1991 1906 eum
2055 1865 2247 1915 senex,
2300 1851 2378 1904 ait
2428 1869 2442 1905 :
2481 1851 2675 1920 Surge.
2724 1848 3143 1918 Confesumque
3186 1848 3450 1915 surrexit,

170 1931 283 1985 Kal
304 1931 510 1995 εὐθέως
540 1931 766 2004 ἀνέστη,
784 1931 880 1985 καὶ
907 1928 1118 2001 ἀπῆλθε
1145 1931 1340 2002 μικρὸν
1359 1930 1449 1984 διὰ
1471 1930 1563 1984 τὸν
1592 1930 1753 2000 λόγον

1868 1951 1910 1997 at
1953 1957 2253 2012 parumper
2293 1941 2512 1997 itineris
2559 1941 2797 1996 confecit
2829 1950 3052 2010 propter
3081 1940 3201 2009 ejus
3243 1953 3454 1994 sermo-

169 2023 356 2078 αὐτοῦ.
390 2023 503 2078 Kal.
528 2022 689 2077 πάλιν
715 2023 957 2088 ἐκάθισε,
987 2023 1083 2081 καὶ
1109 2024 1209 2077 οὐκ
1242 2022 1443 2095 ἀνέστη
1462 2061 1480 2087 ,
1516 2022 1622 2087 ἕως
1656 2024 1756 2077 ἀπ-

1868 2048 2001 2089 nem.
2053 2031 2160 2087 Sed
2232 2033 2429 2087 iterum
2476 2032 2683 2088 resedit
2733 2045 2837 2085 nec
2886 2030 3224 2095 exsurrexit,
3275 2030 3453 2085 donec

170 2113 431 2186 εγέμισαν
475 2114 573 2169 ὅλα
599 2113 670 2168 τά
705 2113 874 2186 σκεύη
894 2131 907 2146 ·
945 2115 1039 2169 καὶ
1066 2113 1239 2179 οὕτως
1263 2114 1525 2186 ἀπῆλθεν.

240 2299 352 2366 μα’.
388 2293 449 2348 '0
476 2293 652 2358 ἀϐϐᾶς
687 2293 816 2348 Ἀῖὼ
844 2295 1099 2369 ἠρώτησε
1126 2296 1221 2351 τὸν
1242 2297 1418 2352 άϐϐᾶν
1443 2296 1751 2368 Μακάριον,

168 2383 378 2453 λέγων·
410 2384 549 2438 Εἰπέ
580 2401 670 2456 μοι
706 2385 877 2457 ῥῆμα.
906 2386 1073 2456 Λέγει
1109 2387 1261 2459 αὐτῷ
1290 2389 1319 2443 6
1355 2387 1530 2452 ἀϐϐᾶς
1562 2389 1756 2443 Μακά-

171 2491 313 2546 pro"
346 2474 521 2544 Φεῦγε
553 2478 680 2540 τοὺς
707 2475 1029 2547 ἀνθρώπους
1047 2495 1061 2508 ·
1097 2479 1323 2533 κάθισον
1350 2482 1432 2545 εἰς
1454 2479 1516 2534 τὸ
1544 2480 1755 2535 κελλίον

172 2583 286 2631 σου,
320 2566 418 2621 καὶ
456 2566 691 2621 κλαῦσον
718 2568 815 2633 τὰς
839 2569 1118 2642 ἁμαρτίας
1145 2588 1240 2624 σου
1262 2588 1275 2602 ο
1306 2572 1399 2626 καὶ
1434 2572 1509 2645 μὴ
1540 2573 1756 2643 ἀγαπή-

171 2671 269 2730 an;
298 2655 489 2712 λαλιάν
515 2656 819 2728 ἀνθρώπων
851 2673 865 2687 ’
898 2659 990 2713 καὶ
1030 2657 1198 2734 σώζῃ.

612 2771 754 2841 Περὶ
788 2772 895 2828 τοῦ
928 2773 1079 2830 ἀϐϐᾶ
1101 2773 1310 2844 Μωσῆ.

237 2861 306 2916 α’.
347 2863 695 2936 Ἐπολεμήθη
728 2865 859 2919 ποτὲ
884 2867 913 2918 6
950 2865 1126 2930 ὰϐϐἄς
1162 2867 1407 2939 Μωῦσῆς
1437 2867 1483 2900 ⁶⁰
1513 2868 1595 2932 είς
1618 2882 1756 2940 πορ-

174 2954 316 3009 νείαν
338 2955 516 3010 πάνυ·
549 2958 646 3010 καὶ
680 2957 881 3028 μηκέτι
927 2958 1128 3029 ίσχύων
1160 2960 1382 3015 καθίσαι
1422 2964 1503 3026 εἰς
1544 2961 1604 3016 τὸ
1629 2962 1757 3016 κελ-

173 3047 299 3114 λίον,
328 3047 567 3118 ἀπῆλθε,
595 3049 687 3102 καὶ
720 3049 1011 3120 ἀνήγγειλε
1045 3049 1124 3121 τῷ
1156 3051 1301 3123 άϐϐᾷ
1341 3052 1619 3125 Ἰσιδώρῳ.
1645 3055 1757 3109 Kal.

1852 2123 2245 2194 deposuissent
2293 2130 2553 2178 cunctam
2610 2121 3032 2193 supellectilem.
3089 2119 3247 2175 Tunc
3292 2120 3441 2176 enim

1854 2216 2012 2273 abiit.

1934 2308 2030 2366 41.
2075 2306 2188 2379 (14)
2219 2306 2401 2362 Abbas
2436 2304 2541 2360 Aio
2580 2302 2936 2376 interrogavit
2979 2302 3232 2359 abbatem
3272 2300 3453 2357 Maca-

1867 2399 2034 2463 rium,
2059 2398 2140 2453 sic
2172 2417 2185 2452 :
2217 2398 2395 2453 Dicito
2424 2397 2560 2452 mibi
2596 2396 2828 2465 aliquid.
2866 2395 2961 2450 Ait
2986 2395 3038 2452 ei
3070 2395 3243 2451 abbas
3275 2394 3452 2450 Maca-

1858 2493 2029 2547 rius:
2064 2488 2214 2560 Fuge
2263 2488 2544 2556 homines;
2594 2487 2727 2544 sede
2771 2487 2825 2541 in
2867 2488 3003 2542 cella
3053 2494 3169 2550 tua,
3220 2496 3269 2540 et
3314 2485 3455 2542 deﬂe

1857 2590 2087 2653 peccata
2110 2587 2238 2647 tua;
2268 2595 2372 2635 nec
2407 2579 2670 2638 dilexeris
2696 2580 2971 2651 loquelam
3000 2580 3322 2649 hominum;
3354 2594 3450 2638 sa-

1857 2673 2054 2744 lusque
2075 2672 2173 2728 tibi
2201 2671 2468 2744 obtinget.

2383 2783 2464 2839 De
2515 2783 2705 2839 abbate
2748 2783 2917 2840 Mosa.

1930 2877 1983 2931 1.
2024 2875 2167 2948 (14⁸)
2217 2874 2464 2943 Quodam
2522 2883 2770 2948 tempore
2814 2875 2986 2931 abbas
3038 2873 3252 2946 Moyses
3285 2873 3449 2929 Vrbe-

1860 2967 2203 3025 meutissime
2228 2974 2576 3039 oppugnatus
2605 2976 2691 3022 est
2722 2982 2788 3022 ac
2819 2973 3064 3022 tentatus
3099 2966 3166 3021 ad
3197 2964 3441 3020 fornica—

1861 3061 2102 3129 tionem;
2136 3077 2240 3117 nec
2273 3062 2467 3117 valens
2495 3060 2734 3130 amplius
2769 3060 2962 3116 sedere
3003 3060 3058 3115 in
3086 3059 3246 3121 cella,
3282 3058 3443 3124 abiit,

172 3139 545 3212 παρεκάλεσεν
588 3140 750 3195 αὐτὸν
787 3144 818 3196 6
862 3142 1063 3215 γέρων,
1104 3143 1192 3197 ἵνα
1225 3144 1543 3218 ὑποστρέψῃ
1587 3148 1668 3210 εἰς
1695 3146 1757 3200 τὸ

1868 3151 2246 3223 nuntiavitque
2310 3151 2493 3206 abbati
2538 3148 2771 3205 lsidoro.
2824 3149 3006 3206 Senex
3058 3148 3312 3203 bortatus
3361 3153 3449 3203 est

172 3230 381 3284 κελλίον
427 3229 615 3285 αὐτοῦ.
649 3233 761 3286 Kal.
798 3234 858 3287 οὐ
890 3232 1235 3301 κατεδέξατο,
1289 3234 1463 3304 λέγων
1508 3236 1610 3302 ὅτι,
1641 3237 1756 3292 Οὐκ

1868 3262 2008 3312 eum,
2045 3253 2108 3301 ut
2140 3246 2196 3300 in
2233 3244 2429 3300 cellam
2464 3256 2622 3300 suam
2660 3249 3054 3298 reverteretur.
3096 3238 3300 3295 Verum
3335 3253 3446 3294 non

175 3320 359 3392 ἰσχύω,
394 3320 563 3377 assa.
597 3323 709 3377 Kal.
737 3322 917 3379 λαϐὼν
950 3325 1112 3378 αὐτὸν
1142 3324 1263 3396 μεθ’
1302 3326 1524 3393 ἑαυτοῦ,
1552 3328 1758 3399 ἀνήγα-

173 3429 261 3481 γεν
292 3414 379 3477 είς
421 3413 485 3467 τὸ
514 3413 692 3486 δῶμα,
726 3415 822 3470 καὶ
850 3417 998 3486 λέγει
1038 3417 1221 3489 αὐτῷ·
1263 3418 1508 3490 Πρόσχες
1553 3423 1634 3484 είς
1665 3421 1756 3475 δυο

173 3502 329 3572 σμάς,
362 3504 474 3557 Kal.
495 3505 768 3577 προσχὼν,
793 3503 902 3562 εῐδε
926 3509 1131 3581 πλῆθος
1151 3510 1422 3583 δαιμόνων
1453 3514 1759 3585 ἀναρίθμη-

170 3611 288 3649 τον·
323 3597 421 3650 καὶ
461 3592 604 3669 ἦσαν
650 3602 1069 3671 τεταραγμένοι,
1120 3603 1214 3657 καὶ
1259 3603 1618 3676 θορυϐοῦντες
1660 3604 1755 3659 τοῦ

171 3686 443 3757 πολεμεῖν.
466 3687 630 3757 Λέγει
656 3691 806 3762 αὑτῷ
833 3692 997 3747 πάλιν
1024 3696 1053 3747 6
1075 3693 1253 3759 άϐϐᾶς
1294 3695 1592 3768 ’Ῑσίδωροςο
1626 3694 1757 3751 Βλέ-

170 3779 267 3848 ψον
295 3779 395 3834 καὶ
436 3782 520 3844 είς
558 3781 658 3846 τὰς
699 3782 985 3849 ἀνατολάς.
1017 3787 1130 3840 Kal.
1169 3787 1461 3858 προσέσχε,
1498 3788 1591 3842 καὶ
1618 3784 1757 3843 εἶδεν

172 3870 522 3943 ἁναρίθμητα
575 3873 756 3945 πλήθη
812 3875 985 3945 ἁγίων
1036 3878 1285 3947 ἀγγέλων
1331 3879 1754 3952 δεδοξασμένων.

172 3961 276 4015 Kal
322 3961 482 4016 εἶπεν
527 3965 559 4018 6
600 3964 776 4030 άϐϐᾶς
814 3966 1116 4039 Ἰσίδωροςο
1167 3970 1299 4024 Ἰδοὺ
1340 3964 1486 4025 οὗτοι
1536 3975 1675 4026 εἰσιν
1706 3975 1757 4028 οἱ

172 4054 621 4128 ἀποστελλόμενοι
640 4060 755 4123 τοῖς
784 4059 959 4129 ἁγίοις
986 4060 1138 4133 παρὰ
1165 4062 1259 4117 τοῦ
1288 4064 1496 4136 Κυρίου
1526 4066 1607 4130 εἰς
1638 4066 1760 4138 βοή-

174 4143 338 4201 θειαν.
366 4146 433 4198 Οί
483 4145 539 4199 δὲ
586 4148 667 4211 είς
698 4147 929 4219 δυσμὰς,
981 4150 1120 4206 εἰσὶν
1162 4153 1212 4205 οἱ
1258 4152 1622 4225 πολεμοῦντες
1663 4156 1757 4208 αὐ-

173 4236 291 4300 τούς
323 4235 392 4291 “.
429 4237 659 4301 Πλείους
688 4233 782 4292 οὖν
823 4241 963 4294 εἰσιν
993 4241 1043 4295 οἱ
1081 4241 1200 4313 μεθ’
1232 4241 1413 4314 ἡμῶν.
1449 4243 1559 4297 Kal.
1581 4242 1757 4308 οὕτως

174 4328 573 4401 εὐχαριστήσας
611 4332 642 4384 6
670 4330 846 4393 ἁϐϐᾶς
873 4333 1125 4405 Μωῦσῆς.
1142 4334 1220 4405 τῷ
1248 4333 1388 4404 Θεῷ,
1426 4334 1586 4390 ἔλαϐε
1620 4335 1754 4408 θάρ-

177 4435 281 4489 σος,
307 4422 403 4476 καὶ
436 4421 750 4493 ὑπέστρεψε
779 4424 860 4488 είς
884 4422 945 4477 τὸ
971 4424 1177 4479 κελλίον
1210 4425 1401 4483 αὑτοῦ.

239 4594 304 4666 β’.
351 4596 605 4667 ’Δδελφός
634 4617 765 4654 ποτε
797 4602 1005 4676 ἐσφάλη
1042 4604 1123 4668 εἰς
1146 4605 1383 4676 Σκῆτιν·
1418 4606 1512 4660 καὶ
1536 4607 1760 4679 γενομέ-

178 4707 259 4745 νου
286 4693 590 4765 συνεδρίου,
626 4696 956 4752 ἀπέστειλαν
988 4698 1123 4767 πρὸς
1163 4699 1256 4751 τὸν
1281 4698 1458 4753 sese»
1491 4701 1753 4772 Μωῦσῆν.

187 4779 239 4835 '0
257 4782 315 4836 δὲ
341 4784 445 4838 οὐκ
465 4785 660 4856 ἢθελεν
690 4787 889 4845 ἐλθεῖν.
932 4789 1277 4844 Ἀπέστειλεν
1301 4785 1397 4845 οὖν
1426 4791 1563 4863 πρὸς
1592 4792 1757 4847 αὐτὸν

176 4870 203 4925 6
222 4874 614 4948 πρεσϐύτερος,
640 4876 815 4949 λέγων
834 4897 848 4912 ·
898 4880 1072 4949 Ἐλθὲ,
1118 4882 1200 4936 ὃτι
1232 4900 1290 4936 σε
1317 4884 1346 4936 6
1375 4882 1501 4947 λαὸς
1529 4883 1756 4955 περιμέ-

176 4978 266 5019 νει.
307 4966 369 5020 '0
387 4966 448 5022 δὲ
478 4969 718 5034 ἀναστὰς
737 4968 891 5044 ἦλθε.
918 4974 1022 5029 Καὶ
1049 4974 1232 5029 λαϐὼν
1257 4976 1494 5048 σπυρίδα
1517 4994 1680 5047 τετρη
1690 4992 1758 5046 μ-

180 5058 338 5133 ιιινην
363 5060 432 5129 ⁶²υ
464 5063 560 5116 καὶ
590 5065 827 5136 γεμίσας
847 5068 1057 5139 ἄμμου,
1083 5067 1405 5123 ἐϐάστασεν.
1439 5070 1502 5124 0i
1530 5067 1587 5122 δὲ
1610 5066 1757 5131 ἐξελ-

178 5149 353 5218 θόντες
374 5156 458 5220 εἰς
486 5155 791 5229 ἀπάντησιν
816 5158 1004 5224 αὐτοῦ,
1038 5159 1289 5229 λέγουσιν
1325 5159 1474 5231 αὐτῷ
1497 5176 1510 5190 ·
1547 5159 1613 5212 Τί
1641 5160 1755 5211 ἐστι

177 5243 346 5309 τοῦτο,
381 5247 570 5319 Πάτερ
593 5265 609 5315 ;
642 5248 780 5309 Eine
800 5251 859 5306 δὲ
886 5253 1071 5318 αὐτοῖς
1096 5254 1125 5308 6
1146 5254 1325 5326 γέρων
1345 5272 1358 5286 ο
1390 5255 1454 5307 Al
1484 5251 1755 5324 ἁμαρτίαι

249 5383 295 5417 ⁸³
336 5384 421 5440 ΔΙ.
465 5384 765 5444 σκαλίδιον.
858 5389 905 5422 "
943 5387 1029 5443 Al.
1073 5388 1276 5444 λαϐὼν.

183 5451 361 5525 μένην.
830 5500 833 5503 .

392 5573 456 5628 '0
480 5574 667 5643 λόγος
699 5575 732 5627 ό
761 5572 968 5639 κακός.
1001 5570 1059 5625 1η
1080 5569 1319 5660 (Ζοιῢεςι.
1371 5570 1465 5624 lib.
1507 5568 1612 5623 hoc
1666 5584 1750 5624 rc-

243 5657 286 5695 rI
363 5646 728 5697 nonhtbemna
763 5659 778 5695 :
816 5638 983 5696 Εἶπεν
1003 5640 1208 5697 γέοωψ
1276 5644 1317 5694 0
1341 5639 1497 5697 λόγος
1522 5641 1549 5692 ὁ
1580 5638 1748 5697 σκλη-

182 5646 286 5710 peri
316 5646 728 5767 Apophtbegma
763 5659 778 5695 :
816 5646 983 5728 Εῐτεεν
1003 5646 1208 5724 γέρωνο
1257 5646 1317 5694 '0
1341 5646 1497 5709 λόγος
1522 5646 1549 5692 ὁ
1567 5646 1752 5727 ⁹σκλητ⁸

184 5710 540 5836 miros;
564 5714 764 5778 καλούς
786 5729 926 5766 ποίει
954 5728 1156 5775 κακους
1174 5728 1186 5739 '
1218 5712 1246 5766 6
1275 5710 1330 5765 δὲ
1364 5709 1523 5774 καλὸς
1551 5709 1751 5781 ωφελει

184 5794 398 5848 παντας.

1391 5388 1436 5418 ⁶⁰
1485 5386 1571 5441 Al.
1606 5386 1777 5442 inscr.
1824 5386 1853 5440 6
1887 5388 1968 5451 είς
2022 5386 2117 5460 τὴν
2171 5385 2408 5455 Πέτραν.
2487 5383 2531 5416 ἰ
2573 5383 2657 5437 At.
2685 5382 2858 5455 ἡμᾶς.

1858 3338 2157 3411 acquievit,
2207 3336 2448 3394 dicens:
2479 3332 2600 3391 Non
2645 3334 2823 3399 valeo,
2874 3333 3034 3389 abba.
3083 3331 3241 3387 Tunc
3291 3346 3446 3387 assu-

1858 3445 2016 3486 mens
2063 3444 2189 3484 eum
2229 3442 2440 3495 secum,
2481 3425 2711 3482 adduxit
2746 3427 2801 3481 in
2833 3433 3064 3489 tectum,
3112 3430 3169 3480 et
3204 3424 3320 3478 ait:
3348 3423 3447 3477 At-

1859 3519 2021 3575 tende
2047 3520 2113 3574 ad
2145 3519 2507 3574 occidentem.
2548 3517 2727 3588 Atque
2759 3516 3071 3579 attendens,
3099 3514 3238 3569 vidit
3270 3515 3441 3568 innu-

1855 3625 2066 3666 meram
2097 3609 2406 3664 darmonum
2435 3607 2878 3672 multitudinem;
2916 3615 3072 3662 erant
3104 3613 3291 3661 autem
3313 3619 3447 3660 con-

1854 3700 2082 3766 turbati,
2115 3709 2171 3756 et
2195 3700 2598 3756 tumultuantes
2622 3700 2687 3755 ad
2716 3698 3094 3769 praeliandum.
3122 3697 3214 3751 Ait
3244 3697 3447 3753 iterum

1855 3793 2030 3849 abbas
2074 3791 2325 3848 Isidorus
2361 3810 2376 3847 :
2410 3790 2647 3862 Respice
2685 3791 2851 3845 etiam
2889 3789 2958 3843 ad
3002 3789 3299 3844 orientem.
3349 3787 3448 3842 At-

1856 3884 2053 3948 tendit,
2093 3883 2491 3954 conspexitque
2523 3880 2984 3937 innumerabilem
3021 3878 3434 3934 multitudinem

1856 3983 2176 4033 sanctorum
2212 3976 2533 4047 angelorum
2564 3973 2739 4043 gloria
2774 3972 3125 4027 donaturum.
3160 3969 3307 4025 Dixit
3339 3983 3445 4025 au-

1856 4075 1968 4122 tem
2011 4067 2182 4121 abbas
2216 4063 2464 4120 Isidorus
2493 4083 2507 4119 :
2542 4061 2686 4116 Ecce
2712 4061 2803 4117 isti
2833 4066 2961 4114 sunt
2989 4058 3081 4128 qui
3118 4073 3149 4111 a
3177 4057 3287 4112 Deo
3316 4058 3446 4112 mit-

1856 4167 2051 4213 tuntur
2080 4157 2291 4213 sanctis
2338 4156 2395 4211 in
2442 4154 2736 4209 auxilium.
2768 4150 2870 4218 Qui
2901 4164 3033 4204 vero
3062 4148 3130 4204 ad
3159 4163 3444 4216 occasum,

1858 4248 1894 4303 ii
1932 4253 2063 4302 sunt
2087 4247 2181 4316 qui
2216 4244 2438 4301 eosdem
2466 4249 2694 4299 sanctos
2719 4242 3064 4312 impugnant.
3096 4236 3448 4295 Multitudine

1856 4351 1994 4408 ergo
2033 4342 2299 4406 superant
2323 4335 2417 4403 qui
2448 4331 2739 4388 nobiscum
2778 4338 2929 4387 sunt.
2961 4330 3145 4392 Atque
3174 4330 3249 4383 ita
3275 4329 3446 4385 abbas

1858 4427 2075 4500 Moyses
2106 4426 2301 4499 gratiis
2344 4425 2458 4482 Deo
2494 4424 2653 4490 actis,
2693 4422 2946 4478 ﬁduciam
2982 4422 3241 4493 sumpsit,
3275 4428 3329 4477 et
3359 4436 3447 4478 re-

1788 4544 1835 4601 ι)
1871 4535 2066 4577 versus
2104 4526 2185 4575 est
2217 4519 2273 4573 in
2300 4518 2493 4573 cellam
2524 4531 2702 4571 suam.

1933 4613 1990 4665 2.
2033 4609 2146 4681 (15)
2175 4608 2232 4664 In
2268 4608 2413 4665 Sceti
2454 4606 2749 4678 aliquando
2784 4605 2957 4662 frater
2985 4605 3177 4676 lapsus
3226 4613 3351 4671 est;
3390 4612 3451 4666 et

1862 4701 2012 4759 facto
2051 4717 2338 4769 consessu,
2389 4700 2659 4757 miserunt
2695 4701 2760 4754 ad
2798 4700 3046 4754 abbatem
3094 4685 3357 4769 Moysem.
3395 4695 3446 4751 Is

1860 4812 1991 4851 vero
2018 4795 2208 4852 venire
2253 4794 2450 4849 noluit.
2487 4791 2678 4862 itaque
2711 4791 2781 4845 ad
2815 4805 2942 4846 eum
2987 4787 3287 4845 destinavit
3317 4800 3442 4856 pre-

1860 4885 2064 4957 sbyter,
2107 4884 2370 4940 nuntians
2401 4901 2415 4937 :
2448 4880 2609 4947 Veni,
2650 4882 2780 4951 quia
2817 4888 2873 4936 te
2898 4888 3079 4935 cretus
3135 4883 3441 4947 exspectat.

1859 4978 2104 5049 Surgens
2156 4979 2247 5033 ille
2297 4973 2575 5047 profectus
2618 4981 2725 5029 est.
2765 4972 2833 5027 Et
2863 4971 3143 5048 accipiens
3195 4974 3445 5041 sportam

1858 5070 2215 5143 perforatam,
2244 5067 2591 5138 implensque
2612 5079 2802 5131 arena,
2833 5064 3096 5137 portavit.
3125 5061 3203 5116 Illi
3232 5076 3440 5117 eatena.

1856 5171 1938 5217 tes
1968 5163 2022 5216 in
2050 5175 2342 5217 occursum
2372 5159 2515 5229 ejus,
2543 5165 2741 5229 rogant
2766 5175 2778 5212 :
2805 5155 2946 5224 Quid
2978 5157 3083 5211 hoc
3113 5162 3219 5219 est,
3240 5152 3441 5208 Pater?

1857 5250 2159 5323 Respondit
2196 5266 2408 5308 senex:
2439 5250 2670 5307 Peccata
2713 5241 2833 5305 mea
2886 5255 3012 5321 post
3046 5262 3133 5302 me
3168 5245 3438 5309 deﬂuunt,

2956 5380 3001 5413 "
3031 5377 3117 5436 Al.
3161 5393 3440 5453 τετρυπη-

1928 5569 2040 5640 (Ml
2088 5569 2195 5625 Vit.
2220 5570 2377 5625 Patr.
2416 5587 2500 5636 ιιι,
2532 5570 2650 5625 189.

1930 5639 2062 5707 (Μ’)
2106 5641 2208 5695 l’il.
2242 5640 2393 5694 Patr.
2424 5658 2578 5706 ιιι-ιιι,
2606 5639 2692 5696 12.

1931 5710 2042 5780 (15)
2092 5709 2189 5763 l’it.
2230 5710 2380 5767 Patr.
2409 5727 2481 5781 Ix,
2509 5711 2561 5765 4.
