3994 6336
571 381 682 440 285

1711 385 2058 444 APPENDIX
2102 389 2192 443 AD
2233 389 2650 445 PALLADIUM.

3716 390 3826 454 385

555 512 683 578 nec,
722 495 876 551 video
929 493 1056 560 illa;
1119 496 1332 552 accessi
1382 503 1564 554 tamen
1615 499 1776 556 hodie
1824 502 2121 572 judicatunt

2241 505 2342 576 μού
2389 506 2527 558 εἰσιν
2570 501 2744 556 ὀπίσω
2796 518 2895 574 μου
2941 501 3362 573 καταρῤέουσαι,
3402 503 3496 556 καὶ
3533 503 3594 558 οὑ
3641 505 3824 578 βλέπω

552 577 730 642 aliena
771 595 1016 655 peccata.
1058 585 1177 652 Quo
1222 588 1430 657 audito,
1475 590 1612 647 nihil
1652 593 1821 648 locuti
1857 600 1990 650 sunt
2026 594 2137 650 fra-

551 678 649 741 tri,
684 676 780 732 sed
807 678 857 730 ei
893 676 1246 748 ignoverunt.

622 851 677 904 3.
723 850 835 923 (l6)
870 853 987 906 Alia
1013 853 1130 910 vice
1176 863 1298 910 acto
1339 872 1604 915 consessu
1640 861 1695 916 in
1742 861 2134 932 Secti,Patres

549 943 798 999 volentes
847 960 971 1000 eum
1023 947 1278 1016 probare,
1321 959 1772 1023 contempserunt
1825 955 2000 1022 illum,
2044 960 2131 1013 di-

548 1033 727 1088 cendo
765 1055 776 1091 :
809 1035 922 1092 Cur
945 1037 1200 1108 Ethiops
1239 1040 1341 1096 iste
1387 1043 1534 1097 venit
1567 1044 1621 1098 in
1649 1045 1823 1101 medio
1855 1046 2137 1103 nostrum?

551 1127 645 1182 llle
691 1144 819 1183 vero
856 1130 1108 1195 audiens,
1141 1134 1334 1187 tacuit.
1371 1131 1666 1205 Postquam
1718 1146 1900 1192 autem
1937 1138 2134 1194 diutis--

549 1235 647 1275 sus
698 1221 801 1275 l'uit
847 1232 1153 1279 conventus
1211 1225 1367 1281 aiunt
1417 1228 1467 1282 ei
1500 1247 1512 1282 :
1545 1228 1718 1294 Abba,
1778 1229 1916 1283 nihil
1968 1229 2132 1284 modo

549 1314 802 1371 turbatus
847 1318 948 1371 es?
999 1316 1300 1389 Respondit
1335 1339 1347 1374 :
1379 1321 1648 1375 Turbatus
1693 1338 1834 1389 sum,
1892 1321 1982 1377 sed
2028 1340 2130 1377 non

547 1422 665 1459 sum
699 1407 906 1461 loculus
930 1409 994 1464 "’.

616 1499 670 1552 4.
716 1499 829 1569 (Π)
857 1503 1186 1571 Accepimus
1210 1503 1278 1559 de
1301 1506 1498 1560 abbate
1529 1506 1734 1578 Moyse,
1773 1508 1920 1579 quod
1951 1507 2129 1563 factus

545 1598 632 1644 est
681 1591 934 1659 clericus,
993 1602 1046 1648 et
1095 1595 1474 1665 imposuerunt
1526 1599 1602 1652 illi
1643 1601 2127 1667 superhumerale;

546 1681 794 1752 dixitque
845 1687 1336 1758 archiepiscopus:
1371 1689 1510 1745 Ecce
1557 1693 1784 1746 evasisti
1840 1700 1990 1747 totus
2044 1693 2126 1746 al-

547 1774 672 1840 bus,
705 1777 843 1831 abba
879 1778 1112 1850 Moyses.
1152 1780 1244 1833 Ait
1275 1780 1353 1834 illi
1386 1797 1552 1836 senex
1581 1801 1594 1836 ε
1627 1781 1824 1853 Utique
1859 1785 2122 1851 exterius,

2239 597 2410 660 αὑτάς
2433 611 2448 626 ο
2489 594 2583 649 καὶ
2615 591 2779 667 ἦλθον
2821 593 2932 662 ἐγὼ
2960 594 3221 664 σήμερον,
3263 594 3636 666 ἁμαρτήματα
3667 600 3821 655 ἀλλό-

2237 705 2364 758 τρια
2397 691 2598 758 κρῖναι.
2635 688 2697 739 υἱ
2737 686 2793 738 δὲ
2835 685 3185 750 ἀκούσαντες,
3237 686 3390 740 οὐδὲν
3434 687 3702 762 ἐλάλησαν
3743 693 3818 764 τῷ

2236 773 2449 844 ἁδελφῷ
2468 790 2481 802 ·
2515 771 2650 826 ἀλλὰ
2687 773 3068 843 συνεχώρησαν
3095 773 3262 844 αὐτῷ.

2307 865 2355 934 γ’
2362 905 2376 919 .
2412 865 2633 918 Ἀλλοτε
2669 865 2944 936 συνεδρίου
2976 866 3266 935 γενομένου
3295 869 3352 920 ἐν
3378 871 3442 938 τῇ
3479 870 3694 941 Σκήτει,
3733 873 3808 928 θι.

2235 956 2417 1018 λοντες
2442 955 2602 1008 αὐτὸν
2629 957 2677 1009 οἱ
2707 955 2948 1026 Πατέρες
2993 955 3305 1025 δοκιμάσαι,
3340 956 3704 1021 ὲξουδένωσαν
3730 965 3820 1017 αὺ-

2233 1046 2346 1110 τὸν,
2379 1046 2627 1114 λέγοντες
2648 1063 2660 1077 ’
2693 1047 2757 1098 Τί
2785 1048 2878 1099 καὶ
2905 1049 2932 1099 6
2955 1046 3150 1115 Αἰθίοψ
3173 1042 3328 1111 οὗτος
3371 1049 3591 1120 ἔρχεται
3619 1054 3699 1115 είς
3718 1054 3818 1125 τίτί

2238 1139 2408 1210 μέσην
2441 1139 2487 1170 ⁸⁵
2527 1139 2717 1210 ήμῶν;
2765 1140 2824 1194 Ὀ
2857 1139 2912 1192 δὲ
2958 1139 3199 1203 ἀκούσας
3231 1140 3527 1213 ἐσιώπησε.
3560 1145 3716 1198 Μετὰ
3758 1147 3815 1200 δὲ

2233 1228 2293 1280 τὸ
2333 1228 2670 1296 ἀπολυθῆναι
2720 1230 2936 1296 αὐτοὺς,
2991 1230 3238 1299 λέγουσιν
3273 1231 3454 1302 αὐτῷ·
3499 1233 3689 1299 Ἀδδᾶ,
3725 1237 3819 1290 οὐ·

2232 1319 2318 1371 δὲν
2354 1319 2396 1351 ⁸⁸
2424 1321 2546 1391 ἄρτι
2599 1319 2940 1391 ἐταράχθης;
2971 1321 3134 1389 Λέγει
3173 1322 3382 1386 αὐτοῖς·
3426 1324 3814 1395 Ἐταράχθην,

2233 1411 2370 1464 ἀλλ’
2389 1413 2497 1463 οὐκ
2519 1411 2816 1478 ἐλάλησα.

2303 1501 2364 1555 δ’.
2402 1499 2627 1570 Ἔλεγον
2663 1502 2792 1573 περὶ
2837 1501 2930 1555 τοῦ
2967 1502 3110 1556 ἀϐδᾶ
3156 1503 3455 1570 Μωῡσέως,
3484 1505 3565 1558 ὅτι
3600 1506 3818 1574 ἐγένετο

2234 1595 2512 1665 κληρικὸς,
2544 1595 2637 1648 καὶ
2675 1594 2948 1665 ἐπέθηκαν
2982 1595 3130 1666 αύτῷ
3157 1595 3254 1667 τὴν
3295 1597 3564 1666 ἐπωμίδα.
3599 1599 3705 1650 Καὶ
3730 1599 3818 1652 λέ-

2231 1703 2317 1754 γει
2351 1687 2498 1756 αὐτῷ
2527 1687 2554 1738 6
2583 1687 3010 1756 ἁρχιεπίσκοπος
3033 1703 3048 1718 ο
3087 1688 3214 1740 Ἰδοὺ
3246 1687 3474 1758 γέγονας
3510 1689 3815 1755 δλόλευκος,

2231 1778 2375 1832 ἀδδᾶ
2419 1779 2644 1847 Μωῦσῆ.
2675 1778 2835 1847 Λέγει
2885 1779 3034 1850 αὐτῷ
3072 1782 3099 1833 6
3129 1781 3306 1851 γέρων
3331 1798 3345 1812 ο
3379 1783 3524 1853 Ἀρα
3575 1783 3644 1835 τά
3685 1783 3812 1850 ἔξω,

543 1867 743 1924 domne
778 1885 937 1940 papa,
980 1871 1187 1924 utinam
1226 1880 1281 1926 et
1329 1873 1592 1927 interius!
1639 1873 1811 1929 Porro
1861 1878 2121 1948 archiepi-

2239 1868 2356 1939 κῦρι
2384 1869 2495 1938 (22)
2524 1871 2552 1921 6
2581 1869 2775 1932 Πάπας
2809 1868 2874 1901 ⁸⁸·
2904 1871 2935 1940 ἦ
2965 1871 3056 1923 καὶ
3079 1869 3148 1924 τὰ
3178 1871 3319 1925 Eam!
3356 1871 3538 1926 Θέλων
3565 1872 3621 1925 δὲ
3658 1875 3687 1925 6
3717 1876 3813 1945 ἀρ-

543 1977 769 2032 scopus,
823 1971 883 2016 ut
958 1964 1214 2032 probaret
1276 1980 1438 2029 cum,
1523 1966 1781 2036 praecepit
1850 1967 2121 2024 clericis:

543 2051 776 2118 Quando
830 2055 1182 2124 ingressurus
1230 2065 1313 2111 est
1361 2058 1530 2113 abbas
1574 2057 1786 2130 Moyses
1837 2060 1892 2114 in
1942 2077 2127 2116 sacra-

542 2145 990 2216 riumLexpellite
1020 2163 1166 2213 eum,
1203 2156 1256 2204 et
1291 2150 1604 2220 sequimini,
1633 2161 1693 2206 ut
1723 2153 1961 2208 audiatis
1994 2155 2124 2224 quid

544 2237 620 2290 sit
670 2237 940 2293 dicturus.
983 2237 1211 2293 Intravit
1263 2257 1394 2312 ergo
1447 2258 1649 2310 senex;
1703 2252 1756 2298 et
1805 2245 2127 2317 increpave-

546 2336 675 2381 runt
699 2344 823 2381 eum
857 2343 919 2382 ac
947 2330 1296 2399 pepulerunt,
1333 2346 1458 2385 cum
1483 2332 1568 2388 his
1603 2335 1783 2390 verbis
1815 2353 1828 2388 :
1864 2333 2011 2390 Vade
2039 2336 2122 2389 fo-

542 2432 656 2480 ras,
688 2417 967 2489 Ethiops.
1007 2420 1118 2491 (l8)
1143 2422 1212 2474 At
1241 2421 1328 2477 ille
1358 2422 1548 2479 exiens
1571 2423 1752 2478 aiebat
1783 2425 1888 2480 sibi
1919 2445 1932 2479 :
1958 2424 2124 2481 licele

542 2510 638 2563 tibi
679 2510 948 2573 fecerunt,
1009 2513 1225 2568 cinerea
1287 2521 1434 2579 cute,
1495 2515 1670 2586 nigro.
1735 2515 1840 2582 Qui
1901 2533 2008 2572 non
2065 2535 2124 2574 es

543 2599 727 2667 homo,
763 2617 934 2672 quare
970 2603 1109 2658 inter
1150 2604 1400 2660 homines
1425 2607 1612 2662 venis?

612 2693 666 2747 5.
706 2693 818 2763 (l9)
853 2693 906 2747 In
942 2695 1086 2749 Secti
1115 2695 1302 2750 datum
1333 2704 1418 2752 est
1441 2698 1740 2767 aliquando
1770 2701 2120 2758 mandatum:

541 2781 657 2837 Hac
693 2783 1033 2838 hebdomada
1056 2785 1302 2855 jejuuate
1334 2806 1347 2840 :
1381 2795 1436 2842 ot
1477 2795 1608 2842 tunc
1633 2791 1899 2861 temporis
1939 2794 2120 2846 conti-

539 2875 640 2945 git,
689 2888 748 2930 ut
794 2877 991 2931 fratres
1043 2877 1110 2932 ab
1157 2877 1394 2950 {Egypto
1449 2881 1703 2936 venirent
1747 2883 1814 2936 ad
1870 2884 2121 2939 abbatem

539 2967 801 3040 Moysem.
838 2967 989 3024 Fecit
1028 2968 1108 3023 eis
1153 2971 1428 3026 modicum
1466 2973 1754 3042 pulmenti.
1799 2973 1974 3028 Vicini
2027 2990 2124 3029 au-

540 3068 646 3113 tem
689 3070 986 3130 conspecto
1014 3061 1183 3125 fumo,
1218 3061 1474 3116 dixerunt
1497 3063 1754 3119 clericis:
1796 3064 1934 3119 Ecce
1968 3065 2121 3136 Moy—

2229 1979 2311 2031 χιε
2323 1962 2583 2024 πίσκοπος
2605 1961 2669 1993 ⁸⁶’
2688 1961 2981 2032 δοκιμάσαι
3004 1963 3182 2027 αὑτὸν,
3210 1964 3354 2031 λέγει
3372 1966 3484 2026 τοῖς
3501 1964 3781 2035 κληρικοῖς
3797 1980 3810 1995 ο

2229 2055 2398 2106 Ὅταν
2429 2053 2742 2125 εἰσέρχηται
2769 2053 2985 2116 ὀάϐϐάς
3027 2055 3266 2124 Μωῦσῆς
3313 2057 3393 2118 είς
3420 2055 3480 2107 τὸ
3527 2056 3812 2126 ἱερατεῖον,

2226 2144 2451 2211 διώξατε
2501 2135 2682 2209 αὐτὸν,
2733 2146 2828 2198 καὶ
2877 2146 3280 2216 ἀκολουθήσατε
3313 2145 3484 2216 αὐτῷ,
3519 2147 3604 2200 ἵνα
3648 2146 3816 2200 ἁκού-

2229 2252 2358 2305 σητε
2384 2236 2435 2288 τί
2484 2236 2652 2304 λέγει.
2685 2236 2946 2306 Εἰσῆλθεν
2973 2232 3067 2288 οὖν
3096 2238 3124 2288 6
3169 2236 3346 2307 γέρων
3367 2254 3379 2266 '
3414 2236 3504 2289 καὶ
3549 2237 3816 2307 ἐπετίμη-

2228 2342 2327 2379 σαν
2366 2327 2550 2391 αύτδν,
2580 2327 2674 2380 καὶ
2708 2327 2951 2394 ἐδίωξαν,
2993 2327 3274 2394 λέγοντες·
3317 2327 3531 2394 ’Ὕπαγε
3559 2327 3684 2392 ἔξω,
3717 2329 3812 2380 Αί-

2228 2421 2372 2490 θίοψ.
2412 2421 2468 2473 '0
2489 2421 2543 2474 δὲ
2577 2419 2807 2485 ἐξελθὼν
2837 2421 3022 2488 ἔλεγεν
3049 2418 3222 2489 ἑαυτῷ
3245 2437 3260 2452 ο
3285 2420 3480 2484 Καλῶς
3509 2436 3591 2472 σοι
3624 2419 3817 2488 ὲποίη-

2229 2527 2348 2574 σαν,
2381 2512 2709 2582 σποδόδερμε
2755 2513 2885 2582 (⁸25),
2922 2511 3139 2581 μελανέ.
3167 2511 3251 2581 Μὴ
3293 2509 3368 2564 ὢν
3419 2510 3728 2580 ἄνθρωπος,
3759 2510 3817 2563 τί

2227 2601 2361 2675 ἔρχῃ
2404 2603 2542 2673 μετὰ
2572 2604 2614 2636 ⁸⁷
2650 2602 2989 2673 ἁνθρώπων;

2297 2694 2356 2748 ε’.
2407 2695 2592 2765 Ἐδόθη
2617 2696 2748 2748 ποτὲ
2773 2697 2853 2759 είς
2888 2697 3085 2767 Σκῆτιν
3112 2695 3299 2767 ἐντολὴ
3325 2696 3426 2761 ὅτι,
3463 2695 3813 2767 Νηστεύσατε

2225 2787 2322 2856 τὴν
2363 2787 2630 2856 ἑϐδομάδα
2651 2787 2884 2859 ταύτην·
2914 2788 3008 2839 καὶ
3038 2786 3157 2839 κατ’
3182 2786 3491 2857 εὐκαιρίαν,
3567 2785 3815 2856 παρέϐα-

2225 2876 2314 2930 λον
2347 2877 2566 2946 ἀδελφοὶ
2589 2877 2701 2947 (24)
2726 2879 2834 2932 ἀπὸ
2869 2879 3145 2946 Αίγύπτου
3177 2877 3255 2948 τῷ
3281 2879 3424 2949 άδϐᾷ
3447 2880 3652 2948 Μωῦσῇ
3673 2892 3689 2908 ⁸
3717 2878 3816 2933 καὶ

2226 2968 2478 3038 ἐποίησεν
2504 2970 2688 3031 αὐτοῖς
2714 2969 2907 3038 μικρὸν
2932 2970 3140 3040 ἕψημα.
3173 2969 3286 3024 Καὶ
3327 2969 3525 3033 ἰδόντες
3558 2969 3607 3021 οἱ
3633 2969 3811 3037 γείτο-

2224 3078 2314 3123 νες
2343 3061 2433 3112 τὸν
2469 3060 2696 3124 καπνὸν,
2725 3056 2876 3113 εἷπον
2900 3064 3010 3124 τοῖς
3043 3062 3327 3131 κληρικοϊς
3350 3078 3365 3094 ο
3411 3061 3542 3114 Ἰδοὺ
3571 3061 3812 3132 Μωῢσῆς

538 3166 630 3207 ses
664 3152 827 3205 solvit
858 3152 1200 3216 mandatum,
1231 3153 1569 3222 pulmentum
1603 3155 1943 3211 conﬁciendo
1977 3157 2118 3227 apud

2239 3149 2490 3203 κατέλυσε
2519 3149 2618 3220 τὴν
2649 3149 2890 3220 ἐντολὴν,
2923 3150 3016 3202 καὶ
3038 3150 3225 3221 ἕψημα
3249 3153 3376 3222 παρ’
3403 3151 3580 3222 ἑαυτῷ
3617 3151 3812 3220 ἐποίη-

539 3258 621 3298 se.
655 3242 1001 3313 Exceperunt
1027 3245 1138 3298 illi:
1173 3244 1404 3311 Quando
1431 3248 1743 3314 accesserit,
1783 3263 1883 3302 nos
1916 3249 2112 3319 loque-

539 3351 665 3415 mur
715 3337 787 3391 ei.
855 3335 952 3392 Die
997 3338 1166 3408 igitur
1205 3339 1448 3407 Sabbati,
1499 3341 1687 3396 clerici
1749 3352 2115 3414 agnoscentes

539 3429 795 3483 eximiam
843 3429 1060 3484 abbatis
1109 3429 1312 3501 Moysis
1361 3431 1581 3486 vivendi
1630 3434 1920 3501 rationem,
1961 3435 2115 3491 dixe-

541 3529 669 3572 runt
711 3519 760 3573 ei
803 3533 989 3573 coram
1019 3519 1170 3574 omni
1222 3521 1566 3578 multitudine
1602 3541 1615 3576 :
1645 3524 1831 3579 Abbas
1879 3523 2118 3596 Moyses.

541 3609 752 3663 solvisti
802 3608 1119 3664 mandatum
1163 3609 1468 3680 hominum,
1515 3613 1609 3668 sed
1649 3613 1743 3669 Dei
1783 3614 2111 3671 observasti.

611 3786 666 3838 6.
708 3785 821 3855 (20)
851 3783 1055 3841 Scetim
1093 3787 1244 3842 venit
1269 3787 1439 3846 frater
1469 3790 1536 3846 ad
1565 3791 1819 3846 abbatem
1851 3790 2115 3863 Moysem,

537 3878 825 3947 postulans
869 3879 937 3932 ab
972 3895 1038 3935 eo
1083 3894 1416 3937 sermonem.
1452 3882 1542 3936 Ait
1585 3883 1663 3938 illi
1702 3898 1868 3938 senex
1899 3902 1913 3937 :
1948 3881 2118 3949 Vade,

539 3967 670 4024 sede
708 3968 766 4024 in
796 3969 932 4026 cella
965 3978 1092 4039 tua;
1124 3979 1181 4027 et
1214 3974 1355 4028 cella
1378 3981 1473 4028 tua
1513 3983 1566 4028 te
1598 3981 1797 4028 cuncta
1837 3973 2114 4029 edocebit.

610 4145 666 4203 7.
715 4147 829 4219 (il)
880 4148 1164 4206 Sententia
1229 4152 1447 4210 abbatis
1496 4151 1698 4223 lloysis
1749 4151 1969 4209 :llomo
2025 4151 2116 4207 fu-

2227 3260 2338 3296 σεν.
2373 3244 2434 3296 Οἱ
2467 3243 2524 3295 δὲ
2559 3239 2711 3295 εἷπον
2735 3259 2749 3274 ο
2787 3242 2918 3294 Ὅτε
2953 3242 3192 3314 ἔρχεται,
3223 3245 3384 3314 ἡμεῖς
3413 3243 3681 3314 λαλοῦμεν
3711 3245 3812 3296 αύο

2224 3335 2320 3404 τῷ.
2400 3333 2506 3387 Τοῦ
2576 3333 2632 3386 δὲ
2709 3331 2978 3386 σαϐϐάτου
3050 3333 3379 3402 γενομένου,
3451 3335 3498 3386 οἱ
3561 3333 3815 3404 κληρικοὶ

2228 3427 2426 3490 ἰδόντες
2454 3427 2552 3498 τὴν
2589 3426 2834 3496 μεγάλην
2869 3425 3145 3478 πολιτείαν
3178 3425 3270 3478 τοῦ
3316 3425 3462 3478 ἀδεᾶ
3507 3425 3810 3488 Μωῦσέως,

2224 3518 2409 3586 ἔλεγον
2444 3518 2591 3588 αὐτῷ
2617 3516 2929 3588 ἔμπροσθεν
2959 3515 3050 3570 τοῦ
3092 3515 3221 3570 λαοῦ
3247 3533 3260 3546 ο
3289 3511 3361 3568 *Ω
3392 3515 3536 3568 ἀδεᾶ
3577 3513 3810 3584 Μωῦσῆ,

2224 3609 2323 3681 τὴν
2354 3609 2574 3680 ἐντολὴν
2595 3609 2705 3663 τῶν
2727 3607 3030 3679 ἀνθρώπων
3057 3608 3274 3671 ἔλυσας,
3302 3606 3396 3662 καὶ
3423 3607 3518 3676 τὴν
3551 3605 3643 3658 τοῦ
3674 3605 3813 3659 Θεοῦ

2225 3697 2495 3769 ὲφύλαξας
2520 3699 2585 3754 ⁸³.
2631 3713 2635 3715 ’

2299 3797 2373 3855 ς’.
2418 3789 2668 3858 Ἀδελφδς
2693 3788 2999 3860 παρέϐαλεν
3020 3789 3100 3851 είς
3116 3789 3315 3858 Σκῆτιν
3343 3787 3480 3858 πρὸς
3511 3785 3602 3838 τὸν
3636 3785 3814 3839 ἀεδᾶν

2226 3880 2490 3950 Μωῦσῆν,
2533 3879 2854 3949 αἰτούμενος
2893 3881 3022 3948 παρ’
3053 3877 3218 3931 αὐτοῦ
3250 3877 3427 3944 λόγον.
3463 3875 3630 3942 Λέγει
3660 3875 3815 3944 αὐτῷ

2222 3974 2252 4025 6
2283 3971 2460 4042 γέρων
2483 3988 2498 4003 ’
2532 3971 2772 4037 ⁰’Υπαγε,
2808 3970 3031 4024 κάθισον
3075 3971 3153 4033 είς
3185 3968 3247 4020 τὸ
3293 3967 3502 4021 κελλίον
3551 3983 3676 4019 σουο
3716 3967 3815 4020 καὶ

2227 4063 2288 4114 τδ
2315 4062 2523 4115 κελλίον
2551 4079 2644 4116 σου
2676 4061 2916 4115 διδάσκει
2947 4079 3004 4115 σε
3043 4061 3240 4114 πάντα.

2299 4153 2362 4218 ζ’.
2392 4150 2557 4208 Εἶπεν
2590 4157 2618 4208 6
2643 4152 2815 4216 ἀϐϐἆς
2845 4154 3085 4222 Μωῦσῆς
3109 4170 3123 4184 '
3153 4151 3471 4224 Ἀνθρωπος
3498 4147 3713 4220 φεύγων
3741 4148 3807 4213 ⁸⁸,

613 4320 657 4352 ⁸³
688 4319 831 4401 ξδεοι.
851 4335 1073 4401 ιξξιῃι,
1201 4325 1279 4401 λδ
1303 4324 1470 4379 Αἰπὺ
1503 4324 1690 4401 μέσον.
1713 4396 1746 4401 __
1767 4327 1810 4358 ⁸⁵
1840 4325 1929 4401 _Al.
1956 4325 2078 4401 οὐκ,

2249 4327 2353 4380 Alii
2381 4326 2543 4401 Πάπα
2569 4327 2756 4401 sine_6.
2813 4327 3002 4401 _“'Al.
3025 4327 3341 4401 ἐπίσκοπος.
3419 4329 3461 4359 ⁸⁷
3483 4329 3566 4380 Al.
3586 4328 3814 4401 εἰσέρχῃ

539 4392 598 4444 ἐν
642 4389 815 4460 μέσῳ.
891 4390 936 4420 ⁸⁸
965 4391 1052 4445 Al.
1083 4391 1462 4463 ᾠκοδόμησας.
1503 4389 1516 4396 ⁷
1539 4397 1584 4427 ⁶⁹
1623 4395 1806 4450 Malim
1840 4396 2018 4466 legere
2052 4397 2116 4449 άν

2240 4413 2374 4460 πους
2406 4396 2643 4464 φεύγων,
2679 4398 2913 4451 homines
2953 4398 3178 4466 fugiens.
3214 4389 3371 4450 Ευιτ.

609 4547 724 4620 (l6)
761 4546 869 4620 fit.
900 4544 1054 4620 Eutr.
1079 4562 1192 4612 xvr,
1223 4548 1275 4620 7.

606 4615 721 4688 (l7)
759 4615 869 4688 γει.
903 4615 1057 4674 Patr.
1092 4633 1184 4680 xv,
1219 4619 1310 4672 29.

610 4687 724 4759 (18)
754 4687 977 4759 Det-otii.
1014 4689 1194 4743 Doctr.
1223 4689 1310 4744 14.

606 4758 719 4827 (in)
762 4758 866 4814 va.
910 4759 1066 4813 Patr.
1102 4775 1226 4823 xm,
1251 4762 1304 4816 4.

608 4831 722 4903 (ξομ)
913 4828 1069 4903 Patr.
1095 4848 1176 4898 tu,
1218 4832 1337 4903 109;
1369 4833 1436 4903 ll,
1468 4835 1523 4891 9.

609 4898 720 4971 (at)
767 4898 867 4956 νει.
901 4899 1056 4971 Patr.
1091 4918 1153 4963 ιι.
1190 4903 1278 4958 l0.

607 4971 914 5047 (2‘2)_Ki;pt.
935 4970 1110 5047 Graeci
1146 4976 1482 5047 recentiores
1505 4975 1650 5047 quod
1677 4983 1762 5031 est
1784 4973 1971 5047 κύριος
1996 4975 2120 5030 ell'e-

535 5039 666 5117 t'tlttl
687 5039 870 5117 κῦρφςρ
895 5049 947 5117 et
979 5040 1161 5117 κῦρις,
1203 5045 1385 5117 κύρις,
1422 5056 1482 5101 ut
1513 5039 1676 5102 nemo
1717 5039 1915 5102 nescit.
1944 5045 2122 5116 Atque

537 5114 666 5167 hinc
695 5125 724 5164 a
759 5112 892 5186 viris
915 5110 1096 5186 ductis
1127 5110 1404 5186 redarguti
1437 5128 1563 5171 sunt
1589 5117 1624 5169 ii
1657 5117 1749 5186 qui
1782 5131 1900 5170 eam
1931 5110 2120 5170 voc-em

537 5198 636 5252 pro
659 5180 878 5255 nomine
905 5185 1127 5255 proprio
1159 5180 1514 5255 accipientes,
1536 5180 1737 5242 multos
1764 5187 1920 5242 nobis
1945 5187 2121 5255 Cyros

538 5251 929 5319 procuderunt.
951 5251 1062 5306 Nec
1087 5251 1330 5310 contenti
1361 5257 1512 5311 fuere
1529 5256 1763 5312 Grzeculi
1791 5258 1894 5311 hac
1919 5251 2120 5310 decur-

535 5323 743 5374 tatioue
765 5339 790 5399 _:
809 5322 1040 5399 brevius
1070 5326 1248 5399 adhuc
1273 5327 1555 5399 $9,169.
1573 5327 2039 5399 dixerunt,etiam
2066 5328 2117 5380 in

534 5391 932 5512 comgositione
960 5395 1065 5461 κὺρ
1084 5396 1328 5466 Μάρκος,
1350 5391 1460 5469 κῡρ
1489 5391 1660 5461 λέων,
1699 5397 1806 5468 κῦρ
1847 5396 2116 5466 Ἰωάννης,

534 5459 641 5512 κῢο
699 5461 952 5512 εοφάντις.
967 5461 1071 5512 κῦο
1087 5465 1331 5512 Κοσιιᾶε-
1347 5467 1452 5512 κῦο
1469 5468 1686 5512 ’Inm-im-
1703 5468 1808 5512 κῦο
1821 5467 2116 5512 Θεοδόσιος.

533 5461 2117 5539 Ξεὲρθεοφάενης»ἐὖρέίοάμᾶςνκῦῤἰιιξςὴφικῦῥθεοδρσιὸςο

536 5529 795 5608 illucque
818 5529 1173 5608 Latiniser
1189 5529 1432 5592 Alexius'
1455 5547 1510 5592 ct
1538 5529 1910 5608 Ky'r'Aleiius.
1928 5537 2119 5608 AChyr-

536 5598 733 5655 Lucas.
776 5598 1249 5679 ln_Vi|lhar_d'uino
1298 5609 1542 5679 Sursac,
1687 5617 1772 5679 est
1808 5598 2121 5679 ΚυρΊσοῐά-

537 5679 802 5747 κιοςλοιιι
845 5673 1374 5747 ξυρισαάκιοςωςιηι
1412 5678 1514 5747 σύρ
1539 5677 1702 5732 etiam
1754 5678 1805 5732 in
1839 5673 1964 5740 usu,
2008 5679 2117 5745 Σὺρ

537 5739 1028 5825 ΙΕικὸλαοςἊίηιοειξ
1091 5739 1242 5825 cap.
1263 5746 1381 5825 έί),
1419 5739 1676 5825 corrupte
1716 5739 2020 5825 appellatus
2059 5739 2114 5825 in

536 5805 800 5866 Chronico
835 5810 1104 5868 Guillclmi
1160 5805 1228 5871 ile
1258 5805 1462 5887 Naiigis
1494 5805 1712 5886 Cursat,
1750 5805 1814 5874 ἐὶ
1844 5805 2110 5873 ΟἶιιῈειεΙι.

2148 4557 2192 4611 ι)
2224 4553 2583 4626 _D_eprava_tum
2629 4553 2792 4626 etiam
2830 4563 3012 4626 exstat
3066 4569 3261 4626 nomen
3298 4553 3403 4626 κῠρ
3439 4554 3695 4626 Μανουήλ
3744 4555 3805 4609 in

2222 4623 2638 4694 Nomenelatore
2669 4623 3038 4694 Constantini,
3089 4625 3176 4678 ubi
3210 4623 3406 4693 legitur
3434 4639 3447 4674 :
3479 4623 3807 4694 Cyrttianoa:

2221 4693 2430 4748 Calecae
2452 4693 2545 4746 lib.
2572 4692 2980 4762 Der'l‘lteologia,
3015 4694 3089 4748 De
3121 4692 3325 4760 Spiritu
3352 4692 3556 4748 sancto.

2295 4765 2406 4832 (2'5)
2437 4761 2838 4830 Σποδόδερμε.
2873 4761 2990 4817 Non
3026 4767 3229 4818 damno
3263 4779 3383 4832 qua:
3404 4765 3664 4818 exhibent
3690 4763 3812 4817 edi-

2223 4833 2400 4888 tiones
2432 4833 2653 4903 Pelagii.
2683 4833 2875 4889 Moneo
2906 4836 3192 4898 duntaxat,
3231 4845 3289 4885 ut
3327 4835 3379 4886 in
3412 4849 3647 4902 quorum
3687 4849 3810 4887 ma-

2221 4919 2328 4957 nus
2361 4904 2578 4958 codices
2618 4905 2809 4972 scripti
2860 4905 3133 4965 venerint,
3188 4903 3483 4972 inspieiant
3513 4919 3645 4972 num
3673 4904 3816 4957 cine-

2222 4975 2390 5027 ricute
2415 4989 2542 5028 vera
2569 4974 2638 5028 sit
2658 4971 2836 5029 lectio.
2879 4974 3036 5043 Apud
3068 4971 3433 5033 Dorotheum;
3463 4971 3812 5042 σποδόόερμα

2269 5044 2476 5099 ελανόν.
2510 5043 2570 5098 ln
2601 5058 2704 5099 ms.
2730 5045 3050 5098 Corbeiensi
3081 5043 3285 5104 inveni,
3324 5043 3554 5096 ciuerale
3575 5053 3624 5095 et
3651 5059 3816 5096 cuca—-

2258 5125 2362 5168 ate.
2397 5115 2454 5168 lu
2486 5116 2592 5170 alio
2624 5114 2681 5170 Β.
2709 5114 2891 5168 Mariae
2936 5113 3224 5169 Sucssion.
3277 5113 3540 5166 cinerente
3574 5123 3622 5165 et
3651 5129 3813 5165 caca-

2225 5183 2380 5250 bate;
2406 5193 2464 5236 ut
2493 5193 2547 5239 et
2573 5185 2624 5236 in
2657 5185 2750 5238 illo
2790 5183 3126 5240 Fussalensi.
3166 5183 3408 5248 Quorum
3441 5186 3604 5236 trium
3649 5184 3808 5236 codi-

2223 5269 2347 5308 cum
2389 5257 2782 5324 inspecﬁtionem
2810 5256 2980 5310 debeo
3004 5253 3330 5324 humanitati
3359 5253 3811 5324 doctis_simorum

2223 5321 2534 5380 ascetaruin
2562 5323 2792 5379 Joannis
2816 5325 3110 5380 Mabillonii
3138 5332 3190 5379 et
3213 5323 3494 5378 Michaelis
3524 5321 3809 5377 Germani.

2294 5395 2404 5462 (24)
2467 5393 2568 5450 Καὶ
2613 5395 2740 5446 κατ’
2792 5396 3141 5463 εὐκαιρίαν,
3202 5393 3548 5460 παρέϐαλον
3612 5392 3809 5463 cibat-

2222 5461 2345 5532 φοί.
2377 5463 2483 5517 Pro
2525 5464 2608 5517 his
2641 5465 2696 5517 in
2740 5461 2973 5519 duobus
3014 5465 3424 5532 exemplaribus
3474 5461 3814 5518 Colbertinis

2223 5534 2452 5603 legitur:
2488 5535 2582 5587 mi.
2621 5534 2883 5604 ποιήσατε
2917 5535 3124 5604 πάσχα.
3157 5533 3366 5604 Συνέϐη
3388 5532 3447 5586 δὲ
3475 5532 3814 5604 παραϐαλεῖ-δ

2221 5601 2503 5676 άδελφούς.
2540 5604 2671 5670 Quae
2700 5601 2918 5676 Pelagio
2967 5601 3094 5676 sunt
3129 5622 3147 5676 7:
3174 5604 3252 5676 ΔΕι
3299 5601 3535 5676 fecerunt
3560 5601 3809 5676 Pascha.

2221 5673 2452 5743 Conligit
2486 5686 2664 5729 autem
2703 5683 2758 5726 ut
2802 5672 2854 5728 ill
2906 5677 3019 5743 ipsa
3054 5672 3383 5728 hebdomada
3419 5674 3651 5728 venirent
3691 5672 3813 5740 [ra-

2224 5753 2322 5799 (res
2353 5763 2417 5814 qu
2427 5746 2589 5800 idum.
