3982 6336
222 357 335 417 283

1373 369 1987 429 APOPHTHEGMATA
2022 366 2331 426 PATBUM.

3380 369 3493 427 ΞΜ)

213 473 369 528 ἔοικε
402 475 651 548 σταφυλῇ
689 475 860 550 ὀπτῇ·
898 481 926 534 6
953 481 1012 535 δὲ
1052 483 1111 536 ἐν
1132 483 1441 556 ἀνθρώποις
1474 485 1570 552 ὢν,
1607 486 1681 552 ὡς
1707 488 1792 559 δμι

1910 484 2091 556 giens,
2128 483 2326 540 similis
2357 488 2442 538 est
2480 486 2706 536 maturae
2735 496 2886 548 uva;
2920 483 3013 554 qui
3053 499 3182 540 vero
3216 483 3357 541 inter
3386 485 3491 543 ho-

214 563 331 635 φαξ
366 564 539 619 ἐστίν.

289 664 364 729 η’.
408 657 650 712 Ἠιιουσέ
705 678 830 713 ποτε
859 662 888 715 6
929 663 1114 735 ἄρχων
1148 667 1276 739 περὶ
1322 668 1416 722 τοῦ
1468 670 1615 725 ἁϐϐᾶ
1645 672 1807 725 Matii-

217 747 380 812 σέως.
418 749 514 803 καὶ
543 748 787 821 ἀπῆλθεν
812 753 892 815 εἰς
917 752 1117 824 Σκῆτιν
1144 755 1271 810 [δεῖν
1296 757 1459 813 αὐτόν
1477 776 1491 790 ο
1521 760 1616 814 καὶ
1641 761 1808 832 ἀνήγ-

213 838 406 908 γειλάν
444 856 590 904 τινες
619 840 698 912 τῷ
729 842 943 913 γέροντι
978 844 1037 896 τὸ
1061 848 1322 917 πρᾶγμα·
1355 851 1448 904 καὶ
1477 852 1671 923 ἀνέστη
1704 871 1807 922 φυ-

217 934 339 1000 γεῖν
385 933 469 996 εἰς
516 932 576 986 τὸ
607 932 747 996 ἕλος.
800 934 910 987 Καὶ
967 935 1283 1009 ὑπήντησαν
1328 940 1477 1013 αὐτῷ
1523 942 1801 1011 λέγοντες·

213 1023 357 1077 Εἰπὲ
388 1026 546 1105 ἡμῖν,
577 1023 741 1096 γέρον
764 1040 779 1056 ·
811 1026 913 1079 ποῦ
940 1026 1088 1080 ἐστιν
1120 1031 1154 1101 ἠ
1176 1030 1342 1086 κέλλα
1368 1034 1461 1088 τοῦ
1484 1036 1627 1090 ἁϐϐἄ
1651 1039 1809 1092 Μωῦ-

213 1114 399 1183 σέως;
428 1116 543 1169 Καὶ
574 1115 723 1185 λέγει
753 1117 937 1182 αὐτοῖς
956 1134 969 1149 ·
1008 1119 1074 1172 Τί
1103 1119 1287 1177 θέλετε
1321 1126 1449 1195 παρ’
1478 1127 1676 1194 αὐτοῦς
1713 1129 1806 1183 ἄν-

212 1205 440 1277 θρωπος
468 1208 631 1274 σαλός
659 1210 793 1264 ἐστι.
833 1211 945 1264 Καὶ
990 1212 1162 1267 ἐλθὼν
1199 1217 1228 1269 6
1255 1217 1437 1289 ἄρχων
1478 1222 1557 1284 εἰς
1585 1221 1683 1291 τὴν
1710 1223 1801 1276 ὲκ-

210 1300 467 1371 κλησίαν,
501 1301 647 1371 λέγει
677 1305 788 1368 τοῖς
818 1304 1098 1378 κληρικοῖς
1117 1324 1131 1339 ο
1172 1310 1314 1380 Ἐγὼ
1344 1313 1557 1368 ἀκούων
1585 1316 1651 1369 τὰ
1678 1319 1804 1388 περὶ

209 1390 309 1444 τοῦ
341 1392 490 1447 ἀϐϐᾶ
520 1394 816 1461 Μωῦσέως,
855 1397 1126 1469 κατῆλθον
1171 1401 1301 1456 ἰδεῖν
1340 1405 1503 1459 αὐτόν
1523 1423 1538 1438 ο
1567 1406 1662 1461 καὶ
1691 1408 1799 1463 ἰδοὺ

208 1483 529 1555 ὑπήντησεν
560 1486 692 1555 ἡμῖν
737 1486 913 1558 γέρων
968 1490 1194 1559 ὑπάγων
1239 1495 1319 1556 εἰς
1366 1494 1665 1564 Αἴγυπτον,
1704 1499 1798 1552 καὶ

207 1575 440 1645 εἴπομεν
460 1577 612 1647 αὐτῷ
630 1594 643 1607 ·
673 1577 779 1631 Ποῦ
802 1579 1000 1654 ἔστινὴ
1029 1582 1191 1637 κέλλα
1213 1584 1304 1638 τοῦ
1328 1586 1472 1641 ἀϐϐἄ
1485 1590 1793 1653 Μωῦσέωςς

209 1667 310 1720 καὶ
338 1667 487 1735 λέγει
530 1670 664 1740 ἡμῖν
687 1686 701 1699 ·
735 1670 799 1722 Τί
830 1671 1011 1726 θέλετε
1051 1674 1146 1727 ἀπ’
1186 1676 1389 1744 αὐτοῦ;
1426 1679 1587 1744 σαλός
1631 1682 1798 1739 ἐστιν.

221 1759 583 1823 Ἀκούσαντες
619 1760 675 1813 δὲ
706 1762 756 1814 οἱ
783 1762 1056 1835 κληρικοὶ,
1101 1766 1470 1840 ἐλυπήθησαν,
1513 1772 1761 1842 λέγοντες
1784 1794 1797 1806 ο

1916 576 2090 629 mines
2121 579 2394 639 versatur,
2434 582 2519 628 est
2549 572 2695 627 sicut
2717 587 2820 626 uva
2854 575 3073 631 acerba.

1982 665 2034 719 8.
2073 663 2186 735 (25)
2229 664 2452 719 Audivit
2508 664 2805 734 aliquando
2861 674 3041 720 rector
3078 667 3378 736 provincia:
3420 666 3490 722 de

1911 754 2108 810 abbate
2143 754 2350 825 Moyse,
2376 762 2431 809 et
2458 752 2659 809 Scetim
2694 754 2763 809 ad
2806 755 3100 812 videndum
3140 773 3263 813 eum
3307 759 3490 829 profe-

1911 853 2034 899 ctus
2066 852 2189 899 est:
2239 844 2462 914 quidam
2498 853 2680 899 autem
2736 848 2851 900 rem
2894 848 3285 904 nuntiaverunt
3330 850 3483 916 seni;

1908 936 2003 1007 qui
2043 937 2285 992 surrexit
2321 944 2380 992 ut
2432 935 2643 1009 fugeret
2683 936 2737 991 in
2784 938 3060 1008 paludem.
3109 938 3486 997 Occurrerunt

1907 1028 1980 1095 ei,
2012 1030 2433 1100 percontatique
2459 1038 2625 1084 sunt:
2654 1028 2852 1093 Senex,
2877 1030 3110 1086 ostende
3174 1032 3332 1088 nobis
3373 1033 3487 1088 ubi-

1907 1134 2034 1174 nam
2067 1122 2138 1175 sit
2163 1121 2380 1177 abbatis
2417 1121 2620 1193 Moysis
2646 1121 2822 1177 cella?
2859 1123 3162 1192 Respondit
3195 1124 3277 1179 eis
3304 1141 3318 1179 :
3342 1123 3485 1190 Quid

1907 1211 1975 1264 ab
2004 1225 2071 1266 eo
2094 1212 2291 1267 vultis?
2323 1212 2488 1268 homo
2517 1211 2754 1268 stolidus
2779 1220 2885 1270 est.
2924 1211 3166 1269 Veniens
3195 1228 3327 1285 ergo
3348 1228 3487 1283 pre-

1905 1317 1993 1357 ses
2022 1302 2088 1358 ad
2126 1304 2437 1371 ecclesiam,
2469 1304 2544 1358 ait
2574 1304 2793 1360 clericis
2825 1323 2839 1359 :
2877 1303 3008 1375 Ego,
3033 1305 3235 1362 auditis
3270 1306 3487 1361 abbatis

1907 1392 2112 1464 Moysis
2140 1394 2459 1461 virtutibus,
2505 1395 2700 1450 deveni
2735 1404 2795 1449 ut
2819 1394 3063 1451 viderem
3088 1411 3237 1452 eum.
3267 1396 3331 1450 Et
3358 1411 3487 1452 ecce

1904 1484 2102 1539 obvius
2155 1484 2315 1540 nobis
2364 1484 2467 1539 fuit
2533 1501 2700 1543 senex
2744 1501 2979 1557 pergens
3022 1487 3089 1541 ad
3146 1485 3483 1557 Egyptum;

1906 1589 2068 1645 quem
2116 1575 2600 1645 interrogavimus,
2636 1576 2730 1629 ubi
2761 1584 2908 1631 esset
2930 1577 3070 1631 cella
3093 1576 3310 1632 abbatis
3334 1577 3486 1647 Moy-

1904 1667 2001 1721 sis.
2050 1664 2315 1736 Deditque
2363 1680 2728 1735 responsum:
2765 1665 2907 1731 Quid
2944 1683 3070 1723 eum
3103 1668 3307 1722 vultis?
3341 1668 3485 1723 Mota

1904 1765 2086 1813 mente
2130 1766 2236 1814 est.
2269 1757 2480 1824 Quibus
2508 1758 2817 1823 intellectis,
2864 1758 3087 1812 tristitia
3132 1757 3308 1813 affecti
3356 1767 3486 1814 sunt

207 1850 465 1915 Ποταπὺς
484 1847 554 1923 ἦν
571 1852 601 1905 6
621 1853 799 1924 γέρων
812 1857 840 1909 6
868 1855 1040 1909 ταῦτα
1062 1836 1303 1931 λαλήσας
1323 1836 1463 1917 im
1490 1836 1792 1935 toﬁvdyioo;

1907 1836 2127 1915 clerici;
2181 1847 2552 1917 dixeruntque
2583 1866 2595 1901 :
2626 1846 2948 1917 Cujusmodi
2995 1856 3114 1904 erat
3159 1864 3325 1904 senex
3369 1849 3481 1912 ille.

210 1945 278 1997 οι
309 1944 366 1998 δὲ
389 1940 545 1999 εἷπον
564 1962 580 1977 ·
613 1945 815 2018 Γέρων,
844 1948 1047 2003 παλαιὰ
1081 1951 1286 2021 φορῶν,
1322 1956 1536 2026 μακρὸς
1564 1959 1660 2013 καὶ
1700 1978 1797 2031 με-

209 2035 390 2100 λανος.
426 2038 491 2091 Οἱ
524 2037 581 2091 δέ
620 2032 774 2093 εἷπον
799 2057 812 2071 ο
841 2040 1018 2106 Αὐτός
1048 2044 1199 2097 ἐστιν
1240 2046 1269 2098 6
1301 2046 1478 2113 ἁϐϐᾶς
1515 2052 1758 2123 Μωῦσῆς
1779 2070 1793 2085 ·

208 2127 305 2180 καὶ
333 2126 426 2180 διὰ
472 2128 535 2181 τὸ
570 2127 645 2200 μὴ
679 2129 991 2201 ἀπαντῆσαι
1031 2133 1195 2187 αὐτὸν
1228 2136 1378 2207 ὑμῖν,
1425 2139 1603 2195 ταῦτα
1642 2138 1795 2196 εἶπεν

208 2220 361 2292 ὑμῖν.
388 2220 566 2275 Πολλὰ
590 2221 646 2275 δὲ
673 2222 975 2294 ὠφεληθεὶς
1004 2226 1032 2277 6
1058 2226 1241 2298 ἅρχων
1280 2229 1649 2303 ἀνεχώρησεν.

274 2397 340 2453 θ’.
382 2399 606 2468 Ἔλεγεν
632 2400 660 2454 6
681 2399 857 2465 ἀϐϐᾶς
889 2403 1134 2474 Μωῦσῆς
1160 2403 1221 2457 ἐν
1255 2404 1452 2477 Σκήτει
1473 2422 1486 2436 ’
1535 2407 1660 2462 Ἐὰν
1694 2426 1794 2478 φυ-

201 2491 457 2563 λάξωμεν
492 2493 591 2558 τὰς
642 2494 861 2560 ἐντολὰς
891 2497 997 2549 τῶν
1025 2498 1287 2569 Πατέρων
1341 2500 1519 2571 ήμῶν,
1550 2501 1661 2570 ἐγὼ
1702 2506 1795 2571 ἐγ-

203 2583 426 2655 γυῶμαι
469 2586 616 2656 ὑμᾶς
655 2586 796 2659 πρὸς
836 2588 927 2641 τὸν
961 2589 1116 2655 Θεὸν,
1147 2590 1231 2643 ὅτι
1274 2588 1541 2663 βάρϐαροι
1576 2594 1677 2647 οὐκ
1702 2593 1793 2667 έρ-

203 2691 387 2745 χονται
415 2669 542 2731 ὧδε.
570 2677 634 2731 El
666 2677 722 2731 δὲ
752 2679 827 2750 μὴ
866 2677 1209 2751 φυλάξωμεν,
1234 2682 1590 2753 ἐρημωθῆναι
1619 2683 1732 2756 ἔχει
1764 2687 1793 2739 6

201 2767 367 2830 τόπος
395 2762 573 2832 οὗτος.

273 2864 325 2910 ι’.
368 2857 713 2929 Καθημὲνων
737 2858 794 2912 δέ
833 2877 963 2913 ποτε
992 2860 1103 2915 τῶν
1150 2862 1398 2932 ἀδελφῶν
1429 2863 1566 2936 πρὸς
1605 2865 1788 2929 αὐτὸν,

205 2948 392 3018 ἔλεγεν
436 2952 655 3016 αὐτοῖς·
704 2950 834 3005 Ἰδοὺ
879 2951 1145 3026 βάρϐαροι
1191 2957 1431 3027 σήμερον
1464 2958 1546 3021 εἰς
1592 2957 1791 3029 Σκῆτιν

204 3041 453 3112 ἔρχονται
475 3058 489 3071 '
510 3042 647 3097 ἀλλὰ
675 3042 944 3115 ἀνάστητε
968 3045 1062 3098 καὶ
1084 3046 1303 3116 φύγετε.
1333 3048 1597 3118 Λέγουσιν
1619 3049 1785 3120 αὐτῷ·

204 3131 272 3184 Σὺ
302 3127 399 3186 οὖν
421 3132 485 3185 o6
512 3131 755 3202 φεύγεις,
784 3132 961 3198 ἁϐϐᾶ;
1015 3133 1072 3188 '0
1101 3135 1157 3189 δὲ
1199 3132 1354 3191 εἶπεν
1386 3140 1571 3201 αὐτοῖς
1591 3154 1605 3172 ο
1648 3137 1790 3208 Ἐγὼ

201 3221 442 3276 τοσαῦτα
474 3222 566 3292 ἐτη
599 3224 880 3297 προσδοκῶ
908 3224 1004 3296 τὴν
1024 3227 1238 3298 ἡμέραν
1260 3227 1465 3301 ταύτην
1489 3244 1503 3260 ο
1533 3229 1619 3282 ἴνα
1653 3230 1790 3301 πλη-

207 3313 349 3385 ρωθῇ
385 3316 415 3368 6
434 3312 593 3383 λόγος
616 3313 709 3367 τοῦ
732 3315 1005 3369 Δεσπότου
1032 3317 1292 3389 Χριστοῦ,
1322 3318 1573 3389 λέγοντος
1592 3335 1605 3349 ·
1634 3320 1790 3375 Πάν-

203 3421 299 3472 τες
347 3406 403 3459 οι
449 3405 742 3472 λαϐόντες
786 3405 1108 3477 μάχαιραν,
1148 3409 1219 3463 ἐν
1256 3412 1525 3481 μαχαίρᾳ
1561 3413 1789 3467 ἀποθα-

204 3497 449 3551 νοῦνται
475 3497 545 3551 ’⁸.
581 3498 845 3567 Λέγουσιν
895 3498 1072 3570 αὐτῷ·
1115 3501 1249 3555 Οὑδέ
1284 3504 1447 3574 ἡμεῖς
1492 3503 1786 3575 φεύγομεν,

202 3587 341 3642 ἀλλὰ
386 3588 525 3660 μετὰ
559 3588 653 3643 σοῦ
697 3588 1134 3660 ἀποθνήσκομεν.
1175 3591 1233 3646 ’0
1262 3591 1320 3644 δὲ
1366 3586 1519 3646 εἶπεν
1564 3593 1783 3656 αὐτοῖς·

213 3680 357 3750 Ἐγὼ
392 3682 625 3753 πρᾶγμα
650 3680 750 3735 οὐκ
781 3681 889 3753 ἔχω
908 3698 921 3712 ’
956 3682 1188 3746 ἕκαστος
1228 3683 1471 3754 βλεπέτω
1504 3684 1621 3749 πῶς
1651 3686 1787 3740 καθ-

200 3771 402 3837 “sths.
449 3768 631 3827 'erav
670 3773 727 3826 δὲ
778 3774 918 3828 ἑπτὰ
966 3774 1201 3845 ἀδελφοὶ,
1227 3777 1321 3829 καὶ
1370 3776 1519 3845 λέγει
1559 3777 1745 3842 αὐτοῖς
1774 3796 1786 3809 ’

214 3867 345 3921 Ἰδοὺ
375 3869 425 3921 οἱ
460 3866 728 3939 βάρϐαροι
761 3867 1040 3937 ἐγγίζουσι
1077 3871 1144 3939 τῇ
1181 3867 1340 3942 θύρᾳ.
1371 3870 1482 3924 Καὶ
1514 3870 1787 3924 εἰσελθόν-

201 3977 311 4025 τες,
360 3959 661 4030 ἐφόνευσαν
700 3960 919 4024 αὐτούς.
970 3958 1066 4025 Εἷς
1095 3961 1153 4014 δὲ
1202 3962 1259 4028 ἐξ
1303 3961 1484 4018 αὐτῶν
1510 3961 1558 3994 ⁷¹
1588 3962 1787 4033 ἔφυγεν

201 4052 378 4106 ὀπίσω
398 4052 501 4123 τῆς
531 4054 721 4124 σειρᾶς
741 4070 754 4083 ο
788 4053 884 4106 καὶ
924 4048 1062 4109 εἶδεν
1091 4054 1232 4108 ἑπτὰ
1262 4056 1562 4125 στεφάνους
1591 4054 1788 4110 κατελ-

205 4145 420 4208 θόντας,
455 4145 551 4197 καὶ
584 4144 1042 4215 στεφανώσαντας
1072 4146 1289 4210 αὐτούς.

271 4244 365 4291 ια’.
412 4236 665 4306 ’Δδελφὸς
686 4238 939 4310 ἠρώτησε
972 4239 1063 4293 τὸν
1090 4238 1263 4295 ὰϐϐἄν
1291 4241 1554 4303 Μωῦσὲα,
1577 4240 1752 4309 λέγων
1773 4257 1786 4270 ·

215 4328 360 4402 Ὁρῶ
389 4329 623 4384 ἐνώπιόν
655 4347 758 4402 μου
787 4333 1040 4402 πρᾶγμα,
1065 4333 1161 4386 καὶ
1184 4333 1245 4386 06
1272 4332 1508 4403 δύναμαι
1541 4332 1675 4387 αὐτὸ
1701 4349 1792 4385 κα-

206 4418 444 4487 τασχεῖν.
473 4416 640 4485 Λέγει
677 4417 825 4490 αὑτῷ
849 4420 878 4472 6
906 4419 1084 4491 γέρων
1102 4437 1117 4453 ο
1162 4421 1288 4477 Ἐὰν
1316 4423 1393 4494 μὴ
1439 4422 1565 4495 γίνῃ
1592 4421 1787 4494 νεκρὸς

205 4509 277 4572 ὡς
308 4510 358 4562 οἱ
392 4509 681 4579 ταφέντες,
713 4512 773 4565 06
796 4512 1021 4568 δύνασαι
1044 4512 1176 4567 αὐτὸ
1201 4519 1515 4588 κατασχεῖν.

275 4684 365 4740 ιϐ’.
404 4681 572 4739 Εἶπεν
612 4687 641 4740 6
665 4686 842 4751 ἀϐϐἄς
873 4689 1106 4760 Ποιμὴν,
1146 4690 1229 4744 ὅτι
1275 4688 1503 4761 ἁδελφὸς
1540 4690 1790 4762 ἠρώτησε

207 4774 294 4826 τὸν
322 4772 500 4828 ἁϐϐἆν
530 4775 791 4841 Μωῦσέα,
828 4777 967 4849 ποίῳ
1010 4779 1200 4850 τρόπῳ
1240 4782 1425 4853 νεκροῖ
1463 4764 1655 4835 ἑαυτδν
1694 4781 1789 4835 ἆν-

209 4864 425 4937 θρωπος
453 4866 563 4920 ἀπὸ
606 4868 701 4921 τοῦ
738 4868 985 4940 πλησίον.
1018 4872 1129 4924 Καὶ
1161 4867 1317 4925 εἶπεν
1357 4871 1509 4942 αὐτῷ
1554 4872 1582 4923 6
1610 4871 1789 4943 γέρων

207 4958 308 5022 ὅτι,
352 4958 480 5012 Ἐὰν
522 4960 597 5032 μὴ
634 4959 791 5029 θήσει
842 4961 1127 5033 ἄνθρωπος
1156 4966 1214 5017 ἐν
1251 4966 1318 5035 τῇ
1352 4964 1550 5037 καρδίᾳ
1597 4964 1784 5029 αὑτοῦ,

206 5050 395 5105 ἑαυτὸν
428 5051 474 5084 τ’
507 5052 608 5123 ήδη
655 5053 954 5125 τριήμερον
986 5054 1034 5086 ⁷⁸
1063 5055 1122 5107 ἐν
1170 5055 1442 5125 μνημείῳ,
1485 5056 1547 5107 06
1594 5053 1787 5123 φθάνει

207 5147 282 5207 εἰς
308 5145 401 5198 τὸν
435 5143 595 5214 λόγον
618 5145 828 5199 τοῦτον.

275 5243 363 5304 ιγ’,
402 5237 630 5305 Ἔλεγον
670 5236 921 5308 περὶτοῦ
965 5237 1110 5293 ἁϐϐἄ
1138 5238 1417 5302 Μωῦσέως
1442 5240 1520 5302 εἰς
1561 5238 1783 5309 Σκῆτιν,

207 5327 285 5380 ὅτι
313 5327 390 5392 ὡς
439 5328 677 5399 ἤμελλεν
714 5328 889 5382 ἐλθεῖν
938 5332 1018 5393 εἰς
1066 5330 1166 5401 τὴν
1216 5329 1451 5402 Πέτραν,
1490 5331 1786 5385 ἐκοπίασεν

211 5418 400 5473 ὁδεύων
422 5437 437 5451 ’
468 5421 564 5474 καὶ
591 5420 780 5489 ἔλεγεν
812 5423 870 5476 ἐν
900 5422 1077 5494 ἐαυτῷ
1100 5440 1114 5454 ’
1146 5423 1271 5487 Πῶς
1295 5424 1530 5496 δύναμαι
1558 5425 1620 5479 τδ
1643 5424 1785 5498 ὕδωρ

262 5584 312 5617 ’⁵
348 5584 431 5639 ΑΙ.
463 5585 815 5640 ἀπολοῦνται.
892 5588 935 5618 ⁷¹
966 5588 1049 5641 ΑΙ.
1089 5587 1259 5643 inser.
1290 5588 1569 5660 φοϐηθείς.

278 5740 388 5809 (23)
435 5742 542 5797 Vit.
584 5745 735 5799 Patr.
770 5761 889 5807 vm,
930 5744 1013 5799 l0.

279 5812 386 5881 (ὥ)
432 5813 541 5867 γει.
572 5814 724 5872 Patr.
754 5831 908 5881 xvul,
940 5817 1024 5872 l3.

1659 5592 1702 5621 ⁷¹
1725 5590 1808 5648 AI.
1842 5591 2007 5661 ἔχειν.
2044 5592 2091 5623 ⁷³
2121 5591 2205 5646 Al.
2229 5591 2355 5663 τρία
2390 5589 2507 5662 ἔτη.

1897 1939 2133 2010 quihzec
2170 1939 2399 2009 protulit
2449 1940 2716 1995 adversus
2767 1942 3064 1995 sanctum?
3097 1940 3177 1995 llli
3214 1961 3227 1996 :
3279 1939 3479 2006 Senex,

1896 2028 2097 2085 detrita
2126 2036 2298 2094 veste,
2327 2029 2525 2101 longus
2554 2037 2611 2084 et
2636 2030 2814 2100 niger.
2840 2029 2998 2086 Tunc
3027 2031 3213 2086 clerici
3240 2051 3252 2086 :
3282 2033 3334 2087 ls
3363 2033 3480 2101 ipse

1896 2130 1980 2177 est
2003 2120 2176 2178 abbas
2207 2121 2457 2193 Moyses;
2481 2122 2575 2193 qui
2606 2139 2676 2179 ne
2706 2123 2987 2179 vobiscum
3021 2124 3481 2193 congrederetur.

1896 2213 1998 2266 ista
2030 2214 2350 2283 prolocutus
2381 2222 2486 2269 est.
2520 2212 2723 2269 Rector
2751 2230 2877 2270 cum
2903 2230 3101 2288 magno
3131 2218 3325 2272 animae
3355 2233 3484 2289 pro-

1895 2319 2088 2374 gressu
2122 2305 2400 2362 discessit.

1966 2414 2019 2469 9.
2064 2415 2178 2486 (26)
2210 2414 2434 2471 Dicebat
2476 2415 2646 2473 abbas
2692 2415 2906 2489 Moyses
2956 2417 3010 2472 in
3048 2417 3197 2473 Sceti
3231 2437 3245 2473 :
3280 2418 3339 2473 Si
3378 2434 3485 2474 cu-

1900 2503 2256 2560 stodierimus
2309 2505 2563 2561 mandata
2604 2503 2828 2560 Patrum
2879 2512 3216 2570 nostrorum,
3260 2522 3362 2579 ego
3403 2508 3473 2565 de

1896 2594 2006 2651 Deo
2033 2596 2184 2651 vobis
2213 2596 2477 2667 spondeo,
2509 2597 2617 2652 huc
2661 2597 2926 2652 barbaros
2958 2614 3307 2670 nequaquam
3340 2617 3474 2656 veu-

1895 2697 2066 2742 turos.
2109 2687 2264 2754 Quod
2296 2688 2342 2743 si
2380 2703 2488 2743 non
2537 2689 2960 2755 servaverimus,
2994 2690 3100 2745 iste
3136 2691 3291 2747 locus
3322 2692 3473 2748 deva.

1896 2777 2155 2832 stabitur.

1968 2868 2052 2921 ω.
2099 2868 2211 2939 (27)
2263 2866 2590 2925 Sedentibus
2637 2877 2819 2924 autem
2873 2870 3169 2941 aliquando
3214 2871 3482 2927 fratribus

1893 2960 2039 3030 apud
2062 2975 2210 3022 eum.
2261 2960 2588 3029 significavit
2638 2961 2784 3019 illis:
2818 2961 2902 3018 En
2949 2963 3112 3018 hodie
3148 2961 3373 3018 barbari
3422 2965 3482 3017 in

1902 3052 2106 3109 Scetim
2138 3052 2352 3108 venturi
2381 3061 2546 3122 sunt;
2578 3053 2675 3109 sed
2710 3054 2920 3125 surgite
2954 3069 3026 3111 ac
3060 3053 3251 3125 fugite.
3283 3053 3483 3110 Dicunt

1894 3146 1943 3200 ei
1975 3161 1991 3198 :
2021 3141 2109 3198 Tu
2158 3157 2291 3213 ergo
2331 3157 2440 3198 non
2496 3143 2662 3215 fugis,
2709 3145 2885 3201 abba?
2912 3144 3217 3218 Respondit
3245 3164 3261 3203 :
3294 3147 3407 3219 Ego
3449 3164 3482 3203 a

1898 3244 1979 3290 tot
2025 3235 2186 3290 anuis
2216 3246 2475 3305 exspecto
2504 3236 2647 3291 diem
2684 3236 2851 3305 hunc,
2879 3247 2939 3294 ut
2974 3240 3319 3310 compleatur
3376 3242 3483 3297 iste

1890 3344 2074 3385 sermo
2129 3327 2346 3384 Domini
2389 3328 2638 3388 Christi:
2677 3328 2870 3386 Omnes
2890 3333 2980 3402 qui
3019 3333 3317 3401 acceperint
3372 3332 3485 3405 gla-

1888 3420 2249 3492 dium,gfadio
2281 3420 2616 3491 peribunt".
2659 3421 2815 3477 Tune
2842 3423 2921 3478 illi
2951 3441 2965 3477 :
2993 3421 3182 3494 Neque
3208 3439 3314 3481 nos
3336 3422 3480 3495 fugi-

1890 3530 2034 3579 mus,
2070 3514 2164 3569 sed
2190 3521 2373 3570 tecum
2420 3518 2714 3570 morimur.
2745 3515 3001 3587 Excepit:
3032 3517 3147 3588 Ego
3176 3528 3332 3575 extra
3359 3519 3481 3573 cul-

1892 3622 2016 3676 pam
2044 3622 2198 3674 sum;
2227 3608 2407 3663 videat
2447 3609 2827 3679 unusquisque
2857 3625 2968 3680 quo
3005 3610 3170 3665 modo
3211 3610 3472 3666 resideat.

1892 3698 2067 3754 Porro
2096 3707 2256 3755 erant
2280 3707 2489 3770 septem
2520 3700 2741 3757 fratres.
2765 3702 2855 3757 Ait
2893 3703 3001 3758 illis
3036 3720 3051 3757 :
3089 3703 3228 3758 Ecce
3256 3703 3479 3757 barbari

1890 3791 2036 3846 ostio
2062 3791 2526 3861 appropinquant.
2557 3788 2660 3856 Qui
2684 3792 2978 3856 intrantes,
3004 3794 3329 3848 occiderunt
3353 3807 3471 3847 eos.

1892 3880 2048 3938 Unus
2104 3890 2292 3937 autem
2346 3883 2483 3953 fugit
2513 3890 2639 3951 post
2670 3882 2939 3952 plectam;
2982 3883 3228 3953 viditque
3269 3891 3480 3954 septem

1890 3989 2126 4031 coronas
2167 3975 2585 4040 descendentes,
2621 3975 2881 4031 redimire
2912 3976 3094 4046 capita
3121 3991 3335 4031 eorum.

1964 4234 2047 4287 ll.
2096 4232 2288 4289 Frater
2327 4234 2409 4290 sic
2454 4232 2817 4295 interrogavit
2879 4233 3130 4289 abbatem
3186 4233 3428 4307 Moysem
3469 4261 3483 4296 :

1895 4323 2027 4378 Rem
2069 4324 2227 4379 video
2266 4339 2454 4379 coram
2492 4339 2597 4392 me,
2636 4340 2740 4379 nec
2769 4340 2998 4395 possum
3028 4341 3148 4381 eam
3182 4343 3477 4399 occupare.

1892 4418 2031 4473 Dicit
2062 4418 2112 4473 ei
2152 4433 2321 4474 senex
2350 4436 2364 4472 :
2402 4418 2519 4474 Nisi
2569 4416 2753 4474 factus
2782 4416 2955 4475 fueris
2995 4430 3270 4485 mortuus,
3306 4422 3483 4475 instar

1825 4530 1867 4584 ι)
1891 4525 2080 4566 eorum
2122 4512 2214 4581 qui
2263 4511 2523 4582 sepulcro
2552 4510 2914 4582 obteguntur,
2946 4525 3053 4568 non
3091 4512 3300 4583 poteris
3329 4511 3483 4567 illam

1896 4602 2326 4674 apprehendere.

1970 4690 2058 4744 l2.
2104 4690 2218 4762 (28)
2246 4689 2540 4748 Referente
2569 4692 2768 4750 abbate
2802 4692 3060 4749 Poemene
3087 4692 3467 4763 cognovimus,

1892 4783 2041 4855 quod
2073 4784 2242 4839 frater
2268 4785 2521 4841 abbatem
2572 4785 2814 4858 Moysem
2857 4787 3295 4856 interrogaverit,
3328 4788 3476 4855 qual.

1893 4874 2056 4930 modo
2090 4876 2258 4931 homo
2305 4877 2547 4949 seipsum
2611 4884 2889 4931 mortuum
2935 4876 3187 4945 proximo
3226 4891 3330 4931 suo
3364 4875 3475 4931 εω.

1891 4970 2035 5035 ciat;
2066 4969 2419 5041 responderit
2438 4977 2619 5023 autem
2650 4982 2818 5023 senex
2845 4986 2859 5023 :
2885 4966 3003 5024 Nisi
3031 4966 3284 5039 posuerit
3308 4966 3473 5022 homo

1895 5061 1950 5114 in
1976 5061 2143 5116 corde
2174 5076 2296 5122 suo.
2328 5076 2387 5116 se
2412 5061 2524 5131 jam
2557 5058 2876 5113 triduanum
2911 5059 2964 5112 in
2994 5057 3248 5129 sepulcro
3263 5055 3473 5128 jacere,

1888 5169 1998 5208 non
2030 5154 2289 5223 pertingit
2319 5152 2386 5207 ad
2417 5167 2544 5208 eum
2574 5166 2906 5208 sermonem.

1963 5244 2050 5298 15.
2108 5244 2339 5300 Aiehant
2384 5244 2452 5299 de
2507 5243 2703 5299 abbate
2751 5241 2935 5314 Moyse
2992 5240 3047 5295 in
3104 5239 3275 5305 Sceti,
3324 5240 3474 5310 quod

1890 5332 2110 5389 Petram
2148 5342 2435 5397 venturus,
2469 5333 2800 5405 defatigatus
2831 5340 2916 5388 est
2955 5333 3008 5385 in
3043 5332 3274 5395 itinere;
3302 5331 3473 5387 dixit-

1888 5442 1995 5496 que
2049 5426 2194 5497 apud
2241 5427 2600 5498 semetipsum
2641 5445 2655 5481 :
2694 5424 2814 5491 Qua
2868 5424 3079 5479 ratione
3135 5432 3325 5492 potero
3385 5424 3472 5477 hic

2584 5591 2631 5622 ’⁷⁸
2659 5589 2846 5644 Matth.
2889 5604 3034 5651 xxvi,
3072 5588 3162 5645 52.

1975 5746 2086 5806 (i7)
2137 5740 2237 5797 Vit.
2279 5745 2428 5799 Patr.
2458 5761 2610 5807 xviii,
2642 5744 2725 5798 Η.

1974 5816 2083 5887 (ἳὸ)
2127 5814 2230 5872 Vit.
2273 5815 2424 5871 I’alr.
2459 5815 2625 5885 x,65,
2665 5832 2771 5882 vn;
2811 5830 2957 5879 xxvi,
2991 5812 3037 5869 Ι.
