3982 6336
519 370 625 430 287

1663 370 2012 430 APPENDIX
2051 369 2144 426 AD
2184 370 2612 430 PALLADIUM.

3685 370 3799 428 288

521 496 856 554 congregare
885 496 1082 553 aquam
1116 484 1331 538 meam?
1355 483 1510 540 Tunc
1541 483 1826 540 descendit
1856 485 1923 539 ad
1946 485 2099 539 illum

2232 502 2312 538 ιου
2331 486 2659 554 συναγαγεῖν
2683 476 2784 537 ὧδε
2810 481 2953 548 ;Kal
2979 471 3147 549 ἦλθεν
3170 481 3319 552 αὐτῷ
3349 482 3502 555 φωνὴ
3531 483 3795 553 λέγουσιν

525 589 629 628 vox
663 573 981 642 hujusmodi
1019 593 1030 627 :
1068 574 1240 638 Intra,
1296 591 1399 631 nec
1453 576 1751 646 quidquam
1798 576 2100 630 curaveris.

525 664 712 732 Itaque
747 661 1017 717 introivit.
1057 663 1427 720 Accesserunt
1456 665 1524 720 ad
1555 682 1679 720 eum
1713 664 1934 720 Patrum
1967 680 2106 719 non-

523 755 696 822 nulli;
726 770 827 810 nec
851 755 1039 810 habuit
1070 757 1175 812 nisi
1214 759 1428 812 unicam
1471 759 1716 828 lagenam
1757 773 1948 828 aquae:
1987 773 2107 828 quae

523 849 620 905 ubi
659 864 852 920 parum
890 850 1278 904 Ienticularum
1320 851 1587 918 coxisset,
1635 858 1963 921 consumpta
1998 857 2103 906 est.

525 939 683 997 Unde
715 957 879 997 senex
926 944 1250 1012 angebatur.
1288 942 1430 1015 Ergo
1479 943 1794 1015 ingrediens
1839 959 1903 998 ac
1945 958 2106 1013 egre—

525 1035 684 1089 diens
725 1035 920 1090 orabat
953 1036 1144 1090 Deum.
1187 1036 1322 1091 Cum
1365 1052 1495 1093 ecce
1523 1038 1699 1093 nubes
1731 1037 1926 1092 imbris
1957 1036 2108 1092 venit

527 1141 697 1195 super
725 1124 980 1181 Petram:
1009 1135 1173 1198 atque
1211 1143 1242 1184 e
1273 1128 1455 1199 pluvia
1488 1131 1673 1184 omnia
1706 1144 1837 1185 vasa
1873 1145 1972 1185 sua
2006 1129 2110 1183 im-

531 1217 883 1304 plevit..Post
909 1218 1027 1274 haec
1057 1235 1242 1275 senem
1276 1221 1608 1291 compellant
1651 1241 1665 1277 :
1705 1221 1964 1277 Edissere
2006 1237 2109 1276 no-

530 1308 640 1374 bis,
665 1325 835 1380 quare
861 1311 1261 1382 ingrediebaris
1290 1320 1345 1367 et
1374 1313 1764 1382 egrediebaris.
1798 1312 2112 1382 Respondet

528 1404 611 1458 eis
644 1421 658 1459 :
687 1403 924 1460 Causam
963 1421 1087 1459 cum
1117 1403 1228 1460 Deo
1257 1404 1629 1476 disceptabam
1660 1424 1673 1459 :
1700 1405 1990 1460 Adduxisti
2027 1421 2113 1460 me

532 1499 662 1561 huc,
693 1505 859 1567 atque
893 1514 960 1552 en
1007 1513 1146 1568 aqua
1185 1513 1368 1561 careo.
1399 1513 1564 1568 quam
1607 1498 1795 1553 bibant
1831 1497 1974 1553 servi
2009 1497 2109 1552 tui.

532 1588 825 1660 Propterea
858 1589 1129 1644 intrabam
1155 1599 1208 1646 et
1232 1590 1451 1645 exibam
1484 1605 1685 1661 rogans
1709 1588 1904 1653 Deum,
1938 1604 2114 1659 usque

529 1695 641 1753 quo
674 1681 835 1738 nobis
867 1683 1096 1737 miserit.

603 1772 690 1827 M.
725 1772 869 1843 (29)
902 1773 1048 1828 Dixit
1081 1775 1250 1828 abbas
1283 1773 1534 1844 Moyses:
1566 1772 1732 1826 Debet
1767 1773 1929 1828 homo
1972 1772 2109 1827 mori

531 1867 686 1922 socio
716 1882 840 1933 suo,
876 1875 932 1921 ut
967 1884 1076 1922 non
1110 1868 1317 1938 judicet
1348 1883 1472 1922 eum
1506 1867 1562 1920 in
1594 1865 1702 1919 ulla
1735 1880 1813 1920 rc.

605 2041 694 2095 i5.
733 2041 870 2113 (50)
902 2042 1107 2097 lterum
1147 2043 1286 2097 dixit
1327 2061 1340 2099 :
1375 2043 1545 2098 Debet
1577 2042 1743 2098 homo
1787 2043 2120 2099 mortificare

534 2151 596 2192 se
630 2133 699 2187 ab
725 2136 876 2189 omni
922 2151 981 2190 re
1021 2135 1185 2198 mala,
1229 2135 1548 2204 priusquam
1575 2134 1892 2205 egrediatur
1925 2151 1957 2191 e
1999 2151 2122 2191 cor-

536 2244 690 2300 pore,
724 2236 783 2283 ut
809 2227 942 2282 nulli
970 2227 1180 2281 homini
1213 2227 1355 2282 male
1386 2225 1574 2282 faciat.

607 2412 696 2466 16.
739 2411 838 2481 (3|
864 2411 884 2480 )
917 2410 983 2464 Et
1009 2409 1207 2463 iterum
1231 2425 1244 2438 ο
1265 2405 1382 2463 Nisi
1413 2407 1576 2461 homo
1599 2407 1849 2461 habuerit
1873 2407 1930 2462 in
1957 2408 2124 2465 corde

535 2519 660 2570 suo,
691 2505 837 2575 quod
879 2511 1134 2573 peccator
1178 2509 1286 2565 est,
1343 2499 1486 2556 Deus
1529 2516 1637 2554 non
1671 2515 1796 2554 eum
1842 2501 2116 2558 exaudiet.

536 2597 627 2651 Ait
652 2593 1021 2661 frateeruid
1065 2591 1422 2649 cst:llabere
1469 2594 1522 2647 in
1569 2595 1752 2658 corde,
1795 2593 1938 2663 quod
1988 2608 2118 2665 pec-

534 2695 692 2743 cator
718 2687 827 2743 sit?
858 2685 1163 2756 Respondit
1193 2700 1358 2742 senex
1389 2703 1402 2739 :
1433 2683 1490 2738 Si
1529 2684 1654 2755 quis
1690 2693 1867 2754 portet
1895 2693 2118 2755 peccata

536 2795 656 2848 sua,
691 2795 797 2834 non
828 2779 1134 2833 intuebitur
1167 2777 1364 2832 delicta
1396 2777 1628 2848 proximi
1660 2778 1766 2833 sui.

607 2957 693 3013 17.
728 2955 863 3028 (52)
895 2955 1038 3010 Dixit
1061 2955 1241 3011 adhuc
1263 2976 1275 3011 :
1298 2954 1414 3011 Nisi
1445 2957 1590 3010 actio
1626 2959 1971 3013 consenserit
1998 2974 2122 3013 cum

534 3051 810 3113 oratione,
847 3048 1052 3103 frustra
1085 3048 1298 3102 laborat
1329 3048 1514 3102 homo.
1549 3048 1907 3118 Interrogavit
1933 3050 2122 3105 frater:

2208 577 2452 641 Εἴσελθε,
2504 578 2598 631 καὶ
2633 576 2800 647 μηδὲν
2848 575 3162 647 φροντίσῃς.
3212 575 3474 646 Εἰσῆλθεν
3524 570 3637 630 οὖν.
3682 576 3802 630 Kal

2211 669 2519 735 παρέϐαλον
2551 668 2698 740 αὐτῷ
2729 685 2874 732 τινες
2907 667 3016 720 τῶν
3045 667 3329 738 Πατέρων,
3373 668 3468 722 καὶ
3500 668 3601 721 οὐκ
3643 663 3802 740 εἶχεν

2209 763 2258 814 εἰ
2299 761 2374 832 μὴ
2406 761 2463 814 ἓν
2513 762 2672 832 μόνον
2707 761 2962 830 λαγύνιον
2994 760 3186 824 ὕδατος
3207 777 3220 791 ο
3259 760 3351 813 καὶ
3380 761 3665 825 ποιοῦντος
3699 763 3804 816 αὐ·-

2208 853 2303 906 τοῦ
2341 852 2536 924 μικρὸν
2575 851 2766 921 φακὸν,
2809 851 3083 922 ἀνηλώθη.
3128 851 3186 905 Ὀ
3219 851 3276 905 δὲ
3308 852 3486 924 γέρων
3524 853 3800 910 ὲθλὶὖετο.

2210 945 2606 1016 Εἱσερχόμενος
2648 940 2742 999 οῦν
2775 945 2867 998 καὶ
2905 942 3279 1016 ἐξερχόμενος,
3318 943 3517 1015 ηὔχετο
3540 945 3617 1016 τῷ
3649 945 3799 1017 Θεῷ.

2211 1036 2323 1090 Kal
2346 1037 2453 1090 ἰδοῦ
2480 1035 2678 1108 νεφέλη
2705 1035 2903 1108 βροχῆς
2926 1031 3055 1106 ἦλθε
3081 1036 3204 1089 κατ’
3230 1036 3400 1107 αὐτῆς
3428 1037 3526 1107 τῆς
3548 1037 3767 1108 Πέτρας
3787 1055 3801 1067 ·

2212 1130 2307 1184 καὶ
2344 1129 2602 1200 ἐγέμισεν
2625 1127 2722 1182 ὅλα
2745 1129 2813 1181 τὰ
2839 1129 3036 1196 ἀγγεῖα
3058 1127 3245 1183 αὐτοῦ.
3273 1128 3383 1180 Kal
3407 1127 3626 1196 λέγουσι
3657 1128 3806 1199 μετά

2211 1220 2385 1274 ταῦτα
2403 1220 2481 1292 τῷ
2508 1220 2725 1292 γέροντι
2747 1238 2759 1250 ο
2795 1219 2930 1273 Εἰπὲ
2957 1222 3108 1291 ἡμῖν,
3144 1220 3198 1273 τί
3227 1221 3482 1292 εἰσήρχου
3518 1220 3612 1274 καί
3638 1220 3808 1290 ἐξήρ-

2213 1331 2332 1384 χου.
2367 1313 2477 1366 Kal
2504 1313 2652 1382 λέγει
2689 1313 2874 1376 αὐτοῖς
2901 1314 2929 1365 6
2957 1312 3137 1383 γέρων
3157 1329 3170 1343 ·
3207 1312 3374 1383 Δίκην
3413 1313 3630 1365 ἐποίουν
3658 1313 3808 1382 μετὰ

2214 1405 2308 1458 τοῦ
2342 1405 2477 1458 Θεοῦ
2524 1405 2628 1470 ὃτι,
2659 1405 2935 1472 Ἥνεγκάς
2969 1421 3035 1474 με
3069 1397 3193 1471 ὧδε,
3239 1404 3334 1458 καὶ
3380 1403 3488 1457 ἰδοὺ
3523 1402 3671 1475 ῦδωρ
3700 1404 3809 1457 οὐκ

2216 1496 2324 1567 ἔχω
2344 1498 2432 1552 ἵνα
2462 1498 2658 1551 πίωσιν
2697 1499 2746 1551 οἱ
2777 1497 2952 1552 δοῦλοί
2989 1514 3104 1567 σου.
3137 1495 3236 1550 Διά
3271 1496 3429 1550 τοῦτο
3462 1497 3809 1568 εἰσηρχὸμην

2217 1589 2310 1644 καὶ
2343 1589 2650 1662 έξηρχὸμην
2680 1590 3011 1661 παρακαλῶν
3031 1590 3123 1643 τὸν
3152 1589 3305 1654 Θεὸν,
3336 1589 3440 1652 ἕως
3471 1582 3530 1642 οὗ
3556 1589 3811 1659 ἔπεμψεν

2215 1681 2249 1751 ἡ
2259 1681 2366 1750 μῖν.

2293 1769 2374 1824 ιδ’.
2408 1765 2576 1822 Εἶπεν
2602 1771 2630 1822 6
2661 1769 2835 1834 ἅὸὄᾶς
2867 1770 3109 1840 Μωῦσῆς
3145 1768 3280 1841 (54),
3314 1770 3396 1824 ὅτι
3446 1771 3650 1839 ὀφείλει
3706 1772 3812 1826 ἄν-

2220 1861 2442 1932 θρωπος
2486 1862 2780 1916 ἀποθανεῖν
2822 1862 2931 1916 ἀπὸ
2977 1862 3072 1915 τοῦ
3109 1862 3327 1933 ἑταίρου
3376 1863 3562 1930 αὐτοῦ,
3592 1863 3688 1917 τοῦ
3730 1867 3812 1935 μὴ

2217 1955 2426 2026 κρίνειν
2458 1955 2620 2009 αὐτὸν
2653 1955 2710 2009 έν
2742 1972 2873 2012 τινι.

2294 2052 2374 2099 ιε’.
2407 2045 2577 2099 Πάλιν
2601 2041 2755 2100 εἶπεν
2782 2047 2886 2112 ὅτι,
2934 2045 3170 2114 Ὀφείλει
3215 2045 3503 2118 ἄνθρωπος
3529 2045 3815 2117 νεκρῶσαι

2221 2137 2415 2190 ἑαυτὸν
2456 2137 2566 2191 ἀπὸ
2603 2136 2808 2200 παντὸς
2856 2135 3098 2207 πονηροῦ
3147 2136 3497 2207 πράγματος,
3558 2134 3665 2205 πρὸ
3712 2134 3814 2187 τοῦ

2221 2228 2460 2293 ἐξελθεῖν
2487 2230 2595 2284 ἀπὸ
2610 2229 2706 2283 τοῦ
2739 2229 3013 2300 σώματος,
3041 2228 3136 2282 τοῦ
3173 2228 3247 2300 μὴ
3281 2229 3530 2282 κακῶσαί
3559 2246 3679 2281 τινα
3713 2229 3815 2282 ἀν-

2224 2321 2462 2393 θρωπον.
2644 2305 2656 2319 ⁸

2297 2420 2394 2478 ις’.
2429 2411 2566 2470 Εῐπε
2619 2414 2817 2467 πάλινο
2869 2414 2995 2466 Ἐὰν
3054 2413 3130 2484 μὴ
3164 2411 3452 2484 ἄνθρωπος
3503 2411 3600 2483 ἔχῃ
3645 2413 3705 2464 ἐν
3736 2415 3811 2483 τῇ

2221 2507 2421 2579 καρδίᾳ
2451 2505 2618 2561 αὐτοῦ
2659 2506 2740 2558 ὅτι
2787 2505 3112 2576 ἁμαρτωλός
3146 2507 3316 2568 ἐστιν,
3347 2506 3374 2558 6
3407 2505 3541 2567 Θεὸς
3569 2506 3670 2557 οὐκ
3697 2505 3819 2556 εἰσ-

2219 2597 2409 2651 ακούει
2438 2597 2627 2650 αὐτοῦ.
2664 2595 2774 2649 Kal
2803 2591 2954 2648 εἶπεν
2985 2599 3012 2649 6
3054 2595 3310 2664 ἀδελφός·
3337 2595 3402 2647 Τί
3433 2595 3601 2659 ἐστιν,
3627 2593 3741 2664 ἔχει
3764 2595 3813 2624 ’⁷

2221 2692 2279 2743 ὲν
2308 2693 2374 2761 τῇ
2408 2690 2605 2760 καρδίᾳ
2623 2690 2669 2721 ⁷⁸
2714 2690 2797 2742 ὅτι
2849 2687 3174 2760 ἁμαρτωλός
3227 2689 3412 2752 ὲστιν;
3465 2685 3568 2739 Kal
3597 2682 3753 2739 εἶπεν
3787 2690 3817 2738 6

2225 2783 2402 2854 γέρων
2428 2784 2531 2846 ὅτι,
2565 2783 2632 2835 Ei
2663 2798 2746 2845 τις
2790 2779 3050 2851 βαστάζει
3085 2779 3184 2842 τὰς
3211 2779 3486 2852 ἁμαρτίας
3524 2777 3714 2843 αὐτοῦ,
3749 2780 3817 2831 οὐ

2229 2875 2416 2944 βλέπει
2442 2874 2541 2937 τὰς
2572 2873 2666 2926 τοῦ
2691 2872 2920 2944 πλησίον
2950 2870 3136 2926 αὐτοῦ.

2303 2965 2388 3030 ιζ’.
2428 2961 2564 3019 Εἷπε
2595 2965 2790 3018 πάλιν·
2829 2964 2953 3018 Ἐὰν
3014 2964 3089 3036 μὴ
3145 2964 3489 3037 συμφωνήσῃ
3532 2965 3566 3034 ἡ
3610 2962 3820 3034 πρᾶξις

2235 3057 2374 3128 μετὰ
2413 3058 2508 3127 τῆς
2557 3054 2744 3125 εὐχῆς,
2789 3055 2868 3118 εἰς
2916 3054 3094 3125 μάτην
3151 3053 3402 3125 atomi".
3448 3054 3559 3106 Kal
3600 3049 3755 3107 εἶπεν
3785 3057 3819 3108 ὁ

535 3142 682 3210 Quid
723 3147 809 3196 est
851 3155 1158 3197 consensus
1198 3139 1382 3210 operis
1424 3155 1550 3194 cum
1597 3141 1790 3210 prece?
1824 3139 2001 3195 Senex
2038 3157 2117 3197 re-

2232 3149 2462 3218 ἀδελφός
2483 3165 2496 3177 ·
2523 3148 2588 3201 Τί
2615 3149 2752 3211 ἐστι,
2782 3146 3139 3218 συμφώνησις
3164 3146 3414 3218 πράξεως
3439 3145 3577 3217 μετά
3603 3145 3771 3216 εὐχῆς
3801 3164 3817 3210 ;

539 3233 794 3304 spondit:
815 3230 885 3287 Ut
919 3247 1018 3302 pro
1049 3232 1251 3302 quibus
1283 3245 1594 3301 precamur,
1641 3248 1749 3286 non
1777 3232 2008 3302 amplius
2037 3231 2120 3286 fa-

537 3326 751 3382 ciamus
779 3341 861 3381 ea.
905 3324 1200 3395 Postquam
1238 3325 1386 3380 enim
1415 3325 1578 3378 homo
1616 3323 1888 3379 dimiserit
1933 3325 2124 3379 volun-

541 3428 683 3474 tates
713 3434 866 3484 suas,
897 3426 1028 3474 tunc
1059 3418 1200 3475 Deus
1228 3417 1618 3474 reconciliatur
1646 3417 1716 3485 ei,
1744 3428 1797 3473 et
1817 3419 2121 3473 orationem

540 3510 688 3566 illius
723 3509 983 3564 admittit.

615 3601 702 3657 18.
759 3601 890 3673 (55)
938 3599 1299 3672 Interrogavit
1350 3598 1519 3655 frater
1559 3619 1573 3657 :
1615 3599 1672 3653 In
1727 3601 1875 3655 omni
1937 3601 2126 3658 labore

543 3693 803 3760 hominis,
823 3691 1082 3762 quidnam
1110 3699 1195 3748 est
1220 3690 1365 3760 quod
1386 3704 1510 3745 eum
1537 3689 1795 3760 adjuvat?
1823 3690 2126 3760 Respondit

543 3801 710 3842 senex
740 3804 754 3841 :
786 3783 928 3842 Deus
956 3792 1041 3840 est
1070 3784 1165 3855 qui
1199 3783 1442 3852 adjuvat.
1494 3783 1772 3853 Scriptum
1820 3791 1904 3837 est
1941 3782 2121 3838 enim:

545 3879 685 3934 Deus
713 3886 893 3933 noster
922 3877 1186 3946 refugium
1210 3885 1260 3930 et
1283 3876 1470 3939 virtus,
1505 3873 1722 3938 adiutor
1745 3875 1798 3927 in
1823 3874 2128 3931 tribulatio-

543 3972 696 4026 nibus
735 3987 853 4043 qua:
891 3972 1197 4025 invenerunt
1235 3986 1330 4023 nos
1367 3968 1524 4023 nimie
1561 3968 1626 4022 ".
1658 3966 1883 4038 Excepit
1912 3967 2124 4024 frater:

541 4062 755 4134 Jejunia
778 4071 832 4118 et
853 4061 1049 4130 vigilite
1078 4076 1216 4131 quas
1241 4059 1406 4115 homo
1427 4058 1653 4130 peragit,
1681 4057 1940 4129 quidnam
1965 4059 2128 4115 sunt?

545 4151 726 4208 Senex
758 4151 825 4205 ad
849 4165 973 4206 eum
1003 4167 1017 4205 :
1044 4149 1168 4204 [an
1194 4147 1434 4205 efﬁciunt
1464 4157 1524 4204 ut
1552 4149 1734 4203 anima
1764 4164 1822 4204 se
1851 4147 2131 4204 humiliter

543 4243 815 4296 demittat.
856 4239 1103 4310 Namque
1129 4243 1397 4311 scriptum
1439 4250 1565 4297 est:
1601 4238 1732 4296 Vide
1774 4241 2130 4295 humilitatem

2225 3241 2337 3295 Kal
2368 3235 2519 3294 εἶπεν
2553 3241 2580 3292 6
2611 3239 2822 3311 γέρων·
2858 3238 2975 3291 Ἵνα
3010 3238 3152 3309 ὑπὲρ
3179 3233 3253 3293 ὧν
3287 3236 3582 3308 εὐχόμεθα,
3614 3237 3823 3307 μηκέτι

2225 3333 2470 3403 ποιῶμεν
2505 3332 2664 3386 αὐτά.
2696 3331 2867 3384 Ὅταν
2910 3329 3020 3400 γὰρ
3069 3329 3356 3400 ἅνθρωπος
3390 3329 3500 3400 ἀφῇ
3553 3327 3624 3380 τὰ
3656 3327 3823 3398 θελη·

2229 3442 2373 3495 ματα
2412 3422 2597 3485 αὐτοῦ,
2648 3421 2768 3474 τότε
2814 3421 3245 3475 καταλλάσσεται
3290 3419 3438 3491 αὐτῷ
3469 3422 3495 3473 6
3534 3420 3689 3487 Θεὸς,
3721 3420 3825 3473 καὶ

2224 3511 2436 3582 δέχεται
2463 3511 2557 3581 τὴν
2581 3510 2743 3580 εὐχὴν
2776 3509 2961 3563 αὐτοῦ.

2301 3609 2388 3673 ιη’.
2431 3601 2742 3674 Ἠρὼτησεν
2781 3602 2808 3653 6
2843 3600 3070 3670 ἀδελφὸς
3095 3601 3199 3663 ὅτι,
3234 3600 3322 3652 Ἑν
3351 3600 3512 3653 παντὶ
3539 3599 3694 3669 κόπῳ
3720 3601 3822 3654 τοῦ

2228 3693 2538 3766 ἀνθρώπου,
2573 3693 2626 3745 τί
2645 3693 2762 3746 ἐστι
2787 3692 2849 3746 τὸ
2878 3691 3107 3764 βοηθοῦν
3131 3691 3314 3762 αὐτῷ;
3343 3693 3452 3746 Kal
3490 3691 3637 3760 λέγει
3665 3694 3692 3745 6
3719 3691 3819 3760 γέ-

2231 3804 2370 3859 ρωνο
2417 3786 2476 3840 '0
2520 3785 2654 3848 Θεός
2697 3786 2844 3838 ἐστιν
2887 3787 2914 3838 6
2952 3784 3182 3856 βοηθῶν.
3235 3785 3550 3856 Γέγραπται
3581 3785 3719 3854 γάρ·
3761 3784 3822 3835 Ὀ

2232 3879 2378 3943 Θεὸς
2429 3878 2599 3948 ἡμῶν
2653 3875 2968 3946 καταφυγὴ
3021 3876 3119 3930 καὶ
3167 3875 3440 3944 δύναμις,
3470 3874 3702 3941 βοηθὸς
3745 3875 3824 3928 ἐν

2230 3972 2477 4039 all-great
2524 3971 2653 4034 ταῖς
2703 3969 3026 4036 εὑρούσαις
3078 3965 3236 4036 ἡμᾶς
3284 3965 3540 4036 σφόδρα.
3583 3962 3748 4019 Εἶπεν
3789 3969 3824 4020 ὁ

2231 4057 2490 4126 ἁδελφός·
2520 4057 2586 4109 Ai
2621 4058 2867 4128 νηστεῖαι
2895 4055 2991 4108 καί
3013 4054 3313 4126 ἀγρυπνίαι
3333 4055 3398 4118 ἃς
3427 4057 3572 4108 ποιεῖ
3602 4055 3824 4125 ἄνθρω-

2232 4167 2352 4217 πος,
2385 4149 2438 4204 τί
2463 4149 2739 4220 γίνοεηαι;
2767 4149 2931 4217 Λέγει
2959 4147 3108 4218 αὐτῷ
3135 4149 3163 4200 6
3189 4147 3366 4218 γέρων
3383 4165 3396 4178 ·
3423 4141 3592 4200 Λῦται
3628 4147 3824 4199 ποιοῦ-

2234 4259 2286 4295 σι
2323 4242 2423 4312 τὴν
2471 4239 2653 4312 ψυχὴν
2701 4238 3126 4311 ταπεινωθῆναι.
3178 4238 3493 4309 Γέγραπται
3538 4238 3674 4308 γάρ·
3711 4237 3825 4290 Ἱδὲ

545 4347 718 4385 meam
745 4339 795 4384 et
832 4329 1064 4384 laborem
1105 4347 1276 4384 meum
1297 4369 1312 4395 ,
1343 4341 1393 4385 et
1422 4332 1632 4387 dimitte
1664 4332 1905 4386 universa
1939 4331 2117 4386 delicta

2233 4332 2350 4402 τὴν
2373 4332 2741 4386 ταπείνωσιν
2758 4349 2879 4400 μου
2899 4329 2997 4383 καὶ
3027 4327 3135 4382 τὸν
3162 4329 3356 4382 κόπον
3379 4346 3521 4399 μου,
3541 4328 3640 4382 καὶ
3664 4327 3826 4397 ἄφες

547 4439 666 4477 mea
704 4423 774 4477 ".
809 4421 881 4477 .Si
923 4421 1113 4476 fecerit
1159 4424 1340 4476 anima
1388 4423 1600 4480 fructus
1645 4425 1770 4488 hos,
1822 4423 1966 4479 Deus
2003 4439 2117 4495 erg:

2235 4424 2440 4490 πάσας
2464 4425 2571 4490 τὰς
2593 4423 2884 4492 ἁμαρτίας
2901 4440 3040 4492 μου.
3085 4420 3210 4475 Ἐὰν
3235 4422 3267 4492 ἡ
3298 4420 3444 4493 ψυχὴ
3472 4421 3676 4491 ποιήσῃ
3692 4421 3825 4482 τοὺς

545 4514 696 4570 illam
723 4519 1011 4583 propterea
1037 4512 1414 4567 misericordia
1438 4515 1894 4568 commovebitur.
1924 4516 2117 4570 lterum

2234 4517 2484 4588 καρποὺς
2512 4514 2759 4579 τούτους,
2795 4511 3220 4584 σπλαγχνίζεται
3250 4511 3428 4574 ὁθεὸς
3460 4512 3557 4564 ἐπ’
3581 4511 3722 4580 αὐτῇ
3750 4509 3825 4561 δι’

548 4606 760 4678 rogavit
803 4620 988 4662 senem
1032 4604 1246 4660 frater:
1288 4604 1430 4670 Quid
1467 4603 1632 4662 faciet
1673 4606 1836 4660 homo
1880 4607 1935 4662 in
1979 4607 2117 4664 omni

2236 4608 2435 4662 αὐτῶν.
2472 4605 2635 4674 Λέγει
2659 4605 2688 4657 6
2718 4603 2946 4673 ἀδελφὸς
2976 4602 3054 4674 τῷ
3087 4603 3328 4674 γέροντι·
3363 4601 3429 4654 Τί
3465 4601 3681 4681 ποιήσει
3724 4599 3826 4652 ἀν-

548 4699 851 4756 tentatione
888 4713 1010 4770 quae
1053 4698 1432 4769 supervenerit
1470 4697 1548 4762 ei,
1592 4698 1677 4754 vel
1722 4698 1776 4754 in
1806 4700 1956 4754 omni
2002 4717 2117 4772 sug-

2238 4700 2457 4772 θρωπος
2485 4699 2543 4750 ὲν
2591 4698 2754 4750 παντὶ
2783 4695 3080 4768 πειρασμῷ
3119 4692 3475 4764 ἐπερχομένῳ
3504 4692 3688 4744 ἐπάνω
3719 4691 3829 4744 αὐ-

545 4793 795 4862 gestione
833 4790 1088 4848 inimici?
1125 4791 1305 4848 Senex
1360 4806 1686 4862 responsum
1739 4791 1890 4848 dedit
1928 4812 1940 4847 :
1973 4792 2117 4849 Flere

2239 4793 2355 4858 τοῦ,
2388 4792 2421 4863 ἦ
2450 4791 2508 4845 ὲν
2538 4790 2702 4843 παντὶ
2737 4787 2988 4860 λογισμῷ
3014 4787 3108 4841 τοῦ
3139 4785 3368 4858 ὲχθροῦ;
3415 4785 3578 4853 Λέγει
3611 4784 3763 4854 αὐτῷ
3796 4787 3829 4838 ὁ

548 4884 710 4940 debet
737 4893 862 4940 ante
903 4884 1201 4940 bonitatem
1240 4881 1356 4949 Dei,
1400 4891 1458 4938 ut
1488 4882 1536 4937 ei
1568 4889 1890 4948 succurrat;
1933 4890 1987 4939 ct
2019 4884 2117 4938 citc

2236 4885 2414 4957 γέρων
2436 4901 2449 4914 °
2488 4882 2712 4937 Κλαίειν
2739 4881 2945 4950 ὀφείλει
2973 4878 3204 4932 ἐνώπιον
3230 4881 3328 4949 τῆς
3360 4877 3695 4948 ἀγαθότητος
3727 4878 3829 4931 τοῦ

549 4976 788 5047 quietem
826 4977 1022 5047 capiet,
1046 4975 1212 5033 modo
1250 4977 1526 5048 rogaverit
1554 4992 1678 5033 cum
1711 4977 1960 5033 scientia.
1989 4976 2117 5044 Quia

2236 4973 2397 5039 Θεοῦ,
2425 4974 2512 5027 ἵνα.
2564 4972 2812 5045 βοηθήσῃ
2855 4968 3036 5041 αὐτῷ’
3064 4969 3160 5022 καὶ
3201 4968 3543 5022 ἀναπαύεται
3585 4967 3825 5038 ταχέως,

625 5135 669 5168 ⁷⁵
693 5133 840 5191 Psal.
875 5149 997 5200 va,
1033 5135 1090 5192 2.
1166 5135 1212 5169 "
1237 5133 1385 5192 Psal.
1415 5152 1562 5203 xxiv,
1594 5136 1678 5192 l8.
1756 5137 1803 5169 ’τ
1831 5134 2108 5206 Α1.ἕχειν.

2265 5134 2350 5188 Al.
2387 5132 2557 5187 inser.
2593 5128 2782 5186 αὐτοῦ.
2856 5131 2903 5162 ⁷⁹
2936 5129 3020 5184 Al.
3063 5127 3190 5183 add.
3223 5125 3530 5199 ἄνθρωπος.

621 5319 741 5398 (.29)
778 5317 886 5398 2:3-
926 5317 1082 5398 ξαινο
1222 5333 1298 5398 εν.
1337 5319 1387 5371 ι.

625 5387 736 5454 (50)
778 5387 882 5442 Vit.
926 5387 1079 5442 Patr.
1114 5405 1189 5453 Iv,
1225 5388 1281 5442 2.

625 5402 714 5454 (bu
782 5402 882 5442 Vit.
926 5402 1079 5442 Patr.
1114 5405 1189 5453 Iv,
1225 5402 1257 5442 2

620 5402 736 5530 (δίς
781 5456 886 5530 gn.
919 5457 1070 5530 Eutr.
1099 5475 1173 5524 tv,
1203 5459 1257 5530 5.

2245 5315 2324 5386 τῷ
2349 5313 2494 5384 ἀϐϐᾷ
2520 5311 2766 5395 Ποιμένι.
2802 5311 2862 5366 1η
2891 5309 3014 5364 aliis
3055 5309 3271 5382 duobus
3302 5323 3409 5363 non
3435 5305 3646 5434 £ejoris
3677 5313 3827 5360 nota:

2248 5384 2586 5439 bibliothecae
2617 5383 2893 5448 ejusdem:
2929 5380 3100 5433 Ἑπτὰ
3125 5378 3417 5449 κεφάλαια,
3498 5376 3829 5449 ἀπέστειλεν

2247 5419 2860 5523 ξ’ἕὲ’ἔέἓ”ιίιῖ)ξὲἧξ“ξῷ’
2879 5419 3829 5523 ’ἀὲἕξῑιξῖεῖέῖὶῗ’ἷιᾷἶ’ξὲῥῦἱᾶξέἐῶᾇ

625 5516 742 5594 (523
787 5525 894 5582 Vit.
933 5526 1089 5582 Patr.
1123 5516 1197 5594 ιν,
1219 5529 1273 5584 4.

2246 5525 2406 5589 αὐτὰ,
2437 5516 2770 5594 ρύεταιάπὸ
2799 5516 2977 5594 πάσης
3009 5516 3304 5594 κολάσεως,
3350 5520 3446 5594 καὶ
3479 5516 3827 5594 ἀναπαύεται

629 5586 742 5666 (5⁸Ξὴ
791 5596 896 5666 Vit.
926 5596 1080 5650 Patr.
1107 5586 1265 5661 ινίιι,
1305 5607 1408 5653 etc.

2245 5586 2401 5666 ὅπου
2436 5586 2533 5666 ἒᾲν
2555 5593 2810 5666 κάθηται,
2841 5586 2949 5644 εἶ’τέ
2988 5592 3287 5666 ὲν-ὲρήμῳ,
3340 5587 3626 5666 εῖτεημετὰ
3653 5586 3737 5641 vel
3766 5588 3827 5666 ev

629 5659 741 5737 (54)
773 5664 1020 5738 Εἶπεν-ὀ
1043 5667 1226 5734 ὰϐϐᾶς
1254 5659 1539 5736 Μωϋσῆς.
1571 5668 1771 5724 Codice
1803 5667 2007 5738 optimo
2031 5666 2115 5722 vir

2246 5665 2396 5738 μέσῳ
2428 5659 2695 5738 ἀδελφῷν.
2724 5659 3399 5738 .lo‘anucssubdiaCOnus3
3435 5659 3823 5738 §eptentrapif

560 5729 921 5808 illustrissimi
951 5735 1181 5808 Joannis
1202 5729 1476 5807 Baptista
1499 5729 1745 5795 tiolberti
1797 5729 2134 5808 prtchnitur
2242 5729 2378 5808 tutu,
2402 5729 2695 5808 quminisit
2745 5733 2906 5808 abbas
2963 5731 3175 5808 Moyses
3211 5730 3393 5783 abbati
3429 5729 3694 5785 Pwmcnio
3722 5741 3742 5781 .'
3773 5735 3826 5782 et

559 5807 782 5866 titulus:
823 5807 1108 5878 Κεφάλσια
1139 5807 1204 5876 ς’,
1239 5810 1274 5864 ἃ
1296 5803 1624 5866 ’ἀπέστειλεν
1646 5813 1674 5867 6
1692 5803 1866 5874 ἁὸθᾶς
1891 5803 2117 5884 Μωύσῆς

2239 5807 2326 5877 qui
2361 5803 2666 5862 custodierit
2698 5821 2777 5873 ea,
2817 5803 3126 5859 liberabitur
3157 5819 3187 5855 a
3209 5815 3383 5871 pana.
