3994 6336
204 318 303 376 980

1330 315 1943 374 APOPHTHEGMATA
1982 319 2290 379 PATRUM.

3331 331 3442 388 290

203 435 294 487 ἐὰν
338 431 634 504 παρακαλῇ
671 431 730 484 ὲν
770 429 999 498 γνώσει·
1053 430 1358 501 γέγραπται
1391 432 1529 502 γάρ’
1560 431 1774 499 Κύριος

1882 430 2164 504 Scriptura
2195 435 2364 489 dicit:
2396 433 2648 490 Dominus
2684 438 2810 492 mihi
2855 438 3098 508 adjutur;
3145 453 3194 495 et
3235 457 3336 496 non
3379 443 3446 494 ti-

200 526 325 594 ἐμοὶ
356 525 612 592 βοηθὸς,
643 523 741 576 καὶ
773 523 847 575 οὐ
861 521 1289 591 φοϐηθήσομαι
1320 522 1376 575 τι
1406 520 1646 588 ποιήσει
1670 539 1772 591 μοι

202 615 534 682 ἄνθρωπος.
580 611 893 684 Ἦρώτησεν
923 615 952 665 6
976 612 1202 681 ἀδελφὸς
1239 613 1343 677 ὅτι,
1388 613 1516 666 Ἰδοὺ
1563 612 1772 684 ἀνθρω-

203 723 297 768 πος
322 705 473 775 δέρει
490 704 582 756 τὸν
601 702 787 755 δοῦλον
803 703 967 756 αὑτοῦ
989 703 1058 756 δι’
1077 702 1354 773 ἁμαρτίαν
1374 705 1440 775 ἣν
1461 703 1684 774 ἔπραξε.
1707 704 1772 756 Τί

204 795 313 863 ἐρεῖ
341 795 370 844 6
393 791 615 855 δοῦλοςς
641 791 804 858 Λέγει
838 792 866 842 6
897 791 1103 862 γέρων·
1151 792 1277 846 Ἐάν
1305 793 1422 846 ἐστι
1451 793 1635 856 δοῦλος
1670 811 1772 847 κα-

203 884 305 948 λὸς,
337 884 489 952 ἐρεῖ·
539 880 792 950 Ἐλέησόν
843 897 934 950 με,
968 881 1286 952 ἡμάρτηκα.
1343 882 1507 950 Λέγει
1553 881 1701 952 αὑτῷ
1744 883 1773 934 6

201 975 450 1045 ἁδελφός·
488 973 654 1025 Οὐδὲν
689 971 816 1025 ἄλλο
848 971 1023 1040 λέγει;
1075 973 1238 1040 Λέγει
1283 975 1311 1026 6
1353 973 1564 1044 γέρων⁹
1616 973 1769 1042 Οὐχί.

211 1067 323 1132 Ἀφ’
341 1057 404 1119 οὗ
435 1063 545 1134 γὰρ
573 1064 671 1134 τὴν
692 1063 896 1133 μέμψιν
919 1063 1150 1116 ἐπιτιθεῖ
1172 1064 1256 1132 ἐφ’
1279 1063 1472 1134 ἐαυτῷ,
1497 1065 1591 1118 καὶ
1620 1065 1769 1135 εἴπῃ,

208 1154 558 1226 Ἡμάρτηκα,
599 1153 801 1215 εὐθέως
852 1153 1276 1222 σπλαγχνίζεται
1311 1155 1397 1208 ἐπ’
1435 1154 1585 1225 αὑτῷ
1614 1157 1643 1207 6
1683 1153 1774 1206 κύ-

201 1267 310 1320 ριος
344 1247 540 1301 αὐτοῦ.
573 1247 738 1310 Τέλος
769 1247 826 1298 δὲ
857 1246 1063 1299 τούτων
1110 1247 1349 1312 πάντων,
1385 1249 1444 1301 τὸ
1471 1248 1545 1320 μὴ
1591 1251 1771 1318 κρῖναι

199 1339 283 1392 τὸν
311 1339 564 1409 πλησίον.
595 1339 724 1390 Ὅτε
753 1336 861 1408 γὰρ
891 1339 924 1407 ἡ
952 1338 1074 1408 χεὶρ
1111 1339 1313 1408 Κυρίου
1349 1339 1635 1392 ἀπέκτεινε
1665 1340 1773 1392 πᾶν

199 1433 542 1502 πρωτότοκον
571 1431 626 1482 ὲν
655 1432 725 1501 γῇ
759 1428 1038 1500 Αἰγύπτῳ,
1072 1430 1172 1482 οὐκ
1198 1427 1265 1500 ἦν
1309 1425 1453 1494 οἶκος
1485 1424 1545 1483 οὗ
1572 1432 1672 1484 οὐκ
1704 1426 1774 1502 ἦν

199 1526 252 1576 ἐν
283 1523 436 1594 αὐτῷ
459 1521 754 1592 τεθνηκώς.
785 1521 945 1588 Λέγει
968 1521 1116 1591 αὐτῷ
1139 1523 1166 1574 6
1203 1522 1430 1590 ἀδελφός
1449 1538 1462 1550 ’
1496 1523 1591 1585 Τίς
1627 1525 1773 1576 ἐστιν

200 1618 225 1669 6
246 1615 407 1682 λόγος
453 1609 643 1677 οὗτος
681 1612 842 1680 Λέγει
872 1613 1070 1692 αὑτῷρ
1101 1613 1278 1684 γέρων
1313 1614 1414 1677 ὅτι,
1452 1613 1575 1666 Ἐάν
1625 1616 1773 1684 ἡμᾶς

200 1709 430 1761 ἐάσωσιν
447 1707 495 1737 ⁸⁸
532 1706 658 1758 ἰδεῖν
697 1705 796 1768 τὰς
836 1705 1107 1776 ἁμαρτίας
1140 1704 1318 1776 ἡμῶν,
1360 1706 1419 1759 οὐ
1465 1705 1538 1776 μὴ
1575 1705 1774 1773 ἴδωμεν

199 1799 292 1862 τὰς
324 1797 601 1868 ἁμαρτίας
622 1797 717 1850 τοῦ
756 1797 1004 1868 πλησίον.
1036 1798 1232 1867 Μωρία
1257 1799 1366 1868 γάρ
1389 1799 1534 1851 ἐστιν
1561 1796 1773 1868 ἀνθρώ-

200 1908 304 1961 πῳ,
358 1890 538 1960 ἔχοντι
587 1888 678 1941 τὸν
734 1889 929 1942 ἑαυτοῦ
965 1890 1179 1962 νεκρὸν,
1209 1891 1426 1958 ἀφεῖναι
1471 1890 1630 1944 αὐτὸν
1677 1891 1770 1944 καὶ

201 1983 450 2036 ἀπελθεῖν
480 1981 711 2035 κλαῦσαι
759 1982 849 2035 τὸν
880 1981 976 2035 τοῦ
1017 1982 1262 2052 πλησίον.
1295 1982 1368 2037 Τὸ
1396 1983 1684 2036 ἀποθανεῖν
1715 1983 1772 2036 δὲ

200 2074 301 2127 ἀπὸ
347 2073 444 2126 τοῦ
495 2073 720 2143 πλησίον
755 2090 881 2138 σου,
914 2073 1072 2127 τοῦτό
1112 2076 1229 2128 ἐστι
1263 2074 1325 2126 τὸ
1366 2073 1633 2144 βαστάσαι
1675 2092 1770 2128 σου

198 2167 293 2229 τὰς
320 2165 617 2236 ἁμαρτίας,
645 2165 739 2219 καὶ
764 2165 1088 2237 ἀμεριμνείν
1111 2166 1219 2219 ἀπὸ
1236 2168 1436 2230 παντὸς
1459 2165 1766 2236 ἀνθρώπου,

199 2259 274 2311 ὅτι
307 2251 465 2320 οὗτος
516 2257 676 2319 καλός
710 2258 876 2320 ἐστιν,
914 2256 946 2326 ἢ
977 2252 1129 2320 οὗτος
1174 2257 1360 2320 κακός.
1409 2259 1500 2328 Μὴ
1541 2261 1770 2327 ποιήσῃς

200 2350 362 2402 κακὸν
407 2348 595 2418 μηδενὶ
621 2346 912 2418 ἀνθρώπῳ,
949 2347 1084 2418 μηδὲ
1113 2347 1326 2416 λογίζου
1354 2349 1584 2419 πονηρὸν
1625 2350 1682 2400 ὲν
1703 2351 1768 2419 τῇ

201 2438 391 2509 καρδίᾳ
420 2454 514 2490 σου
561 2438 638 2500 είς
665 2452 816 2489 τιναο
853 2436 984 2506 μηδὲ
1016 2436 1374 2507 ὲξουδενὼσῃς
1406 2437 1524 2490 τινὰ
1555 2436 1769 2490 ποιοῦν-

199 2547 265 2583 τα
284 2529 454 2582 κακόν
475 2545 490 2561 ⁸
526 2529 660 2600 μηδὲ
680 2528 906 2598 πεισθῇς
923 2527 1000 2597 τῷ
1025 2527 1404 2581 κακοποιοῦντι
1435 2528 1524 2582 τὸν
1549 2529 1771 2598 πλησίον

200 2621 380 2685 αὑτοῦ,
431 2621 568 2691 μηδὲ
620 2623 775 2690 χαῖρε
825 2619 964 2690 μετά
1008 2619 1101 2671 τοῦ
1155 2619 1432 2682 ποιοῦντος
1477 2620 1641 2672 κακὸν
1694 2619 1770 2690 τῷ

202 2713 424 2782 πλησίον
471 2711 670 2764 αὑτοῦ·
713 2710 786 2781 μὴ
836 2710 1218 2783 καταλαλὴσῃς
1245 2711 1398 2764 τινά·
1443 2711 1580 2764 ἀλλὰ
1611 2710 1766 2778 λέγε·

207 2809 265 2860 '0
294 2806 429 2868 Θεὸς
459 2803 720 2873 γινώσκει
749 2804 1000 2856 ἕκαστον
1029 2803 1103 2873 μὴ
1131 2802 1472 2873 συμπεισθῇς
1507 2802 1644 2873 μετὰ
1676 2801 1768 2854 τοῦ

199 2894 644 2955 κατα).αλοῦντος,
679 2893 813 2963 μηδὲ
850 2894 1128 2962 συγχαρῇς
1151 2890 1288 2960 μετὰ
1317 2891 1414 2960 τῆς
1442 2890 1772 2952 καταλαλιάς

199 2985 378 3051 αὑτοῦ,
409 2986 547 3056 μηδὲ
603 2984 840 3055 μισήσῃς
868 2983 957 3034 τὸν
986 2981 1392 3035 καταλαλοῦντα
1423 2982 1515 3034 τὸν
1547 2980 1770 3050 πλησίον

197 3078 381 3131 αὑτοῦ.
407 3076 518 3129 Καὶ
541 3074 696 3128 τοῦτό
713 3077 826 3126 ἐστι
858 3071 918 3125 τὸ
949 3072 1023 3143 μὴ
1046 3073 1308 3144 κρῖναιδί.
1337 3073 1428 3143 Μὴ
1451 3071 1540 3141 έχε
1571 3070 1768 3141 ἔχθραν

201 3129 514 3240 τινος
567 3165 872 3236 ἀνθρώπου,
925 3129 1023 3216 atat.
1168 3129 1448 3236 κρατήσῃς
1712 3163 1770 3215 ὲν
1799 3129 1840 3184 c

197 3265 260 3332 τῇ
292 3261 494 3331 καρδία
531 3276 653 3312 σου·
689 3259 762 3330 μὴ
813 3261 1050 3331 μισήσῃς
1104 3257 1194 3310 τὸν
1250 3255 1599 3326 ὲχθραίνοντα
1636 3255 1774 3323 μετά

197 3354 288 3407 τοῦ
320 3353 571 3424 πλησίον.
607 3353 716 3405 Καὶ
752 3352 888 3422 αὕτη
930 3351 1076 3404 ἐστὶν
1113 3350 1146 3419 ἡ
1202 3349 1412 3419 εἰρήνη.
1457 3348 1545 3399 Ἐν
1565 3346 1773 3409 τούτοις

199 3447 386 3500 ἑαυτὸν
437 3444 776 3516 παρακάλει·
812 3445 948 3516 πρὸς
992 3441 1173 3509 ὀλίγον
1224 3440 1411 3511 χρόνον
1439 3441 1467 3491 6
1503 3439 1770 3509 κάματος,

198 3538 290 3590 καὶ
331 3539 412 3600 εἰς
455 3535 542 3589 ἀεὶ⁸
578 3537 610 3606 ή
657 3535 982 3599 ἀνάπαυσις,
1025 3532 1208 3603 χάριτι
1253 3529 1346 3583 τοῦ
1401 3528 1536 3583 Θεοῦ
1575 3529 1774 3597 Λόγου.

210 3629 406 3699 ’Δμήν.

601 3737 741 3805 Περὶ
770 3737 874 3791 τοῦ
899 3736 1049 3791 ἀσϐᾶ
1077 3736 1278 3803 Ματόη
1304 3735 1370 3788 ⁸⁸.

266 3834 339 3883 α’.
385 3827 615 3896 Ἔλεγεν
653 3829 680 3880 6
709 3827 882 3891 ἀὸϐᾶς
911 3826 1162 3896 Ματόης·
1195 3825 1344 3878 Θέλω
1371 3822 1627 3896 ἐργασίαν
1651 3821 1776 3876 έλα-

197 3922 342 3991 φρὰν
370 3919 466 3972 καὶ
499 3917 865 3988 ἐμμένουσαν,
899 3918 932 3988 ἢ
974 3917 1232 3970 ἐπίπονον
1259 3915 1319 3980 ἐξ
1359 3915 1533 3986 ἀρχῆς
1563 3913 1656 3967 καὶ
1687 3929 1779 3966 τα-

197 4013 334 4078 χέως
369 4009 793 4080 ὲκκοπτομένην.

269 4099 336 4170 β’.
369 4096 508 4152 Εἶπε
537 4098 731 4152 πάλιν·
763 4099 926 4152 Ὅσον
976 4097 1186 4166 ἐγγίζει
1216 4097 1501 4167 ἄνθρωπος
1529 4093 1606 4164 τῷ
1636 4093 1774 4161 Θεῷ,

198 4190 454 4244 τοσοῦτον
489 4187 812 4259 ἁμαρτωλὸν
843 4187 1036 4240 ἑαυτὸν
1071 4186 1276 4257 βλέπει.
1324 4184 1550 4246 Ἡσαΐας
1599 4182 1706 4252 γὰρ
1751 4182 1779 4234 6

199 4283 486 4352 προφήτης
542 4279 667 4332 ἰδὼν
704 4278 796 4332 τδν
843 4279 976 4332 Θεὸν
998 4280 1066 4344 ⁸³,
1099 4279 1265 4332 τάλαν
1320 4277 1415 4330 καὶ
1472 4274 1779 4344 ἀκάθαρτον

199 4374 384 4442 ιλεγεν
409 4372 619 4426 ἑαυτόν.

1874 524 2018 578 mebo
2087 525 2212 594 quid
2262 526 2426 594 faciat
2469 526 2596 579 mihi
2629 527 2782 582 homo
2811 529 2876 581 ⁸⁸⁵.
2907 529 3097 584 Adhuc
3131 530 3446 588 sciscitatus

1873 623 1956 669 est
1991 614 2195 671 frater:
2227 615 2367 671 Ecce
2400 616 2562 672 homo
2590 618 2840 672 verberat
2870 633 3085 674 servum
3133 635 3314 687 suum,
3345 621 3443 676 de-

1873 705 1987 759 licti
2005 719 2171 760 causa
2197 707 2339 775 quod
2367 707 2663 773 commisit,
2685 708 2816 778 quid
2841 707 3088 766 dicturus
3114 721 3200 767 est
3220 712 3448 767 servus?

1874 793 2011 848 Tum
2048 809 2252 850 senex:
2279 795 2334 850 Si
2372 811 2562 852 servus
2602 798 2808 867 probus
2847 799 2939 862 sit,
2982 800 3159 855 dicet:
3188 800 3445 857 Miserere

1872 885 2008 952 mei;
2040 888 2276 955 peccavi.
2322 888 2547 944 Frater:
2577 889 2795 946 Nihilne
2839 891 2985 946 aliud
3034 892 3310 962 proferet?
3347 895 3444 951 Se-

1872 991 2019 1034 nex:
2059 976 2198 1032 Non.
2237 978 2311 1032 Ex
2343 994 2452 1049 quo
2481 980 2625 1034 enim
2654 982 2867 1051 culpam
2903 983 2957 1036 in
2998 998 3057 1038 se
3090 986 3354 1052 posuerit,
3389 996 3444 1041 et

1872 1068 2050 1125 fassus
2101 1070 2262 1125 fuerit
2301 1086 2555 1141 peccasse
2597 1089 2677 1139 se,
2722 1073 3010 1129 confestim
3065 1075 3441 1133 misericordia

1873 1175 2001 1231 erga
2031 1162 2183 1215 illum
2214 1171 2462 1218 movetur
2489 1164 2762 1220 dominus.
2792 1165 2964 1220 Porro
2993 1166 3187 1221 horum
3217 1176 3443 1223 cuncto-

1872 1267 1992 1305 rum
2034 1267 2246 1307 summa
2286 1261 2404 1320 est,
2455 1271 2564 1309 non
2602 1255 2852 1324 judicare
2898 1258 3203 1328 proximum
3259 1274 3440 1314 suum.

1872 1341 2008 1396 Nam
2038 1345 2254 1413 quando
2279 1361 2469 1402 manus
2493 1346 2702 1402 Domini
2739 1364 2897 1404 omne
2938 1349 3351 1419 primogenitum
3389 1350 3444 1404 in

1874 1442 2018 1488 terra
2055 1433 2278 1504 Egypti
2325 1436 2594 1492 interfecit
2624 1479 2638 1505 ,
2691 1453 2799 1495 non
2847 1447 2965 1494 erat
3006 1441 3201 1495 domus
3237 1440 3290 1494 in
3337 1455 3442 1510 qua

1874 1539 1983 1578 non
2019 1532 2164 1579 esset
2197 1535 2448 1580 mortuus
2475 1527 2634 1597 ('55).
2667 1527 2818 1582 Tune
2843 1527 3013 1583 frater
3032 1530 3097 1585 ad
3119 1546 3242 1586 eum
3269 1529 3443 1597 :Quid

1873 1623 1956 1670 est
1985 1616 2085 1669 hoc
2125 1616 2307 1670 verbi?
2336 1618 2400 1670 Et
2443 1633 2607 1671 senex
2657 1619 2772 1673 illi:
2805 1619 2860 1674 Si
2908 1620 3063 1674 nobis
3095 1621 3444 1689 permiserint

1873 1707 2058 1761 videre
2086 1715 2305 1776 peccata
2335 1715 2544 1772 nostra,
2590 1724 2698 1763 non
2741 1725 3030 1764 cernemus
3061 1719 3286 1778 peccata
3317 1727 3445 1782 pro-

1807 1785 1846 1838 Β
1877 1799 2031 1853 ximi.
2081 1797 2322 1853 Stultitia
2357 1800 2557 1870 quippe
2585 1808 2670 1855 est
2718 1801 2922 1855 homini
2963 1809 3236 1855 mortuum
3281 1817 3440 1856 suum

1872 1886 2112 1952 habenti,
2137 1889 2441 1959 relinquere
2476 1892 2672 1958 ipsum,
2700 1899 2861 1961 atque
2893 1877 3163 1962 proﬁcisci
3193 1892 3260 1946 ad
3281 1893 3440 1962 plan-

1871 1978 2106 2048 gendum
2145 1989 2417 2035 mortuum
2449 1982 2700 2052 proximi.
2735 1983 2868 2037 Mori
2916 1991 3096 2038 autem
3141 1999 3266 2053 erga
3314 2000 3443 2054 pro-

1872 2071 2076 2125 ximum
2105 2080 2278 2137 tuum,
2307 2072 2441 2127 illud
2470 2081 2576 2138 est,
2620 2083 2838 2144 portare
2870 2073 3066 2130 delicta
3105 2083 3216 2139 tua,
3247 2092 3350 2132 nec
3373 2077 3442 2133 de

1871 2176 2145 2230 quoquam
2187 2162 2404 2218 homine
2436 2179 2557 2220 esse
2598 2166 2915 2231 sollicitum,
2960 2166 3106 2236 quod
3138 2168 3227 2223 ille
3263 2167 3441 2224 bonus

1870 2253 1960 2313 sit,
1998 2259 2093 2305 aut
2119 2252 2205 2306 ille
2233 2254 2429 2309 malus.
2459 2253 2538 2310 Ne
2570 2254 2909 2311 malefeceris
2942 2257 3036 2311 ulli
3067 2257 3309 2323 homini;
3337 2273 3438 2314 nec

1869 2345 1925 2398 in
1958 2353 2050 2398 tuo
2081 2344 2244 2400 corde
2277 2347 2512 2416 cogitato
2561 2349 2762 2401 malum
2803 2348 3070 2404 adversus
3111 2349 3437 2418 quemlibet;

1870 2451 2048 2505 neque
2077 2439 2471 2507 contempseris
2499 2441 2804 2508 quempiam
2837 2456 3002 2510 prave
3031 2448 3312 2511 agentem;
3346 2453 3441 2497 aut

1871 2527 2222 2582 consenseris
2277 2542 2400 2582 cum
2446 2537 2512 2583 eo
2552 2529 2643 2598 qui
2694 2531 2999 2599 proximum
3039 2547 3199 2586 suum
3239 2542 3438 2608 vexa};

1871 2623 1924 2670 et
1946 2617 2053 2670 noli
2079 2616 2313 2687 gaudere
2343 2634 2465 2672 cum
2500 2619 2592 2674 illo
2621 2621 2712 2690 qui
2741 2621 3046 2689 proximum
3083 2622 3224 2676 malo
3253 2603 3438 2676 allicit.

1870 2707 1950 2761 Ad
1995 2709 2128 2770 hanc,
2156 2723 2225 2761 ne
2255 2708 2524 2762 ullatenus
2554 2711 2905 2778 obloquaris;
2939 2710 3033 2765 sed
3061 2710 3227 2764 dicito
3253 2729 3266 2764 :
3297 2709 3442 2767 Deus

1873 2814 2313 2869 unumquemque
2347 2801 2648 2869 cognoscit.
2689 2800 2767 2855 Ne
2796 2801 3143 2857 consenseris
3180 2817 3306 2858 cum
3343 2802 3442 2858 ob-

1873 2890 2137 2952 locutore,
2168 2905 2342 2958 neque
2375 2890 2660 2946 collaeteris
2696 2892 2749 2944 in
2779 2891 3116 2947 detractione
3158 2891 3300 2961 ejus,
3328 2907 3439 2947 non

1873 2993 2050 3036 tamen
2090 2981 2216 3034 odio
2253 2981 2479 3036 habebis
2509 2981 2888 3038 detractorem.
2925 2981 2990 3036 Et
3039 2983 3146 3037 hoc
3185 2990 3290 3046 est,
3331 2998 3441 3039 non

1868 3071 2136 3140 judicare.
2178 3070 2296 3125 Noli
2339 3072 2654 3128 inimicitias
2702 3074 2980 3142 suscipere
3033 3090 3154 3129 cum
3200 3075 3312 3129 ullo
3351 3075 3444 3130 ho-

1877 3162 2040 3224 mine,
2083 3175 2183 3238 nec
2215 3161 2509 3216 retinueris
2535 3161 2888 3217 hostilitatem
2912 3162 2966 3215 in
2991 3161 3156 3216 corde
3180 3168 3308 3226 tuo;
3333 3175 3442 3215 non

1875 3255 1999 3309 odio
2028 3255 2374 3325 prosequeris
2411 3271 2535 3309 eum
2572 3255 2714 3308 inter
2743 3269 2902 3323 quem
2940 3262 2994 3308 et
3033 3255 3338 3324 proximum
3367 3253 3445 3309 si-

1875 3350 2130 3402 muitates
2175 3347 2538 3401 intercedunt.
2573 3348 2750 3416 Atque
2795 3347 2909 3401 haec
2936 3355 3020 3402 est
3051 3361 3174 3416 pax.
3222 3347 3282 3401 ln
3323 3347 3446 3402 istis

1876 3441 2108 3508 teipsum
2139 3419 2445 3493 consolare.
2476 3437 2557 3490 Ad
2590 3438 2750 3493 breve
2784 3445 2998 3508 tempus
3027 3437 3202 3505 labor,
3234 3437 3290 3493 in
3332 3453 3448 3509 per-

1878 3538 2097 3601 petuum
2132 3529 2381 3598 requies;
2413 3528 2587 3599 gratia
2621 3527 2716 3585 Dei
2747 3527 2933 3584 Verbi.
2975 3528 3167 3584 Amen.

2400 3733 2478 3785 De
2511 3728 2698 3784 abbate
2728 3726 2928 3782 Matoe.

1948 3820 2000 3874 l.
2040 3818 2174 3891 (36)
2200 3818 2424 3874 Dicebat
2467 3818 2636 3873 abbas
2683 3816 2887 3871 Matoes
2927 3834 2942 3870 :
2981 3813 3124 3869 Malo
3173 3816 3451 3885 operatio-

1877 3925 2002 3966 nem
2023 3911 2192 3966 levem
2211 3925 2276 3964 ac
2294 3919 2720 3980 permanentem,
2735 3921 2898 3977 quam
2918 3905 3075 3960 initio
3092 3904 3447 3971 laboriosam,

1878 4002 1972 4057 sed
1999 4001 2108 4056 cito
2135 4002 2448 4057 intercisam
2477 4015 2541 4054 ac
2567 3999 2935 4056 desinentem.

1945 4093 2000 4146 2.
2034 4091 2166 4162 (57)
2223 4091 2369 4146 Dixit
2407 4093 2602 4146 iterum
2642 4110 2656 4145 :
2694 4089 2970 4156 Quantum
3017 4087 3181 4144 homo
3213 4086 3324 4143 Deo
3357 4102 3452 4159 ap—

1879 4184 2231 4254 propinquat,
2263 4191 2472 4238 tantum
2504 4199 2565 4239 se
2594 4189 2935 4253 peccatorem
2962 4181 3233 4252 agnoscit.
3278 4178 3452 4236 Isaias

1880 4275 2024 4329 enim
2057 4273 2320 4343 propheta
2360 4275 2430 4340 ⁸³,
2481 4273 2650 4329 Deum
2683 4272 2896 4338 videns,
2939 4271 3200 4328 miserum
3227 4285 3288 4327 se
3313 4269 3456 4325 aﬂir-

1883 4366 2067 4422 tnabat
2095 4373 2149 4420 et
2180 4363 2541 4418 immundum.

269 4471 341 4531 γ’.
378 4465 574 4531 Ἔλεγε
608 4463 803 4518 πάλινο
843 4464 971 4517 Ὅτε
1002 4463 1148 4533 ἥμην
1195 4461 1477 4533 νεώτερος,
1504 4459 1686 4528 ελεγον
1720 4460 1774 4513 έν

1952 4457 2006 4512 5.
2037 4456 2231 4510 Aiebat
2253 4463 2516 4525 praaterea
2545 4472 2558 4508 :
2582 4452 2812 4518 Quando
2841 4467 2991 4509 eram
3015 4452 3256 4523 juvenis,
3290 4468 3458 4524 repu-

205 4552 381 4625 ια’)τῷ
414 4557 520 4619 ὃτι,
555 4555 713 4625 Τάχα
742 4555 792 4607 τί
818 4571 948 4608 ποτε
985 4553 1286 4624 ἐργάζομαι
1323 4551 1553 4621 ἀγαθόν·
1583 4553 1676 4606 νῦν
1721 4553 1778 4605 δὲ

199 4643 276 4706 ὡς
309 4645 581 4715 ὲγήρασα,
619 4643 801 4713 βλέπω
839 4644 919 4696 ὅτι
951 4643 1052 4695 οὐκ
1098 4642 1206 4712 ἔχω
1253 4641 1310 4694 ἓν
1333 4640 1491 4712 ἔργον
1517 4640 1678 4695 καλὸν
1721 4643 1780 4694 ὲν

200 4735 458 4804 ἐμαυτῷ.

271 4827 334 4879 δ’.
372 4822 510 4880 Eine
543 4827 737 4879 πάλιν·
767 4826 882 4878 Οὐκ
915 4819 1055 4879 οἶδεν
1093 4827 1121 4878 6
1156 4824 1402 4887 Σατανᾶς
1436 4823 1574 4893 ποίῳ
1623 4821 1782 4876 πάθει

200 4920 431 4987 ἡττᾶται
452 4920 486 4989 ἡ
516 4918 684 4988 ψυχή.
721 4918 942 4990 Σπείρει
985 4918 1102 4988 μὲν,
1127 4916 1242 4970 ἀλλ’
1266 4917 1364 4968 οὐκ
1393 4910 1530 4968 οῖδεν
1564 4915 1612 4966 εξ
1640 4913 1775 4983 θερί-

201 5023 321 5058 σει⁹
355 5008 482 5070 τοὺς
515 5007 614 5076 μὲν
653 5008 781 5078 περὶ
829 5009 1106 5079 πορνείας,
1136 5008 1260 5069 τοὺς
1285 5006 1342 5057 δὲ
1377 5004 1502 5075 περὶ
1547 5003 1785 5056 καταλα-

1877 4550 2059 4603 tabam
2087 4548 2230 4617 apud
2259 4562 2344 4600 me
2365 4565 2379 4600 :
2400 4545 2563 4601 Forte
2585 4544 2791 4615 aliquid
2819 4545 2949 4600 boni
2972 4545 3246 4615 operabor
3268 4559 3283 4609 ;
3309 4559 3459 4599 nunc

1877 4654 2008 4695 vero
2041 4647 2327 4709 postquam
2359 4638 2535 4701 senui,
2569 4637 2728 4691 video
2761 4635 2909 4705 quod
2945 4649 3014 4690 ne
3042 4649 3212 4690 unum
3235 4634 3457 4704 quidem

1879 4732 2082 4786 bonum
2117 4745 2255 4801 opus
2284 4729 2337 4784 in
2370 4743 2456 4782 me
2484 4729 2737 4782 habeam.

1952 4821 2006 4876 4.
2039 4821 2416 4892 (58)Rursus
2459 4814 2850 4873 dixitzNescit
2902 4813 3174 4877 Satanas,
3233 4811 3454 4867 cuinam

1882 4914 2018 4968 vitio
2047 4912 2368 4967 succumbet
2409 4910 2611 4964 anima.
2655 4905 2903 4962 Seminat
2934 4903 3176 4976 quidem,
3208 4917 3264 4957 at
3303 4904 3460 4971 igno-

1883 5012 1970 5058 rat
2013 5019 2081 5058 an
2113 5017 2401 5058 messurus
2438 5001 2546 5065 sit;
2583 4999 2718 5055 serit
2751 4997 3109 5069 cogitationes
3142 5003 3255 5048 tum
3284 4992 3460 5048 forni-

201 5094 324 5158 λιὲἰς
376 5095 696 5165 λογισμοὺς,
739 5097 834 5150 καὶ
878 5097 1079 5167 ὁμοίως
1131 5094 1202 5148 τὰ
1251 5093 1416 5147 λοιπά
1454 5091 1622 5162 πάθη.
1678 5091 1774 5143 Κατ

1885 5096 2140 5159 cationis,
2179 5105 2290 5150 tum
2323 5093 2712 5159 detractionis,
2758 5090 3032 5159 similique
3061 5087 3222 5142 modo
3260 5085 3314 5140 in
3355 5099 3458 5140 caa-

200 5188 288 5248 εξς
325 5181 435 5240 οἷον
489 5188 661 5253 πάθος
712 5189 794 5261 ῐδῃ
844 5191 941 5261 τὴν
994 5189 1171 5260 ψυχὴν
1228 5189 1505 5254 κλίνασαν,
1563 5189 1774 5259 χορηγεῖ

1885 5188 2020 5242 teris
2048 5187 2198 5243 vitiis
2239 5205 2252 5241 :
2285 5194 2338 5242 et
2385 5186 2451 5240 ad
2497 5200 2659 5256 quem
2701 5198 2927 5253 pravum
2964 5179 3216 5235 affectum
3261 5176 3457 5233 viderit

202 5279 366 5350 αὐτῇ.

188 5421 247 5468 νη
279 5391 324 5468 ‘_°
368 5394 452 5468 ΛΙ.
487 5394 822 5468 προσχῶμεν
857 5396 991 5468 ⁸εἰῐιεξ
1024 5397 1192 5468 ήμᾷς.

203 5457 255 5489 ⁸⁸
283 5461 424 5519 Psal.
451 5457 734 5529 cxvufiif
779 5466 824 5497 ⁸⁵
857 5464 960 5521 lsa.
993 5457 1078 5535 vi;
1106 5457 1157 5522 5.

279 5647 390 5788 {55)
431 5648 662 5702 Dorotb.
689 5647 874 5703 Doctr.
908 5650 959 5703 6.

304 5719 387 5783 36)
443 5719 550 5772 i'it.
587 5718 735 5774 Patr.
760 5737 854 5785 vu,
893 5719 959 5774 li.

304 5719 387 5783 36)
443 5719 550 5772 i'it.
587 5718 735 5774 Patr.
760 5737 854 5785 vu,
893 5719 972 5776 li.

1307 5397 1350 5431 ’ί
1379 5395 1463 5452 ΑΙ.
1519 5396 1730 5468 κρίνετε
1771 5393 1866 5448 καὶ
1905 5395 1966 5448 οὐ
2031 5394 2105 5466 μὴ
2137 5395 2382 5467 κριθῆτε.

1888 5281 2126 5334 animam
2162 5277 2613 5349 propendentem,
2647 5276 2822 5332 eidem
2859 5275 3055 5329 anima:
3091 5269 3422 5342 suppeditat.

2475 5393 2519 5426 "
2551 5392 2637 5447 Al.
2692 5390 2920 5463 Ματώη.
3031 5391 3079 5426 ⁸⁸
3111 5389 3198 5446 Al.
3235 5385 3458 5458 Κύριον.

1965 5648 2073 5718 (57)
2116 5646 2226 5718 vn.
2259 5646 2410 5718 Patr.
2437 5643 2656 5718 ινεεδ.

1965 5713 2076 5789 (53)
2123 5716 2225 5772 γει.
2256 5716 2407 5770 Patr.
2437 5731 2492 5780 ι,
2521 5713 2609 5771 55.
