3994 6336
499 334 599 393 291

1654 340 2000 397 ΔΡΡΕΝΜΧ
2037 341 2128 397 AD
2159 342 2588 404 PALLADIUM.

3670 357 3781 416 292

575 448 629 503 5.
661 443 856 501 Frater
897 451 1170 500 convento
1202 446 1401 503 abbate
1440 447 1638 518 Matoe,
1678 453 1831 522 petiit
1863 454 1933 508 ab
1977 470 2074 509 eo:

2261 465 2322 514 ε’.
2373 459 2625 529 Ἀδελφὸς
2659 460 2932 532 παρέϐαλε
2956 461 3033 533 τῷ
3062 462 3205 536 άϐϐᾷ
3254 463 3476 539 Martha.
3503 469 3599 524 καὶ
3627 470 3776 542 λέγει

502 539 625 606 Quo
665 538 830 593 modo
861 536 1120 593 Sectima:
1155 538 1279 608 plus
1322 536 1568 597 facerent
1597 557 1762 613 quam
1802 544 2084 616 Scriptura

503 629 804 702 praecipiat,
837 629 1114 702 diligendo
1153 630 1408 689 inimicos
1451 648 1583 689 suos
1632 635 1754 704 plus
1794 651 1956 705 quam
2003 652 2084 692 se.

501 717 593 772 Ait
621 718 668 772 ei
704 716 874 773 abbas
905 716 1113 775 Matoes
1138 736 1153 773 :
1185 718 1296 790 Ego
1324 735 1460 777 sane
1485 735 1610 777 eum
1643 722 1738 795 qui
1771 738 1860 779 me
1881 725 2084 798 diligit,

502 824 614 866 non
647 807 817 882 diligo
855 809 999 863 sicut
1033 809 1325 881 meipsum.

573 898 627 955 6.
680 897 874 955 Frater
935 900 1295 973 interrogavit
1344 901 1596 960 abbatem
1645 903 2087 977 Matoeszuid

502 1006 682 1062 agam,
717 991 764 1048 si
800 994 1011 1049 venerit
1048 994 1116 1048 ad
1162 1009 1249 1050 me
1290 993 1481 1062 frater,
1525 997 1708 1069 sitque
1740 999 1859 1055 dies
1886 1000 2085 1071 jejunii

500 1092 598 1138 aut
646 1082 986 1139 diluculum?
1029 1084 1292 1157 quoniam
1331 1087 1517 1142 animo
1564 1103 1756 1161 angor.
1808 1089 1875 1147 Et
1916 1093 1995 1147 ait
2032 1094 2085 1149 ei

501 1188 699 1230 senex:
722 1174 780 1229 Si
802 1174 1024 1245 quidem
1055 1179 1297 1247 angeris,
1323 1185 1378 1232 et
1401 1179 1709 1236 comederis
1731 1196 1858 1237 cum
1886 1182 2081 1248 fratre,

498 1280 647 1324 recte
678 1267 863 1325 facies.
892 1267 1049 1337 Quod
1084 1270 1130 1323 si
1169 1270 1439 1326 neminem
1462 1281 1810 1344 exspectans,
1847 1276 2085 1331 mandu-

498 1359 735 1423 caveris,
770 1367 902 1414 tunc
932 1367 1017 1416 est
1043 1359 1301 1416 voluntas
1331 1369 1445 1415 tua.

572 1451 624 1504 7.
662 1451 813 1516 Adii,
838 1451 1083 1509 narravit
1115 1450 1284 1507 abbas
1307 1450 1501 1518 Jacob,
1531 1452 1783 1508 abbatem
1813 1451 2082 1519 Matoem;

500 1552 555 1600 et
582 1560 705 1599 cum
739 1543 1019 1600 rediturus
1064 1559 1265 1609 essem,
1298 1543 1437 1599 dixit
1466 1544 1515 1600 ei
1554 1562 1568 1599 :
1599 1545 1775 1616 Cupio
1809 1545 2087 1616 proﬁcisci

498 1636 569 1690 ad
630 1636 819 1692 Cellia.
874 1638 965 1691 Ait
1002 1637 1132 1693 ille:
1165 1636 1355 1692 Saluta
1404 1637 1627 1693 nomine
1667 1653 1791 1694 meo
1830 1640 2081 1695 abbatem

492 1725 781 1784 Joannem.
815 1727 1053 1787 Veniens
1078 1730 1244 1799 igitur
1263 1729 1332 1784 ad
1354 1729 1601 1786 abbatem
1627 1729 1891 1787 Joannem
1912 1772 1927 1797 ,
1956 1732 2082 1789 dico

2189 550 2363 621 αὐτῷ·
2408 551 2534 616 Πῶς
2573 552 2622 605 oi
2675 552 2982 623 Σκητιῶται
3016 555 3232 609 ἐποίουν
3257 558 3646 632 περισσότερον
3674 562 3774 635 τῆς

2188 641 2431 713 Γραφῆς.
2456 641 2782 711 ἀγαπῶντες
2820 645 2947 708 τοὺς
2988 644 3217 717 ἐχθροὺς
3256 648 3439 703 αὐτῶν
3467 650 3606 725 ὑπὲρ
3645 654 3774 707 ἐαυ-

2186 731 2342 800 τούς;
2374 733 2539 802 Λέγει
2567 733 2716 805 αὐτῷ
2747 737 2777 788 6
2801 735 2977 800 άϐϐἄς
3018 736 3289 810 Ματὼης·
3323 739 3466 810 Ἐγὼ
3495 742 3634 810 τ’έως
3679 746 3772 800 τὸν

2186 822 2492 892 άγαπῶντά
2519 842 2587 894 με
2637 825 2739 879 οὐκ
2768 825 2969 894 ἀγαπῶ
2988 826 3064 891 ὡς
3083 827 3341 899 ἐμαυτόν.

2258 921 2335 980 ς’.
2410 915 2661 986 Ἀδελφὸς
2694 915 2949 989 ἠρώτησε
2993 918 3085 973 τὸν
3135 921 3311 975 άϐϐἄν
3370 924 3646 998 Ματὼην’
3701 928 3769 981 Τί

2187 1009 2399 1080 ποιήσω
2425 1008 2520 1062 ἐὰν
2559 1009 2850 1082 παραϐάλῃ
2875 1028 2967 1081 μοι
3001 1011 3248 1082 ἁδελφὸς,
3281 1015 3373 1069 καὶ
3403 1015 3517 1070 ἐστι
3547 1020 3770 1089 νηστεία

2185 1099 2218 1170 ἢ
2270 1099 2449 1170 πρωΐ;
2480 1099 2563 1153 ὃτι
2617 1098 2892 1171 θλίϐομαι.
2944 1102 3055 1155 Kal
3093 1101 3242 1172 λέγει
3294 1106 3445 1177 αὐτῷ
3490 1110 3518 1161 6
3551 1109 3765 1180 γέρωνο

2199 1192 2323 1246 Ἐὰν
2368 1192 2467 1262 μὲν
2495 1192 2555 1247 οὐ
2570 1191 2613 1225 ⁸⁷
2639 1192 2816 1265 θλίϐῃ,
2851 1194 2947 1248 καὶ
2975 1194 3155 1268 φάγῃς
3193 1197 3332 1268 μετὰ
3371 1198 3465 1252 τοῦ
3507 1200 3764 1270 ἀδελφοῦ,

2186 1283 2366 1349 καλῶς
2396 1287 2586 1349 ποιεῖς.
2629 1284 2755 1340 Ἐὰν
2778 1285 2836 1339 δὲ
2872 1285 2948 1359 μὴ
2973 1289 3277 1362 προσδοκᾷς
3290 1308 3430 1361 τινα,
3452 1293 3765 1367 καὶγφάγῃς,

2184 1374 2343 1428 τοῦτο
2373 1376 2464 1429 σὺν
2486 1375 2698 1449 θέλημά
2720 1378 2892 1433 ἐστιν.
3542 1366 3553 1378 ’

2258 1466 2322 1531 ζ’.
2353 1463 2519 1520 Εἶπεν
2546 1470 2575 1521 6
2603 1469 2779 1533 άϐϐἄς
2810 1471 3004 1525 Ἰακὼϐ
3033 1473 3135 1537 ὅτι,
3168 1470 3486 1546 Παρέϐαλον
3514 1469 3593 1540 τῷ
3622 1475 3765 1548 ,ιϐϐᾷ

2184 1555 2424 1628 Ματὼῃ·
2457 1558 2553 1611 καὶ
2596 1559 3019 1630 ἀνακάμψαντός
3070 1579 3195 1633 μου,
3248 1556 3401 1617 εἷπον
3451 1560 3599 1632 αὐτῷ
3655 1564 3764 1631 ὅτι,

2183 1644 2336 1700 Θέλω
2388 1648 2725 1719 παραϐαλεῖν
2788 1651 2870 1714 εἰς
2898 1702 2903 1709 ,
2927 1650 2997 1704 τὰ
3066 1650 3287 1707 Κελλία.
3335 1651 3448 1706 Kal
3474 1646 3591 1706 εἶπέ
3636 1669 3762 1724 μοι·

2187 1738 2464 1794 ’Ἄσπασαι
2515 1739 2575 1808 ἐξ
2627 1740 2764 1812 ἐμοῦ
2806 1742 2899 1796 τὸν
2944 1742 3120 1798 ἁϐϐᾶν
3148 1744 3419 1814 Ἰωάννην.
3464 1743 3662 1799 Ἐλθὼν
3702 1747 3762 1801 δὲ

493 1821 587 1876 ei:
620 1820 833 1878 Salutat
874 1831 928 1877 te
971 1822 1143 1878 abbas
1177 1821 1404 1877 Matoes.
1439 1821 1579 1876 Tum
1625 1821 1695 1876 ad
1741 1837 1830 1878 me
1871 1838 2074 1880 senex:

2184 1827 2296 1897 ἐγὼ
2328 1829 2465 1901 πρὸς
2488 1828 2581 1884 τὸν
2619 1830 2794 1885 άϐϐἄν
2834 1832 3111 1904 Ἰωάννην,
3145 1832 3290 1902 λέγω
3327 1834 3509 1906 αὐτῷ’
3554 1836 3762 1892 ’Δσπά-

496 1910 631 1967 Ecce
665 1914 837 1970 abbas
866 1913 1094 1980 Matoes,
1128 1930 1243 1969 vere
1272 1913 1555 1979 Israelita,
1583 1915 1640 1969 in
1665 1930 1769 1985 quo
1794 1915 1951 1972 dolus
1976 1935 2081 1973 non

491 2015 570 2059 est
604 2005 672 2058 ⁸⁸.
715 2006 998 2074 Completo
1047 2013 1229 2062 autem
1269 2022 1445 2075 anno,
1493 2023 1691 2065 rursus
1723 2008 1794 2064 ad
1827 2010 2080 2066 abbatem

495 2092 725 2149 Matoem
757 2095 965 2150 accessi
994 2112 1009 2162 ;
1049 2096 1210 2165 eique
1237 2097 1404 2151 retuli
1446 2096 1833 2155 salutationem
1865 2100 2081 2157 abbatis

490 2181 741 2239 Joannis.
774 2183 841 2237 Et
874 2201 1041 2241 senex
1068 2204 1081 2240 :
1108 2185 1227 2240 Non
1281 2202 1404 2243 sum
1450 2188 1696 2258 quidem,
1748 2190 1948 2262 inquit.
1996 2191 2082 2246 di-

491 2292 634 2347 gnus
681 2277 833 2333 senis
882 2278 1094 2348 elogio;
1146 2286 1406 2335 caeterum
1440 2280 1496 2335 id
1534 2281 1709 2350 scito,
1759 2282 1908 2353 quod
1952 2297 2079 2338 cum

491 2367 735 2425 audieris
778 2385 965 2429 senem
993 2371 1089 2441 qui
1132 2372 1446 2441 proximum
1477 2388 1648 2444 super
1689 2390 1750 2432 se
1791 2375 2076 2446 praedicat,

490 2458 557 2513 ad
593 2474 844 2533 magnam
889 2463 1110 2532 pietatis
1142 2478 1461 2520 mensuram
1503 2466 1596 2522 ille
1633 2468 1902 2537 pervenit.
1952 2466 2078 2523 Haec

488 2559 575 2608 est
602 2554 749 2609 enim
779 2553 1063 2625 perfectio,
1095 2556 1411 2626 proximum
1446 2573 1610 2615 suum
1651 2558 1914 2631 praeferre
1945 2560 2073 2617 sibi.

556 2828 609 2884 8.
626 2827 740 2901 (39)
756 2827 1048 2886 Referebat
1063 2830 1235 2887 abbas
1254 2830 1462 2887 Matoes
1484 2851 1497 2887 :
1522 2830 1678 2887 Venit
1693 2830 1760 2887 ad
1780 2845 1867 2887 me
1882 2830 2075 2899 frater,

484 2922 580 2991 qui
618 2922 926 2987 allirmavit,
968 2923 1365 2980 detractionem
1398 2924 1638 2995 pejorem
1676 2939 1802 2981 esse
1840 2922 2077 2979 fornica-

487 3013 654 3069 tione.
697 3012 762 3067 Et
794 3014 910 3069 dixi
948 3033 963 3070 :
1002 3013 1187 3071 Durus
1227 3024 1313 3071 est
1361 3016 1454 3070 hic
1506 3032 1709 3073 sermo.
1764 3015 1861 3073 Ille
1908 3015 2076 3087 igitur

2184 1916 2335 1982 ζεταί
2365 1935 2423 1971 σε
2463 1921 2493 1972 6
2535 1919 2710 1985 ἁϐϐἄς
2749 1920 3008 1994 Ματῶης.
3049 1923 3162 1977 Kal
3200 1923 3350 1992 λέγει
3385 1927 3525 1995 μοιὸ
3548 1926 3759 1999 γέρωνο

2194 2008 2350 2064 Ἰδοὺ
2379 2011 2410 2063 ὁ
2441 2010 2616 2076 esse;
2648 2012 2908 2083 Ματώης,
2941 2012 3179 2082 άληθῶς
3208 2014 3596 2083 Ἰσραηλίτης,
3617 2018 3685 2071 ἐν
3713 2010 3764 2085 ᾧ

2181 2100 2362 2169 δόλος
2388 2104 2499 2157 οὐκ
2534 2103 2688 2157 ἐστι.
2735 2104 2847 2158 Kal
2884 2103 3262 2176 πληρωθέντος
3309 2105 3573 2171 ἐνιαυτοῦ,
3601 2108 3765 2161 πάλιν

2182 2194 2491 2267 παρέϐαλον
2540 2195 2620 2267 τῷ
2670 2195 2818 2268 ἀϐϐᾷ.
2854 2197 3080 2270 Ματὸῃ·
3139 2199 3233 2252 καὶ
3274 2193 3428 2252 εἷπον
3482 2198 3632 2271 αὐτῷ
3668 2200 3763 2254 τὸν

2180 2285 2471 2357 ἀσπασμὸν
2502 2286 2596 2340 τοῦ
2623 2286 2770 2341 άϐϐᾶ
2802 2287 3070 2343 Ἰωάννου.
3108 2289 3220 2343 Καὶ
3275 2287 3423 2357 λέγει
3469 2290 3497 2343 6
3548 2289 3760 2361 γέρων

2179 2378 2295 2433 Οὐκ
2338 2379 2457 2450 εἰμὶ
2504 2379 2604 2450 μὲν
2659 2379 2809 2445 ἄξιος
2850 2380 2944 2434 τοῦ
2975 2380 3133 2450 λόγου
3173 2380 3270 2435 τοῦ
3302 2382 3589 2454 γέροντος·
3620 2383 3764 2454 πλὴν

2179 2470 2337 2525 τοῦτο
2377 2470 2634 2540 γίνωσκε,
2665 2472 2747 2525 ὃτι
2773 2473 2902 2527 ὅταν
2930 2472 3169 2547 ἀκούσῃς
3197 2475 3452 2545 γέροντος
3499 2474 3590 2529 τὸν
3624 2475 3760 2546 πλη-

2180 2564 2294 2617 σίον
2353 2563 2667 2630 δοξάζοντος
2706 2566 2848 2639 ὑπὲρ
2904 2566 3117 2633 ἑαυτὸν,
3177 2568 3258 2631 είς
3306 2567 3478 2639 μέτρα
3548 2568 3763 2640 μεγάλα

2179 2656 2431 2726 ἔφθασεν.
2459 2655 2608 2728 Αὕτη
2640 2658 2748 2728 γάρ
2780 2660 2926 2712 ἐστιν
2953 2659 2985 2730 ἡ
3011 2657 3303 2730 τελειότης,
3334 2659 3475 2714 ὥστε
3498 2659 3590 2715 τὸν
3626 2661 3763 2733 πλη-

2180 2749 2293 2803 σίον
2315 2747 2511 2802 ἑαυτοῦ
2538 2747 2783 2816 δοξάζειν
2809 2750 2950 2822 ὑπὲρ
2980 2751 3193 2805 ἑαυτόν.

2244 2844 2318 2908 η’.
2352 2839 2581 2909 Ἔλεγεν
2601 2841 2629 2893 6
2662 2840 2837 2904 6666i;
2862 2839 3105 2912 Ματώης
3144 2843 3248 2908 ὅτι,
3281 2836 3486 2895 Ἦλθεν
3531 2841 3758 2911 ἀδελφὸς

2183 2928 2321 3000 πρὸς
2354 2929 2442 3000 μέ,
2470 2931 2566 2984 καὶ
2598 2925 2722 2983 εῖπέ
2762 2947 2873 3001 μοι,
2906 2930 2989 2983 ὅτι
3017 2931 3050 3002 ἡ
3093 2929 3393 2983 καταλαλιὰ
3431 2929 3613 3001 χεῖρόν
3640 2931 3756 2983 ἐστι

2175 3021 2274 3091 τῆς
2324 3022 2600 3093 πορνείας.
2648 3022 2759 3075 Kal
2806 3017 2996 3075 eli-tow
3053 3022 3298 3095 Σκληρός
3344 3021 3752 3091 ἐστινὸλέγος.

484 3106 618 3160 mihi
647 3125 661 3161 :
695 3105 760 3160 Et
795 3122 906 3177 quo
945 3109 1107 3163 modo
1136 3110 1220 3165 vis
1248 3124 1371 3165 esse
1404 3110 1549 3165 hanc
1584 3110 1742 3165 rem?
1784 3110 1934 3181 Ego:
1972 3110 2074 3164 De-

2183 3113 2340 3182 Λέγει
2370 3108 2464 3167 οὖν
2490 3129 2611 3184 μοι·
2642 3112 2752 3166 Kal
2776 3112 2894 3177 πῶς
2912 3112 3091 3177 θέλεις
3117 3109 3257 3168 εἶναι
3294 3115 3355 3167 τὸ
3375 3115 3605 3185 πρᾶγμα
3627 3112 3755 3166 τοῦ·

485 3201 687 3254 tractio
716 3200 942 3270 quidem
977 3201 1120 3256 mala
1162 3210 1268 3266 est,
1313 3201 1409 3257 sed
1442 3202 1678 3258 celerem
1723 3202 1886 3259 habet
1909 3218 2072 3257 cura-

485 3292 727 3357 tionem;
774 3306 920 3362 saepe
959 3293 1108 3347 enim
1159 3293 1439 3350 detractor
1485 3293 1809 3365 pmnitentia
1869 3293 2071 3349 ductus

486 3382 698 3437 veniam
734 3384 894 3454 petit,
924 3383 1187 3441 dicendo:
1218 3385 1355 3442 Male
1380 3385 1601 3443 locutus
1625 3402 1771 3443 sum.
1800 3388 1872 3441 At
1901 3386 2072 3442 forni-

485 3477 653 3544 catio,
689 3478 1016 3533 naturaliter
1040 3492 1191 3534 mors
1211 3486 1317 3535 est.

557 3567 611 3620 9.
659 3568 794 3638 (40)
837 3565 1088 3623 Perrexit
1159 3568 1456 3639 aliquando
1523 3570 1696 3626 abbas
1758 3568 1967 3624 Matocs
2040 3582 2070 3620 a

484 3658 723 3713 Rhaithu
752 3659 818 3714 ad
842 3668 1027 3730 partes
1050 3659 1459 3732 Magdolorum;
1491 3669 1612 3719 erat
1642 3668 1826 3716 autem
1853 3675 1979 3714 cum
2003 3674 2070 3715 co

487 3752 657 3806 frater
683 3753 824 3823 ejus.
863 3752 927 3806 Et
961 3754 1252 3825 episcopus
1274 3770 1459 3810 senem
1485 3756 1914 3826 apprehensum,
1947 3768 2071 3824 pre-

482 3845 761 3917 sbyterum
798 3844 945 3902 fecit.
979 3847 1231 3917 Cumque
1265 3848 1432 3905 simul
1458 3854 1667 3913 essent,
1698 3846 1839 3902 dixit
1864 3847 2072 3915 episco-

483 3953 623 4007 pus:
660 3936 891 4009 ignosce
936 3940 1111 4005 mihi,
1155 3941 1329 4007 abba;
1378 3941 1495 3997 scio
1550 3952 1604 3996 te
1637 3940 1886 3996 noluisse
1922 3940 2069 3996 hanc

482 4044 641 4097 rem;
690 4047 879 4087 verum
925 4040 985 4088 ut
1025 4041 1142 4088 ate
1188 4032 1579 4098 benedicerer,
1627 4031 1681 4088 id
1726 4047 1896 4088 ausus
1943 4048 2064 4088 sum

482 4123 683 4179 facere.
719 4125 900 4181 Senex
931 4132 1065 4180 v'cro
1108 4125 1396 4197 respondit
1442 4125 1491 4179 ei
1537 4139 1662 4179 cum
1707 4125 2063 4183 humilitate:

480 4213 660 4270 Etiam
697 4216 919 4273 animus
957 4232 1114 4273 meus
1146 4233 1341 4289 parum
1371 4217 1618 4283 volebat;
1651 4226 1910 4273 caeterum
1937 4232 2067 4288 pro-

482 4315 665 4374 pterea
696 4306 939 4375 graviter
973 4307 1113 4371 fero,
1145 4309 1292 4378 quod
1323 4310 1667 4379 separandos
1695 4309 1800 4366 sim
1833 4324 1864 4364 a
1895 4309 2068 4366 fratre

480 4395 575 4465 qui
623 4410 838 4450 mecum
877 4403 980 4452 est.
1020 4396 1141 4452 Non
1182 4399 1329 4453 enim
1378 4399 1486 4454 hoc
1528 4409 1750 4471 portare
1800 4416 2063 4470 possum,

480 4495 545 4541 ut
577 4502 769 4558 preces
807 4487 1097 4543 universas
1131 4487 1329 4543 faciam
1382 4489 1553 4545 solus.
1606 4493 1698 4545 Ait
1727 4493 2060 4564 episc0pus:

483 4577 553 4631 Si
569 4577 714 4633 nosti
752 4576 977 4648 dignum
1016 4593 1160 4643 esse,
1199 4594 1301 4650 ego
1343 4580 1523 4651 ipsum
1553 4580 1844 4639 ordinabo.
1875 4583 2062 4641 Abbas

479 4668 688 4725 Matoes
714 4670 932 4740 excepit
963 4689 978 4726 :
1004 4670 1200 4727 Utrum
1224 4671 1446 4742 quidem
1477 4673 1677 4745 dignus
1707 4675 1800 4742 sit,
1832 4678 2059 4744 nescio;

481 4776 650 4814 unum
688 4777 820 4816 vero
856 4762 997 4827 scio,
1036 4762 1182 4833 quod
1224 4778 1311 4819 me
1340 4764 1412 4821 sit
1442 4766 1656 4824 melior.
1692 4764 1882 4839 Itaque
1915 4768 2061 4824 hunc

479 4852 686 4921 pariter
728 4851 1022 4910 ordinavit.
1061 4854 1237 4926 Mque
1277 4856 1437 4912 ambo
1473 4859 1678 4913 mortui
1725 4870 1891 4924 sunt,
1936 4875 2062 4914 cum

478 4956 760 5013 nunquam
783 4943 943 4999 altari
974 4946 1508 5016 approphtquassent
1527 4948 1595 5002 ad
1622 4947 2059 5003 consecrandam

647 5096 804 5172 ἔφη.
837 5116 875 5160 I.
907 5101 997 5157 47.
1070 5103 1114 5134 ⁸⁷
1137 5102 1329 5159 Abest.
1378 5106 1441 5158 οὐ
1478 5103 1547 5159 ab
1567 5103 1641 5158 al.
1715 5103 1760 5136 "
1778 5103 1865 5160 Al.
1898 5105 2167 5172 φυσικῶς.

477 5167 522 5199 ἰ
552 5168 639 5223 Al.
675 5168 951 5241 θλίϐομαι.
1025 5173 1073 5205 ⁸³
1098 5173 1286 5230 Abest.
1326 5175 1551 5245 ποιῆσαι
1583 5173 1653 5227 ab
1692 5173 1762 5226 al.

550 5280 663 5350 (59)
707 5281 809 5341 Vit.
836 5282 990 5340 Patr.
1020 5303 1073 5350 v,
1099 5287 1153 5341 7.

552 5350 666 5420 (40)
707 5351 814 5409 Vit.
844 5353 995 5412 Patr.
1031 5373 1120 5420 xv,
1148 5356 1238 5410 27.

550 5420 695 5497 (μ),
711 5422 845 5497 tam)
875 5424 987 5497 τῆς
1021 5426 1380 5497 Ῥαιθοῦηιίς
1416 5426 1658 5497 τὰμέρη
1693 5426 2052 5497 Μαγδολῶν.

475 5487 615 5545 Coll.
646 5487 898 5549 'Colhert.
935 5487 1222 5550 Ταϐάλων.
1260 5487 1427 5550 ’.Ιιιιίιο
1485 5487 1740 5551 Rufinum
1779 5487 1891 5554 {de
1940 5502 2053 5554 loco

478 5560 568 5629 qui
600 5570 878 5643 revocatur
910 5563 1218 5637 Rugii/tam,
1249 5568 1302 5619 in
1326 5566 1565 5647 partibus
1614 5567 1916 5625 Gebalonis.
1975 5570 2052 5624 Ex

481 5630 703 5694 Pelagio
751 5651 766 5688 :
807 5638 870 5688 de
906 5634 1120 5694 Rauthu
1171 5636 1225 5690 in
1255 5635 1493 5694 partibus
1540 5635 1803 5693 Cebalon.
1860 5638 2052 5694 Vcrsio

751 5651 766 5688 ἶ
807 5651 870 5688 ae
906 5651 1120 5697 uagum
1171 5653 1225 5690 ιη
1254 5651 1493 5697 partibus
1549 5651 1803 5693 υεοαιοη.
1865 5651 2054 5697 νονειο

481 5648 703 5702 relagto
751 5651 766 5688 :
807 5648 870 5688 de
906 5648 1120 5707 uagum
1171 5653 1225 5690 ιη
1254 5648 1493 5707 partibus
1549 5648 1803 5693 Gebaton.
1863 5648 2054 5697 Vcrsio

480 5700 967 5780 autemnl‘aschasii
990 5706 1094 5780 :je
1118 5706 1232 5761 loco
1266 5708 1587 5780 univoramr
1622 5707 1904 5780 Ragita,in
1930 5728 2056 5780 par-

485 5769 623 5827 tibus
652 5770 945 5830 Gebilonit.
999 5775 1191 5848 Magna
1221 5769 1521 5835 varietate:
1561 5795 1671 5836 non
1705 5769 1944 5852 'quidcni
1987 5782 2053 5836 de

2127 5615 2131 5620 .
2162 5586 2268 5623 νων
2306 5568 2440 5625 Ἐδὼ

2174 3221 2262 3269 το;
2307 3204 2450 3274 Ἐγὼ
2494 3204 2552 3257 δὲ
2587 3203 2759 3277 ἔφην·
2801 3205 2865 3258 Ἥ
2899 3204 3000 3276 μὲν
3017 3205 3354 3275 ,ξκαταλαλιὰ
3396 3206 3540 3278 κακή
3574 3208 3751 3258 ἐστιν’

2170 3296 2392 3365 ταχεῖαν
2421 3294 2478 3348 δέ
2508 3295 2620 3367 ἔχει
2647 3295 2945 3369 θεραπείαν
2962 3314 2976 3329 °
3027 3299 3278 3368 μετανοεῖ
3306 3296 3415 3370 γὰρ
3443 3295 3698 3359 πολλάκις
3728 3301 3758 3352 6

2171 3385 2576 3459 καταλαλήσας,
2624 3388 2830 3458 λέγων’
2860 3388 3065 3453 Κακῶς
3116 3388 3373 3459 ἐλάλησα.
3430 3389 3495 3442 Ἦ
3536 3389 3591 3442 δὲ
3622 3404 3758 3459 πορ-

2170 3477 2308 3542 νεία,
2344 3480 2633 3548 φυσικὸςυ
2670 3480 2897 3545 θάνατός
2925 3481 3092 3535 ἐστιν.

2242 3569 2308 3624 θ’.
2356 3571 2596 3644 ’Δπῆλθὲ
2635 3590 2765 3627 ποτε
2809 3574 2837 3627 6
2874 3572 3049 3638 άϐϐἄς
3076 3574 3318 3646 Ματώης
3338 3575 3446 3628 άπὸ
3470 3574 3569 3645 τῆς
3606 3574 3757 3628 Ῥαιο

2171 3664 2288 3730 θοῦ,
2320 3668 2400 3729 είς
2442 3667 2512 3721 τά
2566 3668 2708 3740 μέρη
2764 3667 3065 3737 Μαγδολῶν
3097 3669 3143 3701 ⁸⁸
3178 3668 3291 3741 (Η)
3317 3685 3330 3698 ·
3367 3664 3435 3740 ἦν
3463 3668 3520 3721 δέ
3543 3670 3572 3722 6
3601 3666 3757 3722 ἀδελ-

2171 3756 2269 3826 φδς
2300 3758 2464 3812 αὐτοῦ
2498 3760 2616 3830 μετ’
2643 3761 2828 3815 αὐτοῦ.
2859 3761 2970 3815 Kal
2999 3763 3279 3832 κρατήσας
3298 3762 3327 3814 6
3344 3760 3645 3824 ἐπίσκοπος
3662 3760 3754 3814 τὸν

2170 3849 2423 3920 γέροντα,
2466 3850 2722 3921 ἐποίησεν
2772 3849 2935 3905 αὑτὸν
2973 3850 3361 3923 πρεσϐύτερον.
3387 3850 3499 3905 Kal
3532 3848 3756 3920 γενομέ-

2169 3941 2334 3995 νων⁹⁰
2360 3940 2539 3997 αὐτῶν
2574 3943 2735 4013 ὁμοῦ,
2769 3943 2954 4013 ἔλεγεν
2990 3943 3019 3997 6
3062 3942 3392 4007 ἐπίσκοποςο
3447 3939 3751 4014 Συγχωρη-

2170 4034 2263 4088 σόν
2300 4052 2414 4106 μοι,
2454 4035 2599 4091 άϐϐᾶ
2619 4052 2632 4067 ⁸
2662 4031 2782 4090 οἴδα
2821 4037 2902 4090 ὅτι
2932 4037 3032 4091 οὐκ
3057 4035 3249 4108 ἤθελες
3276 4032 3337 4089 τὸ
3360 4036 3592 4107 πρᾶγμα
3632 4033 3755 4088 τοῦ-

2167 4142 2261 4179 το·
2299 4125 2438 4180 ἀλλὰ
2476 4127 2566 4181 διὰ
2603 4127 2666 4182 τὺ
2694 4126 3056 4199 εὐλοηθῆναί
3090 4145 3157 4198 με
3186 4126 3339 4199 παρὰ
3368 4126 3486 4191 σοῦ,
3515 4125 3752 4199 ἐτόλμη-

2171 4233 2241 4271 σα
2271 4216 2431 4271 τοῦτο
2468 4219 2715 4290 ποιῆσαι.
2748 4215 2885 4273 Εἷπε
2916 4219 2973 4272 δέ
3003 4218 3153 4289 αὐτῷ
3180 4220 3209 4273 6
3245 4218 3425 4289 γέρων
3467 4217 3607 4290 μετά
3653 4235 3752 4272 τα-

2170 4307 2483 4373 πεινώσεως
2506 4327 2518 4341 ·
2574 4310 2687 4364 Kal
2732 4311 2763 4363 6
2817 4310 3078 4382 λογισμός
3123 4327 3227 4382 μου
3283 4307 3476 4381 μικρὸν
3521 4307 3749 4381 ἧθελενησ

2171 4398 2312 4470 πλὴν
2364 4402 2446 4464 είς
2487 4399 2648 4454 τοῦτο
2688 4400 2800 4470 ἐγὼ
2834 4400 3015 4456 κοπιῶ
3033 4400 3102 4467 ⁸⁸,
3137 4401 3219 4455 ὅτι
3254 4398 3592 4474 χωρισθῆναι
3643 4398 3751 4469 ἔχω

2168 4489 2278 4543 ἀπὸ
2321 4489 2414 4543 τοῦ
2467 4486 2698 4560 ἀδελφοῦ
2733 4491 2830 4545 τοῦ
2884 4491 3001 4563 μετ’
3024 4491 3180 4564 ἐμοῦ.
3227 4491 3303 4545 Οὐ
3351 4490 3605 4561 βαστάζω
3640 4490 3749 4562 γάρ

2167 4581 2293 4644 ὅλας
2340 4581 2442 4645 τάς
2485 4580 2651 4652 εὐχὰς
2688 4582 2978 4654 ποιῆσαι⁹²
3022 4582 3199 4653 μόνος.
3250 4579 3358 4636 Kal
3397 4581 3545 4649 λέγει
3578 4582 3608 4635 6
3636 4580 3753 4634 ἐπί-

2170 4689 2401 4739 σκοπος·
2442 4674 2506 4727 Εί
2525 4671 2672 4738 οἶδας
2698 4676 2782 4729 ὅτι
2812 4675 2957 4739 ἄξιός
2986 4675 3155 4739 ἐστιν,
3190 4673 3302 4744 ἐγὼ
3321 4672 3484 4727 αὑτὸν
3510 4687 3753 4744 χειροτο-

2167 4766 2264 4821 νῶ.
2298 4767 2463 4836 Λέγει
2512 4766 2661 4839 αὐτῷ
2707 4768 2736 4820 6
2790 4767 2966 4831 ἁϐϐᾶς
3015 4764 3287 4837 Ματώης·
3344 4765 3404 4819 El
3454 4769 3553 4836 μὲν
3600 4762 3753 4829 ἄξιός

2167 4861 2337 4923 ἐστιν,
2360 4860 2461 4913 οὐκ
2493 4853 2644 4914 οἶδαο
2677 4858 2736 4913 ἐν
2764 4858 2821 4913 δὲ
2854 4855 2994 4924 οῖδα,
3022 4860 3105 4912 ὅτι
3148 4856 3283 4930 ἐμοῦ
3314 4857 3550 4911 καλλίων
3579 4855 3749 4909 ἐστίν.

2182 4950 2591 5024 Ἐχειροτὸνησε
2644 4950 2705 5004 δὲ
2740 4950 2835 5005 καὶ
2883 4950 3067 5004 αὐτόν.
3117 4951 3230 5004 Kal
3282 4947 3659 5020 ἐκοιμήθησαν
3700 4949 3753 5000 oi

2246 5107 2292 5139 "
2309 5106 2393 5161 Al.
2430 5104 2691 5161 Γαϐἁλων
2719 5105 3139 5177 θιγΒαϐυλῶνος.
3181 5105 3228 5138 ⁹⁰
3248 5103 3336 5159 Al.
3370 5101 3753 5176 γευσαμένων.
3794 5100 3797 5103 ’

2170 5289 2409 5344 Bhaithu
2446 5305 2459 5340 :
2502 5290 2706 5360 quippe
2736 5288 3108 5362 qumkintelligi
3144 5290 3354 5362 possit,
3381 5295 3598 5362 ortaex
3621 5301 3755 5357 pro-

2169 5359 2810 5440 nutiti_atio.ne;gutturali
2841 5359 3201 5440 Orientalium
3223 5378 3247 5440 ς.
3265 5360 3432 5440 sedjn
3452 5359 3571 5440 alia
3587 5372 3750 5440 v_9_ce.

2165 5431 2491 5501 Conciliatip
2520 5428 2707 5486 férsan
2740 5432 2969 5501 petenda
3010 5441 3094 5487 est
3129 5447 3194 5487 ex
3234 5431 3321 5486 his
3354 5428 3572 5501 Eusebii
3606 5428 3753 5501 libro

2164 5500 2242 5554 De
2262 5493 2708 5573 locis‘llebraicis
2736 5493 2756 5556 Ξ
2787 5502 3098 5573 Μαγεδιήλ]
3128 5504 3222 5555 καὶ
3248 5501 3386 5572 αὕτη
3418 5498 3527 5573 τῶν
3549 5500 3752 5570 ἡγεμό-

2521 5573 2579 5626 ἐν
2601 5575 2663 5644 τῇ
2692 5569 3002 5644 Γαϐαληνῇ.
3023 5569 3153 5627 Ἠοο
3179 5582 3267 5644 est
3292 5569 3597 5644 secundum
3620 5569 3751 5644 v_er-

2162 5641 2376 5715 sinncm
2408 5639 2751 5715 Hieronimi,
2790 5639 3069 5715 Magd'iet:
3092 5654 3141 5697 et
3158 5642 3279 5715 [tam
3299 5642 3355 5697 in
3384 5642 3598 5713 regione
3631 5639 3752 5697 Ga-

2164 5710 2374 5780 bafena,
2409 5710 2653 5783 possessa
2678 5714 2805 5768 otim
2836 5710 3117 5770 altaribus
3149 5712 3340 5769 Edoni.
