  <div class='ocr_page' id='page_1' title='image "/cluster/home/n/w/nwhite01/storage/ocr_20150623/65/hvd.32044052838166/154.png"; bbox 0 0 3982 6336; ppageno 0'>
   <div class='ocr_carea' id='block_1_1' title="bbox 130 335 231 391">
    <p class='ocr_par' dir='ltr' id='par_1_1' title="bbox 130 335 231 391">
     <span class='ocr_line' id='line_1_1' title="bbox 130 335 231 391; baseline -0.01 0"><span class='ocrx_word' id='word_1_1' title='bbox 130 335 231 391; x_wconf 71' lang='lat'><strong>233</strong></span> 
     </span>
    </p>
   </div>
   <div class='ocr_carea' id='block_1_2' title="bbox 1268 325 2220 393">
    <p class='ocr_par' dir='ltr' id='par_1_2' title="bbox 1268 325 2220 393">
     <span class='ocr_line' id='line_1_2' title="bbox 1268 325 2220 393; baseline 0.005 -7"><span class='ocrx_word' id='word_1_2' title='bbox 1268 325 1880 390; x_wconf 70' lang='lat' dir='ltr'><strong>APOPIITIIEGMA&#39;I’A</strong></span> <span class='ocrx_word' id='word_1_3' title='bbox 1916 335 2220 393; x_wconf 71' lang='lat' dir='ltr'><strong>PATRUM.</strong></span> 
     </span>
    </p>
   </div>
   <div class='ocr_carea' id='block_1_3' title="bbox 3287 312 3396 406">
    <p class='ocr_par' dir='ltr' id='par_1_3' title="bbox 3287 312 3396 406">
     <span class='ocr_line' id='line_1_3' title="bbox 3287 312 3396 406; baseline 0.009 -5"><span class='ocrx_word' id='word_1_4' title='bbox 3287 312 3396 406; x_wconf 63' lang='lat' dir='ltr'><strong>&#39;29s</strong></span> 
     </span>
    </p>
   </div>
   <div class='ocr_carea' id='block_1_4' title="bbox 129 448 1712 526">
    <p class='ocr_par' dir='ltr' id='par_1_4' title="bbox 129 448 1712 525">
     <span class='ocr_line' id='line_1_4' title="bbox 129 448 1712 525; baseline -0.001 -16"><span class='ocrx_word' id='word_1_5' title='bbox 129 452 449 525; x_wconf 66' lang='grc' dir='ltr'>ἀμφότεροι,</span> <span class='ocrx_word' id='word_1_6' title='bbox 489 449 565 522; x_wconf 75' lang='grc' dir='ltr'>μὴ</span> <span class='ocrx_word' id='word_1_7' title='bbox 629 448 951 520; x_wconf 77' lang='grc' dir='ltr'>ὲγγίσαντες</span> <span class='ocrx_word' id='word_1_8' title='bbox 1001 448 1372 524; x_wconf 76' lang='grc' dir='ltr'><strong>θυσιαστηρίῳ</strong></span> <span class='ocrx_word' id='word_1_9' title='bbox 1415 453 1599 508; x_wconf 75' lang='grc' dir='ltr'>ἕνεκεν</span> <span class='ocrx_word' id='word_1_10' title='bbox 1620 453 1712 508; x_wconf 77' lang='grc' dir='ltr'>τοῦ</span> 
     </span>
    </p>
   </div>
   <div class='ocr_carea' id='block_1_5' title="bbox 1819 448 3392 526">
    <p class='ocr_par' dir='ltr' id='par_1_5' title="bbox 1819 454 3392 526">
     <span class='ocr_line' id='line_1_5' title="bbox 1819 454 3392 526; baseline 0.005 -18"><span class='ocrx_word' id='word_1_11' title='bbox 1819 454 2167 511; x_wconf 76' lang='lat' dir='ltr'><strong>oblationem.</strong></span> <span class='ocrx_word' id='word_1_12' title='bbox 2200 455 2392 511; x_wconf 85' lang='lat' dir='ltr'><strong>Aiebat</strong></span> <span class='ocrx_word' id='word_1_13' title='bbox 2429 462 2612 512; x_wconf 85' lang='lat' dir='ltr'><strong>autem</strong></span> <span class='ocrx_word' id='word_1_14' title='bbox 2661 471 2826 514; x_wconf 80' lang='lat' dir='ltr'><strong>senex</strong></span> <span class='ocrx_word' id='word_1_15' title='bbox 2853 477 2867 513; x_wconf 92' lang='lat'><strong>:</strong></span> <span class='ocrx_word' id='word_1_16' title='bbox 2892 458 3123 515; x_wconf 86' lang='lat' dir='ltr'><strong>Conlido</strong></span> <span class='ocrx_word' id='word_1_17' title='bbox 3163 461 3218 516; x_wconf 91' lang='lat' dir='ltr'><strong>in</strong></span> <span class='ocrx_word' id='word_1_18' title='bbox 3251 461 3392 526; x_wconf 86' lang='lat' dir='ltr'><strong>Deo,</strong></span> 
     </span>
    </p>
   </div>
   <div class='ocr_carea' id='block_1_6' title="bbox 129 541 1714 617">
    <p class='ocr_par' dir='ltr' id='par_1_6' title="bbox 129 541 1714 617">
     <span class='ocr_line' id='line_1_6' title="bbox 129 541 1714 617; baseline 0.002 -19"><span class='ocrx_word' id='word_1_19' title='bbox 129 548 347 617; x_wconf 75' lang='grc' dir='ltr'>ποιῆσαι</span> <span class='ocrx_word' id='word_1_20' title='bbox 377 541 717 614; x_wconf 74' lang='grc' dir='ltr'>προσφοράν.</span> <span class='ocrx_word' id='word_1_21' title='bbox 753 541 949 611; x_wconf 82' lang='grc' dir='ltr'>Ἔλεγε</span> <span class='ocrx_word' id='word_1_22' title='bbox 973 541 1029 595; x_wconf 84' lang='grc' dir='ltr'>δὲ</span> <span class='ocrx_word' id='word_1_23' title='bbox 1055 543 1085 596; x_wconf 99' lang='lat'><strong>6</strong></span> <span class='ocrx_word' id='word_1_24' title='bbox 1116 543 1293 615; x_wconf 82' lang='grc' dir='ltr'>γέρων</span> <span class='ocrx_word' id='word_1_25' title='bbox 1315 562 1328 574; x_wconf 92' lang='grc'><strong>·</strong></span> <span class='ocrx_word' id='word_1_26' title='bbox 1354 545 1602 600; x_wconf 78' lang='grc' dir='ltr'><strong>Πιστεύω</strong></span> <span class='ocrx_word' id='word_1_27' title='bbox 1635 550 1714 612; x_wconf 84' lang='grc' dir='ltr'><strong>είς</strong></span> 
     </span>
    </p>
   </div>
   <div class='ocr_carea' id='block_1_7' title="bbox 132 632 1715 708">
    <p class='ocr_par' dir='ltr' id='par_1_7' title="bbox 132 632 1715 708">
     <span class='ocr_line' id='line_1_7' title="bbox 132 632 1715 708; baseline 0.001 -20"><span class='ocrx_word' id='word_1_28' title='bbox 132 635 212 689; x_wconf 74' lang='grc' dir='ltr'><strong>τὸν</strong></span> <span class='ocrx_word' id='word_1_29' title='bbox 239 634 400 695; x_wconf 82' lang='grc' dir='ltr'>Θεὸν,</span> <span class='ocrx_word' id='word_1_30' title='bbox 435 634 519 686; x_wconf 83' lang='grc' dir='ltr'>ὅτι</span> <span class='ocrx_word' id='word_1_31' title='bbox 539 632 585 664; x_wconf 77' lang='grc'><strong><em>’³</em></strong></span> <span class='ocrx_word' id='word_1_32' title='bbox 617 632 721 686; x_wconf 81' lang='grc' dir='ltr'><strong>οὐκ</strong></span> <span class='ocrx_word' id='word_1_33' title='bbox 754 632 863 703; x_wconf 79' lang='grc' dir='ltr'><strong>ἔχω</strong></span> <span class='ocrx_word' id='word_1_34' title='bbox 896 634 1070 703; x_wconf 83' lang='grc' dir='ltr'>κρῖμα</span> <span class='ocrx_word' id='word_1_35' title='bbox 1105 633 1241 687; x_wconf 79' lang='grc' dir='ltr'>πολὺ</span> <span class='ocrx_word' id='word_1_36' title='bbox 1279 634 1369 687; x_wconf 79' lang='grc' dir='ltr'>διὰ</span> <span class='ocrx_word' id='word_1_37' title='bbox 1402 634 1500 707; x_wconf 75' lang='grc' dir='ltr'><strong>τὴν</strong></span> <span class='ocrx_word' id='word_1_38' title='bbox 1535 653 1715 708; x_wconf 85' lang='grc' dir='ltr'>χειρο-</span> 
     </span>
    </p>
   </div>
   <div class='ocr_carea' id='block_1_8' title="bbox 129 722 1716 799">
    <p class='ocr_par' dir='ltr' id='par_1_8' title="bbox 129 722 1716 799">
     <span class='ocr_line' id='line_1_8' title="bbox 129 722 1716 799; baseline 0.001 -20"><span class='ocrx_word' id='word_1_39' title='bbox 129 725 326 790; x_wconf 74' lang='grc' dir='ltr'>τονίαν,</span> <span class='ocrx_word' id='word_1_40' title='bbox 352 723 518 776; x_wconf 74' lang='grc' dir='ltr'>ὁπότε</span> <span class='ocrx_word' id='word_1_41' title='bbox 557 723 618 775; x_wconf 80' lang='grc' dir='ltr'><strong>οὐ</strong></span> <span class='ocrx_word' id='word_1_42' title='bbox 671 722 814 777; x_wconf 86' lang='grc' dir='ltr'>ποιῶ</span> <span class='ocrx_word' id='word_1_43' title='bbox 856 724 1194 795; x_wconf 77' lang='grc' dir='ltr'>προσφοράν.</span> <span class='ocrx_word' id='word_1_44' title='bbox 1242 725 1363 780; x_wconf 85' lang='grc' dir='ltr'><strong>Τῶν</strong></span> <span class='ocrx_word' id='word_1_45' title='bbox 1405 726 1514 799; x_wconf 85' lang='grc' dir='ltr'>γὰρ</span> <span class='ocrx_word' id='word_1_46' title='bbox 1536 728 1716 799; x_wconf 82' lang='grc' dir='ltr'>ἀμέμ-</span> 
     </span>
    </p>
   </div>
   <div class='ocr_carea' id='block_1_9' title="bbox 131 814 882 890">
    <p class='ocr_par' dir='ltr' id='par_1_9' title="bbox 131 814 882 890">
     <span class='ocr_line' id='line_1_9' title="bbox 131 814 882 890; baseline -0.005 -19"><span class='ocrx_word' id='word_1_47' title='bbox 131 834 272 871; x_wconf 82' lang='grc' dir='ltr'>πτων</span> <span class='ocrx_word' id='word_1_48' title='bbox 301 817 455 869; x_wconf 70' lang='grc' dir='ltr'>ἐστὶν</span> <span class='ocrx_word' id='word_1_49' title='bbox 475 817 523 890; x_wconf 52' lang='grc' dir='ltr'>,ἡ</span> <span class='ocrx_word' id='word_1_50' title='bbox 556 814 882 886; x_wconf 76' lang='grc' dir='ltr'><strong>χειροτονία.</strong></span> 
     </span>
    </p>
   </div>
   <div class='ocr_carea' id='block_1_10' title="bbox 193 904 1714 981">
    <p class='ocr_par' dir='ltr' id='par_1_10' title="bbox 193 904 1714 981">
     <span class='ocr_line' id='line_1_10' title="bbox 193 904 1714 981; baseline 0.002 -22"><span class='ocrx_word' id='word_1_51' title='bbox 193 916 239 961; x_wconf 87' lang='grc' dir='ltr'>ι’.</span> <span class='ocrx_word' id='word_1_52' title='bbox 280 904 458 962; x_wconf 83' lang='grc' dir='ltr'>Εἶπεν</span> <span class='ocrx_word' id='word_1_53' title='bbox 510 909 539 960; x_wconf 92' lang='lat'><strong>6</strong></span> <span class='ocrx_word' id='word_1_54' title='bbox 588 906 766 971; x_wconf 72' lang='lat'><em>6666;</em></span> <span class='ocrx_word' id='word_1_55' title='bbox 819 908 1043 980; x_wconf 83' lang='grc' dir='ltr'>Ματόης</span> <span class='ocrx_word' id='word_1_56' title='bbox 1087 909 1191 973; x_wconf 84' lang='grc' dir='ltr'>ὅτι,</span> <span class='ocrx_word' id='word_1_57' title='bbox 1246 908 1409 981; x_wconf 82' lang='grc' dir='ltr'>Τρεῖς</span> <span class='ocrx_word' id='word_1_58' title='bbox 1460 909 1714 981; x_wconf 80' lang='grc' dir='ltr'>γέροντες</span> 
     </span>
    </p>
   </div>
   <div class='ocr_carea' id='block_1_11' title="bbox 130 997 1708 1071">
    <p class='ocr_par' dir='ltr' id='par_1_11' title="bbox 130 997 1708 1071">
     <span class='ocr_line' id='line_1_11' title="bbox 130 997 1708 1071; baseline 0.001 -19"><span class='ocrx_word' id='word_1_59' title='bbox 130 999 367 1070; x_wconf 68' lang='grc' dir='ltr'>ἀπῆλθον</span> <span class='ocrx_word' id='word_1_60' title='bbox 403 998 543 1071; x_wconf 79' lang='grc' dir='ltr'>πρὸς</span> <span class='ocrx_word' id='word_1_61' title='bbox 578 998 673 1052; x_wconf 82' lang='grc' dir='ltr'><strong>τὸν</strong></span> <span class='ocrx_word' id='word_1_62' title='bbox 717 997 893 1052; x_wconf 77' lang='grc' dir='ltr'>ἀϐϐᾶν</span> <span class='ocrx_word' id='word_1_63' title='bbox 932 998 1271 1068; x_wconf 81' lang='grc' dir='ltr'>Παφνούτιον</span> <span class='ocrx_word' id='word_1_64' title='bbox 1300 999 1392 1053; x_wconf 83' lang='grc' dir='ltr'><strong>τὸν</strong></span> <span class='ocrx_word' id='word_1_65' title='bbox 1415 999 1708 1071; x_wconf 86' lang='grc' dir='ltr'>λεγόμενον</span> 
     </span>
    </p>
   </div>
   <div class='ocr_carea' id='block_1_12' title="bbox 131 1087 1713 1159">
    <p class='ocr_par' dir='ltr' id='par_1_12' title="bbox 131 1087 1713 1159">
     <span class='ocr_line' id='line_1_12' title="bbox 131 1087 1713 1159; baseline 0.002 -17"><span class='ocrx_word' id='word_1_66' title='bbox 131 1089 405 1157; x_wconf 75' lang='grc' dir='ltr'>Κεφαλᾶν,</span> <span class='ocrx_word' id='word_1_67' title='bbox 438 1088 528 1142; x_wconf 75' lang='grc' dir='ltr'><strong>ἴνα</strong></span> <span class='ocrx_word' id='word_1_68' title='bbox 575 1089 929 1158; x_wconf 77' lang='grc' dir='ltr'><strong>ἐρωτήσωσιν</strong></span> <span class='ocrx_word' id='word_1_69' title='bbox 970 1089 1131 1143; x_wconf 78' lang='grc' dir='ltr'>αὐτὸν</span> <span class='ocrx_word' id='word_1_70' title='bbox 1175 1089 1353 1159; x_wconf 82' lang='grc' dir='ltr'>λόγον.</span> <span class='ocrx_word' id='word_1_71' title='bbox 1412 1090 1522 1144; x_wconf 81' lang='grc' dir='ltr'>Καὶ</span> <span class='ocrx_word' id='word_1_72' title='bbox 1560 1087 1713 1145; x_wconf 77' lang='grc' dir='ltr'>εἶπεν</span> 
     </span>
    </p>
   </div>
   <div class='ocr_carea' id='block_1_13' title="bbox 128 1176 1711 1251">
    <p class='ocr_par' dir='ltr' id='par_1_13' title="bbox 128 1176 1711 1251">
     <span class='ocr_line' id='line_1_13' title="bbox 128 1176 1711 1251; baseline 0.003 -21"><span class='ocrx_word' id='word_1_73' title='bbox 128 1180 305 1243; x_wconf 68' lang='grc' dir='ltr'>αὐτοῖς</span> <span class='ocrx_word' id='word_1_74' title='bbox 341 1180 371 1231; x_wconf 92' lang='lat'><strong>6</strong></span> <span class='ocrx_word' id='word_1_75' title='bbox 420 1178 599 1249; x_wconf 85' lang='grc' dir='ltr'>γέρων</span> <span class='ocrx_word' id='word_1_76' title='bbox 620 1193 636 1207; x_wconf 65' lang='grc' dir='ltr'>θ</span> <span class='ocrx_word' id='word_1_77' title='bbox 660 1177 725 1229; x_wconf 89' lang='grc' dir='ltr'><strong>Τί</strong></span> <span class='ocrx_word' id='word_1_78' title='bbox 756 1176 937 1230; x_wconf 83' lang='grc' dir='ltr'>θέλετε</span> <span class='ocrx_word' id='word_1_79' title='bbox 966 1179 1106 1232; x_wconf 83' lang='grc' dir='ltr'>εῐπω</span> <span class='ocrx_word' id='word_1_80' title='bbox 1134 1180 1291 1250; x_wconf 83' lang='grc' dir='ltr'>ὑμῖν;</span> <span class='ocrx_word' id='word_1_81' title='bbox 1334 1180 1711 1251; x_wconf 83' lang='grc' dir='ltr'>Πνευματικὺν</span> 
     </span>
    </p>
   </div>
   <div class='ocr_carea' id='block_1_14' title="bbox 129 1268 1710 1343">
    <p class='ocr_par' dir='ltr' id='par_1_14' title="bbox 129 1268 1710 1343">
     <span class='ocr_line' id='line_1_14' title="bbox 129 1268 1710 1343; baseline 0.003 -21"><span class='ocrx_word' id='word_1_82' title='bbox 129 1268 156 1339; x_wconf 69' lang='grc' dir='ltr'><strong>ἦ</strong></span> <span class='ocrx_word' id='word_1_83' title='bbox 185 1270 543 1340; x_wconf 86' lang='grc' dir='ltr'>σωματικόν;</span> <span class='ocrx_word' id='word_1_84' title='bbox 579 1270 845 1338; x_wconf 78' lang='grc' dir='ltr'><strong>Λέγουσιν</strong></span> <span class='ocrx_word' id='word_1_85' title='bbox 893 1268 1075 1342; x_wconf 80' lang='grc' dir='ltr'>αὐτῷ·</span> <span class='ocrx_word' id='word_1_86' title='bbox 1112 1272 1513 1343; x_wconf 80' lang='grc' dir='ltr'>Πνευματικόν.</span> <span class='ocrx_word' id='word_1_87' title='bbox 1545 1272 1710 1343; x_wconf 81' lang='grc' dir='ltr'><strong>Λέγει</strong></span> 
     </span>
    </p>
   </div>
   <div class='ocr_carea' id='block_1_15' title="bbox 129 1361 1713 1436">
    <p class='ocr_par' dir='ltr' id='par_1_15' title="bbox 129 1361 1713 1436">
     <span class='ocr_line' id='line_1_15' title="bbox 129 1361 1713 1436; baseline 0.006 -23"><span class='ocrx_word' id='word_1_88' title='bbox 129 1362 307 1424; x_wconf 75' lang='grc' dir='ltr'>αὐτοῖς</span> <span class='ocrx_word' id='word_1_89' title='bbox 359 1364 390 1415; x_wconf 90' lang='lat'><strong>6</strong></span> <span class='ocrx_word' id='word_1_90' title='bbox 436 1361 616 1432; x_wconf 79' lang='grc' dir='ltr'>γέρων</span> <span class='ocrx_word' id='word_1_91' title='bbox 638 1378 651 1391; x_wconf 89' lang='grc'><strong>·</strong></span> <span class='ocrx_word' id='word_1_92' title='bbox 700 1361 991 1431; x_wconf 76' lang='grc' dir='ltr'><strong>Ὑπάγετε,</strong></span> <span class='ocrx_word' id='word_1_93' title='bbox 1030 1363 1351 1434; x_wconf 78' lang='grc' dir='ltr'>ἀγαπήσατε</span> <span class='ocrx_word' id='word_1_94' title='bbox 1382 1363 1501 1435; x_wconf 82' lang='grc' dir='ltr'>’τὴν</span> <span class='ocrx_word' id='word_1_95' title='bbox 1535 1365 1713 1436; x_wconf 68' lang='grc' dir='ltr'>θλῖψιν</span> 
     </span>
    </p>
   </div>
   <div class='ocr_carea' id='block_1_16' title="bbox 129 1453 1712 1530">
    <p class='ocr_par' dir='ltr' id='par_1_16' title="bbox 129 1453 1712 1530">
     <span class='ocr_line' id='line_1_16' title="bbox 129 1453 1712 1530; baseline 0.003 -22"><span class='ocrx_word' id='word_1_96' title='bbox 129 1455 262 1525; x_wconf 81' lang='grc' dir='ltr'>ὑπὲρ</span> <span class='ocrx_word' id='word_1_97' title='bbox 293 1453 392 1525; x_wconf 79' lang='grc' dir='ltr'>τὴν</span> <span class='ocrx_word' id='word_1_98' title='bbox 415 1455 746 1521; x_wconf 76' lang='grc' dir='ltr'><strong>ἀνάπαυσιν,</strong></span> <span class='ocrx_word' id='word_1_99' title='bbox 770 1453 865 1507; x_wconf 78' lang='grc' dir='ltr'><strong>καὶ</strong></span> <span class='ocrx_word' id='word_1_100' title='bbox 894 1455 993 1527; x_wconf 84' lang='grc' dir='ltr'>τὴν</span> <span class='ocrx_word' id='word_1_101' title='bbox 1025 1455 1251 1526; x_wconf 81' lang='grc' dir='ltr'>ἀτιμίαν</span> <span class='ocrx_word' id='word_1_102' title='bbox 1279 1455 1441 1511; x_wconf 80' lang='grc' dir='ltr'>πλέον</span> <span class='ocrx_word' id='word_1_103' title='bbox 1486 1458 1586 1530; x_wconf 76' lang='grc' dir='ltr'>τῆς</span> <span class='ocrx_word' id='word_1_104' title='bbox 1625 1459 1712 1512; x_wconf 71' lang='grc' dir='ltr'>δά·</span> 
     </span>
    </p>
   </div>
   <div class='ocr_carea' id='block_1_17' title="bbox 132 1544 1358 1618">
    <p class='ocr_par' dir='ltr' id='par_1_17' title="bbox 132 1544 1358 1618">
     <span class='ocr_line' id='line_1_17' title="bbox 132 1544 1358 1618; baseline 0.001 -18"><span class='ocrx_word' id='word_1_105' title='bbox 132 1547 240 1618; x_wconf 74' lang='grc' dir='ltr'>ξης,</span> <span class='ocrx_word' id='word_1_106' title='bbox 273 1546 451 1600; x_wconf 78' lang='grc' dir='ltr'>καὶτὸ</span> <span class='ocrx_word' id='word_1_107' title='bbox 485 1545 690 1599; x_wconf 80' lang='grc' dir='ltr'>διδόναι</span> <span class='ocrx_word' id='word_1_108' title='bbox 714 1545 915 1616; x_wconf 86' lang='grc' dir='ltr'>μᾶλλον</span> <span class='ocrx_word' id='word_1_109' title='bbox 960 1546 993 1617; x_wconf 82' lang='grc' dir='ltr'>ἢ</span> <span class='ocrx_word' id='word_1_110' title='bbox 1037 1544 1358 1617; x_wconf 76' lang='grc' dir='ltr'>λαμϐάνειν.</span> 
     </span>
    </p>
   </div>
   <div class='ocr_carea' id='block_1_18' title="bbox 189 1636 1705 1710">
    <p class='ocr_par' dir='ltr' id='par_1_18' title="bbox 189 1636 1705 1710">
     <span class='ocr_line' id='line_1_18' title="bbox 189 1636 1705 1710; baseline 0.001 -19"><span class='ocrx_word' id='word_1_111' title='bbox 189 1644 286 1691; x_wconf 82' lang='grc' dir='ltr'>ια’.</span> <span class='ocrx_word' id='word_1_112' title='bbox 328 1636 646 1708; x_wconf 83' lang='grc' dir='ltr'>Ἦρώτησεν</span> <span class='ocrx_word' id='word_1_113' title='bbox 662 1637 891 1707; x_wconf 81' lang='grc' dir='ltr'>ἁδελφὸς</span> <span class='ocrx_word' id='word_1_114' title='bbox 906 1638 997 1690; x_wconf 85' lang='grc' dir='ltr'><strong>τὸν</strong></span> <span class='ocrx_word' id='word_1_115' title='bbox 1018 1636 1191 1691; x_wconf 79' lang='grc' dir='ltr'><strong>άὸὅᾶν</strong></span> <span class='ocrx_word' id='word_1_116' title='bbox 1219 1638 1482 1710; x_wconf 81' lang='grc' dir='ltr'>Ματὼην,</span> <span class='ocrx_word' id='word_1_117' title='bbox 1501 1639 1675 1708; x_wconf 80' lang='grc' dir='ltr'>λέγων</span> <span class='ocrx_word' id='word_1_118' title='bbox 1692 1656 1705 1669; x_wconf 90' lang='grc'><strong>·</strong></span> 
     </span>
    </p>
   </div>
   <div class='ocr_carea' id='block_1_19' title="bbox 130 1724 1709 1801">
    <p class='ocr_par' dir='ltr' id='par_1_19' title="bbox 130 1724 1709 1801">
     <span class='ocr_line' id='line_1_19' title="bbox 130 1724 1709 1801; baseline 0 -18"><span class='ocrx_word' id='word_1_119' title='bbox 130 1729 259 1783; x_wconf 81' lang='grc' dir='ltr'><strong>Εἰπέ</strong></span> <span class='ocrx_word' id='word_1_120' title='bbox 294 1747 389 1800; x_wconf 91' lang='grc' dir='ltr'><strong>μοι</strong></span> <span class='ocrx_word' id='word_1_121' title='bbox 432 1732 609 1801; x_wconf 77' lang='grc' dir='ltr'>ῥῆμα.</span> <span class='ocrx_word' id='word_1_122' title='bbox 657 1730 717 1783; x_wconf 87' lang='lat'><strong>&#39;0</strong></span> <span class='ocrx_word' id='word_1_123' title='bbox 752 1729 810 1784; x_wconf 85' lang='grc' dir='ltr'>δὲ</span> <span class='ocrx_word' id='word_1_124' title='bbox 867 1724 1021 1782; x_wconf 74' lang='grc' dir='ltr'>εἶπεν</span> <span class='ocrx_word' id='word_1_125' title='bbox 1061 1729 1242 1801; x_wconf 71' lang='grc' dir='ltr'>αὐτῷ’</span> <span class='ocrx_word' id='word_1_126' title='bbox 1267 1730 1502 1799; x_wconf 84' lang='grc' dir='ltr'><strong>Ὕπαγε,</strong></span> <span class='ocrx_word' id='word_1_127' title='bbox 1534 1748 1709 1801; x_wconf 85' lang='grc' dir='ltr'>παρα-</span> 
     </span>
    </p>
   </div>
   <div class='ocr_carea' id='block_1_20' title="bbox 1816 547 3395 623">
    <p class='ocr_par' dir='ltr' id='par_1_20' title="bbox 1816 547 3395 623">
     <span class='ocr_line' id='line_1_20' title="bbox 1816 547 3395 623; baseline 0.004 -22"><span class='ocrx_word' id='word_1_128' title='bbox 1816 562 1927 601; x_wconf 90' lang='lat' dir='ltr'><strong>non</strong></span> <span class='ocrx_word' id='word_1_129' title='bbox 1958 562 2158 618; x_wconf 85' lang='lat' dir='ltr'><strong>magno</strong></span> <span class='ocrx_word' id='word_1_130' title='bbox 2195 562 2283 602; x_wconf 91' lang='lat' dir='ltr'><strong>me</strong></span> <span class='ocrx_word' id='word_1_131' title='bbox 2314 547 2613 602; x_wconf 90' lang='lat' dir='ltr'><strong>obnoxium</strong></span> <span class='ocrx_word' id='word_1_132' title='bbox 2651 564 2774 605; x_wconf 88' lang='lat' dir='ltr'><strong>esse</strong></span> <span class='ocrx_word' id='word_1_133' title='bbox 2800 549 3009 619; x_wconf 88' lang='lat' dir='ltr'><strong>judicio</strong></span> <span class='ocrx_word' id='word_1_134' title='bbox 3047 561 3269 623; x_wconf 81' lang='lat' dir='ltr'><strong>propter</strong></span> <span class='ocrx_word' id='word_1_135' title='bbox 3300 570 3395 608; x_wconf 88' lang='lat' dir='ltr'><strong>or-</strong></span> 
     </span>
    </p>
   </div>
   <div class='ocr_carea' id='block_1_21' title="bbox 1815 639 3398 711">
    <p class='ocr_par' dir='ltr' id='par_1_21' title="bbox 1815 639 3398 711">
     <span class='ocr_line' id='line_1_21' title="bbox 1815 639 3398 711; baseline 0.003 -16"><span class='ocrx_word' id='word_1_136' title='bbox 1815 640 2177 704; x_wconf 86' lang='lat' dir='ltr'><strong>dinationem,</strong></span> <span class='ocrx_word' id='word_1_137' title='bbox 2206 642 2352 711; x_wconf 89' lang='lat' dir='ltr'><strong>quod</strong></span> <span class='ocrx_word' id='word_1_138' title='bbox 2383 639 2787 698; x_wconf 83' lang='lat' dir='ltr'><strong>Eucharistiam</strong></span> <span class='ocrx_word' id='word_1_139' title='bbox 2814 657 2928 697; x_wconf 91' lang='lat' dir='ltr'><strong>non</strong></span> <span class='ocrx_word' id='word_1_140' title='bbox 2958 644 3267 701; x_wconf 77' lang='lat' dir='ltr'><strong>conﬁciam.</strong></span> <span class='ocrx_word' id='word_1_141' title='bbox 3300 643 3398 700; x_wconf 86' lang='lat' dir='ltr'><strong>Et-&#39;</strong></span> 
     </span>
    </p>
   </div>
   <div class='ocr_carea' id='block_1_22' title="bbox 1814 732 2863 802">
    <p class='ocr_par' dir='ltr' id='par_1_22' title="bbox 1814 732 2863 802">
     <span class='ocr_line' id='line_1_22' title="bbox 1814 732 2863 802; baseline 0.001 -15"><span class='ocrx_word' id='word_1_142' title='bbox 1814 732 1962 787; x_wconf 89' lang='lat' dir='ltr'><strong>enim</strong></span> <span class='ocrx_word' id='word_1_143' title='bbox 2004 732 2416 802; x_wconf 85' lang='lat' dir='ltr'><strong>inculpatorum</strong></span> <span class='ocrx_word' id='word_1_144' title='bbox 2446 739 2532 787; x_wconf 88' lang='lat' dir='ltr'><strong>est</strong></span> <span class='ocrx_word' id='word_1_145' title='bbox 2567 732 2863 789; x_wconf 76' lang='lat' dir='ltr'><strong>ordinatio.</strong></span> 
     </span>
    </p>
   </div>
   <div class='ocr_carea' id='block_1_23' title="bbox 1889 905 3394 978">
    <p class='ocr_par' dir='ltr' id='par_1_23' title="bbox 1889 905 3394 978">
     <span class='ocr_line' id='line_1_23' title="bbox 1889 905 3394 978; baseline 0.002 -17"><span class='ocrx_word' id='word_1_146' title='bbox 1889 906 1975 961; x_wconf 81' lang='lat' dir='ltr'><strong>to.</strong></span> <span class='ocrx_word' id='word_1_147' title='bbox 2026 906 2235 963; x_wconf 79' lang='lat' dir='ltr'><strong>Retulit</strong></span> <span class='ocrx_word' id='word_1_148' title='bbox 2274 906 2444 964; x_wconf 81' lang='lat' dir='ltr'><strong>abbas</strong></span> <span class='ocrx_word' id='word_1_149' title='bbox 2481 905 2686 963; x_wconf 82' lang='lat' dir='ltr'><strong>Matoes</strong></span> <span class='ocrx_word' id='word_1_150' title='bbox 2721 926 2735 962; x_wconf 88' lang='lat'><strong>:</strong></span> <span class='ocrx_word' id='word_1_151' title='bbox 2773 906 2910 965; x_wconf 84' lang='lat' dir='ltr'><strong>Tres</strong></span> <span class='ocrx_word' id='word_1_152' title='bbox 2938 922 3098 965; x_wconf 88' lang='lat' dir='ltr'><strong>senes</strong></span> <span class='ocrx_word' id='word_1_153' title='bbox 3137 922 3394 978; x_wconf 87' lang='lat' dir='ltr'><strong>perrexe-</strong></span> 
     </span>
    </p>
   </div>
   <div class='ocr_carea' id='block_1_24' title="bbox 1814 997 3396 1071">
    <p class='ocr_par' dir='ltr' id='par_1_24' title="bbox 1814 997 3396 1071">
     <span class='ocr_line' id='line_1_24' title="bbox 1814 997 3396 1071; baseline 0.002 -19"><span class='ocrx_word' id='word_1_154' title='bbox 1814 1005 1944 1052; x_wconf 90' lang='lat' dir='ltr'><strong>runt</strong></span> <span class='ocrx_word' id='word_1_155' title='bbox 1981 997 2048 1052; x_wconf 88' lang='lat' dir='ltr'><strong>ad</strong></span> <span class='ocrx_word' id='word_1_156' title='bbox 2091 998 2343 1054; x_wconf 88' lang='lat' dir='ltr'><strong>abbatem</strong></span> <span class='ocrx_word' id='word_1_157' title='bbox 2394 997 2761 1069; x_wconf 88' lang='lat' dir='ltr'><strong>Paphnutium</strong></span> <span class='ocrx_word' id='word_1_158' title='bbox 2809 999 2905 1071; x_wconf 89' lang='lat' dir='ltr'><strong>qui</strong></span> <span class='ocrx_word' id='word_1_159' title='bbox 2947 999 3249 1055; x_wconf 81' lang='lat' dir='ltr'><strong>vocabatur</strong></span> <span class='ocrx_word' id='word_1_160' title='bbox 3292 998 3396 1055; x_wconf 85' lang='lat' dir='ltr'><strong>Ce-</strong></span> 
     </span>
    </p>
   </div>
   <div class='ocr_carea' id='block_1_25' title="bbox 1813 1088 3397 1160">
    <p class='ocr_par' dir='ltr' id='par_1_25' title="bbox 1813 1088 3397 1160">
     <span class='ocr_line' id='line_1_25' title="bbox 1813 1088 3397 1160; baseline 0.001 -18"><span class='ocrx_word' id='word_1_161' title='bbox 1813 1089 2029 1160; x_wconf 82' lang='lat' dir='ltr'><strong>plialas,</strong></span> <span class='ocrx_word' id='word_1_162' title='bbox 2052 1098 2112 1143; x_wconf 92' lang='lat' dir='ltr'><strong>ut</strong></span> <span class='ocrx_word' id='word_1_163' title='bbox 2132 1096 2382 1159; x_wconf 83' lang='lat' dir='ltr'><strong>peterent</strong></span> <span class='ocrx_word' id='word_1_164' title='bbox 2403 1090 2473 1145; x_wconf 85' lang='lat' dir='ltr'><strong>ab</strong></span> <span class='ocrx_word' id='word_1_165' title='bbox 2496 1104 2562 1146; x_wconf 93' lang='lat' dir='ltr'><strong>eo</strong></span> <span class='ocrx_word' id='word_1_166' title='bbox 2592 1090 2797 1160; x_wconf 89' lang='lat' dir='ltr'><strong>aliquid</strong></span> <span class='ocrx_word' id='word_1_167' title='bbox 2828 1090 3120 1146; x_wconf 83' lang='lat' dir='ltr'><strong>sermonis.</strong></span> <span class='ocrx_word' id='word_1_168' title='bbox 3169 1088 3233 1144; x_wconf 86' lang='lat' dir='ltr'><strong>Et</strong></span> <span class='ocrx_word' id='word_1_169' title='bbox 3255 1088 3397 1145; x_wconf 86' lang='lat' dir='ltr'><strong>dixit</strong></span> 
     </span>
    </p>
   </div>
   <div class='ocr_carea' id='block_1_26' title="bbox 1812 1180 3393 1253">
    <p class='ocr_par' dir='ltr' id='par_1_26' title="bbox 1812 1180 3393 1253">
     <span class='ocr_line' id='line_1_26' title="bbox 1812 1180 3393 1253; baseline 0 -15"><span class='ocrx_word' id='word_1_170' title='bbox 1812 1184 1892 1239; x_wconf 90' lang='lat' dir='ltr'><strong>eis</strong></span> <span class='ocrx_word' id='word_1_171' title='bbox 1918 1197 2084 1239; x_wconf 92' lang='lat' dir='ltr'><strong>senex</strong></span> <span class='ocrx_word' id='word_1_172' title='bbox 2116 1202 2129 1236; x_wconf 90' lang='lat'><strong>:</strong></span> <span class='ocrx_word' id='word_1_173' title='bbox 2163 1182 2305 1249; x_wconf 79' lang='lat' dir='ltr'><strong>Quid</strong></span> <span class='ocrx_word' id='word_1_174' title='bbox 2348 1183 2515 1240; x_wconf 86' lang='lat' dir='ltr'><strong>vultis</strong></span> <span class='ocrx_word' id='word_1_175' title='bbox 2542 1183 2695 1239; x_wconf 87' lang='lat' dir='ltr'><strong>vobis</strong></span> <span class='ocrx_word' id='word_1_176' title='bbox 2726 1182 3040 1253; x_wconf 79' lang='lat' dir='ltr'><strong>proteram?</strong></span> <span class='ocrx_word' id='word_1_177' title='bbox 3073 1180 3393 1253; x_wconf 80' lang='lat' dir='ltr'><strong>Spirituale,</strong></span> 
     </span>
    </p>
   </div>
   <div class='ocr_carea' id='block_1_27' title="bbox 1811 1272 3394 1345">
    <p class='ocr_par' dir='ltr' id='par_1_27' title="bbox 1811 1272 3394 1345">
     <span class='ocr_line' id='line_1_27' title="bbox 1811 1272 3394 1345; baseline 0.004 -20"><span class='ocrx_word' id='word_1_178' title='bbox 1811 1275 1895 1330; x_wconf 90' lang='lat' dir='ltr'><strong>vel</strong></span> <span class='ocrx_word' id='word_1_179' title='bbox 1925 1274 2248 1345; x_wconf 81' lang='lat' dir='ltr'><strong>corporale?</strong></span> <span class='ocrx_word' id='word_1_180' title='bbox 2278 1272 2596 1343; x_wconf 85' lang='lat' dir='ltr'><strong>Spirituale,</strong></span> <span class='ocrx_word' id='word_1_181' title='bbox 2628 1274 2905 1345; x_wconf 83' lang='lat' dir='ltr'><strong>inquiunt.</strong></span> <span class='ocrx_word' id='word_1_182' title='bbox 2929 1273 3160 1345; x_wconf 87' lang='lat' dir='ltr'><strong>Excepit</strong></span> <span class='ocrx_word' id='word_1_183' title='bbox 3187 1288 3353 1330; x_wconf 88' lang='lat' dir='ltr'><strong>senex</strong></span> <span class='ocrx_word' id='word_1_184' title='bbox 3373 1291 3394 1331; x_wconf 83' lang='lat'><strong>:</strong></span> 
     </span>
    </p>
   </div>
   <div class='ocr_carea' id='block_1_28' title="bbox 1810 1364 3397 1441">
    <p class='ocr_par' dir='ltr' id='par_1_28' title="bbox 1810 1364 3397 1441">
     <span class='ocr_line' id='line_1_28' title="bbox 1810 1364 3397 1441; baseline 0.003 -21"><span class='ocrx_word' id='word_1_185' title='bbox 1810 1366 1991 1436; x_wconf 86' lang='lat' dir='ltr'><strong>Abite,</strong></span> <span class='ocrx_word' id='word_1_186' title='bbox 2014 1367 2224 1437; x_wconf 81' lang='lat' dir='ltr'><strong>diligite</strong></span> <span class='ocrx_word' id='word_1_187' title='bbox 2246 1364 2598 1422; x_wconf 78' lang='lat' dir='ltr'><strong>afﬂictionem</strong></span> <span class='ocrx_word' id='word_1_188' title='bbox 2627 1369 2915 1439; x_wconf 85' lang='lat' dir='ltr'><strong>plusquam</strong></span> <span class='ocrx_word' id='word_1_189' title='bbox 2943 1369 3209 1440; x_wconf 87' lang='lat' dir='ltr'><strong>requiem,</strong></span> <span class='ocrx_word' id='word_1_190' title='bbox 3237 1371 3397 1441; x_wconf 84' lang='lat' dir='ltr'><strong>igno-</strong></span> 
     </span>
    </p>
   </div>
   <div class='ocr_carea' id='block_1_29' title="bbox 1812 1459 3392 1535">
    <p class='ocr_par' dir='ltr' id='par_1_29' title="bbox 1812 1459 3392 1535">
     <span class='ocr_line' id='line_1_29' title="bbox 1812 1459 3392 1535; baseline 0.004 -22"><span class='ocrx_word' id='word_1_191' title='bbox 1812 1459 2039 1513; x_wconf 86' lang='lat' dir='ltr'><strong>miniam</strong></span> <span class='ocrx_word' id='word_1_192' title='bbox 2089 1460 2378 1530; x_wconf 73' lang='lat' dir='ltr'><strong>plusquam</strong></span> <span class='ocrx_word' id='word_1_193' title='bbox 2413 1461 2678 1530; x_wconf 87' lang='lat' dir='ltr'><strong>gloriam,</strong></span> <span class='ocrx_word' id='word_1_194' title='bbox 2726 1471 2780 1519; x_wconf 89' lang='lat' dir='ltr'><strong>et</strong></span> <span class='ocrx_word' id='word_1_195' title='bbox 2826 1462 2957 1518; x_wconf 86' lang='lat' dir='ltr'><strong>dare</strong></span> <span class='ocrx_word' id='word_1_196' title='bbox 3005 1463 3179 1535; x_wconf 80' lang='lat' dir='ltr'><strong>magis</strong></span> <span class='ocrx_word' id='word_1_197' title='bbox 3225 1479 3392 1535; x_wconf 84' lang='lat' dir='ltr'><strong>quam</strong></span> 
     </span>
    </p>
   </div>
   <div class='ocr_carea' id='block_1_30' title="bbox 1812 1552 2083 1622">
    <p class='ocr_par' dir='ltr' id='par_1_30' title="bbox 1812 1552 2083 1622">
     <span class='ocr_line' id='line_1_30' title="bbox 1812 1552 2083 1622; baseline 0.011 -18"><span class='ocrx_word' id='word_1_198' title='bbox 1812 1552 2083 1622; x_wconf 74' lang='lat' dir='ltr'><strong>accipere.</strong></span> 
     </span>
    </p>
   </div>
   <div class='ocr_carea' id='block_1_31' title="bbox 1884 1639 3395 1711">
    <p class='ocr_par' dir='ltr' id='par_1_31' title="bbox 1884 1639 3395 1711">
     <span class='ocr_line' id='line_1_31' title="bbox 1884 1639 3395 1711; baseline 0.007 -17"><span class='ocrx_word' id='word_1_199' title='bbox 1884 1641 1971 1694; x_wconf 76' lang='lat' dir='ltr'><strong>tl.</strong></span> <span class='ocrx_word' id='word_1_200' title='bbox 2006 1639 2239 1711; x_wconf 79' lang='lat' dir='ltr'><strong>Rogavit</strong></span> <span class='ocrx_word' id='word_1_201' title='bbox 2279 1640 2449 1696; x_wconf 86' lang='lat' dir='ltr'><strong>lrater</strong></span> <span class='ocrx_word' id='word_1_202' title='bbox 2502 1642 2755 1697; x_wconf 82' lang='lat' dir='ltr'><strong>abbatem</strong></span> <span class='ocrx_word' id='word_1_203' title='bbox 2793 1643 3046 1711; x_wconf 82' lang='lat' dir='ltr'><strong>Matoem,</strong></span> <span class='ocrx_word' id='word_1_204' title='bbox 3079 1647 3157 1700; x_wconf 92' lang='lat' dir='ltr'><strong>uti</strong></span> <span class='ocrx_word' id='word_1_205' title='bbox 3191 1648 3242 1702; x_wconf 89' lang='lat' dir='ltr'><strong>ei</strong></span> <span class='ocrx_word' id='word_1_206' title='bbox 3274 1663 3395 1704; x_wconf 85' lang='lat' dir='ltr'><strong>ser-</strong></span> 
     </span>
    </p>
   </div>
   <div class='ocr_carea' id='block_1_32' title="bbox 1811 1730 3392 1809">
    <p class='ocr_par' dir='ltr' id='par_1_32' title="bbox 1811 1730 3392 1809">
     <span class='ocr_line' id='line_1_32' title="bbox 1811 1730 3392 1809; baseline 0.006 -25"><span class='ocrx_word' id='word_1_207' title='bbox 1811 1745 2028 1785; x_wconf 89' lang='lat' dir='ltr'><strong>monem</strong></span> <span class='ocrx_word' id='word_1_208' title='bbox 2058 1730 2319 1786; x_wconf 73' lang='lat' dir='ltr'><strong>doctrina:</strong></span> <span class='ocrx_word' id='word_1_209' title='bbox 2346 1732 2633 1802; x_wconf 82' lang='lat' dir='ltr'><strong>proferret.</strong></span> <span class='ocrx_word' id='word_1_210' title='bbox 2666 1732 2759 1789; x_wconf 90' lang='lat' dir='ltr'><strong>Ille</strong></span> <span class='ocrx_word' id='word_1_211' title='bbox 2778 1735 2846 1789; x_wconf 87' lang='lat' dir='ltr'><strong>ad</strong></span> <span class='ocrx_word' id='word_1_212' title='bbox 2867 1750 2992 1790; x_wconf 91' lang='lat' dir='ltr'><strong>eum</strong></span> <span class='ocrx_word' id='word_1_213' title='bbox 3020 1754 3033 1790; x_wconf 92' lang='lat'><strong>:</strong></span> <span class='ocrx_word' id='word_1_214' title='bbox 3061 1735 3232 1791; x_wconf 90' lang='lat' dir='ltr'><strong>Deum</strong></span> <span class='ocrx_word' id='word_1_215' title='bbox 3264 1753 3392 1809; x_wconf 64' lang='lat' dir='ltr'><strong>prec</strong></span> 
     </span>
    </p>
   </div>
   <div class='ocr_carea' id='block_1_33' title="bbox 130 1814 1712 1896">
    <p class='ocr_par' dir='ltr' id='par_1_33' title="bbox 130 1819 1704 1896">
     <span class='ocr_line' id='line_1_33' title="bbox 130 1819 1704 1896; baseline 0.002 -23"><span class='ocrx_word' id='word_1_216' title='bbox 130 1820 353 1874; x_wconf 84' lang='grc' dir='ltr'>κάλεσον</span> <span class='ocrx_word' id='word_1_217' title='bbox 377 1820 468 1873; x_wconf 80' lang='grc' dir='ltr'><strong>τὸν</strong></span> <span class='ocrx_word' id='word_1_218' title='bbox 501 1819 655 1884; x_wconf 78' lang='grc' dir='ltr'>Θεὸν,</span> <span class='ocrx_word' id='word_1_219' title='bbox 686 1820 963 1889; x_wconf 34' lang='grc' dir='ltr'>ἴναδδώσει</span> <span class='ocrx_word' id='word_1_220' title='bbox 1010 1821 1205 1886; x_wconf 85' lang='grc' dir='ltr'>πένθος</span> <span class='ocrx_word' id='word_1_221' title='bbox 1244 1824 1325 1887; x_wconf 82' lang='grc' dir='ltr'><strong>είς</strong></span> <span class='ocrx_word' id='word_1_222' title='bbox 1348 1824 1447 1894; x_wconf 77' lang='grc' dir='ltr'>τὴν</span> <span class='ocrx_word' id='word_1_223' title='bbox 1477 1824 1704 1896; x_wconf 88' lang='grc' dir='ltr'>καρδίαν</span> 
     </span>
    </p>
   </div>
   <div class='ocr_carea' id='block_1_34' title="bbox 1819 1814 3389 1896">
    <p class='ocr_par' dir='ltr' id='par_1_34' title="bbox 1819 1822 3389 1891">
     <span class='ocr_line' id='line_1_34' title="bbox 1819 1822 3389 1891; baseline 0.006 -16"><span class='ocrx_word' id='word_1_224' title='bbox 1819 1835 1957 1886; x_wconf 72' lang='lat' dir='ltr'><strong>care,</strong></span> <span class='ocrx_word' id='word_1_225' title='bbox 1988 1829 2051 1875; x_wconf 90' lang='lat' dir='ltr'><strong>ut</strong></span> <span class='ocrx_word' id='word_1_226' title='bbox 2075 1822 2163 1879; x_wconf 70' lang='lat' dir='ltr'><strong>det</strong></span> <span class='ocrx_word' id='word_1_227' title='bbox 2195 1822 2399 1878; x_wconf 90' lang='lat' dir='ltr'><strong>luctum</strong></span> <span class='ocrx_word' id='word_1_228' title='bbox 2429 1825 2483 1878; x_wconf 91' lang='lat' dir='ltr'><strong>in</strong></span> <span class='ocrx_word' id='word_1_229' title='bbox 2513 1824 2677 1881; x_wconf 85' lang='lat' dir='ltr'><strong>corde</strong></span> <span class='ocrx_word' id='word_1_230' title='bbox 2706 1834 2819 1891; x_wconf 92' lang='lat' dir='ltr'><strong>tuo,</strong></span> <span class='ocrx_word' id='word_1_231' title='bbox 2858 1842 3071 1883; x_wconf 90' lang='lat' dir='ltr'><strong>necnon</strong></span> <span class='ocrx_word' id='word_1_232' title='bbox 3103 1829 3389 1887; x_wconf 87' lang='lat' dir='ltr'><strong>humilita-</strong></span> 
     </span>
    </p>
   </div>
   <div class='ocr_carea' id='block_1_35' title="bbox 132 1911 1707 1984">
    <p class='ocr_par' dir='ltr' id='par_1_35' title="bbox 132 1911 1707 1984">
     <span class='ocr_line' id='line_1_35' title="bbox 132 1911 1707 1984; baseline 0.003 -21"><span class='ocrx_word' id='word_1_233' title='bbox 132 1928 252 1977; x_wconf 86' lang='grc' dir='ltr'>σου,</span> <span class='ocrx_word' id='word_1_234' title='bbox 306 1912 402 1964; x_wconf 84' lang='grc' dir='ltr'><strong>καὶ</strong></span> <span class='ocrx_word' id='word_1_235' title='bbox 448 1911 814 1965; x_wconf 58' lang='grc' dir='ltr'>ταπείνωσιν</span> <span class='ocrx_word' id='word_1_236' title='bbox 882 1912 977 1965; x_wconf 79' lang='grc' dir='ltr'><strong>καὶ</strong></span> <span class='ocrx_word' id='word_1_237' title='bbox 1031 1912 1264 1984; x_wconf 79' lang='grc' dir='ltr'>πρόσεχε</span> <span class='ocrx_word' id='word_1_238' title='bbox 1327 1912 1559 1966; x_wconf 85' lang='grc' dir='ltr'>πάντοτε</span> <span class='ocrx_word' id='word_1_239' title='bbox 1604 1912 1707 1979; x_wconf 81' lang='grc' dir='ltr'>τὰς</span> 
     </span>
    </p>
   </div>
   <div class='ocr_carea' id='block_1_36' title="bbox 130 1998 1705 2072">
    <p class='ocr_par' dir='ltr' id='par_1_36' title="bbox 130 1998 1705 2072">
     <span class='ocr_line' id='line_1_36' title="bbox 130 1998 1705 2072; baseline 0.004 -21"><span class='ocrx_word' id='word_1_240' title='bbox 130 1998 400 2069; x_wconf 81' lang='grc' dir='ltr'>ἁμαρτίας</span> <span class='ocrx_word' id='word_1_241' title='bbox 430 2015 525 2052; x_wconf 91' lang='grc' dir='ltr'><strong>σου</strong></span> <span class='ocrx_word' id='word_1_242' title='bbox 546 2016 561 2031; x_wconf 90' lang='grc'><strong>·</strong></span> <span class='ocrx_word' id='word_1_243' title='bbox 590 2000 687 2052; x_wconf 72' lang='grc' dir='ltr'><strong>καὶ</strong></span> <span class='ocrx_word' id='word_1_244' title='bbox 711 1998 784 2070; x_wconf 83' lang='grc' dir='ltr'>μὴ</span> <span class='ocrx_word' id='word_1_245' title='bbox 809 2003 961 2072; x_wconf 84' lang='grc' dir='ltr'>κρῖνε</span> <span class='ocrx_word' id='word_1_246' title='bbox 988 2000 1202 2065; x_wconf 82' lang='grc' dir='ltr'>ἄλλους,</span> <span class='ocrx_word' id='word_1_247' title='bbox 1220 2001 1361 2055; x_wconf 82' lang='grc' dir='ltr'>ἀλλὰ</span> <span class='ocrx_word' id='word_1_248' title='bbox 1391 2000 1550 2071; x_wconf 80' lang='grc' dir='ltr'>γενοῦ</span> <span class='ocrx_word' id='word_1_249' title='bbox 1574 2004 1705 2057; x_wconf 80' lang='grc' dir='ltr'>ὑπο-</span> 
     </span>
    </p>
   </div>
   <div class='ocr_carea' id='block_1_37' title="bbox 131 2090 1705 2166">
    <p class='ocr_par' dir='ltr' id='par_1_37' title="bbox 131 2090 1705 2166">
     <span class='ocr_line' id='line_1_37' title="bbox 131 2090 1705 2166; baseline 0.003 -22"><span class='ocrx_word' id='word_1_250' title='bbox 131 2091 279 2145; x_wconf 78' lang='grc' dir='ltr'>κάτω</span> <span class='ocrx_word' id='word_1_251' title='bbox 302 2090 552 2145; x_wconf 79' lang='grc' dir='ltr'>πάντων·</span> <span class='ocrx_word' id='word_1_252' title='bbox 582 2091 678 2144; x_wconf 62' lang='grc' dir='ltr'><strong>καὶ⁵</strong></span> <span class='ocrx_word' id='word_1_253' title='bbox 702 2091 779 2163; x_wconf 80' lang='grc' dir='ltr'>μὴ</span> <span class='ocrx_word' id='word_1_254' title='bbox 812 2091 903 2163; x_wconf 75' lang='grc' dir='ltr'>ἔχε</span> <span class='ocrx_word' id='word_1_255' title='bbox 935 2092 1119 2163; x_wconf 78' lang='grc' dir='ltr'>φιλίαν</span> <span class='ocrx_word' id='word_1_256' title='bbox 1148 2093 1286 2163; x_wconf 87' lang='grc' dir='ltr'>μετὰ</span> <span class='ocrx_word' id='word_1_257' title='bbox 1303 2093 1539 2159; x_wconf 85' lang='grc' dir='ltr'>παιδίου,</span> <span class='ocrx_word' id='word_1_258' title='bbox 1569 2095 1705 2166; x_wconf 88' lang='grc' dir='ltr'>μήτε</span> 
     </span>
    </p>
   </div>
   <div class='ocr_carea' id='block_1_38' title="bbox 130 2182 1707 2257">
    <p class='ocr_par' dir='ltr' id='par_1_38' title="bbox 130 2182 1707 2257">
     <span class='ocr_line' id='line_1_38' title="bbox 130 2182 1707 2257; baseline 0.002 -20"><span class='ocrx_word' id='word_1_259' title='bbox 130 2183 324 2252; x_wconf 71' lang='grc' dir='ltr'>γνῶσιν</span> <span class='ocrx_word' id='word_1_260' title='bbox 372 2183 516 2255; x_wconf 77' lang='grc' dir='ltr'>μετὰ</span> <span class='ocrx_word' id='word_1_261' title='bbox 558 2182 839 2252; x_wconf 80' lang='grc' dir='ltr'>γυναικὸς,</span> <span class='ocrx_word' id='word_1_262' title='bbox 896 2185 1033 2257; x_wconf 82' lang='grc' dir='ltr'>μήτε</span> <span class='ocrx_word' id='word_1_263' title='bbox 1073 2184 1227 2254; x_wconf 82' lang='grc' dir='ltr'>φίλον</span> <span class='ocrx_word' id='word_1_264' title='bbox 1271 2186 1582 2255; x_wconf 78' lang='grc' dir='ltr'>αἱρετικόν·</span> <span class='ocrx_word' id='word_1_265' title='bbox 1612 2186 1707 2242; x_wconf 80' lang='grc' dir='ltr'>καὶ</span> 
     </span>
    </p>
   </div>
   <div class='ocr_carea' id='block_1_39' title="bbox 131 2274 1709 2349">
    <p class='ocr_par' dir='ltr' id='par_1_39' title="bbox 131 2274 1709 2349">
     <span class='ocr_line' id='line_1_39' title="bbox 131 2274 1709 2349; baseline 0.001 -21"><span class='ocrx_word' id='word_1_266' title='bbox 131 2275 292 2346; x_wconf 68' lang='grc' dir='ltr'>κόψον</span> <span class='ocrx_word' id='word_1_267' title='bbox 321 2274 420 2346; x_wconf 79' lang='grc' dir='ltr'><strong>τὴν</strong></span> <span class='ocrx_word' id='word_1_268' title='bbox 442 2275 758 2347; x_wconf 61' lang='grc' dir='ltr'>παρρησίαν</span> <span class='ocrx_word' id='word_1_269' title='bbox 775 2275 882 2329; x_wconf 82' lang='grc' dir='ltr'><strong>άπὸ</strong></span> <span class='ocrx_word' id='word_1_270' title='bbox 901 2274 995 2329; x_wconf 83' lang='grc' dir='ltr'>σοῦ</span> <span class='ocrx_word' id='word_1_271' title='bbox 1018 2290 1033 2306; x_wconf 74' lang='grc' dir='ltr'><strong><em>ο</em></strong></span> <span class='ocrx_word' id='word_1_272' title='bbox 1076 2277 1170 2331; x_wconf 70' lang='grc' dir='ltr'><strong>καὶ</strong></span> <span class='ocrx_word' id='word_1_273' title='bbox 1197 2277 1386 2348; x_wconf 88' lang='grc' dir='ltr'>κράτει</span> <span class='ocrx_word' id='word_1_274' title='bbox 1411 2276 1509 2349; x_wconf 79' lang='grc' dir='ltr'>τὴν</span> <span class='ocrx_word' id='word_1_275' title='bbox 1532 2276 1709 2346; x_wconf 80' lang='grc' dir='ltr'>γλῶσ-</span> 
     </span>
    </p>
   </div>
   <div class='ocr_carea' id='block_1_40' title="bbox 133 2366 1708 2441">
    <p class='ocr_par' dir='ltr' id='par_1_40' title="bbox 133 2366 1708 2441">
     <span class='ocr_line' id='line_1_40' title="bbox 133 2366 1708 2441; baseline 0.002 -21"><span class='ocrx_word' id='word_1_276' title='bbox 133 2383 226 2420; x_wconf 89' lang='grc' dir='ltr'><strong>σαν</strong></span> <span class='ocrx_word' id='word_1_277' title='bbox 255 2368 352 2420; x_wconf 74' lang='grc' dir='ltr'><strong>καὶ</strong></span> <span class='ocrx_word' id='word_1_278' title='bbox 380 2367 479 2437; x_wconf 77' lang='grc' dir='ltr'>τὴν</span> <span class='ocrx_word' id='word_1_279' title='bbox 503 2366 714 2421; x_wconf 83' lang='grc' dir='ltr'>κοιλίαν</span> <span class='ocrx_word' id='word_1_280' title='bbox 746 2384 862 2432; x_wconf 88' lang='grc' dir='ltr'>σου,</span> <span class='ocrx_word' id='word_1_281' title='bbox 899 2368 994 2420; x_wconf 73' lang='grc' dir='ltr'><strong>καὶ</strong></span> <span class='ocrx_word' id='word_1_282' title='bbox 1033 2368 1141 2421; x_wconf 78' lang='grc' dir='ltr'><strong>ἀπὸ</strong></span> <span class='ocrx_word' id='word_1_283' title='bbox 1170 2368 1312 2422; x_wconf 78' lang='grc' dir='ltr'>οἴνου</span> <span class='ocrx_word' id='word_1_284' title='bbox 1349 2369 1541 2441; x_wconf 85' lang='grc' dir='ltr'>μικρόν</span> <span class='ocrx_word' id='word_1_285' title='bbox 1562 2386 1575 2400; x_wconf 89' lang='grc'><strong>·</strong></span> <span class='ocrx_word' id='word_1_286' title='bbox 1613 2369 1708 2423; x_wconf 74' lang='grc' dir='ltr'>καὶ</span> 
     </span>
    </p>
   </div>
   <div class='ocr_carea' id='block_1_41' title="bbox 130 2457 1709 2534">
    <p class='ocr_par' dir='ltr' id='par_1_41' title="bbox 130 2457 1709 2534">
     <span class='ocr_line' id='line_1_41' title="bbox 130 2457 1709 2534; baseline 0.003 -24"><span class='ocrx_word' id='word_1_287' title='bbox 130 2458 218 2512; x_wconf 74' lang='grc' dir='ltr'>ἐάν</span> <span class='ocrx_word' id='word_1_288' title='bbox 244 2475 329 2521; x_wconf 85' lang='grc' dir='ltr'><strong>τις</strong></span> <span class='ocrx_word' id='word_1_289' title='bbox 361 2457 573 2530; x_wconf 79' lang='grc' dir='ltr'>λαλήσῃ</span> <span class='ocrx_word' id='word_1_290' title='bbox 604 2458 732 2528; x_wconf 75' lang='grc' dir='ltr'>περὶ</span> <span class='ocrx_word' id='word_1_291' title='bbox 772 2458 1097 2528; x_wconf 86' lang='grc' dir='ltr'>πράγματος</span> <span class='ocrx_word' id='word_1_292' title='bbox 1128 2459 1464 2532; x_wconf 83' lang='grc' dir='ltr'>οἱουδήποτε,</span> <span class='ocrx_word' id='word_1_293' title='bbox 1499 2460 1577 2534; x_wconf 82' lang='grc' dir='ltr'>μὴ</span> <span class='ocrx_word' id='word_1_294' title='bbox 1620 2479 1709 2531; x_wconf 83' lang='grc' dir='ltr'><strong>φι-</strong></span> 
     </span>
    </p>
   </div>
   <div class='ocr_carea' id='block_1_42' title="bbox 130 2546 1705 2621">
    <p class='ocr_par' dir='ltr' id='par_1_42' title="bbox 130 2546 1705 2621">
     <span class='ocr_line' id='line_1_42' title="bbox 130 2546 1705 2621; baseline 0.004 -22"><span class='ocrx_word' id='word_1_295' title='bbox 130 2547 357 2602; x_wconf 82' lang='grc' dir='ltr'>λονείκει</span> <span class='ocrx_word' id='word_1_296' title='bbox 387 2546 681 2619; x_wconf 83' lang='grc' dir='ltr'>μετάὑτοῦ</span> <span class='ocrx_word' id='word_1_297' title='bbox 702 2564 716 2577; x_wconf 75' lang='grc' dir='ltr'><strong>ο</strong></span> <span class='ocrx_word' id='word_1_298' title='bbox 742 2547 855 2600; x_wconf 87' lang='grc' dir='ltr'>ἀλλ’</span> <span class='ocrx_word' id='word_1_299' title='bbox 879 2547 973 2601; x_wconf 79' lang='grc' dir='ltr'>ἐὰν</span> <span class='ocrx_word' id='word_1_300' title='bbox 1001 2547 1179 2613; x_wconf 79' lang='grc' dir='ltr'>καλῶς</span> <span class='ocrx_word' id='word_1_301' title='bbox 1199 2549 1351 2621; x_wconf 81' lang='grc' dir='ltr'>λέγῃ,</span> <span class='ocrx_word' id='word_1_302' title='bbox 1388 2551 1510 2605; x_wconf 85' lang='grc' dir='ltr'>είπέ</span> <span class='ocrx_word' id='word_1_303' title='bbox 1527 2567 1542 2581; x_wconf 79' lang='grc'><strong>’</strong></span> <span class='ocrx_word' id='word_1_304' title='bbox 1563 2550 1670 2605; x_wconf 84' lang='grc' dir='ltr'>Ναί</span> <span class='ocrx_word' id='word_1_305' title='bbox 1688 2566 1705 2583; x_wconf 77' lang='grc'><strong>⁸</strong></span> 
     </span>
    </p>
   </div>
   <div class='ocr_carea' id='block_1_43' title="bbox 132 2631 1708 2713">
    <p class='ocr_par' dir='ltr' id='par_1_43' title="bbox 132 2631 1708 2713">
     <span class='ocr_line' id='line_1_43' title="bbox 132 2631 1708 2713; baseline 0.002 -22"><span class='ocrx_word' id='word_1_306' title='bbox 132 2638 219 2691; x_wconf 75' lang='grc' dir='ltr'>ἐὰν</span> <span class='ocrx_word' id='word_1_307' title='bbox 264 2638 319 2690; x_wconf 84' lang='grc' dir='ltr'><strong>δὲ</strong></span> <span class='ocrx_word' id='word_1_308' title='bbox 370 2638 591 2703; x_wconf 83' lang='grc' dir='ltr'>κακῶς,</span> <span class='ocrx_word' id='word_1_309' title='bbox 630 2638 783 2691; x_wconf 75' lang='grc' dir='ltr'>είπέο</span> <span class='ocrx_word' id='word_1_310' title='bbox 814 2639 886 2692; x_wconf 82' lang='grc' dir='ltr'><strong>Σὺ</strong></span> <span class='ocrx_word' id='word_1_311' title='bbox 916 2631 1065 2704; x_wconf 77' lang='grc' dir='ltr'>οἶδας</span> <span class='ocrx_word' id='word_1_312' title='bbox 1113 2638 1232 2703; x_wconf 84' lang='grc' dir='ltr'>πῶς</span> <span class='ocrx_word' id='word_1_313' title='bbox 1268 2638 1481 2704; x_wconf 82' lang='grc' dir='ltr'>λαλεῖς·</span> <span class='ocrx_word' id='word_1_314' title='bbox 1506 2640 1601 2696; x_wconf 74' lang='grc' dir='ltr'><strong>καὶ</strong></span> <span class='ocrx_word' id='word_1_315' title='bbox 1633 2640 1708 2713; x_wconf 85' lang='grc' dir='ltr'>μὴ</span> 
     </span>
    </p>
   </div>
   <div class='ocr_carea' id='block_1_44' title="bbox 132 2722 1708 2803">
    <p class='ocr_par' dir='ltr' id='par_1_44' title="bbox 132 2722 1708 2803">
     <span class='ocr_line' id='line_1_44' title="bbox 132 2722 1708 2803; baseline 0.004 -24"><span class='ocrx_word' id='word_1_316' title='bbox 132 2729 269 2798; x_wconf 77' lang='grc' dir='ltr'>ἔριζε</span> <span class='ocrx_word' id='word_1_317' title='bbox 299 2728 420 2799; x_wconf 84' lang='grc' dir='ltr'>μετ’</span> <span class='ocrx_word' id='word_1_318' title='bbox 451 2728 618 2782; x_wconf 77' lang='grc' dir='ltr'>αὐτοῦ</span> <span class='ocrx_word' id='word_1_319' title='bbox 672 2729 802 2798; x_wconf 84' lang='grc' dir='ltr'>περὶ</span> <span class='ocrx_word' id='word_1_320' title='bbox 831 2722 907 2783; x_wconf 84' lang='grc' dir='ltr'>ὧν</span> <span class='ocrx_word' id='word_1_321' title='bbox 954 2729 1202 2801; x_wconf 84' lang='grc' dir='ltr'>ὲλάλησε.</span> <span class='ocrx_word' id='word_1_322' title='bbox 1236 2730 1346 2784; x_wconf 75' lang='grc' dir='ltr'>Καὶ</span> <span class='ocrx_word' id='word_1_323' title='bbox 1380 2730 1520 2803; x_wconf 77' lang='grc' dir='ltr'>αὕτη</span> <span class='ocrx_word' id='word_1_324' title='bbox 1559 2732 1708 2787; x_wconf 71' lang='grc' dir='ltr'>ἐστὶν</span> 
     </span>
    </p>
   </div>
   <div class='ocr_carea' id='block_1_45' title="bbox 133 2822 529 2889">
    <p class='ocr_par' dir='ltr' id='par_1_45' title="bbox 133 2822 529 2889">
     <span class='ocr_line' id='line_1_45' title="bbox 133 2822 529 2889; baseline 0.003 -17"><span class='ocrx_word' id='word_1_325' title='bbox 133 2822 163 2889; x_wconf 73' lang='grc' dir='ltr'>ἡ</span> <span class='ocrx_word' id='word_1_326' title='bbox 182 2822 529 2884; x_wconf 80' lang='grc' dir='ltr'>ταπείνωσις.</span> 
     </span>
    </p>
   </div>
   <div class='ocr_carea' id='block_1_46' title="bbox 199 2910 1709 2987">
    <p class='ocr_par' dir='ltr' id='par_1_46' title="bbox 199 2910 1709 2987">
     <span class='ocr_line' id='line_1_46' title="bbox 199 2910 1709 2987; baseline 0.004 -24"><span class='ocrx_word' id='word_1_327' title='bbox 199 2910 281 2966; x_wconf 77' lang='grc' dir='ltr'>ιδ’.</span> <span class='ocrx_word' id='word_1_328' title='bbox 332 2912 649 2985; x_wconf 83' lang='grc' dir='ltr'>Ἦρώτησεν</span> <span class='ocrx_word' id='word_1_329' title='bbox 676 2913 903 2982; x_wconf 67' lang='grc' dir='ltr'>ἀδελςρὸς</span> <span class='ocrx_word' id='word_1_330' title='bbox 946 2914 1039 2967; x_wconf 76' lang='grc' dir='ltr'>τὸν</span> <span class='ocrx_word' id='word_1_331' title='bbox 1065 2914 1241 2969; x_wconf 76' lang='grc' dir='ltr'><strong>άὸὅᾶν</strong></span> <span class='ocrx_word' id='word_1_332' title='bbox 1272 2914 1514 2987; x_wconf 73' lang='lat' dir='ltr'><strong>Ma:di</strong></span> <span class='ocrx_word' id='word_1_333' title='bbox 1532 2931 1546 2946; x_wconf 78' lang='lat'><strong>&#39;</strong></span> <span class='ocrx_word' id='word_1_334' title='bbox 1571 2914 1709 2969; x_wconf 79' lang='grc' dir='ltr'><strong>Εἰπέ</strong></span> 
     </span>
    </p>
   </div>
   <div class='ocr_carea' id='block_1_47' title="bbox 136 2999 1710 3077">
    <p class='ocr_par' dir='ltr' id='par_1_47' title="bbox 136 2999 1710 3077">
     <span class='ocr_line' id='line_1_47' title="bbox 136 2999 1710 3077; baseline 0.003 -22"><span class='ocrx_word' id='word_1_335' title='bbox 136 3020 217 3071; x_wconf 83' lang='grc' dir='ltr'><strong>μοι</strong></span> <span class='ocrx_word' id='word_1_336' title='bbox 245 3004 422 3075; x_wconf 72' lang='grc' dir='ltr'>ῥῆμα.</span> <span class='ocrx_word' id='word_1_337' title='bbox 455 3005 568 3058; x_wconf 78' lang='grc' dir='ltr'><strong>Καὶ</strong></span> <span class='ocrx_word' id='word_1_338' title='bbox 590 2999 746 3057; x_wconf 73' lang='grc' dir='ltr'>εἶπεν</span> <span class='ocrx_word' id='word_1_339' title='bbox 778 3004 959 3077; x_wconf 78' lang='grc' dir='ltr'>αὐτῷ’</span> <span class='ocrx_word' id='word_1_340' title='bbox 988 3007 1179 3060; x_wconf 77' lang='grc' dir='ltr'>Πᾶσαν</span> <span class='ocrx_word' id='word_1_341' title='bbox 1234 3007 1569 3076; x_wconf 80' lang='grc' dir='ltr'>φιλονεικίαν</span> <span class='ocrx_word' id='word_1_342' title='bbox 1601 3008 1710 3061; x_wconf 85' lang='grc' dir='ltr'><strong>ἀπὸ</strong></span> 
     </span>
    </p>
   </div>
   <div class='ocr_carea' id='block_1_48' title="bbox 66 3097 1710 3179">
    <p class='ocr_par' dir='ltr' id='par_1_48' title="bbox 66 3097 1710 3179">
     <span class='ocr_line' id='line_1_48' title="bbox 66 3097 1710 3179; baseline 0.005 -35"><span class='ocrx_word' id='word_1_343' title='bbox 66 3170 77 3179; x_wconf 36' lang='grc'><strong>⁸</strong></span> <span class='ocrx_word' id='word_1_344' title='bbox 134 3097 323 3160; x_wconf 80' lang='grc' dir='ltr'>παντὸς</span> <span class='ocrx_word' id='word_1_345' title='bbox 361 3097 691 3169; x_wconf 82' lang='grc' dir='ltr'>πράγματος</span> <span class='ocrx_word' id='word_1_346' title='bbox 746 3098 912 3168; x_wconf 78' lang='grc' dir='ltr'>κόψον</span> <span class='ocrx_word' id='word_1_347' title='bbox 944 3099 1052 3153; x_wconf 82' lang='grc' dir='ltr'>ἀπὸ</span> <span class='ocrx_word' id='word_1_348' title='bbox 1084 3100 1213 3154; x_wconf 79' lang='grc' dir='ltr'>σοῦ·</span> <span class='ocrx_word' id='word_1_349' title='bbox 1238 3099 1472 3154; x_wconf 81' lang='grc' dir='ltr'>κλαῦσον</span> <span class='ocrx_word' id='word_1_350' title='bbox 1516 3099 1573 3154; x_wconf 81' lang='grc' dir='ltr'>δὲ</span> <span class='ocrx_word' id='word_1_351' title='bbox 1617 3101 1710 3154; x_wconf 79' lang='grc' dir='ltr'>καὶ</span> 
     </span>
    </p>
   </div>
   <div class='ocr_carea' id='block_1_49' title="bbox 135 3166 1777 3261">
    <p class='ocr_par' dir='ltr' id='par_1_49' title="bbox 135 3166 1777 3261">
     <span class='ocr_line' id='line_1_49' title="bbox 135 3166 1777 3261; baseline 0.005 -23"><span class='ocrx_word' id='word_1_352' title='bbox 135 3166 418 3258; x_wconf 74' lang='grc' dir='ltr'>πένθησον,</span> <span class='ocrx_word' id='word_1_353' title='bbox 452 3166 533 3241; x_wconf 82' lang='grc' dir='ltr'>ὅτι</span> <span class='ocrx_word' id='word_1_354' title='bbox 557 3190 586 3241; x_wconf 91' lang='lat'><strong>6</strong></span> <span class='ocrx_word' id='word_1_355' title='bbox 614 3189 808 3261; x_wconf 80' lang='grc' dir='ltr'>καιρὸς</span> <span class='ocrx_word' id='word_1_356' title='bbox 828 3166 1085 3260; x_wconf 17' lang='grc' dir='ltr'>Ῠῆγγισεν.</span> <span class='ocrx_word' id='word_1_357' title='bbox 1735 3166 1777 3223; x_wconf 77' lang='lat' dir='ltr'><strong>C</strong></span> 
     </span>
    </p>
   </div>
   <div class='ocr_carea' id='block_1_50' title="bbox 198 3281 1705 3354">
    <p class='ocr_par' dir='ltr' id='par_1_50' title="bbox 198 3281 1705 3354">
     <span class='ocr_line' id='line_1_50' title="bbox 198 3281 1705 3354; baseline 0.003 -22"><span class='ocrx_word' id='word_1_358' title='bbox 198 3286 283 3348; x_wconf 79' lang='grc' dir='ltr'>ιγ’.</span> <span class='ocrx_word' id='word_1_359' title='bbox 322 3281 580 3350; x_wconf 76' lang='grc' dir='ltr'>Ἀδελφὸς</span> <span class='ocrx_word' id='word_1_360' title='bbox 603 3281 857 3354; x_wconf 71' lang='grc' dir='ltr'>ἠρώτησε</span> <span class='ocrx_word' id='word_1_361' title='bbox 895 3284 986 3336; x_wconf 89' lang='grc' dir='ltr'><strong>τὸν</strong></span> <span class='ocrx_word' id='word_1_362' title='bbox 1015 3283 1191 3336; x_wconf 76' lang='grc' dir='ltr'><strong>ἀῦϐᾶν</strong></span> <span class='ocrx_word' id='word_1_363' title='bbox 1220 3285 1464 3354; x_wconf 84' lang='grc' dir='ltr'>Ματόην,</span> <span class='ocrx_word' id='word_1_364' title='bbox 1499 3283 1705 3353; x_wconf 77' lang='grc' dir='ltr'>λέγων’</span> 
     </span>
    </p>
   </div>
   <div class='ocr_carea' id='block_1_51' title="bbox 136 3371 1708 3447">
    <p class='ocr_par' dir='ltr' id='par_1_51' title="bbox 136 3371 1708 3447">
     <span class='ocr_line' id='line_1_51' title="bbox 136 3371 1708 3447; baseline 0.004 -24"><span class='ocrx_word' id='word_1_365' title='bbox 136 3371 194 3423; x_wconf 78' lang='grc' dir='ltr'>Τί</span> <span class='ocrx_word' id='word_1_366' title='bbox 221 3374 465 3443; x_wconf 77' lang='grc' dir='ltr'>ποιήσω;</span> <span class='ocrx_word' id='word_1_367' title='bbox 494 3374 576 3425; x_wconf 82' lang='grc' dir='ltr'>ὅτι</span> <span class='ocrx_word' id='word_1_368' title='bbox 614 3375 647 3444; x_wconf 81' lang='grc' dir='ltr'>ἡ</span> <span class='ocrx_word' id='word_1_369' title='bbox 697 3373 918 3442; x_wconf 81' lang='grc' dir='ltr'>γλῶσσά</span> <span class='ocrx_word' id='word_1_370' title='bbox 968 3391 1072 3445; x_wconf 88' lang='grc' dir='ltr'><strong>μου</strong></span> <span class='ocrx_word' id='word_1_371' title='bbox 1117 3374 1288 3429; x_wconf 77' lang='grc' dir='ltr'>θλίϐει</span> <span class='ocrx_word' id='word_1_372' title='bbox 1319 3392 1418 3447; x_wconf 88' lang='grc' dir='ltr'>με·</span> <span class='ocrx_word' id='word_1_373' title='bbox 1449 3377 1542 3430; x_wconf 73' lang='grc' dir='ltr'><strong>καὶ</strong></span> <span class='ocrx_word' id='word_1_374' title='bbox 1579 3378 1708 3431; x_wconf 83' lang='grc' dir='ltr'>ὅταν</span> 
     </span>
    </p>
   </div>
   <div class='ocr_carea' id='block_1_52' title="bbox 137 3463 1709 3538">
    <p class='ocr_par' dir='ltr' id='par_1_52' title="bbox 137 3463 1709 3538">
     <span class='ocr_line' id='line_1_52' title="bbox 137 3463 1709 3538; baseline 0.004 -24"><span class='ocrx_word' id='word_1_375' title='bbox 137 3463 370 3534; x_wconf 73' lang='grc' dir='ltr'>ἕρχωμαι</span> <span class='ocrx_word' id='word_1_376' title='bbox 406 3466 465 3516; x_wconf 80' lang='grc' dir='ltr'>ἐν</span> <span class='ocrx_word' id='word_1_377' title='bbox 500 3464 653 3535; x_wconf 79' lang='grc' dir='ltr'>μέσῳ</span> <span class='ocrx_word' id='word_1_378' title='bbox 700 3465 812 3518; x_wconf 85' lang='grc' dir='ltr'><strong>τῶν</strong></span> <span class='ocrx_word' id='word_1_379' title='bbox 850 3465 1174 3536; x_wconf 86' lang='grc' dir='ltr'>ἀνθρώπων,</span> <span class='ocrx_word' id='word_1_380' title='bbox 1200 3467 1260 3520; x_wconf 83' lang='grc' dir='ltr'><strong>οὐ</strong></span> <span class='ocrx_word' id='word_1_381' title='bbox 1287 3466 1520 3538; x_wconf 84' lang='grc' dir='ltr'>δύναμαι</span> <span class='ocrx_word' id='word_1_382' title='bbox 1544 3485 1709 3520; x_wconf 87' lang='grc' dir='ltr'>κατα-</span> 
     </span>
    </p>
   </div>
   <div class='ocr_carea' id='block_1_53' title="bbox 140 3554 1707 3628">
    <p class='ocr_par' dir='ltr' id='par_1_53' title="bbox 140 3554 1707 3628">
     <span class='ocr_line' id='line_1_53' title="bbox 140 3554 1707 3628; baseline 0.001 -20"><span class='ocrx_word' id='word_1_383' title='bbox 140 3557 271 3624; x_wconf 81' lang='grc' dir='ltr'>σχεῖν</span> <span class='ocrx_word' id='word_1_384' title='bbox 292 3556 498 3625; x_wconf 76' lang='grc' dir='ltr'>αὑτήν’</span> <span class='ocrx_word' id='word_1_385' title='bbox 533 3554 668 3609; x_wconf 77' lang='grc' dir='ltr'>ἀλλὰ</span> <span class='ocrx_word' id='word_1_386' title='bbox 696 3555 1010 3627; x_wconf 86' lang='grc' dir='ltr'>κατακρίνω</span> <span class='ocrx_word' id='word_1_387' title='bbox 1054 3557 1250 3620; x_wconf 84' lang='grc' dir='ltr'>αὐτοὺς</span> <span class='ocrx_word' id='word_1_388' title='bbox 1280 3557 1337 3610; x_wconf 80' lang='grc' dir='ltr'>ὲν</span> <span class='ocrx_word' id='word_1_389' title='bbox 1366 3557 1529 3610; x_wconf 58' lang='grc' dir='ltr'><strong>παντὶ⁸</strong></span> <span class='ocrx_word' id='word_1_390' title='bbox 1561 3556 1707 3628; x_wconf 79' lang='grc' dir='ltr'>ἔργῳ</span> 
     </span>
    </p>
   </div>
   <div class='ocr_carea' id='block_1_54' title="bbox 137 3643 1709 3718">
    <p class='ocr_par' dir='ltr' id='par_1_54' title="bbox 137 3643 1709 3718">
     <span class='ocr_line' id='line_1_54' title="bbox 137 3643 1709 3718; baseline 0.001 -20"><span class='ocrx_word' id='word_1_391' title='bbox 137 3645 334 3718; x_wconf 81' lang='grc' dir='ltr'>ἀγαθῷ,</span> <span class='ocrx_word' id='word_1_392' title='bbox 363 3648 459 3700; x_wconf 71' lang='grc' dir='ltr'>καὶ</span> <span class='ocrx_word' id='word_1_393' title='bbox 480 3646 687 3717; x_wconf 74' lang='grc' dir='ltr'>ἐλέγχω</span> <span class='ocrx_word' id='word_1_394' title='bbox 704 3646 922 3710; x_wconf 81' lang='grc' dir='ltr'>αὐτούς.</span> <span class='ocrx_word' id='word_1_395' title='bbox 949 3646 1015 3700; x_wconf 89' lang='grc' dir='ltr'>Τί</span> <span class='ocrx_word' id='word_1_396' title='bbox 1041 3643 1131 3701; x_wconf 79' lang='grc' dir='ltr'><strong>οὖν</strong></span> <span class='ocrx_word' id='word_1_397' title='bbox 1164 3648 1408 3718; x_wconf 84' lang='grc' dir='ltr'>ποιήσω;</span> <span class='ocrx_word' id='word_1_398' title='bbox 1437 3648 1551 3700; x_wconf 84' lang='grc' dir='ltr'><strong>Καὶ</strong></span> <span class='ocrx_word' id='word_1_399' title='bbox 1574 3648 1709 3701; x_wconf 82' lang='grc' dir='ltr'>ἀπο-</span> 
     </span>
    </p>
   </div>
   <div class='ocr_carea' id='block_1_55' title="bbox 136 3732 1709 3809">
    <p class='ocr_par' dir='ltr' id='par_1_55' title="bbox 136 3732 1709 3809">
     <span class='ocr_line' id='line_1_55' title="bbox 136 3732 1709 3809; baseline -0.001 -18"><span class='ocrx_word' id='word_1_400' title='bbox 136 3737 333 3809; x_wconf 70' lang='grc' dir='ltr'>κριθεὶς</span> <span class='ocrx_word' id='word_1_401' title='bbox 353 3739 383 3789; x_wconf 88' lang='lat'><strong>6</strong></span> <span class='ocrx_word' id='word_1_402' title='bbox 421 3737 599 3807; x_wconf 83' lang='grc' dir='ltr'>γέρων</span> <span class='ocrx_word' id='word_1_403' title='bbox 631 3732 785 3790; x_wconf 75' lang='grc' dir='ltr'>εἶπεν</span> <span class='ocrx_word' id='word_1_404' title='bbox 806 3754 820 3768; x_wconf 89' lang='grc'><strong>·</strong></span> <span class='ocrx_word' id='word_1_405' title='bbox 853 3737 918 3790; x_wconf 81' lang='grc' dir='ltr'><strong>Εἰ</strong></span> <span class='ocrx_word' id='word_1_406' title='bbox 949 3738 1009 3790; x_wconf 82' lang='grc' dir='ltr'><strong>οὐ</strong></span> <span class='ocrx_word' id='word_1_407' title='bbox 1049 3736 1274 3792; x_wconf 85' lang='grc' dir='ltr'>δύνασαι</span> <span class='ocrx_word' id='word_1_408' title='bbox 1306 3737 1554 3808; x_wconf 79' lang='grc' dir='ltr'>κατέχειν</span> <span class='ocrx_word' id='word_1_409' title='bbox 1584 3738 1709 3791; x_wconf 78' lang='grc' dir='ltr'>ἐαυ-</span> 
     </span>
    </p>
   </div>
   <div class='ocr_carea' id='block_1_56' title="bbox 135 3829 1707 3902">
    <p class='ocr_par' dir='ltr' id='par_1_56' title="bbox 135 3829 1707 3902">
     <span class='ocr_line' id='line_1_56' title="bbox 135 3829 1707 3902; baseline 0.001 -20"><span class='ocrx_word' id='word_1_410' title='bbox 135 3830 234 3894; x_wconf 72' lang='grc' dir='ltr'>τὸν,</span> <span class='ocrx_word' id='word_1_411' title='bbox 268 3829 409 3899; x_wconf 72' lang='grc' dir='ltr'>φύγε</span> <span class='ocrx_word' id='word_1_412' title='bbox 433 3829 766 3901; x_wconf 80' lang='grc' dir='ltr'>καταμόνας.</span> <span class='ocrx_word' id='word_1_413' title='bbox 796 3829 1073 3883; x_wconf 83' lang='grc' dir='ltr'>Ἀσθένεια</span> <span class='ocrx_word' id='word_1_414' title='bbox 1088 3830 1195 3902; x_wconf 92' lang='grc' dir='ltr'><strong>γάρ</strong></span> <span class='ocrx_word' id='word_1_415' title='bbox 1215 3831 1380 3883; x_wconf 78' lang='grc' dir='ltr'>ἐστιν.</span> <span class='ocrx_word' id='word_1_416' title='bbox 1416 3829 1473 3882; x_wconf 89' lang='lat'><strong>&#39;0</strong></span> <span class='ocrx_word' id='word_1_417' title='bbox 1494 3830 1548 3882; x_wconf 87' lang='grc' dir='ltr'>δὲ</span> <span class='ocrx_word' id='word_1_418' title='bbox 1576 3829 1707 3884; x_wconf 87' lang='grc' dir='ltr'>καθ-</span> 
     </span>
    </p>
   </div>
   <div class='ocr_carea' id='block_1_57' title="bbox 136 3916 1704 3993">
    <p class='ocr_par' dir='ltr' id='par_1_57' title="bbox 136 3916 1704 3993">
     <span class='ocr_line' id='line_1_57' title="bbox 136 3916 1704 3993; baseline 0.001 -20"><span class='ocrx_word' id='word_1_419' title='bbox 136 3921 321 3992; x_wconf 72' lang='grc' dir='ltr'>ήμενος</span> <span class='ocrx_word' id='word_1_420' title='bbox 377 3921 519 3993; x_wconf 80' lang='grc' dir='ltr'>μετὰ</span> <span class='ocrx_word' id='word_1_421' title='bbox 570 3921 835 3992; x_wconf 79' lang='grc' dir='ltr'>ἀδελφῶν,</span> <span class='ocrx_word' id='word_1_422' title='bbox 867 3922 967 3975; x_wconf 75' lang='grc' dir='ltr'><strong>οὐκ</strong></span> <span class='ocrx_word' id='word_1_423' title='bbox 992 3921 1197 3992; x_wconf 74' lang='grc' dir='ltr'>ὀφείλει</span> <span class='ocrx_word' id='word_1_424' title='bbox 1238 3916 1379 3975; x_wconf 77' lang='grc' dir='ltr'>εἶναι</span> <span class='ocrx_word' id='word_1_425' title='bbox 1424 3938 1704 3993; x_wconf 87' lang='grc' dir='ltr'>τετραγω-</span> 
     </span>
    </p>
   </div>
   <div class='ocr_carea' id='block_1_58' title="bbox 137 4013 1703 4085">
    <p class='ocr_par' dir='ltr' id='par_1_58' title="bbox 137 4013 1703 4085">
     <span class='ocr_line' id='line_1_58' title="bbox 137 4013 1703 4085; baseline -0.001 -18"><span class='ocrx_word' id='word_1_426' title='bbox 137 4017 313 4079; x_wconf 84' lang='grc' dir='ltr'>νιαῖος,</span> <span class='ocrx_word' id='word_1_427' title='bbox 352 4014 491 4069; x_wconf 78' lang='grc' dir='ltr'>ἀλλὰ</span> <span class='ocrx_word' id='word_1_428' title='bbox 518 4014 870 4085; x_wconf 80' lang='grc' dir='ltr'>στρογγύλος,</span> <span class='ocrx_word' id='word_1_429' title='bbox 904 4014 991 4068; x_wconf 77' lang='grc' dir='ltr'>ἵνα</span> <span class='ocrx_word' id='word_1_430' title='bbox 1020 4015 1157 4085; x_wconf 87' lang='grc' dir='ltr'>πρὸς</span> <span class='ocrx_word' id='word_1_431' title='bbox 1202 4014 1407 4078; x_wconf 84' lang='grc' dir='ltr'>πάντας</span> <span class='ocrx_word' id='word_1_432' title='bbox 1430 4013 1703 4085; x_wconf 85' lang='grc' dir='ltr'>κυλίηται.</span> 
     </span>
    </p>
   </div>
   <div class='ocr_carea' id='block_1_59' title="bbox 143 4102 1710 4178">
    <p class='ocr_par' dir='ltr' id='par_1_59' title="bbox 143 4102 1710 4178">
     <span class='ocr_line' id='line_1_59' title="bbox 143 4102 1710 4178; baseline -0.001 -20"><span class='ocrx_word' id='word_1_433' title='bbox 143 4108 237 4162; x_wconf 73' lang='lat' dir='ltr'><strong>Kal.</strong></span> <span class='ocrx_word' id='word_1_434' title='bbox 262 4102 431 4161; x_wconf 83' lang='grc' dir='ltr'>εἶπεν</span> <span class='ocrx_word' id='word_1_435' title='bbox 472 4108 501 4160; x_wconf 92' lang='lat'><strong>6</strong></span> <span class='ocrx_word' id='word_1_436' title='bbox 523 4108 705 4178; x_wconf 77' lang='grc' dir='ltr'>γέρων</span> <span class='ocrx_word' id='word_1_437' title='bbox 724 4122 735 4136; x_wconf 91' lang='grc'>·</span> <span class='ocrx_word' id='word_1_438' title='bbox 769 4108 843 4159; x_wconf 81' lang='grc' dir='ltr'><strong>Οὐ</strong></span> <span class='ocrx_word' id='word_1_439' title='bbox 873 4106 1016 4159; x_wconf 82' lang='grc' dir='ltr'>κατὰ</span> <span class='ocrx_word' id='word_1_440' title='bbox 1046 4108 1246 4178; x_wconf 83' lang='grc' dir='ltr'>ἀρετὴν</span> <span class='ocrx_word' id='word_1_441' title='bbox 1276 4104 1520 4176; x_wconf 82' lang='grc' dir='ltr'>κάθημαι</span> <span class='ocrx_word' id='word_1_442' title='bbox 1552 4122 1710 4159; x_wconf 87' lang='grc' dir='ltr'>κατα-</span> 
     </span>
    </p>
   </div>
   <div class='ocr_carea' id='block_1_60' title="bbox 145 4195 1708 4266">
    <p class='ocr_par' dir='ltr' id='par_1_60' title="bbox 145 4195 1708 4266">
     <span class='ocr_line' id='line_1_60' title="bbox 145 4195 1708 4266; baseline -0.001 -15"><span class='ocrx_word' id='word_1_443' title='bbox 145 4198 315 4266; x_wconf 69' lang='grc' dir='ltr'>μόνας,</span> <span class='ocrx_word' id='word_1_444' title='bbox 347 4196 486 4251; x_wconf 79' lang='grc' dir='ltr'>ἀλλὰ</span> <span class='ocrx_word' id='word_1_445' title='bbox 522 4198 665 4250; x_wconf 81' lang='grc' dir='ltr'><strong>κατὰ</strong></span> <span class='ocrx_word' id='word_1_446' title='bbox 703 4196 1019 4251; x_wconf 58' lang='grc' dir='ltr'>ἀσθένειαν</span> <span class='ocrx_word' id='word_1_447' title='bbox 1047 4195 1265 4249; x_wconf 72' lang='grc' dir='ltr'>δυνατοὶ</span> <span class='ocrx_word' id='word_1_448' title='bbox 1308 4195 1417 4265; x_wconf 87' lang='grc' dir='ltr'><strong>γάρ</strong></span> <span class='ocrx_word' id='word_1_449' title='bbox 1469 4197 1627 4261; x_wconf 78' lang='grc' dir='ltr'>εἰσιν,</span> <span class='ocrx_word' id='word_1_450' title='bbox 1660 4197 1708 4249; x_wconf 78' lang='grc' dir='ltr'><strong>οἱ</strong></span> 
     </span>
    </p>
   </div>
   <div class='ocr_carea' id='block_1_61' title="bbox 146 4288 1305 4362">
    <p class='ocr_par' dir='ltr' id='par_1_61' title="bbox 146 4288 1305 4362">
     <span class='ocr_line' id='line_1_61' title="bbox 146 4288 1305 4362; baseline 0.003 -23"><span class='ocrx_word' id='word_1_451' title='bbox 146 4290 423 4362; x_wconf 63' lang='grc' dir='ltr'>ἐρχόμενοι</span> <span class='ocrx_word' id='word_1_452' title='bbox 449 4292 532 4352; x_wconf 85' lang='grc' dir='ltr'><strong>είς</strong></span> <span class='ocrx_word' id='word_1_453' title='bbox 553 4290 617 4343; x_wconf 78' lang='lat'><strong>:6</strong></span> <span class='ocrx_word' id='word_1_454' title='bbox 649 4290 814 4362; x_wconf 85' lang='grc' dir='ltr'>μέσον</span> <span class='ocrx_word' id='word_1_455' title='bbox 847 4289 956 4343; x_wconf 86' lang='grc' dir='ltr'><strong>τῶν</strong></span> <span class='ocrx_word' id='word_1_456' title='bbox 980 4288 1305 4359; x_wconf 83' lang='grc' dir='ltr'>ἀνθρώπων.</span> 
     </span>
    </p>
   </div>
   <div class='ocr_carea' id='block_1_62' title="bbox 245 4489 1787 4562">
    <p class='ocr_par' dir='ltr' id='par_1_62' title="bbox 245 4489 1787 4562">
     <span class='ocr_line' id='line_1_62' title="bbox 245 4489 1787 4562; baseline 0.003 -17"><span class='ocrx_word' id='word_1_457' title='bbox 245 4490 387 4562; x_wconf 76' lang='grc' dir='ltr'>Περὶ</span> <span class='ocrx_word' id='word_1_458' title='bbox 414 4491 525 4546; x_wconf 86' lang='grc' dir='ltr'>τοῦ</span> <span class='ocrx_word' id='word_1_459' title='bbox 549 4489 701 4546; x_wconf 78' lang='grc' dir='ltr'><strong>ἀϐὄᾶ</strong></span> <span class='ocrx_word' id='word_1_460' title='bbox 727 4490 977 4558; x_wconf 81' lang='grc' dir='ltr'>Μάρκου</span> <span class='ocrx_word' id='word_1_461' title='bbox 997 4490 1267 4562; x_wconf 75' lang='grc' dir='ltr'>μαθητοῦ</span> <span class='ocrx_word' id='word_1_462' title='bbox 1288 4489 1393 4545; x_wconf 85' lang='grc' dir='ltr'>τοῦ</span> <span class='ocrx_word' id='word_1_463' title='bbox 1423 4490 1582 4549; x_wconf 81' lang='grc' dir='ltr'><strong>ἀϐϐᾶ</strong></span> <span class='ocrx_word' id='word_1_464' title='bbox 1742 4498 1787 4554; x_wconf 82' lang='grc' dir='ltr'><strong>ῐ)</strong></span> 
     </span>
    </p>
   </div>
   <div class='ocr_carea' id='block_1_63' title="bbox 728 4561 1084 4614">
    <p class='ocr_par' dir='ltr' id='par_1_63' title="bbox 728 4561 1084 4614">
     <span class='ocr_line' id='line_1_63' title="bbox 728 4561 1084 4614; baseline -0.003 0"><span class='ocrx_word' id='word_1_465' title='bbox 728 4561 1084 4614; x_wconf 81' lang='grc' dir='ltr'>Σιλουανοῦ.</span> 
     </span>
    </p>
   </div>
   <div class='ocr_carea' id='block_1_64' title="bbox 205 4648 1716 4725">
    <p class='ocr_par' dir='ltr' id='par_1_64' title="bbox 205 4648 1716 4725">
     <span class='ocr_line' id='line_1_64' title="bbox 205 4648 1716 4725; baseline -0.002 -16"><span class='ocrx_word' id='word_1_466' title='bbox 205 4659 268 4709; x_wconf 81' lang='grc' dir='ltr'>α’.</span> <span class='ocrx_word' id='word_1_467' title='bbox 308 4653 536 4721; x_wconf 83' lang='grc' dir='ltr'>Ἔλεγον</span> <span class='ocrx_word' id='word_1_468' title='bbox 562 4653 691 4724; x_wconf 71' lang='grc' dir='ltr'>περὶ</span> <span class='ocrx_word' id='word_1_469' title='bbox 718 4653 814 4705; x_wconf 82' lang='grc' dir='ltr'>τοῦ</span> <span class='ocrx_word' id='word_1_470' title='bbox 845 4651 989 4707; x_wconf 74' lang='grc' dir='ltr'>ἀδεᾶ</span> <span class='ocrx_word' id='word_1_471' title='bbox 1017 4652 1326 4718; x_wconf 81' lang='grc' dir='ltr'>Σιλουανοῦ,</span> <span class='ocrx_word' id='word_1_472' title='bbox 1366 4652 1447 4706; x_wconf 84' lang='grc' dir='ltr'>ὅτι</span> <span class='ocrx_word' id='word_1_473' title='bbox 1468 4648 1578 4724; x_wconf 81' lang='grc' dir='ltr'>εἶχε</span> <span class='ocrx_word' id='word_1_474' title='bbox 1611 4671 1716 4725; x_wconf 85' lang='grc' dir='ltr'>μα-</span> 
     </span>
    </p>
   </div>
   <div class='ocr_carea' id='block_1_65' title="bbox 146 4738 1717 4815">
    <p class='ocr_par' dir='ltr' id='par_1_65' title="bbox 146 4738 1717 4815">
     <span class='ocr_line' id='line_1_65' title="bbox 146 4738 1717 4815; baseline -0.001 -18"><span class='ocrx_word' id='word_1_475' title='bbox 146 4741 294 4815; x_wconf 75' lang='grc' dir='ltr'>θητὴν</span> <span class='ocrx_word' id='word_1_476' title='bbox 328 4743 388 4795; x_wconf 79' lang='grc' dir='ltr'>ὲν</span> <span class='ocrx_word' id='word_1_477' title='bbox 417 4742 639 4814; x_wconf 76' lang='grc' dir='ltr'>Σκήτει,</span> <span class='ocrx_word' id='word_1_478' title='bbox 688 4742 916 4813; x_wconf 84' lang='grc' dir='ltr'>Μάρκον</span> <span class='ocrx_word' id='word_1_479' title='bbox 952 4741 1179 4813; x_wconf 77' lang='grc' dir='ltr'>ὀνόματι</span> <span class='ocrx_word' id='word_1_480' title='bbox 1201 4758 1215 4773; x_wconf 87' lang='grc'><strong>·</strong></span> <span class='ocrx_word' id='word_1_481' title='bbox 1244 4738 1311 4813; x_wconf 74' lang='grc' dir='ltr'>ἦν</span> <span class='ocrx_word' id='word_1_482' title='bbox 1350 4741 1407 4796; x_wconf 82' lang='grc' dir='ltr'>δὲ</span> <span class='ocrx_word' id='word_1_483' title='bbox 1447 4741 1584 4813; x_wconf 80' lang='grc' dir='ltr'>ἔχων</span> <span class='ocrx_word' id='word_1_484' title='bbox 1620 4743 1717 4795; x_wconf 83' lang='grc' dir='ltr'><strong>ὁπ-</strong></span> 
     </span>
    </p>
   </div>
   <div class='ocr_carea' id='block_1_66' title="bbox 148 4825 1710 4906">
    <p class='ocr_par' dir='ltr' id='par_1_66' title="bbox 148 4825 1710 4906">
     <span class='ocr_line' id='line_1_66' title="bbox 148 4825 1710 4906; baseline 0.003 -22"><span class='ocrx_word' id='word_1_485' title='bbox 148 4836 295 4906; x_wconf 71' lang='grc' dir='ltr'>ακοὴν</span> <span class='ocrx_word' id='word_1_486' title='bbox 331 4830 728 4906; x_wconf 70' lang='grc' dir='ltr'>μεγάλην,’κα“ι</span> <span class='ocrx_word' id='word_1_487' title='bbox 755 4828 823 4906; x_wconf 81' lang='grc' dir='ltr'>ἦν</span> <span class='ocrx_word' id='word_1_488' title='bbox 850 4834 1218 4906; x_wconf 75' lang='grc' dir='ltr'>καλλιγράφύς</span> <span class='ocrx_word' id='word_1_489' title='bbox 1244 4825 1375 4904; x_wconf 71' lang='grc'><strong>(42).</strong></span> <span class='ocrx_word' id='word_1_490' title='bbox 1412 4834 1629 4903; x_wconf 82' lang='grc' dir='ltr'>Ἠγάπα</span> <span class='ocrx_word' id='word_1_491' title='bbox 1653 4835 1710 4888; x_wconf 82' lang='grc' dir='ltr'><strong>δὲ</strong></span> 
     </span>
    </p>
   </div>
   <div class='ocr_carea' id='block_1_67' title="bbox 149 4922 1708 4997">
    <p class='ocr_par' dir='ltr' id='par_1_67' title="bbox 149 4922 1708 4997">
     <span class='ocr_line' id='line_1_67' title="bbox 149 4922 1708 4997; baseline -0.001 -18"><span class='ocrx_word' id='word_1_492' title='bbox 149 4925 294 4979; x_wconf 76' lang='grc' dir='ltr'>αὐτὸν</span> <span class='ocrx_word' id='word_1_493' title='bbox 324 4927 356 4979; x_wconf 84' lang='grc' dir='ltr'><strong>ὁ</strong></span> <span class='ocrx_word' id='word_1_494' title='bbox 385 4925 566 4997; x_wconf 78' lang='grc' dir='ltr'>γέρων</span> <span class='ocrx_word' id='word_1_495' title='bbox 596 4924 685 4979; x_wconf 83' lang='grc' dir='ltr'><strong>διὰ</strong></span> <span class='ocrx_word' id='word_1_496' title='bbox 711 4925 807 4997; x_wconf 80' lang='grc' dir='ltr'><strong>τὴν</strong></span> <span class='ocrx_word' id='word_1_497' title='bbox 842 4925 1088 4997; x_wconf 76' lang='grc' dir='ltr'>ὑπακοὴν</span> <span class='ocrx_word' id='word_1_498' title='bbox 1120 4925 1305 4980; x_wconf 80' lang='grc' dir='ltr'>αὑτοῦ.</span> <span class='ocrx_word' id='word_1_499' title='bbox 1342 4922 1470 4997; x_wconf 78' lang='grc' dir='ltr'>Εῐχε</span> <span class='ocrx_word' id='word_1_500' title='bbox 1524 4925 1581 4979; x_wconf 82' lang='grc' dir='ltr'>δὲ</span> <span class='ocrx_word' id='word_1_501' title='bbox 1612 4926 1708 4979; x_wconf 78' lang='grc' dir='ltr'><strong>ἄλ-</strong></span> 
     </span>
    </p>
   </div>
   <div class='ocr_carea' id='block_1_68' title="bbox 145 5014 1709 5089">
    <p class='ocr_par' dir='ltr' id='par_1_68' title="bbox 145 5014 1709 5089">
     <span class='ocr_line' id='line_1_68' title="bbox 145 5014 1709 5089; baseline 0.003 -23"><span class='ocrx_word' id='word_1_502' title='bbox 145 5014 250 5081; x_wconf 65' lang='grc' dir='ltr'>λους</span> <span class='ocrx_word' id='word_1_503' title='bbox 270 5016 468 5073; x_wconf 69' lang='grc' dir='ltr'>ἕνδεκα</span> <span class='ocrx_word' id='word_1_504' title='bbox 495 5016 764 5089; x_wconf 79' lang='grc' dir='ltr'>μαθητὰς,</span> <span class='ocrx_word' id='word_1_505' title='bbox 790 5017 883 5070; x_wconf 74' lang='grc' dir='ltr'>καὶ</span> <span class='ocrx_word' id='word_1_506' title='bbox 906 5017 1201 5081; x_wconf 73' lang='grc' dir='ltr'>ἐθλίϐοντο,</span> <span class='ocrx_word' id='word_1_507' title='bbox 1219 5019 1301 5071; x_wconf 83' lang='grc' dir='ltr'>ὅτι</span> <span class='ocrx_word' id='word_1_508' title='bbox 1332 5018 1524 5087; x_wconf 70' lang='grc' dir='ltr'>ἠγάπα</span> <span class='ocrx_word' id='word_1_509' title='bbox 1546 5018 1709 5072; x_wconf 78' lang='grc' dir='ltr'>αὑτὸν</span> 
     </span>
    </p>
   </div>
   <div class='ocr_carea' id='block_1_69' title="bbox 147 5104 1708 5183">
    <p class='ocr_par' dir='ltr' id='par_1_69' title="bbox 147 5104 1708 5183">
     <span class='ocr_line' id='line_1_69' title="bbox 147 5104 1708 5183; baseline 0.003 -25"><span class='ocrx_word' id='word_1_510' title='bbox 147 5104 268 5181; x_wconf 78' lang='grc' dir='ltr'>ὑπὲρ</span> <span class='ocrx_word' id='word_1_511' title='bbox 287 5107 509 5172; x_wconf 82' lang='grc' dir='ltr'>αὐτούς.</span> <span class='ocrx_word' id='word_1_512' title='bbox 544 5109 655 5161; x_wconf 77' lang='lat' dir='ltr'><strong>Kal</strong></span> <span class='ocrx_word' id='word_1_513' title='bbox 682 5108 1019 5173; x_wconf 83' lang='grc' dir='ltr'>ἀκούσαντες</span> <span class='ocrx_word' id='word_1_514' title='bbox 1044 5110 1093 5163; x_wconf 80' lang='grc' dir='ltr'>οἱ</span> <span class='ocrx_word' id='word_1_515' title='bbox 1124 5109 1396 5179; x_wconf 79' lang='grc' dir='ltr'>γέροντες,</span> <span class='ocrx_word' id='word_1_516' title='bbox 1442 5108 1708 5183; x_wconf 80' lang='grc' dir='ltr'>ἐλυπήθη-</span> 
     </span>
    </p>
   </div>
   <div class='ocr_carea' id='block_1_70' title="bbox 147 5196 1709 5271">
    <p class='ocr_par' dir='ltr' id='par_1_70' title="bbox 147 5196 1709 5271">
     <span class='ocr_line' id='line_1_70' title="bbox 147 5196 1709 5271; baseline 0.004 -23"><span class='ocrx_word' id='word_1_517' title='bbox 147 5212 247 5252; x_wconf 72' lang='grc' dir='ltr'>σαν.</span> <span class='ocrx_word' id='word_1_518' title='bbox 276 5196 485 5253; x_wconf 86' lang='grc' dir='ltr'>Ἦλθον</span> <span class='ocrx_word' id='word_1_519' title='bbox 518 5198 576 5252; x_wconf 84' lang='grc' dir='ltr'>δὲ</span> <span class='ocrx_word' id='word_1_520' title='bbox 619 5201 677 5252; x_wconf 83' lang='grc' dir='ltr'>ὲν</span> <span class='ocrx_word' id='word_1_521' title='bbox 722 5201 821 5270; x_wconf 81' lang='grc' dir='ltr'>μιᾷ</span> <span class='ocrx_word' id='word_1_522' title='bbox 867 5198 1003 5271; x_wconf 85' lang='grc' dir='ltr'>πρὸς</span> <span class='ocrx_word' id='word_1_523' title='bbox 1032 5200 1193 5253; x_wconf 80' lang='grc' dir='ltr'>αὐτὸν</span> <span class='ocrx_word' id='word_1_524' title='bbox 1222 5201 1270 5252; x_wconf 81' lang='lat' dir='ltr'><em>0i</em></span> <span class='ocrx_word' id='word_1_525' title='bbox 1296 5199 1572 5271; x_wconf 81' lang='grc' dir='ltr'>γέροντες,</span> <span class='ocrx_word' id='word_1_526' title='bbox 1615 5202 1709 5254; x_wconf 67' lang='grc' dir='ltr'><strong>καὶ</strong></span> 
     </span>
    </p>
   </div>
   <div class='ocr_carea' id='block_1_71' title="bbox 201 5289 756 5361">
    <p class='ocr_par' dir='ltr' id='par_1_71' title="bbox 201 5289 756 5361">
     <span class='ocr_line' id='line_1_71' title="bbox 201 5289 756 5361; baseline -0.004 -16"><span class='ocrx_word' id='word_1_527' title='bbox 201 5289 244 5322; x_wconf 81' lang='grc'><em>’³</em></span> <span class='ocrx_word' id='word_1_528' title='bbox 282 5291 370 5346; x_wconf 81' lang='lat' dir='ltr'><strong>AI.</strong></span> <span class='ocrx_word' id='word_1_529' title='bbox 398 5291 567 5347; x_wconf 87' lang='lat' dir='ltr'><strong>inser.</strong></span> <span class='ocrx_word' id='word_1_530' title='bbox 593 5290 756 5361; x_wconf 86' lang='grc' dir='ltr'>τάχα.</span> 
     </span>
    </p>
   </div>
   <div class='ocr_carea' id='block_1_72' title="bbox 206 5359 1743 5451">
    <p class='ocr_par' dir='ltr' id='par_1_72' title="bbox 206 5359 1743 5451">
     <span class='ocr_line' id='line_1_72' title="bbox 206 5359 1743 5451; baseline 0.004 -18"><span class='ocrx_word' id='word_1_531' title='bbox 206 5379 312 5450; x_wconf 69' lang='grc' dir='ltr'><strong>,ιῖ)</strong></span> <span class='ocrx_word' id='word_1_532' title='bbox 358 5359 806 5451; x_wconf 59' lang='grc' dir='ltr'>Καλλιτράέοος.</span> <span class='ocrx_word' id='word_1_533' title='bbox 854 5380 936 5436; x_wconf 87' lang='lat' dir='ltr'><strong>Ex</strong></span> <span class='ocrx_word' id='word_1_534' title='bbox 975 5383 1145 5439; x_wconf 85' lang='lat' dir='ltr'><strong>veteri</strong></span> <span class='ocrx_word' id='word_1_535' title='bbox 1201 5389 1255 5437; x_wconf 90' lang='lat' dir='ltr'><strong>et</strong></span> <span class='ocrx_word' id='word_1_536' title='bbox 1306 5390 1437 5437; x_wconf 90' lang='lat' dir='ltr'><strong>noto</strong></span> <span class='ocrx_word' id='word_1_537' title='bbox 1486 5359 1743 5440; x_wconf 33' lang='lat' dir='ltr'><strong>nomine.</strong></span> 
     </span>
    </p>
   </div>
   <div class='ocr_carea' id='block_1_73' title="bbox 143 5451 1705 5524">
    <p class='ocr_par' dir='ltr' id='par_1_73' title="bbox 143 5451 1705 5524">
     <span class='ocr_line' id='line_1_73' title="bbox 143 5451 1705 5524; baseline 0.003 -20"><span class='ocrx_word' id='word_1_538' title='bbox 143 5453 375 5524; x_wconf 75' lang='lat' dir='ltr'><strong>occurrit</strong></span> <span class='ocrx_word' id='word_1_539' title='bbox 411 5453 549 5506; x_wconf 84' lang='lat' dir='ltr'><strong>mihi</strong></span> <span class='ocrx_word' id='word_1_540' title='bbox 590 5454 890 5524; x_wconf 78' lang='lat' dir='ltr'><strong>recentius</strong></span> <span class='ocrx_word' id='word_1_541' title='bbox 915 5467 980 5508; x_wconf 87' lang='lat' dir='ltr'><strong>ac</strong></span> <span class='ocrx_word' id='word_1_542' title='bbox 1025 5453 1286 5524; x_wconf 84' lang='lat' dir='ltr'><strong>ignotius,</strong></span> <span class='ocrx_word' id='word_1_543' title='bbox 1335 5451 1480 5524; x_wconf 90' lang='lat' dir='ltr'><strong>quod</strong></span> <span class='ocrx_word' id='word_1_544' title='bbox 1517 5455 1618 5523; x_wconf 86' lang='lat' dir='ltr'><strong>legi</strong></span> <span class='ocrx_word' id='word_1_545' title='bbox 1652 5457 1705 5509; x_wconf 91' lang='lat' dir='ltr'><strong>in</strong></span> 
     </span>
    </p>
   </div>
   <div class='ocr_carea' id='block_1_74' title="bbox 142 5521 1710 5645">
    <p class='ocr_par' dir='ltr' id='par_1_74' title="bbox 142 5521 1710 5645">
     <span class='ocr_line' id='line_1_74' title="bbox 142 5521 1710 5643; baseline 0.007 -72"><span class='ocrx_word' id='word_1_546' title='bbox 142 5521 403 5643; x_wconf 42' lang='lat' dir='ltr'><strong>{gelatis</strong></span> <span class='ocrx_word' id='word_1_547' title='bbox 438 5522 699 5578; x_wconf 78' lang='lat' dir='ltr'><strong>veteribus</strong></span> <span class='ocrx_word' id='word_1_548' title='bbox 733 5521 1189 5579; x_wconf 79' lang='lat' dir='ltr'><strong>Mabilloniitom.</strong></span> <span class='ocrx_word' id='word_1_549' title='bbox 1218 5522 1257 5588; x_wconf 92' lang='lat' dir='ltr'><strong>I,</strong></span> <span class='ocrx_word' id='word_1_550' title='bbox 1278 5521 1488 5594; x_wconf 55' lang='lat' dir='ltr'><strong>p.150,</strong></span> <span class='ocrx_word' id='word_1_551' title='bbox 1524 5521 1710 5581; x_wconf 52' lang='lat' dir='ltr'><strong>in&#39;isto</strong></span> 
     </span>
     <span class='ocr_line' id='line_1_75' title="bbox 162 5606 332 5645; baseline 0.006 -1"><span class='ocrx_word' id='word_1_552' title='bbox 162 5606 169 5615; x_wconf 82' lang='lat'><strong><em>&#39;</em></strong></span> <span class='ocrx_word' id='word_1_553' title='bbox 227 5606 332 5645; x_wconf 90' lang='lat' dir='ltr'><strong>su:</strong></span> 
     </span>
    </p>
   </div>
   <div class='ocr_carea' id='block_1_75' title="bbox 281 5661 1545 5738">
    <p class='ocr_par' dir='ltr' id='par_1_75' title="bbox 281 5661 1545 5738">
     <span class='ocr_line' id='line_1_76' title="bbox 281 5661 1545 5738; baseline 0.004 -23"><span class='ocrx_word' id='word_1_554' title='bbox 281 5661 397 5719; x_wconf 83' lang='lat' dir='ltr'><strong>Hoc</strong></span> <span class='ocrx_word' id='word_1_555' title='bbox 416 5679 622 5735; x_wconf 76' lang='lat' dir='ltr'><strong>quoque</strong></span> <span class='ocrx_word' id='word_1_556' title='bbox 647 5664 877 5735; x_wconf 76' lang='lat' dir='ltr'><strong>perlecta</strong></span> <span class='ocrx_word' id='word_1_557' title='bbox 911 5663 1182 5719; x_wconf 73' lang='lat' dir='ltr'><strong>verborum</strong></span> <span class='ocrx_word' id='word_1_558' title='bbox 1215 5663 1545 5738; x_wconf 77' lang='lat' dir='ltr'><strong>callicinato.</strong></span> 
     </span>
    </p>
   </div>
   <div class='ocr_carea' id='block_1_76' title="bbox 143 5747 1705 5829">
    <p class='ocr_par' dir='ltr' id='par_1_76' title="bbox 143 5747 1705 5829">
     <span class='ocr_line' id='line_1_77' title="bbox 143 5747 1705 5829; baseline 0.002 -20"><span class='ocrx_word' id='word_1_559' title='bbox 143 5747 397 5812; x_wconf 52' lang='lat' dir='ltr'><strong>Existimo</strong></span> <span class='ocrx_word' id='word_1_560' title='bbox 421 5765 628 5826; x_wconf 84' lang='lat' dir='ltr'><strong>autem,</strong></span> <span class='ocrx_word' id='word_1_561' title='bbox 660 5770 773 5814; x_wconf 87' lang='lat' dir='ltr'><strong>non</strong></span> <span class='ocrx_word' id='word_1_562' title='bbox 802 5756 1173 5828; x_wconf 86' lang='lat' dir='ltr'><strong>improbabili,</strong></span> <span class='ocrx_word' id='word_1_563' title='bbox 1200 5755 1274 5823; x_wconf 92' lang='lat' dir='ltr'><strong>ni_</strong></span> <span class='ocrx_word' id='word_1_564' title='bbox 1291 5754 1467 5823; x_wconf 84' lang='lat' dir='ltr'><strong>fallor,</strong></span> <span class='ocrx_word' id='word_1_565' title='bbox 1520 5755 1705 5829; x_wconf 85' lang='lat' dir='ltr'><strong>conje-</strong></span> 
     </span>
    </p>
   </div>
   <div class='ocr_carea' id='block_1_77' title="bbox 1810 1912 3392 1985">
    <p class='ocr_par' dir='ltr' id='par_1_77' title="bbox 1810 1912 3392 1985">
     <span class='ocr_line' id='line_1_78' title="bbox 1810 1912 3392 1985; baseline 0.008 -20"><span class='ocrx_word' id='word_1_566' title='bbox 1810 1920 1942 1967; x_wconf 90' lang='lat' dir='ltr'><strong>tcm.</strong></span> <span class='ocrx_word' id='word_1_567' title='bbox 1997 1912 2231 1968; x_wconf 88' lang='lat' dir='ltr'><strong>Attende</strong></span> <span class='ocrx_word' id='word_1_568' title='bbox 2281 1929 2502 1984; x_wconf 88' lang='lat' dir='ltr'><strong>semper</strong></span> <span class='ocrx_word' id='word_1_569' title='bbox 2549 1915 2616 1969; x_wconf 86' lang='lat' dir='ltr'><strong>ad</strong></span> <span class='ocrx_word' id='word_1_570' title='bbox 2666 1925 2887 1985; x_wconf 87' lang='lat' dir='ltr'><strong>peccata</strong></span> <span class='ocrx_word' id='word_1_571' title='bbox 2942 1928 3057 1972; x_wconf 88' lang='lat' dir='ltr'><strong>tua.</strong></span> <span class='ocrx_word' id='word_1_572' title='bbox 3113 1918 3266 1976; x_wconf 78' lang='lat' dir='ltr'><strong>Alios</strong></span> <span class='ocrx_word' id='word_1_573' title='bbox 3319 1936 3392 1977; x_wconf 82' lang='lat' dir='ltr'><strong>ne</strong></span> 
     </span>
    </p>
   </div>
   <div class='ocr_carea' id='block_1_78' title="bbox 1804 2002 3392 2077">
    <p class='ocr_par' dir='ltr' id='par_1_78' title="bbox 1804 2002 3392 2077">
     <span class='ocr_line' id='line_1_79' title="bbox 1804 2002 3392 2077; baseline 0.008 -22"><span class='ocrx_word' id='word_1_574' title='bbox 1804 2002 2029 2073; x_wconf 85' lang='lat' dir='ltr'><strong>judica,</strong></span> <span class='ocrx_word' id='word_1_575' title='bbox 2079 2002 2175 2059; x_wconf 86' lang='lat' dir='ltr'><strong>sed</strong></span> <span class='ocrx_word' id='word_1_576' title='bbox 2208 2004 2313 2059; x_wconf 90' lang='lat' dir='ltr'><strong>sub</strong></span> <span class='ocrx_word' id='word_1_577' title='bbox 2354 2006 2610 2061; x_wconf 90' lang='lat' dir='ltr'><strong>omnibus</strong></span> <span class='ocrx_word' id='word_1_578' title='bbox 2661 2013 2715 2063; x_wconf 88' lang='lat' dir='ltr'><strong>te</strong></span> <span class='ocrx_word' id='word_1_579' title='bbox 2758 2010 2966 2077; x_wconf 90' lang='lat' dir='ltr'><strong>ponito.</strong></span> <span class='ocrx_word' id='word_1_580' title='bbox 3014 2007 3135 2063; x_wconf 84' lang='lat' dir='ltr'><strong>Noli</strong></span> <span class='ocrx_word' id='word_1_581' title='bbox 3187 2010 3392 2067; x_wconf 84' lang='lat' dir='ltr'><strong>habere</strong></span> 
     </span>
    </p>
   </div>
   <div class='ocr_carea' id='block_1_79' title="bbox 1809 2092 3391 2172">
    <p class='ocr_par' dir='ltr' id='par_1_79' title="bbox 1809 2092 3391 2172">
     <span class='ocr_line' id='line_1_80' title="bbox 1809 2092 3391 2172; baseline 0.007 -24"><span class='ocrx_word' id='word_1_582' title='bbox 1809 2092 2103 2150; x_wconf 85' lang='lat' dir='ltr'><strong>amicitiam</strong></span> <span class='ocrx_word' id='word_1_583' title='bbox 2135 2111 2259 2151; x_wconf 91' lang='lat' dir='ltr'><strong>cum</strong></span> <span class='ocrx_word' id='word_1_584' title='bbox 2283 2113 2475 2167; x_wconf 89' lang='lat' dir='ltr'><strong>puero,</strong></span> <span class='ocrx_word' id='word_1_585' title='bbox 2502 2113 2680 2170; x_wconf 87' lang='lat' dir='ltr'><strong>neque</strong></span> <span class='ocrx_word' id='word_1_586' title='bbox 2708 2100 2960 2155; x_wconf 88' lang='lat' dir='ltr'><strong>notitiam</strong></span> <span class='ocrx_word' id='word_1_587' title='bbox 2986 2117 3110 2156; x_wconf 88' lang='lat' dir='ltr'><strong>cum</strong></span> <span class='ocrx_word' id='word_1_588' title='bbox 3134 2102 3391 2172; x_wconf 86' lang='lat' dir='ltr'><strong>muliere;</strong></span> 
     </span>
    </p>
   </div>
   <div class='ocr_carea' id='block_1_80' title="bbox 1806 2188 3391 2251">
    <p class='ocr_par' dir='ltr' id='par_1_80' title="bbox 1806 2188 3391 2251">
     <span class='ocr_line' id='line_1_81' title="bbox 1806 2188 3391 2251; baseline 0.005 -10"><span class='ocrx_word' id='word_1_589' title='bbox 1806 2202 1912 2242; x_wconf 90' lang='lat' dir='ltr'><strong>nec</strong></span> <span class='ocrx_word' id='word_1_590' title='bbox 1946 2188 2179 2243; x_wconf 91' lang='lat' dir='ltr'><strong>amicum</strong></span> <span class='ocrx_word' id='word_1_591' title='bbox 2215 2189 2418 2246; x_wconf 88' lang='lat' dir='ltr'><strong>habeas</strong></span> <span class='ocrx_word' id='word_1_592' title='bbox 2463 2190 2803 2247; x_wconf 77' lang='lat' dir='ltr'><strong>haereticum.</strong></span> <span class='ocrx_word' id='word_1_593' title='bbox 2839 2192 3115 2249; x_wconf 82' lang='lat' dir='ltr'><strong>Abscinde</strong></span> <span class='ocrx_word' id='word_1_594' title='bbox 3152 2208 3184 2248; x_wconf 92' lang='lat' dir='ltr'><strong>a</strong></span> <span class='ocrx_word' id='word_1_595' title='bbox 3226 2203 3280 2251; x_wconf 91' lang='lat' dir='ltr'><strong>te</strong></span> <span class='ocrx_word' id='word_1_596' title='bbox 3325 2196 3391 2249; x_wconf 82' lang='lat' dir='ltr'><strong>ti-</strong></span> 
     </span>
    </p>
   </div>
   <div class='ocr_carea' id='block_1_81' title="bbox 1807 2279 3391 2359">
    <p class='ocr_par' dir='ltr' id='par_1_81' title="bbox 1807 2279 3391 2359">
     <span class='ocr_line' id='line_1_82' title="bbox 1807 2279 3391 2359; baseline 0.006 -25"><span class='ocrx_word' id='word_1_597' title='bbox 1807 2279 2023 2335; x_wconf 87' lang='lat' dir='ltr'><strong>duciam</strong></span> <span class='ocrx_word' id='word_1_598' title='bbox 2068 2280 2435 2353; x_wconf 90' lang='lat' dir='ltr'><strong>loquendique</strong></span> <span class='ocrx_word' id='word_1_599' title='bbox 2490 2284 2819 2340; x_wconf 84' lang='lat' dir='ltr'><strong>libertatem.</strong></span> <span class='ocrx_word' id='word_1_600' title='bbox 2871 2284 3106 2341; x_wconf 82' lang='lat' dir='ltr'><strong>Contine</strong></span> <span class='ocrx_word' id='word_1_601' title='bbox 3149 2287 3391 2359; x_wconf 77' lang='lat' dir='ltr'><strong>linguam</strong></span> 
     </span>
    </p>
   </div>
   <div class='ocr_carea' id='block_1_82' title="bbox 1808 2376 3393 2449">
    <p class='ocr_par' dir='ltr' id='par_1_82' title="bbox 1808 2376 3393 2449">
     <span class='ocr_line' id='line_1_83' title="bbox 1808 2376 3393 2449; baseline 0.007 -24"><span class='ocrx_word' id='word_1_602' title='bbox 1808 2380 2184 2443; x_wconf 82' lang='lat' dir='ltr'><strong>ventremque,</strong></span> <span class='ocrx_word' id='word_1_603' title='bbox 2212 2388 2277 2429; x_wconf 90' lang='lat' dir='ltr'><strong>ac</strong></span> <span class='ocrx_word' id='word_1_604' title='bbox 2313 2376 2532 2431; x_wconf 91' lang='lat' dir='ltr'><strong>modico</strong></span> <span class='ocrx_word' id='word_1_605' title='bbox 2560 2376 2690 2431; x_wconf 88' lang='lat' dir='ltr'><strong>vino</strong></span> <span class='ocrx_word' id='word_1_606' title='bbox 2725 2385 2899 2434; x_wconf 92' lang='lat' dir='ltr'><strong>utere.</strong></span> <span class='ocrx_word' id='word_1_607' title='bbox 2937 2377 2994 2432; x_wconf 91' lang='lat' dir='ltr'><strong>Si</strong></span> <span class='ocrx_word' id='word_1_608' title='bbox 3023 2379 3150 2449; x_wconf 86' lang='lat' dir='ltr'><strong>quis</strong></span> <span class='ocrx_word' id='word_1_609' title='bbox 3173 2380 3393 2436; x_wconf 89' lang='lat' dir='ltr'><strong>locutus</strong></span> 
     </span>
    </p>
   </div>
   <div class='ocr_carea' id='block_1_83' title="bbox 1809 2460 3461 2539">
    <p class='ocr_par' dir='ltr' id='par_1_83' title="bbox 1809 2460 3461 2539">
     <span class='ocr_line' id='line_1_84' title="bbox 1809 2460 3461 2539; baseline 0.007 -23"><span class='ocrx_word' id='word_1_610' title='bbox 1809 2460 1975 2519; x_wconf 82' lang='lat' dir='ltr'><strong>fuerit</strong></span> <span class='ocrx_word' id='word_1_611' title='bbox 2009 2464 2077 2519; x_wconf 92' lang='lat' dir='ltr'><strong>de</strong></span> <span class='ocrx_word' id='word_1_612' title='bbox 2119 2466 2363 2535; x_wconf 88' lang='lat' dir='ltr'><strong>qualibet</strong></span> <span class='ocrx_word' id='word_1_613' title='bbox 2409 2481 2498 2528; x_wconf 90' lang='lat' dir='ltr'><strong>re.</strong></span> <span class='ocrx_word' id='word_1_614' title='bbox 2535 2483 2606 2523; x_wconf 91' lang='lat' dir='ltr'><strong>ne</strong></span> <span class='ocrx_word' id='word_1_615' title='bbox 2633 2469 2939 2525; x_wconf 88' lang='lat' dir='ltr'><strong>contendas</strong></span> <span class='ocrx_word' id='word_1_616' title='bbox 2981 2484 3106 2525; x_wconf 89' lang='lat' dir='ltr'><strong>cum</strong></span> <span class='ocrx_word' id='word_1_617' title='bbox 3150 2485 3249 2539; x_wconf 87' lang='lat' dir='ltr'><strong>eo;</strong></span> <span class='ocrx_word' id='word_1_618' title='bbox 3295 2472 3392 2526; x_wconf 90' lang='lat' dir='ltr'><strong>sed</strong></span> <span class='ocrx_word' id='word_1_619' title='bbox 3456 2508 3461 2513; x_wconf 58' lang='grc' dir='ltr'><em>η</em></span> 
     </span>
    </p>
   </div>
   <div class='ocr_carea' id='block_1_84' title="bbox 1809 2555 3387 2623">
    <p class='ocr_par' dir='ltr' id='par_1_84' title="bbox 1809 2555 3387 2623">
     <span class='ocr_line' id='line_1_85' title="bbox 1809 2555 3387 2623; baseline 0.004 -14"><span class='ocrx_word' id='word_1_620' title='bbox 1809 2556 1855 2609; x_wconf 89' lang='lat' dir='ltr'><strong>si</strong></span> <span class='ocrx_word' id='word_1_621' title='bbox 1888 2562 2036 2611; x_wconf 89' lang='lat' dir='ltr'><strong>recte</strong></span> <span class='ocrx_word' id='word_1_622' title='bbox 2064 2555 2308 2618; x_wconf 86' lang='lat' dir='ltr'><strong>disserit.</strong></span> <span class='ocrx_word' id='word_1_623' title='bbox 2334 2557 2425 2612; x_wconf 89' lang='lat' dir='ltr'><strong>die</strong></span> <span class='ocrx_word' id='word_1_624' title='bbox 2453 2575 2466 2611; x_wconf 90' lang='lat'><strong>:</strong></span> <span class='ocrx_word' id='word_1_625' title='bbox 2493 2558 2667 2612; x_wconf 81' lang='lat' dir='ltr'><strong>Etiam</strong></span> <span class='ocrx_word' id='word_1_626' title='bbox 2693 2573 2709 2623; x_wconf 91' lang='lat'><strong>;</strong></span> <span class='ocrx_word' id='word_1_627' title='bbox 2747 2557 2792 2614; x_wconf 92' lang='lat' dir='ltr'><strong>si</strong></span> <span class='ocrx_word' id='word_1_628' title='bbox 2828 2574 2959 2614; x_wconf 86' lang='lat' dir='ltr'><strong>vero</strong></span> <span class='ocrx_word' id='word_1_629' title='bbox 2988 2559 3151 2623; x_wconf 87' lang='lat' dir='ltr'><strong>male,</strong></span> <span class='ocrx_word' id='word_1_630' title='bbox 3183 2558 3387 2616; x_wconf 85' lang='lat' dir='ltr'><strong>dicito:</strong></span> 
     </span>
    </p>
   </div>
   <div class='ocr_carea' id='block_1_85' title="bbox 1810 2644 3386 2719">
    <p class='ocr_par' dir='ltr' id='par_1_85' title="bbox 1810 2644 3386 2719">
     <span class='ocr_line' id='line_1_86' title="bbox 1810 2644 3386 2719; baseline 0.004 -20"><span class='ocrx_word' id='word_1_631' title='bbox 1810 2644 1890 2700; x_wconf 84' lang='lat' dir='ltr'><strong>Tu</strong></span> <span class='ocrx_word' id='word_1_632' title='bbox 1921 2649 2033 2703; x_wconf 87' lang='lat' dir='ltr'><strong>scis</strong></span> <span class='ocrx_word' id='word_1_633' title='bbox 2061 2662 2170 2717; x_wconf 91' lang='lat' dir='ltr'><strong>quo</strong></span> <span class='ocrx_word' id='word_1_634' title='bbox 2204 2647 2367 2703; x_wconf 89' lang='lat' dir='ltr'><strong>modo</strong></span> <span class='ocrx_word' id='word_1_635' title='bbox 2413 2649 2660 2719; x_wconf 81' lang='lat' dir='ltr'><strong>loquaris</strong></span> <span class='ocrx_word' id='word_1_636' title='bbox 2686 2667 2700 2704; x_wconf 91' lang='lat'><strong>:</strong></span> <span class='ocrx_word' id='word_1_637' title='bbox 2725 2666 2903 2719; x_wconf 90' lang='lat' dir='ltr'><strong>neque</strong></span> <span class='ocrx_word' id='word_1_638' title='bbox 2948 2659 3209 2705; x_wconf 87' lang='lat' dir='ltr'><strong>concerta</strong></span> <span class='ocrx_word' id='word_1_639' title='bbox 3256 2665 3386 2706; x_wconf 86' lang='lat' dir='ltr'><strong>cum</strong></span> 
     </span>
    </p>
   </div>
   <div class='ocr_carea' id='block_1_86' title="bbox 1808 2735 3392 2808">
    <p class='ocr_par' dir='ltr' id='par_1_86' title="bbox 1808 2735 3392 2808">
     <span class='ocr_line' id='line_1_87' title="bbox 1808 2735 3392 2808; baseline 0.003 -19"><span class='ocrx_word' id='word_1_640' title='bbox 1808 2735 1903 2789; x_wconf 84' lang='lat' dir='ltr'><strong>illo</strong></span> <span class='ocrx_word' id='word_1_641' title='bbox 1936 2735 2005 2791; x_wconf 88' lang='lat' dir='ltr'><strong>de</strong></span> <span class='ocrx_word' id='word_1_642' title='bbox 2051 2736 2216 2791; x_wconf 87' lang='lat' dir='ltr'><strong>rebus</strong></span> <span class='ocrx_word' id='word_1_643' title='bbox 2247 2751 2384 2806; x_wconf 89' lang='lat' dir='ltr'><strong>quas</strong></span> <span class='ocrx_word' id='word_1_644' title='bbox 2426 2737 2673 2806; x_wconf 88' lang='lat' dir='ltr'><strong>protulit.</strong></span> <span class='ocrx_word' id='word_1_645' title='bbox 2721 2739 2900 2808; x_wconf 82' lang='lat' dir='ltr'><strong>Atque</strong></span> <span class='ocrx_word' id='word_1_646' title='bbox 2932 2738 3050 2794; x_wconf 67' lang='lat' dir='ltr'><strong>haec</strong></span> <span class='ocrx_word' id='word_1_647' title='bbox 3080 2745 3167 2794; x_wconf 89' lang='lat' dir='ltr'><strong>est</strong></span> <span class='ocrx_word' id='word_1_648' title='bbox 3204 2739 3392 2793; x_wconf 89' lang='lat' dir='ltr'><strong>humi-</strong></span> 
     </span>
    </p>
   </div>
   <div class='ocr_carea' id='block_1_87' title="bbox 1810 2828 3169 2882">
    <p class='ocr_par' dir='ltr' id='par_1_87' title="bbox 1810 2828 3169 2882">
     <span class='ocr_line' id='line_1_88' title="bbox 1810 2828 3169 2882; baseline 0.002 -2"><span class='ocrx_word' id='word_1_649' title='bbox 1810 2828 1957 2882; x_wconf 85' lang='lat' dir='ltr'><strong>litas.</strong></span> <span class='ocrx_word' id='word_1_650' title='bbox 3016 2835 3023 2839; x_wconf 79' lang='lat'>‘</span> <span class='ocrx_word' id='word_1_651' title='bbox 3164 2832 3169 2839; x_wconf 85' lang='lat'><em>&#39;</em></span> 
     </span>
    </p>
   </div>
   <div class='ocr_carea' id='block_1_88' title="bbox 1882 2917 3392 2989">
    <p class='ocr_par' dir='ltr' id='par_1_88' title="bbox 1882 2917 3392 2989">
     <span class='ocr_line' id='line_1_89' title="bbox 1882 2917 3392 2989; baseline 0.002 -16"><span class='ocrx_word' id='word_1_652' title='bbox 1882 2919 1966 2973; x_wconf 72' lang='grc'><strong>12.</strong></span> <span class='ocrx_word' id='word_1_653' title='bbox 2018 2917 2377 2989; x_wconf 81' lang='lat' dir='ltr'><strong>Interrogavit</strong></span> <span class='ocrx_word' id='word_1_654' title='bbox 2432 2917 2602 2975; x_wconf 79' lang='lat' dir='ltr'><strong>frater</strong></span> <span class='ocrx_word' id='word_1_655' title='bbox 2644 2918 2899 2975; x_wconf 86' lang='lat' dir='ltr'><strong>abbatem</strong></span> <span class='ocrx_word' id='word_1_656' title='bbox 2946 2918 3175 2975; x_wconf 78' lang='lat' dir='ltr'><strong>Matoem</strong></span> <span class='ocrx_word' id='word_1_657' title='bbox 3231 2937 3246 2976; x_wconf 89' lang='lat'><strong>:</strong></span> <span class='ocrx_word' id='word_1_658' title='bbox 3293 2918 3392 2976; x_wconf 91' lang='lat' dir='ltr'><strong>Dic</strong></span> 
     </span>
    </p>
   </div>
   <div class='ocr_carea' id='block_1_89' title="bbox 1810 3009 3393 3080">
    <p class='ocr_par' dir='ltr' id='par_1_89' title="bbox 1810 3009 3393 3080">
     <span class='ocr_line' id='line_1_90' title="bbox 1810 3009 3393 3080; baseline 0.004 -18"><span class='ocrx_word' id='word_1_659' title='bbox 1810 3010 1945 3064; x_wconf 90' lang='lat' dir='ltr'><strong>mihi</strong></span> <span class='ocrx_word' id='word_1_660' title='bbox 1980 3010 2226 3064; x_wconf 87' lang='lat' dir='ltr'><strong>verbum.</strong></span> <span class='ocrx_word' id='word_1_661' title='bbox 2265 3009 2677 3080; x_wconf 84' lang='lat' dir='ltr'><strong>Responditquc</strong></span> <span class='ocrx_word' id='word_1_662' title='bbox 2705 3011 2756 3066; x_wconf 89' lang='lat' dir='ltr'><strong>ei</strong></span> <span class='ocrx_word' id='word_1_663' title='bbox 2783 3030 2798 3065; x_wconf 72' lang='grc' dir='ltr'>ε</span> <span class='ocrx_word' id='word_1_664' title='bbox 2823 3010 3055 3066; x_wconf 86' lang='lat' dir='ltr'><strong>Omnem</strong></span> <span class='ocrx_word' id='word_1_665' title='bbox 3086 3013 3393 3068; x_wconf 84' lang='lat' dir='ltr'><strong>contentio—</strong></span> 
     </span>
    </p>
   </div>
   <div class='ocr_carea' id='block_1_90' title="bbox 1809 3101 3391 3174">
    <p class='ocr_par' dir='ltr' id='par_1_90' title="bbox 1809 3101 3391 3174">
     <span class='ocr_line' id='line_1_91' title="bbox 1809 3101 3391 3174; baseline 0.004 -20"><span class='ocrx_word' id='word_1_666' title='bbox 1809 3116 1934 3155; x_wconf 92' lang='lat' dir='ltr'><strong>nem</strong></span> <span class='ocrx_word' id='word_1_667' title='bbox 1965 3118 2032 3157; x_wconf 77' lang='lat' dir='ltr'><strong>ex</strong></span> <span class='ocrx_word' id='word_1_668' title='bbox 2061 3101 2211 3157; x_wconf 90' lang='lat' dir='ltr'><strong>omni</strong></span> <span class='ocrx_word' id='word_1_669' title='bbox 2252 3103 2491 3172; x_wconf 75' lang='lat' dir='ltr'><strong>negotio,</strong></span> <span class='ocrx_word' id='word_1_670' title='bbox 2537 3116 2569 3155; x_wconf 88' lang='lat' dir='ltr'><strong>a</strong></span> <span class='ocrx_word' id='word_1_671' title='bbox 2612 3111 2665 3158; x_wconf 90' lang='lat' dir='ltr'><strong>te</strong></span> <span class='ocrx_word' id='word_1_672' title='bbox 2706 3112 2959 3173; x_wconf 81' lang='lat' dir='ltr'><strong>amputa;</strong></span> <span class='ocrx_word' id='word_1_673' title='bbox 3001 3104 3156 3174; x_wconf 90' lang='lat' dir='ltr'><strong>plora</strong></span> <span class='ocrx_word' id='word_1_674' title='bbox 3206 3116 3391 3162; x_wconf 88' lang='lat' dir='ltr'><strong>autem</strong></span> 
     </span>
    </p>
   </div>
   <div class='ocr_carea' id='block_1_91' title="bbox 1811 3191 2799 3262">
    <p class='ocr_par' dir='ltr' id='par_1_91' title="bbox 1811 3191 2799 3262">
     <span class='ocr_line' id='line_1_92' title="bbox 1811 3191 2799 3262; baseline 0.001 -19"><span class='ocrx_word' id='word_1_675' title='bbox 1811 3204 1875 3243; x_wconf 85' lang='lat' dir='ltr'><strong>ac</strong></span> <span class='ocrx_word' id='word_1_676' title='bbox 1908 3192 2050 3261; x_wconf 89' lang='lat' dir='ltr'><strong>lnge,</strong></span> <span class='ocrx_word' id='word_1_677' title='bbox 2087 3191 2215 3260; x_wconf 89' lang='lat' dir='ltr'><strong>quia</strong></span> <span class='ocrx_word' id='word_1_678' title='bbox 2246 3199 2461 3261; x_wconf 73' lang='lat' dir='ltr'><strong>tempus</strong></span> <span class='ocrx_word' id='word_1_679' title='bbox 2498 3206 2669 3262; x_wconf 90' lang='lat' dir='ltr'><strong>prope</strong></span> <span class='ocrx_word' id='word_1_680' title='bbox 2695 3203 2799 3247; x_wconf 91' lang='lat' dir='ltr'><strong>est.</strong></span> 
     </span>
    </p>
   </div>
   <div class='ocr_carea' id='block_1_92' title="bbox 1884 3282 3392 3353">
    <p class='ocr_par' dir='ltr' id='par_1_92' title="bbox 1884 3282 3392 3353">
     <span class='ocr_line' id='line_1_93' title="bbox 1884 3282 3392 3353; baseline 0.003 -17"><span class='ocrx_word' id='word_1_681' title='bbox 1884 3283 1970 3336; x_wconf 80' lang='lat' dir='ltr'><strong>I5.</strong></span> <span class='ocrx_word' id='word_1_682' title='bbox 2005 3282 2197 3338; x_wconf 84' lang='lat' dir='ltr'><strong>Frater</strong></span> <span class='ocrx_word' id='word_1_683' title='bbox 2226 3283 2379 3338; x_wconf 83' lang='lat' dir='ltr'><strong>hisce</strong></span> <span class='ocrx_word' id='word_1_684' title='bbox 2407 3284 2588 3338; x_wconf 75' lang='lat' dir='ltr'><strong>verbis</strong></span> <span class='ocrx_word' id='word_1_685' title='bbox 2630 3290 2983 3353; x_wconf 80' lang='lat' dir='ltr'><strong>percontatus</strong></span> <span class='ocrx_word' id='word_1_686' title='bbox 3027 3292 3111 3340; x_wconf 84' lang='lat' dir='ltr'><strong>est</strong></span> <span class='ocrx_word' id='word_1_687' title='bbox 3139 3284 3392 3342; x_wconf 83' lang='lat' dir='ltr'><strong>abbatem</strong></span> 
     </span>
    </p>
   </div>
   <div class='ocr_carea' id='block_1_93' title="bbox 1812 3372 3392 3446">
    <p class='ocr_par' dir='ltr' id='par_1_93' title="bbox 1812 3372 3392 3446">
     <span class='ocr_line' id='line_1_94' title="bbox 1812 3372 3392 3446; baseline 0.004 -21"><span class='ocrx_word' id='word_1_688' title='bbox 1812 3372 2042 3428; x_wconf 77' lang='lat' dir='ltr'><strong>Matoem</strong></span> <span class='ocrx_word' id='word_1_689' title='bbox 2070 3392 2084 3428; x_wconf 88' lang='lat'><strong>:</strong></span> <span class='ocrx_word' id='word_1_690' title='bbox 2114 3374 2254 3441; x_wconf 73' lang='lat' dir='ltr'><strong>Quid</strong></span> <span class='ocrx_word' id='word_1_691' title='bbox 2300 3376 2492 3444; x_wconf 78' lang='lat' dir='ltr'><strong>agam?</strong></span> <span class='ocrx_word' id='word_1_692' title='bbox 2538 3374 2686 3445; x_wconf 81' lang='lat' dir='ltr'><strong>quod</strong></span> <span class='ocrx_word' id='word_1_693' title='bbox 2717 3375 2899 3446; x_wconf 86' lang='lat' dir='ltr'><strong>lingua</strong></span> <span class='ocrx_word' id='word_1_694' title='bbox 2935 3389 3056 3432; x_wconf 89' lang='lat' dir='ltr'><strong>mea</strong></span> <span class='ocrx_word' id='word_1_695' title='bbox 3083 3391 3169 3432; x_wconf 87' lang='lat' dir='ltr'><strong>me</strong></span> <span class='ocrx_word' id='word_1_696' title='bbox 3197 3382 3392 3444; x_wconf 85' lang='lat' dir='ltr'><strong>vexat;</strong></span> 
     </span>
    </p>
   </div>
   <div class='ocr_carea' id='block_1_94' title="bbox 1809 3464 3391 3538">
    <p class='ocr_par' dir='ltr' id='par_1_94' title="bbox 1809 3464 3391 3538">
     <span class='ocr_line' id='line_1_95' title="bbox 1809 3464 3391 3538; baseline 0.004 -21"><span class='ocrx_word' id='word_1_697' title='bbox 1809 3471 1862 3517; x_wconf 89' lang='lat' dir='ltr'><strong>et</strong></span> <span class='ocrx_word' id='word_1_698' title='bbox 1891 3480 2017 3519; x_wconf 91' lang='lat' dir='ltr'><strong>cum</strong></span> <span class='ocrx_word' id='word_1_699' title='bbox 2046 3464 2102 3519; x_wconf 88' lang='lat' dir='ltr'><strong>in</strong></span> <span class='ocrx_word' id='word_1_700' title='bbox 2132 3465 2373 3520; x_wconf 86' lang='lat' dir='ltr'><strong>medium</strong></span> <span class='ocrx_word' id='word_1_701' title='bbox 2404 3465 2689 3521; x_wconf 90' lang='lat' dir='ltr'><strong>hominum</strong></span> <span class='ocrx_word' id='word_1_702' title='bbox 2720 3468 2999 3536; x_wconf 84' lang='lat' dir='ltr'><strong>prodiero,</strong></span> <span class='ocrx_word' id='word_1_703' title='bbox 3025 3482 3135 3522; x_wconf 93' lang='lat' dir='ltr'><strong>non</strong></span> <span class='ocrx_word' id='word_1_704' title='bbox 3167 3482 3391 3538; x_wconf 85' lang='lat' dir='ltr'><strong>possum</strong></span> 
     </span>
    </p>
   </div>
   <div class='ocr_carea' id='block_1_95' title="bbox 1809 3554 3395 3630">
    <p class='ocr_par' dir='ltr' id='par_1_95' title="bbox 1809 3554 3395 3630">
     <span class='ocr_line' id='line_1_96' title="bbox 1809 3554 3395 3630; baseline 0.005 -22"><span class='ocrx_word' id='word_1_705' title='bbox 1809 3554 2093 3612; x_wconf 90' lang='lat' dir='ltr'><strong>continere</strong></span> <span class='ocrx_word' id='word_1_706' title='bbox 2149 3556 2331 3622; x_wconf 88' lang='lat' dir='ltr'><strong>illam;</strong></span> <span class='ocrx_word' id='word_1_707' title='bbox 2389 3557 2488 3613; x_wconf 86' lang='lat' dir='ltr'><strong>sed</strong></span> <span class='ocrx_word' id='word_1_708' title='bbox 2531 3558 2681 3628; x_wconf 90' lang='lat' dir='ltr'><strong>ipsos</strong></span> <span class='ocrx_word' id='word_1_709' title='bbox 2727 3560 2783 3613; x_wconf 92' lang='lat' dir='ltr'><strong>in</strong></span> <span class='ocrx_word' id='word_1_710' title='bbox 2832 3561 2984 3615; x_wconf 88' lang='lat' dir='ltr'><strong>omni</strong></span> <span class='ocrx_word' id='word_1_711' title='bbox 3030 3574 3195 3630; x_wconf 91' lang='lat' dir='ltr'><strong>opere</strong></span> <span class='ocrx_word' id='word_1_712' title='bbox 3249 3559 3395 3616; x_wconf 87' lang='lat' dir='ltr'><strong>bono</strong></span> 
     </span>
    </p>
   </div>
   <div class='ocr_carea' id='block_1_96' title="bbox 1809 3647 3394 3721">
    <p class='ocr_par' dir='ltr' id='par_1_96' title="bbox 1809 3647 3394 3721">
     <span class='ocr_line' id='line_1_97' title="bbox 1809 3647 3394 3721; baseline 0.006 -22"><span class='ocrx_word' id='word_1_713' title='bbox 1809 3648 2137 3713; x_wconf 90' lang='lat' dir='ltr'><strong>condemno,</strong></span> <span class='ocrx_word' id='word_1_714' title='bbox 2166 3647 2315 3717; x_wconf 89' lang='lat' dir='ltr'><strong>ipsos</strong></span> <span class='ocrx_word' id='word_1_715' title='bbox 2339 3648 2629 3721; x_wconf 82' lang='lat' dir='ltr'><strong>redarguo.</strong></span> <span class='ocrx_word' id='word_1_716' title='bbox 2660 3648 2801 3717; x_wconf 82' lang='lat' dir='ltr'><strong>Quid</strong></span> <span class='ocrx_word' id='word_1_717' title='bbox 2835 3650 3002 3721; x_wconf 76' lang='lat' dir='ltr'><strong>igitur</strong></span> <span class='ocrx_word' id='word_1_718' title='bbox 3025 3650 3261 3706; x_wconf 79' lang='lat' dir='ltr'><strong>faciam?</strong></span> <span class='ocrx_word' id='word_1_719' title='bbox 3291 3650 3394 3709; x_wconf 52' lang='lat' dir='ltr'><strong>Sec</strong></span> 
     </span>
    </p>
   </div>
   <div class='ocr_carea' id='block_1_97' title="bbox 1811 3735 3397 3810">
    <p class='ocr_par' dir='ltr' id='par_1_97' title="bbox 1811 3735 3397 3810">
     <span class='ocr_line' id='line_1_98' title="bbox 1811 3735 3397 3810; baseline 0.004 -20"><span class='ocrx_word' id='word_1_720' title='bbox 1811 3752 1914 3791; x_wconf 89' lang='lat' dir='ltr'><strong>nex</strong></span> <span class='ocrx_word' id='word_1_721' title='bbox 1953 3735 2021 3790; x_wconf 86' lang='lat' dir='ltr'><strong>ad</strong></span> <span class='ocrx_word' id='word_1_722' title='bbox 2050 3738 2198 3792; x_wconf 89' lang='lat' dir='ltr'><strong>hunc</strong></span> <span class='ocrx_word' id='word_1_723' title='bbox 2242 3738 2461 3794; x_wconf 86' lang='lat' dir='ltr'><strong>modum</strong></span> <span class='ocrx_word' id='word_1_724' title='bbox 2490 3740 2809 3810; x_wconf 88' lang='lat' dir='ltr'><strong>respondit:</strong></span> <span class='ocrx_word' id='word_1_725' title='bbox 2843 3740 2899 3794; x_wconf 88' lang='lat' dir='ltr'><strong>Si</strong></span> <span class='ocrx_word' id='word_1_726' title='bbox 2937 3756 3050 3796; x_wconf 91' lang='lat' dir='ltr'><strong>non</strong></span> <span class='ocrx_word' id='word_1_727' title='bbox 3089 3741 3240 3797; x_wconf 83' lang='lat' dir='ltr'><strong>vales</strong></span> <span class='ocrx_word' id='word_1_728' title='bbox 3267 3757 3397 3797; x_wconf 90' lang='lat' dir='ltr'><strong>con-</strong></span> 
     </span>
    </p>
   </div>
   <div class='ocr_carea' id='block_1_98' title="bbox 1811 3828 3391 3902">
    <p class='ocr_par' dir='ltr' id='par_1_98' title="bbox 1811 3828 3391 3902">
     <span class='ocr_line' id='line_1_99' title="bbox 1811 3828 3391 3902; baseline 0.006 -22"><span class='ocrx_word' id='word_1_729' title='bbox 1811 3828 1985 3884; x_wconf 88' lang='lat' dir='ltr'><strong>tinere</strong></span> <span class='ocrx_word' id='word_1_730' title='bbox 2019 3829 2275 3900; x_wconf 89' lang='lat' dir='ltr'><strong>teipsum,</strong></span> <span class='ocrx_word' id='word_1_731' title='bbox 2319 3830 2444 3902; x_wconf 79' lang='lat' dir='ltr'><strong>fuge</strong></span> <span class='ocrx_word' id='word_1_732' title='bbox 2476 3829 2533 3885; x_wconf 92' lang='lat' dir='ltr'><strong>in</strong></span> <span class='ocrx_word' id='word_1_733' title='bbox 2573 3832 2753 3886; x_wconf 89' lang='lat' dir='ltr'><strong>locum</strong></span> <span class='ocrx_word' id='word_1_734' title='bbox 2796 3832 2889 3886; x_wconf 88' lang='lat' dir='ltr'><strong>ubi</strong></span> <span class='ocrx_word' id='word_1_735' title='bbox 2920 3833 3170 3888; x_wconf 78' lang='lat' dir='ltr'><strong>solitario</strong></span> <span class='ocrx_word' id='word_1_736' title='bbox 3215 3834 3391 3890; x_wconf 87' lang='lat' dir='ltr'><strong>vivas.</strong></span> 
     </span>
    </p>
   </div>
   <div class='ocr_carea' id='block_1_99' title="bbox 1809 3918 3395 3993">
    <p class='ocr_par' dir='ltr' id='par_1_99' title="bbox 1809 3918 3395 3993">
     <span class='ocr_line' id='line_1_100' title="bbox 1809 3918 3395 3993; baseline 0.003 -19"><span class='ocrx_word' id='word_1_737' title='bbox 1809 3918 2104 3978; x_wconf 88' lang='lat' dir='ltr'><strong>Inlirmitas</strong></span> <span class='ocrx_word' id='word_1_738' title='bbox 2139 3923 2284 3977; x_wconf 91' lang='lat' dir='ltr'><strong>enim</strong></span> <span class='ocrx_word' id='word_1_739' title='bbox 2319 3930 2424 3978; x_wconf 90' lang='lat' dir='ltr'><strong>est.</strong></span> <span class='ocrx_word' id='word_1_740' title='bbox 2470 3922 2573 3989; x_wconf 85' lang='lat' dir='ltr'><strong>Qui</strong></span> <span class='ocrx_word' id='word_1_741' title='bbox 2605 3939 2770 3993; x_wconf 91' lang='lat' dir='ltr'><strong>porro</strong></span> <span class='ocrx_word' id='word_1_742' title='bbox 2798 3939 2924 3978; x_wconf 85' lang='lat' dir='ltr'><strong>cum</strong></span> <span class='ocrx_word' id='word_1_743' title='bbox 2959 3924 3225 3981; x_wconf 81' lang='lat' dir='ltr'><strong>fratribus</strong></span> <span class='ocrx_word' id='word_1_744' title='bbox 3275 3939 3395 3979; x_wconf 83' lang='lat' dir='ltr'><strong>ma-</strong></span> 
     </span>
    </p>
   </div>
   <div class='ocr_carea' id='block_1_100' title="bbox 1808 4015 3392 4085">
    <p class='ocr_par' dir='ltr' id='par_1_100' title="bbox 1808 4015 3392 4085">
     <span class='ocr_line' id='line_1_101' title="bbox 1808 4015 3392 4085; baseline 0.003 -17"><span class='ocrx_word' id='word_1_745' title='bbox 1808 4021 1921 4079; x_wconf 88' lang='lat' dir='ltr'><strong>net,</strong></span> <span class='ocrx_word' id='word_1_746' title='bbox 1952 4030 2062 4069; x_wconf 90' lang='lat' dir='ltr'><strong>non</strong></span> <span class='ocrx_word' id='word_1_747' title='bbox 2095 4015 2254 4070; x_wconf 86' lang='lat' dir='ltr'><strong>debet</strong></span> <span class='ocrx_word' id='word_1_748' title='bbox 2278 4031 2400 4071; x_wconf 90' lang='lat' dir='ltr'><strong>esse</strong></span> <span class='ocrx_word' id='word_1_749' title='bbox 2439 4016 2916 4085; x_wconf 84' lang='lat' dir='ltr'><strong>quadrangularis,</strong></span> <span class='ocrx_word' id='word_1_750' title='bbox 2962 4017 3059 4071; x_wconf 89' lang='lat' dir='ltr'><strong>sed</strong></span> <span class='ocrx_word' id='word_1_751' title='bbox 3099 4016 3392 4081; x_wconf 84' lang='lat' dir='ltr'><strong>rotundus,</strong></span> 
     </span>
    </p>
   </div>
   <div class='ocr_carea' id='block_1_101' title="bbox 1810 4105 3392 4164">
    <p class='ocr_par' dir='ltr' id='par_1_101' title="bbox 1810 4105 3392 4164">
     <span class='ocr_line' id='line_1_102' title="bbox 1810 4105 3392 4164; baseline 0.002 -3"><span class='ocrx_word' id='word_1_752' title='bbox 1810 4114 1871 4161; x_wconf 88' lang='lat' dir='ltr'><strong>ut</strong></span> <span class='ocrx_word' id='word_1_753' title='bbox 1909 4107 1977 4162; x_wconf 91' lang='lat' dir='ltr'><strong>ad</strong></span> <span class='ocrx_word' id='word_1_754' title='bbox 2014 4122 2206 4162; x_wconf 89' lang='lat' dir='ltr'><strong>omnes</strong></span> <span class='ocrx_word' id='word_1_755' title='bbox 2236 4109 2503 4163; x_wconf 84' lang='lat' dir='ltr'><strong>volvatur.</strong></span> <span class='ocrx_word' id='word_1_756' title='bbox 2542 4107 2767 4162; x_wconf 79' lang='lat' dir='ltr'><strong>Addidit</strong></span> <span class='ocrx_word' id='word_1_757' title='bbox 2798 4123 2961 4163; x_wconf 84' lang='lat' dir='ltr'><strong>senex</strong></span> <span class='ocrx_word' id='word_1_758' title='bbox 2993 4125 3007 4162; x_wconf 91' lang='lat'><strong>:</strong></span> <span class='ocrx_word' id='word_1_759' title='bbox 3034 4105 3155 4162; x_wconf 84' lang='lat' dir='ltr'><strong>Non</strong></span> <span class='ocrx_word' id='word_1_760' title='bbox 3182 4122 3250 4164; x_wconf 88' lang='lat' dir='ltr'><strong>ex</strong></span> <span class='ocrx_word' id='word_1_761' title='bbox 3276 4109 3392 4164; x_wconf 90' lang='lat' dir='ltr'><strong>vir-</strong></span> 
     </span>
    </p>
   </div>
   <div class='ocr_carea' id='block_1_102' title="bbox 1810 4198 3392 4269">
    <p class='ocr_par' dir='ltr' id='par_1_102' title="bbox 1810 4198 3392 4269">
     <span class='ocr_line' id='line_1_103' title="bbox 1810 4198 3392 4269; baseline 0.003 -17"><span class='ocrx_word' id='word_1_762' title='bbox 1810 4206 1928 4253; x_wconf 89' lang='lat' dir='ltr'><strong>tute</strong></span> <span class='ocrx_word' id='word_1_763' title='bbox 1973 4198 2255 4253; x_wconf 84' lang='lat' dir='ltr'><strong>solitarius</strong></span> <span class='ocrx_word' id='word_1_764' title='bbox 2306 4198 2512 4262; x_wconf 88' lang='lat' dir='ltr'><strong>sedeo,</strong></span> <span class='ocrx_word' id='word_1_765' title='bbox 2567 4198 2663 4255; x_wconf 91' lang='lat' dir='ltr'><strong>sed</strong></span> <span class='ocrx_word' id='word_1_766' title='bbox 2707 4198 2867 4269; x_wconf 88' lang='lat' dir='ltr'><strong>juxta</strong></span> <span class='ocrx_word' id='word_1_767' title='bbox 2919 4198 3392 4269; x_wconf 83' lang='lat' dir='ltr'><strong>imbecillitatem;</strong></span> 
     </span>
    </p>
   </div>
   <div class='ocr_carea' id='block_1_103' title="bbox 1811 4290 3394 4364">
    <p class='ocr_par' dir='ltr' id='par_1_103' title="bbox 1811 4290 3394 4364">
     <span class='ocr_line' id='line_1_104' title="bbox 1811 4290 3394 4364; baseline 0.004 -20"><span class='ocrx_word' id='word_1_768' title='bbox 1811 4297 2062 4361; x_wconf 84' lang='lat' dir='ltr'><strong>potentes</strong></span> <span class='ocrx_word' id='word_1_769' title='bbox 2108 4290 2313 4360; x_wconf 86' lang='lat' dir='ltr'><strong>quippe</strong></span> <span class='ocrx_word' id='word_1_770' title='bbox 2354 4305 2419 4346; x_wconf 86' lang='lat' dir='ltr'><strong>ac</strong></span> <span class='ocrx_word' id='word_1_771' title='bbox 2460 4291 2622 4347; x_wconf 88' lang='lat' dir='ltr'><strong>validi</strong></span> <span class='ocrx_word' id='word_1_772' title='bbox 2668 4300 2820 4359; x_wconf 90' lang='lat' dir='ltr'><strong>sunt,</strong></span> <span class='ocrx_word' id='word_1_773' title='bbox 2867 4292 2960 4364; x_wconf 88' lang='lat' dir='ltr'><strong>qui</strong></span> <span class='ocrx_word' id='word_1_774' title='bbox 3009 4292 3067 4348; x_wconf 91' lang='lat' dir='ltr'><strong>in</strong></span> <span class='ocrx_word' id='word_1_775' title='bbox 3109 4294 3394 4351; x_wconf 84' lang='lat' dir='ltr'><strong>hominum</strong></span> 
     </span>
    </p>
   </div>
   <div class='ocr_carea' id='block_1_104' title="bbox 1811 4381 2407 4452">
    <p class='ocr_par' dir='ltr' id='par_1_104' title="bbox 1811 4381 2407 4452">
     <span class='ocr_line' id='line_1_105' title="bbox 1811 4381 2407 4452; baseline 0.005 -18"><span class='ocrx_word' id='word_1_776' title='bbox 1811 4381 2052 4437; x_wconf 88' lang='lat' dir='ltr'><strong>medium</strong></span> <span class='ocrx_word' id='word_1_777' title='bbox 2084 4381 2407 4452; x_wconf 89' lang='lat' dir='ltr'><strong>procedunt.</strong></span> 
     </span>
    </p>
   </div>
   <div class='ocr_carea' id='block_1_105' title="bbox 1945 4492 3262 4567">
    <p class='ocr_par' dir='ltr' id='par_1_105' title="bbox 1945 4492 3262 4567">
     <span class='ocr_line' id='line_1_106' title="bbox 1945 4492 3262 4567; baseline 0.002 -19"><span class='ocrx_word' id='word_1_778' title='bbox 1945 4494 2024 4549; x_wconf 82' lang='lat' dir='ltr'><strong>De</strong></span> <span class='ocrx_word' id='word_1_779' title='bbox 2053 4494 2244 4549; x_wconf 83' lang='lat' dir='ltr'><strong>abbate</strong></span> <span class='ocrx_word' id='word_1_780' title='bbox 2285 4492 2477 4549; x_wconf 80' lang='lat' dir='ltr'><strong>Marco</strong></span> <span class='ocrx_word' id='word_1_781' title='bbox 2499 4495 2761 4567; x_wconf 77' lang='lat' dir='ltr'><strong>discipulo</strong></span> <span class='ocrx_word' id='word_1_782' title='bbox 2792 4495 3003 4552; x_wconf 77' lang='lat' dir='ltr'><strong>abbatis</strong></span> <span class='ocrx_word' id='word_1_783' title='bbox 3034 4496 3262 4553; x_wconf 79' lang='lat' dir='ltr'><strong>Silvani.</strong></span> 
     </span>
    </p>
   </div>
   <div class='ocr_carea' id='block_1_106' title="bbox 1884 4651 3393 4725">
    <p class='ocr_par' dir='ltr' id='par_1_106' title="bbox 1884 4651 3393 4725">
     <span class='ocr_line' id='line_1_107' title="bbox 1884 4651 3393 4725; baseline 0.005 -20"><span class='ocrx_word' id='word_1_784' title='bbox 1884 4652 1937 4706; x_wconf 80' lang='lat' dir='ltr'><strong>t.</strong></span> <span class='ocrx_word' id='word_1_785' title='bbox 1973 4652 2127 4724; x_wconf 53' lang='grc' dir='ltr'>(ιε)</span> <span class='ocrx_word' id='word_1_786' title='bbox 2161 4651 2539 4708; x_wconf 82' lang='lat' dir='ltr'><strong>Memorabant</strong></span> <span class='ocrx_word' id='word_1_787' title='bbox 2558 4653 2627 4710; x_wconf 86' lang='lat' dir='ltr'><strong>de</strong></span> <span class='ocrx_word' id='word_1_788' title='bbox 2653 4654 2850 4710; x_wconf 84' lang='lat' dir='ltr'><strong>abbate</strong></span> <span class='ocrx_word' id='word_1_789' title='bbox 2880 4653 3137 4719; x_wconf 88' lang='lat' dir='ltr'><strong>Silvano,</strong></span> <span class='ocrx_word' id='word_1_790' title='bbox 3171 4654 3393 4725; x_wconf 83' lang='lat' dir='ltr'><strong>quodin</strong></span> 
     </span>
    </p>
   </div>
   <div class='ocr_carea' id='block_1_107' title="bbox 1814 4741 3394 4815">
    <p class='ocr_par' dir='ltr' id='par_1_107' title="bbox 1814 4741 3394 4815">
     <span class='ocr_line' id='line_1_108' title="bbox 1814 4741 3394 4815; baseline 0.003 -17"><span class='ocrx_word' id='word_1_791' title='bbox 1814 4741 1963 4800; x_wconf 89' lang='lat' dir='ltr'><strong>Sceti</strong></span> <span class='ocrx_word' id='word_1_792' title='bbox 2009 4744 2263 4800; x_wconf 88' lang='lat' dir='ltr'><strong>habuerit</strong></span> <span class='ocrx_word' id='word_1_793' title='bbox 2295 4745 2651 4815; x_wconf 84' lang='lat' dir='ltr'><strong>discipulum,</strong></span> <span class='ocrx_word' id='word_1_794' title='bbox 2685 4745 2931 4799; x_wconf 86' lang='lat' dir='ltr'><strong>Marcum</strong></span> <span class='ocrx_word' id='word_1_795' title='bbox 2974 4744 3216 4808; x_wconf 83' lang='lat' dir='ltr'><strong>nomine,</strong></span> <span class='ocrx_word' id='word_1_796' title='bbox 3258 4745 3394 4802; x_wconf 86' lang='lat' dir='ltr'><strong>obe-</strong></span> 
     </span>
    </p>
   </div>
   <div class='ocr_carea' id='block_1_108' title="bbox 1816 4835 3395 4908">
    <p class='ocr_par' dir='ltr' id='par_1_108' title="bbox 1816 4835 3395 4908">
     <span class='ocr_line' id='line_1_109' title="bbox 1816 4835 3395 4908; baseline 0.004 -19"><span class='ocrx_word' id='word_1_797' title='bbox 1816 4835 2037 4891; x_wconf 75' lang='lat' dir='ltr'><strong>dientiae</strong></span> <span class='ocrx_word' id='word_1_798' title='bbox 2083 4836 2287 4892; x_wconf 89' lang='lat' dir='ltr'><strong>virtute</strong></span> <span class='ocrx_word' id='word_1_799' title='bbox 2349 4844 2733 4908; x_wconf 81' lang='lat' dir='ltr'><strong>praestantem,</strong></span> <span class='ocrx_word' id='word_1_800' title='bbox 2784 4846 2947 4905; x_wconf 86' lang='lat' dir='ltr'><strong>atque</strong></span> <span class='ocrx_word' id='word_1_801' title='bbox 2997 4836 3395 4907; x_wconf 72' lang='lat' dir='ltr'><strong>calligraphum</strong></span> 
     </span>
    </p>
   </div>
   <div class='ocr_carea' id='block_1_109' title="bbox 1818 4928 3396 4999">
    <p class='ocr_par' dir='ltr' id='par_1_109' title="bbox 1818 4928 3396 4999">
     <span class='ocr_line' id='line_1_110' title="bbox 1818 4928 3396 4999; baseline 0 -16"><span class='ocrx_word' id='word_1_802' title='bbox 1818 4943 1914 4983; x_wconf 92' lang='lat' dir='ltr'><strong>seu</strong></span> <span class='ocrx_word' id='word_1_803' title='bbox 1944 4930 2341 4999; x_wconf 88' lang='lat' dir='ltr'><strong>antiquarium.</strong></span> <span class='ocrx_word' id='word_1_804' title='bbox 2379 4928 2716 4997; x_wconf 84' lang='lat' dir='ltr'><strong>Diligebatur</strong></span> <span class='ocrx_word' id='word_1_805' title='bbox 2743 4937 2922 4983; x_wconf 88' lang='lat' dir='ltr'><strong>autem</strong></span> <span class='ocrx_word' id='word_1_806' title='bbox 2954 4943 2985 4982; x_wconf 90' lang='lat' dir='ltr'><strong>a</strong></span> <span class='ocrx_word' id='word_1_807' title='bbox 3012 4942 3143 4983; x_wconf 90' lang='lat' dir='ltr'><strong>sene</strong></span> <span class='ocrx_word' id='word_1_808' title='bbox 3168 4935 3396 4998; x_wconf 79' lang='lat' dir='ltr'><strong>propter</strong></span> 
     </span>
    </p>
   </div>
   <div class='ocr_carea' id='block_1_110' title="bbox 1817 5018 3393 5090">
    <p class='ocr_par' dir='ltr' id='par_1_110' title="bbox 1817 5018 3393 5090">
     <span class='ocr_line' id='line_1_111' title="bbox 1817 5018 3393 5090; baseline 0.003 -18"><span class='ocrx_word' id='word_1_809' title='bbox 1817 5018 2205 5074; x_wconf 86' lang='lat' dir='ltr'><strong>obedientiam.</strong></span> <span class='ocrx_word' id='word_1_810' title='bbox 2233 5019 2336 5074; x_wconf 86' lang='lat' dir='ltr'><strong>Sed</strong></span> <span class='ocrx_word' id='word_1_811' title='bbox 2355 5027 2409 5074; x_wconf 86' lang='lat' dir='ltr'><strong>et</strong></span> <span class='ocrx_word' id='word_1_812' title='bbox 2429 5018 2618 5072; x_wconf 90' lang='lat' dir='ltr'><strong>habuit</strong></span> <span class='ocrx_word' id='word_1_813' title='bbox 2640 5018 2894 5074; x_wconf 90' lang='lat' dir='ltr'><strong>undecim</strong></span> <span class='ocrx_word' id='word_1_814' title='bbox 2920 5018 3057 5075; x_wconf 88' lang='lat' dir='ltr'><strong>alios</strong></span> <span class='ocrx_word' id='word_1_815' title='bbox 3072 5018 3393 5090; x_wconf 84' lang='lat' dir='ltr'><strong>discipulos,</strong></span> 
     </span>
    </p>
   </div>
   <div class='ocr_carea' id='block_1_111' title="bbox 1817 5109 3394 5182">
    <p class='ocr_par' dir='ltr' id='par_1_111' title="bbox 1817 5109 3394 5182">
     <span class='ocr_line' id='line_1_112' title="bbox 1817 5109 3394 5182; baseline 0.001 -17"><span class='ocrx_word' id='word_1_816' title='bbox 1817 5111 1908 5181; x_wconf 91' lang='lat' dir='ltr'><strong>qui</strong></span> <span class='ocrx_word' id='word_1_817' title='bbox 1930 5126 2073 5182; x_wconf 66' lang='lat' dir='ltr'><strong>aegre</strong></span> <span class='ocrx_word' id='word_1_818' title='bbox 2109 5112 2358 5167; x_wconf 83' lang='lat' dir='ltr'><strong>ferebant</strong></span> <span class='ocrx_word' id='word_1_819' title='bbox 2386 5109 2528 5181; x_wconf 90' lang='lat' dir='ltr'><strong>quod</strong></span> <span class='ocrx_word' id='word_1_820' title='bbox 2562 5109 2715 5164; x_wconf 89' lang='lat' dir='ltr'><strong>illum</strong></span> <span class='ocrx_word' id='word_1_821' title='bbox 2748 5110 2873 5180; x_wconf 90' lang='lat' dir='ltr'><strong>plus</strong></span> <span class='ocrx_word' id='word_1_822' title='bbox 2903 5110 3038 5181; x_wconf 90' lang='lat' dir='ltr'><strong>ipsis</strong></span> <span class='ocrx_word' id='word_1_823' title='bbox 3078 5117 3307 5165; x_wconf 88' lang='lat' dir='ltr'><strong>amaret.</strong></span> <span class='ocrx_word' id='word_1_824' title='bbox 3335 5109 3394 5166; x_wconf 85' lang='lat' dir='ltr'><strong>Id</strong></span> 
     </span>
    </p>
   </div>
   <div class='ocr_carea' id='block_1_112' title="bbox 1814 5200 3397 5273">
    <p class='ocr_par' dir='ltr' id='par_1_112' title="bbox 1814 5200 3397 5273">
     <span class='ocr_line' id='line_1_113' title="bbox 1814 5200 3397 5273; baseline -0.001 -15"><span class='ocrx_word' id='word_1_825' title='bbox 1814 5217 1981 5273; x_wconf 83' lang='lat' dir='ltr'><strong>porro</strong></span> <span class='ocrx_word' id='word_1_826' title='bbox 2011 5202 2299 5259; x_wconf 88' lang='lat' dir='ltr'><strong>audientes</strong></span> <span class='ocrx_word' id='word_1_827' title='bbox 2327 5218 2508 5268; x_wconf 89' lang='lat' dir='ltr'><strong>senes,</strong></span> <span class='ocrx_word' id='word_1_828' title='bbox 2540 5200 2850 5257; x_wconf 87' lang='lat' dir='ltr'><strong>contristati</strong></span> <span class='ocrx_word' id='word_1_829' title='bbox 2878 5211 3026 5258; x_wconf 90' lang='lat' dir='ltr'><strong>sunt.</strong></span> <span class='ocrx_word' id='word_1_830' title='bbox 3061 5202 3128 5256; x_wconf 89' lang='lat' dir='ltr'><strong>Et</strong></span> <span class='ocrx_word' id='word_1_831' title='bbox 3158 5201 3397 5273; x_wconf 87' lang='lat' dir='ltr'><strong>quodam</strong></span> 
     </span>
    </p>
   </div>
   <div class='ocr_carea' id='block_1_113' title="bbox 1818 5374 3400 5452">
    <p class='ocr_par' dir='ltr' id='par_1_113' title="bbox 1818 5374 3400 5452">
     <span class='ocr_line' id='line_1_114' title="bbox 1818 5374 3400 5452; baseline -0.007 -9"><span class='ocrx_word' id='word_1_832' title='bbox 1818 5396 1997 5452; x_wconf 91' lang='lat' dir='ltr'><strong>ctura,</strong></span> <span class='ocrx_word' id='word_1_833' title='bbox 2030 5383 2466 5443; x_wconf 77' lang='lat' dir='ltr'><strong>versificatorem</strong></span> <span class='ocrx_word' id='word_1_834' title='bbox 2512 5377 2946 5452; x_wconf 8' lang='lat' dir='ltr'><strong>barbarum,g_ad4</strong></span> <span class='ocrx_word' id='word_1_835' title='bbox 2978 5374 3400 5452; x_wconf 79' lang='lat' dir='ltr'><strong>similitudinem</strong></span> 
     </span>
    </p>
   </div>
   <div class='ocr_carea' id='block_1_114' title="bbox 1817 5447 3402 5522">
    <p class='ocr_par' dir='ltr' id='par_1_114' title="bbox 1817 5447 3402 5522">
     <span class='ocr_line' id='line_1_115' title="bbox 1817 5447 3402 5522; baseline -0.009 -8"><span class='ocrx_word' id='word_1_836' title='bbox 1817 5447 2376 5518; x_wconf 34' lang='lat' dir='ltr'><strong>verbi-sermocinari,</strong></span> <span class='ocrx_word' id='word_1_837' title='bbox 2413 5452 2738 5522; x_wconf 85' lang='lat' dir='ltr'><strong>procudisse</strong></span> <span class='ocrx_word' id='word_1_838' title='bbox 2767 5448 3092 5511; x_wconf 83' lang='lat' dir='ltr'><strong>callicinari,</strong></span> <span class='ocrx_word' id='word_1_839' title='bbox 3142 5455 3198 5502; x_wconf 89' lang='lat' dir='ltr'><strong>et</strong></span> <span class='ocrx_word' id='word_1_840' title='bbox 3238 5447 3402 5522; x_wconf 82' lang='lat' dir='ltr'><strong>intel-</strong></span> 
     </span>
    </p>
   </div>
   <div class='ocr_carea' id='block_1_115' title="bbox 1815 5516 3404 5597">
    <p class='ocr_par' dir='ltr' id='par_1_115' title="bbox 1815 5516 3404 5597">
     <span class='ocr_line' id='line_1_116' title="bbox 1815 5516 3404 5597; baseline -0.009 -14"><span class='ocrx_word' id='word_1_841' title='bbox 1815 5528 2019 5585; x_wconf 81' lang='lat' dir='ltr'><strong>lexisse</strong></span> <span class='ocrx_word' id='word_1_842' title='bbox 2046 5542 2143 5597; x_wconf 89' lang='lat' dir='ltr'><strong>per</strong></span> <span class='ocrx_word' id='word_1_843' title='bbox 2174 5516 2560 5589; x_wconf 69' lang='lat' dir='ltr'><strong>callicina&#39;mm,</strong></span> <span class='ocrx_word' id='word_1_844' title='bbox 2583 5521 2873 5595; x_wconf 91' lang='lat' dir='ltr'><strong>pulchrum</strong></span> <span class='ocrx_word' id='word_1_845' title='bbox 2898 5526 3144 5587; x_wconf 87' lang='lat' dir='ltr'><strong>cantum,</strong></span> <span class='ocrx_word' id='word_1_846' title='bbox 3168 5516 3404 5589; x_wconf 71' lang='lat' dir='ltr'><strong>praecla-</strong></span> 
     </span>
    </p>
   </div>
   <div class='ocr_carea' id='block_1_116' title="bbox 1816 5612 2208 5653">
    <p class='ocr_par' dir='ltr' id='par_1_116' title="bbox 1816 5612 2208 5653">
     <span class='ocr_line' id='line_1_117' title="bbox 1816 5612 2208 5653; baseline -0.01 0"><span class='ocrx_word' id='word_1_847' title='bbox 1816 5614 1938 5653; x_wconf 77' lang='lat' dir='ltr'><strong>I&#39;IIIII</strong></span> <span class='ocrx_word' id='word_1_848' title='bbox 1965 5612 2208 5652; x_wconf 87' lang='lat' dir='ltr'><strong>carmen.</strong></span> 
     </span>
    </p>
   </div>
   <div class='ocr_carea' id='block_1_117' title="bbox 1891 5663 2594 5739">
    <p class='ocr_par' dir='ltr' id='par_1_117' title="bbox 1891 5663 2594 5739">
     <span class='ocr_line' id='line_1_118' title="bbox 1891 5663 2594 5739; baseline -0.006 -17"><span class='ocrx_word' id='word_1_849' title='bbox 1891 5668 2035 5739; x_wconf 64' lang='grc'><strong>(42⁸)</strong></span> <span class='ocrx_word' id='word_1_850' title='bbox 2074 5665 2184 5723; x_wconf 86' lang='lat' dir='ltr'><strong>Vit.</strong></span> <span class='ocrx_word' id='word_1_851' title='bbox 2221 5665 2381 5720; x_wconf 87' lang='lat' dir='ltr'><strong>Patr.</strong></span> <span class='ocrx_word' id='word_1_852' title='bbox 2419 5680 2531 5733; x_wconf 83' lang='lat' dir='ltr'><strong>xw,</strong></span> <span class='ocrx_word' id='word_1_853' title='bbox 2560 5663 2594 5718; x_wconf 83' lang='lat'><strong>5</strong></span> 
     </span>
    </p>
   </div>
  </div>
