3982 6336
377 332 487 392 295
1518 332 1867 391 APPENDIX
1906 334 1998 390 AD
2036 334 2458 393 PALLADIUM.
3521 331 3640 389 $96

378 449 467 503 die
498 446 840 512 accedentes,
890 451 1224 506 accusabant
1256 463 1402 504 eum.
1460 451 1527 502 At
1558 466 1725 506 senex
1755 466 1969 506 assum-

2086 450 2362 505 ἐνεκάλουν
2404 447 2567 502 αὐτόν
2584 446 2648 500 ⁸⁸.
2685 444 2879 500 Λαϐὼν
2905 443 2961 498 δὲ
2999 443 3197 508 αὐτοὺς
3221 441 3435 514 ἐξῆλθε,
3471 445 3564 498 καὶ
3594 444 3656 500 ἔ-

381 540 492 607 ptis
516 537 583 592 iis
615 552 871 607 egressus
898 549 1012 606 est;
1045 555 1108 596 ac
1132 556 1228 610 per
1258 540 1500 610 singulas
1524 541 1690 594 cellas
1716 541 1958 610 pulsans,

380 631 594 685 dicebat
623 649 635 684 :
669 629 858 686 Frater
889 632 998 697 ille,
1032 634 1176 698 veni,
1212 640 1263 688 te
1297 633 1429 688 mihi
1458 648 1595 703 opus
1623 642 1726 688 est.
1762 631 1871 686 Nec
1896 647 1962 686 ex

380 721 450 778 iis
489 722 634 777 ullus
667 723 814 776 illico
858 724 1082 792 prodiit,
1137 731 1429 780 secuturus
1477 739 1622 778 eum.
1681 721 1783 777 Ubi
1835 737 1964 777 vero

382 816 601 887 pertigit
635 813 700 868 ad
744 814 934 870 cellam
977 814 1164 880 Marci,
1211 813 1466 884 foresque
1510 812 1678 877 feriit,
1717 828 1960 868 vocans:

381 909 593 974 Marce;
625 908 736 972 ille,
780 905 968 960 audita
1000 907 1146 962 senis
1180 921 1334 970 voce,
1377 906 1560 960 statim
1591 912 1743 960 extra
1792 906 1969 975 prosi-

383 1000 480 1054 liit.
522 997 810 1070 Senexque
842 998 994 1053 misit
1017 1013 1140 1052 eum
1169 998 1238 1052 ad
1273 998 1663 1053 ministerium.
1698 998 1777 1051 Ad
1805 1013 1966 1053 senes

379 1100 559 1145 autem
590 1089 694 1143 ait:
723 1090 933 1152 Patres,
967 1089 1058 1143 ubi
1095 1095 1223 1144 sunt
1255 1088 1453 1145 fratres
1486 1088 1725 1158 reliqui?
1766 1087 1968 1143 Deinde

381 1182 657 1252 ingressus
690 1181 746 1234 in
785 1181 978 1235 cellam
1015 1181 1157 1251 ejus,
1208 1183 1572 1236 contrectavit
1624 1180 1798 1250 ipsius
1831 1194 1969 1250 qua-

380 1272 718 1338 ternionem;
771 1271 1086 1343 invenitque
1135 1273 1280 1342 quod
1331 1287 1553 1350 manum
1605 1272 1850 1328 misisset
1899 1272 1967 1325 ad

377 1363 708 1418 exarandam
747 1364 983 1418 litteram
1013 1382 1078 1429 ω,
1106 1366 1200 1420 sed
1235 1364 1464 1419 audiens
1494 1378 1682 1418 senem
1712 1377 1822 1416 non
1845 1377 1968 1417 ver-

380 1453 538 1509 tisset
569 1455 837 1508 calamum
879 1462 938 1507 ut
981 1455 1281 1524 compleret
1321 1469 1461 1508 eam.
1499 1451 1657 1507 Tunc
1689 1468 1850 1508 senes
1895 1453 1968 1506 ita

380 1544 550 1600 locuti
582 1553 750 1599 sunt:
783 1545 990 1599 Revera
1027 1561 1189 1615 quem
1229 1552 1288 1598 tu
1329 1545 1530 1613 diligis,
1569 1543 1730 1609 abba,
1775 1553 1829 1598 et
1868 1557 1971 1600 nos

379 1636 682 1705 diligimus,
723 1636 974 1707 Deusque
1012 1635 1192 1706 diligit
1221 1651 1368 1690 etnn.

450 1727 503 1780 2.
548 1725 620 1780 De
679 1727 872 1780 abbate
935 1725 1157 1780 Sllvauo
1216 1726 1754 1793 commemorabam,
1817 1725 1967 1796 quod

2065 559 2264 613 κρουσε
2284 541 2427 594 κατὰ
2457 539 2685 604 κελλίον,
2721 537 2893 605 λέγων
2914 551 2926 565 ·
2969 536 3030 588 '0
3055 535 3201 588 δεῖνα
3227 534 3446 605 άδελφὲ,
3469 535 3657 610 δεῦρο,

2065 635 2147 687 ὃτι
2187 633 2376 704 χρῄζω
2429 649 2545 686 σου.
2580 631 2690 684 Kal
2717 623 2798 692 εἷς
2832 625 2892 693 ἐξ
2923 626 3123 692 αὐτῶν,
3155 627 3254 679 οὐκ
3286 626 3658 699 ἠκολούθησεν

2065 724 2215 796 αὐτῷ
2255 724 2436 788 εὐθύς.
2471 723 2582 776 Kal
2611 720 2781 774 ἐλθὼν
2818 721 2912 773 ἐπὶ
2946 719 3043 791 τὴν
3087 719 3286 773 κέλλαν
3317 719 3571 790 Μάρκου,
3601 719 3655 773 ἐς

2067 833 2288 889 κρουσε,
2317 815 2489 884 λέγων
2508 831 2521 845 ·
2545 814 2763 884 Μάρκε.
2805 813 2863 865 Ὀ
2885 811 2942 864 δὲ
2969 811 3208 875 ἀκούσας
3233 811 3536 883 τῆς-φωνῆς
3555 809 3660 865 τοῦ

2068 908 2347 980 γέροντος,
2380 905 2539 968 εὐθὺς
2586 904 2858 974 ἐπήδησεν
2889 902 3024 968 ἐξω*
3055 903 3151 957 καὶ
3206 902 3452 973 ἐπεμψεν
3486 903 3659 957 αὐτὸν

2069 1002 2150 1064 εἰς
2184 998 2478 1053 διακονίαν.
2515 997 2624 1050 Kal
2656 996 2806 1065 λέγει
2847 998 2960 1060 τοῖς
3014 994 3268 1066 γέρουσιο
3294 992 3404 1047 Ποῦ
3433 994 3574 1049 εἰσὶν
3605 995 3659 1048 οί

2075 1088 2254 1143 λοιποὶ
2300 1087 2543 1156 ἀδελφοὶ,
2571 1087 2841 1158 Πατέρες;
2872 1085 2980 1139 Kal
3022 1083 3278 1138 εἰσελθὼν
3307 1085 3386 1148 εἰς
3413 1085 3511 1156 τὴν
3531 1083 3663 1138 κέλ-

2068 1180 2167 1234 λαν
2196 1180 2386 1244 αὑτοῦ,
2418 1179 2735 1249 ἐψηλάφησε
2755 1177 2816 1230 τὸ
2853 1175 3136 1248 τετράδιον
3157 1173 3352 1228 αὐτοῦ·
3381 1176 3477 1228 καὶ
3497 1167 3664 1246 εὗρεν

2069 1273 2152 1326 ὅτι
2175 1291 2221 1325 ω
2261 1271 2423 1325 ἔϐαλε
2464 1275 2624 1344 χεῖρα
2651 1272 2823 1324 ποιεῖν
2839 1271 2885 1303 ’³
2907 1286 2922 1299 ·
2956 1269 3047 1322 καὶ
3068 1267 3309 1332 ἀκούσας
3339 1267 3434 1321 τοῦ
3461 1269 3662 1339 γέρον-ν

2068 1381 2179 1428 τος,
2209 1365 2310 1418 οὐκ
2355 1363 2586 1435 ἔστρεψε
2650 1362 2734 1416 τὸν
2786 1361 3032 1432 κάλαμον
3059 1360 3347 1433 πληρῶσαι
3382 1360 3536 1415 αὑτό.
3564 1358 3667 1413 Λέ-

2069 1469 2255 1519 γουσιν
2289 1448 2381 1506 οὖν
2413 1453 2463 1505 ol
2491 1453 2772 1523 γέροντες·
2806 1453 3013 1515 Ὄντως
3037 1449 3098 1504 ὃν
3133 1452 3196 1504 σὺ
3226 1452 3467 1521 ἀγαπᾷς,
3488 1450 3660 1514 άϐϐᾶ,

2069 1545 2167 1599 καὶ
2212 1547 2376 1617 ἡμεῖς
2413 1544 2573 1598 αὑτὸν
2591 1545 2636 1576 ⁸⁸
2688 1542 3019 1612 ἀγαπῶμεν,
3057 1542 3150 1596 καὶ
3166 1543 3212 1582 ⁸⁷
3247 1543 3276 1594 6
3306 1540 3440 1605 Θεὸς
3480 1528 3664 1594 ἀὐτὸν

2071 1637 2281 1708 ἀγαπᾷ.

2145 1726 2209 1798 β’.
2263 1727 2490 1796 Ἔλεγον
2537 1726 2663 1798 περλ¹
2713 1722 2806 1779 τοῦ
2855 1723 3000 1778 ἀϐϐᾶ
3041 1721 3362 1787 Σιλουανοῦ,
3403 1724 3486 1776 ὅτι
3528 1718 3665 1776 ποτὲ

379 1817 678 1886 aliquando
713 1817 766 1871 in
802 1816 947 1871 Sceti
980 1817 1268 1871 ambulans
1300 1832 1426 1870 cum
1457 1817 1704 1882 senibus,
1748 1819 1964 1872 volens-

2086 1819 2387 1891 τεριπατῶν
2427 1821 2486 1871 ἐν
2535 1821 2600 1889 τῇ
2635 1819 2830 1888 Σκήτει
2867 1816 3006 1888 μετὰ
3052 1816 3162 1870 τῶν
3203 1816 3509 1888 γερόντων,
3559 1817 3663 1870 καὶ

377 1923 487 1978 que
518 1909 584 1963 iis
607 1908 862 1978 discipuli
911 1908 998 1962 sui
1041 1907 1207 1960 Marci
1245 1907 1608 1962 obedientiam
1648 1910 1962 1973 ostendere,

379 2014 446 2056 ac
506 2007 730 2070 propter
752 1999 884 2069 quid
955 1999 1208 2069 diligeret
1255 2014 1404 2063 eum,
1451 2008 1747 2068 conspecto
1800 2015 1968 2070 parvo

379 2105 536 2161 apro,
575 2091 711 2144 dixit
755 2091 851 2145 ei:
889 2089 1086 2146 Cernis
1110 2131 1124 2155 ,
1161 2089 1255 2154 fili,
1310 2105 1544 2161 parvum
1597 2089 1750 2143 illum
1798 2091 1969 2145 buba-

381 2182 532 2236 lum?
573 2180 924 2250 Respondit:
979 2180 1179 2240 Etiam.
1235 2181 1394 2235 abba.
1454 2180 1519 2234 Et
1583 2194 1792 2235 cornua
1848 2181 1968 2251 ejus

379 2287 544 2342 quam
591 2271 861 2342 elegantia
895 2272 1062 2328 sunt?
1098 2273 1230 2327 Ait:
1277 2271 1395 2337 Nae,
1429 2272 1589 2327 abba.
1644 2272 1816 2327 Senes
1840 2287 1970 2341 ergo

381 2363 635 2418 demirati
670 2371 798 2418 sunt
829 2378 1155 2433 responsum
1185 2365 1326 2433 ejus,
1355 2372 1410 2420 et
1437 2363 1692 2419 aaditicati
1723 2371 1854 2421 sunt
1884 2365 1968 2418 in-

382 2456 686 2524 structique
715 2455 786 2509 ob
818 2463 1025 2509 tantam
1057 2455 1448 2511 obedientiam.

451 2545 505 2599 '5.
551 2544 661 2615 (45)
701 2543 861 2600 Venit
911 2546 1210 2616 aliquando
1244 2562 1370 2601 cum
1423 2562 1624 2618 magno
1673 2549 1971 2604 comitatus

383 2647 676 2708 apparatu,
704 2646 878 2693 mater
899 2638 1114 2694 abbatis
1156 2638 1348 2703 Marci,
1384 2647 1444 2693 ut
1474 2639 1682 2694 videret
1710 2655 1834 2694 eum
1860 2658 1873 2694 :
1904 2641 1971 2693 ad

386 2745 556 2802 quam
589 2745 716 2785 cum
748 2731 975 2786 exiisset
1003 2747 1191 2796 senex,
1230 2731 1320 2785 illa
1348 2731 1486 2784 dixit
1516 2751 1528 2786 :
1557 2731 1729 2799 Abba,
1762 2731 1893 2801 jnbc
1914 2739 1974 2786 ut

385 2825 534 2880 illius
587 2841 741 2882 meus
793 2825 1125 2897 egrediatur,
1162 2841 1271 2896 quo
1305 2826 1515 2880 videam
1568 2841 1714 2881 eum.
1759 2825 1973 2881 lntrans

387 2925 571 2971 autem
625 2932 814 2982 senex,
851 2919 926 2971 ait
974 2917 1194 2972 Marco:
1243 2916 1432 2982 Prodi,
1479 2925 1538 2972 ut
1569 2926 1623 2972 te
1669 2919 1975 2988 conspiciat

389 3020 562 3064 mater
594 3017 708 3064 tua.
741 3010 1001 3066 Gestabat
1030 3020 1212 3066 autem
1264 3019 1471 3066 vestem
1517 3025 1548 3066 e
1579 3011 1749 3065 variis
1804 3010 1974 3081 panni

386 3101 682 3173 segmentis
712 3111 1023 3167 consutam,
1052 3113 1282 3172 eratque
1326 3100 1551 3171 fuligine
1585 3101 1835 3170 coquinae.
1856 3101 1977 3154 tin-

2071 1911 2238 1964 θέλων
2271 1910 2453 1974 αὐτοῖς
2486 1911 2585 1980 τὴν
2619 1910 2867 1980 ὑπακοὴν
2892 1909 2988 1962 τοῦ
3021 1907 3269 1980 μαθητοῦ
3303 1906 3469 1963 αὐτοῦ
3502 1908 3666 1979 Μάρ-

2070 2019 2166 2054 κου
2193 2001 2385 2067 δεῖξαι,
2415 2002 2510 2055 καὶ
2536 2002 2603 2054 δι’
2633 2001 2662 2054 6
2692 2002 2881 2072 ἀγαπᾷ
2921 2001 3107 2064 αὐτὸν,
3145 1999 3430 2071 θεωρήσας
3459 1996 3663 2070 μικρὸν

2072 2095 2329 2167 σύαγρον,
2361 2094 2512 2164 λέγει
2551 2094 2729 2165 αὐτῷ’
2774 2094 3012 2164 Θεωρεῖς
3051 2093 3112 2147 τὸ
3154 2092 3348 2162 μικρὸν
3377 2091 3665 2162 βουϐάλων

2072 2189 2270 2253 έκεῖνο,
2328 2187 2559 2253 τέκνον;
2609 2187 2774 2256 Λέγει
2832 2186 3020 2258 αὐτῷ·
3070 2185 3199 2250 Nal,
3231 2184 3396 2239 άϐϐἄ.
3433 2183 3543 2239 Kal
3592 2182 3667 2238 τὰ

2071 2279 2278 2350 κέρατα
2303 2277 2470 2333 αὑτοῦ
2509 2277 2626 2342 πῶς
2649 2278 2857 2332 πιθανά
2887 2279 3064 2344 είσιν;
3100 2277 3300 2346 Λέγει·
3332 2276 3460 2340 Nal,
3491 2274 3661 2329 άϐϐἄ.

2072 2373 2182 2426 Kal
2206 2371 2525 2442 ἐθαύμασαν
2555 2373 2605 2425 οἱ
2629 2373 2886 2442 γέροντες
2908 2369 3007 2442 τὴν
3031 2368 3322 2440 ἀπόκρισιν
3352 2366 3542 2430 αὐτοῦ,
3568 2368 3668 2422 καὶ

2074 2462 2501 2535 ᾡκοδομήθησαν
2529 2466 2587 2518 ἐν
2621 2466 2685 2535 τῇ
2714 2464 2926 2534 ὑπακοῇ
2963 2461 3149 2516 αὐτοῦ.

2146 2562 2214 2624 γ’.
2257 2555 2510 2625 Κατ-ἦλθέ
2556 2573 2685 2609 ποτε
2724 2556 2756 2626 ἡ
2814 2556 3000 2626 μήτηρ
3030 2551 3124 2607 τοῦ
3168 2553 3315 2607 esea
3348 2554 3393 2586 ⁸³
3429 2551 3666 2624 Μάρκου

2077 2647 2207 2702 ἰδεῖν
2237 2646 2430 2702 αὐτόν’
2463 2647 2556 2699 καὶ
2589 2642 2700 2716 εἶχε
2731 2645 2929 2716 πολλ’ὴν
2955 2644 3273 2714 φαντασίαν.
3303 2643 3413 2697 Kal
3442 2643 3668 2715 ἐξῆλθεν

2073 2741 2102 2792 6
2132 2740 2310 2810 γέρων
2368 2738 2496 2811 πρὸς
2530 2739 2720 2808 αὐτήν.
2769 2737 2879 2791 Kal
2916 2733 3068 2789 εἶπεν
3097 2735 3276 2806 αὐτῷ·
3324 2734 3511 2799 ’Δϐϐἄ,
3541 2733 3668 2787 εἰπὲ

2075 2833 2166 2885 τὸν
2195 2832 2311 2885 υἱόν
2335 2833 2380 2866 ⁸³
2411 2848 2512 2902 μου
2545 2829 2801 2898 ἐξελθεῖν,
2835 2829 2922 2882 ῖνα
2961 2828 3055 2882 ῑδω
3088 2829 3271 2884 αὐτόν.
3303 2824 3574 2881 Εἰσελθὼν
3606 2825 3667 2881 δὲ

2077 2924 2107 2976 6
2132 2923 2332 2995 γέρων,
2361 2918 2516 2976 εἶπεν
2561 2921 2744 2992 αὐτῷ’
2777 2919 3022 2984 Ἔξελθε,
3055 2919 3143 2973 ῖνα
3184 2935 3243 2972 σε
3279 2918 3360 2990 ἴδῃ
3403 2920 3436 2990 ή
3477 2918 3669 2989 μήτηρ

2081 3032 2195 3069 σου.
2226 3010 2334 3068 Ἦν
2367 3014 2425 3066 δέ
2474 3013 2657 3084 φορῶν
2705 3013 3084 3083 κεντονάριον,
3139 3011 3235 3064 καὶ
3285 3009 3670 3080 ήσϐολωμένος

2079 3107 2187 3160 ἀπὸ
2218 3105 2312 3158 τοῦ
2361 3105 2698 3177 μαγειρείου.
2735 3103 2846 3159 Kal
2879 3101 3110 3168 ἐξελθὼν
3142 3101 3230 3156 διὰ
3262 3100 3360 3173 τὴν
3393 3099 3666 3173 ὑπακοὴν,

387 3203 532 3248 ctus.
561 3192 732 3263 Igitur
761 3200 985 3263 propter
1008 3192 1372 3248 obedientiam
1395 3193 1605 3256 exiens,
1633 3192 1974 3246 elausitocu-

2086 3199 2370 3269 ἐκάμμυσε
2402 3197 2528 3260 τοὺς
2567 3196 2880 3268 ὀφθαλμοὺς
2919 3193 3106 3260 αὑτοῦ,
3139 3193 3233 3247 καὶ
3267 3189 3420 3247 εἶπεν
3444 3194 3667 3257 αὐτοῖς·

389 3286 472 3341 los
496 3325 510 3348 ,
549 3293 603 3339 et
641 3284 780 3339 dixit
812 3303 826 3338 :
871 3284 1064 3340 Salvos
1100 3300 1198 3341 vos
1248 3285 1406 3350 volo,
1462 3285 1642 3340 salvos
1677 3299 1775 3339 vos
1815 3285 1972 3349 volo,

388 3375 570 3431 salvos
608 3389 704 3428 vos
737 3373 891 3438 volo;
930 3389 1031 3428 nec
1059 3373 1198 3428 vidit
1231 3387 1582 3443 quemquam.
1632 3369 1804 3427 Mater
1842 3387 1974 3425 vero

390 3481 498 3521 non
520 3467 740 3536 agnovit
763 3466 961 3535 ipsum.
991 3465 1191 3521 lterum
1213 3481 1344 3534 ergo
1373 3465 1524 3520 misit
1553 3464 1618 3518 ad
1646 3479 1855 3528 senem,
1894 3479 1981 3533 pe-

390 3568 550 3612 tens:
593 3557 765 3622 Abba,
816 3557 970 3612 mitte
1001 3557 1135 3612 mihi
1177 3557 1344 3611 filium
1377 3570 1578 3616 meum,
1607 3563 1666 3608 ut
1695 3571 1819 3610 eum
1853 3570 1982 3624 spe-

389 3659 557 3704 ctem.
605 3647 743 3702 Tum
780 3663 948 3704 senex
997 3649 1063 3703 ad
1103 3647 1390 3702 Marcum:
1441 3646 1634 3700 Nonne
1684 3647 1795 3700 dixi
1841 3646 1980 3700 tibi:

394 3739 687 3812 Egredere,
718 3748 779 3794 ut
809 3748 863 3794 te
889 3740 1123 3809 aspiciat
1156 3749 1330 3794 mater
1358 3739 1489 3792 tua?
1515 3738 1816 3809 Respondit
1842 3737 1984 3791 Mar-

393 3847 534 3887 cus:
577 3831 842 3903 Egressus
877 3846 1019 3897 sum,
1052 3831 1206 3900 juxta
1241 3845 1549 3886 sermonem
1601 3836 1779 3895 tuum,
1820 3828 1980 3882 abba.

398 3922 598 3979 Verum
641 3939 773 3994 rogo
805 3932 892 3987 te,
926 3937 994 3978 ne
1026 3925 1221 3978 iterum
1243 3921 1438 3992 jubeas
1484 3937 1570 3976 me
1616 3921 1788 3987 exire,
1814 3931 1874 3976 ut
1917 3937 1986 3976 ne

400 4017 498 4071 tibi
531 4017 634 4072 sim
665 4016 1058 4086 inobsequens.
1087 4013 1243 4069 Tune
1269 4029 1530 4085 egressus
1561 4027 1725 4068 senex
1759 4013 1833 4066 ait
1865 4027 1987 4066 mn-

396 4109 514 4164 lieri
542 4127 556 4163 :
581 4109 699 4178 Ipse
725 4118 807 4164 est
828 4108 920 4178 qui
945 4108 1093 4163 venit
1113 4108 1177 4162 ad
1199 4122 1313 4170 vos,
1342 4106 1588 4176 dixitque
1618 4123 1630 4159 :
1663 4103 1856 4161 Salvos
1889 4118 1987 4159 vos

397 4199 544 4252 volo.
580 4198 645 4250 Et
671 4199 924 4254 hortatus
955 4200 1385 4269 consolatusque
1415 4213 1560 4260 eam,
1587 4197 1660 4249 ila
1683 4195 1910 4250 dimisit.

467 4288 524 4342 4.
563 4287 714 4340 Alias
765 4289 1032 4358 contigit,
1071 4299 1130 4342 ut
1167 4305 1426 4359 egressus
1461 4305 1491 4344 e
1537 4287 1704 4350 Sceti,
1741 4293 1991 4358 pergeret

402 4379 459 4432 in
507 4387 748 4430 montem
807 4377 963 4442 Sina,
1019 4389 1074 4431 et
1136 4379 1248 4432 illic
1305 4390 1568 4434 maneret.
1619 4379 1764 4433 Misit
1817 4387 1990 4434 mater

403 4469 596 4531 Marci,
629 4467 890 4535 adjurans
911 4483 1036 4520 cum
1070 4467 1350 4536 lacrymis,
1383 4475 1445 4520 ut
1471 4469 1644 4522 exiret
1672 4467 1816 4523 filius
1846 4469 1988 4538 ejus,

2081 3291 2373 3363 Σωθείητε,
2398 3290 2680 3361 σωθείητε,
2707 3287 2969 3360 σωθείητε
2985 3304 2998 3317 ·
3029 3287 3124 3340 καὶ
3155 3287 3256 3340 οὐκ
3281 3281 3421 3340 εἶδεν
3445 3283 3670 3349 αὐτούς.

2095 3383 2245 3436 Ἡδὲ
2292 3383 2476 3454 μήτηρ
2523 3381 2687 3435 αὑτοῦ
2721 3381 2822 3434 οὐκ
2863 3379 3159 3451 ἐγνώρισεν
3207 3379 3370 3432 αὐτόν
3411 3379 3450 3431 ¹.
3495 3376 3674 3431 Πάλιν

2081 3471 2174 3528 οῦν
2203 3475 2405 3546 πέμπει
2436 3474 2572 3547 πρὸς
2596 3473 2687 3528 τὸν
2717 3473 2966 3546 γέροντα,
2997 3470 3262 3540 λέγουσα·
3300 3469 3493 3535 Ἀϐϐἄ,
3529 3469 3677 3539 πέμ-

2083 3568 2182 3638 ψον
2219 3585 2308 3638 μοι
2341 3566 2434 3620 τὸν
2471 3566 2585 3620 υἱόν
2637 3583 2769 3637 μου,
2804 3566 2891 3619 ῖνα
2935 3564 3095 3619 αὑτὸν
3128 3562 3242 3619 ῐδω.
3281 3563 3392 3616 Kal
3424 3558 3551 3615 εἷπε
3595 3560 3677 3632 τῷ

2085 3660 2328 3731 Μάρκῳο
2355 3660 2468 3713 Οὐκ
2504 3656 2658 3712 εἶπόν
2694 3675 2807 3712 σοι·
2831 3655 3074 3723 Ἔξελθε,
3101 3656 3188 3710 ῖνα
3219 3671 3278 3707 σε
3311 3655 3396 3727 ῐδῃ
3423 3657 3457 3724 ἡ
3490 3654 3678 3733 μήτηρ

2088 3769 2181 3806 σου
2209 3772 2224 3819 ;
2254 3753 2366 3806 Kal
2393 3747 2547 3805 εἶπεν
2581 3751 2728 3822 αὐτῷ
2766 3753 2794 3804 6
2823 3751 3082 3820 Μάρκος·
3127 3746 3382 3818 Ἐξῆλθον
3417 3745 3558 3799 κατὰ
3584 3745 3680 3799 τὸν

2086 3841 2243 3910 λόγον
2273 3859 2389 3906 σου,
2426 3841 2589 3895 άϐϐἄ.
2622 3842 2770 3912 Πλὴν
2801 3839 3105 3912 παρακαλῶ
3139 3855 3220 3905 σε,
3260 3836 3336 3908 μὴ
3383 3838 3546 3910 εἴπῃς
3586 3853 3680 3908 μοι

2087 3933 2217 3986 ἄλλο
2243 3933 2392 3998 ἅπαξ
2415 3934 2434 3964 ¹
2471 3931 2727 3998 ἐξελθεῖν,
2777 3932 2864 3985 ἵνα
2913 3931 2987 4002 μὴ
3018 3927 3354 4001 παρακούσω
3406 3945 3523 3982 σου.
3566 3927 3683 3981 Kal

2089 4024 2323 4090 ἐξελθὼν
2349 4027 2376 4078 6
2403 4025 2580 4096 γέρων
2621 4019 2777 4078 εἶπεν
2823 4025 2960 4094 αὐτῇ
2984 4039 2998 4053 ο
3035 4022 3205 4084 Αὐτός
3242 4021 3394 4075 ἐστιν
3437 4021 3466 4074 6
3498 4020 3681 4074 ἀπαν-

2088 4117 2266 4186 τήσας
2313 4116 2465 4186 ὑμῖν,
2512 4115 2722 4184 λέγων’
2778 4113 3068 4186 Σωθείητε.
3126 4113 3237 4166 Kal
3283 4110 3684 4184 παρακαλέσας

2091 4207 2262 4276 αὐτὴν
2291 4207 2586 4263 ἀπέλυσεν.

2161 4299 2223 4352 δ’.
2263 4299 2487 4352 Ἀλλοτε
2535 4297 2733 4368 συνέϐη
2777 4295 2939 4350 αὐτὸν
2991 4294 3226 4361 ἐξελθεῖν
3267 4294 3374 4349 ἀπὸ
3403 4294 3685 4364 Σκήτεως,

2092 4391 2189 4443 καὶ
2228 4387 2483 4444 ἀπελθεῖν
2519 4390 2600 4452 είς
2645 4389 2707 4442 τὸ
2741 4389 2866 4458 ὅρος
2897 4388 2957 4441 τὸ
2990 4387 3141 4450 Σινὰ,
3184 4387 3279 4440 καὶ
3325 4389 3505 4456 μεῖναι
3544 4386 3684 4438 ἐκεῖ.

2094 4482 2205 4534 Kal
2230 4480 2476 4550 ἐπεμψεν
2501 4482 2534 4550 ἡ
2566 4481 2749 4550 μήτηρ
2774 4479 2868 4533 τοῦ
2911 4479 3140 4549 Μάρκου
3186 4476 3482 4549 ὁρκίξουσα
3518 4474 3687 4527 αὐτὸν

404 4576 470 4616 ac
506 4558 714 4612 videret
742 4573 887 4611 eum.
927 4557 1107 4611 Senex
1154 4562 1338 4610 autem
1374 4556 1526 4609 illum
1568 4556 1799 4614 dimisit.
1824 4559 1974 4614 Cum-

2098 4571 2236 4644 μετὰ
2261 4570 2534 4643 δακρύων,
2559 4572 2647 4624 ἱνα
2669 4570 2859 4642 ἐξέλθῃ
2877 4572 2905 4623 6
2925 4569 3038 4632 ul6;
3061 4569 3253 4638 αὐτῆς,
3271 4568 3364 4620 καὶ
3391 4567 3474 4638 ἴδῃ
3495 4565 3684 4619 αὐτόν.

404 4666 510 4722 que
530 4648 933 4717 composuisset
972 4645 1226 4700 melotem
1273 4660 1430 4701 suam
1465 4644 1531 4699 ad
1565 4647 1897 4714 exeundum,
1932 4656 1987 4703 et

405 4744 651 4800 venisset
678 4751 737 4795 ut
772 4754 957 4798 senem
989 4737 1276 4806 salutaret,
1311 4736 1458 4792 illico
1496 4737 1663 4806 coepit
1698 4737 1856 4804 ﬂere;
1888 4753 1989 4794 nec

406 4850 665 4908 egressus
683 4842 786 4889 est.

487 5040 541 5096 5.
584 5038 698 5108 (44)
731 5035 1062 5092 Referebant
1089 5035 1155 5089 de
1184 5035 1378 5089 abbate
1412 5032 1656 5096 Silvano,
1685 5032 1832 5102 quod
1865 5047 1988 5086 cum

410 5131 574 5186 vellet
615 5131 671 5183 in
725 5127 942 5200 Syriam
986 5125 1282 5197 proficisci,
1334 5125 1534 5179 dixerit
1590 5124 1638 5179 ei
1685 5123 1992 5192 discipulus

411 5221 533 5289 ejus
565 5219 825 5275 Marcus:
875 5217 1057 5281 Pater,
1089 5218 1216 5271 nolo
1263 5216 1414 5271 exire
1461 5215 1622 5280 hinc;
1657 5215 1751 5268 scd
1809 5229 1907 5267 nec
1946 5223 1998 5269 te

415 5312 590 5380 patiar
627 5312 833 5380 egredi,
879 5311 1040 5364 abba.
1083 5308 1284 5364 Verum
1326 5307 1415 5361 hic
1450 5314 1563 5360 tres
1614 5305 1733 5359 dies
1783 5319 1998 5374 perma-

416 5412 563 5457 neto.
597 5398 664 5454 Et
689 5402 849 5455 tertia
876 5403 964 5456 die
990 5411 1165 5456 morte
1195 5399 1454 5455 occubuit
1488 5399 1718 5454 Marcus.

484 5519 533 5553 “
569 5517 715 5579 Haec,
745 5519 839 5571 καὶ
858 5520 1147 5573 ἐνεκάλουν
1168 5521 1352 5575 αὐτόν.
1387 5520 1589 5574 absunt
1621 5519 1689 5570 ab
1711 5518 1781 5588 al.
1858 5520 1906 5550 θ’
1946 5519 1974 5571 Α

2086 5517 2126 5571 :6
2149 5521 2189 5572 0
2211 5518 2466 5588 ἤρξατο.-
2508 5519 2555 5550 ⁸⁸
2593 5517 2754 5588 Qeest
2792 5519 2954 5571 αὐτόν
2997 5519 3051 5571 in
3085 5515 3157 5569 al.
3199 5515 3278 5588 _"
3302 5511 3569 5588 _Al._ins._
3591 5511 3704 5588 ὅτι.

1487 5592 1500 5620 ¹
1547 5590 1630 5642 AI.
1671 5587 1792 5640 οὐδὲ
1821 5590 1852 5658 ἠ
1887 5607 1944 5660 μ.
1976 5605 2029 5642 α.
2066 5590 2180 5656 ἐγν.
2213 5585 2264 5642 οἱ.
2301 5590 2384 5641 ὅτι
2413 5585 2566 5652 οὗτος
2613 5585 2689 5660 ἦν.

415 5591 462 5622 η
498 5589 582 5643 Al.
611 5589 893 5660 6651cp05._
956 5591 1018 5660 κου
1056 5592 1141 5643 Al.
1168 5591 1243 5660 τῷ
1271 5590 1392 5660 υιῷ.

418 5663 589 5715 inser.
619 5659 808 5714 ἄλλας.
882 5657 904 5689 ⁸
942 5659 1025 5712 Al.
1064 5661 1191 5714 add.
1217 5657 1282 5714 ’ἐν
1317 5657 1532 5732 εἰρήνῃ.

489 5770 599 5843 (Β)
634 5769 738 5825 γει.
775 5767 931 5822 Patr.
964 5784 1076 5832 xw,
1109 5770 1158 5822 6.

2106 4665 2165 4718 '0
2202 4665 2258 4718 δὲ
2287 4663 2464 4735 γέρων
2490 4662 2759 4717 ἀπέλυσεν
2790 4663 2972 4716 αὐτόν.
3015 4662 3127 4715 Kal
3150 4661 3226 4723 ὡς
3253 4659 3426 4712 ὲποίει
3449 4659 3548 4726 τὴν
3581 4674 3690 4726 μη-

2095 4759 2272 4830 λωτὴν
2305 4757 2471 4812 αὐτοῦ
2515 4756 2611 4810 τοῦ
2642 4756 2909 4822 ἐξελθεῖν,
2951 4755 3046 4808 καὶ
3086 4754 3286 4824 ἦρχετο
3329 4747 3691 4804 ἀσπάσασθαι

2097 4853 2188 4906 τὸν
2228 4851 2483 4923 γέροντα,
2513 4849 2715 4914 εὐθέως
2760 4848 2949 4903 ἔϐαλλε
2985 4845 3212 4909 κλαίειν,
3255 4842 3348 4896 καὶ
3379 4842 3480 4895 οὑκ
3520 4839 3692 4912 ἐξήρ-

2099 4959 2243 5013 χετο.

2171 5041 2232 5086 ε’.
2266 5034 2492 5102 Ἔλεγον
2519 5051 2585 5085 πε
2596 5034 2647 5104 ρ“ι
2670 5031 2764 5085 τοῦ
2789 5031 2932 5085 ἁϐϐἅ
2960 5027 3271 5093 Σιλουανοῦ,
3291 5027 3374 5079 ὅτι
3401 5025 3477 5088 ὡς
3498 5024 3694 5091 ἤθελεν

2100 5127 2334 5191 ἐξελθεῖν
2367 5129 2446 5190 εἰς
2490 5126 2724 5197 Συρίαν,
2778 5121 2932 5178 εἶπεν
2976 5122 3124 5193 αὑτῷ
3151 5123 3180 5175 6
3231 5119 3480 5192 μαθητὴς
3520 5117 3694 5170 αὑτοῦ

2099 5219 2356 5290 Μάρκος·
2390 5218 2592 5288 Πάτερ,
2623 5219 2684 5270 οὐ
2726 5217 2864 5269 θέλω
2909 5215 3144 5280 ἐξελθεῖν
3193 5213 3378 5266 ἔνθεν·
3424 5209 3539 5264 ἀλλ’
3567 5209 3696 5264 οὐδὲ

2103 5308 2164 5360 σέ
2193 5307 2318 5376 ἀφῶ
2349 5307 2604 5372 ἐξελθεῖν,
2629 5307 2790 5362 ἀϐϐἄ.
2823 5307 2984 5360 Ἀλλά
3017 5305 3357 5376 παράμεινον
3376 5295 3512 5356 ὧδε³
3542 5303 3698 5373 τρεῖς

2102 5399 2338 5470 ἡμέρας.
2369 5399 2480 5452 Kal
2503 5401 2568 5469 τῇ
2603 5399 2762 5470 τρίτῃ
2787 5399 2972 5470 ἡμέρᾳ
2996 5395 3263 5468 ἐκοιμήθη
3288 5395 3330 5450 ⁸.

2806 5589 3018 5644 ’Abcst
3074 5586 3222 5653 ἅπαξ
3271 5585 3336 5641 ab
3367 5583 3438 5638 al.
3549 5582 3571 5616 ³
3612 5581 3678 5637 At

2189 5765 2299 5836 (Η)
2342 5765 2448 5822 Vit.
2491 5767 2636 5821 Patr.
2673 5783 2827 5831 xvm,
2860 5765 2946 5817 5!.
