3982 6336
191 349 293 410 9.97

591 464 732 535 Περὶ
758 461 868 518 τοῦ
897 458 1049 518 ἀϐϐᾶ
1071 458 1398 529 Μιλησίου.

264 606 341 657 α’.
371 597 792 672 Παρερχόμενος
831 598 860 652 6
895 597 1070 662 ἀϐϐἄς
1103 597 1368 669 Μιλήσιος
1404 595 1493 650 διά
1520 613 1665 661 τινος
1696 595 1785 649 τό·

198 708 327 756 που,
364 686 476 744 εἶδέ
520 708 646 745 τινα
676 689 906 769 μοναχὸν
953 689 1323 761 κρατούμενον
1366 687 1473 741 ὑπό
1501 704 1680 751 τινος,
1709 684 1785 748 ὡς

200 785 361 854 φόνον
394 784 721 856 ποιήσαντα.
750 783 862 836 Kal.
895 779 1265 853 προσεγγίσας
1292 782 1323 833 6
1348 779 1547 852 γέρων,
1576 777 1785 849 ἐπερώ-

198 892 337 944 τησε
390 875 486 928 τὸν
536 872 789 943 ἀδελφόν.
834 873 946 927 Kal.
985 870 1172 943 μαθὼν
1203 873 1287 925 ὄτι
1329 872 1742 939 συκοφαντεῖται
1764 906 1781 933 ,

197 967 351 1036 λέγει
401 967 546 1038 πρὸς
601 968 727 1029 τοὺς
776 963 1106 1034 κατέχοντας
1158 962 1353 1017 αὐτόν’
1401 959 1511 1014 Ποῦ
1561 959 1708 1013 ἐστιν
1753 960 1784 1017 ὁ

196 1058 519 1126 φονευθείςς
552 1058 664 1111 Καὶ
701 1055 908 1122 ἔδειξαν
950 1053 1117 1124 αὐτῷ.
1161 1054 1272 1108 Kal.
1306 1052 1671 1124 προσεγγίσας
1703 1048 1784 1120 τῷ

197 1147 533 1219 φονευθέντι,
556 1146 678 1202 εῐπε
705 1149 839 1201 πᾶσι
873 1144 1298 1217 προσεύξασθαι.
1326 1143 1501 1197 Αὑτοῦ
1526 1143 1584 1196 δὲ
1614 1143 1784 1195 ἐκπε-

196 1239 470 1300 τάσαντος
495 1236 596 1301 τὰς
623 1239 813 1308 χεῖρας
835 1234 970 1305 πρὸς
999 1233 1090 1287 τὸν
1112 1232 1265 1297 Θεὸν,
1290 1232 1488 1301 ἀνέστη
1519 1231 1547 1284 6
1569 1228 1780 1299 νεκρός.

195 1328 314 1383 Καὶ
339 1324 494 1381 εἶπεν
540 1326 693 1398 αὐτῷ
719 1327 813 1379 ἐπὶ
843 1324 1061 1379 πάντων
1082 1339 1097 1354 ·
1130 1322 1264 1376 Εἰπὲ
1303 1323 1435 1393 ἡμῖν
1458 1321 1544 1385 τίς
1579 1321 1726 1373 ἐστιν
1755 1320 1784 1373 6

197 1420 474 1490 φονεύσας
507 1438 588 1474 σε.
622 1421 683 1473 '0
724 1421 781 1474 δὲ
816 1416 994 1484 εἶπεν,
1029 1419 1110 1472 ὅτι
1151 1414 1423 1471 Εἰσελθὼν
1455 1416 1537 1478 είς
1564 1412 1662 1485 τὴν
1692 1413 1784 1469 ἐκέ

196 1510 452 1581 κλησίαν,
470 1510 678 1564 δέδωκα
710 1511 968 1582 χρήματα
987 1509 1066 1580 τῷ
1092 1506 1474 1580 πρεσϐυτέρῳο
1501 1508 1530 1559 6
1565 1505 1623 1558 δὲ
1649 1505 1783 1559 ἀνα-

199 1601 354 1664 στὰς,
408 1600 613 1669 ἔσφαξέ
661 1618 729 1672 με
750 1616 763 1631 ο
794 1600 893 1655 καὶ
943 1599 1282 1668 ἀπενέγκας,
1321 1596 1543 1670 ἔρριψεν
1595 1597 1674 1659 είς
1721 1594 1784 1648 τὸ

200 1693 566 1766 μοναστήριον
594 1692 688 1745 τοῦ
723 1691 885 1746 assa.
926 1690 1087 1745 Ἀλλὰ
1113 1688 1418 1762 παρακαλῶ
1450 1690 1630 1760 ὑμᾶς,
1681 1686 1781 1758 ληο

1378 318 1992 401 Aroru'ruscut'rx
2033 343 2340 403 manus.

1814 459 1858 515 Δ

3352 373 3463 432 298

2414 457 2491 514 De
2528 459 2713 518 abbate
2742 461 2966 523 Milesio.

1965 589 2015 643 l.
2056 588 2435 648 Pertransiens
2466 594 2637 650 abbas
2664 595 2914 655 Milesius
2940 616 3037 670 per
3064 608 3354 675 quemdam
3382 608 3462 666 lo-

1891 693 2017 734 cum
2055 719 2072 742 ,
2098 681 2237 736 vidit
2268 683 2600 739 monachum
2640 687 2710 741 ab
2742 688 2925 760 aliquo
2964 697 3157 760 teneri,
3183 699 3330 754 velut
3362 700 3467 754 lm-

1892 766 2191 861 t‘nicidama
2236 769 2303 825 Et
2357 773 2807 845 appropinquans
2882 795 3049 838 senex
3107 786 3467 861 interrogavit

1892 856 2138 914 fratrem.
2165 860 2413 933 Cumque
2438 864 2745 934 didicisset,
2774 873 3102 930 calumniam
3138 878 3187 932 ei
3219 856 3356 946 fieri,
3393 881 3464 937 ad

1891 948 2017 1005 illos
2040 950 2132 1020 qui
2161 951 2477 1011 detinebant
2501 957 2615 1013 ait:
2646 959 2747 1015 Ubi
2766 975 2847 1019 est
2872 966 2965 1035 qui
2988 966 3312 1026 interfectus
3330 971 3467 1027 fuit?

1892 1041 1959 1094 Et
2016 1043 2375 1100 ostenderunt
2421 1046 2495 1104 ei.
2546 1048 2735 1122 Itaque
2775 1055 2842 1110 ad
2894 1057 3243 1115 interfectum
3275 1066 3463 1133 proxi-

1890 1146 2068 1198 mans,
2102 1133 2298 1190 indixit
2351 1139 2568 1195 cunctis
2617 1149 2677 1196 ut
2725 1154 2968 1201 orarent.
3005 1147 3301 1219 Postquam
3334 1167 3465 1207 vero

1891 1238 2086 1282 manus
2140 1228 2491 1297 expandisset
2533 1232 2601 1287 ad
2636 1233 2845 1302 Deum,
2901 1243 3143 1296 surrexit
3191 1251 3459 1302 mortuus.

1891 1311 2027 1368 Tum
2056 1331 2240 1371 coram
2273 1321 2529 1378 omnibus
2561 1323 2806 1384 Milesius
2836 1329 2979 1385 dixit
3006 1333 3054 1386 ei
3098 1352 3112 1388 :
3156 1333 3335 1391 El'fare
3367 1353 3466 1391 no-

1890 1406 1974 1463 bis
2002 1407 2127 1477 quis
2159 1410 2426 1466 occiderit
2470 1420 2547 1469 te.
2595 1416 2689 1473 Ille
2721 1424 2965 1477 narravit
3008 1426 3088 1480 sic
3119 1444 3133 1481 :
3178 1425 3467 1498 Ingressus

1890 1498 1943 1551 in
1983 1499 2299 1567 ecclesiam,
2338 1502 2462 1559 dedi
2497 1510 2760 1575 pecunias
2800 1516 3155 1586 presbytero;
3195 1521 3291 1590 qui
3338 1537 3466 1576 sur-

1887 1604 2021 1660 gens
2045 1590 2318 1661 iugulavit
2361 1611 2480 1661 me,
2511 1610 2914 1675 asportansque
2943 1608 3172 1677 projecit
3213 1610 3266 1665 in
3297 1613 3467 1667 abba-

1888 1680 1959 1735 tis
1989 1685 2403 1739 monasterium.
2440 1687 2548 1744 Scd
2584 1707 2716 1763 rogo
2758 1710 2886 1761 vos,
2916 1698 2993 1751 uti
3029 1704 3271 1768 pecuniae
3307 1718 3467 1758 recu-

197 1787 403 1857 φθῆναι
446 1787 518 1841 τὰ
556 1788 837 1859 χρήματα,
870 1787 966 1840 καὶ
999 1784 1220 1856 δοθῆναι
1255 1786 1368 1848 τοῖς
1395 1782 1609 1845 τέκνοις
1657 1798 1779 1851 μου.

1890 1781 2168 1841 perentur,
2203 1789 2269 1830 ac
2299 1778 2589 1835 tradantur
2618 1783 2805 1839 liberis
2852 1788 3009 1844 meis.
3044 1790 3182 1846 Tum
3210 1793 3277 1848 ad
3310 1794 3466 1850 illum

196 1879 336 1932 Τότε
367 1874 493 1932 εἷπε
525 1877 660 1949 πρὸς
690 1878 852 1931 αὑτὸν
879 1879 908 1930 6
938 1876 1119 1947 γέρων
1141 1892 1154 1906 ·
1189 1872 1553 1939 ’Δπελθε,κα“ι
1585 1872 1781 1942 κοιμῶ,

196 1971 305 2034 ἕως
330 1970 398 2025 ἂν
427 1969 562 2043 ἔλθῃ
587 1972 617 2023 6
653 1969 879 2042 Κύριος,
907 1969 1001 2022 καὶ
1024 1968 1216 2039 ἐγείρῃ
1244 1984 1325 2022 σε.

274 2085 336 2154 β’.
381 2083 609 2138 ’Δλλοτε
642 2083 917 2148 οἰκοῦντος
943 2083 1109 2139 αὐτοῦ
1142 2082 1279 2155 μετὰ
1317 2082 1410 2137 δύο
1440 2082 1702 2155 μαθητῶν
1729 2085 1784 2135 ἐν

196 2179 315 2240 τοῖς
342 2177 516 2249 ὁρίοις
544 2175 835 2247 Περσίδος,
864 2175 1086 2248 ἐξῆλθον
1119 2174 1213 2229 δύο
1251 2176 1358 2229 υἱοὶ
1384 2174 1479 2229 τοῦ
1521 2174 1785 2245 βασιλέως

200 2271 461 2341 σαρκικοῖ
487 2268 728 2339 ἀδελφοὶ,
753 2268 1017 2340 ἀγρεῦσαι
1043 2269 1185 2323 κατὰ
1205 2268 1266 2321 τὸ
1294 2267 1433 2331 ἔθος.
1465 2266 1696 2320 Ἔϐαλον
1726 2266 1784 2321 δὲ

195 2365 319 2418 λίνα
348 2366 441 2417 ἐπὶ
469 2363 603 2416 πολὺ
628 2362 902 2433 διάστημα
930 2361 1033 2415 κᾶν
1061 2361 1155 2414 ἐπὶ
1171 2359 1580 2432 τεσσαράκοντα
1600 2358 1779 2430 μιλια·

196 2456 341 2510 ὥστε
383 2458 433 2509 εἰ
480 2455 794 2526 εὑρίσκεται
844 2452 952 2507 ἔσω
990 2451 1100 2505 τῶν
1134 2452 1315 2516 λίνων,
1348 2450 1657 2524 ἀγρεύσωσι
1690 2451 1784 2505 καὶ

196 2545 566 2600 ἀποκτείνωσι
612 2544 841 2608 κόντοις.
881 2543 1096 2615 Εὑρέθη
1128 2543 1185 2597 δὲ
1223 2544 1251 2597 6
1283 2543 1461 2615 γέρων
1498 2543 1637 2613 μετὰ
1673 2541 1783 2596 τῶν

196 2636 294 2689 δῦο
322 2635 581 2707 μαθητῶν
614 2633 799 2689 αὐτοῦ.
837 2633 948 2687 Kal.
981 2631 1306 2703 θεασάμενοι
1348 2631 1513 2687 αὐτὸν
1545 2632 1783 2704 τριχώδη

199 2727 297 2779 καὶ
328 2726 406 2789 ῶς
436 2725 650 2797 ἄγριον,
686 2723 1086 2794 ἐξεπλάγησαν,
1117 2723 1212 2777 καὶ
1243 2720 1395 2777 εἶπον
1423 2723 1574 2794 αὐτῷ
1593 2739 1605 2751 ·
1652 2724 1782 2775 ’Ἂν-

196 2818 420 2890 θρωπος
454 2815 566 2890 εἶῆ
601 2816 840 2888 πνεῦμα,
883 2817 1005 2870 εἰπὲ
1038 2818 1187 2888 ἡμῖν.
1229 2815 1338 2869 Kal.
1377 2812 1529 2869 εἶπεν
1555 2817 1738 2879 αὐτοῖς
1764 2833 1777 2845 ·

203 2910 526 2981 Ἄνθρωπός
569 2910 684 2980 εἰμι
739 2910 1096 2982 ἁμαρτωλός*
1144 2910 1238 2964 καὶ
1282 2909 1505 2980 ἐξῆλθον
1551 2909 1782 2965 κλαῦσαι

196 2998 297 3063 τὰς
318 3000 593 3070 ἁμαρτίας
622 3015 722 3070 μου
745 3015 756 3027 ·
783 2999 878 3052 καὶ
896 2998 1183 3070 προσκυνῶ
1214 2997 1419 3071 Ἰησοῦν
1440 2998 1530 3052 τὸν
1548 2998 1783 3071 Χριστὸν

195 3090 289 3144 τὸν
325 3090 455 3143 Υἱὸν
496 3089 591 3144 τοῦ
626 3088 762 3142 Θεοῦ
806 3089 900 3144 τοῦ
934 3089 1155 3156 ζῶντος.
1192 3091 1253 3143 Οἱ
1296 3090 1352 3143 δὲ
1395 3084 1547 3144 εἷπον
1592 3088 1777 3161 αὐτῷ’

1826 2150 1847 2159 ,κ

1888 1878 2100 1918 senex:
2161 1864 2287 1932 Abi,
2333 1874 2387 1923 et
2434 1868 2634 1935 dormi,
2665 1873 2841 1931 donec
2875 1878 3155 1935 advenerit
3200 1881 3466 1942 Dominus

1887 1961 2051 2025 atque
2076 1956 2399 2015 excitaverit
2434 1968 2511 2017 te.

1953 2066 2010 2164 2.
2054 2068 2169 2164 (f5)
2209 2071 2360 2130 Alias
2391 2075 2671 2135 habitante
2715 2099 2781 2138 eo
2804 2098 2929 2141 cum
2968 2087 3186 2147 duobus
3221 2090 3467 2164 discipu-

1888 2160 1955 2215 lis
1981 2162 2036 2217 in
2055 2162 2303 2223 Persidis
2332 2166 2553 2236 finibus,
2575 2172 2686 2229 duo
2711 2175 2807 2232 filii
2834 2179 3003 2249 regis,
3032 2180 3232 2239 fratres
3266 2160 3465 2239 secun-

1886 2252 2014 2309 dum
2047 2269 2286 2325 carnem,
2335 2263 2542 2332 egressi
2591 2273 2720 2321 sunt
2750 2268 2816 2323 ad
2849 2281 3172 2328 consuetam
3218 2276 3467 2331 venatio-

1887 2359 2033 2401 nem.
2062 2346 2438 2407 Extenderunt
2471 2362 2654 2412 autem
2690 2359 2826 2414 retia
2860 2361 2927 2417 ad
2966 2365 3195 2420 multum
3227 2367 3465 2437 spatium

1890 2453 1989 2528 per
2013 2441 2375 2514 quadraginta
2400 2445 2617 2503 circiter
2650 2450 2925 2520 milliaria,
2952 2464 3009 2509 ut
3037 2455 3301 2528 quidquid
3331 2472 3467 2516 con-

1888 2527 2105 2583 clusum
2167 2531 2381 2598 fuisset,
2426 2544 2774 2606 venarentur,
2836 2543 3128 2616 contisque
3187 2527 3467 2606 interﬁce-

1889 2627 2031 2675 rent.
2075 2619 2347 2693 Repertus
2380 2633 2562 2681 autem
2590 2637 2674 2684 est
2719 2630 2861 2687 intra
2877 2650 3051 2691 senex
3093 2652 3215 2692 cum
3248 2639 3467 2698 duobus

1885 2708 2197 2781 discipulis.
2236 2714 2408 2781 Quem
2432 2717 2616 2772 intuiti
2639 2720 2873 2790 pilosum
2903 2740 2969 2781 ac
2997 2728 3146 2783 velut
3171 2738 3465 2799 agrestem,

1883 2799 2323 2872 obstupuerunt,
2358 2806 2726 2880 dixeruntque
2772 2813 2821 2868 ei
2854 2831 2869 2868 :
2899 2814 3061 2873 Sisne
3137 2817 3325 2882 homo,
3376 2822 3466 2877 vel

1885 2892 2137 2963 spiritus,
2192 2896 2352 2953 nobis
2397 2897 2658 2955 edissere.
2721 2901 3056 2979 Respondit:
3107 2907 3283 2966 Homo
3340 2926 3466 2968 sum

1884 2991 2162 3054 peccator,
2196 2988 2287 3057 qui
2310 2989 2419 3043 exii
2455 2999 2516 3045 ut
2540 2992 2795 3050 deﬂerem
2839 3008 3062 3067 peccata
3093 3015 3252 3069 mea;
3291 3004 3466 3062 adoro

1885 3085 2062 3133 autem
2094 3077 2282 3135 Jcsum
2302 3079 2580 3138 Christum
2627 3084 2822 3144 Filium
2853 3089 2947 3146 Dei
2993 3093 3246 3152 viventis.
3286 3096 3357 3152 At
3384 3098 3465 3155 illi

196 3179 493 3233 essent
528 3180 685 3245 ἄλλος
707 3180 858 3246 Θεὸς,
891 3147 1028 3253 πλὴν
1055 3147 1152 3235 τοῦ
1182 3181 1334 3252 ἡλίου
1367 3179 1578 3236 καὶτοῦ
1609 3147 1781 3253 πυρὸς

1887 3168 1955 3224 ad
1975 3185 2100 3225 eum
2130 3189 2145 3224 :
2184 3171 2304 3228 Non
2341 3183 2428 3231 est
2478 3177 2621 3235 alius
2650 3178 2795 3236 Deus
2823 3193 3019 3253 praeter
3058 3188 3250 3254 solem,
3281 3190 3465 3262 ignem

198 3274 293 3326 καὶ
339 3272 434 3326 τοῦ
482 3272 707 3336 ὓδατοςο
738 3273 773 3326 ἂ
824 3273 1095 3327 ἐσέϐοντο.
1151 3272 1310 3326 Ἀλλὰ
1352 3272 1638 3344 πρόσελθε,
1686 3274 1783 3327 καὶ

198 3364 460 3418 ἑπίθυσον
514 3366 716 3428 αὐτοῖς.
764 3366 822 3418 '0
865 3366 922 3418 δὲ
963 3361 1115 3419 εἶπεν
1176 3367 1388 3430 αὐτοῖς·
1430 3366 1616 3421 Ταῦτα
1664 3366 1781 3420 κτι-

201 3455 386 3526 σματά
416 3458 544 3520 εἱσι,
594 3456 688 3508 καὶ
718 3455 1026 3509 πλανᾶσθε’
1075 3456 1211 3510 ἀλλὰ
1260 3456 1563 3528 παρακαλῶ
1628 3455 1776 3528 ὑμᾶς

197 3546 530 3618 ἐπιστρέψαι
561 3545 656 3598 καὶ
696 3544 899 3614 γνῶναι
940 3546 1036 3599 τὸν
1064 3545 1315 3616 ἀληθινὸν
1350 3545 1481 3599 Θεὸν
1525 3544 1618 3599 τὸν
1664 3544 1780 3598 κτίσ

199 3654 373 3691 σαντα
411 3635 587 3691 ταῦτα
622 3636 818 3691 πάντα.
851 3636 1015 3690 Αὐτοὶ
1040 3636 1097 3689 δὲ
1141 3630 1320 3689 εἶπον·
1357 3635 1461 3689 Τὸν
1514 3652 1777 3706 κατακρι-

202 3730 366 3783 θέντα
398 3730 491 3783 καὶ
529 3729 908 3800 σταυρωθέντα
946 3727 1126 3799 λέγεις
1148 3728 1280 3782 Θεὸν
1303 3724 1443 3782 εἶναι
1482 3727 1773 3799 amnem»;

200 3820 309 3875 Kal
338 3820 537 3888 λέγειὸ
564 3818 743 3891 γέρων
763 3836 774 3847 ·
809 3819 914 3873 Τὸν
945 3818 1332 3891 σταυρώσαντα
1356 3818 1454 3890 τὴν
1482 3812 1777 3891 ἁμαρτίαν,

198 3912 292 3966 καὶ
326 3910 723 3966 ἀποκτείναντα
746 3910 836 3963 τὸν
865 3910 1111 3981 θάνατον,
1134 3911 1294 3964 αὐτὸν
1316 3910 1460 3980 λέγω
1481 3905 1620 3964 εἶναι
1646 3909 1779 3963 Θεὸν

195 4005 474 4075 ἀληθινὸν.
499 4005 664 4069 Αὐτοὶ
686 4004 744 4058 δὲ
778 4003 1155 4076 βασανίζοντες
1180 4004 1345 4058 αὐτὸν
1376 4001 1517 4075 μετὰ
1544 4003 1639 4057 καὶ
1670 4002 1778 4056 τῶν

119 4094 125 4099 ”
193 4096 469 4168 ἀδελφῶν,
494 4097 804 4168 ἠνάγκαζον
832 4097 1001 4152 θύειν.
1034 4097 1145 4151 Kal.
1173 4095 1346 4150 πολλὰ
1368 4096 1775 4167 βασανίσαντες,

192 4188 612 4258 ἀπεκεφάλισαν
658 4190 785 4254 τοὺς
823 4189 917 4243 δύο
975 4187 1267 4257 ἀδελφούς
1310 4187 1400 4242 τὸν
1448 4187 1507 4241 δὲ
1550 4187 1778 4259 γέροντα

191 4283 288 4336 ἐπὶ
311 4280 515 4345 πολλὰς
538 4281 747 4355 ἡμέρας
782 4280 1097 4346 ἐϐασάνιζον
1116 4298 1129 4312 ο
1156 4280 1381 4352 ’ὕστερον
1413 4280 1491 4346 δὲ,
1520 4283 1586 4352 τῇ
1612 4279 1776 4352 τέχνῃ

191 4375 379 4429 αὐτῶν
399 4374 637 4446 ἔστησαν
664 4374 825 4429 αὐτὸν
845 4374 925 4438 είς
950 4372 1013 4426 τὸ
1041 4373 1227 4445 μέσον,
1255 4375 1349 4427 καὶ
1376 4372 1603 4447 ἔρριψαν
1623 4372 1775 4444 βέλη,

190 4471 223 4522 6
246 4462 331 4533 εἷς
362 4466 693 4540 εμπροσθεν,
720 4466 815 4522 καὶ
850 4468 879 4522 6
917 4460 997 4533 εἷς
1022 4467 1244 4522 ὄπισθεν
1285 4465 1473 4522 αὐτοῦ.
1502 4465 1674 4531 ᾼύτὸς
1717 4464 1773 4520 δὲ
1804 4481 1851 4537 ι)

192 4554 353 4613 εἶπεν
382 4558 563 4621 αὐτοῖς
584 4574 597 4588 ·
631 4555 851 4628 Ἐπειδὴ
881 4557 1137 4627 γεγόνατε
1172 4558 1230 4610 ὲν
1266 4556 1506 4627 ὁμονοίᾳ,
1537 4555 1630 4608 καὶ
1677 4555 1774 4608 ἑκ-
1800 4608 1803 4611 λ

192 4651 354 4723 χέετε
402 4643 543 4720 αἷμα
576 4648 794 4713 ἀθῶον,
832 4650 890 4703 ὲν
923 4652 1023 4721 μιᾷ
1072 4650 1211 4722 ῥοπῇ
1257 4646 1444 4720 αὔριον
1492 4650 1662 4720 ταύτῃ
1707 4649 1774 4719 τῇ

192 4742 338 4815 ὥρα,
363 4739 698 4812 ἀτεκνωθείη
730 4741 763 4810 ἡ
800 4735 981 4813 μήτηρ
1014 4740 1170 4811 ὑμῶν
1202 4740 1295 4808 ἀφ’
1324 4739 1498 4809 ὑμῶν,
1526 4738 1621 4793 καὶ
1655 4755 1773 4791 στεο

195 4833 393 4905 ρηθείη
440 4832 544 4903 τῆς
579 4833 799 4905 ἀγάπης
849 4834 1004 4904 ὑμῶν
1028 4875 1043 4899 ,
1094 4833 1329 4898 καὶτοῖς
1381 4833 1531 4898 ἰδίοις
1564 4832 1776 4904 βέλεσιν

192 4924 447 4996 ἀλλήλων
493 4923 564 4977 τὰ
608 4926 816 4996 αἵματα
844 4924 1090 4998 ὲκχέητε.
1142 4926 1671 4997 Καταφρονὴσαντες
1717 4924 1775 4979 δὲ

190 5016 288 5072 τοῦ
326 5019 574 5090 ῥήματος
604 5018 791 5083 αὐτοῦ,
830 5013 994 5090 ἦλθον
1016 5019 1109 5072 ἐπὶ
1142 5017 1242 5090 τὴν
1270 5016 1459 5089 αὔριον
1486 5016 1772 5088 θηρεῦσαι.

193 5111 308 5165 Kal.
335 5108 588 5180 ἐξήλισεν
612 5110 705 5163 ἀπ’
737 5107 918 5163 αὐτῶν
952 5109 1050 5180 μία
1073 5108 1291 5177 ἔλαφος.
1316 5107 1426 5160 Kal.
1454 5105 1777 5169 καθίσαντες
1810 5136 1813 5137 ν

194 5202 308 5264 τοῖς
344 5197 538 5262 ἵπποις
562 5236 578 5262 ,
621 5197 964 5270 κατέδραμον
992 5196 1093 5250 ἐπὶ
1117 5195 1178 5249 τὸ
1204 5194 1531 5250 καταλαϐεῖν
1568 5195 1738 5266 αὐτήν
1757 5212 1772 5226 υ

197 5292 291 5345 καὶ
334 5289 594 5362 ῥίψαντες
644 5289 771 5360 βέλη
804 5290 923 5343 κατ’
951 5288 1122 5359 αὐτῆς
1141 5329 1156 5354 ,
1196 5287 1493 5361 ὲκόλλησαν
1525 5285 1776 5358 ἀλλήλοις

198 5385 340 5439 κατὰ
359 5381 461 5454 τῆς
496 5381 720 5454 καρδίας
756 5380 963 5435 ἑαυτῶν
983 5396 997 5411 ο
1020 5380 1162 5433 κατὰ
1181 5379 1242 5433 τὸ
1265 5380 1414 5452 ῥῆμα
1447 5379 1542 5434 τοῦ
1581 5380 1776 5451 γέρον-

192 5488 287 5536 τος
316 5471 348 5525 6
388 5466 542 5525 εἶπεν
580 5472 782 5535 αὐτοῖς,
848 5468 1237 5543 καταρώμενος
1274 5471 1473 5536 αὐτοῖς.
1517 5471 1627 5525 Kal.
1668 5470 1777 5525 ἀπ’
1835 5551 1838 5555 ι

195 5563 414 5620 ἐθανον.

262 5766 383 5837 (65)
416 5762 527 5819 νει.
561 5763 714 5818 Patr.
742 5779 840 5830 vn,
874 5763 957 5818 12.

441 5862 716 5921 ΡΛτιιοι..
763 5860 882 5921 (in.
935 5858 1119 5921 LXV.

1882 3266 1937 3315 et
1964 3275 2213 3351 aquam;
2245 3278 2368 3333 qua:
2408 3265 2621 3324 scilicet
2659 3269 2771 3342 ipsi
2812 3274 3138 3333 adorabant.
3173 3277 3344 3351 Igitur
3371 3296 3467 3338 ac-

1882 3349 2036 3419 cede,
2066 3353 2245 3423 iisque
2272 3357 2543 3415 sacrifica.
2582 3358 2721 3415 Tum
2748 3362 2863 3428 ille,
2891 3362 3040 3431 Hae,
3072 3349 3274 3439 inquit,
3307 3386 3464 3427 crea-

1881 3448 2020 3496 tura:
2048 3450 2214 3507 sunt,
2244 3461 2452 3517 vosque
2493 3450 2691 3505 erratis
2727 3468 2741 3505 :
2788 3453 2882 3507 sed
2926 3454 3181 3522 obsecro,
3230 3473 3464 3517 conver-

1882 3528 2082 3594 timini,
2118 3534 2438 3604 cognoscite
2474 3551 2660 3593 verum
2700 3538 2868 3595 Deum
2891 3583 2905 3607 ,
2940 3546 3186 3601 omnium
3226 3548 3462 3607 istorum

1881 3629 2208 3679 creatorem.
2245 3624 2586 3697 Exceperunt
2619 3648 2632 3684 :
2673 3630 2797 3685 Ain‘
2845 3635 3265 3693 condemnatum
3305 3640 3462 3698 illum

1884 3712 2145 3780 crucique
2166 3713 2383 3770 allixum
2406 3758 2421 3781 ,
2458 3734 2581 3775 esse
2605 3736 2794 3776 verum
2842 3722 3055 3780 Deum?
3084 3728 3197 3797 (46)
3230 3728 3408 3788 Senex
3440 3750 3456 3787 :

1880 3801 2016 3857 Eum
2048 3806 2141 3876 qui
2171 3809 2323 3862 cruci
2363 3808 2530 3864 allixit
2553 3824 2859 3881 peccatum,
2892 3826 2947 3871 et
2972 3820 3173 3874 occidit
3205 3832 3459 3891 mortenz,

1883 3892 2031 3948 hunc
2061 3894 2270 3950 afﬁrmo
2314 3912 2440 3953 esse
2478 3914 2668 3955 verum
2701 3901 2891 3958 Deum.
2922 3904 3092 3960 Porro
3118 3908 3155 3961 ii
3185 3890 3471 3967 tormenta.

1880 3992 1996 4037 tum
2043 3984 2144 4054 ipsi
2200 3993 2314 4041 tum
2356 3985 2621 4045 fratribus
2669 3990 3003 4061 inferentes,
3063 3998 3462 4067 compellebant

1881 4072 1950 4126 ad
1975 4074 2419 4132 sacrificandum.
2456 4077 2536 4133 Ac
2570 4087 2695 4146 post
2738 4082 2938 4139 multos
2977 4085 3278 4155 cruciatus,
3316 4089 3477 4147 duos,

1881 4161 2081 4217 fratres
2121 4163 2299 4233 capite
2334 4171 2703 4235 truncarunt;
2736 4172 2919 4224 senem
2963 4186 3093 4227 vero
3124 4188 3222 4244 per
3250 4176 3459 4236 multos

1880 4253 2000 4310 dies
2033 4256 2322 4311 tormentis
2358 4254 2733 4327 subjecerunt.
2770 4259 2973 4319 Deinde
3005 4279 3072 4319 ex
3103 4273 3223 4323 arte
3248 4283 3347 4324 sua
3380 4286 3459 4326 ve-

1881 4345 2097 4398 natoria
2120 4343 2527 4403 collocaverunt
2551 4348 2703 4405 illum
2738 4351 2791 4405 in
2831 4352 3048 4421 medio,
3074 4366 3130 4413 et
3157 4359 3460 4417 emiserunt

1881 4432 2135 4504 sagittas,
2163 4448 2307 4491 unus
2334 4443 2483 4503 ante,
2507 4451 2537 4492 a
2568 4448 2721 4510 tergo
2750 4441 2907 4499 alter.
2942 4443 3098 4501 Tunc
3126 4463 3292 4507 senex
3319 4450 3459 4507 dixit

1879 4529 1961 4585 eis
1996 4545 2010 4582 :
2046 4526 2498 4601 Quandoquidem
2551 4546 2660 4588 uno
2712 4548 2986 4592 consensu
3023 4538 3303 4596 eil'unditis
3331 4557 3458 4600 san-

1878 4620 2098 4691 guinem
2155 4621 2525 4694 innocentem,
2578 4623 2633 4678 in
2694 4635 2971 4682 momento
3005 4644 3115 4684 uno
3151 4646 3296 4696 cras,
3352 4633 3456 4687 hac

1879 4714 1997 4781 ipsa
2055 4712 2211 4778 hora,
2266 4721 2443 4769 mater
2490 4721 2671 4769 vestra
2723 4717 3010 4773 orbabitur
3048 4720 3203 4775 vobis
3264 4720 3452 4777 liberis

1879 4803 2020 4867 suis,
2068 4805 2483 4876 privabiturque
2516 4806 2785 4861 charitate
2827 4816 3028 4873 vestra,
3064 4826 3276 4867 necnon
3320 4828 3451 4884 pro-

1880 4895 2016 4965 priis
2036 4895 2240 4965 jaculis
2277 4908 2526 4951 mutuum
2555 4898 2873 4966 sanguinem
2906 4899 3169 4957 fundetis.
3208 4902 3289 4958 Illi
3321 4890 3450 4957 ora-

1881 4987 2085 5042 tionem
2110 4987 2231 5057 ejus
2269 4988 2422 5042 nihili
2455 4987 2772 5063 pendentes,
2811 4988 3040 5059 profecti
3072 5001 3201 5048 sunt
3229 5000 3450 5066 postero

1879 5078 1969 5134 die
1999 5079 2066 5135 ad
2094 5086 2372 5134 venatum.
2405 5076 2543 5133 Ecce
2563 5078 2761 5133 extulit
2795 5093 2855 5136 se
2885 5081 3029 5137 inter
3050 5083 3198 5152 ipsos
3230 5099 3446 5141 cervus.

1881 5168 2036 5225 Unde
2059 5169 2377 5225 conscensis
2406 5168 2583 5239 equis,
2609 5179 2992 5249 cucurrerunt,
3016 5181 3076 5227 ut
3100 5175 3449 5243 comprehen-

1880 5260 2071 5317 derent
2089 5305 2103 5328 ,
2128 5276 2362 5331 eumque
2386 5260 2571 5330 jaeula
2616 5260 2928 5317 emisissent
2946 5302 2962 5326 ,
2991 5263 3224 5321 invicem
3267 5268 3452 5337 perfo-

1879 5352 2078 5408 derunt
2121 5352 2320 5417 corda;
2356 5351 2656 5407 secundum
2706 5351 2926 5406 verbum
2976 5354 3120 5424 quod
3149 5356 3452 5426 protulerat

1879 5458 2068 5510 senex,
2102 5443 2169 5500 iis
2194 5447 2550 5513 imprecatus.
2578 5442 2753 5512 Atque
2791 5440 2863 5496 ita
2896 5445 3096 5499 mortui
3129 5452 3278 5506 sunt.

1950 5758 2064 5830 (ιϐ)
2094 5755 2409 5830 Martyrium
2442 5757 2629 5830 lgnatii
2658 5774 2713 5813 n.
2748 5756 2801 5812 6.
