3982 6336
375 349 388 358 ’
400 344 512 406 989
1572 333 1924 394 ΆΡΡΕΝΒΙΧ
1962 335 2054 391 AD
2085 336 2499 395 ΡΑιιΑοιυιι.
3537 337 3653 392 300

929 456 1003 510 De
1035 454 1220 508 abbate
1250 451 1437 507 Matio.
2002 455 2047 512 Δ
2489 477 2501 507 λ

2002 455 2047 512 Δ
2489 449 2631 520 Περι
2658 447 2764 505 τοῦ
2795 447 2944 506 ἀϐϐᾶ
2976 448 3224 504 Μωτίου.
3276 448 3288 458 “

472 552 523 604 Ι.
555 549 665 619 (Π)
689 545 883 601 Frater
909 545 1257 616 interrogavit
1293 546 1542 599 abbatem
1579 544 1822 610 Metium,
1861 544 1968 597 hoc

2143 544 2213 598 α’.
2261 541 2510 613 ’Λδελφδς
2537 540 2788 614 ἠρώτησε
2809 541 2899 594 τὸν
2927 539 3102 594 ἁϐϐἄν
3127 536 3342 592 Μώτιον
3362 541 3405 602 ³,
3436 538 3614 608 λέγων
3632 557 3648 572 ·

396 637 773 694 sermone:Si
813 635 997 690 abiero
1049 633 1118 688 ad
1169 635 1497 690 manendum
1553 635 1774 700 alicubi,
1827 649 1968 704 quo-

2087 635 2211 690 Ἐὰν
2233 635 2450 688 ἀπέλθω
2477 637 2652 705 μεῖναι
2668 635 2746 696 είς
2770 632 2952 695 τόπον,
2981 631 3096 695 πῶς
3111 630 3283 694 θέλεις
3310 629 3476 694 διάξω
3498 634 3651 702 ἐκεῖς

398 727 564 784 modo
619 726 701 780 vis
764 726 875 779 illic
906 725 1144 794 degam?
1193 725 1494 794 Respondit
1546 740 1747 780 senex:
1802 721 1861 776 Si
1915 723 1970 777 in

2087 725 2235 793 Λέγει
2256 725 2404 794 αὑτῷ
2425 727 2454 778 6
2473 726 2677 795 γέρωνο
2709 724 2834 776 Ἐὰν
2854 723 3080 793 οίκήτῃς
3101 725 3177 786 εἰς
3200 723 3381 784 τόπον,
3401 721 3474 793 μὴ
3501 721 3659 792 θελήο

399 818 659 889 qquiam
693 817 814 870 loco
847 815 1204 877 babitaveris,
1231 816 1343 869 noli
1375 815 1471 869 tibi
1521 829 1718 868 nomen
1750 814 1806 868 in
1835 827 1971 882 quo-

2083 834 2176 888 σῃς
2202 817 2450 870 ὲκϐαλεϊν
2474 815 2681 885 σεαυτῷ
2707 813 2878 884 ὄνομα
2905 813 2962 868 ἐν
2991 815 3208 879 τινι,ὅτι
3237 814 3338 866 οὐκ
3360 813 3655 884 ἐξέρχομαι

395 924 568 980 quam
599 908 892 963 conciliare
919 946 935 970 ,
966 906 1197 962 dicendo
1225 925 1238 961 :
1295 905 1413 960 Non
1461 905 1659 960 accedo
1708 904 1775 958 ad
1809 905 1967 958 colle-

2085 911 2154 972 εἰς
2182 908 2420 972 σύναξιν,
2438 907 2471 976 ἢ
2492 909 2571 970 εἰς
2597 907 2814 977 ἀγάπην
2835 907 2934 959 οὐκ
2962 906 3142 958 ἐσθίω.
3158 905 3340 958 Ταῦτα
3355 905 3462 976 γὰρ
3480 905 3657 974 ὄνομα

405 1007 551 1054 ctam
577 1015 592 1064 ;
622 998 726 1062 vel,
760 997 818 1051 In
846 1011 1016 1068 agape
1045 1012 1155 1052 non
1183 997 1430 1052 comedo.
1454 995 1581 1051 Haec
1599 995 1744 1050 enim
1774 1007 1974 1048 vanum

2084 997 2290 1050 ποιοῦσι
2322 995 2494 1060 κενὸν,
2525 996 2617 1048 καὶ
2648 995 2871 1064 ὕστερον
2891 995 3162 1064 εὑρίσκεις
3192 994 3427 1064 ὄχλησιν.
3451 995 3514 1047 Oi
3544 993 3656 1064 γὰρ

409 1104 607 1146 nomen
631 1088 890 1152 efficiunt,
909 1096 1205 1159 posteaque
1226 1088 1434 1144 incides
1453 1088 1510 1142 in
1541 1095 1598 1140 tu
1608 1087 1970 1141 rbamentum.

2079 1087 2382 1158 ἂνθρωποι,
2424 1089 2557 1141 ὅπου
2604 1088 2915 1156 εὑρίσκουσι
2967 1086 3174 1149 ταῦτα,
3207 1087 3323 1138 ἐκεῖ
3375 1085 3651 1156 τρέχουσι.

410 1179 542 1235 Nam
573 1180 821 1236 homines
850 1180 941 1235 ubi
991 1180 1095 1235 ista
1127 1180 1434 1250 reperiunt,
1469 1179 1542 1232 ibi
1581 1185 1826 1232 currunt.
1887 1176 1976 1230 Ait

2082 1177 2238 1245 Λέγει
2272 1173 2365 1231 οὖν
2405 1177 2554 1247 αὺτῷ
2599 1180 2628 1232 6
2657 1177 2914 1246 6.851996;-
2965 1177 3029 1229 Τί
3057 1172 3149 1230 οὖν
3185 1177 3430 1246 ποιήσοις
3488 1175 3654 1244 Λέγει

408 1269 606 1324 iterum
659 1269 864 1325 frater:
925 1269 1066 1336 Quid
1103 1285 1232 1338 ergo
1284 1269 1528 1323 faciam?
1583 1267 1721 1322 Tum
1751 1282 1914 1321 senex
1952 1283 1965 1319 :

2084 1270 2107 1322 ό
2143 1269 2318 1340 γέρων
2341 1287 2354 1298 ·
2395 1269 2570 1322 Ὅπου
2612 1269 2706 1322 ἐὰν
2739 1268 2996 1341 καθίσῃς,
3059 1267 3187 1331 ἴσως
3250 1266 3387 1336 μετὰ
3434 1267 3656 1319 πάντων

412 1360 754 1432 Ubicunque,
792 1362 986 1430 inquit,
1016 1359 1306 1422 resederis,
1333 1373 1488 1428 aequo
1528 1357 1816 1428 pede‘cum
1856 1370 1975 1410 om-

2086 1359 2356 1414 ὰκολούθει
2377 1376 2391 1392 ο
2411 1362 2503 1415 καὶ
2531 1360 2586 1414 εί
2620 1378 2672 1414 τι
2703 1359 2916 1430 βλέπεις
2941 1361 3068 1422 τοὺς
3095 1359 3340 1422 εὐλαϐεῖς
3368 1358 3658 1421 ποιοῦντας

409 1453 572 1507 nibus
595 1453 783 1506 incede
810 1469 825 1518 ;
852 1460 904 1506 et
937 1451 1198 1520 quidquid
1233 1448 1432 1503 videris
1463 1447 1576 1502 fieri
1627 1461 1680 1499 ιι-
1717 1445 1851 1500 viris
1907 1444 1976 1500 de

2086 1452 2161 1515 είς
2201 1451 2296 1516 οὓς
2343 1454 2686 1525 πληροφορῇ,
2725 1450 2971 1520 ποίησον,
3015 1452 3109 1504 καὶ
3158 1449 3436 1523 ἀναπαύει.
3480 1447 3658 1502 Τοῦτο

411 1557 644 1612 quorum
674 1543 1086 1612 pietate,certus
1117 1555 1196 1598 es.
1245 1539 1300 1593 id
1354 1538 1540 1600 facito,
1590 1545 1830 1606 tuncque
1883 1551 1974 1592 re-

2087 1541 2188 1614 γὰρ
2213 1542 2541 1605 ταπείνωσις
2571 1543 2710 1606 ἐστι,
2747 1542 2806 1594 τὸ
2833 1536 2975 1595 εἷναί
3004 1557 3064 1594 σε
3098 1541 3294 1604 ἐπίσης
3317 1539 3515 1593 αὐτῶν.
3543 1539 3659 1593 Καὶ

411 1632 591 1702 quiem
627 1633 998 1700 consequeris.
1051 1629 1163 1683 Hoc
1210 1627 1411 1699 quippe
1463 1628 1743 1682 humilitas
1787 1635 1891 1691 est,
1924 1635 1978 1683 te

2083 1635 2126 1686 οί
2158 1631 2435 1704 ἄνθρωποι
2463 1632 2793 1704 θεωροῦντές
2827 1649 2885 1684 σε
2918 1634 2938 1664 ⁸
2984 1631 3323 1698 ἐκϐαίνοντα,
3371 1631 3556 1702 ἔχουσί
3592 1647 3655 1683 σε

414 1738 537 1776 eum
572 1723 636 1776 iis
667 1722 890 1792 aequari.
925 1721 990 1774 Et
1048 1721 1298 1773 homines
1334 1719 1516 1773 intuiti
1567 1726 1632 1772 te
1654 1726 1976 1774 czelerornm

1654 1726 1976 1774 caelerornm
2013 1789 2050 1795 _
2085 1723 2286 1795 ἐπίσης
2321 1724 2568 1778 πάντωψ
2609 1725 2702 1777 καὶ
2733 1724 2910 1787 οὐδείς
2938 1740 3019 1777 σοι
3046 1724 3210 1795 ὀχλεῖ.

414 1810 614 1866 limites
651 1789 756 1864 non
787 1809 1114 1880 transgredi,
1143 1808 1323 1863 instar
1359 1821 1550 1862 eorum
1580 1806 1780 1862 habent
1809 1823 1824 1872 ;
1857 1805 1981 1860 nul-
2013 1789 2058 1846 Β

413 1900 607 1971 Iusque
634 1900 961 1954 interturbat
1005 1909 1074 1953 te.

482 1963 538 2045 εξ
574 1991 683 2061 (48)
711 1990 961 2045 Narravit
995 1991 1062 2044 de
1093 1989 1290 2044 abbate
1321 1989 1487 2044 Motio
1533 1989 1835 2060 discipulus
1862 1989 1983 2060 ejus

2157 1965 2223 2033 β’.
2265 1965 2574 2035 Διηγήσατο
2607 1963 2858 2035 περὶτοῦ
2897 1963 3041 2017 ἀϐϐᾶ
3084 1963 3301 2017 Μωτίου
3342 1964 3372 2017 6
3407 1963 3660 2034 μαθητὴς

414 2054 792 2136 εὼὶκιέῐειίοοε
826 2081 985 2134 ambo
1037 2087 1216 2133 autem
1275 2078 1495 2133 fuerunt
1527 2054 1808 2150 episcopi;
1842 2054 1985 2150 quod

2089 2054 2252 2107 αὑτοῦ
2283 2054 2458 2118 ἀϐϐᾶς
2495 2056 2680 2108 Ἰσαὰκ
2699 2071 2712 2086 ⁸
2743 2055 3044 2128 ἀμφότεροι
3069 2055 3125 2108 δὲ
3161 2055 3412 2124 ἐγένοντο
3438 2056 3661 2109 ἐπίσκο-

417 2169 594 2238 primo
625 2167 913 2222 aedificavit
937 2167 1040 2223 sibi
1073 2183 1239 2222 senex
1284 2146 1674 2223 monasterium
1708 2146 1775 2223 ad
1809 2146 1980 2224 Hera-

2091 2163 2207 2198 ποι·
2252 2146 2335 2199 ὅτι
2380 2146 2595 2216 πρῶτος
2619 2147 2639 2177 ⁷
2671 2146 2986 2217 ᾠκοδόμησε
3018 2148 3376 2218 μοναστήριον
3407 2149 3435 2200 6
3479 2147 3663 2218 γέρων

415 2259 556 2313 clam
583 2275 598 2323 ;
627 2259 880 2328 quodque
908 2274 1032 2313 cum
1063 2259 1212 2313 illinc
1243 2259 1585 2324 recessisset,
1616 2267 1784 2329 atque
1808 2259 1986 2315 venis-

2088 2236 2168 2296 είς
2213 2235 2304 2289 τὸν
2349 2235 2657 2307 Ἠρακλᾶν·
2713 2237 2807 2290 καὶ
2863 2237 2938 2300 ώς
3006 2236 3350 2308 ἀνεχώρησεν
3403 2239 3660 2298 ἐκεῖθεν,

419 2358 501 2406 set
558 2350 611 2404 in
645 2324 818 2404 alium
872 2351 1075 2412 locum,
1126 2349 1329 2404 iterum
1391 2324 1709 2405 aedificavit:
1762 2349 1869 2405 Sed
1919 2365 1985 2406 ex

2093 2324 2328 2394 ἀπῆλθεν
2386 2329 2465 2389 είς
2510 2326 2698 2397 ἕτερον
2754 2327 2952 2392 τόπον,
3005 2328 3100 2380 καὶ
3146 2327 3494 2398 ᾠκοδόμησεν
3543 2329 3665 2380 ἐκεῖ

418 2441 772 2512 instigatione
801 2440 1022 2504 diaboli,
1057 2439 1314 2494 inventus
1363 2450 1447 2495 est
1499 2441 1611 2495 illic
1661 2439 1830 2495 frater
1866 2441 1988 2509 qui-

2092 2418 2268 2472 πάλιν.
2329 2419 2438 2471 Καὶ
2477 2421 2596 2472 κατ’
2643 2419 2923 2488 ἐνέργειαν
2968 2419 3062 2472 τοῦ
3127 2420 3408 2481 διαϐόλου.
3458 2418 3664 2491 εὑρέθη

417 2532 540 2585 dam
576 2533 624 2586 ei
649 2532 906 2586 inimicus
935 2546 998 2584 ac
1021 2531 1309 2586 molestus.
1341 2529 1496 2585 Unde
1525 2546 1755 2600 surgens
1795 2545 1984 2595 senex,

2095 2510 2314 2580 ἀδελφός
2339 2528 2423 2574 τις
2454 2511 2754 2582 ἐχθραίνων
2784 2513 2954 2582 αὐτῷ,
2984 2513 3075 2565 καὶ
3105 2511 3300 2564 Θλὶϐων
3332 2511 3513 2564 αὐτόν.
3551 2513 3667 2564 Kal.

420 2623 649 2678 secessit
677 2623 742 2677 ad
773 2624 952 2677 vicum
979 2638 1160 2687 suum,
1192 2623 1405 2692 sibique
1438 2621 1827 2676 monasterium
1861 2636 1989 2675 con-

2088 2602 2323 2667 ἁναστὰς
2352 2606 2380 2656 6
2412 2605 2587 2676 γέρων
2617 2604 2963 2677 ἀνεχώρησεν
3004 2606 3083 2668 είς
3120 2606 3220 2676 τὴν
3257 2605 3393 2658 ἰδίαν
3429 2604 3659 2674 κώμην·

417 2711 565 2776 fecit,
602 2711 655 2766 in
717 2728 826 2782 quo
855 2711 1128 2766 conclusit
1191 2727 1330 2768 sese.
1369 2710 1566 2766 Postea
1616 2727 1774 2767 senes
1815 2712 1920 2766 loci
1957 2727 1989 2768 ο

2093 2696 2184 2749 καὶ
2222 2697 2476 2766 ἐποίησεν
2525 2696 2702 2767 ἐαυτῷ
2755 2695 3150 2769 μοναστήριον,
3199 2696 3294 2748 καὶ
3355 2696 3665 2749 ἐνέκλεισεν

416 2816 526 2873 quo
563 2802 791 2865 exierat,
828 2809 1170 2856 assmnentes
1197 2801 1361 2855 etiam
1402 2800 1624 2855 fratrem
1669 2801 1763 2870 qui
1800 2799 1988 2855 simul-

2091 2787 2302 2839 ἑαυτόν.
2361 2787 2470 2839 Καὶ
2530 2785 2665 2856 μετὰ
2726 2786 2917 2857 χρόνον
2956 2783 3118 2858 ἦλθον
3169 2787 3218 2839 οἱ
3255 2787 3509 2858 γέροντες
3560 2787 3657 2841 τοῦ

420 2899 582 2948 tatem
625 2891 888 2948 adversus
915 2906 1036 2946 eum
1086 2891 1370 2958 habuerat,
1407 2898 1784 2969 perrexerunt,
1839 2904 1990 2960 roga-

2092 2879 2254 2931 τόπου
2284 2878 2405 2932 ὅθεν
2427 2879 2743 2948 ἐξῆλῦε,κα“ι
2762 2877 3017 2943 λαϐόντες
3047 2879 3247 2932 καὶτὸν
3271 2879 3496 2949 ἀδελφὸν
3526 2881 3664 2934 ὅπου

417 2982 548 3047 turi,
589 2990 647 3035 ut
677 2982 999 3037 reducerent
1036 2981 1089 3035 in
1138 2964 1554 3036 monasterium.
1595 2981 1842 3050 Cumque
1892 2994 1989 3049 ap-

2093 2964 2202 3039 εῒχε
2240 2971 2375 3040 πρὸς
2411 2970 2572 3022 αὑτὸν
2617 2970 2716 3040 τὴν
2757 2969 2960 3040 λύπην.
2997 2970 3236 3041 ἀπῆλθον
3285 2971 3665 3042 παρακαλέσαι

417 3074 874 3141 propinquassent
915 3073 1034 3126 loco
1071 3072 1124 3124 in
1165 3087 1274 3141 quo
1309 3070 1535 3140 degebat
1577 3070 1745 3124 abbas
1796 3069 1983 3133 Sores,

2096 3061 2272 3124 αὐτὸν,
2303 3060 2388 3113 ἵνα
2420 3061 2712 3129 ἐνέγκωσιν
2743 3061 2904 3114 αὐτὸν
2937 3063 3015 3124 είς
3039 3061 3136 3132 τὴν
3170 3063 3337 3133 μονὴν
3364 3063 3548 3116 αὑτοῦ.
3577 3063 3668 3126 Ὠς

418 3162 644 3216 melotes
676 3176 806 3216 suas
835 3170 888 3214 et
925 3159 1146 3212 fratrem
1200 3174 1434 3228 quocum
1469 3159 1757 3214 dissidium
1806 3158 1986 3215 fuerat

2096 3152 2150 3205 δέ
2178 3153 2408 3222 ἤγγισαν
2433 3125 2563 3204 ὅπου
2583 3147 2651 3222 ἦν
2673 3154 2702 3207 6
2726 3152 2899 3216 ἀϐϐᾶς
2921 3125 3129 3224 Σώρης,
3151 3125 3368 3224 ἀφῆκαν
3389 3153 3457 3206 τὰ
3479 3153 3668 3224 μηλωο

416 3252 754 3319 reliquerunt
788 3250 946 3318 juxta
981 3265 1125 3303 eum.
1182 3245 1360 3318 thue
1395 3249 1772 3318 pulsaverunt,
1825 3267 1988 3306 senex

2097 3245 2256 3316 τάρια
2283 3244 2459 3300 αὐτῶν
2485 3244 2650 3312 ἐγγὺς
2675 3244 2860 3311 αὑτοῦ,
2881 3245 2974 3298 καὶ
3003 3245 3092 3298 τὸν
3115 3245 3340 3314 ἀδελφὺν
3357 3245 3444 3298 τὸν
3473 3245 3669 3316 ἔχοντα

419 3343 671 3410 apposuit
697 3355 916 3408 parvam
949 3340 1147 3392 scalam
1182 3379 1197 3404 ,
1240 3341 1538 3410 prospexit,
1586 3341 1803 3409 agnovit
1851 3355 1945 3396 eos
1967 3381 1985 3407 ,

2095 3336 2192 3406 τὴν
2217 3335 2415 3407 λύπην.
2443 3337 2552 3390 Καὶ
2577 3335 2653 3399 ὼς
2674 3335 2958 3407 ἔκρουσαν,
2979 3335 3162 3407 βάλλει
3187 3339 3215 3390 6
3241 3336 3420 3407 γέρων
3453 3337 3512 3390 τὸ
3547 3337 3667 3389 κλι-

420 3439 474 3486 et
513 3431 906 3499 interregavit:
972 3428 1073 3484 Ubi
1125 3438 1253 3483 sunt
1306 3430 1533 3484 melotes
1590 3431 1830 3484 vestrm?
1879 3429 1990 3486 Re-

2099 3429 2314 3496 μάκιον,
2346 3430 2438 3480 καὶ
2475 3427 2844 3498 παρακύπτει,
2887 3429 2981 3481 καὶ
3022 3427 3277 3499 γνωρίζει
3319 3428 3538 3493 αὐτοὺς,
3570 3430 3669 3486 καὶ

421 3521 803 3591 sponderunt:
843 3519 942 3583 En,
981 3521 1082 3572 hoc
1135 3520 1188 3572 in
1250 3521 1369 3573 loco
1407 3559 1421 3582 ,
1475 3535 1600 3574 cum
1654 3521 1746 3574 illo
1804 3521 1992 3576 fratre.

2096 3519 2274 3587 λέγει’
2312 3518 2420 3572 Ποῦ
2462 3519 2529 3571 τὰ
2558 3519 2879 3590 μηλωτάρια
2907 3518 3098 3589 ὐμῶν;
3130 3521 3192 3572 Οἱ
3224 3518 3280 3571 δὲ
3313 3515 3501 3571 εἶπον·
3535 3518 3668 3572 Ἰδοὺ

422 3611 724 3681 Postquam
762 3618 941 3663 autem
976 3624 1142 3662 Senex
1171 3609 1378 3662 audivit
1416 3624 1612 3664 nomen
1666 3609 1854 3665 fratris
1901 3611 1993 3680 qui

2097 3606 2197 3665 ὧδε
2234 3609 2371 3682 μετὰ
2393 3610 2544 3662 τοῦδε
2567 3609 2660 3662 τοῦ
2688 3609 2940 3678 ἀδελφοῦ.
2981 3611 3068 3673 Ὠς
3094 3610 3152 3662 δέ
3176 3611 3375 3681 ἢκουσε
3407 3610 3468 3663 τὸ
3493 3609 3669 3680 ὄνομα

421 3717 586 3757 causa
619 3700 855 3755 tristitiae
885 3699 1188 3766 exstiterat,
1223 3715 1335 3770 pra:
1364 3701 1562 3771 gaudio
1609 3702 1799 3756 eduxit
1831 3717 1993 3757 secu-

2097 3700 2187 3754 τοῦ
2217 3699 2444 3768 ἀδελφοῦ
2504 3699 2598 3753 τοῦ
2641 3699 2982 3771 λυπήσαντος
3025 3700 3210 3764 αὑτὸν,
3267 3703 3295 3754 6
3331 3701 3510 3771 γέρων
3559 3700 3669 3754 ἀπὸ

420 3793 546 3857 rim,
596 3791 868 3862 confregit
928 3791 1151 3855 ostium,
1210 3806 1572 3861 egressusque
1627 3793 1873 3846 cucurrit
1925 3793 1992 3846 ad

2094 3793 2266 3863 χαρᾶς
2305 3791 2505 3843 ἒϐαλε⁸
2533 3792 2786 3856 πέλεκυν,
2819 3792 2910 3845 καὶ
2953 3794 3286 3863 κατέστρεψε
3329 3795 3430 3863 τὴν
3473 3792 3666 3864 θύραν,

421 3880 600 3935 locum
644 3882 696 3932 in
728 3893 835 3948 quo
863 3886 982 3934 erat
1011 3878 1214 3946 frater;
1252 3895 1316 3934 ac
1374 3880 1527 3951 prior
1580 3880 1886 3935 incurvavit
1935 3897 1993 3938 se

2099 3883 2188 3935 καὶ
2234 3880 2421 3952 ἐξῆλθε
2460 3880 2668 3952 τρέχων
2697 3881 2830 3935 ὅπου
2866 3877 2932 3952 ἦν
2962 3884 2990 3934 6
3041 3881 3294 3950 ἁδελφόςο
3325 3885 3422 3935 καὶ
3474 3881 3671 3934 ἔϐαλεν

425 3971 673 4041 supplex,
707 3973 1100 4042 amplexusque
1131 3980 1220 4026 est
1257 3971 1432 4038 illum,
1477 3981 1638 4042 atque
1693 3972 1994 4028 introduxit

2102 3972 2244 4043 αὐτῷ
2285 3972 2574 4042 μετάνοιαν
2604 3973 2840 4043 πρῶτος,
2869 3974 2964 4025 καὶ
3005 3972 3292 4041 ἠσπάσατο
3335 3973 3533 4026 αὐτόν·
3576 3975 3674 4027 καὶ¹

425 4061 482 4116 in
515 4064 705 4116 cellam
738 4077 914 4117 suam.
948 4059 1087 4116 Tum
1124 4077 1220 4132 per
1274 4070 1384 4118 tres
1428 4063 1545 4118 dies
1574 4064 1842 4118 recreavit
1874 4079 1991 4128 eos,

2101 4067 2408 4135 εἰσήνεγκεν
2462 4065 2621 4118 αὐτὸν
2682 4066 2762 4128 είς
2813 4064 2874 4118 τὸ
2917 4065 3122 4118 κελλίον
3180 4065 3344 4118 αὑτοῦ
3372 4081 3386 4096 ·
3435 4066 3530 4117 καὶ
3579 4065 3673 4117 ἐπὶ

423 4167 591 4221 seque
643 4167 766 4208 cum
809 4155 942 4223 ipsis
981 4153 1317 4220 oblectavit,
1373 4154 1517 4224 quod
1553 4154 1732 4210 facere
1792 4169 1995 4226 nequa-

2099 4159 2242 4228 τρεῖς
2271 4156 2484 4228 ἡμέρας
2513 4155 3018 4229 εὔφρανεν-αὺτούς
3038 4173 3050 4184 ·
3087 4155 3181 4208 καὶ
3207 4155 3369 4218 αὐτὸς
3416 4155 3532 4224 μετ’
3568 4156 3671 4208 αὐ-

422 4257 584 4312 quam
617 4254 976 4298 consueverat
1001 4261 1014 4308 ;
1041 4261 1271 4315 surgens
1300 4245 1555 4316 denique,
1586 4261 1690 4300 una
1718 4247 1994 4316 profectus

2101 4250 2235 4312 τῶν·
2268 4251 2404 4322 ὅπερ
2449 4252 2549 4304 οὐκ
2581 4245 2690 4320 εἶχε
2735 4248 3017 4319 συνήθειαν
3049 4250 3222 4300 ποιεῖν
3243 4263 3256 4277 ·
3291 4247 3388 4300 καὶ
3431 4245 3673 4309 ἀναστὰς

419 4343 525 4390 est.
562 4333 831 4388 Caeterum
879 4345 1066 4404 postea
1104 4335 1283 4391 factus
1346 4350 1428 4393 est
1495 4339 1806 4410 episcopus.
1866 4339 1991 4393 Erat

2100 4343 2360 4414 ἐπορεύθη
2414 4342 2530 4412 μετ’
2577 4339 2780 4395 αὐτῶν.
2823 4340 2933 4392 Καὶ
2961 4339 3101 4410 μετὰ
3151 4338 3323 4392 ταῦτα
3375 4339 3672 4401 ἐπίσκοπος

419 4427 565 4482 enim
594 4425 982 4479 miraculorum
1019 4424 1256 4480 effector.
1296 4427 1400 4482 Sed
1438 4439 1491 4482 et
1517 4431 1844 4500 discipulum
1870 4430 1990 4499 ejus

2099 4430 2336 4497 γέγονεν.
2381 4426 2488 4481 Ἦν
2543 4429 2651 4499 γὰρ
2695 4428 3072 4500 σημειοφόρος.
3115 4429 3225 4482 Καὶ⁸
3278 4428 3369 4482 τὸν
3423 4427 3671 4498 μαθητὴν

420 4516 671 4571 abbatem
762 4516 1004 4570 lsaacum
1082 4515 1274 4570 beatus
1347 4517 1582 4586 Cyrillns
1673 4521 1988 4590 episcopum

2099 4517 2264 4570 αὐτοῦ
2295 4519 2547 4589 ἐποίησεν
2579 4519 2874 4573 ἐπίσκοπον
2905 4523 2934 4572 6
2964 4520 3228 4593 μακάριος
3260 4519 3526 4592 Κύριλλος
3579 4519 3671 4572 τὸν

412 4611 646 4664 creavit.

2097 4608 2274 4662 ἁϐϐᾶν
2311 4610 2514 4664 Ἰσαάκ.

897 4720 973 4774 De
997 4720 1183 4774 abbate
1219 4715 1500 4790 Megethio.

495 4835 545 4886 1.
602 4832 855 4888 Relatum
905 4833 1006 4889 fuit
1059 4833 1128 4889 de
1213 4834 1407 4888 abbate
1471 4833 1763 4902 Megethio,
1843 4837 1988 4902 quod

2167 4839 2236 4888 a'.
2281 4833 2503 4902 Ἔλεγον
2533 4836 2660 4907 περὶ
2686 4837 2780 4890 τοῦ
2809 4836 2952 4890 ὰϐϐᾶ
2979 4836 3274 4904 Μεγεθίου,
3302 4837 3383 4889 ὅτι
3408 4836 3670 4907 ἐξήρχετο

424 4939 646 4996 egresso
680 4939 746 4980 eo
775 4941 804 4980 e
833 4926 990 4992 cella,
1050 4927 1099 4982 si
1125 4934 1359 4982 mentem
1414 4923 1674 4979 subiisset
1732 4924 1989 4994 cogitatio

2102 4924 2184 4979 :06
2216 4925 2428 4980 κελλίου
2449 4944 2462 4957 ⁸
2495 4928 2589 4982 καὶ
2626 4928 2673 4980 εἰ
2708 4930 2906 4999 ἤρχετο
2955 4927 3104 4998 αὐτῷ
3149 4929 3411 4998 λογισμὸς
3457 4929 3674 5000 ἀναχω-

422 5014 710 5070 secedendi
741 5031 770 5070 e
795 5016 936 5079 loco,
965 5031 1071 5069 non
1105 5015 1483 5086 regrederetur
1503 5015 1558 5069 in
1583 5014 1774 5070 cellam
1805 5031 1985 5071 suam.

2103 5019 2256 5090 ρῆσαι
2288 5021 2353 5073 ἐκ
2373 5019 2467 5073 τοῦ
2491 5021 2678 5087 τόπου,
2708 5022 2808 5074 οὐκ
2849 5022 3200 5090 ἁνέκαμπτεν
3233 5022 3311 5084 είς
3347 5021 3445 5092 τὴν
3475 5021 3675 5074 κέλλαν

415 5101 564 5158 Nihil
603 5104 804 5174 quippe
842 5105 1085 5158 materiae
1111 5119 1178 5158 ex
1240 5105 1341 5158 hoc
1394 5104 1595 5158 saeculo
1645 5102 1983 5173 possidebat,

2099 5112 2284 5166 αὑτοῦ.
2305 5113 2437 5168 Οὐδὲ
2461 5115 2568 5186 γὰρ
2597 5110 2708 5182 εἶχέ
2735 5112 2786 5165 τί
2806 5129 2934 5166 ποτε
2957 5111 3052 5166 τοῦ
3070 5112 3267 5176 αἰῶνος
3295 5111 3488 5166 τούτου
3513 5113 3671 5185 ὓλην,

418 5196 526 5251 nisi
557 5210 715 5250 acum
746 5209 910 5249 unam
945 5208 1053 5264 qua
1078 5193 1284 5264 palmas
1313 5207 1441 5248 suas
1465 5191 1768 5249 scindebat.
1804 5192 1988 5248 Conli-

2103 5205 2145 5256 εί
2176 5203 2250 5276 μὴ
2301 5205 2496 5276 ῥαφίδα
2525 5206 2653 5274 μίαν
2686 5205 2819 5258 ὅπου
2862 5206 2930 5258 τὰ
2969 5205 3159 5258 Οαλλία
3197 5203 3438 5275 ἔσχιζεν·
3483 5205 3675 5277 είργά-

416 5288 596 5345 ciebat
631 5288 776 5344 enim
833 5285 1072 5360 quotidie
1129 5296 1240 5344 tres
1294 5287 1607 5357 sportellas,
1665 5287 1808 5343 unde
1865 5287 1982 5343 ale-

2096 5292 2220 5357 ζετο
2247 5295 2355 5365 γὰρ
2381 5294 2502 5348 καθ’
2536 5296 2744 5365 ἡμέραν
2775 5295 2900 5366 τρία
2933 5295 3192 5366 μαλάκια,
3221 5295 3282 5349 τὸ
3321 5295 3423 5368 τῆς
3457 5296 3668 5367 τροφῆς

419 5378 604 5434 batur.

2097 5387 2280 5442 αὐτοῦ.

2487 4722 2625 4791 Περὶ
2654 4722 2758 4776 τοῦ
2787 4723 2936 4777 ἁϐϐᾱ
2967 4725 3276 4793 Μεγεθίου.

485 5533 506 5564 ⁸
541 5532 628 5586 Al.
661 5533 855 5588 Ματόῖ.
929 5535 949 5564 ⁸
985 5531 1046 5586 F.
1073 5534 1238 5589 inser.
1283 5535 1400 5592 οὐκ.
1471 5538 1496 5568 ’⁷
1532 5534 1593 5594 F.
1638 5535 1895 5608 πρώτως.
1979 5540 2001 5571 ⁸
2035 5541 2057 5596 ιε

776 5533 855 5588 τόῖ.
929 5535 949 5564 ⁸
985 5531 1046 5586 F.
1073 5534 1238 5589 inser.
1283 5535 1400 5592 οὐκ.
1471 5538 1496 5568 ’⁷
1532 5534 1593 5594 F.
1638 5535 1895 5608 πρώτως.
1979 5540 2001 5571 ⁸
2035 5541 2118 5596 Al.
2167 5541 2348 5593 ἔλαϐε.

491 5690 601 5762 (47)
643 5683 741 5747 Vit.
780 5689 930 5746 Patr.
965 5705 1081 5758 vm,
1110 5690 1165 5745 Ξ.

2165 5690 2274 5768 (48)
2321 5695 2422 5753 l’it.
2471 5697 2622 5752 Patr.
2651 5714 2732 5768 ιιι,
2769 5701 2821 5754 ι.
