  <div class='ocr_page' id='page_1' title='image "/cluster/home/n/w/nwhite01/storage/ocr_20150623/65/hvd.32044052838166/158.png"; bbox 0 0 3994 6336; ppageno 0'>
   <div class='ocr_carea' id='block_1_1' title="bbox 177 433 275 492">
    <p class='ocr_par' dir='ltr' id='par_1_1' title="bbox 177 433 275 492">
     <span class='ocr_line' id='line_1_1' title="bbox 177 433 275 492; baseline -0.071 0"><span class='ocrx_word' id='word_1_1' title='bbox 177 433 275 492; x_wconf 78' lang='grc'><strong>301</strong></span> 
     </span>
    </p>
   </div>
   <div class='ocr_carea' id='block_1_2' title="bbox 1335 429 2288 488">
    <p class='ocr_par' dir='ltr' id='par_1_2' title="bbox 1335 429 2288 488">
     <span class='ocr_line' id='line_1_2' title="bbox 1335 429 2288 488; baseline 0 -1"><span class='ocrx_word' id='word_1_2' title='bbox 1335 429 1937 487; x_wconf 75' lang='lat' dir='ltr'><strong>APOPIITHEGMATA</strong></span> <span class='ocrx_word' id='word_1_3' title='bbox 1981 430 2288 488; x_wconf 76' lang='lat' dir='ltr'><strong>PATRUM.</strong></span> 
     </span>
    </p>
   </div>
   <div class='ocr_carea' id='block_1_3' title="bbox 3305 424 3417 482">
    <p class='ocr_par' dir='ltr' id='par_1_3' title="bbox 3305 424 3417 482">
     <span class='ocr_line' id='line_1_3' title="bbox 3305 424 3417 482; baseline 0 0"><span class='ocrx_word' id='word_1_4' title='bbox 3305 424 3417 482; x_wconf 67' lang='lat'><strong>302</strong></span> 
     </span>
    </p>
   </div>
   <div class='ocr_carea' id='block_1_4' title="bbox 251 538 1770 618">
    <p class='ocr_par' dir='ltr' id='par_1_4' title="bbox 251 543 1744 618">
     <span class='ocr_line' id='line_1_4' title="bbox 251 543 1744 618; baseline -0.001 -18"><span class='ocrx_word' id='word_1_5' title='bbox 251 545 319 617; x_wconf 82' lang='grc' dir='ltr'><strong>β’.</strong></span> <span class='ocrx_word' id='word_1_6' title='bbox 355 544 578 614; x_wconf 81' lang='grc' dir='ltr'><strong>Ἔλεγον</strong></span> <span class='ocrx_word' id='word_1_7' title='bbox 606 545 736 616; x_wconf 73' lang='grc' dir='ltr'>περὶ</span> <span class='ocrx_word' id='word_1_8' title='bbox 761 543 854 598; x_wconf 76' lang='grc' dir='ltr'><strong>τοῦ</strong></span> <span class='ocrx_word' id='word_1_9' title='bbox 876 545 1128 618; x_wconf 81' lang='grc' dir='ltr'>δευτέρου</span> <span class='ocrx_word' id='word_1_10' title='bbox 1149 544 1258 616; x_wconf 70' lang='grc'><strong>(49)</strong></span> <span class='ocrx_word' id='word_1_11' title='bbox 1287 544 1429 599; x_wconf 66' lang='lat' dir='ltr'><strong>assa</strong></span> <span class='ocrx_word' id='word_1_12' title='bbox 1456 546 1744 616; x_wconf 77' lang='grc' dir='ltr'>Μεγεθιου,</span> 
     </span>
    </p>
   </div>
   <div class='ocr_carea' id='block_1_5' title="bbox 1874 538 3418 618">
    <p class='ocr_par' dir='ltr' id='par_1_5' title="bbox 1925 538 3418 613">
     <span class='ocr_line' id='line_1_5' title="bbox 1925 538 3418 613; baseline -0.003 -14"><span class='ocrx_word' id='word_1_13' title='bbox 1925 545 1982 600; x_wconf 75' lang='grc'>2.</span> <span class='ocrx_word' id='word_1_14' title='bbox 2022 546 2247 601; x_wconf 85' lang='lat' dir='ltr'><strong>Aiebam</strong></span> <span class='ocrx_word' id='word_1_15' title='bbox 2283 545 2350 600; x_wconf 87' lang='lat' dir='ltr'><strong>de</strong></span> <span class='ocrx_word' id='word_1_16' title='bbox 2403 543 2649 600; x_wconf 86' lang='lat' dir='ltr'><strong>secundo</strong></span> <span class='ocrx_word' id='word_1_17' title='bbox 2696 543 2890 598; x_wconf 90' lang='lat' dir='ltr'><strong>abbate</strong></span> <span class='ocrx_word' id='word_1_18' title='bbox 2940 538 3233 613; x_wconf 75' lang='lat' dir='ltr'><strong>Mcgethio,</strong></span> <span class='ocrx_word' id='word_1_19' title='bbox 3267 539 3418 610; x_wconf 85' lang='lat' dir='ltr'><strong>quod</strong></span> 
     </span>
    </p>
   </div>
   <div class='ocr_carea' id='block_1_6' title="bbox 173 631 1751 708">
    <p class='ocr_par' dir='ltr' id='par_1_6' title="bbox 173 631 1751 708">
     <span class='ocr_line' id='line_1_6' title="bbox 173 631 1751 708; baseline -0.002 -15"><span class='ocrx_word' id='word_1_20' title='bbox 173 637 262 693; x_wconf 72' lang='grc' dir='ltr'>ὅτι</span> <span class='ocrx_word' id='word_1_21' title='bbox 310 631 379 706; x_wconf 80' lang='grc' dir='ltr'>ἦν</span> <span class='ocrx_word' id='word_1_22' title='bbox 421 635 676 698; x_wconf 76' lang='grc' dir='ltr'>ταπεινὸς</span> <span class='ocrx_word' id='word_1_23' title='bbox 721 635 958 707; x_wconf 81' lang='grc' dir='ltr'>σφόδρα,</span> <span class='ocrx_word' id='word_1_24' title='bbox 1008 635 1366 708; x_wconf 76' lang='grc' dir='ltr'><strong>μαθητευθεὶς</strong></span> <span class='ocrx_word' id='word_1_25' title='bbox 1417 639 1548 708; x_wconf 77' lang='grc' dir='ltr'>παρ’</span> <span class='ocrx_word' id='word_1_26' title='bbox 1585 639 1751 706; x_wconf 80' lang='grc' dir='ltr'>Αἰγυ-</span> 
     </span>
    </p>
   </div>
   <div class='ocr_carea' id='block_1_7' title="bbox 176 725 1752 801">
    <p class='ocr_par' dir='ltr' id='par_1_7' title="bbox 176 725 1752 801">
     <span class='ocr_line' id='line_1_7' title="bbox 176 725 1752 801; baseline 0 -20"><span class='ocrx_word' id='word_1_27' title='bbox 176 727 379 792; x_wconf 71' lang='grc' dir='ltr'>πτίοις,</span> <span class='ocrx_word' id='word_1_28' title='bbox 411 727 506 780; x_wconf 81' lang='grc' dir='ltr'>καὶ</span> <span class='ocrx_word' id='word_1_29' title='bbox 533 725 811 795; x_wconf 84' lang='grc' dir='ltr'><strong>συντυχὼν</strong></span> <span class='ocrx_word' id='word_1_30' title='bbox 852 727 1066 790; x_wconf 83' lang='grc' dir='ltr'>πολλοῖς</span> <span class='ocrx_word' id='word_1_31' title='bbox 1089 729 1332 799; x_wconf 83' lang='grc' dir='ltr'><strong>γέρουσι,</strong></span> <span class='ocrx_word' id='word_1_32' title='bbox 1367 728 1460 781; x_wconf 77' lang='grc' dir='ltr'><strong>καὶ</strong></span> <span class='ocrx_word' id='word_1_33' title='bbox 1498 727 1576 799; x_wconf 79' lang='grc' dir='ltr'>τῷ</span> <span class='ocrx_word' id='word_1_34' title='bbox 1609 728 1752 801; x_wconf 76' lang='grc' dir='ltr'>ἀϐϐᾷ</span> 
     </span>
    </p>
   </div>
   <div class='ocr_carea' id='block_1_8' title="bbox 176 816 1750 888">
    <p class='ocr_par' dir='ltr' id='par_1_8' title="bbox 176 816 1750 888">
     <span class='ocr_line' id='line_1_8' title="bbox 176 816 1750 888; baseline 0.001 -17"><span class='ocrx_word' id='word_1_35' title='bbox 176 818 363 888; x_wconf 78' lang='grc' dir='ltr'>Σισόῃ,</span> <span class='ocrx_word' id='word_1_36' title='bbox 396 817 492 869; x_wconf 70' lang='grc' dir='ltr'>καὶ</span> <span class='ocrx_word' id='word_1_37' title='bbox 528 816 608 886; x_wconf 78' lang='grc' dir='ltr'>τῷ</span> <span class='ocrx_word' id='word_1_38' title='bbox 634 817 777 887; x_wconf 80' lang='grc' dir='ltr'>ἀϐϐᾷ</span> <span class='ocrx_word' id='word_1_39' title='bbox 803 817 1050 887; x_wconf 86' lang='grc' dir='ltr'>Ποιμένι.</span> <span class='ocrx_word' id='word_1_40' title='bbox 1082 819 1301 888; x_wconf 84' lang='grc' dir='ltr'>Ἔμεινε</span> <span class='ocrx_word' id='word_1_41' title='bbox 1338 819 1394 872; x_wconf 82' lang='grc' dir='ltr'>δὲ</span> <span class='ocrx_word' id='word_1_42' title='bbox 1429 820 1521 872; x_wconf 70' lang='grc' dir='ltr'>καὶ</span> <span class='ocrx_word' id='word_1_43' title='bbox 1547 821 1626 884; x_wconf 81' lang='grc' dir='ltr'>εἰς</span> <span class='ocrx_word' id='word_1_44' title='bbox 1652 837 1750 873; x_wconf 83' lang='grc' dir='ltr'>πο·</span> 
     </span>
    </p>
   </div>
   <div class='ocr_carea' id='block_1_9' title="bbox 174 908 1754 981">
    <p class='ocr_par' dir='ltr' id='par_1_9' title="bbox 174 908 1754 981">
     <span class='ocr_line' id='line_1_9' title="bbox 174 908 1754 981; baseline 0 -17"><span class='ocrx_word' id='word_1_45' title='bbox 174 909 352 979; x_wconf 82' lang='grc' dir='ltr'>ταμὸν</span> <span class='ocrx_word' id='word_1_46' title='bbox 382 909 466 972; x_wconf 68' lang='grc' dir='ltr'>εἰς</span> <span class='ocrx_word' id='word_1_47' title='bbox 491 908 550 961; x_wconf 85' lang='grc' dir='ltr'><strong>τὺ</strong></span> <span class='ocrx_word' id='word_1_48' title='bbox 578 908 726 961; x_wconf 81' lang='grc' dir='ltr'>Σινά.</span> <span class='ocrx_word' id='word_1_49' title='bbox 749 908 857 961; x_wconf 88' lang='lat' dir='ltr'><strong>Kal</strong></span> <span class='ocrx_word' id='word_1_50' title='bbox 881 908 1078 978; x_wconf 85' lang='grc' dir='ltr'>συνέϐη</span> <span class='ocrx_word' id='word_1_51' title='bbox 1102 908 1225 963; x_wconf 86' lang='grc' dir='ltr'>τινὰ</span> <span class='ocrx_word' id='word_1_52' title='bbox 1249 909 1355 962; x_wconf 80' lang='grc' dir='ltr'>τῶν</span> <span class='ocrx_word' id='word_1_53' title='bbox 1384 909 1553 978; x_wconf 82' lang='grc' dir='ltr'>ἁγίων</span> <span class='ocrx_word' id='word_1_54' title='bbox 1577 928 1754 981; x_wconf 85' lang='grc' dir='ltr'>παρα-</span> 
     </span>
    </p>
   </div>
   <div class='ocr_carea' id='block_1_10' title="bbox 177 997 1750 1071">
    <p class='ocr_par' dir='ltr' id='par_1_10' title="bbox 177 997 1750 1071">
     <span class='ocr_line' id='line_1_10' title="bbox 177 997 1750 1071; baseline 0.001 -18"><span class='ocrx_word' id='word_1_55' title='bbox 177 1001 364 1054; x_wconf 78' lang='grc' dir='ltr'>ϐαλεῖν</span> <span class='ocrx_word' id='word_1_56' title='bbox 406 999 557 1070; x_wconf 89' lang='grc' dir='ltr'><strong>αὑτῷ</strong></span> <span class='ocrx_word' id='word_1_57' title='bbox 581 999 678 1068; x_wconf 81' lang='grc' dir='ltr'><strong>(ὡς</strong></span> <span class='ocrx_word' id='word_1_58' title='bbox 714 999 873 1062; x_wconf 82' lang='grc' dir='ltr'>αὑτὸς</span> <span class='ocrx_word' id='word_1_59' title='bbox 897 997 1241 1071; x_wconf 73' lang='grc' dir='ltr'>διηγήσατο),</span> <span class='ocrx_word' id='word_1_60' title='bbox 1272 1002 1365 1054; x_wconf 76' lang='grc' dir='ltr'>καὶ</span> <span class='ocrx_word' id='word_1_61' title='bbox 1401 1001 1547 1070; x_wconf 86' lang='grc' dir='ltr'>λέγει</span> <span class='ocrx_word' id='word_1_62' title='bbox 1570 1001 1750 1071; x_wconf 80' lang='grc' dir='ltr'>αύτῷ·</span> 
     </span>
    </p>
   </div>
   <div class='ocr_carea' id='block_1_11' title="bbox 178 1088 1755 1162">
    <p class='ocr_par' dir='ltr' id='par_1_11' title="bbox 178 1088 1755 1162">
     <span class='ocr_line' id='line_1_11' title="bbox 178 1088 1755 1162; baseline -0.001 -17"><span class='ocrx_word' id='word_1_63' title='bbox 178 1091 307 1155; x_wconf 83' lang='grc' dir='ltr'>Πῶς</span> <span class='ocrx_word' id='word_1_64' title='bbox 340 1089 569 1157; x_wconf 79' lang='grc' dir='ltr'><strong>διάγεις,</strong></span> <span class='ocrx_word' id='word_1_65' title='bbox 613 1088 846 1156; x_wconf 46' lang='grc' dir='ltr'>ἀδελφὴ</span> <span class='ocrx_word' id='word_1_66' title='bbox 897 1091 954 1143; x_wconf 92' lang='grc' dir='ltr'><strong>ἐν</strong></span> <span class='ocrx_word' id='word_1_67' title='bbox 997 1092 1064 1161; x_wconf 77' lang='grc' dir='ltr'>τῇ</span> <span class='ocrx_word' id='word_1_68' title='bbox 1111 1091 1302 1161; x_wconf 80' lang='grc' dir='ltr'><strong>ἐρήμῳ</strong></span> <span class='ocrx_word' id='word_1_69' title='bbox 1355 1091 1560 1162; x_wconf 52' lang='grc' dir='ltr'>ταύτῃ</span> <span class='ocrx_word' id='word_1_70' title='bbox 1599 1093 1656 1144; x_wconf 87' lang='lat'><strong>&#39;0</strong></span> <span class='ocrx_word' id='word_1_71' title='bbox 1695 1091 1755 1144; x_wconf 77' lang='grc' dir='ltr'><strong>δέ</strong></span> 
     </span>
    </p>
   </div>
   <div class='ocr_carea' id='block_1_12' title="bbox 176 1176 1756 1251">
    <p class='ocr_par' dir='ltr' id='par_1_12' title="bbox 176 1176 1756 1251">
     <span class='ocr_line' id='line_1_12' title="bbox 176 1176 1756 1251; baseline -0.002 -17"><span class='ocrx_word' id='word_1_72' title='bbox 176 1176 301 1234; x_wconf 78' lang='grc' dir='ltr'>εἷπε</span> <span class='ocrx_word' id='word_1_73' title='bbox 323 1197 340 1211; x_wconf 76' lang='grc' dir='ltr'><strong><em>ο</em></strong></span> <span class='ocrx_word' id='word_1_74' title='bbox 395 1178 661 1249; x_wconf 81' lang='grc' dir='ltr'>Νηστεύω</span> <span class='ocrx_word' id='word_1_75' title='bbox 693 1178 787 1232; x_wconf 88' lang='grc' dir='ltr'><strong>δύο</strong></span> <span class='ocrx_word' id='word_1_76' title='bbox 817 1178 941 1241; x_wconf 89' lang='grc' dir='ltr'>δύο,</span> <span class='ocrx_word' id='word_1_77' title='bbox 973 1181 1066 1234; x_wconf 77' lang='grc' dir='ltr'>καὶ</span> <span class='ocrx_word' id='word_1_78' title='bbox 1109 1179 1204 1233; x_wconf 76' lang='grc' dir='ltr'>ἕνα</span> <span class='ocrx_word' id='word_1_79' title='bbox 1236 1181 1399 1251; x_wconf 78' lang='grc' dir='ltr'>ἄρτον</span> <span class='ocrx_word' id='word_1_80' title='bbox 1429 1180 1610 1233; x_wconf 77' lang='grc' dir='ltr'>ἐσθίω.</span> <span class='ocrx_word' id='word_1_81' title='bbox 1645 1179 1756 1234; x_wconf 97' lang='lat' dir='ltr'><strong>Kal</strong></span> 
     </span>
    </p>
   </div>
   <div class='ocr_carea' id='block_1_13' title="bbox 179 1268 1756 1341">
    <p class='ocr_par' dir='ltr' id='par_1_13' title="bbox 179 1268 1756 1341">
     <span class='ocr_line' id='line_1_13' title="bbox 179 1268 1756 1341; baseline -0.003 -17"><span class='ocrx_word' id='word_1_82' title='bbox 179 1271 331 1340; x_wconf 77' lang='grc' dir='ltr'>λέγει</span> <span class='ocrx_word' id='word_1_83' title='bbox 355 1287 447 1341; x_wconf 89' lang='grc' dir='ltr'><strong>μοι</strong></span> <span class='ocrx_word' id='word_1_84' title='bbox 469 1286 483 1300; x_wconf 71' lang='grc'><strong><em>⁸</em></strong></span> <span class='ocrx_word' id='word_1_85' title='bbox 511 1270 575 1322; x_wconf 84' lang='lat' dir='ltr'><strong>EI</strong></span> <span class='ocrx_word' id='word_1_86' title='bbox 608 1268 780 1332; x_wconf 80' lang='grc' dir='ltr'>Θέλεις</span> <span class='ocrx_word' id='word_1_87' title='bbox 813 1269 1044 1322; x_wconf 76' lang='grc' dir='ltr'>ἀκοῦσαί</span> <span class='ocrx_word' id='word_1_88' title='bbox 1071 1287 1197 1341; x_wconf 80' lang='grc' dir='ltr'>μου,</span> <span class='ocrx_word' id='word_1_89' title='bbox 1237 1269 1375 1338; x_wconf 83' lang='grc' dir='ltr'>φάγε</span> <span class='ocrx_word' id='word_1_90' title='bbox 1399 1269 1519 1322; x_wconf 77' lang='grc' dir='ltr'>καθ’</span> <span class='ocrx_word' id='word_1_91' title='bbox 1542 1269 1756 1340; x_wconf 77' lang='grc' dir='ltr'>ἡμέραν</span> 
     </span>
    </p>
   </div>
   <div class='ocr_carea' id='block_1_14' title="bbox 179 1352 1756 1433">
    <p class='ocr_par' dir='ltr' id='par_1_14' title="bbox 179 1352 1756 1433">
     <span class='ocr_line' id='line_1_14' title="bbox 179 1352 1756 1433; baseline -0.002 -18"><span class='ocrx_word' id='word_1_92' title='bbox 179 1361 242 1415; x_wconf 82' lang='grc' dir='ltr'>τὸ</span> <span class='ocrx_word' id='word_1_93' title='bbox 269 1361 446 1430; x_wconf 72' lang='grc' dir='ltr'>ἥμισυ</span> <span class='ocrx_word' id='word_1_94' title='bbox 478 1357 574 1414; x_wconf 75' lang='grc' dir='ltr'>τοῦ</span> <span class='ocrx_word' id='word_1_95' title='bbox 606 1359 794 1429; x_wconf 78' lang='grc' dir='ltr'>ἄρτου.</span> <span class='ocrx_word' id='word_1_96' title='bbox 825 1359 936 1412; x_wconf 81' lang='lat' dir='ltr'><strong>Kal</strong></span> <span class='ocrx_word' id='word_1_97' title='bbox 960 1363 1193 1433; x_wconf 81' lang='grc' dir='ltr'>ποιήσας</span> <span class='ocrx_word' id='word_1_98' title='bbox 1225 1359 1398 1422; x_wconf 75' lang='grc' dir='ltr'>οὕτως</span> <span class='ocrx_word' id='word_1_99' title='bbox 1429 1352 1586 1427; x_wconf 74' lang='grc' dir='ltr'>εὗρεν</span> <span class='ocrx_word' id='word_1_100' title='bbox 1621 1359 1756 1416; x_wconf 79' lang='grc' dir='ltr'><strong>ἀνά-</strong></span> 
     </span>
    </p>
   </div>
   <div class='ocr_carea' id='block_1_15' title="bbox 182 1470 412 1505">
    <p class='ocr_par' dir='ltr' id='par_1_15' title="bbox 182 1470 412 1505">
     <span class='ocr_line' id='line_1_15' title="bbox 182 1470 412 1505; baseline 0.004 -1"><span class='ocrx_word' id='word_1_101' title='bbox 182 1470 295 1505; x_wconf 87' lang='grc' dir='ltr'><strong>παυ</strong></span> <span class='ocrx_word' id='word_1_102' title='bbox 304 1470 412 1505; x_wconf 86' lang='grc' dir='ltr'>σιν.</span> 
     </span>
    </p>
   </div>
   <div class='ocr_carea' id='block_1_16' title="bbox 262 1540 1756 1614">
    <p class='ocr_par' dir='ltr' id='par_1_16' title="bbox 262 1540 1756 1614">
     <span class='ocr_line' id='line_1_16' title="bbox 262 1540 1756 1614; baseline -0.003 -16"><span class='ocrx_word' id='word_1_103' title='bbox 262 1549 336 1612; x_wconf 91' lang='grc' dir='ltr'><strong>γ’.</strong></span> <span class='ocrx_word' id='word_1_104' title='bbox 378 1542 699 1614; x_wconf 78' lang='grc' dir='ltr'>Ἠρώτησάν</span> <span class='ocrx_word' id='word_1_105' title='bbox 721 1559 866 1606; x_wconf 87' lang='grc' dir='ltr'>τινες</span> <span class='ocrx_word' id='word_1_106' title='bbox 895 1541 1004 1595; x_wconf 85' lang='grc' dir='ltr'><strong>τῶν</strong></span> <span class='ocrx_word' id='word_1_107' title='bbox 1033 1541 1292 1614; x_wconf 86' lang='grc' dir='ltr'>Πατέρων</span> <span class='ocrx_word' id='word_1_108' title='bbox 1323 1541 1414 1595; x_wconf 75' lang='grc' dir='ltr'><strong>τὸν</strong></span> <span class='ocrx_word' id='word_1_109' title='bbox 1441 1540 1613 1596; x_wconf 77' lang='grc' dir='ltr'>ἀϐϐἄν</span> <span class='ocrx_word' id='word_1_110' title='bbox 1642 1543 1756 1596; x_wconf 82' lang='grc' dir='ltr'><strong>Με-</strong></span> 
     </span>
    </p>
   </div>
   <div class='ocr_carea' id='block_1_17' title="bbox 183 1632 1758 1705">
    <p class='ocr_par' dir='ltr' id='par_1_17' title="bbox 183 1632 1758 1705">
     <span class='ocr_line' id='line_1_17' title="bbox 183 1632 1758 1705; baseline 0 -19"><span class='ocrx_word' id='word_1_111' title='bbox 183 1633 388 1703; x_wconf 83' lang='grc' dir='ltr'>γέθιον,</span> <span class='ocrx_word' id='word_1_112' title='bbox 412 1633 698 1702; x_wconf 81' lang='grc' dir='ltr'>λέγοντες·</span> <span class='ocrx_word' id='word_1_113' title='bbox 737 1634 868 1688; x_wconf 80' lang='grc' dir='ltr'>Ἐὰν</span> <span class='ocrx_word' id='word_1_114' title='bbox 907 1632 1298 1705; x_wconf 78' lang='grc' dir='ltr'>περισσεύηται</span> <span class='ocrx_word' id='word_1_115' title='bbox 1343 1632 1528 1704; x_wconf 69' lang='grc' dir='ltr'>ἕψημα</span> <span class='ocrx_word' id='word_1_116' title='bbox 1553 1635 1634 1697; x_wconf 81' lang='grc' dir='ltr'><strong>εις</strong></span> <span class='ocrx_word' id='word_1_117' title='bbox 1662 1632 1758 1704; x_wconf 80' lang='grc' dir='ltr'>τὴν</span> 
     </span>
    </p>
   </div>
   <div class='ocr_carea' id='block_1_18' title="bbox 187 1725 1760 1796">
    <p class='ocr_par' dir='ltr' id='par_1_18' title="bbox 187 1725 1760 1796">
     <span class='ocr_line' id='line_1_18' title="bbox 187 1725 1760 1796; baseline -0.001 -16"><span class='ocrx_word' id='word_1_118' title='bbox 187 1726 355 1795; x_wconf 71' lang='grc' dir='ltr'>ἀλλην</span> <span class='ocrx_word' id='word_1_119' title='bbox 382 1727 616 1796; x_wconf 73' lang='grc' dir='ltr'>ἡμέραν,</span> <span class='ocrx_word' id='word_1_120' title='bbox 649 1725 822 1790; x_wconf 86' lang='grc' dir='ltr'>θέλεις</span> <span class='ocrx_word' id='word_1_121' title='bbox 851 1727 937 1780; x_wconf 74' lang='grc' dir='ltr'>ἵνα</span> <span class='ocrx_word' id='word_1_122' title='bbox 967 1726 1213 1795; x_wconf 73' lang='grc' dir='ltr'>φάγωσιν</span> <span class='ocrx_word' id='word_1_123' title='bbox 1239 1727 1290 1778; x_wconf 75' lang='grc' dir='ltr'>οἱ</span> <span class='ocrx_word' id='word_1_124' title='bbox 1319 1725 1538 1795; x_wconf 73' lang='grc' dir='ltr'>ἀδελφοί</span> <span class='ocrx_word' id='word_1_125' title='bbox 1555 1743 1571 1792; x_wconf 92' lang='lat'><strong>;</strong></span> <span class='ocrx_word' id='word_1_126' title='bbox 1598 1725 1760 1794; x_wconf 85' lang='grc' dir='ltr'>Λέγει</span> 
     </span>
    </p>
   </div>
   <div class='ocr_carea' id='block_1_19' title="bbox 191 1815 1761 1890">
    <p class='ocr_par' dir='ltr' id='par_1_19' title="bbox 191 1815 1761 1890">
     <span class='ocr_line' id='line_1_19' title="bbox 191 1815 1761 1890; baseline -0.001 -19"><span class='ocrx_word' id='word_1_127' title='bbox 191 1818 372 1881; x_wconf 86' lang='grc' dir='ltr'>αὑτοῖς</span> <span class='ocrx_word' id='word_1_128' title='bbox 397 1820 428 1871; x_wconf 80' lang='grc' dir='ltr'>ὁ</span> <span class='ocrx_word' id='word_1_129' title='bbox 458 1817 637 1886; x_wconf 79' lang='grc' dir='ltr'>γέρων</span> <span class='ocrx_word' id='word_1_130' title='bbox 655 1836 668 1848; x_wconf 93' lang='grc'><strong>·</strong></span> <span class='ocrx_word' id='word_1_131' title='bbox 712 1817 840 1872; x_wconf 85' lang='grc' dir='ltr'><strong>Ἐὰν</strong></span> <span class='ocrx_word' id='word_1_132' title='bbox 866 1819 1179 1890; x_wconf 74' lang='grc' dir='ltr'>ἠρήμωται,</span> <span class='ocrx_word' id='word_1_133' title='bbox 1209 1815 1309 1869; x_wconf 82' lang='grc' dir='ltr'><strong>οὑκ</strong></span> <span class='ocrx_word' id='word_1_134' title='bbox 1333 1815 1449 1868; x_wconf 78' lang='grc' dir='ltr'>ἐστι</span> <span class='ocrx_word' id='word_1_135' title='bbox 1481 1815 1644 1870; x_wconf 80' lang='grc' dir='ltr'>καλὸν</span> <span class='ocrx_word' id='word_1_136' title='bbox 1675 1817 1761 1869; x_wconf 82' lang='grc' dir='ltr'><strong>ἴνα</strong></span> 
     </span>
    </p>
   </div>
   <div class='ocr_carea' id='block_1_20' title="bbox 1853 631 3420 704">
    <p class='ocr_par' dir='ltr' id='par_1_20' title="bbox 1853 631 3420 704">
     <span class='ocr_line' id='line_1_20' title="bbox 1853 631 3420 704; baseline -0.004 -12"><span class='ocrx_word' id='word_1_137' title='bbox 1853 646 1998 692; x_wconf 90' lang='lat' dir='ltr'><strong>esset</strong></span> <span class='ocrx_word' id='word_1_138' title='bbox 2030 638 2183 692; x_wconf 83' lang='lat' dir='ltr'><strong>valde</strong></span> <span class='ocrx_word' id='word_1_139' title='bbox 2215 637 2460 699; x_wconf 82' lang='lat' dir='ltr'><strong>humilis,</strong></span> <span class='ocrx_word' id='word_1_140' title='bbox 2493 634 2720 690; x_wconf 78' lang='lat' dir='ltr'><strong>edoctus</strong></span> <span class='ocrx_word' id='word_1_141' title='bbox 2763 634 2832 688; x_wconf 88' lang='lat' dir='ltr'><strong>ab</strong></span> <span class='ocrx_word' id='word_1_142' title='bbox 2859 631 3152 704; x_wconf 67' lang='lat' dir='ltr'><strong>Egyptiis,</strong></span> <span class='ocrx_word' id='word_1_143' title='bbox 3186 638 3242 687; x_wconf 88' lang='lat' dir='ltr'><strong>et</strong></span> <span class='ocrx_word' id='word_1_144' title='bbox 3287 646 3420 686; x_wconf 85' lang='lat' dir='ltr'><strong>con-</strong></span> 
     </span>
    </p>
   </div>
   <div class='ocr_carea' id='block_1_21' title="bbox 1853 720 3420 797">
    <p class='ocr_par' dir='ltr' id='par_1_21' title="bbox 1853 720 3420 797">
     <span class='ocr_line' id='line_1_21' title="bbox 1853 720 3420 797; baseline -0.003 -17"><span class='ocrx_word' id='word_1_145' title='bbox 1853 743 2078 797; x_wconf 80' lang='lat' dir='ltr'><strong>gressus</strong></span> <span class='ocrx_word' id='word_1_146' title='bbox 2103 743 2228 781; x_wconf 89' lang='lat' dir='ltr'><strong>cum</strong></span> <span class='ocrx_word' id='word_1_147' title='bbox 2277 727 2460 782; x_wconf 85' lang='lat' dir='ltr'><strong>multis</strong></span> <span class='ocrx_word' id='word_1_148' title='bbox 2484 727 2730 789; x_wconf 88' lang='lat' dir='ltr'><strong>senibus,</strong></span> <span class='ocrx_word' id='word_1_149' title='bbox 2761 739 2995 794; x_wconf 91' lang='lat' dir='ltr'><strong>cumque</strong></span> <span class='ocrx_word' id='word_1_150' title='bbox 3033 723 3228 778; x_wconf 90' lang='lat' dir='ltr'><strong>abbate</strong></span> <span class='ocrx_word' id='word_1_151' title='bbox 3257 720 3420 777; x_wconf 80' lang='lat' dir='ltr'><strong>Sisoe</strong></span> 
     </span>
    </p>
   </div>
   <div class='ocr_carea' id='block_1_22' title="bbox 1853 813 3416 872">
    <p class='ocr_par' dir='ltr' id='par_1_22' title="bbox 1853 813 3416 872">
     <span class='ocr_line' id='line_1_22' title="bbox 1853 813 3416 872; baseline -0.003 -1"><span class='ocrx_word' id='word_1_152' title='bbox 1853 825 1908 872; x_wconf 92' lang='lat' dir='ltr'><strong>et</strong></span> <span class='ocrx_word' id='word_1_153' title='bbox 1962 817 2155 871; x_wconf 89' lang='lat' dir='ltr'><strong>abbate</strong></span> <span class='ocrx_word' id='word_1_154' title='bbox 2209 815 2489 871; x_wconf 77' lang='lat' dir='ltr'><strong>Pcmnene.</strong></span> <span class='ocrx_word' id='word_1_155' title='bbox 2533 815 2729 870; x_wconf 75' lang='lat' dir='ltr'><strong>Mansit</strong></span> <span class='ocrx_word' id='word_1_156' title='bbox 2778 823 2958 868; x_wconf 90' lang='lat' dir='ltr'><strong>autem</strong></span> <span class='ocrx_word' id='word_1_157' title='bbox 3001 815 3068 868; x_wconf 90' lang='lat' dir='ltr'><strong>ad</strong></span> <span class='ocrx_word' id='word_1_158' title='bbox 3103 813 3323 868; x_wconf 76' lang='lat' dir='ltr'><strong>[luvium</strong></span> <span class='ocrx_word' id='word_1_159' title='bbox 3360 817 3416 868; x_wconf 88' lang='lat' dir='ltr'><strong>In</strong></span> 
     </span>
    </p>
   </div>
   <div class='ocr_carea' id='block_1_23' title="bbox 1860 901 3422 975">
    <p class='ocr_par' dir='ltr' id='par_1_23' title="bbox 1860 901 3422 975">
     <span class='ocr_line' id='line_1_23' title="bbox 1860 901 3422 975; baseline -0.003 -17"><span class='ocrx_word' id='word_1_160' title='bbox 1860 904 2012 958; x_wconf 89' lang='lat' dir='ltr'><strong>Sina.</strong></span> <span class='ocrx_word' id='word_1_161' title='bbox 2043 903 2236 967; x_wconf 88' lang='lat' dir='ltr'><strong>Porro,</strong></span> <span class='ocrx_word' id='word_1_162' title='bbox 2266 905 2410 975; x_wconf 92' lang='lat' dir='ltr'><strong>quod</strong></span> <span class='ocrx_word' id='word_1_163' title='bbox 2467 906 2582 973; x_wconf 88' lang='lat' dir='ltr'><strong>ipse</strong></span> <span class='ocrx_word' id='word_1_164' title='bbox 2613 902 2895 966; x_wconf 74' lang='lat' dir='ltr'><strong>narrabat,</strong></span> <span class='ocrx_word' id='word_1_165' title='bbox 2947 901 3178 970; x_wconf 82' lang='lat' dir='ltr'><strong>contigit</strong></span> <span class='ocrx_word' id='word_1_166' title='bbox 3210 907 3268 954; x_wconf 89' lang='lat' dir='ltr'><strong>ut</strong></span> <span class='ocrx_word' id='word_1_167' title='bbox 3317 901 3422 954; x_wconf 70' lang='lat' dir='ltr'><strong>alio</strong></span> 
     </span>
    </p>
   </div>
   <div class='ocr_carea' id='block_1_24' title="bbox 1859 989 3420 1066">
    <p class='ocr_par' dir='ltr' id='par_1_24' title="bbox 1859 989 3420 1066">
     <span class='ocr_line' id='line_1_24' title="bbox 1859 989 3420 1066; baseline -0.001 -18"><span class='ocrx_word' id='word_1_168' title='bbox 1859 998 1986 1066; x_wconf 92' lang='lat' dir='ltr'><strong>quis</strong></span> <span class='ocrx_word' id='word_1_169' title='bbox 2015 1005 2324 1052; x_wconf 85' lang='lat' dir='ltr'><strong>sanctorum</strong></span> <span class='ocrx_word' id='word_1_170' title='bbox 2351 995 2668 1050; x_wconf 87' lang='lat' dir='ltr'><strong>conveniret</strong></span> <span class='ocrx_word' id='word_1_171' title='bbox 2697 1010 2820 1050; x_wconf 88' lang='lat' dir='ltr'><strong>eum</strong></span> <span class='ocrx_word' id='word_1_172' title='bbox 2849 1011 2863 1050; x_wconf 90' lang='lat'>:</span> <span class='ocrx_word' id='word_1_173' title='bbox 2898 993 2993 1064; x_wconf 88' lang='lat' dir='ltr'><strong>qui</strong></span> <span class='ocrx_word' id='word_1_174' title='bbox 3017 991 3155 1047; x_wconf 92' lang='lat' dir='ltr'><strong>dixit</strong></span> <span class='ocrx_word' id='word_1_175' title='bbox 3181 991 3231 1046; x_wconf 94' lang='lat' dir='ltr'><strong>ei</strong></span> <span class='ocrx_word' id='word_1_176' title='bbox 3256 1007 3273 1046; x_wconf 90' lang='lat'><strong>:</strong></span> <span class='ocrx_word' id='word_1_177' title='bbox 3320 989 3420 1047; x_wconf 77' lang='lat' dir='ltr'><strong>Vi—</strong></span> 
     </span>
    </p>
   </div>
   <div class='ocr_carea' id='block_1_25' title="bbox 1855 1081 3423 1154">
    <p class='ocr_par' dir='ltr' id='par_1_25' title="bbox 1855 1081 3423 1154">
     <span class='ocr_line' id='line_1_25' title="bbox 1855 1081 3423 1154; baseline -0.002 -15"><span class='ocrx_word' id='word_1_178' title='bbox 1855 1091 1966 1139; x_wconf 87' lang='lat' dir='ltr'><strong>tam</strong></span> <span class='ocrx_word' id='word_1_179' title='bbox 1995 1085 2270 1154; x_wconf 87' lang='lat' dir='ltr'><strong>qumnodo</strong></span> <span class='ocrx_word' id='word_1_180' title='bbox 2331 1085 2572 1140; x_wconf 86' lang='lat' dir='ltr'><strong>traducis</strong></span> <span class='ocrx_word' id='word_1_181' title='bbox 2603 1085 2658 1138; x_wconf 93' lang='lat' dir='ltr'><strong>in</strong></span> <span class='ocrx_word' id='word_1_182' title='bbox 2693 1099 2878 1139; x_wconf 90' lang='lat' dir='ltr'><strong>eremo</strong></span> <span class='ocrx_word' id='word_1_183' title='bbox 2909 1084 3030 1150; x_wconf 86' lang='lat' dir='ltr'><strong>hac,</strong></span> <span class='ocrx_word' id='word_1_184' title='bbox 3063 1081 3275 1138; x_wconf 81' lang='lat' dir='ltr'><strong>frater?</strong></span> <span class='ocrx_word' id='word_1_185' title='bbox 3314 1082 3423 1136; x_wconf 79' lang='lat' dir='ltr'><strong>Re-</strong></span> 
     </span>
    </p>
   </div>
   <div class='ocr_carea' id='block_1_26' title="bbox 1856 1173 3423 1245">
    <p class='ocr_par' dir='ltr' id='par_1_26' title="bbox 1856 1173 3423 1245">
     <span class='ocr_line' id='line_1_26' title="bbox 1856 1173 3423 1245; baseline 0.001 -17"><span class='ocrx_word' id='word_1_186' title='bbox 1856 1173 2115 1244; x_wconf 88' lang='lat' dir='ltr'><strong>spondit:</strong></span> <span class='ocrx_word' id='word_1_187' title='bbox 2142 1173 2340 1243; x_wconf 74' lang='lat' dir='ltr'><strong>Jejuno</strong></span> <span class='ocrx_word' id='word_1_188' title='bbox 2365 1175 2433 1229; x_wconf 89' lang='lat' dir='ltr'><strong>ad</strong></span> <span class='ocrx_word' id='word_1_189' title='bbox 2461 1175 2645 1240; x_wconf 88' lang='lat' dir='ltr'><strong>bidua,</strong></span> <span class='ocrx_word' id='word_1_190' title='bbox 2683 1191 2850 1230; x_wconf 90' lang='lat' dir='ltr'><strong>unum</strong></span> <span class='ocrx_word' id='word_1_191' title='bbox 2877 1189 3073 1245; x_wconf 88' lang='lat' dir='ltr'><strong>panem</strong></span> <span class='ocrx_word' id='word_1_192' title='bbox 3106 1173 3423 1229; x_wconf 84' lang='lat' dir='ltr'><strong>comedens.</strong></span> 
     </span>
    </p>
   </div>
   <div class='ocr_carea' id='block_1_27' title="bbox 1857 1264 3424 1336">
    <p class='ocr_par' dir='ltr' id='par_1_27' title="bbox 1857 1264 3424 1336">
     <span class='ocr_line' id='line_1_27' title="bbox 1857 1264 3424 1336; baseline 0.001 -17"><span class='ocrx_word' id='word_1_193' title='bbox 1857 1265 1994 1320; x_wconf 81' lang='lat' dir='ltr'><strong>Tum</strong></span> <span class='ocrx_word' id='word_1_194' title='bbox 2053 1267 2186 1321; x_wconf 88' lang='lat' dir='ltr'><strong>ille:</strong></span> <span class='ocrx_word' id='word_1_195' title='bbox 2238 1265 2296 1320; x_wconf 90' lang='lat' dir='ltr'><strong>Si</strong></span> <span class='ocrx_word' id='word_1_196' title='bbox 2331 1266 2493 1322; x_wconf 84' lang='lat' dir='ltr'><strong>audis</strong></span> <span class='ocrx_word' id='word_1_197' title='bbox 2550 1267 2850 1322; x_wconf 88' lang='lat' dir='ltr'><strong>consilium</strong></span> <span class='ocrx_word' id='word_1_198' title='bbox 2910 1280 3114 1329; x_wconf 88' lang='lat' dir='ltr'><strong>meum,</strong></span> <span class='ocrx_word' id='word_1_199' title='bbox 3175 1264 3424 1336; x_wconf 80' lang='lat' dir='ltr'><strong>quutidie</strong></span> 
     </span>
    </p>
   </div>
   <div class='ocr_carea' id='block_1_28' title="bbox 1857 1355 3425 1427">
    <p class='ocr_par' dir='ltr' id='par_1_28' title="bbox 1857 1355 3425 1427">
     <span class='ocr_line' id='line_1_28' title="bbox 1857 1355 3425 1427; baseline 0.001 -17"><span class='ocrx_word' id='word_1_200' title='bbox 1857 1355 2114 1410; x_wconf 86' lang='lat' dir='ltr'><strong>comedes</strong></span> <span class='ocrx_word' id='word_1_201' title='bbox 2141 1355 2424 1411; x_wconf 90' lang='lat' dir='ltr'><strong>dimidium</strong></span> <span class='ocrx_word' id='word_1_202' title='bbox 2459 1358 2635 1427; x_wconf 87' lang='lat' dir='ltr'><strong>panis.</strong></span> <span class='ocrx_word' id='word_1_203' title='bbox 2660 1355 2816 1423; x_wconf 86' lang='lat' dir='ltr'><strong>Quod</strong></span> <span class='ocrx_word' id='word_1_204' title='bbox 2841 1371 2965 1410; x_wconf 87' lang='lat' dir='ltr'><strong>cum</strong></span> <span class='ocrx_word' id='word_1_205' title='bbox 2997 1355 3237 1422; x_wconf 76' lang='lat' dir='ltr'><strong>fecisset,</strong></span> <span class='ocrx_word' id='word_1_206' title='bbox 3270 1355 3425 1413; x_wconf 84' lang='lat' dir='ltr'><strong>inve-</strong></span> 
     </span>
    </p>
   </div>
   <div class='ocr_carea' id='block_1_29' title="bbox 1859 1445 2223 1515">
    <p class='ocr_par' dir='ltr' id='par_1_29' title="bbox 1859 1445 2223 1515">
     <span class='ocr_line' id='line_1_29' title="bbox 1859 1445 2223 1515; baseline 0 -15"><span class='ocrx_word' id='word_1_207' title='bbox 1859 1445 1938 1500; x_wconf 91' lang='lat' dir='ltr'><strong>nit</strong></span> <span class='ocrx_word' id='word_1_208' title='bbox 1964 1445 2223 1515; x_wconf 85' lang='lat' dir='ltr'><strong>quietem.</strong></span> 
     </span>
    </p>
   </div>
   <div class='ocr_carea' id='block_1_30' title="bbox 1931 1537 3422 1611">
    <p class='ocr_par' dir='ltr' id='par_1_30' title="bbox 1931 1537 3422 1611">
     <span class='ocr_line' id='line_1_30' title="bbox 1931 1537 3422 1611; baseline 0.003 -19"><span class='ocrx_word' id='word_1_209' title='bbox 1931 1538 1988 1592; x_wconf 81' lang='lat'><strong>5.</strong></span> <span class='ocrx_word' id='word_1_210' title='bbox 2017 1537 2253 1603; x_wconf 81' lang='lat' dir='ltr'><strong>Quidam</strong></span> <span class='ocrx_word' id='word_1_211' title='bbox 2279 1552 2310 1593; x_wconf 91' lang='lat' dir='ltr'><strong>e</strong></span> <span class='ocrx_word' id='word_1_212' title='bbox 2346 1537 2601 1594; x_wconf 86' lang='lat' dir='ltr'><strong>Patribus</strong></span> <span class='ocrx_word' id='word_1_213' title='bbox 2649 1541 3123 1611; x_wconf 81' lang='lat' dir='ltr'><strong>interrogaverunt</strong></span> <span class='ocrx_word' id='word_1_214' title='bbox 3169 1542 3422 1598; x_wconf 84' lang='lat' dir='ltr'><strong>abbatem</strong></span> 
     </span>
    </p>
   </div>
   <div class='ocr_carea' id='block_1_31' title="bbox 1863 1627 3422 1700">
    <p class='ocr_par' dir='ltr' id='par_1_31' title="bbox 1863 1627 3422 1700">
     <span class='ocr_line' id='line_1_31' title="bbox 1863 1627 3422 1700; baseline 0.003 -18"><span class='ocrx_word' id='word_1_215' title='bbox 1863 1627 2236 1698; x_wconf 77' lang='lat' dir='ltr'><strong>Megethium:</strong></span> <span class='ocrx_word' id='word_1_216' title='bbox 2294 1627 2352 1682; x_wconf 86' lang='lat' dir='ltr'><strong>Si</strong></span> <span class='ocrx_word' id='word_1_217' title='bbox 2383 1628 2712 1698; x_wconf 78' lang='lat' dir='ltr'><strong>superfuerit</strong></span> <span class='ocrx_word' id='word_1_218' title='bbox 2762 1632 3100 1700; x_wconf 83' lang='lat' dir='ltr'><strong>pulmentum</strong></span> <span class='ocrx_word' id='word_1_219' title='bbox 3137 1633 3202 1686; x_wconf 90' lang='lat' dir='ltr'><strong>ad</strong></span> <span class='ocrx_word' id='word_1_220' title='bbox 3261 1634 3422 1686; x_wconf 89' lang='lat' dir='ltr'><strong>aliam</strong></span> 
     </span>
    </p>
   </div>
   <div class='ocr_carea' id='block_1_32' title="bbox 1861 1715 3425 1779">
    <p class='ocr_par' dir='ltr' id='par_1_32' title="bbox 1861 1715 3425 1779">
     <span class='ocr_line' id='line_1_32' title="bbox 1861 1715 3425 1779; baseline 0.005 -11"><span class='ocrx_word' id='word_1_221' title='bbox 1861 1715 2027 1779; x_wconf 87' lang='lat' dir='ltr'><strong>diem,</strong></span> <span class='ocrx_word' id='word_1_222' title='bbox 2061 1716 2216 1770; x_wconf 80' lang='lat' dir='ltr'><strong>visne</strong></span> <span class='ocrx_word' id='word_1_223' title='bbox 2245 1723 2306 1769; x_wconf 93' lang='lat' dir='ltr'><strong>ut</strong></span> <span class='ocrx_word' id='word_1_224' title='bbox 2344 1717 2675 1771; x_wconf 88' lang='lat' dir='ltr'><strong>manducent</strong></span> <span class='ocrx_word' id='word_1_225' title='bbox 2703 1717 2836 1772; x_wconf 89' lang='lat' dir='ltr'><strong>illud</strong></span> <span class='ocrx_word' id='word_1_226' title='bbox 2876 1716 3119 1774; x_wconf 74' lang='lat' dir='ltr'><strong>fratres?</strong></span> <span class='ocrx_word' id='word_1_227' title='bbox 3155 1719 3298 1774; x_wconf 89' lang='lat' dir='ltr'><strong>Dicit</strong></span> <span class='ocrx_word' id='word_1_228' title='bbox 3341 1721 3425 1776; x_wconf 89' lang='lat' dir='ltr'><strong>eis</strong></span> 
     </span>
    </p>
   </div>
   <div class='ocr_carea' id='block_1_33' title="bbox 1866 1804 3427 1874">
    <p class='ocr_par' dir='ltr' id='par_1_33' title="bbox 1866 1804 3427 1874">
     <span class='ocr_line' id='line_1_33' title="bbox 1866 1804 3427 1874; baseline 0.003 -14"><span class='ocrx_word' id='word_1_229' title='bbox 1866 1819 2033 1860; x_wconf 75' lang='lat' dir='ltr'><strong>senex</strong></span> <span class='ocrx_word' id='word_1_230' title='bbox 2067 1822 2081 1858; x_wconf 91' lang='lat'><strong>:</strong></span> <span class='ocrx_word' id='word_1_231' title='bbox 2120 1804 2454 1874; x_wconf 86' lang='lat' dir='ltr'><strong>Corruptum</strong></span> <span class='ocrx_word' id='word_1_232' title='bbox 2511 1807 2557 1860; x_wconf 91' lang='lat' dir='ltr'><strong>si</strong></span> <span class='ocrx_word' id='word_1_233' title='bbox 2615 1804 2796 1870; x_wconf 90' lang='lat' dir='ltr'><strong>fuerit,</strong></span> <span class='ocrx_word' id='word_1_234' title='bbox 2852 1821 2962 1861; x_wconf 89' lang='lat' dir='ltr'><strong>non</strong></span> <span class='ocrx_word' id='word_1_235' title='bbox 2994 1818 3200 1862; x_wconf 89' lang='lat' dir='ltr'><strong>rectum</strong></span> <span class='ocrx_word' id='word_1_236' title='bbox 3254 1815 3427 1864; x_wconf 91' lang='lat' dir='ltr'><strong>estut</strong></span> 
     </span>
    </p>
   </div>
   <div class='ocr_carea' id='block_1_34' title="bbox 187 1879 1770 1979">
    <p class='ocr_par' dir='ltr' id='par_1_34' title="bbox 187 1879 1760 1979">
     <span class='ocr_line' id='line_1_34' title="bbox 187 1879 1760 1979; baseline -0.002 -17"><span class='ocrx_word' id='word_1_237' title='bbox 187 1879 605 1976; x_wconf 63' lang='grc' dir='ltr'>ἀναγκασθιῖισιν</span> <span class='ocrx_word' id='word_1_238' title='bbox 631 1911 681 1962; x_wconf 70' lang='grc' dir='ltr'>σε</span> <span class='ocrx_word' id='word_1_239' title='bbox 721 1879 940 1979; x_wconf 68' lang='grc' dir='ltr'>ἀδελφοὶ</span> <span class='ocrx_word' id='word_1_240' title='bbox 963 1879 1173 1977; x_wconf 48' lang='grc' dir='ltr'>’φαγεῖν</span> <span class='ocrx_word' id='word_1_241' title='bbox 1204 1907 1356 1970; x_wconf 72' lang='grc' dir='ltr'>αὐτὸ,</span> <span class='ocrx_word' id='word_1_242' title='bbox 1399 1907 1491 1960; x_wconf 76' lang='lat' dir='ltr'><strong>xal</strong></span> <span class='ocrx_word' id='word_1_243' title='bbox 1529 1907 1760 1977; x_wconf 83' lang='grc' dir='ltr'>ἀσθενή-</span> 
     </span>
    </p>
   </div>
   <div class='ocr_carea' id='block_1_35' title="bbox 1874 1879 3425 1979">
    <p class='ocr_par' dir='ltr' id='par_1_35' title="bbox 1874 1893 3425 1964">
     <span class='ocr_line' id='line_1_35' title="bbox 1874 1893 3425 1964; baseline 0.003 -16"><span class='ocrx_word' id='word_1_244' title='bbox 1874 1904 2140 1964; x_wconf 77' lang='lat' dir='ltr'><strong>cogantur</strong></span> <span class='ocrx_word' id='word_1_245' title='bbox 2171 1893 2367 1948; x_wconf 81' lang='lat' dir='ltr'><strong>fratres</strong></span> <span class='ocrx_word' id='word_1_246' title='bbox 2391 1893 2526 1948; x_wconf 90' lang='lat' dir='ltr'><strong>illud</strong></span> <span class='ocrx_word' id='word_1_247' title='bbox 2581 1895 2885 1960; x_wconf 87' lang='lat' dir='ltr'><strong>comedere,</strong></span> <span class='ocrx_word' id='word_1_248' title='bbox 2917 1895 3062 1950; x_wconf 88' lang='lat' dir='ltr'><strong>unde</strong></span> <span class='ocrx_word' id='word_1_249' title='bbox 3111 1897 3425 1964; x_wconf 60' lang='lat' dir='ltr'><strong>egrotaturi</strong></span> 
     </span>
    </p>
   </div>
   <div class='ocr_carea' id='block_1_36' title="bbox 221 1996 1761 2072">
    <p class='ocr_par' dir='ltr' id='par_1_36' title="bbox 221 1996 1761 2072">
     <span class='ocr_line' id='line_1_36' title="bbox 221 1996 1761 2072; baseline 0.001 -20"><span class='ocrx_word' id='word_1_250' title='bbox 221 2015 355 2052; x_wconf 84' lang='grc' dir='ltr'>ωσιν</span> <span class='ocrx_word' id='word_1_251' title='bbox 375 2038 391 2062; x_wconf 95' lang='grc'><strong>,</strong></span> <span class='ocrx_word' id='word_1_252' title='bbox 428 2000 568 2053; x_wconf 82' lang='grc' dir='ltr'>ἀλλὰ</span> <span class='ocrx_word' id='word_1_253' title='bbox 589 2003 718 2072; x_wconf 80' lang='grc' dir='ltr'><strong>ριφῇ</strong></span> <span class='ocrx_word' id='word_1_254' title='bbox 738 2017 750 2030; x_wconf 73' lang='grc'><strong><em>⁸</em></strong></span> <span class='ocrx_word' id='word_1_255' title='bbox 784 1998 878 2052; x_wconf 79' lang='grc' dir='ltr'><strong>ἐὰν</strong></span> <span class='ocrx_word' id='word_1_256' title='bbox 904 2000 962 2052; x_wconf 82' lang='grc' dir='ltr'>δὲ</span> <span class='ocrx_word' id='word_1_257' title='bbox 991 1999 1150 2052; x_wconf 77' lang='grc' dir='ltr'>καλὸν</span> <span class='ocrx_word' id='word_1_258' title='bbox 1182 2000 1320 2064; x_wconf 82' lang='grc' dir='ltr'>ἐστι,</span> <span class='ocrx_word' id='word_1_259' title='bbox 1349 1998 1442 2051; x_wconf 77' lang='grc' dir='ltr'>καὶ</span> <span class='ocrx_word' id='word_1_260' title='bbox 1468 1996 1557 2050; x_wconf 82' lang='grc' dir='ltr'><strong>διὰ</strong></span> <span class='ocrx_word' id='word_1_261' title='bbox 1595 1998 1761 2069; x_wconf 82' lang='grc' dir='ltr'>στρῆ-</span> 
     </span>
    </p>
   </div>
   <div class='ocr_carea' id='block_1_37' title="bbox 190 2090 1549 2175">
    <p class='ocr_par' dir='ltr' id='par_1_37' title="bbox 190 2090 1549 2175">
     <span class='ocr_line' id='line_1_37' title="bbox 190 2090 1549 2175; baseline 0.001 -33"><span class='ocrx_word' id='word_1_262' title='bbox 190 2106 276 2153; x_wconf 88' lang='grc' dir='ltr'><strong>νος</strong></span> <span class='ocrx_word' id='word_1_263' title='bbox 307 2094 464 2163; x_wconf 78' lang='grc' dir='ltr'>ριφῇ,</span> <span class='ocrx_word' id='word_1_264' title='bbox 495 2093 590 2144; x_wconf 75' lang='grc' dir='ltr'>καὶ</span> <span class='ocrx_word' id='word_1_265' title='bbox 623 2091 751 2144; x_wconf 82' lang='grc' dir='ltr'>ἄλλο</span> <span class='ocrx_word' id='word_1_266' title='bbox 767 2090 965 2163; x_wconf 71' lang='grc' dir='ltr'>ἑψηθῇ,</span> <span class='ocrx_word' id='word_1_267' title='bbox 997 2090 1156 2144; x_wconf 81' lang='grc' dir='ltr'>τοῦτο</span> <span class='ocrx_word' id='word_1_268' title='bbox 1185 2090 1350 2175; x_wconf 69' lang='grc' dir='ltr'>κακόν</span> <span class='ocrx_word' id='word_1_269' title='bbox 1381 2091 1549 2143; x_wconf 86' lang='grc' dir='ltr'>ἐστιν.</span> 
     </span>
    </p>
   </div>
   <div class='ocr_carea' id='block_1_38' title="bbox 257 2253 1765 2330">
    <p class='ocr_par' dir='ltr' id='par_1_38' title="bbox 257 2253 1765 2330">
     <span class='ocr_line' id='line_1_38' title="bbox 257 2253 1765 2330; baseline -0.006 -16"><span class='ocrx_word' id='word_1_270' title='bbox 257 2261 321 2317; x_wconf 82' lang='grc' dir='ltr'>δ’.</span> <span class='ocrx_word' id='word_1_271' title='bbox 363 2253 502 2314; x_wconf 75' lang='grc' dir='ltr'>Εἶπε</span> <span class='ocrx_word' id='word_1_272' title='bbox 542 2259 738 2313; x_wconf 75' lang='grc' dir='ltr'>πάλινο</span> <span class='ocrx_word' id='word_1_273' title='bbox 795 2260 884 2312; x_wconf 80' lang='grc' dir='ltr'>Ἐν</span> <span class='ocrx_word' id='word_1_274' title='bbox 926 2260 1068 2330; x_wconf 76' lang='grc' dir='ltr'>ἀρχῇ</span> <span class='ocrx_word' id='word_1_275' title='bbox 1116 2258 1206 2310; x_wconf 83' lang='grc' dir='ltr'>ὅτε</span> <span class='ocrx_word' id='word_1_276' title='bbox 1238 2254 1580 2326; x_wconf 68' lang='grc' dir='ltr'>συνηγόμεθα</span> <span class='ocrx_word' id='word_1_277' title='bbox 1627 2253 1765 2324; x_wconf 83' lang='grc' dir='ltr'>πρὸς</span> 
     </span>
    </p>
   </div>
   <div class='ocr_carea' id='block_1_39' title="bbox 192 2344 1767 2424">
    <p class='ocr_par' dir='ltr' id='par_1_39' title="bbox 192 2344 1767 2424">
     <span class='ocr_line' id='line_1_39' title="bbox 192 2344 1767 2424; baseline -0.006 -19"><span class='ocrx_word' id='word_1_278' title='bbox 192 2351 474 2424; x_wconf 71' lang='grc' dir='ltr'>ἀλλήλους,</span> <span class='ocrx_word' id='word_1_279' title='bbox 503 2353 595 2404; x_wconf 72' lang='grc' dir='ltr'>καὶ</span> <span class='ocrx_word' id='word_1_280' title='bbox 628 2350 921 2420; x_wconf 75' lang='grc' dir='ltr'>ἐλαλοῦμεν</span> <span class='ocrx_word' id='word_1_281' title='bbox 954 2351 1083 2420; x_wconf 73' lang='grc' dir='ltr'>περὶ</span> <span class='ocrx_word' id='word_1_282' title='bbox 1106 2348 1371 2418; x_wconf 80' lang='grc' dir='ltr'>ὠφελείας</span> <span class='ocrx_word' id='word_1_283' title='bbox 1405 2344 1767 2418; x_wconf 80' lang='grc' dir='ltr'>συγκροτοῢν-</span> 
     </span>
    </p>
   </div>
   <div class='ocr_carea' id='block_1_40' title="bbox 193 2435 1766 2512">
    <p class='ocr_par' dir='ltr' id='par_1_40' title="bbox 193 2435 1766 2512">
     <span class='ocr_line' id='line_1_40' title="bbox 193 2435 1766 2512; baseline -0.004 -17"><span class='ocrx_word' id='word_1_284' title='bbox 193 2459 279 2505; x_wconf 84' lang='grc' dir='ltr'><strong>τες</strong></span> <span class='ocrx_word' id='word_1_285' title='bbox 330 2441 616 2512; x_wconf 67' lang='grc' dir='ltr'>ἀλλήλους,</span> <span class='ocrx_word' id='word_1_286' title='bbox 654 2440 943 2510; x_wconf 83' lang='grc' dir='ltr'>ἐγινόμεθα</span> <span class='ocrx_word' id='word_1_287' title='bbox 976 2440 1129 2510; x_wconf 77' lang='grc' dir='ltr'>χοροὶ</span> <span class='ocrx_word' id='word_1_288' title='bbox 1177 2439 1360 2510; x_wconf 73' lang='grc' dir='ltr'>χοροὶ,</span> <span class='ocrx_word' id='word_1_289' title='bbox 1403 2438 1498 2491; x_wconf 78' lang='grc' dir='ltr'>καὶ</span> <span class='ocrx_word' id='word_1_290' title='bbox 1528 2435 1766 2506; x_wconf 75' lang='grc' dir='ltr'>ἀνηρχό·</span> 
     </span>
    </p>
   </div>
   <div class='ocr_carea' id='block_1_41' title="bbox 193 2527 1768 2605">
    <p class='ocr_par' dir='ltr' id='par_1_41' title="bbox 193 2527 1768 2605">
     <span class='ocr_line' id='line_1_41' title="bbox 193 2527 1768 2605; baseline -0.004 -19"><span class='ocrx_word' id='word_1_291' title='bbox 193 2533 334 2605; x_wconf 75' lang='grc' dir='ltr'>μεθα</span> <span class='ocrx_word' id='word_1_292' title='bbox 389 2536 470 2596; x_wconf 75' lang='grc' dir='ltr'>εἰς</span> <span class='ocrx_word' id='word_1_293' title='bbox 519 2533 644 2595; x_wconf 77' lang='grc' dir='ltr'>τοὺς</span> <span class='ocrx_word' id='word_1_294' title='bbox 674 2531 954 2604; x_wconf 79' lang='grc' dir='ltr'>οὐρανούς.</span> <span class='ocrx_word' id='word_1_295' title='bbox 984 2531 1120 2584; x_wconf 80' lang='grc' dir='ltr'>Νυνὶ</span> <span class='ocrx_word' id='word_1_296' title='bbox 1158 2530 1214 2583; x_wconf 79' lang='grc' dir='ltr'>δὲ</span> <span class='ocrx_word' id='word_1_297' title='bbox 1265 2527 1629 2600; x_wconf 81' lang='grc' dir='ltr'>συναγόμεθα,</span> <span class='ocrx_word' id='word_1_298' title='bbox 1673 2527 1768 2580; x_wconf 72' lang='grc' dir='ltr'>καὶ</span> 
     </span>
    </p>
   </div>
   <div class='ocr_carea' id='block_1_42' title="bbox 198 2617 1769 2690">
    <p class='ocr_par' dir='ltr' id='par_1_42' title="bbox 198 2617 1769 2690">
     <span class='ocr_line' id='line_1_42' title="bbox 198 2617 1769 2690; baseline -0.004 -15"><span class='ocrx_word' id='word_1_299' title='bbox 198 2618 274 2685; x_wconf 79' lang='grc' dir='ltr'>εἷς</span> <span class='ocrx_word' id='word_1_300' title='bbox 324 2622 418 2676; x_wconf 67' lang='grc' dir='ltr'><strong>τὸν</strong></span> <span class='ocrx_word' id='word_1_301' title='bbox 457 2622 552 2676; x_wconf 74' lang='grc' dir='ltr'>ἕνα</span> <span class='ocrx_word' id='word_1_302' title='bbox 601 2623 679 2685; x_wconf 78' lang='grc' dir='ltr'><strong>εἰς</strong></span> <span class='ocrx_word' id='word_1_303' title='bbox 723 2620 1054 2674; x_wconf 79' lang='grc' dir='ltr'>καταλαλιὰν</span> <span class='ocrx_word' id='word_1_304' title='bbox 1085 2619 1406 2690; x_wconf 81' lang='grc' dir='ltr'>ἐρχόμενοι,</span> <span class='ocrx_word' id='word_1_305' title='bbox 1456 2617 1769 2687; x_wconf 81' lang='grc' dir='ltr'>κατάγομεν</span> 
     </span>
    </p>
   </div>
   <div class='ocr_carea' id='block_1_43' title="bbox 198 2715 368 2770">
    <p class='ocr_par' dir='ltr' id='par_1_43' title="bbox 198 2715 368 2770">
     <span class='ocr_line' id='line_1_43' title="bbox 198 2715 368 2770; baseline -0.006 -2"><span class='ocrx_word' id='word_1_306' title='bbox 198 2715 368 2770; x_wconf 77' lang='grc' dir='ltr'>κάτω.</span> 
     </span>
    </p>
   </div>
   <div class='ocr_carea' id='block_1_44' title="bbox 658 2821 1330 2892">
    <p class='ocr_par' dir='ltr' id='par_1_44' title="bbox 658 2821 1330 2892">
     <span class='ocr_line' id='line_1_44' title="bbox 658 2821 1330 2892; baseline -0.003 -15"><span class='ocrx_word' id='word_1_307' title='bbox 658 2821 798 2892; x_wconf 71' lang='grc' dir='ltr'>Περὶ</span> <span class='ocrx_word' id='word_1_308' title='bbox 833 2823 940 2877; x_wconf 82' lang='grc' dir='ltr'>τοῦ</span> <span class='ocrx_word' id='word_1_309' title='bbox 968 2821 1119 2878; x_wconf 83' lang='grc' dir='ltr'>ἀϐϐἆ</span> <span class='ocrx_word' id='word_1_310' title='bbox 1152 2821 1330 2885; x_wconf 78' lang='grc' dir='ltr'>Μιώς.</span> 
     </span>
    </p>
   </div>
   <div class='ocr_carea' id='block_1_45' title="bbox 269 2929 1770 3000">
    <p class='ocr_par' dir='ltr' id='par_1_45' title="bbox 269 2929 1770 3000">
     <span class='ocr_line' id='line_1_45' title="bbox 269 2929 1770 3000; baseline -0.001 -17"><span class='ocrx_word' id='word_1_311' title='bbox 269 2942 336 2986; x_wconf 84' lang='grc' dir='ltr'>α’.</span> <span class='ocrx_word' id='word_1_312' title='bbox 380 2933 550 2990; x_wconf 78' lang='grc' dir='ltr'>Εἶπεν</span> <span class='ocrx_word' id='word_1_313' title='bbox 579 2935 610 2987; x_wconf 88' lang='grc' dir='ltr'><strong>ὁ</strong></span> <span class='ocrx_word' id='word_1_314' title='bbox 643 2933 816 2997; x_wconf 65' lang='lat' dir='ltr'><strong>assa;</strong></span> <span class='ocrx_word' id='word_1_315' title='bbox 852 2931 1007 2996; x_wconf 80' lang='grc' dir='ltr'>Μιὼς</span> <span class='ocrx_word' id='word_1_316' title='bbox 1032 2933 1062 2984; x_wconf 81' lang='grc' dir='ltr'>ὁ</span> <span class='ocrx_word' id='word_1_317' title='bbox 1103 2932 1198 2986; x_wconf 77' lang='grc' dir='ltr'>τοῦ</span> <span class='ocrx_word' id='word_1_318' title='bbox 1231 2930 1446 2993; x_wconf 82' lang='grc' dir='ltr'>Βελέου,</span> <span class='ocrx_word' id='word_1_319' title='bbox 1478 2931 1560 2983; x_wconf 84' lang='grc' dir='ltr'>ὅτι</span> <span class='ocrx_word' id='word_1_320' title='bbox 1601 2931 1635 3000; x_wconf 78' lang='grc' dir='ltr'><strong>ἡ</strong></span> <span class='ocrx_word' id='word_1_321' title='bbox 1663 2929 1770 2982; x_wconf 78' lang='grc' dir='ltr'>ὑπ-</span> 
     </span>
    </p>
   </div>
   <div class='ocr_carea' id='block_1_46' title="bbox 199 3016 1771 3094">
    <p class='ocr_par' dir='ltr' id='par_1_46' title="bbox 199 3016 1771 3094">
     <span class='ocr_line' id='line_1_46' title="bbox 199 3016 1771 3094; baseline -0.004 -18"><span class='ocrx_word' id='word_1_322' title='bbox 199 3026 334 3094; x_wconf 79' lang='grc' dir='ltr'>ακοὴ</span> <span class='ocrx_word' id='word_1_323' title='bbox 387 3025 508 3077; x_wconf 79' lang='grc' dir='ltr'>ἀντὶ</span> <span class='ocrx_word' id='word_1_324' title='bbox 547 3023 794 3093; x_wconf 77' lang='grc' dir='ltr'><strong>ὑπακοῆς</strong></span> <span class='ocrx_word' id='word_1_325' title='bbox 840 3025 1006 3076; x_wconf 80' lang='grc' dir='ltr'>ἐστιν.</span> <span class='ocrx_word' id='word_1_326' title='bbox 1033 3021 1100 3075; x_wconf 75' lang='lat' dir='ltr'><strong>EI</strong></span> <span class='ocrx_word' id='word_1_327' title='bbox 1124 3039 1209 3084; x_wconf 87' lang='grc' dir='ltr'><strong>τις</strong></span> <span class='ocrx_word' id='word_1_328' title='bbox 1241 3018 1502 3076; x_wconf 80' lang='grc' dir='ltr'>ὑπακούει</span> <span class='ocrx_word' id='word_1_329' title='bbox 1529 3018 1608 3089; x_wconf 82' lang='grc' dir='ltr'><strong>τῷ</strong></span> <span class='ocrx_word' id='word_1_330' title='bbox 1631 3016 1771 3088; x_wconf 82' lang='grc' dir='ltr'>Θεῷ,</span> 
     </span>
    </p>
   </div>
   <div class='ocr_carea' id='block_1_47' title="bbox 197 3113 898 3178">
    <p class='ocr_par' dir='ltr' id='par_1_47' title="bbox 197 3113 898 3178">
     <span class='ocr_line' id='line_1_47' title="bbox 197 3113 898 3178; baseline -0.003 -10"><span class='ocrx_word' id='word_1_331' title='bbox 197 3119 228 3168; x_wconf 77' lang='grc' dir='ltr'>ὁ</span> <span class='ocrx_word' id='word_1_332' title='bbox 257 3116 390 3178; x_wconf 75' lang='grc' dir='ltr'>Θεὸς</span> <span class='ocrx_word' id='word_1_333' title='bbox 423 3114 688 3168; x_wconf 82' lang='grc' dir='ltr'>ὑπακούει</span> <span class='ocrx_word' id='word_1_334' title='bbox 715 3113 898 3167; x_wconf 75' lang='grc' dir='ltr'>αὐτόν.</span> 
     </span>
    </p>
   </div>
   <div class='ocr_carea' id='block_1_48' title="bbox 1865 1985 3428 2058">
    <p class='ocr_par' dir='ltr' id='par_1_48' title="bbox 1865 1985 3428 2058">
     <span class='ocr_line' id='line_1_48' title="bbox 1865 1985 3428 2058; baseline -0.001 -16"><span class='ocrx_word' id='word_1_335' title='bbox 1865 1993 2016 2051; x_wconf 87' lang='lat' dir='ltr'><strong>sunt,</strong></span> <span class='ocrx_word' id='word_1_336' title='bbox 2047 1985 2142 2041; x_wconf 90' lang='lat' dir='ltr'><strong>sed</strong></span> <span class='ocrx_word' id='word_1_337' title='bbox 2188 1986 2532 2057; x_wconf 87' lang='lat' dir='ltr'><strong>projiciatur.</strong></span> <span class='ocrx_word' id='word_1_338' title='bbox 2561 1986 2620 2040; x_wconf 87' lang='lat' dir='ltr'><strong>Si</strong></span> <span class='ocrx_word' id='word_1_339' title='bbox 2651 2001 2780 2040; x_wconf 89' lang='lat' dir='ltr'><strong>vero</strong></span> <span class='ocrx_word' id='word_1_340' title='bbox 2806 1987 3008 2041; x_wconf 91' lang='lat' dir='ltr'><strong>bonum</strong></span> <span class='ocrx_word' id='word_1_341' title='bbox 3028 1998 3136 2050; x_wconf 86' lang='lat' dir='ltr'><strong>est,</strong></span> <span class='ocrx_word' id='word_1_342' title='bbox 3171 1989 3428 2058; x_wconf 62' lang='lat' dir='ltr'><strong>projicia-</strong></span> 
     </span>
    </p>
   </div>
   <div class='ocr_carea' id='block_1_49' title="bbox 1865 2076 3429 2148">
    <p class='ocr_par' dir='ltr' id='par_1_49' title="bbox 1865 2076 3429 2148">
     <span class='ocr_line' id='line_1_49' title="bbox 1865 2076 3429 2148; baseline 0 -16"><span class='ocrx_word' id='word_1_343' title='bbox 1865 2087 2064 2148; x_wconf 83' lang='lat' dir='ltr'><strong>turque</strong></span> <span class='ocrx_word' id='word_1_344' title='bbox 2084 2092 2185 2147; x_wconf 86' lang='lat' dir='ltr'><strong>per</strong></span> <span class='ocrx_word' id='word_1_345' title='bbox 2218 2076 2440 2137; x_wconf 83' lang='lat' dir='ltr'><strong>fastum.</strong></span> <span class='ocrx_word' id='word_1_346' title='bbox 2475 2085 2528 2131; x_wconf 92' lang='lat' dir='ltr'><strong>et</strong></span> <span class='ocrx_word' id='word_1_347' title='bbox 2553 2083 2820 2146; x_wconf 81' lang='lat' dir='ltr'><strong>coquatur</strong></span> <span class='ocrx_word' id='word_1_348' title='bbox 2851 2077 3022 2141; x_wconf 88' lang='lat' dir='ltr'><strong>aliud,</strong></span> <span class='ocrx_word' id='word_1_349' title='bbox 3050 2092 3118 2132; x_wconf 85' lang='lat' dir='ltr'><strong>ea</strong></span> <span class='ocrx_word' id='word_1_350' title='bbox 3158 2092 3246 2133; x_wconf 84' lang='lat' dir='ltr'><strong>res</strong></span> <span class='ocrx_word' id='word_1_351' title='bbox 3286 2079 3429 2132; x_wconf 87' lang='lat' dir='ltr'><strong>mala</strong></span> 
     </span>
    </p>
   </div>
   <div class='ocr_carea' id='block_1_50' title="bbox 1861 2176 1966 2222">
    <p class='ocr_par' dir='ltr' id='par_1_50' title="bbox 1861 2176 1966 2222">
     <span class='ocr_line' id='line_1_50' title="bbox 1861 2176 1966 2222; baseline -0.019 0"><span class='ocrx_word' id='word_1_352' title='bbox 1861 2176 1966 2222; x_wconf 86' lang='lat' dir='ltr'><strong>est.</strong></span> 
     </span>
    </p>
   </div>
   <div class='ocr_carea' id='block_1_51' title="bbox 1935 2256 3427 2314">
    <p class='ocr_par' dir='ltr' id='par_1_51' title="bbox 1935 2256 3427 2314">
     <span class='ocr_line' id='line_1_51' title="bbox 1935 2256 3427 2314; baseline 0.001 -2"><span class='ocrx_word' id='word_1_353' title='bbox 1935 2259 1987 2312; x_wconf 73' lang='grc'>4.</span> <span class='ocrx_word' id='word_1_354' title='bbox 2021 2256 2166 2310; x_wconf 82' lang='lat' dir='ltr'><strong>Dixit</strong></span> <span class='ocrx_word' id='word_1_355' title='bbox 2193 2258 2394 2312; x_wconf 86' lang='lat' dir='ltr'><strong>iterum</strong></span> <span class='ocrx_word' id='word_1_356' title='bbox 2422 2273 2438 2312; x_wconf 92' lang='lat'><strong>:</strong></span> <span class='ocrx_word' id='word_1_357' title='bbox 2470 2257 2632 2311; x_wconf 83' lang='lat' dir='ltr'><strong>initio</strong></span> <span class='ocrx_word' id='word_1_358' title='bbox 2668 2272 2791 2312; x_wconf 92' lang='lat' dir='ltr'><strong>cum</strong></span> <span class='ocrx_word' id='word_1_359' title='bbox 2821 2257 2876 2311; x_wconf 90' lang='lat' dir='ltr'><strong>in</strong></span> <span class='ocrx_word' id='word_1_360' title='bbox 2905 2271 3072 2310; x_wconf 83' lang='lat' dir='ltr'><strong>unum</strong></span> <span class='ocrx_word' id='word_1_361' title='bbox 3100 2256 3427 2314; x_wconf 82' lang='lat' dir='ltr'><strong>convenire-</strong></span> 
     </span>
    </p>
   </div>
   <div class='ocr_carea' id='block_1_52' title="bbox 1865 2348 3433 2418">
    <p class='ocr_par' dir='ltr' id='par_1_52' title="bbox 1865 2348 3433 2418">
     <span class='ocr_line' id='line_1_52' title="bbox 1865 2348 3433 2418; baseline 0.003 -17"><span class='ocrx_word' id='word_1_362' title='bbox 1865 2363 2011 2411; x_wconf 87' lang='lat' dir='ltr'><strong>mus,</strong></span> <span class='ocrx_word' id='word_1_363' title='bbox 2039 2356 2099 2402; x_wconf 85' lang='lat' dir='ltr'><strong>ct</strong></span> <span class='ocrx_word' id='word_1_364' title='bbox 2123 2348 2474 2418; x_wconf 90' lang='lat' dir='ltr'><strong>loqueremur</strong></span> <span class='ocrx_word' id='word_1_365' title='bbox 2505 2349 2572 2403; x_wconf 84' lang='lat' dir='ltr'><strong>de</strong></span> <span class='ocrx_word' id='word_1_366' title='bbox 2602 2348 2797 2404; x_wconf 65' lang='lat' dir='ltr'><strong>animae</strong></span> <span class='ocrx_word' id='word_1_367' title='bbox 2827 2350 3081 2417; x_wconf 82' lang='lat' dir='ltr'><strong>utilitate,</strong></span> <span class='ocrx_word' id='word_1_368' title='bbox 3110 2364 3209 2405; x_wconf 89' lang='lat' dir='ltr'><strong>nos</strong></span> <span class='ocrx_word' id='word_1_369' title='bbox 3242 2357 3433 2405; x_wconf 84' lang='lat' dir='ltr'><strong>mutuo</strong></span> 
     </span>
    </p>
   </div>
   <div class='ocr_carea' id='block_1_53' title="bbox 1865 2436 3433 2500">
    <p class='ocr_par' dir='ltr' id='par_1_53' title="bbox 1865 2436 3433 2500">
     <span class='ocr_line' id='line_1_53' title="bbox 1865 2436 3433 2500; baseline 0.002 -9"><span class='ocrx_word' id='word_1_370' title='bbox 1865 2436 2240 2498; x_wconf 81' lang='lat' dir='ltr'><strong>exhortantes.</strong></span> <span class='ocrx_word' id='word_1_371' title='bbox 2285 2451 2506 2492; x_wconf 83' lang='lat' dir='ltr'><strong>eramus</strong></span> <span class='ocrx_word' id='word_1_372' title='bbox 2540 2436 2694 2492; x_wconf 90' lang='lat' dir='ltr'><strong>cbori</strong></span> <span class='ocrx_word' id='word_1_373' title='bbox 2723 2437 2901 2500; x_wconf 81' lang='lat' dir='ltr'><strong>chori,</strong></span> <span class='ocrx_word' id='word_1_374' title='bbox 2923 2446 2977 2493; x_wconf 92' lang='lat' dir='ltr'><strong>et</strong></span> <span class='ocrx_word' id='word_1_375' title='bbox 3005 2438 3433 2494; x_wconf 85' lang='lat' dir='ltr'><strong>ascendebamus</strong></span> 
     </span>
    </p>
   </div>
   <div class='ocr_carea' id='block_1_54' title="bbox 1866 2525 3428 2599">
    <p class='ocr_par' dir='ltr' id='par_1_54' title="bbox 1866 2525 3428 2599">
     <span class='ocr_line' id='line_1_54' title="bbox 1866 2525 3428 2599; baseline 0.001 -18"><span class='ocrx_word' id='word_1_376' title='bbox 1866 2527 1922 2581; x_wconf 91' lang='lat' dir='ltr'><strong>in</strong></span> <span class='ocrx_word' id='word_1_377' title='bbox 1975 2527 2162 2582; x_wconf 72' lang='lat' dir='ltr'><strong>ctelos.</strong></span> <span class='ocrx_word' id='word_1_378' title='bbox 2199 2525 2354 2583; x_wconf 79' lang='lat' dir='ltr'><strong>Nunc</strong></span> <span class='ocrx_word' id='word_1_379' title='bbox 2391 2541 2520 2582; x_wconf 82' lang='lat' dir='ltr'><strong>vero</strong></span> <span class='ocrx_word' id='word_1_380' title='bbox 2571 2541 2984 2599; x_wconf 74' lang='lat' dir='ltr'><strong>congregamur,</strong></span> <span class='ocrx_word' id='word_1_381' title='bbox 3018 2536 3073 2582; x_wconf 85' lang='lat' dir='ltr'><strong>et</strong></span> <span class='ocrx_word' id='word_1_382' title='bbox 3131 2544 3273 2584; x_wconf 85' lang='lat' dir='ltr'><strong>unus</strong></span> <span class='ocrx_word' id='word_1_383' title='bbox 3302 2543 3428 2583; x_wconf 88' lang='lat' dir='ltr'><strong>cum</strong></span> 
     </span>
    </p>
   </div>
   <div class='ocr_carea' id='block_1_55' title="bbox 1869 2615 3430 2681">
    <p class='ocr_par' dir='ltr' id='par_1_55' title="bbox 1869 2615 3430 2681">
     <span class='ocr_line' id='line_1_55' title="bbox 1869 2615 3430 2681; baseline 0.001 -13"><span class='ocrx_word' id='word_1_384' title='bbox 1869 2615 1975 2669; x_wconf 89' lang='lat' dir='ltr'><strong>alio</strong></span> <span class='ocrx_word' id='word_1_385' title='bbox 2016 2617 2084 2669; x_wconf 88' lang='lat' dir='ltr'><strong>ad</strong></span> <span class='ocrx_word' id='word_1_386' title='bbox 2130 2617 2523 2671; x_wconf 84' lang='lat' dir='ltr'><strong>detractionem</strong></span> <span class='ocrx_word' id='word_1_387' title='bbox 2561 2617 2840 2672; x_wconf 75' lang='lat' dir='ltr'><strong>venientes</strong></span> <span class='ocrx_word' id='word_1_388' title='bbox 2865 2657 2881 2681; x_wconf 96' lang='lat'><strong>,</strong></span> <span class='ocrx_word' id='word_1_389' title='bbox 2941 2617 3325 2673; x_wconf 85' lang='lat' dir='ltr'><strong>descendimus</strong></span> <span class='ocrx_word' id='word_1_390' title='bbox 3373 2618 3430 2671; x_wconf 82' lang='lat' dir='ltr'><strong>in</strong></span> 
     </span>
    </p>
   </div>
   <div class='ocr_carea' id='block_1_56' title="bbox 1868 2703 2163 2760">
    <p class='ocr_par' dir='ltr' id='par_1_56' title="bbox 1868 2703 2163 2760">
     <span class='ocr_line' id='line_1_56' title="bbox 1868 2703 2163 2760; baseline -0.003 -1"><span class='ocrx_word' id='word_1_391' title='bbox 1868 2703 2163 2760; x_wconf 79' lang='lat' dir='ltr'><strong>infernum.</strong></span> 
     </span>
    </p>
   </div>
   <div class='ocr_carea' id='block_1_57' title="bbox 2426 2818 2888 2876">
    <p class='ocr_par' dir='ltr' id='par_1_57' title="bbox 2426 2818 2888 2876">
     <span class='ocr_line' id='line_1_57' title="bbox 2426 2818 2888 2876; baseline 0.004 -2"><span class='ocrx_word' id='word_1_392' title='bbox 2426 2818 2502 2874; x_wconf 88' lang='lat' dir='ltr'><strong>De</strong></span> <span class='ocrx_word' id='word_1_393' title='bbox 2523 2820 2712 2876; x_wconf 78' lang='lat' dir='ltr'><strong>abbate</strong></span> <span class='ocrx_word' id='word_1_394' title='bbox 2731 2819 2790 2876; x_wconf 76' lang='lat' dir='ltr'><strong>ll</strong></span> <span class='ocrx_word' id='word_1_395' title='bbox 2794 2823 2888 2876; x_wconf 84' lang='lat' dir='ltr'><strong>ias.</strong></span> 
     </span>
    </p>
   </div>
   <div class='ocr_carea' id='block_1_58' title="bbox 1951 2931 3438 3005">
    <p class='ocr_par' dir='ltr' id='par_1_58' title="bbox 1951 2931 3438 3005">
     <span class='ocr_line' id='line_1_58' title="bbox 1951 2931 3438 3005; baseline 0.001 -19"><span class='ocrx_word' id='word_1_396' title='bbox 1951 2931 2002 2988; x_wconf 83' lang='lat' dir='ltr'><strong>I.</strong></span> <span class='ocrx_word' id='word_1_397' title='bbox 2029 2931 2175 2988; x_wconf 84' lang='lat' dir='ltr'><strong>Dixit</strong></span> <span class='ocrx_word' id='word_1_398' title='bbox 2203 2933 2372 2991; x_wconf 82' lang='lat' dir='ltr'><strong>abbas</strong></span> <span class='ocrx_word' id='word_1_399' title='bbox 2403 2933 2685 3002; x_wconf 83' lang='lat' dir='ltr'><strong>Mios,.ille</strong></span> <span class='ocrx_word' id='word_1_400' title='bbox 2712 2935 2856 2991; x_wconf 88' lang='lat' dir='ltr'><strong>Belei</strong></span> <span class='ocrx_word' id='word_1_401' title='bbox 2884 2953 2900 2992; x_wconf 89' lang='lat'><strong>:</strong></span> <span class='ocrx_word' id='word_1_402' title='bbox 2935 2933 3296 2991; x_wconf 73' lang='lat' dir='ltr'><strong>Obaadicntia</strong></span> <span class='ocrx_word' id='word_1_403' title='bbox 3339 2951 3438 3005; x_wconf 80' lang='lat' dir='ltr'><strong>pro</strong></span> 
     </span>
    </p>
   </div>
   <div class='ocr_carea' id='block_1_59' title="bbox 1873 3023 3440 3098">
    <p class='ocr_par' dir='ltr' id='par_1_59' title="bbox 1873 3023 3440 3098">
     <span class='ocr_line' id='line_1_59' title="bbox 1873 3023 3440 3098; baseline 0.004 -21"><span class='ocrx_word' id='word_1_404' title='bbox 1873 3023 2224 3080; x_wconf 86' lang='lat' dir='ltr'><strong>obaudientia</strong></span> <span class='ocrx_word' id='word_1_405' title='bbox 2263 3034 2367 3082; x_wconf 91' lang='lat' dir='ltr'><strong>est.</strong></span> <span class='ocrx_word' id='word_1_406' title='bbox 2397 3023 2459 3082; x_wconf 87' lang='lat' dir='ltr'><strong>Si</strong></span> <span class='ocrx_word' id='word_1_407' title='bbox 2482 3027 2607 3098; x_wconf 87' lang='lat' dir='ltr'><strong>quis</strong></span> <span class='ocrx_word' id='word_1_408' title='bbox 2641 3025 2752 3083; x_wconf 92' lang='lat' dir='ltr'><strong>Deo</strong></span> <span class='ocrx_word' id='word_1_409' title='bbox 2801 3025 3128 3093; x_wconf 81' lang='lat' dir='ltr'><strong>obaudierit,</strong></span> <span class='ocrx_word' id='word_1_410' title='bbox 3158 3024 3304 3083; x_wconf 80' lang='lat' dir='ltr'><strong>Deus</strong></span> <span class='ocrx_word' id='word_1_411' title='bbox 3335 3027 3440 3084; x_wconf 73' lang='lat' dir='ltr'><strong>ob-</strong></span> 
     </span>
    </p>
   </div>
   <div class='ocr_carea' id='block_1_60' title="bbox 1873 3114 2236 3169">
    <p class='ocr_par' dir='ltr' id='par_1_60' title="bbox 1873 3114 2236 3169">
     <span class='ocr_line' id='line_1_60' title="bbox 1873 3114 2236 3169; baseline 0.006 -2"><span class='ocrx_word' id='word_1_412' title='bbox 1873 3114 2059 3169; x_wconf 90' lang='lat' dir='ltr'><strong>audiet</strong></span> <span class='ocrx_word' id='word_1_413' title='bbox 2087 3129 2236 3169; x_wconf 89' lang='lat' dir='ltr'><strong>eum.</strong></span> 
     </span>
    </p>
   </div>
   <div class='ocr_carea' id='block_1_61' title="bbox 273 3195 1770 3286">
    <p class='ocr_par' dir='ltr' id='par_1_61' title="bbox 273 3195 1770 3276">
     <span class='ocr_line' id='line_1_61' title="bbox 273 3195 1770 3276; baseline -0.005 -17"><span class='ocrx_word' id='word_1_414' title='bbox 273 3206 338 3276; x_wconf 82' lang='grc' dir='ltr'><strong>β’.</strong></span> <span class='ocrx_word' id='word_1_415' title='bbox 378 3200 515 3258; x_wconf 64' lang='lat' dir='ltr'><strong>Eine</strong></span> <span class='ocrx_word' id='word_1_416' title='bbox 549 3204 710 3259; x_wconf 81' lang='grc' dir='ltr'>πάλιν</span> <span class='ocrx_word' id='word_1_417' title='bbox 743 3204 868 3275; x_wconf 69' lang='grc' dir='ltr'>περ(</span> <span class='ocrx_word' id='word_1_418' title='bbox 909 3220 1052 3268; x_wconf 84' lang='grc' dir='ltr'>τινος</span> <span class='ocrx_word' id='word_1_419' title='bbox 1081 3202 1355 3274; x_wconf 87' lang='grc' dir='ltr'>γέροντος,</span> <span class='ocrx_word' id='word_1_420' title='bbox 1396 3201 1478 3254; x_wconf 83' lang='grc' dir='ltr'>ὅτι</span> <span class='ocrx_word' id='word_1_421' title='bbox 1504 3195 1572 3270; x_wconf 79' lang='grc' dir='ltr'>ἦν</span> <span class='ocrx_word' id='word_1_422' title='bbox 1615 3199 1674 3252; x_wconf 87' lang='grc' dir='ltr'><strong>ἐν</strong></span> <span class='ocrx_word' id='word_1_423' title='bbox 1705 3201 1770 3270; x_wconf 77' lang='grc' dir='ltr'><strong>τῇ</strong></span> 
     </span>
    </p>
   </div>
   <div class='ocr_carea' id='block_1_62' title="bbox 1874 3195 3444 3286">
    <p class='ocr_par' dir='ltr' id='par_1_62' title="bbox 1945 3204 3444 3282">
     <span class='ocr_line' id='line_1_62' title="bbox 1945 3204 3444 3282; baseline 0.005 -22"><span class='ocrx_word' id='word_1_424' title='bbox 1945 3204 2000 3260; x_wconf 78' lang='lat'><strong>2.</strong></span> <span class='ocrx_word' id='word_1_425' title='bbox 2038 3205 2155 3277; x_wconf 82' lang='lat'><strong>(5|)</strong></span> <span class='ocrx_word' id='word_1_426' title='bbox 2187 3205 2332 3260; x_wconf 78' lang='lat' dir='ltr'><strong>Dixit</strong></span> <span class='ocrx_word' id='word_1_427' title='bbox 2366 3206 2560 3262; x_wconf 86' lang='lat' dir='ltr'><strong>iterum</strong></span> <span class='ocrx_word' id='word_1_428' title='bbox 2586 3207 2656 3263; x_wconf 80' lang='lat' dir='ltr'><strong>de</strong></span> <span class='ocrx_word' id='word_1_429' title='bbox 2683 3207 2920 3278; x_wconf 84' lang='lat' dir='ltr'><strong>quodam</strong></span> <span class='ocrx_word' id='word_1_430' title='bbox 2954 3223 3116 3274; x_wconf 88' lang='lat' dir='ltr'><strong>sene,</strong></span> <span class='ocrx_word' id='word_1_431' title='bbox 3149 3210 3298 3282; x_wconf 85' lang='lat' dir='ltr'><strong>quod</strong></span> <span class='ocrx_word' id='word_1_432' title='bbox 3344 3210 3444 3267; x_wconf 90' lang='lat' dir='ltr'><strong>de-</strong></span> 
     </span>
    </p>
   </div>
   <div class='ocr_carea' id='block_1_63' title="bbox 204 3289 1774 3366">
    <p class='ocr_par' dir='ltr' id='par_1_63' title="bbox 204 3289 1774 3366">
     <span class='ocr_line' id='line_1_63' title="bbox 204 3289 1774 3366; baseline -0.006 -16"><span class='ocrx_word' id='word_1_433' title='bbox 204 3297 435 3366; x_wconf 74' lang='grc' dir='ltr'>Σκήτειο</span> <span class='ocrx_word' id='word_1_434' title='bbox 463 3291 532 3366; x_wconf 81' lang='grc' dir='ltr'>ἦν</span> <span class='ocrx_word' id='word_1_435' title='bbox 559 3296 618 3349; x_wconf 78' lang='grc' dir='ltr'>δὲ</span> <span class='ocrx_word' id='word_1_436' title='bbox 649 3295 758 3348; x_wconf 74' lang='grc' dir='ltr'><strong>ἀπὸ</strong></span> <span class='ocrx_word' id='word_1_437' title='bbox 801 3293 1035 3348; x_wconf 86' lang='grc' dir='ltr'>δούλων·</span> <span class='ocrx_word' id='word_1_438' title='bbox 1079 3294 1301 3361; x_wconf 79' lang='grc' dir='ltr'>ἐγένετο</span> <span class='ocrx_word' id='word_1_439' title='bbox 1337 3291 1394 3345; x_wconf 79' lang='grc' dir='ltr'>δὲ</span> <span class='ocrx_word' id='word_1_440' title='bbox 1436 3289 1774 3362; x_wconf 84' lang='grc' dir='ltr'>διακριτικδς</span> 
     </span>
    </p>
   </div>
   <div class='ocr_carea' id='block_1_64' title="bbox 207 3381 1772 3460">
    <p class='ocr_par' dir='ltr' id='par_1_64' title="bbox 207 3381 1772 3460">
     <span class='ocr_line' id='line_1_64' title="bbox 207 3381 1772 3460; baseline -0.008 -17"><span class='ocrx_word' id='word_1_441' title='bbox 207 3389 433 3460; x_wconf 82' lang='grc' dir='ltr'>σφόδρα.</span> <span class='ocrx_word' id='word_1_442' title='bbox 467 3388 577 3442; x_wconf 85' lang='lat' dir='ltr'><strong>Kal</strong></span> <span class='ocrx_word' id='word_1_443' title='bbox 598 3389 794 3459; x_wconf 69' lang='grc' dir='ltr'>ἤρχετο</span> <span class='ocrx_word' id='word_1_444' title='bbox 814 3385 935 3439; x_wconf 81' lang='grc' dir='ltr'>κατ’</span> <span class='ocrx_word' id='word_1_445' title='bbox 957 3384 1202 3438; x_wconf 84' lang='grc' dir='ltr'>ἐνιαυτὸν</span> <span class='ocrx_word' id='word_1_446' title='bbox 1231 3385 1310 3446; x_wconf 73' lang='grc' dir='ltr'>εἰς</span> <span class='ocrx_word' id='word_1_447' title='bbox 1347 3381 1772 3452; x_wconf 79' lang='grc' dir='ltr'>Ἀλεξάνδρειαν,</span> 
     </span>
    </p>
   </div>
   <div class='ocr_carea' id='block_1_65' title="bbox 208 3473 1776 3551">
    <p class='ocr_par' dir='ltr' id='par_1_65' title="bbox 208 3473 1776 3551">
     <span class='ocr_line' id='line_1_65' title="bbox 208 3473 1776 3551; baseline -0.005 -17"><span class='ocrx_word' id='word_1_448' title='bbox 208 3482 384 3550; x_wconf 81' lang='grc' dir='ltr'>φέρων</span> <span class='ocrx_word' id='word_1_449' title='bbox 424 3480 524 3551; x_wconf 81' lang='grc' dir='ltr'>τὴν</span> <span class='ocrx_word' id='word_1_450' title='bbox 575 3477 972 3551; x_wconf 81' lang='grc' dir='ltr'>μισθοφορίαν⁹</span> <span class='ocrx_word' id='word_1_451' title='bbox 1022 3479 1134 3540; x_wconf 75' lang='grc' dir='ltr'>τοῖς</span> <span class='ocrx_word' id='word_1_452' title='bbox 1180 3475 1389 3546; x_wconf 76' lang='grc' dir='ltr'>κυρίοις</span> <span class='ocrx_word' id='word_1_453' title='bbox 1438 3473 1623 3528; x_wconf 84' lang='grc' dir='ltr'>αὑτοῦ.</span> <span class='ocrx_word' id='word_1_454' title='bbox 1666 3473 1776 3527; x_wconf 88' lang='lat' dir='ltr'><strong>Kal</strong></span> 
     </span>
    </p>
   </div>
   <div class='ocr_carea' id='block_1_66' title="bbox 205 3563 1776 3642">
    <p class='ocr_par' dir='ltr' id='par_1_66' title="bbox 205 3563 1776 3642">
     <span class='ocr_line' id='line_1_66' title="bbox 205 3563 1776 3642; baseline -0.006 -18"><span class='ocrx_word' id='word_1_455' title='bbox 205 3571 460 3642; x_wconf 82' lang='grc' dir='ltr'>ὑπήντων</span> <span class='ocrx_word' id='word_1_456' title='bbox 484 3569 654 3639; x_wconf 84' lang='grc' dir='ltr'>αὑτῷ,</span> <span class='ocrx_word' id='word_1_457' title='bbox 682 3570 776 3622; x_wconf 72' lang='grc' dir='ltr'>καὶ</span> <span class='ocrx_word' id='word_1_458' title='bbox 805 3567 1172 3641; x_wconf 81' lang='grc' dir='ltr'>προσεκύνουν</span> <span class='ocrx_word' id='word_1_459' title='bbox 1201 3565 1368 3636; x_wconf 83' lang='grc' dir='ltr'>αὐτῷ.</span> <span class='ocrx_word' id='word_1_460' title='bbox 1403 3565 1461 3619; x_wconf 91' lang='lat'><strong>&#39;0</strong></span> <span class='ocrx_word' id='word_1_461' title='bbox 1496 3565 1554 3618; x_wconf 81' lang='grc' dir='ltr'>δὲ</span> <span class='ocrx_word' id='word_1_462' title='bbox 1597 3563 1776 3635; x_wconf 86' lang='grc' dir='ltr'>γέρων</span> 
     </span>
    </p>
   </div>
   <div class='ocr_carea' id='block_1_67' title="bbox 207 3653 1778 3729">
    <p class='ocr_par' dir='ltr' id='par_1_67' title="bbox 207 3653 1778 3729">
     <span class='ocr_line' id='line_1_67' title="bbox 207 3653 1778 3729; baseline -0.003 -16"><span class='ocrx_word' id='word_1_463' title='bbox 207 3660 399 3713; x_wconf 69' lang='grc' dir='ltr'>ἔϐαλεν</span> <span class='ocrx_word' id='word_1_464' title='bbox 433 3659 580 3729; x_wconf 80' lang='grc' dir='ltr'>ὕδωρ</span> <span class='ocrx_word' id='word_1_465' title='bbox 603 3662 684 3722; x_wconf 82' lang='grc' dir='ltr'><strong>εἰς</strong></span> <span class='ocrx_word' id='word_1_466' title='bbox 716 3659 810 3712; x_wconf 81' lang='grc' dir='ltr'>τὸν</span> <span class='ocrx_word' id='word_1_467' title='bbox 847 3658 1085 3729; x_wconf 81' lang='grc' dir='ltr'>νιπτῆρα</span> <span class='ocrx_word' id='word_1_468' title='bbox 1105 3698 1120 3722; x_wconf 95' lang='grc'><strong>,</strong></span> <span class='ocrx_word' id='word_1_469' title='bbox 1151 3657 1246 3709; x_wconf 68' lang='grc' dir='ltr'>καὶ</span> <span class='ocrx_word' id='word_1_470' title='bbox 1283 3657 1492 3725; x_wconf 75' lang='grc' dir='ltr'>ἔφερεν,</span> <span class='ocrx_word' id='word_1_471' title='bbox 1529 3654 1618 3708; x_wconf 87' lang='grc' dir='ltr'><strong>ἴνα</strong></span> <span class='ocrx_word' id='word_1_472' title='bbox 1648 3653 1778 3727; x_wconf 71' lang='grc' dir='ltr'>νίψῃ</span> 
     </span>
    </p>
   </div>
   <div class='ocr_carea' id='block_1_68' title="bbox 210 3741 1773 3820">
    <p class='ocr_par' dir='ltr' id='par_1_68' title="bbox 210 3741 1773 3820">
     <span class='ocr_line' id='line_1_68' title="bbox 210 3741 1773 3820; baseline -0.006 -16"><span class='ocrx_word' id='word_1_473' title='bbox 210 3751 331 3813; x_wconf 74' lang='grc' dir='ltr'>τοὺς</span> <span class='ocrx_word' id='word_1_474' title='bbox 359 3748 582 3820; x_wconf 85' lang='grc' dir='ltr'>κυρίους</span> <span class='ocrx_word' id='word_1_475' title='bbox 606 3749 649 3780; x_wconf 81' lang='grc'><strong>⁸⁸</strong></span> <span class='ocrx_word' id='word_1_476' title='bbox 670 3746 855 3802; x_wconf 75' lang='grc' dir='ltr'>αὑτοῦ.</span> <span class='ocrx_word' id='word_1_477' title='bbox 893 3747 956 3800; x_wconf 68' lang='grc' dir='ltr'><strong>Οἱ</strong></span> <span class='ocrx_word' id='word_1_478' title='bbox 986 3747 1043 3798; x_wconf 82' lang='grc' dir='ltr'>δὲ</span> <span class='ocrx_word' id='word_1_479' title='bbox 1073 3745 1210 3816; x_wconf 73' lang='grc' dir='ltr'>πρὸς</span> <span class='ocrx_word' id='word_1_480' title='bbox 1237 3745 1394 3798; x_wconf 76' lang='grc' dir='ltr'>αὑτὸν</span> <span class='ocrx_word' id='word_1_481' title='bbox 1408 3744 1590 3811; x_wconf 73' lang='grc' dir='ltr'>ἔλεγον</span> <span class='ocrx_word' id='word_1_482' title='bbox 1612 3757 1628 3771; x_wconf 82' lang='grc'>⁶</span> <span class='ocrx_word' id='word_1_483' title='bbox 1662 3741 1773 3814; x_wconf 76' lang='grc' dir='ltr'><strong>Μὴ,</strong></span> 
     </span>
    </p>
   </div>
   <div class='ocr_carea' id='block_1_69' title="bbox 213 3829 1776 3909">
    <p class='ocr_par' dir='ltr' id='par_1_69' title="bbox 213 3829 1776 3909">
     <span class='ocr_line' id='line_1_69' title="bbox 213 3829 1776 3909; baseline -0.009 -16"><span class='ocrx_word' id='word_1_484' title='bbox 213 3839 413 3909; x_wconf 81' lang='grc' dir='ltr'>Πάτερ,</span> <span class='ocrx_word' id='word_1_485' title='bbox 443 3838 516 3906; x_wconf 80' lang='grc' dir='ltr'>μὴ</span> <span class='ocrx_word' id='word_1_486' title='bbox 555 3835 728 3906; x_wconf 80' lang='grc' dir='ltr'>βαρῇς</span> <span class='ocrx_word' id='word_1_487' title='bbox 754 3835 921 3904; x_wconf 82' lang='grc' dir='ltr'>ἡμᾶς.</span> <span class='ocrx_word' id='word_1_488' title='bbox 964 3833 1023 3887; x_wconf 87' lang='grc'><strong>’0</strong></span> <span class='ocrx_word' id='word_1_489' title='bbox 1061 3833 1118 3886; x_wconf 81' lang='grc' dir='ltr'>δὲ</span> <span class='ocrx_word' id='word_1_490' title='bbox 1144 3832 1279 3903; x_wconf 78' lang='grc' dir='ltr'>πρὸς</span> <span class='ocrx_word' id='word_1_491' title='bbox 1315 3831 1510 3892; x_wconf 83' lang='grc' dir='ltr'>αὑτοὺς</span> <span class='ocrx_word' id='word_1_492' title='bbox 1556 3829 1776 3896; x_wconf 74' lang='grc' dir='ltr'>ἔλεγεν·</span> 
     </span>
    </p>
   </div>
   <div class='ocr_carea' id='block_1_70' title="bbox 225 3919 1778 4000">
    <p class='ocr_par' dir='ltr' id='par_1_70' title="bbox 225 3919 1778 4000">
     <span class='ocr_line' id='line_1_70' title="bbox 225 3919 1778 4000; baseline -0.008 -16"><span class='ocrx_word' id='word_1_493' title='bbox 225 3927 502 4000; x_wconf 83' lang='grc' dir='ltr'>Ὁμολογῶ</span> <span class='ocrx_word' id='word_1_494' title='bbox 533 3929 612 3980; x_wconf 84' lang='grc' dir='ltr'>ὅτι</span> <span class='ocrx_word' id='word_1_495' title='bbox 634 3927 820 3990; x_wconf 78' lang='grc' dir='ltr'>δοῦλος</span> <span class='ocrx_word' id='word_1_496' title='bbox 850 3925 1003 3996; x_wconf 83' lang='grc' dir='ltr'>ὑμῶν</span> <span class='ocrx_word' id='word_1_497' title='bbox 1033 3927 1146 3994; x_wconf 76' lang='grc' dir='ltr'>εἰμι</span> <span class='ocrx_word' id='word_1_498' title='bbox 1168 3940 1182 3954; x_wconf 88' lang='grc'><strong>·</strong></span> <span class='ocrx_word' id='word_1_499' title='bbox 1211 3923 1305 3976; x_wconf 75' lang='grc' dir='ltr'>καὶ</span> <span class='ocrx_word' id='word_1_500' title='bbox 1334 3920 1672 3992; x_wconf 79' lang='grc' dir='ltr'>εὐχαριστῶν</span> <span class='ocrx_word' id='word_1_501' title='bbox 1698 3919 1778 3972; x_wconf 79' lang='grc' dir='ltr'>ὃτι</span> 
     </span>
    </p>
   </div>
   <div class='ocr_carea' id='block_1_71' title="bbox 215 4009 1780 4093">
    <p class='ocr_par' dir='ltr' id='par_1_71' title="bbox 215 4009 1780 4093">
     <span class='ocr_line' id='line_1_71' title="bbox 215 4009 1780 4093; baseline -0.01 -17"><span class='ocrx_word' id='word_1_502' title='bbox 215 4020 462 4093; x_wconf 79' lang='grc' dir='ltr'>ἀφήκατέ</span> <span class='ocrx_word' id='word_1_503' title='bbox 498 4037 566 4090; x_wconf 86' lang='grc' dir='ltr'><strong>με</strong></span> <span class='ocrx_word' id='word_1_504' title='bbox 589 4019 873 4090; x_wconf 79' lang='grc' dir='ltr'>ἐλεύθερον</span> <span class='ocrx_word' id='word_1_505' title='bbox 901 4015 1171 4070; x_wconf 79' lang='grc' dir='ltr'>δουλεύειν</span> <span class='ocrx_word' id='word_1_506' title='bbox 1191 4014 1268 4084; x_wconf 81' lang='grc' dir='ltr'>τῷ</span> <span class='ocrx_word' id='word_1_507' title='bbox 1293 4013 1432 4084; x_wconf 81' lang='grc' dir='ltr'>Θεῷ,</span> <span class='ocrx_word' id='word_1_508' title='bbox 1461 4011 1597 4066; x_wconf 79' lang='grc' dir='ltr'>ἀλλὰ</span> <span class='ocrx_word' id='word_1_509' title='bbox 1625 4009 1780 4078; x_wconf 84' lang='grc' dir='ltr'><strong>κάγὼ</strong></span> 
     </span>
    </p>
   </div>
   <div class='ocr_carea' id='block_1_72' title="bbox 217 4099 1782 4181">
    <p class='ocr_par' dir='ltr' id='par_1_72' title="bbox 217 4099 1782 4181">
     <span class='ocr_line' id='line_1_72' title="bbox 217 4099 1782 4181; baseline -0.008 -15"><span class='ocrx_word' id='word_1_510' title='bbox 217 4115 382 4166; x_wconf 78' lang='grc' dir='ltr'>νίπτω</span> <span class='ocrx_word' id='word_1_511' title='bbox 418 4113 585 4181; x_wconf 81' lang='grc' dir='ltr'>ὑμᾶς,</span> <span class='ocrx_word' id='word_1_512' title='bbox 611 4111 704 4164; x_wconf 70' lang='grc' dir='ltr'>καὶ</span> <span class='ocrx_word' id='word_1_513' title='bbox 737 4108 960 4174; x_wconf 80' lang='grc' dir='ltr'>δέξασθε</span> <span class='ocrx_word' id='word_1_514' title='bbox 992 4107 1090 4178; x_wconf 76' lang='grc' dir='ltr'>τὴν</span> <span class='ocrx_word' id='word_1_515' title='bbox 1124 4104 1477 4177; x_wconf 74' lang='grc' dir='ltr'>μισθοφορίαν</span> <span class='ocrx_word' id='word_1_516' title='bbox 1512 4119 1612 4173; x_wconf 87' lang='grc' dir='ltr'><strong>μου</strong></span> <span class='ocrx_word' id='word_1_517' title='bbox 1650 4099 1782 4154; x_wconf 85' lang='grc' dir='ltr'>ταύ-</span> 
     </span>
    </p>
   </div>
   <div class='ocr_carea' id='block_1_73' title="bbox 218 4193 1778 4273">
    <p class='ocr_par' dir='ltr' id='par_1_73' title="bbox 218 4193 1778 4273">
     <span class='ocr_line' id='line_1_73' title="bbox 218 4193 1778 4273; baseline -0.009 -16"><span class='ocrx_word' id='word_1_518' title='bbox 218 4220 308 4273; x_wconf 81' lang='grc' dir='ltr'>την</span> <span class='ocrx_word' id='word_1_519' title='bbox 338 4205 405 4257; x_wconf 82' lang='grc'><strong>¹¹.</strong></span> <span class='ocrx_word' id='word_1_520' title='bbox 457 4203 520 4254; x_wconf 80' lang='grc' dir='ltr'><strong>ΟΞ</strong></span> <span class='ocrx_word' id='word_1_521' title='bbox 561 4201 617 4254; x_wconf 82' lang='grc' dir='ltr'>δὲ</span> <span class='ocrx_word' id='word_1_522' title='bbox 664 4199 1026 4268; x_wconf 72' lang='grc' dir='ltr'>ἐφιλονείκουν</span> <span class='ocrx_word' id='word_1_523' title='bbox 1071 4197 1180 4266; x_wconf 66' lang='grc'><strong>(50)</strong></span> <span class='ocrx_word' id='word_1_524' title='bbox 1227 4196 1302 4268; x_wconf 80' lang='grc' dir='ltr'>μὴ</span> <span class='ocrx_word' id='word_1_525' title='bbox 1343 4193 1778 4263; x_wconf 82' lang='grc' dir='ltr'>καταδεχόμενοι.</span> 
     </span>
    </p>
   </div>
   <div class='ocr_carea' id='block_1_74' title="bbox 221 4280 1783 4361">
    <p class='ocr_par' dir='ltr' id='par_1_74' title="bbox 221 4280 1783 4361">
     <span class='ocr_line' id='line_1_74' title="bbox 221 4280 1783 4361; baseline -0.008 -15"><span class='ocrx_word' id='word_1_526' title='bbox 221 4294 441 4361; x_wconf 76' lang='grc' dir='ltr'>Ἔλεγεν</span> <span class='ocrx_word' id='word_1_527' title='bbox 469 4287 562 4345; x_wconf 75' lang='grc' dir='ltr'>οὖν</span> <span class='ocrx_word' id='word_1_528' title='bbox 606 4291 786 4354; x_wconf 86' lang='grc' dir='ltr'>αὑτοῖς</span> <span class='ocrx_word' id='word_1_529' title='bbox 805 4307 819 4322; x_wconf 78' lang='grc' dir='ltr'><strong>ο</strong></span> <span class='ocrx_word' id='word_1_530' title='bbox 869 4288 994 4342; x_wconf 80' lang='grc' dir='ltr'><strong>Ἐὰν</strong></span> <span class='ocrx_word' id='word_1_531' title='bbox 1023 4287 1095 4358; x_wconf 71' lang='grc' dir='ltr'>μὴ</span> <span class='ocrx_word' id='word_1_532' title='bbox 1133 4286 1321 4356; x_wconf 84' lang='grc' dir='ltr'>θέλητε</span> <span class='ocrx_word' id='word_1_533' title='bbox 1347 4282 1616 4348; x_wconf 82' lang='grc' dir='ltr'>δέξασθαι,</span> <span class='ocrx_word' id='word_1_534' title='bbox 1649 4280 1783 4334; x_wconf 85' lang='grc' dir='ltr'>κάθ-</span> 
     </span>
    </p>
   </div>
   <div class='ocr_carea' id='block_1_75' title="bbox 221 4372 1782 4452">
    <p class='ocr_par' dir='ltr' id='par_1_75' title="bbox 221 4372 1782 4452">
     <span class='ocr_line' id='line_1_75' title="bbox 221 4372 1782 4452; baseline 0 -16"><span class='ocrx_word' id='word_1_535' title='bbox 221 4401 350 4452; x_wconf 72' lang='grc' dir='ltr'>ημαι</span> <span class='ocrx_word' id='word_1_536' title='bbox 387 4377 493 4437; x_wconf 81' lang='grc' dir='ltr'>ὧδε</span> <span class='ocrx_word' id='word_1_537' title='bbox 532 4381 794 4436; x_wconf 85' lang='grc' dir='ltr'>δουλεύων</span> <span class='ocrx_word' id='word_1_538' title='bbox 840 4381 988 4451; x_wconf 77' lang='grc' dir='ltr'>ὑμῖν.</span> <span class='ocrx_word' id='word_1_539' title='bbox 1023 4379 1132 4432; x_wconf 81' lang='grc' dir='ltr'><strong>Καὶ</strong></span> <span class='ocrx_word' id='word_1_540' title='bbox 1170 4375 1492 4448; x_wconf 77' lang='grc' dir='ltr'>φοϐούμενοι</span> <span class='ocrx_word' id='word_1_541' title='bbox 1526 4375 1570 4406; x_wconf 80' lang='grc'>¹²</span> <span class='ocrx_word' id='word_1_542' title='bbox 1599 4372 1782 4436; x_wconf 74' lang='grc' dir='ltr'>αὐτὸν,</span> 
     </span>
    </p>
   </div>
   <div class='ocr_carea' id='block_1_76' title="bbox 223 4463 1786 4544">
    <p class='ocr_par' dir='ltr' id='par_1_76' title="bbox 223 4463 1786 4544">
     <span class='ocr_line' id='line_1_76' title="bbox 223 4463 1786 4544; baseline -0.01 -14"><span class='ocrx_word' id='word_1_543' title='bbox 223 4475 372 4544; x_wconf 56' lang='lat' dir='ltr'><strong>[lanea</strong></span> <span class='ocrx_word' id='word_1_544' title='bbox 397 4475 443 4507; x_wconf 84' lang='grc'><strong>¹³</strong></span> <span class='ocrx_word' id='word_1_545' title='bbox 471 4475 498 4527; x_wconf 83' lang='grc' dir='ltr'><strong>ὃ</strong></span> <span class='ocrx_word' id='word_1_546' title='bbox 536 4473 786 4527; x_wconf 86' lang='grc' dir='ltr'>ἐϐούλετο</span> <span class='ocrx_word' id='word_1_547' title='bbox 815 4473 1070 4542; x_wconf 80' lang='grc' dir='ltr'>ποιῆσαιο</span> <span class='ocrx_word' id='word_1_548' title='bbox 1104 4469 1197 4523; x_wconf 69' lang='grc' dir='ltr'>καὶ</span> <span class='ocrx_word' id='word_1_549' title='bbox 1231 4466 1586 4538; x_wconf 80' lang='grc' dir='ltr'>προέπεμπον</span> <span class='ocrx_word' id='word_1_550' title='bbox 1623 4463 1786 4518; x_wconf 83' lang='grc' dir='ltr'>αὑτὸν</span> 
     </span>
    </p>
   </div>
   <div class='ocr_carea' id='block_1_77' title="bbox 1876 3295 3442 3376">
    <p class='ocr_par' dir='ltr' id='par_1_77' title="bbox 1876 3295 3442 3376">
     <span class='ocr_line' id='line_1_77' title="bbox 1876 3295 3442 3376; baseline 0.006 -25"><span class='ocrx_word' id='word_1_551' title='bbox 1876 3295 2037 3367; x_wconf 73' lang='lat' dir='ltr'><strong>gebat</strong></span> <span class='ocrx_word' id='word_1_552' title='bbox 2087 3297 2141 3350; x_wconf 93' lang='lat' dir='ltr'><strong>in</strong></span> <span class='ocrx_word' id='word_1_553' title='bbox 2182 3296 2347 3360; x_wconf 90' lang='lat' dir='ltr'><strong>Sceti,</strong></span> <span class='ocrx_word' id='word_1_554' title='bbox 2415 3297 2594 3354; x_wconf 83' lang='lat' dir='ltr'><strong>fuerat</strong></span> <span class='ocrx_word' id='word_1_555' title='bbox 2630 3307 2812 3356; x_wconf 79' lang='lat' dir='ltr'><strong>autem</strong></span> <span class='ocrx_word' id='word_1_556' title='bbox 2861 3315 3073 3367; x_wconf 88' lang='lat' dir='ltr'><strong>servus,</strong></span> <span class='ocrx_word' id='word_1_557' title='bbox 3122 3304 3442 3376; x_wconf 77' lang='lat' dir='ltr'><strong>exstititqne</strong></span> 
     </span>
    </p>
   </div>
   <div class='ocr_carea' id='block_1_78' title="bbox 1877 3386 3445 3463">
    <p class='ocr_par' dir='ltr' id='par_1_78' title="bbox 1877 3386 3445 3463">
     <span class='ocr_line' id='line_1_78' title="bbox 1877 3386 3445 3463; baseline 0.007 -26"><span class='ocrx_word' id='word_1_558' title='bbox 1877 3386 2166 3439; x_wconf 87' lang='lat' dir='ltr'><strong>admodum</strong></span> <span class='ocrx_word' id='word_1_559' title='bbox 2201 3387 2408 3455; x_wconf 89' lang='lat' dir='ltr'><strong>peritus</strong></span> <span class='ocrx_word' id='word_1_560' title='bbox 2439 3387 2495 3442; x_wconf 85' lang='lat' dir='ltr'><strong>in</strong></span> <span class='ocrx_word' id='word_1_561' title='bbox 2525 3387 2910 3445; x_wconf 81' lang='lat' dir='ltr'><strong>discernenda.</strong></span> <span class='ocrx_word' id='word_1_562' title='bbox 2941 3389 3042 3445; x_wconf 90' lang='lat' dir='ltr'><strong>IIic</strong></span> <span class='ocrx_word' id='word_1_563' title='bbox 3075 3391 3311 3463; x_wconf 69' lang='lat' dir='ltr'><strong>singulis</strong></span> <span class='ocrx_word' id='word_1_564' title='bbox 3343 3407 3445 3448; x_wconf 84' lang='lat' dir='ltr'><strong>an-</strong></span> 
     </span>
    </p>
   </div>
   <div class='ocr_carea' id='block_1_79' title="bbox 1876 3473 3443 3546">
    <p class='ocr_par' dir='ltr' id='par_1_79' title="bbox 1876 3473 3443 3546">
     <span class='ocr_line' id='line_1_79' title="bbox 1876 3473 3443 3546; baseline 0.006 -18"><span class='ocrx_word' id='word_1_565' title='bbox 1876 3475 1964 3528; x_wconf 91' lang='lat' dir='ltr'><strong>nis</strong></span> <span class='ocrx_word' id='word_1_566' title='bbox 1998 3473 2384 3528; x_wconf 78' lang='lat' dir='ltr'><strong>Alexandriam</strong></span> <span class='ocrx_word' id='word_1_567' title='bbox 2418 3478 2885 3546; x_wconf 76' lang='lat' dir='ltr'><strong>proficiscebatur,</strong></span> <span class='ocrx_word' id='word_1_568' title='bbox 2917 3479 3150 3536; x_wconf 82' lang='lat' dir='ltr'><strong>all‘erens</strong></span> <span class='ocrx_word' id='word_1_569' title='bbox 3180 3481 3443 3537; x_wconf 86' lang='lat' dir='ltr'><strong>salarium</strong></span> 
     </span>
    </p>
   </div>
   <div class='ocr_carea' id='block_1_80' title="bbox 1877 3563 3444 3632">
    <p class='ocr_par' dir='ltr' id='par_1_80' title="bbox 1877 3563 3444 3632">
     <span class='ocr_line' id='line_1_80' title="bbox 1877 3563 3444 3632; baseline 0.004 -13"><span class='ocrx_word' id='word_1_570' title='bbox 1877 3563 2114 3620; x_wconf 88' lang='lat' dir='ltr'><strong>dominis</strong></span> <span class='ocrx_word' id='word_1_571' title='bbox 2149 3565 2285 3621; x_wconf 87' lang='lat' dir='ltr'><strong>suis.</strong></span> <span class='ocrx_word' id='word_1_572' title='bbox 2314 3565 2417 3632; x_wconf 87' lang='lat' dir='ltr'><strong>Qui</strong></span> <span class='ocrx_word' id='word_1_573' title='bbox 2451 3576 2803 3625; x_wconf 84' lang='lat' dir='ltr'><strong>occurrentes</strong></span> <span class='ocrx_word' id='word_1_574' title='bbox 2832 3569 3203 3625; x_wconf 83' lang='lat' dir='ltr'><strong>venerabundi</strong></span> <span class='ocrx_word' id='word_1_575' title='bbox 3233 3571 3444 3626; x_wconf 83' lang='lat' dir='ltr'><strong>saluta-</strong></span> 
     </span>
    </p>
   </div>
   <div class='ocr_carea' id='block_1_81' title="bbox 1879 3656 3446 3731">
    <p class='ocr_par' dir='ltr' id='par_1_81' title="bbox 1879 3656 3446 3731">
     <span class='ocr_line' id='line_1_81' title="bbox 1879 3656 3446 3731; baseline 0.004 -21"><span class='ocrx_word' id='word_1_576' title='bbox 1879 3657 2008 3711; x_wconf 89' lang='lat' dir='ltr'><strong>bant</strong></span> <span class='ocrx_word' id='word_1_577' title='bbox 2039 3672 2184 3712; x_wconf 91' lang='lat' dir='ltr'><strong>eum.</strong></span> <span class='ocrx_word' id='word_1_578' title='bbox 2215 3656 2284 3710; x_wconf 80' lang='lat' dir='ltr'><strong>At</strong></span> <span class='ocrx_word' id='word_1_579' title='bbox 2310 3673 2474 3713; x_wconf 82' lang='lat' dir='ltr'><strong>senex</strong></span> <span class='ocrx_word' id='word_1_580' title='bbox 2510 3659 2760 3714; x_wconf 83' lang='lat' dir='ltr'><strong>mittebat</strong></span> <span class='ocrx_word' id='word_1_581' title='bbox 2781 3675 2980 3731; x_wconf 85' lang='lat' dir='ltr'><strong>aquam</strong></span> <span class='ocrx_word' id='word_1_582' title='bbox 3021 3661 3078 3716; x_wconf 88' lang='lat' dir='ltr'><strong>in</strong></span> <span class='ocrx_word' id='word_1_583' title='bbox 3108 3661 3332 3731; x_wconf 84' lang='lat' dir='ltr'><strong>pelvim,</strong></span> <span class='ocrx_word' id='word_1_584' title='bbox 3359 3660 3446 3716; x_wconf 87' lang='lat' dir='ltr'><strong>af-</strong></span> 
     </span>
    </p>
   </div>
   <div class='ocr_carea' id='block_1_82' title="bbox 1881 3744 3449 3815">
    <p class='ocr_par' dir='ltr' id='par_1_82' title="bbox 1881 3744 3449 3815">
     <span class='ocr_line' id='line_1_82' title="bbox 1881 3744 3449 3815; baseline 0.004 -16"><span class='ocrx_word' id='word_1_585' title='bbox 1881 3744 2198 3815; x_wconf 88' lang='lat' dir='ltr'><strong>ferebatque</strong></span> <span class='ocrx_word' id='word_1_586' title='bbox 2239 3754 2296 3800; x_wconf 92' lang='lat' dir='ltr'><strong>ut</strong></span> <span class='ocrx_word' id='word_1_587' title='bbox 2331 3747 2536 3802; x_wconf 83' lang='lat' dir='ltr'><strong>lavaret</strong></span> <span class='ocrx_word' id='word_1_588' title='bbox 2594 3749 2846 3806; x_wconf 88' lang='lat' dir='ltr'><strong>dominos</strong></span> <span class='ocrx_word' id='word_1_589' title='bbox 2895 3765 3047 3806; x_wconf 84' lang='lat' dir='ltr'><strong>suos.</strong></span> <span class='ocrx_word' id='word_1_590' title='bbox 3105 3751 3184 3804; x_wconf 87' lang='lat' dir='ltr'><strong>Illi</strong></span> <span class='ocrx_word' id='word_1_591' title='bbox 3211 3765 3338 3806; x_wconf 90' lang='lat' dir='ltr'><strong>vero</strong></span> <span class='ocrx_word' id='word_1_592' title='bbox 3377 3749 3449 3805; x_wconf 87' lang='lat' dir='ltr'><strong>ad</strong></span> 
     </span>
    </p>
   </div>
   <div class='ocr_carea' id='block_1_83' title="bbox 1881 3833 3445 3906">
    <p class='ocr_par' dir='ltr' id='par_1_83' title="bbox 1881 3833 3445 3906">
     <span class='ocr_line' id='line_1_83' title="bbox 1881 3833 3445 3906; baseline 0.003 -16"><span class='ocrx_word' id='word_1_593' title='bbox 1881 3849 2004 3890; x_wconf 87' lang='lat' dir='ltr'><strong>eum</strong></span> <span class='ocrx_word' id='word_1_594' title='bbox 2033 3833 2167 3898; x_wconf 86' lang='lat' dir='ltr'><strong>:Ne,</strong></span> <span class='ocrx_word' id='word_1_595' title='bbox 2202 3833 2382 3900; x_wconf 85' lang='lat' dir='ltr'><strong>Pater,</strong></span> <span class='ocrx_word' id='word_1_596' title='bbox 2412 3851 2480 3891; x_wconf 90' lang='lat' dir='ltr'><strong>ne</strong></span> <span class='ocrx_word' id='word_1_597' title='bbox 2503 3839 2815 3906; x_wconf 77' lang='lat' dir='ltr'><strong>gravaveris</strong></span> <span class='ocrx_word' id='word_1_598' title='bbox 2849 3854 2967 3894; x_wconf 90' lang='lat' dir='ltr'><strong>nos.</strong></span> <span class='ocrx_word' id='word_1_599' title='bbox 3011 3839 3058 3893; x_wconf 91' lang='lat' dir='ltr'><strong>Is</strong></span> <span class='ocrx_word' id='word_1_600' title='bbox 3105 3849 3283 3892; x_wconf 86' lang='lat' dir='ltr'><strong>autem</strong></span> <span class='ocrx_word' id='word_1_601' title='bbox 3317 3839 3398 3894; x_wconf 91' lang='lat' dir='ltr'><strong>eis</strong></span> <span class='ocrx_word' id='word_1_602' title='bbox 3430 3857 3445 3894; x_wconf 86' lang='lat'><strong>:</strong></span> 
     </span>
    </p>
   </div>
   <div class='ocr_carea' id='block_1_84' title="bbox 1881 3928 3452 3998">
    <p class='ocr_par' dir='ltr' id='par_1_84' title="bbox 1881 3928 3452 3998">
     <span class='ocr_line' id='line_1_84' title="bbox 1881 3928 3452 3998; baseline 0.003 -16"><span class='ocrx_word' id='word_1_603' title='bbox 1881 3928 2158 3983; x_wconf 84' lang='lat' dir='ltr'><strong>Confiteor</strong></span> <span class='ocrx_word' id='word_1_604' title='bbox 2184 3943 2270 3984; x_wconf 90' lang='lat' dir='ltr'><strong>me</strong></span> <span class='ocrx_word' id='word_1_605' title='bbox 2330 3943 2547 3984; x_wconf 89' lang='lat' dir='ltr'><strong>servum</strong></span> <span class='ocrx_word' id='word_1_606' title='bbox 2615 3939 2856 3984; x_wconf 86' lang='lat' dir='ltr'><strong>vestrum</strong></span> <span class='ocrx_word' id='word_1_607' title='bbox 2929 3945 3095 3994; x_wconf 82' lang='lat' dir='ltr'><strong>esse;</strong></span> <span class='ocrx_word' id='word_1_608' title='bbox 3143 3935 3197 3982; x_wconf 90' lang='lat' dir='ltr'><strong>et</strong></span> <span class='ocrx_word' id='word_1_609' title='bbox 3245 3931 3452 3998; x_wconf 73' lang='lat' dir='ltr'><strong>gratias</strong></span> 
     </span>
    </p>
   </div>
   <div class='ocr_carea' id='block_1_85' title="bbox 1881 4020 3448 4090">
    <p class='ocr_par' dir='ltr' id='par_1_85' title="bbox 1881 4020 3448 4090">
     <span class='ocr_line' id='line_1_85' title="bbox 1881 4020 3448 4090; baseline 0.005 -20"><span class='ocrx_word' id='word_1_610' title='bbox 1881 4034 2048 4090; x_wconf 75' lang='lat' dir='ltr'><strong>agens</strong></span> <span class='ocrx_word' id='word_1_611' title='bbox 2073 4020 2217 4089; x_wconf 88' lang='lat' dir='ltr'><strong>quod</strong></span> <span class='ocrx_word' id='word_1_612' title='bbox 2249 4020 2608 4089; x_wconf 88' lang='lat' dir='ltr'><strong>pcrmiseritis</strong></span> <span class='ocrx_word' id='word_1_613' title='bbox 2666 4037 2752 4076; x_wconf 86' lang='lat' dir='ltr'><strong>me</strong></span> <span class='ocrx_word' id='word_1_614' title='bbox 2782 4022 3011 4076; x_wconf 81' lang='lat' dir='ltr'><strong>liberum</strong></span> <span class='ocrx_word' id='word_1_615' title='bbox 3063 4023 3268 4078; x_wconf 88' lang='lat' dir='ltr'><strong>servire</strong></span> <span class='ocrx_word' id='word_1_616' title='bbox 3301 4022 3448 4089; x_wconf 91' lang='lat' dir='ltr'><strong>Deo,</strong></span> 
     </span>
    </p>
   </div>
   <div class='ocr_carea' id='block_1_86' title="bbox 1883 4111 3451 4183">
    <p class='ocr_par' dir='ltr' id='par_1_86' title="bbox 1883 4111 3451 4183">
     <span class='ocr_line' id='line_1_86' title="bbox 1883 4111 3451 4183; baseline 0.003 -19"><span class='ocrx_word' id='word_1_617' title='bbox 1883 4125 1986 4180; x_wconf 76' lang='lat' dir='ltr'><strong>ego</strong></span> <span class='ocrx_word' id='word_1_618' title='bbox 2023 4111 2265 4166; x_wconf 87' lang='lat' dir='ltr'><strong>vicissim</strong></span> <span class='ocrx_word' id='word_1_619' title='bbox 2298 4113 2420 4165; x_wconf 86' lang='lat' dir='ltr'><strong>lavo</strong></span> <span class='ocrx_word' id='word_1_620' title='bbox 2452 4127 2546 4166; x_wconf 91' lang='lat' dir='ltr'><strong>vos</strong></span> <span class='ocrx_word' id='word_1_621' title='bbox 2572 4130 2585 4166; x_wconf 89' lang='lat'>:</span> <span class='ocrx_word' id='word_1_622' title='bbox 2620 4113 2872 4182; x_wconf 81' lang='lat' dir='ltr'><strong>accipite,</strong></span> <span class='ocrx_word' id='word_1_623' title='bbox 2902 4128 3108 4183; x_wconf 58' lang='lat' dir='ltr'><strong>quamn,</strong></span> <span class='ocrx_word' id='word_1_624' title='bbox 3140 4114 3242 4168; x_wconf 84' lang='lat' dir='ltr'><strong>hoc</strong></span> <span class='ocrx_word' id='word_1_625' title='bbox 3272 4129 3451 4170; x_wconf 80' lang='lat' dir='ltr'><strong>meum</strong></span> 
     </span>
    </p>
   </div>
   <div class='ocr_carea' id='block_1_87' title="bbox 1886 4200 3453 4277">
    <p class='ocr_par' dir='ltr' id='par_1_87' title="bbox 1886 4200 3453 4277">
     <span class='ocr_line' id='line_1_87' title="bbox 1886 4200 3453 4277; baseline 0.003 -23"><span class='ocrx_word' id='word_1_626' title='bbox 1886 4200 2171 4254; x_wconf 86' lang='lat' dir='ltr'><strong>salarium.</strong></span> <span class='ocrx_word' id='word_1_627' title='bbox 2207 4200 2290 4254; x_wconf 88' lang='lat' dir='ltr'><strong>Illi</strong></span> <span class='ocrx_word' id='word_1_628' title='bbox 2323 4215 2455 4256; x_wconf 89' lang='lat' dir='ltr'><strong>vero</strong></span> <span class='ocrx_word' id='word_1_629' title='bbox 2484 4201 2904 4266; x_wconf 86' lang='lat' dir='ltr'><strong>contendebant,</strong></span> <span class='ocrx_word' id='word_1_630' title='bbox 2943 4204 3192 4260; x_wconf 78' lang='lat' dir='ltr'><strong>nolentes</strong></span> <span class='ocrx_word' id='word_1_631' title='bbox 3232 4207 3453 4277; x_wconf 81' lang='lat' dir='ltr'><strong>acquie—</strong></span> 
     </span>
    </p>
   </div>
   <div class='ocr_carea' id='block_1_88' title="bbox 1887 4288 3454 4359">
    <p class='ocr_par' dir='ltr' id='par_1_88' title="bbox 1887 4288 3454 4359">
     <span class='ocr_line' id='line_1_88' title="bbox 1887 4288 3454 4359; baseline 0.004 -16"><span class='ocrx_word' id='word_1_632' title='bbox 1887 4304 2065 4344; x_wconf 88' lang='lat' dir='ltr'><strong>scere.</strong></span> <span class='ocrx_word' id='word_1_633' title='bbox 2107 4288 2296 4359; x_wconf 85' lang='lat' dir='ltr'><strong>Itaque</strong></span> <span class='ocrx_word' id='word_1_634' title='bbox 2329 4291 2548 4345; x_wconf 88' lang='lat' dir='ltr'><strong>diccbat</strong></span> <span class='ocrx_word' id='word_1_635' title='bbox 2581 4291 2702 4346; x_wconf 90' lang='lat' dir='ltr'><strong>eis:</strong></span> <span class='ocrx_word' id='word_1_636' title='bbox 2745 4290 2861 4347; x_wconf 84' lang='lat' dir='ltr'><strong>Nisi</strong></span> <span class='ocrx_word' id='word_1_637' title='bbox 2918 4295 3204 4350; x_wconf 85' lang='lat' dir='ltr'><strong>volueritis</strong></span> <span class='ocrx_word' id='word_1_638' title='bbox 3255 4295 3454 4351; x_wconf 84' lang='lat' dir='ltr'><strong>admit-</strong></span> 
     </span>
    </p>
   </div>
   <div class='ocr_carea' id='block_1_89' title="bbox 1886 4377 3453 4450">
    <p class='ocr_par' dir='ltr' id='par_1_89' title="bbox 1886 4377 3453 4450">
     <span class='ocr_line' id='line_1_89' title="bbox 1886 4377 3453 4450; baseline 0.006 -21"><span class='ocrx_word' id='word_1_639' title='bbox 1886 4384 2024 4441; x_wconf 89' lang='lat' dir='ltr'><strong>tere,</strong></span> <span class='ocrx_word' id='word_1_640' title='bbox 2057 4377 2350 4433; x_wconf 89' lang='lat' dir='ltr'><strong>remanebo</strong></span> <span class='ocrx_word' id='word_1_641' title='bbox 2375 4377 2465 4432; x_wconf 91' lang='lat' dir='ltr'><strong>bic</strong></span> <span class='ocrx_word' id='word_1_642' title='bbox 2487 4380 2734 4436; x_wconf 89' lang='lat' dir='ltr'><strong>serviens</strong></span> <span class='ocrx_word' id='word_1_643' title='bbox 2760 4381 2935 4436; x_wconf 88' lang='lat' dir='ltr'><strong>vobis.</strong></span> <span class='ocrx_word' id='word_1_644' title='bbox 2961 4383 3039 4437; x_wconf 83' lang='lat' dir='ltr'><strong>Ac</strong></span> <span class='ocrx_word' id='word_1_645' title='bbox 3064 4385 3284 4441; x_wconf 83' lang='lat' dir='ltr'><strong>reveriti</strong></span> <span class='ocrx_word' id='word_1_646' title='bbox 3307 4402 3453 4450; x_wconf 83' lang='lat' dir='ltr'><strong>eum,</strong></span> 
     </span>
    </p>
   </div>
   <div class='ocr_carea' id='block_1_90' title="bbox 1891 4465 3454 4548">
    <p class='ocr_par' dir='ltr' id='par_1_90' title="bbox 1891 4465 3454 4548">
     <span class='ocr_line' id='line_1_90' title="bbox 1891 4465 3454 4548; baseline 0.006 -26"><span class='ocrx_word' id='word_1_647' title='bbox 1891 4466 2145 4522; x_wconf 87' lang='lat' dir='ltr'><strong>sinebant</strong></span> <span class='ocrx_word' id='word_1_648' title='bbox 2187 4465 2367 4523; x_wconf 87' lang='lat' dir='ltr'><strong>facere</strong></span> <span class='ocrx_word' id='word_1_649' title='bbox 2404 4467 2550 4538; x_wconf 90' lang='lat' dir='ltr'><strong>quod</strong></span> <span class='ocrx_word' id='word_1_650' title='bbox 2594 4471 2797 4538; x_wconf 87' lang='lat' dir='ltr'><strong>vellet;</strong></span> <span class='ocrx_word' id='word_1_651' title='bbox 2837 4473 3298 4548; x_wconf 90' lang='lat' dir='ltr'><strong>remittebantque</strong></span> <span class='ocrx_word' id='word_1_652' title='bbox 3329 4493 3454 4533; x_wconf 86' lang='lat' dir='ltr'><strong>eum</strong></span> 
     </span>
    </p>
   </div>
   <div class='ocr_carea' id='block_1_91' title="bbox 228 4553 1770 4636">
    <p class='ocr_par' dir='ltr' id='par_1_91' title="bbox 228 4558 1770 4636">
     <span class='ocr_line' id='line_1_91' title="bbox 228 4558 1770 4636; baseline -0.006 -17"><span class='ocrx_word' id='word_1_653' title='bbox 228 4566 354 4634; x_wconf 77' lang='grc' dir='ltr'>μετά</span> <span class='ocrx_word' id='word_1_654' title='bbox 379 4565 592 4619; x_wconf 83' lang='grc' dir='ltr'>πολλῶν</span> <span class='ocrx_word' id='word_1_655' title='bbox 621 4564 839 4636; x_wconf 82' lang='grc' dir='ltr'>χρειῶν,</span> <span class='ocrx_word' id='word_1_656' title='bbox 881 4565 972 4617; x_wconf 73' lang='grc' dir='ltr'>καὶ</span> <span class='ocrx_word' id='word_1_657' title='bbox 1015 4562 1215 4630; x_wconf 84' lang='grc' dir='ltr'>πολλῆς</span> <span class='ocrx_word' id='word_1_658' title='bbox 1239 4563 1282 4592; x_wconf 72' lang='grc'><strong><em>³⁵</em></strong></span> <span class='ocrx_word' id='word_1_659' title='bbox 1309 4561 1494 4630; x_wconf 80' lang='grc' dir='ltr'>τιμῆς,</span> <span class='ocrx_word' id='word_1_660' title='bbox 1533 4558 1620 4611; x_wconf 82' lang='grc' dir='ltr'>ἵνα</span> <span class='ocrx_word' id='word_1_661' title='bbox 1659 4559 1770 4626; x_wconf 66' lang='grc' dir='ltr'>ποιῇ</span> 
     </span>
    </p>
   </div>
   <div class='ocr_carea' id='block_1_92' title="bbox 1874 4553 3455 4636">
    <p class='ocr_par' dir='ltr' id='par_1_92' title="bbox 1895 4553 3455 4624">
     <span class='ocr_line' id='line_1_92' title="bbox 1895 4553 3455 4624; baseline 0.011 -17"><span class='ocrx_word' id='word_1_662' title='bbox 1895 4553 2066 4608; x_wconf 91' lang='lat' dir='ltr'><strong>multo</strong></span> <span class='ocrx_word' id='word_1_663' title='bbox 2094 4554 2322 4620; x_wconf 85' lang='lat' dir='ltr'><strong>honore,</strong></span> <span class='ocrx_word' id='word_1_664' title='bbox 2356 4570 2480 4610; x_wconf 88' lang='lat' dir='ltr'><strong>cum</strong></span> <span class='ocrx_word' id='word_1_665' title='bbox 2520 4558 2706 4614; x_wconf 89' lang='lat' dir='ltr'><strong>multis</strong></span> <span class='ocrx_word' id='word_1_666' title='bbox 2759 4560 2826 4614; x_wconf 86' lang='lat' dir='ltr'><strong>ad</strong></span> <span class='ocrx_word' id='word_1_667' title='bbox 2879 4562 3044 4616; x_wconf 83' lang='lat' dir='ltr'><strong>vitam</strong></span> <span class='ocrx_word' id='word_1_668' title='bbox 3105 4565 3455 4624; x_wconf 88' lang='lat' dir='ltr'><strong>necessariis.</strong></span> 
     </span>
    </p>
   </div>
   <div class='ocr_carea' id='block_1_93' title="bbox 228 4645 1787 4726">
    <p class='ocr_par' dir='ltr' id='par_1_93' title="bbox 228 4645 1787 4726">
     <span class='ocr_line' id='line_1_93' title="bbox 228 4645 1787 4726; baseline -0.004 -21"><span class='ocrx_word' id='word_1_669' title='bbox 228 4655 355 4726; x_wconf 61' lang='lat' dir='ltr'><strong>imlp</strong></span> <span class='ocrx_word' id='word_1_670' title='bbox 381 4653 563 4708; x_wconf 86' lang='grc' dir='ltr'>αὑτῶν</span> <span class='ocrx_word' id='word_1_671' title='bbox 582 4654 818 4722; x_wconf 80' lang='grc' dir='ltr'>ἁγάπας.</span> <span class='ocrx_word' id='word_1_672' title='bbox 833 4653 942 4708; x_wconf 86' lang='lat' dir='ltr'><strong>Kal</strong></span> <span class='ocrx_word' id='word_1_673' title='bbox 965 4651 1053 4706; x_wconf 82' lang='grc' dir='ltr'><strong>διὰ</strong></span> <span class='ocrx_word' id='word_1_674' title='bbox 1081 4650 1238 4704; x_wconf 77' lang='grc' dir='ltr'>τοῦτο</span> <span class='ocrx_word' id='word_1_675' title='bbox 1257 4648 1471 4717; x_wconf 84' lang='grc' dir='ltr'>ἐγένετο</span> <span class='ocrx_word' id='word_1_676' title='bbox 1489 4645 1787 4718; x_wconf 82' lang='grc' dir='ltr'>ὀνομαστὸς</span> 
     </span>
    </p>
   </div>
   <div class='ocr_carea' id='block_1_94' title="bbox 233 4741 1096 4812">
    <p class='ocr_par' dir='ltr' id='par_1_94' title="bbox 233 4741 1096 4812">
     <span class='ocr_line' id='line_1_94' title="bbox 233 4741 1096 4812; baseline -0.001 -18"><span class='ocrx_word' id='word_1_677' title='bbox 233 4743 304 4807; x_wconf 81' lang='grc' dir='ltr'><strong>εις</strong></span> <span class='ocrx_word' id='word_1_678' title='bbox 337 4743 555 4812; x_wconf 77' lang='grc' dir='ltr'>Σκῆτιν,</span> <span class='ocrx_word' id='word_1_679' title='bbox 592 4745 686 4796; x_wconf 79' lang='grc' dir='ltr'>καὶ</span> <span class='ocrx_word' id='word_1_680' title='bbox 719 4741 999 4812; x_wconf 80' lang='grc' dir='ltr'>ἀγαπητός</span> <span class='ocrx_word' id='word_1_681' title='bbox 1031 4741 1096 4793; x_wconf 82' lang='grc'><strong>¹⁵.</strong></span> 
     </span>
    </p>
   </div>
   <div class='ocr_carea' id='block_1_95' title="bbox 289 4825 1785 4903">
    <p class='ocr_par' dir='ltr' id='par_1_95' title="bbox 289 4825 1785 4903">
     <span class='ocr_line' id='line_1_95' title="bbox 289 4825 1785 4903; baseline -0.005 -17"><span class='ocrx_word' id='word_1_682' title='bbox 289 4842 354 4902; x_wconf 78' lang='grc' dir='ltr'>γ’.</span> <span class='ocrx_word' id='word_1_683' title='bbox 403 4832 688 4903; x_wconf 81' lang='grc' dir='ltr'>Ἡρωτήθη</span> <span class='ocrx_word' id='word_1_684' title='bbox 723 4833 751 4885; x_wconf 86' lang='grc' dir='ltr'>ὁ</span> <span class='ocrx_word' id='word_1_685' title='bbox 779 4833 950 4895; x_wconf 75' lang='grc' dir='ltr'>ἀϐϐἄς</span> <span class='ocrx_word' id='word_1_686' title='bbox 990 4828 1143 4893; x_wconf 85' lang='grc' dir='ltr'>Μιὼς</span> <span class='ocrx_word' id='word_1_687' title='bbox 1194 4828 1298 4882; x_wconf 85' lang='grc' dir='ltr'>ὑπὸ</span> <span class='ocrx_word' id='word_1_688' title='bbox 1338 4825 1785 4898; x_wconf 82' lang='grc' dir='ltr'>στρατευομένου,</span> 
     </span>
    </p>
   </div>
   <div class='ocr_carea' id='block_1_96' title="bbox 233 4915 1790 4991">
    <p class='ocr_par' dir='ltr' id='par_1_96' title="bbox 233 4915 1790 4991">
     <span class='ocr_line' id='line_1_96' title="bbox 233 4915 1790 4991; baseline -0.004 -19"><span class='ocrx_word' id='word_1_689' title='bbox 233 4921 276 4973; x_wconf 76' lang='grc' dir='ltr'><strong>ιι</strong></span> <span class='ocrx_word' id='word_1_690' title='bbox 304 4920 407 4991; x_wconf 74' lang='grc' dir='ltr'>ἄρα</span> <span class='ocrx_word' id='word_1_691' title='bbox 435 4920 648 4990; x_wconf 83' lang='grc' dir='ltr'>δέχεται</span> <span class='ocrx_word' id='word_1_692' title='bbox 681 4921 965 4991; x_wconf 76' lang='grc' dir='ltr'>μετάνοιαν</span> <span class='ocrx_word' id='word_1_693' title='bbox 995 4921 1024 4971; x_wconf 81' lang='grc' dir='ltr'><strong>ὁ</strong></span> <span class='ocrx_word' id='word_1_694' title='bbox 1043 4919 1194 4982; x_wconf 83' lang='grc' dir='ltr'>Θεός.</span> <span class='ocrx_word' id='word_1_695' title='bbox 1220 4919 1280 4970; x_wconf 88' lang='grc' dir='ltr'><strong>Ὀ</strong></span> <span class='ocrx_word' id='word_1_696' title='bbox 1311 4917 1368 4969; x_wconf 80' lang='grc' dir='ltr'>δὲ</span> <span class='ocrx_word' id='word_1_697' title='bbox 1399 4915 1536 4986; x_wconf 79' lang='grc' dir='ltr'>μετὰ</span> <span class='ocrx_word' id='word_1_698' title='bbox 1565 4916 1627 4968; x_wconf 78' lang='grc' dir='ltr'>τὸ</span> <span class='ocrx_word' id='word_1_699' title='bbox 1653 4931 1790 4968; x_wconf 84' lang='grc' dir='ltr'>κατ-</span> 
     </span>
    </p>
   </div>
   <div class='ocr_carea' id='block_1_97' title="bbox 230 5007 1787 5081">
    <p class='ocr_par' dir='ltr' id='par_1_97' title="bbox 230 5007 1787 5081">
     <span class='ocr_line' id='line_1_97' title="bbox 230 5007 1787 5081; baseline -0.004 -17"><span class='ocrx_word' id='word_1_700' title='bbox 230 5011 417 5081; x_wconf 75' lang='grc' dir='ltr'>ηχῆσαι</span> <span class='ocrx_word' id='word_1_701' title='bbox 464 5010 623 5063; x_wconf 75' lang='grc' dir='ltr'>αὑτὸν</span> <span class='ocrx_word' id='word_1_702' title='bbox 662 5013 720 5063; x_wconf 88' lang='grc' dir='ltr'><strong>ἐν</strong></span> <span class='ocrx_word' id='word_1_703' title='bbox 764 5009 975 5074; x_wconf 79' lang='grc' dir='ltr'>πολλοῖς</span> <span class='ocrx_word' id='word_1_704' title='bbox 1002 5009 1210 5078; x_wconf 83' lang='grc' dir='ltr'>λόγοις,</span> <span class='ocrx_word' id='word_1_705' title='bbox 1241 5008 1386 5076; x_wconf 83' lang='grc' dir='ltr'>λέγει</span> <span class='ocrx_word' id='word_1_706' title='bbox 1418 5007 1554 5076; x_wconf 84' lang='grc' dir='ltr'>πρὸς</span> <span class='ocrx_word' id='word_1_707' title='bbox 1583 5007 1744 5060; x_wconf 82' lang='grc' dir='ltr'>αὐτόν</span> <span class='ocrx_word' id='word_1_708' title='bbox 1774 5022 1787 5034; x_wconf 83' lang='lat'><strong><em>°</em></strong></span> 
     </span>
    </p>
   </div>
   <div class='ocr_carea' id='block_1_98' title="bbox 299 5184 1700 5260">
    <p class='ocr_par' dir='ltr' id='par_1_98' title="bbox 299 5184 1700 5260">
     <span class='ocr_line' id='line_1_98' title="bbox 299 5184 1700 5260; baseline 0.001 -20"><span class='ocrx_word' id='word_1_709' title='bbox 299 5184 321 5214; x_wconf 78' lang='lat'><strong>’</strong></span> <span class='ocrx_word' id='word_1_710' title='bbox 362 5189 444 5260; x_wconf 80' lang='lat' dir='ltr'><strong>AI.</strong></span> <span class='ocrx_word' id='word_1_711' title='bbox 488 5189 653 5243; x_wconf 88' lang='lat' dir='ltr'><strong>inser.</strong></span> <span class='ocrx_word' id='word_1_712' title='bbox 683 5188 866 5260; x_wconf 80' lang='grc' dir='ltr'>αὑτοῦ.</span> <span class='ocrx_word' id='word_1_713' title='bbox 967 5190 1008 5260; x_wconf 52' lang='grc' dir='ltr'><strong>τ’</strong></span> <span class='ocrx_word' id='word_1_714' title='bbox 1041 5189 1122 5244; x_wconf 85' lang='lat' dir='ltr'><strong>AI.</strong></span> <span class='ocrx_word' id='word_1_715' title='bbox 1150 5189 1312 5260; x_wconf 71' lang='grc' dir='ltr'>πόδας</span> <span class='ocrx_word' id='word_1_716' title='bbox 1343 5189 1700 5260; x_wconf 25' lang='grc' dir='ltr'>τῶνκυρςωνμ.</span> 
     </span>
    </p>
   </div>
   <div class='ocr_carea' id='block_1_99' title="bbox 236 5256 1490 5329">
    <p class='ocr_par' dir='ltr' id='par_1_99' title="bbox 236 5256 1490 5329">
     <span class='ocr_line' id='line_1_99' title="bbox 236 5256 1490 5329; baseline 0.006 -24"><span class='ocrx_word' id='word_1_717' title='bbox 236 5256 574 5327; x_wconf 74' lang='grc' dir='ltr'>παρεχώρουν</span> <span class='ocrx_word' id='word_1_718' title='bbox 601 5259 768 5329; x_wconf 77' lang='grc' dir='ltr'>αὐτῷ.</span> <span class='ocrx_word' id='word_1_719' title='bbox 843 5260 884 5288; x_wconf 60' lang='grc'>⁸⁸</span> <span class='ocrx_word' id='word_1_720' title='bbox 918 5259 1084 5312; x_wconf 78' lang='lat' dir='ltr'><strong>Abest</strong></span> <span class='ocrx_word' id='word_1_721' title='bbox 1106 5259 1304 5322; x_wconf 65' lang='grc' dir='ltr'>πολλῆς</span> <span class='ocrx_word' id='word_1_722' title='bbox 1327 5260 1396 5314; x_wconf 80' lang='lat' dir='ltr'><strong>ab</strong></span> <span class='ocrx_word' id='word_1_723' title='bbox 1420 5259 1490 5313; x_wconf 91' lang='lat' dir='ltr'><strong>al.</strong></span> 
     </span>
    </p>
   </div>
   <div class='ocr_carea' id='block_1_100' title="bbox 1825 5187 2496 5258">
    <p class='ocr_par' dir='ltr' id='par_1_100' title="bbox 1825 5187 2496 5258">
     <span class='ocr_line' id='line_1_100' title="bbox 1825 5187 2496 5258; baseline 0.003 -17"><span class='ocrx_word' id='word_1_724' title='bbox 1825 5188 1864 5220; x_wconf 84' lang='lat'><strong>&quot;</strong></span> <span class='ocrx_word' id='word_1_725' title='bbox 1899 5188 2064 5242; x_wconf 80' lang='lat' dir='ltr'><strong>Abest</strong></span> <span class='ocrx_word' id='word_1_726' title='bbox 2108 5187 2309 5258; x_wconf 81' lang='grc' dir='ltr'>ταύτην</span> <span class='ocrx_word' id='word_1_727' title='bbox 2344 5189 2411 5241; x_wconf 82' lang='lat' dir='ltr'><strong>ab</strong></span> <span class='ocrx_word' id='word_1_728' title='bbox 2428 5190 2496 5243; x_wconf 85' lang='lat' dir='ltr'><strong>al.</strong></span> 
     </span>
    </p>
   </div>
   <div class='ocr_carea' id='block_1_101' title="bbox 1572 5257 2694 5330">
    <p class='ocr_par' dir='ltr' id='par_1_101' title="bbox 1572 5257 2694 5330">
     <span class='ocr_line' id='line_1_101' title="bbox 1572 5257 2694 5330; baseline 0.004 -20"><span class='ocrx_word' id='word_1_729' title='bbox 1572 5258 1612 5289; x_wconf 80' lang='lat'>&quot;</span> <span class='ocrx_word' id='word_1_730' title='bbox 1656 5257 1850 5323; x_wconf 83' lang='lat' dir='ltr'><strong>Verba,</strong></span> <span class='ocrx_word' id='word_1_731' title='bbox 1881 5259 1975 5310; x_wconf 77' lang='grc' dir='ltr'>καὶ</span> <span class='ocrx_word' id='word_1_732' title='bbox 2003 5257 2280 5330; x_wconf 76' lang='grc' dir='ltr'>ἀγαπητός</span> <span class='ocrx_word' id='word_1_733' title='bbox 2306 5259 2504 5314; x_wconf 80' lang='lat' dir='ltr'><strong>desunt</strong></span> <span class='ocrx_word' id='word_1_734' title='bbox 2540 5260 2594 5314; x_wconf 90' lang='lat' dir='ltr'><strong>in</strong></span> <span class='ocrx_word' id='word_1_735' title='bbox 2624 5259 2694 5314; x_wconf 87' lang='lat' dir='ltr'><strong>al.</strong></span> 
     </span>
    </p>
   </div>
   <div class='ocr_carea' id='block_1_102' title="bbox 1895 4643 3456 4724">
    <p class='ocr_par' dir='ltr' id='par_1_102' title="bbox 1895 4643 3456 4724">
     <span class='ocr_line' id='line_1_102' title="bbox 1895 4643 3456 4724; baseline 0.006 -27"><span class='ocrx_word' id='word_1_736' title='bbox 1895 4651 1956 4698; x_wconf 92' lang='lat' dir='ltr'><strong>ut</strong></span> <span class='ocrx_word' id='word_1_737' title='bbox 1993 4658 2096 4714; x_wconf 91' lang='lat' dir='ltr'><strong>pro</strong></span> <span class='ocrx_word' id='word_1_738' title='bbox 2131 4643 2268 4715; x_wconf 90' lang='lat' dir='ltr'><strong>ipsis</strong></span> <span class='ocrx_word' id='word_1_739' title='bbox 2289 4645 2445 4702; x_wconf 84' lang='lat' dir='ltr'><strong>daret</strong></span> <span class='ocrx_word' id='word_1_740' title='bbox 2471 4647 2891 4720; x_wconf 83' lang='lat' dir='ltr'><strong>eleemosynam.</strong></span> <span class='ocrx_word' id='word_1_741' title='bbox 2923 4648 3152 4721; x_wconf 88' lang='lat' dir='ltr'><strong>Propter</strong></span> <span class='ocrx_word' id='word_1_742' title='bbox 3179 4653 3324 4724; x_wconf 91' lang='lat' dir='ltr'><strong>quod</strong></span> <span class='ocrx_word' id='word_1_743' title='bbox 3353 4655 3456 4708; x_wconf 86' lang='lat' dir='ltr'><strong>fuit</strong></span> 
     </span>
    </p>
   </div>
   <div class='ocr_carea' id='block_1_103' title="bbox 1897 4737 2693 4795">
    <p class='ocr_par' dir='ltr' id='par_1_103' title="bbox 1897 4737 2693 4795">
     <span class='ocr_line' id='line_1_103' title="bbox 1897 4737 2693 4795; baseline 0.001 -3"><span class='ocrx_word' id='word_1_744' title='bbox 1897 4738 2084 4793; x_wconf 84' lang='lat' dir='ltr'><strong>clarus</strong></span> <span class='ocrx_word' id='word_1_745' title='bbox 2110 4745 2165 4793; x_wconf 90' lang='lat' dir='ltr'><strong>et</strong></span> <span class='ocrx_word' id='word_1_746' title='bbox 2195 4737 2400 4794; x_wconf 86' lang='lat' dir='ltr'><strong>charus</strong></span> <span class='ocrx_word' id='word_1_747' title='bbox 2431 4741 2488 4794; x_wconf 83' lang='lat' dir='ltr'><strong>In</strong></span> <span class='ocrx_word' id='word_1_748' title='bbox 2526 4738 2693 4795; x_wconf 92' lang='lat' dir='ltr'><strong>Sceti.</strong></span> 
     </span>
    </p>
   </div>
   <div class='ocr_carea' id='block_1_104' title="bbox 1962 4828 3456 4900">
    <p class='ocr_par' dir='ltr' id='par_1_104' title="bbox 1962 4828 3456 4900">
     <span class='ocr_line' id='line_1_104' title="bbox 1962 4828 3456 4900; baseline 0.005 -17"><span class='ocrx_word' id='word_1_749' title='bbox 1962 4830 2016 4883; x_wconf 73' lang='grc' dir='ltr'>ὅ.</span> <span class='ocrx_word' id='word_1_750' title='bbox 2047 4828 2426 4900; x_wconf 76' lang='lat' dir='ltr'><strong>Interrogatus</strong></span> <span class='ocrx_word' id='word_1_751' title='bbox 2458 4839 2542 4884; x_wconf 89' lang='lat' dir='ltr'><strong>est</strong></span> <span class='ocrx_word' id='word_1_752' title='bbox 2571 4829 2742 4885; x_wconf 87' lang='lat' dir='ltr'><strong>abbas</strong></span> <span class='ocrx_word' id='word_1_753' title='bbox 2767 4829 2904 4884; x_wconf 84' lang='lat' dir='ltr'><strong>Mios</strong></span> <span class='ocrx_word' id='word_1_754' title='bbox 2932 4844 2961 4882; x_wconf 86' lang='lat' dir='ltr'><strong>a</strong></span> <span class='ocrx_word' id='word_1_755' title='bbox 2989 4829 3183 4897; x_wconf 87' lang='lat' dir='ltr'><strong>milite,</strong></span> <span class='ocrx_word' id='word_1_756' title='bbox 3213 4846 3281 4887; x_wconf 88' lang='lat' dir='ltr'><strong>an</strong></span> <span class='ocrx_word' id='word_1_757' title='bbox 3312 4831 3456 4891; x_wconf 86' lang='lat' dir='ltr'><strong>Dcus</strong></span> 
     </span>
    </p>
   </div>
   <div class='ocr_carea' id='block_1_105' title="bbox 1896 4915 3462 4989">
    <p class='ocr_par' dir='ltr' id='par_1_105' title="bbox 1896 4915 3462 4989">
     <span class='ocr_line' id='line_1_105' title="bbox 1896 4915 3462 4989; baseline 0.004 -19"><span class='ocrx_word' id='word_1_758' title='bbox 1896 4915 2209 4973; x_wconf 86' lang='lat' dir='ltr'><strong>admitteret</strong></span> <span class='ocrx_word' id='word_1_759' title='bbox 2243 4918 2638 4986; x_wconf 64' lang='lat' dir='ltr'><strong>paenitentiam.</strong></span> <span class='ocrx_word' id='word_1_760' title='bbox 2671 4915 2763 4973; x_wconf 85' lang='lat' dir='ltr'><strong>Ille</strong></span> <span class='ocrx_word' id='word_1_761' title='bbox 2797 4933 2925 4972; x_wconf 81' lang='lat' dir='ltr'><strong>vero</strong></span> <span class='ocrx_word' id='word_1_762' title='bbox 2958 4927 3248 4989; x_wconf 83' lang='lat' dir='ltr'><strong>postquam</strong></span> <span class='ocrx_word' id='word_1_763' title='bbox 3287 4923 3462 4976; x_wconf 76' lang='lat' dir='ltr'><strong>horni-</strong></span> 
     </span>
    </p>
   </div>
   <div class='ocr_carea' id='block_1_106' title="bbox 1900 5009 3458 5078">
    <p class='ocr_par' dir='ltr' id='par_1_106' title="bbox 1900 5009 3458 5078">
     <span class='ocr_line' id='line_1_106' title="bbox 1900 5009 3458 5078; baseline 0.004 -18"><span class='ocrx_word' id='word_1_764' title='bbox 1900 5022 2023 5062; x_wconf 89' lang='lat' dir='ltr'><strong>nem</strong></span> <span class='ocrx_word' id='word_1_765' title='bbox 2074 5009 2236 5078; x_wconf 74' lang='lat' dir='ltr'><strong>longo</strong></span> <span class='ocrx_word' id='word_1_766' title='bbox 2289 5022 2546 5064; x_wconf 83' lang='lat' dir='ltr'><strong>sermone</strong></span> <span class='ocrx_word' id='word_1_767' title='bbox 2598 5009 2945 5074; x_wconf 88' lang='lat' dir='ltr'><strong>instituisset,</strong></span> <span class='ocrx_word' id='word_1_768' title='bbox 2995 5009 3106 5064; x_wconf 84' lang='lat' dir='ltr'><strong>ait:</strong></span> <span class='ocrx_word' id='word_1_769' title='bbox 3167 5010 3263 5068; x_wconf 93' lang='lat' dir='ltr'><strong>Dic</strong></span> <span class='ocrx_word' id='word_1_770' title='bbox 3305 5015 3458 5078; x_wconf 86' lang='lat' dir='ltr'><strong>mibi,</strong></span> 
     </span>
    </p>
   </div>
   <div class='ocr_carea' id='block_1_107' title="bbox 2618 5190 3456 5261">
    <p class='ocr_par' dir='ltr' id='par_1_107' title="bbox 2618 5190 3456 5261">
     <span class='ocr_line' id='line_1_107' title="bbox 2618 5190 3456 5261; baseline 0.018 -22"><span class='ocrx_word' id='word_1_771' title='bbox 2618 5191 2669 5261; x_wconf 77' lang='lat'><strong>&quot;_</strong></span> <span class='ocrx_word' id='word_1_772' title='bbox 2697 5190 2776 5244; x_wconf 77' lang='lat' dir='ltr'><strong>AI.</strong></span> <span class='ocrx_word' id='word_1_773' title='bbox 2823 5190 3227 5261; x_wconf 70' lang='grc' dir='ltr'>εὐλαϐούμενοι.</span> <span class='ocrx_word' id='word_1_774' title='bbox 3305 5193 3348 5224; x_wconf 79' lang='grc'><strong>⁸³</strong></span> <span class='ocrx_word' id='word_1_775' title='bbox 3372 5194 3456 5248; x_wconf 77' lang='grc' dir='ltr'><strong>ΑΙ-</strong></span> 
     </span>
    </p>
   </div>
   <div class='ocr_carea' id='block_1_108' title="bbox 294 5413 1770 5486">
    <p class='ocr_par' dir='ltr' id='par_1_108' title="bbox 294 5414 1770 5486">
     <span class='ocr_line' id='line_1_108' title="bbox 294 5414 1770 5486; baseline 0.001 -19"><span class='ocrx_word' id='word_1_776' title='bbox 294 5415 414 5486; x_wconf 64' lang='grc'><strong>(49)</strong></span> <span class='ocrx_word' id='word_1_777' title='bbox 443 5415 873 5486; x_wconf 18' lang='grc' dir='ltr'>έῌλεγοννπερὶ</span> <span class='ocrx_word' id='word_1_778' title='bbox 923 5417 1030 5471; x_wconf 82' lang='grc' dir='ltr'>τοῦ</span> <span class='ocrx_word' id='word_1_779' title='bbox 1071 5415 1374 5485; x_wconf 78' lang='grc' dir='ltr'>δευτέρου.</span> <span class='ocrx_word' id='word_1_780' title='bbox 1421 5414 1607 5486; x_wconf 14' lang='lat' dir='ltr'><strong>Paulo,</strong></span> <span class='ocrx_word' id='word_1_781' title='bbox 1638 5416 1770 5486; x_wconf 75' lang='lat' dir='ltr'><strong>alite</strong></span> 
     </span>
    </p>
   </div>
   <div class='ocr_carea' id='block_1_109' title="bbox 1874 5413 3458 5486">
    <p class='ocr_par' dir='ltr' id='par_1_109' title="bbox 1903 5413 3458 5486">
     <span class='ocr_line' id='line_1_109' title="bbox 1903 5413 3458 5486; baseline 0.004 -16"><span class='ocrx_word' id='word_1_782' title='bbox 1903 5417 2057 5472; x_wconf 89' lang='lat' dir='ltr'><strong>sione</strong></span> <span class='ocrx_word' id='word_1_783' title='bbox 2091 5415 2277 5486; x_wconf 87' lang='lat' dir='ltr'><strong>reponi</strong></span> <span class='ocrx_word' id='word_1_784' title='bbox 2307 5413 2466 5486; x_wconf 78' lang='lat' dir='ltr'><strong>debet</strong></span> <span class='ocrx_word' id='word_1_785' title='bbox 2499 5417 2900 5480; x_wconf 74' lang='lat' dir='ltr'><strong>contendebant.</strong></span> <span class='ocrx_word' id='word_1_786' title='bbox 2936 5433 3063 5473; x_wconf 90' lang='lat' dir='ltr'><strong>cum</strong></span> <span class='ocrx_word' id='word_1_787' title='bbox 3109 5421 3164 5474; x_wconf 89' lang='lat' dir='ltr'><strong>in</strong></span> <span class='ocrx_word' id='word_1_788' title='bbox 3200 5421 3458 5476; x_wconf 81' lang='lat' dir='ltr'><strong>editioni-</strong></span> 
     </span>
    </p>
   </div>
   <div class='ocr_carea' id='block_1_110' title="bbox 232 5483 1770 5555">
    <p class='ocr_par' dir='ltr' id='par_1_110' title="bbox 232 5483 1770 5555">
     <span class='ocr_line' id='line_1_110' title="bbox 232 5483 1770 5555; baseline 0 -17"><span class='ocrx_word' id='word_1_789' title='bbox 379 5483 624 5555; x_wconf 69' lang='lat' dir='ltr'><strong>tiolbert.</strong></span> <span class='ocrx_word' id='word_1_790' title='bbox 675 5485 932 5555; x_wconf 87' lang='lat' dir='ltr'><strong>nimirum</strong></span> <span class='ocrx_word' id='word_1_791' title='bbox 963 5488 1042 5542; x_wconf 88' lang='lat' dir='ltr'><strong>sic</strong></span> <span class='ocrx_word' id='word_1_792' title='bbox 1081 5502 1094 5537; x_wconf 90' lang='lat'><strong>:</strong></span> <span class='ocrx_word' id='word_1_793' title='bbox 1129 5483 1354 5554; x_wconf 79' lang='grc' dir='ltr'>Ἔλεγον</span> <span class='ocrx_word' id='word_1_794' title='bbox 1389 5485 1624 5555; x_wconf 76' lang='grc' dir='ltr'>περὶτοῦ</span> <span class='ocrx_word' id='word_1_795' title='bbox 1649 5485 1770 5539; x_wconf 64' lang='lat' dir='ltr'><strong>esse</strong></span> 
     </span>
    </p>
   </div>
   <div class='ocr_carea' id='block_1_111' title="bbox 1874 5483 3464 5555">
    <p class='ocr_par' dir='ltr' id='par_1_111' title="bbox 1901 5483 3464 5548">
     <span class='ocr_line' id='line_1_111' title="bbox 1901 5483 3464 5548; baseline 0.004 -9"><span class='ocrx_word' id='word_1_796' title='bbox 1901 5487 2002 5540; x_wconf 85' lang='lat' dir='ltr'><strong>bus</strong></span> <span class='ocrx_word' id='word_1_797' title='bbox 2024 5483 2300 5548; x_wconf 77' lang='lat' dir='ltr'><strong>cernatur,</strong></span> <span class='ocrx_word' id='word_1_798' title='bbox 2333 5485 2428 5538; x_wconf 85' lang='lat' dir='ltr'><strong>Illi</strong></span> <span class='ocrx_word' id='word_1_799' title='bbox 2455 5503 2570 5540; x_wconf 84' lang='lat' dir='ltr'><strong>vero</strong></span> <span class='ocrx_word' id='word_1_800' title='bbox 2602 5488 3020 5542; x_wconf 77' lang='lat' dir='ltr'><strong>contemnebant.</strong></span> <span class='ocrx_word' id='word_1_801' title='bbox 3048 5487 3221 5545; x_wconf 83' lang='lat' dir='ltr'><strong>Porro</strong></span> <span class='ocrx_word' id='word_1_802' title='bbox 3249 5492 3464 5546; x_wconf 74' lang='lat' dir='ltr'><strong>initium</strong></span> 
     </span>
    </p>
   </div>
   <div class='ocr_carea' id='block_1_112' title="bbox 231 5553 1788 5626">
    <p class='ocr_par' dir='ltr' id='par_1_112' title="bbox 231 5553 1788 5626">
     <span class='ocr_line' id='line_1_112' title="bbox 231 5553 1788 5626; baseline 0.002 -21"><span class='ocrx_word' id='word_1_803' title='bbox 231 5553 517 5626; x_wconf 52' lang='lat' dir='ltr'><strong>ysysfliou,</strong></span> <span class='ocrx_word' id='word_1_804' title='bbox 570 5555 652 5626; x_wconf 68' lang='grc' dir='ltr'>ῥτι</span> <span class='ocrx_word' id='word_1_805' title='bbox 698 5554 801 5626; x_wconf 32' lang='grc' dir='ltr'>διὰ-</span> <span class='ocrx_word' id='word_1_806' title='bbox 831 5554 1169 5626; x_wconf 26' lang='grc' dir='ltr'>δύοηέσθίων,</span> <span class='ocrx_word' id='word_1_807' title='bbox 1204 5557 1304 5626; x_wconf 72' lang='grc' dir='ltr'>ἕνα</span> <span class='ocrx_word' id='word_1_808' title='bbox 1342 5553 1503 5626; x_wconf 77' lang='grc' dir='ltr'>ἄρτον</span> <span class='ocrx_word' id='word_1_809' title='bbox 1555 5555 1788 5626; x_wconf 61' lang='grc' dir='ltr'>ἐτρωγς.</span> 
     </span>
    </p>
   </div>
   <div class='ocr_carea' id='block_1_113' title="bbox 231 5619 1793 5696">
    <p class='ocr_par' dir='ltr' id='par_1_113' title="bbox 231 5619 1793 5696">
     <span class='ocr_line' id='line_1_113' title="bbox 231 5619 1793 5696; baseline 0.002 -23"><span class='ocrx_word' id='word_1_810' title='bbox 231 5619 511 5696; x_wconf 59' lang='grc' dir='ltr'>ξυντυχὼν</span> <span class='ocrx_word' id='word_1_811' title='bbox 543 5619 636 5696; x_wconf 58' lang='grc' dir='ltr'>οὖν</span> <span class='ocrx_word' id='word_1_812' title='bbox 683 5623 951 5696; x_wconf 77' lang='grc' dir='ltr'>αὑτὸςτῷ</span> <span class='ocrx_word' id='word_1_813' title='bbox 985 5625 1126 5696; x_wconf 77' lang='grc' dir='ltr'>ἁϐϐᾷ</span> <span class='ocrx_word' id='word_1_814' title='bbox 1157 5619 1356 5696; x_wconf 70' lang='grc' dir='ltr'><strong>Σισώῃ</strong></span> <span class='ocrx_word' id='word_1_815' title='bbox 1382 5619 1481 5696; x_wconf 68' lang='grc' dir='ltr'>καὶ</span> <span class='ocrx_word' id='word_1_816' title='bbox 1525 5619 1793 5696; x_wconf 51' lang='lat' dir='ltr'><strong>«sese;</strong></span> 
     </span>
    </p>
   </div>
   <div class='ocr_carea' id='block_1_114' title="bbox 230 5678 1790 5811">
    <p class='ocr_par' dir='ltr' id='par_1_114' title="bbox 230 5678 1790 5811">
     <span class='ocr_line' id='line_1_114' title="bbox 230 5678 1790 5811; baseline 0.001 -68"><span class='ocrx_word' id='word_1_817' title='bbox 230 5678 464 5760; x_wconf 64' lang='grc' dir='ltr'>Ποιμένὶ,</span> <span class='ocrx_word' id='word_1_818' title='bbox 483 5692 682 5811; x_wconf 44' lang='lat' dir='ltr'><strong>gmina</strong></span> <span class='ocrx_word' id='word_1_819' title='bbox 709 5678 906 5756; x_wconf 77' lang='grc' dir='ltr'>αὐτοὺς</span> <span class='ocrx_word' id='word_1_820' title='bbox 923 5678 1068 5765; x_wconf 74' lang='grc' dir='ltr'>’περὶ</span> <span class='ocrx_word' id='word_1_821' title='bbox 1102 5678 1612 5761; x_wconf 48' lang='grc' dir='ltr'>ἶιούτουδλέγουσίν</span> <span class='ocrx_word' id='word_1_822' title='bbox 1641 5678 1790 5763; x_wconf 82' lang='grc' dir='ltr'><strong>αὑτῷ</strong></span> 
     </span>
     <span class='ocr_line' id='line_1_115' title="bbox 230 5760 1784 5811; baseline 0 0"><span class='ocrx_word' id='word_1_823' title='bbox 230 5760 448 5811; x_wconf 60' lang='grc' dir='ltr'>ἐκεῖνον</span> <span class='ocrx_word' id='word_1_824' title='bbox 530 5763 707 5811; x_wconf 84' lang='grc' dir='ltr'>έκνον.</span> <span class='ocrx_word' id='word_1_825' title='bbox 737 5764 786 5811; x_wconf 78' lang='grc' dir='ltr'><strong>ει</strong></span> <span class='ocrx_word' id='word_1_826' title='bbox 821 5762 994 5811; x_wconf 71' lang='grc' dir='ltr'>θέλεις</span> <span class='ocrx_word' id='word_1_827' title='bbox 1027 5763 1255 5811; x_wconf 76' lang='grc' dir='ltr'>ἀκοῦσαι</span> <span class='ocrx_word' id='word_1_828' title='bbox 1289 5762 1463 5811; x_wconf 68' lang='grc' dir='ltr'><strong>ἡυῶν-</strong></span> <span class='ocrx_word' id='word_1_829' title='bbox 1496 5763 1658 5811; x_wconf 77' lang='grc' dir='ltr'>φάγε.</span> <span class='ocrx_word' id='word_1_830' title='bbox 1681 5772 1784 5811; x_wconf 80' lang='lat' dir='ltr'><strong>etc.</strong></span> 
     </span>
    </p>
   </div>
   <div class='ocr_carea' id='block_1_115' title="bbox 228 5760 1784 5834">
    <p class='ocr_par' dir='ltr' id='par_1_115' title="bbox 228 5760 1784 5834">
     <span class='ocr_line' id='line_1_116' title="bbox 228 5760 1784 5834; baseline 0.003 -23"><span class='ocrx_word' id='word_1_831' title='bbox 228 5760 707 5834; x_wconf 49' lang='lat' dir='ltr'><strong>tuivot&#39;_T§nvov,</strong></span> <span class='ocrx_word' id='word_1_832' title='bbox 737 5764 786 5814; x_wconf 81' lang='grc' dir='ltr'><strong>ει</strong></span> <span class='ocrx_word' id='word_1_833' title='bbox 821 5762 994 5826; x_wconf 84' lang='grc' dir='ltr'>θέλεις</span> <span class='ocrx_word' id='word_1_834' title='bbox 1013 5760 1464 5834; x_wconf 16' lang='grc' dir='ltr'>’ἀκούσαιγὴμῶᾖ</span> <span class='ocrx_word' id='word_1_835' title='bbox 1496 5763 1658 5834; x_wconf 81' lang='grc' dir='ltr'>φάγε,</span> <span class='ocrx_word' id='word_1_836' title='bbox 1681 5760 1784 5816; x_wconf 61' lang='lat' dir='ltr'><strong>etc.</strong></span> 
     </span>
    </p>
   </div>
   <div class='ocr_carea' id='block_1_116' title="bbox 293 5829 1788 5903">
    <p class='ocr_par' dir='ltr' id='par_1_116' title="bbox 293 5829 1788 5903">
     <span class='ocr_line' id='line_1_117' title="bbox 293 5829 1788 5903; baseline 0 -17"><span class='ocrx_word' id='word_1_837' title='bbox 293 5830 407 5903; x_wconf 82' lang='lat'><strong>(50)</strong></span> <span class='ocrx_word' id='word_1_838' title='bbox 441 5832 506 5884; x_wconf 81' lang='lat' dir='ltr'><strong>Ol</strong></span> <span class='ocrx_word' id='word_1_839' title='bbox 525 5829 595 5884; x_wconf 80' lang='grc' dir='ltr'>δὲ</span> <span class='ocrx_word' id='word_1_840' title='bbox 619 5832 1059 5900; x_wconf 64' lang='grc' dir='ltr'>ἐφιλονείκουν.</span> <span class='ocrx_word' id='word_1_841' title='bbox 1082 5829 1391 5890; x_wconf 69' lang='grc' dir='ltr'><strong>Ρτοίιιάοῖη</strong></span> <span class='ocrx_word' id='word_1_842' title='bbox 1422 5829 1624 5903; x_wconf 70' lang='lat' dir='ltr'><strong>Pelagii</strong></span> <span class='ocrx_word' id='word_1_843' title='bbox 1665 5847 1788 5887; x_wconf 81' lang='lat' dir='ltr'><strong>ver-</strong></span> 
     </span>
    </p>
   </div>
   <div class='ocr_carea' id='block_1_117' title="bbox 1899 5555 3466 5628">
    <p class='ocr_par' dir='ltr' id='par_1_117' title="bbox 1899 5555 3466 5628">
     <span class='ocr_line' id='line_1_118' title="bbox 1899 5555 3466 5628; baseline 0.003 -20"><span class='ocrx_word' id='word_1_844' title='bbox 1899 5557 2093 5623; x_wconf 87' lang='lat' dir='ltr'><strong>capitis</strong></span> <span class='ocrx_word' id='word_1_845' title='bbox 2140 5555 2193 5628; x_wconf 81' lang='lat' dir='ltr'><strong>in</strong></span> <span class='ocrx_word' id='word_1_846' title='bbox 2228 5570 2359 5609; x_wconf 89' lang='lat' dir='ltr'><strong>mss.</strong></span> <span class='ocrx_word' id='word_1_847' title='bbox 2411 5555 2650 5628; x_wconf 89' lang='lat' dir='ltr'><strong>Colbert.</strong></span> <span class='ocrx_word' id='word_1_848' title='bbox 2687 5557 2936 5628; x_wconf 82' lang='lat' dir='ltr'><strong>duobus,</strong></span> <span class='ocrx_word' id='word_1_849' title='bbox 2989 5561 3284 5628; x_wconf 77' lang='lat' dir='ltr'><strong>respondet</strong></span> <span class='ocrx_word' id='word_1_850' title='bbox 3313 5560 3466 5613; x_wconf 80' lang='lat' dir='ltr'><strong>Pela-</strong></span> 
     </span>
    </p>
   </div>
   <div class='ocr_carea' id='block_1_118' title="bbox 1899 5623 3470 5715">
    <p class='ocr_par' dir='ltr' id='par_1_118' title="bbox 1899 5623 3470 5715">
     <span class='ocr_line' id='line_1_119' title="bbox 1899 5623 3470 5715; baseline 0 0"><span class='ocrx_word' id='word_1_851' title='bbox 1899 5623 3102 5715; x_wconf 55' lang='grc' dir='ltr'><strong>63591³ἷῖ-..ΨίῗζιῗνὲθὶίίήίεἶελεῖογΞτεβῖ</strong></span> <span class='ocrx_word' id='word_1_852' title='bbox 3156 5627 3250 5715; x_wconf 63' lang='grc' dir='ltr'><strong>τοῦ</strong></span> <span class='ocrx_word' id='word_1_853' title='bbox 3326 5629 3470 5715; x_wconf 56' lang='lat' dir='ltr'><strong>We</strong></span> 
     </span>
    </p>
   </div>
   <div class='ocr_carea' id='block_1_119' title="bbox 1926 5691 3470 5774">
    <p class='ocr_par' dir='ltr' id='par_1_119' title="bbox 1926 5691 3470 5774">
     <span class='ocr_line' id='line_1_120' title="bbox 1926 5691 3470 5774; baseline 0.008 -31"><span class='ocrx_word' id='word_1_854' title='bbox 1926 5691 2204 5762; x_wconf 75' lang='grc' dir='ltr'>Ολυμπίου</span> <span class='ocrx_word' id='word_1_855' title='bbox 2257 5691 2336 5755; x_wconf 83' lang='grc' dir='ltr'><strong>εἰς</strong></span> <span class='ocrx_word' id='word_1_856' title='bbox 2385 5695 2604 5765; x_wconf 81' lang='grc' dir='ltr'>Σκῆτιν,</span> <span class='ocrx_word' id='word_1_857' title='bbox 2657 5698 2740 5751; x_wconf 87' lang='grc' dir='ltr'>ὅτι</span> <span class='ocrx_word' id='word_1_858' title='bbox 2802 5691 2908 5752; x_wconf 72' lang='grc' dir='ltr'>άπὸ</span> <span class='ocrx_word' id='word_1_859' title='bbox 2962 5691 3165 5753; x_wconf 77' lang='grc' dir='ltr'>δούλων</span> <span class='ocrx_word' id='word_1_860' title='bbox 3217 5692 3317 5774; x_wconf 80' lang='grc' dir='ltr'>ἧν,</span> <span class='ocrx_word' id='word_1_861' title='bbox 3376 5703 3470 5755; x_wconf 77' lang='grc' dir='ltr'>καὶ</span> 
     </span>
    </p>
   </div>
   <div class='ocr_carea' id='block_1_120' title="bbox 1897 5762 2661 5902">
    <p class='ocr_par' dir='ltr' id='par_1_120' title="bbox 1897 5762 2661 5902">
     <span class='ocr_line' id='line_1_121' title="bbox 1897 5762 2496 5831; baseline 0.01 -20"><span class='ocrx_word' id='word_1_862' title='bbox 1897 5762 2112 5831; x_wconf 72' lang='grc' dir='ltr'>ἡρχετο.</span> <span class='ocrx_word' id='word_1_863' title='bbox 2487 5762 2496 5765; x_wconf 46' lang='grc'>⁷</span> 
     </span>
     <span class='ocr_line' id='line_1_122' title="bbox 1966 5830 2661 5902; baseline 0.003 -15"><span class='ocrx_word' id='word_1_864' title='bbox 1966 5831 2078 5902; x_wconf 71' lang='lat'><strong>(5|)</strong></span> <span class='ocrx_word' id='word_1_865' title='bbox 2121 5830 2228 5887; x_wconf 52' lang='lat' dir='ltr'><strong>Vt&quot;.</strong></span> <span class='ocrx_word' id='word_1_866' title='bbox 2259 5830 2414 5891; x_wconf 82' lang='lat' dir='ltr'><strong>Patr.</strong></span> <span class='ocrx_word' id='word_1_867' title='bbox 2453 5847 2542 5900; x_wconf 69' lang='grc' dir='ltr'>ιγ,</span> <span class='ocrx_word' id='word_1_868' title='bbox 2573 5833 2661 5889; x_wconf 67' lang='grc'>51.</span> 
     </span>
    </p>
   </div>
  </div>
