3982 6336
405 393 514 450 503

1575 377 1927 434 APPENDIX
1967 376 2058 432 AD
2098 375 2519 434 PALLADIUM.

3549 377 3661 433 50’.

404 506 642 567 dilecte,
693 501 736 556 si
767 498 931 554 fuerit
962 498 1134 553 scissa
1179 501 1314 553 laena
1352 504 1464 561 tua,
1507 494 1810 566 projicisne
1859 507 1978 548 eam

2096 494 2219 547 Ξίπέ
2257 512 2386 566 μοι,
2437 493 2688 564 ἁγαπητέ
2713 511 2725 524 ·
2759 493 2854 547 ἐὰν
2907 492 3100 565 σχισθῇ
3137 509 3228 546 σου
3263 491 3324 546 τὸ
3369 492 3662 564 χλανίδιον,

405 593 598 649 foras?
619 590 924 661 Respondit
951 608 964 643 :
996 588 1399 658 Nequaquam,
1427 586 1520 642 sed
1553 601 1782 649 c<msuo,
1817 591 1982 654 atque

406 685 500 740 illa
539 681 853 738 utor."‘Tum
904 695 1068 736 senex
1099 698 1110 732 :
1144 678 1278 732 Cum
1313 693 1442 749 ergo
1476 684 1532 732 tu
1571 691 1764 748 parcas
1816 676 1977 743 vesti,

405 777 550 833 Deus
576 784 844 832 creatura:
873 788 985 829 suae
1017 788 1126 828 non
1165 779 1350 842 parcet
1375 771 1398 824 ?

784 972 858 1027 De
883 972 1068 1026 abbate
1099 971 1283 1025 Marco
1316 969 1604 1042 'zEgyptio.

480 1067 593 1138 (52)
626 1064 1000 1121 Memorabant
1031 1065 1109 1119 sic
1130 1063 1206 1118 .de
1248 1063 1444 1118 abbate
1488 1061 1669 1117 Marco
1694 1059 1979 1134 .Egyptio:

407 1159 661 1230 Triginta
699 1173 875 1213 annos
906 1156 1300 1228 perseveravit,
1333 1171 1443 1209 non
1474 1155 1763 1226 egrediens
1791 1170 1822 1210 e
1848 1157 1984 1211 cella

409 1267 531 1308 sua.
567 1250 790 1306 Solebat
814 1261 993 1305 autem
1030 1249 1317 1320 presbyter
1347 1247 1646 1312 venirevac
1675 1247 1724 1301 ei
1757 1249 1982 1303 missam

408 1344 710 1399 celebrare.
745 1343 815 1395 At
844 1342 1094 1396 diabolus
1121 1356 1354 1394 cernens
1386 1340 1701 1409 praeclaram
1754 1341 1851 1395 viri
1889 1357 1986 1410 .pa-

409 1433 681 1498 tientiarn,
713 1439 898 1488 aStutc
931 1431 1264 1501 excogitavit
1311 1439 1524 1486 tentare
1557 1431 1708 1485 illum
1765 1431 1820 1486 in
1855 1448 1988 1487 con-

410 1521 784 1578 demnationis
818 1521 975 1575 vitio.
1004 1519 1192 1590 Itaque
1221 1519 1401 1575 effecit
1435 1527 1492 1573 ut
1525 1520 1748 1590 quidam
1796 1535 1827 1574 a
1876 1521 1989 1592 spi-

409 1615 520 1682 ritu
558 1612 839 1668 immundo
891 1611 1128 1681 agitatus
1173 1610 1240 1664 ad
1281 1626 1467 1666 senem
1524 1619 1819 1682 pergeret,
1887 1612 1990 1667 sub

409 1711 678 1775 pcmtextu
713 1701 997 1756 orationis.
1054 1699 1228 1755 Porro
1273 1701 1362 1754 ille
1394 1717 1816 1772 energumenus,
1862 1711 1989 1760 ante

2086 587 2301 658 βάλλεις
2344 584 2502 639 τοῦτο
2549 584 2691 652 Egeo;
2732 585 2925 654 Λέγει·
2961 584 3036 638 Οὔ
3061 601 3075 614 ·
3114 583 3249 638 ἀλλὰ
3283 584 3473 656 ράπτω
3505 585 3663 647 αὐτὸ,

2083 680 2178 732 καλ.
2199 678 2417 749 χρῶμαι
2445 675 2612 748 αύτῷ.
2642 676 2804 744 Λέγει
2831 676 2968 747 πρὸς
2989 675 3152 729 αὑτὸν
3189 676 3218 728 6
3249 675 3447 749 γέρων·
3483 676 3546 729 Εί
3569 671 3668 732 οὖν

2086 772 2150 824 σὺ
2178 769 2272 823 τοῦ
2329 769 2542 841 ίματίου
2578 769 2768 842 φείδῃ,
2811 771 2840 823 6
2871 768 3002 832 Θεὸς
3046 768 3142 822 τοῦ
3183 768 3315 822 ίδίου
3348 768 3669 840 πλάσματος

2083 858 2144 911 οὐ
2182 857 2425 927 φείσεται
2450 875 2465 925 ;

2260 973 2403 1042 Περὶ
2431 972 2537 1028 τοῦ
2559 971 2709 1028 ἀϐϐᾱ
2732 971 2977 1041 Μάρκου
3005 971 3112 1026 τοῦ
3137 972 3482 1041 Αἰγυπτίου.

2157 1061 2385 1131 Ἔλεγον
2421 1062 2548 1134 περὶ
2595 1061 2688 1114 τοῦ
2735 1061 2880 1115 άεὸἆ
2926 1062 3155 1132 Μάρκου
3205 1061 3300 1114 τοῦ
3339 1061 3665 1129 Λίγυπτίον,

2081 1153 2162 1206 ὅτι
2195 1153 2377 1224 ἔμεινε
2422 1153 2716 1225 τριάκοντα
2749 1153 2842 1223 ἔτη
2867 1194 2882 1217 ,
2919 1153 2992 1224 μὴ
3048 1152 3404 1223 ἐξερχόμενος
3459 1154 3523 1205 ἐκ
3566 1151 3666 1207 τοῦ

2085 1243 2297 1297 κελλίου
2327 1243 2514 1298 αὐτοῦ.
2547 1237 2675 1314 Εἶχε
2701 1243 2757 1295 δὲ
2781 1242 2899 1306 ἔθος
2931 1246 2960 1296 6
2988 1242 3356 1314 πρεσϐύτερος
3382 1243 3663 1315 ἔρχεσθαι,

2084 1335 2180 1388 καὶ
2202 1337 2374 1388 ποιεῖν
2407 1335 2556 1405 αὐτῷ
2582 1334 2682 1405 τὴν
2710 1335 2872 1403 άγίαν
2911 1335 3246 1406 προσφοράν.
3311 1335 3369 1388 '0
3392 1335 3448 1388 δέ
3477 1334 3667 1388 διάϐο-

2085 1427 2208 1492 λος,
2243 1426 2523 1497 θεωρήσας
2554 1427 2652 1498 τὴν
2698 1426 2792 1480 τοῦ
2846 1427 3036 1498 ἀνδρὸς
3070 1428 3322 1499 ἐνάρετον
3361 1426 3664 1499 ὑπομονὴν,

2086 1518 2560 1590 ἐπανουργεύσατο
2605 1521 2662 1572 ἐν
2693 1519 3016 1590 κατακρίσει
3045 1519 3302 1590 πειράσαι
3333 1518 3494 1571 αὐτόν
3515 1534 3528 1547 ·
3572 1520 3669 1570 καὶ

2087 1610 2469 1682 παρεσκεύασέ
2515 1629 2638 1665 τινα
2668 1611 3084 1682 πνευματιῶντα
3103 1652 3120 1678 ,
3153 1611 3289 1683 πρὸς
3315 1611 3404 1663 τὸν
3433 1611 3669 1682 γέροντα

2089 1703 2360 1774 προφάσει
2416 1703 2582 1773 εὐχῆς
2636 1702 2910 1757 ἀπελθεῖν.
2971 1701 3028 1756 '0
3071 1701 3128 1754 δὲ
3176 1701 3524 1773 πνευματιῶν
3559 1700 3670 1771 πρὸ

411 1809 626 1850 omnem
663 1807 996 1855 sermonem,
1035 1791 1307 1845 clamabat
1335 1792 1451 1846 seni
1483 1813 1495 1845 :
1532 1791 1824 1864 Presbyter
1857 1803 1986 1852 tuus

2096 1793 2294 1856 παντὸς
2319 1793 2477 1862 λόγου
2512 1793 2854 1864 προσεφώνει
2887 1793 2965 1864 τῷ
3003 1795 3247 1865 γέροντι·
3279 1794 3339 1848 'O
3365 1793 3672 1863 πρεσϐύτε-

412 1887 581 1940 habet
619 1883 842 1939 odorem
897 1883 1142 1952 peccati;
1204 1897 1313 1935 non
1355 1883 1590 1952 amplius
1654 1885 1804 1940 sinas
1859 1903 1984 1941 eum

2096 1884 2183 1954 ρός
2218 1899 2311 1938 σου
2341 1884 2454 1954 ἔχει
2501 1884 2674 1956 ὀσμὴν
2717 1885 3017 1957 ἁμαρτίας,
3051 1884 3246 1956 μηκέτι
3295 1885 3457 1938 αὐτὸν
3498 1887 3674 1959 ἐάσῃς

412 1976 676 2031 accedere
708 1975 775 2029 ad
805 1984 876 2029 te.
903 1974 973 2026 At
1002 1973 1084 2026 vir
1131 1988 1160 2025 a
1193 1971 1304 2027 Deo
1344 1974 1645 2044 inspiratus
1675 1975 1792 2030 infit
1821 1996 1832 2030 :
1861 1977 1983 2041 Fili,

411 2081 606 2120 omnes
646 2063 1024 2131 impuritatem
1058 2067 1212 2114 extra
1246 2059 1587 2129 projiciunt;
1634 2069 1695 2115 tu
1740 2077 1868 2118 vero
1919 2062 1988 2117 ad

413 2171 502 2210 me
537 2153 770 2208 attulisti
802 2167 943 2206 eam.
981 2149 1183 2204 Verum
1223 2150 1523 2221 Scriptura:
1568 2168 1668 2207 vox
1705 2163 1828 2209 est:
1875 2153 1984 2208 Νο-

415 2247 510 2300 lite
525 2243 794 2314 judicare,
813 2252 862 2297 et
881 2259 980 2295 non
1010 2241 1384 2312 judicabimini
1414 2243 1476 2296 ”.
1511 2242 1713 2299 Tamen
1737 2247 1989 2315 quamvis

415 2346 674 2409 peccator
695 2338 790 2403 sit,
819 2335 1084 2390 Dominus
1114 2335 1326 2389 salvum
1348 2334 1511 2390 faciet
1535 2351 1679 2391 eum.
1713 2335 1988 2407 Scriptum

414 2431 673 2486 cst-cnim
702 2446 714 2482 :
758 2427 922 2482 Orate
954 2441 1048 2494 pro
1076 2426 1317 2490 invicem,
1349 2435 1403 2478 ut
1443 2426 1718 2480 salvemiui
1747 2429 1809 2481 ιτ.
1859 2428 1990 2484 Post

415 2538 576 2592 quem
611 2535 919 2576 sermonem
960 2518 1102 2572 facta
1144 2533 1307 2588 prece
1335 2518 1638 2574 daemonem
1675 2519 1882 2589 fugavit
1922 2522 1989 2576 ab

417 2612 657 2677 homine,
716 2610 1035 2678 dimisitque
1101 2625 1225 2665 eum
1283 2625 1501 2666 sanum.
1560 2609 1638 2665 Ut
1689 2622 1868 2666 autem
1922 2613 1992 2669 de

417 2719 569 2758 more
599 2702 748 2758 venit
800 2701 1106 2772 presbyter,
1167 2717 1331 2756 senex
1381 2702 1625 2772 suscepit
1679 2703 1830 2757 illum
1863 2719 1990 2757 cum

415 2797 626 2853 lzetitia.
677 2797 867 2850 Bonus
903 2809 1032 2848 vero
1064 2793 1230 2860 Deus,
1279 2809 1514 2850 cernens
1550 2793 1697 2848 senis
1731 2794 1993 2849 innocen-

415 2890 570 2954 tiam,
607 2886 850 2944 ostendit
882 2887 959 2940 illi
989 2885 1229 2956 signum.
1262 2885 1398 2941 Nam
1429 2902 1551 2941 cum
1588 2887 1826 2942 clericus
1851 2888 1992 2956 jam-

412 2984 526 3051 jam
553 2990 799 3037 staturus
822 2988 968 3035 esset
993 2987 1119 3034 ante
1141 2993 1354 3034 sacram
1383 2993 1650 3044 mensam,
1677 2977 1823 3040 Vidi,
1857 2979 1994 3032 dixit

418 3086 533 3127 rem
569 3085 839 3124 euarrans
871 3083 1060 3131 senex,
1107 3069 1359 3137 angelum
1395 3067 1608 3121 Domini
1660 3067 1994 3124 descenden~

2090 1980 2349 2033 εἰσελθεῖν
2380 1979 2516 2051 πρὸς
2543 1980 2624 2033 σέ.
2668 1981 2726 2034 Ὀ
2757 1981 2814 2033 δέ
2837 1980 3190 2042 θεόπνευστος
3216 1979 3352 2050 ἀνὴρ
3379 1975 3498 2033 εἷπε
3531 1980 3671 2050 πρὸς
3785 2019 3792 2023 -

2089 2071 2250 2124 αὐτόν
2274 2087 2290 2102 ο
2340 2071 2541 2125 Τέκνον
2567 2111 2581 2135 ,
2636 2073 2833 2135 πάντες
2872 2073 2970 2142 τὴν
3010 2071 3348 2141 ἀκαθαρσίαν
3384 2071 3489 2136 ἔξω
3535 2071 3670 2142 βάλ·

2089 2159 2240 2212 λουσι
2267 2173 2282 2190 ⁸
2320 2160 2384 2213 σὺ
2409 2160 2465 2213 δὲ
2494 2160 2628 2232 πρὸς
2672 2160 2738 2231 μὲ
2769 2162 3004 2231 ἤνεγκας
3044 2163 3230 2232 αὑτήν.
3281 2161 3438 2214 Ἀλλά
3468 2162 3673 2233 γέγρα-

2091 2267 2251 2304 πται·
2285 2249 2381 2316 Μὴ
2413 2252 2643 2319 κρίνετε
2664 2292 2677 2313 ,
2709 2251 2812 2304 ἵνα
2838 2252 2920 2320 μὴ
2961 2251 3216 2321 κριθῆτε.
3253 2253 3440 2322 Ὅμως
3482 2254 3530 2304 εί
3577 2252 3672 2304 καὶ

2091 2340 2412 2411 ἁμαρτωλός
2435 2341 2582 2393 ἐστιν
2602 2381 2616 2406 ,
2641 2341 2670 2392 6
2697 2340 2900 2411 Κύριος
2932 2342 3093 2394 σώσει
3135 2343 3317 2395 αὑτὸν.
3352 2342 3672 2412 Γέγραπται

2091 2432 2200 2504 γάρ
2224 2449 2236 2460 ·
2269 2433 2540 2501 Εὕχεσθε
2573 2432 2721 2501 ὑπὲρ
2749 2433 3058 2500 ἀλλήλων,
3096 2433 3256 2498 ὅπως
3289 2432 3509 2500 ἰαθῆτε.
3560 2435 3674 2486 Καὶ

2093 2524 2186 2576 ἐπὶ
2218 2524 2294 2594 τῷ
2321 2523 2465 2594 λόγῳ
2501 2523 2675 2595 τούτῳ
2712 2526 2944 2595 ποιήσας
2979 2524 3140 2595 εὐχὴν
3164 2564 3178 2588 ,
3216 2525 3542 2594 ἐφυγάδευσε
3579 2526 3676 2578 τὸν

2092 2615 2317 2686 δαίμονα
2343 2615 2450 2667 άπὸ
2469 2613 2562 2667 τοῦ
2591 2613 2900 2684 ἀνθρώπου,
2929 2615 3022 2667 καὶ
3047 2613 3310 2667 ἀπέλυσεν
3336 2615 3496 2667 αὑτὸν
3518 2615 3671 2686 ὑγιῆ.

2106 2708 2192 2769 Ὠς
2229 2707 2285 2759 δέ
2314 2701 2476 2777 ἦλθεν
2506 2707 2534 2758 6
2577 2705 2946 2776 πρεσϐύτερος
2977 2704 3120 2759 κατὰ
3172 2705 3233 2758 τὸ
3287 2705 3477 2770 εἰωθὸς
3499 2746 3514 2771 ,
3568 2708 3676 2758 ὑπ-

2097 2798 2316 2863 εδέξατο
2348 2796 2510 2852 αὑτὸν
2568 2799 2597 2850 6
2647 2797 2823 2868 γέρων
2873 2796 3009 2869 μετὰ
3041 2797 3232 2868 χαρᾶς.
3275 2799 3333 2851 '0
3365 2797 3422 2850 δὲ
3469 2797 3677 2865 ἀγαθὸς

2094 2889 2223 2952 Θεὸς
2245 2929 2261 2953 ,
2300 2887 2422 2942 ίδὼν
2463 2887 2564 2959 τὴν
2590 2888 2830 2942 ἀκακίαν
2852 2888 2945 2941 τοῦ
2973 2888 3226 2958 γέροντος
3243 2930 3256 2952 ,
3280 2887 3480 2952 ἔδειξεν
3523 2886 3676 2958 αὐτῷ

2098 2983 2340 3051 σημεῖον.
2373 2979 2672 3043 Μέλλοντος
2701 2978 2809 3049 γὰρ
2837 2978 2930 3032 τοῦ
2960 2977 3223 3052 κληρικοῦ
3255 2979 3444 3050 στῆναι
3465 2978 3676 3050 ἐμπρο-

2098 3067 2220 3123 σθεν
2269 3069 2368 3139 τῆς
2425 3069 2588 3135 ἁγίας
2637 3067 2949 3139 τραπέζης,
2984 3067 3165 3132 καθὼς
3197 3070 3226 3121 6
3272 3069 3451 3141 γέρων
3483 3069 3678 3140 διηγή-

421 3173 529 3215 tem
561 3161 629 3215 de
660 3161 820 3223 cmlo,
846 3159 942 3228 qui
980 3173 1200 3211 manum
1238 3173 1391 3212 suam
1423 3157 1604 3226 posuit
1633 3173 1799 3227 super
1830 3168 1991 3227 caput

2099 3178 2248 3224 σατο,
2282 3161 2366 3214 ὅτι
2395 3155 2548 3215 Εἶδον
2581 3161 2808 3230 ἄγγελον
2836 3161 3039 3231 Κυρίου
3071 3164 3135 3216 ἐκ
3155 3161 3247 3214 τοῦ
3275 3161 3505 3232 οὐρανοῦ
3535 3179 3676 3216 κατ-

425 3252 611 3305 clerici
643 3291 656 3313 ,
697 3250 982 3318 factusque
1020 3257 1103 3303 est
1136 3249 1369 3303 clericus
1428 3257 1685 3318 tanquam
1738 3250 1994 3304 columna

421 3342 586 3413 ignis.
625 3340 708 3396 Me
753 3348 939 3394 autem
993 3338 1380 3408 obstupefacto
1433 3340 1487 3392 in
1533 3340 1766 3406 visione,
1813 3342 1994 3397 audivi

417 3446 607 3486 vocem
645 3431 712 3485 ad
749 3445 836 3485 me
885 3429 1143 3484 emissam
1173 3447 1186 3482 :
1239 3429 1436 3495 llomo,
1471 3445 1570 3484 cur
1600 3431 1902 3487 demiratus
1935 3449 1995 3489 es

421 3527 588 3593 super
620 3523 724 3576 hac
755 3537 814 3576 re
841 3520 864 3574 ?
896 3519 952 3574 Si
980 3522 1124 3574 enim
1158 3537 1247 3575 rex
1279 3532 1531 3578 terrenus
1556 3539 1664 3578 non
1696 3526 1996 3596 permissu-

432 3631 528 3670 rus
560 3621 644 3670 est
672 3621 730 3668 ut
776 3627 1034 3684 proceres
1080 3614 1165 3668 sui
1213 3621 1339 3669 ante
1376 3630 1498 3669 eum
1572 3625 1716 3672 stent
1763 3619 1992 3684 sordidi,

423 3717 525 3763 nec
561 3706 669 3762 nisi
709 3721 832 3760 cum
874 3706 1046 3760 multa
1088 3707 1261 3777 gloria
1292 3725 1306 3761 :
1367 3715 1571 3776 quanto
1607 3711 1780 3781 magis
1813 3712 1994 3767 divina

420 3799 640 3863 virtus;
675 3812 858 3852 nonne
910 3812 1079 3866 puros
1115 3796 1308 3852 eﬂiciet
1346 3799 1627 3855 ministros
1680 3811 1994 3856 sanctorum

421 3892 831 3962 mysteriorum,
883 3890 975 3959 qui
1025 3898 1173 3942 stant
1225 3898 1352 3944 ante
1407 3890 1631 3960 gloriam
1668 3894 1997 3950 caelestem?

419 3981 590 4053 lgitur
623 3993 923 4050 generosus
980 3986 1034 4032 ct
1082 3978 1284 4031 athleta
1331 3978 1536 4032 Christi
1583 3979 1798 4038 Marcus
1826 3983 1995 4055 Egy-

419 4071 586 4140 ptius,
629 4083 858 4139 magnus
910 4065 1164 4133 effectus,
1229 4067 1332 4122 hoc
1395 4067 1632 4124 donatus
1684 4077 1768 4126 est
1813 4070 1995 4125 chari-

421 4171 614 4225 smate,
638 4160 764 4230 quia
803 4173 913 4214 non
939 4157 1280 4228 judicaverat
1312 4157 1590 4214 clericum.

1517 4341 1640 4356 *κ

808 4446 885 4499 De
927 4447 1114 4499 abbate
1145 4446 1385 4500 Macario
1419 4451 1620 4504 urbico.

2099 3252 2422 3324 ερχόμενον,
2457 3253 2550 3306 καὶ
2579 3251 2743 3321 ἔθηκε
2798 3251 2895 3323 τὴν
2924 3254 3082 3322 χεῖρα
3129 3252 3292 3306 αὑτοῦ
3327 3252 3534 3322 είς.τὴν
3584 3269 3678 3306 κε-

2099 3340 2271 3411 φαλὴν
2309 3338 2405 3392 τοῦ
2459 3340 2756 3410 κληρικοῦ,
2793 3342 2886 3394 καὶ
2939 3341 3156 3410 ἐγένετο
3209 3344 3238 3394 6
3278 3341 3541 3412 κληρικδς
3598 3342 3677 3405 ὡς

2100 3427 2288 3492 σρτύλος
2317 3429 2507 3500 πυρός.
2551 3429 2717 3499 Ἐμοῦ
2744 3431 2799 3484 δὲ
2829 3430 3210 3502 θαυμάσαντος
3239 3432 3329 3484 ἐπὶ
3366 3435 3433 3502 τῇ
3457 3433 3673 3503 ὁράσει,

2098 3521 2306 3590 ηκουσα
2363 3519 2548 3590 φωνῆς
2615 3519 2880 3592 λεγούσης
2939 3522 3074 3593 πρὸς
3111 3523 3206 3591 μέ·
3251 3520 3570 3593 Ἄνθρωπε,
3621 3521 3677 3573 τί

2097 3611 2451 3682 τεθαύμακας
2477 3612 2570 3666 ἐπὶ
2601 3612 2679 3683 τῷ
2712 3612 2999 3683 πράγματι
3029 3613 3200 3684 τούτῳ
3218 3631 3234 3680 ;
3275 3614 3341 3667 Ei
3380 3613 3488 3685 γὰρ
3516 3613 3678 3684 βασι-

2098 3701 2222 3766 λεὺς
2265 3703 2503 3771 ἐπίγειος
2552 3704 2614 3756 οὐ
2647 3704 2722 3774 μὴ
2769 3705 2905 3777 ἐάσῃ
2951 3705 3076 3768 τοὺς
3134 3707 3464 3774 μεγιστᾶνας
3504 3705 3675 3759 αὑτοῦ

2100 3795 2376 3865 ῥυπαροὺς
2407 3795 2596 3866 στῆναι
2629 3794 2936 3866 ἔμπροσθεν
2966 3796 3154 3860 αὑτοῦ,
3181 3797 3275 3850 ἐὰν
3305 3798 3379 3870 μὴ
3417 3797 3552 3868 μετὰ
3585 3797 3673 3850 δό-

2099 3887 2196 3957 ξης
2220 3886 2416 3957 πολλῆς
2439 3901 2451 3916 ·
2483 3885 2634 3956 πόσῳ
2665 3887 2864 3956 μᾶλλον
2900 3887 3073 3958 ήθεία
3107 3887 3336 3960 δύναμις
3359 3903 3373 3918 ·
3411 3889 3472 3941 οὐ
3499 3889 3540 3920 ⁸⁸
3577 3906 3678 3941 κα-

2099 3979 2311 4050 θαρίσει
2367 3979 2494 4043 τοὺς
2545 3977 2889 4050 λειτουργοὺς
2941 3979 3052 4032 τῶν
3104 3980 3274 4048 ἁγίων
3333 3982 3676 4051 μυστηρίων,

2099 4073 2400 4141 στήκοντας
2421 4070 2726 4142 ἔμπροσθεν
2749 4073 2847 4143 τῆς
2874 4073 3124 4144 οὐρανίου
3157 4073 3350 4144 δόξηςς
3382 4074 3442 4126 '0
3465 4073 3523 4126 δὲ
3553 4091 3678 4140 γεν-

2099 4165 2246 4226 ναῖος
2283 4163 2378 4216 καὶ
2403 4161 2638 4234 ἀθλητὴς
2669 4161 2762 4214 τοῦ
2797 4162 3035 4234 Χριστοῦ
3055 4163 3280 4234 Μάρκος
3303 4163 3336 4214 6
3352 4161 3673 4230 Λίγύπτιος,

2100 4254 2272 4324 μέγας
2294 4254 2583 4326 γενόμενος
2603 4295 2617 4318 ,
2640 4253 2950 4326 κατηξιώθη
2976 4253 3068 4308 τοῦ
3095 4254 3432 4326 χαρίσματος
3454 4253 3673 4321 τούτου,

2097 4347 2178 4398 ὃτι
2205 4345 2264 4398 ού
2305 4345 2592 4416 κατέκρινε
2619 4347 2710 4399 τὸν
2743 4346 3020 4418 κληρικόν.

2238 4457 2377 4526 Περὶ
2403 4457 2511 4511 τοῦ
2538 4459 2688 4514 ἀϐὄᾶ
2718 4461 3022 4529 Μακαρίου
3063 4461 3170 4516 τοῦ
3198 4461 3530 4516 πολιτικοῦ.

465 4537 545 4590 fl.
587 4533 737 4590 Abiit
783 4535 1082 4606 aliquando
1119 4536 1291 4591 abbas
1343 4536 1631 4604 Macarius,
1677 4541 1768 4596 ille
1818 4543 1987 4608 urbis,

2163 4547 2232 4600 α’.
2281 4548 2516 4618 Ἀπῆλθέ
2561 4567 2691 4603 ποτε
2733 4553 2762 4604 6
2808 4551 2983 4616 άϐσᾶς
3014 4553 3300 4625 Μακάριος
3337 4555 3365 4606 6
3395 4552 3674 4618 πολιτικὸς

421 4625 788 4684 adsecandos
833 4627 1140 4697 palmarum
1178 4641 1398 4693 ramos,
1447 4636 1714 4699 erantque
1756 4649 1880 4687 eum
1925 4650 1992 4688 eo

419 4721 622 4780 fratres
657 4761 673 4788 ,
704 4722 792 4792 qui
826 4720 1003 4792 primo
1027 4719 1115 4774 die
1149 4719 1337 4774 dicunt
1365 4719 1415 4774 ei
1442 4738 1456 4774 :
1487 4719 1643 4786 Veni,
1666 4721 1861 4789 Pater,
1894 4741 1994 4780 no-

421 4814 634 4868 biscum
685 4812 932 4868 comede.
993 4810 1284 4868 Profectus
1344 4813 1436 4868 ille
1475 4813 1734 4868 comedit.
1789 4815 1988 4872 lterum

420 4904 661 4960 secundo
689 4903 777 4959 die
809 4902 954 4958 idem
989 4910 1200 4973 rogant.
1229 4903 1297 4956 At
1325 4904 1523 4969 noluit,
1556 4906 1648 4960 sed
1676 4910 1987 4977 respondit:

429 4993 596 5052 Vobis
652 4995 772 5059 ﬁlii,
807 5011 1036 5050 necesse
1075 5003 1248 5050 estut
1284 4997 1470 5052 cibum
1513 5001 1778 5067 sumatis;
1810 5003 1991 5060 adhuc

416 5085 562 5139 enim
594 5099 724 5140 caro
763 5086 899 5139 estis
929 5102 943 5150 ;
986 5099 1085 5155 ego
1125 5101 1254 5140 vero
1284 5103 1430 5141 nunc
1460 5089 1588 5143 nolo
1635 5092 1984 5149 manducare.

485 5262 539 5314 2.
573 5261 724 5316 Adiit
777 5263 949 5318 abbas
1007 5263 1277 5320 Macarius
1330 5267 1576 5324 abbatem
1634 5270 1986 5330 Pachomium

411 5351 906 5406 Tabenesiotarum
953 5356 1318 5422 prmposilum.
1371 5355 1471 5422 Qui
1508 5359 1587 5412 sic
1637 5371 1986 5429 percontatus

411 5448 497 5493 est
531 5454 695 5493 eum:
725 5439 962 5504 Quando
991 5440 1189 5496 fratres
1240 5443 1546 5514 disciplinae
1584 5445 1830 5502 ordinem
1874 5465 1982 5504 non

2094 4641 2256 4710 κόψαι
2291 4639 2503 4707 θαλλία,
2541 4643 2634 4697 καὶ
2661 4644 2709 4696 oi
2737 4644 2954 4714 ἀδελφοὶ
2982 4645 3097 4715 μετ’
3130 4643 3313 4700 αὐτοῦ.
3345 4645 3456 4700 Καὶ
3479 4645 3670 4716 λέγου-

2096 4749 2178 4786 σιν
2207 4733 2353 4805 αύτῴ
2387 4735 2486 4806 τὴν
2521 4733 2744 4807 πρώτην
2790 4737 3003 4808 ἡμέραν
3026 4753 3039 4766 ‘
3087 4737 3255 4808 Δεῦρο
3276 4778 3290 4802 ,
3350 4737 3491 4806 φάγε
3551 4733 3668 4808 μεθ’

2095 4825 2252 4894 ἡμῶν
2275 4864 2290 4888 ,
2319 4826 2522 4897 Πάτερ.
2565 4827 2622 4880 '0
2649 4827 2705 4880 δὲ
2740 4828 2945 4899 ἀπῆλθε
2997 4831 3090 4882 καὶ
3145 4830 3334 4898 ἔφαγε.
3363 4830 3474 4882 Καὶ
3507 4831 3673 4884 πάλιν

2094 4918 2158 4984 τῇ
2189 4915 2322 4986 ἄλλῃ
2377 4915 2624 4984 λέγουσιν
2673 4917 2822 4988 αὐτῷ
2856 4922 3065 4989 φαγεῖν.
3102 4920 3157 4974 'O
3201 4920 3256 4972 δέ
3308 4921 3408 4972 ούκ
3452 4919 3670 4990 ἤθελεν,

2093 5003 2207 5055 ἀλλ’
2237 5005 2419 5070 ἔλεγεν
2468 5007 2688 5070 αὐτοῖς·
2753 5008 2941 5078 Ὑμεῖς
2997 5009 3185 5080 χρείαν
3241 5009 3392 5080 ἔχετε
3448 5010 3667 5078 φαγεῖν,

2091 5095 2255 5148 τέκνα
2283 5115 2297 5128 ο
2328 5097 2511 5168 ἀκμὴν
2545 5097 2652 5170 γάρ
2689 5099 2822 5171 σάρξ
2863 5101 3015 5152 ἐστεο
3050 5099 3160 5168 ἐγὼ
3207 5101 3262 5154 δὲ
3305 5099 3399 5152 νῦν
3435 5100 3496 5152 οὐ
3528 5099 3669 5154 θέλω

2095 5188 2310 5252 φαγεῖν.

2162 5272 2226 5343 β’.
2263 5275 2577 5347 Παρέϐαλεν
2620 5280 2648 5331 6
2681 5278 2854 5342 ἀὸἦᾶς
2886 5279 3171 5346 Μακάριος
3204 5279 3340 5351 πρὸς
3369 5277 3460 5333 τὸν
3492 5279 3671 5338 άϐὁᾶν

2089 5363 2378 5435 Παχὼμιον
2401 5365 2507 5419 τῶν
2526 5368 2966 5440 Ταϐενησιωτῶν.
2998 5372 3054 5422 '0
3083 5370 3138 5423 δὲ
3162 5369 3452 5441 Παχώμιος
3479 5370 3672 5441 ἠρώτα

2088 5455 2286 5522 αὑτὸν,
2335 5456 2538 5524 λέγων·
2577 5459 2702 5512 Ὅτε
2750 5463 2888 5514 εἰσιν
2934 5461 3153 5531 ἀδελφοὶ
3183 5462 3450 5523 ἄτακτοι,
3502 5461 3670 5514 καλόν

409 5537 652 5591 servant,
709 5529 983 5585 bonumne
1031 5539 1114 5586 est
1163 5533 1443 5604 corripere
1499 5536 1638 5591 eos?
1681 5535 1984 5608 Respondit

2096 5546 2201 5599 ἐστι
2237 5546 2523 5602 παιδεῦσαι
2561 5551 2757 5616 αὐτούς
2783 5569 2798 5621 ;
2832 5552 2996 5622 Λέγει
3026 5529 3175 5626 αύτῷ
3205 5555 3233 5608 6
3263 5551 3436 5614 ὰῦῧᾶς
3468 5550 3664 5606 Μακά-

482 5664 526 5694 ⁸⁶
556 5662 747 5720 Matth.
784 5679 878 5731 vn,
924 5666 975 5720 l.
1056 5668 1098 5699 ⁸⁷
1129 5668 1244 5722 Jac.
1279 5686 1330 5735 v,
1363 5670 1445 5726 16.
1527 5673 1568 5704 ⁸⁸
1607 5673 1772 5738 Abest
1801 5677 1862 5730 οὐ
1885 5678 2079 5736 aBals.

476 5776 585 5851 (52)
619 5776 905 5832 Balsamon
935 5792 989 5847 ιι.
1022 5780 1183 5837 1109.
