3982 6336
202 369 315 427 315

1385 364 1995 422 APOPHTIIEGMATA
2039 359 2347 424 PATRUM.

3353 375 3458 432 διε

203 479 357 536 διατι
393 475 492 531 οὐκ
531 474 755 547 εὔχεσθε
784 476 878 528 καὶ
910 473 1275 548 παρακαλεῖτε
1305 475 1396 530 τὸν
1437 476 1603 545 Θεόν;
1630 478 1791 545 Λέγει

1931 477 2056 532 iam.
2092 480 2180 533 Ait
2219 479 2296 533 illi
2336 493 2502 535 senex
2539 497 2555 534 :
2594 479 2776 546 Quare
2818 497 2929 537 non
2974 481 3205 540 funditis
3248 499 3464 556 preces,

206 569 366 642 αὐτῷ
402 571 430 624 6
466 567 721 638 ἁδελφός⁹
770 567 883 619 Kal.
939 565 1243 637 εὐχόμεθα,
1285 566 1380 620 καὶ
1418 566 1789 639 λιτανεύομεν,

210 664 313 718 καὶ
358 663 418 716 οὐ
463 660 663 732 βρέχει.
703 658 868 727 Λέγει
920 657 1070 729 αὐτῷ
1110 660 1139 711 6
1183 658 1393 730 γέρων·
1430 660 1653 724 Πάντως
1693 662 1793 715 ούκ

212 753 441 824 εὔχεσθε
484 751 737 814 ἐκτενῶς.
778 750 966 815 Θέλεις
995 751 1052 804 δὲ
1086 750 1289 820 γνῶναι
1322 752 1404 804 ὅτι
1436 749 1608 816 οὕτως
1641 754 1791 819 ἐστίς

213 847 329 900 Kal.
367 844 599 911 ἐξέτεινε
630 842 728 907 τὰς
763 844 951 912 χεῖρας
1004 842 1083 906 είς
1129 842 1220 895 τὸν
1263 842 1490 915 οὐρανὸν
1524 845 1581 895 ὲν
1628 860 1796 914 προσ-

214 940 375 1009 ευχῇ,
408 936 505 989 καὶ
553 935 893 1005 παραχρῆμα
930 933 1168 1006 ἔϐρεξεν.
1211 934 1356 988 Ἰδὼν
1388 935 1443 988 δὲ
1496 937 1524 989 6
1571 935 1797 1005 ἀδελφὸς

215 1027 492 1100 ἑφοϐήθη,
535 1028 632 1081 καὶ
684 1025 876 1079 ἔπεσεν
924 1027 1016 1080 ἐπὶ
1050 1026 1360 1099 πρόσωπον,
1391 1028 1486 1081 καὶ
1530 1027 1799 1098 προσεκύ-

213 1136 383 1191 νησεν
425 1119 599 1190 αὐτῷ.
647 1118 709 1172 'O
756 1118 813 1171 δὲ
866 1118 1044 1189 γέρων
1090 1118 1312 1188 ἔφυγεν.
1355 1119 1415 1173 ’0
1464 1118 1521 1171 δὲ
1573 1119 1799 1188 ἁδελφὸς

212 1208 510 1282 ἀνήγγειλε
540 1209 674 1262 πᾶσι
707 1206 769 1261 τὸ
799 1208 1042 1277 γεγονός.
1084 1208 1195 1262 Kal.
1220 1210 1270 1263 oi
1309 1206 1635 1273 ἀκούσαντες
1691 1207 1802 1262 ὲδό-

216 1303 391 1369 ξασαν
432 1300 526 1356 τδν
554 1300 709 1355 Θεόν.

633 1413 774 1483 Περὶ
824 1412 931 1467 τοῦ
970 1412 1120 1471 ἀϐὅᾶ
1148 1414 1395 1470 Ξανθία.

288 1548 360 1598 α’.
402 1536 576 1596 Εἶπεν
622 1540 652 1592 6
702 1538 877 1603 ἀὸὄᾶς
939 1538 1200 1613 Ξανθίας
1245 1538 1305 1593 '0
1350 1536 1555 1610 λῃστὴς
1606 1537 1665 1591 ὲν
1725 1534 1805 1607 τῷ

218 1634 444 1706 σταυρῷ
487 1630 579 1706 ἦν,
638 1632 732 1685 καὶ
787 1630 898 1685 ἀπὸ
956 1630 1115 1699 λόγου
1166 1631 1284 1695 ἑνὸς
1328 1628 1652 1700 ἐδικαιώθη·
1711 1627 1806 1681 καὶ

231 1726 437 1791 Ἰούδας
488 1723 631 1796 μετὰ
665 1722 773 1777 τῶν
830 1721 1140 1776 ἀποστόλων
1195 1719 1670 1792 συνηριθμημένος
1714 1714 1803 1790 ἦν,

1895 582 2059 641 atque
2092 587 2124 626 a
2157 570 2269 626 Deo
2300 571 2564 642 poscitis?
2593 570 2733 627 Tum
2770 572 2940 629 frater
2976 594 2990 629 :
3025 575 3089 630 Et
3122 591 3376 644 oramus,
3410 586 3469 635 et

1896 664 2305 735 supplicamus;
2345 678 2444 719 nec
2488 663 2646 733 pluit.
2692 662 2919 734 Excepit
2958 680 3123 721 senex
3166 685 3182 723 :
3229 667 3469 724 Omnino

1895 770 2006 809 non
2036 754 2210 810 oratis
2240 755 2466 810 intente.
2491 752 2589 809 Vis
2619 762 2799 810 autem
2833 770 3168 826 cognoscere
3213 760 3358 829 quod
3391 760 3469 814 ita

1895 848 2014 902 est?
2056 847 2123 900 Et
2172 847 2417 903 extendit
2469 861 2665 902 manus
2712 845 2783 900 ad
2833 848 3032 902 etelum
3088 849 3144 902 in
3197 851 3465 906 oratione.

1896 941 2309 1011 Confestimque
2352 941 2578 997 defluxit
2620 941 2827 1013 pluvia.
2869 938 3027 1006 Quod
3074 955 3201 995 cum
3240 941 3471 996 vidisset

1898 1034 2090 1097 frater,
2121 1034 2345 1089 territus
2372 1043 2491 1097 est,
2526 1048 2591 1088 ac
2623 1035 2681 1088 in
2714 1032 2910 1088 faciem
2943 1031 3238 1102 prostravit
3270 1046 3349 1098 se,
3379 1046 3473 1087 ve-

1900 1142 2101 1183 nerans
2152 1141 2298 1181 eum.
2348 1125 2418 1179 At
2468 1140 2634 1181 senex
2694 1124 2854 1195 fugit.
2903 1121 3075 1176 Porro
3126 1122 3295 1176 frater
3338 1119 3472 1191 quid

1900 1219 2225 1289 contigisset
2247 1216 2521 1271 nuntiavit
2542 1215 2779 1270 cunctis.
2807 1212 2869 1266 Et
2891 1214 2985 1283 qui
3012 1212 3330 1278 audierunt,
3356 1211 3477 1281 glo-
3592 1245 3599 1251 ο

1901 1312 2256 1367 rillcaverunt
2284 1308 2480 1364 Deum.

2389 1412 2467 1468 De
2505 1412 2694 1468 abbate
2733 1411 2989 1466 Xanthia.

1977 1523 2029 1580 1.
2072 1522 2285 1576 Dictum
2315 1520 2530 1576 abbatis
2554 1518 2808 1572 Xanthia:
2832 1535 2846 1572 :
2873 1515 3038 1570 Latro
3064 1516 3121 1570 in
3147 1528 3314 1569 cruce
3335 1517 3479 1576 erat,

1904 1624 1957 1671 et
1984 1631 2078 1686 per
2101 1628 2269 1668 unum
2296 1612 2520 1668 verbum
2548 1611 2733 1681 justus
2759 1609 2985 1666 effectus
3008 1617 3128 1675 est;
3154 1606 3327 1662 ludas
3353 1620 3482 1659 cum

1907 1706 2174 1778 apostolis
2202 1703 2612 1768 recensebatur,
2641 1709 2695 1758 et
2728 1717 2836 1757 una
2864 1710 3027 1756 nocte
3054 1701 3237 1754 amisit
3263 1711 3483 1752 omnem

220 1819 318 1873 καὶ
344 1787 598 1873 ὲνννύκτὶ
631 1816 730 1886 μιᾷ
774 1813 1023 1868 ἀπώλεσε
1062 1813 1239 1867 πάντα
1407 1787 1677 1880 κάματον,
1712 1787 1806 1863 καὶ

1931 1799 2176 1861 aburem,
2200 1793 2592 1864 descenditque
2614 1808 2644 1848 e
2667 1792 2824 1848 cmlis
2847 1792 2902 1845 in
2930 1791 3226 1845 infernum.
3246 1787 3487 1842 Proinde

221 1911 433 1980 κατέϐη
476 1907 539 1974 ἐξ
576 1907 819 1978 οὐρανῶν
849 1908 928 1969 εἰς
954 1904 1107 1977 ᾅδην.
1151 1904 1243 1957 Διὸ
1283 1903 1473 1975 μηδεὶς
1510 1901 1805 1973 εὐπραγῶν

222 2001 553 2073 καυχάσθω·
604 2000 806 2062 πάντες
851 1997 961 2069 γάρ
1004 1999 1053 2049 οἱ
1103 1994 1422 2058 πεποιθότες
1466 1993 1552 2063 ἐφ’
1593 1993 1808 2055 ἑαυτοῖς

222 2096 441 2150 επεσον.

296 2186 363 2257 β’.
406 2183 603 2254 ’Δνέϐη
630 2182 763 2235 ποτὲ
794 2183 823 2234 6
849 2177 1022 2244 άὸϐᾶς
1047 2175 1280 2241 Ξανθίας
1309 2175 1417 2229 ἀπὸ
1449 2175 1701 2247 Σκήτεως
1728 2173 1809 2237 είς

224 2275 578 2351 Τερενοῦθιν·
622 2272 717 2326 καὶ
757 2272 892 2325 ὅπου
929 2269 1214 2332 κατέλυσε,
1255 2265 1343 2320 διά
1387 2265 1475 2319 τὸν
1509 2266 1676 2318 κόπον
1710 2263 1811 2335 τῆς

223 2366 518 2437 ἀσκήσεως
555 2364 796 2435 ἧνεγκαν
838 2357 986 2429 αύτῷ
1033 2357 1214 2426 ὀλίγον
1255 2352 1417 2410 οἶνον.
1457 2354 1807 2419 Ἀκούσαντες

224 2460 282 2514 δέ
319 2475 468 2522 τινες
514 2458 753 2528 ἤνεγκαν
785 2452 937 2523 αὐτῷ
970 2449 1432 2521 δαιμονιζόμενον.
1460 2448 1572 2502 Kal.
1607 2446 1813 2519 ήρξατο

226 2554 258 2605 ὁ
280 2551 493 2621 δαίμων
520 2547 780 2617 λοιδορεῖν
808 2544 899 2598 τὸν
925 2542 1184 2613 γέρονταο
1215 2540 1362 2611 Πρὸς
1400 2539 1492 2593 τὸν
1532 2538 1814 2608 οἰνοπότην

231 2643 422 2698 τοῦτον
453 2637 724 2709 ἡνέγκατέ
759 2653 846 2708 με.
891 2633 1003 2688 Kal
1029 2636 1058 2687 6
1103 2632 1203 2705 μὲν
1242 2632 1420 2704 γέρων
1468 2632 1571 2685 οὐκ
1623 2630 1816 2702 ἢθελεν

232 2732 398 2788 αὐτὸν
441 2728 725 2783 έκὸαλεῖνο
769 2724 856 2779 διά
894 2724 951 2778 δὲ
995 2724 1087 2776 τδν
1135 2722 1442 2792 ὀνειδισμὸν
1486 2721 1673 2790 ἔλεγε·
1721 2722 1820 2775 Πι-

231 2822 409 2879 στεύω
433 2820 513 2892 τῷ
549 2815 792 2890 Χριστῷ,
839 2816 923 2868 ὅτι
961 2813 1023 2868 ού
1074 2812 1148 2884 μὴ
1195 2812 1401 2865 τελέσω
1448 2810 1508 2865 τὺ
1555 2811 1818 2882 ποτήριον

229 2914 410 2979 τοῦτο,
440 2913 547 2975 ἕως
583 2904 643 2964 οὗ
685 2905 924 2978 ἐξέλθῃς.
965 2905 1078 2959 Ka‘t
1103 2904 1178 2968 ὼς
1214 2902 1417 2975 ήρξατο
1447 2905 1475 2955 ὁ
1500 2901 1679 2973 γέρων
1727 2902 1821 2954 πί-

230 3020 367 3068 νειν,
398 2999 627 3073 ἔκραξεν
652 3000 681 3052 6
707 2995 1130 3067 δαίμων,λέγων
1149 3010 1164 3026 ο
1196 2993 1390 3056 Καίεις
1412 3009 1502 3063 με,
1519 2991 1696 3054 καίεις
1731 3006 1820 3061 με.

230 3096 346 3150 Ka‘t
379 3093 488 3166 πρὸ
525 3090 620 3145 τοῦ
649 3089 887 3152 τελέσαι,
934 3085 1125 3158 ἐξῆλθε
1167 3084 1257 3139 διὰ
1305 3084 1408 3154 τῆς
1457 3083 1680 3155 χάριτος
1727 3081 1822 3135 τοῦ

233 3183 502 3258 Χριστοῦ.

302 3284 377 3348 γ’.
418 3276 483 3331 ’0
535 3277 696 3339 αὐτὸς
747 3269 925 3336 εἴπεν,
970 3271 1052 3324 ὃτι
1091 3268 1149 3321 'O
1187 3267 1333 3322 κύων
1393 3267 1665 3339 κρείσσων
1721 3265 1823 3336 μού

237 3373 388 3427 ιστιο
422 3369 558 3423 διότι
600 3368 696 3421 καὶ
725 3366 947 3434 ἀγάπην
973 3362 1108 3433 ἔχει,
1141 3360 1236 3412 καὶ
1265 3359 1346 3423 εἰς
1384 3358 1566 3430 κρίσιν
1606 3358 1707 3410 οὐκ
1737 3356 1828 3427 ἕρ-

237 3477 415 3533 χεται.

696 3554 864 3627 Ἀρχὴ
893 3553 986 3606 τοῦ
1018 3553 1060 3605 O
1089 3548 1379 3621 στοιχείου.

624 3668 766 3737 Περὶ
794 3667 903 3722 τοῦ
938 3663 1089 3721 ἁὸϐᾶ
1131 3662 1481 3733 Ὀλυμπίου.

314 3789 385 3844 α’.
428 3781 598 3841 Εἶπεν
638 3784 669 3837 6
712 3781 888 3844 ὰ66ἄς
926 3777 1247 3848 Ὀλύμπιος,
1295 3775 1395 3829 ὃτι.
1422 3771 1645 3843 Κατέὸη
1694 3769 1821 3825 ποτὲ

247 3880 433 3954 ἱερεὺς
474 3877 582 3932 τῶν
615 3873 884 3954 Ἐλλήνων
929 3873 1010 3934 είς
1050 3869 1270 3940 Σκῆτιν,
1299 3866 1394 3920 καὶ
1439 3861 1603 3937 ἦλθεν
1661 3864 1740 3926 είς
1773 3861 1835 3914 τὸ

245 3952 461 4029 κελλίον
485 3987 611 4041 μου,
639 3967 735 4022 καὶ
767 3952 1037 4036 ἐκοιμήθη
1057 3979 1073 3993 ο
1105 3961 1201 4016 καὶ
1235 3958 1571 4029 θεασάμενος
1598 3955 1696 4025 τὴν
1722 3953 1837 4006 δια-

244 4064 436 4134 γωγὴν
484 4061 593 4113 τῶν
646 4056 916 4130 μοναχῶν,
950 4054 1100 4122 λέγει
1135 4066 1257 4123 μοι·
1290 4048 1477 4112 Οὕτως
1526 4046 1831 4114 διάγοντες,

425 4153 681 4221 θεωρεῖτε
706 4148 856 4219 παρά
882 4145 959 4217 τῷ
984 4143 1102 4215 Θεῷ
1129 4141 1318 4215 ὐμῶνς
1344 4140 1456 4194 Kal.
1486 4137 1630 4206 λέγω
1652 4133 1801 4205 αὐτῷ
1818 4150 1832 4164 ·

247 4244 405 4315 Οὐχί.
438 4242 554 4296 Kal.
587 4239 737 4308 λέγει
783 4255 874 4309 μοι
914 4239 944 4290 6
987 4233 1196 4306 ἱερεύς*
1242 4232 1393 4293 Τέως
1434 4227 1592 4299 ἡμῶν
1626 4227 1838 4296 ἱερουρ-

249 4338 495 4406 γούντων
538 4333 619 4405 τῷ
668 4331 789 4402 Θεῷ
832 4328 1010 4401 ἡμῶν,
1052 4326 1204 4380 οὐδὲν
1247 4322 1480 4394 κρύπτει
1520 4319 1614 4389 ἀφ’
1654 4316 1835 4388 ήμῶν,

250 4427 391 4482 ἀλλὰ
435 4422 814 4479 ἀποκαλύπτει
874 4420 1008 4490 ήμῖν
1043 4415 1116 4470 τά
1166 4413 1440 4486 μυστήρια
1494 4406 1693 4464 αὐτοῦ·
1740 4405 1836 4460 καὶ

1908 1905 2069 1946 nemo
2091 1890 2147 1943 in
2170 1887 2299 1942 boni
2323 1887 2508 1957 operis
2535 1883 2795 1939 felicitate
2818 1882 3173 1945 constitutus,
3197 1880 3485 1951 glorietur.

1907 1982 2113 2038 Omnes
2138 1981 2286 2037 enim
2316 1979 2408 2050 qui
2434 1975 2779 2032 confiderunt
2804 1973 2859 2028 in
2886 1972 3218 2045 semetipsis,
3245 1971 3488 2042 prolapsi

1908 2081 2058 2129 sunt.

1977 2166 2034 2219 2.
2074 2162 2339 2220 Ascendit
2366 2160 2659 2232 aliquando
2690 2160 2861 2215 abbas
2887 2157 3159 2213 Xanthias
3188 2171 3218 2212 e
3252 2153 3398 2209 Sceti
3431 2153 3490 2208 in

1911 2256 2268 2314 Terenuthim
2302 2273 2318 2310 :
2352 2269 2462 2326 quo
2488 2267 2619 2308 vero
2650 2252 2757 2307 loci
2785 2251 3099 2306 diversatus
3128 2253 3235 2310 est,
3269 2251 3491 2316 propter

1911 2347 2325 2407 exercitationis
2354 2347 2600 2402 laborem
2634 2344 2938 2398 attulerunt
2967 2341 3018 2396 ei
3049 2338 3326 2393 modicum
3354 2334 3489 2391 vini.

1913 2439 2148 2508 Quidam
2195 2449 2375 2492 autem
2420 2435 2610 2490 audito
2669 2449 2792 2489 eum
2837 2433 3053 2496 adesse,
3094 2428 3493 2483 daemoniacum

1915 2532 2279 2588 adduxerunt.
2326 2528 2505 2600 prit
2552 2526 2766 2582 daemon
2810 2524 3145 2594 Opprobrarc
3194 2519 3312 2575 seni
3355 2536 3371 2574 :
3412 2514 3496 2571 Ad

1916 2624 2029 2680 vini
2053 2630 2302 2693 potorem
2328 2621 2474 2675 hunc
2497 2618 2808 2673 adduxistis
2834 2632 2942 2671 me.
2992 2614 3057 2669 Et
3080 2628 3246 2668 senex
3274 2610 3497 2681 quidem

1917 2713 2093 2768 noluit
2136 2726 2264 2767 eum
2311 2710 2546 2779 ejicere;
2598 2706 2695 2763 sed
2747 2714 2969 2776 pr0pter
3010 2701 3498 2773 exprobrationem

1919 2805 2057 2861 dixit
2086 2821 2100 2858 :
2133 2800 2356 2857 Christo
2387 2799 2575 2864 credo,
2605 2798 2751 2869 quod
2783 2806 3074 2866 antequam
3104 2793 3369 2848 ebiberim
3401 2804 3501 2860 po-

1922 2900 2107 2954 culum
2139 2898 2275 2959 hoc,
2303 2895 2502 2950 exibis.
2532 2889 2713 2961 thue
2742 2887 2908 2956 erepit
2936 2900 3102 2940 senex
3134 2883 3351 2944 bibere,
3383 2880 3500 2934 cla-

1924 2992 2094 3048 mavit
2120 2991 2334 3045 daemon
2367 2988 2422 3042 in
2456 2987 2573 3040 haec
2602 2983 2764 3038 verba
2800 3000 2814 3036 :
2850 2978 2977 3035 Uris
3012 2993 3118 3044 me,
3151 2977 3267 3030 uris
3298 2989 3404 3028 me.
3435 2971 3504 3028 Et

1929 3091 2225 3153 antequam
2253 3080 2512 3139 haustum
2542 3074 2891 3147 complesset,
2921 3085 3018 3141 per
3040 3068 3270 3140 gratiam
3295 3064 3505 3121 Christi

1848 3165 1890 3223 C
1922 3189 2180 3246 egressus
2209 3180 2314 3227 est.

1996 3268 2050 3322 5.
2094 3264 2239 3320 Idem
2278 3262 2417 3318 dixit
2463 3278 2478 3315 :
2519 3257 2687 3314 Canis
2732 3254 2926 3311 melior
2981 3268 3068 3308 me
3105 3260 3189 3307 est
3226 3268 3242 3306 :
3280 3249 3408 3322 quia
3447 3253 3506 3305 et

1927 3373 2168 3413 amorem
2198 3357 2386 3421 habet,
2414 3360 2467 3409 et
2498 3354 2550 3407 in
2578 3349 2846 3421 judicium
2877 3361 2987 3401 non
3019 3346 3184 3400 venit.

2076 3478 2123 3486 -η

2378 3532 2718 3603 Principium
2757 3530 2952 3584 littera:
2988 3525 3055 3581 Ο.

2416 3647 2492 3701 De
2530 3645 2718 3700 abbate
2759 3641 3029 3714 Olympio.

2005 3767 2056 3820 l.
2100 3762 2176 3818 Ex
2208 3761 2473 3819 relatione
2501 3758 2714 3812 abbatis
2742 3752 2998 3825 Olympii.
3031 3749 3301 3806 Sacerdos
3331 3746 3511 3818 genti-

1931 3857 2065 3911 lium
2093 3853 2433 3911 descendens
2458 3845 2754 3919 aliquando
2782 3846 2837 3898 in
2868 3842 3095 3907 Scetim,
3123 3841 3273 3896 venit
3299 3839 3365 3893 ad
3395 3838 3511 3892 cel-

1932 3949 2039 4003 lam
2076 3962 2282 4011 meam,
2320 3943 2505 4011 ibique
2540 3934 2901 4009 pernoctavit.
2937 3931 3138 3986 Videns
3172 3938 3352 3983 autem
3388 3942 3511 3981 mo-

1935 4041 2239 4095 nachorum
2266 4032 2484 4089 vivendi
2513 4029 2803 4090 rationem,
2836 4025 2913 4077 ait
2942 4022 3078 4076 mihi
3110 4039 3123 4073 :
3158 4020 3236 4072 lta
3264 4025 3510 4086 agentes,

1934 4131 2142 4186 nihilne
2183 4124 2510 4196 conspicitis
2551 4137 2578 4175 a
2622 4119 2733 4173 Deo
2769 4113 2991 4169 vestro?
3029 4110 3162 4164 Dico
3198 4109 3248 4164 ei
3289 4126 3305 4163 :
3342 4105 3512 4161 Nihil.

1936 4222 2152 4292 Excipit
2184 4218 2443 4276 sacerdos
2478 4235 2491 4269 :
2526 4213 2688 4269 Certe
2722 4207 2882 4263 nobis
2916 4201 3363 4262 sacrificantibus
3397 4197 3512 4254 Deo

1935 4319 2150 4377 nostro,
2180 4307 2319 4363 nihil
2348 4306 2438 4359 ille
2468 4318 2499 4357 a
2530 4300 2691 4356 nobis
2718 4295 3026 4360 abscondit,
3057 4292 3153 4349 sed
3180 4307 3278 4347 sua
3308 4297 3515 4363 myste—

1936 4405 2018 4460 ria
2052 4401 2275 4458 revelat.
2302 4397 2412 4453 Vos
2440 4411 2590 4457 vero,
2625 4399 2748 4464 post
2781 4398 2859 4443 tot
2892 4388 3130 4451 labores,
3160 4385 3399 4457 vigilias,
3430 4398 3519 4440 se-

250 4519 412 4589 ΰμεῖς
442 4514 734 4578 τοσούτους
774 4474 978 4574 κὸπόυς
1008 4474 1308 4569 ποιοῦντες,
1329 4474 1680 4574 άγρυπνίας,
1699 4501 1820 4569 ήσυ-

1937 4496 2240 4569 cessiones,
2256 4501 2309 4547 et
2331 4487 2682 4545 austeritates
2700 4529 2715 4551 ,
2732 4482 2864 4547 aiu’,
2886 4480 3030 4535 Nihil
3056 4477 3365 4534 intuemur?
3386 4474 3518 4531 Om-

2119 4585 2129 4589 -
2176 4584 2187 4589 _
2380 4579 2391 4589 .
2484 4578 2518 4589 ..
2544 4577 2576 4589 η
2729 4575 2740 4586 ι
2782 4573 2865 4589 ...ί
2947 4570 3297 4589 Α,,νς.,,ξ,,.-,
3344 4566 3518 4589 ..--1..-

253 4611 379 4681 χίας
424 4609 522 4662 καὶ
559 4606 854 4676 ἀσκήσεις,
904 4601 1085 4670 λέγεις
1132 4600 1216 4652 ὅτι
1265 4595 1430 4651 Οὐδὲν
1482 4590 1835 4663 θεωροῦμενς

255 4701 482 4764 Πάντως
522 4694 636 4764 οὖν,
670 4699 720 4750 et
766 4694 920 4749 οὐδὲν
975 4691 1264 4762 θεωρεῖτε,
1309 4685 1605 4756 λογισμοὺς
1666 4697 1836 4750 πονη-

256 4792 387 4863 ροὺς
419 4790 573 4861 ἔχετε
608 4790 690 4852 εἰς
719 4786 818 4849 τὰς
857 4782 1083 4855 καρδίας
1126 4779 1301 4851 ὑμῶν,
1348 4778 1474 4839 τοὺς
1503 4772 1837 4846 χωρίζοντας

255 4884 403 4955 ὑμᾶς
437 4883 545 4936 ἀπὸ
578 4880 674 4935 τοῦ
702 4879 838 4933 Θεοῦ
877 4876 1052 4948 ὑμῶν,
1087 4874 1181 4928 καὶ
1208 4872 1297 4926 διὰ
1326 4870 1485 4924 τοῦτο
1510 4868 1610 4921 οὐκ
1632 4866 1832 4919 ἀποκα-

256 4954 518 5029 λύπτεται
543 4973 671 5040 ὑμῖν
696 4970 766 5025 τά
794 4969 1069 5041 μυστήρια
1096 4964 1282 5019 αὐτοῦ.
1312 4962 1421 5017 Kal.
1448 4957 1714 5030 ἀπῆλθον,
1745 4954 1839 5010 καὶ

255 5064 559 5138 ἀνήγγειλα
584 5066 698 5128 τοῖς
737 5063 957 5132 γέρουσι
996 5058 1067 5113 τὰ
1098 5057 1322 5130 ῥήματα
1350 5052 1443 5106 τοῦ
1479 5050 1689 5138 ἱερέως.
1728 5047 1842 5138 Kal.

1940 4589 2073 4644 nino
2118 4566 2306 4655 igitur,
2348 4579 2395 4636 si
2442 4577 2581 4633 nihil
2625 4573 2894 4645 aspicitis,
2938 4570 3301 4641 cogitationes
3344 4566 3522 4621 malas

1941 4675 2190 4734 retinetis
2218 4676 2274 4727 in
2304 4668 2568 4725 cordibus
2594 4664 2824 4728 vestris,
2856 4676 2978 4732 quae
3005 4676 3105 4714 vos
3135 4675 3164 4713 a
3197 4658 3305 4713 Deo
3333 4664 3521 4711 vestro

1943 4767 2276 4837 sejunguut,
2316 4769 2479 4829 atque
2518 4756 2642 4811 ideo
2678 4770 2788 4808 non
2828 4750 3033 4805 revelat
3063 4748 3219 4802 vobis
3258 4746 3521 4816 mysteria

1943 4834 2064 4914 sua.
2097 4834 2218 4910 Abii
2249 4867 2371 4923 ego,
2403 4846 2761 4913 nuntiavique
2815 4839 3042 4895 senibus
3068 4837 3229 4891 verba
3265 4834 3522 4889 sacerdo-

1944 4951 2037 5005 tis.
2067 4948 2144 5002 llli
2178 4941 2433 5000 admirati
2463 4944 2613 5003 sunt,
2640 4933 3087 4999 allirmaruntque
3113 4928 3188 4981 ita
3214 4941 3358 4989 esse,
3385 4925 3519 4995 quia

1948 5043 2180 5114 impura).
2209 5033 2573 5109 cogitationes
2604 5034 2859 5098 separant
2887 5022 3058 5078 Deum
3091 5020 3159 5077 ab
3188 5016 3431 5072 homine.

256 5106 957 5227 ξᾶέίὲᾁζζξν,”ἶαι”ξῗξτᾎῖ
998 5106 1793 5209 ἐστίν.’οἱ-γάρ
1825 5106 2127 5205 ἀκάθαρτοι
2177 5106 2429 5198 λογισμοὶ
2471 5119 2765 5194 χωρίζουσι
2808 5115 2901 5169 τὸν
2946 5114 3078 5167 Θεὸν
3129 5110 3238 5165 ἀπὸ
3282 5106 3378 5163 τοῦ
3427 5108 3524 5160 άν-

258 5250 503 5323 θρώπου.

330 5342 400 5415 β’.
455 5342 516 5395 'O
559 5338 732 5403 άὸὁᾶς
787 5335 1083 5407 Ὀλύμπιος
1123 5332 1152 5385 6
1195 5329 1305 5384 τῶν
1362 5323 1608 5381 Κελλίων
1651 5316 1845 5415 ἐπολε-

268 5408 412 5507 μήθη
465 5433 548 5496 εἰς
594 5427 874 5502 πορνείαν.
920 5424 1033 5480 Kal.
1081 5421 1232 5490 λέγει
1281 5415 1430 5489 αὐτῷ
1472 5416 1502 5468 6
1542 5408 1839 5507 λογισμόςο

265 5500 505 5594 ὦἴζπαγε,
528 5500 941 5591 λάϐενγυναῖκα.
969 5516 1081 5571 Ka‘t
1124 5511 1363 5576 ἀναστὰς
1391 5506 1616 5579 ἐποίησε
1647 5500 1841 5594 πλδν,

268 5618 358 5673 καὶ
388 5592 591 5669 ἔπλασε
622 5614 875 5683 γυναῖκα,
909 5610 1006 5665 καὶ
1035 5606 1185 5676 λέγει
1220 5600 1426 5673 έαυτῷο
1467 5597 1601 5654 Ἰδοὺ
1639 5596 1674 5666 ἡ
1707 5592 1843 5663 γυνή

267 5728 394 5768 σουο
432 5711 591 5783 χρεία
628 5704 722 5764 οὖν
762 5704 1090 5779 ἐργάζεσθαι
1124 5699 1314 5764 πολλά,
1359 5699 1445 5751 ἵνα
1481 5692 1716 5783 θρέψεις⁸
1738 5688 1844 5742 αύ-

271 5804 389 5875 ςήν.
564 5798 836 5873 ἠργάζετο
867 5793 1072 5852 κοπιῶν
1101 5791 1288 5848 πολλὰ.
1318 5789 1427 5846 Καὶ
1464 5784 1579 5859 μεθ’
1608 5779 1843 5855 ἡμέραν,

2022 5312 2074 5368 9..
2119 5310 2302 5365 Abhas
2328 5301 2612 5373 Olympius
2652 5296 2926 5352 Cellarum
2960 5292 3313 5362 impugnatus
3338 5295 3421 5344 est
3451 5283 3520 5341 ad

1946 5402 2390 5461 fornicationem.
2415 5393 2480 5449 Et
2505 5397 2739 5446 mentem
2764 5386 2880 5455 ejus
2904 5382 3054 5440 subit
3079 5382 3337 5452 cogitatio
3365 5379 3480 5433 haec
3504 5399 3520 5433 :

1947 5497 2125 5560 Vade,
2151 5490 2339 5561 accipe
2361 5498 2608 5541 uxorem.
2636 5481 2827 5549 itaque
2875 5489 3105 5546 surgens
3139 5474 3311 5527 lutum
3337 5467 3525 5525 confes

1948 5588 2055 5653 cit,
2084 5599 2149 5640 ac
2176 5578 2430 5638 formavit
2459 5573 2768 5630 mulierem.
2796 5567 3045 5637 Dicitque
3073 5563 3215 5636 apud
3248 5578 3308 5619 se
3338 5580 3351 5616 :
3383 5561 3525 5616 Ecce

1950 5693 2090 5735 uxor
2120 5684 2231 5730 tua.
2268 5673 2492 5744 Oportet
2528 5666 2694 5736 igitur
2724 5662 2953 5718 multum
2989 5656 3235 5730 operari,
3266 5656 3376 5726 quo
3407 5653 3525 5707 alas

1949 5786 2090 5831 eam.
2125 5767 2281 5827 Unde
2317 5741 2670 5836 operabatur,
2705 5755 2961 5814 laborans
2999 5750 3318 5825 plurimum.
3352 5741 3521 5803 Paulo
