3982 6336
500 354 611 413 315

1664 359 2008 415 API’ENDIX
2052 361 2142 415 AD
2179 360 2601 416 P.\L[.ADIUM.

3646 359 3752 416 316

495 474 622 538 post
661 466 856 519 iterum
903 465 1047 521 iacto
1087 469 1235 533 luto,
1285 471 1390 524 sibi
1441 470 1593 525 illuxit
1639 472 1839 537 ﬁliam,
1883 475 2067 544 aitque

2176 475 2331 529 πάλιν
2373 476 2606 546 ποιήσας
2637 474 2825 546 πηλὸν,
2855 472 3088 526 ἔπλασεν
3118 468 3297 542 ἑαυτῷ
3326 469 3627 542 θυγατέρα,
3656 475 3751 528 καὶ

494 557 678 611 animo
712 568 815 609 suo
852 574 864 609 :
903 554 1117 627 Peperit
1158 574 1295 614 uxor
1329 571 1454 627 tua;
1493 577 1717 618 necesse
1751 563 1917 618 habes
1953 579 2068 617 am-

492 646 640 718 plius
678 648 917 716 operari,
959 656 1019 701 ut
1060 648 1241 718 possis
1282 651 1495 706 nutrire
1538 666 1602 706 ac
1642 663 1825 723 tegere
1862 653 2067 723 prolem

493 746 668 794 tuam.
696 739 875 807 Atque
901 740 976 793 ita
1010 739 1245 805 faciens,
1274 744 1571 799 maceravit
1599 760 1679 799 se.
1707 744 1845 799 Tum
1878 746 1944 800 ad
1977 760 2069 800 co-
2104 810 2105 813 η

494 832 811 901 gitationem
858 849 872 886 :
914 829 1030 886 Non
1077 834 1335 903 amplius,
1380 835 1580 905 inquit,
1626 836 1782 889 valeo
1828 835 2066 890 laborem

493 922 789 977 sustinere.
819 923 1143 994 Adjecitque
1171 944 1184 980 :
1218 925 1275 979 Si
1307 942 1415 981 non
1444 928 1595 983 vales
1627 928 1869 982 laborem
1902 926 2067 992 ferre,

494 1028 597 1069 nec
625 1030 850 1068 uxorem
883 1032 1116 1085 quieras.
1150 1016 1416 1074 Caeterum
1448 1019 1613 1084 Deus,
1643 1034 1877 1074 cernens
1906 1035 2069 1074 vexa-

491 1104 696 1159 tionem
725 1105 866 1173 ejus,
900 1107 1123 1161 sustulit
1153 1109 1220 1163 ab
1251 1123 1316 1165 eo
1345 1111 1663 1166 tentationis
1696 1110 1930 1175 bellum;
1960 1111 2070 1166 sic-

494 1211 600 1266 que
627 1196 959 1267 conquievit.

999 1329 1076 1383 De
1111 1329 1297 1384 abbate
1335 1330 1561 1389 Orsisio.

481 1531 486 1536 η
564 1459 589 1512 Ι
605 1495 621 1513 .
646 1458 756 1530 (69)
776 1459 919 1514 Dixit
936 1462 1105 1518 abbas
1124 1462 1403 1522 Orsisius:
1433 1465 1597 1524 Later
1619 1472 1847 1538 crudus,
1867 1474 1921 1529 in
1946 1474 2071 1530 fun-

491 1549 807 1606 damentum
838 1553 995 1621 juxta
1026 1553 1225 1610 ﬂumen
1259 1557 1482 1621 missus.
1513 1575 1623 1615 non
1657 1564 1864 1619 resistit
1898 1582 2066 1622 unum

492 1640 670 1706 diem;
708 1651 899 1698 coctus
935 1659 1096 1709 vero,
1133 1652 1396 1716 tanquam
1436 1649 1574 1719 lapis
1609 1663 1939 1721 perseverat.
1977 1654 2070 1710 Sic

490 1731 655 1787 homo
684 1735 778 1803 qui
812 1737 1085 1790 carnalem
1117 1752 1338 1793 sensum
1370 1738 1555 1805 habet,
1588 1745 2070 1813 nec-quemadmo-

2170 567 2316 635 λέγει
2370 566 2450 638 τῷ
2502 566 2748 637 λογισμῷ
2801 562 3007 619 αὐτοῦ’
3050 563 3275 615 Ἐτεκεν
3319 563 3353 633 ἠ
3409 562 3546 632 γυνή
3613 575 3744 615 σου·

2170 658 2358 728 χρείαν
2396 657 2539 729 ἔχεις
2569 658 2956 729 περισσότερον
2995 651 3355 726 ἐργάσασθαι,
3394 652 3482 706 ἴνα
3516 651 3753 723 δυνηθῇς

2170 747 2365 820 θρέψαι
2417 749 2477 802 τὸ
2528 749 2715 802 τέκνον
2768 764 2881 812 σου,
2938 746 3030 799 καὶ
3091 742 3386 805 σκεπάσαι,
3420 743 3527 796 Kal
3575 741 3752 807 οὕτως

2169 842 2338 894 ποιῶν
2383 840 2571 913 ἔτηξεν
2604 839 2797 894 ἑαυτὸν
2825 879 2840 904 ,
2872 838 2966 891 καὶ
3013 836 3161 905 λέγει
3193 834 3271 907 τῷ
3321 832 3596 904 λογισμῷ·
3633 835 3751 888 Οὐκ

2170 932 2250 985 ἔτι
2285 931 2451 1002 ίσχύω
2496 930 2791 1001 ὑποφέρειν
2831 929 2922 982 τὸν
2961 928 3147 981 κόπον.
3191 925 3302 979 Kal
3332 921 3484 978 εἶπεν
3506 942 3519 956 ·
3551 925 3612 977 Εί
3646 924 3753 978 οὐκ

2173 1023 2375 1093 ίσχύεις
2423 1023 2716 1092 ὑποφέρειν
2759 1019 2850 1073 τὸν
2890 1018 3079 1082 κόπον,
3116 1016 3250 1088 μηδὲ
3292 1018 3522 1085 γυναῖκα
3577 1014 3751 1086 ζητή-

2172 1130 2290 1185 σῃς.
2319 1115 2427 1167 Καὶ
2460 1113 2579 1167 ίδὼν
2608 1115 2636 1167 ὁ
2667 1111 2799 1176 Θεὸς
2831 1110 2921 1163 τὸν
2951 1110 3120 1163 κόπον
3149 1106 3337 1173 αὑτοῦ,
3360 1103 3493 1179 ἦρεν
3520 1108 3614 1161 ἀπ’
3651 1107 3754 1161 αύ-

2168 1203 2262 1257 τοῦ
2296 1205 2387 1257 τὸν
2423 1204 2673 1276 πόλεμον,
2709 1204 2803 1256 καὶ
2835 1202 3067 1271 άνεπάη.

2546 1332 2686 1400 Περὶ
2722 1331 2829 1386 τοῦ
2864 1329 3013 1386 ἁϐϐᾶ
3054 1328 3371 1397 Ὀρσισίου.

2238 1471 2306 1520 α’.
2347 1461 2512 1518 Εἶπεν
2553 1466 2582 1519 ό
2614 1463 2789 1527 ἀϐϐᾶς
2818 1462 3121 1534 Ὀρσίσιος·
3161 1459 3389 1524 Πλίνθος
3428 1459 3585 1533 ὠμὴ,
3620 1459 3756 1531 βαλ-

2168 1556 2369 1627 λομένη
2402 1558 2482 1619 είς
2516 1555 2767 1627 θεμέλιον
2800 1554 2966 1622 ἔγγὺς
3019 1551 3290 1623 ποταμοῦ,
3341 1552 3441 1623 οὐχ
3485 1544 3755 1623 ὑπομένει

2173 1647 2299 1718 μίαν
2338 1647 2580 1719 ἡμέρανσ
2615 1646 2755 1715 ὀπτὴ
2797 1644 2875 1709 δὲ,
2924 1643 2998 1708 ὼς
3044 1643 3192 1708 λίθος
3236 1642 3507 1715 διαμένει.
3563 1642 3756 1707 Οὕτως

2170 1737 2454 1808 ἄνθρωπος
2482 1735 2745 1808 σαρκικὸν
2767 1736 3022 1808 φρόνημα
3048 1734 3209 1806 ἔχων,
3242 1735 3336 1789 καὶ
3370 1734 3445 1807 μὴ
3476 1733 3752 1805 πυρωθεὶς

489 1823 621 1878 dum
672 1823 876 1896 Josepb
927 1827 1132 1898 ignitus
1179 1838 1263 1883 est
1314 1829 1511 1885 timore
1560 1829 1691 1898 Dei,
1747 1833 2067 1891 dissolvitur

2176 1829 2310 1883 κατὰ
2345 1830 2437 1882 τὸν
2478 1828 2674 1899 Ἰωσὴφ
2701 1827 2779 1899 τῷ
2813 1827 2962 1899 φόϐῳ
2984 1828 3026 1859 ³⁷
3066 1827 3159 1881 τοῦ
3191 1826 3349 1891 Θεοῦ,
3390 1827 3577 1881 λύεται
3622 1843 3757 1899 προ-

489 1914 710 1983 quando
739 1916 987 1985 procedit
1012 1916 1081 1971 ad
1110 1917 1420 1987 imperium.
1444 1918 1623 1975 Multa:
1645 1922 1789 1976 enim
1817 1932 1946 1979 sunt
1970 1924 2068 1978 ho-

489 2016 611 2057 rum
648 2004 1000 2068 tentationes,
1035 2006 1177 2059 inter
1205 2006 1455 2062 homines
1488 2008 1822 2079 degentium.
1856 2011 2065 2068 Bonum

491 2102 670 2148 autem
695 2103 801 2158 cst,
828 2103 887 2149 ut
911 2097 1034 2165 quis
1057 2111 1396 2167 cognoscens
1420 2098 1700 2155 modulum
1725 2116 1904 2169 suum,
1927 2118 2066 2160 onus

489 2184 831 2255 principatus
868 2185 1123 2258 refugiat.
1160 2187 1395 2244 Stabiles
1434 2204 1562 2244 vero
1617 2190 1673 2245 in
1710 2192 1814 2248 [ide
1845 2204 2067 2251 manent

492 2276 726 2333 immoti.
754 2276 826 2332 De
849 2278 967 2349 ipso
987 2279 1188 2350 quippe
1210 2281 1560 2336 sanctissimo
1582 2279 1818 2353 Josepho
1841 2286 1888 2340 si
1910 2289 2066 2357 quis-

490 2367 639 2439 piam
663 2369 897 2424 voluerit
928 2370 1097 2439 loqui,
1125 2379 1336 2426 asseret
1361 2386 1484 2427 eum
1515 2387 1623 2428 non
1650 2374 1932 2432 exstitisse
1957 2386 2062 2434 ter-

489 2474 706 2517 renum.
742 2460 971 2526 Quantis
1013 2460 1291 2531 impetitus
1330 2471 1413 2518 est
1455 2464 1886 2532 tentetionibus,
1921 2477 1976 2523 et
2009 2470 2063 2523 in

489 2552 800 2622 cujusmodi
835 2553 1086 2623 regione,
1117 2553 1210 2608 ubi
1246 2564 1378 2609 tunc
1408 2555 1670 2626 temporis
1701 2572 1809 2612 non
1840 2574 2067 2629 appare-

488 2639 583 2695 bat
614 2641 796 2698 cultus
831 2642 1000 2697 divini
1035 2644 1357 2712 vestigium?
1394 2642 1498 2700 Sed
1547 2645 1692 2703 Deus
1728 2656 1945 2719 patrum
1984 2651 2067 2722 ip-

491 2732 607 2787 sius
634 2746 757 2786 cum
787 2747 854 2788 eo
882 2741 1029 2798 erat,
1061 2733 1370 2806 eripuitque
1403 2736 1555 2789 illum
1584 2750 1652 2791 ex
1685 2739 1939 2794 omnibus
1968 2756 2066 2796 an-

488 2823 720 2894 gustiis;
753 2831 807 2879 et
842 2840 990 2880 nunc
1024 2840 1147 2880 cum
1186 2827 1432 2896 patribus
1475 2826 1594 2882 suis
1627 2826 1774 2898 degit
1808 2830 1863 2884 in
1899 2847 2066 2903 regno

491 2914 776 2969 cmlorum.
814 2916 958 2986 Ergo
1003 2931 1103 2973 nos
1147 2932 1397 2989 quoque,
1437 2927 1799 2990 agnoscentes
1843 2924 2064 2979 modum

489 3015 764 3074 nostrum,
789 3007 1156 3066 decertemus.
1178 3009 1280 3066 Vix
1308 3011 1456 3067 enim
1480 3011 1562 3067 vel
1590 3012 1675 3067 sic
1700 3012 1938 3085 eﬂ‘ugere
1967 3031 2065 3087 po-

491 3100 718 3155 terimus
749 3099 1018 3170 judicium
1053 3103 1168 3157 Dei.

561 3213 618 3268 2.
654 3212 768 3284 (70)
798 3212 944 3269 Dixit
972 3215 1167 3269 iterum
1195 3232 1210 3269 :
1235 3213 1351 3270 Nisi
1380 3215 1544 3271 homo
1570 3225 1718 3273 recte
1743 3218 2066 3275 custodierit

492 3319 591 3360 cor
617 3320 798 3371 suum,
831 3314 965 3376 puto
993 3306 1139 3377 quod
1166 3322 1506 3377 quaecunque
1535 3309 1744 3364 audivit
1774 3310 2067 3367 oblivisce-

493 3407 588 3451 tur
614 3413 680 3453 ac
709 3399 967 3470 negliget;
999 3410 1161 3470 atque
1190 3401 1264 3455 ita
1295 3401 1572 3466 inimicus,
1604 3403 1782 3459 locum
1816 3405 1868 3459 in
1890 3421 1956 3460 eo
1980 3406 2067 3459 in-

494 3491 742 3553 veniens,
764 3506 888 3546 eum
914 3492 1151 3561 dejiciet.
1176 3493 1643 3559 Quemadmodum
1673 3497 1819 3552 enim
1848 3498 2069 3552 lucerna

497 3591 753 3651 apparata
797 3591 851 3637 et
892 3584 1113 3649 lucens,
1155 3584 1200 3640 si
1243 3586 1549 3658 negligatur
1586 3596 1645 3641 ut
1686 3603 1795 3643 non
1838 3588 2069 3658 accipiat

497 3674 701 3740 oleum,
737 3676 998 3745 paulatim
1034 3677 1425 3749 exstinguite},
1464 3694 1527 3733 ac
1564 3679 1824 3750 deinceps
1859 3695 2071 3749 praeva~

496 3764 609 3819 ient
640 3764 877 3821 tenebrae
909 3766 1174 3822 adversus
1203 3783 1360 3834 eam;
1392 3784 1567 3838 neque
1597 3768 1702 3823 hoc
1733 3769 1939 3837 solum;
1971 3769 2068 3825 sed

495 3854 658 3909 etiam
692 3858 978 3927 contingit,
1013 3857 1232 3929 quando
1264 3873 1388 3914 mus
1420 3859 1488 3914 ad
1522 3859 1802 3914 lucernam
1840 3861 2066 3926 accedit,

494 3962 744 4017 quaerens
786 3947 1087 4003 funiculum
1134 3949 1428 4020 peredere;
1475 3961 1602 4005 ante
1642 3951 1860 4021 quidem
1903 3967 2067 4022 quam

494 4039 767 4095 Exstincta
796 4040 1014 4111 penitus
1039 4040 1131 4104 sit,
1161 4040 1461 4111 frigentque
1487 4041 1688 4106 oleum,
1716 4058 1822 4097 non
1853 4050 2067 4112 potest;

479 4130 642 4201 'quod
680 4131 723 4185 si
759 4132 1129 4200 conspexerit,
1165 4147 1275 4187 non
1309 4134 1473 4189 modo
1506 4134 1699 4191 abesse
1734 4134 1939 4200 lumen,
1972 4133 2069 4190 sed

494 4228 551 4275 et
583 4220 818 4274 calorem
848 4223 1012 4292 ignis,
1042 4232 1173 4278 tunc
1203 4226 1489 4280 extrahere
1518 4228 1703 4282 volens
1742 4225 2066 4291 funiculum,

496 4309 774 4366 lucernam
809 4327 1025 4381 quoque
1053 4313 1240 4381 dejicit
1269 4333 1283 4370 :
1314 4331 1435 4385 quae
1466 4317 1510 4371 si
1542 4325 1780 4372 testacea
1812 4318 1905 4378 sit,
1937 4331 2071 4370 con-

499 4398 795 4468 fringitur;
825 4400 870 4453 si
897 4414 1026 4454 vero
1053 4416 1201 4455 arnea
1221 4440 1236 4464 ,
1268 4417 1298 4453 a
1329 4404 1722 4471 patrefamilias
1753 4406 1947 4460 iterum
1982 4405 2069 4457 in-

2172 1917 2341 1971 ελθὼν
2377 1919 2458 1982 είς
2500 1919 2697 1990 ἀρχήν.
2729 1917 2921 1971 Πολλοὶ
2950 1915 3060 1989 γὰρ
3115 1916 3224 1971 τῶν
3252 1917 3508 1971 τοιούτων
3535 1919 3586 1970 οί
3631 1934 3753 1970 πει-

2175 2009 2392 2081 ρασμοὶ,
2431 2012 2489 2063 ὲν
2520 2009 2671 2080 μέσῳ
2699 2008 3000 2080 ἀνθρώπων
3044 2008 3215 2062 όντων
3238 2007 3302 2062 ⁸⁸.
3334 2007 3511 2062 Καλὸν
3540 2008 3597 2061 δέ
3627 2024 3757 2061 τινα

2172 2101 2347 2155 εἰδότα
2384 2099 2454 2155 τὰ
2491 2100 2597 2154 ίδια
2639 2100 2832 2172 μέτρα,
2873 2100 3207 2170 ἀποφεύγειν
3242 2099 3302 2153 τὸ
3334 2099 3500 2172 βάρος
3529 2099 3627 2169 τῆς
3653 2100 3754 2169 ἀρ·

2171 2191 2293 2263 χῆς.
2331 2192 2393 2246 Οἱ
2445 2191 2503 2245 δὲ
2553 2191 2757 2262 ἑδραῖοι
2804 2193 2869 2262 τῇ
2926 2191 3139 2258 πίστει,
3191 2188 3582 2261 ἀμετακίνητοί
3617 2191 3751 2243 είσι.

2173 2285 2310 2356 Περὶ
2355 2284 2519 2338 αὐτοῦ
2553 2283 2662 2355 γὰρ
2694 2280 2789 2336 τοῦ
2826 2283 3129 2351 ἀγιωτάτου
3180 2281 3375 2352 Ἰωσὴφ
3414 2280 3509 2335 ὲάν
3546 2279 3757 2354 θελήσῃ

2170 2396 2253 2443 τις
2284 2377 2531 2444 λαλῆσαι,
2565 2376 2737 2445 λέγει,
2764 2377 2844 2429 ὅτι
2876 2377 2976 2429 ούκ
3011 2376 3253 2444 ἐπίγειος
3283 2370 3372 2446 ἦν.
3416 2374 3565 2429 Πόσα
3602 2375 3757 2427 ἐπει-

2176 2469 2367 2542 ράσθη,
2408 2469 2501 2523 καὶ
2534 2469 2593 2522 ὲν
2644 2467 2772 2539 ποίᾳ
2797 2466 2989 2539 χώρᾳ,
3032 2467 3163 2521 ὅπου
3194 2467 3293 2520 οὐκ
3324 2462 3391 2538 ἦν
3436 2466 3558 2519 τότε
3606 2466 3761 2535 ἴχνος.

2173 2559 2515 2625 θεοσεϐείας;
2553 2556 2691 2611 Ἀλλ’
2716 2559 2740 2610 ό
2772 2556 2908 2619 Θεὸς
2936 2556 3044 2609 τῶν
3070 2560 3318 2630 πατέρων
3345 2557 3509 2611 αὐτοῦ
3533 2551 3601 2629 ἦν
3631 2559 3752 2627 μετ’

2172 2650 2359 2715 αὐτοῦ,
2415 2650 2507 2702 καὶ
2551 2648 2784 2715 ἐξείλετο
2825 2646 2987 2702 αὐτὸν
3031 2648 3096 2701 ὲκ
3142 2647 3321 2717 πάσης
3366 2647 3617 2716 θλίψεως,
3654 2649 3753 2701 καὶ

2171 2739 2267 2794 νῦν
2304 2742 2421 2794 ἐστι
2465 2740 2601 2811 μετά
2650 2737 2758 2792 τῶν
2808 2738 3060 2810 πατέρων
3110 2737 3274 2792 αὑτοῦ
3308 2740 3366 2791 ἐν
3396 2741 3462 2810 τῇ
3500 2738 3753 2810 βασιλείᾳ

2171 2832 2279 2885 τῶν
2325 2830 2587 2902 οὐρανῶν.
2629 2829 2740 2885 Kal
2769 2831 2928 2900 ἡμεῖς
2958 2828 3137 2882 τοίνυν
3166 2829 3477 2896 ἐπιγνόντες
3505 2831 3576 2882 τὰ
3616 2830 3751 2883 ἑαυ-

2170 2922 2278 2976 τῶν
2326 2921 2519 2993 μέτρα,
2550 2918 2947 2990 ἀγωνισώμεθα
2966 2936 2979 2950 ο
3020 2919 3173 2990 μόλις
3205 2918 3314 2990 γάρ
3346 2918 3488 2972 οὕτω
3520 2918 3752 2989 δυνησό-
3838 2922 3841 2923 ⁷

2174 3014 2314 3086 μεθα
2349 3014 2608 3082 ἐκφυγεῖν
2639 3010 2737 3082 τὴν
2768 3011 2948 3084 κρίσιν
2973 3010 3067 3065 τοῦ
3098 3010 3253 3065 θεοῦ.

2246 3215 2311 3287 β’.
2352 3211 2490 3269 Eine
2523 3214 2683 3269 πάλιν
2703 3230 2718 3244 ο
2751 3209 2976 3282 Νομίζω
3004 3212 3099 3266 ἐὰν
3128 3211 3207 3283 μὴ
3225 3211 3508 3282 ἄνθρωπος
3538 3207 3756 3279 φυλάξῃ

2174 3309 2271 3379 τὴν
2302 3306 2496 3361 ἑαυτοῦ
2525 3306 2750 3378 καρδίαν
2782 3304 2986 3368 καλῶς.
3015 3304 3194 3358 πάντα
3232 3307 3335 3359 ὅσα
3360 3305 3593 3375 ἥκουσιν
3631 3305 3755 3355 ἑπισ-

2175 3399 2494 3453 λανθάνεται
2528 3399 2622 3452 καὶ
2657 3398 2879 3468 ἀμελεῐο
2919 3396 3013 3450 καὶ
3053 3393 3226 3459 οὕτως
3266 3399 3295 3449 ὁ
3337 3394 3530 3466 ἐχθρὸς
3572 3391 3756 3465 εὑρὼν

2178 3493 2235 3545 ὲν
2264 3490 2411 3560 αὐτῷ
2456 3490 2640 3555 τόπον,
2692 3488 3019 3543 καταϐάλλει
3055 3487 3234 3541 αὐτόν.
3266 3487 3473 3556 Ὥσπερ
3504 3484 3614 3557 γὰρ
3654 3484 3749 3537 λύ-

2175 3596 2299 3651 χνος
2353 3577 2671 3642 σκευασθεὶς
2716 3577 2810 3631 καὶ
2844 3577 3072 3646 φαίνων,
3120 3575 3216 3629 ἐὰν
3266 3573 3513 3645 ἀμεληθῇ
3565 3573 3754 3627 λαϐεῖν

2175 3667 2374 3734 ἔλαιον,
2423 3668 2543 3720 κατ’
2574 3666 2749 3735 ὀλίγον
2800 3665 3104 3729 σϐέννυται,
3155 3663 3249 3716 καὶ
3297 3661 3481 3715 λοιπὸν
3527 3661 3752 3715 ἐνδυνα-

2179 3758 2373 3830 μοῦται
2407 3758 2464 3810 τὸ
2496 3758 2687 3819 σκότος
2716 3757 2835 3819 κατέ
2864 3755 3057 3810 αὐτοῦ’
3093 3755 3155 3807 οὐ
3198 3754 3356 3823 μόνον
3381 3752 3454 3812 δὲ,
3489 3753 3625 3807 ἀλλά
3657 3754 3755 3807 καὶ

2176 3851 2254 3904 ἔνι
2295 3852 2421 3903 ὅταν
2449 3849 2541 3902 καὶ
2579 3849 2684 3920 μῦς
2718 3850 2844 3921 περὶ
2886 3848 3049 3901 αὑτὸν
3102 3847 3395 3917 ἐρχόμενος
3434 3844 3529 3898 καὶ
3572 3844 3756 3915 ζητῶν

2175 3942 2236 3996 τὸ
2273 3938 2546 4010 ἐλλύχνιον
2569 3941 2928 4010 καταφαγεῖν,
2964 3938 3070 4012 πρὸ
3104 3938 3203 4006 μὲν
3222 3936 3316 3989 τοῦ
3364 3936 3653 4007 σϐεσθῆναι
3692 3936 3756 3990 τὸ

2176 4032 2373 4097 ἔλαιον,
2411 4032 2472 4085 ού
2505 4032 2725 4085 δύναται
2749 4031 2821 4063 ³³·
2868 4030 2964 4082 ὲάν
3006 4029 3062 4083 δὲ
3095 4028 3176 4099 ἴδῃ
3221 4029 3305 4082 ὅτι
3352 4028 3412 4081 ού
3450 4028 3608 4098 μόνον
3636 4027 3772 4098 φῶς

2176 4123 2275 4177 οὐκ
2311 4122 2444 4193 ἔχει,
2474 4122 2588 4177 ἀλλ’
2611 4122 2732 4176 οὐδὲ
2761 4120 2974 4192 θέρμην
3008 4119 3200 4190 πυρὸς,
3227 4119 3350 4171 τότε
3385 4118 3446 4172 τὸ
3480 4117 3758 4189 ἐλλύχνιον

2175 4218 2485 4271 ἀνασπάσαι
2530 4216 2720 4279 θέλων,
2752 4213 3080 4268 καταϐάλλει
3125 4213 3221 4265 καὶ
3268 4212 3361 4264 τὸν
3395 4212 3586 4282 λύχνον
3607 4228 3622 4242 ·
3659 4212 3757 4265 καὶ

2176 4305 2271 4358 ὲάν
2304 4306 2401 4375 μὲν
2510 4304 2852 4375 ὀστράκινον,
2883 4301 3252 4372 συντρίϐεται·
3296 4300 3392 4354 ἐὰν
3431 4301 3490 4354 δὲ
3517 4299 3755 4371 χαλκοῦν

2175 4395 2395 4467 εὑρεθῇ,
2427 4395 2532 4447 ὑπὸ
2574 4394 2669 4448 τοῦ
2718 4393 3094 4448 οἰκοδεσπότου
3149 4390 3470 4455 σκευάζεται
3514 4389 3753 4445 ἀνωθενο

498 4489 733 4545 struitur
760 4505 773 4541 :
807 4504 988 4558 parem
1010 4489 1064 4542 in
1097 4489 1341 4555 modum,
1372 4492 1675 4562 negligente
1705 4495 1907 4559 anima,
1938 4510 2068 4550 sen-

2176 4485 2349 4551 οὕτως
2378 4485 2686 4557 ἀμελούσης
2722 4484 2919 4556 ψυχῆς,
2949 4484 3072 4537 ὅσον
3109 4484 3231 4537 ὅσον
3258 4483 3304 4515 *θ
3331 4483 3395 4535 τὸ
3425 4480 3650 4552 Πνεῦμα
3695 4482 3759 4535 τὸ

499 4582 603 4637 sim
638 4581 843 4636 recedit
875 4578 1113 4652 Spiritus
1144 4593 1391 4650 sanctus,
1422 4582 1595 4639 donec
1626 4584 1694 4638 ad
1726 4585 1946 4655 plenum
1977 4586 2069 4642 illa

2176 4577 2331 4647 ἅγιον
2360 4577 2657 4648 ὑποχωρεῖ,
2686 4576 2791 4639 ἓως
2831 4575 3013 4628 τέλεον
3048 4571 3363 4645 ἀποσϐεσθῇ
3412 4574 3511 4643 τῆς
3544 4571 3765 4643 θέρμης

497 4676 882 4747 exstinguatur
910 4677 1232 4747 amittatque
1266 4678 1504 4733 calorem
1541 4694 1739 4744 suum;
1774 4686 1830 4734 et
1861 4680 1929 4735 de
1963 4695 2072 4735 cae-

498 4777 619 4825 tero
641 4768 819 4826 hostis
845 4769 1069 4825 devorat
1092 4769 1644 4835 animm,alacritatem
1667 4788 1683 4840 ;
1710 4786 1910 4840 corpus
1931 4786 2071 4840 quo-

498 4877 607 4931 que
633 4860 812 4916 abolet
839 4861 1067 4915 malitia.
1099 4862 1165 4915 At
1192 4862 1235 4915 si
1264 4861 1427 4917 homo
1453 4862 1543 4917 ille
1568 4862 1748 4918 bonus
1799 4863 2074 4918 exstiterit

498 4953 712 5008 ratione
752 4951 980 5007 allectus
1018 4968 1146 5025 erga
1187 4951 1388 5019 Deum,
1425 4954 1749 5026 simpliciter
1780 4966 1960 5010 autem
2006 4957 2073 5011 all

498 5044 885 5115 negligentiam
930 5051 1121 5115 raptus
1162 5044 1361 5111 fuerit,
1403 5045 1577 5113 Deus,
1624 5057 1813 5119 utpote
1854 5049 2074 5105 miseri-

498 5148 647 5201 cors,
674 5135 973 5191 immittens
999 5136 1053 5190 in
1078 5151 1201 5192 eum
1231 5138 1479 5193 timorem
1508 5154 1691 5202 suum,
1716 5154 1930 5196 necnon
1956 5155 2073 5195 me-

500 5226 732 5281 moriam
775 5225 1083 5281 futurarum
1125 5241 1437 5298 prenarum,
1478 5238 1632 5300 parat
1672 5245 1768 5285 seu
1807 5229 1972 5286 ellicit
2016 5238 2075 5283 ut

426 5386 430 5390 _
501 5316 722 5388 vigilet,
771 5329 1060 5392 servetque
1104 5337 1164 5377 se
1210 5322 1265 5377 in
1319 5330 1596 5394 posterum
1647 5339 1772 5378 cum
1822 5323 2075 5380 cautione

506 5408 693 5472 multa,
731 5422 906 5477 usque
937 5409 1004 5463 ad
1036 5409 1404 5468 visitationem
1439 5427 1619 5467 suam.

2175 4667 2347 4738 αὐτῆς
2366 4685 2380 4699 ·
2411 4669 2507 4721 καὶ
2539 4667 2726 4721 λοιπὸν
2751 4669 2780 4720 ὁ
2806 4666 3021 4739 ἐχθρὸς,
3055 4663 3386 4735 καταφαγὼν
3421 4663 3521 4735 τὴν
3552 4662 3760 4738 προθυ-

2177 4757 2304 4829 μίαν
2331 4759 2432 4829 τῆς
2460 4758 2659 4831 ψυχῆς,
2689 4758 2783 4813 καὶ
2817 4758 2879 4812 τὸ
2922 4758 3081 4829 σῶμα
3125 4755 3370 4827 ἀφανίζει
3403 4756 3588 4809 κακία.
3629 4754 3762 4809 Ἐάν

2172 4847 2284 4925 δεῇ
2314 4852 2519 4914 ἐκεῖνος
2546 4850 2707 4915 καλὸς
2730 4853 2795 4922 τῇ
2827 4848 3069 4904 διαθέσει
3097 4849 3233 4921 πρὸς
3259 4847 3350 4901 τὸν
3377 4846 3532 4909 Θεὸν,
3565 4842 3761 4908 ἁπλῶς

2172 4940 2229 4994 δὲ
2259 4942 2499 5014 ήρπάγει
2527 4943 2606 5006 είς
2648 4940 2927 5012 ἀμέλειαν,
2957 4940 2987 4992 ό
3024 4939 3156 5003 Θεὸς
3194 4938 3269 5002 ὡς
3305 4934 3628 5007 οἰκτίρμων,
3662 4933 3762 5005 βα-

2171 5030 2280 5084 λὼν
2320 5034 2401 5095 είς
2442 5033 2604 5088 αὐτὸν
2632 5032 2726 5086 τὸν
2767 5031 2932 5101 φόϐον
2971 5028 3160 5094 αὑτοῦ,
3207 5030 3304 5083 καὶ
3333 5026 3445 5080 τῶν
3478 5024 3763 5079 κολάσεων

2173 5121 2271 5193 τὴν
2302 5123 2543 5194 μνήμην,
2579 5120 2989 5193 παρασκευάζει
3012 5121 3203 5190 νήφειν
3230 5117 3413 5181 αὑτὸν,
3448 5116 3544 5169 καὶ
3570 5116 3763 5185 τηρεῖν

2176 5216 2365 5270 ἑαυτὸν
2410 5218 2492 5279 εἰς
2527 5214 2599 5268 τά
2643 5213 2954 5286 ἔμπροσθεν
3004 5211 3144 5283 μετά
3191 5207 3490 5278 ἀσφαλείας
3523 5205 3766 5277 πολλῆς,

2174 5304 2281 5369 ἓως
2305 5305 2405 5376 τῆς
2440 5303 2745 5373 ἐπισκοπῆς
2775 5301 2962 5354 αὑτοῦ.

576 5558 620 5591 ³⁷
649 5560 917 5633 Α1.λόγῳ.
993 5564 1039 5596 ³⁸
1064 5562 1148 5617 ΔΙ.
1182 5563 1340 5618 είσίν.
1413 5568 1458 5601 ³³⁵
1480 5566 1567 5623 Al.
1600 5567 1693 5623 τοῦ
1725 5568 1900 5623 ἐλαίου
1930 5571 1991 5627 ού
2029 5565 2253 5624 δύναται
2277 5565 2602 5638 χρήσασθαι.
2682 5562 2728 5596 ⁸⁸
2758 5564 2846 5620 Al.
2894 5562 3037 5618 κατά
3087 5560 3300 5633 μικρόν.

486 5702 487 5705 “
577 5738 690 5813 (ea)
723 5739 829 5793 vn.
861 5742 1007 5794 Patr.
1045 5758 1132 5812 xv,
1169 5743 1260 5800 δι.

2251 5740 2367 5815 ΠΟ)
2403 5742 2507 5797 γει.
2530 5741 2693 5817 Patr.
2726 5756 2803 5808 ιι,
2837 5739 2930 5799 37.
