3982 6336
202 344 321 402 δη

662 457 827 529 Ἀρχὴ
859 456 952 510 τοῦ
992 461 1037 512 Π
1075 458 1356 528 στοιχείου.

601 573 742 642 Περὶ
774 572 877 626 τοῦ
910 569 1062 626 ἀϐϐᾱ
1098 571 1408 642 Ποιμένος.

283 692 353 743 α’.
402 683 634 755 ’Δπῆλθέ
681 701 813 736 ποτε
850 685 878 736 6
924 683 1099 746 ἁϐϐἄς
1152 683 1385 753 Ποιμὴν,
1426 683 1513 736 ὅτε
1547 678 1614 754 ἦν
1659 681 1793 735 νεώ-

200 797 388 854 τερος,
426 779 564 848 πρός
597 794 718 831 τινα
748 777 999 847 γέροντα,
1045 775 1316 846 ἐρωτῆσαι
1346 774 1496 845 αύτῷ
1532 776 1680 846 τρεῖς
1709 773 1796 826 λο-

213 869 468 942 γισμούς.
506 869 595 930 Ὠς
642 863 734 920 οὖν
763 861 897 936 ἦλθε
939 865 1077 937 πρὸς
1124 865 1216 918 τὸν
1260 864 1521 935 γέροντα,
1562 861 1795 933 ἐληθάρ-

204 979 382 1034 γησεν
412 962 508 1014 ἕνα
540 961 604 1012 ἐκ
643 958 754 1011 τῶν
781 957 950 1030 τριῶν
969 972 985 988 ⁶
1020 957 1112 1009 καὶ
1139 955 1453 1026 άνέκαμψεν
1486 955 1564 1017 εἰς
1591 955 1652 1006 τὸ
1680 953 1797 1006 κελ-

203 1053 325 1107 λίον
363 1051 586 1106 ἑαυτοῦ·
621 1051 714 1104 καὶ
736 1050 812 1112 ὡς
846 1048 1007 1119 ἔθηκε
1037 1046 1134 1118 τὴν
1168 1049 1327 1116 χεῖρα
1359 1045 1566 1110 ἀνοῖξαι
1597 1045 1657 1097 τὸ
1681 1044 1792 1083 ⁶¹-“

207 1143 468 1208 κλειδίον,
522 1141 768 1213 ἐμνήσθη
822 1140 914 1192 τὸν
965 1138 1121 1207 λόγον
1171 1137 1229 1191 ὃν
1281 1137 1655 1208 ἐλήθάργησεθ
1701 1134 1795 1187 καὶ

206 1239 396 1310 ἀιρῆκε
427 1237 493 1290 τὸ
531 1235 783 1298 κλειδίον,
818 1233 911 1286 xui.
942 1231 1224 1303 ἀνέκαμῷε
1256 1229 1392 1302 πρὸς
1419 1228 1508 1282 τὸν
1542 1227 1789 1297 γέροντα.

212 1334 327 1387 Kal.
372 1331 523 1397 λέγει
575 1327 725 1398 αὐτῷ
770 1327 798 1379 6
844 1325 1052 1396 γέρων·
1109 1323 1404 1391 Ἑτάχυνας
1449 1317 1542 1372 τοῦ
1598 1317 1792 1382 ἐλθεῖν,

208 1421 436 1489 ἀδελφέ.
484 1418 595 1472 Καὶ
633 1418 930 1487 διηγήσατο
975 1413 1146 1484 αὐτῷ,
1187 1415 1271 1466 ὅτι
1299 1412 1430 1464 Ὅτε
1476 1409 1648 1479 ἔθηκα
1696 1407 1794 1477 τὴν

210 1514 374 1586 χεῖρά
406 1529 508 1583 μου
555 1510 738 1564 λαϐεῖν
783 1509 844 1562 τὸ
879 1507 1130 1568 κλειδίον,
1179 1504 1457 1576 ἐμνήσθην
1502 1502 1595 1554 τὸν
1638 1499 1795 1568 λόγον

206 1607 272 1660 ὃν
319 1604 571 1676 ἐζήτουν,
606 1603 701 1656 καὶ
741 1601 840 1654 οὐκ
881 1598 1100 1670 ἧνοιξα,
1136 1597 1223 1650 διὰ
1270 1595 1429 1649 τοῦτο
1475 1591 1790 1662 ἁνέκαμψα.

210 1693 320 1750 Ἦν
349 1697 407 1751 δὲ
445 1695 505 1748 τὸ
551 1694 726 1764 μῆκος
769 1691 868 1760 τῆς
901 1689 1020 1743 ὁδοῦ
1069 1687 1204 1741 πολὺ
1251 1687 1476 1757 σφόδρα.
1508 1684 1699 1751 Ἔλεγε
1737 1681 1794 1734 δὲ

1389 341 2004 425 Αροριιτιιεοιιετε
2041 329 2349 402 νιτιιυιι.

3367 353 3477 411 513

2345 457 2681 529 Principium
2724 463 2914 516 littera:
2954 464 3020 517 Π.

2169 572 2242 627 De
2279 572 2466 626 abbate
2504 570 2766 640 Pwmeue,
2820 591 2911 629 seu
2953 574 3195 632 I’asture.

1968 687 2022 741 1.
2065 688 2176 757 (7i)
2220 687 2502 744 Profectus
2541 699 2622 744 est
2665 689 2959 758 aliquando
3001 693 3170 749 abbas
3213 693 3469 756 Parmen,

1895 793 2019 832 cum
2049 789 2194 834 esset
2220 780 2458 848 juvenis,
2487 781 2553 834 ad
2588 797 2771 835 senem
2802 784 3117 852 quemdam,
3149 795 3207 840 ut
3240 789 3474 842 interro-

1895 878 2047 938 garet
2079 885 2204 925 eum
2231 871 2299 925 de
2329 872 2505 928 tribus
2535 874 2983 943 cogitationibus.
3023 875 3087 930 Ut
3119 893 3246 947 ergo
3281 897 3472 947 perve-

1896 961 1974 1013 nit
2001 961 2065 1016 ad
2091 978 2300 1025 senem,
2323 964 2526 1018 oblitus
2548 973 2631 1018 est
2657 981 2818 1019 unam
2843 984 2874 1021 e
2896 969 3074 1021 tribus
3105 987 3116 1023 :
3144 979 3195 1023 et
3219 983 3470 1029 reversus

1893 1061 1979 1106 est
2019 1053 2073 1106 in
2116 1055 2306 1108 cellam
2350 1071 2542 1121 suam;
2589 1057 2682 1110 sed
2732 1058 2821 1112 ubi
2875 1075 3096 1112 manum
3145 1065 3323 1130 posuit
3365 1079 3474 1133 quo

1895 1143 2064 1196 clavis
2090 1146 2344 1214 aperiret,
2371 1147 2692 1203 recordatus
2713 1160 2798 1203 est
2822 1149 2976 1203 obliti
3000 1153 3293 1206 sermonis.
3321 1153 3474 1208 L‘ndc

1895 1236 2122 1291 dimissa
2151 1239 2323 1306 clave,
2353 1240 2511 1293 rediit
2539 1239 2604 1294 ad
2636 1257 2844 1298 senem.
2875 1242 2976 1308 Qui
3012 1246 3084 1296 ait
3119 1244 3196 1296 illi
3231 1263 3243 1298 :
3275 1243 3475 1314 Prope-

1895 1329 2028 1380 rasti
2060 1317 2117 1380 ut
2141 1327 2379 1394 venires,
2410 1330 2598 1385 frater.
2625 1330 2719 1385 llle
2745 1336 2986 1386 narravit
3013 1351 3026 1387 :
3053 1333 3284 1399 Quando
3314 1337 3472 1404 posui

1895 1434 2116 1472 manum
2164 1435 2336 1474 meam
2387 1423 2452 1475 ad
2498 1423 2816 1477 sumendam
2865 1425 3106 1490 clavem,
3153 1426 3475 1494 recordatus

1896 1523 2017 1560 sum
2056 1507 2200 1561 verbi
2246 1509 2390 1577 quod
2435 1514 2742 1579 qumrebam
2771 1554 2786 1577 ,
2832 1528 2932 1567 nec.
2975 1516 3197 1584 aperui;
3243 1497 3477 1585 ideoque

1895 1610 2149 1650 reversus
2184 1613 2325 1651 sum.
2364 1597 2491 1652 Erat
2527 1609 2706 1654 autem
2745 1603 2980 1671 spatium
3016 1605 3115 1658 via:
3155 1605 3470 1672 plurimum.

1898 1689 2042 1743 Dixit
2073 1691 2120 1744 ei
2159 1707 2321 1745 senex
2359 1710 2372 1744 :
2405 1691 2638 1761 Gregum
2678 1692 2921 1760 Pmmeu,
2960 1696 3011 1748 id
3048 1704 3131 1749 est
3166 1707 3371 1764 pastor.
3411 1697 3477 1751 Et

211 1787 366 1858 αύτῷ
406 1789 436 1840 6
480 1785 690 1856 γέρων’
733 1780 1004 1849 ’Λγγέλων
1031 1779 1075 1810 ῖ³
1120 1780 1364 1848 Ποιμήνο
1417 1775 1512 1829 καὶ
1553 1773 1792 1843 λαληθή-

1912 1795 2093 1834 iomeu
2142 1789 2296 1834 tuum
2346 1797 2598 1837 sermone
2644 1782 2924 1838 hominum
2971 1785 3337 1840 celebrabitur
3380 1800 3480 1856 per

211 1880 368 1934 σεται
395 1895 490 1932 σου
521 1876 582 1929 τὸ
613 1875 783 1944 ὄνομα
810 1875 870 1926 ἐν
901 1871 1052 1943 πάσῃ
1082 1871 1152 1940 γῇ
1183 1867 1482 1936 Αἰγύπτου.

286 1969 354 2040 β’.
396 1967 565 2036 Ἔσχε
599 1964 729 2018 ποτὲ
765 1964 998 2033 Παήσιος
1027 1962 1055 2014 6
1094 1958 1317 2027 ἀδελφὸς
1359 1957 1455 2010 τοῦ
1498 1956 1644 2010 ἀϐϐᾶ
1671 1957 1795 2009 Ποι-

216 2063 378 2135 μένος
406 2059 589 2130 σχέσιν
640 2056 778 2129 μετά
825 2073 968 2117 τινος
997 2055 1040 2086 ⁸⁸
1071 2053 1176 2119 ἔξω
1217 2050 1312 2105 τοῦ
1360 2050 1571 2104 κελλίου
1606 2047 1791 2104 αὑτοῦ.

225 2155 284 2207 ’0
318 2153 375 2206 δὲ
407 2150 582 2213 άϐϐάς
625 2149 840 2219 Ποιμήν
878 2147 978 2201 οὐκ
1003 2144 1180 2217 ήθελε,
1217 2145 1311 2198 καὶ
1346 2143 1584 2205 ἀναστὰς
1627 2141 1794 2210 ἔφυγε

211 2246 353 2318 πρὸς
395 2245 486 2297 τὸν
521 2241 693 2295 άϐϐἄν
731 2239 1043 2310 Ἀμμωνᾶν,
1093 2238 1186 2292 καὶ
1219 2235 1367 2304 λέγει
1412 2232 1596 2304 αύτῷ-
1646 2233 1796 2302 Παή-

213 2349 332 2396 ato;
374 2333 404 2384 6
445 2329 671 2398 ἀδελφός
724 2344 825 2398 μου
872 2327 985 2397 ἔχει
1035 2325 1173 2397 πρός
1231 2342 1354 2378 τινα
1375 2324 1420 2355 ⁸⁸
1457 2323 1662 2393 σχέσιν,
1702 2321 1795 2376 καὶ

211 2421 316 2474 οὐκ
360 2417 730 2488 ἀναπαύομαι.
783 2417 945 2484 Λέγει
993 2414 1142 2486 αὐτῷ
1173 2416 1200 2466 6
1234 2413 1408 2478 άϐϐἄς
1467 2413 1792 2483 ’Δμμωνάς·

213 2507 450 2578 Ποιμήν,
497 2506 680 2575 ἀκμὴν
715 2502 847 2574 ζῇςς
885 2503 1123 2570 ’Υπαγε,
1171 2501 1340 2555 κάθου
1375 2503 1456 2566 εἰς
1494 2501 1556 2554 τὸ
1589 2500 1798 2554 κελλίον

216 2615 332 2662 σου,
380 2598 473 2649 καὶ
519 2596 609 2660 θὲς
667 2597 748 2656 εἰς
797 2594 893 2664 τὴν
938 2593 1168 2664 καρδίαν
1217 2609 1335 2659 σου,
1375 2593 1458 2646 ὅτι
1503 2592 1603 2662 ήδη
1655 2591 1797 2661 ἔχεις

216 2691 464 2744 ἐνιαυτὸν
493 2691 552 2742 ὲν
581 2688 660 2759 τῷ
691 2688 954 2758 μνήματι.

283 2788 355 2852 γ’.
397 2776 602 2835 Ἧλθόν
637 2797 766 2832 ποτε
818 2776 1177 2850 πρεσϐύτεροι
1235 2775 1338 2846 τῆς
1388 2773 1570 2847 χώρας
1607 2777 1689 2838 εἰς
1729 2772 1798 2827 τὰ

219 2873 556 2944 μοναστήρια
603 2872 737 2924 ὅπου
780 2865 848 2941 ἦν
875 2870 904 2922 6
931 2868 1106 2931 άϐϐἄς
1136 2869 1347 2939 Ποιμήν
1368 2880 1381 2894 ⁶
1413 2869 1508 2921 καὶ
1554 2865 1799 2936 εἰσῆλθεν

213 2967 244 3018 6
277 2962 454 3025 άϐϐἄς
494 2960 702 3025 Ἀνοὺϐ,
741 2961 836 3014 καὶ
876 2959 1025 3028 λέγει
1072 2957 1222 3028 αὐτῷ
1245 2975 1258 2988 ·
1288 2956 1626 3027 Καλέσωμεν
1671 2956 1800 3017 τοὺς

215 3057 626 3130 πρεσϐυτέρους
651 3048 756 3107 ὧδε
796 3053 1054 3125 σήμερον.
1087 3050 1193 3106 Καὶ
1229 3051 1452 3113 στάντος
1497 3047 1662 3102 αὑτοῦ
1704 3046 1797 3100 ἐπὶ

1895 1870 2211 1925 universam
2241 1868 2462 1940 Egypti
2496 1872 2792 1941 regionem.

1961 1960 2017 2014 9..
2059 1959 2169 2030 (72)
2204 1960 2449 2026 Quodam
2486 1968 2726 2032 tempore
2781 1961 3123 2017 familiaritas
3166 1961 3478 2018 intercessit

1893 2052 2035 2107 inter
2062 2051 2314 2107 Paesium
2348 2054 2571 2108 fratrem
2609 2056 2820 2110 abbatis
2866 2055 3138 2112 Pcemenis
3193 2067 3247 2111 et
3306 2057 3474 2110 alium

1893 2141 2182 2212 quemdam
2221 2155 2372 2197 extra
2405 2145 2595 2198 cellam
2633 2160 2786 2199 suam
2818 2164 2832 2199 :
2865 2147 3050 2201 Abbas
3097 2162 3226 2201 vero
3254 2145 3476 2201 Pmmen

1895 2235 2132 2289 nolebat.
2155 2233 2303 2289 Unde
2318 2251 2620 2305 exsurgens
2634 2235 2768 2307 fugit
2785 2237 2849 2291 ad
2868 2238 3116 2292 abbatem
3131 2239 3477 2304 Ammonam,

1893 2324 2136 2394 dicitque
2168 2327 2216 2379 ei
2255 2341 2269 2377 :
2307 2324 2499 2379 Frater
2531 2341 2684 2381 meus
2718 2325 2946 2382 Paesius
2981 2327 3145 2381 habet
3176 2343 3300 2382 cum
3336 2342 3475 2398 quo-

1895 2413 2019 2468 dam
2047 2413 2467 2469 famiiiaritatem
2485 2457 2500 2479 ,
2538 2432 2659 2486 qua;
2683 2431 2767 2471 me
2789 2417 2971 2485 quiete
2990 2417 3167 2471 vivere
3191 2432 3297 2471 non
3325 2417 3475 2471 sinit.

1894 2505 1986 2559 Ait
2035 2506 2110 2560 illi
2159 2507 2327 2575 abbas
2369 2507 2666 2562 Ammouas
2720 2528 2733 2562 :
2783 2508 3030 2571 l’teuien,
3078 2509 3256 2562 adhuc
3300 2508 3483 2563 vivis?

1903 2595 2068 2663 Vade,
2097 2597 2226 2651 sede
2253 2598 2308 2652 in
2336 2599 2472 2652 cella
2501 2607 2628 2666 tua;
2655 2609 2708 2654 et
2737 2616 2876 2670 pone
2903 2602 2956 2654 in
2985 2601 3151 2656 corde
3179 2609 3293 2665 tuo,
3319 2601 3480 2671 quasi

1892 2686 2006 2755 jam
2033 2687 2102 2741 ab
2131 2702 2275 2740 anno
2304 2686 2518 2756 jaceres
2549 2689 2603 2742 in
2634 2691 2909 2758 sepulcro.

1969 2779 2022 2832 5.
2066 2777 2178 2848 (75)
2221 2776 2497 2833 Venerunt
2541 2779 2838 2848 aliquando
2887 2779 3126 2850 regionis
3175 2779 3480 2850 presbyteri

1899 2867 1966 2922 ad
1992 2869 2342 2933 monasteria,
2369 2869 2462 2922 ubi
2491 2879 2607 2924 erat
2636 2869 2804 2924 abbas
2835 2869 3054 2926 Pmmen
3081 2889 3093 2924 :
3121 2882 3174 2925 et
3201 2873 3484 2941 ingressus

1897 2968 1983 3015 est
2021 2959 2190 3015 abbas
2220 2959 2400 3023 Auub,
2437 2960 2682 3030 dixitque
2714 2965 2765 3015 ei
2804 2979 2818 3015 :
2857 2961 3156 3018 Invitemus
3196 2963 3357 3018 hodie
3394 2963 3482 3016 hic

1901 3051 2268 3122 presbyteros.
2308 3050 2558 3121 Cumque
2604 3052 2696 3106 diu
2747 3055 3011 3118 stetisset,
3057 3070 3168 3108 non
3213 3054 3356 3108 dedit
3404 3055 3481 3107 illi

215 3152 380 3212 πολῦ,
423 3149 523 3202 οὐκ
569 3148 767 3201 ἔδωκεν
816 3144 965 3216 αὐτῷ
1013 3145 1325 3215 ἀπόκρισιν.
1375 3142 1486 3196 Kal.
1535 3139 1794 3210 λυπηθεὶς

1912 3156 2242 3212 reSponsum.
2270 3142 2538 3208 Quocirca
2566 3143 2746 3198 tristis
2769 3145 2926 3200 exiit.
2948 3146 3116 3200 Aiunt
3139 3146 3184 3200 ei
3212 3146 3304 3214 qui
3329 3145 3482 3214 juxta

218 3243 437 3314 ἐξῆλθε.
465 3241 726 3310 Λέγουσιν
770 3237 920 3308 αὐτῷ
951 3237 1001 3290 οἱ
1045 3236 1344 3306 καθήμενοι
1390 3236 1556 3302 ἐγγὺς
1599 3230 1793 3285 αὐτοῦ·

230 3331 423 3395 ’Δϐϐᾶ,
461 3329 602 3384 διατι
649 3327 748 3380 οὐκ
805 3325 1014 3388 ἔδωκας
1061 3321 1210 3392 αύτῷ
1264 3320 1590 3391 άπόκρισιν;
1637 3316 1799 3385 Λέγει

217 3425 403 3486 αὐτοῖς
443 3423 473 3474 6
522 3419 693 3482 άϐϐἄς
745 3418 987 3489 Ποιμήν·
1040 3412 1183 3483 Ἐγὼ
1225 3414 1458 3483 πρᾶγμα
1512 3411 1613 3463 ούκ
1653 3408 1796 3478 ἔχω’

217 3517 488 3574 ἀπέθανον
519 3514 628 3586 γάρ
648 3531 661 3543 ·
694 3515 723 3566 6
749 3513 804 3566 δὲ
832 3510 1024 3582 νεκρὸς
1054 3510 1113 3563 ού
1146 3508 1297 3561 λαλεῖ
1318 3507 1385 3559 ⁸⁸.

287 3609 332 3665 δ’
339 3653 354 3666 .
395 3609 578 3680 Γέρων
607 3625 691 3672 τις
724 3603 794 3678 ἦν
829 3606 886 3658 ὲν
915 3603 1176 3684 Αἰγύπτῳ
1206 3601 1312 3671 πρὸ
1348 3598 1442 3652 τοῦ
1469 3596 1642 3651 ἐλθεῖν
1675 3595 1801 3658 τοὺς

221 3701 356 3773 περὶ
384 3700 476 3753 τὸν
506 3698 679 3752 άϐϐάν
712 3696 974 3768 Ποιμένα,
1007 3695 1105 3749 καὶ
1141 3689 1254 3763 εἷχε
1282 3691 1482 3760 γνῶσιν
1511 3689 1607 3743 καὶ
1636 3688 1802 3758 τιμὴν

220 3793 449 3864 πολλήν.
512 3791 598 3854 Ὠς
636 3783 730 3842 οὖν
767 3785 1039 3857 ἀνέϐησαν
1073 3787 1121 3838 οἱ
1165 3783 1294 3854 περὶ
1331 3781 1423 3836 τὸν
1462 3779 1637 3835 ἀϐϐἄν
1674 3779 1804 3832 Ποι-

223 3886 367 3958 μένα
414 3883 522 3936 ἀπὸ
555 3882 659 3951 τῆς
682 3881 958 3951 Σκήτεως,
987 3878 1207 3948 ἀφῆκαν
1245 3875 1408 3929 αὑτὸν
1433 3875 1477 3906 ⁵⁷
1513 3875 1564 3926 οἱ
1591 3871 1803 3944 ἀνθρω-

220 3994 339 4039 ποι,
367 3974 465 4028 καὶ
491 3974 720 4044 ἤρχοντο
755 3971 893 4042 πρὸς
919 3969 1008 4022 τὸν
1037 3967 1211 4021 ἀϐϐἀν
1235 3966 1494 4036 Ποιμένα.
1525 3964 1637 4018 Καὶ
1664 3962 1806 4015 seu-

221 4070 350 4124 ϐετο
376 4069 443 4132 ⁵⁸,
475 4067 568 4120 καὶ
594 4065 741 4134 λέγει
760 4066 874 4127 τοῖς
900 4061 1148 4128 ἀδελφοῖς
1178 4058 1373 4113 αὑτοῦ·
1401 4058 1466 4110 Τί
1496 4057 1806 4126 ποιήσῳμεν

221 4163 300 4234 τῷ
353 4159 577 4234 μεγάλῳ
628 4157 844 4227 γέροντι
885 4153 1081 4224 τούτῳ,
1127 4154 1210 4206 ὅτι
1265 4154 1346 4214 εἰς
1399 4150 1576 4219 θλίψιν
1617 4147 1808 4202 ἔϐαλεν

221 4250 376 4322 ήμᾶς
418 4248 472 4300 οἱ
514 4244 812 4316 ἄνθρωποι,
863 4239 1253 4304 καταλιπόντες
1296 4239 1386 4292 τὸν
1417 4238 1673 4310 γέροντα,
1716 4237 1809 4291 καὶ

223 4345 360 4414 ήμῖν
391 4339 560 4411 μηδὲν
582 4333 700 4391 οὖσι
732 4335 1120 4407 προσέχοντες;
1157 4331 1272 4396 πῶς
1299 4327 1392 4386 οὖν
1417 4330 1692 4400 δυνάμεθα
1722 4328 1811 4382 θε-

1901 3232 2165 3287 sedebant
2203 3251 2217 3286 :
2252 3233 2441 3298 Abba,
2478 3249 2578 3288 cur
2611 3249 2719 3289 non
2758 3235 3098 3304 respondisti
3135 3235 3225 3289 ei?
3258 3233 3484 3303 Excepit

1901 3320 2069 3378 abb'as
2098 3322 2321 3378 Paemcn
2351 3340 2366 3380 ε
2396 3323 2507 3396 Ego
2533 3340 2754 3380 causam
2786 3326 3113 3396 culpamque
3146 3342 3251 3382 non
3286 3326 3481 3380 habeo.

1907 3414 2157 3471 Mortuus
2182 3416 2325 3470 enim
2361 3432 2503 3471 sum.
2531 3416 2776 3474 Mortuus
2805 3426 2984 3472 autem
3013 3433 3122 3472 nou
3152 3417 3412 3487 loquitur.

1979 3596 2033 3651 4.
2064 3596 2175 3667 (74)
2206 3596 2383 3651 Senex
2419 3597 2640 3664 quidam
2672 3597 2906 3668 degebat
2952 3597 3005 3650 in
3061 3594 3296 3665 [Egypto
3332 3599 3484 3647 aute-

1904 3701 2068 3756 quam
2097 3701 2162 3742 eo
2192 3686 2430 3741 venisset
2469 3687 2639 3764 abbas
2671 3685 2892 3742 Piemen
2939 3701 3062 3740 cum
3091 3685 3228 3746 suis,
3262 3694 3489 3751 eratque

1905 3777 2132 3831 multum
2186 3784 2350 3831 notus
2402 3784 2566 3846 atque
2613 3776 2935 3830 honoratus.
2974 3773 3042 3828 Ut
3088 3787 3220 3842 ergo
3273 3789 3302 3824 e
3345 3771 3488 3825 Secti

1905 3868 2149 3924 ascendit
2186 3865 2408 3923 Pcemen
2444 3883 2568 3921 cum
2618 3867 2806 3929 sociis,
2858 3865 3106 3919 homines
3155 3865 3490 3931 reliquerunt

1905 3973 2127 4025 senem,
2164 3966 2217 4013 et
2249 3957 2539 4013 veniebant
2591 3957 2661 4011 ad
2719 3956 2969 4010 abbatem
3010 3954 3353 4016 Pmineneiu;
3389 3953 3488 4022 qui

1907 4050 2225 4120 angebatur.
2245 4051 2432 4120 Itaque
2452 4049 2583 4103 dicit
2606 4047 2866 4102 fratribus
2891 4047 3006 4100 suis
3032 4063 3043 4098 :
3067 4044 3206 4110 Quid
3226 4044 3495 4097 faciemus

1908 4157 2107 4212 magno
2158 4141 2276 4197 seni
2307 4141 2454 4204 huic,
2489 4141 2616 4210 quia
2644 4154 2744 4193 nos
2779 4139 2833 4191 in
2890 4135 3171 4191 molestias
3225 4134 3498 4187 miserunt

1911 4232 2182 4297 homines,
2213 4229 2645 4299 derelinquendo
2671 4242 2882 4290 senem,
2920 4241 2979 4280 ac
3008 4225 3190 4287 nobis,
3229 4222 3322 4292 qui
3356 4222 3497 4276 nihil

1911 4339 2122 4390 sumus,
2141 4321 2498 4377 attendendo?
2523 4321 2775 4387 Quonam
2807 4317 2973 4388 igitur
3001 4316 3162 4371 modo
3193 4313 3500 4386 poterimus

228 4407 506 4508 ραπεύσαι
547 4430 639 4483 τὸν
684 4429 947 4499 γέροντα;
979 4425 1141 4494 Λέγει
1173 4423 1230 4478 δὲ
1275 4423 1457 4486 αὐτοῖς
1481 4437 1495 4450 ·
1539 4420 1798 4492 Ποιήσατε

1916 4417 2064 4472 senis
2083 4415 2325 4470 animum
2343 4413 2574 4468 curare?
2597 4411 2810 4482 Adjecit
2843 4431 2856 4466 :
2881 4409 3145 4465 (louficite
3158 4423 3345 4479 parum
3366 4407 3497 4462 edu-

229 4506 408 4594 μικρὰ
443 4521 728 4593 βρώματα,
769 4521 864 4574 καὶ
890 4517 1081 4572 λάϐετε
1125 4515 1318 4586 σαῖτην
1361 4513 1502 4568 οῐνου
1534 4512 1646 4581 (75)
1667 4527 1680 4542 ⁸
1719 4511 1798 4564 acati

1920 4511 1998 4575 lii,
2032 4516 2084 4562 et
2122 4506 2356 4578 accipite
2403 4507 2597 4562 saitem
2643 4507 2792 4572 vini;
2842 4518 3265 4574 pergamusque,
3297 4517 3360 4554 ac
3389 4515 3501 4554 una

229 4593 461 4685 ἄγοιμεν
487 4613 623 4682 πρὸς
645 4611 826 4674 αὑτὸν,
858 4606 1181 4679 γευσὼμεθα
1210 4604 1344 4675 ὁμοῦ
1360 4620 1373 4633 ·
1396 4602 1536 4674 τάχα
1563 4604 1621 4655 ὲν
1640 4600 1798 4671 τούτιι

1922 4599 2352 4655 manducemus:
2374 4599 2511 4654 forte
2529 4613 2624 4668 per
2653 4598 2755 4651 hoc
2776 4597 3074 4667 poterimus
3103 4593 3328 4648 delinire
3351 4606 3496 4644 eum.

228 4703 594 4777 δυνησώμεθα
638 4701 971 4774 θεραπεῦσαι
1004 4698 1187 4753 αὐτόν.
1251 4695 1586 4750 Ἐϐἀστασαν
1615 4689 1706 4747 οὖν
1748 4691 1798 4746 τὲ

1924 4688 2292 4744 Portaverunt
2320 4689 2488 4760 igitur
2524 4688 2700 4756 cibos,
2737 4695 2791 4742 et
2835 4686 3061 4756 profecti
3110 4695 3254 4740 sunt.
3298 4682 3360 4736 Ut
3397 4697 3495 4734 au-

232 4772 527 4872 βρὼματα,
550 4795 644 4848 καὶ
675 4772 938 4864 ἀπῆλθον.
967 4791 1078 4845 Kal.
1103 4789 1180 4852 ὡς
1210 4787 1476 4860 ἔκρουσαν
1498 4786 1596 4857 τήν
1622 4783 1798 4855 θύραν

1922 4790 2030 4836 tem
2063 4779 2207 4836 fores
2256 4780 2633 4850 pulsaverunt.
2685 4777 2915 4831 audiens
2962 4776 3110 4830 senis
3165 4772 3500 4842 discipulus,

230 4862 545 4960 ἐπήκουσεν
573 4887 619 4920 δ’
645 4889 673 4940 6
715 4862 958 4955 μαθητής
998 4880 1188 4946 αὐτοῦ,
1223 4880 1426 4949 λέγων·
1460 4879 1615 4942 Τίνες
1654 4876 1778 4930 ἐστέ

1921 4871 2306 4942 interrogavit:
2343 4869 2577 4936 Quinam
2601 4869 2774 4923 estis?
2819 4868 2898 4920 illi
2938 4872 3302 4935 exceperunt:
3342 4862 3500 4918 llefer

231 4978 298 5031 οι
414 4969 570 5028 εἷπον
593 4987 610 5002 ⁸
657 4952 1020 5040 Λάλησον-τῷ
1066 4968 1231 5040 άϐϐᾷ,
1261 4967 1343 5020 ὅτι
1384 4967 1412 5018 6
1443 4966 1654 5036 Ποιμήν
1699 4965 1798 5016 ὲστ

1923 4962 2138 5017 abbati:
2168 4959 2393 5014 Poemen
2439 4968 2546 5020 est,
2581 4959 2674 5028 qui
2715 4959 2830 5011 vult
2868 4955 3112 5011 benedici
3153 4969 3183 5007 a
3226 4963 3298 5008 te.
3343 4952 3500 5022 Quod

235 5068 404 5122 θέλων
430 5062 793 5135 εὐλογηθῆναι
819 5060 967 5134 παρὰ
990 5060 1107 5118 σού.
1143 5059 1253 5114 Καὶ
1274 5055 1432 5110 τοῦτο
1449 5055 1542 5109 τοῦ
1569 5054 1798 5127 μαθητοῐ

1924 5069 2049 5109 cum
2105 5052 2408 5123 discipulus
2453 5050 2785 5117 nuntiasset,
2841 5049 2931 5104 ille
2983 5043 3332 5116 significavit,
3416 5043 3502 5098 his

342 5288 472 5327 *ιδ’
535 5284 620 5356 Al_.
665 5283 814 5338 ἀπίει
868 5281 1078 5356 [ἀπῄει]
1130 5278 1443 5356 λαϐεῖνητᾴ.
1496 5349 1508 5356 _
1541 5276 1586 5309 "
1614 5275 1735 5356 liat.
1780 5276 2057 5356 éyeiubv._
2109 5277 2155 5308 “
2206 5275 2290 5356 Al:
2325 5273 2507 5356 τινῶν.
2597 5271 2658 5356 ’⁸⁸
2701 5271 2786 5326 ΑΙ.
2851 5273 2994 5356 μετά
3016 5272 3229 5356 ’τινῷνε
3286 5270 3361 5356 At“
3409 5269 3497 5356 Al.

242 5357 364 5428 add.
418 5357 494 5428 μὴ
543 5351 644 5428 οὖν
687 5341 1006 5428 texisti/mf.
1175 5353 1256 5428 ϐτί.
1313 5343 1415 5403 ὧδέ
1462 5349 1576 5428 εἰμι
1618 5341 2119 5428 βσιρῼμέτζαύτῶν.
2213 5346 2414 5428 “indi;
2430 5343 2521 5398 τὸν
2542 5344 2798 5428 γέροντα.
2839 5413 2850 5428 '
2875 5345 2923 5374 “‘
2965 5343 3049 5395 Al.
3075 5345 3168 5398 καὶ
3215 5341 3426 5411 ἐφθόνει
3469 5348 3497 5399 6

242 5413 438 5500 γέρων,
469 5413 567 5481 καὶ
588 5413 906 5499 ὲκακολόγει
928 5413 1145 5488 αὐτούς.
1181 5421 1452 5476 ’Ἤκουσεν
1491 5413 1584 5474 οὖν
1608 5417 1637 5470 6
1666 5413 1839 5484 ἀϐϐἀς
1861 5419 2108 5490 Ποιμήν,
2143 5415 2236 5471 καὶ
2266 5415 2474 5486 tamen.
2541 5413 2586 5445 "
2618 5413 2709 5466 ‘Al.
2749 5413 3082 5483 ὑπήκουσεν.

2011 5555 2124 5626 (72)
2163 5553 2271 5626 PV-
2307 5550 2461 5626 Βίην·
2495 5565 2570 5612 ⁷ης
2610 5549 2697 5626 ⁵9·
2765 5618 2776 5626 .
2947 5619 2958 5626 .
3132 5614 3261 5626 η..-
3419 5608 3478 5626 ...
3531 5546 3536 5558 ’

2007 5608 2122 5695 (Ἰξῖδ
2148 5623 2270 5695 _l_’it.
2300 5620 2460 5695 _Patr.
2495 5608 2707 5695 xv'i_._8;
2744 5618 2977 5686 Append.
3025 5633 3077 5689 p.
3128 5614 3284 5680 1003,
3327 5628 3383 5666 ιι.
3413 5608 3505 5694 18..

1991 5690 2114 5759 (74)
2148 5692 2252 5747 Vit.
2291 5692 2444 5749 Patr.
2488 5708 2542 5755 ιι,
2570 5690 2660 5746 58.

1993 5764 2110 5835 (75)
2149 5762 2256 5819 Vit.
2298 5762 2456 5817 Patr.
2492 5777 2575 5830 tu,
2612 5763 2711 5832 9'5;
2735 5775 2872 5829 xvu,
2902 5761 2954 5815 8.

316 5561 677 5638 (Ἱ1)Αὰ6ετε
701 5562 1142 5638 σςΐτῃν-οζνογ.
1182 5559 1376 5638 _S__aite_s
1409 5571 1532 5628 qua:
1559 5569 1817 5638 mensura

246 5627 660 5703 sit'ex'plieatur
686 5649 718 5687 a
749 5633 807 5687 S.
845 5627 1159 5703 Epjpliauiq
1182 5630 1276 5703 lib.
1296 5627 1407 5703 __De
1429 5627 1712 5703 ῃι-ειηιιςὶε
1763 5634 1813 5680 et

246 5693 590 5774 ponderibus,
625 5717 745 5773 cap.
771 5703 863 5758 24.
890 5693 1013 5758 ’8ὸά
1040 5709 1093 5758 ct
1128 5697 1406 5755 Palladius
1435 5695 1582 5750 Hist.
1625 5693 1816 5762 Luam,

247 5790 367 5846 cap.
395 5773 491 5841 2‘2,
525 5790 590 5829 ea
613 5789 743 5829 voce
777 5774 966 5828 utitur.
