3982 6336
513 364 619 420 διε)

1680 368 2020 422 ᾹΡΡΕΝΟΙΧ
2061 363 2150 419 AD
2186 363 2604 427 PALLADIUM.

3663 374 3775 429 ἕξει

519 485 733 540 verbis:
760 483 887 550 Abi,
934 498 1044 539 non
1079 485 1210 538 mihi
1246 493 1419 539 vacat.
1465 483 1534 537 At
1568 485 1643 538 illi
1676 490 2095 555 permanserunt

2226 487 2635 554 εναγγείλαντος,
2686 489 2973 559 ἐδήλωσεν,
3015 490 3215 544 εἰπών’
3257 493 3495 560 ’Ύπαγε,
3530 491 3594 545 ού
3647 507 3776 562 σχο-

518 576 587 630 ad
613 584 805 630 aestum
838 577 990 636 solis.
1025 577 1268 632 aientes:
1302 575 1418 631 Non
1444 577 1784 642 secedemus,
1818 577 1924 632 nisi
1948 586 2096 646 post-

521 682 685 735 quam
707 669 856 739 digni
887 670 987 723 visi
1023 669 1292 724 fuerimus
1321 669 1532 724 admitti
1558 684 1588 721 a
1620 685 1770 724 sene.
1811 668 1982 724 Porro
2009 685 2098 724 se-

521 775 647 826 nex,
695 775 926 815 cernens
973 759 1337 814 humilitatem
1383 776 1597 826 eorum,
1629 776 1841 816 necnon
1868 761 2088 831 patien-

522 850 692 913 tiam,
741 851 1161 920 compunctione
1216 851 1412 905 ductus
1449 852 1680 921 aperuit.
1743 851 1810 905 Et
1866 853 2096 922 ingressi

523 940 704 995 cibum
741 947 1091 1010 sumpserunt
1138 956 1262 995 cum
1305 957 1390 996 eo.
1427 941 1563 996 Cum
1596 951 1774 998 autem
1805 943 2098 998 manduca-

524 1039 666 1097 rent,
704 1032 793 1087 ille
848 1031 1016 1086 dixit:
1074 1031 1310 1096 Revera,
1347 1049 1455 1088 non
1486 1042 1614 1088 sunt
1647 1049 1710 1088 ea
1743 1035 1858 1089 sola
1891 1051 2008 1106 quae
2035 1035 2102 1091 de

522 1123 681 1176 vobis
739 1122 943 1185 audivi,
1001 1121 1096 1177 sed
1151 1123 1470 1191 centuplum
1519 1123 1780 1192 conspexi
1827 1124 1880 1177 in
1936 1139 2101 1193 opere

524 1220 730 1267 vestro.
765 1212 840 1266 Ex
870 1213 963 1266 illa
988 1227 1117 1282 ergo
1141 1213 1228 1268 die
1260 1215 1469 1268 amicus
1491 1228 1682 1268 eorum
1724 1215 1956 1270 exstitit.

597 1304 652 1358 5.
688 1303 799 1376 (76)
838 1303 1021 1358 Voluit
1045 1305 1338 1374 aliquando
1367 1320 1578 1375 praeses
1604 1306 1904 1376 provincia:
1955 1307 2102 1362 illius

513 1392 714 1448 videre
753 1392 1004 1446 abbatem
1051 1390 1400 1457 Ptemenem;
1432 1407 1532 1446 nec
1577 1391 1895 1446 admittebat
1913 1407 2099 1446 senex.

528 1487 702 1557 Igitur
759 1493 977 1555 sumpto
1010 1493 1300 1554 praetextu,
1335 1487 1492 1554 quasi
1544 1485 1914 1537 facinorosum
1953 1497 2105 1536 com-

529 1577 869 1650 prehensum
907 1575 1078 1629 lilium
1114 1575 1324 1629 sororis
1354 1573 1496 1642 ejus,
1530 1573 1680 1628 misit
1721 1572 1774 1626 in
1804 1585 2103 1636 carcerem,

527 1671 722 1726 dicens
747 1689 760 1723 :
797 1669 855 1724 Si
886 1669 1096 1723 venerit
1117 1683 1282 1723 senex
1328 1675 1383 1721 et
1402 1667 1642 1721 oraverit
1666 1682 1766 1736 pro
1783 1681 1871 1732 eo,
1897 1681 1996 1737 ego
2023 1665 2107 1720 di-

2197 576 2362 641 λάζω.
2399 580 2463 630 Οἱ
2491 579 2546 631 δὲ
2574 579 2870 650 ὑπέμειναν
2903 578 2982 644 εἰς
3004 582 3064 634 τὸ
3089 583 3294 653 καῦμα,
3323 583 3571 650 λέγοντες
3593 599 3607 612 ·
3659 584 3780 636 υύκ

2198 665 2607 737 ἀναχωροῦμεν,
2641 668 2734 721 ἐὰν
2784 669 2858 740 μὴ
2902 671 3324 742 καταξιωθῶμεν
3367 672 3460 725 τοῦ
3495 672 3776 744 γέροντος.

2213 758 2270 810 '0
2298 758 2354 811 δέ
2370 759 2567 828 γέρων,
2602 760 2723 814 ἰδὼν
2747 761 2844 830 τὴν
2864 763 3188 816 ταπείνωσιν
3205 764 3381 817 αὐτῶν
3404 765 3497 818 καὶ
3520 765 3620 836 τὴν
3636 764 3780 818 ὑπο-

2203 850 2392 920 μονὴν,
2428 853 2753 920 κατανυγεὶς
2779 892 2792 916 ,
2818 853 3051 924 ἀνέῳξεν
3079 856 3282 918 αὐτοῖς.
3310 857 3420 909 Καὶ
3444 856 3783 921 εἰσελθόντες

2201 942 2496 1010 ἐγεύσαντο
2526 944 2640 1012 μετ’
2670 944 2854 998 αὑτοῦ.
2898 945 3216 999 Ἐσθιόντων
3243 947 3298 998 δέ
3339 946 3538 1010 αὐτῶν,
3588 947 3744 1015 ἔλεγε
3764 963 3777 978 ⁸

2215 1033 2330 1084 Ἐπ’
2376 1033 2649 1104 ἀληθείας,
2678 1035 2778 1088 οὐκ
2824 1037 2931 1089 εἰσὶ
2963 1037 3097 1107 μόνα
3125 1037 3160 1090 ἃ
3201 1039 3412 1108 ἀκήκοα
3449 1039 3573 1109 περὶ
3600 1038 3778 1108 ὑμῶν,

2201 1123 2318 1177 ἀλλ’
2363 1127 2895 1180 ἑκατονταπλασίονα
2967 1124 3105 1181 εἶδον
3173 1130 3229 1181 ἐν
3281 1128 3357 1198 τῷ
3407 1127 3552 1198 ἔργῳ
3601 1127 3779 1199 ὑμῶν.

2216 1215 2462 1283 Ἐγένετο
2499 1216 2555 1269 δέ
2603 1217 2784 1270 αὐτῶν
2826 1217 2980 1286 φίλος
3012 1218 3121 1271 ἀπὸ
3152 1219 3250 1288 τῆς
3287 1221 3500 1290 ἡμέρας
3540 1220 3781 1290 ἐκείνης.

2275 1311 2336 1357 ε’.
2401 1305 2658 1375 Ἠθέλησέ
2705 1323 2833 1359 ποτε
2880 1309 2908 1360 ό
2953 1307 3137 1378 ἄρχων
3185 1311 3285 1378 τῆς
3345 1308 3526 1379 χώρας
3567 1309 3782 1378 ἐκείνης

2209 1396 2335 1449 ἰδεῖν
2375 1396 2466 1448 τὸν
2499 1397 2673 1450 ἀϐὄᾶν
2709 1398 2974 1469 Ποιμένα,
3023 1401 3120 1453 καὶ
3160 1399 3220 1452 ού
3264 1398 3581 1469 κατεδέχετο
3620 1402 3651 1454 6
3691 1400 3786 1467 γέ-

2209 1505 2339 1559 ρων.
2390 1488 2668 1559 Προφάσει
2713 1489 2768 1543 δὲ
2813 1491 2890 1554 ὡς
2932 1490 3239 1563 κακοῦργον
3279 1491 3509 1562 κατέσχε
3548 1492 3640 1544 τὸν
3669 1492 3786 1545 υἱὸν

2206 1579 2308 1649 τῆς
2342 1581 2581 1652 ἀδελφῆς
2603 1582 2788 1648 αὑτοῦ,
2821 1585 2915 1636 καὶ
2945 1583 3134 1638 ἔϐαλεν
3168 1586 3248 1648 εἰς
3277 1585 3543 1656 φυλακήν,
3572 1584 3747 1651 λέγων
3767 1602 3783 1616 ³

2222 1673 2346 1728 Ἐὰν
2373 1673 2499 1744 ἔλθῃ
2521 1677 2550 1728 6
2575 1675 2771 1746 γέρων,
2800 1676 2894 1729 καὶ
2918 1677 3270 1748 παρακαλέσῃ
3297 1677 3437 1750 ὑπὲρ
3464 1677 3647 1743 αὑτοῦ,
3676 1677 3788 1746 ἐγὼ

531 1765 762 1819 mittam.
801 1761 1050 1816 Accessit
1085 1775 1242 1816 soror
1275 1759 1419 1828 ejus,
1453 1759 1660 1814 dellens
1699 1759 1766 1812 ad
1786 1758 2028 1826 ianuam.
2058 1759 2104 1812 Is

2226 1764 2430 1817 la:on
2468 1766 2651 1820 αὐτόν.
2681 1767 2790 1820 Kal
2832 1763 2994 1838 ἦλθεν
3031 1770 3065 1839 ἡ
3110 1767 3311 1838 ἀδελφὴ
3357 1767 3521 1822 αὐτοῦ
3569 1769 3790 1820 κλαίου-

529 1869 661 1908 vero
687 1869 797 1907 non
825 1852 974 1907 dedit
997 1866 1342 1920 responsum.
1381 1850 1561 1916 Quare
1585 1850 1780 1904 mulier
1803 1849 2105 1905 maledictis

2226 1873 2281 1907 ra
2357 1856 2494 1926 πρὸς
2533 1860 2598 1927 τῇ
2648 1856 2806 1929 θύρᾳ.
2867 1857 2927 1910 Ὀ
2986 1859 3042 1911 δέ
3097 1859 3197 1912 οὐκ
3241 1859 3438 1912 ἔδωκεν
3483 1859 3617 1929 αὐτῇ
3654 1859 3789 1911 ἀπό-

531 1941 618 1996 his
652 1942 940 2010 appetebat
969 1953 1132 1995 eum:
1169 1937 1486 1994 Visceribus
1531 1939 1696 1993 aureis
1717 1940 1960 2008 praadite,
1992 1940 2109 1992 mi—

527 2049 715 2089 serere
772 2032 900 2096 mei,
932 2033 1062 2101 quia
1117 2031 1261 2086 hanc
1315 2047 1477 2086 unam
1525 2031 1769 2086 sobolem
1817 2031 2011 2085 habeo.
2042 2031 2110 2086 At

531 2127 627 2180 ille
657 2126 883 2178 mittens
908 2124 1279 2178 renuntiavit:
1312 2123 1536 2178 Pmmcn
1564 2124 1766 2178 liberos
1787 2139 1897 2178 non
1924 2140 2111 2180 susce-

531 2218 634 2288 pit.
663 2217 843 2287 Atque
866 2215 1095 2271 recessit
1127 2216 1183 2269 in
1231 2215 1377 2270 hunc
1406 2215 1645 2270 modum.
1682 2215 1752 2270 lis
1785 2231 1916 2285 ergo
1955 2215 2111 2269 audi-

531 2311 627 2375 tis,
666 2324 867 2379 prasses
903 2307 1070 2374 misit,
1107 2308 1288 2363 aiens:
1318 2305 1524 2362 Saltem
1554 2308 1719 2362 verbo
1746 2308 1936 2377 jubeat
1965 2326 1979 2375 ;
2029 2308 2112 2363 di-

533 2404 745 2455 mittam
808 2402 983 2455 illum.
1040 2384 1218 2457 Senex
1276 2416 1406 2457 vero
1463 2401 1709 2456 vicissim
1753 2401 2109 2472 significavit:

533 2495 752 2565 luquire
783 2495 1086 2550 secundum
1127 2495 1306 2564 leges;
1339 2502 1394 2548 et
1443 2505 1618 2550 morte
1669 2495 1715 2548 si
1763 2493 1961 2566 dignus
2004 2501 2110 2558 est,

533 2588 822 2652 nmriatur;
860 2589 905 2642 si
946 2602 1055 2641 non
1084 2594 1185 2652 est,
1216 2587 1300 2641 fac
1331 2594 1388 2640 ut
1423 2586 1708 2656 placuerit.

607 2679 662 2733 6.
696 2680 808 2751 (77)
840 2680 1079 2749 Deliquit
1101 2679 1400 2749 aliquando
1425 2679 1594 2733 frater
1623 2679 1679 2732 in
1715 2676 2000 2743 cmnohio;
2028 2678 2117 2733 de-

533 2772 696 2842 gebat
727 2780 906 2826 autem
941 2773 1009 2826 iis
1059 2772 1115 2825 in
1169 2772 1305 2826 locis
1364 2771 1718 2835 anachoreta,
1764 2771 1855 2840 qui
1892 2786 1921 2824 a
1955 2771 2116 2840 longo

536 2873 778 2930 tempore
828 2877 937 2915 non
987 2869 1356 2932 processerat.
1419 2859 1656 2915 Veniens
1700 2876 1830 2931 ergo
1881 2860 2116 2914 cmuobii

535 2954 706 3009 abbas
732 2954 798 3008 ad
829 2971 1037 3020 senem,
1066 2954 1338 3008 nuntiavit
1368 2955 1418 3009 ei
1448 2953 1515 3007 de
1555 2952 1722 3008 fratre
1754 2955 1847 3022 qui
1875 2954 2118 3022 delique-

536 3055 641 3102 rat.
679 3047 768 3100 Ait
799 3048 922 3101 ille:
960 3047 1231 3115 Expellite
1260 3061 1410 3100 eum.
1444 3044 1714 3115 Egressus
1741 3060 1868 3098 vero
1892 3044 2060 3099 frater
2089 3061 2120 3098 e

538 3137 818 3197 coenobio,
846 3137 1071 3189 intravit
1095 3137 1149 3189 in
1180 3135 1519 3205 speluncam,
1554 3135 1736 3205 ibique
1765 3135 1947 3188 flebat.
1977 3136 2120 3190 Con-

539 3226 662 3294 tigit
698 3232 1008 3293 opportune
1041 3233 1098 3277 ut
1122 3223 1321 3279 fratres
1354 3224 1604 3278 nonnulli
1641 3224 1731 3293 qui
1758 3224 1824 3277 ad
1865 3224 2114 3279 abbatem

539 3315 847 3370 Pmmenem
867 3313 1374 3383 proﬁciscebantur,
1393 3313 1648 3370 audirent
1677 3315 1825 3368 illum
1867 3313 2082 3370 ﬂentem
2101 3335 2116 3384 ς

540 3411 634 3481 qui
663 3410 895 3479 ingressi
948 3410 1276 3465 invenerunt
1332 3424 1548 3476 summo
1601 3409 1857 3464 alfectum
1896 3411 2117 3476 dolore,

540 3501 860 3569 hortatique
906 3509 1027 3556 sunt
1065 3509 1124 3554 ut
1157 3499 1226 3554 ad
1257 3515 1443 3555 senem
1491 3509 1770 3570 pergeret;
1797 3501 1892 3556 sed
1925 3503 2118 3569 noluit,

541 3595 768 3649 dicens:
801 3592 898 3647 Hic
927 3608 1030 3663 ego
1071 3593 1301 3648 morior.
1336 3591 1630 3648 Venientes
1660 3609 1823 3664 porro
1861 3594 1929 3648 ad
1955 3575 2125 3649 abba-

541 3694 652 3738 tem
682 3683 990 3739 Pmmenem
1050 3699 1169 3738 rem
1207 3683 1257 3738 ei
1309 3693 1693 3739 narraverunt.
1730 3684 1823 3739 Ille
1869 3683 2145 3755 precibus.

543 3775 799 3830 inductos
828 3791 894 3830 eo
922 3775 1155 3840 remisit,
1178 3776 1427 3832 dicturos
1459 3776 1614 3830 fratri
1643 3796 1656 3832 :
1687 3778 1869 3832 Abbas
1899 3776 2124 3831 Pcemen

541 3874 704 3920 vocat
755 3874 826 3921 te.
885 3865 1044 3921 Venit
1076 3867 1262 3922 frater.
1311 3869 1481 3934 Quem
1526 3884 1689 3923 senex
1726 3869 1957 3924 intuitus
1988 3869 2124 3923 allii-

544 3968 715 4024 ctum,
758 3963 1017 4020 surrexit.
1045 3962 1363 4031 complexus
1397 3970 1502 4027 est,
1549 3969 1603 4016 et
1641 3977 1766 4015 cum
1797 3976 1862 4016 co
1896 3963 2126 4017 comiter

545 4069 732 4124 agens,
767 4056 978 4124 rogavit
1012 4062 1071 4108 ut
1102 4055 1285 4109 cibum
1318 4061 1582 4109 sumeret.
1620 4052 1767 4107 Misit
1794 4061 1976 4107 autem
2027 4053 2126 4107 ab-

545 4147 646 4202 bas
682 4146 903 4202 Pmmen
942 4148 1178 4217 aliquem
1215 4146 1444 4201 fratrum
1478 4162 1704 4202 suorum
1739 4147 1802 4202 ad
1837 4147 2130 4202 anachore-

548 4244 682 4301 tam,
713 4238 805 4306 qui
849 4239 1160 4292 nuntiaret:
1195 4238 1234 4290 A
1272 4241 1459 4294 multis
1498 4241 1658 4295 annis
1693 4239 1878 4294 videre
1907 4245 1958 4293 te
1983 4237 2130 4293 desi-

549 4327 703 4388 dero,
731 4337 1018 4396 postquam
1039 4330 1104 4382 de
1134 4330 1298 4385 rebus
1327 4333 1435 4385 tuis
1481 4333 1700 4399 audivi;
1732 4333 1822 4388 sed
1846 4348 1912 4388 ex
1940 4333 2130 4385 ambo-

548 4434 671 4472 rum
710 4420 923 4488 pigritia
977 4435 1084 4474 non
1114 4423 1396 4490 congressi
1420 4439 1634 4479 sumus.
1665 4425 1819 4479 Nunc
1841 4440 1988 4495 ergo,
2019 4423 2130 4478 Dco

2213 1965 2414 2018 κρισιν.
2479 1949 2544 2001 Ἠ
2591 1950 2649 2002 δὲ
2697 1949 2956 2020 ἐλοιδόρει
3002 1950 3195 2015 αὑτὸν,
3249 1949 3515 2019 λέγουσαο
3569 1949 3785 2004 Χαλκό-

2217 2037 2511 2108 σπλαγχνε.
2548 2039 2770 2108 ἐλέησόν
2803 2057 2891 2108 με,
2927 2042 3007 2094 ὅτι
3057 2042 3350 2111 μονογενής
3386 2042 3475 2111 μοι
3511 2045 3677 2095 ἐστιν.
3721 2042 3781 2094 ’0

2215 2129 2270 2182 δὲ
2305 2129 2522 2200 πέμψας
2561 2127 2714 2183 εἶπεν
2748 2132 2918 2204 αὐτῇ·
2950 2131 3158 2204 Ποιμὴν
3185 2136 3349 2188 τέκνα
3377 2133 3477 2186 οὐκ
3512 2133 3786 2202 ἐγέννησε.

2218 2223 2327 2275 Kal
2352 2222 2523 2286 οὕτως
2555 2221 2921 2294 ἀνεχώρησεν.
2967 2224 3229 2288 Ἀκούσας
3256 2225 3310 2278 δὲ
3337 2225 3539 2295 ἄρχων,
3564 2224 3778 2295 ἔπεμψε

2219 2312 2418 2381 λέγων·
2460 2312 2578 2366 Κᾶν
2621 2312 2764 2384 λόγῳ
2819 2314 3072 2388 κελεύσῃ,
3120 2315 3341 2369 ἀπολύω
3389 2315 3571 2370 αὐτόν.
3630 2317 3689 2369 '0
3735 2316 3792 2369 δὲ

2219 2406 2398 2477 γέρων
2449 2404 2806 2475 ἀντεδήλωσε,
2858 2405 3066 2473 λέγων·
3131 2404 3418 2469 Ἐξέτασον
3471 2406 3614 2459 κατά
3666 2407 3793 2470 τοὺς

2220 2495 2448 2565 νόμους·
2487 2496 2581 2547 καὶ
2615 2497 2663 2548 εξ
2704 2495 2852 2561 ἄξιός
2891 2497 3006 2549 ἐστι
3055 2495 3307 2560 θανάτου,
3344 2496 3691 2550 ἀποθανέτωο
3744 2501 3793 2551 εξ

2220 2585 2278 2637 δὲ
2305 2584 2405 2638 οὐκ
2441 2585 2606 2649 ἔστιν,
2638 2585 2713 2648 ὼς
2748 2584 2925 2654 βούλει
2957 2585 3182 2656 ποίησον
3207 2584 3277 2642 ⁸⁸.

2296 2684 2370 2740 ς’.
2423 2677 2660 2748 Ἐσφάλη
2691 2677 2822 2729 ποτὲ
2866 2676 3092 2745 ἀδελφὸς
3121 2677 3178 2728 ἐν
3216 2677 3501 2748 κοινοϐἰῳο
3544 2673 3612 2748 ἦν
3651 2677 3706 2730 δὲ
3737 2678 3794 2729 ἐν

2221 2772 2336 2831 τοῖς
2365 2769 2552 2831 τόποις
2586 2768 2812 2831 ἐκείνοις
2845 2769 3234 2838 ἁναχωρητής·
3277 2768 3371 2820 καὶ
3405 2767 3584 2838 πολλῷ
3621 2768 3798 2839 χρόνῳ

2223 2860 2284 2912 οὐ
2319 2857 2604 2928 προῆλθεν.
2649 2858 2848 2911 Ἐλθὼν
2877 2858 2932 2911 δέ
2964 2857 2990 2908 6
3019 2856 3193 2921 ἀὸὅᾶς
3232 2857 3326 2910 τοῦ
3367 2858 3632 2911 κοινοὸξου
3662 2858 3799 2929 πρὸς

2224 2951 2315 3004 τὸν
2346 2950 2598 3020 γέροντα,
2637 2950 2957 3021 ἀνήγγειλεν
2989 2949 3137 3020 αὐτῷ
3181 2950 3308 3021 περὶ
3340 2949 3432 3003 τοῦ
3484 2951 3796 3019 σφαλέντος.

2237 3043 2295 3096 '0
2323 3043 2379 3095 δὲ
2411 3036 2532 3093 εἷπε
2554 3059 2567 3072 ·
2619 3040 2854 3107 Διώξατε
2889 3041 3070 3095 αὐτόν.
3111 3039 3371 3106 Ἐξελθὼν
3409 3041 3465 3094 δὲ
3499 3044 3527 3094 ό
3571 3041 3802 3110 ἀδελφὸς

2228 3133 2321 3187 τοῦ
2355 3132 2644 3196 κοινοὸξου,
2693 3133 2937 3204 εἰσῆλθεν
2985 3135 3066 3196 εἰς
3110 3133 3408 3206 χαράδραν,
3444 3134 3545 3187 καὶι
3585 3135 3800 3188 ἔκλαιεν

2226 3228 2360 3280 ἐκεῖ.
2408 3224 2754 3296 Εὑκαίρησαν
2797 3225 2854 3277 δέ
2899 3225 3115 3294 ἀδελφοὶ
3151 3226 3512 3295 ἀπερχόμενοι
3547 3227 3680 3297 πρὸς
3709 3226 3802 3280 τὸν

2222 3317 2397 3371 ἀ66ᾶν
2440 3317 2704 3386 ΙΙοιμένα,
2742 3317 2836 3369 καὶ
2870 3317 3111 3388 ἤκουσαν
3145 3316 3308 3369 αὑτοῦ
3353 3317 3661 3381 κλαίοντος·
3710 3320 3805 3372 καὶ

2223 3408 2553 3473 εἰσελθόντες
2599 3404 2755 3481 εὖρον
2788 3408 2951 3462 αὑτὸν
2985 3410 3042 3463 ἐν
3072 3409 3290 3480 μεγάλῳ
3323 3409 3499 3479 πόνῳο
3535 3411 3630 3462 καλ⁵
3655 3427 3801 3480 παρ-

2226 3502 2490 3556 εκάλεσαν
2512 3501 2672 3554 αὑτὸν
2697 3497 2826 3573 ἆραι
2843 3501 2978 3571 πρὸς
3002 3501 3092 3554 τὸν
3108 3501 3356 3572 γέροντα.
3381 3501 3489 3554 Kal
3504 3501 3603 3554 οῦκ
3620 3501 3802 3571 ήθελε,

2223 3595 2398 3663 λέγων
2417 3613 2430 3627 ο
2480 3589 2608 3648 Ἷὶδε
2643 3594 2752 3663 ἐγὼ
2782 3594 3130 3665 ἀποθνήσκω.
3169 3593 3440 3655 Ἐλθόντες
3471 3593 3528 3645 δὲ
3555 3594 3690 3664 πρὸς
3711 3592 3805 3646 τὸν

2226 3683 2399 3738 ἀ66ἄν
2420 3684 2660 3754 Ποιμένα
2698 3683 3026 3754 διηγήσαντο
3051 3683 3218 3754 αύτῷ.
3276 3685 3384 3737 Kal
3418 3684 3807 3754 παρακαλέσας

2227 3777 2444 3839 αὐτοὺς,
2465 3775 2748 3830 ἀπέστειλε
2770 3776 2941 3845 λέγων
2963 3794 2976 3807 ⁸
3008 3776 3212 3829 Εἴπατε
3235 3777 3402 3847 αὐτῷ,
3420 3776 3501 3828 ὅτι
3545 3775 3602 3828 '0
3634 3775 3810 3839 eaea,-

2229 3866 2437 3937 Ποιμὴν
2468 3869 2635 3935 φωνεῖ
2667 3884 2746 3920 σε.
2779 3863 2948 3920 *Ηλθε
2968 3867 3024 3921 δέ
3055 3867 3190 3938 πρὸς
3207 3868 3367 3921 αὐτὸν
3392 3870 3420 3920 ό
3439 3866 3689 3934 ἀδελφόςο
3714 3869 3810 3920 καὶ

2233 3957 2354 4011 ἰδὼν
2372 3959 2533 4011 αὐτὸν
2567 3961 2595 4012 6
2622 3958 2800 4030 γέρων
2831 3959 3208 4030 τεθλιμμένον,
3229 3960 3465 4022 ἀναστὰς
3499 3960 3808 4030 ἠσπάσατο,

2230 4051 2326 4104 xal
2363 4049 2832 4121 χαριεντιζόμενος
2869 4055 2984 4122 μετ’
3019 4052 3204 4117 αὐτοῦ,
3242 4053 3584 4124 παρεκάλεσε
3607 4056 3810 4123 γεύσα-

2233 4141 2376 4195 σθαι.
2406 4140 2718 4195 Ἀπέστειλε
2733 4141 2788 4193 δὲ
2805 4143 2832 4194 6
2847 4141 3020 4204 ἀὸὁᾶς
3039 4142 3244 4213 Ποιμήν
3260 4142 3366 4196 τῶν
3386 4144 3627 4212 ἀδελφῶν
3642 4146 3811 4199 αὐτοῦ

2230 4250 2357 4288 τινα
2389 4235 2524 4306 πρὸς
2544 4234 2634 4287 τὸν
2666 4233 3042 4306 ἀναχωρητὴν,
3073 4234 3247 4302 λέγων
3266 4252 3280 4265 ο
3317 4235 3409 4287 Ἐκ
3440 4235 3645 4290 πολλῶν
3674 4237 3814 4292 ἐτῶν

2233 4325 2540 4396 ἐπεθύμουν
2575 4342 2634 4378 σε
2671 4325 2820 4390 ἰδεῖν,
2862 4325 3076 4379 ἀκούων
3118 4326 3188 4379 τὰ
3235 4327 3362 4399 περὶ
3409 4327 3524 4390 σοῦ,
3558 4329 3652 4380 καὶ
3701 4329 3812 4384 ἀπὸ

2233 4415 2492 4486 όκνηρίας
2525 4415 2847 4486 ἀμφοτέρων
2881 4416 2940 4468 ού
2977 4416 3338 4487 συνετύχομεν
3380 4417 3649 4488 ἀλλήλοις.
3695 4418 3814 4473 Νῦν

549 4509 785 4574 volente,
814 4510 1105 4566 occasione
1139 4512 1344 4578 oblata,
1375 4513 1614 4567 laborem
1648 4515 1860 4569 itineris
1886 4518 2117 4586 suscipe,

2232 4504 2324 4562 οὖν
2347 4507 2480 4562 Θεοῦ
2513 4508 2775 4573 θέλοντος,
2806 4509 2899 4561 καὶ
2929 4511 3183 4580 ἀφορμῆς
3209 4510 3528 4582 γενομένης,
3553 4509 3814 4580 σκύλθητι

551 4617 615 4657 ac
652 4601 959 4659 videbimus
995 4618 1123 4658 nos.
1157 4600 1274 4657 Non
1309 4604 1455 4658 enim
1505 4605 1884 4674 egrediebatur
1921 4623 1950 4662 c
1992 4610 2127 4663 cella

551 4709 671 4751 sua.
712 4693 807 4749 Ille
842 4693 1092 4758 audiens,
1129 4695 1269 4765 apud
1318 4709 1414 4748 se:
1449 4692 1564 4749 Nisi
1606 4693 1748 4749 Deus
1794 4697 1911 4750 scni
1952 4697 2128 4767 inspi-

551 4794 752 4851 rasset,
790 4802 898 4842 n0n
928 4789 1172 4843 misisset
1211 4787 1277 4841 ad
1309 4803 1415 4841 me.
1449 4785 1719 4852 Quocirca
1754 4802 2006 4859 surgens,
2035 4805 2126 4844 ac-

550 4881 740 4937 cessit.
766 4881 1013 4951 Cumque
1038 4895 1097 4936 sc
1127 4887 1318 4935 mutuo
1344 4879 1449 4934 laeti
1474 4880 1826 4945 salutassent,
1850 4881 2126 4934 sederunt.

527 4970 691 5026 .Tum
740 4973 808 5027 ad
861 4989 986 5028 eum
1015 4973 1186 5027 abbas
1213 4971 1437 5029 Pmmen
1474 4973 1620 5026 hunc
1656 4971 1893 5027 instituit
1920 4987 2131 5028 sermo-

552 5081 676 5121 nem
705 5085 718 5122 :
748 5066 865 5123 Duo
897 5067 1144 5121 homines
1175 5067 1229 5120 in
1270 5067 1506 5136 quodam
1537 5065 1658 5120 loco
1707 5064 1995 5133 degebant,
2035 5066 2128 5135 qui

554 5157 716 5211 ambo
752 5165 997 5212 mortuos
1053 5156 1327 5210 habebant
1382 5155 1524 5225 apud
1578 5170 1679 5220 se;
1729 5153 1938 5209 dimisit
1987 5171 2130 5211 unus

554 5256 828 5303 mortuum
848 5264 1030 5313 suum,
1059 5257 1222 5318 atque
1247 5249 1382 5302 abiit
1412 5248 1480 5301 ad
1505 5247 1826 5317 plorandum
1854 5255 2130 5302 mortuum

556 5338 782 5394 alterius
832 5339 965 5410 (78).
1018 5340 1264 5394 Audiens
1324 5353 1488 5409 porro
1541 5354 1730 5403 senex,
1772 5347 2132 5409 compunctus

555 5438 642 5486 est
673 5445 739 5486 ea
769 5431 1040 5499 oratione,
1080 5429 1509 5501 recordatusque
1529 5437 1613 5484 est
1642 5431 1718 5484 rei
1745 5445 1907 5500 quam
1933 5429 2136 5485 fecerat

2234 4601 2340 4665 ἕως
2381 4599 2489 4654 τῶν
2531 4591 2635 4652 ὧδε
2687 4601 2780 4652 καὶ
2833 4599 3099 4670 βλέπομεν
3143 4599 3424 4671 ἀλλήλους.
3476 4597 3586 4655 Ἦν
3632 4600 3688 4653 δὲ
3741 4598 3817 4671 μὴ

2237 4692 2596 4764 ἐξερχόμενος
2647 4692 2709 4743 ἐκ
2760 4688 2854 4742 τοῦ
2904 4688 3114 4742 κελλῑου
3169 4688 3366 4743 αὐτοῦ·
3425 4688 3518 4742 καὶ
3576 4687 3819 4756 ἀκούσας

2238 4786 2454 4855 ἔλεγεν·
2490 4785 2553 4838 Εἰ
2605 4785 2679 4856 μὴ
2722 4785 2750 4836 6
2798 4783 2929 4847 Θεὸς
2965 4781 3378 4853 ἐπληροφόρησε
3421 4781 3512 4833 τὸν
3559 4781 3817 4852 γέροντα,

2238 4879 2338 4931 οὐκ
2381 4875 2446 4931 ἂν
2480 4875 2723 4947 ἔπεμψεν
2759 4875 2842 4927 ἐπ’
2877 4873 2997 4944 ἐμέ.
3051 4874 3161 4926 Kal
3202 4871 3438 4935 ἀναστὰς
3498 4867 3630 4942 ἦλθε
3679 4872 3820 4943 πρὸς

2241 4968 2423 5022 αὐτόν.
2497 4969 2605 5020 Καὶ
2670 4966 3054 5036 ἀσπασάμενοι
3125 4962 3386 5036 ἀλλήλους
3448 4960 3586 5029 μετὰ
3641 4963 3822 5034 χαρᾶς

2241 5060 2519 5116 ἐκάθισαν.
2574 5055 2709 5114 Εἷπε
2756 5060 2812 5112 δὲ
2867 5058 3018 5128 αὑτῷ
3050 5057 3223 5119 ἀϐδᾶς
3271 5056 3518 5125 Ποιμήν
3571 5052 3676 5107 Δύο
3723 5052 3823 5108 ἀν-

2241 5155 2449 5226 θρωποι
2477 5150 2617 5225 ἦσαν
2648 5155 2706 5206 ἐν
2742 5152 2892 5222 τόπῳ
2918 5152 3026 5204 τινὶ
3053 5151 3120 5216 ⁸¹,
3147 5150 3242 5202 καὶ
3268 5148 3566 5218 ἀμφότεροι
3592 5145 3824 5216 νεκροὺς

2241 5244 2419 5318 εἶχον·
2457 5247 2637 5315 ἀφῆκε
2664 5245 2720 5298 δέ
2753 5247 2782 5298 6
2819 5238 2897 5307 εἷς
2928 5243 3020 5296 τὸν
3053 5243 3245 5314 νεκρὸν
3269 5239 3458 5306 αὑτοῦ,
3487 5239 3579 5293 καὶ
3609 5235 3824 5307 ἀπῆλθε

2242 5335 2474 5391 κλαῦσαι
2503 5335 2595 5387 τὸν
2635 5333 2728 5386 τοῦ
2787 5333 2992 5402 ἐτέρου.
3036 5331 3298 5394 Ἀκούσας
3325 5329 3382 5383 δὲ
3421 5331 3450 5382 6
3481 5328 3656 5398 γέρων
3683 5341 3791 5381 κατ

2243 5429 2408 5499 ενύγη
2440 5428 2534 5481 ἐπὶ
2559 5427 2637 5498 τῷ
2662 5427 2826 5497 λόγῳ,
2854 5427 2949 5480 καὶ
2987 5422 3233 5497 ἐμνήσθη
3265 5421 3293 5475 ὃ
3340 5420 3586 5492 ἐποίησε,
3617 5424 3708 5479 καὶ
3745 5419 3792 5478 εἷ

627 5585 675 5618 ⁸⁸
710 5585 796 5640 Al.
826 5585 952 5643 add.
992 5588 1020 5640 6
1043 5586 1099 5640 δέ
1127 5587 1312 5659 ἄρχων
1345 5585 1609 5652 ἀκούσας,
1638 5585 1759 5640 τότε
1790 5585 1952 5642 αὐτὸν
1977 5589 2269 5648 ἀπέλυσεν.
2342 5586 2389 5620 ⁸¹
2427 5584 2513 5640 ΑΙ·
2549 5585 2650 5640 ἑνί.

568 5726 742 5856 13(76)
783 5729 888 5784 Vit.
922 5730 1078 5789 Patr.
1109 5747 1228 5797 vm,
1283 5729 1388 5800 15;.
1422 5728 1618 5786 Radcri
1654 5714 2034 5801 Viridarnilu,
2079 5731 2130 5801 6,

2316 5729 2430 5793 (ΠΧ
2462 5726 2563 5781 Vit.
2596 5725 2749 5779 Patr.
2781 5740 2853 5784 Ix,
2885 5725 2938 5777 7.

2316 5800 2426 5874 (78)
2459 5797 2679 5855 Dorutb.
2705 5795 2885 5852 Doctr.
2915 5795 2968 5852 ϐ.
