3982 6336
208 353 320 436 εει

1349 369 1956 427 ΑΡΟΡΗΤῙΙΕΟΜΑΤᾹ
1997 369 2308 426 I’ATRUM.

3359 369 3469 424 522

209 509 319 545 πεν
344 506 360 522 ο
397 487 629 558 Ποιμὴν,
663 485 776 540 ἄνω
803 485 847 516 ⁸⁸
879 483 958 547 εἰς
991 483 1080 536 τὸν
1113 481 1339 552 οὐρανόν
1358 499 1370 511 ·
1402 481 1511 552 ἐγὼ
1543 482 1600 535 δέ
1647 482 1796 536 κάτω
1826 539 1827 543 η

1934 491 1953 536 ι
1983 482 2153 537 dixit:
2187 479 2432 542 Poemen,
2458 491 2677 534 sursum
2703 493 2922 535 sursum
2963 481 3019 534 in
3049 480 3223 548 cmlo;
3253 495 3354 552 ego
3382 496 3478 538 ve-

212 583 371 636 κέτω
407 582 486 642 είς
529 579 624 650 τὴν
656 579 780 649 γῆν.

291 677 356 740 ζ’.
412 672 728 744 Παρέϐαλόν
793 687 923 723 ποτε
973 667 1227 739 γέροντες
1289 665 1471 718 πολλοὶ
1517 664 1595 735 τῷ
1658 665 1801 735 esse

1901 589 1961 628 r0
1992 574 2244 626 deorsum
2280 570 2334 623 in
2367 578 2536 629 terra.

1972 665 2022 716 7.
2051 663 2163 733 (79)
2198 661 2464 715 Adierunt
2497 658 2795 729 aliquando
2837 675 2998 715 senes
3026 647 3180 714 multi
3228 661 3483 716 abbatem

216 764 448 836 Ποιμένι
471 783 482 792 ο
533 762 628 815 καὶ
667 760 773 812 ίδού
806 777 887 822 τις
926 757 1034 811 τῶν
1068 754 1163 810 τοῦ
1195 755 1339 808 ἀὸὁᾶ
1383 754 1645 825 Πυιμένος
1690 750 1802 824 εἶχε

1929 752 2247 817 ’oemenem;
2282 765 2404 804 cum
2446 765 2574 804 ecce
2607 749 2829 820 quidam
2863 764 2936 824 ex,
2983 749 3233 805 alIinibus
3270 751 3484 805 abbatis

217 855 466 916 παιδίον,
519 851 612 904 κα)⁸
655 849 716 902 τὸ
778 848 1060 915 πρόσωπον
1119 843 1282 896 αὐτοῦ
1340 845 1460 896 κατ’
1524 843 1803 912 ἐνέργειαν

1929 842 2182 896 ’temenis
2206 843 2430 896 haberet
2462 842 2654 905 filium,
2709 841 2868 908 cujus
2898 839 3068 895 facies
3099 841 3315 895 diabolo
3369 840 3484 895 elli-

218 947 472 1018 ἐστράφη
507 943 700 996 ὀπίσω.
737 939 848 992 Kal.
881 937 1001 990 ἰδὼν
1033 937 1060 989 ὁ
1092 934 1275 1006 πατὴρ
1303 933 1469 987 αὑτοῦ
1509 933 1568 986 τὸ
1604 931 1806 1001 πλῆθος

217 1036 334 1088 τῶν
383 1033 664 1104 Πατέρων,
711 1028 892 1084 λαϐὼν
928 1028 987 1080 τὸ
1019 1026 1228 1080 παιδίον
1259 1025 1362 1088 ἔξω
1394 1023 1485 1078 τοῦ
1533 1041 1798 1094 μοναστη-

1906 935 2084 989 ciente
2113 949 2380 989 conversa
2403 943 2523 988 erat
2550 941 2874 989 retrorsum.
2910 931 3096 1002 Itaque
3132 943 3282 1001 pater
3315 932 3485 985 intui-

1909 1036 1996 1083 tus
2026 1027 2430 1081 multitudinem
2457 1025 2704 1088 Patrum,
2737 1033 3019 1092 assumpto
3051 1023 3161 1077 lilio
3185 1033 3340 1076 extra
3365 1038 3484 1075 mo-

221 1128 346 1199 ρίου
398 1124 634 1192 ἐκάθητο
687 1120 907 1174 κλαίων.
965 1116 1276 1188 Εὐκαίρησε
1326 1115 1384 1168 δέ
1436 1131 1540 1168 τινι
1593 1114 1807 1184 γέροντι

1929 1121 2204 1174 tasterium
2233 1119 2456 1174 sedebat
2486 1120 2727 1188 plorans.
2755 1116 2996 1184 Contigit
3023 1123 3204 1168 autem
3259 1121 3318 1166 ut
3361 1113 3486 1183 qui-

229 1218 470 1284 ἐξελθεῖν
491 1234 504 1245 ·
532 1215 624 1268 καὶ
659 1211 780 1265 ἰδὼν
802 1210 963 1263 αὐτὸν
990 1205 1140 1262 εἴπεο
1178 1207 1242 1260 Τί
1268 1207 1495 1270 κλαίεις,
1523 1205 1618 1258 ἀνθ
1629 1220 1806 1276 ρωπε;

233 1313 298 1365 ⁸0
331 1311 389 1363 δέ
432 1305 553 1361 εἶπε
572 1325 586 1337 ·
618 1305 893 1373 Συγγενής
915 1305 1028 1373 εἰμι
1059 1299 1154 1353 τοῦ
1184 1299 1328 1353 assa
1376 1297 1637 1367 Ποιμένος
1657 1313 1669 1324 ·
1710 1297 1806 1350 καὶ

236 1403 350 1455 ἰδοὺ
401 1397 596 1468 συνέϐη
645 1395 720 1465 τῷ
767 1393 966 1462 παιδίῳ
995 1391 1170 1461 τούτῳ
1203 1391 1230 1441 ὁ
1264 1387 1568 1460 πειρασμὸς
1615 1381 1770 1450 οὗτος
1793 1403 1806 1418 ο

231 1495 331 1547 καὶ
366 1492 610 1550 θέλοντες
641 1487 718 1557 τῷ
748 1486 961 1556 γέροντι
994 1483 1380 1552 προσενεγκεῖν
1424 1480 1576 1543 αὐτὸ,
1611 1479 1810 1550 ἐφοϐή-

241 1587 450 1655 θημενο
493 1585 552 1634 οὐ
580 1581 688 1651 γὰρ
722 1577 861 1632 θέλει
899 1577 1024 1629 ἰδεῖν
1068 1576 1236 1644 ἡμᾶς.
1284 1573 1394 1626 Kal
1420 1571 1514 1626 νῦν
1543 1571 1638 1625 ἐὰν
1670 1571 1814 1644 μάθῃ

228 1679 315 1730 δτι
350 1671 454 1728 ὧδέ
489 1675 626 1743 είμι,
665 1670 870 1739 πέμπει
898 1667 992 1721 καὶ
1025 1664 1210 1719 διώκει
1244 1681 1309 1735 με
1329 1680 1343 1694 ο
1375 1661 1485 1732 ἐγὼ
1514 1663 1570 1716 δέ
1605 1662 1815 1732 βλέπων

232 1770 336 1838 τὴν
355 1765 658 1838 παρουσίαν
681 1760 854 1832 ὑμῶν,
873 1758 1142 1828 ἐτόλμησα
1171 1756 1363 1808 ἐλθεῖν.
1395 1754 1481 1818 Ὠς
1497 1754 1670 1817 Θέλεις
1700 1748 1813 1817 οὖν,

1908 1209 2032 1263 dam
2071 1224 2231 1262 senex
2263 1209 2456 1262 exiret.
2489 1205 2539 1260 Is
2575 1220 2810 1259 cernens
2844 1219 2992 1264 eunt,
3026 1203 3102 1256 ait
3147 1220 3162 1257 :
3196 1200 3336 1267 Quid
3369 1201 3487 1270 plo-

1911 1314 2023 1361 ras,
2095 1298 2291 1351 homo?
2350 1295 2685 1366 Respondit:
2742 1294 3020 1364 Cognatus
3083 1307 3202 1345 sum
3263 1291 3492 1346 abbatis

1913 1390 2205 1453 Poemenis,
2238 1396 2400 1458 atque
2431 1403 2497 1442 en
2531 1400 2700 1455 puero
2727 1385 2855 1438 huic
2887 1383 3085 1437 accidit
3109 1384 3210 1437 ista
3238 1382 3490 1448 tentatio;

1913 1481 2156 1534 volentes
2191 1487 2370 1532 autem
2423 1479 2538 1532 seni
2571 1476 2767 1529 offerre
2799 1474 3100 1528 timuimus.
3126 1472 3311 1542 Neque
3341 1473 3488 1528 enim

1914 1573 2029 1626 vult
2059 1571 2241 1625 videre
2261 1584 2383 1624 nos.
2412 1570 2588 1637 Atque
2615 1582 2761 1621 nunc
2801 1568 2847 1621 si
2871 1566 3198 1634 compererit
3224 1580 3307 1619 ine
3331 1566 3492 1620 ades-

1917 1680 1994 1728 se,
2028 1663 2204 1716 mittet
2225 1677 2288 1715 ac
2315 1661 2549 1730 expellet
2576 1675 2680 1714 me.
2711 1658 2822 1727 Ego
2852 1673 2980 1712 vero
3003 1658 3093 1710 ubi
3123 1659 3233 1711 vidi
3283 1656 3490 1712 adven-

1919 1761 2034 1806 tum
2085 1761 2347 1815 vestrum,
2393 1765 2559 1804 ausus
2610 1765 2728 1804 sum
2772 1749 2972 1803 venire.
3022 1747 3489 1811 Quemadmodum

232 1829 397 1922 ἀδεᾶ,
440 1829 665 1925 ἐλέησόν
717 1829 804 1924 με,
855 1853 948 1903 ml.
995 1849 1126 1902 λάϐε
1175 1847 1235 1900 τὸ
1286 1847 1495 1900 παιδίον
1537 1845 1665 1911 ἔσω,
1721 1845 1814 1898 καὶ

1929 1858 2047 1913 ergo
2105 1841 2344 1902 libuerit,
2409 1840 2569 1904 abba,
2620 1839 2724 1892 mei
2789 1839 3082 1902 miserere;
3155 1836 3490 1891 introducito

234 1949 466 2015 εὔξασθε
505 1948 634 2017 περὶ
681 1946 727 1976 ⁸³
770 1941 956 1995 αὑτοῦ.
1008 1941 1119 1993 Kal.
1163 1936 1343 1991 λαὸὼν
1384 1937 1515 1990 αὐτὸ
1557 1939 1586 1989 ὁ
1635 1935 1812 2006 γέρων

233 2041 477 2111 εἰσῆλθε,
503 2039 597 2092 καί
618 2037 888 2108 ἐχρήσατο
912 2031 1210 2103 φρονίμως,
1234 2029 1329 2082 καὶ
1354 2029 1414 2082 οὐ
1446 2028 1814 2098 προσήνεγκεν

235 2135 368 2187 αὐτὸ
400 2129 604 2193 εὐθέως
635 2127 712 2197 τῷ
741 2124 885 2195 ἀὸϐᾷ
925 2121 1170 2192 Ποιμένι,
1207 2119 1343 2174 ἀλλά
1377 2118 1681 2191 ἀρξάμενος
1707 2116 1815 2170 ἀπὸ

235 2225 347 2277 τῶν
393 2208 736 2294 μικροτέρων
793 2214 1069 2283 ἀδελφῶν,
1129 2212 1314 2279 ἐλεγεο
1363 2209 1710 2278 Σφραγίσατε
1759 2207 1817 2260 τὸ

249 2319 484 2372 παιδίον.
528 2316 766 2384 Ποιήσας
802 2311 858 2364 δέ
889 2309 1096 2370 πάντας
1128 2307 1267 2360 κατὰ
1295 2304 1612 2358 ἀκολουθίαν
1647 2319 1819 2373 σφρα-

239 2412 394 2477 γῖσαι
420 2405 573 2468 αὐτὸ,
605 2403 827 2472 ὕστερον
862 2399 1058 2468 ἧνεγκε
1107 2394 1185 2464 τῷ
1218 2394 1359 2463 ἀ66ᾷ
1392 2391 1634 2461 Ποιμένι.
1674 2390 1731 2442 '0
1763 2389 1819 2441 δὲ

240 2502 346 2555 οὐκ
371 2497 530 2570 ἡθελε
571 2495 699 2548 αὐτὸ
737 2491 954 2561 ἐγγίσαι
985 2489 1051 2541 ⁵⁸.
1083 2489 1147 2540 Oi
1178 2486 1235 2540 δὲ
1263 2484 1606 2555 παρεκάλουν
1634 2482 1816 2544 αὐτὸν,

243 2592 531 2658 λέγοντες’
584 2587 796 2654 Ὥσπερ
841 2582 1062 2644 πάντες,
1105 2576 1199 2631 καὶ
1249 2577 1314 2628 σὺ
1362 2576 1429 2640 ⁸³,
1465 2575 1664 2644 Πάτερ.
1711 2573 1821 2626 Kal.

248 2679 530 2743 στενάξας,
574 2673 812 2737 ἀναστὰς
855 2671 1065 2738 εὔξατο,
1111 2668 1324 2736 λέγων·
1377 2665 1435 2718 '0
1485 2665 1634 2728 Θεὸς,
1674 2664 1820 2716 ἴασαι

245 2774 309 2825 τὸ
344 2771 568 2838 πλάσμα
608 2783 720 2829 σου,
767 2765 853 2816 ἴνα
907 2762 982 2832 μὴ
1028 2756 1289 2835 κυριευθῇ
1339 2755 1442 2808 ὑπὸ
1480 2753 1573 2806 τοῦ
1601 2753 1818 2822 ἐχθροῦ.

245 2863 362 2917 Καὶ
402 2857 706 2929 σφραγίσας
737 2854 868 2908 αὐτὸ
935 2851 1135 2913 εὐθέως
1168 2847 1520 2918 ἐθεράπευσε,
1579 2845 1674 2897 καὶ
1715 2845 1820 2896 ἀπ-

247 2954 424 3007 έδωκε
460 2950 538 3020 τῷ
564 2948 732 3018 πατρὶ
756 2943 917 2999 αὑτοῦ
945 2941 1115 3011 ὑγιές.

319 3041 392 3114 η’.
428 3038 662 3110 ’Δπῆλθέ
688 3054 773 3100 τις
814 3034 1038 3102 ἀδελφός
1067 3048 1196 3084 ποτε
1229 3027 1334 3083 ἀπὸ
1359 3027 1467 3080 τῶν
1503 3023 1683 3096 μερῶν
1731 3023 1821 3076 τοῦ

254 3136 406 3189 ἁὸὅᾶ
427 3132 686 3202 Ποιμένπ
714 3127 806 3181 ἐπὶ
843 3125 999 3196 ξένης
1020 3139 1031 3152 ·
1069 3123 1158 3176 καὶ
1195 3121 1499 3190 κατήντησε
1527 3116 1664 3186 πρός
1699 3131 1822 3221 τινα
1849 3163 1890 3221 C

247 3222 613 3296 ἀναχωρητὴν
647 3221 792 3272 ἐκείο
833 3213 900 3288 ἦν
935 3215 1042 3285 γὰρ
1069 3213 1208 3284 ἔχων
1238 3211 1480 3281 ἀγάπην,
1512 3209 1605 3261 καὶ
1639 3206 1822 3261 πολλοὶ

249 3319 484 3388 ἧρχοντο
516 3312 646 3382 πρὸς
681 3307 864 3361 αὐτόν.
915 3303 1228 3375 Ἀνῄγγειλε
1267 3302 1324 3354 δὲ
1370 3299 1518 3368 αὐτῷ
1543 3300 1571 3352 ὁ
1599 3296 1826 3366 ἀδελφὸς

251 3387 325 3460 ra
353 3404 478 3474 περὶ
505 3400 598 3454 τοῦ
629 3399 772 3452 esea
799 3395 1083 3466 Ποιμένος.
1113 3394 1223 3447 Kal.
1247 3390 1484 3455 ἀκούσας
1510 3390 1608 3458 τὴν
1631 3387 1828 3460 ἀρετὴν

250 3495 420 3550 αὐτοῦ
465 3494 803 3563 ἐπεπόθησεν
850 3489 1010 3543 αὑτὸν
1067 3486 1212 3540 ἰδεῖν.
1265 3482 1710 3554 Ἀνακάμψαντος
1771 3478 1829 3532 δὲ

251 3588 353 3642 τοῦ
388 3585 618 3656 ἀδελφοῦ
666 3585 749 3646 εἰς
781 3581 1078 3650 Αἴγυπτον,
1117 3575 1257 3648 μετά
1294 3574 1484 3645 χρόνον
1532 3571 1654 3625 τινὰ
1697 3571 1830 3623 ἁνα-

255 3679 392 3742 στάς
440 3680 470 3730 ὁ
512 3673 891 3745 ἀναχωρητὴς,
924 3665 1086 3740 ἦλθεν
1133 3667 1241 3720 ἀπὸ
1285 3665 1384 3736 τῆς
1427 3660 1581 3733 ξένης
1616 3663 1696 3723 εἰς
1732 3657 1830 3711 Αἴ-

255 3786 464 3840 γυπτον
500 3767 635 3839 πρὸς
670 3766 760 3818 τόν
793 3779 922 3816 ποτε
957 3758 1337 3831 παραϐαλόντα
1382 3753 1531 3825 αὐτῷ
1569 3751 1828 3820 ἀδελφόνο

250 3861 328 3932 ἦν
360 3861 468 3930 γὰρ
499 3857 665 3910 εἰπὼν
697 3853 843 3924 αὐτῷ
878 3851 978 3905 τιῸῦ
1018 3850 1187 3922 μένει.
1241 3846 1386 3901 Ἰδὼν
1415 3846 1470 3899 δὲ
1504 3845 1665 3899 αὐτὸν
1692 3843 1834 3895 ἐκεῖ·

253 3969 353 4016 νος
389 3949 686 4018 ἐθαύμασε,
723 3946 816 3998 καὶ
843 3943 1015 4014 ἐχάρη
1067 3941 1208 3994 λίαν.
1238 3935 1375 3992 Εἶπε
1405 3937 1460 3991 δέ
1491 3939 1519 3990 ὁ
1545 3938 1832 4005 ἀναχωρη-

253 4042 360 4112 τίες
381 4059 395 4073 ·
431 4039 662 4108 Ποίησον
686 4036 922 4106 ἀγάπην,
956 4029 1087 4104 ἆρόν
1123 4049 1190 4102 με
1216 4029 1352 4102 πρὸς
1377 4029 1468 4082 τὸν
1502 4027 1674 4081 ἀϐὁᾶν
1709 4027 1834 4078 Ποι-

259 4133 422 4204 μένα.
461 4130 572 4183 Kal.
603 4126 782 4180 λαϐὼν
815 4125 973 4178 αὑτὸν
1006 4119 1135 4194 ἦλθε
1165 4121 1302 4193 πρὸς
1325 4121 1415 4172 τὸν
1441 4119 1673 4188 γέροντα
1699 4155 1714 4180 ,
1740 4115 1835 4168 καὶ⁵

253 4221 584 4294 ἀνήγγειλεν
617 4217 763 4288 αὐτῷ
798 4217 868 4270 τὰ
899 4215 1027 4285 περὶ
1060 4212 1247 4277 αὑτοῦ,
1295 4211 1491 4279 λέγων,
1540 4209 1623 4261 ὅτι
1647 4207 1834 4274 Μέγας

256 4313 550 4387 ἂνθρωπός
584 4313 719 4383 ἐστι,
752 4309 847 4363 καὶ
892 4305 1091 4377 πολλὴν
1119 4304 1338 4372 ἀγάπην
1379 4299 1538 4370 ἔχων,
1581 4299 1675 4350 καὶ
1705 4295 1836 4387 πολῖ-

257 4385 379 4476 λὴνή
399 4403 562 4475 τιμὴν
593 4403 672 4465 είς
698 4399 796 4470 τὴν
826 4398 1006 4470 χώραν
1029 4393 1216 4448 αὐτοῦ.
1263 4389 1583 4461 Ἀνὴγγειλα
1608 4387 1663 4441 δὲ
1689 4385 1836 4456 αὐτῷ

261 4498 399 4568 etapl.
445 4495 561 4559 σοῦ,
609 4494 702 4546 καὶ
747 4489 1026 4559 ἐπιθυμῶν
1067 4487 1194 4540 ἰδεῖν
1243 4502 1302 4538 σε
1353 4479 1536 4554 ἦλθεν.
1591 4479 1836 4543 Ἐδέξατο
1866 4509 1913 4567 D

261 4585 359 4642 οὖν
413 4585 570 4639 αὑτὸν
619 4582 756 4654 μετά
791 4581 986 4651 χαρᾶς,
1022 4578 1116 4632 καὶ
1163 4574 1537 4644 ἀσπασάμενοι
1577 4570 1836 4641 ἀλλήλους

264 4677 546 4732 ἐκάθισαν.
571 4673 682 4728 Kal
715 4672 916 4743 ἠρξατο
940 4669 968 4721 ὁ
1001 4665 1209 4734 ξενικὸς
1235 4663 1415 4716 λαλεῖν
1442 4661 1550 4715 ἀπὸ
1574 4661 1672 4730 τῆς
1701 4659 1740 4711 Γ
1747 4675 1839 4730 ρα-

265 4773 400 4840 φῆς,
431 4766 557 4837 περὶ
596 4758 978 4831 πνευματικῶν
1013 4757 1105 4811 καὶ
1152 4754 1438 4824 οὐρανίων.
1482 4749 1749 4820 Ἐστρεψε
1782 4747 1840 4800 δὲ

261 4864 296 4915 ὁ
324 4859 495 4921 ἀϐὁᾶς
527 4841 734 4927 Ποιμῆν
768 4852 828 4906 τὸ
851 4851 1138 4920 πρόσωπον
1169 4845 1356 4926 αὑτοῦ,
1385 4845 1480 4898 καὶ
1507 4844 1606 4896 οὐκ
1646 4841 1843 4893 ἔδωκεν

262 4949 420 5020 αὐτῷ
458 4946 763 5016 ἀπόκρισιν.
821 4940 966 4995 Ἰδὼν
1016 4940 1072 4992 δὲ
1105 4940 1185 4991 ὅτι
1219 4923 1278 4990 οὐ
1321 4936 1470 4988 λαλεῖ
1503 4933 1618 5005 μετ’
1653 4929 1839 4997 αὐτοῦ,

262 5041 532 5110 λυπηθεὶς
565 5035 775 5105 ἐξῆλθε,
805 5035 897 5086 καὶ
925 5031 1072 5098 λέγει
1103 5028 1181 5098 τῷ
1211 5025 1423 5097 ἀδελφῷ
1453 5025 1528 5094 τῷ
1563 5025 1842 5090 ἐνέγκαντι

265 5131 433 5184 αὐτόν
456 5145 469 5159 ⁸
505 5127 598 5188 Εἰς
629 5124 806 5195 μάτην
839 5121 1068 5191 ἐποίησα
1093 5119 1220 5187 ὅλην
1251 5117 1348 5187 τὴν
1375 5113 1681 5182 ἀποδημίαν
1715 5109 1844 5163 ταύ-

262 5237 392 5290 την.
428 5213 630 5270 Ἶὶλθον
674 5213 782 5282 γὰρ
833 5211 966 5282 πρὸς
998 5209 1089 5262 τὸν
1142 5207 1410 5278 γέροντα’
1455 5203 1546 5256 καὶ
1588 5201 1694 5254 ἰδοὺ
1725 5199 1844 5252 οὐδὲ

263 5309 501 5372 λαλῆσαι
527 5305 670 5358 θέλει
703 5305 819 5374 μετ’
847 5301 1003 5372 ἐμοῦ.
1044 5298 1276 5369 Εἰσῆλθε
1305 5297 1361 5350 δὲ
1399 5298 1426 5348 ὁ
1457 5292 1682 5360 ἁδελφὸς
1712 5290 1846 5361 πρὸς

264 5398 362 5451 τὸν
394 5398 566 5450 ἀδδᾶν
601 5396 860 5465 Ποιμὲνα,
903 5394 996 5445 καὶ
1027 5393 1175 5459 λέγει
1214 5388 1392 5458 αὐτῷ·
1437 5385 1622 5447 ’Δ66ἄ,
1649 5383 1738 5437 διὰ
1785 5382 1843 5433 σὲ

261 5485 434 5558 ἦλθεν
460 5491 488 5541 ὁ
522 5489 693 5558 μέγας
727 5485 1012 5555 ἄνθρωπος
1040 5477 1212 5544 οὗτος,
1236 5480 1372 5550 ἔχων
1394 5476 1658 5546 τοσαύτην
1687 5472 1842 5540 δόξαν

338 5633 386 5665 ⁸¹
407 5629 493 5682 Al.
525 5629 694 5682 inser.
733 5626 863 5680 ἄνω.
941 5624 986 5656 ⁸³
1009 5623 1095 5676 Al.
1124 5622 1282 5694 ὑπέρ.
1364 5621 1411 5653 ⁸³
1433 5620 1517 5674 ΑΙ.
1547 5615 1861 5704 σφραγῖσαι.

340 5768 458 5838 (79)
499 5766 606 5822 Vit.
646 5764 799 5818 Patr.
838 5780 896 5832 ιι,
930 5763 1030 5826 I0;
1060 5779 1170 5828 xw,
1211 5764 1260 5818 I.

1914 1949 2165 2004 puerum,
2198 1941 2247 1986 et
2274 1939 2427 1986 orate
2457 1946 2558 2000 pro
2580 1930 2693 1983 illo.
2721 1929 2897 1982 Senex
2953 1944 3237 1982 assumens
3265 1942 3491 1996 puerum

1915 2026 2156 2080 intravit.
2185 2024 2356 2078 Porro
2399 2037 2532 2076 usus
2564 2028 2646 2075 est
2676 2019 2998 2090 prudentia;
3034 2034 3132 2072 nec
3162 2020 3345 2072 statim
3380 2021 3482 2071 ob-

1915 2118 2043 2172 tulit
2096 2116 2275 2177 abbati
2312 2113 2594 2175 Pmmeni;
2633 2110 2728 2165 sed
2790 2111 3058 2178 incipiens
3113 2124 3143 2162 a
3185 2109 3493 2162 minoribus

1916 2210 2196 2272 fratribus,
2252 2207 2468 2260 dicebat
2521 2221 2534 2257 :
2591 2203 2917 2276 Consignate
2967 2215 3212 2269 puerum.
3249 2198 3494 2268 Cumque

1918 2302 2136 2357 fecisset
2174 2307 2290 2352 uta
2323 2297 2540 2352 cunctis
2571 2312 2635 2350 ex
2675 2295 2866 2348 ordine
2910 2293 3344 2362 consignaretur,
3394 2290 3494 2344 do-

1917 2408 2067 2447 mum
2097 2391 2280 2445 abbati
2319 2388 2561 2443 Ptemeni
2602 2386 2800 2440 attulit.
2839 2386 2889 2439 Is
2935 2385 3157 2438 nolebat
3201 2392 3260 2436 ut
3314 2381 3380 2435 ad
3431 2395 3494 2436 se

1919 2483 2395 2554 appropinquaret.
2441 2481 2510 2531 At
2561 2478 2639 2530 illi
2685 2478 2975 2546 rogabant,
3021 2475 3305 2528 dicentes:
3341 2472 3497 2527 Sicut

1920 2575 2123 2635 caueri,
2150 2579 2204 2626 et
2241 2579 2319 2634 tu,
2356 2569 2534 2622 Pater.
2562 2567 2715 2620 Tunc
2739 2567 3104 2636 ingemiscens
3129 2565 3389 2628 surrexit,
3419 2571 3498 2617 at-

1919 2677 2024 2732 que
2046 2663 2117 2714 ita
2142 2667 2402 2730 precatus
2442 2665 2558 2712 est:
2601 2659 2764 2717 Deus,
2799 2670 2932 2710 sana
2958 2659 3279 2722 {creaturam
3324 2662 3497 2720 tuam,

1921 2769 1988 2807 ne
2016 2752 2085 2805 ab
2112 2751 2269 2803 hoste
2301 2749 2353 2801 in
2379 2748 2693 2802 servitutem
2718 2746 3015 2815 redigatur.
3041 2742 3105 2797 Et
3134 2759 3256 2798 cum
3290 2746 3500 2814 signasc

1921 2852 2002 2900 set
2024 2857 2169 2905 eum,
2207 2840 2356 2894 illico
2377 2837 2612 2900 curavit,
2645 2851 2950 2906 sanumque
2976 2837 3123 2906 patri
3165 2836 3425 2892 restituit.

1991 3012 2044 3067 8.
2083 3013 2197 3084 (80)
2228 3012 2535 3083 Aliquando
2583 3011 2804 3082 quidam
2863 3011 3050 3076 frater,
3091 3013 3161 3067 ab
3187 3013 3302 3068 oris
3343 3013 3502 3067 abba-

1925 3102 1997 3157 tis
2019 3101 2576 3156 Pmmenisdiscessit
2620 3103 2674 3154 in
2702 3102 3043 3170 peregrinam
3092 3109 3325 3165 terram;
3362 3101 3502 3154 illic-

1928 3208 2034 3263 que
2071 3193 2218 3247 venit
2246 3191 2312 3245 ad
2340 3190 2628 3260 quemdam
2669 3189 3081 3257 anaCboretam,
3121 3191 3212 3260 qui
3236 3191 3502 3245 charitate

1929 3285 2188 3355 praeditus
2216 3291 2353 3349 erat,
2388 3291 2442 3337 et
2474 3299 2636 3352 quem
2667 3282 2890 3336 adibant
2910 3283 3086 3336 multi.
3136 3281 3326 3337 Frater
3362 3298 3504 3336 nun-

1929 3377 2087 3431 tiavit
2128 3376 2177 3430 ei
2211 3375 2278 3430 de
2331 3374 2526 3429 abbate
2560 3373 2834 3428 Ptemene.
2894 3373 2989 3428 Ille
3033 3373 3232 3428 auditis
3266 3374 3502 3429 hominis

1929 3468 2247 3532 virtutibus,
2281 3465 2556 3521 desiderio
2590 3472 2769 3519 tactus
2796 3474 2879 3518 est
2939 3464 3155 3518 videndi
3207 3479 3354 3519 eum.
3397 3465 3503 3520 lle-

1931 3573 2090 3614 verso
2110 3558 2276 3628 igitur
2304 3557 2473 3612 fratre
2512 3558 2566 3610 in
2599 3555 2915 3626 Egyptum,
2947 3555 3111 3623 paulo
3153 3563 3274 3625 post
3309 3570 3504 3611 exsur-

1929 3668 2064 3724 gens
2084 3650 2434 3714 anachoreta,
2463 3665 2494 3704 e
2523 3649 2744 3719 regione
2773 3655 2958 3702 extera
2997 3648 3234 3717 perrexit
3263 3648 3314 3700 iu
3339 3647 3508 3717 Δίες-

1933 3751 2108 3814 ptum,
2135 3742 2200 3797 ad
2225 3742 2378 3795 illum
2410 3740 2635 3795 fratrem
2665 3741 2758 3809 qui
2793 3740 2972 3808 ipsum
2999 3746 3350 3803 convenerat;
3379 3753 3504 3792 nam

1934 3834 2272 3888 indicaverat
2305 3832 2357 3886 ei
2388 3831 2478 3884 ubi
2515 3838 2782 3884 maneret.
2819 3827 3023 3882 Videns
3044 3835 3223 3881 autem
3244 3842 3368 3880 eum
3395 3829 3504 3891 ille,

1935 3923 2240 3980 demiratus
2273 3931 2376 3988 est,
2412 3929 2465 3976 et
2483 3921 2638 3976 valde
2671 3928 2754 3975 est
2816 3920 3059 3989 gavisus.
3087 3917 3231 3972 Dixit
3265 3919 3504 3972 anacho-

1935 4021 2052 4068 reta
2079 4032 2092 4066 :
2124 4011 2329 4067 Exerce
2373 4010 2694 4066 charitatem
2719 4046 2734 4072 ,
2763 4009 2871 4062 duc
2896 4023 2982 4062 me
3009 4010 3076 4061 ad
3110 4007 3357 4061 abbatem
3383 4006 3509 4061 Ρω-

1937 4118 2174 4157 menem.
2206 4101 2392 4171 Itaque
2424 4114 2712 4156 assumens
2745 4113 2892 4160 eum,
2930 4096 3173 4166 pervenit
3205 4096 3272 4150 ad
3295 4111 3506 4152 senem.

1936 4192 2038 4246 Cui
2077 4191 2347 4246 nuntiavit
2385 4204 2505 4260 quae
2529 4189 2594 4242 ad
2619 4188 2796 4257 ipsum
2827 4184 3168 4256 spectabant,
3196 4185 3279 4240 his
3304 4186 3506 4241 verbis:

1938 4283 2169 4353 Magnus
2223 4282 2308 4334 vir
2361 4288 2466 4345 est,
2519 4279 2787 4334 charitate
2813 4278 3005 4341 multa,
3042 4276 3246 4347 ingenti
3303 4276 3511 4331 honore

1941 4374 2082 4444 apud
2116 4388 2280 4428 suos:
2313 4371 2379 4426 de
2413 4380 2464 4424 te
2499 4369 2818 4423 annuntiavi
2868 4369 2940 4432 ei,
2975 4377 3029 4422 et
3070 4366 3299 4438 cupiens
3327 4366 3512 4421 videre

1941 4475 2014 4530 te,
2041 4464 2278 4519 advenit.
2314 4462 2566 4532 Suscepit
2620 4476 2749 4532 ergo
2803 4461 2954 4514 illum
3009 4475 3135 4515 eum
3187 4461 3406 4525 laetitia;
3459 4467 3513 4514 et

1941 4565 2230 4629 postquam
2266 4569 2324 4608 se
2349 4562 2537 4606 mutuo
2560 4551 2911 4614 salutassent,
2949 4549 3334 4606 consederunt.
3358 4547 3515 4602 Tunc

1939 4648 2258 4720 peregrinus
2289 4647 2456 4714 empit
2487 4645 2634 4714 loqui
2666 4660 2731 4698 ex
2769 4643 3073 4712 Scriptura,
3108 4644 3175 4696 de
3207 4643 3368 4696 rebus
3397 4640 3514 4709 spi-

1940 4738 2230 4794 ritualibus
2264 4743 2316 4790 et
2351 4736 2689 4790 caelestibus.
2730 4735 2800 4786 At
2849 4734 3018 4787 abbas
3067 4732 3288 4786 Pmmen
3342 4732 3510 4784 vertit

1944 4831 2157 4893 faciem,
2193 4844 2293 4883 nec
2333 4841 2658 4896 responsum
2711 4825 2971 4878 reddidit.
3013 4821 3167 4878 Unde
3205 4825 3252 4878 is
3281 4837 3512 4876 cernens

1913 4923 2089 4993 -quod
2114 4937 2221 4976 non
2247 4921 2669 4989 colloqueretur,
2705 4917 2882 4970 tristis
2915 4927 3170 4984 egressus
3191 4919 3296 4967 est.
3335 4910 3510 4964 Dixit—

1945 5030 2052 5085 que
2092 5014 2250 5068 fratri
2287 5013 2380 5082 qui
2405 5025 2529 5065 eum
2577 5009 2840 5062 duxerat:
2870 5005 3092 5060 Frustra
3125 5003 3264 5057 hanc
3297 5017 3511 5056 omnem

1945 5104 2439 5176 peregrinationem
2473 5099 2707 5167 suscepi.
2753 5096 2887 5151 Veni
2924 5109 3158 5164 namque
3193 5093 3260 5147 ad
3285 5107 3510 5159 senem;
3597 5123 3606 5138 ,

1946 5211 2075 5252 ecce
2099 5209 2230 5250 vero
2262 5207 2440 5262 neque
2490 5204 2704 5244 mecum
2734 5186 2973 5255 colloqui
3007 5187 3141 5240 vult.
3178 5184 3365 5253 Itaque
3398 5181 3514 5235 frao

1948 5297 2029 5343 ter
2064 5288 2348 5357 ingressus
2375 5282 2441 5335 ad
2474 5281 2724 5336 abbatem
2747 5278 3054 5334 Pmmenem
3084 5295 3097 5330 :
3124 5273 3512 5342 Abba,inquit,

1955 5387 2176 5450 propter
2208 5384 2262 5431 te
2299 5374 2536 5429 accessit
2564 5387 2796 5442 magnus
2825 5369 2927 5425 iste
2953 5368 3135 5431 homo,
3167 5373 3318 5421 tanta
3343 5362 3516 5434 gloria

1949 5472 2004 5525 in
2039 5470 2160 5523 loco
2207 5481 2308 5522 suo
2340 5465 2644 5535 refulgens;
2681 5478 2852 5533 quare
2902 5476 3008 5515 non
3050 5457 3358 5514 disseruisti
3391 5468 3517 5511 cum

1939 5610 1984 5642 "
2015 5609 2101 5662 Al.
2127 5607 2296 5661 inscr.
2326 5603 2570 5673 ποίησον.

2014 5747 2123 5820 (80)
2165 5745 2273 5800 Vit.
2310 5745 2460 5799 Patr.
2497 5759 2576 5812 iit,
2605 5741 2740 5808 18$;
2775 5756 2828 5802 ι,
2853 5741 2943 5799 '59.
