3994 6336
501 378 607 437 3‘13

1631 372 1976 428 APPENDIX
2015 369 2118 438 AD,
2150 368 2575 428 PALLADIUM.

3641 367 3750 426 526

503 497 606 552 eo?
637 492 859 560 Excepit
899 505 1064 545 senex
1093 509 1106 546 :
1140 489 1235 545 llle
1266 505 1296 544 e
1327 487 1582 559 superuis
1609 495 1713 552 est,
1750 500 1804 544 et
1828 488 2074 542 coelestia

2210 489 2256 552 ις
2287 487 2377 540 τὸν
2409 487 2574 541 τόπον
2619 486 2781 540 αύτοῦ
2803 505 2816 519 ·
2859 488 2951 541 καὶ
2987 487 3126 541 ama
3162 487 3263 540 οὐκ
3308 485 3578 558 ὲλάλησας
3632 490 3756 559 μετ’

505 583 782 654 loquitur;
818 595 918 650 ego
956 595 1085 634 vero
1116 595 1183 635 ex
1223 579 1578 634 inferioribus
1609 593 1753 641 sum,
1777 586 1831 633 et
1852 586 2074 633 terrena

503 677 714 743 lnquor.
755 673 811 726 Si
844 687 1148 728 sermonem
1176 670 1242 725 ad
1268 686 1352 726 me
1373 670 1657 725 habuisset
1695 669 1763 725 de
1787 668 2074 725 affectibus

505 764 695 827 animi,
725 764 774 818 ei
805 761 1231 831 respondissem.
1263 759 1418 825 Quod
1463 759 1509 814 si
1540 768 1735 829 agatur
1755 759 1823 814 de
1849 758 2081 814 caelesti-

515 858 639 921 bus,
681 871 782 923 ego
823 857 914 908 illa
947 854 1156 908 nescio.
1194 853 1462 923 Egressus
1499 853 1680 921 itaque
1707 852 1872 907 frater
1934 860 2081 906 retu-

505 949 570 1003 lit
607 947 929 1017 peregrino:
975 945 1154 999 Senex
1190 959 1298 997 non
1350 942 1510 998 facile
1548 942 1615 996 de
1650 941 1952 1012 Scripturis
2003 942 2082 994 lo-

505 1035 733 1104 quitur;
768 1034 860 1089 scd
923 1033 968 1087 si
1001 1033 1128 1101 quis
1182 1030 1454 1101 rogaverit
1478 1030 1545 1084 de
1579 1030 1745 1083 animi
1775 1029 2078 1090 affectibus.

507 1139 834 1193 reSpnnsum
888 1122 1000 1175 dat.
1055 1119 1147 1174 Ille
1195 1127 1558 1188 compunctus
1594 1133 1777 1173 senem
1824 1118 1997 1182 adiit,
2029 1124 2083 1170 et

509 1218 587 1272 ait
616 1217 699 1271 ei:
731 1214 872 1282 Quid
913 1213 1128 1275 faciam,
1190 1212 1350 1275 abba,
1406 1209 1847 1279 quandoquidem
1902 1208 2083 1262 domi-

509 1318 714 1366 nantur
756 1308 885 1362 milii
927 1307 1098 1360 animi
1134 1303 1395 1358 affectus?
1427 1301 1580 1356 Tunc
1622 1301 1798 1357 oculis
1855 1303 1908 1355 in
1961 1315 2083 1354 eum

507 1400 791 1469 conjectis,
833 1399 988 1452 lietus
1039 1411 1206 1450 senex
1243 1393 1396 1448 infit:
1437 1392 1596 1446 Modo
1653 1393 1790 1447 bene
1841 1392 2082 1456 venisti;

508 1507 657 1546 nunc
689 1490 837 1560 aperi
880 1504 943 1543 os
964 1496 1118 1541 tuum
1152 1487 1218 1540 de
1244 1486 1443 1546 his,'et
1477 1482 1865 1553 impleboillud
1902 1483 2082 1536 bonis.

509 1583 603 1638 Ille
635 1596 764 1636 vero
795 1579 1088 1648 plurimum
1141 1577 1335 1630 animae
1364 1573 1710 1629 commodum
1751 1587 1875 1626 cum
1911 1574 2089 1642 cepis-

509 1679 613 1733 set,
641 1667 922 1736 professus
943 1673 1063 1718 est:
1101 1662 1267 1716 Plane
1302 1665 1416 1716 haec
1442 1671 1526 1716 est
1554 1675 1681 1714 vera
1712 1659 1820 1714 via.
1855 1658 2091 1714 Gratiis-

509 1776 615 1831 que
641 1760 749 1813 Deo
775 1759 914 1812 actis
937 1757 1080 1826 quod
1105 1771 1230 1808 cum
1266 1753 1537 1823 ejusmodi
1569 1762 1762 1807 sancto
1797 1752 2090 1807 meruisset

509 1851 821 1913 convenire,
855 1863 1108 1904 reversus
1139 1853 1222 1901 est
1263 1846 1317 1899 in
1348 1846 1622 1915 regionem
1645 1857 1822 1898 suam.

595 2022 638 2079 9.
677 2024 788 2094 (8|)
826 2019 1248 2090 Comprehendit
1287 2018 1582 2088 aliquando
1637 2025 1817 2072 rector
1867 2020 2090 2089 provin-

512 2118 612 2174 ciae
639 2116 927 2186 quemdam
961 2130 992 2169 e
1029 2115 1147 2168 vico
1179 2112 1389 2168 abbatis
1415 2111 1721 2178 Poemenis;
1751 2120 1805 2166 et
1825 2121 2091 2167 venerunt

512 2211 721 2273 cuncti,
770 2222 953 2261 senem
999 2213 1254 2274 rogantes
1303 2212 1360 2258 ut
1395 2205 1590 2269 abiret,
1637 2219 1870 2276 eumque
1901 2221 1930 2259 e
1969 2219 2091 2260 car-

514 2318 638 2358 cere
667 2300 960 2356 emitteret.
988 2297 1132 2350 Dixit
1160 2297 1274 2351 eis:
1311 2294 1486 2350 Sinite
1515 2311 1601 2350 me
1625 2297 1742 2351 dies
1766 2305 1899 2360 tres.
1929 2305 2091 2352 tune-

387 2393 397 2402 ’
513 2409 622 2463 que
666 2391 1009 2461 proficiscar.
1038 2386 1225 2441 Oravit
1256 2401 1387 2456 ergo
1423 2387 1592 2442 abbas
1619 2385 1848 2443 Ptemen
1886 2387 1953 2442 ad
1985 2387 2097 2470 Do-_

516 2485 748 2547 minum,
783 2482 866 2536 bis
897 2480 1076 2535 verbis
1103 2496 1118 2532 :
1155 2477 1402 2542 Domine,
1435 2493 1504 2532 ne
1541 2477 1760 2534 dederis
1793 2479 1927 2533 mihi
1952 2479 2094 2535 hanc

515 2575 784 2646 gratiam:
827 2574 964 2626 alias
1007 2585 1116 2624 non
1162 2568 1483 2639 permissuri
1507 2577 1635 2623 sunt
1667 2584 1753 2625 me
1793 2571 1984 2624 sedere
2036 2570 2091 2625 in

519 2669 621 2721 hoc
665 2666 804 2719 loco.
844 2661 1000 2718 Venit
1047 2677 1178 2732 ergo
1209 2676 1399 2724 senex,
1459 2661 1781 2730 rogavitque
1827 2661 2090 2730 judicent.

516 2753 620 2821 Qui
655 2753 723 2807 ad
769 2768 895 2807 eum
933 2751 1080 2806 infit:
1115 2751 1219 2805 Pro
1251 2752 1462 2804 latrone
1496 2765 1680 2820 rogas,
1706 2750 1882 2805 abba?
1915 2750 2093 2806 Senex

517 2853 698 2898 autem
734 2844 957 2914 gavisus
988 2851 1097 2907 est,
1141 2840 1285 2911 quod
1316 2841 1547 2910 gratiam
1589 2841 1659 2894 ab
1695 2855 1759 2894 eo
1787 2855 1897 2894 non
1935 2856 2094 2896 acce-

519 2935 711 3005 pisset.

591 3026 676 3082 {0.
711 3024 1080 3080 Narraverunt
1106 3021 1349 3093 quidam,
1397 3020 1543 3090 quod
1585 3021 1880 3092 aliquando
1925 3023 2096 3078 abbas

519 3117 740 3174 Paemen
767 3127 820 3170 et
873 3115 1068 3169 fratres
1115 3113 1239 3182 ejus
1295 3115 1628 3168 conficerent
1665 3114 1938 3168 scolaces:
1992 3129 2094 3168 nec

522 3208 870 3278 procedebat,
895 3205 1040 3275 quod
1072 3219 1178 3260 non
1211 3205 1476 3258 baberent
1503 3204 1647 3259 unde
1673 3213 1918 3259 emerent
1953 3205 2096 3258 funi-
2126 3192 2168 3250 C

519 3297 698 3352 culos.
740 3293 807 3347 Et
856 3294 1054 3363 aliquis
1087 3293 1166 3347 eis
1199 3293 1400 3347 cbarus
1428 3306 1540 3346 rem
1594 3291 1837 3345 narravit
1880 3290 2098 3345 cuidam

524 3384 836 3447 mercatori,
873 3382 1079 3436 homini
1106 3383 1214 3452 pio.
1242 3380 1510 3436 Caeterum
1544 3380 1714 3434 abbas
1748 3379 1967 3434 Pmmen
2003 3393 2101 3433 no-

525 3471 670 3526 lebat
706 3469 983 3539 quidpiam
1019 3484 1048 3522 a
1082 3483 1356 3538 quoquam
1389 3467 1668 3537 accipere,
1705 3467 1772 3520 ad
1821 3466 2100 3521 vitandam

525 3559 785 3614 nimirum
821 3558 994 3611 turbat
1046 3557 1406 3614 vexationem.
1441 3557 1629 3626 Itaque
1675 3567 1968 3621 mercator,
2000 3571 2102 3610 cu-

526 3651 683 3721 piens
731 3665 868 3718 Opus
921 3648 1038 3702 seni
1091 3648 1380 3712 conficere,
1431 3649 1716 3718 praetexuit
1747 3649 1993 3718 indigere
2045 3662 2103 3702 se

527 3738 853 3794 scolaeibus.
910 3735 977 3790 Et
1005 3737 1232 3791 adduxit
1283 3743 1571 3801 camelum,
1609 3740 1970 3809 sumpsitque.
1999 3737 2104 3793 Ve-

539 3832 701 3885 niens
741 3839 920 3884 autem
973 3830 1140 3884 frater
1173 3829 1240 3883 ad
1271 3831 1518 3885 abbatem
1549 3830 1878 3894 Pmmenem,
1918 3828 2102 3884 audito

533 3920 681 3990 quod
715 3919 918 3975 fecerat
951 3929 1246 3983 mercator,
1288 3928 1347 3973 ut
1377 3920 1468 3989 qui
1516 3921 1675 3975 vellet
1707 3921 1925 3974 laudare
1953 3936 2101 3986 eum,

529 4013 683 4066 infit:
721 4011 884 4076 Sane.
907 4011 1067 4074 abba,
1091 4011 1193 4066 etsi
1219 4026 1326 4064 non
1355 4011 1641 4080 indigeret,
1666 4013 1874 4081 accepit
1899 4019 2102 4072 tamen.

531 4119 640 4173 quo
693 4103 855 4157 nobis
907 4117 1045 4172 opus
1083 4102 1303 4156 faceret.
1347 4100 1589 4155 Audiens
1624 4117 1751 4157 vero
1785 4103 1953 4158 abbas
1979 4101 2104 4158 Ρω-

541 4207 689 4254 men,
729 4191 936 4260 absque
967 4189 1265 4260 indigentia
1325 4191 1648 4260 sumpsisse,
1702 4193 1839 4246 dixit
1891 4191 2042 4247 fratri
2089 4211 2102 4248 :

539 4281 737 4347 Surge,
767 4279 979 4333 condue
1005 4281 1292 4341 camelum.
1322 4289 1376 4334 et
1402 4280 1535 4334 affer
1568 4283 1711 4335 illos.
1743 4279 1898 4345 Quod
1922 4283 1968 4335 si
1997 4297 2105 4336 non

536 4369 812 4433 attuleris,
843 4367 1066 4424 Pmmen
1106 4370 1196 4423 bie
1233 4385 1340 4423 non
1371 4372 1604 4439 amplius
1636 4372 1897 4427 residebit
1923 4373 2106 4426 vobis-

534 4473 685 4511 cum.
723 4455 859 4510 Nolo
887 4472 1124 4526 namque
1152 4458 1407 4525 cuiquam
1454 4459 1707 4527 injuriam
1747 4459 1947 4524 facere,
1978 4475 2105 4514 cum

535 4562 646 4602 non
675 4547 936 4617 indigeat,
973 4556 1033 4600 ut
1057 4547 1316 4602 damnum
1365 4549 1622 4618 patiatur,
1684 4550 1971 4621 capiatque
2021 4553 2103 4606 lu-
2136 4533 2180 4588 ί)

535 4653 691 4692 crum
746 4653 949 4692 meum.
986 4637 1136 4692 Abiit
1187 4637 1354 4692 frater
1406 4639 1548 4706 ejus,
1599 4648 1654 4694 et
1699 4648 1820 4709 post
1872 4642 2102 4695 multum

533 4730 739 4787 laboris
777 4730 978 4785 attulit.
1012 4728 1128 4786 Nisi
1158 4731 1301 4784 enim
1348 4729 1618 4784 attulisset
1648 4769 1663 4794 ,
1696 4745 1860 4785 senex
1891 4730 2100 4786 disces-

533 4823 698 4879 sisset
727 4822 795 4878 ab
821 4822 922 4878 eis.
977 4819 1048 4878 Ut
1089 4835 1220 4893 ergo
1240 4821 1374 4876 vidit
1415 4822 1557 4884 illos,
1590 4825 1810 4893 gavisus
1841 4830 1946 4889 est,
1985 4832 2106 4876 tau-

533 4928 696 4984 quam
727 4914 773 4968 si
805 4913 1104 4969 invenisset
1133 4928 1388 4983 magnum
1423 4915 1764 4969 thesaurum.

607 5004 695 5058 fl.
731 5003 917 5059 Audiit
948 5003 1238 5074 aliquando
1258 5005 1541 5075 presbyter
1572 5004 1768 5060 Pelusii
1796 5003 1864 5058 de
1887 5004 2108 5072 quibus-

533 5093 657 5148 dam
693 5093 976 5161 fratribus,
1010 5095 1154 5165 quod
1181 5095 1406 5149 assiduo
1450 5096 1503 5149 in
1550 5095 1686 5150 urbe
1730 5105 2100 5161 versarentur,

532 5185 800 5248 lavarent,
830 5185 1162 5255 negligereut
1200 5201 1292 5250 se;
1318 5186 1576 5254 quocirca
1617 5187 1843 5241 veniens
1877 5186 1942 5240 ad
1991 5188 2104 5240 col-

533 5272 752 5338 lectam,
788 5275 1009 5329 sustulit
1041 5276 1110 5330 ab
1159 5275 1228 5330 iis
1275 5275 1520 5330 babitum
1565 5275 1964 5332 monacbalem.
1994 5275 2103 5331 Sed

607 5429 655 5462 ⁸⁸
684 5430 771 5484 Al.
789 5405 1001 5494 \dtvofﬁw
1037 5445 1156 5499 μου.

603 5587 716 5656 (8|)
757 5587 862 5644 vn.
902 5588 1051 5642 Patr.
1088 5605 1161 5652 ιν,
1195 5590 1275 5646 52.

605 5657 717 5730 (δὲ)
744 5658 1064 5730 Σκολάκιν,
1097 5668 1150 5713 et
1182 5659 1299 5712 τῶν
1344 5659 1719 5726 σκολακίων,
1750 5661 1910 5730 paulo
1936 5659 2102 5717 infra.

538 5725 791 5780 QcolaCes
823 5736 950 5781 sunt
985 5728 1142 5784 funes
1181 5730 1371 5785 intorti
1406 5739 1460 5786 et
1489 5730 1682 5801 cerati,
1708 5725 1786 5787 aa
1819 5745 1977 5788 usum
2021 5732 2101 5786 fa-

2177 576 2375 643 αύτοῦς
2418 577 2580 646 Λέγει
2613 577 2760 647 αὐτῷ
2804 579 2833 630 6
2865 577 3078 648 γέρων⁴
3123 579 3293 642 Αὐτὸς
3329 578 3438 630 τῶν
3467 578 3580 633 ἀνω
3613 579 3753 645 ἐστὶ,

2179 670 2271 723 καὶ
2303 670 2598 741 ἐπουράνια
2649 667 2820 733 λαλεῖ,
2871 668 2980 737 ἐγὼ
3024 667 3080 720 δὲ
3126 669 3233 722 τῶν
3277 668 3428 722 κάτω
3471 671 3604 740 εἰμὶ,
3659 668 3758 726 καὶ

2181 761 2403 828 ἐπίγεια
2447 760 2610 814 λαλῶ.
2658 760 2721 812 Εἰ
2768 759 2994 828 ὲλάλησέ
3031 777 3118 831 μοι
3155 761 3283 831 περὶ⁵
3329 759 3515 813 παθῶν
3553 761 3758 832 ψυχῆς,

2179 849 2289 918 ἐγὼ
2317 851 2382 902 ἀν
2411 847 2791 919 ἀπεκρινάμην
2821 847 2968 918 αὑτῷ
2986 865 3000 879 ο
3036 848 3084 900 εί
3104 848 3158 900 δὲ
3189 848 3316 919 περὶ
3349 849 3754 920 πνευματικῶν,

2185 938 2297 1008 ἐγὼ
2328 938 2500 992 ταῦτα
2531 939 2630 990 οὐκ
2658 932 2794 990 οἴδα.
2843 935 3102 1002 Ἐξελθὼν
3133 933 3224 991 οὖν
3258 940 3286 991 6
3326 937 3552 1008 ἀδελφὸς
3606 935 3761 994 εἶπεν

2184 1030 2332 1101 αὐτῷ
2351 1046 2366 1059 ·
2412 1031 2470 1082 '0
2499 1030 2676 1099 γέρων
2705 1030 2764 1082 οὐ
2805 1027 3013 1098 ταχέως
3042 1028 3149 1082 ἀπὸ
3175 1029 3394 1099 Γραφῆς
3429 1028 3610 1082 λαλεῖ·
3641 1025 3762 1084 ἀλλ’

2183 1123 2278 1175 ὲάν
2305 1138 2389 1185 τις
2421 1118 2569 1190 αὐτῷ
2600 1118 2734 1189 λαλῇ
2781 1117 2908 1189 περὶ
2942 1117 3131 1171 παθῶν
3174 1116 3372 1188 ψυχῆς,
3406 1119 3764 1189 ἀποκρίνεται

2185 1211 2356 1282 αὐτῷ.
2397 1212 2455 1264 '0
2483 1211 2540 1264 δὲ
2595 1209 2920 1277 κατανυγεὶς
2955 1207 3169 1278 εἰσῆλθε
3216 1210 3349 1280 πρὸς
3381 1209 3470 1262 τὸν
3505 1211 3761 1279 γέροντα,

2187 1305 2279 1358 καὶ
2304 1303 2451 1372 λέγει
2484 1300 2634 1371 αύτῷ
2655 1319 2668 1330 ·
2701 1301 2765 1353 Τί
2790 1301 3017 1371 ποιήσω,
3047 1299 3210 1364 ἀϐὅᾶ,
3234 1301 3314 1352 ὅτι
3333 1301 3764 1372 κατακυριεύου-

2190 1393 2241 1447 σε
2277 1411 2378 1465 μου
2437 1393 2507 1446 τὰ
2571 1392 2721 1463 πάθη
2762 1392 2862 1462 τῆς
2893 1391 3105 1461 ψυχῆςς
3138 1393 3248 1444 Καὶ
3279 1394 3581 1463 προσέσχεν
3611 1392 3763 1464 αὐτῷ

2185 1487 2215 1538 ὁ
2261 1487 2438 1556 γέρων
2474 1485 2701 1555 χαίρων,
2757 1483 2851 1537 καὶ
2896 1482 3085 1536 εἶπενο
3145 1484 3303 1555 Ἀρτι
3350 1485 3529 1550 καλῶς
3558 1482 3762 1556 ἦλθες·

2188 1577 2281 1632 νῦν
2329 1578 2538 1644 ἀνοιξόν
2580 1595 2674 1631 σου
2717 1577 2763 1610 ⁸⁸
2788 1577 2849 1630 τὸ
2881 1577 3054 1646 στόμα
3090 1577 3216 1647 περὶ
3248 1576 3471 1641 τούτων,
3502 1579 3597 1630 καὶ
3625 1577 3767 1649 πλη-

2191 1668 2353 1739 ρὼσω
2381 1669 2511 1723 αὐτὸ
2536 1667 2777 1736 ἀγαθῶν.
2820 1668 2879 1721 '0
2917 1667 2973 1720 δὲ
3008 1667 3178 1720 πολλά
3207 1668 3508 1738 ὠφεληθεὶς
3541 1669 3763 1736 ἔλεγεν·

2195 1760 2403 1820 Ὄντως
2428 1757 2568 1828 αὕτη
2597 1758 2742 1810 ἐστὶν
2770 1759 2803 1828 ἡ
2833 1758 3060 1829 ἀληθινὴ
3102 1759 3239 1822 666;.
3275 1759 3385 1812 Kal.
3427 1759 3766 1830 εὐχαριστῶν

2189 1847 2268 1918 τῷ
2293 1847 2410 1918 Θεῷ
2433 1848 2746 1919 ἀνέκαμψεν
2775 1849 2854 1910 εἰς
2880 1849 2977 1920 τὴν
3002 1849 3135 1902 ἰδίαν
3163 1849 3346 1922 χώραν
3365 1891 3380 1916 ,
3421 1852 3502 1904 ὅτι
3539 1852 3766 1925 τοιούτῳ

2191 1937 2332 2005 ἁγίῳ
2364 1936 2673 2008 κατηξιώθη
2711 1942 3012 2009 συντυχεῖν.

2262 2029 2325 2083 θ’,
2381 2029 2682 2101 Ἐκράτησε
2729 2046 2858 2082 ποτε
2887 2031 2915 2082 6
2945 2029 3128 2100 ἅρχων
3158 2030 3259 2101 τῆς
3293 2029 3475 2102 Χώρας
3515 2030 3638 2086 τινὰ
3664 2032 3770 2103 τῆς

2191 2121 2386 2192 κώμης
2411 2119 2503 2199 τοῦ
2529 2119 2673 2174 ἀὸϐἀ
2699 2120 2962 2191 Ποιμὲνος
2985 2137 3001 2152 ο
3041 2123 3134 2175 καὶ
3165 2119 3328 2195 ἦλθον
3361 2123 3559 2188 πάντες
3587 2142 3769 2197 παρα-

2193 2213 2481 2275 καλοῦντες
2501 2212 2606 2264 ’τὸν
2649 2213 2880 2282 γέροντα
2947 2213 3203 2268 ἀπελθεῖν
3248 2215 3342 2268 καὶ
3389 2215 3635 2269 ἐκόαλεῖν
3663 2217 3769 2270 αὐ-

2155 2369 2162 2372 __
2193 2305 2301 2360 τόν.
2350 2304 2406 2356 '0
2435 2304 2491 2357 δὲ
2526 2299 2674 2357 εἶπεν
2696 2323 2709 2335 -
2753 2305 2980 2360 Ἐάσατέ
3007 2324 3074 2377 με
3110 2309 3259 2378 τρεῖς
3285 2307 3521 2379 ἡμέρας,
3555 2310 3646 2362 καὶ
3671 2308 3770 2362 οὖ-

2193 2413 2302 2458 τως
2349 2395 2600 2466 ἔρχομαι.
2660 2395 2868 2462 Εύξατο
2918 2393 3011 2450 οὖν
3067 2399 3096 2451 6
3139 2397 3313 2462 ἀσσᾶς
3364 2399 3574 2470 Ποιμὴν
3631 2400 3769 2471 πρὸς

2195 2485 2419 2557 Κύριον,
2450 2485 2622 2554 λέγων
2643 2502 2657 2515 ·
2710 2486 2902 2558 Κύριε,
2942 2488 3015 2559 μὴ
3051 2488 3160 2559 δῷς
3205 2507 3295 2560 μοι
3324 2490 3420 2560 τὴν
3448 2490 3606 2561 χάριν
3637 2491 3774 2546 ταύ-

2193 2593 2314 2647 την.
2379 2577 2531 2630 Ἐπεὶ
2581 2578 2682 2630 οὐκ
2727 2577 2944 2646 ἀφιοῦσί
3001 2597 3068 2651 με
3115 2581 3334 2634 καθίσαι
3381 2585 3438 2636 ὲν
3490 2583 3566 2653 τῷ
3620 2584 3772 2655 τόπῳ

2193 2667 2389 2736 τούτῳ.
2421 2662 2622 2721 Ἦλθεν
2650 2663 2742 2721 οὖν
2773 2671 2800 2722 6
2827 2668 3006 2740 γέρων
3039 2669 3369 2741 παρακαλῶν
3395 2671 3485 2725 τὸν
3509 2673 3765 2744 ἄρχοντα.

2207 2756 2266 2809 Ὀ
2314 2756 2371 2809 δὲ
2421 2757 2556 2828 πρὸς
2607 2757 2766 2811 αὐτὸν
2819 2758 2954 2830 ἔφη·
2993 2761 3130 2832 Περῖ⁵
3164 2761 3359 2833 λῃστοῦ
3403 2762 3768 2832 παρακαλεῖς,

2197 2847 2374 2912 assa;
2418 2847 2476 2901 '0
2489 2848 2544 2901 δὲ
2570 2848 2748 2920 γέρων
2776 2850 2966 2922 ἐχάρη,
2994 2851 3074 2904 ὅτι
3099 2853 3198 2906 οὐκ
3225 2853 3438 2918 ἐδέξατο
3456 2855 3613 2926 χάριν
3640 2855 3773 2928 παρ’

2198 2938 2383 2992 αὐτοῦ.

2273 3036 2323 3084 ι’,
2365 3031 2702 3100 Διηγήσαντὸ
2753 3049 2917 3098 τινες,
2955 3035 3052 3109 ,δτι
3103 3036 3232 3089 ποτὲ
3272 3037 3299 3088 6
3344 3036 3516 3100 ἀϐϐᾶς
3561 3037 3776 3110 Ποιμὴν

2200 3121 2294 3172 καὶ
2331 3123 2379 3173 οἱ
2421 3121 2639 3192 ἀδελφοὶ
2673 3124 2836 3178 αὑτοῦ
2869 3127 3181 3195 εἰργάζοντο
3210 3129 3460 3182 σκολάκιν
3489 3129 3599 3201 (82)
3620 3147 3634 3160 ·
3677 3131 3777 3183 καὶ

2200 3210 2261 3262 οὐ
2315 3211 2637 3281 προεχώρει,
2693 3213 2768 3283 μὴ
2820 3213 3032 3284 ἔχοντες
3081 3215 3346 3288 ἀγοράσαι
3394 3218 3627 3287 λινάρια.
3665 3218 3779 3272 Καί

2200 3317 2282 3364 τις
2326 3302 2504 3355 αὐτῶν
2560 3304 2842 3376 ἀγαπητὸς
2897 3306 3194 3378 διηγήσατό
3233 3326 3338 3362 τινι
3378 3312 3776 3382 πραγματευτῇ

2203 3392 2379 3463 πιστῷ
2422 3393 2482 3447 τὸ
2522 3397 2771 3467 πρᾶγμα.
2821 3397 2881 3450 '0
2935 3398 2990 3451 δὲ
3036 3398 3210 3462 ἀόὁᾶς
3238 3399 3446 3469 Πυιμὴν
3482 3401 3581 3453 οὐκ
3613 3399 3779 3471 ἧθελε

2202 3482 2500 3554 λαμϐάνειν
2545 3486 2696 3558 παρά
2740 3487 2883 3550 τινός
2912 3487 2963 3540 τί
3002 3505 3151 3550 ποτε,
3178 3487 3266 3540 διά
3293 3488 3388 3559 τὴν
3418 3489 3660 3559 ὄχλησιν.
3718 3490 3780 3543 '0

2207 3572 2264 3626 δὲ
2306 3576 2729 3646 πραγματευτὴς
2763 3575 2930 3630 θέλων
2973 3578 3194 3650 ποιῆσαι
3245 3578 3404 3650 ἔργον
3431 3579 3510 3650 τῷ
3540 3584 3780 3652 γέροντι,

2205 3667 2598 3733 προεφασίζετο
2618 3667 2806 3737 χρείαν
2828 3669 2970 3738 ἔχειν
2993 3669 3101 3723 τῶν
3119 3670 3440 3736 σκολακίων,
3463 3674 3556 3725 καὶ
3579 3673 3782 3743 ἧνεγκε

2204 3753 2301 3825 τὴν
2324 3757 2589 3826 κάμηλον,
2619 3757 2712 3810 καὶ
2742 3758 2931 3811 ἔλαὸεν
2958 3760 3116 3814 αὐτά.
3163 3761 3274 3814 Καὶ
3305 3761 3474 3816 ἐλθὼν
3502 3765 3530 3816 6
3552 3763 3783 3833 ἀδελφὸς

2206 3843 2343 3913 πρὸς
2385 3843 2476 3896 τὸν
2523 3844 2697 3928 άὸὅᾶν
2718 3846 2979 3916 Ποιμένα,
3031 3849 3123 3901 καὶ
3140 3849 3378 3914 ἀκούσας
3411 3851 3437 3903 ὃ
3457 3851 3714 3920 ἐποίησεν
3748 3855 3778 3905 6

2205 3935 2664 4007 πραγματευτὴς,
2715 3937 2790 4000 ὡς
2837 3937 3004 3991 θέλων
3048 3939 3326 3994 ἐπαινέσαι
3374 3941 3563 4004 αὐτὸν,
3613 3936 3776 3995 εἷπε·

2210 4025 2393 4091 Φύσει,
2419 4026 2580 4092 sese,
2604 4029 2692 4080 md
2719 4029 2792 4099 μὴ
2816 4027 3030 4100 χρῄζων
3061 4031 3198 4085 αὖτά
3224 4031 3433 4097 ἔλαϐεν,
3463 4033 3550 4085 ἵνα
3580 4034 3786 4106 ποιήσῃ

2212 4118 2344 4187 ἡμῖν
2393 4117 2574 4191 ἔργον.
2635 4119 2898 4185 Ἀκούσας
2936 4121 2992 4175 δὲ
3040 4124 3068 4175 6
3105 4122 3275 4186 ἀϐϐἀς
3322 4123 3531 4195 Ποιμὴν
3576 4126 3658 4178 ὅτι
3702 4125 3786 4196 μὴ

2207 4205 2426 4277 χρῄζων
2453 4206 2590 4261 αὐτά
2615 4207 2824 4275 ἐλαϐεν,
2855 4206 2975 4264 εἷπε
3005 4211 3081 4281 τῷ
3113 4211 3326 4283 ἀδελφῷ
3349 4229 3364 4244 ο
3411 4213 3660 4277 Ἀνάστα,
3695 4211 3787 4284 μί.

2211 4297 2418 4352 σθωσαι
2448 4297 2715 4372 κάμηλον,
2745 4302 2838 4354 καὶ
2869 4303 3000 4373 φέρε
3029 4303 3172 4357 αὐτά
3192 4319 3205 4334 ·
3229 4303 3324 4357 ἐάν
3348 4304 3406 4358 δὲ
3427 4306 3526 4359 οὐκ
3549 4305 3784 4379 ἐνέγκῃς

2210 4388 2370 4453 αὑτά,
2400 4390 2610 4460 Ποιμὴν
2641 4385 2740 4444 ὧδε
2777 4393 2837 4447 οὐ
2869 4393 3158 4457 καθέζεται
3195 4395 3314 4465 μεθ’
3353 4395 3527 4465 ὑμῶν.
3569 4395 3644 4450 Οὐ
3673 4397 3787 4467 γάρ

2211 4474 2380 4528 ἀδικῶ
2397 4493 2521 4530 τινα
2541 4478 2823 4548 ἄνθρωπον
2849 4481 2923 4552 μὴ
2954 4481 3241 4553 χρῄζοντα.
3274 4485 3358 4536 ἵνα
3391 4483 3596 4555 ζημίαν
3625 4487 3788 4556 ποιή-

2209 4581 2299 4637 σῃ,
2325 4566 2420 4618 καὶ
2445 4565 2583 4640 λάϐῃ
2611 4568 2672 4621 τὸ
2699 4570 2886 4642 κέρδος
2943 4589 3067 4643 μου.
3110 4573 3222 4627 Καὶ
3243 4573 3482 4644 ἀπῆλθεν
3509 4575 3538 4626 6
3559 4575 3786 4645 d651qb;

2209 4655 2375 4709 αὐτοῦ
2412 4658 2549 4727 μετά
2584 4658 2783 4713 πολλοῦ
2815 4661 3004 4725 κόπου,
3055 4663 3150 4716 καὶ
3179 4665 3408 4735 ἧνεγκεν
3440 4664 3612 4719 αύτά⁶
3648 4666 3698 4716 εί
3728 4663 3787 4716 δὲ

2211 4745 2308 4816 μὴ,
2357 4748 2386 4799 6
2432 4747 2610 4819 γέρων
2654 4749 2750 4804 ἀπ’
2801 4752 2981 4806 αὐτῶν
3031 4753 3314 4825 ἀνεχώρει.
3368 4756 3456 4818 Ὠς
3500 4752 3594 4810 οὖν
3647 4751 3788 4808 εἶδεν

2209 4835 2371 4900 αὐτὰ,
2408 4837 2603 4911 ἐχάρη,
2635 4840 2768 4894 ὡσεὶ
2800 4843 2973 4913 μέγαν
3004 4843 3180 4915 εὑρὼν
3216 4846 3504 4917 θησαυρόν.

2284 5012 2373 5067 ια’.
2420 5017 2658 5071 Ἤκουσε
2701 5035 2832 5072 ποτε
2878 5022 2907 5074 6
2941 5023 3310 5094 πρεσϐύτερος
3350 5024 3445 5078 τοῦ
3486 5025 3790 5094 Πηλουσίου

2214 5103 2341 5174 περί
2372 5121 2534 5160 τινων
2564 5108 2828 5178 ἀδελφῶν,
2857 5111 2938 5165 ὅτι
2965 5113 3203 5184 συνεχῶς
3232 5117 3312 5180 είς
3337 5117 3436 5186 τὴν
3475 5116 3630 5170 πόλιν
3659 5117 3792 5182 sict,

2213 5195 2306 5249 καὶ
2325 5197 2593 5262 λούονται,
2635 5202 2728 5254 καὶ
2755 5203 3044 5273 ἀμελοῦσιν
3082 5206 3322 5260 ἑαυτῶν·
3375 5207 3469 5260 καὶ
3507 5206 3682 5261 ἐλθὼν
3714 5210 3798 5272 εἰς

2209 5283 2308 5355 τὴν
2338 5286 2580 5354 σύναξιν,
2618 5285 2752 5362 ἦρεν
2800 5292 2894 5345 ἀπ’
2923 5295 3107 5349 αὐτῶν
3151 5295 3211 5350 τὸ
3250 5297 3456 5368 σχῆμα.
3503 5297 3613 5350 Καὶ
3654 5298 3800 5367 μετά

2214 5593 2295 5647 cis
2317 5601 2370 5646 et
2401 5591 2663 5664 candelae,
2694 5608 2792 5650 seu
2831 5594 3038 5652 funalia
3069 5608 3123 5654 et
3150 5608 3294 5658 cerei
3327 5603 3561 5662 furiales.
3587 5606 3799 5664 Obser-

2213 5669 2399 5717 vatum
2429 5661 2533 5716 fuit
2564 5678 2595 5718 a
2617 5666 2898 5723 veteribus
2923 5678 2973 5745 et
2997 5673 3421 5752 recentioribus.
3603 5661 3610 5662 7
3637 5661 3658 5663 “’
3677 5661 3694 5662 ί
3714 5661 3760 5664 ’“
3807 5681 3812 5684 -
