3994 6336
195 358 315 416 325

1354 352 1967 410 APUPHTHLGMATA
2010 352 2316 409 PATliUM.

3363 361 3470 416 3‘26

194 468 358 524 τοῦτο
387 468 583 540 ἔτυψεν
609 467 770 523 αὐτὸν
797 467 829 538 ἡ
856 466 1048 532 καρδία
1073 467 1260 530 αὐτοῦ,
1289 468 1382 520 καὶ
1419 466 1783 538 μετεμελήθη,

1900 475 2079 536 postea
2109 466 2274 521 corde
2305 481 2364 521 se
2389 475 2587 521 tactum
2614 468 2808 536 sensit,
2840 486 2903 526 ac
2925 473 3245 542 paenitentia
3268 475 3465 532 ductus

197 564 302 616 καὶ
341 557 474 632 ἦλθε
508 561 646 633 πρὸς
675 562 766 614 τὸν
793 559 966 614 ἁὸὅᾶν
1012 560 1272 631 Ποιμένα,
1323 558 1536 631 μεθύων
1561 561 1673 622 τοῖς
1702 558 1783 611 λο-

1900 566 1996 612 est.
2032 557 2282 612 Accessit
2312 573 2441 626 ergo
2498 557 2566 612 ad
2620 559 2872 616 abbatem
2929 561 3260 629 Pcemenem,
3322 571 3471 623 velut-

199 655 446 723 γισμοῖς,
493 651 774 722 βαστάζων
814 653 908 705 καὶ
953 652 1078 715 τοὺς
1121 650 1435 722 λεσήτωνας
1475 649 1584 702 τῶν
1627 649 1783 702 ἀδελ-

1900 653 2316 723 cogitationibus
2357 653 2566 718 ebrius,
2596 663 2820 723 portans
2853 657 3014 710 etiam
3057 654 3321 713 levitones
3365 659 3469 712 fra-

201 746 346 814 φῶν,
400 746 496 797 καὶ
531 744 853 812 ἀναγγέλλει
894 743 955 796 τὸ
998 745 1232 814 πρᾶγμα
1277 743 1354 812 τῷ
1395 742 1631 812 γέροντι.
1677 743 1783 796 Καὶ

1900 752 2067 810 trum;
2105 759 2329 814 remque
2367 745 2483 800 seni
2518 747 2827 800 annuntiat.
2868 747 2957 800 Ait
2998 748 3073 800 illi
3103 763 3302 802 senex:
3343 748 3468 802 Non

199 837 354 904 λέγει
387 835 538 906 αύτῷ
567 835 595 886 6
639 835 848 906 γέρωνο
884 835 997 888 Οὐκ
1024 833 1165 904 ἔχεις
1209 833 1271 886 σύ
1306 833 1359 885 τί
1400 849 1530 886 ποτε
1555 833 1648 885 τοῦ
1681 850 1786 884 πα-

200 929 358 983 λαιοῦ
392 928 715 1000 ἀνθρώπου;
749 928 1002 981 ἀπεδύσω
1046 928 1242 990 αύτόν;
1296 927 1352 979 '0
1383 926 1440 979 δὲ
1483 925 1784 996 πρεσϐύτε-

201 1042 302 1094 ρος
328 1019 502 1087 εἶπεν,
535 1024 615 1074 ὅτι
654 1021 882 1090 Μετέχω
908 1020 1001 1072 τοῦ
1029 1018 1257 1072 παλαιοῦ
1289 1016 1597 1090 ἀνθρώπου.
1649 1017 1704 1070 ’0
1730 1016 1786 1069 δὲ

201 1116 387 1186 γέρων
413 1111 565 1168 εἶπεν
600 1113 749 1182 αύτῷ
769 1130 782 1143 ο
826 1112 956 1165 Ἰδοὺ
985 1107 1077 1165 οὖν
1114 1111 1204 1164 καὶ
1243 1111 1306 1164 σὺ
1337 1109 1413 1173 ὡς
1445 1109 1495 1160 oi
1542 1108 1783 1176 ἀδελφοί.

201 1210 270 1261 Εἰ
297 1207 406 1278 γὰρ
435 1205 629 1276 μικρὸν
661 1205 906 1274 μετέχεις
939 1203 1035 1274 τῆς
1067 1203 1444 1274 παλαιότητος,
1476 1203 1625 1273 ὅμως
1653 1200 1785 1253 ὑπό-

197 1316 385 1352 κεισαι
424 1301 490 1368 τῇ
543 1295 803 1366 ἁμαρτίᾳ.
859 1295 991 1348 Τότε
1042 1293 1291 1348 ἀπελθὼν
1340 1297 1368 1348 6
1417 1291 1784 1366 πρεσϐύτερος

195 1389 433 1442 ἐκάλεσε
483 1389 608 1451 τοὺς
653 1386 933 1454 ἀδελφοὺς,
975 1387 1068 1438 καὶ
1105 1387 1394 1458 μετενόησε
1431 1389 1541 1450 τοῖς
1571 1385 1780 1448 ἕνδεκα,

195 1481 300 1533 καὶ
356 1479 601 1531 ἐνέδυσεν
652 1477 850 1540 αὐτοὺς
892 1477 952 1530 τὸ
1001 1477 1188 1547 σχῆμα
1239 1478 1332 1531 τοῦ
1383 1475 1641 1548 μοναχοῦ,
1686 1476 1782 1531 καὶ

195 1570 495 1626 ἀπέλυσεν.

277 1665 368 1735 ιβ’.
420 1663 669 1732 Ἀδελφδς
691 1661 941 1734 ἠρώτησε
962 1662 1054 1716 τὸν
1085 1662 1257 1716 ἀὸϐᾶν
1286 1663 1548 1733 Ποιμένα,
1568 1662 1740 1732 λέγων
1758 1679 1778 1695 ⁴

210 1753 483 1823 Ἐποίησα
527 1752 798 1822 ἁμαρτίαν
837 1752 1100 1822 μεγάλην,
1135 1753 1229 1804 καὶ
1264 1751 1402 1805 θέλω
1451 1753 1780 1823 μετανοῆσαι

197 1846 330 1917 τρία
356 1846 468 1916 ἔτη.
496 1844 657 1912 Λέγει
686 1843 836 1914 αὐτῷ
865 1846 892 1896 6
923 1845 1132 1915 γέρωνο
1162 1843 1303 1896 Πολύ
1327 1845 1463 1897 ἐστι.
1494 1844 1602 1897 Καὶ
1629 1839 1782 1898 εἶπεν

198 1937 355 2008 αὐτῷ
389 1939 419 1990 6
446 1936 698 2006 ἀδελφός·
747 1935 887 1988 Ἀλλ’
919 1934 1023 1998 ἓως
1051 1934 1334 1999 ὲνιαυτού;
1387 1934 1498 1988 Καὶ
1527 1929 1648 1987 εἷπε
1679 1935 1784 1988 πά-

198 2030 289 2084 λιν
330 2032 360 2084 6
406 2030 620 2100 γέρων*
654 2025 797 2081 Πολύ
830 2029 996 2079 ἐστιν.
1048 2027 1111 2079 Οἱ
1157 2025 1214 2078 δὲ
1252 2025 1521 2096 παρόντες
1563 2025 1778 2094 ἔλεγον·

202 2125 354 2188 Ἕως
389 2121 798 2193 τεσσαράκοντα
826 2118 1087 2191 ἡμερῶνς
1115 2119 1226 2172 Καὶ
1255 2119 1417 2172 πάλιν
1452 2115 1604 2172 εἷπε·
1641 2119 1781 2172 Πολύ

202 2219 384 2271 ἔστιν·
419 2210 540 2267 εἷπε
571 2213 664 2267 δέ·
709 2211 852 2278 Ἐγὼ
882 2211 1042 2276 λέγω,
1078 2211 1158 2263 ὃτι
1191 2209 1284 2262 ἐὰν
1310 2209 1369 2274 ἐξ
1395 2210 1524 2279 ὅλης
1556 2211 1780 2282 καρδίας

202 2305 519 2376 μετανοήσῃ
549 2301 853 2372 ἄνθρωπος,
889 2300 982 2353 καὶ
1013 2301 1085 2370 μὴ
1122 2298 1331 2370 προσθῇ
1365 2299 1444 2352 ἔτι
1471 2302 1646 2351 ποιεῖν
1685 2299 1784 2368 τὴν

199 2395 504 2466 ἁμαρτίαν,
556 2392 650 2446 καὶ
700 2394 780 2456 είς
830 2394 979 2462 τρεῖς
1029 2391 1242 2460 ἡμέρας
1293 2390 1508 2460 δέχεται
1557 2391 1720 2444 αὐτὸν
1756 2395 1785 2445 6

196 2489 358 2553 Θεός.

284 2581 373 2649 ιγ’.
407 2575 544 2634 Eine
581 2577 765 2641 πάλιν,
791 2578 872 2631 ὅτι
907 2575 981 2629 T6
1014 2577 1238 2646 σημεῖον
1295 2573 1390 2628 τοῦ
1444 2575 1680 2646 μοναχοῦ
1724 2577 1784 2630 έν

198 2675 318 2736 τοῖς
354 2672 681 2744 πειρασμοῖς
709 2668 976 2738 φαίνεται.
1150 2686 1155 2691 ·

278 2762 360 2816 ιδ’.
398 2758 535 2815 Eine
583 2760 778 2814 πάλιν·
827 2759 1038 2828 Ὠσπερ
1077 2757 1106 2808 6
1155 2755 1456 2827 σπαθᾶριος
1485 2756 1579 2809 τοῦ
1625 2757 1781 2828 βασι-

200 2855 344 2916 λέως
411 2853 741 2923 παρίσταται
770 2849 919 2920 αὐτῷ
970 2847 1262 2910 διαπαντὸς
1308 2847 1551 2916 ’ἐτοιμοςο
1610 2846 1782 2911 οὕτως

200 2945 290 2997 δεῖ
312 2945 413 3013 τὴν
439 2943 618 3013 ψυχὴν
645 2941 868 3010 ἑτοίμην
905 2935 1044 2994 εἶναι
1101 2938 1240 3010 πρὸς
1284 2937 1375 2990 τὸν
1412 2937 1639 3007 δαίμονα
1683 2937 1782 3008 τῆς

203 3034 489 3103 πορνείας.

1889 835 2058 888 habes
2082 842 2138 888 tu
2161 834 2438 904 quidpiam
2468 837 2666 891 veteris
2698 837 2973 890 hominis?
3015 837 3287 892 exuistine
3315 838 3468 893 eum?

1885 923 2188 994 Respondit
2219 927 2537 997 presbyter:
2579 926 2862 997 Particeps
2893 929 3072 980 adhuc
3104 943 3226 982 sum
3263 928 3470 982 veteris

1888 1015 2145 1070 hominis.
2203 1014 2380 1070 Senex
2421 1018 2702 1086 reposuit:
2758 1017 2900 1074 Ecce
2945 1020 3131 1089 igitur,
3167 1020 3330 1072 etiam
3381 1025 3465 1083 tu,

1887 1106 2030 1161 sicut
2055 1106 2276 1163 fratres.
2314 1107 2427 1164 Etsi
2455 1110 2601 1162 enim
2643 1125 2834 1180 parmn
2884 1113 3121 1166 retineas
3152 1110 3462 1173 vetustatis,

1885 1207 2122 1254 attamen
2155 1208 2383 1271 peccato
2424 1198 2700 1268 subjaces.
2732 1200 2886 1256 Tunc
2947 1203 3137 1257 abiens
3184 1203 3468 1270 presbyter

1883 1291 2100 1344 vocavit
2154 1290 2372 1353 fratres,
2424 1293 2494 1345 ab
2528 1291 2661 1360 ipsis
2704 1292 2956 1348 undecim
2991 1293 3203 1346 veniam
3238 1291 3465 1361 supplex

1884 1383 2058 1452 petiit,
2098 1383 2277 1438 induit
2305 1400 2402 1439 eos
2455 1384 2647 1439 habitu
2678 1384 2956 1450 monachi,
2993 1399 3206 1440 necnon
3233 1383 3460 1437 dimisit.

1952 1646 2044 1700 '12.
2082 1647 2193 1717 (85)
2227 1643 2422 1701 Frater
2455 1647 2536 1701 sic
2577 1647 2932 1716 interrogavit
2971 1646 3219 1700 abbatem
3254 1643 3465 1698 Preme-

1879 1752 2039 1793 nem:
2067 1735 2325 1792 Commisi
2362 1738 2568 1807 grande
2595 1746 2896 1807 peccatum,
2946 1744 2998 1791 et
3034 1737 3156 1788 volo
3185 1751 3278 1804 per
3301 1736 3467 1789 trien-

1883 1828 2036 1882 nium
2072 1842 2228 1897 agere
2255 1828 2653 1898 pmnitentiatn.
2699 1826 2837 1882 Dicit
2871 1828 2918 1881 ei
2977 1843 3141 1882 svnex
3171 1844 3183 1880 :
3235 1825 3462 1879 Multum

1877 1919 2146 1988 temporis
2175 1925 2284 1973 est.
2313 1919 2400 1971 Ait
2433 1918 2633 1973 frater:
2661 1917 2765 1972 Sed
2799 1918 2864 1972 ad
2891 1934 3091 1972 annum
3125 1915 3333 1987 usque?
3355 1915 3465 1970 lte-

1881 2026 2005 2065 rnnt
2037 2026 2240 2066 senex:
2276 2009 2505 2064 Multum
2539 2017 2644 2065 est.
2669 2009 2774 2074 Qui
2823 2019 3002 2064 autem
3037 2009 3286 2070 aderant,
3317 2008 3466 2062 dixe.

1883 2113 2042 2158 runt:
2106 2103 2288 2172 Usque
2339 2102 2407 2156 ad
2462 2101 2831 2172 quadraginta
2893 2098 3054 2153 dies?
3105 2099 3300 2152 ltermn
3354 2098 3459 2150 ait:

1885 2196 2113 2252 Multum
2147 2207 2252 2251 est.
2299 2194 2655 2263 Addiditque:
2686 2192 2914 2246 Affirmo
2945 2207 3067 2261 ego,
3109 2190 3251 2261 quod
3282 2190 3327 2243 si
3359 2188 3462 2243 ho-

1884 2287 2084 2342 minem
2112 2302 2179 2340 ex
2208 2294 2320 2339 toto
2365 2283 2531 2338 corde
2587 2281 2925 2352 ptenituerit,
2977 2297 3078 2334 nec
3133 2281 3178 2333 is
3229 2279 3463 2348 amplius

1885 2378 2212 2449 peccaverit,
2241 2377 2402 2431 etiam
2428 2376 2485 2430 in
2503 2375 2683 2430 tribus
2711 2373 3048 2442 poenitentia:
3080 2370 3274 2425 diebus
3320 2369 3464 2425 Deus

1883 2470 2038 2524 illum
2067 2469 2353 2537 suscipiet.

1957 2561 2042 2614 15.
2083 2560 2194 2627 (84)
2230 2559 2370 2612 Dixit
2417 2557 2595 2612 adhuc
2634 2575 2648 2613 :
2684 2556 2910 2626 Signum
2956 2554 3210 2609 monachi
3259 2554 3311 2608 in
3350 2559 3469 2607 ten-

1883 2651 2184 2708 tationibus
2221 2656 2465 2718 apparet.

1954 2745 2041 2797 14.
2086 2742 2197 2810 (85)
2229 2742 2422 2795 lterum
2463 2740 2598 2794 dixit
2631 2758 2643 2792 :
2676 2738 2830 2793 Sicut
2871 2733 3183 2807 spatbarius
3234 2737 3464 2805 impera-

1882 2833 2017 2889 toris
2056 2832 2262 2888 assistit
2301 2832 2372 2894 ei,
2411 2838 2633 2900 paratus
2685 2845 2942 2899 semper:
2975 2829 3048 2882 ita
3078 2834 3293 2896 oportet
3334 2827 3456 2880 ani-

1883 2939 2024 2977 mam
2071 2931 2377 2994 promptam
2415 2936 2538 2976 esse
2579 2921 2843 2975 adversus
2885 2919 3184 2973 daemonem
3226 2919 3466 2972 fornica-

1883 3014 2070 3068 tionis.

279 3096 361 3177 ιε’.
411 3121 720 3195 Ἦρὼτησεν
759 3123 788 3174 6
825 3120 1000 3183 ἁὸϐᾶς
1042 3119 1231 3174 ’Δνοὺὸ
1251 3121 1296 3152 ⁸⁷
1325 3119 1418 3173 τὸν
1457 3119 1630 3173 ἀὸὄᾶν
1662 3120 1783 3173 Ποι-

1961 3104 2048 3158 15.
2092 3102 2204 3173 (86)
2237 3103 2592 3172 Interrogavit
2637 3102 2808 3156 abbas
2853 3101 3013 3156 Annb
3057 3100 3308 3156 abbatem
3341 3096 3470 3154 Ρωο

203 3218 344 3287 μένα
387 3216 516 3284 περὶ
560 3213 670 3268 τῶν
711 3212 1035 3284 ἀκαθάρτων
1093 3211 1370 3282 λογισμῶν
1415 3205 1489 3266 ὧν
1535 3213 1700 3282 γεννᾷ
1747 3215 1780 3282 ἡ

202 3304 407 3377 καρδία
438 3303 534 3356 τοῦ
563 3302 874 3372 ἀνθρώπου,
914 3303 1008 3355 καὶ
1039 3303 1168 3371 περὶ
1189 3300 1298 3354 τῶν
1324 3300 1569 3370 ματαίων
1595 3301 1784 3354 ἐπιθυ-

205 3397 366 3466 μιῶν.
412 3396 523 3448 Καὶ
551 3395 699 3464 λέγει
730 3394 879 3465 αὐτῷ
915 3396 943 3448 6
976 3393 1151 3456 ἁόὀᾶς
1193 3394 1406 3465 Ποιμήν
1426 3409 1438 3422 ο
1471 3392 1568 3461 Μὴ
1609 3391 1788 3456 δοξα-

201 3486 502 3557 σθήσεται
543 3486 722 3554 ἀξίνη
759 3484 905 3540 ἄνευ
963 3485 1069 3540 τοῦ
1116 3484 1446 3549 κόπτοντος
1485 3484 1555 3537 ἐν
1596 3482 1786 3551 αὐτῇ;

203 3577 304 3632 καὶ
367 3578 470 3642 σὺ,
551 3575 630 3646 μὴ
677 3574 870 3637 δώσεις
935 3575 1120 3637 αὐτοῖς
1185 3576 1342 3644 χεῖρα
1394 3575 1476 3638 ⁸⁸,
1530 3575 1625 3628 καὶ
1688 3575 1788 3644 ἀρ-

202 3667 419 3737 γοῦσιν.

277 3765 376 3824 ις’.
421 3753 559 3812 Εἷπε
594 3756 754 3812 πάλιν
799 3757 827 3808 6
872 3755 1047 3820 ἀὸϐἆς
1079 3757 1288 3828 Ποιμήν
1311 3770 1325 3785 ·
1355 3757 1418 3810 Ei
1455 3756 1528 3828 μὴ
1574 3756 1787 3810 Ναϐου-

203 3851 410 3923 ζαρδάν
441 3851 470 3902 6
499 3849 894 3920 ἀρχιμάγειρος
933 3844 1118 3918 ἦλθεν,
1165 3848 1266 3902 οὐκ
1303 3847 1368 3902 ἂν
1410 3847 1718 3918 ἐνεπρήσθη
1757 3847 1786 3898 6

203 3939 331 4004 ναὸς
366 3937 598 4008 Κυρίου.
643 3937 812 3990 Τοῦτο
853 3936 910 3989 δέ
949 3939 1129 3990 ἐστιν·
1179 3937 1242 3990 Ei
1282 3935 1358 4006 μὴ
1404 3939 1437 4007 ἡ
1476 3938 1786 3999 ἀνάπαυσις

201 4025 336 4098 ἦλθε
387 4026 832 4098 γαστριμαργίας
879 4025 958 4089 είς
1004 4025 1102 4096 τὴν
1129 4026 1326 4097 ψυχὴν.
1371 4027 1472 4079 οὐκ
1516 4025 1582 4080 ἂν
1609 4023 1785 4086 όνοῦς

203 4121 544 4173 κατέπιπτεν
579 4121 636 4171 ὲν
669 4118 746 4187 τῷ
779 4117 999 4188 πολέμῳ
1034 4119 1128 4172 τοῦ
1157 4117 1373 4189 ἐχθροῦ.

279 4318 365 4380 ιζ’.
399 4318 627 4385 Ἔλεγον
661 4316 788 4387 περὶ
826 4317 921 4370 τοῦ
981 4317 1127 4371 ὰ66ἄ
1158 4317 1439 4387 Ποιμένος,
1472 4314 1552 4367 ὅτι
1585 4314 1782 4368 καλού-

209 4424 370 4474 μενος
397 4409 477 4470 εἰς
509 4407 573 4459 τὸ
599 4411 793 4475 φαγεῖν
822 4407 974 4478 παρὰ
995 4407 1057 4460 τὸ
1081 4407 1290 4478 θέλημα
1319 4404 1507 4469 αὑτοῦ,
1549 4405 1660 4475 ἀπή
1671 4421 1786 4476 ρχε-

1889 3211 2122 3257 menem,
2151 3195 2218 3249 de
2262 3195 2492 3263 impuris
2518 3193 2947 3262 cogitationibus
2977 3208 3115 3262 quas
3149 3193 3324 3262 gignit
3369 3203 3468 3244 cor

1887 3287 2147 3350 hominis,
2182 3293 2237 3338 et
2266 3285 2331 3338 de
2375 3283 2530 3338 ranis
2579 3283 2991 3353 cupiditatibus.
3030 3281 3170 3337 Dicit
3214 3283 3264 3336 ei
3295 3282 3466 3336 abbas

1886 3375 2107 3431 Pmmen
2138 3394 2153 3430 :
2187 3373 2441 3444 Nunquid
2489 3374 2810 3445 gloriabitur
2863 3375 3060 3428 securis
3114 3375 3226 3427 sine
3279 3389 3337 3426 eo
3377 3372 3468 3442 qui

1886 3465 2041 3519 cazdit
2067 3467 2120 3518 in
2143 3466 2260 3533 ipsa
2279 3465 2326 3496 “
2348 3465 2370 3518 ?
2393 3464 2473 3519 Tu
2503 3480 2722 3537 quoque
2748 3480 2815 3518 ne
2840 3465 3089 3534 porrigas
3111 3464 3192 3519 eis
3221 3479 3466 3532 manum,

1888 3568 1941 3612 et
1966 3557 2157 3612 otiosae
2181 3564 2373 3613 erunt.

1961 3734 2048 3788 16.
2093 3732 2205 3804 (8'!)
2243 3731 2382 3786 Dixit
2409 3732 2604 3787 iterum
2637 3732 2804 3786 abbas
2833 3730 3086 3786 Pwmeu:
3127 3730 3240 3786 Nisi
3276 3728 3463 3786 Nabu—

1888 3825 2087 3882 zardan
2119 3840 2420 3895 coquorum
2472 3826 2727 3893 princeps
2771 3825 3030 3890 venisset,
3076 3839 3184 3877 non
3229 3839 3462 3877 concre-

1888 3925 2094 3971 matum
2140 3915 2336 3972 fuisset
2371 3917 2628 3986 templum
2661 3915 2875 3968 Domini
2901 3916 2970 3968 ⁸⁸.
3015 3913 3130 3967 Hoc
3170 3921 3349 3966 autem
3386 3913 3467 3966 si-

1888 4007 2128 4076 gnificat,
2173 4005 2319 4075 quod
2361 4006 2466 4059 nisi
2517 4005 2756 4059 venisset
2801 4006 2856 4057 in
2912 4003 3148 4055 animam
3194 4001 3466 4057 recreatio

1888 4099 2061 4167 gulae,
2113 4112 2266 4151 mens
2324 4111 2436 4150 non
2479 4095 2780 4151 corruisset
2823 4095 2877 4145 in
2925 4092 3068 4146 bello
3115 4099 3306 4149 contra
3355 4092 3463 4145 ini-

1889 4201 2111 4240 IIIICUHI.

1960 4297 2047 4350 17.
2087 4295 2198 4366 (88)
2226 4296 2455 4351 Aiebant
2481 4296 2548 4351 de
2577 4295 2770 4350 abbate
2795 4294 3071 4360 Ptnmenc,
3095 4295 3240 4366 quod
3275 4295 3466 4352 invita-

1890 4397 1978 4443 tus
2003 4387 2070 4442 ad
2101 4388 2496 4443 comedendum
2526 4395 2718 4442 contra
2759 4389 3090 4444 voluntatem
3129 4405 3305 4457 suam,
3341 4406 3467 4462 pro-

207 4515 268 4548 το
300 4497 575 4567 δακρύων,
612 4499 698 4552 ἴνα
747 4499 822 4569 μὴ
860 4498 1182 4568 παρακούσῃ
1214 4499 1302 4554 τὸν
1337 4497 1566 4566 ἀδελφὺν
1596 4496 1782 4561 αὐτοῦ,

1900 4479 2238 4536 liciscebatur
2285 4495 2406 4534 cum
2447 4481 2735 4551 lacrymis,
2803 4496 2872 4535 ne
2916 4482 3284 4552 inobsequens
3322 4490 3467 4539 esset

208 4590 303 4640 καὶ
334 4588 553 4659 λυπήσῃ
590 4591 773 4644 αὐτόν.

285 4709 373 4770 ιη’.
404 4701 542 4755 Eine
590 4703 750 4756 πάλιν
783 4707 812 4758 6
836 4703 1010 4766 666d;
1051 4703 1291 4771 Ποιμήν·
1328 4702 1419 4772 Μὴ
1452 4701 1678 4771 οἰκήσῃς
1707 4701 1790 4762 εἰς

205 4793 393 4857 τόπον,
425 4789 486 4846 οὗ
525 4793 739 4863 βλέπεις
767 4795 918 4858 τινὰς
949 4793 1172 4864 ἔχοντας
1202 4793 1359 4863 ζῆλον
1391 4791 1531 4844 κατὰ
1572 4790 1666 4844 σοῦ
1689 4807 1701 4819 ο
1737 4791 1784 4842 εί

205 4882 266 4934 δὲ
298 4885 462 4954 μήγε,
487 4885 550 4936 οὐ
575 4887 926 4955 προκόπτεις.

289 4995 373 5051 ι’ν.
398 4994 741 5066 Διηγήσαντό
771 5011 915 5057 τινες
945 4993 1025 5064 τῷ
1057 4992 1202 5062 ἀ66ᾷ
1233 4970 1452 5061 Ποιμένι
1488 4989 1615 5060 περί
1645 5004 1788 5050 τινος

211 5087 474 5158 μοναχοῦ⁹
507 5087 589 5138 ὅτι
611 5085 669 5138 ού
695 5085 839 5138 πίνει
866 5080 1029 5138 οἶνον.
1058 5085 1166 5138 Καὶ
1192 5079 1374 5135 εἶπενο
1414 5083 1471 5135 '0
1495 5077 1635 5143 οἶνος
1655 5079 1788 5143 ὅλως

205 5178 311 5232 οὐκ
335 5178 449 5231 ἔστι
485 5176 594 5231 τῶν
627 5176 894 5248 μοναχῶν.
1292 5161 1294 5163 ί

1895 4573 2049 4626 fratri
2081 4588 2202 4639 suo,
2228 4587 2461 4642 eumque
2487 4573 2707 4628 tristitia
2731 4573 2985 4628 alliceret.

1968 4685 2051 4739 18.
2096 4685 2206 4755 (89)
2240 4684 2386 4738 Dixit
2415 4695 2676 4754 praeterea
2713 4685 2884 4739 abbas
2914 4683 3135 4739 Poemen
3165 4703 3178 4739 :
3209 4682 3327 4737 Noli
3367 4683 3466 4736 ba-

1893 4779 2071 4831 bitare
2118 4777 2171 4830 in
2207 4779 2346 4839 loco,
2386 4778 2440 4830 in
2480 4793 2590 4846 quo
2639 4778 2821 4830 cernis
2868 4777 3162 4829 nonnullos
3191 4775 3290 4829 tibi
3325 4774 3470 4828 invi-

1893 4871 2042 4923 dere.
2077 4869 2290 4938 Alioqui
2322 4885 2427 4922 non
2459 4868 2628 4922 facies
2657 4881 3028 4937 progressum.

1967 4983 2052 5037 19.
2096 4980 2208 5053 (90)
2240 4979 2611 5034 Narraverunt
2641 4977 2863 5048 quidam
2915 4977 3099 5031 abbati
3134 4977 3374 5032 Piemeni
3401 4977 3470 5032 de

1900 5077 2084 5144 aliquo
2141 5074 2444 5136 monacho,
2507 5071 2653 5141 quod
2706 5071 2888 5124 vinum
2949 5085 3059 5122 non
3116 5069 3341 5123 biberet.
3402 5067 3470 5120 Et

1898 5168 2033 5222 dixit
2063 5186 2077 5221 :
2110 5163 2305 5219 Vinum
2337 5163 2560 5217 omnino
2594 5161 2660 5214 ad
2709 5161 3010 5216 monachos
3045 5176 3155 5215 non
3206 5156 3465 5229 pertinet.

282 5379 328 5412 ⁵⁷
363 5381 447 5434 ΑΙ.
507 5378 740 5449 lla-p.663.
818 5379 864 5410 ⁸⁸
894 5377 976 5431 Al.
1012 5375 1228 5447 χώραν,
1275 5374 1409 5446 μηδὲ
1451 5373 1685 5444 ήδυνθῇς
1709 5373 1763 5425 ὲν

1901 5372 1998 5434 οῖς,
2075 5367 2118 5399 ⁵³
2156 5366 2258 5420 lsa.
2297 5382 2351 5428 κ,
2385 5366 2471 5420 13.
2551 5366 2595 5396 ⁸ο
2639 5362 2700 5416 IV
2743 5362 2876 5432 Reg.
2919 5379 3049 5428 xxv,
3074 5363 3105 5417 8
3136 5379 3257 5434 sqq.

288 5554 405 5622 (εδ)
438 5555 545 5608 vn.
589 5554 738 5608 Patr.
768 5571 822 5616 κ,
867 5554 956 5608 to.

288 5619 399 5692 (84)
442 5624 548 5677 Vit.
585 5623 738 5692 Patr.
774 5640 871 5687 vn,
897 5624 990 5692 153
1034 5621 1258 5692 Quroth.
1302 5621 1484 5674 Doctr.
1518 5619 1609 5692 15.

313 5689 400 5763 85)
442 5693 544 5746 Vit.
588 5691 739 5747 Patr.
773 5710 826 5754 v,
862 5693 916 5747 8.
954 5689 1018 5746 In
1049 5689 1312 5763 Eplmrm.
1358 5707 1410 5760 p.
1446 5689 1575 5756 387,-
1612 5705 1666 5742 ιι.
1701 5689 1782 5750 12,

312 5761 402 5836 86)
438 5763 546 5818 Vit.
581 5763 735 5819 Patr.
770 5779 836 5828 ιι,
859 5764 946 5817 41.

1975 5544 2088 5612 (87)
2132 5543 2236 5596 Vit.
2265 5542 2417 5596 Patr.
2469 5559 2539 5603 Iv,
2569 5540 2686 5612 729:
2716 5541 2963 5612 Append'
2994 5556 3048 5612 p'
3080 5540 3202 5603 999’
3226 5556 3278 5599 η’
3313 5549 3406 5605 2““

1963 5611 2077 5682 {88)
2123 5612 2228 5665 Vit.
2270 5612 2419 5682 Patr.
2454 5611 2653 5682 tv,§0.
2766 5611 2770 5612 ί
2804 5611 2814 5612 ί
2997 5611 3009 5612 ί
3297 5653 3304 5661 .

1965 5680 2076 5746 (89)
2117 5682 2221 5735 Vit.
2258 5681 2406 5735 Patr.
2443 5698 2494 5743 ιι,
2526 5680 2617 5733 45.

1966 5753 2079 5824 (90)
2123 5751 2226 5806 Vit.
2265 5750 2414 5805 Patr.
2445 5765 2519 5818 Iv,
2541 5750 2632 5805 5|.

2157 5968 2186 5980 ..ο
