3982 6336
502 350 604 404 7-27
1645 352 1992 409 APPENDIX
2032 355 2125 408 AD
2165 352 2383 409 PALLA
2393 351 2580 412 lllL'M.
3651 354 3764 412 528

571 474 658 529 90.
701 471 813 542 (9|)
838 470 1020 524 Abbas
1053 470 1227 524 Isaias
1281 466 1637 536 interrogavit
1665 467 1916 523 abbatem
1956 468 2078 522 Poe-

2253 477 2321 523 κ’.
2367 470 2428 520 Ἢ
2436 468 2679 540 ρώτησεν
2704 468 2731 520 6
2755 466 2927 530 ἀεόἄς
2963 465 3190 528 Ἡσαΐας
3209 465 3300 519 τὸν
3324 465 3494 520 ἀῦεᾶν
3521 466 3768 537 Ποιμένα

501 581 713 623 meaem
750 565 815 618 de
836 561 1076 618 sordidis
1104 559 1552 630 cogitationibus.
1589 558 1652 611 Et
1676 557 1959 627 respondit
1986 559 2033 612 ei
2059 576 2071 610 :

503 655 967 726 Quemadmodum
1006 652 1058 705 in
1095 665 1260 719 capsa
1299 650 1458 719 plena
1484 649 1846 712 vestimentis,
1874 648 1918 702 si
1953 647 2077 716 quis

501 750 785 817 reliquerit
811 761 898 808 ea,
929 752 1178 812 tempore
1208 741 1509 810 putrefiunt
1541 758 1556 794 :
1592 741 1666 793 ita
1697 739 1751 792 in
1787 739 2077 810 cogitatio-

503 837 702 898 nibus;
738 834 781 888 si
819 848 913 886 eas
943 846 1175 900 corpore
1226 846 1336 883 non
1371 829 1616 884 exsecuti
1651 829 1940 894 fuerimus,
1985 843 2080 898 per

502 933 718 991 tempus
741 920 1028 974 abolentur
1056 930 1150 972 aut
1175 924 1519 987 putrescunt.

571 1011 662 1064 2|.
707 1010 817 1079 (92)
858 1009 1222 1078 lnterroganti
1268 1007 1452 1061 abbati
1494 1005 1733 1075 Josepho
1779 1005 1846 1058 de
1891 1003 2079 1058 eadem

504 1103 824 1172 qua‘slione,
871 1100 1156 1170 respondit
1209 1099 1380 1153 abbas
1433 1098 1654 1151 Ptnmen
1683 1115 1696 1150 :
1725 1095 2086 1162 Quemadmo-

506 1194 634 1246 dum
677 1193 721 1247 si
751 1196 874 1261 quis
898 1199 1207 1260 serpentem
1236 1206 1360 1245 cum
1394 1189 1612 1258 scorpio
1635 1189 1847 1243 miserit
1877 1188 1930 1241 in
1961 1201 2080 1250 vas,

506 1282 750 1351 illudque
803 1283 1117 1346 occluserit,
1167 1283 1392 1334 omnino
1433 1289 1555 1348 post
1602 1277 1824 1346 aliquod
1870 1285 2085 1344 tempus

507 1374 851 1426 morientur:
885 1374 966 1427 sic
998 1379 1051 1426 et
1090 1386 1270 1441 pravae
1319 1371 1679 1440 cogitationes
1710 1383 1831 1437 quae
1875 1383 1941 1421 ex
1973 1367 2086 1420 dse-

509 1480 730 1518 monmn
781 1465 1045 1519 instinctu
1096 1462 1384 1536 pullulant,
1441 1477 1538 1532 per
1591 1461 1933 1515 tolerantiam
1993 1460 2089 1515 de-

509 1557 720 1609 "cillnl.

577 1649 667 1701 92.
713 1648 826 1716 (95)
859 1646 1050 1701 Frater
1083 1647 1233 1700 venit
1267 1647 1332 1700 ad
1371 1644 1622 1699 abbatem
1669 1642 2001 1706 Pmmenem,
2035 1648 2089 1695 et

509 1740 585 1792 ait
613 1741 700 1794 ei:
734 1738 870 1792 Sero
913 1753 1103 1807 agrum
1135 1753 1338 1802 meum,
1377 1745 1542 1805 atque
1580 1752 1644 1789 ex
1682 1749 1747 1789 eo
1782 1733 1924 1787 facio
1959 1748 2088 1802 aga-

2180 563 2308 632 περὶ
2334 561 2441 614 τῶν
2468 559 2727 632 ῥυπαρῶν
2763 559 3057 629 λογισμῶν.
3098 559 3209 612 Καὶ
3239 558 3390 626 λέγει
3435 558 3584 628 αὐτῷ
3611 561 3639 610 6
3662 560 3766 613 db—

2180 652 2280 714 6ἂς
2317 653 2557 723 Ποιμήν·
2604 652 2814 721 ’Ὥσπερ
2856 651 3120 721 κάμπτρα
3169 651 3340 720 μεστὴ
3387 649 3635 719 ἱματίων,
3667 649 3768 703 καὶ

2180 743 2276 795 ἐὰν
2317 745 2426 811 ἀφῇ
2469 740 2609 794 αὐ·τά
2646 757 2749 803 τις,
2781 739 2857 809 τῷ
2895 741 3073 810 χρόνῳ
3129 740 3392 806 σήπονται
3415 755 3427 766 ·
3462 737 3633 801 οὕτως
3667 738 3767 791 καὶ

2181 835 2228 885 oi
2254 831 2535 902 λογισμοί·
2577 830 2671 884 ὲάν
2707 831 2781 901 μὴ
2822 832 3135 900 ποιήσωμεν
3177 830 3375 892 αὐτοὺς
3410 830 3762 900 σωματικῶς,

2182 923 2260 996 τῷ
2287 924 2462 996 χρόνῳ
2491 922 2838 992 ἀφανίζονται
2862 923 2980 992 ήτοι
3013 923 3300 991 σήπονται.

2255 1024 2357 1071 καν.
2401 1015 2713 1087 Ἦρὼτησεν
2735 1017 2763 1069 6
2787 1015 2961 1077 6.665.;
2998 1014 3195 1084 Ἰωσὴφ
3235 1014 3327 1066 τὸν
3367 1015 3530 1066 αὑτὸν
3565 1014 3722 1083 λόγον
3744 1030 3763 1046 ⁸

2185 1110 2279 1164 καὶ
2328 1105 2480 1162 εἶπεν
2523 1107 2672 1178 αὑτῷ
2719 1110 2748 1160 6
2788 1107 2961 1169 assa;
3003 1107 3252 1176 Ποιμήν·
3289 1106 3498 1176 Ὥσπερ
3540 1106 3632 1159 ὲάν
3678 1124 3768 1170 τις

2185 1200 2308 1268 ὅφιν
2336 1200 2432 1251 καὶ
2467 1198 2725 1270 σκορπίον
2745 1197 2881 1267 βάλῃ
2909 1199 2988 1259 είς
3014 1197 3254 1264 ἀγγεῖον,
3281 1197 3374 1249 καὶ
3402 1197 3600 1268 φράξῃ,
3631 1197 3771 1250 πάν-

2186 1307 2293 1352 τως
2319 1289 2398 1357 τῷ
2422 1289 2597 1360 χρόνῳ
2629 1287 3090 1357 ἀποθνήσκουσιν·
3125 1288 3299 1351 οὕτως
3336 1288 3429 1340 καὶ
3453 1289 3503 1339 oi
3536 1288 3770 1358 πονηροὶ

2187 1379 2456 1450 λογισμοὶ,
2499 1379 2607 1432 ἀπὸ
2647 1379 2758 1432 τῶν
2785 1379 3054 1449 δαιμόνων
3087 1377 3495 1448 βλαστάνοντες,
3540 1378 3628 1431 διὰ
3662 1380 3770 1450 τῆς

2191 1473 2466 1543 ὑπομονῆς
2496 1471 2856 1525 ἐκλείπουσιν.
3198 1482 3201 1485 ·

2262 1648 2366 1718 κβ’.
2409 1647 2663 1715 ’Λὸελφὸς
2693 1642 2824 1716 ἦλθε
2863 1645 2998 1716 πρὸς
3039 1645 3130 1698 τὸν
3161 1645 3335 1698 ἀ66ᾶν
3370 1644 3628 1716 Ποιμένα,
3672 1647 3774 1700 καὶ

2191 1742 2339 1810 λέγει
2367 1739 2515 1810 αὐτῷ
2534 1756 2547 1771 ·
2579 1739 2797 1809 Σπείρω
2836 1738 2927 1791 τὸν
2950 1738 3114 1809 ἀγρόν
3146 1754 3270 1807 μου,
3306 1739 3400 1790 καὶ
3430 1737 3569 1790 ποιῶ
3593 1738 3651 1803 ἐξ
3672 1741 3773 1792 αὐ·-

509 1848 635 1901 pen.
688 1830 990 1900 Respondit
1039 1831 1116 1884 illi
1163 1845 1329 1883 senex
1367 1827 1580 1882 :Recte
1629 1827 1786 1881 facis.
1835 1825 1900 1878 Et
1951 1825 2087 1878 abiit

2206 1834 2283 1888 τοῦ
2309 1832 2550 1901 ἀγάπην.
2604 1830 2767 1898 Λέγει
2811 1828 2961 1899 αὐτῷ
3008 1831 3036 1881 6
3076 1829 3285 1899 γέρων·
3327 1828 3522 1892 Καλῶς
3573 1833 3770 1892 ποιεῖς.

509 1939 634 1976 cum
679 1924 987 1987 alacritate,
1031 1923 1294 1989 auxitque
1329 1920 1732 1988 eleemosynam
1776 1931 1953 1972 suam.
1985 1916 2090 1968 Ab-

510 2013 610 2066 bas
649 2019 832 2064 autem
874 2011 1058 2071 Anub,
1109 2009 1299 2062 audito
1340 2022 1616 2071 sermone,
1661 2006 1778 2058 infit
1811 2006 1876 2058 ad
1921 2005 2090 2059 abba—

511 2108 620 2152 tem
659 2099 970 2152 Paamenem
1003 2117 1016 2150 :
1044 2097 1159 2151 Non
1193 2099 1354 2150 times
1392 2095 1585 2158 Deum,
1629 2096 1722 2164 qui
1763 2096 1837 2148 ita
1873 2095 2090 2149 loeutus

513 2190 594 2244 sis
623 2188 816 2242 fratri?
839 2189 1014 2242 Senex
1039 2202 1172 2242 vero
1201 2187 1389 2242 tacuit.
1412 2185 1544 2241 Post
1571 2186 1711 2240 duos
1733 2193 1916 2239 autem
1947 2184 2089 2251 dies,

513 2284 798 2338 arcessivit
838 2284 1006 2338 abbas
1056 2283 1278 2337 Pmmen
1332 2282 1573 2344 fratrem,
1615 2281 1776 2349 eique
1821 2280 1952 2332 dicit
2003 2295 2095 2331 an-

514 2376 699 2431 dieule
741 2375 937 2430 abbate
966 2375 1162 2428 Anub:
1195 2373 1336 2439 Quid
1370 2373 1500 2426 mihi
1534 2372 1854 2442 prolocutus
1893 2384 1954 2424 es
1983 2370 2092 2423 alio

515 2468 640 2522 die?
666 2467 926 2538 quoniam
975 2481 1132 2521 mens
1179 2481 1299 2520 mea
1353 2465 1483 2518 alibi
1518 2473 1656 2518 erat.
1698 2462 1835 2516 Tum
1879 2461 2087 2516 frater:

516 2558 659 2625 Dixi,
690 2575 719 2612 a
764 2575 850 2612 me
884 2558 1143 2613 seminari
1187 2571 1378 2626 agrum
1421 2571 1624 2618 mcum,
1659 2569 1723 2609 ex
1762 2569 1938 2623 eoque
1973 2553 2092 2606 dari

515 2652 935 2722 cleemosynam.
969 2649 1194 2719 Excepit
1238 2649 1406 2702 abbas
1439 2646 1659 2700 Pcemen
1692 2645 1996 2699 :Putabam
2041 2652 2095 2699 te

516 2744 758 2798 locutum
787 2743 855 2796 de
897 2741 1066 2796 fratre
1114 2751 1230 2803 tuo,
1279 2741 1372 2810 qui
1420 2739 1474 2792 in
1512 2739 1715 2794 smculo
1749 2738 1902 2792 vivit.
1935 2737 2094 2803 Quod

518 2836 564 2890 si
597 2844 655 2889 tu
688 2850 747 2888 es
777 2836 868 2904 qui
898 2834 1002 2887 hoc
1034 2849 1172 2902 opus
1214 2832 1367 2893 facis,
1402 2848 1511 2885 non
1545 2841 1630 2885 est
1664 2831 1768 2884 hoc
1815 2830 2090 2884 monachi.

518 2927 569 2983 ls
596 2942 724 2980 vero
751 2926 1003 2987 audiens,
1047 2923 1411 2978 contristatns
1435 2930 1540 2984 est,
1570 2931 1736 2990 atque
1766 2920 1880 2973 haec
1909 2920 2094 2990 profu-

517 3019 596 3072 dit
625 3018 787 3073 verba
823 3037 835 3070 :
872 3015 1090 3069 Nullum
1133 3013 1279 3068 aliud
1331 3029 1468 3082 opus
1505 3013 1654 3078 novi,
1693 3012 1797 3064 nisi
1834 3012 1959 3074 hoc,
1996 3025 2096 3066 nec

518 3125 740 3181 possum
765 3125 873 3164 non
908 3107 1176 3163 seminare
1203 3119 1392 3176 agrum
1421 3119 1620 3158 meum.
1649 3102 1941 3172 Postquam
1965 3115 2095 3172 ergo

2192 1925 2301 1979 Kal
2344 1922 2554 1993 ἀπῆλθε
2607 1922 2752 1992 ’μετὰ
2809 1919 3138 1990 προθυμίας,
3199 1921 3292 1972 καὶ
3337 1920 3644 1990 προσέθηκε
3699 1923 3770 1992 τῇ

2192 2016 2398 2088 ἀγάπῃ.
2431 2014 2540 2067 Καὶ
2577 2014 2808 2083 ἤκουσεν
2839 2013 2866 2064 6
2897 2011 3070 2074 ἀϐδᾶς
3111 2011 3299 2064 ’Δνοὺό
3333 2011 3423 2065 τὸν
3468 2011 3645 2080 λόγον,
3674 2013 3775 2067 καὶ

2192 2107 2338 2174 λέγει
2373 2105 2449 2175 τῷ
2491 2105 2635 2174 ἀϐὖᾷ
2664 2103 2921 2173 Ποιμένι·
2965 2103 3039 2154 Οὐ
3092 2102 3230 2172 φοϐῇ
3277 2103 3368 2154 τὸν
3415 2102 3566 2166 Θεὸν,
3597 2102 3775 2166 οὕτως

2192 2197 2430 2266 λαλήσας
2454 2195 2531 2265 τῷ
2562 2193 2809 2263 ἀδελφῷ;
2848 2194 2958 2245 Kal.
3008 2193 3314 2263 ἐσιώπησεν
3351 2196 3378 2246 6
3415 2193 3612 2264 γέρων.
3660 2196 3775 2246 Kal.

2198 2289 2336 2357 μετὰ
2368 2286 2458 2340 δύο
2493 2286 2704 2357 ἡμέρας
2743 2284 2988 2354 ἐπεμψεν
3020 2285 3048 2336 6
3089 2284 3263 2348 ἀϐϐᾶς
3304 2285 3515 2354 Ποιμὴν
3556 2285 3648 2338 ἐπὶ
3681 2285 3777 2336 τὸν

2195 2377 2441 2444 ἀδελφὸν,
2466 2377 2557 2429 καὶ
2587 2376 2732 2443 λέγει
2757 2374 2905 2444 αὺτῴ
2927 2374 3215 2438 ἀκούοντος
3242 2373 3335 2427 τοῦ
3365 2375 3508 2427 ἀὸϐἄ
3543 2375 3735 2428 Ἀνούὸ
3757 2391 3775 2406 ·

2196 2469 2261 2521 Τί
2308 2464 2461 2531 εἶπές
2513 2485 2604 2537 μοι
2637 2471 2703 2538 τῇ
2733 2467 2898 2538 inn;
2935 2469 3015 2520 ὃτι
3053 2469 3080 2520 6
3122 2467 3246 2530 νοῦς
3284 2485 3384 2538 μου
3415 2468 3648 2538 ἀλλαχοῦ
3682 2464 3777 2539 ἦν.

2196 2560 2356 2628 Λέγει
2384 2559 2532 2628 αὐτῷ
2555 2561 2582 2611 6
2607 2559 2832 2628 ἀδελφός
2853 2574 2864 2586 ·
2900 2554 3088 2623 Εἶπον,
3125 2560 3208 2611 ὅτι
3235 2560 3446 2629 σπείρω
3482 2559 3573 2612 τὸν
3605 2560 3779 2629 ἀγρόν

2202 2666 2324 2720 μου,
2356 2650 2446 2702 καὶ
2471 2648 2609 2702 ποιῶ
2655 2648 2713 2712 ἐξ
2754 2648 2918 2702 αὐτοῦ
2949 2649 3190 2720 ἀγάπην.
3245 2651 3357 2703 Kal
3389 2646 3540 2702 εἶπεν
3569 2651 3719 2721 αὐτῷ
3747 2653 3781 2705 6

2198 2741 2374 2804 ἀὸϐἄς
2407 2741 2654 2811 Ποιμήν·
2699 2737 2978 2814 Ἐνόμηξον
3005 2741 3086 2793 ὅτι
3131 2742 3261 2812 περὶ
3291 2741 3384 2795 τοῦ
3420 2741 3649 2810 ἀδελῳοῦ
3677 2759 3778 2795 σου

2197 2833 2289 2886 τοῦ
2323 2834 2525 2904 κόσμου
2552 2835 2594 2865 ⁵¹
2618 2833 2912 2903 ὲλάλησας·
2949 2835 2997 2886 εί
3021 2833 3077 2886 δὲ
3112 2835 3175 2887 σὺ
3201 2830 3252 2887 εἴ
3278 2837 3307 2886 6
3334 2834 3502 2888 ποιῶν
3526 2835 3586 2888 τὲ
3615 2836 3782 2906 ἔργον

2197 2923 2375 2990 τοῦτο,
2410 2925 2510 2977 οὐκ
2543 2923 2657 2977 ἐστι
2686 2923 2844 2977 τοῦτο
2887 2923 3144 2994 μοναχοῦ.
3189 2925 3246 2978 Ὀ
3276 2925 3333 2976 δὲ
3372 2925 3610 2988 ἀκούσας
3655 2926 3785 2978 ὲλυ-

2200 3013 2370 3084 πήθη,
2398 3012 2602 3080 λέγων·
2642 3013 2804 3065 Ἀλλο
2845 3011 3006 3082 ἔργον
3047 3013 3197 3066 οὐδὲν
3229 3009 3366 3077 οἶδα,
3401 3016 3451 3067 εί
3483 3014 3557 3084 μὴ
3594 3014 3779 3080 τοῦτο,

2201 3105 2295 3156 καὶ
2314 3104 2372 3167 οὑ
2396 3101 2629 3173 δύναμαι
2661 3101 2734 3173 μὴ
2765 3103 3010 3172 σπείρειν
3043 3102 3133 3157 τὸν
3171 3103 3339 3175 ἀγρόν
3369 3121 3493 3175 μου.
3516 3103 3646 3156 Ὅτε
3681 3100 3781 3158 οὖν

518 3202 891 3262 discessisset.
928 3198 1238 3253 incurvavit
1269 3213 1330 3251 se
1381 3192 1566 3250 Coram
1615 3193 1874 3248 Pmmene
1909 3192 2091 3259 Anub,

2206 3193 2562 3266 ἀνεχώρησεν,
2604 3193 2794 3248 ἔϐαλεν
2820 3193 3012 3264 αὺτῷὁ
3041 3193 3216 3258 ἀῦὃᾶς
3257 3195 3445 3248 Ἀνοὺὸ
3468 3195 3783 3265 μετάνοιαν,

519 3295 673 3348 aiens
721 3311 734 3345 :
780 3295 1007 3360 Ignosce
1052 3290 1204 3345 mihi.
1257 3289 1396 3343 Tum
1451 3287 1624 3342 abbas
1673 3285 1895 3340 Ptemen
1942 3283 2096 3355 :Ego

519 3399 757 3455 quoque,
793 3384 990 3452 inquit,
1023 3396 1050 3434 a
1081 3381 1347 3450 principio
1380 3393 1637 3433 noveram
1677 3393 1785 3430 non
1807 3392 1930 3432 esse
1955 3391 2095 3446 opus

519 3477 812 3539 monachi;
863 3475 957 3529 scd
1009 3474 1308 3529 secundum
1361 3479 1596 3527 mentem
1649 3470 1797 3524 illius
1848 3484 2096 3538 pronun-

520 3567 673 3631 tiavi,
698 3567 931 3635 dedique
955 3566 1058 3635 ipsi
1083 3565 1445 3628 alacritatem,
1471 3562 1536 3615 ad
1566 3561 1854 3615 charitatis
1875 3575 2102 3630 proces-

521 3677 663 3716 sum.
722 3659 879 3714 Nunc
937 3673 1066 3712 vero
1115 3656 1289 3712 tristis
1333 3655 1503 3723 abiit;
1557 3665 1720 3724 atque
1760 3653 1955 3707 iterum
1995 3652 2098 3706 hoc

520 3754 697 3821 ipsum
735 3750 916 3804 faciet.
1659 3735 1694 3742 “
1731 3737 1747 3743 “
1813 3735 1868 3742 "—

590 3844 681 3897 25.
727 3841 837 3911 (91)
861 3839 1003 3893 Dixit
1020 3837 1190 3892 abbas
1211 3836 1434 3890 Pcemen
1457 3854 1470 3889 :
1494 3835 1550 3889 Si
1578 3832 1889 3904 peccaverit
1910 3833 2094 3899 homo,

520 3941 576 3989 et
598 3933 878 4003 negaverit
903 3947 961 3986 se
987 3943 1268 3999 peccasse,
1300 3941 1368 3980 ne
1390 3925 1736 3995 redargueris
1761 3940 1920 3992 eum;
1958 3925 2097 3980 alias

519 4026 801 4082 exscindis
827 4023 1069 4080 Studium
1107 4020 1304 4090 ipsius.
1334 4019 1493 4086 Quod
1530 4019 1576 4073 si
1605 4017 1810 4072 dixeris
1843 4017 1893 4072 ei
1929 4035 1941 4072 :
1976 4015 2097 4070 Noli

521 4119 764 4174 animum
796 4115 1158 4187 despondere,
1191 4114 1376 4176 frater,
1418 4110 1514 4166 sed
1543 4124 1676 4164 cave
1705 4109 1762 4164 in
1791 4117 2095 4180 posterum,

520 4212 730 4265 excitas
753 4209 994 4262 animam
1029 4207 1179 4262 illius
1212 4205 1278 4261 ad
1305 4203 1710 4275 pmnitentiam.

591 4380 683 4432 24.
726 4378 839 4448 (95)
869 4377 1066 4432 lterum
1090 4379 1229 4433 dixit
1263 4396 1277 4432 :
1308 4378 1456 4433 Bona
1483 4394 1570 4434 res
1602 4386 1688 4434 est
1718 4377 2056 4449 experientia
2083 4396 2096 4433 :

524 4474 641 4542 ipsa
673 4471 816 4526 enim
843 4471 1008 4524 docet
1039 4470 1315 4522 hominem
1349 4469 1598 4536 probum.

592 4563 682 4616 25.
729 4561 841 4631 (96)
865 4561 1009 4614 Dixit
1041 4561 1235 4614 iterum
1266 4579 1278 4612 :
1306 4561 1480 4613 Homo
1519 4560 1609 4628 qui
1642 4559 1822 4620 docet.
1852 4574 1953 4614 nec
1978 4575 2100 4630 quae

522 4656 678 4710 docel
713 4653 871 4718 facit,
923 4652 1120 4707 similis
1167 4660 1252 4706 est
1281 4650 1441 4712 fonti,
1473 4651 1601 4720 quia
1653 4651 1866 4705 cunctis
1911 4662 2096 4722 potum

523 4745 638 4809 dat,
671 4752 900 4798 cunctos
935 4742 1130 4805 abluit,
1163 4742 1404 4811 seipsum
1434 4755 1562 4794 vero
1597 4756 1706 4793 non
1734 4749 1917 4810 potest
1941 4758 2102 4798 mun-

523 4835 651 4887 dum
687 4844 968 4904 prazstare.

589 4926 682 4981 26.
722 4925 835 4998 (97)
869 4923 1197 4979 Prmteriens
1219 4923 1513 4991 aliquando
1543 4925 1716 4980 abbas
1747 4922 1971 4978 Poemen
2005 4937 2102 4990 per

524 5016 844 5088 Egyptum,
879 5016 1165 5085 conspexit
1204 5016 1490 5070 mulierem
1520 5016 1801 5072 sedentem
1835 5018 1888 5070 in
1922 5016 2102 5084 sepul-

521 5129 638 5174 cru,
672 5124 724 5165 et
756 5112 1061 5181 plorantem
1095 5124 1298 5164 amare.
1335 5107 1490 5164 Unde
1536 5111 1673 5164 dixit
1707 5128 1720 5164 :
1755 5109 1865 5164 Etsi
1902 5119 2102 5163 cuncta

522 5205 711 5258 mundi
750 5204 916 5272 hujus
951 5203 1352 5257 oblectamenta
1403 5202 1746 5264 advenerim,
1792 5216 1899 5254 non
1933 5200 2105 5254 dedu-

483 5269 516 5329 Ι

607 5358 647 5388 ⁶¹
679 5357 763 5409 ΑΙ.
798 5355 1089 5426 κοσμικοῦ.
1170 5356 1214 5386 ⁸³
1243 5354 1340 5426 Al.
1359 5355 1523 5406 ποιεῖ.

511 5428 615 5480 καὶ
650 5429 801 5480 πᾶσα
829 5425 1140 5497 ἀκαθαρσία
1175 5427 1234 5477 ὲν
1285 5425 1423 5496 αὐτῇ
1472 5426 1670 5476 κεῖται.

594 5539 706 5609 (9|)
745 5539 850 5593 Vit.
884 5539 1032 5594 Patr.
1071 5557 1127 5605 x,
1165 5540 1253 5594 42.

592 5610 702 5677 (9‘2)
749 5610 853 5663 Vit.
890 5609 1040 5663 Patr.
1085 5629 1137 5673 x,
1168 5611 1255 5664 4⁸5.

593 5683 703 5750 (93)
740 5680 842 5750 Vit.
879 5678 1032 5750 Patr.
1064 5697 1115 5744 x,
1145 5681 1238 5750 Mi.

595 5748 704 5818 (94)
742 5749 842 5804 ru.
876 5748 1024 5805 Patr.
1057 5766 1111 5816 ι,
1145 5749 1232 5804 ts.

1625 5353 1669 5383 ⁸³
1703 5352 1788 5407 Al.
1819 5352 2088 5424 δοκιμὼτε
2097 5371 2211 5425 ρον.

2197 3284 2405 3354 λέγων·
2451 3285 2812 3358 Συγχὼρησὸν
2859 3303 2970 3356 μοι.
3032 3286 3144 3338 Kal
3188 3284 3337 3354 λέγει
3368 3287 3397 3338 6
3433 3285 3608 3348 άϐὁᾶς
3650 3285 3786 3339 Ποι-

2202 3379 2307 3448 μήν
2329 3394 2342 3409 ·
2378 3376 2549 3446 Κάγὼ
2577 3378 2635 3444 ἐξ
2663 3377 2839 3448 ἀρχῆς
2875 3377 3022 3448 ᾔδειν
3051 3377 3132 3430 ὅτι
3171 3377 3271 3430 οὐκ
3315 3376 3462 3430 ἔστιν
3487 3377 3648 3447 ἔργον
3679 3396 3786 3448 μο-

2197 3469 2391 3539 ναχοῦ’
2431 3469 2566 3522 ἀλλὰ
2605 3470 2740 3540 πρὸς
2772 3470 2862 3522 τὸν
2903 3467 3161 3539 λογισμὸν
3192 3469 3357 3521 αὑτοῦ
3393 3469 3650 3540 ἐλάλησα,
3686 3471 3786 3522 καὶ

2199 3563 2377 3617 ἔδωκα
2407 3563 2556 3634 αὐτῷ
2595 3562 2903 3634 προθυμίαν
2941 3565 3021 3626 εἰς
3051 3562 3148 3634 τὴν
3177 3563 3462 3634 προκοπὴν
3511 3563 3607 3632 τῆς
3640 3564 3785 3631 ἀγα-

2200 3673 2326 3728 πης.
2376 3656 2489 3708 Νῦν
2521 3655 2578 3708 δὲ
2610 3655 2817 3726 ἀπῆλθε
2843 3655 3200 3727 λυπούμενος,
3234 3656 3328 3708 καὶ
3361 3655 3521 3708 πάλιν
3549 3653 3612 3707 τὸ
3644 3655 3784 3708 αὐτὸ

2199 3747 2362 3798 ποιεῖ.

2268 3837 2375 3904 κγ’.
2418 3830 2586 3889 Εἶπεν
2617 3837 2646 3889 6
2683 3833 2858 3898 ἁϐὃᾶς
2900 3835 3146 3906 Ποιμήν·
3196 3835 3322 3890 Ἐὰν
3366 3837 3659 3910 ἁμαρτήσῃ
3686 3839 3785 3892 ἄν-

2202 3926 2436 3998 θρωπος,
2492 3928 2585 3980 καὶ
2633 3927 2964 3998 ἀρνήσηται,
3004 3927 3200 3995 λέγων,
3249 3928 3363 3998 Οὺχ
3409 3929 3675 4000 ἥμαρτον,
3702 3931 3783 4001 μὴ

2199 4015 2423 4088 ἐλέγξῃς
2452 4018 2612 4071 αὐτόν
2629 4035 2643 4049 ·
2672 4020 2721 4071 ει
2745 4017 2802 4071 δὲ
2831 4019 2993 4089 μήγε,
3017 4019 3307 4082 ὲκκόπτεις
3331 4019 3494 4072 αὑτοῦ
3519 4019 3618 4089 τὴν
3645 4037 3785 4091 προ⁹

2200 4108 2418 4180 θμμίαν.
2462 4109 2586 4162 Ἐὰν
2608 4110 2665 4163 δὲ
2689 4110 2848 4181 εῐπῃς
2870 4108 3017 4180 αὐτῷ
3037 4125 3050 4142 ·
3084 4111 3176 4180 Μὴ
3216 4111 3527 4184 ἀθυμήσῃς,
3555 4109 3778 4180 ἀδελφὴ

2201 4198 2338 4252 ἀλλά
2357 4199 2591 4268 φύλαξαι
2611 4199 2705 4254 τοῦ
2725 4198 2936 4264 λοιποῦ,
2971 4199 3258 4270 διεγείρεις
3288 4200 3449 4254 αὑτοῦ
3479 4200 3574 4273 τὴν
3600 4201 3784 4272 ψυχὴν

2158 4354 2159 4357 η
2203 4291 2338 4361 πρὸς
2365 4291 2675 4362 μετάνοιαν,

2273 4382 2369 4436 κδ’.
2402 4378 2538 4435 Εῐπε
2579 4383 2739 4436 πάλιν
2760 4397 2774 4413 ⁶
2810 4383 2966 4454 Καλὴ
2999 4385 3033 4453 ἡ
3063 4385 3230 4455 πεῖρα
3251 4399 3264 4415 ·
3298 4381 3438 4452 αῦτη
3482 4382 3591 4454 γὰρ
3626 4382 3784 4436 διδά-

2209 4489 2328 4526 σκει
2349 4473 2393 4504 ⁸⁸
2423 4472 2514 4525 τὸν
2537 4471 2820 4544 ἄνθρωπον
2847 4473 3070 4544 δόκιμον
3093 4475 3157 4527 ⁸³.

2277 4562 2374 4617 κε’.
2453 4560 2588 4616 Εἷπε
2664 4563 2855 4619 πάλιν·
2934 4565 3254 4637 Ἀνθρωπος
3322 4565 3618 4629 διδάσκων,
3703 4564 3784 4636 μὴ

2207 4655 2376 4707 ποιῶν
2407 4653 2462 4707 δὲ
2486 4653 2521 4707 ἃ
2541 4653 2803 4721 διδάσκει,
2835 4653 3020 4726 ὅμοιός
3047 4657 3162 4708 ἐστι
3185 4656 3364 4726 κρήνῃ
3383 4671 3397 4685 ·
3444 4656 3526 4708 ὅτι
3569 4655 3785 4718 πάντας

2207 4745 2416 4810 ποτίζει
2470 4745 2564 4798 καὶ
2615 4745 2823 4813 πλύνει,
2883 4747 3081 4818 ἑαυτὴν
3129 4746 3185 4798 δὲ
3233 4747 3294 4799 οὑ
3343 4745 3566 4798 δύναται
3608 4744 3785 4799 καθα-

2210 4835 2360 4908 ρίσαι
2385 4838 2448 4889 ⁵⁸.

2282 4935 2392 4992 κς’.
2429 4929 2839 5001 Παρερχόμενός
2877 4947 3006 4983 ποτε
3047 4931 3076 4983 6
3115 4929 3288 4993 esea;
3329 4929 3539 4999 Ποιμὴν
3572 4928 3651 4992 εἰς
3680 4928 3786 4998 τὴν

2210 5018 2502 5087 Λίγυπτον,
2531 5015 2634 5073 εἶδε
2664 5024 2896 5089 γυναῖκα
2921 5022 2978 5073 ὲν
3004 5021 3253 5092 μνημείῳ
3275 5019 3662 5091 καθεζομένην,
3691 5021 3786 5073 καὶ

2211 5111 2501 5164 κλαίουσαν
2548 5111 2778 5181 πικρῶς.
2819 5113 2928 5166 Kal.
2967 5112 3144 5180 λέγει·
3205 5110 3329 5164 Ἑάν
3363 5110 3559 5163 ἔλθωσι
3603 5109 3786 5164 πάντα

2209 5202 2278 5255 τὰ
2309 5201 2520 5273 τερπνὰ
2547 5203 2640 5256 τοῦ
2671 5203 2874 5274 κόσμου
2899 5201 3111 5268 τούτου,
3160 5203 3218 5255 οὐ
3275 5201 3350 5272 μὴ
3403 5200 3788 5270 μεταστήσωσι

2324 5355 2369 5387 ⁸⁸
2398 5356 2483 5426 Al.
2517 5357 2642 5411 add.
2686 5357 2820 5410 ἀλλὰ
2855 5358 3034 5427 πάσης
3078 5356 3356 5428 ρυπαρίας
3403 5353 3789 5425 πεπλήρωται,

2281 5539 2392 5608 (98)
2431 5538 2537 5592 γει.
2579 5539 2732 5608 Patr.
2769 5556 2822 5602 x.
2848 5541 2931 5595 ιο.

2281 5607 2394 5677 (96)
2433 5608 2536 5662 Vit.
2575 5607 2724 5662 Patr.
2750 5626 2803 5672 x,
2832 5610 2920 5665 50.

2284 5679 2397 5750 (97)
2448 5678 2552 5733 Vit.
2582 5679 2738 5734 Patr.
2778 5695 2858 5748 ιιι,
2897 5680 2985 5736 10.
