  <div class='ocr_page' id='page_1' title='image "/cluster/home/n/w/nwhite01/storage/ocr_20150623/65/hvd.32044052838166/173.png"; bbox 0 0 3994 6336; ppageno 0'>
   <div class='ocr_carea' id='block_1_1' title="bbox 559 343 664 406">
    <p class='ocr_par' dir='ltr' id='par_1_1' title="bbox 559 343 664 406">
     <span class='ocr_line' id='line_1_1' title="bbox 559 343 664 406; baseline -0.057 0"><span class='ocrx_word' id='word_1_1' title='bbox 559 343 664 406; x_wconf 66' lang='grc'><strong>831</strong></span> 
     </span>
    </p>
   </div>
   <div class='ocr_carea' id='block_1_2' title="bbox 1687 336 2617 396">
    <p class='ocr_par' dir='ltr' id='par_1_2' title="bbox 1687 336 2617 396">
     <span class='ocr_line' id='line_1_2' title="bbox 1687 336 2617 396; baseline -0.002 -1"><span class='ocrx_word' id='word_1_2' title='bbox 1687 337 2027 395; x_wconf 71' lang='lat' dir='ltr'><strong>APPENDlX</strong></span> <span class='ocrx_word' id='word_1_3' title='bbox 2068 336 2160 392; x_wconf 71' lang='lat' dir='ltr'><strong>AL‘</strong></span> <span class='ocrx_word' id='word_1_4' title='bbox 2199 338 2617 396; x_wconf 75' lang='lat' dir='ltr'><strong>PALLADIUM.</strong></span> 
     </span>
    </p>
   </div>
   <div class='ocr_carea' id='block_1_3' title="bbox 3688 340 3795 398">
    <p class='ocr_par' dir='ltr' id='par_1_3' title="bbox 3688 340 3795 398">
     <span class='ocr_line' id='line_1_3' title="bbox 3688 340 3795 398; baseline 0.037 -3"><span class='ocrx_word' id='word_1_5' title='bbox 3688 340 3795 398; x_wconf 67' lang='lat'><strong>53?.</strong></span> 
     </span>
    </p>
   </div>
   <div class='ocr_carea' id='block_1_4' title="bbox 565 457 2137 530">
    <p class='ocr_par' dir='ltr' id='par_1_4' title="bbox 565 457 2130 528">
     <span class='ocr_line' id='line_1_4' title="bbox 565 457 2130 528; baseline -0.006 -8"><span class='ocrx_word' id='word_1_6' title='bbox 565 464 744 519; x_wconf 76' lang='lat' dir='ltr'><strong>dixit:</strong></span> <span class='ocrx_word' id='word_1_7' title='bbox 777 461 981 517; x_wconf 74' lang='lat' dir='ltr'><strong>Relicta</strong></span> <span class='ocrx_word' id='word_1_8' title='bbox 1013 461 1140 516; x_wconf 86' lang='lat' dir='ltr'><strong>mihi</strong></span> <span class='ocrx_word' id='word_1_9' title='bbox 1180 468 1266 516; x_wconf 91' lang='lat' dir='ltr'><strong>est</strong></span> <span class='ocrx_word' id='word_1_10' title='bbox 1301 459 1630 525; x_wconf 65' lang='lat' dir='ltr'><strong>hmreditas;</strong></span> <span class='ocrx_word' id='word_1_11' title='bbox 1667 459 1794 528; x_wconf 88' lang='lat' dir='ltr'><strong>quid</strong></span> <span class='ocrx_word' id='word_1_12' title='bbox 1832 457 2028 512; x_wconf 79' lang='lat' dir='ltr'><strong>faciam</strong></span> <span class='ocrx_word' id='word_1_13' title='bbox 2066 473 2130 513; x_wconf 81' lang='lat' dir='ltr'><strong>ex</strong></span> 
     </span>
    </p>
   </div>
   <div class='ocr_carea' id='block_1_5' title="bbox 2245 457 3796 530">
    <p class='ocr_par' dir='ltr' id='par_1_5' title="bbox 2245 457 3796 530">
     <span class='ocr_line' id='line_1_5' title="bbox 2245 457 3796 530; baseline 0.001 -18"><span class='ocrx_word' id='word_1_14' title='bbox 2245 458 2576 530; x_wconf 78' lang='grc' dir='ltr'>Κατελείφθη</span> <span class='ocrx_word' id='word_1_15' title='bbox 2609 475 2698 528; x_wconf 87' lang='grc' dir='ltr'><strong>μοι</strong></span> <span class='ocrx_word' id='word_1_16' title='bbox 2721 457 3080 530; x_wconf 71' lang='grc' dir='ltr'>κληρονομία·</span> <span class='ocrx_word' id='word_1_17' title='bbox 3116 459 3168 510; x_wconf 82' lang='grc' dir='ltr'>τι</span> <span class='ocrx_word' id='word_1_18' title='bbox 3210 459 3418 526; x_wconf 75' lang='grc' dir='ltr'>ποιήσω</span> <span class='ocrx_word' id='word_1_19' title='bbox 3457 458 3660 528; x_wconf 52' lang='lat' dir='ltr'><strong>eam;</strong></span> <span class='ocrx_word' id='word_1_20' title='bbox 3693 460 3796 514; x_wconf 83' lang='grc' dir='ltr'><strong>Δέ-</strong></span> 
     </span>
    </p>
   </div>
   <div class='ocr_carea' id='block_1_6' title="bbox 568 548 2131 622">
    <p class='ocr_par' dir='ltr' id='par_1_6' title="bbox 568 548 2131 622">
     <span class='ocr_line' id='line_1_6' title="bbox 568 548 2131 622; baseline -0.006 -12"><span class='ocrx_word' id='word_1_21' title='bbox 568 554 671 611; x_wconf 70' lang='lat' dir='ltr'><strong>ea?</strong></span> <span class='ocrx_word' id='word_1_22' title='bbox 695 553 784 608; x_wconf 90' lang='lat' dir='ltr'><strong>Ait</strong></span> <span class='ocrx_word' id='word_1_23' title='bbox 807 555 880 607; x_wconf 88' lang='lat' dir='ltr'><strong>illi</strong></span> <span class='ocrx_word' id='word_1_24' title='bbox 919 569 1081 608; x_wconf 82' lang='lat' dir='ltr'><strong>senex</strong></span> <span class='ocrx_word' id='word_1_25' title='bbox 1115 571 1128 607; x_wconf 87' lang='lat'><strong>:</strong></span> <span class='ocrx_word' id='word_1_26' title='bbox 1160 552 1284 616; x_wconf 92' lang='lat' dir='ltr'><strong>Abi,</strong></span> <span class='ocrx_word' id='word_1_27' title='bbox 1316 562 1372 607; x_wconf 92' lang='lat' dir='ltr'><strong>et</strong></span> <span class='ocrx_word' id='word_1_28' title='bbox 1396 561 1518 622; x_wconf 87' lang='lat' dir='ltr'><strong>post</strong></span> <span class='ocrx_word' id='word_1_29' title='bbox 1557 559 1668 604; x_wconf 83' lang='lat' dir='ltr'><strong>tres</strong></span> <span class='ocrx_word' id='word_1_30' title='bbox 1701 549 1817 605; x_wconf 89' lang='lat' dir='ltr'><strong>dies</strong></span> <span class='ocrx_word' id='word_1_31' title='bbox 1859 548 2006 611; x_wconf 85' lang='lat' dir='ltr'><strong>veni,</strong></span> <span class='ocrx_word' id='word_1_32' title='bbox 2042 561 2131 602; x_wconf 84' lang='lat' dir='ltr'><strong>re-</strong></span> 
     </span>
    </p>
   </div>
   <div class='ocr_carea' id='block_1_7' title="bbox 572 637 2134 716">
    <p class='ocr_par' dir='ltr' id='par_1_7' title="bbox 572 637 2134 716">
     <span class='ocr_line' id='line_1_7' title="bbox 572 637 2134 716; baseline -0.008 -15"><span class='ocrx_word' id='word_1_33' title='bbox 572 660 944 716; x_wconf 88' lang='lat' dir='ltr'><strong>sponsumque</strong></span> <span class='ocrx_word' id='word_1_34' title='bbox 994 642 1157 697; x_wconf 85' lang='lat' dir='ltr'><strong>feres.</strong></span> <span class='ocrx_word' id='word_1_35' title='bbox 1199 641 1382 696; x_wconf 78' lang='lat' dir='ltr'><strong>Rediit</strong></span> <span class='ocrx_word' id='word_1_36' title='bbox 1424 642 1607 711; x_wconf 76' lang='lat' dir='ltr'><strong>igitur,</strong></span> <span class='ocrx_word' id='word_1_37' title='bbox 1660 639 1802 693; x_wconf 90' lang='lat' dir='ltr'><strong>sicut</strong></span> <span class='ocrx_word' id='word_1_38' title='bbox 1851 637 2134 691; x_wconf 84' lang='lat' dir='ltr'><strong>definierat</strong></span> 
     </span>
    </p>
   </div>
   <div class='ocr_carea' id='block_1_8' title="bbox 571 731 2134 804">
    <p class='ocr_par' dir='ltr' id='par_1_8' title="bbox 571 731 2134 804">
     <span class='ocr_line' id='line_1_8' title="bbox 571 731 2134 804; baseline -0.007 -10"><span class='ocrx_word' id='word_1_39' title='bbox 571 753 757 794; x_wconf 82' lang='lat' dir='ltr'><strong>senex.</strong></span> <span class='ocrx_word' id='word_1_40' title='bbox 811 737 912 803; x_wconf 85' lang='lat' dir='ltr'><strong>Qui</strong></span> <span class='ocrx_word' id='word_1_41' title='bbox 960 736 1040 791; x_wconf 89' lang='lat' dir='ltr'><strong>sic</strong></span> <span class='ocrx_word' id='word_1_42' title='bbox 1069 736 1302 804; x_wconf 65' lang='lat' dir='ltr'><strong>Llocutus</strong></span> <span class='ocrx_word' id='word_1_43' title='bbox 1335 743 1418 788; x_wconf 88' lang='lat' dir='ltr'><strong>est</strong></span> <span class='ocrx_word' id='word_1_44' title='bbox 1448 734 1497 788; x_wconf 92' lang='lat' dir='ltr'><strong>ei</strong></span> <span class='ocrx_word' id='word_1_45' title='bbox 1531 751 1545 788; x_wconf 89' lang='lat'><strong>:</strong></span> <span class='ocrx_word' id='word_1_46' title='bbox 1575 731 1713 799; x_wconf 83' lang='lat' dir='ltr'><strong>Quid</strong></span> <span class='ocrx_word' id='word_1_47' title='bbox 1747 732 1847 785; x_wconf 88' lang='lat' dir='ltr'><strong>tibi</strong></span> <span class='ocrx_word' id='word_1_48' title='bbox 1885 731 2134 785; x_wconf 87' lang='lat' dir='ltr'><strong>dicturus</strong></span> 
     </span>
    </p>
   </div>
   <div class='ocr_carea' id='block_1_9' title="bbox 570 823 2139 892">
    <p class='ocr_par' dir='ltr' id='par_1_9' title="bbox 570 823 2139 892">
     <span class='ocr_line' id='line_1_9' title="bbox 570 823 2139 892; baseline -0.007 -6"><span class='ocrx_word' id='word_1_49' title='bbox 570 847 715 892; x_wconf 90' lang='lat' dir='ltr'><strong>sum,</strong></span> <span class='ocrx_word' id='word_1_50' title='bbox 736 829 933 884; x_wconf 88' lang='lat' dir='ltr'><strong>frater?</strong></span> <span class='ocrx_word' id='word_1_51' title='bbox 953 828 1012 882; x_wconf 90' lang='lat' dir='ltr'><strong>Si</strong></span> <span class='ocrx_word' id='word_1_52' title='bbox 1029 828 1248 882; x_wconf 80' lang='lat' dir='ltr'><strong>dixero:</strong></span> <span class='ocrx_word' id='word_1_53' title='bbox 1277 826 1422 880; x_wconf 78' lang='lat' dir='ltr'><strong>Aﬂ‘er</strong></span> <span class='ocrx_word' id='word_1_54' title='bbox 1439 824 1503 878; x_wconf 86' lang='lat' dir='ltr'><strong>ad</strong></span> <span class='ocrx_word' id='word_1_55' title='bbox 1521 825 1837 890; x_wconf 88' lang='lat' dir='ltr'><strong>ecclesiam;</strong></span> <span class='ocrx_word' id='word_1_56' title='bbox 1857 823 1963 877; x_wconf 79' lang='lat' dir='ltr'><strong>illic</strong></span> <span class='ocrx_word' id='word_1_57' title='bbox 1984 837 2139 890; x_wconf 88' lang='lat' dir='ltr'><strong>pran-</strong></span> 
     </span>
    </p>
   </div>
   <div class='ocr_carea' id='block_1_10' title="bbox 570 916 2132 986">
    <p class='ocr_par' dir='ltr' id='par_1_10' title="bbox 570 916 2132 986">
     <span class='ocr_line' id='line_1_10' title="bbox 570 916 2132 986; baseline -0.006 -8"><span class='ocrx_word' id='word_1_58' title='bbox 570 924 662 978; x_wconf 87' lang='lat' dir='ltr'><strong>dia</strong></span> <span class='ocrx_word' id='word_1_59' title='bbox 677 923 882 976; x_wconf 86' lang='lat' dir='ltr'><strong>faciunt</strong></span> <span class='ocrx_word' id='word_1_60' title='bbox 910 931 962 976; x_wconf 92' lang='lat' dir='ltr'><strong>et</strong></span> <span class='ocrx_word' id='word_1_61' title='bbox 987 919 1258 974; x_wconf 87' lang='lat' dir='ltr'><strong>convivia.</strong></span> <span class='ocrx_word' id='word_1_62' title='bbox 1293 917 1348 972; x_wconf 91' lang='lat' dir='ltr'><strong>Si</strong></span> <span class='ocrx_word' id='word_1_63' title='bbox 1380 917 1567 973; x_wconf 82' lang='lat' dir='ltr'><strong>dixero</strong></span> <span class='ocrx_word' id='word_1_64' title='bbox 1599 935 1612 971; x_wconf 87' lang='lat'><strong>:</strong></span> <span class='ocrx_word' id='word_1_65' title='bbox 1645 916 1718 969; x_wconf 85' lang='lat' dir='ltr'><strong>Da</strong></span> <span class='ocrx_word' id='word_1_66' title='bbox 1747 926 1974 986; x_wconf 82' lang='lat' dir='ltr'><strong>cognato</strong></span> <span class='ocrx_word' id='word_1_67' title='bbox 2006 924 2132 980; x_wconf 92' lang='lat' dir='ltr'><strong>tuo;</strong></span> 
     </span>
    </p>
   </div>
   <div class='ocr_carea' id='block_1_11' title="bbox 574 1008 2133 1080">
    <p class='ocr_par' dir='ltr' id='par_1_11' title="bbox 574 1008 2133 1080">
     <span class='ocr_line' id='line_1_11' title="bbox 574 1008 2133 1080; baseline -0.005 -12"><span class='ocrx_word' id='word_1_68' title='bbox 574 1013 876 1068; x_wconf 86' lang='lat' dir='ltr'><strong>mercedem</strong></span> <span class='ocrx_word' id='word_1_69' title='bbox 908 1026 1014 1066; x_wconf 91' lang='lat' dir='ltr'><strong>non</strong></span> <span class='ocrx_word' id='word_1_70' title='bbox 1046 1011 1299 1080; x_wconf 85' lang='lat' dir='ltr'><strong>recipies.</strong></span> <span class='ocrx_word' id='word_1_71' title='bbox 1353 1008 1414 1062; x_wconf 87' lang='lat' dir='ltr'><strong>Si</strong></span> <span class='ocrx_word' id='word_1_72' title='bbox 1457 1022 1635 1062; x_wconf 87' lang='lat' dir='ltr'><strong>autem</strong></span> <span class='ocrx_word' id='word_1_73' title='bbox 1672 1009 2133 1078; x_wconf 68' lang='lat' dir='ltr'><strong>pronuntiavero:</strong></span> 
     </span>
    </p>
   </div>
   <div class='ocr_carea' id='block_1_12' title="bbox 577 1096 2138 1172">
    <p class='ocr_par' dir='ltr' id='par_1_12' title="bbox 577 1096 2138 1172">
     <span class='ocr_line' id='line_1_12' title="bbox 577 1096 2138 1172; baseline -0.004 -16"><span class='ocrx_word' id='word_1_74' title='bbox 577 1103 846 1159; x_wconf 89' lang='lat' dir='ltr'><strong>Distribue</strong></span> <span class='ocrx_word' id='word_1_75' title='bbox 889 1104 941 1157; x_wconf 93' lang='lat' dir='ltr'><strong>iu</strong></span> <span class='ocrx_word' id='word_1_76' title='bbox 989 1117 1285 1172; x_wconf 82' lang='lat' dir='ltr'><strong>pauperes;</strong></span> <span class='ocrx_word' id='word_1_77' title='bbox 1339 1099 1519 1154; x_wconf 82' lang='lat' dir='ltr'><strong>facere</strong></span> <span class='ocrx_word' id='word_1_78' title='bbox 1560 1100 1818 1168; x_wconf 79' lang='lat' dir='ltr'><strong>negliges.</strong></span> <span class='ocrx_word' id='word_1_79' title='bbox 1867 1096 2138 1166; x_wconf 78' lang='lat' dir='ltr'><strong>Quidquid</strong></span> 
     </span>
    </p>
   </div>
   <div class='ocr_carea' id='block_1_13' title="bbox 573 1191 2136 1268">
    <p class='ocr_par' dir='ltr' id='par_1_13' title="bbox 573 1191 2136 1268">
     <span class='ocr_line' id='line_1_13' title="bbox 573 1191 2136 1268; baseline -0.004 -17"><span class='ocrx_word' id='word_1_80' title='bbox 573 1213 704 1268; x_wconf 84' lang='lat' dir='ltr'><strong>ergo</strong></span> <span class='ocrx_word' id='word_1_81' title='bbox 740 1196 1023 1268; x_wconf 74' lang='lat' dir='ltr'><strong>placuerit,</strong></span> <span class='ocrx_word' id='word_1_82' title='bbox 1055 1195 1220 1249; x_wconf 89' lang='lat' dir='ltr'><strong>facito</strong></span> <span class='ocrx_word' id='word_1_83' title='bbox 1246 1233 1262 1258; x_wconf 88' lang='lat'><strong>,</strong></span> <span class='ocrx_word' id='word_1_84' title='bbox 1299 1208 1398 1263; x_wconf 83' lang='lat' dir='ltr'><strong>ego</strong></span> <span class='ocrx_word' id='word_1_85' title='bbox 1439 1193 1610 1262; x_wconf 77' lang='lat' dir='ltr'><strong>culpa:</strong></span> <span class='ocrx_word' id='word_1_86' title='bbox 1643 1191 1816 1244; x_wconf 85' lang='lat' dir='ltr'><strong>aliinis</strong></span> <span class='ocrx_word' id='word_1_87' title='bbox 1856 1206 1962 1244; x_wconf 91' lang='lat' dir='ltr'><strong>non</strong></span> <span class='ocrx_word' id='word_1_88' title='bbox 1993 1205 2136 1244; x_wconf 85' lang='lat' dir='ltr'><strong>sum.</strong></span> 
     </span>
    </p>
   </div>
   <div class='ocr_carea' id='block_1_14' title="bbox 644 1281 2137 1358">
    <p class='ocr_par' dir='ltr' id='par_1_14' title="bbox 644 1281 2137 1358">
     <span class='ocr_line' id='line_1_14' title="bbox 644 1281 2137 1358; baseline -0.005 -16"><span class='ocrx_word' id='word_1_89' title='bbox 644 1288 734 1342; x_wconf 75' lang='grc'><strong>54.</strong></span> <span class='ocrx_word' id='word_1_90' title='bbox 775 1288 851 1358; x_wconf 86' lang='grc'><strong>(7)</strong></span> <span class='ocrx_word' id='word_1_91' title='bbox 882 1285 1237 1356; x_wconf 74' lang='lat' dir='ltr'><strong>Interrogavit</strong></span> <span class='ocrx_word' id='word_1_92' title='bbox 1269 1301 1392 1339; x_wconf 89' lang='lat' dir='ltr'><strong>eum</strong></span> <span class='ocrx_word' id='word_1_93' title='bbox 1442 1284 1581 1338; x_wconf 87' lang='lat' dir='ltr'><strong>alius</strong></span> <span class='ocrx_word' id='word_1_94' title='bbox 1621 1283 1810 1347; x_wconf 88' lang='lat' dir='ltr'><strong>frater,</strong></span> <span class='ocrx_word' id='word_1_95' title='bbox 1852 1283 1985 1352; x_wconf 87' lang='lat' dir='ltr'><strong>quid</strong></span> <span class='ocrx_word' id='word_1_96' title='bbox 2032 1281 2137 1336; x_wconf 88' lang='lat' dir='ltr'><strong>sibi</strong></span> 
     </span>
    </p>
   </div>
   <div class='ocr_carea' id='block_1_15' title="bbox 570 1374 2142 1443">
    <p class='ocr_par' dir='ltr' id='par_1_15' title="bbox 570 1374 2142 1443">
     <span class='ocr_line' id='line_1_15' title="bbox 570 1374 2142 1443; baseline -0.006 -7"><span class='ocrx_word' id='word_1_97' title='bbox 570 1381 739 1438; x_wconf 84' lang='lat' dir='ltr'><strong>vellet</strong></span> <span class='ocrx_word' id='word_1_98' title='bbox 777 1380 909 1434; x_wconf 90' lang='lat' dir='ltr'><strong>illud</strong></span> <span class='ocrx_word' id='word_1_99' title='bbox 941 1399 954 1434; x_wconf 89' lang='lat'><strong>:</strong></span> <span class='ocrx_word' id='word_1_100' title='bbox 992 1377 1074 1432; x_wconf 81' lang='lat' dir='ltr'><strong>Ne</strong></span> <span class='ocrx_word' id='word_1_101' title='bbox 1101 1378 1287 1432; x_wconf 80' lang='lat' dir='ltr'><strong>reddas</strong></span> <span class='ocrx_word' id='word_1_102' title='bbox 1318 1377 1517 1430; x_wconf 83' lang='lat' dir='ltr'><strong>malum</strong></span> <span class='ocrx_word' id='word_1_103' title='bbox 1544 1391 1639 1443; x_wconf 88' lang='lat' dir='ltr'><strong>pro</strong></span> <span class='ocrx_word' id='word_1_104' title='bbox 1671 1374 1812 1428; x_wconf 88' lang='lat' dir='ltr'><strong>malo</strong></span> <span class='ocrx_word' id='word_1_105' title='bbox 1837 1375 1904 1428; x_wconf 66' lang='lat'><strong>7°.</strong></span> <span class='ocrx_word' id='word_1_106' title='bbox 1941 1376 2029 1428; x_wconf 89' lang='lat' dir='ltr'><strong>Ait</strong></span> <span class='ocrx_word' id='word_1_107' title='bbox 2054 1389 2142 1429; x_wconf 86' lang='lat' dir='ltr'><strong>se-</strong></span> 
     </span>
    </p>
   </div>
   <div class='ocr_carea' id='block_1_16' title="bbox 573 1463 2136 1536">
    <p class='ocr_par' dir='ltr' id='par_1_16' title="bbox 573 1463 2136 1536">
     <span class='ocr_line' id='line_1_16' title="bbox 573 1463 2136 1536; baseline -0.005 -12"><span class='ocrx_word' id='word_1_108' title='bbox 573 1487 690 1526; x_wconf 89' lang='lat' dir='ltr'><strong>-nex</strong></span> <span class='ocrx_word' id='word_1_109' title='bbox 721 1488 734 1524; x_wconf 88' lang='lat'><strong>:</strong></span> <span class='ocrx_word' id='word_1_110' title='bbox 770 1468 867 1522; x_wconf 87' lang='lat' dir='ltr'><strong>llic</strong></span> <span class='ocrx_word' id='word_1_111' title='bbox 913 1467 1140 1521; x_wconf 78' lang='lat' dir='ltr'><strong>affectus</strong></span> <span class='ocrx_word' id='word_1_112' title='bbox 1174 1476 1411 1536; x_wconf 76' lang='lat' dir='ltr'><strong>quatuor</strong></span> <span class='ocrx_word' id='word_1_113' title='bbox 1442 1467 1600 1520; x_wconf 86' lang='lat' dir='ltr'><strong>habet</strong></span> <span class='ocrx_word' id='word_1_114' title='bbox 1642 1464 1869 1518; x_wconf 89' lang='lat' dir='ltr'><strong>modos:</strong></span> <span class='ocrx_word' id='word_1_115' title='bbox 1905 1463 2136 1533; x_wconf 92' lang='lat' dir='ltr'><strong>primum</strong></span> 
     </span>
    </p>
   </div>
   <div class='ocr_carea' id='block_1_17' title="bbox 576 1556 2136 1627">
    <p class='ocr_par' dir='ltr' id='par_1_17' title="bbox 576 1556 2136 1627">
     <span class='ocr_line' id='line_1_17' title="bbox 576 1556 2136 1627; baseline -0.005 -13"><span class='ocrx_word' id='word_1_116' title='bbox 576 1575 606 1614; x_wconf 86' lang='lat' dir='ltr'><strong>a</strong></span> <span class='ocrx_word' id='word_1_117' title='bbox 632 1560 834 1624; x_wconf 89' lang='lat' dir='ltr'><strong>corde;</strong></span> <span class='ocrx_word' id='word_1_118' title='bbox 867 1558 1167 1614; x_wconf 89' lang='lat' dir='ltr'><strong>secundum</strong></span> <span class='ocrx_word' id='word_1_119' title='bbox 1198 1575 1260 1612; x_wconf 83' lang='lat' dir='ltr'><strong>ex</strong></span> <span class='ocrx_word' id='word_1_120' title='bbox 1288 1566 1547 1627; x_wconf 87' lang='lat' dir='ltr'><strong>aspectu;</strong></span> <span class='ocrx_word' id='word_1_121' title='bbox 1582 1557 1797 1610; x_wconf 87' lang='lat' dir='ltr'><strong>tertium</strong></span> <span class='ocrx_word' id='word_1_122' title='bbox 1826 1557 1892 1609; x_wconf 89' lang='lat' dir='ltr'><strong>de</strong></span> <span class='ocrx_word' id='word_1_123' title='bbox 1919 1556 2136 1625; x_wconf 79' lang='lat' dir='ltr'><strong>lingua;</strong></span> 
     </span>
    </p>
   </div>
   <div class='ocr_carea' id='block_1_18' title="bbox 558 1645 2138 1724">
    <p class='ocr_par' dir='ltr' id='par_1_18' title="bbox 558 1645 2138 1724">
     <span class='ocr_line' id='line_1_18' title="bbox 558 1645 2138 1724; baseline -0.004 -17"><span class='ocrx_word' id='word_1_124' title='bbox 558 1664 834 1724; x_wconf 81' lang='lat' dir='ltr'><strong>-quartum</strong></span> <span class='ocrx_word' id='word_1_125' title='bbox 864 1667 990 1706; x_wconf 83' lang='lat' dir='ltr'><strong>vero</strong></span> <span class='ocrx_word' id='word_1_126' title='bbox 1020 1659 1126 1713; x_wconf 89' lang='lat' dir='ltr'><strong>est,</strong></span> <span class='ocrx_word' id='word_1_127' title='bbox 1174 1665 1284 1704; x_wconf 91' lang='lat' dir='ltr'><strong>non</strong></span> <span class='ocrx_word' id='word_1_128' title='bbox 1319 1649 1498 1703; x_wconf 85' lang='lat' dir='ltr'><strong>facere</strong></span> <span class='ocrx_word' id='word_1_129' title='bbox 1526 1649 1728 1702; x_wconf 90' lang='lat' dir='ltr'><strong>malum</strong></span> <span class='ocrx_word' id='word_1_130' title='bbox 1762 1663 1861 1717; x_wconf 91' lang='lat' dir='ltr'><strong>pro</strong></span> <span class='ocrx_word' id='word_1_131' title='bbox 1889 1648 2050 1702; x_wconf 88' lang='lat' dir='ltr'><strong>malo.</strong></span> <span class='ocrx_word' id='word_1_132' title='bbox 2081 1645 2138 1700; x_wconf 84' lang='lat' dir='ltr'><strong>Si</strong></span> 
     </span>
    </p>
   </div>
   <div class='ocr_carea' id='block_1_19' title="bbox 565 1739 2140 1818">
    <p class='ocr_par' dir='ltr' id='par_1_19' title="bbox 565 1739 2140 1818">
     <span class='ocr_line' id='line_1_19' title="bbox 565 1739 2140 1818; baseline -0.004 -18"><span class='ocrx_word' id='word_1_133' title='bbox 565 1744 822 1818; x_wconf 72' lang='lat' dir='ltr'><strong>potueris</strong></span> <span class='ocrx_word' id='word_1_134' title='bbox 860 1741 1128 1797; x_wconf 90' lang='lat' dir='ltr'><strong>mundare</strong></span> <span class='ocrx_word' id='word_1_135' title='bbox 1175 1758 1272 1796; x_wconf 90' lang='lat' dir='ltr'><strong>cor</strong></span> <span class='ocrx_word' id='word_1_136' title='bbox 1310 1750 1486 1806; x_wconf 88' lang='lat' dir='ltr'><strong>tuum,</strong></span> <span class='ocrx_word' id='word_1_137' title='bbox 1543 1757 1648 1795; x_wconf 89' lang='lat' dir='ltr'><strong>non</strong></span> <span class='ocrx_word' id='word_1_138' title='bbox 1678 1741 1825 1794; x_wconf 83' lang='lat' dir='ltr'><strong>venit</strong></span> <span class='ocrx_word' id='word_1_139' title='bbox 1873 1739 1938 1794; x_wconf 91' lang='lat' dir='ltr'><strong>ad</strong></span> <span class='ocrx_word' id='word_1_140' title='bbox 1981 1755 2140 1808; x_wconf 80' lang='lat' dir='ltr'><strong>aspe-</strong></span> 
     </span>
    </p>
   </div>
   <div class='ocr_carea' id='block_1_20' title="bbox 2236 550 3798 624">
    <p class='ocr_par' dir='ltr' id='par_1_20' title="bbox 2236 550 3798 624">
     <span class='ocr_line' id='line_1_20' title="bbox 2236 550 3798 624; baseline -0.001 -18"><span class='ocrx_word' id='word_1_141' title='bbox 2236 570 2320 620; x_wconf 86' lang='grc' dir='ltr'>γει</span> <span class='ocrx_word' id='word_1_142' title='bbox 2351 552 2499 622; x_wconf 77' lang='grc' dir='ltr'>αὐτῷ</span> <span class='ocrx_word' id='word_1_143' title='bbox 2519 555 2548 606; x_wconf 99' lang='lat'><strong>6</strong></span> <span class='ocrx_word' id='word_1_144' title='bbox 2577 552 2779 623; x_wconf 69' lang='grc' dir='ltr'>γέρωνο</span> <span class='ocrx_word' id='word_1_145' title='bbox 2819 550 3072 614; x_wconf 81' lang='grc' dir='ltr'>Ἀπελθε,</span> <span class='ocrx_word' id='word_1_146' title='bbox 3116 553 3209 604; x_wconf 67' lang='grc' dir='ltr'><strong>καὶ</strong></span> <span class='ocrx_word' id='word_1_147' title='bbox 3245 552 3382 621; x_wconf 73' lang='grc' dir='ltr'>μετὰ</span> <span class='ocrx_word' id='word_1_148' title='bbox 3409 555 3557 622; x_wconf 81' lang='grc' dir='ltr'>τρεῖς</span> <span class='ocrx_word' id='word_1_149' title='bbox 3588 553 3798 624; x_wconf 74' lang='grc' dir='ltr'>ἡμέρας</span> 
     </span>
    </p>
   </div>
   <div class='ocr_carea' id='block_1_21' title="bbox 2239 639 3795 718">
    <p class='ocr_par' dir='ltr' id='par_1_21' title="bbox 2239 639 3795 718">
     <span class='ocr_line' id='line_1_21' title="bbox 2239 639 3795 718; baseline 0.003 -20"><span class='ocrx_word' id='word_1_150' title='bbox 2239 645 2377 710; x_wconf 66' lang='grc' dir='ltr'><strong>ἐλθὲ,</strong></span> <span class='ocrx_word' id='word_1_151' title='bbox 2413 645 2505 699; x_wconf 73' lang='grc' dir='ltr'><strong>καὶ</strong></span> <span class='ocrx_word' id='word_1_152' title='bbox 2532 643 2674 712; x_wconf 76' lang='grc' dir='ltr'>λέγω</span> <span class='ocrx_word' id='word_1_153' title='bbox 2713 661 2815 697; x_wconf 88' lang='grc' dir='ltr'>σοι.</span> <span class='ocrx_word' id='word_1_154' title='bbox 2853 639 3024 696; x_wconf 50' lang='grc' dir='ltr'>*Ηνλθε</span> <span class='ocrx_word' id='word_1_155' title='bbox 3060 643 3134 707; x_wconf 85' lang='grc' dir='ltr'><strong>δὲ,</strong></span> <span class='ocrx_word' id='word_1_156' title='bbox 3183 643 3360 707; x_wconf 82' lang='grc' dir='ltr'>καθὼς</span> <span class='ocrx_word' id='word_1_157' title='bbox 3398 643 3592 715; x_wconf 75' lang='grc' dir='ltr'>ὥρισεν</span> <span class='ocrx_word' id='word_1_158' title='bbox 3627 647 3795 718; x_wconf 82' lang='grc' dir='ltr'>αὐτῷ.</span> 
     </span>
    </p>
   </div>
   <div class='ocr_carea' id='block_1_22' title="bbox 2238 731 3798 807">
    <p class='ocr_par' dir='ltr' id='par_1_22' title="bbox 2238 731 3798 807">
     <span class='ocr_line' id='line_1_22' title="bbox 2238 731 3798 807; baseline 0.001 -16"><span class='ocrx_word' id='word_1_159' title='bbox 2238 738 2342 791; x_wconf 69' lang='grc' dir='ltr'><strong>Καὶ</strong></span> <span class='ocrx_word' id='word_1_160' title='bbox 2381 731 2530 790; x_wconf 77' lang='grc' dir='ltr'>εἶπεν</span> <span class='ocrx_word' id='word_1_161' title='bbox 2555 738 2584 789; x_wconf 89' lang='lat'><strong>6</strong></span> <span class='ocrx_word' id='word_1_162' title='bbox 2613 736 2818 807; x_wconf 82' lang='grc' dir='ltr'>γέρων·</span> <span class='ocrx_word' id='word_1_163' title='bbox 2863 735 2927 787; x_wconf 83' lang='grc' dir='ltr'><strong>Τί</strong></span> <span class='ocrx_word' id='word_1_164' title='bbox 2961 735 3064 806; x_wconf 75' lang='grc' dir='ltr'><strong>ἔχω</strong></span> <span class='ocrx_word' id='word_1_165' title='bbox 3104 751 3183 789; x_wconf 84' lang='grc' dir='ltr'>σοι</span> <span class='ocrx_word' id='word_1_166' title='bbox 3215 737 3407 801; x_wconf 82' lang='grc' dir='ltr'>εἰπεῖν,</span> <span class='ocrx_word' id='word_1_167' title='bbox 3428 734 3644 807; x_wconf 73' lang='grc' dir='ltr'>ἀδελφές</span> <span class='ocrx_word' id='word_1_168' title='bbox 3675 736 3798 792; x_wconf 78' lang='grc' dir='ltr'>Ἐὰν</span> 
     </span>
    </p>
   </div>
   <div class='ocr_carea' id='block_1_23' title="bbox 2236 827 3800 903">
    <p class='ocr_par' dir='ltr' id='par_1_23' title="bbox 2236 827 3800 903">
     <span class='ocr_line' id='line_1_23' title="bbox 2236 827 3800 903; baseline 0.002 -22"><span class='ocrx_word' id='word_1_169' title='bbox 2236 829 2375 882; x_wconf 82' lang='grc' dir='ltr'><strong>εἴπω</strong></span> <span class='ocrx_word' id='word_1_170' title='bbox 2401 845 2502 890; x_wconf 81' lang='grc' dir='ltr'>σοι.</span> <span class='ocrx_word' id='word_1_171' title='bbox 2537 827 2635 892; x_wconf 82' lang='grc' dir='ltr'><strong>Δὸς</strong></span> <span class='ocrx_word' id='word_1_172' title='bbox 2656 827 2795 880; x_wconf 77' lang='grc' dir='ltr'>αὐτὰ</span> <span class='ocrx_word' id='word_1_173' title='bbox 2825 829 2904 892; x_wconf 77' lang='grc' dir='ltr'>εἰς</span> <span class='ocrx_word' id='word_1_174' title='bbox 2929 828 3242 898; x_wconf 74' lang='grc' dir='ltr'><strong>ἐκκλησίαν,</strong></span> <span class='ocrx_word' id='word_1_175' title='bbox 3277 831 3395 882; x_wconf 77' lang='grc' dir='ltr'>ἐκεῖ</span> <span class='ocrx_word' id='word_1_176' title='bbox 3425 830 3800 903; x_wconf 59' lang='grc' dir='ltr'>ἀριστοποιοῖμ</span> 
     </span>
    </p>
   </div>
   <div class='ocr_carea' id='block_1_24' title="bbox 2239 920 3799 990">
    <p class='ocr_par' dir='ltr' id='par_1_24' title="bbox 2239 920 3799 990">
     <span class='ocr_line' id='line_1_24' title="bbox 2239 920 3799 990; baseline 0.001 -15"><span class='ocrx_word' id='word_1_177' title='bbox 2239 938 2340 975; x_wconf 88' lang='grc' dir='ltr'>σιν.</span> <span class='ocrx_word' id='word_1_178' title='bbox 2359 920 2482 974; x_wconf 78' lang='grc' dir='ltr'><strong>Ἐὰν</strong></span> <span class='ocrx_word' id='word_1_179' title='bbox 2497 921 2634 974; x_wconf 82' lang='grc' dir='ltr'><strong>εἴπω</strong></span> <span class='ocrx_word' id='word_1_180' title='bbox 2663 938 2766 984; x_wconf 81' lang='grc' dir='ltr'>σοι,</span> <span class='ocrx_word' id='word_1_181' title='bbox 2783 921 2881 982; x_wconf 84' lang='grc' dir='ltr'><strong>Δὸς</strong></span> <span class='ocrx_word' id='word_1_182' title='bbox 2899 920 3036 972; x_wconf 70' lang='grc' dir='ltr'>αὐτὰ</span> <span class='ocrx_word' id='word_1_183' title='bbox 3059 924 3307 990; x_wconf 84' lang='grc' dir='ltr'>συγγενεῖ</span> <span class='ocrx_word' id='word_1_184' title='bbox 3329 939 3442 986; x_wconf 86' lang='grc' dir='ltr'><strong>σου,</strong></span> <span class='ocrx_word' id='word_1_185' title='bbox 3458 923 3557 975; x_wconf 73' lang='grc' dir='ltr'><strong>οὐκ</strong></span> <span class='ocrx_word' id='word_1_186' title='bbox 3579 923 3692 975; x_wconf 82' lang='grc' dir='ltr'>εστι</span> <span class='ocrx_word' id='word_1_187' title='bbox 3717 940 3799 976; x_wconf 77' lang='grc' dir='ltr'>σοι</span> 
     </span>
    </p>
   </div>
   <div class='ocr_carea' id='block_1_25' title="bbox 2241 1012 3804 1086">
    <p class='ocr_par' dir='ltr' id='par_1_25' title="bbox 2241 1012 3804 1086">
     <span class='ocr_line' id='line_1_25' title="bbox 2241 1012 3804 1086; baseline -0.002 -18"><span class='ocrx_word' id='word_1_188' title='bbox 2241 1014 2448 1086; x_wconf 84' lang='grc' dir='ltr'><strong>μισθός.</strong></span> <span class='ocrx_word' id='word_1_189' title='bbox 2489 1014 2613 1068; x_wconf 82' lang='grc' dir='ltr'>Ἐὰν</span> <span class='ocrx_word' id='word_1_190' title='bbox 2643 1014 2699 1067; x_wconf 84' lang='grc' dir='ltr'>δὲ</span> <span class='ocrx_word' id='word_1_191' title='bbox 2727 1012 2866 1066; x_wconf 75' lang='grc' dir='ltr'>εἴπω</span> <span class='ocrx_word' id='word_1_192' title='bbox 2893 1029 2992 1076; x_wconf 90' lang='grc' dir='ltr'>σοι,</span> <span class='ocrx_word' id='word_1_193' title='bbox 3019 1015 3114 1077; x_wconf 85' lang='grc' dir='ltr'><strong>Δὸς</strong></span> <span class='ocrx_word' id='word_1_194' title='bbox 3139 1015 3278 1068; x_wconf 73' lang='grc' dir='ltr'>αὐτὰ</span> <span class='ocrx_word' id='word_1_195' title='bbox 3311 1017 3561 1084; x_wconf 83' lang='grc' dir='ltr'><strong>πτωχοῖς,</strong></span> <span class='ocrx_word' id='word_1_196' title='bbox 3607 1015 3804 1084; x_wconf 76' lang='grc' dir='ltr'><strong>ἀμερι-</strong></span> 
     </span>
    </p>
   </div>
   <div class='ocr_carea' id='block_1_26' title="bbox 2242 1104 3799 1180">
    <p class='ocr_par' dir='ltr' id='par_1_26' title="bbox 2242 1104 3799 1180">
     <span class='ocr_line' id='line_1_26' title="bbox 2242 1104 3799 1180; baseline 0.017 0"><span class='ocrx_word' id='word_1_197' title='bbox 2242 1112 2414 1180; x_wconf 77' lang='grc' dir='ltr'><strong>μνεῖς.</strong></span> <span class='ocrx_word' id='word_1_198' title='bbox 2433 1107 2499 1163; x_wconf 78' lang='grc' dir='ltr'><strong>Εἴ</strong></span> <span class='ocrx_word' id='word_1_199' title='bbox 2517 1127 2570 1161; x_wconf 87' lang='grc' dir='ltr'><strong>τι</strong></span> <span class='ocrx_word' id='word_1_200' title='bbox 2593 1104 2682 1162; x_wconf 77' lang='grc' dir='ltr'>οὖν</span> <span class='ocrx_word' id='word_1_201' title='bbox 2706 1107 2896 1172; x_wconf 67' lang='grc' dir='ltr'><strong>θέλεις)</strong></span> <span class='ocrx_word' id='word_1_202' title='bbox 2912 1107 3150 1176; x_wconf 77' lang='grc' dir='ltr'>ποίησον·</span> <span class='ocrx_word' id='word_1_203' title='bbox 3166 1105 3274 1174; x_wconf 69' lang='grc' dir='ltr'><strong>ἐγὼ</strong></span> <span class='ocrx_word' id='word_1_204' title='bbox 3300 1109 3527 1179; x_wconf 67' lang='grc' dir='ltr'><strong>πρᾶγμα</strong></span> <span class='ocrx_word' id='word_1_205' title='bbox 3545 1108 3643 1160; x_wconf 54' lang='grc' dir='ltr'>οὐκ</span> <span class='ocrx_word' id='word_1_206' title='bbox 3672 1107 3799 1178; x_wconf 62' lang='grc' dir='ltr'><strong>ἔχω’</strong></span> 
     </span>
    </p>
   </div>
   <div class='ocr_carea' id='block_1_27' title="bbox 2308 1285 3805 1359">
    <p class='ocr_par' dir='ltr' id='par_1_27' title="bbox 2308 1285 3805 1359">
     <span class='ocr_line' id='line_1_27' title="bbox 2308 1285 3805 1359; baseline 0 -19"><span class='ocrx_word' id='word_1_207' title='bbox 2308 1289 2401 1342; x_wconf 81' lang='grc' dir='ltr'>λδ’.</span> <span class='ocrx_word' id='word_1_208' title='bbox 2454 1287 2779 1359; x_wconf 83' lang='grc' dir='ltr'><strong>Ἠρὼτησεν.</strong></span> <span class='ocrx_word' id='word_1_209' title='bbox 2807 1289 2968 1342; x_wconf 76' lang='grc' dir='ltr'>αὐτὸν</span> <span class='ocrx_word' id='word_1_210' title='bbox 3007 1287 3164 1350; x_wconf 77' lang='grc' dir='ltr'>ἄλλος</span> <span class='ocrx_word' id='word_1_211' title='bbox 3210 1285 3451 1356; x_wconf 74' lang='grc' dir='ltr'>ἁδελφὸς,</span> <span class='ocrx_word' id='word_1_212' title='bbox 3493 1285 3695 1355; x_wconf 76' lang='grc' dir='ltr'>λέγων·</span> <span class='ocrx_word' id='word_1_213' title='bbox 3736 1286 3805 1340; x_wconf 83' lang='grc' dir='ltr'>Τί</span> 
     </span>
    </p>
   </div>
   <div class='ocr_carea' id='block_1_28' title="bbox 2241 1379 3804 1450">
    <p class='ocr_par' dir='ltr' id='par_1_28' title="bbox 2241 1379 3804 1450">
     <span class='ocr_line' id='line_1_28' title="bbox 2241 1379 3804 1450; baseline 0 -16"><span class='ocrx_word' id='word_1_214' title='bbox 2241 1382 2374 1446; x_wconf 74' lang='grc' dir='ltr'>ἐστι,</span> <span class='ocrx_word' id='word_1_215' title='bbox 2426 1382 2521 1450; x_wconf 73' lang='grc' dir='ltr'><strong>Μὴ</strong></span> <span class='ocrx_word' id='word_1_216' title='bbox 2579 1381 2912 1448; x_wconf 79' lang='grc' dir='ltr'><strong>ἀποδώσεις</strong></span> <span class='ocrx_word' id='word_1_217' title='bbox 2966 1379 3156 1435; x_wconf 79' lang='grc' dir='ltr'>κακὸν</span> <span class='ocrx_word' id='word_1_218' title='bbox 3195 1379 3327 1435; x_wconf 75' lang='grc' dir='ltr'><strong>ἀντὶ</strong></span> <span class='ocrx_word' id='word_1_219' title='bbox 3375 1379 3603 1444; x_wconf 82' lang='grc' dir='ltr'>κακοῦ,·</span> <span class='ocrx_word' id='word_1_220' title='bbox 3640 1380 3804 1449; x_wconf 79' lang='grc' dir='ltr'>Λέγει</span> 
     </span>
    </p>
   </div>
   <div class='ocr_carea' id='block_1_29' title="bbox 2239 1471 3804 1544">
    <p class='ocr_par' dir='ltr' id='par_1_29' title="bbox 2239 1471 3804 1544">
     <span class='ocr_line' id='line_1_29' title="bbox 2239 1471 3804 1544; baseline -0.003 -17"><span class='ocrx_word' id='word_1_221' title='bbox 2239 1475 2386 1544; x_wconf 81' lang='grc' dir='ltr'>αὐτῷ</span> <span class='ocrx_word' id='word_1_222' title='bbox 2415 1477 2443 1528; x_wconf 88' lang='lat'><strong>6</strong></span> <span class='ocrx_word' id='word_1_223' title='bbox 2468 1475 2643 1544; x_wconf 77' lang='grc' dir='ltr'>γέρων</span> <span class='ocrx_word' id='word_1_224' title='bbox 2663 1492 2676 1505; x_wconf 79' lang='grc' dir='ltr'><strong>ο</strong></span> <span class='ocrx_word' id='word_1_225' title='bbox 2726 1473 2800 1527; x_wconf 82' lang='lat' dir='ltr'><em>T6</em></span> <span class='ocrx_word' id='word_1_226' title='bbox 2847 1473 3014 1537; x_wconf 85' lang='grc' dir='ltr'>πάθος</span> <span class='ocrx_word' id='word_1_227' title='bbox 3051 1472 3208 1526; x_wconf 80' lang='grc' dir='ltr'>τοῦτο</span> <span class='ocrx_word' id='word_1_228' title='bbox 3242 1472 3512 1543; x_wconf 84' lang='grc' dir='ltr'><strong>τέσσαρας</strong></span> <span class='ocrx_word' id='word_1_229' title='bbox 3545 1471 3655 1542; x_wconf 76' lang='grc' dir='ltr'>ἔχει</span> <span class='ocrx_word' id='word_1_230' title='bbox 3681 1471 3804 1541; x_wconf 82' lang='grc' dir='ltr'>τρό-</span> 
     </span>
    </p>
   </div>
   <div class='ocr_carea' id='block_1_30' title="bbox 2240 1557 3806 1637">
    <p class='ocr_par' dir='ltr' id='par_1_30' title="bbox 2240 1557 3806 1637">
     <span class='ocr_line' id='line_1_30' title="bbox 2240 1557 3806 1637; baseline -0.001 -19"><span class='ocrx_word' id='word_1_231' title='bbox 2240 1581 2403 1628; x_wconf 86' lang='grc' dir='ltr'>πους·</span> <span class='ocrx_word' id='word_1_232' title='bbox 2434 1557 2648 1636; x_wconf 78' lang='grc' dir='ltr'>πρῶτον</span> <span class='ocrx_word' id='word_1_233' title='bbox 2675 1566 2783 1619; x_wconf 75' lang='grc' dir='ltr'>ἀπὸ</span> <span class='ocrx_word' id='word_1_234' title='bbox 2805 1565 3045 1637; x_wconf 79' lang='grc' dir='ltr'>καρδίας.</span> <span class='ocrx_word' id='word_1_235' title='bbox 3073 1563 3321 1636; x_wconf 79' lang='grc' dir='ltr'><strong>δεύτερον</strong></span> <span class='ocrx_word' id='word_1_236' title='bbox 3339 1564 3445 1616; x_wconf 80' lang='grc' dir='ltr'>ἀπὸ</span> <span class='ocrx_word' id='word_1_237' title='bbox 3465 1564 3660 1633; x_wconf 73' lang='grc' dir='ltr'>ὅψεως,</span> <span class='ocrx_word' id='word_1_238' title='bbox 3685 1564 3806 1635; x_wconf 76' lang='grc' dir='ltr'>τρί-</span> 
     </span>
    </p>
   </div>
   <div class='ocr_carea' id='block_1_31' title="bbox 2239 1656 3803 1729">
    <p class='ocr_par' dir='ltr' id='par_1_31' title="bbox 2239 1656 3803 1729">
     <span class='ocr_line' id='line_1_31' title="bbox 2239 1656 3803 1729; baseline 0 -19"><span class='ocrx_word' id='word_1_239' title='bbox 2239 1675 2329 1710; x_wconf 89' lang='grc' dir='ltr'><strong>τον</strong></span> <span class='ocrx_word' id='word_1_240' title='bbox 2364 1656 2633 1727; x_wconf 80' lang='grc' dir='ltr'><strong>γλώσσης,</strong></span> <span class='ocrx_word' id='word_1_241' title='bbox 2679 1658 2934 1729; x_wconf 81' lang='grc' dir='ltr'>τέταρτόν</span> <span class='ocrx_word' id='word_1_242' title='bbox 2979 1659 3115 1720; x_wconf 78' lang='grc' dir='ltr'>ἐστι,</span> <span class='ocrx_word' id='word_1_243' title='bbox 3154 1656 3215 1709; x_wconf 87' lang='grc' dir='ltr'>τὸ</span> <span class='ocrx_word' id='word_1_244' title='bbox 3254 1656 3328 1728; x_wconf 76' lang='grc' dir='ltr'><strong>μὴ</strong></span> <span class='ocrx_word' id='word_1_245' title='bbox 3366 1657 3588 1726; x_wconf 82' lang='grc' dir='ltr'>ποιῆσαι</span> <span class='ocrx_word' id='word_1_246' title='bbox 3632 1657 3803 1710; x_wconf 84' lang='grc' dir='ltr'>κακὸν</span> 
     </span>
    </p>
   </div>
   <div class='ocr_carea' id='block_1_32' title="bbox 2239 1747 3802 1819">
    <p class='ocr_par' dir='ltr' id='par_1_32' title="bbox 2239 1747 3802 1819">
     <span class='ocr_line' id='line_1_32' title="bbox 2239 1747 3802 1819; baseline 0.001 -19"><span class='ocrx_word' id='word_1_247' title='bbox 2239 1748 2366 1800; x_wconf 77' lang='grc' dir='ltr'>ἀντὶ</span> <span class='ocrx_word' id='word_1_248' title='bbox 2409 1747 2599 1800; x_wconf 81' lang='grc' dir='ltr'>κακοῦ.</span> <span class='ocrx_word' id='word_1_249' title='bbox 2647 1748 2770 1801; x_wconf 85' lang='grc' dir='ltr'>Ἐὰν</span> <span class='ocrx_word' id='word_1_250' title='bbox 2821 1747 3042 1801; x_wconf 80' lang='grc' dir='ltr'>δύνασαι</span> <span class='ocrx_word' id='word_1_251' title='bbox 3091 1747 3381 1818; x_wconf 71' lang='grc' dir='ltr'><strong>καθαρίσαι</strong></span> <span class='ocrx_word' id='word_1_252' title='bbox 3430 1747 3528 1818; x_wconf 79' lang='grc' dir='ltr'>τὴν</span> <span class='ocrx_word' id='word_1_253' title='bbox 3576 1748 3802 1819; x_wconf 82' lang='grc' dir='ltr'>καρδίαν</span> 
     </span>
    </p>
   </div>
   <div class='ocr_carea' id='block_1_33' title="bbox 575 1821 2137 1914">
    <p class='ocr_par' dir='ltr' id='par_1_33' title="bbox 575 1833 2137 1907">
     <span class='ocr_line' id='line_1_33' title="bbox 575 1833 2137 1907; baseline -0.006 -16"><span class='ocrx_word' id='word_1_254' title='bbox 575 1848 724 1892; x_wconf 88' lang='lat' dir='ltr'><strong>ctutn</strong></span> <span class='ocrx_word' id='word_1_255' title='bbox 751 1853 767 1904; x_wconf 90' lang='lat'><strong>;</strong></span> <span class='ocrx_word' id='word_1_256' title='bbox 799 1835 944 1907; x_wconf 92' lang='lat' dir='ltr'><strong>quod</strong></span> <span class='ocrx_word' id='word_1_257' title='bbox 974 1835 1020 1890; x_wconf 88' lang='lat' dir='ltr'><strong>si</strong></span> <span class='ocrx_word' id='word_1_258' title='bbox 1051 1835 1103 1888; x_wconf 92' lang='lat' dir='ltr'><strong>in</strong></span> <span class='ocrx_word' id='word_1_259' title='bbox 1139 1843 1495 1903; x_wconf 87' lang='lat' dir='ltr'><strong>conspectum</strong></span> <span class='ocrx_word' id='word_1_260' title='bbox 1531 1833 1760 1896; x_wconf 82' lang='lat' dir='ltr'><strong>venerit,</strong></span> <span class='ocrx_word' id='word_1_261' title='bbox 1799 1848 1928 1886; x_wconf 88' lang='lat' dir='ltr'><strong>cave</strong></span> <span class='ocrx_word' id='word_1_262' title='bbox 1959 1847 2028 1886; x_wconf 89' lang='lat' dir='ltr'><strong>ne</strong></span> <span class='ocrx_word' id='word_1_263' title='bbox 2062 1833 2137 1885; x_wconf 71' lang='lat' dir='ltr'><strong>lu-</strong></span> 
     </span>
    </p>
   </div>
   <div class='ocr_carea' id='block_1_34' title="bbox 2245 1821 3803 1914">
    <p class='ocr_par' dir='ltr' id='par_1_34' title="bbox 2245 1839 3803 1914">
     <span class='ocr_line' id='line_1_34' title="bbox 2245 1839 3803 1914; baseline 0 -22"><span class='ocrx_word' id='word_1_264' title='bbox 2245 1857 2357 1902; x_wconf 89' lang='grc' dir='ltr'><strong>σου,</strong></span> <span class='ocrx_word' id='word_1_265' title='bbox 2401 1841 2498 1893; x_wconf 79' lang='grc' dir='ltr'><strong>οὐκ</strong></span> <span class='ocrx_word' id='word_1_266' title='bbox 2549 1840 2762 1912; x_wconf 76' lang='grc' dir='ltr'>ἔρχεται</span> <span class='ocrx_word' id='word_1_267' title='bbox 2801 1843 2880 1902; x_wconf 86' lang='grc' dir='ltr'><strong>εἰς</strong></span> <span class='ocrx_word' id='word_1_268' title='bbox 2917 1843 3014 1911; x_wconf 81' lang='grc' dir='ltr'><strong>τὴν</strong></span> <span class='ocrx_word' id='word_1_269' title='bbox 3041 1841 3161 1910; x_wconf 63' lang='grc' dir='ltr'>ὄψιν</span> <span class='ocrx_word' id='word_1_270' title='bbox 3187 1857 3201 1872; x_wconf 80' lang='grc' dir='ltr'><strong><em>ο</em></strong></span> <span class='ocrx_word' id='word_1_271' title='bbox 3232 1841 3325 1894; x_wconf 78' lang='grc' dir='ltr'><strong>ἐὰν</strong></span> <span class='ocrx_word' id='word_1_272' title='bbox 3352 1840 3406 1893; x_wconf 82' lang='grc' dir='ltr'><strong>δὲ</strong></span> <span class='ocrx_word' id='word_1_273' title='bbox 3433 1839 3559 1914; x_wconf 79' lang='grc' dir='ltr'><strong>ἔ).οῃ</strong></span> <span class='ocrx_word' id='word_1_274' title='bbox 3592 1843 3669 1904; x_wconf 72' lang='grc' dir='ltr'>εἰς</span> <span class='ocrx_word' id='word_1_275' title='bbox 3704 1841 3803 1909; x_wconf 80' lang='grc' dir='ltr'><strong>τὴν</strong></span> 
     </span>
    </p>
   </div>
   <div class='ocr_carea' id='block_1_35' title="bbox 574 1920 2135 2001">
    <p class='ocr_par' dir='ltr' id='par_1_35' title="bbox 574 1920 2135 2001">
     <span class='ocr_line' id='line_1_35' title="bbox 574 1920 2135 2001; baseline -0.006 -18"><span class='ocrx_word' id='word_1_276' title='bbox 574 1931 799 2001; x_wconf 88' lang='lat' dir='ltr'><strong>quaris;</strong></span> <span class='ocrx_word' id='word_1_277' title='bbox 835 1928 880 1983; x_wconf 92' lang='lat' dir='ltr'><strong>si</strong></span> <span class='ocrx_word' id='word_1_278' title='bbox 905 1943 1032 1982; x_wconf 86' lang='lat' dir='ltr'><strong>vero</strong></span> <span class='ocrx_word' id='word_1_279' title='bbox 1061 1927 1225 1982; x_wconf 87' lang='lat' dir='ltr'><strong>etiam</strong></span> <span class='ocrx_word' id='word_1_280' title='bbox 1257 1926 1472 1980; x_wconf 88' lang='lat' dir='ltr'><strong>locutus</strong></span> <span class='ocrx_word' id='word_1_281' title='bbox 1502 1924 1693 1989; x_wconf 86' lang='lat' dir='ltr'><strong>fueris,</strong></span> <span class='ocrx_word' id='word_1_282' title='bbox 1718 1925 1828 1978; x_wconf 89' lang='lat' dir='ltr'><strong>cito</strong></span> <span class='ocrx_word' id='word_1_283' title='bbox 1855 1920 2135 1984; x_wconf 86' lang='lat' dir='ltr'><strong>abscinde,</strong></span> 
     </span>
    </p>
   </div>
   <div class='ocr_carea' id='block_1_36' title="bbox 575 2017 1542 2087">
    <p class='ocr_par' dir='ltr' id='par_1_36' title="bbox 575 2017 1542 2087">
     <span class='ocr_line' id='line_1_36' title="bbox 575 2017 1542 2087; baseline -0.002 -13"><span class='ocrx_word' id='word_1_284' title='bbox 575 2029 634 2074; x_wconf 90' lang='lat' dir='ltr'><strong>ut</strong></span> <span class='ocrx_word' id='word_1_285' title='bbox 669 2037 776 2076; x_wconf 90' lang='lat' dir='ltr'><strong>non</strong></span> <span class='ocrx_word' id='word_1_286' title='bbox 806 2019 974 2074; x_wconf 79' lang='lat' dir='ltr'><strong>facias</strong></span> <span class='ocrx_word' id='word_1_287' title='bbox 1005 2019 1205 2072; x_wconf 90' lang='lat' dir='ltr'><strong>malum</strong></span> <span class='ocrx_word' id='word_1_288' title='bbox 1240 2033 1338 2087; x_wconf 94' lang='lat' dir='ltr'><strong>pro</strong></span> <span class='ocrx_word' id='word_1_289' title='bbox 1377 2017 1542 2072; x_wconf 88' lang='lat' dir='ltr'><strong>malo.</strong></span> 
     </span>
    </p>
   </div>
   <div class='ocr_carea' id='block_1_37' title="bbox 645 2104 2140 2180">
    <p class='ocr_par' dir='ltr' id='par_1_37' title="bbox 645 2104 2140 2180">
     <span class='ocr_line' id='line_1_37' title="bbox 645 2104 2140 2180; baseline -0.005 -16"><span class='ocrx_word' id='word_1_290' title='bbox 645 2111 734 2166; x_wconf 75' lang='lat'><strong>55.</strong></span> <span class='ocrx_word' id='word_1_291' title='bbox 779 2110 854 2180; x_wconf 91' lang='lat'><strong>(8)</strong></span> <span class='ocrx_word' id='word_1_292' title='bbox 890 2109 1036 2162; x_wconf 86' lang='lat' dir='ltr'><strong>Dixit</strong></span> <span class='ocrx_word' id='word_1_293' title='bbox 1067 2109 1238 2162; x_wconf 85' lang='lat' dir='ltr'><strong>abbas</strong></span> <span class='ocrx_word' id='word_1_294' title='bbox 1268 2106 1490 2161; x_wconf 65' lang='lat' dir='ltr'><strong>Paatnen</strong></span> <span class='ocrx_word' id='word_1_295' title='bbox 1522 2125 1536 2162; x_wconf 88' lang='lat'><strong>:</strong></span> <span class='ocrx_word' id='word_1_296' title='bbox 1571 2105 1878 2164; x_wconf 89' lang='lat' dir='ltr'><strong>Custodire.</strong></span> <span class='ocrx_word' id='word_1_297' title='bbox 1921 2104 2024 2160; x_wconf 90' lang='lat' dir='ltr'><strong>sibi</strong></span> <span class='ocrx_word' id='word_1_298' title='bbox 2056 2117 2140 2158; x_wconf 83' lang='lat' dir='ltr'><strong>at—</strong></span> 
     </span>
    </p>
   </div>
   <div class='ocr_carea' id='block_1_38' title="bbox 573 2197 2140 2265">
    <p class='ocr_par' dir='ltr' id='par_1_38' title="bbox 573 2197 2140 2265">
     <span class='ocr_line' id='line_1_38' title="bbox 573 2197 2140 2265; baseline -0.003 -9"><span class='ocrx_word' id='word_1_299' title='bbox 573 2201 821 2262; x_wconf 88' lang='lat' dir='ltr'><strong>tendere,</strong></span> <span class='ocrx_word' id='word_1_300' title='bbox 867 2209 919 2255; x_wconf 89' lang='lat' dir='ltr'><strong>et</strong></span> <span class='ocrx_word' id='word_1_301' title='bbox 960 2198 1237 2265; x_wconf 84' lang='lat' dir='ltr'><strong>discretio,</strong></span> <span class='ocrx_word' id='word_1_302' title='bbox 1286 2198 1368 2252; x_wconf 83' lang='lat' dir='ltr'><strong>ha:</strong></span> <span class='ocrx_word' id='word_1_303' title='bbox 1415 2205 1526 2253; x_wconf 83' lang='lat' dir='ltr'><strong>tres</strong></span> <span class='ocrx_word' id='word_1_304' title='bbox 1581 2200 1812 2252; x_wconf 84' lang='lat' dir='ltr'><strong>virtutes</strong></span> <span class='ocrx_word' id='word_1_305' title='bbox 1843 2197 1942 2251; x_wconf 75' lang='lat' dir='ltr'><strong>via:</strong></span> <span class='ocrx_word' id='word_1_306' title='bbox 1971 2197 2140 2251; x_wconf 87' lang='lat' dir='ltr'><strong>duces</strong></span> 
     </span>
    </p>
   </div>
   <div class='ocr_carea' id='block_1_39' title="bbox 571 2294 948 2352">
    <p class='ocr_par' dir='ltr' id='par_1_39' title="bbox 571 2294 948 2352">
     <span class='ocr_line' id='line_1_39' title="bbox 571 2294 948 2352; baseline -0.019 0"><span class='ocrx_word' id='word_1_307' title='bbox 571 2302 703 2352; x_wconf 75' lang='lat' dir='ltr'><strong>sunt</strong></span> <span class='ocrx_word' id='word_1_308' title='bbox 735 2294 948 2348; x_wconf 71' lang='lat' dir='ltr'><strong>animae.</strong></span> 
     </span>
    </p>
   </div>
   <div class='ocr_carea' id='block_1_40' title="bbox 643 2378 2139 2455">
    <p class='ocr_par' dir='ltr' id='par_1_40' title="bbox 643 2378 2139 2455">
     <span class='ocr_line' id='line_1_40' title="bbox 643 2378 2139 2455; baseline -0.005 -16"><span class='ocrx_word' id='word_1_309' title='bbox 643 2386 733 2440; x_wconf 77' lang='lat'><strong>36.</strong></span> <span class='ocrx_word' id='word_1_310' title='bbox 777 2385 854 2455; x_wconf 90' lang='lat'><strong>(9)</strong></span> <span class='ocrx_word' id='word_1_311' title='bbox 889 2384 1031 2437; x_wconf 79' lang='lat' dir='ltr'><strong>Dixit</strong></span> <span class='ocrx_word' id='word_1_312' title='bbox 1079 2383 1275 2437; x_wconf 90' lang='lat' dir='ltr'><strong>iterum</strong></span> <span class='ocrx_word' id='word_1_313' title='bbox 1307 2398 1321 2434; x_wconf 90' lang='lat'><strong>:</strong></span> <span class='ocrx_word' id='word_1_314' title='bbox 1355 2379 1634 2449; x_wconf 86' lang='lat' dir='ltr'><strong>Projicere</strong></span> <span class='ocrx_word' id='word_1_315' title='bbox 1687 2395 1746 2434; x_wconf 92' lang='lat' dir='ltr'><strong>se</strong></span> <span class='ocrx_word' id='word_1_316' title='bbox 1786 2395 1969 2434; x_wconf 89' lang='lat' dir='ltr'><strong>coram</strong></span> <span class='ocrx_word' id='word_1_317' title='bbox 2011 2378 2139 2441; x_wconf 90' lang='lat' dir='ltr'><strong>Deo,</strong></span> 
     </span>
    </p>
   </div>
   <div class='ocr_carea' id='block_1_41' title="bbox 570 2471 2142 2548">
    <p class='ocr_par' dir='ltr' id='par_1_41' title="bbox 570 2471 2142 2548">
     <span class='ocr_line' id='line_1_41' title="bbox 570 2471 2142 2548; baseline -0.006 -15"><span class='ocrx_word' id='word_1_318' title='bbox 570 2478 817 2548; x_wconf 84' lang='lat' dir='ltr'><strong>seipsum</strong></span> <span class='ocrx_word' id='word_1_319' title='bbox 872 2493 980 2531; x_wconf 89' lang='lat' dir='ltr'><strong>non</strong></span> <span class='ocrx_word' id='word_1_320' title='bbox 1035 2475 1237 2538; x_wconf 88' lang='lat' dir='ltr'><strong>metiri,</strong></span> <span class='ocrx_word' id='word_1_321' title='bbox 1289 2475 1503 2528; x_wconf 89' lang='lat' dir='ltr'><strong>mittere</strong></span> <span class='ocrx_word' id='word_1_322' title='bbox 1548 2481 1695 2526; x_wconf 87' lang='lat' dir='ltr'><strong>retro</strong></span> <span class='ocrx_word' id='word_1_323' title='bbox 1732 2471 2003 2542; x_wconf 83' lang='lat' dir='ltr'><strong>propriam</strong></span> <span class='ocrx_word' id='word_1_324' title='bbox 2046 2487 2142 2524; x_wconf 86' lang='lat' dir='ltr'><strong>vo-</strong></span> 
     </span>
    </p>
   </div>
   <div class='ocr_carea' id='block_1_42' title="bbox 573 2563 1663 2630">
    <p class='ocr_par' dir='ltr' id='par_1_42' title="bbox 573 2563 1663 2630">
     <span class='ocr_line' id='line_1_42' title="bbox 573 2563 1663 2630; baseline -0.006 -7"><span class='ocrx_word' id='word_1_325' title='bbox 573 2571 862 2630; x_wconf 76' lang='lat' dir='ltr'><strong>luntatem,</strong></span> <span class='ocrx_word' id='word_1_326' title='bbox 895 2573 1025 2621; x_wconf 84' lang='lat' dir='ltr'><strong>sunt</strong></span> <span class='ocrx_word' id='word_1_327' title='bbox 1053 2566 1416 2621; x_wconf 90' lang='lat' dir='ltr'><strong>instrumenta</strong></span> <span class='ocrx_word' id='word_1_328' title='bbox 1445 2563 1663 2618; x_wconf 69' lang='lat' dir='ltr'><strong>animae.</strong></span> 
     </span>
    </p>
   </div>
   <div class='ocr_carea' id='block_1_43' title="bbox 649 2651 2139 2729">
    <p class='ocr_par' dir='ltr' id='par_1_43' title="bbox 649 2651 2139 2729">
     <span class='ocr_line' id='line_1_43' title="bbox 649 2651 2139 2729; baseline -0.004 -16"><span class='ocrx_word' id='word_1_329' title='bbox 649 2659 740 2714; x_wconf 79' lang='lat'><strong>57.</strong></span> <span class='ocrx_word' id='word_1_330' title='bbox 791 2659 902 2729; x_wconf 79' lang='lat' dir='ltr'><strong>(l0)</strong></span> <span class='ocrx_word' id='word_1_331' title='bbox 937 2657 1083 2711; x_wconf 80' lang='lat' dir='ltr'><strong>Dixit</strong></span> <span class='ocrx_word' id='word_1_332' title='bbox 1128 2671 1386 2727; x_wconf 88' lang='lat' dir='ltr'><strong>quoque:</strong></span> <span class='ocrx_word' id='word_1_333' title='bbox 1419 2651 1611 2710; x_wconf 88' lang='lat' dir='ltr'><strong>Omnis</strong></span> <span class='ocrx_word' id='word_1_334' title='bbox 1642 2652 1867 2716; x_wconf 87' lang='lat' dir='ltr'><strong>laboris,</strong></span> <span class='ocrx_word' id='word_1_335' title='bbox 1902 2653 2139 2722; x_wconf 91' lang='lat' dir='ltr'><strong>quicun-</strong></span> 
     </span>
    </p>
   </div>
   <div class='ocr_carea' id='block_1_44' title="bbox 568 2729 1876 2821">
    <p class='ocr_par' dir='ltr' id='par_1_44' title="bbox 568 2729 1876 2821">
     <span class='ocr_line' id='line_1_44' title="bbox 568 2729 1876 2821; baseline -0.002 -21"><span class='ocrx_word' id='word_1_336' title='bbox 568 2764 683 2821; x_wconf 89' lang='lat' dir='ltr'><strong>-.que</strong></span> <span class='ocrx_word' id='word_1_337' title='bbox 712 2729 1096 2819; x_wconf 67' lang='lat' dir='ltr'><strong>supervenerit</strong></span> <span class='ocrx_word' id='word_1_338' title='bbox 1122 2746 1242 2814; x_wconf 89' lang='lat' dir='ltr'><strong>tibi,</strong></span> <span class='ocrx_word' id='word_1_339' title='bbox 1278 2746 1506 2800; x_wconf 84' lang='lat' dir='ltr'><strong>victoria</strong></span> <span class='ocrx_word' id='word_1_340' title='bbox 1539 2751 1644 2810; x_wconf 88' lang='lat' dir='ltr'><strong>est,</strong></span> <span class='ocrx_word' id='word_1_341' title='bbox 1671 2751 1876 2798; x_wconf 88' lang='lat' dir='ltr'><strong>tacere.</strong></span> 
     </span>
    </p>
   </div>
   <div class='ocr_carea' id='block_1_45' title="bbox 647 2835 2140 2895">
    <p class='ocr_par' dir='ltr' id='par_1_45' title="bbox 647 2835 2140 2895">
     <span class='ocr_line' id='line_1_45' title="bbox 647 2835 2140 2895; baseline -0.002 0"><span class='ocrx_word' id='word_1_342' title='bbox 647 2840 734 2895; x_wconf 74' lang='lat'><strong>58.</strong></span> <span class='ocrx_word' id='word_1_343' title='bbox 779 2840 978 2894; x_wconf 89' lang='lat' dir='ltr'><strong>lterum</strong></span> <span class='ocrx_word' id='word_1_344' title='bbox 1021 2839 1196 2893; x_wconf 82' lang='lat' dir='ltr'><strong>dixit:</strong></span> <span class='ocrx_word' id='word_1_345' title='bbox 1229 2837 1576 2893; x_wconf 82' lang='lat' dir='ltr'><strong>Abominatio</strong></span> <span class='ocrx_word' id='word_1_346' title='bbox 1607 2845 1690 2890; x_wconf 88' lang='lat' dir='ltr'><strong>est</strong></span> <span class='ocrx_word' id='word_1_347' title='bbox 1750 2835 1982 2891; x_wconf 89' lang='lat' dir='ltr'><strong>Domino</strong></span> <span class='ocrx_word' id='word_1_348' title='bbox 2021 2852 2140 2892; x_wconf 87' lang='lat' dir='ltr'><strong>om-</strong></span> 
     </span>
    </p>
   </div>
   <div class='ocr_carea' id='block_1_46' title="bbox 567 2931 1261 3002">
    <p class='ocr_par' dir='ltr' id='par_1_46' title="bbox 567 2931 1261 3002">
     <span class='ocr_line' id='line_1_46' title="bbox 567 2931 1261 3002; baseline -0.003 -14"><span class='ocrx_word' id='word_1_349' title='bbox 567 2933 662 2988; x_wconf 80' lang='lat' dir='ltr'><strong>nis</strong></span> <span class='ocrx_word' id='word_1_350' title='bbox 693 2933 993 3002; x_wconf 85' lang='lat' dir='ltr'><strong>corporalis</strong></span> <span class='ocrx_word' id='word_1_351' title='bbox 1025 2931 1261 3001; x_wconf 81' lang='lat' dir='ltr'><strong>requies.</strong></span> 
     </span>
    </p>
   </div>
   <div class='ocr_carea' id='block_1_47' title="bbox 645 3022 2130 3096">
    <p class='ocr_par' dir='ltr' id='par_1_47' title="bbox 645 3022 2130 3096">
     <span class='ocr_line' id='line_1_47' title="bbox 645 3022 2130 3096; baseline -0.003 -16"><span class='ocrx_word' id='word_1_352' title='bbox 645 3025 736 3082; x_wconf 77' lang='lat'><strong>39.</strong></span> <span class='ocrx_word' id='word_1_353' title='bbox 777 3024 890 3096; x_wconf 85' lang='lat' dir='ltr'><strong>(ll)</strong></span> <span class='ocrx_word' id='word_1_354' title='bbox 930 3023 1076 3077; x_wconf 82' lang='lat' dir='ltr'><strong>Dixit</strong></span> <span class='ocrx_word' id='word_1_355' title='bbox 1111 3023 1292 3077; x_wconf 87' lang='lat' dir='ltr'><strong>adhuc</strong></span> <span class='ocrx_word' id='word_1_356' title='bbox 1319 3043 1332 3078; x_wconf 91' lang='lat'>:</span> <span class='ocrx_word' id='word_1_357' title='bbox 1361 3022 1585 3078; x_wconf 89' lang='lat' dir='ltr'><strong>lniuctu</strong></span> <span class='ocrx_word' id='word_1_358' title='bbox 1619 3023 1727 3076; x_wconf 89' lang='lat' dir='ltr'><strong>duo</strong></span> <span class='ocrx_word' id='word_1_359' title='bbox 1757 3031 2130 3093; x_wconf 83' lang='lat' dir='ltr'><strong>suntzopera-</strong></span> 
     </span>
    </p>
   </div>
   <div class='ocr_carea' id='block_1_48' title="bbox 562 3115 1052 3179">
    <p class='ocr_par' dir='ltr' id='par_1_48' title="bbox 562 3115 1052 3179">
     <span class='ocr_line' id='line_1_48' title="bbox 562 3115 1052 3179; baseline -0.01 -8"><span class='ocrx_word' id='word_1_360' title='bbox 562 3126 687 3179; x_wconf 58' lang='lat' dir='ltr'><strong>iur,</strong></span> <span class='ocrx_word' id='word_1_361' title='bbox 722 3125 774 3169; x_wconf 84' lang='lat' dir='ltr'><strong>et</strong></span> <span class='ocrx_word' id='word_1_362' title='bbox 795 3115 1052 3170; x_wconf 80' lang='lat' dir='ltr'><strong>custodit.</strong></span> 
     </span>
    </p>
   </div>
   <div class='ocr_carea' id='block_1_49' title="bbox 645 3202 2139 3276">
    <p class='ocr_par' dir='ltr' id='par_1_49' title="bbox 645 3202 2139 3276">
     <span class='ocr_line' id='line_1_49' title="bbox 645 3202 2139 3276; baseline -0.001 -16"><span class='ocrx_word' id='word_1_363' title='bbox 645 3205 736 3261; x_wconf 76' lang='grc'><strong>40.</strong></span> <span class='ocrx_word' id='word_1_364' title='bbox 780 3206 892 3276; x_wconf 72' lang='grc'><strong>(12)</strong></span> <span class='ocrx_word' id='word_1_365' title='bbox 928 3205 1129 3259; x_wconf 90' lang='lat' dir='ltr'><strong>lterum</strong></span> <span class='ocrx_word' id='word_1_366' title='bbox 1171 3203 1352 3259; x_wconf 81' lang='lat' dir='ltr'><strong>dixit:</strong></span> <span class='ocrx_word' id='word_1_367' title='bbox 1388 3202 1442 3258; x_wconf 89' lang='lat' dir='ltr'><strong>Si</strong></span> <span class='ocrx_word' id='word_1_368' title='bbox 1503 3215 1556 3259; x_wconf 87' lang='lat' dir='ltr'><strong>te</strong></span> <span class='ocrx_word' id='word_1_369' title='bbox 1605 3205 1837 3260; x_wconf 86' lang='lat' dir='ltr'><strong>subierit</strong></span> <span class='ocrx_word' id='word_1_370' title='bbox 1881 3204 2139 3275; x_wconf 77' lang='lat' dir='ltr'><strong>cogitatio</strong></span> 
     </span>
    </p>
   </div>
   <div class='ocr_carea' id='block_1_50' title="bbox 575 3297 2138 3367">
    <p class='ocr_par' dir='ltr' id='par_1_50' title="bbox 575 3297 2138 3367">
     <span class='ocr_line' id='line_1_50' title="bbox 575 3297 2138 3367; baseline -0.002 -15"><span class='ocrx_word' id='word_1_371' title='bbox 575 3298 646 3354; x_wconf 88' lang='lat' dir='ltr'><strong>de</strong></span> <span class='ocrx_word' id='word_1_372' title='bbox 674 3301 836 3352; x_wconf 81' lang='lat' dir='ltr'><strong>rebus</strong></span> <span class='ocrx_word' id='word_1_373' title='bbox 861 3298 1082 3367; x_wconf 84' lang='lat' dir='ltr'><strong>corpori</strong></span> <span class='ocrx_word' id='word_1_374' title='bbox 1130 3299 1479 3361; x_wconf 88' lang='lat' dir='ltr'><strong>necessariis,</strong></span> <span class='ocrx_word' id='word_1_375' title='bbox 1515 3297 1791 3367; x_wconf 83' lang='lat' dir='ltr'><strong>semelque</strong></span> <span class='ocrx_word' id='word_1_376' title='bbox 1832 3298 2138 3352; x_wconf 73' lang='lat' dir='ltr'><strong>constitue~</strong></span> 
     </span>
    </p>
   </div>
   <div class='ocr_carea' id='block_1_51' title="bbox 577 3391 2139 3462">
    <p class='ocr_par' dir='ltr' id='par_1_51' title="bbox 577 3391 2139 3462">
     <span class='ocr_line' id='line_1_51' title="bbox 577 3391 2139 3462; baseline -0.001 -16"><span class='ocrx_word' id='word_1_377' title='bbox 577 3395 689 3457; x_wconf 88' lang='lat' dir='ltr'><strong>ris;</strong></span> <span class='ocrx_word' id='word_1_378' title='bbox 725 3407 1020 3462; x_wconf 86' lang='lat' dir='ltr'><strong>rursusque</strong></span> <span class='ocrx_word' id='word_1_379' title='bbox 1064 3393 1306 3446; x_wconf 90' lang='lat' dir='ltr'><strong>secundo</strong></span> <span class='ocrx_word' id='word_1_380' title='bbox 1351 3392 1601 3454; x_wconf 88' lang='lat' dir='ltr'><strong>subierit,</strong></span> <span class='ocrx_word' id='word_1_381' title='bbox 1651 3406 1713 3445; x_wconf 91' lang='lat' dir='ltr'><strong>ac</strong></span> <span class='ocrx_word' id='word_1_382' title='bbox 1749 3401 1801 3444; x_wconf 92' lang='lat' dir='ltr'><strong>tu</strong></span> <span class='ocrx_word' id='word_1_383' title='bbox 1847 3391 2139 3445; x_wconf 85' lang='lat' dir='ltr'><strong>constitue-</strong></span> 
     </span>
    </p>
   </div>
   <div class='ocr_carea' id='block_1_52' title="bbox 578 3482 2137 3548">
    <p class='ocr_par' dir='ltr' id='par_1_52' title="bbox 578 3482 2137 3548">
     <span class='ocr_line' id='line_1_52' title="bbox 578 3482 2137 3548; baseline 0 -14"><span class='ocrx_word' id='word_1_384' title='bbox 578 3483 688 3548; x_wconf 90' lang='lat' dir='ltr'><strong>ris;</strong></span> <span class='ocrx_word' id='word_1_385' title='bbox 739 3482 786 3536; x_wconf 89' lang='lat' dir='ltr'><strong>si</strong></span> <span class='ocrx_word' id='word_1_386' title='bbox 841 3482 1002 3536; x_wconf 90' lang='lat' dir='ltr'><strong>tertio</strong></span> <span class='ocrx_word' id='word_1_387' title='bbox 1045 3482 1297 3546; x_wconf 87' lang='lat' dir='ltr'><strong>subierit,</strong></span> <span class='ocrx_word' id='word_1_388' title='bbox 1341 3483 1450 3536; x_wconf 92' lang='lat' dir='ltr'><strong>noli</strong></span> <span class='ocrx_word' id='word_1_389' title='bbox 1497 3484 1546 3537; x_wconf 89' lang='lat' dir='ltr'><strong>ei</strong></span> <span class='ocrx_word' id='word_1_390' title='bbox 1594 3484 1906 3548; x_wconf 88' lang='lat' dir='ltr'><strong>attendere;</strong></span> <span class='ocrx_word' id='word_1_391' title='bbox 1961 3483 2137 3537; x_wconf 88' lang='lat' dir='ltr'><strong>otiosa</strong></span> 
     </span>
    </p>
   </div>
   <div class='ocr_carea' id='block_1_53' title="bbox 574 3575 847 3631">
    <p class='ocr_par' dir='ltr' id='par_1_53' title="bbox 574 3575 847 3631">
     <span class='ocr_line' id='line_1_53' title="bbox 574 3575 847 3631; baseline -0.007 -2"><span class='ocrx_word' id='word_1_392' title='bbox 574 3575 720 3629; x_wconf 79' lang='lat' dir='ltr'><strong>enim</strong></span> <span class='ocrx_word' id='word_1_393' title='bbox 745 3583 847 3631; x_wconf 88' lang='lat' dir='ltr'><strong>est.</strong></span> 
     </span>
    </p>
   </div>
   <div class='ocr_carea' id='block_1_54' title="bbox 649 3663 2136 3736">
    <p class='ocr_par' dir='ltr' id='par_1_54' title="bbox 649 3663 2136 3736">
     <span class='ocr_line' id='line_1_54' title="bbox 649 3663 2136 3736; baseline -0.001 -16"><span class='ocrx_word' id='word_1_394' title='bbox 649 3665 740 3720; x_wconf 79' lang='grc' dir='ltr'>ιι.</span> <span class='ocrx_word' id='word_1_395' title='bbox 782 3666 896 3736; x_wconf 81' lang='lat' dir='ltr'><strong>(l5)</strong></span> <span class='ocrx_word' id='word_1_396' title='bbox 937 3663 1136 3719; x_wconf 90' lang='lat' dir='ltr'><strong>lterum</strong></span> <span class='ocrx_word' id='word_1_397' title='bbox 1191 3683 1206 3719; x_wconf 91' lang='lat'><strong>:</strong></span> <span class='ocrx_word' id='word_1_398' title='bbox 1249 3664 1442 3720; x_wconf 82' lang='lat' dir='ltr'><strong>Frater</strong></span> <span class='ocrx_word' id='word_1_399' title='bbox 1487 3665 1842 3736; x_wconf 80' lang='lat' dir='ltr'><strong>interrogavit</strong></span> <span class='ocrx_word' id='word_1_400' title='bbox 1889 3665 2136 3718; x_wconf 86' lang='lat' dir='ltr'><strong>abbatem</strong></span> 
     </span>
    </p>
   </div>
   <div class='ocr_carea' id='block_1_55' title="bbox 575 3757 2139 3827">
    <p class='ocr_par' dir='ltr' id='par_1_55' title="bbox 575 3757 2139 3827">
     <span class='ocr_line' id='line_1_55' title="bbox 575 3757 2139 3827; baseline -0.004 -10"><span class='ocrx_word' id='word_1_401' title='bbox 575 3761 834 3818; x_wconf 75' lang='lat' dir='ltr'><strong>Manium</strong></span> <span class='ocrx_word' id='word_1_402' title='bbox 866 3779 879 3814; x_wconf 92' lang='lat'>:</span> <span class='ocrx_word' id='word_1_403' title='bbox 913 3759 1054 3826; x_wconf 86' lang='lat' dir='ltr'><strong>Quid</strong></span> <span class='ocrx_word' id='word_1_404' title='bbox 1107 3769 1192 3814; x_wconf 89' lang='lat' dir='ltr'><strong>est</strong></span> <span class='ocrx_word' id='word_1_405' title='bbox 1244 3760 1398 3813; x_wconf 73' lang='lat' dir='ltr'><strong>nihil:</strong></span> <span class='ocrx_word' id='word_1_406' title='bbox 1464 3775 1523 3813; x_wconf 91' lang='lat' dir='ltr'><strong>se</strong></span> <span class='ocrx_word' id='word_1_407' title='bbox 1574 3759 1792 3813; x_wconf 81' lang='lat' dir='ltr'><strong>facere?</strong></span> <span class='ocrx_word' id='word_1_408' title='bbox 1841 3757 2139 3827; x_wconf 72' lang='lat' dir='ltr'><strong>Respondit</strong></span> 
     </span>
    </p>
   </div>
   <div class='ocr_carea' id='block_1_56' title="bbox 575 3849 2138 3913">
    <p class='ocr_par' dir='ltr' id='par_1_56' title="bbox 575 3849 2138 3913">
     <span class='ocr_line' id='line_1_56' title="bbox 575 3849 2138 3913; baseline -0.005 -4"><span class='ocrx_word' id='word_1_409' title='bbox 575 3869 742 3909; x_wconf 80' lang='lat' dir='ltr'><strong>senex</strong></span> <span class='ocrx_word' id='word_1_410' title='bbox 775 3870 790 3907; x_wconf 90' lang='lat'><strong>:</strong></span> <span class='ocrx_word' id='word_1_411' title='bbox 823 3851 956 3907; x_wconf 85' lang='lat' dir='ltr'><strong>Esse</strong></span> <span class='ocrx_word' id='word_1_412' title='bbox 987 3859 1041 3907; x_wconf 92' lang='lat' dir='ltr'><strong>te</strong></span> <span class='ocrx_word' id='word_1_413' title='bbox 1068 3849 1210 3905; x_wconf 91' lang='lat' dir='ltr'><strong>infra</strong></span> <span class='ocrx_word' id='word_1_414' title='bbox 1255 3851 1507 3905; x_wconf 88' lang='lat' dir='ltr'><strong>animalia</strong></span> <span class='ocrx_word' id='word_1_415' title='bbox 1548 3851 1757 3903; x_wconf 86' lang='lat' dir='ltr'><strong>ratione</strong></span> <span class='ocrx_word' id='word_1_416' title='bbox 1787 3850 2051 3913; x_wconf 75' lang='lat' dir='ltr'><strong>carentia,</strong></span> <span class='ocrx_word' id='word_1_417' title='bbox 2085 3857 2138 3904; x_wconf 88' lang='lat' dir='ltr'><strong>et</strong></span> 
     </span>
    </p>
   </div>
   <div class='ocr_carea' id='block_1_57' title="bbox 573 3943 2066 4016">
    <p class='ocr_par' dir='ltr' id='par_1_57' title="bbox 573 3943 2066 4016">
     <span class='ocr_line' id='line_1_57' title="bbox 573 3943 2066 4016; baseline -0.004 -14"><span class='ocrx_word' id='word_1_418' title='bbox 573 3961 741 4002; x_wconf 86' lang='lat' dir='ltr'><strong>nosse</strong></span> <span class='ocrx_word' id='word_1_419' title='bbox 761 3945 907 4016; x_wconf 86' lang='lat' dir='ltr'><strong>quod</strong></span> <span class='ocrx_word' id='word_1_420' title='bbox 935 3945 1025 3999; x_wconf 90' lang='lat' dir='ltr'><strong>illa</strong></span> <span class='ocrx_word' id='word_1_421' title='bbox 1053 3943 1491 3999; x_wconf 88' lang='lat' dir='ltr'><strong>condemnationi</strong></span> <span class='ocrx_word' id='word_1_422' title='bbox 1515 3945 1746 3997; x_wconf 88' lang='lat' dir='ltr'><strong>obnoxia</strong></span> <span class='ocrx_word' id='word_1_423' title='bbox 1797 3960 1902 3996; x_wconf 90' lang='lat' dir='ltr'><strong>non</strong></span> <span class='ocrx_word' id='word_1_424' title='bbox 1936 3944 2066 3996; x_wconf 90' lang='lat' dir='ltr'><strong>sint.</strong></span> 
     </span>
    </p>
   </div>
   <div class='ocr_carea' id='block_1_58' title="bbox 646 4035 2136 4106">
    <p class='ocr_par' dir='ltr' id='par_1_58' title="bbox 646 4035 2136 4106">
     <span class='ocr_line' id='line_1_58' title="bbox 646 4035 2136 4106; baseline -0.003 -13"><span class='ocrx_word' id='word_1_425' title='bbox 646 4038 737 4095; x_wconf 68' lang='grc'><strong>42.</strong></span> <span class='ocrx_word' id='word_1_426' title='bbox 775 4036 904 4094; x_wconf 90' lang='lat' dir='ltr'><strong>Item</strong></span> <span class='ocrx_word' id='word_1_427' title='bbox 943 4038 1041 4093; x_wconf 86' lang='lat' dir='ltr'><strong>:Si</strong></span> <span class='ocrx_word' id='word_1_428' title='bbox 1079 4036 1401 4092; x_wconf 88' lang='lat' dir='ltr'><strong>recordatus</strong></span> <span class='ocrx_word' id='word_1_429' title='bbox 1446 4035 1606 4088; x_wconf 84' lang='lat' dir='ltr'><strong>fuerit</strong></span> <span class='ocrx_word' id='word_1_430' title='bbox 1647 4037 1805 4089; x_wconf 86' lang='lat' dir='ltr'><strong>homo</strong></span> <span class='ocrx_word' id='word_1_431' title='bbox 1836 4036 1966 4090; x_wconf 79' lang='lat' dir='ltr'><strong>dicti</strong></span> <span class='ocrx_word' id='word_1_432' title='bbox 1991 4037 2136 4106; x_wconf 86' lang='lat' dir='ltr'><strong>quud</strong></span> 
     </span>
    </p>
   </div>
   <div class='ocr_carea' id='block_1_59' title="bbox 575 4128 2134 4201">
    <p class='ocr_par' dir='ltr' id='par_1_59' title="bbox 575 4128 2134 4201">
     <span class='ocr_line' id='line_1_59' title="bbox 575 4128 2134 4201; baseline -0.003 -15"><span class='ocrx_word' id='word_1_433' title='bbox 575 4133 630 4186; x_wconf 86' lang='lat' dir='ltr'><strong>in</strong></span> <span class='ocrx_word' id='word_1_434' title='bbox 662 4130 947 4201; x_wconf 80' lang='lat' dir='ltr'><strong>Scriptura</strong></span> <span class='ocrx_word' id='word_1_435' title='bbox 991 4131 1189 4201; x_wconf 76' lang='lat' dir='ltr'><strong>legitur</strong></span> <span class='ocrx_word' id='word_1_436' title='bbox 1219 4151 1231 4184; x_wconf 89' lang='lat'><strong>:</strong></span> <span class='ocrx_word' id='word_1_437' title='bbox 1268 4128 1348 4182; x_wconf 73' lang='lat' dir='ltr'><strong>Ea:</strong></span> <span class='ocrx_word' id='word_1_438' title='bbox 1392 4129 1558 4182; x_wconf 78' lang='lat' dir='ltr'><strong>verbis</strong></span> <span class='ocrx_word' id='word_1_439' title='bbox 1605 4131 1706 4181; x_wconf 77' lang='lat' dir='ltr'><strong>tuis</strong></span> <span class='ocrx_word' id='word_1_440' title='bbox 1725 4128 2134 4198; x_wconf 77' lang='lat' dir='ltr'><strong>justiﬁcaberis,</strong></span> 
     </span>
    </p>
   </div>
   <div class='ocr_carea' id='block_1_60' title="bbox 576 4223 2139 4294">
    <p class='ocr_par' dir='ltr' id='par_1_60' title="bbox 576 4223 2139 4294">
     <span class='ocr_line' id='line_1_60' title="bbox 576 4223 2139 4294; baseline 0.001 -18"><span class='ocrx_word' id='word_1_441' title='bbox 576 4235 624 4276; x_wconf 79' lang='lat' dir='ltr'><strong>rt</strong></span> <span class='ocrx_word' id='word_1_442' title='bbox 683 4242 743 4276; x_wconf 69' lang='lat' dir='ltr'><strong>ex</strong></span> <span class='ocrx_word' id='word_1_443' title='bbox 794 4225 962 4279; x_wconf 74' lang='lat' dir='ltr'><strong>verbis</strong></span> <span class='ocrx_word' id='word_1_444' title='bbox 1021 4227 1123 4278; x_wconf 78' lang='lat' dir='ltr'><strong>tuis</strong></span> <span class='ocrx_word' id='word_1_445' title='bbox 1177 4223 1709 4289; x_wconf 67' lang='lat' dir='ltr'><strong>condemnaberis”;</strong></span> <span class='ocrx_word' id='word_1_446' title='bbox 1755 4225 1914 4294; x_wconf 77' lang='lat' dir='ltr'><strong>eliget</strong></span> <span class='ocrx_word' id='word_1_447' title='bbox 1959 4223 2139 4293; x_wconf 86' lang='lat' dir='ltr'><strong>potius</strong></span> 
     </span>
    </p>
   </div>
   <div class='ocr_carea' id='block_1_61' title="bbox 577 4325 774 4369">
    <p class='ocr_par' dir='ltr' id='par_1_61' title="bbox 577 4325 774 4369">
     <span class='ocr_line' id='line_1_61' title="bbox 577 4325 774 4369; baseline -0.01 -1"><span class='ocrx_word' id='word_1_448' title='bbox 577 4325 774 4369; x_wconf 83' lang='lat' dir='ltr'><strong>tacere.</strong></span> 
     </span>
    </p>
   </div>
   <div class='ocr_carea' id='block_1_62' title="bbox 646 4407 2140 4480">
    <p class='ocr_par' dir='ltr' id='par_1_62' title="bbox 646 4407 2140 4480">
     <span class='ocr_line' id='line_1_62' title="bbox 646 4407 2140 4480; baseline 0.002 -21"><span class='ocrx_word' id='word_1_449' title='bbox 646 4408 736 4460; x_wconf 65' lang='lat'><strong>4&#39;5.</strong></span> <span class='ocrx_word' id='word_1_450' title='bbox 780 4407 891 4478; x_wconf 67' lang='grc' dir='ltr'><strong>(Μ)</strong></span> <span class='ocrx_word' id='word_1_451' title='bbox 924 4407 1069 4461; x_wconf 89' lang='lat' dir='ltr'><strong>Dixit</strong></span> <span class='ocrx_word' id='word_1_452' title='bbox 1113 4419 1370 4480; x_wconf 68' lang='lat' dir='ltr'><strong>praeterea</strong></span> <span class='ocrx_word' id='word_1_453' title='bbox 1429 4430 1440 4464; x_wconf 95' lang='lat'>:</span> <span class='ocrx_word' id='word_1_454' title='bbox 1488 4409 1703 4464; x_wconf 88' lang='lat' dir='ltr'><strong>Initium</strong></span> <span class='ocrx_word' id='word_1_455' title='bbox 1755 4410 2020 4463; x_wconf 86' lang='lat' dir='ltr'><strong>malorum</strong></span> <span class='ocrx_word' id='word_1_456' title='bbox 2057 4417 2140 4463; x_wconf 88' lang='lat' dir='ltr'><strong>est</strong></span> 
     </span>
    </p>
   </div>
   <div class='ocr_carea' id='block_1_63' title="bbox 577 4495 882 4552">
    <p class='ocr_par' dir='ltr' id='par_1_63' title="bbox 577 4495 882 4552">
     <span class='ocr_line' id='line_1_63' title="bbox 577 4495 882 4552; baseline 0.013 -4"><span class='ocrx_word' id='word_1_457' title='bbox 577 4495 882 4552; x_wconf 86' lang='lat' dir='ltr'><strong>distractio.</strong></span> 
     </span>
    </p>
   </div>
   <div class='ocr_carea' id='block_1_64' title="bbox 636 4587 2141 4660">
    <p class='ocr_par' dir='ltr' id='par_1_64' title="bbox 636 4587 2141 4660">
     <span class='ocr_line' id='line_1_64' title="bbox 636 4587 2141 4660; baseline 0.004 -19"><span class='ocrx_word' id='word_1_458' title='bbox 636 4587 740 4642; x_wconf 67' lang='grc'><strong>44.</strong></span> <span class='ocrx_word' id='word_1_459' title='bbox 781 4588 893 4660; x_wconf 79' lang='grc'><strong>(15)</strong></span> <span class='ocrx_word' id='word_1_460' title='bbox 948 4587 1012 4642; x_wconf 86' lang='lat' dir='ltr'><strong>Et</strong></span> <span class='ocrx_word' id='word_1_461' title='bbox 1069 4590 1170 4644; x_wconf 91' lang='lat' dir='ltr'><strong>hoc</strong></span> <span class='ocrx_word' id='word_1_462' title='bbox 1221 4591 1428 4652; x_wconf 88' lang='lat' dir='ltr'><strong>retulit,</strong></span> <span class='ocrx_word' id='word_1_463' title='bbox 1477 4592 1620 4660; x_wconf 87' lang='lat' dir='ltr'><strong>quod</strong></span> <span class='ocrx_word' id='word_1_464' title='bbox 1678 4591 1844 4645; x_wconf 86' lang='lat' dir='ltr'><strong>abbas</strong></span> <span class='ocrx_word' id='word_1_465' title='bbox 1895 4591 2141 4647; x_wconf 74' lang='lat' dir='ltr'><strong>lsitlorus</strong></span> 
     </span>
    </p>
   </div>
   <div class='ocr_carea' id='block_1_65' title="bbox 579 4677 2137 4752">
    <p class='ocr_par' dir='ltr' id='par_1_65' title="bbox 579 4677 2137 4752">
     <span class='ocr_line' id='line_1_65' title="bbox 579 4677 2137 4752; baseline 0.002 -20"><span class='ocrx_word' id='word_1_466' title='bbox 579 4677 806 4734; x_wconf 85' lang='lat' dir='ltr'><strong>Scetcos</strong></span> <span class='ocrx_word' id='word_1_467' title='bbox 850 4682 1132 4752; x_wconf 77' lang='lat' dir='ltr'><strong>presbyter</strong></span> <span class='ocrx_word' id='word_1_468' title='bbox 1193 4682 1268 4737; x_wconf 84' lang='lat' dir='ltr'><strong>ita</strong></span> <span class='ocrx_word' id='word_1_469' title='bbox 1303 4682 1593 4751; x_wconf 83' lang='lat' dir='ltr'><strong>aliquando</strong></span> <span class='ocrx_word' id='word_1_470' title='bbox 1637 4681 1702 4736; x_wconf 87' lang='lat' dir='ltr'><strong>ad</strong></span> <span class='ocrx_word' id='word_1_471' title='bbox 1737 4682 2137 4736; x_wconf 89' lang='lat' dir='ltr'><strong>multitudinem</strong></span> 
     </span>
    </p>
   </div>
   <div class='ocr_carea' id='block_1_66' title="bbox 578 4771 2137 4844">
    <p class='ocr_par' dir='ltr' id='par_1_66' title="bbox 578 4771 2137 4844">
     <span class='ocr_line' id='line_1_66' title="bbox 578 4771 2137 4844; baseline 0.004 -24"><span class='ocrx_word' id='word_1_472' title='bbox 578 4771 742 4824; x_wconf 63' lang='lat' dir='ltr'><strong>verba</strong></span> <span class='ocrx_word' id='word_1_473' title='bbox 777 4771 966 4827; x_wconf 87' lang='lat' dir='ltr'><strong>fecerit</strong></span> <span class='ocrx_word' id='word_1_474' title='bbox 995 4793 1007 4827; x_wconf 89' lang='lat'>:</span> <span class='ocrx_word' id='word_1_475' title='bbox 1039 4772 1279 4837; x_wconf 86' lang='lat' dir='ltr'><strong>Fratres,</strong></span> <span class='ocrx_word' id='word_1_476' title='bbox 1330 4790 1508 4829; x_wconf 88' lang='lat' dir='ltr'><strong>nonne</strong></span> <span class='ocrx_word' id='word_1_477' title='bbox 1548 4781 1768 4844; x_wconf 88' lang='lat' dir='ltr'><strong>propter</strong></span> <span class='ocrx_word' id='word_1_478' title='bbox 1817 4773 2054 4828; x_wconf 88' lang='lat' dir='ltr'><strong>laborem</strong></span> <span class='ocrx_word' id='word_1_479' title='bbox 2083 4773 2137 4826; x_wconf 90' lang='lat' dir='ltr'><strong>in</strong></span> 
     </span>
    </p>
   </div>
   <div class='ocr_carea' id='block_1_67' title="bbox 582 4861 2137 4931">
    <p class='ocr_par' dir='ltr' id='par_1_67' title="bbox 582 4861 2137 4931">
     <span class='ocr_line' id='line_1_67' title="bbox 582 4861 2137 4931; baseline 0.003 -20"><span class='ocrx_word' id='word_1_480' title='bbox 582 4861 729 4916; x_wconf 88' lang='lat' dir='ltr'><strong>hunc</strong></span> <span class='ocrx_word' id='word_1_481' title='bbox 762 4862 939 4918; x_wconf 90' lang='lat' dir='ltr'><strong>locum</strong></span> <span class='ocrx_word' id='word_1_482' title='bbox 972 4865 1256 4920; x_wconf 89' lang='lat' dir='ltr'><strong>venimus?</strong></span> <span class='ocrx_word' id='word_1_483' title='bbox 1305 4863 1459 4920; x_wconf 80' lang='lat' dir='ltr'><strong>Nunc</strong></span> <span class='ocrx_word' id='word_1_484' title='bbox 1487 4879 1616 4920; x_wconf 87' lang='lat' dir='ltr'><strong>vero</strong></span> <span class='ocrx_word' id='word_1_485' title='bbox 1653 4879 1763 4919; x_wconf 86' lang='lat' dir='ltr'><strong>non</strong></span> <span class='ocrx_word' id='word_1_486' title='bbox 1792 4863 2029 4931; x_wconf 89' lang='lat' dir='ltr'><strong>amplius</strong></span> <span class='ocrx_word' id='word_1_487' title='bbox 2058 4863 2137 4916; x_wconf 82' lang='lat' dir='ltr'><strong>la-</strong></span> 
     </span>
    </p>
   </div>
   <div class='ocr_carea' id='block_1_68' title="bbox 579 4953 2137 5028">
    <p class='ocr_par' dir='ltr' id='par_1_68' title="bbox 579 4953 2137 5028">
     <span class='ocr_line' id='line_1_68' title="bbox 579 4953 2137 5028; baseline 0.001 -24"><span class='ocrx_word' id='word_1_488' title='bbox 579 4955 762 5007; x_wconf 88' lang='lat' dir='ltr'><strong>boretn</strong></span> <span class='ocrx_word' id='word_1_489' title='bbox 794 4953 976 5010; x_wconf 90' lang='lat' dir='ltr'><strong>habet.</strong></span> <span class='ocrx_word' id='word_1_490' title='bbox 1010 4955 1118 5028; x_wconf 79' lang='lat' dir='ltr'><strong>Ego</strong></span> <span class='ocrx_word' id='word_1_491' title='bbox 1145 4956 1308 5026; x_wconf 81' lang='lat' dir='ltr'><strong>igitur</strong></span> <span class='ocrx_word' id='word_1_492' title='bbox 1342 4963 1600 5028; x_wconf 86' lang='lat' dir='ltr'><strong>apparata</strong></span> <span class='ocrx_word' id='word_1_493' title='bbox 1630 4971 1748 5010; x_wconf 88' lang='lat' dir='ltr'><strong>mea</strong></span> <span class='ocrx_word' id='word_1_494' title='bbox 1779 4954 1974 5008; x_wconf 84' lang='lat' dir='ltr'><strong>melote</strong></span> <span class='ocrx_word' id='word_1_495' title='bbox 2002 4953 2137 5007; x_wconf 86' lang='lat' dir='ltr'><strong>abeo</strong></span> 
     </span>
    </p>
   </div>
   <div class='ocr_carea' id='block_1_69' title="bbox 574 5041 2138 5119">
    <p class='ocr_par' dir='ltr' id='par_1_69' title="bbox 574 5041 2138 5119">
     <span class='ocr_line' id='line_1_69' title="bbox 574 5041 2138 5119; baseline 0.003 -25"><span class='ocrx_word' id='word_1_496' title='bbox 574 5041 642 5094; x_wconf 85' lang='lat' dir='ltr'><strong>ad</strong></span> <span class='ocrx_word' id='word_1_497' title='bbox 678 5044 854 5098; x_wconf 91' lang='lat' dir='ltr'><strong>locum</strong></span> <span class='ocrx_word' id='word_1_498' title='bbox 886 5047 941 5100; x_wconf 85' lang='lat' dir='ltr'><strong>in</strong></span> <span class='ocrx_word' id='word_1_499' title='bbox 985 5062 1094 5117; x_wconf 89' lang='lat' dir='ltr'><strong>quo</strong></span> <span class='ocrx_word' id='word_1_500' title='bbox 1140 5047 1289 5102; x_wconf 90' lang='lat' dir='ltr'><strong>labor</strong></span> <span class='ocrx_word' id='word_1_501' title='bbox 1319 5055 1426 5111; x_wconf 88' lang='lat' dir='ltr'><strong>est,</strong></span> <span class='ocrx_word' id='word_1_502' title='bbox 1467 5047 1683 5119; x_wconf 91' lang='lat' dir='ltr'><strong>illicque</strong></span> <span class='ocrx_word' id='word_1_503' title='bbox 1738 5047 2008 5102; x_wconf 87' lang='lat' dir='ltr'><strong>inveniam</strong></span> <span class='ocrx_word' id='word_1_504' title='bbox 2049 5058 2138 5098; x_wconf 89' lang='lat' dir='ltr'><strong>re-</strong></span> 
     </span>
    </p>
   </div>
   <div class='ocr_carea' id='block_1_70' title="bbox 578 5148 2138 5294">
    <p class='ocr_par' dir='ltr' id='par_1_70' title="bbox 578 5148 2138 5294">
     <span class='ocr_line' id='line_1_70' title="bbox 578 5148 2138 5294; baseline 0.004 -39"><span class='ocrx_word' id='word_1_505' title='bbox 578 5148 891 5294; x_wconf 45' lang='lat' dir='ltr'><strong>qui??1i6)</strong></span> <span class='ocrx_word' id='word_1_506' title='bbox 929 5206 1118 5262; x_wconf 81' lang='lat' dir='ltr'><strong>Frater</strong></span> <span class='ocrx_word' id='word_1_507' title='bbox 1145 5208 1281 5264; x_wconf 84' lang='lat' dir='ltr'><strong>dixit</strong></span> <span class='ocrx_word' id='word_1_508' title='bbox 1314 5208 1498 5264; x_wconf 87' lang='lat' dir='ltr'><strong>abbati</strong></span> <span class='ocrx_word' id='word_1_509' title='bbox 1531 5208 1775 5265; x_wconf 71' lang='lat' dir='ltr'><strong>Pmmeni</strong></span> <span class='ocrx_word' id='word_1_510' title='bbox 1805 5225 1822 5264; x_wconf 85' lang='lat'><strong>:</strong></span> <span class='ocrx_word' id='word_1_511' title='bbox 1859 5205 1916 5263; x_wconf 87' lang='lat' dir='ltr'><strong>Si</strong></span> <span class='ocrx_word' id='word_1_512' title='bbox 1952 5207 2138 5262; x_wconf 87' lang='lat' dir='ltr'><strong>videro</strong></span> 
     </span>
    </p>
   </div>
   <div class='ocr_carea' id='block_1_71' title="bbox 2239 1932 3802 2005">
    <p class='ocr_par' dir='ltr' id='par_1_71' title="bbox 2239 1932 3802 2005">
     <span class='ocr_line' id='line_1_71' title="bbox 2239 1932 3802 2005; baseline -0.002 -19"><span class='ocrx_word' id='word_1_513' title='bbox 2239 1932 2384 2002; x_wconf 63' lang='grc' dir='ltr'>ὄψιν,</span> <span class='ocrx_word' id='word_1_514' title='bbox 2419 1933 2684 2002; x_wconf 73' lang='grc' dir='ltr'><strong>φυλάττου</strong></span> <span class='ocrx_word' id='word_1_515' title='bbox 2726 1933 2788 1985; x_wconf 76' lang='grc' dir='ltr'><strong>τὸ</strong></span> <span class='ocrx_word' id='word_1_516' title='bbox 2825 1933 2898 2005; x_wconf 80' lang='grc' dir='ltr'>μὴ</span> <span class='ocrx_word' id='word_1_517' title='bbox 2941 1933 3112 1987; x_wconf 79' lang='grc' dir='ltr'>λαλεῖν</span> <span class='ocrx_word' id='word_1_518' title='bbox 3137 1949 3151 1963; x_wconf 85' lang='lat'><strong><em>°</em></strong></span> <span class='ocrx_word' id='word_1_519' title='bbox 3188 1932 3284 1985; x_wconf 80' lang='grc' dir='ltr'>ἐὰν</span> <span class='ocrx_word' id='word_1_520' title='bbox 3325 1933 3381 1985; x_wconf 81' lang='grc' dir='ltr'><strong>δὲ</strong></span> <span class='ocrx_word' id='word_1_521' title='bbox 3422 1933 3515 1984; x_wconf 77' lang='grc' dir='ltr'>καὶ</span> <span class='ocrx_word' id='word_1_522' title='bbox 3545 1932 3802 2004; x_wconf 72' lang='grc' dir='ltr'>λαλήσῃς,</span> 
     </span>
    </p>
   </div>
   <div class='ocr_carea' id='block_1_72' title="bbox 2237 2023 3624 2094">
    <p class='ocr_par' dir='ltr' id='par_1_72' title="bbox 2237 2023 3624 2094">
     <span class='ocr_line' id='line_1_72' title="bbox 2237 2023 3624 2094; baseline -0.001 -16"><span class='ocrx_word' id='word_1_523' title='bbox 2237 2026 2375 2094; x_wconf 81' lang='grc' dir='ltr'>ταχὺ</span> <span class='ocrx_word' id='word_1_524' title='bbox 2409 2024 2570 2094; x_wconf 67' lang='grc' dir='ltr'>κόψον</span> <span class='ocrx_word' id='word_1_525' title='bbox 2597 2024 2688 2077; x_wconf 73' lang='grc' dir='ltr'>τοῦ</span> <span class='ocrx_word' id='word_1_526' title='bbox 2721 2023 2792 2094; x_wconf 83' lang='grc' dir='ltr'><strong>μὴ</strong></span> <span class='ocrx_word' id='word_1_527' title='bbox 2827 2027 3045 2094; x_wconf 79' lang='grc' dir='ltr'>ποιῆσαι</span> <span class='ocrx_word' id='word_1_528' title='bbox 3071 2024 3238 2077; x_wconf 81' lang='grc' dir='ltr'>κακὸν</span> <span class='ocrx_word' id='word_1_529' title='bbox 3277 2025 3396 2077; x_wconf 71' lang='grc' dir='ltr'>ἀντὶ</span> <span class='ocrx_word' id='word_1_530' title='bbox 3435 2023 3624 2078; x_wconf 81' lang='grc' dir='ltr'>κακοῦ.</span> 
     </span>
    </p>
   </div>
   <div class='ocr_carea' id='block_1_73' title="bbox 2311 2113 3806 2186">
    <p class='ocr_par' dir='ltr' id='par_1_73' title="bbox 2311 2113 3806 2186">
     <span class='ocr_line' id='line_1_73' title="bbox 2311 2113 3806 2186; baseline 0 -18"><span class='ocrx_word' id='word_1_531' title='bbox 2311 2116 2401 2170; x_wconf 81' lang='grc' dir='ltr'>λε’.</span> <span class='ocrx_word' id='word_1_532' title='bbox 2445 2113 2606 2168; x_wconf 76' lang='grc' dir='ltr'>Εἶπεν</span> <span class='ocrx_word' id='word_1_533' title='bbox 2632 2119 2659 2168; x_wconf 92' lang='lat'><strong>6</strong></span> <span class='ocrx_word' id='word_1_534' title='bbox 2692 2117 2864 2180; x_wconf 75' lang='grc' dir='ltr'>ἀϐὅᾶς</span> <span class='ocrx_word' id='word_1_535' title='bbox 2894 2117 3122 2186; x_wconf 78' lang='grc' dir='ltr'>Ποιμὴν,</span> <span class='ocrx_word' id='word_1_536' title='bbox 3153 2117 3231 2168; x_wconf 81' lang='grc' dir='ltr'>ὅτι</span> <span class='ocrx_word' id='word_1_537' title='bbox 3269 2116 3341 2168; x_wconf 90' lang='grc' dir='ltr'><strong>Τὸ</strong></span> <span class='ocrx_word' id='word_1_538' title='bbox 3375 2115 3682 2186; x_wconf 75' lang='grc' dir='ltr'><strong>φυλάσσειν,</strong></span> <span class='ocrx_word' id='word_1_539' title='bbox 3709 2115 3806 2168; x_wconf 77' lang='grc' dir='ltr'>καὶ</span> 
     </span>
    </p>
   </div>
   <div class='ocr_carea' id='block_1_74' title="bbox 2240 2204 3806 2280">
    <p class='ocr_par' dir='ltr' id='par_1_74' title="bbox 2240 2204 3806 2280">
     <span class='ocr_line' id='line_1_74' title="bbox 2240 2204 3806 2280; baseline -0.001 -18"><span class='ocrx_word' id='word_1_540' title='bbox 2240 2208 2416 2279; x_wconf 79' lang='grc' dir='ltr'>ἑαυτῷ</span> <span class='ocrx_word' id='word_1_541' title='bbox 2454 2209 2758 2279; x_wconf 73' lang='grc' dir='ltr'><strong>προσέχειν,</strong></span> <span class='ocrx_word' id='word_1_542' title='bbox 2803 2209 2895 2261; x_wconf 78' lang='grc' dir='ltr'><strong>καὶ</strong></span> <span class='ocrx_word' id='word_1_543' title='bbox 2939 2211 2971 2277; x_wconf 78' lang='grc' dir='ltr'>ἡ</span> <span class='ocrx_word' id='word_1_544' title='bbox 3016 2208 3307 2278; x_wconf 77' lang='grc' dir='ltr'>διάκρισις,</span> <span class='ocrx_word' id='word_1_545' title='bbox 3353 2210 3409 2261; x_wconf 85' lang='grc' dir='ltr'>αἱ</span> <span class='ocrx_word' id='word_1_546' title='bbox 3450 2211 3596 2280; x_wconf 82' lang='grc' dir='ltr'>τρεῖς</span> <span class='ocrx_word' id='word_1_547' title='bbox 3646 2204 3806 2263; x_wconf 72' lang='grc' dir='ltr'>αὗται</span> 
     </span>
    </p>
   </div>
   <div class='ocr_carea' id='block_1_75' title="bbox 2244 2301 3137 2373">
    <p class='ocr_par' dir='ltr' id='par_1_75' title="bbox 2244 2301 3137 2373">
     <span class='ocr_line' id='line_1_75' title="bbox 2244 2301 3137 2373; baseline 0 -19"><span class='ocrx_word' id='word_1_548' title='bbox 2244 2302 2434 2373; x_wconf 74' lang='grc' dir='ltr'>ἀρεταὶ</span> <span class='ocrx_word' id='word_1_549' title='bbox 2457 2302 2637 2372; x_wconf 75' lang='grc' dir='ltr'><strong>ὁδηγοί</strong></span> <span class='ocrx_word' id='word_1_550' title='bbox 2685 2305 2787 2354; x_wconf 87' lang='grc' dir='ltr'>εἰσι</span> <span class='ocrx_word' id='word_1_551' title='bbox 2816 2302 2911 2371; x_wconf 87' lang='grc' dir='ltr'><strong>τῆς</strong></span> <span class='ocrx_word' id='word_1_552' title='bbox 2941 2301 3137 2371; x_wconf 67' lang='grc' dir='ltr'>ψυχῆς.</span> 
     </span>
    </p>
   </div>
   <div class='ocr_carea' id='block_1_76' title="bbox 2311 2391 3808 2464">
    <p class='ocr_par' dir='ltr' id='par_1_76' title="bbox 2311 2391 3808 2464">
     <span class='ocr_line' id='line_1_76' title="bbox 2311 2391 3808 2464; baseline 0 -18"><span class='ocrx_word' id='word_1_553' title='bbox 2311 2393 2416 2458; x_wconf 76' lang='grc' dir='ltr'>λς’.</span> <span class='ocrx_word' id='word_1_554' title='bbox 2451 2391 2582 2447; x_wconf 68' lang='lat' dir='ltr'><strong>Eine</strong></span> <span class='ocrx_word' id='word_1_555' title='bbox 2627 2395 2809 2460; x_wconf 83' lang='grc' dir='ltr'>πάλιν,</span> <span class='ocrx_word' id='word_1_556' title='bbox 2829 2395 2914 2464; x_wconf 65' lang='grc' dir='ltr'>ὅτι</span> <span class='ocrx_word' id='word_1_557' title='bbox 2945 2396 3018 2447; x_wconf 86' lang='grc' dir='ltr'><strong>Τὸ</strong></span> <span class='ocrx_word' id='word_1_558' title='bbox 3048 2394 3198 2464; x_wconf 76' lang='grc' dir='ltr'>ῥίψαι</span> <span class='ocrx_word' id='word_1_559' title='bbox 3229 2395 3417 2449; x_wconf 77' lang='grc' dir='ltr'>ἑαυτὸν</span> <span class='ocrx_word' id='word_1_560' title='bbox 3456 2394 3683 2448; x_wconf 81' lang='grc' dir='ltr'>ἐνώπιον</span> <span class='ocrx_word' id='word_1_561' title='bbox 3711 2393 3808 2446; x_wconf 79' lang='grc' dir='ltr'>τοῦ</span> 
     </span>
    </p>
   </div>
   <div class='ocr_carea' id='block_1_77' title="bbox 2240 2485 3809 2557">
    <p class='ocr_par' dir='ltr' id='par_1_77' title="bbox 2240 2485 3809 2557">
     <span class='ocr_line' id='line_1_77' title="bbox 2240 2485 3809 2557; baseline 0 -19"><span class='ocrx_word' id='word_1_562' title='bbox 2240 2485 2395 2551; x_wconf 82' lang='grc' dir='ltr'>Θεοῦ,</span> <span class='ocrx_word' id='word_1_563' title='bbox 2447 2485 2543 2538; x_wconf 71' lang='grc' dir='ltr'><strong>καὶ</strong></span> <span class='ocrx_word' id='word_1_564' title='bbox 2592 2485 2652 2538; x_wconf 76' lang='grc' dir='ltr'>τὸ</span> <span class='ocrx_word' id='word_1_565' title='bbox 2693 2487 2766 2556; x_wconf 86' lang='grc' dir='ltr'><strong>μὴ</strong></span> <span class='ocrx_word' id='word_1_566' title='bbox 2817 2486 3008 2539; x_wconf 79' lang='grc' dir='ltr'>ἑαυτὸν</span> <span class='ocrx_word' id='word_1_567' title='bbox 3060 2488 3298 2557; x_wconf 80' lang='grc' dir='ltr'>μετρεῖν,</span> <span class='ocrx_word' id='word_1_568' title='bbox 3357 2488 3448 2540; x_wconf 75' lang='grc' dir='ltr'><strong>καὶ</strong></span> <span class='ocrx_word' id='word_1_569' title='bbox 3488 2487 3550 2540; x_wconf 87' lang='grc' dir='ltr'><strong>τὸ</strong></span> <span class='ocrx_word' id='word_1_570' title='bbox 3594 2486 3809 2556; x_wconf 82' lang='grc' dir='ltr'><strong>βάλλειν</strong></span> 
     </span>
    </p>
   </div>
   <div class='ocr_carea' id='block_1_78' title="bbox 2241 2578 3695 2650">
    <p class='ocr_par' dir='ltr' id='par_1_78' title="bbox 2241 2578 3695 2650">
     <span class='ocr_line' id='line_1_78' title="bbox 2241 2578 3695 2650; baseline 0 -18"><span class='ocrx_word' id='word_1_571' title='bbox 2241 2578 2414 2632; x_wconf 77' lang='grc' dir='ltr'>ὀπίσω</span> <span class='ocrx_word' id='word_1_572' title='bbox 2451 2579 2511 2631; x_wconf 77' lang='grc' dir='ltr'><strong>τὸ</strong></span> <span class='ocrx_word' id='word_1_573' title='bbox 2548 2578 2678 2633; x_wconf 76' lang='grc' dir='ltr'>ἴδιον</span> <span class='ocrx_word' id='word_1_574' title='bbox 2705 2578 2933 2650; x_wconf 80' lang='grc' dir='ltr'><strong>θέλημα,</strong></span> <span class='ocrx_word' id='word_1_575' title='bbox 2965 2580 3223 2650; x_wconf 83' lang='grc' dir='ltr'>ἐργαλεῖά</span> <span class='ocrx_word' id='word_1_576' title='bbox 3249 2582 3354 2633; x_wconf 83' lang='grc' dir='ltr'><strong>εἱσι</strong></span> <span class='ocrx_word' id='word_1_577' title='bbox 3375 2579 3474 2650; x_wconf 82' lang='grc' dir='ltr'><strong>τῆς</strong></span> <span class='ocrx_word' id='word_1_578' title='bbox 3499 2579 3695 2650; x_wconf 77' lang='grc' dir='ltr'>ψυχῆς.</span> 
     </span>
    </p>
   </div>
   <div class='ocr_carea' id='block_1_79' title="bbox 2315 2667 3808 2747">
    <p class='ocr_par' dir='ltr' id='par_1_79' title="bbox 2315 2667 3808 2747">
     <span class='ocr_line' id='line_1_79' title="bbox 2315 2667 3808 2747; baseline 0.003 -25"><span class='ocrx_word' id='word_1_579' title='bbox 2315 2670 2416 2734; x_wconf 79' lang='grc' dir='ltr'><strong>λζ’.</strong></span> <span class='ocrx_word' id='word_1_580' title='bbox 2460 2667 2598 2723; x_wconf 81' lang='grc' dir='ltr'>Εἷπε</span> <span class='ocrx_word' id='word_1_581' title='bbox 2628 2671 2790 2724; x_wconf 82' lang='grc' dir='ltr'>πάλιν</span> <span class='ocrx_word' id='word_1_582' title='bbox 2811 2688 2824 2700; x_wconf 83' lang='grc'><em>’</em></span> <span class='ocrx_word' id='word_1_583' title='bbox 2869 2673 2983 2736; x_wconf 83' lang='grc' dir='ltr'><strong>Πᾶς</strong></span> <span class='ocrx_word' id='word_1_584' title='bbox 3011 2673 3175 2736; x_wconf 84' lang='grc' dir='ltr'>κόπος</span> <span class='ocrx_word' id='word_1_585' title='bbox 3205 2673 3264 2736; x_wconf 76' lang='grc' dir='ltr'>ὃς</span> <span class='ocrx_word' id='word_1_586' title='bbox 3302 2672 3367 2727; x_wconf 82' lang='grc' dir='ltr'><strong>ἂν</strong></span> <span class='ocrx_word' id='word_1_587' title='bbox 3393 2672 3592 2747; x_wconf 79' lang='grc' dir='ltr'><strong>ἐπέλθῃ</strong></span> <span class='ocrx_word' id='word_1_588' title='bbox 3633 2690 3736 2739; x_wconf 81' lang='grc' dir='ltr'>σοι,</span> <span class='ocrx_word' id='word_1_589' title='bbox 3769 2674 3808 2745; x_wconf 68' lang='grc' dir='ltr'>ἡ</span> 
     </span>
    </p>
   </div>
   <div class='ocr_carea' id='block_1_80' title="bbox 2241 2761 2970 2836">
    <p class='ocr_par' dir='ltr' id='par_1_80' title="bbox 2241 2761 2970 2836">
     <span class='ocr_line' id='line_1_80' title="bbox 2241 2761 2970 2836; baseline 0.001 -21"><span class='ocrx_word' id='word_1_590' title='bbox 2241 2762 2366 2833; x_wconf 75' lang='grc' dir='ltr'>νίκη</span> <span class='ocrx_word' id='word_1_591' title='bbox 2400 2761 2564 2816; x_wconf 79' lang='grc' dir='ltr'>αὑτοῦ</span> <span class='ocrx_word' id='word_1_592' title='bbox 2590 2765 2708 2817; x_wconf 79' lang='grc' dir='ltr'>ἐστι</span> <span class='ocrx_word' id='word_1_593' title='bbox 2739 2767 2970 2836; x_wconf 85' lang='grc' dir='ltr'>σιωπᾷν.</span> 
     </span>
    </p>
   </div>
   <div class='ocr_carea' id='block_1_81' title="bbox 2311 2851 3806 2931">
    <p class='ocr_par' dir='ltr' id='par_1_81' title="bbox 2311 2851 3806 2931">
     <span class='ocr_line' id='line_1_81' title="bbox 2311 2851 3806 2931; baseline 0.005 -23"><span class='ocrx_word' id='word_1_594' title='bbox 2311 2855 2411 2926; x_wconf 88' lang='grc' dir='ltr'><strong>λη’.</strong></span> <span class='ocrx_word' id='word_1_595' title='bbox 2440 2851 2573 2909; x_wconf 82' lang='grc' dir='ltr'><strong>Εῐπε</strong></span> <span class='ocrx_word' id='word_1_596' title='bbox 2604 2856 2764 2910; x_wconf 66' lang='grc' dir='ltr'>πάλιν</span> <span class='ocrx_word' id='word_1_597' title='bbox 2782 2871 2798 2887; x_wconf 86' lang='grc'>⁶</span> <span class='ocrx_word' id='word_1_598' title='bbox 2826 2858 3108 2930; x_wconf 78' lang='grc' dir='ltr'>Βδέλυγμά</span> <span class='ocrx_word' id='word_1_599' title='bbox 3136 2861 3250 2913; x_wconf 75' lang='grc' dir='ltr'>ἐστι</span> <span class='ocrx_word' id='word_1_600' title='bbox 3277 2859 3465 2931; x_wconf 77' lang='grc' dir='ltr'>Κυρίῳ</span> <span class='ocrx_word' id='word_1_601' title='bbox 3514 2862 3664 2914; x_wconf 80' lang='grc' dir='ltr'><strong>πᾶσα</strong></span> <span class='ocrx_word' id='word_1_602' title='bbox 3693 2875 3806 2914; x_wconf 59' lang='grc' dir='ltr'><strong>σω-</strong></span> 
     </span>
    </p>
   </div>
   <div class='ocr_carea' id='block_1_82' title="bbox 2245 2946 2799 3018">
    <p class='ocr_par' dir='ltr' id='par_1_82' title="bbox 2245 2946 2799 3018">
     <span class='ocr_line' id='line_1_82' title="bbox 2245 2946 2799 3018; baseline 0.002 -19"><span class='ocrx_word' id='word_1_603' title='bbox 2245 2946 2444 3018; x_wconf 85' lang='grc' dir='ltr'>ματικὴ</span> <span class='ocrx_word' id='word_1_604' title='bbox 2475 2947 2799 3010; x_wconf 84' lang='grc' dir='ltr'><strong>ἀνάπαυσις.</strong></span> 
     </span>
    </p>
   </div>
   <div class='ocr_carea' id='block_1_83' title="bbox 2312 3033 3806 3116">
    <p class='ocr_par' dir='ltr' id='par_1_83' title="bbox 2312 3033 3806 3116">
     <span class='ocr_line' id='line_1_83' title="bbox 2312 3033 3806 3116; baseline 0.004 -26"><span class='ocrx_word' id='word_1_605' title='bbox 2312 3037 2408 3091; x_wconf 83' lang='grc' dir='ltr'><strong>λ6⁹.</strong></span> <span class='ocrx_word' id='word_1_606' title='bbox 2442 3033 2578 3092; x_wconf 79' lang='grc' dir='ltr'>Εῖπε</span> <span class='ocrx_word' id='word_1_607' title='bbox 2611 3036 2805 3092; x_wconf 78' lang='grc' dir='ltr'>πάλιν·</span> <span class='ocrx_word' id='word_1_608' title='bbox 2841 3038 2913 3092; x_wconf 86' lang='grc' dir='ltr'><strong>Τδ</strong></span> <span class='ocrx_word' id='word_1_609' title='bbox 2945 3039 3140 3106; x_wconf 80' lang='grc' dir='ltr'>πένθος</span> <span class='ocrx_word' id='word_1_610' title='bbox 3171 3042 3387 3096; x_wconf 79' lang='grc' dir='ltr'>διπλοῦν</span> <span class='ocrx_word' id='word_1_611' title='bbox 3425 3045 3604 3096; x_wconf 75' lang='grc' dir='ltr'>ἐστιν’</span> <span class='ocrx_word' id='word_1_612' title='bbox 3634 3041 3806 3116; x_wconf 70' lang='grc' dir='ltr'><strong>ἔργά-ο</strong></span> 
     </span>
    </p>
   </div>
   <div class='ocr_carea' id='block_1_84' title="bbox 2243 3130 2844 3199">
    <p class='ocr_par' dir='ltr' id='par_1_84' title="bbox 2243 3130 2844 3199">
     <span class='ocr_line' id='line_1_84' title="bbox 2243 3130 2844 3199; baseline 0.002 -16"><span class='ocrx_word' id='word_1_613' title='bbox 2243 3131 2409 3196; x_wconf 84' lang='grc' dir='ltr'>ζεται,</span> <span class='ocrx_word' id='word_1_614' title='bbox 2440 3131 2534 3183; x_wconf 71' lang='grc' dir='ltr'><strong>καὶ</strong></span> <span class='ocrx_word' id='word_1_615' title='bbox 2567 3130 2844 3199; x_wconf 80' lang='grc' dir='ltr'>φυλάσσει.</span> 
     </span>
    </p>
   </div>
   <div class='ocr_carea' id='block_1_85' title="bbox 2315 3217 3808 3300">
    <p class='ocr_par' dir='ltr' id='par_1_85' title="bbox 2315 3217 3808 3300">
     <span class='ocr_line' id='line_1_85' title="bbox 2315 3217 3808 3300; baseline 0.003 -24"><span class='ocrx_word' id='word_1_616' title='bbox 2315 3229 2387 3293; x_wconf 85' lang='grc' dir='ltr'><strong>μ’.</strong></span> <span class='ocrx_word' id='word_1_617' title='bbox 2423 3217 2558 3276; x_wconf 63' lang='lat' dir='ltr'><strong>Eius</strong></span> <span class='ocrx_word' id='word_1_618' title='bbox 2611 3223 2806 3277; x_wconf 80' lang='grc' dir='ltr'>πάλιν·</span> <span class='ocrx_word' id='word_1_619' title='bbox 2881 3224 3008 3278; x_wconf 79' lang='grc' dir='ltr'><strong>Ἐὰν</strong></span> <span class='ocrx_word' id='word_1_620' title='bbox 3059 3225 3188 3300; x_wconf 78' lang='grc' dir='ltr'><strong>ἔλθῃ</strong></span> <span class='ocrx_word' id='word_1_621' title='bbox 3247 3244 3326 3280; x_wconf 83' lang='grc' dir='ltr'>σοι</span> <span class='ocrx_word' id='word_1_622' title='bbox 3371 3227 3628 3296; x_wconf 77' lang='grc' dir='ltr'>λογισμὸς</span> <span class='ocrx_word' id='word_1_623' title='bbox 3674 3227 3808 3299; x_wconf 79' lang='grc' dir='ltr'>περὶ</span> 
     </span>
    </p>
   </div>
   <div class='ocr_carea' id='block_1_86' title="bbox 2237 3314 3813 3389">
    <p class='ocr_par' dir='ltr' id='par_1_86' title="bbox 2237 3314 3813 3389">
     <span class='ocr_line' id='line_1_86' title="bbox 2237 3314 3813 3389; baseline 0.005 -23"><span class='ocrx_word' id='word_1_624' title='bbox 2237 3315 2363 3366; x_wconf 85' lang='grc' dir='ltr'>τῶν.</span> <span class='ocrx_word' id='word_1_625' title='bbox 2395 3315 2707 3384; x_wconf 77' lang='grc' dir='ltr'>ἀναγκαίων</span> <span class='ocrx_word' id='word_1_626' title='bbox 2756 3314 2850 3368; x_wconf 82' lang='grc' dir='ltr'><strong>τοῦ</strong></span> <span class='ocrx_word' id='word_1_627' title='bbox 2909 3316 3157 3386; x_wconf 84' lang='grc' dir='ltr'><strong>σώματος</strong></span> <span class='ocrx_word' id='word_1_628' title='bbox 3215 3320 3434 3389; x_wconf 79' lang='grc' dir='ltr'><strong>χρειῶν,</strong></span> <span class='ocrx_word' id='word_1_629' title='bbox 3493 3321 3577 3374; x_wconf 72' lang='grc' dir='ltr'><strong>καὶ</strong></span> <span class='ocrx_word' id='word_1_630' title='bbox 3623 3319 3813 3374; x_wconf 69' lang='grc' dir='ltr'><strong>διατάσ-</strong></span> 
     </span>
    </p>
   </div>
   <div class='ocr_carea' id='block_1_87' title="bbox 2241 3405 3809 3484">
    <p class='ocr_par' dir='ltr' id='par_1_87' title="bbox 2241 3405 3809 3484">
     <span class='ocr_line' id='line_1_87' title="bbox 2241 3405 3809 3484; baseline 0.005 -14"><span class='ocrx_word' id='word_1_631' title='bbox 2241 3405 2336 3478; x_wconf 69' lang='grc' dir='ltr'><strong>ξῖἶς</strong></span> <span class='ocrx_word' id='word_1_632' title='bbox 2375 3407 2540 3473; x_wconf 79' lang='grc' dir='ltr'>ἅπαξ,</span> <span class='ocrx_word' id='word_1_633' title='bbox 2583 3408 2675 3460; x_wconf 78' lang='grc' dir='ltr'>καὶ</span> <span class='ocrx_word' id='word_1_634' title='bbox 2715 3409 2875 3462; x_wconf 76' lang='grc' dir='ltr'>πάλιν</span> <span class='ocrx_word' id='word_1_635' title='bbox 2916 3410 3167 3482; x_wconf 74' lang='grc' dir='ltr'>δεύτερον</span> <span class='ocrx_word' id='word_1_636' title='bbox 3208 3409 3336 3484; x_wconf 77' lang='grc' dir='ltr'>ἔλθῃ</span> <span class='ocrx_word' id='word_1_637' title='bbox 3381 3413 3475 3466; x_wconf 75' lang='grc' dir='ltr'><strong>καὶ</strong></span> <span class='ocrx_word' id='word_1_638' title='bbox 3520 3409 3809 3484; x_wconf 74' lang='grc' dir='ltr'><strong>διατάξῃς⁶</strong></span> 
     </span>
    </p>
   </div>
   <div class='ocr_carea' id='block_1_88' title="bbox 2239 3498 3809 3575">
    <p class='ocr_par' dir='ltr' id='par_1_88' title="bbox 2239 3498 3809 3575">
     <span class='ocr_line' id='line_1_88' title="bbox 2239 3498 3809 3575; baseline 0.004 -25"><span class='ocrx_word' id='word_1_639' title='bbox 2239 3498 2304 3550; x_wconf 80' lang='grc' dir='ltr'>τὸ</span> <span class='ocrx_word' id='word_1_640' title='bbox 2341 3499 2519 3570; x_wconf 84' lang='grc' dir='ltr'>τρίτον</span> <span class='ocrx_word' id='word_1_641' title='bbox 2553 3499 2648 3554; x_wconf 75' lang='grc' dir='ltr'>ἐὰν</span> <span class='ocrx_word' id='word_1_642' title='bbox 2694 3501 2842 3572; x_wconf 73' lang='grc' dir='ltr'><strong>ἔλθῃ,</strong></span> <span class='ocrx_word' id='word_1_643' title='bbox 2878 3502 2950 3573; x_wconf 82' lang='grc' dir='ltr'>μὴ</span> <span class='ocrx_word' id='word_1_644' title='bbox 2987 3503 3228 3575; x_wconf 80' lang='grc' dir='ltr'><strong>πρόσχῃς</strong></span> <span class='ocrx_word' id='word_1_645' title='bbox 3277 3504 3458 3574; x_wconf 79' lang='grc' dir='ltr'>αὐτῷ·</span> <span class='ocrx_word' id='word_1_646' title='bbox 3501 3504 3669 3575; x_wconf 83' lang='grc' dir='ltr'>ἀργὸς</span> <span class='ocrx_word' id='word_1_647' title='bbox 3696 3503 3809 3575; x_wconf 77' lang='grc' dir='ltr'>γάρ</span> 
     </span>
    </p>
   </div>
   <div class='ocr_carea' id='block_1_89' title="bbox 2240 3592 2376 3646">
    <p class='ocr_par' dir='ltr' id='par_1_89' title="bbox 2240 3592 2376 3646">
     <span class='ocr_line' id='line_1_89' title="bbox 2240 3592 2376 3646; baseline 0.015 -2"><span class='ocrx_word' id='word_1_648' title='bbox 2240 3592 2376 3646; x_wconf 77' lang='grc' dir='ltr'>ἔστι.</span> 
     </span>
    </p>
   </div>
   <div class='ocr_carea' id='block_1_90' title="bbox 2313 3676 3911 3756">
    <p class='ocr_par' dir='ltr' id='par_1_90' title="bbox 2313 3676 3911 3756">
     <span class='ocr_line' id='line_1_90' title="bbox 2313 3676 3911 3756; baseline 0.003 -22"><span class='ocrx_word' id='word_1_649' title='bbox 2313 3679 2417 3750; x_wconf 84' lang='grc' dir='ltr'><strong>μα’.</strong></span> <span class='ocrx_word' id='word_1_650' title='bbox 2459 3676 2593 3735; x_wconf 84' lang='grc' dir='ltr'>Εἷπε</span> <span class='ocrx_word' id='word_1_651' title='bbox 2631 3683 2811 3747; x_wconf 72' lang='grc' dir='ltr'>πάλιν,</span> <span class='ocrx_word' id='word_1_652' title='bbox 2843 3684 2924 3737; x_wconf 86' lang='grc' dir='ltr'>ὃτι</span> <span class='ocrx_word' id='word_1_653' title='bbox 2955 3685 3202 3754; x_wconf 74' lang='grc' dir='ltr'>Ἀδελφὸς</span> <span class='ocrx_word' id='word_1_654' title='bbox 3225 3685 3474 3756; x_wconf 68' lang='grc' dir='ltr'><strong>ἦρὼτησε</strong></span> <span class='ocrx_word' id='word_1_655' title='bbox 3503 3686 3593 3738; x_wconf 79' lang='grc' dir='ltr'><strong>τὸν</strong></span> <span class='ocrx_word' id='word_1_656' title='bbox 3633 3685 3813 3739; x_wconf 77' lang='grc' dir='ltr'><strong>ἀϐὁᾶν</strong></span> <span class='ocrx_word' id='word_1_657' title='bbox 3902 3708 3911 3719; x_wconf 92' lang='grc'><strong><em>-</em></strong></span> 
     </span>
    </p>
   </div>
   <div class='ocr_carea' id='block_1_91' title="bbox 2251 3772 3812 3841">
    <p class='ocr_par' dir='ltr' id='par_1_91' title="bbox 2251 3772 3812 3841">
     <span class='ocr_line' id='line_1_91' title="bbox 2251 3772 3812 3841; baseline 0.004 -17"><span class='ocrx_word' id='word_1_658' title='bbox 2251 3772 2518 3834; x_wconf 76' lang='grc' dir='ltr'>Ἀλώνιον,</span> <span class='ocrx_word' id='word_1_659' title='bbox 2553 3773 2725 3841; x_wconf 79' lang='grc' dir='ltr'>λέγων</span> <span class='ocrx_word' id='word_1_660' title='bbox 2751 3790 2765 3802; x_wconf 87' lang='grc'><strong>·</strong></span> <span class='ocrx_word' id='word_1_661' title='bbox 2801 3775 2863 3826; x_wconf 86' lang='grc' dir='ltr'>Τί</span> <span class='ocrx_word' id='word_1_662' title='bbox 2913 3776 3060 3828; x_wconf 80' lang='grc' dir='ltr'>ἐστιν</span> <span class='ocrx_word' id='word_1_663' title='bbox 3089 3776 3459 3841; x_wconf 74' lang='grc' dir='ltr'><strong>ὲξουδένωσις;</strong></span> <span class='ocrx_word' id='word_1_664' title='bbox 3497 3778 3604 3830; x_wconf 76' lang='grc' dir='ltr'><strong>Καὶ</strong></span> <span class='ocrx_word' id='word_1_665' title='bbox 3659 3773 3812 3831; x_wconf 84' lang='grc' dir='ltr'>εἶπεν</span> 
     </span>
    </p>
   </div>
   <div class='ocr_carea' id='block_1_92' title="bbox 2239 3861 3808 3939">
    <p class='ocr_par' dir='ltr' id='par_1_92' title="bbox 2239 3861 3808 3939">
     <span class='ocr_line' id='line_1_92' title="bbox 2239 3861 3808 3939; baseline 0.004 -22"><span class='ocrx_word' id='word_1_666' title='bbox 2239 3866 2267 3917; x_wconf 87' lang='lat'><strong>6</strong></span> <span class='ocrx_word' id='word_1_667' title='bbox 2289 3864 2499 3936; x_wconf 82' lang='grc' dir='ltr'>γέρων·</span> <span class='ocrx_word' id='word_1_668' title='bbox 2531 3866 2603 3918; x_wconf 84' lang='grc' dir='ltr'>Τὸ</span> <span class='ocrx_word' id='word_1_669' title='bbox 2629 3861 2766 3920; x_wconf 78' lang='grc' dir='ltr'><strong>εἷναί</strong></span> <span class='ocrx_word' id='word_1_670' title='bbox 2805 3884 2864 3919; x_wconf 89' lang='grc' dir='ltr'><strong>σε</strong></span> <span class='ocrx_word' id='word_1_671' title='bbox 2905 3868 3159 3923; x_wconf 77' lang='grc' dir='ltr'>ὑποκάτω</span> <span class='ocrx_word' id='word_1_672' title='bbox 3193 3869 3300 3922; x_wconf 85' lang='grc' dir='ltr'>τῶν</span> <span class='ocrx_word' id='word_1_673' title='bbox 3343 3869 3571 3939; x_wconf 82' lang='grc' dir='ltr'><strong>ἀλόγων,</strong></span> <span class='ocrx_word' id='word_1_674' title='bbox 3605 3871 3698 3923; x_wconf 71' lang='grc' dir='ltr'>καὶ</span> <span class='ocrx_word' id='word_1_675' title='bbox 3728 3873 3808 3924; x_wconf 78' lang='grc' dir='ltr'><strong>εἰ·</strong></span> 
     </span>
    </p>
   </div>
   <div class='ocr_carea' id='block_1_93' title="bbox 2239 3956 3127 4030">
    <p class='ocr_par' dir='ltr' id='par_1_93' title="bbox 2239 3956 3127 4030">
     <span class='ocr_line' id='line_1_93' title="bbox 2239 3956 3127 4030; baseline 0.008 -22"><span class='ocrx_word' id='word_1_676' title='bbox 2239 3956 2384 4009; x_wconf 84' lang='grc' dir='ltr'>δέναι</span> <span class='ocrx_word' id='word_1_677' title='bbox 2409 3957 2490 4010; x_wconf 81' lang='grc' dir='ltr'>ὅτι</span> <span class='ocrx_word' id='word_1_678' title='bbox 2517 3956 2564 3988; x_wconf 76' lang='grc'><strong>⁷⁸</strong></span> <span class='ocrx_word' id='word_1_679' title='bbox 2589 3958 2931 4030; x_wconf 76' lang='grc' dir='ltr'>ἀκατάκριτά</span> <span class='ocrx_word' id='word_1_680' title='bbox 2969 3963 3127 4016; x_wconf 84' lang='grc' dir='ltr'><strong>εἰσιν.</strong></span> 
     </span>
    </p>
   </div>
   <div class='ocr_carea' id='block_1_94' title="bbox 2313 4044 3812 4123">
    <p class='ocr_par' dir='ltr' id='par_1_94' title="bbox 2313 4044 3812 4123">
     <span class='ocr_line' id='line_1_94' title="bbox 2313 4044 3812 4123; baseline 0.024 -24"><span class='ocrx_word' id='word_1_681' title='bbox 2313 4047 2420 4118; x_wconf 74' lang='grc' dir='ltr'><strong>μβσ.</strong></span> <span class='ocrx_word' id='word_1_682' title='bbox 2451 4044 2585 4102; x_wconf 78' lang='grc' dir='ltr'>Εἷπε</span> <span class='ocrx_word' id='word_1_683' title='bbox 2615 4049 2796 4112; x_wconf 76' lang='grc' dir='ltr'>πάλιν,</span> <span class='ocrx_word' id='word_1_684' title='bbox 2835 4052 2915 4104; x_wconf 84' lang='grc' dir='ltr'><strong>ὅτι</strong></span> <span class='ocrx_word' id='word_1_685' title='bbox 2966 4052 3093 4105; x_wconf 74' lang='grc' dir='ltr'><strong>Ἐὰν</strong></span> <span class='ocrx_word' id='word_1_686' title='bbox 3134 4051 3343 4122; x_wconf 78' lang='grc' dir='ltr'><strong>μνησθῇ</strong></span> <span class='ocrx_word' id='word_1_687' title='bbox 3386 4052 3671 4123; x_wconf 73' lang='grc' dir='ltr'><strong>ἄνθρωπος</strong></span> <span class='ocrx_word' id='word_1_688' title='bbox 3711 4049 3812 4109; x_wconf 63' lang='grc' dir='ltr'><strong>τοῦ</strong></span> 
     </span>
    </p>
   </div>
   <div class='ocr_carea' id='block_1_95' title="bbox 2239 4142 3815 4214">
    <p class='ocr_par' dir='ltr' id='par_1_95' title="bbox 2239 4142 3815 4214">
     <span class='ocr_line' id='line_1_95' title="bbox 2239 4142 3815 4214; baseline 0.003 -22"><span class='ocrx_word' id='word_1_689' title='bbox 2239 4142 2623 4211; x_wconf 79' lang='grc' dir='ltr'><strong>γεγραμμένου</strong></span> <span class='ocrx_word' id='word_1_690' title='bbox 2678 4142 2863 4212; x_wconf 76' lang='grc' dir='ltr'>ῥητοῦ,</span> <span class='ocrx_word' id='word_1_691' title='bbox 2913 4144 2993 4196; x_wconf 87' lang='grc' dir='ltr'>ὃτι</span> <span class='ocrx_word' id='word_1_692' title='bbox 3041 4143 3134 4197; x_wconf 78' lang='grc' dir='ltr'>Ἐκ</span> <span class='ocrx_word' id='word_1_693' title='bbox 3182 4142 3297 4197; x_wconf 78' lang='grc' dir='ltr'><strong>τῶν</strong></span> <span class='ocrx_word' id='word_1_694' title='bbox 3331 4147 3530 4214; x_wconf 72' lang='grc' dir='ltr'><strong>λόγων</strong></span> <span class='ocrx_word' id='word_1_695' title='bbox 3573 4160 3690 4198; x_wconf 85' lang='grc' dir='ltr'><strong>σου</strong></span> <span class='ocrx_word' id='word_1_696' title='bbox 3724 4144 3815 4198; x_wconf 66' lang='grc' dir='ltr'><strong>διο</strong></span> 
     </span>
    </p>
   </div>
   <div class='ocr_carea' id='block_1_96' title="bbox 2241 4230 3810 4303">
    <p class='ocr_par' dir='ltr' id='par_1_96' title="bbox 2241 4230 3810 4303">
     <span class='ocr_line' id='line_1_96' title="bbox 2241 4230 3810 4303; baseline 0.003 -20"><span class='ocrx_word' id='word_1_697' title='bbox 2241 4230 2568 4300; x_wconf 63' lang='lat' dir='ltr'><strong>atauo/Man.</strong></span> <span class='ocrx_word' id='word_1_698' title='bbox 2589 4232 2686 4284; x_wconf 83' lang='grc' dir='ltr'>καὶ</span> <span class='ocrx_word' id='word_1_699' title='bbox 2708 4233 2775 4285; x_wconf 83' lang='grc' dir='ltr'>ἐκ</span> <span class='ocrx_word' id='word_1_700' title='bbox 2797 4231 2914 4284; x_wconf 81' lang='grc' dir='ltr'><strong>τῶν</strong></span> <span class='ocrx_word' id='word_1_701' title='bbox 2935 4235 3130 4303; x_wconf 77' lang='grc' dir='ltr'>λόγων</span> <span class='ocrx_word' id='word_1_702' title='bbox 3151 4249 3267 4286; x_wconf 85' lang='grc' dir='ltr'><strong>σου</strong></span> <span class='ocrx_word' id='word_1_703' title='bbox 3290 4232 3810 4302; x_wconf 72' lang='grc' dir='ltr'>καταδικασθήσῃ,</span> 
     </span>
    </p>
   </div>
   <div class='ocr_carea' id='block_1_97' title="bbox 2241 4323 3044 4395">
    <p class='ocr_par' dir='ltr' id='par_1_97' title="bbox 2241 4323 3044 4395">
     <span class='ocr_line' id='line_1_97' title="bbox 2241 4323 3044 4395; baseline 0.005 -21"><span class='ocrx_word' id='word_1_704' title='bbox 2241 4323 2477 4394; x_wconf 74' lang='grc' dir='ltr'><strong>αἱρεῖται</strong></span> <span class='ocrx_word' id='word_1_705' title='bbox 2519 4323 2716 4393; x_wconf 81' lang='grc' dir='ltr'>μᾶλλον</span> <span class='ocrx_word' id='word_1_706' title='bbox 2736 4324 2794 4376; x_wconf 88' lang='grc' dir='ltr'><strong>τὸ</strong></span> <span class='ocrx_word' id='word_1_707' title='bbox 2819 4327 3044 4395; x_wconf 82' lang='grc' dir='ltr'>σιωπᾷν.</span> 
     </span>
    </p>
   </div>
   <div class='ocr_carea' id='block_1_98' title="bbox 2316 4410 3812 4487">
    <p class='ocr_par' dir='ltr' id='par_1_98' title="bbox 2316 4410 3812 4487">
     <span class='ocr_line' id='line_1_98' title="bbox 2316 4410 3812 4487; baseline 0.003 -22"><span class='ocrx_word' id='word_1_708' title='bbox 2316 4420 2424 4482; x_wconf 83' lang='grc' dir='ltr'><strong>μγ’.</strong></span> <span class='ocrx_word' id='word_1_709' title='bbox 2471 4410 2602 4466; x_wconf 64' lang='lat' dir='ltr'><strong>Eli-cs</strong></span> <span class='ocrx_word' id='word_1_710' title='bbox 2654 4414 2852 4466; x_wconf 68' lang='grc' dir='ltr'>πάλινο</span> <span class='ocrx_word' id='word_1_711' title='bbox 2928 4415 3092 4487; x_wconf 75' lang='grc' dir='ltr'><strong>Ἀρχὴ</strong></span> <span class='ocrx_word' id='word_1_712' title='bbox 3138 4417 3322 4471; x_wconf 82' lang='grc' dir='ltr'>κακῶν</span> <span class='ocrx_word' id='word_1_713' title='bbox 3369 4420 3518 4470; x_wconf 75' lang='grc' dir='ltr'>ἐστιν</span> <span class='ocrx_word' id='word_1_714' title='bbox 3571 4419 3600 4470; x_wconf 84' lang='lat'><strong>6</strong></span> <span class='ocrx_word' id='word_1_715' title='bbox 3650 4432 3812 4486; x_wconf 75' lang='grc' dir='ltr'>περι-</span> 
     </span>
    </p>
   </div>
   <div class='ocr_carea' id='block_1_99' title="bbox 2173 4503 2511 4574">
    <p class='ocr_par' dir='ltr' id='par_1_99' title="bbox 2173 4503 2511 4574">
     <span class='ocr_line' id='line_1_99' title="bbox 2173 4503 2511 4574; baseline -0.009 -15"><span class='ocrx_word' id='word_1_716' title='bbox 2173 4505 2216 4559; x_wconf 90' lang='lat' dir='ltr'><strong>D</strong></span> <span class='ocrx_word' id='word_1_717' title='bbox 2243 4503 2511 4574; x_wconf 84' lang='grc' dir='ltr'><strong>σπασμός.</strong></span> 
     </span>
    </p>
   </div>
   <div class='ocr_carea' id='block_1_100' title="bbox 2314 4591 3810 4670">
    <p class='ocr_par' dir='ltr' id='par_1_100' title="bbox 2314 4591 3810 4670">
     <span class='ocr_line' id='line_1_100' title="bbox 2314 4591 3810 4670; baseline 0.003 -22"><span class='ocrx_word' id='word_1_718' title='bbox 2314 4596 2415 4668; x_wconf 69' lang='grc' dir='ltr'><strong>μδί.</strong></span> <span class='ocrx_word' id='word_1_719' title='bbox 2445 4591 2577 4648; x_wconf 68' lang='lat' dir='ltr'><strong>Eine</strong></span> <span class='ocrx_word' id='word_1_720' title='bbox 2614 4596 2790 4660; x_wconf 83' lang='grc' dir='ltr'>πάλιν,</span> <span class='ocrx_word' id='word_1_721' title='bbox 2823 4597 2904 4649; x_wconf 85' lang='grc' dir='ltr'>ὅτι</span> <span class='ocrx_word' id='word_1_722' title='bbox 2935 4599 2962 4650; x_wconf 88' lang='lat'><strong>6</strong></span> <span class='ocrx_word' id='word_1_723' title='bbox 2983 4596 3157 4661; x_wconf 76' lang='grc' dir='ltr'><strong>ἀϐὃᾶς</strong></span> <span class='ocrx_word' id='word_1_724' title='bbox 3204 4599 3473 4670; x_wconf 73' lang='grc' dir='ltr'><strong>Ἰσίδωρος</strong></span> <span class='ocrx_word' id='word_1_725' title='bbox 3504 4603 3532 4653; x_wconf 92' lang='lat'><strong>6</strong></span> <span class='ocrx_word' id='word_1_726' title='bbox 3565 4600 3810 4668; x_wconf 76' lang='grc' dir='ltr'><strong>πρεσϐύ-</strong></span> 
     </span>
    </p>
   </div>
   <div class='ocr_carea' id='block_1_101' title="bbox 2238 4689 3807 4763">
    <p class='ocr_par' dir='ltr' id='par_1_101' title="bbox 2238 4689 3807 4763">
     <span class='ocr_line' id='line_1_101' title="bbox 2238 4689 3807 4763; baseline 0.002 -20"><span class='ocrx_word' id='word_1_727' title='bbox 2238 4707 2391 4762; x_wconf 84' lang='grc' dir='ltr'>τερος</span> <span class='ocrx_word' id='word_1_728' title='bbox 2421 4689 2520 4759; x_wconf 81' lang='grc' dir='ltr'><strong>τῆς</strong></span> <span class='ocrx_word' id='word_1_729' title='bbox 2558 4689 2808 4761; x_wconf 85' lang='grc' dir='ltr'>Σκήτεως</span> <span class='ocrx_word' id='word_1_730' title='bbox 2852 4689 3078 4759; x_wconf 77' lang='grc' dir='ltr'>ὲλάλησέ</span> <span class='ocrx_word' id='word_1_731' title='bbox 3119 4708 3246 4745; x_wconf 88' lang='grc' dir='ltr'>ποτε</span> <span class='ocrx_word' id='word_1_732' title='bbox 3307 4691 3384 4763; x_wconf 81' lang='grc' dir='ltr'><strong>τῷ</strong></span> <span class='ocrx_word' id='word_1_733' title='bbox 3415 4692 3548 4763; x_wconf 81' lang='grc' dir='ltr'>λαῷ,</span> <span class='ocrx_word' id='word_1_734' title='bbox 3597 4693 3807 4761; x_wconf 81' lang='grc' dir='ltr'>λέγων’</span> 
     </span>
    </p>
   </div>
   <div class='ocr_carea' id='block_1_102' title="bbox 2250 4781 3812 4855">
    <p class='ocr_par' dir='ltr' id='par_1_102' title="bbox 2250 4781 3812 4855">
     <span class='ocr_line' id='line_1_102' title="bbox 2250 4781 3812 4855; baseline 0.001 -20"><span class='ocrx_word' id='word_1_735' title='bbox 2250 4782 2513 4851; x_wconf 76' lang='grc' dir='ltr'>Ἀδελφοὶ,</span> <span class='ocrx_word' id='word_1_736' title='bbox 2553 4782 2672 4852; x_wconf 73' lang='grc' dir='ltr'>οὐχὶ</span> <span class='ocrx_word' id='word_1_737' title='bbox 2700 4781 2883 4834; x_wconf 77' lang='grc' dir='ltr'>ἕνεκεν</span> <span class='ocrx_word' id='word_1_738' title='bbox 2927 4783 3096 4836; x_wconf 72' lang='grc' dir='ltr'>κόπου</span> <span class='ocrx_word' id='word_1_739' title='bbox 3135 4785 3366 4855; x_wconf 73' lang='grc' dir='ltr'>ἤλθομεν</span> <span class='ocrx_word' id='word_1_740' title='bbox 3411 4785 3492 4847; x_wconf 75' lang='grc' dir='ltr'><strong>εἰς</strong></span> <span class='ocrx_word' id='word_1_741' title='bbox 3520 4785 3612 4837; x_wconf 80' lang='grc' dir='ltr'>τὸν</span> <span class='ocrx_word' id='word_1_742' title='bbox 3644 4786 3812 4837; x_wconf 79' lang='grc' dir='ltr'>τόπον</span> 
     </span>
    </p>
   </div>
   <div class='ocr_carea' id='block_1_103' title="bbox 2243 4872 3812 4948">
    <p class='ocr_par' dir='ltr' id='par_1_103' title="bbox 2243 4872 3812 4948">
     <span class='ocr_line' id='line_1_103' title="bbox 2243 4872 3812 4948; baseline 0.003 -22"><span class='ocrx_word' id='word_1_743' title='bbox 2243 4874 2459 4940; x_wconf 77' lang='grc' dir='ltr'>τοῦτονς</span> <span class='ocrx_word' id='word_1_744' title='bbox 2508 4875 2616 4928; x_wconf 82' lang='grc' dir='ltr'><strong>Καὶ</strong></span> <span class='ocrx_word' id='word_1_745' title='bbox 2663 4872 2758 4927; x_wconf 81' lang='grc' dir='ltr'><strong>νῦν</strong></span> <span class='ocrx_word' id='word_1_746' title='bbox 2827 4875 2925 4930; x_wconf 80' lang='grc' dir='ltr'><strong>οὐκ</strong></span> <span class='ocrx_word' id='word_1_747' title='bbox 2973 4876 3054 4929; x_wconf 80' lang='grc' dir='ltr'>ἔτι</span> <span class='ocrx_word' id='word_1_748' title='bbox 3097 4876 3206 4948; x_wconf 80' lang='grc' dir='ltr'><strong>ἔχει</strong></span> <span class='ocrx_word' id='word_1_749' title='bbox 3261 4876 3446 4931; x_wconf 87' lang='grc' dir='ltr'>κόπον.</span> <span class='ocrx_word' id='word_1_750' title='bbox 3514 4876 3656 4945; x_wconf 86' lang='grc' dir='ltr'>Ἐγὼ</span> <span class='ocrx_word' id='word_1_751' title='bbox 3715 4873 3812 4930; x_wconf 75' lang='grc' dir='ltr'><strong>οὖν</strong></span> 
     </span>
    </p>
   </div>
   <div class='ocr_carea' id='block_1_104' title="bbox 2246 4966 3812 5039">
    <p class='ocr_par' dir='ltr' id='par_1_104' title="bbox 2246 4966 3812 5039">
     <span class='ocr_line' id='line_1_104' title="bbox 2246 4966 3812 5039; baseline 0.003 -22"><span class='ocrx_word' id='word_1_752' title='bbox 2246 4966 2514 5028; x_wconf 81' lang='grc' dir='ltr'>σκευάσας</span> <span class='ocrx_word' id='word_1_753' title='bbox 2541 4966 2639 5036; x_wconf 82' lang='grc' dir='ltr'><strong>τὴν</strong></span> <span class='ocrx_word' id='word_1_754' title='bbox 2665 4966 2920 5038; x_wconf 83' lang='grc' dir='ltr'><strong>μηλωτήν</strong></span> <span class='ocrx_word' id='word_1_755' title='bbox 2945 4984 3046 5037; x_wconf 82' lang='grc' dir='ltr'><strong>μου</strong></span> <span class='ocrx_word' id='word_1_756' title='bbox 3095 4968 3401 5039; x_wconf 81' lang='grc' dir='ltr'><strong>ἀπέρχομαι</strong></span> <span class='ocrx_word' id='word_1_757' title='bbox 3422 4969 3555 5021; x_wconf 81' lang='grc' dir='ltr'>ὅπου</span> <span class='ocrx_word' id='word_1_758' title='bbox 3573 4968 3692 5021; x_wconf 77' lang='grc' dir='ltr'><strong>ἐστὶ</strong></span> <span class='ocrx_word' id='word_1_759' title='bbox 3714 4969 3812 5020; x_wconf 75' lang='lat' dir='ltr'><strong>x6-</strong></span> 
     </span>
    </p>
   </div>
   <div class='ocr_carea' id='block_1_105' title="bbox 2245 5059 3238 5126">
    <p class='ocr_par' dir='ltr' id='par_1_105' title="bbox 2245 5059 3238 5126">
     <span class='ocr_line' id='line_1_105' title="bbox 2245 5059 3238 5126; baseline 0.002 -16"><span class='ocrx_word' id='word_1_760' title='bbox 2245 5075 2365 5122; x_wconf 86' lang='grc' dir='ltr'>πος,</span> <span class='ocrx_word' id='word_1_761' title='bbox 2390 5059 2484 5112; x_wconf 71' lang='grc' dir='ltr'><strong>καὶ</strong></span> <span class='ocrx_word' id='word_1_762' title='bbox 2508 5061 2624 5112; x_wconf 75' lang='grc' dir='ltr'>ἐκεῖ</span> <span class='ocrx_word' id='word_1_763' title='bbox 2654 5059 2891 5126; x_wconf 81' lang='grc' dir='ltr'>εὑρίσκω</span> <span class='ocrx_word' id='word_1_764' title='bbox 2918 5059 3238 5114; x_wconf 80' lang='grc' dir='ltr'>ἀνάπαυσιν.</span> 
     </span>
    </p>
   </div>
   <div class='ocr_carea' id='block_1_106' title="bbox 2317 5204 3810 5283">
    <p class='ocr_par' dir='ltr' id='par_1_106' title="bbox 2317 5204 3810 5283">
     <span class='ocr_line' id='line_1_106' title="bbox 2317 5204 3810 5283; baseline 0.002 -22"><span class='ocrx_word' id='word_1_765' title='bbox 2317 5215 2419 5279; x_wconf 83' lang='grc' dir='ltr'><strong>με’.</strong></span> <span class='ocrx_word' id='word_1_766' title='bbox 2477 5207 2725 5277; x_wconf 80' lang='grc' dir='ltr'>’Δδελφδς</span> <span class='ocrx_word' id='word_1_767' title='bbox 2763 5204 2885 5263; x_wconf 82' lang='grc' dir='ltr'>εἷπε</span> <span class='ocrx_word' id='word_1_768' title='bbox 2917 5208 2993 5282; x_wconf 82' lang='grc' dir='ltr'>τῷ</span> <span class='ocrx_word' id='word_1_769' title='bbox 3033 5209 3177 5282; x_wconf 75' lang='grc' dir='ltr'><strong>ἀσὸᾷ</strong></span> <span class='ocrx_word' id='word_1_770' title='bbox 3206 5210 3466 5283; x_wconf 74' lang='grc' dir='ltr'>Ποιμένιο</span> <span class='ocrx_word' id='word_1_771' title='bbox 3517 5209 3645 5266; x_wconf 78' lang='grc' dir='ltr'><strong>Ἐὰν</strong></span> <span class='ocrx_word' id='word_1_772' title='bbox 3680 5208 3810 5264; x_wconf 74' lang='grc' dir='ltr'><strong>Θεά-</strong></span> 
     </span>
    </p>
   </div>
   <div class='ocr_carea' id='block_1_107' title="bbox 680 5309 2137 5418">
    <p class='ocr_par' dir='ltr' id='par_1_107' title="bbox 680 5309 2136 5418">
     <span class='ocr_line' id='line_1_107' title="bbox 680 5309 2136 5418; baseline 0.005 -23"><span class='ocrx_word' id='word_1_773' title='bbox 680 5345 724 5374; x_wconf 81' lang='lat'>&quot;</span> <span class='ocrx_word' id='word_1_774' title='bbox 755 5344 773 5396; x_wconf 88' lang='lat' dir='ltr'><strong>l</strong></span> <span class='ocrx_word' id='word_1_775' title='bbox 805 5343 997 5401; x_wconf 84' lang='lat' dir='ltr'><strong>Thess.</strong></span> <span class='ocrx_word' id='word_1_776' title='bbox 1028 5347 1196 5413; x_wconf 77' lang='grc' dir='ltr'><strong>ν,15;</strong></span> <span class='ocrx_word' id='word_1_777' title='bbox 1230 5347 1419 5405; x_wconf 87' lang='lat' dir='ltr'><strong>lPetr.</strong></span> <span class='ocrx_word' id='word_1_778' title='bbox 1461 5365 1542 5418; x_wconf 89' lang='lat' dir='ltr'><strong>ut,</strong></span> <span class='ocrx_word' id='word_1_779' title='bbox 1573 5349 1624 5405; x_wconf 89' lang='lat'><strong>9.</strong></span> <span class='ocrx_word' id='word_1_780' title='bbox 1705 5309 1765 5383; x_wconf 22' lang='lat' dir='ltr'><strong>&quot;l</strong></span> <span class='ocrx_word' id='word_1_781' title='bbox 1797 5347 1986 5405; x_wconf 68' lang='lat' dir='ltr'><strong>Matth.</strong></span> <span class='ocrx_word' id='word_1_782' title='bbox 2038 5362 2136 5416; x_wconf 88' lang='lat' dir='ltr'><strong>xtt,</strong></span> 
     </span>
    </p>
   </div>
   <div class='ocr_carea' id='block_1_108' title="bbox 2245 5309 2962 5418">
    <p class='ocr_par' dir='ltr' id='par_1_108' title="bbox 2245 5346 2962 5403">
     <span class='ocr_line' id='line_1_108' title="bbox 2245 5346 2962 5403; baseline 0.001 -2"><span class='ocrx_word' id='word_1_783' title='bbox 2245 5348 2272 5401; x_wconf 86' lang='lat'><strong>&#39;.</strong></span> <span class='ocrx_word' id='word_1_784' title='bbox 2345 5347 2394 5380; x_wconf 82' lang='lat'><strong>&quot;</strong></span> <span class='ocrx_word' id='word_1_785' title='bbox 2421 5346 2508 5401; x_wconf 85' lang='lat' dir='ltr'><strong>Al.</strong></span> <span class='ocrx_word' id='word_1_786' title='bbox 2537 5347 2706 5403; x_wconf 87' lang='lat' dir='ltr'><strong>inser.</strong></span> <span class='ocrx_word' id='word_1_787' title='bbox 2760 5351 2962 5403; x_wconf 71' lang='grc' dir='ltr'>ἐκεῖνα.</span> 
     </span>
    </p>
   </div>
   <div class='ocr_carea' id='block_1_109' title="bbox 673 5501 1356 5570">
    <p class='ocr_par' dir='ltr' id='par_1_109' title="bbox 673 5501 1356 5570">
     <span class='ocr_line' id='line_1_109' title="bbox 673 5501 1356 5570; baseline 0.007 -15"><span class='ocrx_word' id='word_1_788' title='bbox 673 5503 725 5570; x_wconf 87' lang='lat'><strong>7)</strong></span> <span class='ocrx_word' id='word_1_789' title='bbox 765 5501 870 5556; x_wconf 84' lang='lat' dir='ltr'><strong>Vit.</strong></span> <span class='ocrx_word' id='word_1_790' title='bbox 903 5504 1050 5560; x_wconf 85' lang='lat' dir='ltr'><strong>Patr.</strong></span> <span class='ocrx_word' id='word_1_791' title='bbox 1081 5521 1233 5568; x_wconf 84' lang='lat' dir='ltr'><strong>xvtu,</strong></span> <span class='ocrx_word' id='word_1_792' title='bbox 1270 5505 1356 5560; x_wconf 82' lang='grc'><strong>18.</strong></span> 
     </span>
    </p>
   </div>
   <div class='ocr_carea' id='block_1_110' title="bbox 669 5573 1246 5666">
    <p class='ocr_par' dir='ltr' id='par_1_110' title="bbox 669 5573 1246 5666">
     <span class='ocr_line' id='line_1_110' title="bbox 669 5573 1246 5666; baseline -0.007 0"><span class='ocrx_word' id='word_1_793' title='bbox 669 5573 728 5666; x_wconf 63' lang='grc' dir='ltr'>ξι</span> <span class='ocrx_word' id='word_1_794' title='bbox 763 5573 871 5666; x_wconf 58' lang='lat' dir='ltr'><strong>te</strong></span> <span class='ocrx_word' id='word_1_795' title='bbox 905 5573 1056 5666; x_wconf 65' lang='grc' dir='ltr'><strong>,ιῖαετ-</strong></span> <span class='ocrx_word' id='word_1_796' title='bbox 1091 5591 1127 5639; x_wconf 71' lang='grc' dir='ltr'><strong>ιι</strong></span> <span class='ocrx_word' id='word_1_797' title='bbox 1163 5575 1246 5662; x_wconf 64' lang='lat' dir='ltr'><strong>e-</strong></span> 
     </span>
    </p>
   </div>
   <div class='ocr_carea' id='block_1_111' title="bbox 645 5643 1292 5852">
    <p class='ocr_par' dir='ltr' id='par_1_111' title="bbox 645 5643 1292 5852">
     <span class='ocr_line' id='line_1_111' title="bbox 645 5643 1292 5852; baseline 0.005 -86"><span class='ocrx_word' id='word_1_798' title='bbox 645 5643 1292 5852; x_wconf 51' lang='grc' dir='ltr'><strong>ξὲἇβθξλῗιῗέῧῗέιιῗόῖ</strong></span> 
     </span>
     <span class='ocr_line' id='line_1_112' title="bbox 674 5783 1292 5852; baseline -0.002 -13"><span class='ocrx_word' id='word_1_799' title='bbox 674 5783 760 5852; x_wconf 75' lang='grc' dir='ltr'><strong>Η)</strong></span> <span class='ocrx_word' id='word_1_800' title='bbox 797 5783 892 5839; x_wconf 84' lang='lat' dir='ltr'><strong>Vu.</strong></span> <span class='ocrx_word' id='word_1_801' title='bbox 927 5784 1082 5840; x_wconf 82' lang='lat' dir='ltr'><strong>Patr.</strong></span> <span class='ocrx_word' id='word_1_802' title='bbox 1101 5799 1183 5852; x_wconf 86' lang='grc' dir='ltr'>ιιι,</span> <span class='ocrx_word' id='word_1_803' title='bbox 1215 5783 1292 5838; x_wconf 67' lang='lat'><strong>13.</strong></span> 
     </span>
    </p>
   </div>
   <div class='ocr_carea' id='block_1_112' title="bbox 674 5783 1302 5853">
    <p class='ocr_par' dir='ltr' id='par_1_112' title="bbox 674 5783 1302 5853">
     <span class='ocr_line' id='line_1_113' title="bbox 674 5783 1302 5853; baseline -0.002 -14"><span class='ocrx_word' id='word_1_804' title='bbox 674 5783 760 5853; x_wconf 75' lang='grc' dir='ltr'><strong>Η)</strong></span> <span class='ocrx_word' id='word_1_805' title='bbox 797 5783 892 5839; x_wconf 81' lang='lat' dir='ltr'><strong>Vit.</strong></span> <span class='ocrx_word' id='word_1_806' title='bbox 927 5784 1082 5840; x_wconf 82' lang='lat' dir='ltr'><strong>Patr.</strong></span> <span class='ocrx_word' id='word_1_807' title='bbox 1101 5799 1183 5852; x_wconf 86' lang='grc' dir='ltr'>ιιι,</span> <span class='ocrx_word' id='word_1_808' title='bbox 1215 5783 1302 5838; x_wconf 67' lang='lat'><strong>13.</strong></span> 
     </span>
    </p>
   </div>
   <div class='ocr_carea' id='block_1_113' title="bbox 2317 5498 2964 5572">
    <p class='ocr_par' dir='ltr' id='par_1_113' title="bbox 2317 5498 2964 5572">
     <span class='ocr_line' id='line_1_114' title="bbox 2317 5498 2964 5572; baseline -0.002 -17"><span class='ocrx_word' id='word_1_809' title='bbox 2317 5499 2432 5572; x_wconf 61' lang='grc' dir='ltr'><strong>(ιε)</strong></span> <span class='ocrx_word' id='word_1_810' title='bbox 2477 5499 2519 5572; x_wconf 67' lang='lat' dir='ltr'><strong>y</strong></span> <span class='ocrx_word' id='word_1_811' title='bbox 2544 5509 2582 5554; x_wconf 86' lang='grc' dir='ltr'><strong>ι.</strong></span> <span class='ocrx_word' id='word_1_812' title='bbox 2608 5499 2764 5572; x_wconf 64' lang='grc' dir='ltr'><strong>ρεπεν.</strong></span> <span class='ocrx_word' id='word_1_813' title='bbox 2789 5517 2844 5566; x_wconf 75' lang='grc' dir='ltr'><strong>ι,</strong></span> <span class='ocrx_word' id='word_1_814' title='bbox 2875 5498 2964 5572; x_wconf 73' lang='lat'><strong>57.</strong></span> 
     </span>
    </p>
   </div>
   <div class='ocr_carea' id='block_1_114' title="bbox 2344 5569 3001 5633">
    <p class='ocr_par' dir='ltr' id='par_1_114' title="bbox 2344 5569 3001 5633">
     <span class='ocr_line' id='line_1_115' title="bbox 2344 5569 3001 5633; baseline 0.002 -9"><span class='ocrx_word' id='word_1_815' title='bbox 2344 5569 2430 5633; x_wconf 73' lang='grc'><strong>15)</strong></span> <span class='ocrx_word' id='word_1_816' title='bbox 2479 5569 2579 5625; x_wconf 80' lang='lat' dir='ltr'><strong>Vit.</strong></span> <span class='ocrx_word' id='word_1_817' title='bbox 2609 5570 2762 5624; x_wconf 87' lang='lat' dir='ltr'><strong>Patr.</strong></span> <span class='ocrx_word' id='word_1_818' title='bbox 2795 5587 2883 5633; x_wconf 91' lang='lat' dir='ltr'><strong>xv,</strong></span> <span class='ocrx_word' id='word_1_819' title='bbox 2913 5569 3001 5625; x_wconf 82' lang='lat'><strong>36.</strong></span> 
     </span>
    </p>
   </div>
   <div class='ocr_carea' id='block_1_115' title="bbox 2343 5639 2989 5706">
    <p class='ocr_par' dir='ltr' id='par_1_115' title="bbox 2343 5639 2989 5706">
     <span class='ocr_line' id='line_1_116' title="bbox 2343 5639 2989 5706; baseline 0.005 -13"><span class='ocrx_word' id='word_1_820' title='bbox 2343 5639 2430 5706; x_wconf 72' lang='grc'><strong>14)</strong></span> <span class='ocrx_word' id='word_1_821' title='bbox 2473 5640 2575 5696; x_wconf 78' lang='lat' dir='ltr'><strong>Vit.</strong></span> <span class='ocrx_word' id='word_1_822' title='bbox 2609 5639 2765 5696; x_wconf 82' lang='lat' dir='ltr'><strong>Patr.</strong></span> <span class='ocrx_word' id='word_1_823' title='bbox 2797 5657 2871 5706; x_wconf 71' lang='grc' dir='ltr'>ιιι,</span> <span class='ocrx_word' id='word_1_824' title='bbox 2902 5641 2989 5696; x_wconf 70' lang='grc'><strong>12.</strong></span> 
     </span>
    </p>
   </div>
   <div class='ocr_carea' id='block_1_116' title="bbox 2343 5710 3019 5772">
    <p class='ocr_par' dir='ltr' id='par_1_116' title="bbox 2343 5710 3019 5772">
     <span class='ocr_line' id='line_1_117' title="bbox 2343 5710 3019 5772; baseline 0.006 -8"><span class='ocrx_word' id='word_1_825' title='bbox 2343 5710 2432 5772; x_wconf 75' lang='grc'><strong>15)</strong></span> <span class='ocrx_word' id='word_1_826' title='bbox 2473 5711 2578 5767; x_wconf 82' lang='lat' dir='ltr'><strong>Vit.</strong></span> <span class='ocrx_word' id='word_1_827' title='bbox 2613 5713 2767 5764; x_wconf 82' lang='lat' dir='ltr'><strong>Patr.</strong></span> <span class='ocrx_word' id='word_1_828' title='bbox 2794 5727 2891 5772; x_wconf 83' lang='lat' dir='ltr'><strong>vn.</strong></span> <span class='ocrx_word' id='word_1_829' title='bbox 2931 5711 3019 5768; x_wconf 70' lang='grc'><strong>14.</strong></span> 
     </span>
    </p>
   </div>
   <div class='ocr_carea' id='block_1_117' title="bbox 2346 5779 2961 5848">
    <p class='ocr_par' dir='ltr' id='par_1_117' title="bbox 2346 5779 2961 5848">
     <span class='ocr_line' id='line_1_118' title="bbox 2346 5779 2961 5848; baseline 0 -9"><span class='ocrx_word' id='word_1_830' title='bbox 2346 5779 2434 5848; x_wconf 76' lang='grc' dir='ltr'><strong>ιθ)</strong></span> <span class='ocrx_word' id='word_1_831' title='bbox 2470 5781 2576 5838; x_wconf 76' lang='grc' dir='ltr'>νει.</span> <span class='ocrx_word' id='word_1_832' title='bbox 2605 5779 2760 5839; x_wconf 80' lang='lat' dir='ltr'><strong>Patr.</strong></span> <span class='ocrx_word' id='word_1_833' title='bbox 2789 5797 2845 5848; x_wconf 75' lang='grc' dir='ltr'><strong>ι,</strong></span> <span class='ocrx_word' id='word_1_834' title='bbox 2869 5781 2961 5840; x_wconf 76' lang='lat'><strong>58.</strong></span> 
     </span>
    </p>
   </div>
   <div class='ocr_carea' id='block_1_118' title="bbox 2411 5510 2434 5856">
    <p class='ocr_par' dir='ltr' id='par_1_118' title="bbox 2411 5510 2434 5856">
     <span class='ocr_line' id='line_1_119' title="bbox 2411 5510 2434 5856; baseline 0 -31"><span class='ocrx_word' id='word_1_835' title='bbox 2411 5510 2434 5856; x_wconf 61' lang='grc' dir='ltr'><em>ἱ</em></span> 
     </span>
    </p>
   </div>
  </div>
