3994 6336
590 369 709 428 355

1774 354 2117 413 APPENDIX
2154 354 2245 410 AD
2279 353 2703 412 PALLADIUM.

3722 354 3826 412 356

588 496 793 539 ‘murus
829 488 913 533 ρει
963 492 1146 532 mneus
1202 476 1343 532 inter
1377 475 1552 547 ipsum
1613 491 1676 529 ac
1714 473 1911 537 Deum,
1953 488 2164 528 necnon

2281 474 2486 544 iptimou
2524 473 2702 545 τεῖχός
2730 473 2843 525 ἐστι
2872 474 3105 543 χαλκοῦν
3133 473 3403 544 ἀναμέσον
3429 471 3592 526 αύτοῦ
3625 472 3717 525 καὶ
3736 471 3827 527 τοῦ

603 584 753 647 petra
786 572 1169 645 repercutiens.
1198 569 1337 624 Cum
1367 570 1532 637 igitur
1578 582 1696 622 eam
1764 568 1928 620 homo
1963 565 2158 621 dereli-

604 669 809 738 querit,
843 667 962 736 ipse
1025 664 1187 718 etiam
1240 662 1419 717 dicet:
1468 660 1533 714 In
1584 661 1688 714 Deo
1723 676 1834 713 meo
1899 669 2162 728 transgreo

604 761 735 815 ἄξαι·
805 773 1011 812 murum
1033 756 1101 809 ⁸ο.
1180 755 1368 827 Itaque
1445 756 1492 811 si
1566 754 1780 824 justitia
1845 755 2162 808 convenerit

607 865 730 904 cum
764 849 1064 909 voluntate,
1096 845 1304 900 laborat
1329 845 1514 899 homo.

675 943 765 998 55.
802 942 912 1013 (26)
946 939 1158 995 Relatio
1184 936 1468 1006 ejusdem:
1513 932 1840 989 Sedentibus
1870 931 2163 1002 aliquando

604 1034 833 1089 senibus
863 1041 915 1086 et
943 1028 1419 1087 manducantibus,
1451 1025 1631 1081 stabat
1683 1023 1750 1079 ad
1796 1023 2160 1079 ministerium

604 1128 773 1181 abbas
836 1122 1097 1184 Alonius,
1156 1134 1317 1190 quem
1368 1116 1614 1171 videntes
1652 1115 2027 1170 landaverunt.
2072 1114 2164 1168 l'le

608 1233 733 1273 vero
758 1215 892 1270 nihil
924 1215 1141 1285 penitus
1168 1210 1463 1282 respondit.
1498 1208 1666 1278 Igitur
1690 1207 1990 1262 nonnullus
2019 1220 2165 1262 seor-

606 1325 726 1365 sum
760 1307 898 1363 dixit
923 1307 973 1362 ei
1003 1324 1016 1359 :
1048 1305 1230 1371 Quare
1263 1318 1369 1356 non
1422 1299 1754 1371 respondisti
1796 1299 2024 1354 senibus
2070 1297 2163 1368 qui

605 1411 659 1458 te
688 1399 1022 1456 laudabant?
1056 1396 1281 1468 Excepit
1309 1396 1480 1451 abbas
1530 1393 1763 1448 Alonius
1794 1408 1808 1446 :
1868 1389 1926 1446 Si
1959 1390 2037 1446 eis
2067 1388 2164 1445 de-

602 1495 808 1557 dissem
840 1506 1185 1562 responsum,
1220 1490 1374 1544 visus
1409 1500 1587 1542 essem
1628 1484 1819 1540 laudes
1853 1484 2160 1539 admittere.

673 1585 762 1642 56.
800 1584 913 1656 (25)
945 1582 1089 1637 Dixit
1115 1582 1308 1636 iterum
1336 1599 1350 1634 :
1388 1578 1649 1633 Homines
1678 1576 1903 1648 perfecti
1951 1582 2079 1631 sunt
2109 1575 2164 1628 in

603 1676 839 1748 loquela,
867 1674 1080 1728 minimi
1115 1673 1175 1727 in
1208 1670 1547 1742 operatione.

673 1767 763 1823 57.
798 1766 910 1836 (26)
942 1765 1125 1821 Abbas
1151 1761 1375 1819 Ptemen
1415 1761 1585 1816 dixit:
1624 1759 1778 1814 Sicut
1830 1756 2015 1813 fumus
2060 1771 2162 1812 ex-

602 1856 754 1928 pellit
785 1870 937 1926 apes.
968 1862 1208 1923 tuncque
1229 1850 1431 1922 opiﬁcii
1459 1865 1645 1905 earum
1669 1848 1877 1903 tollitur
1898 1846 2164 1902 dulcedo:

2267 565 2425 631 Θεοῦ,
2456 565 2549 620 καὶ
2597 564 2770 635 πέτρα
2816 564 3182 635 ἀντιδέρουσα.
3227 564 3351 617 Ἐὰν
3398 558 3488 616 οὖν
3534 562 3828 635 καταλείψει

2268 658 2398 710 αὐτὸ
2440 656 2737 727 ἄνθρωπος,
2780 655 2923 724 λέγει
2967 657 3061 709 καὶ
3096 657 3278 720 αὐτὸς,
3311 657 3412 710 Ἑν
3446 654 3525 721 τῷ
3565 654 3686 721 Θεῷ
3708 671 3829 723 μου

2268 748 2677 817 ὑπερϐήσομαι
2703 747 2918 817 τεῖχος.
2957 748 3084 801 Ἐὰν
3106 742 3198 802 οὖν
3222 748 3282 800 τὸ
3304 748 3572 819 δικαίωμα
3604 747 3828 823 συνέλθῃ

2269 840 2345 911 τῷ
2373 841 2655 912 θελήματι,
2691 840 2887 912 κάμνει
2907 842 2936 893 6
2956 839 3261 911 ἄνθρωπος.

2340 930 2431 984 νε⁹.
2472 926 2609 985 Εἷπε
2640 931 2822 995 πάλιν,
2851 931 2933 985 ὅτι
2970 914 3364 1000 Καθεζομένων
3393 929 3521 982 ποτέ
3566 931 3831 1002 γερόντων

2271 1023 2364 1078 καὶ
2388 1022 2696 1085 ἐσθιόντων,
2730 1023 2914 1077 ἵστατο
2961 1022 3246 1095 ὑπηρετῶν
3265 1024 3293 1074 6
3322 1022 3494 1086 ἁϐϐἄς
3537 1021 3784 1088 ’Δλώνιος
3812 1038 3829 1052 ·

2271 1114 2365 1168 καὶ
2419 1113 2615 1178 ἰδόντες
2656 1113 2818 1168 αὑτὸν
2860 1113 3154 1186 ἐπῄνεσαν.
3188 1114 3246 1168 '0
3277 1113 3334 1167 δέ
3386 1113 3448 1166 τὸ
3493 1113 3707 1167 σύνολον
3734 1113 3835 1168 οὐκ

2270 1205 2563 1277 ἀπεκρίθη.
2595 1206 2758 1275 Λέγει
2806 1200 2898 1259 οὖν
2927 1205 3074 1277 αύτῷ
3103 1223 3186 1269 τις
3215 1205 3336 1259 κατ’
3360 1205 3495 1259 ίδίαν
3518 1222 3532 1234 ·
3554 1204 3704 1261 Atat!
3733 1206 3836 1260 οὐκ

2269 1295 2573 1368 ἀπεκρίθης
2599 1298 2711 1360 τοῖς
2734 1296 2986 1368 γέρουσιν
3020 1294 3297 1350 ἐπαινοῦσι
3325 1312 3384 1348 σε
3407 1312 3422 1361 ;
3448 1294 3609 1363 Λέγει
3636 1294 3782 1366 αὐτῷ
3803 1295 3834 1347 6

2270 1387 2442 1452 ἁϐὅᾶς
2485 1386 2768 1451 Ἀλώνιος’
2797 1389 2860 1441 Ei
2881 1388 3183 1460 ἀπεκρίθην
3216 1388 3416 1454 αὐτοῖς,
3448 1387 3832 1459 εὐρίσκομαιυ

2269 1479 2343 1542 ὡς
2375 1478 2804 1551 καταδεξάμενος
2838 1481 2928 1534 τὸν
2950 1480 3189 1534 ἔπαινον.

2339 1576 2450 1635 νς’.
2490 1566 2624 1624 Eine
2645 1571 2824 1636 πάλιν,
2847 1572 2927 1625 ὅτι
2958 1573 3020 1625 Οἱ
3045 1571 3317 1643 ἄνθρωποι
3336 1572 3393 1624 ἐν
3427 1570 3515 1643 τῷ
3531 1570 3722 1647 τελείῳ
3739 1570 3838 1625 λα-

2271 1661 2442 1728 λοῦσι,
2475 1662 2569 1715 καὶ
2589 1663 2647 1715 ἐν
2671 1660 2748 1734 τῷ
2771 1662 3033 1733 ἐλαχίστῳ
3058 1660 3396 1735 ἐργάζονται.
3660 1726 3673 1739 θ

2340 1752 2439 1817 vC'.
2478 1750 2643 1808 Εἶπεν
2674 1755 2703 1807 6
2731 1753 2903 1819 6:666;
2939 1752 3168 1829 Ποιμῂν,
3197 1756 3279 1809 ὃτι
3314 1755 3521 1828 ’Ὠσπερ
3557 1756 3609 1831 ὁ.
3630 1752 3835 1818 καπνὸς

2265 1845 2514 1901 ἐκδιώκει
2551 1847 2649 1911 τὰς
2674 1847 2968 1919 μελίσσας,
2999 1849 3093 1902 καὶ
3124 1848 3244 1903 τότε
3284 1848 3494 1920 αἴρεται
3535 1848 3637 1920 τῆς
3667 1849 3834 1919 ἐργα-

604 1919 681 2002 ita
702 1954 761 2002 et
789 1919 1095 2017 corporalis
1117 1919 1282 2014 quies
1297 1942 1548 1996 timorem
1581 1939 1671 1995 Dei
1699 1939 1847 2009 ejicit
1871 1954 1938 1995 ex
1958 1938 2163 2003 anima,

2281 1937 2390 2001 ria;
2409 1938 2587 1992 αὐτῶν
2616 1940 2648 2010 ἡ
2680 1938 2952 2010 γλυκύτης
2978 1956 2991 1971 ο
3027 1938 3196 2003 οὕτως
3222 1940 3316 1994 καὶ
3410 1941 3692 2019 σωματικὴ
3706 1938 3836 1992 ἀνά-

598 2048 967 2108 cunctamque
1005 2037 1128 2108 ejus
1161 2035 1532 2105 operationem
1566 2032 1836 2088 dissolvit.
1905 2080 1913 2089 .

555 2223 568 2237 '
678 2213 766 2269 58.
814 2212 928 2281 (27)
981 2209 1171 2266 Frater
1232 2204 1489 2262 convenit
1551 2203 1801 2260 abbatem
1855 2200 2166 2256 Ptemenem

602 2305 847 2364 secunda
894 2300 1338 2373 Quadragesimaa
1389 2295 1767 2362 hebdomade;
1803 2288 2038 2364 cuinqoe
2075 2293 2169 2348 de-

606 2396 835 2452 texisset
869 2395 1101 2465 c0gitata
1140 2407 1260 2455 sua,
1298 2399 1352 2445 et
1384 2387 1626 2459 requiem
1678 2385 1999 2451 invenisset,
2048 2385 2165 2440 ait:

607 2487 752 2545 Pene
796 2487 1002 2542 detinui
1032 2501 1118 2540 me
1168 2500 1234 2538 ne
1264 2483 1371 2538 huc
1399 2480 1639 2537 venirem
1687 2478 1869 2534 hodie.
1920 2477 2065 2533 Dixit
2116 2476 2167 2532 ei

600 2597 807 2639 senex:
860 2579 1017 2635 Cur?
1065 2578 1131 2632 Et
1176 2576 1383 2631 frater:
1430 2572 1696 2644 Reputavi
1750 2586 1881 2626 num
1946 2579 2169 2642 propter

603 2672 1087 2743 Quadragesimam
1131 2668 1265 2723 mihi
1298 2682 1406 2721 non
1440 2665 1765 2735 aperiretur.
1802 2661 1958 2719 Tunc
1998 2662 2168 2719 abbas

608 2764 836 2821 Poemen
876 2784 889 2819 :
931 2762 1063 2827 Nos,
1126 2760 1321 2832 inquit,
1376 2775 1486 2814 non
1537 2755 1829 2813 didicimus
1863 2757 2064 2811 ostium
2097 2755 2167 2811 li-

605 2874 802 2929 gneum
841 2857 1116 2919 claudere,
1144 2852 1241 2910 sed
1262 2853 1445 2924 potius
1476 2851 1672 2922 lingua:
1704 2848 1953 2930 januam.

609 3108 612 3111 ,
673 3040 762 3095 59.
792 3036 905 3108 (εδ)
932 3033 1140 3090 Monuit
1172 3032 1336 3087 etiam
1378 3029 1546 3085 abbas
1596 3026 1819 3084 Ptemen
1846 3044 1860 3081 :
1892 3025 2169 3098 Fugienda

603 3141 737 3191 sunt
767 3143 1050 3199 corporea.
1085 3123 1316 3192 Quando
1344 3122 1489 3178 enim
1521 3122 1686 3177 homo
1723 3135 1895 3193 prope
1917 3126 2004 3176 est
2047 3135 2172 3174 cor-

2269 2046 2468 2094 παυσις
2488 2030 2738 2084 ἐκδιώκει
2770 2031 2863 2085 τὸν
2895 2031 3057 2101 φόϐον
3087 2030 3182 2084 τοῦ
3223 2030 3360 2084 Θεοῦ
3388 2031 3497 2085 ἀπὸ
3519 2031 3616 2100 τῆς
3635 2029 3832 2100 ψυχῆς.

2271 2121 2362 2174 καὶ
2386 2121 2608 2175 ἀπολύει
2642 2108 2813 2192 αὐτῆς
2850 2124 3037 2185 ,πᾶσαν
3064 2122 3163 2193 τὴν
3192 2122 3239 2153 ⁸³
3272 2121 3558 2193 ἐργασίαν.

2340 2220 2439 2285 νη’.
2493 2215 2741 2284 Ἀδελφὺς
2771 2216 3046 2287 παρέϐαλε
3090 2216 3167 2287 τῷ
3199 2215 3342 2288 ἁϐϐᾷ
3387 2216 3611 2283 Ποιμένι
3638 2213 3717 2277 εἰς
3739 2212 3839 2276 τὰς

2266 2305 2359 2359 δύο
2392 2305 2690 2377 ἑϐδομάδας
2715 2311 2815 2378 τῆς
2835 2308 3305 2381 Τεσσαρακοστῆς,
3334 2308 3427 2361 καὶ
3464 2306 3688 2372 ἐξειπὼν
3714 2304 3841 2368 τοὺς

2267 2397 2559 2469 λογισμοὺς
2604 2400 2789 2466 αὑτοῦ,
2832 2401 2925 2455 καὶ¹
2969 2398 3144 2469 τυχὼν
3177 2398 3553 2462 ἀναπαύσεως,
3575 2397 3721 2465 λέγει
3743 2396 3846 2450 αύ-

2267 2490 2373 2562 τῷο
2401 2491 2556 2563 Παρὰ
2598 2491 2771 2564 βραχὺ
2803 2490 3136 2561 κατεσχέθην
3168 2488 3571 2562 παραγενέσθαι
3614 2481 3716 2542 ὧδε
3742 2487 3847 2559 σή-

2271 2598 2456 2655 μερον.
2498 2583 2659 2652 Λέγει
2695 2583 2842 2653 αὐτῷ
2872 2586 2900 2637 6
2934 2583 3111 2654 γέρων
3139 2598 3154 2613 ο
3196 2581 3385 2647 Διατίς
3420 2580 3584 2649 Λέγει
3616 2582 3646 2633 6
3684 2578 3848 2633 ἀδελά

2269 2676 2366 2746 φύς
2388 2692 2401 2706 ·
2428 2673 2592 2729 Εἶπον
2640 2675 2708 2739 ⁸⁸,
2756 2676 2965 2746 μήποτε
2998 2673 3087 2727 διὰ
3129 2672 3228 2744 τὴν
3260 2671 3713 2744 Τεσσαρακοστὴν
3740 2669 3851 2725 οὐκ.

2269 2767 2539 2835 ἀνοίγεταί
2569 2785 2678 2838 μοι.
2721 2767 2883 2836 Λέγει
2927 2766 3074 2837 αὐτῷ
3094 2769 3123 2821 6
3148 2766 3320 2831 ἀϐϐἄς
3359 2767 3572 2838 Ποιμήν
3599 2783 3614 2798 ’
3652 2766 3851 2838 Ἡμεῖς

2269 2859 2368 2913 οὐκ
2387 2857 2663 2929 ἐμάθομεν
2697 2858 2898 2911 κλείειν
2932 2859 3030 2929 τὴν
3061 2854 3277 2930 ξυλίνην
3316 2856 3506 2931 θύραν,
3541 2850 3678 2911 ἀλλὰ
3704 2858 3852 2929 μᾶλ-

2270 2949 2360 3003 λον
2381 2951 2482 3021 τὴν
2515 2951 2615 3020 τῆς
2645 2948 2895 3020 γλώσσης
2917 2949 3105 3020 θύραν.

2338 3043 2436 3097 νθ’.
2467 3039 2600 3097 Eine
2645 3043 2805 3097 πάλιν
2845 3045 2873 3096 6
2901 3043 3074 3107 assa;
3121 3044 3358 3114 Ποιμήν
3384 3042 3608 3113 Φεύγειν
3648 3042 3732 3096 δεῖ
3771 3042 3854 3097 τὰ

2271 3136 2575 3206 σωματικά.
2596 3136 2764 3189 Ὅταν
2792 3134 2899 3206 γὰρ
2924 3131 2978 3188 εἴ
2996 3135 3128 3205 (31⁸)
3151 3135 3245 3190 ἄνθ
3254 3153 3432 3208 ρωπος
3446 3136 3609 3204 ἐγγὺς
3628 3130 3720 3187 τοῦ
3741 3151 3855 3187 σω-

608 3220 849 3291 υοτθιθῐη
904 3214 1390 3287 ίιηιιιιεηειιῑοηθηιν
1453 3212 1812 3314 εξείωίιθιιξτ.
1847 3210 1961 3314 vf")
2013 3210 2167 3314 Ῑιξῖῑθ
2197 3258 2239 3314 C
2274 3227 2500 3298 ματικοῦ
2532 3227 2792 3299 πολέμου,
2828 3227 3000 3282 ἔοικεν
3031 3228 3185 3299 ἀνδρὶ
3218 3230 3467 3300 στήκοντι
3499 3227 3682 3281 ἐπάνω
3706 3225 3855 3281 λάκ-

610 3315 785 3368 lacum
824 3309 1312 3382 prol‘undissimum
1335 3305 1521 3369 stanti,
1546 3318 1708 3375 quem
1739 3303 1994 3358 inimicus
2024 3303 2167 3373 ejus,

608 3419 935 3477 quacunque
997 3401 1134 3456 hora
1179 3400 1358 3455 visum
1392 3395 1588 3461 fuerit,
1629 3395 1787 3450 facile
1834 3393 2054 3464 dejiciet
2105 3408 2169 3449 ac

611 3504 914 3572 immerget.
949 3498 1106 3565 Quod
1136 3497 1182 3554 si
1212 3512 1242 3551 a
1263 3494 1542 3566 corporeis
1565 3493 1730 3549 rebus
1760 3489 1948 3562 procul
1982 3486 2168 3549 fuerit,

611 3593 804 3648 similis
832 3601 917 3648 est
948 3593 1067 3646 viro
1092 3589 1187 3661 qui
1218 3588 1378 3659 longe
1426 3588 1587 3643 abest
1618 3601 1648 3640 a
1678 3586 1798 3639 lacu
1824 3600 1840 3650 ;
1872 3592 1932 3635 ut
1976 3594 2171 3651 quam-

611 3687 693 3741 vis
726 3685 952 3741 traxerit
984 3700 1105 3740 eum
1142 3682 1319 3739 hostis
1354 3681 1421 3736 ad
1456 3675 2003 3750 pracipitium,,dum
2051 3683 2169 3728 traa

612 3777 692 3832 bit
723 3792 786 3831 ac
816 3779 923 3831 vim
957 3776 1138 3842 infert,
1167 3774 1310 3830 Deus
1345 3773 1526 3827 mittat
1563 3771 1613 3826 ei
1648 3768 1934 3824 auxilium.

681 3869 768 3927 60.
812 3869 922 3943 (29)
985 3868 1127 3924 Dixit
1172 3868 1411 3924 iterum:
1474 3864 1807 3932 Paupertas,
1854 3857 2169 3923 tribulatio,

611 3961 883 4033 angustia,
911 3958 1204 4030 jejunium,
1267 3958 1384 4013 haec
1437 3954 1715 4010 suntvitaa
1772 3949 2033 4006 solitaria:
2087 3946 2172 4001 in-

611 4063 933 4113 strumenta.
966 4051 1243 4121 Scriptum
1271 4059 1353 4105 est
1382 4048 1527 4103 enim
1556 4065 1569 4100 :
1615 4044 1675 4100 Si
1733 4044 1930 4115 fuerint
1978 4052 2081 4096 tres
2117 4040 2172 4094 Ιιί

613 4147 734 4219 piri,
765 4145 901 4207 Noe,
936 4143 1039 4199 Job
1079 4152 1128 4198 et
1155 4140 1367 4225 Daniel,
1408 4138 1518 4194 vivo
1542 4153 1656 4208 ego,
1675 4135 1802 4189 dicit
1827 4135 2084 4189 Dominus
2101 4134 2169 4185 '".

614 4238 725 4295 Noe
756 4254 1044 4308 personam
1096 4252 1159 4291 ac
1193 4235 1418 4306 figuram
1469 4232 1611 4304 gerit
1658 4228 1990 4285 voluntaria:
2040 4240 2173 4296 pau-

616 4330 886 4399 pertatis;
924 4327 1049 4390 Job,
1085 4327 1343 4390 laboris;
1403 4323 1629 4386 Daniel,
1689 4319 2060 4379 discretionis.
2118 4317 2177 4369 Si

616 4436 746 4491 ergo
775 4421 827 4474 hi.
858 4428 969 4475 tres
1002 4428 1157 4473 actus
1187 4419 1241 4471 in
1278 4418 1498 4471 homine
1528 4415 1866 4478 exstiterint,
1914 4412 2177 4466 Dominus

618 4512 825 4566 habitat
856 4512 911 4565 in
944 4527 1029 4565 eo.

2277 3336 2370 3374 κου
2400 3319 2696 3390 βαθυτάτου
2716 3337 2730 3350 ·
2765 3320 2859 3373 καὶ
2881 3319 3000 3373 οἵαν
3028 3320 3077 3372 δ’
3116 3319 3182 3374 ἂν
3223 3321 3371 3393 ὥραν
3403 3319 3524 3392 δόξῃ
3553 3319 3628 3391 τῷ
3668 3316 3854 3392 ἐχθρῷ

2271 3411 2456 3475 αὑτοῦ,
2486 3411 2722 3475 εὐκόλως
2748 3411 2908 3465 αὐτὸν
2948 3411 3128 3483 ῥίπτει
3156 3410 3326 3466 κάτω.
3371 3412 3495 3465 Ἐὰν
3519 3412 3574 3465 δὲ
3607 3428 3854 3483 σωματιλ-

2270 3501 2382 3555 κῶν
2417 3501 2631 3573 μακρὰν
2668 3498 2725 3575 ᾖ,
2760 3502 2934 3556 ἔοικεν
2978 3501 3135 3572 ἀνδρὶ
3180 3502 3400 3573 μακρὰν
3443 3501 3700 3573 ἀπέχοντι
3750 3502 3851 3557 τοῦ

2269 3594 2492 3656 λάκκου,
2530 3594 2617 3647 ἵνα
2650 3594 2752 3648 κᾶν
2777 3594 2908 3665 ἕλκῃ
2939 3593 3099 3648 αὑτὸν
3122 3596 3150 3647 6
3176 3594 3366 3664 ἐχθρὸς
3392 3593 3571 3665 βαλεῖν
3599 3594 3768 3659 κάτω,
3790 3594 3853 3649 ἐν

2271 3688 2382 3759 ὅσῳ
2418 3686 2580 3741 αὐτὸν
2600 3687 2748 3741 ἒλκει
2770 3687 2863 3742 καὶ
2895 3686 3161 3757 βιάζεται,
3188 3689 3216 3741 6
3239 3686 3370 3752 Θεὸς
3401 3686 3716 3741 ἀποστέλλει
3748 3687 3853 3742 ab.

2273 3779 2351 3851 τῷ
2389 3780 2662 3851 βοήθειαν.

2341 3869 2405 3936 ξ’.
2447 3867 2582 3922 Eii-:5
2627 3869 2814 3924 πάλιν
2846 3871 2909 3923 Ἦ
2942 3869 3100 3925 πενία
3145 3871 3240 3924 καὶ
3278 3872 3310 3941 ἡ
3344 3869 3521 3939 θλίψις
3551 3870 3646 3924 καὶ
3672 3871 3706 3931 ἡ
3734 3886 3854 3924 στε-

2273 3962 2508 4034 νοχωρία
2534 3962 2629 4015 καὶ
2664 3965 2698 4033 ἡ
2739 3962 2979 4032 νηστεία,
3005 3962 3180 4017 ταῦτά
3218 3964 3322 4016 εἰσι
3353 3963 3422 4016 τὰ
3467 3963 3722 4034 ἐργαλεῖα
3753 3961 3853 4016 τοῦ

2278 4052 2543 4123 μονήρους
2593 4050 2732 4120 βίον.
2774 4052 3082 4124 Γέγραπται
3133 4051 3264 4124 γὰρ,
3311 4052 3394 4106 ὅτι
3435 4051 3573 4107 Ἐὰν
3601 4049 3756 4106 ὦσιν
3794 4056 3856 4110 οι

2274 4144 2433 4214 τρεῖς
2466 4139 2631 4200 οὗτοι
2678 4142 2910 4212 ἄνδρες,
2956 4142 3118 4206 Νῶε,
3169 4143 3306 4198 Ἰὼϐ
3343 4144 3445 4199 καὶ
3497 4144 3747 4213 Δανιὴλ,
3777 4144 3857 4207 ζῶ

2273 4237 2406 4309 ἐγὼ,
2435 4235 2597 4307 λέγει
2636 4236 2870 4305 Κύριος.
2891 4234 3014 4288 Νῶε
3049 4234 3338 4306 πρόσωπόν
3390 4237 3505 4288 ἐστι
3537 4234 3637 4307 τῆς
3674 4236 3854 4307 ὰκτη-

2278 4330 2536 4401 μοσύνης,
2581 4327 2700 4382 Ἰὼϐ
2722 4328 2779 4381 δὲ
2796 4327 2888 4381 τοῦ
2931 4328 3116 4390 πόνον,
3150 4327 3246 4380 καὶ
3277 4326 3473 4398 Δανιὴλ
3504 4326 3602 4397 τῆς
3634 4327 3857 4398 διακρί-

2275 4438 2431 4483 σεως.
2472 4419 2597 4472 Ἐὰν
2629 4415 2722 4472 οὖν
2767 4413 2900 4471 ὦσιν
2936 4420 2991 4471 αἱ
3029 4421 3179 4491 τρεῖς
3218 4411 3376 4472 αὗται
3423 4418 3649 4491 πράξεις
3688 4420 3749 4473 ἐν
3773 4420 3857 4493 τῷ

2274 4507 2565 4580 ἀνθρώπῳ,
2595 4509 2623 4560 6
2652 4506 2851 4578 Κύριος
2871 4509 3011 4561 οἰκεῖ
3035 4510 3093 4561 ἐν
3130 4508 3299 4580 αὐτῷ.

687 4604 775 4660 6i.
808 4604 919 4675 (50)
942 4601 1149 4657 Retulit
1187 4599 1358 4654 abbas
1388 4595 1590 4666 Joseph
1615 4614 1628 4649 :
1655 4593 1982 4650 Sedentibus
2017 4594 2168 4649 nobis

2348 4598 2449 4667 ξσί.
2475 4600 2698 4668 Ἔλεγεν
2722 4602 2750 4652 6
2768 4598 2940 4663 ἁϐϐᾶς
2980 4599 3200 4670 Ἰωσὴφ,
3221 4601 3301 4653 ὅτι
3327 4600 3484 4671 Καθη
3494 4600 3668 4668 μένων
3692 4597 3857 4671 ἡμῶν

616 4716 737 4752 cum
753 4697 948 4752 abbate
970 4694 1243 4758 Ptnmene,
1262 4705 1456 4745 nomen
1478 4686 1688 4742 abbatis
1710 4686 1979 4758 Agathoni
2004 4688 2173 4743 dedit.

619 4791 860 4844 Dicimus
899 4788 989 4843 ci:
1028 4784 1227 4840 Jnninr
1272 4790 1379 4846 est,
1431 4795 1603 4851 quare
1639 4794 1762 4834 eum
1802 4794 1964 4835 vocas
2014 4780 2180 4837 abba—

2283 4692 2422 4763 μετὰ
2448 4690 2541 4744 τοῦ
2571 4690 2717 4745 ἀϐϐᾶ
2747 4690 3026 4762 Ποιμένος,
3064 4690 3313 4762 ὠνόμασε
3352 4693 3443 4747 τὸν
3473 4693 3648 4747 ἀϐϐἄν
3693 4694 3861 4762 Ἀγά-

2282 4783 2444 4838 θωνα.
2492 4783 2603 4836 Καὶ
2643 4781 2874 4852 λέγομεν
2907 4782 3055 4853 αὐτῷ
3078 4798 3090 4811 ·
3115 4782 3396 4855 Νεώτερός
3419 4784 3559 4846 ἐστι.
3581 4785 3675 4837 καὶ
3710 4784 3860 4838 διατί

619 4881 769 4937 tem?
803 4878 1104 4949 ﬂeSpondit
1139 4877 1308 4946 abbas
1339 4874 1559 4929 l’mmen
1589 4887 1603 4926 :
1639 4869 1775 4937 Quia
1809 4886 1874 4928 os
1907 4873 2026 4943 ejus
2054 4872 2168 4929 fecit

2282 4873 2467 4936 καλεῖς
2511 4872 2672 4926 αὑτὸν
2726 4872 2939 4937 ὰϐϐἄν;
2980 4873 3089 4927 Καὶ
3130 4868 3280 4926 εἶπεν
3318 4874 3348 4925 6
3388 4871 3563 4935 ἀϐϐἄς
3601 4874 3817 4946 Ποιμήν
3840 4891 3860 4906 ο

616 4988 739 5028 eum
767 4972 1019 5025 abbatem
1053 4969 1333 5040 appellari.

684 5153 772 5208 62.
806 5150 920 5222 (3|)
958 5148 1115 5203 Venit
1147 5147 1440 5217 aliquando
1471 5148 1538 5202 ad
1569 5149 1824 5203 abbatem
1866 5145 2175 5203 Peemenem

623 5245 810 5307 frater,
844 5254 895 5297 et
933 5244 1007 5294 ait
1048 5242 1120 5293 illi
1155 5257 1168 5293 :
1213 5239 1349 5305 Quid
1385 5255 1562 5310 agam,
1594 5240 1773 5305 Pater,
1812 5240 1942 5309 quia
1983 5254 2014 5292 a
2065 5238 2175 5294 for-

692 5392 736 5430 ⁸ο
779 5397 918 5451 Psal.
945 5413 1074 5451 xvn.
1104 5398 1191 5451 30.
1269 5397 1309 5428 θ’
1344 5394 1535 5451 Ezech.
1567 5412 1677 5460 xlv,
1706 5394 1796 5459 16,
1820 5394 1911 5451 20.
1987 5395 2033 5428 ⁸²
2063 5394 2150 5450 ΔΙ.

2281 5395 2552 5465 δισκόμην.
2628 5396 2673 5427 ⁸³
2695 5397 2781 5450 Al.
2810 5383 3039 5470 ἀγαθήν.

714 5533 804 5602 24)
841 5532 943 5585 Vit.
977 5529 1130 5586 Patr.
1161 5550 1249 5597 xv,
1286 5532 1389 5596 39;
1420 5530 1642 5585 Dorotb.
1678 5530 1861 5584 Doctr.
1886 5530 1939 5585 5.

714 5543 804 5602 '24)
845 5543 943 5585 Vit.
977 5543 1130 5586 Patr.
1161 5550 1249 5597 xv,
1286 5543 1386 5596 39;

693 5543 806 5672 i25)
840 5602 943 5656 Vit.
974 5603 1125 5656 Patr.
1154 5620 1268 5664 vm,
1302 5603 1386 5656 14.

697 5674 809 5743 (26)
843 5672 948 5743 Vit.
981 5672 1129 5743 Patr.
1156 5689 1228 5735 iv,
1252 5672 1340 5743 52.

698 5740 807 5809 (27)
841 5742 946 5798 Vit.
971 5740 1124 5798 Patr.
1155 5759 1274 5807 xm,
1304 5742 1358 5796 5.
1892 5743 1902 5750 ’

700 5813 808 5884 (28)
841 5812 944 5868 Vit.
972 5811 1126 5869 Patr.
1154 5828 1205 5879 x,
1241 5814 1292 5878 t,
1326 5812 1411 5878 12,
1444 5811 1679 5869 Μίδεια.
1712 5809 1873 5868 Voss.
1897 5825 1952 5883 p.
1985 5809 2125 5868 ιω.

2288 4963 2413 5017 Ὅτι
2449 4964 2511 5017 τδ
2554 4963 2728 5035 στόμα
2768 4964 2932 5018 αὐτοῦ
2964 4964 3217 5035 ἐποίησεν
3258 4964 3419 5019 αὑτὸν
3448 4965 3729 5020 καλεῖσθαι
3759 4966 3863 5020 ἆϐο

2283 5055 2407 5112 ϐᾶν.

2354 5148 2454 5219 εβυ.
2490 5144 2661 5203 Ἧλθέ
2689 5167 2816 5203 ποτε
2854 5149 3361 5225 ἁδελφὸς-πρδςσδν
3392 5151 3564 5206 ἀϐϐᾶν
3588 5151 3861 5223 Ποιμένα,

2284 5241 2378 5295 καὶ
2400 5240 2545 5310 λέγει
2573 5241 2720 5312 αὐτῷ
2740 5254 2755 5267 ·
2787 5241 2852 5295 Τί
2875 5244 3106 5311 ποιήσω,
3132 5243 3332 5317 Πάτερ,
3353 5244 3435 5298 ὅτι
3465 5243 3720 5316 θλίϐομαι
3748 5245 3867 5300 ἀπὸ

3146 5401 3192 5431 ⁸⁸
3223 5401 3306 5453 Al.
3360 5398 3643 5454 ὑπέλαϐον.

2381 5532 2473 5597 29)
2516 5532 2622 5585 Vit.
2647 5531 2797 5588 Patr.
2825 5548 2866 5596 ι,
2893 5533 2980 5592 Η.

2381 5601 2470 5673 ὅθ)
2503 5601 2607 5673 Vit.
2629 5599 2780 5673 Eutr.
2813 5618 2903 5665 xv,
2940 5605 3028 5661 60.

2357 5671 2485 5745 (ξι),
2508 5671 2614 5745 Vit.
2640 5671 2793 5730 Patr.
2819 5690 2852 5729 ν
2900 5673 2933 5729 9

2361 5742 2498 5815 (51³)
2530 5742 2672 5814 Lege
2704 5746 2760 5816 ῇ.
