3982 6336
456 398 561 457 339
1615 394 1955 452 APPENDIX
1990 392 2080 448 AD
2116 393 2530 453 PALLADIUM.
3584 397 3692 452 3-50

455 515 702 575 audiero.
734 514 862 569 nolo
896 512 1243 570 introducere
1290 528 1413 569 eum
1447 514 1501 568 ln
1558 513 1749 568 cellam
1792 528 1966 569 meam
2002 531 2017 580 ;

2132 510 2260 567 θέλω
2308 513 2636 582 εἰσενεγκεῖν
2669 511 2829 566 αὑτὸν
2862 514 2941 577 εἰς
2985 513 3047 567 τὸ
3086 512 3297 567 κελλῑον
3334 530 3433 584 μου
3464 530 3477 543 ·
3508 513 3601 566 ἐὰν
3632 517 3693 567 6t

457 605 549 669 sed
591 607 636 662 si
673 606 859 661 videro
883 606 1085 661 bonum
1121 605 1365 669 fratrem.
1420 621 1545 661 cum
1597 622 1662 661 eo
1698 607 1852 662 laetus
1893 621 2013 677 ago.

456 696 597 751 Dicit
625 699 671 753 ei
706 713 867 752 senex
897 717 911 753 :
939 697 995 753 Si
1031 697 1174 753 bono
1211 696 1362 751 fratri
1396 697 1520 752 boni
1569 713 1756 769 parum
1788 697 2013 761 feceris,

454 789 676 859 duplum
712 788 875 843 facito
922 789 1120 854 alteri;
1151 797 1236 843 est
1278 789 1421 848 enim
1475 788 1747 845 infirmus.
1799 788 2017 844 Scilicet

453 890 572 937 erat
603 881 823 952 quidam
858 882 909 935 in
949 880 1199 936 comoblo
1247 882 1463 937 nomine
1508 880 1828 937 Timotheus
1884 896 2019 937 ana-

456 975 717 1038 choreta;
773 984 828 1029 et
881 974 1089 1028 audivit
1143 974 1378 1029 ctenobii
1433 974 1761 1045 praepositus
1816 972 2014 1027 famam

454 1064 687 1133 alicujus
717 1064 900 1120 fratris
929 1063 995 1120 de
1028 1065 1347 1125 tentatione.
1372 1080 1437 1119 ac
1471 1064 1541 1120 de
1575 1079 1641 1120 eo
1673 1069 2017 1134 percontatus

451 1166 537 1219 est
572 1158 910 1213 Timotheum
933 1197 948 1222 ,
1005 1158 1098 1228 qui
1132 1157 1420 1213 consilium
1443 1157 1594 1213 dedit
1632 1165 1692 1212 ut
1723 1156 2019 1227 expelleret

452 1248 699 1309 fratrem.
725 1248 860 1305 Cum
899 1265 1030 1320 ergo
1049 1251 1322 1318 eiecisset.
1358 1248 1586 1305 tentatio
1629 1248 1813 1303 fratris
1851 1263 2015 1318 supra

453 1337 800 1399 Timotheum
836 1339 1010 1415 posita
1030 1349 1132 1400 est,
1159 1339 1294 1393 adeo
1319 1347 1376 1392 ut
1408 1338 1826 1411 periclitaretur.
1848 1334 2018 1391 Flevit

451 1445 584 1502 ergo
621 1428 939 1492 Timotheus
968 1446 1152 1485 coram
1182 1430 1310 1493 Deo,
1338 1431 1558 1487 dicens:
1592 1427 1837 1489 Peccavi.
1866 1429 2018 1499 igno-

452 1537 546 1577 sce
576 1521 731 1579 mihi.
792 1521 858 1577 Et
904 1521 1083 1583 delata
1141 1523 1206 1577 ad
1239 1539 1362 1584 eum
1426 1531 1510 1577 est
1546 1520 1811 1591 ejusmodi
1865 1536 2015 1574 vox:

455 1612 760 1678 Timothee.
793 1632 861 1675 ne
886 1616 1168 1675 existimes
1199 1632 1285 1671 me
1336 1616 1408 1682 ob
1447 1616 1608 1676 aliam
1652 1630 1870 1671 causam
1914 1616 2016 1672 ista

451 1708 549 1767 tibi
578 1706 793 1764 fecisse.
830 1724 992 1778 quam
1026 1710 1152 1779 quia
1188 1708 1485 1785 despexisti
1517 1707 1740 1770 fratrem
1773 1716 1926 1769 tuum
1961 1708 2018 1769 in

453 1808 697 1868 tempore
725 1800 1043 1855 tentationis
1081 1815 1212 1859 suae.

2121 607 2215 661 ῐδω
2241 605 2425 670 καλὸν,
2453 606 2629 678 χαίρω
2668 606 2785 677 μετ’
2809 605 2996 660 αὐτοῦ.
3020 607 3185 676 Λέγει
3214 606 3365 677 αὑτῷ
3420 609 3448 661 6
3475 607 3653 678 γέρων
3671 624 3687 637 ⁸

2118 699 2182 753 Ei
2218 702 2388 764 ποιεῖς
2420 699 2497 770 τῷ
2538 699 2687 772 καλῷ
2730 698 2942 772 ἀδελφῷ
2978 700 3172 771 μικρὸν
3212 700 3445 769 ἀγαθὸν,
3470 699 3693 755 διπλοῦν

2118 790 2343 862 ποίησον
2378 792 2495 862 μετ’
2531 790 2762 845 ἐκείνου.
2797 786 2964 854 Οὗτος
3001 791 3110 863 γάρ
3161 790 3309 843 ἐστιν
3354 791 3383 844 6
3425 790 3689 845 ἀσθενῶν.

2115 877 2225 943 Ἦν
2246 883 2354 955 γάρ
2380 899 2464 945 τις
2487 883 2545 934 ὲν
2571 881 2818 953 κοινοϐίῳ
2852 881 3071 953 ὀνόματι
3103 881 3367 951 Τιμόθεος
3400 884 3694 954 ἀναγοιιρη-

2117 975 2251 1044 τῆς·
2292 974 2385 1028 καὶ
2428 974 2662 1045 ἤκουσεν
2708 974 2737 1025 ὁ
2784 972 3083 1044 ⁴ἡγούμενος
3135 974 3324 1045 φήμην
3372 973 3497 1045 περέ
3543 989 3694 1033 τινος

2116 1064 2347 1135 ἀδελφοῦ
2376 1066 2505 1137 περὶ
2537 1064 2864 1137 πειρασμοῦ,
2907 1064 3003 1119 καὶ
3031 1062 3353 1136 ἐπηρώτησε
3396 1062 3486 1118 τὸν
3519 1063 3693 1133 Τιμόσ

2117 1155 2238 1210 θεον
2271 1155 2401 1227 περ).
2431 1153 2592 1208 αὑτοῦ
2613 1171 2628 1186 ο
2659 1156 2752 1209 καὶ
2790 1153 3206 1209 συνεϐούλευσεν
3242 1152 3411 1226 αὐτῷ,
3439 1151 3695 1207 ἐκϐαλεῖν

2115 1248 2206 1302 τὸν
2227 1248 2471 1317 ἀδελφόν.
2498 1248 2623 1302 Ὅτε
2649 1243 2741 1301 οῦν
2773 1245 3024 1314 ἐξέϐαλεν
3052 1246 3234 1304 αὐτὸν,
3265 1245 3421 1316 ἐτέθη
3443 1245 3472 1297 6
3496 1262 3696 1317 πειρα-

2118 1339 2254 1411 σμὸς
2284 1339 2378 1393 τοῦ
2410 1338 2639 1408 ἀδελφοῦ
2668 1338 2852 1392 ὲπάνω
2882 1337 2975 1391 τοῦ
3021 1336 3307 1407 Τιμοθέου,
3334 1336 3439 1401 ἓως
3461 1331 3521 1391 οῦ
3552 1339 3697 1389 ἐκιν-

2115 1430 2385 1485 δύνευσεν.
2418 1430 2673 1484 Ἕκλαιεν
2705 1425 2798 1484 οὖν
2821 1432 2850 1483 6
2880 1429 3140 1500 Τιμόθεος
3163 1428 3391 1482 ἐνώπιον
3407 1428 3499 1481 τοῦ
3525 1427 3687 1495 Θεοῦ,

2116 1521 2288 1591 λέγων
2308 1540 2323 1552 ο
2352 1521 2702 1594 Ἦμάρτηκα,
2738 1518 3087 1594 συγχώρησον
3121 1538 3231 1592 μοι.
3258 1520 3368 1573 Καὶ
3391 1515 3554 1592 ἦλθεν
3584 1518 3689 1573 αὐ-

2115 1610 2195 1684 τῷ
2241 1611 2392 1683 φωνὴ
2435 1611 2698 1681 λέγουσα’
2729 1612 2978 1680 Τιμόθεε,
3027 1611 3101 1683 μὴ
3150 1610 3376 1683 νομίσῃς
3397 1610 3479 1664 ὅτι
3510 1608 3693 1663 ταῦτα

2116 1703 2350 1776 ὲποξησά
2405 1723 2487 1759 σοι
2523 1705 2590 1758 δι’
2617 1704 2745 1759 ἄλλο
2772 1721 2862 1765 τι,
2889 1703 2922 1775 ἢ
2951 1704 3031 1757 ὄτι
3063 1705 3312 1775 παρεῖδες
3338 1703 3429 1756 τὸν
3464 1700 3695 1775 ἀδελφόν

2120 1813 2213 1850 σου
2242 1798 2300 1849 ἐν
2321 1796 2495 1868 καιρῷ
2525 1795 2619 1850 τοῦ
2640 1795 2949 1866 πειρασμοῦ
2974 1795 3162 1848 αὑτοῦ.

521 1891 609 1944 71.
642 1890 754 1961 (59)
783 1889 928 1946 Dixit
966 1891 1136 1946 abbas
1165 1890 1421 1947 Pmmen:
1459 1889 1749 1965 Propterea
1782 1896 1863 1945 tot
1893 1898 2013 1951 tan-

2184 1890 2282 1936 oa'.
2317 1878 2480 1936 Εἶπεν
2505 1884 2533 1935 6
2563 1883 2737 1947 ἀϐϐἄς
2763 1884 2991 1955 Ποιμὴν,
3021 1885 3102 1936 ὅτι
3122 1882 3221 1936 Διά
3249 1882 3407 1936 τοῦτο
3425 1884 3483 1935 ὲν
3504 1882 3695 1937 τοσοῦ-

450 1979 632 2051 tisque
662 1980 1016 2049 suhjaeemus
1046 1981 1464 2048 tentationibns,
1501 1982 1629 2052 quia
1668 1983 1885 2039 nomina
1918 1995 2016 2035 no-

451 2082 564 2133 stra
591 2079 644 2131 et
678 2073 925 2135 ordinem
958 2089 1063 2137 non
1110 2090 1429 2130 servamus:
1465 2074 1917 2144 quemadmodum
1963 2080 2017 2128 et

453 2167 739 2241 Scriptura
768 2166 949 2229 docet.
987 2167 1181 2231 Nonne
1229 2169 1510 2229 cernimus
1556 2167 1835 2224 mulierem
1868 2160 2015 2219 illam

451 2259 839 2326 Chananwam,
867 2276 988 2331 qua:
1022 2260 1243 2321 admisit
1272 2275 1465 2314 nomen
1496 2275 1654 2319 suum
1681 2276 1696 2325 ;
1728 2269 1783 2314 et
1825 2258 2015 2313 Salva-

451 2360 541 2409 tor
582 2354 769 2424 requie
820 2353 967 2407 illam
1023 2352 1247 2408 donavit
1264 2352 1356 2404 “Y
1391 2351 1607 2408 Rursus
1652 2352 1719 2408 de
1766 2351 2018 2421 Abigrea;

452 2445 580 2521 quia
606 2445 744 2501 dixit
777 2443 965 2499 Davidi
994 2465 1007 2500 :
1037 2445 1103 2501 In
1134 2462 1215 2500 me
1240 2452 1605 2514 estpeccatum
1624 2444 1708 2510 ’νς
1739 2444 2021 2504 exaudivit

453 2553 596 2597 eam,
623 2536 816 2597 dilexit
845 2551 986 2594 eam.
1027 2538 1245 2608 Ahigzea
1273 2553 1559 2607 personam
1591 2536 1758 2592 sumit
1789 2538 1981 2591 animae
2001 2575 2017 2599 ,

455 2628 622 2687 David
664 2628 999 2689 Divinitatis.
1052 2627 1107 2687 Si
1164 2644 1297 2699 ergo
1351 2628 1534 2687 anima
1585 2643 1644 2682 se
1679 2628 2021 2687 accusaverit

453 2736 637 2776 coram
669 2718 917 2783 Domino,
950 2720 1126 2790 diligit
1155 2735 1273 2775 eam
1308 2719 1589 2775 Dominus.

528 2813 615 2876 72.
645 2812 761 2884 (40)
792 2810 1089 2868 Transibat
1128 2812 1425 2885 aliquando
1454 2808 1626 2867 abbas
1651 2809 1870 2868 Pmmen
1895 2825 2017 2870 cum

456 2903 652 2967 abbate
676 2892 838 2957 Anub
862 2900 914 2956 iu
944 2902 1194 2973 partibus
1236 2899 1403 2963 Diolci
1432 2916 1447 2966 ;
1473 2909 1528 2956 et
1559 2900 1839 2954 venientes
1869 2901 2017 2956 circa

458 2997 732 3066 sepulcra,
783 2996 1133 3066 conspiciunt
1167 2994 1447 3048 mulierem
1484 2993 1723 3062 graviter
1760 2992 2018 3063 plangcn.

457 3099 593 3154 tem,
630 3098 685 3144 et
716 3088 933 3145 flentem
961 3102 1190 3153 amare;
1223 3095 1388 3157 atque
1442 3092 1650 3141 stantes
1705 3084 2021 3145 considera-

456 3178 589 3242 bant
618 3195 761 3236 eam.
791 3179 1023 3233 Paulum
1065 3193 1193 3234 vero
1231 3177 1530 3248 progressi.
1562 3175 1776 3230 cuidam
1829 3190 2021 3229 occur-

459 3279 688 3333 rerum;
739 3286 902 3341 quem
960 3254 1314 3339 interrogavit
1372 3268 1541 3329 abbas
1598 3266 1842 3328 Plumea,
1892 3266 2020 3338 quid

461 3362 688 3421 haberet
719 3377 781 3417 ea
818 3362 1032 3424 mulier,
1056 3359 1201 3430 quod
1221 3375 1405 3415 amare
1433 3359 1691 3430 ploraret.
1723 3357 2025 3429 Respondit

460 3453 589 3517 ille:
631 3453 770 3521 Quia
796 3462 1048 3509 mortuus
1071 3462 1155 3508 est
1186 3452 1414 3506 maritus
1453 3452 1572 3521 ejus
1596 3493 1610 3518 ,
1643 3461 1697 3507 et
1752 3452 1915 3516 illius,
1970 3457 2026 3505 et

460 3546 652 3600 frater.
687 3545 841 3601 Tunc
870 3545 1152 3615 excipiens
1182 3544 1354 3599 abbas
1396 3542 1615 3599 Pmmen
1666 3544 1803 3597 dixit
1843 3545 2024 3598 abbati

460 3633 658 3699 Anub:
685 3635 788 3688 Aio
825 3633 947 3701 tibi,
994 3635 1099 3689 nisi
1149 3634 1311 3689 homo
1341 3643 1567 3688 cunctas
1597 3634 1781 3687 carnis
1833 3633 2027 3686 volun-

461 3737 605 3790 tates
644 3741 893 3787 mortuas
940 3730 1263 3795 reddiderit,
1309 3730 1561 3799 huncqne
1607 3728 1907 3784 obtinuerit
1943 3729 2026 3783 lu-

462 3831 630 3885 ctum,
660 3837 767 3875 non
800 3829 980 3895 potest
1013 3820 1129 3877 fieri
1163 3820 1486 3883 monachus.
1514 3818 1651 3881 Tota
1682 3820 1827 3879 enim
1861 3820 2027 3893 hujus

463 3913 717 3977 mulieris
739 3912 853 3973 vita
884 3920 940 3970 et
967 3928 1121 3971 mens
1153 3914 1208 3968 in
1233 3914 1382 3969 luctu
1410 3920 1515 3973 est.

532 4004 620 4061 75.
652 4006 764 4077 (41)
794 4005 939 4061 Dixit
965 4007 1135 4064 abbas
1164 3990 1385 4066 Pmmen
1414 4024 1426 4061 :
1462 4005 1537 4073 Ne
1567 4005 1807 4066 metiaris
1836 4012 2029 4065 temet-

464 4101 667 4170 ipsum,
700 4100 795 4157 scd
834 4098 1054 4158 adhere
1085 4101 1288 4158 homini
1320 4100 1481 4171 cujus
1509 4101 1858 4157 conversatio
1883 4100 2026 4157 bona

463 4199 569 4245 εει.

537 4280 624 4337 ’(4.
670 4280 802 4340 Item
867 4285 1074 4346 retulit,
1129 4284 1274 4354 quod
1325 4285 1371 4341 si
1423 4285 1549 4356 quis
1587 4283 1755 4339 frater
1808 4282 2031 4343 adiisset

467 4371 718 4433 abbatem
745 4370 1014 4426 Joannem
1038 4383 1277 4435 curtum.
1308 4377 1556 4433 tradebat
1587 4378 1636 4432 ei
1671 4377 1759 4435 ille
1780 4375 2031 4433 ‘charita—

468 4472 599 4525 tem,
641 4462 710 4517 de
767 4478 874 4531 qua
924 4463 1065 4533 apud
1121 4464 1443 4531 Apostoluni
1491 4467 1724 4537 legitur;
1781 4466 2028 4523 Charitas

465 4553 669 4610 vatiam
693 4561 792 4619 est,
826 4551 1049 4623 benigna
1070 4562 1150 4608 est
1179 4554 1247 4606 ".
1749 4560 1756 4567 ‘

538 4646 627 4707 '15.
652 4644 860 4707 Retulit
890 4648 1086 4706 iterum
1120 4647 1268 4705 circa
1301 4648 1548 4703 abbatem
1573 4646 1797 4712 Pambo.
1827 4650 2031 4711 dixisse

468 4740 535 4799 de
567 4755 633 4798 eo
669 4739 919 4803 abbatem
953 4739 1293 4803 Antonium;
1330 4738 1431 4795 Per
1463 4740 1714 4796 timorem
1759 4740 1853 4802 Dei
1903 4743 2029 4802 effe-

469 4834 546 4889 cit
572 4839 629 4887 ut
660 4832 897 4903 Spiritus
923 4831 1015 4888 Dei
1042 4833 1098 4888 in
1124 4846 1189 4888 eo
1218 4831 1509 4887 habitaret.

542 4926 629 4980 76.
657 4926 770 4996 (42)
817 4926 1074 4982 Narravit
1099 4948 1130 4985 e
1178 4928 1429 4986 Patribus
1461 4926 1682 4998 quidam
1733 4926 1800 4981 de
1834 4926 2028 4981 abbate

471 5022 724 5087 Pmmene
747 5027 802 5079 et
830 5020 1091 5078 fratribus
1129 5022 1269 5092 ejus,
1308 5021 1455 5092 quod
1478 5021 1533 5075 in
1565 5019 1803 5091 Egypto
1829 5019 2034 5075 habita-

472 5119 628 5174 bant,
671 5120 727 5166 et
778 5119 953 5167 mater
1016 5128 1204 5167 eorum
1254 5114 1593 5169 desiderans
1651 5111 1836 5167 videre
1885 5112 2027 5172 illos.

471 5217 816 5275 nequaquam
852 5212 1083 5274 poterat.
1119 5203 1444 5260 Observavit
1480 5212 1658 5260 autem
1689 5220 1813 5259 cum
1865 5202 2030 5274 proli-2

471 5297 812 5351 cisccrentur
845 5295 911 5355 ad
950 5298 1263 5362 ecclesiam,
1296 5306 1350 5352 et
1379 5296 1622 5353 occurrit
1658 5296 1760 5352 eis.
1803 5294 1884 5349 Illi
1948 5293 2029 5349 vi-

538 5457 588 5489 ”
625 5453 813 5510 Matth.
856 5472 943 5518 xv,
994 5457 1082 5510 27.
1167 5455 1261 5510 Ι¹⁹Ι
1311 5456 1440 5529 “eg.
1483 5471 1609 5521 xxv,
1637 5455 1728 5516 24.

542 5615 656 5684 (39)
686 5612 985 5679 Hisceilan.
1023 5615 1181 5670 Voss.

546 5684 660 5821 illi
693 5684 801 5810 liii:
830 5684 982 5807 £23:
1011 5702 1099 5816 ιι,
1122 5688 1206 5813 a2

569 5753 658 5816 Η)
694 5755 798 5810 Vit.
830 5753 979 5807 Patr.
1013 5773 1099 5816 xv,
1122 5755 1213 5813 55.

547 5822 655 5897 (Ω)
695 5823 797 5879 νει.
824 5822 978 5878 Patr.
1009 5841 1080 5887 Iv,
1108 5824 1195 5880 55.

1214 5634 1265 5686 p.
1295 5615 1413 5675 153.

2114 1989 2226 2036 τοις
2257 1975 2576 2044 πειρασμοῖς
2597 1971 2845 2043 κείμεθα,
2858 1973 2939 2026 ὅτι
2955 1972 3022 2025 τὰ
3037 1971 3273 2042 ὀνόματα
3296 1971 3451 2042 ἡμῶν
3479 1973 3572 2025 καὶ
3589 1973 3692 2043 τὴν

2113 2063 2266 2137 τάξιν
2287 2065 2346 2117 οὐ
2372 2065 2712 2135 φυλάσσομεν
2736 2106 2750 2128 ,
2780 2062 2958 2128 καθὼς
2991 2063 3084 2116 καὶ
3111 2065 3144 2134 ἡ
3177 2062 3365 2135 Γραφὴ
3383 2063 3547 2132 λέγει.
3574 2064 3695 2134 Οὐχ

2112 2157 2328 2227 ὁρῶμεν
2352 2156 2448 2228 τὴν
2470 2159 2701 2225 γυναῖκα
2718 2156 2815 2228 τὴν
2831 2156 3158 2220 Χαναναίαν,
3175 2155 3273 2225 τὴν
3289 2153 3699 2225 ὑποδεξαμένην

2116 2250 2177 2303 τὸ
2199 2250 2369 2320 ὄνομα
2392 2250 2582 2321 αὐτῆς,
2606 2249 2688 2302 ὅτι
2710 2248 3013 2303 ἀνέπαυσεν
3035 2248 3202 2320 αὐτὴν
3223 2250 3251 2302 6
3273 2248 3460 2319 Σωτήρ
3481 2264 3496 2312 ;
3519 2248 3695 2300 Πάλιν

2129 2344 2441 2413 ’Λϐιγαίαη
2486 2344 2568 2396 ὃτι
2611 2338 2730 2395 εἷπε
2771 2341 2850 2412 τῷ
2887 2342 3071 2407 Δαϐὶδ,
3113 2342 3195 2395 ὅτι
3243 2342 3341 2395 Ἐν
3363 2341 3492 2411 ἐμοι
3520 2340 3701 2393 ἐστιν

2116 2439 2156 2508 ἡ
2190 2438 2472 2506 ἁμαρτία,
2520 2435 2617 2489 καὶ
2658 2435 2886 2509 ηκουσεν
2917 2435 3105 2507 αὐτῆς,
3136 2434 3230 2487 καὶ
3269 2434 3552 2504 ἠγάπησεν
3592 2432 3699 2485 αὐ-

2116 2536 2233 2601 τήν.
2275 2530 2522 2597 Ἀϐιγαῖα
2562 2530 2852 2601 πρόσωπον
2897 2527 3158 2598 λαμϐάνει
3211 2525 3310 2597 τῆς
3351 2525 3560 2597 ψυχῆς,
3595 2525 3699 2578 καὶ

2117 2622 2278 2675 Δασιδ
2306 2623 2404 2692 τῆς
2444 2623 2727 2693 Θεὸτητος.
2768 2621 2891 2675 Ἐὰν
2919 2617 3070 2692 οῦνή
3115 2619 3262 2692 ψυχὴ
3304 2618 3501 2690 ἑαυτὴν
3547 2617 3699 2690 μέμ-η

2117 2712 2285 2784 ψηται
2314 2713 2540 2768 ἐνώπιον
2578 2714 2802 2785 Κυρίου,
2839 2714 3025 2783 ἀγαπᾷ
3055 2712 3225 2783 αὐτὴν
3250 2714 3280 2765 ὁ
3302 2710 3523 2784 Κύριος.

2187 2808 2286 2878 οβ’.
2310 2808 2630 2885 Παρήρχετό
2646 2826 2774 2863 ποτε
2809 2810 2838 2862 6
2865 2806 3037 2870 ἀϐϐἄς
3064 2808 3273 2878 Ποιμὴν
3301 2807 3438 2876 μετά
3459 2804 3553 2858 τοῦ
3578 2803 3688 2857 ἁϐ-

2121 2906 2192 2960 ϐᾶ
2245 2906 2436 2960 ’Δνοὺϐ
2489 2907 2568 2968 εἰς
2596 2904 2666 2960 τὰ
2712 2904 2850 2976 μέρη
2879 2897 2977 2974 τῆς
3013 2903 3231 2959 Διόλκου
3266 2920 3281 2935 ·
3316 2902 3411 2955 καὶ
3447 2899 3699 2967 ἐλθόντες

2121 2999 2247 3076 περὶ
2291 2998 2360 3051 τὰ
2401 3000 2639 3069 μνημεῖα
2700 2996 2964 3069 θεωροῦσι
3001 2998 3234 3066 γυναῖκα
3264 2995 3453 3059 δεινῶς
3492 3010 3699 3048 κοπτο-

2126 3089 2295 3159 μένην
2332 3089 2425 3141 καὶ
2451 3087 2740 3141 κλαίουσαν
2759 3087 2971 3157 πικρῶς
2987 3105 3001 3119 υ
3024 3086 3122 3140 καὶ
3155 3086 3378 3149 στάντες
3404 3083 3706 3139 κατενόουν

2124 3181 2312 3252 αὐτὴν.
2357 3180 2568 3253 Μικρὸν
2616 3178 2673 3232 δὲ
2709 3179 3008 3251 προϐάντες
3049 3177 3386 3249 πνήντησὰν
3420 3191 3560 3229 τινι·
3598 3178 3701 3229 καὶ

2121 3274 2403 3344 ⁴ἠρώτησεν
2435 3272 2597 3324 αὐτὸν
2635 3274 2663 3325 6
2691 3270 2863 3334 ἀϐϐἄς
2899 3270 3108 3342 Ποιμήν
3127 3310 3142 3334 ,
3172 3269 3346 3339 λέγων
3374 3285 3388 3302 ·
3419 3268 3483 3320 Τί
3518 3267 3635 3339 ἔχει
3663 3271 3704 3348 ἡ

2124 3365 2258 3436 γυνὴ
2283 3365 2441 3437 αῦτη,
2470 3366 2550 3420 ὅτι
2579 3364 2785 3436 πικρῶς
2811 3364 3023 3429 κλαίει;
3052 3365 3163 3417 Καὶ
3197 3362 3345 3431 λέγει
3374 3360 3542 3431 αὐτῷ’
3565 3361 3703 3416 Ὀτι

2124 3457 2389 3512 ἀπέθανεν
2417 3458 2586 3529 αὐτῆς
2620 3460 2650 3510 6
2687 3457 2825 3529 ἀνὴρ
2845 3459 2939 3511 καὶ
2958 3459 2987 3510 6
3008 3455 3121 3520 υἰδς
3141 3456 3235 3510 καὶ
3259 3458 3288 3509 6
3314 3453 3562 3524 ἀδελφός.
3585 3455 3704 3508 Καὶ

2124 3549 2442 3621 ἀποκριθεὶς
2476 3550 2505 3603 6
2532 3548 2704 3613 ἀϐϐἄς
2740 3548 2969 3620 Ποιμήν,
2998 3548 3146 3617 λέγει
3174 3546 3252 3619 τῷ
3290 3546 3435 3619 ἀϐϐᾷ
3471 3544 3667 3599 ’Δνοιέϐ
3688 3564 3701 3574 ’

2125 3642 2282 3711 Λέγω
2314 3659 2419 3703 σοι,
2440 3642 2520 3695 ὅτι
2538 3640 2820 3712 ἄνθρωπος
2844 3642 2938 3695 ἐὰν
2967 3641 3041 3711 μὴ
3063 3637 3312 3712 νεκρὼσῃ
3332 3638 3400 3692 τὰ
3421 3637 3705 3708 θελήματα

2124 3737 2224 3807 τῆς
2249 3735 2453 3807 σαρκὸς
2475 3734 2674 3797 πάντα,
2708 3734 2803 3787 καί
2837 3735 3108 3805 κτήσηται
3132 3732 3192 3785 τὸ
3213 3731 3405 3794 πένθος
3429 3729 3607 3794 τοῦτο,
3637 3732 3705 3783 οῦ

2125 3827 2344 3885 δύναται
2372 3828 2624 3897 γενέσθαι
2651 3827 2899 3897 μοναχός.
2919 3826 3080 3890 Ὅλος
3106 3825 3213 3897 γὰρ
3231 3827 3260 3878 6
3283 3824 3395 3894 βίος
3415 3824 3583 3895 αὐτῆς
3606 3825 3709 3878 καὶ

2125 3923 2155 3978 6
2185 3920 2310 3985 νοῦς
2353 3922 2434 3984 εἰς
2460 3919 2521 3976 τδ
2551 3918 2745 3983 πένθος
2779 3918 2927 3972 ἐστίν

2196 4013 2296 4083 ογ’.
2328 4009 2494 4081 Εἶπεν
2528 4015 2556 4066 ὀ
2603 4010 2778 4074 ἀϐϐᾶς
2812 4011 3022 4080 Ποιμήν
3047 4029 3061 4043 ·
3089 4010 3181 4083 Μὴ
3225 4011 3412 4083 μέτρει
3452 4007 3706 4073 σεαυτὸν,

2129 4106 2266 4171 ἀλλά
2298 4106 2588 4178 κολλήθητι
2607 4104 2683 4177 τῷ
2711 4105 2891 4171 καλῶς
2921 4103 3395 4175 ἀναστρεφομένη).

2200 4286 2289 4340 οδ’.
2322 4284 2453 4339 Εἶπε
2480 4285 2657 4349 πάλιν,
2691 4286 2773 4339 ὅτι
2795 4282 2888 4337 ἐὰν
2915 4282 3219 4355 παρέϐαλεν
3249 4280 3473 4352 ἀδελφὸς
3501 4279 3578 4350 τῷ
3607 4280 3715 4334 ἀϐ-

2134 4379 2205 4457 6;
2239 4378 2459 4450 Ἰωάννῃ
2491 4376 2570 4448 τῷ
2607 4374 2834 4446 κολοϐᾦ,
2865 4374 3138 4447 παρεδίδει
3180 4373 3327 4444 αὐτῷ
3353 4373 3453 4444 τὴν
3486 4371 3716 4442 ἀγάπην

2130 4471 2231 4540 τὴν
2255 4471 2311 4522 ὲν
2331 4469 2408 4538 τῷ
2439 4467 2761 4539 Ἀποστόλῳο
2799 4467 2871 4520 Ἦ
2926 4465 3126 4538 ἀγάπη
3148 4464 3533 4535 μακροθυμεῖ,
3561 4481 3715 4534 χρη-

2060 4565 2105 4621 Ι)
2135 4564 2430 4618 στεύεται.

2207 4655 2300 4710 σε’.
2328 4650 2465 4710 Εἷπε
2513 4652 2672 4709 πάλιν
2716 4652 2804 4706 διὰ
2839 4652 2930 4705 τὸν
2973 4650 3147 4704 ἀϐϐἄν
3193 4646 3421 4719 Παμϐὼ,
3454 4647 3535 4701 ὅτι
3586 4640 3718 4701 εἶπε

2137 4749 2266 4822 περὶ
2295 4745 2458 4802 αὑτοῦ
2490 4745 2520 4796 ὁ
2546 4743 2720 4808 ἀϐϐᾶς
2760 4741 3061 4806 Ἀντώνιος.
3089 4742 3170 4794 ὅτι
3212 4741 3277 4793 ἐκ
3301 4737 3395 4791 τοῦ
3426 4735 3721 4806 φοϐεῖσθαι

2135 4836 2225 4889 τὸν
2253 4834 2384 4888 Θεὸν
2411 4833 2632 4905 ἐποίησε
2656 4831 2718 4885 τὸ
2746 4830 2967 4901 Πνεῦμα
2992 4828 3084 4882 τοῦ
3100 4827 3234 4883 Θεοῦ
3264 4830 3427 4882 οἰκεῖν
3458 4828 3516 4880 ὲν
3536 4826 3720 4899 αὐτῷ.

2205 4933 2312 4996 ος·’.
2348 4923 2656 4998 Διηγήσατό
2704 4941 2786 4985 τις
2812 4922 2919 4977 τῶν
2965 4921 3224 4992 Πατέρων
3270 4918 3394 4988 περὶ
3437 4916 3533 4971 τοῦ
3563 4916 3727 4972 assa

2132 5019 2396 5095 Ποιμένος
2427 5016 2650 5080 καὶτῶν
2693 5014 2936 5077 ἀδελφῶν
2969 5012 3169 5076 αὑτοῦ,
3195 5012 3278 5066 ὅτι
3302 5010 3477 5082 ᾤκουν
3517 5011 3574 5061 ὲν
3621 5010 3727 5065 Λῖ-

2132 5112 2323 5183 γύπτῳ
2347 5111 2457 5178 (45)
2473 5127 2486 5141 ⁸
2516 5110 2607 5163 καὶ
2632 5106 3018 5178 ἐπιθυμοῦσαή
3041 5110 3222 5178 μήτηρ
3249 5105 3427 5158 αὐτῶν
3451 5104 3579 5155 ἰδεῖν
3613 5103 3693 5155 αὖ
3711 5132 3727 5142 ο

2130 5205 2257 5267 τοὺς
2317 5203 2418 5257 οὐκ
2458 5200 2709 5269 ἠδύνατο.
2773 5199 3206 5274 Παρετηρήσατο
3236 5196 3292 5250 δὲ
3317 5192 3731 5265 ἀπερχομένων

2132 5295 2311 5348 αὐτῶν
2344 5295 2424 5356 εἰς
2464 5290 2794 5360 ἐκκλησίαν,
2822 5291 2915 5349 καὶ
2953 5292 3267 5360 ἀπήντησεν
3306 5289 3508 5350 αὐτοῖς.
3550 5286 3624 5339 Οἱ
3665 5285 3731 5340 δὲ

1806 5456 1853 5492 η
1881 5454 1898 5514 Ι
1922 5456 2048 5519 Cor.
2087 5471 2206 5523 xm,
2244 5456 2294 5509 4.

2217 5613 2331 5683 (45)
2361 5616 2477 5669 ’Ότι
2508 5615 2705 5680 ᾤκουν
2729 5615 2799 5668 ἐν
2818 5615 3109 5683 Αἰγύπτῳ.
3142 5613 3277 5668 Vita:
3311 5610 3549 5683 Patron:
3586 5610 3731 5678 quia

2146 5677 2372 5814 {ion‘q'm'
2397 5677 2697 5744 habitarent
2724 5686 2778 5743 in
2817 5677 3069 5757 Ᾱῑὸνριο.
3120 5683 3183 5743 Et
3226 5684 3301 5739 ita
3339 5682 3474 5741 liber
3506 5677 3733 5737 FoSsa.

2166 5770 2334 5813 cnsui.

3938 2938 3982 2981 lia
