4032 6338
429 283 538 343 355

1576 285 1916 344 APPENDIX
1956 290 2047 344 AD
2086 288 2514 347 PALLADlUM.‘

3548 281 3656 336 556

428 407 827 466 alilicaturus,
866 401 1044 457 'multa
1088 404 1398 459 necessaria
1445 404 1678 474 colligit,
1714 421 1822 473 quo
1864 419 1993 474 pos-

2120 406 2267 474 ιῆσαι
2298 399 2465 464 οἷκον.
2505 402 2699 464 πολλὰς
2729 402 2772 431 ’⁸
2801 401 2986 473 χρείας
3013 404 3254 471 συνάγει,
3283 400 3430 462 ὅπως
3464 397 3657 482 δυνηθῇ

431 501 504 555 sit
556 513 674 552 eam
720 499 962 567 erigere;
1016 511 1080 550 ac
1127 498 1307 552 varias
1366 513 1549 552 rerum
1596 498 1809 566 species
1861 513 1996 550 con-

432 599 641 660 gregat.
678 589 750 643 Ita
773 597 827 644 et
857 605 977 653 nos,
1002 603 1195 659 parum
1229 603 1513 644 sumamus
1531 604 1562 644 e
1591 590 1804 645 cunctis
1832 591 2002 644 virtu-

433 684 598 737 libus.

503 774 628 828 151.
681 772 1030 842 Rogaverunt
1086 771 1307 841 quidam
1355 788 1386 827 e
1441 772 1694 834 Patrjbus
1749 776 2000 832 abbatem

435 865 761 927 l’mmenem,
793 863 1038 918 dicentes
1075 886 1085 918 :
1123 862 1239 929 Qua
1277 864 1489 919 ratione
1525 867 1694 921 abbas
1725 866 2004 922 Nisterous

433 957 569 1011 adeo
624 956 873 1009 toleravit
928 955 1255 1025 discipulum
1313 958 1520 1011 suum?
1578 958 1876 1028 Respondit
1926 961 2006 1016 eis

432 1049 601 1102 abbas
650 1046 871 1101 Pmmen
919 1065 930 1100 :
983 1046 1040 1101 Si
1095 1064 1195 1118 ego
1245 1047 1505 1112 fuissem,
1559 1051 1722 1105 etiam
1772 1054 2003 1106 cervical

434 1139 739 1210 posuissem
785 1138 888 1192 sub
935 1138 1055 1207 ejus
1099 1148 1280 1208 caput.
1333 1140 1422 1194 Ait
1467 1141 1540 1194 illi
1591 1143 1759 1196 abbas
1802 1143 2002 1196 Anub:

439 1230 501 1281 Et.
527 1230 652 1298 quid
687 1228 920 1284 dixisses
963 1228 1106 1282 Deo?
1136 1227 1358 1299 Excepit
1399 1230 1564 1284 abbas
1596 1230 1815 1286 Paamen
1849 1250 1862 1286 :
1895 1232 2008 1286 Uti-

437 1334 541 1386 que
574 1317 808 1370 dicerem
849 1336 862 1370 :
903 1317 1016 1371 Tua
1051 1333 1153 1372 vox
1186 1329 1269 1373 est
1303 1335 1316 1371 :
1352 1319 1500 1388 Ejice
1533 1321 1759 1387 primunt
1809 1320 2007 1374 lrabem

436 1409 500 1462 de
549 1410 700 1462 oculo
754 1417 880 1472 tuo,
931 1417 980 1461 et
1026 1417 1146 1460 tunc
1189 1408 1387 1463 videbis
1419 1410 1607 1478 ejicere
1649 1411 1906 1479 festucam
1946 1410 2010 1464 de

438 1501 586 1554 oculo
621 1501 808 1568 fratris
847 1503 921 1554 lui
956 1502 1019 1553 ¹⁸.

510 1591 632 1646 152.
676 1590 891 1645 Dictum
945 1591 1044 1647 fuit
1092 1595 1160 1647 ab
1205 1593 1402 1647 abbate
1452 1592 1704 1648 Pmmene
1737 1611 1751 1648 :
1787 1594 2010 1649 Esuries

439 1694 494 1739 et
515 1685 830 1739 dormitatio
864 1700 972 1741 non
1007 1686 1250 1741 siverunt
1281 1701 1378 1740 nos
1417 1685 1598 1740 videre
1629 1689 1838 1740 minuta
1875 1689 2006 1740 haec.

513 1859 634 1916 155.
679 1859 826 1916 Dixit
861 1861 1097 1917 iterum:
1125 1861 1276 1916 Multi
1308 1871 1557 1932 potentes
1585 1862 1820 1925 fuerunt,
1855 1864 2011 1935 pauci

441 1967 569 2008 vero
597 1963 956 2022 provocantes
985 1954 1050 2006 “.

514 2047 640 2101 154.
683 2047 796 2116 (71)
839 2046 1051 2102 Rursus
1097 2047 1263 2102 dixit.
1312 2046 1472 2100 editis
1521 2047 1810 2117 gemitibus
1839 2065 1851 2101 :
1880 2046 2015 2102 Uni-

443 2153 616 2192 versae
643 2142 876 2193 virtutes
909 2141 962 2193 in
985 2140 1208 2194 domum
1241 2139 1380 2192 hanc
1413 2138 1672 2208 ingressa:
1698 2148 1846 2202 sunt,
1881 2156 2014 2210 pra:-

443 2238 529 2284 ter
577 2246 738 2283 unam
765 2270 781 2293 ,
819 2231 936 2285 sine
962 2246 1070 2301 qua
1119 2239 1296 2285 tamen
1324 2245 1464 2297 aegre
1495 2231 1658 2283 stabit
1699 2231 1872 2288 homo.
1912 2231 2014 2286 Pe-

444 2323 650 2377 tierunt
679 2323 842 2392 igitur
867 2323 935 2376 ab
958 2340 1043 2388 eo,
1081 2338 1328 2393 quaenam
1363 2323 1451 2376 illa
1475 2330 1642 2377 esset.
1669 2312 1733 2375 Et
1762 2323 1878 2377 inlit
1903 2344 1914 2375 :
1950 2323 2016 2378 Ut

449 2415 610 2468 homo
643 2415 880 2483 seipsum
915 2413 1292 2484 reprehendat.

521 2505 642 2559 155.
685 2505 831 2561 Dixit
859 2523 1000 2576 saepe
1032 2508 1196 2561 abbas
1229 2507 1472 2573 Paunen,
1503 2509 1648 2577 quod
1685 2509 1788 2562 alia
1821 2524 1877 2563 re
1909 2524 2016 2562 non

448 2596 774 2666 indigemus,
805 2598 910 2652 nisi
947 2606 1127 2654 mente
1167 2598 1437 2669 vigilanti.

521 2686 644 2741 156.
699 2689 913 2758 Aliquis
963 2705 994 2743 e
1045 2689 1299 2745 Patribus
1351 2690 1706 2762 interrogavit
1765 2693 2017 2748 abbatem

449 2773 759 2832 Pmmenem
796 2797 808 2832 :
844 2777 1105 2844 Quisnam
1154 2787 1238 2834 est
1284 2781 1376 2848 qui
1417 2781 1550 2836 dicit
1581 2800 1594 2836 :
1630 2781 1899 2853 Particrps
1926 2801 2019 2854 ego

453 2884 572 2921 sum
619 2869 853 2922 omnium
898 2871 1192 2925 timentium
1231 2881 1280 2926 te
1309 2873 1391 2926 l'?
1429 2871 1492 2927 Et
1516 2876 1793 2946 respondit
1817 2893 1976 2932 senex
2002 2918 2018 2942 ,

447 2975 572 3016 esse
600 2959 869 3032 Spiritum
905 2973 1174 3021 sanctum.

2099 496 2292 566 στῆσαι
2325 495 2413 549 τὸν
2445 492 2613 559 οἷκον,
2647 496 2740 547 καὶ
2782 495 3010 566 διάφορα
3053 493 3108 546 δὲ
3148 491 3261 562 εἴδη
3287 491 3526 560 συνάγει.
3557 489 3664 543 Οὓ-

2096 605 2204 651 τως
2249 587 2344 641 καὶ⁵
2391 589 2571 658 ἡμεῖς,
2609 586 2862 657 λάῦωμεν
2900 586 3036 657 πρὸς
3084 583 3277 655 μικρὸν
3319 582 3424 636 ἀπὸ
3479 580 3666 635 πασῶν

2098 679 2207 732 τῶν
2240 678 2474 751 ἀρετῶν.

2171 767 2306 839 ρλα’.
2350 767 2665 839 Ἦρώτησάν
2715 783 2859 829 τινες
2902 764 3010 819 τῶν
3061 764 3319 836 Πατέρων
3360 765 3448 816 τὸν
3495 761 3666 816 ἁόϐᾶν

2101 861 2360 931 Ποιμὲνα,
2413 860 2678 928 λέγοντες·
2738 859 2861 922 Πῶς
2909 858 3082 922 οὕτως
3119 858 3375 927 ἠνέσχετο
3421 857 3450 909 6
3498 855 3668 918 ἀδεεῖς

2102 952 2408 1023 Νισθερῶος
2436 950 2529 1004 τοῦ
2562 950 2800 1022 μαθητοῦ
2825 951 2986 1003 αὐτοῦ
3011 967 3025 1012 ;
3057 949 3220 1016 Λέγει
3243 949 3426 1011 αὐτοῖς
3455 949 3481 999 6
3501 947 3670 1009 ἀϐεᾶς

2105 1044 2336 1114 Ποιμήν*
2374 1043 2436 1094 Εἰ
2487 1041 2598 1111 ἐγὼ
2635 1043 2803 1112 ἥμην,
2838 1042 2931 1093 καὶ
2970 1040 3031 1092 τὸ
3072 1039 3422 1111 κερϐικάριον
3465 1037 3672 1091 ἐτίθουν

2107 1135 2240 1206 πρὸς
2276 1133 2514 1204 κεφαλὴν
2557 1129 2739 1185 αὑτοῦ.
2769 1131 2932 1199 Λέγει
2974 1129 3124 1200 αὑτῷ
3163 1130 3191 1181 6
3241 1129 3412 1194 ἀόσᾶς
3461 1126 3666 1181 ’Λνού6’

2107 1224 2216 1278 Καὶ
2239 1224 2291 1276 τί
2319 1223 2503 1291 ἔλεγες
2530 1221 2608 1292 τῷ
2637 1221 2786 1290 Θεῷς
2825 1221 2984 1288 Λέγει
3018 1223 3046 1273 6
3069 1220 3241 1284 ἁὸϐἄς
3273 1220 3505 1290 Ποιμήν·
3533 1219 3673 1290 Ἐρῶ

2106 1312 2221 1381 οὖν,
2255 1317 2335 1368 ὅτι
2370 1317 2442 1369 Σὺ
2482 1309 2662 1377 εἴπας·
2699 1314 2949 1365 Ἔκϐαλε
2986 1311 3218 1380 πρῶτον
3259 1313 3372 1378 τὴν
3400 1309 3581 1364 δοκόν
3605 1311 3673 1363 ἐκ

2106 1407 2213 1461 τοῦ
2236 1406 2545 1476 ὀφθαλμοῦ
2577 1423 2715 1470 σου,
2747 1404 2842 1457 καὶ
2874 1403 3005 1456 τότε
3027 1401 3368 1470 διαϐλέψεις
3399 1401 3677 1456 ἐκϐαλεῖν

2109 1496 2176 1549 τὸ
2204 1496 2432 1564 κάρφος
2451 1497 2518 1548 ἐκ
2545 1497 2648 1549 τοῦ
2681 1494 2985 1564 ὀφθαλμοῦ
3016 1492 3121 1546 τοῦ
3153 1492 3418 1561 ἀδελφοῦ
3453 1507 3585 1546 σου.

2185 1589 2317 1661 ρλβ’.
2364 1584 2532 1640 Εἶπεν
2576 1589 2604 1641 6
2651 1586 2822 1648 ἀὸὃᾶς
2883 1585 3108 1655 Ποιμήν·
3176 1584 3240 1636 Ἠ
3299 1588 3454 1637 πεῖνα
3503 1584 3596 1637 καὶ
3646 1585 3676 1636 6

2111 1682 2420 1751 νυσταγμὸς
2463 1680 2563 1732 οὑκ
2612 1679 2821 1750 ἀφῆκεν
2875 1677 3020 1749 ἡμᾶς
3079 1676 3203 1729 ἰδεῖν
3254 1676 3423 1730 ταῦτα
3477 1677 3542 1729 τὰ
3590 1676 3678 1730 εὑ-

2049 1757 2089 1810 B
2113 1773 2266 1842 τελῆ.

2185 1870 2316 1943 ρλγθ.
2359 1863 2490 1922 Εἷπε
2531 1867 2690 1921 πάλιν
2712 1885 2724 1897 ·
2763 1866 2951 1920 Πολλοὶ
2979 1866 3225 1936 ἐγένοντο
3253 1863 3484 1917 δυνατοὶ.
3510 1863 3677 1930 ὀλίγοι

2112 1962 2169 2015 δὲ
2193 1964 2234 1994 ’⁷
2269 1981 2344 2016 πα
2353 1961 2684 2032 ροξύναντες.

2188 2052 2310 2124 ρλδ’.
2345 2047 2478 2105 Eine
2499 2051 2678 2116 πάλιν,
2714 2050 2850 2122 μετὰ
2884 2050 3198 2120 στεναγμῶν
3223 2048 3332 2120 (73)
3354 2065 3367 2078 ·
3410 2049 3582 2101 Πᾶσαι
3623 2045 3678 2099 al

2113 2145 2305 2215 ἀρεταὶ
2330 2144 2410 2206 εἰς
2436 2143 2526 2195 τὸν
2554 2139 2699 2195 οἶκον
2721 2141 2908 2196 τοῦτον
2935 2140 3198 2212 εἰσῆλθον,
3229 2141 3379 2212 παρὰ
3407 2141 3531 2209 μίαν
3561 2143 3685 2210 αρεέ

2115 2236 2213 2306 τήν
2233 2253 2246 2266 '
2277 2236 2369 2288 καὶ
2398 2233 2745 2303 ἐκτὸς-,αὑτῆς
2767 2234 2918 2304 κόπῳ
2942 2233 3149 2286 ἵσταται
3181 2232 3480 2304 ἄνθρωπος.
3518 2231 3684 2302 Ἠρώ-

2115 2345 2284 2399 τησαν
2308 2323 2399 2382 οὖν
2432 2327 2591 2382 αὑτὸν
2615 2327 2698 2391 τίς
2713 2328 2962 2380 ὲστι.Καὶ
2991 2321 3142 2378 εἶπεν
3163 2342 3175 2354 ·
3204 2325 3318 2378 Ἵνα
3345 2327 3372 2377 6
3400 2323 3682 2394 ἄνθρωπος

2120 2420 2396 2492 μέμψηται
2423 2419 2637 2474 ἑαυτόν.

2189 2511 2315 2582 ρλε’.
2353 2510 2544 2578 Ἔλεγε
2574 2510 2831 2575 πολλάκις
2858 2513 2886 2564 6
2909 2509 3079 2574 ἁϐὁᾶς
3109 2508 3340 2581 Ποιμὴν,
3363 2509 3443 2562 ὅτι
3473 2507 3545 2562 Οὐ
3573 2505 3686 2559 δεό-

2121 2601 2262 2672 μεθά
2283 2618 2448 2664 τινος,
2485 2603 2534 2654 εἰ
2565 2601 2640 2672 μὴ
2672 2601 2943 2674 νηφούσης
2961 2600 3218 2664 διανοίας.

2189 2690 2332 2764 ρλς’.
2379 2691 2654 2764 Ἠρώτησέ
2688 2710 2768 2755 τις
2801 2691 2906 2744 τῶν
2944 2691 3200 2761 Πατέρων
3232 2689 3322 2742 τὸν
3346 2688 3517 2742 ἀσὸἄν
3555 2687 3685 2740 Ποι-

2132 2786 2289 2858 μένα,
2330 2785 2502 2854 λέγων
2523 2801 2538 2816 ’
2571 2785 2665 2848 Τίς
2694 2787 2839 2838 ἐστιν
2873 2786 2901 2836 6
2931 2783 3124 2853 λέγων,
3150 2781 3414 2851 Μέτοχος
3435 2779 3548 2850 ἐγώ
3571 2781 3685 2849 ειμι

2119 2877 2358 2932 πάντων
2375 2877 2493 2932 τῶν
2506 2876 2886 2945 φοϐουμένων
2901 2892 3009 2939 σε;
3031 2877 3138 2928 Καὶ
3165 2871 3317 2928 εἶπεν
3342 2877 3370 2928 6
3394 2873 3588 2945 γέρων·
3612 2872 3685 2924 T6

2121 2965 2344 3036 Πνεῦμα
2372 2967 2432 3018 τὸ
2457 2965 2609 3032 ἅγιόν
2633 2966 2778 3018 ἐστιν
2802 2967 2830 3017 6
2863 2966 3054 3033 λέγων.

521 3075 645 3129 157.
688 3074 869 3130 Abbas
902 3075 1120 3130 Paamen
1164 3080 1516 3143 memoravit,
1546 3082 1692 3150 quod
1740 3081 1910 3136 frater
1937 3082 2016 3137 sic

2192 3079 2320 3152 ρλζν.
2355 3075 2518 3133 Εἶπεν
2550 3081 2577 3132 6
2606 3078 2777 3141 666i;
2798 3079 3024 3150 Ποιμὴν,
3053 3080 3133 3132 ὃτι
3159 3077 3441 3150 ἠρώτησεν
3463 3059 3687 3145 ἀδελιρδς

453 3168 867 3237 mterrogaverit
896 3170 1142 3224 abbatem
1181 3169 1500 3226 Simonem:
1533 3173 1588 3227 Si
1640 3190 1670 3228 e
1722 3175 1853 3229 cella
1900 3190 2018 3230 mea

453 3276 706 3331 egressus
739 3261 928 3326 fuero,
959 3277 1023 3316 ac
1054 3263 1310 3320 invenero
1347 3267 1568 3320 fratrem
1605 3282 1782 3321 meum
1815 3267 2018 3323 distra-

455 3360 625 3412 ctum,
658 3366 757 3417 ego
796 3367 1010 3422 quoque
1048 3369 1170 3407 cum
1211 3369 1277 3408 eo
1307 3355 1624 3423 distrahor;
1671 3365 1725 3411 et
1757 3359 2017 3413 ridentem

456 3441 505 3494 si
534 3441 817 3503 invenero,
849 3441 1011 3495 etiam
1043 3457 1166 3496 cum
1217 3444 1309 3497 illo
1357 3445 1539 3506 rideo;
1580 3461 1812 3515 cumque
1853 3447 2022 3500 intra-

453 3545 588 3586 vero
629 3531 681 3584 in
727 3531 916 3585 cellam
965 3547 1137 3586 meam
1161 3572 1175 3594 ,
1211 3549 1317 3588 non
1350 3535 1504 3589 sinor
1536 3535 1591 3590 in
1626 3537 1809 3606 quiete
1841 3552 2019 3607 agere.

459 3620 526 3676 Et
556 3622 756 3677 dixerit
780 3624 828 3677 ei
858 3638 1019 3678 senex
1058 3641 1072 3678 :
1109 3623 1224 3688 Vis,
1255 3642 1378 3680 cum
1413 3643 1667 3697 egressus
1697 3643 1728 3682 e
1759 3628 1895 3682 cella
1931 3637 2022 3681 tua

460 3715 731 3784 repereris
763 3714 1001 3770 ridentes
1022 3753 1038 3776 .
1079 3726 1134 3769 tu
1167 3717 1326 3770 etiam
1383 3719 1592 3782 ridere;
1622 3727 1674 3772 et
1719 3719 2021 3789 loquentes,

463 3815 518 3860 tu
551 3808 754 3876 pariter
785 3806 1530 3877 loqui;cumqueintraveris
1563 3810 1614 3863 in
1633 3811 1824 3864 cellam
1854 3819 2020 3874 tuam,

460 3908 516 3954 te
562 3899 722 3953 talem
765 3900 1010 3955 invenire
1061 3900 1238 3970 qualis
1291 3902 1458 3956 eras?
1491 3902 1581 3955 Ait
1641 3901 1809 3957 frater
1853 3921 1866 3957 :
1918 3902 2022 3957 Sed

461 3990 630 4061 quid?
667 3990 965 4062 Respondit
1015 4007 1180 4048 senex
1216 4011 1229 4047 :
1270 3994 1420 4048 lntus
1477 4009 1632 4049 serva
1684 3994 2025 4061 custodiam;

461 4091 616 4138 extra
649 4097 806 4139 serva
839 4084 1163 4140 custodiam.

538 4252 660 4306 158.
701 4251 778 4306 Ex
798 4269 894 4308 ore
920 4255 1135 4311 abbatis
1162 4257 1400 4316 Danielis
1421 4278 1435 4315 :
1458 4258 1713 4317 Venimus
1736 4261 2030 4332 aliquando

465 4345 532 4396 ad
557 4344 802 4397 abbatem
827 4343 1156 4410 Pmmenem,
1180 4351 1452 4420 simulque
1473 4354 1652 4408 cibum
1672 4356 2026 4426 sumpsimus.

2118 3170 2211 3224 τὸν
2250 3169 2422 3224 ἀόὁᾶν
2463 3169 2702 3239 Σίμωνα,
2737 3167 2930 3236 λέγων,
2973 3169 3054 3222 ὃτι
3107 3168 3230 3221 Ἐὰν
3271 3166 3470 3232 ἐξέλθω
3507 3169 3571 3220 ὲκ
3594 3165 3688 3220 τοῦ

2119 3260 2331 3313 κελλίου
2373 3275 2496 3330 μου,
2531 3259 2625 3312 καὶ
2655 3258 2800 3330 εὕρω
2830 3259 2918 3312 τὸν
2953 3257 3176 3326 ἀδελφόν
3209 3274 3308 3328 μου
3339 3257 3691 3328 περισπώμε-

2121 3367 2231 3411 νον,
2280 3346 2433 3416 κάγὼ
2480 3347 2833 3420 περισπῶμαι
2895 3346 3012 3417 μετ’
3041 3345 3226 3400 αὑτοῦ·
3272 3347 3367 3399 καὶ
3413 3345 3508 3399 ἐὰν
3541 3343 3688 3416 εὕρω

2121 3442 2282 3496 αὑτὸν
2316 3441 2556 3510 γελῶντα
2579 3480 2594 3504 ,
2663 3440 2816 3510 κάγὼ
2865 3440 3005 3510 γελῶ
3069 3440 3183 3511 μετ’
3226 3439 3409 3493 αὑτοῦ·
3452 3439 3545 3493 ἐὰν
3598 3434 3694 3493 οὖν

2121 3535 2344 3589 εἰσέλθω
2374 3537 2454 3599 εἰς
2496 3535 2555 3586 τὸ
2587 3533 2796 3587 κελλίον
2833 3551 2954 3604 μου,
2990 3534 3088 3588 οὐκ
3121 3534 3350 3604 ἁφίεμαι
3387 3533 3693 3586 ἀνάπαυσιν

2123 3627 2283 3699 ἔχειν.
2305 3627 2467 3696 Λέγει
2491 3626 2640 3697 αὑτῷ
2661 3628 2689 3679 6
2715 3626 2889 3698 γέρων
2904 3643 2917 3655 ·
2935 3624 3137 3689 Θέλεις,
3163 3625 3255 3678 ἐὰν
3275 3622 3491 3694 ἐξέλθῃς
3513 3625 3576 3676 ἐκ
3599 3620 3693 3674 τοῦ

2121 3719 2333 3773 κελλίου
2369 3737 2484 3783 σου,
2526 3720 2621 3773 καὶ
2649 3718 2813 3791 εὕρῃς
2835 3719 2961 3781 τοὺς
2988 3716 3280 3785 γελῶντας,
3308 3717 3400 3770 καὶ
3429 3718 3492 3769 σὺ
3534 3713 3694 3784 γελά-

2126 3829 2234 3866 σαι·
2267 3812 2361 3864 καὶ
2389 3813 2514 3874 τοὺς
2547 3810 2859 3873 λαλοῦντας,
2887 3810 2980 3864 καὶ
3009 3811 3073 3862 σὺ
3111 3808 3358 3878 λαλῆσαν
3391 3808 3483 3861 καὶ
3521 3806 3695 3860 εἰσέλ-

2126 3897 2224 3968 θῃς
2271 3900 2350 3961 εἰς
2382 3898 2442 3950 τὸ
2483 3897 2689 3951 κελλίον
2734 3914 2849 3961 σου,
2884 3898 2978 3951 καὶ
3024 3896 3187 3969 εὕρῃς
3244 3898 3428 3951 ἑαυτὸν
3473 3898 3547 3960 ὡς
3587 3893 3692 3969 ἦςς

2126 3990 2286 4057 Λέγει
2319 3991 2347 4042 6
2380 3989 2625 4058 ἁδελφός
2668 3988 2830 4043 Ἀλλὰ
2869 3990 2954 4055 τις
3006 3991 3114 4044 Καὶ
3171 3988 3486 4061 ἀποκριθεὶς
3532 3991 3561 4040 6
3603 3989 3695 4058 γέτ

2130 4099 2237 4153 ρων
2283 4078 2455 4136 εἶπεν·
2493 4085 2640 4136 "Eam
2687 4085 2840 4156 τήρει
2888 4084 3156 4156 φυλακὴν,
3194 4085 3298 4150 ἔξω
3341 4086 3494 4155 τήρει
3528 4084 3696 4154 φυλα-

2126 4173 2250 4244 κήν.

2199 4265 2334 4336 ρλη’.
2371 4264 2591 4332 Ἔλεγεν
2639 4268 2667 4318 6
2711 4265 2882 4330 6.665.;
2925 4265 3139 4336 Δανιὴλ,
3184 4267 3265 4320 ὃτι
3312 4266 3695 4338 Παρεὸάλομέν

2130 4374 2258 4410 ποτε
2304 4357 2382 4427 τῷ
2429 4357 2572 4428 esse
2611 4358 2854 4428 Ποιμένι,
2902 4358 2995 4410 καὶ
3035 4357 3376 4430 ἑγευσάμεθα
3398 4359 3552 4430 ὁμοῦ.
3586 4360 3695 4413 Kal.

466 4435 660 4489 Postea
677 4435 754 4488 ait
783 4437 942 4491 nobis
970 4455 983 4490 :
1013 4437 1109 4502 Ite,
1137 4438 1358 4506 fratres,
1392 4458 1582 4511 parum
1609 4447 1809 4514 quietis
1829 4449 2017 4517 capite.

2133 4447 2269 4517 μετὰ
2294 4447 2356 4500 τὸ
2376 4447 2672 4515 γεύσασθαι
2694 4448 2849 4519 ὁμοῦ,
2873 4448 3019 4516 λέγει
3044 4451 3175 4519 ἡμῖν
3196 4468 3208 4481 ⁸
3254 4450 3543 4518 Ὑπάγετε,
3568 4451 3696 4503 ἀνα-

466 4527 638 4596 ἰείιυιι
668 4527 864 4582 fratres
902 4529 1150 4584 abierunt
1185 4532 1427 4588 cubitum
1462 4534 1529 4586 ad
1575 4537 1845 4591 modicum
1893 4549 2031 4594 tem-

468 4633 605 4687 pus;
645 4633 746 4688 ego
799 4629 977 4676 autem
1033 4624 1328 4692 permansi,
1383 4635 1441 4680 ut
1487 4629 1716 4683 seorsim
1755 4630 2030 4700 colloque-

468 4722 576 4791 ξεν.
617 4710 746 4764 Dein
792 4725 1092 4781 exsurgens
1125 4712 1247 4767 veni
1285 4715 1336 4768 in
1369 4717 1559 4770 cellam
1608 4718 1749 4787 ejus.
1799 4716 1868 4772 Ut
1903 4736 2030 4789 ergo

470 4799 848 4856 animadvertit
889 4818 973 4858 me
1003 4803 1070 4856 ad
1115 4804 1292 4874 ipsum
1324 4807 1615 4872 accedere,
1652 4809 1938 4865 collocavit
1971 4826 2030 4866 se

468 4889 625 4958 quasi
685 4887 968 4948 dormiret.
1020 4892 1144 4949 Haec
1192 4896 1334 4951 enim
1386 4904 1504 4952 erat
1552 4899 1701 4954 senis
1751 4903 2028 4971 operatio,

471 4989 664 5035 cuncta
697 4983 749 5036 in
776 4985 990 5039 occulto
1020 4984 1217 5041 facere.

542 5077 664 5128 159.
705 5075 966 5130 Monitum
1012 5076 1225 5133 abbatis
1254 5079 1564 5138 Pmmenis:
1597 5083 1655 5138 Si
1695 5086 1892 5140 videris
1917 5102 2031 5156 spc-

2133 4539 2370 4593 παύεσθε
2406 4540 2620 4611 μικρὸν,
2653 4539 2889 4610 ἀδελφοί.
2938 4541 3204 4611 Ἀπῆλθον
3245 4539 3339 4596 οὖν
3380 4544 3429 4595 ol
3480 4543 3696 4612 ἀδελφοὶ

2136 4633 2326 4703 μικρὸν
2369 4633 2695 4702 ἀναπαῆναι,
2743 4632 2896 4702 κάγὼ
2937 4634 3244 4706 παρέμεινα
3288 4634 3513 4706 λαλῆσαι
3550 4634 3696 4704 αὐτῷ

2134 4722 2273 4776 κατὰ
2303 4723 2486 4793 μόνας,
2515 4725 2610 4777 καὶ
2637 4725 2875 4788 ἀναστὰς
2900 4720 3059 4796 ἦλθον
3079 4727 3158 4789 εἰς
3178 4727 3276 4797 τὴν
3297 4726 3489 4781 κέλλαν
3511 4727 3692 4780 αὑτοῦ.

2146 4818 2232 4882 Ὠς
2255 4815 2346 4872 οὖν
2368 4814 2474 4872 εἶδέ
2508 4835 2574 4889 με
2600 4819 2890 4891 ἐρχόμενον
2917 4821 3053 4892 πρὸς
3082 4821 3262 4886 αὑτὸν,
3293 4820 3483 4893 ἔθηκεν
3507 4820 3696 4874 ἑαυτὸν

2133 4907 2208 4971 ὡς
2242 4908 2599 4980 κοιμώμενον.
2635 4911 2782 4982 Αὐτὴ
2814 4910 2922 4982 γὰρ
2954 4907 3022 4982 ἦν
3061 4911 3094 4982 ὴ
3127 4910 3356 4985 ἐργασία
3393 4911 3486 4965 τοῦ
3511 4914 3698 4984 γέρον·-

2135 5017 2244 5064 τος,
2277 5001 2453 5055 πάντα
2483 5003 2539 5054 ὲν
2563 5003 2790 5075 κρυπτῷ
2824 5006 3017 5061 ποιεῖν.

2209 5091 2336 5162 ρλθν.
2371 5089 2536 5148 Εἶπεν
2577 5097 2606 5148 ὁ
2641 5095 2813 5159 ὰὸὁᾶς
2842 5096 3071 5168 Ποιμήν·
3123 5093 3250 5150 Ἐὰν
3288 5095 3402 5171 ἴδῃς
3428 5095 3702 5168 θεάματα,

545 5267 591 5289 ι·
621 5264 806 5311 Matth.
842 5275 938 5325 vn,
971 5260 1022 5316 5.
1099 5262 1143 5294 ’δ
1167 5262 1330 5320 Hebr.
1355 5283 1408 5331 x,
1441 5267 1530 5321 24.
1606 5269 1650 5301 ¹⁸
1688 5269 1828 5325 Psal.
1855 5286 2017 5326 cxvm

2120 5273 2154 5326 ἱ.
2236 5273 2278 5304 ³⁸
2309 5274 2392 5329 Al.
2445 5273 2640 5336 610:."
2679 5275 2759 5330 Al.
2798 5276 2962 5330 inser.
3007 5276 3103 5348 μή.

548 5454 660 5526 (⁸21)
703 5452 806 5526 Vit.
842 5454 994 5511 Patr.
1025 5475 1157 5524 xxii,
1193 5461 1263 5525 2;
1295 5461 1516 5517 Dorotb.
1552 5463 1737 5520 Doctr.
1770 5467 1822 5520 7.

548 5523 659 5605 (ἶῖ)
696 5523 1098 5605 E1¥€_§ﬂlﬁ,
1143 5523 1292 5605 μετὰ
1322 5535 1697 5605 στεναγμῶν.
1742 5535 1857 5591 Duo
1908 5536 2033 5592 libri

477 5597 715 5680 Qpl‘bert.
824 5597 996 5680 esse;
1051 5597 1283 5680 Πριμὴν,
1324 5597 1833 5680 .1ro-gé_'ia0ﬁuevoc
1898 5609 2038 5680 μετὰ

478 5667 740 5737 ἀδελφῶν,
775 5668 1027 5736 ἐστέναξε
1053 5667 1228 5740 pira"
1254 5672 1346 5726 καὶ
1379 5674 1554 5731 αὐτῶν
1593 5667 1912 5749 πυθομένων
1935 5680 2034 5748 τὴν

2138 5467 2335 5542 αζτζαν,
2368 5469 2565 5542 Πᾶσαι,
2601 5469 3106 5542 ςρησὶνηαι-ἀρεταὶ
3145 5471 3487 5542 συνήχθησαν
3530 5473 3586 5522 ὲν
3628 5473 3696 5542 τῇ

2139 5536 2302 5622 κέλλῃ
2327 5537 2499 5612 ταύτῃ
2517 5540 2686 5662 χωδςὶς
2712 5541 2862 5624 μιᾶς,
2892 5536 2962 5614 ἦς
2992 5542 3159 5613 χωρὶς
3182 5535 3573 5609 οὑδέἱζῦψεται
3607 5535 3698 5592 τὸν

2141 5609 2364 5662 Κυριον·
2399 5607 2551 5662 ἔλεγε
2675 5625 2879 5662 ταυτην
2928 5605 3089 5662 εἶναι.
3134 5609 3196 5662 τὸ
3239 5611 3430 5662 ἑαυτὸν
3485 5616 3697 5662 μέμει-

2141 5605 2364 5730 Kodpiov'
2399 5605 2551 5678 ελέγέ
2580 5605 2637 5662 δὶ
2675 5605 2879 5682 ταύτην
2916 5605 3089 5675 εἶναι,
3134 5609 3196 5663 τὸ
3239 5605 3442 5665 ἑαυτὸν
3483 5616 3697 5682 μέμει-

2142 5693 2174 5730 σ
2209 5695 2284 5731 αι.
