4028 6338
274 312 402 378 357

1420 316 2029 378 APOPHTHEGMATA
2069 316 2383 376 PATRUM.

3423 320 3528 377 558

272 441 377 491 καὶ
408 438 580 501 ἀκοὰς
606 432 866 509 ἀκούσῃς,
905 435 980 509 μὴ
1001 435 1190 509 διηγοῦ
1216 437 1354 499 αὐτὰ
1378 438 1456 512 τῷ
1484 437 1708 512 πλησίον
1742 455 1858 492 σοῦ’

1975 437 2203 501 rtacula,
2233 446 2287 491 et
2314 435 2554 492 audieris
2583 451 2885 502 sermones,
2918 438 3028 494 noli
3062 450 3320 492 enarrarc
3350 443 3528 505 ιιι-(ιιι-

269 527 563 601 ἀνατροπὴ
587 529 698 602 γάρ
719 530 834 583 ἐστι
864 530 1116 602 πολέμου.

356 626 469 693 pp}.
497 615 634 675 Εῐπε
665 621 847 675 πάλιν·
876 620 951 673 T6
976 620 1189 690 πρῶτον
1228 620 1367 690 φύγε
1395 621 1561 689 ἅπαξ,
1596 621 1658 676 τὸ
1680 620 1861 677 δεῦτε-

274 729 379 787 ρον
413 713 572 783 φύγε,
602 713 664 766 τὸ
685 712 888 783 τρίτον,
923 711 1085 781 γενοῦ
1109 714 1369 784 ῥομφαία.

356 804 509 877 ρμα’.
542 802 675 859 Εἷπε
702 805 864 858 πάλιν
885 806 913 859 6
937 804 1111 869 ἀσσᾶς
1135 805 1348 876 Ποιμὴν
1374 804 1453 878 τῷ
1480 805 1623 879 ἀϐδᾷ
1652 808 1858 862 Ἰσαάκο

274 899 561 968 Κούφισον
592 898 758 970 μέρος
788 900 888 969 τῆς
914 897 1263 970 δικαιοσύνης
1293 915 1409 964 σου,
1446 900 1540 952 καὶ
1567 900 1705 965 ἕξεις
1729 901 1856 955 ἀνά·

274 1005 488 1046 παυσιν
515 989 614 1054 τὰς
641 990 827 1058 ὀλίγας
857 990 1072 1061 ἡμέρας
1099 1006 1212 1043 σου.

357 1082 506 1155 ρμβ’.
552 1083 799 1151 Ἀδελφὸς
850 1081 1124 1155 παρέϐαλε
1172 1081 1250 1153 τῷ
1288 1081 1430 1154 ἁὸὁᾷ
1475 1082 1715 1153 Ποιμένι·
1767 1086 1861 1137 καὶ

276 1176 775 1246 συγκαθεζομένων
802 1176 984 1240 τινῶν,
1020 1173 1251 1246 ἐπῄνεσέ
1271 1192 1390 1227 τινα
1420 1174 1662 1244 ἀδελφὸν,
1688 1175 1763 1242 ὼς
1781 1178 1861 1230 ὅτι

275 1264 653 1338 μισοπδονηρός
685 1267 822 1320 ἐστι.
863 1264 1024 1333 Λέγει
1064 1266 1094 1318 6
1135 1263 1305 1328 ἀδδᾶς
1344 1265 1554 1336 Ποιμὴν
1584 1265 1661 1336 τῷ
1700 1267 1863 1337 λαλή-

276 1370 462 1413 σαντιο
491 1357 600 1410 Καὶ
642 1356 695 1409 τί
733 1359 850 1410 ἐστι
880 1355 1276 1427 μισοπονηρίας
1316 1356 1535 1426 Ἐξέστη
1566 1357 1622 1410 δὲ
1655 1358 1684 1409 6
1716 1357 1865 1412 ἀδελ-

276 1450 404 1520 φὸς,
429 1450 526 1503 οιαὶ
547 1451 647 1520 οὐχ
673 1444 827 1521 εὗρεν
859 1449 1241 1521 ἁποκριθῆναι’
1270 1448 1505 1513 ἀναστὰς
1524 1449 1581 1502 δὲ
1610 1450 1862 1522 μετενόη-

280 1560 348 1597 σε
376 1540 454 1613 τῷ
471 1541 708 1614 γέροντι,
738 1541 932 1610 λέγων⁸
961 1541 1095 1595 ΕΞπέ
1123 1558 1213 1612 μοι
1244 1541 1299 1594 τί
1321 1544 1435 1595 ἐστι
1465 1544 1857 1615 μισοπονηρίας

280 1633 434 1703 Ἔφη
465 1634 493 1685 6
523 1632 722 1703 γέρωνο
746 1631 1123 1701 Μισοπονηρία
1158 1630 1293 1704 αῦτη
1332 1632 1501 1696 ἐστὶν,
1543 1633 1597 1685 εἰ
1640 1651 1721 1697 τις
1766 1634 1863 1697 τὰς

279 1723 557 1797 ἁμαρτίας
580 1721 746 1776 αὐτοῦ
778 1721 1028 1795 ἐμίσησε,
1055 1723 1148 1777 καὶ
1177 1723 1267 1777 τὸν
1297 1723 1524 1793 πλησίον
1556 1724 1719 1778 αὐτοῦ
1754 1724 1861 1778 ἐδι-

283 1814 523 1869 καίωσεν
535 1846 549 1862 .

361 2003 510 2067 ρμγ’.
554 1993 804 2064 ’Λδελιιςὸς
835 1994 1170 2067 παραϐαλὼν
1203 1996 1281 2068 τῷ
1317 1996 1462 2069 ἁὸὁᾷ
1496 1998 1737 2070 Ποιμένι,
1776 1997 1857 2052 λέο

280 2103 374 2159 γει
393 2088 564 2160 αὐτῷ·
600 2088 667 2141 Τί
698 2090 937 2160 ποιήσω;
967 2088 1129 2157 Λέγει
1157 2086 1304 2158 αὐτῷ
1347 2089 1375 2140 6
1404 2088 1602 2158 γέρων’
1623 2089 1861 2157 Ὕπαγε,

286 2180 589 2253 πλησίασον
615 2179 752 2251 μετὰ
772 2178 865 2233 τοῦ
893 2179 1159 2248 λέγοντος,
1186 2179 1251 2234 Τί
1282 2180 1419 2235 θέλω
1439 2181 1582 2250 ἐγώ;
1611 2182 1704 2235 καὶ
1725 2181 1864 2248 ἔξεις

281 2271 617 2326 ἀνάπαυσιν.

362 2364 499 2438 ρμδν.
527 2365 833 2435 Διηγήσατο
863 2367 892 2418 6
943 2365 1116 2438 ἀϐΰᾶς
1162 2365 1378 2437 Ἰωσὴφ,
1424 2367 1505 2420 ὅτι
1530 2360 1679 2419 εἶπεν
1712 2366 1739 2417 6
1771 2364 1867 2419 ἀδ-

1964 546 2054 586 ιιιο
2091 539 2205 586 ιιιο.
2244 528 2339 585 Est
2364 530 2509 585 enim
2540 531 2732 585 bellica
2766 531 3068 587 subrersio.

2034 622 2157 677 140.
2200 621 2315 694 (75)
2358 620 2503 675 Dixit
2549 623 2757 677 etiam:
2792 623 2975 677 Primo
3026 622 3148 692 fuge
3194 625 3391 688 semel,
3440 636 3526 677 se-

1962 714 2142 768 cundo
2169 716 2311 784 fuge,
2346 714 2510 768 tertio
2535 714 2747 769 elliccre
2770 715 2919 769 velut
2949 713 3281 783 rhomptzam.

2034 806 2159 862 Ml.
2224 805 2370 861 Dixit
2422 807 2617 862 iterum
2672 806 2839 861 abbas
2892 805 3111 859 Pitanen
3165 808 3228 858 ad
3281 805 3531 860 abbatem

1963 897 2206 952 lsaacum
2238 915 2251 951 :
2283 894 2479 953 Levem
2512 896 2676 953 redde
2700 897 2926 966 justitia:
2963 907 3067 949 tua:
3104 907 3329 967 partem,
3361 907 3414 952 ct
3440 900 3530 951 lia-

1963 989 2116 1044 bebis
2148 990 2388 1060 requiem
2421 992 2476 1044 in
2511 991 2701 1062 paucis
2726 990 2921 1044 diebus
2946 995 3077 1043 tuis.

2032 1079 2156 1134 142.
2208 1080 2325 1151 (74)
2371 1079 2564 1135 Frater
2610 1080 2851 1135 visitarit
2895 1081 3145 1134 abbatem
3190 1077 3532 1146 Pininenem,

1963 1179 2127 1243 atque
2155 1188 2261 1227 una
2297 1173 2613 1229 sedentibus
2648 1173 2947 1237 nonnullis,
2981 1172 3222 1226 laudavit
3246 1176 3535 1243 quemdam

1962 1261 2210 1328 fratrem,
2240 1264 2397 1335 quasi
2428 1266 2518 1334 qui
2549 1276 2694 1319 esset
2726 1268 2990 1320 malorum
3019 1282 3168 1320 osor.
3203 1265 3341 1319 Dicit
3367 1264 3537 1319 abbas

1960 1349 2184 1407 Ptnmen
2212 1354 2261 1408 ei
2294 1354 2387 1423 qui
2418 1353 2471 1407 id
2502 1357 2714 1409 locutus
2748 1354 2965 1409 fuerat:
2997 1354 3059 1408 Et
3092 1355 3222 1425 quid
3254 1365 3338 1410 est
3369 1358 3538 1408 malo-

1963 1458 2083 1497 rum
2113 1443 2341 1499 odium?
2373 1446 2441 1499 At
2475 1446 2643 1501 frater
2680 1449 2994 1518 obstupuit,
3029 1463 3129 1503 nec
3166 1449 3370 1502 invertit
3408 1448 3537 1517 quid

1965 1536 2359 1606 responderet:
2393 1537 2534 1591 unde
2562 1553 2791 1607 surgens
2825 1540 2941 1596 seni
2978 1555 3039 1594 se
3101 1540 3407 1605 inclinavit,
3450 1557 3541 1611 pe-

1965 1638 2083 1683 tens
2139 1628 2361 1683 doceret
2409 1645 2534 1684 eum
2585 1630 2717 1700 quid
2786 1645 2933 1685 esset
2995 1631 3181 1686 odium
3246 1634 3538 1688 malorum.

1967 1716 2189 1787 Excepit
2236 1734 2399 1771 senex
2428 1735 2441 1772 :
2468 1717 2580 1772 Hoc
2618 1730 2701 1773 est
2735 1721 3003 1774 malorum
3054 1721 3275 1786 odium,
3311 1724 3357 1778 si
3415 1724 3539 1794 quis

1896 1813 1934 1865 Β
1967 1818 2182 1878 peccata
2217 1826 2315 1865 sna
2345 1810 2540 1873 oderit,
2576 1812 2993 1884 proximumque
3016 1829 3176 1869 suum
3201 1815 3411 1885 justum
3439 1831 3540 1887 pu-

1966 1903 2178 1953 laverit.

2035 1992 2158 2047 145.
2194 1991 2385 2046 Frater
2428 1994 2519 2063 qui
2567 2002 2876 2050 accesserat
2901 1995 2967 2049 ad
3016 1995 3267 2052 abbatem
3318 1994 3555 2051 Ptemeo'

1963 2098 2109 2145 nem.
2141 2084 2216 2137 ait
2245 2085 2322 2138 illi
2354 2104 2367 2140 :
2397 2086 2536 2151 Quid
2571 2086 2805 2141 faciam?
2836 2087 3011 2142 Senex
3047 2089 3112 2143 ad
3147 2104 3269 2142 eum
3314 2106 3329 2143 :
3367 2086 3538 2152 Vade,

1969 2176 2206 2247 adjuuge
2235 2187 2287 2232 te
2338 2176 2541 2232 honuni
2580 2178 2777 2233 dicenti
2811 2198 2823 2233 :
2862 2178 2999 2246 Quid
3051 2198 3145 2249 rgo
3184 2180 3345 2235 volo?
3374 2188 3428 2236 et
3456 2196 3539 2237 re-

1964 2268 2145 2336 quiem
2175 2268 2548 2337 consequeris.

2037 2359 2161 2414 144.
2212 2359 2467 2414 Narravit
2512 2362 2679 2415 abbas
2736 2360 2962 2432 Joseph,
3012 2362 3222 2417 dixisse
3275 2363 3530 2419 abbatem

280 2436 392 2521 Βᾶς
434 2456 636 2520 Ἰσαὰκ,
698 2455 783 2510 ὅτι
840 2436 1155 2529 Ἐκαθήμην
1216 2436 1346 2511 mre
1397 2457 1533 2529 πρὸς
1576 2457 1665 2510 τὸν
1695 2456 1866 2511 ἀϐὅᾶν

1975 2450 2121 2507 Isaac
2152 2472 2165 2507 :
2199 2450 2464 2508 Sedebam
2505 2454 2804 2523 aliquando
2838 2455 2981 2524 apud
3018 2456 3273 2511 abbatem
3324 2456 3538 2512 Poeme-

293 2548 555 2619 Ποιμένα·
584 2548 679 2602 καὶ
709 2543 847 2601 εἶδον
873 2548 1035 2601 αὐτὸν
1073 2550 1131 2601 ἐν
1156 2549 1411 2603 ἐκστάσει
1439 2547 1748 2619 γενόμενον·
1774 2548 1869 2601 καὶ

1975 2559 2131 2611 nem,
2187 2553 2240 2599 et
2289 2546 2550 2617 conspexi
2595 2550 2646 2600 in
2683 2549 2945 2602 exstasini
2985 2557 3233 2619 raptum;
3283 2551 3545 2621 quodque

290 2641 480 2713 ἐπειδὴ
525 2636 668 2711 εἶχον
702 2641 839 2715 πρὸς
871 2642 1034 2697 αὑτὸν
1069 2640 1270 2713 πολλὴν
1302 2639 1614 2713 παρρησίαν
1633 2679 1649 2704 ,
1682 2639 1869 2694 ἔϐαλον

1975 2636 2141 2690 multa
2173 2645 2358 2692 uterer
2400 2653 2528 2709 erga
2566 2638 2718 2692 illum
2759 2640 3015 2709 loquendi
3052 2640 3324 2704 libertate,
3354 2644 3547 2697 incur-

288 2732 445 2803 αὐτῷ
473 2732 780 2805 μετάνοιαν,
813 2735 907 2789 καὶ⁵
927 2733 1277 2806 παρεκάλεσα
1302 2733 1485 2798 αὑτὸν,
1514 2732 1710 2802 λέγων·
1735 2731 1870 2786 Εἰπέ

1975 2728 2090 2781 vavi
2115 2743 2200 2783 me
2219 2742 2404 2782 coram
2435 2728 2575 2799 ipso,
2601 2744 2664 2782 ac
2690 2728 3020 2799 deprecatus
3052 2747 3173 2787 sum
3203 2732 3290 2788 his
3320 2734 3541 2787 verbis:

289 2844 407 2898 μοι,
433 2827 535 2880 ποῦ
561 2822 664 2897 ἦςς
718 2826 776 2879 ’0
812 2825 868 2879 δὲ
906 2825 1270 2894 ἀναγκασθεὶς
1317 2823 1488 2879 εἶπεν·
1528 2826 1589 2879 ὐ
1626 2824 1757 2895 ἐμὸς
1784 2825 1872 2878 λου

1975 2818 2150 2873 Effare
2179 2819 2335 2884 mihi,
2363 2820 2455 2875 ubi
2485 2820 2648 2875 eras?
2679 2822 2770 2875 llle
2797 2837 2927 2877 vero
2959 2832 3186 2878 coactus
3215 2824 3500 2894 respondit
3525 2844 3540 2879 :

285 2919 492 2991 γισμὸς
524 2960 540 2985 ,
559 2920 693 2974 ὅπου
719 2920 755 2992 ἠ
803 2919 932 2988 ἁγία
963 2920 1154 2989 Μαρία
1175 2921 1209 2991 ἡ
1237 2918 1497 2982 Θεοτόκος
1524 2919 1743 2991 ἔστηκε.
1778 2918 1873 2972 καὶ⁵

1975 2909 2125 2965 Mens
2160 2924 2280 2963 mea
2332 2910 2388 2963 in
2442 2925 2509 2964 eo
2560 2911 2680 2965 loco
2731 2913 3072 2978 versabatur,
3123 2914 3324 2983 inquo
3354 2925 3545 2971 sancta

286 3011 511 3067 ἔκλαιεν
530 3013 623 3067 ἐπὶ
650 3013 743 3067 τοῦ
775 3012 1008 3082 σταυροῦ
1041 3012 1134 3067 τοῦ
1177 3012 1449 3085 Σωτῆρος·
1486 3012 1580 3066 καὶ
1603 3011 1714 3082 ἐγὼ
1740 3012 1869 3084 ἤθε-

286 3105 390 3160 λεν
419 3105 648 3161 πάντοτε
674 3104 847 3171 οὕτως
871 3105 1097 3160 κλαίειν.

366 3282 509 3359 ρμέ.
547 3285 796 3355 Ἀδελφὸς
818 3283 1069 3357 ἠρώτησε
1097 3283 1187 3337 τὸν
1214 3282 1386 3337 ἀόδᾶν
1402 3281 1867 3354 Ποιμένα,λέγων·

289 3378 362 3435 Τί
387 3379 598 3450 ποιήσω
637 3377 717 3448 τῷ
745 3376 900 3450 βάρει
934 3376 1110 3447 τούτῳ
1159 3374 1236 3446 τῷ
1266 3375 1543 3446 συνέχοντί
1575 3391 1676 3444 με;
1710 3374 1874 3442 Λέγει

288 3469 444 3540 αὐτῷ
473 3472 501 3523 6
538 3470 736 3538 γέοων,
766 3470 847 3522 ὅτι
878 3469 957 3522 Τὰ
995 3467 1167 3539 μικρὰ
1204 3467 1362 3520 πλοῖα
1399 3468 1493 3527 καὶ
1542 3467 1612 3521 τὰ
1665 3465 1876 3538 μεγάλα

289 3561 480 3635 ἔχουσι
531 3561 730 3626 ζώνας,
764 3562 851 3615 ἵνα
872 3559 937 3614 ἂν
972 3559 1046 3632 μὴ
1151 3558 1379 3632 εὔφορος
1419 3559 1639 3629 ἄνεμος,
1673 3559 1875 3629 βάλωσι

290 3659 360 3714 τὸ
380 3658 672 3730 παρόλκιον
698 3656 789 3711 καὶ
820 3655 919 3719 τὰς
960 3653 1137 3719 ζώνας
1162 3655 1243 3718 εἰς
1266 3652 1333 3707 τὰ
1362 3652 1529 3725 στήθη
1552 3652 1751 3716 αὐτῶν,
1783 3654 1878 3707 καὶ

294 3747 424 3803 κατ’
473 3746 651 3817 ὀλίγον
676 3745 876 3800 ἕλκωσι
907 3744 967 3799 τὸ
1000 3745 1183 3798 πλοῖον
1211 3744 1315 3808 ἕως
1361 3736 1421 3807 ὦ
1451 3746 1479 3798 6
1508 3744 1640 3808 Θεδς
1686 3743 1878 3816 πέμψῃ

292 3833 393 3894 τὸν
427 3839 651 3910 ἄνεμον
688 3836 785 3893 ἐὰν
808 3837 867 3892 δὲ
917 3837 1163 3909 μάθωσιν
1182 3837 1263 3889 ὅτι
1290 3836 1485 3907 ἄνεστη
1510 3836 1728 3906 γνόφος,
1757 3835 1879 3888 τότε

293 3932 361 4003 δὴ
393 3928 606 4003 ὁρμῶσι
654 3929 749 3982 καὶ
803 3928 1054 3999 βάλλουσι
1088 3928 1393 3995 πάσσαλον,
1426 3929 1512 3982 ἵνα
1555 3929 1629 3999 μὴ
1668 3928 1877 4000 ρἐὁη-

293 4036 389 4077 ται
422 4020 490 4079 ⁸⁸.

371 4108 529 4187 ρμς’.
575 4113 827 4183 ’Λδελφὸς
860 4112 1111 4185 ἠρώτησε
1160 4113 1250 4167 τὸν
1276 4113 1451 4168 ἀϐϐἄν
1502 4114 1740 4184 Ποιμένα
1792 4111 1881 4167 διὰ

295 4209 397 4271 τὰς
424 4206 536 4259 τῶν
551 4205 823 4275 λογισμῶν
849 4207 1129 4278 ἐπηρείας.
1162 4206 1272 4259 Καὶ
1288 4206 1436 4275 λέγει
1463 4205 1610 4276 αὐτῷ
1629 4208 1657 4259 6
1676 4206 1877 4276 γέρωνο

296 4299 476 4354 Τοῦτο
504 4297 567 4352 τὸ
604 4301 834 4371 πρᾶγμα
878 4299 1055 4353 ἔοικεν
1112 4300 1267 4372 ἀνδρὶ
1310 4298 1483 4370 ἔχοντι
1519 4299 1630 4369 πῦρ
1658 4298 1715 4364 ἐξ
1748 4300 1883 4350 εὐω-

298 4392 510 4465 νύμων,
566 4391 663 4446 καὶ
712 4391 961 4463 κρατῆρα
1002 4390 1193 4454 ὓδατος
1245 4393 1309 4445 ὲκ
1363 4390 1573 4457 δεξιῶν.
1615 4389 1744 4444 Ἐὰν
1787 4385 1880 4468 οὖν

1972 3000 2142 3057 Maria
2179 3000 2273 3056 Dei
2323 3001 2560 3072 genitiix
2610 3004 2789 3068 stetit,
2844 3006 3066 3075 plorans
3114 3006 3270 3076 juxta
3317 3022 3542 3063 crucem

1979 3092 2314 3160 Salvatoris;
2359 3102 2523 3165 atque
2572 3111 2672 3166 ego
2727 3111 2983 3168 cuperem
3029 3113 3250 3171 semper
3286 3114 3352 3156 eo
3383 3100 3548 3157 modo

1899 3156 1940 3211 ϐ
1978 3186 2128 3240 (lere.

2049 3280 2173 3333 145.
2215 3277 2407 3335 Frater
2453 3283 2666 3353 rogavit
2712 3283 2961 3339 abbatem
2997 3285 3313 3341 Pmmenem
3348 3303 3363 3340 :
3399 3284 3544 3354 Quid

1980 3372 2174 3427 faciam
2217 3377 2371 3430 oneri
2404 3376 2534 3430 huic
2564 3377 2707 3446 quod
2742 3393 2826 3431 me
2870 3379 3216 3448 comprimit?
3249 3378 3550 3451 Respondit

1978 3467 2026 3519 ei
2062 3482 2265 3521 senex:
2298 3466 2482 3521 Parva:
2517 3483 2679 3522 naves
2716 3476 2782 3522 et
2805 3483 3012 3538 magna:
3045 3471 3200 3525 zonis
3268 3471 3551 3527 instructae

1980 3569 2127 3622 sunt,
2160 3567 2216 3612 ut
2250 3560 2295 3615 si
2338 3568 2534 3615 ventus
2574 3561 2852 3616 secundus
2887 3564 3143 3629 defuerit,
3187 3571 3371 3619 nauta:
3416 3566 3545 3618 mit-

1980 3657 2098 3703 tant
2135 3651 2317 3705 funem
2366 3668 2490 3707 cum
2521 3654 2759 3723 cingulis
2806 3658 2860 3707 in
2890 3664 3109 3723 pectora
3148 3671 3271 3722 sua,
3310 3665 3366 3712 et
3415 3673 3551 3727 pau-

1982 3741 2133 3795 latim
2161 3759 2354 3798 navem
2389 3745 2627 3813 trahant,
2662 3745 2834 3801 donec
2867 3744 3011 3801 Deus
3046 3758 3266 3803 ventum
3293 3749 3545 3805 miserit:

1984 3836 2131 3906 quod
2162 3838 2211 3893 si
2244 3837 2614 3908 compererint
2646 3840 3024 3894 exsurrcxisse
3066 3842 3377 3911 caliginem.
3419 3850 3550 3895 tunc

1981 3930 2283 4000 appellunt,
2318 3940 2372 3985 et
2400 3931 2661 4001 paxillum
2690 3933 2883 4002 figunt,
2916 3947 2985 3987 ne
3011 3935 3166 3988 navis
3198 3942 3441 4004 vagetur.

2062 4106 2180 4161 146.
2208 4106 2321 4178 (75)
2352 4105 2547 4164 Frater
2575 4118 2930 4180 percontatus
2962 4120 3047 4165 est
3073 4111 3322 4166 abbatem
3347 4112 3551 4169 Poeme-

1985 4212 2106 4250 nem
2132 4197 2199 4250 de
2211 4197 2610 4268 cogitationum
2634 4198 3095 4256 infestationibus.
3121 4200 3211 4255 Ait
3240 4201 3320 4256 illi
3345 4218 3548 4259 senex:

1985 4288 2110 4343 llaec
2166 4303 2254 4344 res
2284 4288 2481 4344 similis
2511 4298 2594 4345 est
2629 4291 2834 4345 homini
2869 4293 2965 4362 qui
3001 4294 3164 4349 habet
3196 4294 3376 4364 ignem
3413 4313 3443 4350 a
3476 4298 3553 4352 si-

1986 4383 2192 4447 nistris,
2238 4389 2291 4437 et
2338 4391 2606 4439 craterem
2656 4400 2811 4456 aqua:
2852 4403 2883 4442 a
2922 4388 3149 4444 dextris.
3193 4386 3250 4445 Si
3299 4407 3431 4460 ergo
3459 4406 3551 4448 ac-

301 4485 450 4555 ἁφθῇ
476 4481 541 4537 τὸ
592 4483 722 4554 πῦρ,
752 4484 891 4556 λάϐῃ
945 4485 1007 4537 ὲκ
1055 4482 1148 4537 τοῦ
1192 4483 1466 4554 κρατῆρος
1508 4483 1569 4536 τὸ
1597 4482 1759 4554 ὕδωρ,
1786 4482 1873 4536 καὶ

1985 4492 2187 4532 census
2229 4477 2394 4532 fuerit
2444 4477 2609 4548 ignis,
2641 4480 2872 4551 accipiet
2910 4497 2940 4535 e
2984 4493 3196 4539 cratere
3238 4498 3458 4554 aquam,
3491 4500 3554 4540 ac

303 4576 478 4650 σϐέσῃ
531 4576 684 4631 αὑτό.
730 4576 804 4628 Τὸ
826 4576 937 4647 πῦρ
971 4579 1118 4631 ἐστιν
1147 4579 1175 4631 6
1204 4577 1403 4650 σπόρος
1451 4576 1544 4630 τοῦ
1577 4575 1793 4647 ἐχθροῦ⁶
1823 4575 1873 4629 τὲ

1986 4568 2296 4641 exstinguet
2328 4569 2504 4624 illum.
2540 4570 2682 4642 Ignis
2709 4579 2794 4627 est
2847 4572 3111 4629 sementis
3139 4574 3383 4639 inimici;
3411 4591 3551 4646 aqua

301 4670 364 4726 δὲ
386 4663 549 4742 ὕδωρ,
578 4668 641 4723 τὸ
673 4668 826 4741 ῥίψαι
853 4670 1044 4723 ἑαυτὸν
1069 4668 1297 4723 ἐνώπιον
1325 4668 1419 4723 τοῦ
1445 4667 1601 4723 Θεοῦ.

378 4759 523 4834 ρμζθ.
569 4757 821 4828 ’Λδελφὸς
852 4758 1101 4831 ἠρώτησε
1129 4759 1218 4813 τὸν
1273 4759 1449 4813 ἀϐϐᾶν
1490 4758 1748 4830 Ποιμένα.
1797 4759 1885 4813 λέ-

301 4864 456 4921 γων’
499 4847 719 4902 Βέλτιὸν
768 4849 885 4901 ἐστι
928 4848 989 4901 τὸ
1029 4847 1258 4920 λαλῆσαι
1292 4848 1325 4920 ἢ
1362 4850 1673 4920 σιωπῆσαι;
1721 4848 1885 4919 Λέγει

305 4932 502 5007 αὐτῷὁ
528 4934 823 5007 γέρων,ὄτι
850 4934 908 4987 '0
935 4934 1109 4988 λαλῶν
1137 4936 1227 4989 διὰ
1251 4935 1341 4989 τὸν
1357 4935 1488 4990 Θεὸν
1515 4935 1694 4999 καλῶς
1720 4934 1882 5002 ποιεῖ,

300 5028 451 5084 καὶὸ
477 5028 697 5081 σιωπῶν
733 5026 823 5081 διὰ
852 5026 941 5082 τὸν
973 5027 1125 5093 Θεὸν,
1160 5027 1378 5099 ὁμοίως.

363 5127 533 5193 ,ρμη’.
585 5119 839 5190 ’Λδελφὸς
857 5120 1112 5195 ἠρώτησε
1155 5121 1241 5174 τὸν
1273 5120 1446 5175 ἀϐϐᾶν
1478 5120 1751 5190 Ποιμένα,
1800 5118 1888 5174 λέ-

301 5227 443 5281 γων·
491 5208 619 5273 Πῶς
646 5208 868 5264 δύναται
915 5210 1199 5284 ἄνθρωπος
1230 5213 1487 5280 ἐκφυγεῖν
1529 5209 1608 5282 τῷ
1638 5212 1681 5243 ⁸⁹
1706 5209 1889 5275 κακῶς

308 5302 487 5355 εἰπεῖν
516 5298 600 5372 τῷ
626 5300 886 5373 πλησίονς
918 5303 1079 5373 Λέγει
1108 5301 1259 5374 αὐτῷ
1285 5303 1314 5356 6
1350 5300 1546 5374 γέρων
1578 5303 1766 5374 Ἡμεῖς
1796 5304 1890 5357 καὶ

303 5398 359 5448 ot
382 5391 603 5465 ἀδελφοὶ
632 5394 813 5466 ἡμῶν,
837 5394 931 5448 δύο
958 5394 1166 5460 εἰκόνες
1202 5393 1390 5467 ὲσμέν·
1426 5393 1494 5466 ἢν
1520 5393 1565 5447 δ’
1598 5393 1663 5448 ἂν
1692 5393 1838 5466 ὤραν
1862 5398 1890 5449 6

1986 4677 2139 4727 vero,
2168 4670 2447 4734 prostrare
2474 4680 2534 4719 se
2567 4665 2622 4719 in
2646 4672 2947 4735 conspectu
2981 4663 3097 4720 Dei.

2061 4754 2182 4810 M7.
2220 4753 2334 4827 (76)
2367 4753 2560 4809 Frater
2588 4754 2900 4810 sciscitatus
2925 4763 3011 4808 est
3050 4755 3303 4809 abbatem
3338 4755 3553 4811 Preme-

1988 4862 2137 4912 nem,
2167 4855 2520 4918 prazstaretne
2547 4846 2695 4916 loqui
2728 4860 2893 4915 quam
2925 4852 3128 4900 tacere.
3167 4843 3233 4898 Et
3263 4861 3431 4900 senex
3466 4861 3556 4900 re-

1987 4940 2209 5010 spondit
2243 4962 2254 4996 :
2286 4939 2389 5007 Qui
2431 4950 2652 5011 propter
2685 4937 2853 4993 Deum
2901 4938 3163 5008 loquitur,
3198 4946 3346 4993 recte
3390 4936 3551 5004 facit;

1984 5032 2104 5102 pari
2128 5032 2291 5088 modo
2314 5033 2478 5088 etiam
2506 5033 2598 5103 qui
2620 5014 2774 5087 tacet
2802 5038 3027 5102 propter
3059 5029 3250 5085 Deum.
3501 5090 3506 5095 _

2059 5121 2182 5177 148.
2222 5122 2334 5194 (77)
2374 5122 2568 5179 Frater
2616 5123 2871 5195 quaesivit
2919 5124 2990 5177 ab
3019 5122 3215 5177 abbate
3256 5119 3553 5175 Premene:

1987 5214 2274 5282 Quomodo
2314 5225 2493 5287 potest
2529 5218 2691 5273 homo
2731 5215 2971 5289 effugere
2999 5231 3070 5272 ne
3119 5216 3264 5272 male
3296 5216 3557 5285 loquatur

1991 5306 2058 5362 de
2096 5308 2389 5379 proximo?
2418 5307 2561 5365 Dicit
2599 5311 2649 5366 ei
2678 5325 2843 5365 senex
2876 5328 2891 5366 :
2922 5307 3034 5365 Nos
3068 5317 3124 5365 et
3157 5307 3355 5364 fratres
3377 5305 3557 5363 nostri

1990 5400 2112 5456 duae
2146 5402 2414 5473 imagines
2446 5418 2668 5469 sumus;
2699 5418 3027 5475 quacunque
3058 5417 3185 5459 vero
3228 5402 3361 5457 hora
3393 5399 3558 5458 homo

393 5507 435 5541 ¹⁸
453 5507 541 5564 ΑΙ.
574 5508 705 5566 add.
728 5508 1005 5574 πάσσαλος
1038 5510 1096 5565 δέ
1116 5511 1232 5565 ἐστι
1269 5510 1330 5566 τὸ
1363 5510 1552 5568 ἑαυτὸν
1594 5508 1922 5581 μέμφεσθαι.
2000 5508 2044 5544 ⁸⁹
2075 5511 2163 5567 Al.
2211 5514 2290 5569 τό.

385 5622 500 5691 (73)
534 5624 576 5676 Α
617 5639 671 5693 p.
734 5665 748 5677 .
784 5623 922 5680 1004
950 5640 1005 5679 ιι.
1031 5623 1120 5680 ιε

392 5691 507 5750 rm
546 5639 654 5750 γ’ἔι.
680 5639 838 5750 Batr.
876 5711 958 5750 ιιι.
997 5694 1120 5750 152.

392 5691 512 5831 ira,
680 5691 838 5821 az.
860 5694 1120 5823 ,ιιι

2064 5624 2177 5702 (th)
2208 5625 2434 5702 ξξὶιεεμ.
2470 5630 2626 5686 Voss.
2656 5647 2709 5702 p.
2732 5631 2857 5702 154,

2060 5693 2177 5769 (77)
2218 5699 2321 5755 Vit.
2358 5700 2516 5757 Patr.
2548 5717 2633 5769 ιιι,
2656 5693 2786 5758 ’1δᾶ
2822 5698 3055 5759 Hisce“.
3099 5697 3257 5760 Voss.
3295 5693 3383 5761 Ib.
