4028 6338
471 272 576 326 353

1609 265 1829 324 APPEN
1839 266 1953 325 DlX
1990 268 2085 324 AD
2120 265 2540 325 PALLADIUM.

3602 265 3709 321 '56)

471 388 575 444 sibi
618 368 929 446 attenderit,
960 396 1025 437 ac
1061 380 1406 452 redarguerit
1436 396 1516 447 se,
1552 382 1860 438 invenietur
1890 381 2033 453 apud

2154 380 2420 453 ἱνθρωπος
2446 377 2622 450 ἑαυτῷ
2662 378 2897 449 προσέχῃ
2931 377 3022 431 καὶ
3052 377 3354 448 μέμψηται,
3402 376 3711 447 εὑρίσκεται

471 493 596 534 cum
629 484 793 536 frater
814 474 936 545 ejus
961 473 1332 539 honorabilis;
1363 480 1420 527 at
1444 474 1665 544 quando
1691 474 1794 528 sibi
1822 471 2037 529 videtur

475 573 791 641 praeclarus,
829 567 1039 624 invenit
1087 566 1310 621 fratrem
1348 582 1508 621 suum
1552 583 1775 636 pravum
1812 566 1865 620 in
1900 582 2035 621 con—

474 671 661 734 spectu
697 677 818 717 suo.

544 776 668 832 149.
708 772 905 829 Frater
934 778 1290 843 percontatus
1323 778 1407 827 est
1449 786 1512 827 ex
1556 770 1752 827 abbate
1784 770 2039 827 Pmmene

473 867 541 923 de
569 866 822 937 segnitie.
860 862 928 918 Et
961 863 1100 919 dixit
1129 862 1209 917 illi
1246 877 1412 918 senex
1441 879 1456 921 :
1491 860 1760 931 Segnities
1798 870 1909 917 stat
1940 877 2038 918 su-

478 976 572 1031 per
600 959 749 1015 omni
788 957 1082 1028 principio,
1112 970 1216 1011 nec
1256 955 1411 1026 pejus
1443 954 1534 1009 illa
1564 963 1651 1008 est
1686 953 1913 1017 vitium;
1943 952 2039 1009 sed

472 1053 520 1106 si
548 1050 831 1122 agnoverit
856 1064 978 1106 eam
1000 1049 1187 1116 homo,
1216 1046 1362 1119 quod
1388 1046 1506 1117 ipsa
1536 1046 1629 1111 sit,
1657 1045 1928 1102 obtinebit
1951 1061 2040 1101 re-

479 1158 676 1214 quiem.

549 1256 674 1311 150.
717 1254 862 1309 Dixit
879 1255 1050 1310 abbas
1067 1251 1317 1307 Pmmen:
1342 1249 1478 1306 Tres
1491 1263 1784 1319 corporeae
1797 1249 2041 1303 actiones

476 1345 935 1417 deprehendimus
978 1345 1032 1398 in
1076 1344 1271 1398 abbate
1303 1342 1509 1397 Pambo
1544 1359 1557 1398 :
1592 1341 1862 1411 jejttuium
1900 1355 2041 1411 quo-

475 1441 740 1494 tidianum
770 1453 944 1508 usque
963 1437 1029 1491 ad
1055 1451 1357 1506 vesperam,
1406 1434 1682 1491 silentium
1705 1440 1759 1488 et
1791 1445 2039 1503 magnam

476 1544 734 1583 manuum
768 1528 1163 1597 operationem.

548 1641 669 1696 ιδι.
704 1639 880 1694 Etiam
914 1638 1101 1694 retulit
1134 1636 1466 1693 sententiam
1511 1636 1725 1691 abbatis
1754 1636 1990 1691 Theona:
2023 1653 2038 1690 :

2138 474 2353 544 ἔντιμος
2402 474 2531 545 παρ’
2563 472 2709 543 αὐτῷ
2760 462 2789 525 δ
2820 472 3045 542 ἀδελφὸς
3088 470 3272 524 αὐτοῦ·
3330 470 3419 523 ὅτε
3444 470 3503 523 δὲ
3537 469 3711 545 ἑαυτῷ

2134 568 2386 637 ,φαίνεται
2414 565 2598 628 καλὸς,
2648 565 2888 636 εὑρίσκει
2943 563 3034 617 τὸν
3084 563 3306 632 ἀδελφὸν
3330 563 3495 617 αὐτοῦ
3546 568 3715 622 κακὸν

2140 657 2371 711 ἐνώπιον
2405 657 2591 711 αὐτοῦ.

2211 771 2353 842 ρμθθ.
2400 770 2644 840 Ἀδελφὸς
2672 768 2925 842 ἠρώτησε
2974 769 3066 822 τὸν
3110 766 3284 822 ἀὸδᾶν
3326 766 3572 837 ’Ποιμένα
3622 764 3715 819 δια

2138 861 2236 933 τὴν
2263 862 2510 934 ἀκηδίαν.
2547 862 2655 915 Καὶ
2680 861 2825 930 λέγει
2849 860 2994 931 αὐτῷ
3022 862 3051 914 6
3078 860 3274 932 γέρων,
3309 860 3389 912 ὅτι
3425 859 3486 912 Ἢ
3515 858 3715 929 ἀκηδέα

2143 954 2331 1025 στήκει
2360 954 2451 1007 ἐπὶ
2502 954 2648 1025 πάσῃ
2688 954 2854 1025 ἀρχῇ,
2910 953 3005 1007 καὶ
3036 953 3135 1005 οὐκ
3181 951 3297 1004 ἔστι
3322 953 3500 1021 χεῖρον
3548 949 3716 1019 αὐτῆς

2139 1044 2332 1109 πάθος·
2368 1044 2481 1098 ἀλλ’
2510 1045 2607 1099 ἐὰν
2638 1046 2880 1118 γνωρίσῃ
2905 1044 3075 1116 αὐτὴν
3101 1046 3130 1098 6
3156 1042 3552 1114 ἇνθρωπος,ὅτι
3573 1041 3715 1111 αὕτη

2137 1136 2309 1201 ἐστὶν,
2343 1136 2697 1193 ἀναπαύεται.

2212 1254 2309 1320 ρν’.
2338 1246 2502 1302 Εἶπεν
2532 1249 2562 1302 ὁ
2600 1248 2772 1312 ἀ66ἄς
2792 1249 3001 1320 Ποιμὴν
3020 1289 3035 1314 ,
3080 1248 3163 1303 ὅτι
3190 1249 3350 1321 Τρεῖς
3402 1255 3720 1320 σωματικὰ

2141 1339 2367 1411 πράξεις
2414 1340 2594 1412 ἴδομεν
2638 1339 2733 1394 τοῦ
2778 1341 2921 1394 ἀόσᾶ
2957 1340 3187 1411 Παμόῶ·
3220 1341 3435 1395 ἀσιτίαν
3476 1343 3579 1404 ἕως
3619 1343 3720 1411 ὀψὲ

2142 1430 2263 1484 καθ’
2290 1431 2527 1502 ἑκάστην
2558 1432 2789 1504 ἡμέραν,
2827 1434 2921 1487 καὶ
2968 1433 3199 1505 σιωπὴν,
3232 1433 3326 1487 καὶ
3368 1434 3511 1504 μέγα
3555 1434 3720 1505 ὲργὸο

2141 1539 2341 1594 χειρον.

2211 1640 2346 1707 ρνα⁹.
2379 1631 2509 1687 Εἷπε
2533 1633 2714 1701 πάλιν,
2755 1636 2837 1688 ὅτι
2874 1634 3056 1704 ἔλεγεν
3089 1636 3118 1687 ὁ
3149 1634 3323 1699 ἀϐϐἄς
3346 1635 3579 1699 Θεωνᾶς,
3636 1637 3722 1691 ὅτι

477 1733 633 1788 Licet
687 1734 813 1803 quis
856 1733 1117 1787 virtutem
1168 1728 1506 1800 acquisierit,
1571 1729 1712 1784 Dens
1763 1743 1871 1782 non
1937 1728 2040 1796 ipsi

2154 1727 2262 1781 Κᾶν
2293 1726 2531 1797 κερδήσῃ
2563 1743 2645 1789 τις
2694 1726 2914 1796 ἀρετὴν,
2954 1727 2982 1778 6
3022 1726 3155 1789 Θεὸς
3211 1725 3273 1778 οὐ
3310 1727 3533 1797 παρέχει
3574 1732 3723 1797 μόνῳ

477 1827 580 1882 soli
626 1826 829 1896 praebet
875 1823 1127 1894 gratiam.
1180 1820 1342 1875 Novit
1387 1821 1531 1875 enim
1566 1819 1709 1889 qttod
1753 1836 1861 1873 non
1906 1818 2043 1874 foret

2154 1821 2295 1892 αὐτῷ
2326 1822 2425 1892 τὴν
2446 1821 2625 1891 χάριν·
2657 1816 2763 1872 οἶδε
2792 1823 2902 1891 γὰρ
2925 1821 3005 1872 ὅτι
3037 1820 3136 1873 οὐκ
3161 1816 3229 1891 ἦν
3258 1820 3449 1883 πιστὸς
3471 1819 3566 1873 τοῦ
3589 1819 3720 1873 ἰδίου

479 1918 651 1972 fidelis
683 1920 736 1970 in
784 1932 886 1970 suo
916 1915 1125 1969 labore.
1160 1912 1265 1968 Sed
1296 1913 1341 1967 si
1373 1913 1676 1981 perrexerit
1701 1913 1764 1967 ad
1803 1910 2043 1967 sodalem

2154 1911 2415 1982 καμάτου·
2462 1910 2577 1963 ἀλλ’
2608 1910 2703 1964 ἐὰν
2742 1911 2949 1982 ἀπέλθῃ
2981 1911 3116 1983 πρὸς
3156 1911 3247 1964 τὸν
3273 1913 3485 1983 ἑταῖρον
3533 1911 3717 1973 αὐτοῦ.

476 2022 636 2063 suum
655 2047 670 2065 ,
709 2014 840 2059 tunc
872 2011 1158 2074 permanet
1179 2000 1320 2071 apud
1347 2017 1494 2057 eum.

2154 2003 2268 2057 τότε
2297 2002 2600 2074 παραμένει
2634 2000 2800 2072 αὐτῷ.
3668 2010 3683 2019 ⁸

551 2096 673 2152 152.
714 2096 900 2151 Frater
929 2095 1283 2165 interrogavit
1307 2094 1556 2147 abbatem
1584 2090 1897 2147 Ptemenem
1930 2092 2043 2147 sic:

2220 2094 2339 2165 ρνβί
2360 2088 2605 2163 Ἀδελφὸς
2634 2094 2887 2165 ἠρώτησε
2919 2094 3009 2147 τὸν
3038 2094 3209 2149 ἅῦὁᾶν
3235 2096 3495 2167 Ποιμένα,
3522 2095 3715 2164 λέγων·

477 2189 615 2245 Volo
648 2191 855 2243 intrare
886 2188 938 2241 in
972 2187 1306 2247 emnubiuni,
1332 2184 1549 2254 illicque
1573 2199 1875 2238 remanere.
1912 2183 2046 2237 Dicit

2154 2184 2295 2238 Βὲλω
2322 2187 2401 2249 είς
2452 2186 2715 2241 κοινόὸιον
2775 2186 3069 2251 εἰσελθεῖν,
3117 2186 3211 2241 καὶ
3255 2187 3495 2258 οἰκῆσαι.
3557 2187 3723 2256 Λέγει

477 2283 526 2336 ei
580 2297 741 2336 senex
777 2299 791 2335 :
833 2279 888 2333 Si
948 2280 1228 2334 desideras
1273 2279 1456 2332 vivere
1513 2276 1569 2330 in
1618 2276 1905 2342 coenobio,
1941 2275 2045 2331 nisi

2154 2278 2294 2350 αὐτῷ
2328 2282 2355 2332 6
2390 2278 2586 2350 γέρων·
2639 2280 2701 2333 Εἰ
2731 2279 2904 2342 θέλεις
2937 2281 3015 2345 εἰς
3069 2280 3331 2333 κοινόϐιον
3362 2279 3641 2343 εἰσελθεῖν,
3671 2280 3720 2333 εί

479 2372 748 2443 abjeceris
793 2387 983 2426 curam
1028 2370 1210 2425 omnis
1257 2369 1540 2438 colloquii,
1601 2368 1891 2438 omnisque
1946 2371 2046 2434 rei,

2154 2372 2225 2444 μὴ
2256 2373 2639 2445 ἀμεριμνὴσῃς
2674 2372 2781 2426 ἀπὸ
2828 2373 3005 2442 πάσης
3052 2373 3338 2444 συντυχίας
3380 2374 3475 2427 καὶ
3524 2373 3725 2436 παντὸς

481 2481 588 2519 non
615 2462 819 2534 poteris
848 2470 906 2516 ιιι
940 2459 1268 2514 emnobitam
1307 2458 1463 2512 decet
1483 2458 1719 2527 Operari.
1747 2456 1866 2511 Non
1902 2458 2044 2511 enim

2154 2463 2490 2535 πράγματος,
2517 2464 2577 2516 οὑ
2603 2463 2823 2516 δύνασαι
2862 2463 3123 2517 κοινόὸιον
3144 2462 3212 2495 ²⁰⁴
3234 2465 3372 2535 ἐργά
3383 2464 3586 2517 ςασθαι·
3626 2462 3724 2518 τοῦ

480 2557 560 2611 vel
591 2557 752 2611 unius
778 2562 989 2608 tantum
1027 2551 1275 2607 baucalis
1303 2551 1561 2606 dominus
1590 2564 1674 2605 es.

2154 2556 2254 2628 γὰρ
2281 2556 2572 2627 βαυκαλίου
2604 2555 2764 2627 μόνου
2789 2556 2947 2628 μόνον
2971 2555 3071 2610 οὐκ
3098 2556 3240 2627 ἔχεις
3266 2555 3530 2623 ἐξουσίαν.

552 2648 677 2702 155.
702 2646 814 2717 (78)
829 2644 1020 2699 Frater
1034 2644 1354 2699 sciscitatus
1371 2652 1537 2697 estex
1555 2642 1750 2697 abbate
1768 2639 2046 2708 Poemene,

2222 2653 2353 2719 ρνγ¹.
2383 2647 2636 2716 Ἀδελφὸς
2668 2647 2915 2719 ἠρώτησε
2939 2650 3031 2702 τὸν
3055 2649 3227 2702 ἀόϐἄν
3242 2648 3497 2718 Ποιμὲνα,
3525 2646 3718 2715 λέγων’

479 2739 608 2809 quid
637 2738 815 2792 facere
835 2738 1074 2791 deberet.
1104 2735 1441 2806 Respondit:
1469 2736 1744 2806 Scriptum
1770 2746 1853 2791 est
1877 2756 1891 2788 :
1913 2736 2046 2802 Quo-

2154 2740 2211 2793 Τί
2245 2742 2486 2812 ποιήσιος
2526 2739 2634 2794 Καὶ
2685 2736 2837 2794 εἶπεν
2862 2756 2878 2772 ο
2915 2741 3262 2812 Γέγραπται,
3313 2741 3395 2793 ὅτι
3434 2740 3553 2805 Τὴν
3579 2740 3722 2794 dro—

481 2831 625 2882 m'am
657 2828 988 2897 iui.;ititatem
1020 2842 1189 2880 meam
1220 2841 1313 2896 ego
1349 2826 1696 2889 annuntiaba,
1731 2836 1778 2880 et
1806 2824 2046 2895 cogitabo

2154 2832 2293 2901 μίαν
2301 2851 2419 2902 μου
2440 2832 2553 2903 ἐγὼ
2572 2830 2899 2901 civ-amici),
2928 2820 3025 2886 kal
3041 2832 3384 2902 μεριμνήσει)
3412 2830 3562 2899 ὑπὲρ
3614 2829 3726 2899 τῆς

479 2938 575 2993 pro
607 2932 814 2981 peccato
839 2938 949 2975 meo
966 2923 1034 2975 ‘°.

558 3015 680 3069 151.
725 3013 837 3086 (79)
868 3015 1051 3069 Abbas
1075 3011 1299 3067 Pmmen
1335 3011 1472 3066 dixit
1500 3028 1516 3066 :
1544 3011 1702 3078 Quod
1735 3019 1948 3081 spectat
1980 3010 2048 3065 ad

2150 2924 2437 2995 ἁμαρτίας
2457 2943 2599 2993 μου.

2227 3018 2350 3089 ρνδ’.
2395 3016 2558 3071 Εἶπεν
2583 3021 2609 3071 ὁ
2632 3018 2805 3082 ἀϐὁᾶς
2826 3019 3058 3089 Ποιμήν’
3082 3017 3194 3088 Τῆς
3220 3015 3472 3088 πορνείας
3508 3014 3603 3069 καὶ
3625 3013 3727 3085 τῆς

483 3105 1368 3162 ΐιιιιιιίειιιὶοιιθιιιθιᾱθιταειίοηειη
1389 3144 1406 3169 ,
1427 3120 1534 3159 non
1550 3115 1765 3175 oportet
1796 3116 1854 3160 ut
1884 3105 2048 3162 homo
2074 3130 2117 3187 ο
2150 3108 2486 3172 καταλαλιᾶς
2507 3109 2569 3160 οὐ
2602 3108 2719 3163 δέον
2749 3110 2895 3162 ἐστὶν
2936 3109 3219 3181 ἄνθρωπον
3250 3107 3312 3161 τὸ
3358 3106 3573 3161 σύνολον
3604 3107 3727 3160 οὐδὲ

485 3199 760 3253 ullatenus
795 3197 878 3251 vel
924 3198 1181 3266 loquatur
1217 3196 1285 3251 de
1321 3197 1535 3251 duabus
1573 3197 1696 3253 istis
1733 3198 2049 3252 tentationi-

488 3290 612 3348 bus.
651 3304 751 3343 nec
781 3292 1003 3343 omnino
1045 3288 1184 3342 intra
1221 3304 1278 3342 se
1318 3291 1538 3358 cogitet.
1572 3286 1707 3343 Nam
1742 3290 1786 3345 si
1825 3306 1918 3345 eas
1953 3308 2047 3344 vu-

484 3382 650 3435 lnerit
678 3381 1026 3451 aliquatenus
1056 3379 1371 3435 discernere
1401 3382 1454 3435 in
1489 3382 1654 3437 corde
1688 3398 1808 3447 suo,
1834 3383 2038 3438 emolu-

485 3481 726 3529 mentum
768 3488 875 3529 non
906 3474 1104 3544 capiet,
1138 3473 1232 3529 sed
1269 3474 1359 3528 tibi
1389 3489 1516 3546 erga
1548 3474 1670 3530 illas
1706 3474 1959 3531 ferociter
1989 3492 2050 3532 se

483 3567 736 3637 gesserit,
770 3566 993 3621 habebit
1023 3565 1286 3637 requiem.

557 3656 682 3712 155.
707 3655 936 3712 Abbatis
957 3656 1229 3712 Poemenis
1254 3659 1451 3712 fratres
1476 3657 1734 3713 dixerunt
1763 3660 1811 3714 ei
1838 3676 1852 3714 :
1883 3660 2053 3716 Abea-

485 3763 609 3803 mus
632 3751 807 3802 eloco
843 3748 979 3813 isto;
1014 3763 1117 3803 nos
1139 3750 1281 3803 enim
1318 3749 1692 3804 interturbant
1722 3755 2048 3807 monasteria

483 3856 605 3910 qtae
635 3840 724 3894 hic
752 3848 900 3903 sunt,
928 3851 982 3894 et
1007 3841 1284 3910 perdimus
1308 3840 1520 3898 animas
1545 3854 1780 3899 nostras.
1807 3846 1886 3900 Ad
1914 3846 2048 3911 haec,

484 3951 613 3990 ecce
657 3933 894 3988 infantes
942 3934 1244 4004 vagientes,
1306 3950 1414 3988 non
1473 3936 1662 3992 sinunt
1709 3951 1811 3993 nos
1871 3938 2054 4008 quiete

486 4041 663 4093 agere.
706 4022 969 4094 Repusnit
997 4026 1077 4078 eis
1110 4025 1280 4080 abbas
1330 4025 1551 4082 Ptemeu
1590 4047 1604 4082 :
1639 4027 1864 4101 PrOpter
1887 4046 2052 4086 voces

486 4116 801 4185 angelorum
826 4115 993 4169 vultis
1019 4115 1144 4169 hinc
1180 4117 1457 4172 recedere.

562 4288 684 4343 156.
724 4287 1085 4361 Interrogavit
1124 4292 1299 4347 abbas
1334 4292 1587 4351 Bitimius
1633 4297 1882 4354 abbatem
1931 4298 2056 4355 Ρω-

491 4393 726 4439 menem,
755 4379 858 4431 hoc
883 4379 1029 4432 dicto
1063 4398 1077 4433 :
1113 4379 1172 4434 Si
1215 4383 1339 4451 quis
1387 4383 1640 4440 habuerit
1672 4388 1936 4445 adversus
1972 4409 2056 4446 me

2148 3199 2379 3270 λαλῆσαι
2427 3199 2553 3263 τοὺς
2581 3199 2674 3253 δύο
2707 3195 2999 3272 λογισμοὺς
3047 3196 3287 3264 τούτους,
3317 3197 3438 3252 οὐδὲ
3481 3198 3617 3261 ὅλως
3644 3199 3728 3251 ἐν.

2149 3293 2339 3362 νοῆσαι
2374 3294 2440 3364 τῇ
2473 3292 2692 3364 καρδίᾳ.
2750 3293 2873 3347 Ἐάν
2909 3308 2969 3345 τε
3007 3290 3115 3361 γὰρ
3141 3289 3271 3364 θέλῃ
3295 3289 3429 3352 ὅλως
3455 3289 3730 3361 διακρῖναι

2149 3386 2286 3439 αὐτὰ
2343 3387 2402 3438 ἐν
2452 3389 2517 3458 τῇ
2577 3385 2774 3458 καρδία
2833 3385 2995 3439 αὐτοῦ
3025 3424 3041 3447 ,
3088 3385 3189 3437 οὐκ
3243 3382 3550 3454 ὠφελεῖται·
3609 3384 3731 3437 ἀλλ’

2151 3480 2465 3551 ἀγριανθε“ις
2487 3480 2580 3532 ἀπ’
2604 3479 2781 3532 αὐτῶν
2812 3479 2922 3544 ἕξει
2950 3478 3277 3532 ἀνάπαυσιν.

2227 3661 2351 3728 ρνε’.
2384 3655 2607 3724 Ἔλεγον
2643 3656 2693 3708 οἱ
2723 3655 2939 3725 αδελφοί.
2977 3654 3070 3708 τοῦ
3096 3655 3239 3709 ἀεὸἆ
3260 3656 3525 3726 Ποιμένος
3554 3653 3725 3725 αὐτῷ·

2165 3748 2508 3819 Ἀπέλθωμεν
2542 3750 2606 3802 ὲκ
2629 3749 2723 3802 τοῦ
2774 3750 2941 3803 τόπου
2988 3750 3197 3803 τούτουο
3255 3748 3467 3820 ὀχλοῦσι
3510 3747 3622 3821 γὰρ
3652 3748 3726 3801 τὰ

2158 3840 2487 3910 μοναστήρια
2534 3839 2627 3892 τοῦ
2664 3842 2830 3894 τόπου
2869 3841 3059 3895 τούτου
3106 3844 3257 3913 ἡμῖν,
3294 3843 3384 3896 καὶ
3417 3840 3724 3915 ἆπόλλυμεν

2153 3931 2253 3993 τὰς
2287 3930 2464 4001 ψυχὰς
2509 3932 2683 4000 ἡμὼψ
2722 3932 2830 3985 ἰδοὺ
2865 3934 2958 3986 καὶ
2997 3933 3066 3986 τὰ
3116 3934 3301 3989 παιδία
3343 3935 3594 3988 κλαίοντα
3628 3938 3731 3991 οὐκ

2154 4020 2406 4089 ἀφίουσιν
2437 4022 2581 4092 ἡμᾶς
2608 4022 2894 4094 ἡσυχάσαι.
2929 4025 3090 4093 Λέγει
3118 4027 3300 4090 αὐτοῖς
3329 4028 3359 4079 6
3384 4026 3555 4090 ἀϐὅᾶς
3606 4029 3731 4080 Ποιο

2160 4113 2288 4183 μήν·
2323 4112 2420 4165 Διὰ
2470 4112 2568 4176 τὰς
2601 4115 2782 4183 φωνὰς
2818 4115 2925 4169 τῶν
2955 4117 3200 4185 ἀγγέλων
3229 4119 3410 4175 θέλετε
3439 4119 3729 4191 ἀναχωρῆ-

2160 4221 2249 4257 σαι
2289 4203 2460 4258 ἔνθεν.

2233 4303 2370 4367 ρνς’.
2414 4297 2723 4369 Ἠρώτησεν
2752 4303 2780 4352 6
2808 4299 2980 4363 ἀϐϐᾶς
3003 4301 3243 4371 Βιτίμιος
3280 4304 3370 4356 τὸν
3400 4302 3572 4377 ἀδδᾶν
3599 4305 3730 4358 Ποι-

2164 4388 2317 4459 μένα,
2359 4389 2551 4458 λέγων*
2583 4391 2712 4444 Ἐάν
2739 4409 2822 4454 τις
2848 4393 2943 4465 ἔχῃ
2978 4394 3111 4467 πρὸς
3138 4396 3239 4465 ἐμὲ
3269 4396 3463 4468 λύπην.
3497 4399 3591 4452 καὶ
3639 4415 3732 4469 μευ

493 4470 848 4533 simultatem,
891 4481 943 4524 et
970 4471 1038 4523 ab
1075 4473 1383 4525 eorveniam
1434 4478 1659 4545 supplex
1702 4482 1926 4548 petiero,
1965 4484 2046 4538 ille

2156 4483 2404 4550 τανοήσω
2461 4482 2628 4553 αὐτῷ,
2686 4485 2883 4557 καὶμὴ
2921 4486 3134 4557 πεισθῇ,
3170 4489 3223 4540 τί
3274 4491 3512 4560 ﬁatﬁat»;
3565 4490 3732 4560 Λέγει

494 4573 622 4614 vero
665 4558 806 4613 ﬂecti
854 4560 1114 4623 noluerit,
1157 4562 1286 4630 quid
1331 4573 1552 4620 acturus
1579 4570 2046 4642 sum?RespondiI

2159 4572 2304 4643 αὑτῷ
2332 4576 2359 4627 6
2392 4574 2589 4645 γέρων·
2636 4576 2778 4631 Λάϐε
2810 4578 2947 4648 μετὰ
2982 4580 3075 4632 σοῦ
3104 4580 3297 4644 ἄλλους
3323 4558 3415 4634 δύο
3447 4558 3730 4651 ἀδελφοῑὴ.

495 4664 659 4704 senex
694 4668 708 4702 :
738 4647 903 4704 Sume
948 4658 1127 4705 tecum
1169 4652 1307 4707 alios
1353 4653 1493 4709 duos
1549 4655 1767 4725 fratres,
1816 4678 1879 4716 ac
1923 4664 1971 4718 ei
2011 4676 2046 4719 ι(

2159 4666 2251 4718 καὶ
2287 4667 2615 4736 μετανέησον
2672 4647 2834 4740 αὐτῷ.
2863 4672 2972 4724 Καὶ
3001 4673 3095 4727 ἐὰν
3126 4673 3202 4743 μὴ
3230 4674 3447 4747 πεισθῇ.
3478 4647 3606 4728 me;
3635 4674 3730 4728 ἄλ-

495 4741 774 4796 hnmiliter
814 4741 1093 4797 submitte.
1141 4742 1296 4810 Quod
1348 4747 1391 4802 si
1421 4763 1525 4804 non
1553 4747 1718 4805 fuerit
1744 4767 2056 4822 persuasus,

496 4845 718 4886 assume
750 4831 885 4887 alios
907 4833 1167 4905 quinque.
1204 4834 1259 4889 Si
1292 4852 1423 4893 vero
1444 4839 1525 4893 sic
1554 4855 1770 4910 quoque
1795 4849 2055 4905 reuuerit.

496 4924 603 4980 duo
639 4924 1037 4996 presbyterum.
1084 4927 1261 4997 Atque
1300 4930 1345 4985 si
1382 4937 1512 4986 tunc
1564 4933 1726 4988 etiam
1774 4937 2056 5002 restiterit,

498 5025 556 5069 tu
589 5015 849 5087 deinceps
877 5033 1070 5073 secure
1108 5034 1208 5073 ora
1254 5021 1447 5087 Deum,
1486 5033 1542 5077 ιιι
1582 5024 1687 5096 ipsi
1729 5028 1783 5081 in
1818 5029 2055 5084 animum

499 5108 743 5173 inducat,
769 5117 937 5179 tuque
964 5112 1165 5166 careto
1181 5115 1565 5172 sollicitudine.

570 5199 693 5254 157.
735 5199 878 5255 Dixit
907 5202 1078 5259 abbas
1116 5203 1340 5283 Patmen
1368 5227 1380 5262 :
1411 5206 1614 5265 Docere
1645 5212 1972 5282 proximum,
2000 5225 2057 5272 et

495 5305 749 5359 arguere,
772 5291 977 5345 similia
1005 5300 1155 5348 sunt.

571 5379 695 5434 158.
732 5379 872 5435 Dixit
918 5384 1115 5439 iterum
1150 5404 1167 5440 :
1200 5383 1280 5442 Ne
1325 5387 1391 5441 ad
1434 5388 1682 5446 eﬂectnm
1733 5395 2051 5464 perduret-is

567 5534 612 5564 ¹⁰
638 5533 781 5590 Psal.
819 5552 1027 5604 xxxvii,
1084 5539 1171 5598 19.
1243 5542 1312 5574 ’θ’
1338 5542 1425 5597 Al.
1450 5543 1519 5599 τὰ
1539 5546 1633 5601 τοῦ
1661 5547 1952 5605 κοινοὸίευ.

560 5685 681 5760 (78)
707 5690 940 5759 Append.
976 5709 1029 5763 p.
1076 5694 1230 5765 ιοθι,
1253 5712 1310 5754 n.
1341 5697 1432 5756 45.

2158 4757 2282 4821 λους
2312 4758 2491 4811 πέντε.
2559 4760 2684 4812 Ἐὰν
2716 4761 2774 4815 δὲ
2815 4763 2909 4817 καὶ
2939 4764 3146 4829 τούτοις
3198 4766 3276 4838 μὴ
3334 4766 3525 4837 πεισθῇ
3550 4806 3563 4827 ,
3595 4766 3728 4822 me

2169 4852 2548 4924 πρεσϐύτερον.
2595 4853 2722 4907 Ἐὰν
2753 4855 2808 4909 δὲ
2839 4858 2932 4910 καὶ
2970 4857 3142 4923 οὕτως
3176 4862 3248 4931 μὴ
3274 4861 3488 4932 πεισθῇ,
3526 4861 3730 4930 etrapit.

2162 4959 2272 5010 χως
2302 4942 2485 4998 λοιπὸν
2514 4941 2662 5010 εὖξαι
2711 4947 2789 5018 τῷ
2832 4948 2982 5021 Θεῷ,
3016 4950 3100 5004 ἵνα
3133 4952 3294 5015 αὐτὸς
3341 4953 3733 5025 πληροφορήςῃ

2163 5032 2229 5084 αὑ
2237 5032 2342 5098 τὸν,
2377 5035 2469 5088 καὶ
2493 5035 2768 5109 ἀμεριμνή
2776 5055 2893 5110 σ-ῃς.

2178 5282 2191 5287 _
2233 5212 2362 5283 ρνζ’.
2381 5211 2588 5271 Εἶπενό
2611 5219 2784 5283 ἀὸσᾶς
2806 5221 3034 5295 Ῑῐοιμὴν,
3054 5224 3136 5277 ὅτι
3157 5222 3229 5278 Τὸ
3253 5224 3455 5294 διδάξαι
3479 5226 3567 5281 τὸν
3596 5228 3735 5296 πλη-

2163 5306 2297 5370 σίον,
2326 5307 2509 5378 ὅμοιόν
2534 5309 2762 5364 ἐστιτοῦ
2796 5313 3033 5383 ἐλέγξαι.

2232 5405 2364 5470 ρνη’.
2400 5395 2532 5453 Εἷπε
2586 5402 2764 5458 πάλιν⁴
2821 5405 2915 5479 Μὴ
2949 5408 3242 5483 πληρώσῃς
3281 5411 3341 5465 τὸ
3384 5411 3589 5487 θέλημά
3615 5429 3727 5468 εσυ.

2241 5701 2353 5777 (79)
2378 5707 2510 5776 App.
2548 5722 2600 5778 p.
2629 5706 2787 5773 1002,
2816 5723 2872 5764 n.
2899 5709 2960 5778 5;
2991 5702 3058 5760 In
3088 5703 3353 5780 Ephrem,
3386 5726 3443 5782 p.
3482 5716 3605 5770 56].
