  <div class='ocr_page' id='page_1' title='image "/cluster/home/n/w/nwhite01/storage/ocr_20150623/65/hvd.32044052838166/188.png"; bbox 0 0 4032 6338; ppageno 0'>
   <div class='ocr_carea' id='block_1_1' title="bbox 320 309 3581 398">
    <p class='ocr_par' dir='ltr' id='par_1_1' title="bbox 320 309 3581 398">
     <span class='ocr_line' id='line_1_1' title="bbox 320 309 3581 398; baseline 0.008 -37"><span class='ocrx_word' id='word_1_1' title='bbox 320 309 427 367; x_wconf 63' lang='lat'><strong>3-6!</strong></span> <span class='ocrx_word' id='word_1_2' title='bbox 1458 316 1874 374; x_wconf 80' lang='lat' dir='ltr'><strong>APOPHTHEG</strong></span> <span class='ocrx_word' id='word_1_3' title='bbox 1884 317 2074 372; x_wconf 78' lang='lat' dir='ltr'><strong>MATA</strong></span> <span class='ocrx_word' id='word_1_4' title='bbox 2114 319 2419 378; x_wconf 70' lang='lat' dir='ltr'><strong>PATRUM.</strong></span> <span class='ocrx_word' id='word_1_5' title='bbox 3160 342 3163 347; x_wconf 82' lang='lat'><em>‘</em></span> <span class='ocrx_word' id='word_1_6' title='bbox 3476 344 3581 398; x_wconf 59' lang='grc' dir='ltr'>περ</span> 
     </span>
    </p>
   </div>
   <div class='ocr_carea' id='block_1_2' title="bbox 332 426 1888 515">
    <p class='ocr_par' dir='ltr' id='par_1_2' title="bbox 332 426 1888 500">
     <span class='ocr_line' id='line_1_2' title="bbox 332 426 1888 500; baseline 0.002 -20"><span class='ocrx_word' id='word_1_7' title='bbox 332 427 659 495; x_wconf 76' lang='grc' dir='ltr'><strong>Ἀναγκαῖον</strong></span> <span class='ocrx_word' id='word_1_8' title='bbox 702 426 757 479; x_wconf 85' lang='grc' dir='ltr'><em>δέ</em></span> <span class='ocrx_word' id='word_1_9' title='bbox 796 428 911 480; x_wconf 77' lang='grc' dir='ltr'>ἐστι</span> <span class='ocrx_word' id='word_1_10' title='bbox 963 427 1161 498; x_wconf 80' lang='grc' dir='ltr'>μᾶλλον</span> <span class='ocrx_word' id='word_1_11' title='bbox 1213 429 1548 484; x_wconf 81' lang='grc' dir='ltr'><strong>ταπεινῶσαι</strong></span> <span class='ocrx_word' id='word_1_12' title='bbox 1591 431 1785 485; x_wconf 76' lang='grc' dir='ltr'>ἑαυτὸν</span> <span class='ocrx_word' id='word_1_13' title='bbox 1832 430 1888 500; x_wconf 65' lang='grc' dir='ltr'>τᾷ</span> 
     </span>
    </p>
   </div>
   <div class='ocr_carea' id='block_1_3' title="bbox 1989 426 3582 515">
    <p class='ocr_par' dir='ltr' id='par_1_3' title="bbox 2014 431 3582 515">
     <span class='ocr_line' id='line_1_3' title="bbox 2014 431 3582 515; baseline 0.016 -32"><span class='ocrx_word' id='word_1_14' title='bbox 2014 431 2349 488; x_wconf 72' lang='lat' dir='ltr'><strong>voluntatem</strong></span> <span class='ocrx_word' id='word_1_15' title='bbox 2383 441 2530 489; x_wconf 87' lang='lat' dir='ltr'><strong>tuam</strong></span> <span class='ocrx_word' id='word_1_16' title='bbox 2569 454 2581 490; x_wconf 92' lang='lat'>:</span> <span class='ocrx_word' id='word_1_17' title='bbox 2610 440 2983 496; x_wconf 86' lang='lat' dir='ltr'><strong>necessarium</strong></span> <span class='ocrx_word' id='word_1_18' title='bbox 3028 446 3209 515; x_wconf 81' lang='lat' dir='ltr'><strong>pmius</strong></span> <span class='ocrx_word' id='word_1_19' title='bbox 3253 455 3358 515; x_wconf 88' lang='lat' dir='ltr'><strong>est,</strong></span> <span class='ocrx_word' id='word_1_20' title='bbox 3391 460 3448 506; x_wconf 90' lang='lat' dir='ltr'><strong>ut</strong></span> <span class='ocrx_word' id='word_1_21' title='bbox 3474 454 3582 507; x_wconf 85' lang='lat' dir='ltr'><strong>bu—</strong></span> 
     </span>
    </p>
   </div>
   <div class='ocr_carea' id='block_1_4' title="bbox 318 516 1888 599">
    <p class='ocr_par' dir='ltr' id='par_1_4' title="bbox 318 516 1739 589">
     <span class='ocr_line' id='line_1_4' title="bbox 318 516 1739 589; baseline -0.006 -17"><span class='ocrx_word' id='word_1_22' title='bbox 318 516 542 589; x_wconf 81' lang='grc' dir='ltr'>ἀδελφῷ</span> <span class='ocrx_word' id='word_1_23' title='bbox 571 534 688 571; x_wconf 87' lang='grc' dir='ltr'>σου.</span> <span class='ocrx_word' id='word_1_24' title='bbox 1738 560 1739 563; x_wconf 44' lang='grc' dir='ltr'><strong>η</strong></span> 
     </span>
    </p>
   </div>
   <div class='ocr_carea' id='block_1_5' title="bbox 1989 516 3187 599">
    <p class='ocr_par' dir='ltr' id='par_1_5' title="bbox 2010 521 3187 599">
     <span class='ocr_line' id='line_1_5' title="bbox 2010 521 3187 599; baseline 0.016 -25"><span class='ocrx_word' id='word_1_25' title='bbox 2010 521 2194 577; x_wconf 89' lang='lat' dir='ltr'><strong>milem</strong></span> <span class='ocrx_word' id='word_1_26' title='bbox 2219 531 2273 578; x_wconf 91' lang='lat' dir='ltr'><strong>te</strong></span> <span class='ocrx_word' id='word_1_27' title='bbox 2309 525 2568 582; x_wconf 80' lang='lat' dir='ltr'><strong>exhibeas</strong></span> <span class='ocrx_word' id='word_1_28' title='bbox 2601 542 2729 599; x_wconf 79' lang='lat' dir='ltr'><strong>erga</strong></span> <span class='ocrx_word' id='word_1_29' title='bbox 2759 530 2980 587; x_wconf 81' lang='lat' dir='ltr'><strong>fratrem</strong></span> <span class='ocrx_word' id='word_1_30' title='bbox 3009 543 3187 593; x_wconf 89' lang='lat' dir='ltr'><strong>tuum.</strong></span> 
     </span>
    </p>
   </div>
   <div class='ocr_carea' id='block_1_6' title="bbox 398 608 1888 702">
    <p class='ocr_par' dir='ltr' id='par_1_6' title="bbox 398 608 1884 687">
     <span class='ocr_line' id='line_1_6' title="bbox 398 608 1884 687; baseline 0.001 -23"><span class='ocrx_word' id='word_1_31' title='bbox 398 609 533 687; x_wconf 27' lang='grc' dir='ltr'>ρνθζλ</span> <span class='ocrx_word' id='word_1_32' title='bbox 573 608 821 680; x_wconf 77' lang='grc' dir='ltr'>’Λδελφὸς</span> <span class='ocrx_word' id='word_1_33' title='bbox 844 610 1094 682; x_wconf 78' lang='grc' dir='ltr'>ἠρώτησε</span> <span class='ocrx_word' id='word_1_34' title='bbox 1111 612 1200 664; x_wconf 80' lang='grc' dir='ltr'>τὸν</span> <span class='ocrx_word' id='word_1_35' title='bbox 1217 610 1390 666; x_wconf 76' lang='grc' dir='ltr'><strong>ἀϐὀᾶν</strong></span> <span class='ocrx_word' id='word_1_36' title='bbox 1420 614 1679 684; x_wconf 85' lang='grc' dir='ltr'>Ποιμένα,</span> <span class='ocrx_word' id='word_1_37' title='bbox 1709 613 1884 683; x_wconf 87' lang='grc' dir='ltr'>λέγων</span> 
     </span>
    </p>
   </div>
   <div class='ocr_carea' id='block_1_7' title="bbox 1989 608 3584 702">
    <p class='ocr_par' dir='ltr' id='par_1_7' title="bbox 2079 614 3584 702">
     <span class='ocr_line' id='line_1_7' title="bbox 2079 614 3584 702; baseline 0.017 -35"><span class='ocrx_word' id='word_1_38' title='bbox 2079 614 2202 671; x_wconf 86' lang='grc'><strong>159.</strong></span> <span class='ocrx_word' id='word_1_39' title='bbox 2240 614 2432 672; x_wconf 82' lang='lat' dir='ltr'><strong>Frater</strong></span> <span class='ocrx_word' id='word_1_40' title='bbox 2476 620 2765 689; x_wconf 85' lang='lat' dir='ltr'><strong>requisivit</strong></span> <span class='ocrx_word' id='word_1_41' title='bbox 2809 640 2877 679; x_wconf 81' lang='lat' dir='ltr'><strong>ex</strong></span> <span class='ocrx_word' id='word_1_42' title='bbox 2927 626 3121 684; x_wconf 81' lang='lat' dir='ltr'><strong>abbate</strong></span> <span class='ocrx_word' id='word_1_43' title='bbox 3172 628 3451 702; x_wconf 77' lang='lat' dir='ltr'><strong>Pmmene,</strong></span> <span class='ocrx_word' id='word_1_44' title='bbox 3499 635 3584 690; x_wconf 87' lang='lat' dir='ltr'><strong>di—</strong></span> 
     </span>
    </p>
   </div>
   <div class='ocr_carea' id='block_1_8' title="bbox 323 697 1888 795">
    <p class='ocr_par' dir='ltr' id='par_1_8' title="bbox 323 697 1884 773">
     <span class='ocr_line' id='line_1_8' title="bbox 323 697 1884 773; baseline 0 -16"><span class='ocrx_word' id='word_1_45' title='bbox 323 697 495 773; x_wconf 76' lang='grc' dir='ltr'>Εὗρον</span> <span class='ocrx_word' id='word_1_46' title='bbox 525 701 690 754; x_wconf 82' lang='grc' dir='ltr'>τόπον</span> <span class='ocrx_word' id='word_1_47' title='bbox 741 700 935 772; x_wconf 81' lang='grc' dir='ltr'>ἔχοντα</span> <span class='ocrx_word' id='word_1_48' title='bbox 966 703 1143 755; x_wconf 78' lang='grc' dir='ltr'>πᾶσαν</span> <span class='ocrx_word' id='word_1_49' title='bbox 1168 700 1471 756; x_wconf 78' lang='grc' dir='ltr'><strong>ἀνάπαυσιν</strong></span> <span class='ocrx_word' id='word_1_50' title='bbox 1498 704 1608 757; x_wconf 88' lang='grc' dir='ltr'><strong>τῶν</strong></span> <span class='ocrx_word' id='word_1_51' title='bbox 1640 703 1884 773; x_wconf 82' lang='grc' dir='ltr'><strong>ἀδελφῶν</strong></span> 
     </span>
    </p>
   </div>
   <div class='ocr_carea' id='block_1_9' title="bbox 1989 697 3577 795">
    <p class='ocr_par' dir='ltr' id='par_1_9' title="bbox 2007 697 3577 795">
     <span class='ocr_line' id='line_1_9' title="bbox 2007 697 3577 795; baseline 0.017 -37"><span class='ocrx_word' id='word_1_52' title='bbox 2007 720 2140 761; x_wconf 90' lang='lat' dir='ltr'><strong>cens</strong></span> <span class='ocrx_word' id='word_1_53' title='bbox 2170 706 2388 765; x_wconf 90' lang='lat' dir='ltr'><strong>:lnveni</strong></span> <span class='ocrx_word' id='word_1_54' title='bbox 2421 710 2599 765; x_wconf 90' lang='lat' dir='ltr'><strong>locum</strong></span> <span class='ocrx_word' id='word_1_55' title='bbox 2622 715 2770 769; x_wconf 90' lang='lat' dir='ltr'><strong>omni</strong></span> <span class='ocrx_word' id='word_1_56' title='bbox 2797 714 3026 774; x_wconf 84' lang='lat' dir='ltr'><strong>fratrum</strong></span> <span class='ocrx_word' id='word_1_57' title='bbox 3049 722 3233 792; x_wconf 87' lang='lat' dir='ltr'><strong>quiete</strong></span> <span class='ocrx_word' id='word_1_58' title='bbox 3258 697 3577 795; x_wconf 80' lang='lat' dir='ltr'><strong>praeditum;</strong></span> 
     </span>
    </p>
   </div>
   <div class='ocr_carea' id='block_1_10' title="bbox 316 787 1888 874">
    <p class='ocr_par' dir='ltr' id='par_1_10' title="bbox 316 787 1888 864">
     <span class='ocr_line' id='line_1_10' title="bbox 316 787 1888 864; baseline 0.001 -20"><span class='ocrx_word' id='word_1_59' title='bbox 316 792 509 854; x_wconf 79' lang='grc' dir='ltr'><strong>Θέλεις</strong></span> <span class='ocrx_word' id='word_1_60' title='bbox 549 790 757 861; x_wconf 75' lang='grc' dir='ltr'>οἰκήσω</span> <span class='ocrx_word' id='word_1_61' title='bbox 797 792 948 856; x_wconf 65' lang='lat' dir='ltr'><strong>bist;</strong></span> <span class='ocrx_word' id='word_1_62' title='bbox 997 792 1090 845; x_wconf 79' lang='grc' dir='ltr'>καὶ</span> <span class='ocrx_word' id='word_1_63' title='bbox 1137 787 1291 847; x_wconf 76' lang='grc' dir='ltr'>εἷπεν</span> <span class='ocrx_word' id='word_1_64' title='bbox 1334 795 1364 846; x_wconf 84' lang='grc' dir='ltr'><strong>ὁ</strong></span> <span class='ocrx_word' id='word_1_65' title='bbox 1399 792 1597 864; x_wconf 86' lang='grc' dir='ltr'>γέρων·</span> <span class='ocrx_word' id='word_1_66' title='bbox 1635 794 1806 847; x_wconf 83' lang='grc' dir='ltr'>Ὅπου</span> <span class='ocrx_word' id='word_1_67' title='bbox 1844 793 1888 846; x_wconf 70' lang='grc' dir='ltr'><strong>οε</strong></span> 
     </span>
    </p>
   </div>
   <div class='ocr_carea' id='block_1_11' title="bbox 1989 787 3579 874">
    <p class='ocr_par' dir='ltr' id='par_1_11' title="bbox 2006 787 3579 874">
     <span class='ocr_line' id='line_1_11' title="bbox 2006 787 3579 874; baseline 0.016 -24"><span class='ocrx_word' id='word_1_68' title='bbox 2006 796 2164 853; x_wconf 89' lang='lat' dir='ltr'><strong>visne</strong></span> <span class='ocrx_word' id='word_1_69' title='bbox 2214 808 2272 854; x_wconf 88' lang='lat' dir='ltr'><strong>ut</strong></span> <span class='ocrx_word' id='word_1_70' title='bbox 2308 801 2422 857; x_wconf 86' lang='lat' dir='ltr'><strong>illic</strong></span> <span class='ocrx_word' id='word_1_71' title='bbox 2470 805 2747 861; x_wconf 85' lang='lat' dir='ltr'><strong>habitem?</strong></span> <span class='ocrx_word' id='word_1_72' title='bbox 2778 807 2846 863; x_wconf 89' lang='lat' dir='ltr'><strong>Et</strong></span> <span class='ocrx_word' id='word_1_73' title='bbox 2897 810 3034 867; x_wconf 83' lang='lat' dir='ltr'><strong>dixit</strong></span> <span class='ocrx_word' id='word_1_74' title='bbox 3065 787 3290 871; x_wconf 50' lang='lat' dir='ltr'><strong>senex-z</strong></span> <span class='ocrx_word' id='word_1_75' title='bbox 3317 816 3419 873; x_wconf 87' lang='lat' dir='ltr'><strong>Ubi</strong></span> <span class='ocrx_word' id='word_1_76' title='bbox 3467 787 3579 874; x_wconf 73' lang='lat' dir='ltr'><strong>non</strong></span> 
     </span>
    </p>
   </div>
   <div class='ocr_carea' id='block_1_12' title="bbox 323 882 1888 964">
    <p class='ocr_par' dir='ltr' id='par_1_12' title="bbox 323 882 1478 955">
     <span class='ocr_line' id='line_1_12' title="bbox 323 882 1478 955; baseline 0.001 -17"><span class='ocrx_word' id='word_1_77' title='bbox 323 883 583 954; x_wconf 83' lang='grc' dir='ltr'><strong>βλάπτεις</strong></span> <span class='ocrx_word' id='word_1_78' title='bbox 601 882 695 936; x_wconf 80' lang='grc' dir='ltr'><strong>τὸν</strong></span> <span class='ocrx_word' id='word_1_79' title='bbox 717 882 942 951; x_wconf 83' lang='grc' dir='ltr'>ἀδελφόν</span> <span class='ocrx_word' id='word_1_80' title='bbox 973 899 1090 949; x_wconf 91' lang='grc' dir='ltr'>σου,</span> <span class='ocrx_word' id='word_1_81' title='bbox 1117 886 1237 937; x_wconf 78' lang='grc' dir='ltr'>ἐκεῖ</span> <span class='ocrx_word' id='word_1_82' title='bbox 1277 887 1478 955; x_wconf 83' lang='grc' dir='ltr'>μεῖνον.</span> 
     </span>
    </p>
   </div>
   <div class='ocr_carea' id='block_1_13' title="bbox 1989 882 2906 964">
    <p class='ocr_par' dir='ltr' id='par_1_13' title="bbox 2008 893 2906 964">
     <span class='ocr_line' id='line_1_13' title="bbox 2008 893 2906 964; baseline 0.014 -21"><span class='ocrx_word' id='word_1_83' title='bbox 2008 893 2266 949; x_wconf 84' lang='lat' dir='ltr'><strong>nocueris</strong></span> <span class='ocrx_word' id='word_1_84' title='bbox 2288 893 2443 949; x_wconf 83' lang='lat' dir='ltr'><strong>fratri</strong></span> <span class='ocrx_word' id='word_1_85' title='bbox 2476 908 2590 964; x_wconf 89' lang='lat' dir='ltr'><strong>tuo,</strong></span> <span class='ocrx_word' id='word_1_86' title='bbox 2625 898 2700 955; x_wconf 91' lang='lat' dir='ltr'><strong>ibi</strong></span> <span class='ocrx_word' id='word_1_87' title='bbox 2728 916 2906 958; x_wconf 88' lang='lat' dir='ltr'><strong>mane.</strong></span> 
     </span>
    </p>
   </div>
   <div class='ocr_carea' id='block_1_14' title="bbox 394 969 1888 1071">
    <p class='ocr_par' dir='ltr' id='par_1_14' title="bbox 394 969 1888 1047">
     <span class='ocr_line' id='line_1_14' title="bbox 394 969 1888 1047; baseline -0.009 -4"><span class='ocrx_word' id='word_1_88' title='bbox 394 973 492 1045; x_wconf 80' lang='grc' dir='ltr'><strong>ρξ’-</strong></span> <span class='ocrx_word' id='word_1_89' title='bbox 522 969 691 1027; x_wconf 71' lang='grc' dir='ltr'>Εἶπεν</span> <span class='ocrx_word' id='word_1_90' title='bbox 719 975 747 1027; x_wconf 76' lang='grc' dir='ltr'>ὁ</span> <span class='ocrx_word' id='word_1_91' title='bbox 771 971 950 1037; x_wconf 75' lang='grc' dir='ltr'><strong>ἀδδᾶς</strong></span> <span class='ocrx_word' id='word_1_92' title='bbox 981 974 1212 1046; x_wconf 81' lang='grc' dir='ltr'><strong>Ποιμήν·</strong></span> <span class='ocrx_word' id='word_1_93' title='bbox 1241 974 1325 1028; x_wconf 85' lang='grc' dir='ltr'><strong>Τὰ</strong></span> <span class='ocrx_word' id='word_1_94' title='bbox 1366 975 1494 1046; x_wconf 87' lang='grc' dir='ltr'>τρία</span> <span class='ocrx_word' id='word_1_95' title='bbox 1531 975 1704 1029; x_wconf 80' lang='grc' dir='ltr'>ταῦτα</span> <span class='ocrx_word' id='word_1_96' title='bbox 1732 976 1888 1047; x_wconf 78' lang='grc' dir='ltr'>κεφά·</span> 
     </span>
    </p>
   </div>
   <div class='ocr_carea' id='block_1_15' title="bbox 1989 969 3577 1071">
    <p class='ocr_par' dir='ltr' id='par_1_15' title="bbox 2080 982 3577 1071">
     <span class='ocr_line' id='line_1_15' title="bbox 2080 982 3577 1071; baseline 0.015 -35"><span class='ocrx_word' id='word_1_97' title='bbox 2080 982 2202 1037; x_wconf 85' lang='grc'><strong>160.</strong></span> <span class='ocrx_word' id='word_1_98' title='bbox 2235 984 2348 1055; x_wconf 79' lang='lat'><strong>(83)</strong></span> <span class='ocrx_word' id='word_1_99' title='bbox 2390 985 2536 1042; x_wconf 84' lang='lat' dir='ltr'><strong>Dixit</strong></span> <span class='ocrx_word' id='word_1_100' title='bbox 2565 989 2735 1047; x_wconf 86' lang='lat' dir='ltr'><strong>abbas</strong></span> <span class='ocrx_word' id='word_1_101' title='bbox 2774 990 2997 1050; x_wconf 67' lang='lat' dir='ltr'><strong>Premen</strong></span> <span class='ocrx_word' id='word_1_102' title='bbox 3028 1013 3041 1049; x_wconf 93' lang='lat'><strong>:</strong></span> <span class='ocrx_word' id='word_1_103' title='bbox 3077 994 3205 1051; x_wconf 89' lang='lat' dir='ltr'><strong>Tria</strong></span> <span class='ocrx_word' id='word_1_104' title='bbox 3234 997 3348 1054; x_wconf 67' lang='lat' dir='ltr'><strong>haec</strong></span> <span class='ocrx_word' id='word_1_105' title='bbox 3376 1003 3577 1071; x_wconf 85' lang='lat' dir='ltr'><strong>capita,</strong></span> 
     </span>
    </p>
   </div>
   <div class='ocr_carea' id='block_1_16' title="bbox 319 1065 1888 1157">
    <p class='ocr_par' dir='ltr' id='par_1_16' title="bbox 319 1065 1888 1140">
     <span class='ocr_line' id='line_1_16' title="bbox 319 1065 1888 1140; baseline 0.001 -21"><span class='ocrx_word' id='word_1_106' title='bbox 319 1065 452 1119; x_wconf 80' lang='grc' dir='ltr'><strong>λαιά</strong></span> <span class='ocrx_word' id='word_1_107' title='bbox 479 1066 596 1118; x_wconf 79' lang='grc' dir='ltr'>ἐστι</span> <span class='ocrx_word' id='word_1_108' title='bbox 633 1065 902 1136; x_wconf 78' lang='grc' dir='ltr'>χρήσιμα·</span> <span class='ocrx_word' id='word_1_109' title='bbox 933 1065 995 1118; x_wconf 82' lang='grc' dir='ltr'>τὸ</span> <span class='ocrx_word' id='word_1_110' title='bbox 1024 1066 1306 1134; x_wconf 78' lang='grc' dir='ltr'>φοϐεῖσθαι</span> <span class='ocrx_word' id='word_1_111' title='bbox 1336 1068 1426 1120; x_wconf 77' lang='grc' dir='ltr'><strong>τὸν</strong></span> <span class='ocrx_word' id='word_1_112' title='bbox 1459 1067 1682 1140; x_wconf 82' lang='grc' dir='ltr'><strong>Κύριον,</strong></span> <span class='ocrx_word' id='word_1_113' title='bbox 1714 1069 1808 1121; x_wconf 73' lang='grc' dir='ltr'>καὶ</span> <span class='ocrx_word' id='word_1_114' title='bbox 1846 1069 1888 1121; x_wconf 66' lang='grc' dir='ltr'><strong>τί</strong></span> 
     </span>
    </p>
   </div>
   <div class='ocr_carea' id='block_1_17' title="bbox 1989 1065 3579 1157">
    <p class='ocr_par' dir='ltr' id='par_1_17' title="bbox 2009 1074 3579 1157">
     <span class='ocr_line' id='line_1_17' title="bbox 2009 1074 3579 1157; baseline 0.016 -30"><span class='ocrx_word' id='word_1_115' title='bbox 2009 1074 2163 1129; x_wconf 87' lang='lat' dir='ltr'><strong>utilia</strong></span> <span class='ocrx_word' id='word_1_116' title='bbox 2202 1085 2360 1145; x_wconf 86' lang='lat' dir='ltr'><strong>sunt;</strong></span> <span class='ocrx_word' id='word_1_117' title='bbox 2408 1078 2597 1135; x_wconf 84' lang='lat' dir='ltr'><strong>timere</strong></span> <span class='ocrx_word' id='word_1_118' title='bbox 2641 1081 2954 1148; x_wconf 91' lang='lat' dir='ltr'><strong>Dominum,</strong></span> <span class='ocrx_word' id='word_1_119' title='bbox 2988 1091 3224 1157; x_wconf 88' lang='lat' dir='ltr'><strong>precari,</strong></span> <span class='ocrx_word' id='word_1_120' title='bbox 3256 1092 3579 1152; x_wconf 82' lang='lat' dir='ltr'><strong>benefacere</strong></span> 
     </span>
    </p>
   </div>
   <div class='ocr_carea' id='block_1_18' title="bbox 318 1156 1763 1231">
    <p class='ocr_par' dir='ltr' id='par_1_18' title="bbox 318 1156 1763 1231">
     <span class='ocr_line' id='line_1_18' title="bbox 318 1156 1763 1231; baseline 0.002 -22"><span class='ocrx_word' id='word_1_121' title='bbox 318 1156 581 1222; x_wconf 78' lang='grc' dir='ltr'>εὔξασθαι</span> <span class='ocrx_word' id='word_1_122' title='bbox 611 1157 681 1219; x_wconf 77' lang='grc'><strong>³⁸,</strong></span> <span class='ocrx_word' id='word_1_123' title='bbox 711 1156 805 1209; x_wconf 77' lang='grc' dir='ltr'>καὶ</span> <span class='ocrx_word' id='word_1_124' title='bbox 834 1157 897 1210; x_wconf 84' lang='grc' dir='ltr'><strong>τὸ</strong></span> <span class='ocrx_word' id='word_1_125' title='bbox 922 1158 1142 1227; x_wconf 85' lang='grc' dir='ltr'>ποιῆσαι</span> <span class='ocrx_word' id='word_1_126' title='bbox 1181 1157 1384 1225; x_wconf 76' lang='grc' dir='ltr'>ἀγαθὸν</span> <span class='ocrx_word' id='word_1_127' title='bbox 1408 1156 1487 1229; x_wconf 80' lang='grc' dir='ltr'><strong>τῷ</strong></span> <span class='ocrx_word' id='word_1_128' title='bbox 1520 1158 1763 1231; x_wconf 83' lang='grc' dir='ltr'><strong>πλησίον.</strong></span> 
     </span>
    </p>
   </div>
   <div class='ocr_carea' id='block_1_19' title="bbox 395 1243 1907 1321">
    <p class='ocr_par' dir='ltr' id='par_1_19' title="bbox 395 1243 1907 1321">
     <span class='ocr_line' id='line_1_19' title="bbox 395 1243 1907 1321; baseline 0.001 -20"><span class='ocrx_word' id='word_1_129' title='bbox 395 1247 533 1319; x_wconf 80' lang='grc' dir='ltr'>ρξα⁹.</span> <span class='ocrx_word' id='word_1_130' title='bbox 558 1246 812 1316; x_wconf 79' lang='grc' dir='ltr'>’Λδελφὸς</span> <span class='ocrx_word' id='word_1_131' title='bbox 844 1243 967 1302; x_wconf 77' lang='grc' dir='ltr'>εἷπε</span> <span class='ocrx_word' id='word_1_132' title='bbox 1014 1246 1093 1320; x_wconf 84' lang='grc' dir='ltr'><strong>τῷ</strong></span> <span class='ocrx_word' id='word_1_133' title='bbox 1145 1248 1289 1320; x_wconf 79' lang='grc' dir='ltr'>ἀϐϐᾷ</span> <span class='ocrx_word' id='word_1_134' title='bbox 1328 1250 1578 1320; x_wconf 84' lang='grc' dir='ltr'>Ποιμένι·</span> <span class='ocrx_word' id='word_1_135' title='bbox 1627 1250 1699 1302; x_wconf 83' lang='grc' dir='ltr'><strong>Τὸ</strong></span> <span class='ocrx_word' id='word_1_136' title='bbox 1748 1249 1907 1321; x_wconf 81' lang='grc' dir='ltr'>σῶμά</span> 
     </span>
    </p>
   </div>
   <div class='ocr_carea' id='block_1_20' title="bbox 322 1337 1901 1412">
    <p class='ocr_par' dir='ltr' id='par_1_20' title="bbox 322 1337 1901 1412">
     <span class='ocr_line' id='line_1_20' title="bbox 322 1337 1901 1412; baseline 0.003 -20"><span class='ocrx_word' id='word_1_137' title='bbox 322 1356 429 1409; x_wconf 83' lang='grc' dir='ltr'><strong>μου</strong></span> <span class='ocrx_word' id='word_1_138' title='bbox 461 1337 812 1410; x_wconf 79' lang='grc' dir='ltr'><strong>ἐξησθένησε,</strong></span> <span class='ocrx_word' id='word_1_139' title='bbox 861 1340 1051 1394; x_wconf 82' lang='grc' dir='ltr'><strong>καίτά</strong></span> <span class='ocrx_word' id='word_1_140' title='bbox 1084 1339 1230 1412; x_wconf 81' lang='grc' dir='ltr'>πάθη</span> <span class='ocrx_word' id='word_1_141' title='bbox 1264 1358 1366 1411; x_wconf 91' lang='grc' dir='ltr'><strong>μου</strong></span> <span class='ocrx_word' id='word_1_142' title='bbox 1403 1341 1504 1394; x_wconf 80' lang='grc' dir='ltr'><strong>οὐκ</strong></span> <span class='ocrx_word' id='word_1_143' title='bbox 1535 1340 1901 1405; x_wconf 80' lang='grc' dir='ltr'>ὲξασθενοῠσι.</span> 
     </span>
    </p>
   </div>
   <div class='ocr_carea' id='block_1_21' title="bbox 318 1429 1905 1502">
    <p class='ocr_par' dir='ltr' id='par_1_21' title="bbox 318 1429 1905 1502">
     <span class='ocr_line' id='line_1_21' title="bbox 318 1429 1905 1502; baseline 0.001 -18"><span class='ocrx_word' id='word_1_144' title='bbox 318 1429 485 1500; x_wconf 85' lang='grc' dir='ltr'>Λέγει</span> <span class='ocrx_word' id='word_1_145' title='bbox 521 1429 674 1499; x_wconf 83' lang='grc' dir='ltr'>αὐτῷ</span> <span class='ocrx_word' id='word_1_146' title='bbox 704 1432 733 1483; x_wconf 85' lang='grc'><strong>6</strong></span> <span class='ocrx_word' id='word_1_147' title='bbox 785 1430 980 1502; x_wconf 83' lang='grc' dir='ltr'>γέρων·</span> <span class='ocrx_word' id='word_1_148' title='bbox 1032 1429 1388 1494; x_wconf 87' lang='grc' dir='ltr'>Ἀκανθώδεις</span> <span class='ocrx_word' id='word_1_149' title='bbox 1437 1431 1679 1502; x_wconf 77' lang='grc' dir='ltr'>ρουσίδες</span> <span class='ocrx_word' id='word_1_150' title='bbox 1704 1432 1810 1485; x_wconf 76' lang='grc' dir='ltr'>εἰσὶ</span> <span class='ocrx_word' id='word_1_151' title='bbox 1836 1432 1905 1486; x_wconf 85' lang='grc' dir='ltr'><strong>τά</strong></span> 
     </span>
    </p>
   </div>
   <div class='ocr_carea' id='block_1_22' title="bbox 319 1523 490 1594">
    <p class='ocr_par' dir='ltr' id='par_1_22' title="bbox 319 1523 490 1594">
     <span class='ocr_line' id='line_1_22' title="bbox 319 1523 490 1594; baseline 0.006 -19"><span class='ocrx_word' id='word_1_152' title='bbox 319 1523 490 1594; x_wconf 84' lang='grc' dir='ltr'>πάθη.</span> 
     </span>
    </p>
   </div>
   <div class='ocr_carea' id='block_1_23' title="bbox 392 1610 1888 1699">
    <p class='ocr_par' dir='ltr' id='par_1_23' title="bbox 392 1610 1888 1688">
     <span class='ocr_line' id='line_1_23' title="bbox 392 1610 1888 1688; baseline 0 -19"><span class='ocrx_word' id='word_1_153' title='bbox 392 1615 532 1688; x_wconf 82' lang='grc' dir='ltr'><strong>ρξ6’.</strong></span> <span class='ocrx_word' id='word_1_154' title='bbox 567 1614 824 1683; x_wconf 71' lang='grc' dir='ltr'>’Λδελφὸς</span> <span class='ocrx_word' id='word_1_155' title='bbox 870 1614 1123 1687; x_wconf 71' lang='grc' dir='ltr'>ἠρώτησε</span> <span class='ocrx_word' id='word_1_156' title='bbox 1155 1614 1247 1669; x_wconf 83' lang='grc' dir='ltr'>τὸν</span> <span class='ocrx_word' id='word_1_157' title='bbox 1290 1615 1464 1669; x_wconf 76' lang='grc' dir='ltr'><strong>ἀὸσᾶν</strong></span> <span class='ocrx_word' id='word_1_158' title='bbox 1501 1610 1763 1687; x_wconf 82' lang='grc' dir='ltr'>Ποιμένα,</span> <span class='ocrx_word' id='word_1_159' title='bbox 1815 1615 1888 1669; x_wconf 84' lang='grc' dir='ltr'>λέ-</span> 
     </span>
    </p>
   </div>
   <div class='ocr_carea' id='block_1_24' title="bbox 1989 1610 3576 1699">
    <p class='ocr_par' dir='ltr' id='par_1_24' title="bbox 2082 1616 3576 1699">
     <span class='ocr_line' id='line_1_24' title="bbox 2082 1616 3576 1699; baseline 0.013 -30"><span class='ocrx_word' id='word_1_160' title='bbox 2082 1616 2206 1670; x_wconf 75' lang='grc'><strong>162.</strong></span> <span class='ocrx_word' id='word_1_161' title='bbox 2250 1616 2443 1674; x_wconf 85' lang='lat' dir='ltr'><strong>Frater</strong></span> <span class='ocrx_word' id='word_1_162' title='bbox 2483 1626 2737 1692; x_wconf 64' lang='lat' dir='ltr'><strong>quaeswit</strong></span> <span class='ocrx_word' id='word_1_163' title='bbox 2766 1625 2833 1680; x_wconf 88' lang='lat' dir='ltr'><strong>de</strong></span> <span class='ocrx_word' id='word_1_164' title='bbox 2874 1628 3069 1683; x_wconf 85' lang='lat' dir='ltr'><strong>abbate</strong></span> <span class='ocrx_word' id='word_1_165' title='bbox 3100 1629 3357 1687; x_wconf 70' lang='lat' dir='ltr'><strong>l’temene</strong></span> <span class='ocrx_word' id='word_1_166' title='bbox 3392 1652 3404 1687; x_wconf 92' lang='lat'>:</span> <span class='ocrx_word' id='word_1_167' title='bbox 3436 1632 3576 1699; x_wconf 84' lang='lat' dir='ltr'><strong>Quid</strong></span> 
     </span>
    </p>
   </div>
   <div class='ocr_carea' id='block_1_25' title="bbox 318 1704 1888 1789">
    <p class='ocr_par' dir='ltr' id='par_1_25' title="bbox 318 1704 1888 1777">
     <span class='ocr_line' id='line_1_25' title="bbox 318 1704 1888 1777; baseline -0.002 -15"><span class='ocrx_word' id='word_1_168' title='bbox 318 1724 454 1777; x_wconf 77' lang='grc' dir='ltr'>γων·</span> <span class='ocrx_word' id='word_1_169' title='bbox 479 1706 544 1760; x_wconf 88' lang='grc' dir='ltr'>Τί</span> <span class='ocrx_word' id='word_1_170' title='bbox 562 1706 806 1776; x_wconf 79' lang='grc' dir='ltr'>ποιήσω;</span> <span class='ocrx_word' id='word_1_171' title='bbox 835 1704 996 1773; x_wconf 83' lang='grc' dir='ltr'>Λέγει</span> <span class='ocrx_word' id='word_1_172' title='bbox 1021 1704 1172 1776; x_wconf 80' lang='grc' dir='ltr'><strong>αὑτῷ</strong></span> <span class='ocrx_word' id='word_1_173' title='bbox 1216 1707 1246 1758; x_wconf 84' lang='grc' dir='ltr'>ὁ</span> <span class='ocrx_word' id='word_1_174' title='bbox 1282 1706 1483 1776; x_wconf 89' lang='grc' dir='ltr'>γέρων·</span> <span class='ocrx_word' id='word_1_175' title='bbox 1522 1707 1689 1761; x_wconf 87' lang='grc' dir='ltr'><strong>Ὅταν</strong></span> <span class='ocrx_word' id='word_1_176' title='bbox 1717 1709 1746 1760; x_wconf 88' lang='grc'>6</span> <span class='ocrx_word' id='word_1_177' title='bbox 1772 1705 1888 1770; x_wconf 64' lang='grc' dir='ltr'><strong>Θεὸς</strong></span> 
     </span>
    </p>
   </div>
   <div class='ocr_carea' id='block_1_26' title="bbox 1989 1704 3576 1789">
    <p class='ocr_par' dir='ltr' id='par_1_26' title="bbox 2010 1705 3576 1789">
     <span class='ocr_line' id='line_1_26' title="bbox 2010 1705 3576 1789; baseline 0.012 -30"><span class='ocrx_word' id='word_1_178' title='bbox 2010 1705 2241 1762; x_wconf 79' lang='lat' dir='ltr'><strong>faciam?</strong></span> <span class='ocrx_word' id='word_1_179' title='bbox 2280 1709 2370 1762; x_wconf 83' lang='lat' dir='ltr'><strong>Ait</strong></span> <span class='ocrx_word' id='word_1_180' title='bbox 2397 1711 2474 1764; x_wconf 82' lang='lat' dir='ltr'><strong>illi</strong></span> <span class='ocrx_word' id='word_1_181' title='bbox 2524 1727 2688 1768; x_wconf 76' lang='lat' dir='ltr'><strong>senex</strong></span> <span class='ocrx_word' id='word_1_182' title='bbox 2722 1715 2896 1770; x_wconf 85' lang='lat' dir='ltr'><strong>:Cum</strong></span> <span class='ocrx_word' id='word_1_183' title='bbox 2945 1716 3089 1773; x_wconf 85' lang='lat' dir='ltr'><strong>Deus</strong></span> <span class='ocrx_word' id='word_1_184' title='bbox 3122 1719 3421 1776; x_wconf 84' lang='lat' dir='ltr'><strong>visitaverit</strong></span> <span class='ocrx_word' id='word_1_185' title='bbox 3452 1738 3576 1789; x_wconf 90' lang='lat' dir='ltr'><strong>nos,</strong></span> 
     </span>
    </p>
   </div>
   <div class='ocr_carea' id='block_1_27' title="bbox 319 1773 1888 1884">
    <p class='ocr_par' dir='ltr' id='par_1_27' title="bbox 319 1773 1888 1870">
     <span class='ocr_line' id='line_1_27' title="bbox 319 1773 1888 1870; baseline 0 -18"><span class='ocrx_word' id='word_1_186' title='bbox 319 1773 718 1870; x_wconf 61' lang='grc' dir='ltr'>ἐπισκέπτηται</span> <span class='ocrx_word' id='word_1_187' title='bbox 764 1798 933 1870; x_wconf 71' lang='grc' dir='ltr'>ἡμᾶς,</span> <span class='ocrx_word' id='word_1_188' title='bbox 962 1798 1107 1861; x_wconf 86' lang='grc' dir='ltr'>τίνος</span> <span class='ocrx_word' id='word_1_189' title='bbox 1139 1773 1334 1869; x_wconf 71' lang='grc' dir='ltr'>έχομεν</span> <span class='ocrx_word' id='word_1_190' title='bbox 1356 1773 1368 1776; x_wconf 42' lang='grc'><strong><em>“</em></strong></span> <span class='ocrx_word' id='word_1_191' title='bbox 1391 1799 1705 1869; x_wconf 75' lang='grc' dir='ltr'>φροντίσαις</span> <span class='ocrx_word' id='word_1_192' title='bbox 1739 1799 1888 1869; x_wconf 66' lang='grc' dir='ltr'>Λέγει</span> 
     </span>
    </p>
   </div>
   <div class='ocr_carea' id='block_1_28' title="bbox 1989 1773 3574 1884">
    <p class='ocr_par' dir='ltr' id='par_1_28' title="bbox 2005 1773 3574 1884">
     <span class='ocr_line' id='line_1_28' title="bbox 2005 1773 3574 1884; baseline 0.009 -31"><span class='ocrx_word' id='word_1_193' title='bbox 2005 1800 2073 1855; x_wconf 86' lang='lat' dir='ltr'><strong>de</strong></span> <span class='ocrx_word' id='word_1_194' title='bbox 2115 1815 2353 1870; x_wconf 87' lang='lat' dir='ltr'><strong>quonam</strong></span> <span class='ocrx_word' id='word_1_195' title='bbox 2391 1817 2538 1859; x_wconf 82' lang='lat' dir='ltr'><strong>curae</strong></span> <span class='ocrx_word' id='word_1_196' title='bbox 2577 1807 2738 1861; x_wconf 88' lang='lat' dir='ltr'><strong>nobis</strong></span> <span class='ocrx_word' id='word_1_197' title='bbox 2767 1824 2890 1863; x_wconf 86' lang='lat' dir='ltr'><strong>esse</strong></span> <span class='ocrx_word' id='word_1_198' title='bbox 2911 1809 3105 1865; x_wconf 88' lang='lat' dir='ltr'><strong>debet?</strong></span> <span class='ocrx_word' id='word_1_199' title='bbox 3133 1810 3435 1884; x_wconf 82' lang='lat' dir='ltr'><strong>Respondit</strong></span> <span class='ocrx_word' id='word_1_200' title='bbox 3463 1773 3574 1869; x_wconf 60' lang='lat' dir='ltr'><strong>fra:</strong></span> 
     </span>
    </p>
   </div>
   <div class='ocr_carea' id='block_1_29' title="bbox 317 1887 1888 1978">
    <p class='ocr_par' dir='ltr' id='par_1_29' title="bbox 317 1887 1888 1964">
     <span class='ocr_line' id='line_1_29' title="bbox 317 1887 1888 1964; baseline 0 -18"><span class='ocrx_word' id='word_1_201' title='bbox 317 1893 468 1963; x_wconf 75' lang='grc' dir='ltr'>αὐτῷ</span> <span class='ocrx_word' id='word_1_202' title='bbox 496 1895 525 1946; x_wconf 86' lang='grc' dir='ltr'>ὁ</span> <span class='ocrx_word' id='word_1_203' title='bbox 555 1891 802 1961; x_wconf 82' lang='grc' dir='ltr'>ἀδελφός·</span> <span class='ocrx_word' id='word_1_204' title='bbox 840 1890 960 1944; x_wconf 85' lang='grc' dir='ltr'><strong>Τῶν</strong></span> <span class='ocrx_word' id='word_1_205' title='bbox 1016 1891 1300 1964; x_wconf 84' lang='grc' dir='ltr'>ἁμαρτιῶν</span> <span class='ocrx_word' id='word_1_206' title='bbox 1346 1890 1524 1962; x_wconf 77' lang='grc' dir='ltr'>ἡμῶν.</span> <span class='ocrx_word' id='word_1_207' title='bbox 1553 1892 1716 1961; x_wconf 83' lang='grc' dir='ltr'>Λέγει</span> <span class='ocrx_word' id='word_1_208' title='bbox 1760 1887 1888 1948; x_wconf 78' lang='grc' dir='ltr'><strong>οὖνέ</strong></span> 
     </span>
    </p>
   </div>
   <div class='ocr_carea' id='block_1_30' title="bbox 1989 1887 3573 1978">
    <p class='ocr_par' dir='ltr' id='par_1_30' title="bbox 2004 1892 3573 1978">
     <span class='ocr_line' id='line_1_30' title="bbox 2004 1892 3573 1978; baseline 0.011 -33"><span class='ocrx_word' id='word_1_209' title='bbox 2004 1900 2088 1946; x_wconf 90' lang='lat' dir='ltr'><strong>ter</strong></span> <span class='ocrx_word' id='word_1_210' title='bbox 2121 1911 2134 1946; x_wconf 88' lang='lat'>:</span> <span class='ocrx_word' id='word_1_211' title='bbox 2168 1892 2243 1949; x_wconf 89' lang='lat' dir='ltr'><strong>De</strong></span> <span class='ocrx_word' id='word_1_212' title='bbox 2277 1898 2518 1965; x_wconf 87' lang='lat' dir='ltr'><strong>peccatis</strong></span> <span class='ocrx_word' id='word_1_213' title='bbox 2567 1900 2790 1954; x_wconf 88' lang='lat' dir='ltr'><strong>nostris.</strong></span> <span class='ocrx_word' id='word_1_214' title='bbox 2836 1899 3021 1971; x_wconf 82' lang='lat' dir='ltr'><strong>Itaque</strong></span> <span class='ocrx_word' id='word_1_215' title='bbox 3068 1919 3234 1959; x_wconf 78' lang='lat' dir='ltr'><strong>senex</strong></span> <span class='ocrx_word' id='word_1_216' title='bbox 3260 1925 3273 1960; x_wconf 89' lang='lat'>:</span> <span class='ocrx_word' id='word_1_217' title='bbox 3297 1907 3573 1978; x_wconf 87' lang='lat' dir='ltr'><strong>Ingredia-</strong></span> 
     </span>
    </p>
   </div>
   <div class='ocr_carea' id='block_1_31' title="bbox 315 1982 1888 2059">
    <p class='ocr_par' dir='ltr' id='par_1_31' title="bbox 315 1982 1888 2056">
     <span class='ocr_line' id='line_1_31' title="bbox 315 1982 1888 2056; baseline 0.002 -19"><span class='ocrx_word' id='word_1_218' title='bbox 315 1984 518 2055; x_wconf 77' lang='grc' dir='ltr'>γέρων·</span> <span class='ocrx_word' id='word_1_219' title='bbox 546 1982 894 2054; x_wconf 81' lang='grc' dir='ltr'>Εἱσέλθωμεν</span> <span class='ocrx_word' id='word_1_220' title='bbox 926 1984 1009 2047; x_wconf 77' lang='grc' dir='ltr'><strong>είς</strong></span> <span class='ocrx_word' id='word_1_221' title='bbox 1055 1982 1118 2036; x_wconf 85' lang='grc' dir='ltr'>τὸ</span> <span class='ocrx_word' id='word_1_222' title='bbox 1176 1982 1387 2038; x_wconf 89' lang='grc' dir='ltr'>κελλίον</span> <span class='ocrx_word' id='word_1_223' title='bbox 1417 1985 1593 2056; x_wconf 80' lang='grc' dir='ltr'>ἡμῶν,</span> <span class='ocrx_word' id='word_1_224' title='bbox 1641 1986 1735 2040; x_wconf 77' lang='grc' dir='ltr'>καὶ</span> <span class='ocrx_word' id='word_1_225' title='bbox 1772 1986 1888 2040; x_wconf 86' lang='grc' dir='ltr'>καθ-</span> 
     </span>
    </p>
   </div>
   <div class='ocr_carea' id='block_1_32' title="bbox 1989 1982 3577 2059">
    <p class='ocr_par' dir='ltr' id='par_1_32' title="bbox 2004 1987 3577 2059">
     <span class='ocr_line' id='line_1_32' title="bbox 2004 1987 3577 2059; baseline 0.008 -22"><span class='ocrx_word' id='word_1_226' title='bbox 2004 1999 2147 2045; x_wconf 89' lang='lat' dir='ltr'><strong>mur.</strong></span> <span class='ocrx_word' id='word_1_227' title='bbox 2184 1987 2384 2056; x_wconf 89' lang='lat' dir='ltr'><strong>inquit,</strong></span> <span class='ocrx_word' id='word_1_228' title='bbox 2410 1988 2465 2041; x_wconf 89' lang='lat' dir='ltr'><strong>in</strong></span> <span class='ocrx_word' id='word_1_229' title='bbox 2503 1990 2694 2044; x_wconf 87' lang='lat' dir='ltr'><strong>cellam</strong></span> <span class='ocrx_word' id='word_1_230' title='bbox 2725 2001 2992 2059; x_wconf 88' lang='lat' dir='ltr'><strong>nostram,</strong></span> <span class='ocrx_word' id='word_1_231' title='bbox 3019 2001 3073 2048; x_wconf 94' lang='lat' dir='ltr'><strong>et</strong></span> <span class='ocrx_word' id='word_1_232' title='bbox 3100 1996 3358 2052; x_wconf 88' lang='lat' dir='ltr'><strong>sedentes</strong></span> <span class='ocrx_word' id='word_1_233' title='bbox 3384 2000 3577 2053; x_wconf 86' lang='lat' dir='ltr'><strong>memi-</strong></span> 
     </span>
    </p>
   </div>
   <div class='ocr_carea' id='block_1_33' title="bbox 321 2073 1888 2159">
    <p class='ocr_par' dir='ltr' id='par_1_33' title="bbox 321 2073 1888 2147">
     <span class='ocr_line' id='line_1_33' title="bbox 321 2073 1888 2147; baseline 0.001 -20"><span class='ocrx_word' id='word_1_234' title='bbox 321 2075 534 2139; x_wconf 85' lang='grc' dir='ltr'>ίσαντες</span> <span class='ocrx_word' id='word_1_235' title='bbox 573 2073 1036 2146; x_wconf 82' lang='grc' dir='ltr'>μνημονεύσωμεν</span> <span class='ocrx_word' id='word_1_236' title='bbox 1059 2074 1170 2128; x_wconf 85' lang='grc' dir='ltr'><strong>τῶν</strong></span> <span class='ocrx_word' id='word_1_237' title='bbox 1206 2074 1489 2146; x_wconf 85' lang='grc' dir='ltr'>ἁμαρτιῶν</span> <span class='ocrx_word' id='word_1_238' title='bbox 1537 2075 1714 2147; x_wconf 84' lang='grc' dir='ltr'>ήμῶν,</span> <span class='ocrx_word' id='word_1_239' title='bbox 1750 2078 1843 2130; x_wconf 75' lang='grc' dir='ltr'><strong>καὶ</strong></span> <span class='ocrx_word' id='word_1_240' title='bbox 1873 2078 1888 2129; x_wconf 71' lang='grc' dir='ltr'>ἐ</span> 
     </span>
    </p>
   </div>
   <div class='ocr_carea' id='block_1_34' title="bbox 1989 2073 3573 2159">
    <p class='ocr_par' dir='ltr' id='par_1_34' title="bbox 2005 2081 3573 2159">
     <span class='ocr_line' id='line_1_34' title="bbox 2005 2081 3573 2159; baseline 0.01 -27"><span class='ocrx_word' id='word_1_241' title='bbox 2005 2081 2248 2137; x_wconf 75' lang='lat' dir='ltr'><strong>norimus</strong></span> <span class='ocrx_word' id='word_1_242' title='bbox 2276 2093 2624 2151; x_wconf 88' lang='lat' dir='ltr'><strong>peccatorum</strong></span> <span class='ocrx_word' id='word_1_243' title='bbox 2664 2097 2998 2151; x_wconf 86' lang='lat' dir='ltr'><strong>nostrorum,</strong></span> <span class='ocrx_word' id='word_1_244' title='bbox 3038 2096 3280 2159; x_wconf 81' lang='lat' dir='ltr'><strong>tuncque</strong></span> <span class='ocrx_word' id='word_1_245' title='bbox 3311 2089 3573 2148; x_wconf 86' lang='lat' dir='ltr'><strong>Dominus</strong></span> 
     </span>
    </p>
   </div>
   <div class='ocr_carea' id='block_1_35' title="bbox 318 2165 1888 2237">
    <p class='ocr_par' dir='ltr' id='par_1_35' title="bbox 318 2165 1315 2237">
     <span class='ocr_line' id='line_1_35' title="bbox 318 2165 1315 2237; baseline 0.002 -19"><span class='ocrx_word' id='word_1_246' title='bbox 318 2165 525 2237; x_wconf 80' lang='grc' dir='ltr'>Κύριος</span> <span class='ocrx_word' id='word_1_247' title='bbox 555 2166 875 2237; x_wconf 82' lang='grc' dir='ltr'>συνέρχεται</span> <span class='ocrx_word' id='word_1_248' title='bbox 907 2167 1039 2236; x_wconf 84' lang='grc' dir='ltr'>ἡμῖν</span> <span class='ocrx_word' id='word_1_249' title='bbox 1067 2168 1126 2219; x_wconf 82' lang='grc' dir='ltr'><strong>ὲν</strong></span> <span class='ocrx_word' id='word_1_250' title='bbox 1160 2168 1315 2221; x_wconf 79' lang='grc' dir='ltr'>πᾶσι.</span> 
     </span>
    </p>
   </div>
   <div class='ocr_carea' id='block_1_36' title="bbox 1989 2165 2949 2237">
    <p class='ocr_par' dir='ltr' id='par_1_36' title="bbox 2002 2174 2949 2234">
     <span class='ocr_line' id='line_1_36' title="bbox 2002 2174 2949 2234; baseline 0.008 -8"><span class='ocrx_word' id='word_1_251' title='bbox 2002 2174 2056 2226; x_wconf 89' lang='lat' dir='ltr'><strong>in</strong></span> <span class='ocrx_word' id='word_1_252' title='bbox 2084 2175 2302 2229; x_wconf 89' lang='lat' dir='ltr'><strong>cunctis</strong></span> <span class='ocrx_word' id='word_1_253' title='bbox 2325 2186 2619 2231; x_wconf 88' lang='lat' dir='ltr'><strong>concurret</strong></span> <span class='ocrx_word' id='word_1_254' title='bbox 2646 2178 2949 2234; x_wconf 89' lang='lat' dir='ltr'><strong>nobiscum.</strong></span> 
     </span>
    </p>
   </div>
   <div class='ocr_carea' id='block_1_37' title="bbox 390 2256 1888 2340">
    <p class='ocr_par' dir='ltr' id='par_1_37' title="bbox 390 2256 1888 2329">
     <span class='ocr_line' id='line_1_37' title="bbox 390 2256 1888 2329; baseline 0 -19"><span class='ocrx_word' id='word_1_255' title='bbox 390 2257 528 2327; x_wconf 81' lang='grc' dir='ltr'>ρξγ’.</span> <span class='ocrx_word' id='word_1_256' title='bbox 572 2256 826 2326; x_wconf 79' lang='grc' dir='ltr'>’Λδελφὸς</span> <span class='ocrx_word' id='word_1_257' title='bbox 872 2257 1095 2325; x_wconf 76' lang='grc' dir='ltr'>ὑπάγων</span> <span class='ocrx_word' id='word_1_258' title='bbox 1142 2259 1222 2319; x_wconf 80' lang='grc' dir='ltr'><strong>είς</strong></span> <span class='ocrx_word' id='word_1_259' title='bbox 1266 2256 1365 2328; x_wconf 86' lang='grc' dir='ltr'><strong>τὴν</strong></span> <span class='ocrx_word' id='word_1_260' title='bbox 1394 2256 1600 2328; x_wconf 84' lang='grc' dir='ltr'>ἀγορὰν</span> <span class='ocrx_word' id='word_1_261' title='bbox 1647 2257 1888 2329; x_wconf 74' lang='grc' dir='ltr'>ἠρώτησε</span> 
     </span>
    </p>
   </div>
   <div class='ocr_carea' id='block_1_38' title="bbox 1989 2256 3573 2340">
    <p class='ocr_par' dir='ltr' id='par_1_38' title="bbox 2072 2265 3573 2340">
     <span class='ocr_line' id='line_1_38' title="bbox 2072 2265 3573 2340; baseline 0.005 -21"><span class='ocrx_word' id='word_1_262' title='bbox 2072 2266 2194 2320; x_wconf 81' lang='grc'><strong>165.</strong></span> <span class='ocrx_word' id='word_1_263' title='bbox 2239 2265 2352 2339; x_wconf 73' lang='grc'>(84)</span> <span class='ocrx_word' id='word_1_264' title='bbox 2409 2266 2596 2322; x_wconf 85' lang='lat' dir='ltr'><strong>Frater</strong></span> <span class='ocrx_word' id='word_1_265' title='bbox 2637 2285 2871 2340; x_wconf 79' lang='lat' dir='ltr'><strong>pergens</strong></span> <span class='ocrx_word' id='word_1_266' title='bbox 2912 2271 2978 2324; x_wconf 87' lang='lat' dir='ltr'><strong>ad</strong></span> <span class='ocrx_word' id='word_1_267' title='bbox 3026 2279 3349 2336; x_wconf 88' lang='lat' dir='ltr'><strong>mercatum,</strong></span> <span class='ocrx_word' id='word_1_268' title='bbox 3401 2274 3573 2330; x_wconf 90' lang='lat' dir='ltr'><strong>inter—</strong></span> 
     </span>
    </p>
   </div>
   <div class='ocr_carea' id='block_1_39' title="bbox 2048 1182 2276 1223">
    <p class='ocr_par' dir='ltr' id='par_1_39' title="bbox 2048 1182 2276 1223">
     <span class='ocr_line' id='line_1_39' title="bbox 2048 1182 2276 1223; baseline 0.026 -6"><span class='ocrx_word' id='word_1_269' title='bbox 2048 1182 2276 1223; x_wconf 73' lang='lat' dir='ltr'><strong>mxumo.</strong></span> 
     </span>
    </p>
   </div>
   <div class='ocr_carea' id='block_1_40' title="bbox 2006 1181 3578 1346">
    <p class='ocr_par' dir='ltr' id='par_1_40' title="bbox 2006 1181 3578 1346">
     <span class='ocr_line' id='line_1_40' title="bbox 2048 1182 2276 1223; baseline 0.026 -6"><span class='ocrx_word' id='word_1_270' title='bbox 2048 1182 2276 1223; x_wconf 73' lang='lat' dir='ltr'><strong>mxumo.</strong></span> 
     </span>
     <span class='ocr_line' id='line_1_41' title="bbox 2006 1181 3578 1346; baseline 0.017 -38"><span class='ocrx_word' id='word_1_271' title='bbox 2006 1181 2040 1233; x_wconf 62' lang='grc' dir='ltr'>ρ</span> <span class='ocrx_word' id='word_1_272' title='bbox 2076 1257 2196 1313; x_wconf 76' lang='grc'><strong>161.</strong></span> <span class='ocrx_word' id='word_1_273' title='bbox 2242 1258 2433 1316; x_wconf 87' lang='lat' dir='ltr'><strong>Frater</strong></span> <span class='ocrx_word' id='word_1_274' title='bbox 2458 1262 2596 1318; x_wconf 84' lang='lat' dir='ltr'><strong>dixit</strong></span> <span class='ocrx_word' id='word_1_275' title='bbox 2625 1265 2809 1321; x_wconf 88' lang='lat' dir='ltr'><strong>abbati</strong></span> <span class='ocrx_word' id='word_1_276' title='bbox 2830 1265 3071 1325; x_wconf 85' lang='lat' dir='ltr'><strong>Poemeni</strong></span> <span class='ocrx_word' id='word_1_277' title='bbox 3098 1290 3112 1326; x_wconf 91' lang='lat'>:</span> <span class='ocrx_word' id='word_1_278' title='bbox 3162 1271 3374 1346; x_wconf 89' lang='lat' dir='ltr'><strong>Corpus</strong></span> <span class='ocrx_word' id='word_1_279' title='bbox 3398 1292 3578 1334; x_wconf 91' lang='lat' dir='ltr'><strong>meum</strong></span> 
     </span>
    </p>
   </div>
   <div class='ocr_carea' id='block_1_41' title="bbox 2007 1351 3580 1425">
    <p class='ocr_par' dir='ltr' id='par_1_41' title="bbox 2007 1351 3580 1425">
     <span class='ocr_line' id='line_1_42' title="bbox 2007 1351 3580 1425; baseline 0.014 -23"><span class='ocrx_word' id='word_1_280' title='bbox 2007 1352 2179 1404; x_wconf 83' lang='lat' dir='ltr'><strong>evasit</strong></span> <span class='ocrx_word' id='word_1_281' title='bbox 2200 1351 2399 1420; x_wconf 85' lang='lat' dir='ltr'><strong>debile,</strong></span> <span class='ocrx_word' id='word_1_282' title='bbox 2427 1369 2482 1410; x_wconf 89' lang='lat' dir='ltr'><strong>et</strong></span> <span class='ocrx_word' id='word_1_283' title='bbox 2522 1355 2750 1413; x_wconf 75' lang='lat' dir='ltr'><strong>affectus</strong></span> <span class='ocrx_word' id='word_1_284' title='bbox 2793 1361 2897 1415; x_wconf 88' lang='lat' dir='ltr'><strong>mei</strong></span> <span class='ocrx_word' id='word_1_285' title='bbox 2941 1377 3050 1417; x_wconf 92' lang='lat' dir='ltr'><strong>non</strong></span> <span class='ocrx_word' id='word_1_286' title='bbox 3078 1363 3458 1425; x_wconf 89' lang='lat' dir='ltr'><strong>debilitantur.</strong></span> <span class='ocrx_word' id='word_1_287' title='bbox 3489 1371 3580 1424; x_wconf 83' lang='lat' dir='ltr'><strong>Ait</strong></span> 
     </span>
    </p>
   </div>
   <div class='ocr_carea' id='block_1_42' title="bbox 2007 1437 3163 1523">
    <p class='ocr_par' dir='ltr' id='par_1_42' title="bbox 2007 1437 3163 1523">
     <span class='ocr_line' id='line_1_43' title="bbox 2007 1437 3163 1523; baseline 0.016 -34"><span class='ocrx_word' id='word_1_288' title='bbox 2007 1437 2083 1490; x_wconf 80' lang='lat' dir='ltr'><strong>illi</strong></span> <span class='ocrx_word' id='word_1_289' title='bbox 2109 1454 2272 1493; x_wconf 80' lang='lat' dir='ltr'><strong>senex</strong></span> <span class='ocrx_word' id='word_1_290' title='bbox 2300 1460 2313 1496; x_wconf 91' lang='lat'>:</span> <span class='ocrx_word' id='word_1_291' title='bbox 2344 1441 2584 1500; x_wconf 73' lang='lat' dir='ltr'><strong>Aﬂectus</strong></span> <span class='ocrx_word' id='word_1_292' title='bbox 2611 1455 2739 1501; x_wconf 91' lang='lat' dir='ltr'><strong>sunt</strong></span> <span class='ocrx_word' id='word_1_293' title='bbox 2767 1449 2969 1518; x_wconf 72' lang='lat' dir='ltr'><strong>spineac</strong></span> <span class='ocrx_word' id='word_1_294' title='bbox 2996 1467 3163 1523; x_wconf 74' lang='lat' dir='ltr'><strong>rugae.</strong></span> 
     </span>
    </p>
   </div>
   <div class='ocr_carea' id='block_1_43' title="bbox 314 2347 1888 2434">
    <p class='ocr_par' dir='ltr' id='par_1_43' title="bbox 314 2347 1888 2420">
     <span class='ocr_line' id='line_1_44' title="bbox 314 2347 1888 2420; baseline 0.001 -19"><span class='ocrx_word' id='word_1_295' title='bbox 314 2349 406 2402; x_wconf 72' lang='grc' dir='ltr'>τὸν</span> <span class='ocrx_word' id='word_1_296' title='bbox 427 2348 602 2402; x_wconf 80' lang='grc' dir='ltr'><strong>ἀ66ἄν</strong></span> <span class='ocrx_word' id='word_1_297' title='bbox 628 2348 886 2419; x_wconf 86' lang='grc' dir='ltr'>Ποιμὲνα·</span> <span class='ocrx_word' id='word_1_298' title='bbox 920 2347 984 2401; x_wconf 91' lang='grc' dir='ltr'>Τί</span> <span class='ocrx_word' id='word_1_299' title='bbox 1014 2348 1186 2411; x_wconf 88' lang='grc' dir='ltr'>θέλεις</span> <span class='ocrx_word' id='word_1_300' title='bbox 1213 2349 1457 2420; x_wconf 81' lang='grc' dir='ltr'>ποιήσω;</span> <span class='ocrx_word' id='word_1_301' title='bbox 1506 2349 1667 2418; x_wconf 84' lang='grc' dir='ltr'>Λέγει</span> <span class='ocrx_word' id='word_1_302' title='bbox 1703 2349 1888 2419; x_wconf 69' lang='grc' dir='ltr'>αὐτῷί</span> 
     </span>
    </p>
   </div>
   <div class='ocr_carea' id='block_1_44' title="bbox 1989 2347 3572 2434">
    <p class='ocr_par' dir='ltr' id='par_1_44' title="bbox 1999 2359 3572 2434">
     <span class='ocr_line' id='line_1_45' title="bbox 1999 2359 3572 2434; baseline 0.007 -24"><span class='ocrx_word' id='word_1_303' title='bbox 1999 2359 2213 2429; x_wconf 81' lang='lat' dir='ltr'><strong>rogavit</strong></span> <span class='ocrx_word' id='word_1_304' title='bbox 2235 2359 2484 2414; x_wconf 86' lang='lat' dir='ltr'><strong>abbatem</strong></span> <span class='ocrx_word' id='word_1_305' title='bbox 2508 2359 2842 2427; x_wconf 88' lang='lat' dir='ltr'><strong>Poemenem,</strong></span> <span class='ocrx_word' id='word_1_306' title='bbox 2870 2363 3002 2433; x_wconf 89' lang='lat' dir='ltr'><strong>quid</strong></span> <span class='ocrx_word' id='word_1_307' title='bbox 3027 2364 3129 2434; x_wconf 91' lang='lat' dir='ltr'><strong>ipsi</strong></span> <span class='ocrx_word' id='word_1_308' title='bbox 3156 2365 3373 2419; x_wconf 91' lang='lat' dir='ltr'><strong>consilii</strong></span> <span class='ocrx_word' id='word_1_309' title='bbox 3398 2364 3572 2422; x_wconf 86' lang='lat' dir='ltr'><strong>daret.</strong></span> 
     </span>
    </p>
   </div>
   <div class='ocr_carea' id='block_1_45' title="bbox 311 2439 1888 2528">
    <p class='ocr_par' dir='ltr' id='par_1_45' title="bbox 311 2439 1888 2512">
     <span class='ocr_line' id='line_1_46' title="bbox 311 2439 1888 2512; baseline -0.001 -18"><span class='ocrx_word' id='word_1_310' title='bbox 311 2441 513 2511; x_wconf 82' lang='grc' dir='ltr'>γέρων·</span> <span class='ocrx_word' id='word_1_311' title='bbox 537 2439 698 2493; x_wconf 87' lang='grc' dir='ltr'><strong>Γενοῦ</strong></span> <span class='ocrx_word' id='word_1_312' title='bbox 731 2439 884 2510; x_wconf 72' lang='grc' dir='ltr'>φίλος</span> <span class='ocrx_word' id='word_1_313' title='bbox 906 2439 998 2493; x_wconf 81' lang='grc' dir='ltr'><strong>τοῦ</strong></span> <span class='ocrx_word' id='word_1_314' title='bbox 1038 2439 1231 2494; x_wconf 76' lang='grc' dir='ltr'>ἑαυτὸν</span> <span class='ocrx_word' id='word_1_315' title='bbox 1270 2439 1613 2512; x_wconf 78' lang='grc' dir='ltr'><strong>βιαζομένου,</strong></span> <span class='ocrx_word' id='word_1_316' title='bbox 1641 2440 1735 2494; x_wconf 71' lang='grc' dir='ltr'>καὶ</span> <span class='ocrx_word' id='word_1_317' title='bbox 1760 2441 1888 2510; x_wconf 83' lang='grc' dir='ltr'>μετᾶ</span> 
     </span>
    </p>
   </div>
   <div class='ocr_carea' id='block_1_46' title="bbox 1989 2439 3572 2528">
    <p class='ocr_par' dir='ltr' id='par_1_46' title="bbox 2003 2445 3572 2528">
     <span class='ocr_line' id='line_1_47' title="bbox 2003 2445 3572 2528; baseline 0.007 -27"><span class='ocrx_word' id='word_1_318' title='bbox 2003 2445 2179 2502; x_wconf 78' lang='lat' dir='ltr'><strong>Senex</strong></span> <span class='ocrx_word' id='word_1_319' title='bbox 2220 2458 2400 2504; x_wconf 85' lang='lat' dir='ltr'><strong>autem</strong></span> <span class='ocrx_word' id='word_1_320' title='bbox 2447 2452 2730 2521; x_wconf 91' lang='lat' dir='ltr'><strong>respondit</strong></span> <span class='ocrx_word' id='word_1_321' title='bbox 2758 2452 2807 2507; x_wconf 90' lang='lat' dir='ltr'><strong>ei</strong></span> <span class='ocrx_word' id='word_1_322' title='bbox 2842 2452 3013 2508; x_wconf 89' lang='lat' dir='ltr'><strong>:Esto</strong></span> <span class='ocrx_word' id='word_1_323' title='bbox 3058 2456 3267 2511; x_wconf 90' lang='lat' dir='ltr'><strong>amicus</strong></span> <span class='ocrx_word' id='word_1_324' title='bbox 3299 2456 3447 2512; x_wconf 88' lang='lat' dir='ltr'><strong>illius</strong></span> <span class='ocrx_word' id='word_1_325' title='bbox 3478 2461 3572 2528; x_wconf 82' lang='lat' dir='ltr'><strong>qui</strong></span> 
     </span>
    </p>
   </div>
   <div class='ocr_carea' id='block_1_47' title="bbox 311 2533 1347 2604">
    <p class='ocr_par' dir='ltr' id='par_1_47' title="bbox 311 2533 1347 2604">
     <span class='ocr_line' id='line_1_48' title="bbox 311 2533 1347 2604; baseline -0.004 -14"><span class='ocrx_word' id='word_1_326' title='bbox 311 2536 677 2599; x_wconf 75' lang='grc' dir='ltr'>ἀναπαύσεως</span> <span class='ocrx_word' id='word_1_327' title='bbox 702 2536 897 2599; x_wconf 77' lang='grc' dir='ltr'>πωλεῖς</span> <span class='ocrx_word' id='word_1_328' title='bbox 930 2533 1002 2587; x_wconf 80' lang='grc' dir='ltr'><strong>τὰ</strong></span> <span class='ocrx_word' id='word_1_329' title='bbox 1032 2533 1202 2604; x_wconf 82' lang='grc' dir='ltr'>σκεύη</span> <span class='ocrx_word' id='word_1_330' title='bbox 1232 2550 1347 2587; x_wconf 90' lang='grc' dir='ltr'>σου.</span> 
     </span>
    </p>
   </div>
   <div class='ocr_carea' id='block_1_48' title="bbox 387 2618 1897 2698">
    <p class='ocr_par' dir='ltr' id='par_1_48' title="bbox 387 2618 1897 2698">
     <span class='ocr_line' id='line_1_49' title="bbox 387 2618 1897 2698; baseline -0.003 -14"><span class='ocrx_word' id='word_1_331' title='bbox 387 2628 515 2698; x_wconf 65' lang='grc' dir='ltr'><strong>ρξδν.</strong></span> <span class='ocrx_word' id='word_1_332' title='bbox 556 2624 727 2684; x_wconf 78' lang='grc' dir='ltr'>Εἶπεν</span> <span class='ocrx_word' id='word_1_333' title='bbox 779 2618 807 2680; x_wconf 75' lang='grc' dir='ltr'><strong>ὁ</strong></span> <span class='ocrx_word' id='word_1_334' title='bbox 845 2626 1018 2690; x_wconf 79' lang='grc' dir='ltr'><strong>ἀὸὅᾶς</strong></span> <span class='ocrx_word' id='word_1_335' title='bbox 1049 2626 1282 2697; x_wconf 84' lang='grc' dir='ltr'><strong>Ποιμήν·</strong></span> <span class='ocrx_word' id='word_1_336' title='bbox 1340 2621 1557 2688; x_wconf 79' lang='grc' dir='ltr'>Δίδαξον</span> <span class='ocrx_word' id='word_1_337' title='bbox 1603 2624 1663 2677; x_wconf 87' lang='grc' dir='ltr'><strong>τὺ</strong></span> <span class='ocrx_word' id='word_1_338' title='bbox 1720 2626 1897 2698; x_wconf 84' lang='grc' dir='ltr'>στόμα</span> 
     </span>
    </p>
   </div>
   <div class='ocr_carea' id='block_1_49' title="bbox 314 2718 1254 2792">
    <p class='ocr_par' dir='ltr' id='par_1_49' title="bbox 314 2718 1254 2792">
     <span class='ocr_line' id='line_1_50' title="bbox 314 2718 1254 2792; baseline -0.003 -19"><span class='ocrx_word' id='word_1_339' title='bbox 314 2736 409 2773; x_wconf 87' lang='grc' dir='ltr'><strong>σου</strong></span> <span class='ocrx_word' id='word_1_340' title='bbox 439 2719 619 2773; x_wconf 80' lang='grc' dir='ltr'>λαλεῖν</span> <span class='ocrx_word' id='word_1_341' title='bbox 651 2720 687 2775; x_wconf 80' lang='grc' dir='ltr'>ἃ</span> <span class='ocrx_word' id='word_1_342' title='bbox 712 2719 824 2791; x_wconf 76' lang='grc' dir='ltr'>ἔχει</span> <span class='ocrx_word' id='word_1_343' title='bbox 850 2722 884 2792; x_wconf 82' lang='grc' dir='ltr'>ἡ</span> <span class='ocrx_word' id='word_1_344' title='bbox 912 2718 1106 2791; x_wconf 79' lang='grc' dir='ltr'>καρδία</span> <span class='ocrx_word' id='word_1_345' title='bbox 1138 2735 1254 2771; x_wconf 93' lang='grc' dir='ltr'>σου.</span> 
     </span>
    </p>
   </div>
   <div class='ocr_carea' id='block_1_50' title="bbox 384 2809 1892 2885">
    <p class='ocr_par' dir='ltr' id='par_1_50' title="bbox 384 2809 1892 2885">
     <span class='ocr_line' id='line_1_51' title="bbox 384 2809 1892 2885; baseline 0.001 -20"><span class='ocrx_word' id='word_1_346' title='bbox 384 2814 516 2885; x_wconf 78' lang='grc' dir='ltr'>ρξε’.</span> <span class='ocrx_word' id='word_1_347' title='bbox 563 2811 851 2885; x_wconf 82' lang='grc' dir='ltr'>Ἦρωτήθη</span> <span class='ocrx_word' id='word_1_348' title='bbox 881 2814 909 2865; x_wconf 89' lang='grc' dir='ltr'>ὁ</span> <span class='ocrx_word' id='word_1_349' title='bbox 948 2810 1122 2874; x_wconf 80' lang='grc' dir='ltr'>ἀὸσᾶς</span> <span class='ocrx_word' id='word_1_350' title='bbox 1159 2809 1370 2880; x_wconf 82' lang='grc' dir='ltr'>Ποιμὴν</span> <span class='ocrx_word' id='word_1_351' title='bbox 1399 2810 1529 2879; x_wconf 70' lang='grc' dir='ltr'>περὶ</span> <span class='ocrx_word' id='word_1_352' title='bbox 1579 2809 1892 2883; x_wconf 78' lang='grc' dir='ltr'><strong>μολυσμῶν·</strong></span> 
     </span>
    </p>
   </div>
   <div class='ocr_carea' id='block_1_51' title="bbox 309 2904 1894 2979">
    <p class='ocr_par' dir='ltr' id='par_1_51' title="bbox 309 2904 1894 2979">
     <span class='ocr_line' id='line_1_52' title="bbox 309 2904 1894 2979; baseline 0.001 -19"><span class='ocrx_word' id='word_1_353' title='bbox 309 2907 409 2960; x_wconf 73' lang='grc' dir='ltr'>καὶ</span> <span class='ocrx_word' id='word_1_354' title='bbox 433 2904 728 2977; x_wconf 84' lang='grc' dir='ltr'>ἀπεκρίθη,</span> <span class='ocrx_word' id='word_1_355' title='bbox 774 2907 857 2960; x_wconf 83' lang='grc' dir='ltr'>ὅτι</span> <span class='ocrx_word' id='word_1_356' title='bbox 897 2904 1022 2958; x_wconf 82' lang='grc' dir='ltr'><strong>Ἐὰν</strong></span> <span class='ocrx_word' id='word_1_357' title='bbox 1071 2907 1354 2979; x_wconf 87' lang='grc' dir='ltr'><strong>στήσωμεν</strong></span> <span class='ocrx_word' id='word_1_358' title='bbox 1396 2908 1457 2959; x_wconf 82' lang='grc' dir='ltr'>τὸ</span> <span class='ocrx_word' id='word_1_359' title='bbox 1493 2907 1795 2977; x_wconf 76' lang='grc' dir='ltr'>πρακτικὸν</span> <span class='ocrx_word' id='word_1_360' title='bbox 1828 2910 1894 2971; x_wconf 82' lang='grc'><strong>¹⁹,</strong></span> 
     </span>
    </p>
   </div>
   <div class='ocr_carea' id='block_1_52' title="bbox 309 2994 1897 3068">
    <p class='ocr_par' dir='ltr' id='par_1_52' title="bbox 309 2994 1897 3068">
     <span class='ocr_line' id='line_1_53' title="bbox 309 2994 1897 3068; baseline 0.001 -19"><span class='ocrx_word' id='word_1_361' title='bbox 309 2994 411 3049; x_wconf 74' lang='grc' dir='ltr'>καὶ</span> <span class='ocrx_word' id='word_1_362' title='bbox 437 2996 696 3067; x_wconf 66' lang='grc' dir='ltr'>νήφωμεν</span> <span class='ocrx_word' id='word_1_363' title='bbox 735 2995 1029 3066; x_wconf 65' lang='grc' dir='ltr'><strong>ζέπιμελῶς,</strong></span> <span class='ocrx_word' id='word_1_364' title='bbox 1090 2996 1187 3067; x_wconf 78' lang='grc' dir='ltr'><strong>οὐχ</strong></span> <span class='ocrx_word' id='word_1_365' title='bbox 1215 2996 1521 3068; x_wconf 79' lang='grc' dir='ltr'>εὑρήσομεν</span> <span class='ocrx_word' id='word_1_366' title='bbox 1575 2998 1633 3050; x_wconf 84' lang='grc' dir='ltr'><strong>ὲν</strong></span> <span class='ocrx_word' id='word_1_367' title='bbox 1687 2998 1897 3060; x_wconf 77' lang='grc' dir='ltr'>ἑαυτοῖς</span> 
     </span>
    </p>
   </div>
   <div class='ocr_carea' id='block_1_53' title="bbox 312 3088 617 3161">
    <p class='ocr_par' dir='ltr' id='par_1_53' title="bbox 312 3088 617 3161">
     <span class='ocr_line' id='line_1_54' title="bbox 312 3088 617 3161; baseline 0 -18"><span class='ocrx_word' id='word_1_368' title='bbox 312 3088 617 3161; x_wconf 83' lang='grc' dir='ltr'>μολυσμόν.</span> 
     </span>
    </p>
   </div>
   <div class='ocr_carea' id='block_1_54' title="bbox 385 3176 1893 3252">
    <p class='ocr_par' dir='ltr' id='par_1_54' title="bbox 385 3176 1893 3252">
     <span class='ocr_line' id='line_1_55' title="bbox 385 3176 1893 3252; baseline -0.002 -17"><span class='ocrx_word' id='word_1_369' title='bbox 385 3181 529 3251; x_wconf 63' lang='grc' dir='ltr'><strong>ρξς.</strong></span> <span class='ocrx_word' id='word_1_370' title='bbox 544 3176 713 3234; x_wconf 79' lang='grc' dir='ltr'>Εἶπεν</span> <span class='ocrx_word' id='word_1_371' title='bbox 732 3182 759 3234; x_wconf 85' lang='grc' dir='ltr'><em>ὁ</em></span> <span class='ocrx_word' id='word_1_372' title='bbox 785 3180 959 3245; x_wconf 79' lang='grc' dir='ltr'>ἁόϐᾶς</span> <span class='ocrx_word' id='word_1_373' title='bbox 984 3181 1217 3252; x_wconf 84' lang='grc' dir='ltr'>Ποιμὴν,</span> <span class='ocrx_word' id='word_1_374' title='bbox 1248 3181 1328 3234; x_wconf 83' lang='grc' dir='ltr'>ὅτι</span> <span class='ocrx_word' id='word_1_375' title='bbox 1360 3180 1467 3234; x_wconf 78' lang='grc' dir='ltr'>ἀπὸ</span> <span class='ocrx_word' id='word_1_376' title='bbox 1480 3181 1673 3252; x_wconf 85' lang='grc' dir='ltr'>τρίτης</span> <span class='ocrx_word' id='word_1_377' title='bbox 1700 3182 1893 3249; x_wconf 81' lang='grc' dir='ltr'>γενεᾶς</span> 
     </span>
    </p>
   </div>
   <div class='ocr_carea' id='block_1_55' title="bbox 306 3267 1892 3344">
    <p class='ocr_par' dir='ltr' id='par_1_55' title="bbox 306 3267 1892 3344">
     <span class='ocr_line' id='line_1_56' title="bbox 306 3267 1892 3344; baseline 0.001 -19"><span class='ocrx_word' id='word_1_378' title='bbox 306 3272 412 3343; x_wconf 71' lang='grc' dir='ltr'>τῇς</span> <span class='ocrx_word' id='word_1_379' title='bbox 475 3273 749 3343; x_wconf 84' lang='grc' dir='ltr'>Σκήτεως,</span> <span class='ocrx_word' id='word_1_380' title='bbox 812 3273 908 3327; x_wconf 74' lang='grc' dir='ltr'>καὶ</span> <span class='ocrx_word' id='word_1_381' title='bbox 937 3272 1032 3326; x_wconf 78' lang='grc' dir='ltr'>τοῦ</span> <span class='ocrx_word' id='word_1_382' title='bbox 1063 3273 1207 3325; x_wconf 78' lang='grc' dir='ltr'><strong>ἀὸὅᾶ</strong></span> <span class='ocrx_word' id='word_1_383' title='bbox 1240 3271 1545 3337; x_wconf 86' lang='grc' dir='ltr'>Μωῦσέως,</span> <span class='ocrx_word' id='word_1_384' title='bbox 1578 3274 1679 3327; x_wconf 80' lang='grc' dir='ltr'>οὐκ</span> <span class='ocrx_word' id='word_1_385' title='bbox 1730 3267 1892 3344; x_wconf 77' lang='grc' dir='ltr'>ἦλθον</span> 
     </span>
    </p>
   </div>
   <div class='ocr_carea' id='block_1_56' title="bbox 308 3364 1186 3436">
    <p class='ocr_par' dir='ltr' id='par_1_56' title="bbox 308 3364 1186 3436">
     <span class='ocr_line' id='line_1_57' title="bbox 308 3364 1186 3436; baseline 0 -18"><span class='ocrx_word' id='word_1_386' title='bbox 308 3366 391 3418; x_wconf 79' lang='grc' dir='ltr'>ἔτι</span> <span class='ocrx_word' id='word_1_387' title='bbox 425 3368 473 3419; x_wconf 82' lang='grc' dir='ltr'><strong>οι</strong></span> <span class='ocrx_word' id='word_1_388' title='bbox 514 3364 736 3435; x_wconf 72' lang='grc' dir='ltr'>ἀδελφοὶ</span> <span class='ocrx_word' id='word_1_389' title='bbox 768 3368 847 3429; x_wconf 82' lang='grc' dir='ltr'>εἰς</span> <span class='ocrx_word' id='word_1_390' title='bbox 880 3366 1186 3436; x_wconf 79' lang='grc' dir='ltr'>προκοπήν.</span> 
     </span>
    </p>
   </div>
   <div class='ocr_carea' id='block_1_57' title="bbox 386 3453 1889 3529">
    <p class='ocr_par' dir='ltr' id='par_1_57' title="bbox 386 3453 1889 3529">
     <span class='ocr_line' id='line_1_58' title="bbox 386 3453 1889 3529; baseline -0.001 -18"><span class='ocrx_word' id='word_1_391' title='bbox 386 3456 517 3528; x_wconf 57' lang='grc' dir='ltr'>ρξζη</span> <span class='ocrx_word' id='word_1_392' title='bbox 546 3453 683 3511; x_wconf 77' lang='grc' dir='ltr'>Εἷπε</span> <span class='ocrx_word' id='word_1_393' title='bbox 713 3457 894 3511; x_wconf 81' lang='grc' dir='ltr'>πάλιν·</span> <span class='ocrx_word' id='word_1_394' title='bbox 932 3456 1249 3529; x_wconf 80' lang='grc' dir='ltr'>Ἀνθρωπος</span> <span class='ocrx_word' id='word_1_395' title='bbox 1278 3456 1373 3511; x_wconf 75' lang='grc' dir='ltr'><strong>ἐὰν</strong></span> <span class='ocrx_word' id='word_1_396' title='bbox 1398 3457 1497 3527; x_wconf 84' lang='grc' dir='ltr'><strong>τὴν</strong></span> <span class='ocrx_word' id='word_1_397' title='bbox 1548 3457 1699 3521; x_wconf 84' lang='grc' dir='ltr'>τάξιν</span> <span class='ocrx_word' id='word_1_398' title='bbox 1727 3456 1889 3510; x_wconf 80' lang='grc' dir='ltr'><strong>αὐτοῦ</strong></span> 
     </span>
    </p>
   </div>
   <div class='ocr_carea' id='block_1_58' title="bbox 307 3548 1044 3623">
    <p class='ocr_par' dir='ltr' id='par_1_58' title="bbox 307 3548 1044 3623">
     <span class='ocr_line' id='line_1_59' title="bbox 307 3548 1044 3623; baseline 0 -22"><span class='ocrx_word' id='word_1_399' title='bbox 307 3548 574 3621; x_wconf 75' lang='grc' dir='ltr'>φυλάττῃ,</span> <span class='ocrx_word' id='word_1_400' title='bbox 604 3549 663 3603; x_wconf 74' lang='grc' dir='ltr'>οὐ</span> <span class='ocrx_word' id='word_1_401' title='bbox 692 3551 1044 3623; x_wconf 82' lang='grc' dir='ltr'>ταράσσεται.</span> 
     </span>
    </p>
   </div>
   <div class='ocr_carea' id='block_1_59' title="bbox 382 3640 1892 3714">
    <p class='ocr_par' dir='ltr' id='par_1_59' title="bbox 382 3640 1892 3714">
     <span class='ocr_line' id='line_1_60' title="bbox 382 3640 1892 3714; baseline -0.009 -7"><span class='ocrx_word' id='word_1_402' title='bbox 382 3640 521 3713; x_wconf 77' lang='grc' dir='ltr'><strong>ρξη’.</strong></span> <span class='ocrx_word' id='word_1_403' title='bbox 551 3642 805 3712; x_wconf 76' lang='grc' dir='ltr'>Ἀδελφδς</span> <span class='ocrx_word' id='word_1_404' title='bbox 856 3642 1107 3714; x_wconf 74' lang='grc' dir='ltr'>ἠρώτησε</span> <span class='ocrx_word' id='word_1_405' title='bbox 1144 3643 1234 3695; x_wconf 86' lang='grc' dir='ltr'>τὸν</span> <span class='ocrx_word' id='word_1_406' title='bbox 1262 3642 1437 3696; x_wconf 75' lang='grc' dir='ltr'>ἀϐὄᾶν</span> <span class='ocrx_word' id='word_1_407' title='bbox 1488 3643 1753 3713; x_wconf 86' lang='grc' dir='ltr'>Ποιμένα,</span> <span class='ocrx_word' id='word_1_408' title='bbox 1805 3642 1892 3695; x_wconf 84' lang='grc' dir='ltr'><strong>λέ-</strong></span> 
     </span>
    </p>
   </div>
   <div class='ocr_carea' id='block_1_60' title="bbox 305 3728 1887 3803">
    <p class='ocr_par' dir='ltr' id='par_1_60' title="bbox 305 3728 1887 3803">
     <span class='ocr_line' id='line_1_61' title="bbox 305 3728 1887 3803; baseline -0.001 -20"><span class='ocrx_word' id='word_1_409' title='bbox 305 3742 440 3794; x_wconf 70' lang='grc' dir='ltr'>γουνο</span> <span class='ocrx_word' id='word_1_410' title='bbox 472 3728 598 3791; x_wconf 87' lang='grc' dir='ltr'>Πῶς</span> <span class='ocrx_word' id='word_1_411' title='bbox 622 3729 705 3782; x_wconf 87' lang='grc' dir='ltr'>δεῖ</span> <span class='ocrx_word' id='word_1_412' title='bbox 737 3746 805 3801; x_wconf 86' lang='grc' dir='ltr'><strong>με</strong></span> <span class='ocrx_word' id='word_1_413' title='bbox 833 3729 1054 3784; x_wconf 86' lang='grc' dir='ltr'>καθίσαι</span> <span class='ocrx_word' id='word_1_414' title='bbox 1078 3733 1135 3784; x_wconf 80' lang='grc' dir='ltr'><strong>ὲν</strong></span> <span class='ocrx_word' id='word_1_415' title='bbox 1159 3729 1235 3801; x_wconf 83' lang='grc' dir='ltr'>τῷ</span> <span class='ocrx_word' id='word_1_416' title='bbox 1266 3730 1498 3803; x_wconf 81' lang='grc' dir='ltr'>κελλίῳ;</span> <span class='ocrx_word' id='word_1_417' title='bbox 1530 3731 1696 3800; x_wconf 82' lang='grc' dir='ltr'>Λέγει</span> <span class='ocrx_word' id='word_1_418' title='bbox 1719 3730 1887 3802; x_wconf 79' lang='grc' dir='ltr'>αὐτῷ·</span> 
     </span>
    </p>
   </div>
   <div class='ocr_carea' id='block_1_61' title="bbox 305 3818 1890 3893">
    <p class='ocr_par' dir='ltr' id='par_1_61' title="bbox 305 3818 1890 3893">
     <span class='ocr_line' id='line_1_62' title="bbox 305 3818 1890 3893; baseline 0.003 -23"><span class='ocrx_word' id='word_1_419' title='bbox 305 3818 381 3871; x_wconf 77' lang='grc' dir='ltr'><strong>Τὸ</strong></span> <span class='ocrx_word' id='word_1_420' title='bbox 412 3821 472 3873; x_wconf 83' lang='grc' dir='ltr'><strong>ὲν</strong></span> <span class='ocrx_word' id='word_1_421' title='bbox 504 3819 584 3891; x_wconf 84' lang='grc' dir='ltr'>τῷ</span> <span class='ocrx_word' id='word_1_422' title='bbox 616 3820 813 3891; x_wconf 85' lang='grc' dir='ltr'>κελλίῳ</span> <span class='ocrx_word' id='word_1_423' title='bbox 838 3821 1081 3882; x_wconf 85' lang='grc' dir='ltr'>καθίσαι,</span> <span class='ocrx_word' id='word_1_424' title='bbox 1104 3823 1165 3875; x_wconf 86' lang='grc' dir='ltr'>τὸ</span> <span class='ocrx_word' id='word_1_425' title='bbox 1202 3823 1454 3893; x_wconf 83' lang='grc' dir='ltr'>φανερὸν,</span> <span class='ocrx_word' id='word_1_426' title='bbox 1499 3821 1658 3876; x_wconf 84' lang='grc' dir='ltr'>τοῦτό</span> <span class='ocrx_word' id='word_1_427' title='bbox 1684 3824 1798 3876; x_wconf 78' lang='grc' dir='ltr'>ἐστι</span> <span class='ocrx_word' id='word_1_428' title='bbox 1829 3823 1890 3875; x_wconf 80' lang='grc' dir='ltr'>τὸ</span> 
     </span>
    </p>
   </div>
   <div class='ocr_carea' id='block_1_62' title="bbox 304 3909 1886 3985">
    <p class='ocr_par' dir='ltr' id='par_1_62' title="bbox 304 3909 1886 3985">
     <span class='ocr_line' id='line_1_63' title="bbox 304 3909 1886 3985; baseline 0.003 -23"><span class='ocrx_word' id='word_1_429' title='bbox 304 3909 640 3982; x_wconf 70' lang='grc' dir='ltr'>ἐργόχειρον,</span> <span class='ocrx_word' id='word_1_430' title='bbox 669 3912 763 3965; x_wconf 79' lang='grc' dir='ltr'><strong>καὶ</strong></span> <span class='ocrx_word' id='word_1_431' title='bbox 796 3913 857 3965; x_wconf 85' lang='grc' dir='ltr'>τὸ</span> <span class='ocrx_word' id='word_1_432' title='bbox 910 3912 1238 3983; x_wconf 86' lang='grc' dir='ltr'>μονοσιτίσαι</span> <span class='ocrx_word' id='word_1_433' title='bbox 1272 3912 1406 3985; x_wconf 89' lang='grc'>(80),</span> <span class='ocrx_word' id='word_1_434' title='bbox 1439 3915 1535 3968; x_wconf 81' lang='grc' dir='ltr'>καὶ</span> <span class='ocrx_word' id='word_1_435' title='bbox 1562 3912 1623 3967; x_wconf 74' lang='grc' dir='ltr'>τὸ</span> <span class='ocrx_word' id='word_1_436' title='bbox 1653 3915 1886 3984; x_wconf 85' lang='grc' dir='ltr'>σιωπᾷν,</span> 
     </span>
    </p>
   </div>
   <div class='ocr_carea' id='block_1_63' title="bbox 304 4001 1889 4077">
    <p class='ocr_par' dir='ltr' id='par_1_63' title="bbox 304 4001 1889 4077">
     <span class='ocr_line' id='line_1_64' title="bbox 304 4001 1889 4077; baseline 0.003 -24"><span class='ocrx_word' id='word_1_437' title='bbox 304 4002 400 4053; x_wconf 79' lang='grc' dir='ltr'>καὶ</span> <span class='ocrx_word' id='word_1_438' title='bbox 456 4003 489 4070; x_wconf 83' lang='grc' dir='ltr'><strong>ή</strong></span> <span class='ocrx_word' id='word_1_439' title='bbox 524 4001 743 4074; x_wconf 78' lang='grc' dir='ltr'>μελέτη·</span> <span class='ocrx_word' id='word_1_440' title='bbox 787 4002 848 4056; x_wconf 82' lang='grc' dir='ltr'>τὸ</span> <span class='ocrx_word' id='word_1_441' title='bbox 901 4004 958 4058; x_wconf 81' lang='grc' dir='ltr'><strong>δὲ</strong></span> <span class='ocrx_word' id='word_1_442' title='bbox 986 4005 1044 4057; x_wconf 84' lang='grc' dir='ltr'><strong>ὲν</strong></span> <span class='ocrx_word' id='word_1_443' title='bbox 1088 4003 1314 4076; x_wconf 86' lang='grc' dir='ltr'>κρυπτῷ</span> <span class='ocrx_word' id='word_1_444' title='bbox 1353 4005 1683 4077; x_wconf 85' lang='grc' dir='ltr'>προκόπτειν</span> <span class='ocrx_word' id='word_1_445' title='bbox 1713 4006 1792 4066; x_wconf 78' lang='grc' dir='ltr'>εἰς</span> <span class='ocrx_word' id='word_1_446' title='bbox 1828 4003 1889 4057; x_wconf 81' lang='grc' dir='ltr'>τὸ</span> 
     </span>
    </p>
   </div>
   <div class='ocr_carea' id='block_1_64' title="bbox 302 4092 1885 4168">
    <p class='ocr_par' dir='ltr' id='par_1_64' title="bbox 302 4092 1885 4168">
     <span class='ocr_line' id='line_1_65' title="bbox 302 4092 1885 4168; baseline 0.001 -23"><span class='ocrx_word' id='word_1_447' title='bbox 302 4092 515 4146; x_wconf 84' lang='grc' dir='ltr'>κελλίον</span> <span class='ocrx_word' id='word_1_448' title='bbox 550 4095 686 4159; x_wconf 70' lang='grc' dir='ltr'>ἐστὶ,</span> <span class='ocrx_word' id='word_1_449' title='bbox 737 4095 799 4148; x_wconf 83' lang='grc' dir='ltr'>τὸ</span> <span class='ocrx_word' id='word_1_450' title='bbox 837 4094 1144 4165; x_wconf 79' lang='grc' dir='ltr'>βασανίζειν</span> <span class='ocrx_word' id='word_1_451' title='bbox 1187 4096 1300 4167; x_wconf 81' lang='grc'>(81)</span> <span class='ocrx_word' id='word_1_452' title='bbox 1329 4096 1424 4168; x_wconf 78' lang='grc' dir='ltr'><strong>τὴν</strong></span> <span class='ocrx_word' id='word_1_453' title='bbox 1450 4095 1643 4151; x_wconf 79' lang='grc' dir='ltr'>ἑαυτοῦ</span> <span class='ocrx_word' id='word_1_454' title='bbox 1680 4094 1885 4166; x_wconf 70' lang='grc' dir='ltr'>μέμψιν</span> 
     </span>
    </p>
   </div>
   <div class='ocr_carea' id='block_1_65' title="bbox 302 4186 1886 4261">
    <p class='ocr_par' dir='ltr' id='par_1_65' title="bbox 302 4186 1886 4261">
     <span class='ocr_line' id='line_1_66' title="bbox 302 4186 1886 4261; baseline 0.001 -23"><span class='ocrx_word' id='word_1_455' title='bbox 302 4187 362 4238; x_wconf 85' lang='grc' dir='ltr'><strong>ὲν</strong></span> <span class='ocrx_word' id='word_1_456' title='bbox 391 4186 559 4239; x_wconf 78' lang='grc' dir='ltr'>παντὶ</span> <span class='ocrx_word' id='word_1_457' title='bbox 585 4186 735 4258; x_wconf 83' lang='grc' dir='ltr'>τόπῳ</span> <span class='ocrx_word' id='word_1_458' title='bbox 760 4187 893 4241; x_wconf 85' lang='grc' dir='ltr'>ὅπου</span> <span class='ocrx_word' id='word_1_459' title='bbox 926 4187 1020 4242; x_wconf 80' lang='grc' dir='ltr'>ὲάν</span> <span class='ocrx_word' id='word_1_460' title='bbox 1063 4189 1302 4261; x_wconf 79' lang='grc' dir='ltr'>ἀπέρχῃ,</span> <span class='ocrx_word' id='word_1_461' title='bbox 1339 4188 1433 4241; x_wconf 75' lang='grc' dir='ltr'>καὶ</span> <span class='ocrx_word' id='word_1_462' title='bbox 1474 4187 1582 4241; x_wconf 89' lang='grc' dir='ltr'><strong>τῶν</strong></span> <span class='ocrx_word' id='word_1_463' title='bbox 1614 4186 1886 4251; x_wconf 79' lang='grc' dir='ltr'>συνάξεων</span> 
     </span>
    </p>
   </div>
   <div class='ocr_carea' id='block_1_66' title="bbox 299 4272 1884 4352">
    <p class='ocr_par' dir='ltr' id='par_1_66' title="bbox 299 4272 1884 4352">
     <span class='ocr_line' id='line_1_67' title="bbox 299 4272 1884 4352; baseline 0.003 -26"><span class='ocrx_word' id='word_1_464' title='bbox 299 4275 403 4338; x_wconf 85' lang='grc' dir='ltr'><strong>τάς</strong></span> <span class='ocrx_word' id='word_1_465' title='bbox 428 4274 577 4345; x_wconf 81' lang='grc' dir='ltr'>ὥρας</span> <span class='ocrx_word' id='word_1_466' title='bbox 612 4278 708 4329; x_wconf 67' lang='grc' dir='ltr'><strong>κα)⁵</strong></span> <span class='ocrx_word' id='word_1_467' title='bbox 736 4278 841 4331; x_wconf 87' lang='grc' dir='ltr'><strong>τῶν</strong></span> <span class='ocrx_word' id='word_1_468' title='bbox 869 4280 1126 4350; x_wconf 87' lang='grc' dir='ltr'>κρυπτῶν</span> <span class='ocrx_word' id='word_1_469' title='bbox 1154 4281 1229 4352; x_wconf 83' lang='grc' dir='ltr'>μὴ</span> <span class='ocrx_word' id='word_1_470' title='bbox 1259 4272 1498 4352; x_wconf 85' lang='grc' dir='ltr'>ἀμελεῖν.</span> <span class='ocrx_word' id='word_1_471' title='bbox 1552 4280 1676 4334; x_wconf 86' lang='grc' dir='ltr'><strong>Ἐὰν</strong></span> <span class='ocrx_word' id='word_1_472' title='bbox 1704 4281 1761 4334; x_wconf 82' lang='grc' dir='ltr'>δὲ</span> <span class='ocrx_word' id='word_1_473' title='bbox 1791 4280 1884 4333; x_wconf 79' lang='grc' dir='ltr'>καὶ</span> 
     </span>
    </p>
   </div>
   <div class='ocr_carea' id='block_1_67' title="bbox 302 4365 1883 4443">
    <p class='ocr_par' dir='ltr' id='par_1_67' title="bbox 302 4365 1883 4443">
     <span class='ocr_line' id='line_1_68' title="bbox 302 4365 1883 4443; baseline 0.005 -26"><span class='ocrx_word' id='word_1_474' title='bbox 302 4365 487 4437; x_wconf 71' lang='grc' dir='ltr'>συμϐῇ</span> <span class='ocrx_word' id='word_1_475' title='bbox 518 4367 709 4437; x_wconf 84' lang='grc' dir='ltr'>καιρὸν</span> <span class='ocrx_word' id='word_1_476' title='bbox 736 4370 973 4440; x_wconf 84' lang='grc' dir='ltr'>ἀργῆσαι</span> <span class='ocrx_word' id='word_1_477' title='bbox 999 4370 1091 4424; x_wconf 81' lang='grc' dir='ltr'>τοῦ</span> <span class='ocrx_word' id='word_1_478' title='bbox 1140 4371 1454 4443; x_wconf 83' lang='grc' dir='ltr'>ὲργοχείρου</span> <span class='ocrx_word' id='word_1_479' title='bbox 1485 4389 1599 4437; x_wconf 91' lang='grc' dir='ltr'>σου,</span> <span class='ocrx_word' id='word_1_480' title='bbox 1627 4369 1883 4425; x_wconf 80' lang='grc' dir='ltr'>εἰσελθὼν</span> 
     </span>
    </p>
   </div>
   <div class='ocr_carea' id='block_1_68' title="bbox 300 4441 1962 4534">
    <p class='ocr_par' dir='ltr' id='par_1_68' title="bbox 300 4441 1962 4534">
     <span class='ocr_line' id='line_1_69' title="bbox 300 4441 1962 4534; baseline 0.007 -26"><span class='ocrx_word' id='word_1_481' title='bbox 300 4457 383 4519; x_wconf 82' lang='grc' dir='ltr'><strong>είς</strong></span> <span class='ocrx_word' id='word_1_482' title='bbox 401 4456 499 4528; x_wconf 77' lang='grc' dir='ltr'><strong>τὴν</strong></span> <span class='ocrx_word' id='word_1_483' title='bbox 527 4457 746 4525; x_wconf 79' lang='grc' dir='ltr'>σύναξιν</span> <span class='ocrx_word' id='word_1_484' title='bbox 772 4462 1062 4534; x_wconf 83' lang='grc' dir='ltr'>ἀταράχως</span> <span class='ocrx_word' id='word_1_485' title='bbox 1084 4441 1411 4519; x_wconf 75' lang='grc' dir='ltr'>ἐπιτέλεσον.</span> <span class='ocrx_word' id='word_1_486' title='bbox 1430 4465 1503 4519; x_wconf 81' lang='grc' dir='ltr'><strong>Τὸ</strong></span> <span class='ocrx_word' id='word_1_487' title='bbox 1523 4464 1579 4518; x_wconf 87' lang='grc' dir='ltr'><strong>δὲ</strong></span> <span class='ocrx_word' id='word_1_488' title='bbox 1599 4464 1750 4529; x_wconf 84' lang='grc' dir='ltr'>τέλος</span> <span class='ocrx_word' id='word_1_489' title='bbox 1768 4466 1884 4520; x_wconf 83' lang='grc' dir='ltr'>τού·</span> <span class='ocrx_word' id='word_1_490' title='bbox 1916 4441 1962 4496; x_wconf 77' lang='lat' dir='ltr'><strong>D</strong></span> 
     </span>
    </p>
   </div>
   <div class='ocr_carea' id='block_1_69' title="bbox 306 4547 1880 4629">
    <p class='ocr_par' dir='ltr' id='par_1_69' title="bbox 306 4547 1880 4629">
     <span class='ocr_line' id='line_1_70' title="bbox 306 4547 1880 4629; baseline 0.011 -32"><span class='ocrx_word' id='word_1_491' title='bbox 306 4561 432 4609; x_wconf 80' lang='grc' dir='ltr'>των,</span> <span class='ocrx_word' id='word_1_492' title='bbox 462 4547 708 4602; x_wconf 77' lang='grc' dir='ltr'>συνοδίαν</span> <span class='ocrx_word' id='word_1_493' title='bbox 745 4549 914 4621; x_wconf 78' lang='grc' dir='ltr'>καλὴν</span> <span class='ocrx_word' id='word_1_494' title='bbox 941 4554 1160 4624; x_wconf 74' lang='grc' dir='ltr'>κτῆσαι,</span> <span class='ocrx_word' id='word_1_495' title='bbox 1210 4555 1449 4627; x_wconf 86' lang='grc' dir='ltr'>ἀπόσχου</span> <span class='ocrx_word' id='word_1_496' title='bbox 1478 4557 1534 4610; x_wconf 80' lang='grc' dir='ltr'><strong>δὲ</strong></span> <span class='ocrx_word' id='word_1_497' title='bbox 1571 4557 1679 4612; x_wconf 85' lang='grc' dir='ltr'><strong>ἀπὸ</strong></span> <span class='ocrx_word' id='word_1_498' title='bbox 1705 4559 1880 4629; x_wconf 82' lang='grc' dir='ltr'>κακῆς</span> 
     </span>
    </p>
   </div>
   <div class='ocr_carea' id='block_1_70' title="bbox 307 4636 795 4711">
    <p class='ocr_par' dir='ltr' id='par_1_70' title="bbox 307 4636 795 4711">
     <span class='ocr_line' id='line_1_71' title="bbox 307 4636 795 4711; baseline 0.012 -23"><span class='ocrx_word' id='word_1_499' title='bbox 307 4636 547 4702; x_wconf 80' lang='grc' dir='ltr'>συνοδῖας</span> <span class='ocrx_word' id='word_1_500' title='bbox 576 4639 712 4711; x_wconf 72' lang='grc'>(82).</span> <span class='ocrx_word' id='word_1_501' title='bbox 788 4668 795 4685; x_wconf 74' lang='grc' dir='ltr'><strong>ι</strong></span> 
     </span>
    </p>
   </div>
   <div class='ocr_carea' id='block_1_71' title="bbox 372 4814 1802 4898">
    <p class='ocr_par' dir='ltr' id='par_1_71' title="bbox 372 4814 1802 4898">
     <span class='ocr_line' id='line_1_72' title="bbox 372 4814 1802 4898; baseline 0.009 -29"><span class='ocrx_word' id='word_1_502' title='bbox 372 4814 421 4847; x_wconf 86' lang='grc'>²¹</span> <span class='ocrx_word' id='word_1_503' title='bbox 446 4816 532 4871; x_wconf 79' lang='lat' dir='ltr'><strong>Al.</strong></span> <span class='ocrx_word' id='word_1_504' title='bbox 590 4817 720 4873; x_wconf 84' lang='lat' dir='ltr'><strong>add.</strong></span> <span class='ocrx_word' id='word_1_505' title='bbox 760 4819 1140 4886; x_wconf 82' lang='grc' dir='ltr'>ἀδιαλείπτως.</span> <span class='ocrx_word' id='word_1_506' title='bbox 1213 4826 1259 4856; x_wconf 86' lang='grc'>¹¹</span> <span class='ocrx_word' id='word_1_507' title='bbox 1286 4824 1370 4879; x_wconf 83' lang='lat' dir='ltr'><strong>Al.</strong></span> <span class='ocrx_word' id='word_1_508' title='bbox 1435 4825 1558 4881; x_wconf 82' lang='lat' dir='ltr'><strong>add.</strong></span> <span class='ocrx_word' id='word_1_509' title='bbox 1630 4826 1802 4898; x_wconf 70' lang='grc' dir='ltr'>ἡμῶν.</span> 
     </span>
    </p>
   </div>
   <div class='ocr_carea' id='block_1_72' title="bbox 370 4970 1886 5050">
    <p class='ocr_par' dir='ltr' id='par_1_72' title="bbox 370 4970 1886 5050">
     <span class='ocr_line' id='line_1_73' title="bbox 370 4970 1886 5050; baseline 0.008 -26"><span class='ocrx_word' id='word_1_510' title='bbox 370 4970 487 5038; x_wconf 89' lang='grc'>(80)</span> <span class='ocrx_word' id='word_1_511' title='bbox 529 4974 952 5050; x_wconf 52' lang='lat' dir='ltr'><strong>Momentum.</strong></span> <span class='ocrx_word' id='word_1_512' title='bbox 992 4974 1154 5031; x_wconf 77' lang='lat' dir='ltr'><strong>Malui</strong></span> <span class='ocrx_word' id='word_1_513' title='bbox 1202 4991 1328 5050; x_wconf 80' lang='lat' dir='ltr'><strong>cum</strong></span> <span class='ocrx_word' id='word_1_514' title='bbox 1369 4975 1590 5050; x_wconf 85' lang='lat' dir='ltr'><strong>Pelagio</strong></span> <span class='ocrx_word' id='word_1_515' title='bbox 1630 4981 1886 5050; x_wconf 87' lang='lat' dir='ltr'><strong>accipere</strong></span> 
     </span>
    </p>
   </div>
   <div class='ocr_carea' id='block_1_73' title="bbox 292 5042 1886 5118">
    <p class='ocr_par' dir='ltr' id='par_1_73' title="bbox 292 5042 1886 5118">
     <span class='ocr_line' id='line_1_74' title="bbox 292 5042 1886 5118; baseline 0.009 -27"><span class='ocrx_word' id='word_1_516' title='bbox 292 5042 365 5118; x_wconf 64' lang='lat' dir='ltr'><strong>tle</strong></span> <span class='ocrx_word' id='word_1_517' title='bbox 383 5055 489 5118; x_wconf 72' lang='lat' dir='ltr'><strong>un_a</strong></span> <span class='ocrx_word' id='word_1_518' title='bbox 511 5057 609 5118; x_wconf 71' lang='lat' dir='ltr'><strong>per</strong></span> <span class='ocrx_word' id='word_1_519' title='bbox 628 5043 876 5118; x_wconf 80' lang='lat' dir='ltr'><strong>singulos</strong></span> <span class='ocrx_word' id='word_1_520' title='bbox 900 5045 1016 5118; x_wconf 83' lang='lat' dir='ltr'><strong>dies</strong></span> <span class='ocrx_word' id='word_1_521' title='bbox 1040 5042 1721 5118; x_wconf 63' lang='lat' dir='ltr'><strong>comestionc,qua&#39;mcum</strong></span> <span class='ocrx_word' id='word_1_522' title='bbox 1745 5042 1886 5105; x_wconf 73' lang='lat' dir='ltr'><strong>Mar-</strong></span> 
     </span>
    </p>
   </div>
   <div class='ocr_carea' id='block_1_74' title="bbox 295 5109 1883 5199">
    <p class='ocr_par' dir='ltr' id='par_1_74' title="bbox 295 5109 1883 5199">
     <span class='ocr_line' id='line_1_75' title="bbox 295 5109 1883 5199; baseline 0.008 -35"><span class='ocrx_word' id='word_1_523' title='bbox 295 5109 824 5199; x_wconf 40' lang='lat' dir='ltr'><strong>tir&#39;i‘opiimiensi&#39;dc.</strong></span> <span class='ocrx_word' id='word_1_524' title='bbox 857 5116 1101 5198; x_wconf 76' lang='lat' dir='ltr'><strong>solitaria</strong></span> <span class='ocrx_word' id='word_1_525' title='bbox 1124 5125 1352 5199; x_wconf 58' lang='lat' dir='ltr'><strong>sumpto</strong></span> <span class='ocrx_word' id='word_1_526' title='bbox 1382 5109 1529 5174; x_wconf 77' lang='lat' dir='ltr'><strong>cibo.</strong></span> <span class='ocrx_word' id='word_1_527' title='bbox 1568 5117 1883 5199; x_wconf 75' lang='lat' dir='ltr'><strong>Germanus</strong></span> 
     </span>
    </p>
   </div>
   <div class='ocr_carea' id='block_1_75' title="bbox 293 5179 1881 5261">
    <p class='ocr_par' dir='ltr' id='par_1_75' title="bbox 293 5179 1881 5261">
     <span class='ocr_line' id='line_1_76' title="bbox 293 5179 1881 5261; baseline 0.008 -28"><span class='ocrx_word' id='word_1_528' title='bbox 293 5179 1088 5261; x_wconf 75' lang='lat' dir='ltr'><strong>CP.in_primamj_cjunior_um</strong></span> <span class='ocrx_word' id='word_1_529' title='bbox 1109 5179 1459 5261; x_wconf 55' lang='lat' dir='ltr'><strong>ﬂaminicam</strong></span> <span class='ocrx_word' id='word_1_530' title='bbox 1496 5190 1756 5261; x_wconf 87' lang='lat' dir='ltr'><strong>appellat,</strong></span> <span class='ocrx_word' id='word_1_531' title='bbox 1784 5207 1881 5261; x_wconf 83' lang='grc' dir='ltr'>μο-</span> 
     </span>
    </p>
   </div>
   <div class='ocr_carea' id='block_1_76' title="bbox 295 5251 1873 5330">
    <p class='ocr_par' dir='ltr' id='par_1_76' title="bbox 295 5251 1873 5330">
     <span class='ocr_line' id='line_1_77' title="bbox 295 5251 1873 5330; baseline 0.008 -25"><span class='ocrx_word' id='word_1_532' title='bbox 295 5252 569 5321; x_wconf 79' lang='grc' dir='ltr'>νοφαγίαν</span> <span class='ocrx_word' id='word_1_533' title='bbox 584 5251 959 5330; x_wconf 65' lang='grc' dir='ltr'>ἀσπάζεσθαι.</span> <span class='ocrx_word' id='word_1_534' title='bbox 979 5255 1048 5330; x_wconf 93' lang='lat' dir='ltr'><strong>_ln</strong></span> <span class='ocrx_word' id='word_1_535' title='bbox 1084 5254 1344 5330; x_wconf 32' lang='lat' dir='ltr'><strong>Allistoria</strong></span> <span class='ocrx_word' id='word_1_536' title='bbox 1380 5251 1753 5330; x_wconf 9' lang='lat' dir='ltr'><strong>rlg’acb&#39;y&#39;meris&#39;</strong></span> <span class='ocrx_word' id='word_1_537' title='bbox 1776 5251 1873 5317; x_wconf 79' lang='lat' dir='ltr'><strong>lib.</strong></span> 
     </span>
    </p>
   </div>
   <div class='ocr_carea' id='block_1_77' title="bbox 294 5323 1874 5400">
    <p class='ocr_par' dir='ltr' id='par_1_77' title="bbox 294 5323 1874 5400">
     <span class='ocr_line' id='line_1_78' title="bbox 294 5323 1874 5400; baseline 0.006 -26"><span class='ocrx_word' id='word_1_538' title='bbox 294 5336 397 5400; x_wconf 75' lang='lat' dir='ltr'><strong>xtl,</strong></span> <span class='ocrx_word' id='word_1_539' title='bbox 433 5338 554 5391; x_wconf 85' lang='lat' dir='ltr'><strong>cap.</strong></span> <span class='ocrx_word' id='word_1_540' title='bbox 567 5323 644 5400; x_wconf 50' lang='grc' dir='ltr'><em>ἓ</em></span> <span class='ocrx_word' id='word_1_541' title='bbox 674 5325 1058 5400; x_wconf 42' lang='grc' dir='ltr'>ίμοναφαγίαν</span> <span class='ocrx_word' id='word_1_542' title='bbox 1079 5324 1147 5378; x_wconf 83' lang='grc' dir='ltr'>δι’</span> <span class='ocrx_word' id='word_1_543' title='bbox 1180 5324 1335 5400; x_wconf 74' lang='grc' dir='ltr'>ἔτους</span> <span class='ocrx_word' id='word_1_544' title='bbox 1374 5323 1835 5400; x_wconf 71' lang='grc' dir='ltr'>ἐξακριϐούμενος</span> <span class='ocrx_word' id='word_1_545' title='bbox 1857 5368 1874 5396; x_wconf 92' lang='grc'><strong>,</strong></span> 
     </span>
    </p>
   </div>
   <div class='ocr_carea' id='block_1_78' title="bbox 291 5392 1875 5466">
    <p class='ocr_par' dir='ltr' id='par_1_78' title="bbox 291 5392 1875 5466">
     <span class='ocr_line' id='line_1_79' title="bbox 291 5392 1875 5466; baseline 0.007 -24"><span class='ocrx_word' id='word_1_546' title='bbox 291 5398 354 5466; x_wconf 58' lang='lat' dir='ltr'><strong>et</strong></span> <span class='ocrx_word' id='word_1_547' title='bbox 400 5408 522 5466; x_wconf 67' lang='lat' dir='ltr'><strong>cap.</strong></span> <span class='ocrx_word' id='word_1_548' title='bbox 563 5392 655 5454; x_wconf 74' lang='lat'><strong>25,</strong></span> <span class='ocrx_word' id='word_1_549' title='bbox 698 5392 783 5466; x_wconf 68' lang='lat' dir='ltr'><strong>lb1</strong></span> <span class='ocrx_word' id='word_1_550' title='bbox 811 5392 909 5448; x_wconf 79' lang='lat' dir='ltr'><strong>xm</strong></span> <span class='ocrx_word' id='word_1_551' title='bbox 944 5392 958 5447; x_wconf 69' lang='grc' dir='ltr'><strong><em>ἐ</em></strong></span> <span class='ocrx_word' id='word_1_552' title='bbox 993 5396 1330 5466; x_wconf 76' lang='grc' dir='ltr'>μονοφαγίαν</span> <span class='ocrx_word' id='word_1_553' title='bbox 1375 5392 1523 5450; x_wconf 57' lang='lat' dir='ltr'><strong>me&quot;</strong></span> <span class='ocrx_word' id='word_1_554' title='bbox 1546 5392 1772 5463; x_wconf 71' lang='grc' dir='ltr'>ὲννάῖτας</span> <span class='ocrx_word' id='word_1_555' title='bbox 1805 5392 1875 5453; x_wconf 64' lang='grc' dir='ltr'><strong>διἱ</strong></span> 
     </span>
    </p>
   </div>
   <div class='ocr_carea' id='block_1_79' title="bbox 291 5460 1872 5538">
    <p class='ocr_par' dir='ltr' id='par_1_79' title="bbox 291 5460 1872 5538">
     <span class='ocr_line' id='line_1_80' title="bbox 291 5460 1872 5538; baseline 0.006 -25"><span class='ocrx_word' id='word_1_556' title='bbox 291 5460 454 5524; x_wconf 77' lang='grc' dir='ltr'>ἔτους</span> <span class='ocrx_word' id='word_1_557' title='bbox 491 5460 1425 5538; x_wconf 32' lang='grc' dir='ltr'>ἀσκεῖνηριιοηίιιιξιιη-μονοσιτεῖν</span> <span class='ocrx_word' id='word_1_558' title='bbox 1455 5476 1509 5523; x_wconf 92' lang='lat' dir='ltr'><strong>et</strong></span> <span class='ocrx_word' id='word_1_559' title='bbox 1546 5460 1872 5538; x_wconf 76' lang='grc' dir='ltr'>μονοφαγεῖν</span> 
     </span>
    </p>
   </div>
   <div class='ocr_carea' id='block_1_80' title="bbox 291 5533 1871 5610">
    <p class='ocr_par' dir='ltr' id='par_1_80' title="bbox 291 5533 1871 5610">
     <span class='ocr_line' id='line_1_81' title="bbox 291 5533 1871 5610; baseline 0.006 -27"><span class='ocrx_word' id='word_1_560' title='bbox 291 5539 586 5610; x_wconf 77' lang='lat' dir='ltr'><strong>utramque</strong></span> <span class='ocrx_word' id='word_1_561' title='bbox 647 5533 882 5610; x_wconf 78' lang='lat' dir='ltr'><strong>habeant</strong></span> <span class='ocrx_word' id='word_1_562' title='bbox 926 5533 1477 5610; x_wconf 52' lang='lat' dir='ltr'><strong>:_signilicationetn._</strong></span> <span class='ocrx_word' id='word_1_563' title='bbox 1517 5533 1622 5610; x_wconf 75' lang='lat' dir='ltr'><strong>Sed</strong></span> <span class='ocrx_word' id='word_1_564' title='bbox 1691 5533 1871 5610; x_wconf 72' lang='grc' dir='ltr'>μονο-</span> 
     </span>
    </p>
   </div>
   <div class='ocr_carea' id='block_1_81' title="bbox 292 5603 1867 5682">
    <p class='ocr_par' dir='ltr' id='par_1_81' title="bbox 292 5603 1867 5682">
     <span class='ocr_line' id='line_1_82' title="bbox 292 5603 1867 5682; baseline 0.005 -28"><span class='ocrx_word' id='word_1_565' title='bbox 292 5603 446 5682; x_wconf 72' lang='grc' dir='ltr'>σιτςα</span> <span class='ocrx_word' id='word_1_566' title='bbox 470 5612 737 5672; x_wconf 69' lang='lat' dir='ltr'><strong>praecepta</strong></span> <span class='ocrx_word' id='word_1_567' title='bbox 771 5604 829 5657; x_wconf 90' lang='lat' dir='ltr'><strong>in</strong></span> <span class='ocrx_word' id='word_1_568' title='bbox 859 5603 1040 5670; x_wconf 32' lang='lat' dir='ltr'><strong>cella,&quot;</strong></span> <span class='ocrx_word' id='word_1_569' title='bbox 1055 5607 1231 5677; x_wconf 87' lang='lat' dir='ltr'><strong>magis</strong></span> <span class='ocrx_word' id='word_1_570' title='bbox 1280 5608 1507 5677; x_wconf 86' lang='lat' dir='ltr'><strong>respicit</strong></span> <span class='ocrx_word' id='word_1_571' title='bbox 1535 5607 1603 5662; x_wconf 83' lang='lat' dir='ltr'><strong>ad</strong></span> <span class='ocrx_word' id='word_1_572' title='bbox 1636 5603 1867 5679; x_wconf 73' lang='lat' dir='ltr'><strong>primam</strong></span> 
     </span>
    </p>
   </div>
   <div class='ocr_carea' id='block_1_82' title="bbox 287 5680 592 5727">
    <p class='ocr_par' dir='ltr' id='par_1_82' title="bbox 287 5680 592 5727">
     <span class='ocr_line' id='line_1_83' title="bbox 287 5680 592 5727; baseline -0.007 -1"><span class='ocrx_word' id='word_1_573' title='bbox 287 5680 592 5727; x_wconf 84' lang='lat' dir='ltr'><strong>notionem.</strong></span> 
     </span>
    </p>
   </div>
   <div class='ocr_carea' id='block_1_83' title="bbox 2002 2540 3499 2615">
    <p class='ocr_par' dir='ltr' id='par_1_83' title="bbox 2002 2540 3499 2615">
     <span class='ocr_line' id='line_1_84' title="bbox 2002 2540 3499 2615; baseline 0.007 -23"><span class='ocrx_word' id='word_1_574' title='bbox 2002 2540 2096 2596; x_wconf 89' lang='lat' dir='ltr'><strong>tibi</strong></span> <span class='ocrx_word' id='word_1_575' title='bbox 2127 2541 2233 2594; x_wconf 89' lang='lat' dir='ltr'><strong>vim</strong></span> <span class='ocrx_word' id='word_1_576' title='bbox 2259 2543 2531 2609; x_wconf 87' lang='lat' dir='ltr'><strong>intulerit;</strong></span> <span class='ocrx_word' id='word_1_577' title='bbox 2567 2552 2765 2599; x_wconf 91' lang='lat' dir='ltr'><strong>etcum</strong></span> <span class='ocrx_word' id='word_1_578' title='bbox 2791 2546 2975 2615; x_wconf 86' lang='lat' dir='ltr'><strong>quiete</strong></span> <span class='ocrx_word' id='word_1_579' title='bbox 3003 2546 3206 2603; x_wconf 86' lang='lat' dir='ltr'><strong>vendes</strong></span> <span class='ocrx_word' id='word_1_580' title='bbox 3230 2563 3359 2603; x_wconf 85' lang='lat' dir='ltr'><strong>vasa</strong></span> <span class='ocrx_word' id='word_1_581' title='bbox 3389 2559 3499 2605; x_wconf 89' lang='lat' dir='ltr'><strong>tua.</strong></span> 
     </span>
    </p>
   </div>
   <div class='ocr_carea' id='block_1_84' title="bbox 2076 2632 3570 2713">
    <p class='ocr_par' dir='ltr' id='par_1_84' title="bbox 2076 2632 3570 2713">
     <span class='ocr_line' id='line_1_85' title="bbox 2076 2632 3570 2713; baseline 0.007 -29"><span class='ocrx_word' id='word_1_582' title='bbox 2076 2632 2195 2688; x_wconf 72' lang='grc'><strong>164.</strong></span> <span class='ocrx_word' id='word_1_583' title='bbox 2235 2632 2380 2688; x_wconf 79' lang='lat' dir='ltr'><strong>Dixit</strong></span> <span class='ocrx_word' id='word_1_584' title='bbox 2421 2635 2590 2689; x_wconf 88' lang='lat' dir='ltr'><strong>abbas</strong></span> <span class='ocrx_word' id='word_1_585' title='bbox 2631 2636 2849 2691; x_wconf 70' lang='lat' dir='ltr'><strong>Pmmeu</strong></span> <span class='ocrx_word' id='word_1_586' title='bbox 2889 2655 2901 2691; x_wconf 94' lang='lat'>:</span> <span class='ocrx_word' id='word_1_587' title='bbox 2939 2636 3079 2693; x_wconf 90' lang='lat' dir='ltr'><strong>Doce</strong></span> <span class='ocrx_word' id='word_1_588' title='bbox 3121 2654 3183 2695; x_wconf 89' lang='lat' dir='ltr'><strong>os</strong></span> <span class='ocrx_word' id='word_1_589' title='bbox 3216 2648 3366 2695; x_wconf 91' lang='lat' dir='ltr'><strong>tuum</strong></span> <span class='ocrx_word' id='word_1_590' title='bbox 3426 2644 3570 2713; x_wconf 85' lang='lat' dir='ltr'><strong>loqui</strong></span> 
     </span>
    </p>
   </div>
   <div class='ocr_carea' id='block_1_85' title="bbox 1999 2726 2743 2795">
    <p class='ocr_par' dir='ltr' id='par_1_85' title="bbox 1999 2726 2743 2795">
     <span class='ocr_line' id='line_1_86' title="bbox 1999 2726 2743 2795; baseline 0.005 -17"><span class='ocrx_word' id='word_1_591' title='bbox 1999 2740 2119 2795; x_wconf 74' lang='lat' dir='ltr'><strong>qua:</strong></span> <span class='ocrx_word' id='word_1_592' title='bbox 2150 2726 2322 2780; x_wconf 87' lang='lat' dir='ltr'><strong>sentis</strong></span> <span class='ocrx_word' id='word_1_593' title='bbox 2352 2726 2404 2780; x_wconf 90' lang='lat' dir='ltr'><strong>in</strong></span> <span class='ocrx_word' id='word_1_594' title='bbox 2436 2727 2597 2781; x_wconf 79' lang='lat' dir='ltr'><strong>corde</strong></span> <span class='ocrx_word' id='word_1_595' title='bbox 2628 2735 2743 2782; x_wconf 92' lang='lat' dir='ltr'><strong>tuo.</strong></span> 
     </span>
    </p>
   </div>
   <div class='ocr_carea' id='block_1_86' title="bbox 2068 2813 3571 2889">
    <p class='ocr_par' dir='ltr' id='par_1_86' title="bbox 2068 2813 3571 2889">
     <span class='ocr_line' id='line_1_87' title="bbox 2068 2813 3571 2889; baseline 0.009 -22"><span class='ocrx_word' id='word_1_596' title='bbox 2068 2813 2191 2870; x_wconf 84' lang='lat'><strong>165.</strong></span> <span class='ocrx_word' id='word_1_597' title='bbox 2237 2813 2351 2886; x_wconf 81' lang='grc'>(85)</span> <span class='ocrx_word' id='word_1_598' title='bbox 2397 2815 2765 2884; x_wconf 80' lang='lat' dir='ltr'><strong>Interrogatus</strong></span> <span class='ocrx_word' id='word_1_599' title='bbox 2803 2817 2872 2872; x_wconf 90' lang='lat' dir='ltr'><strong>de</strong></span> <span class='ocrx_word' id='word_1_600' title='bbox 2918 2818 3346 2889; x_wconf 87' lang='lat' dir='ltr'><strong>inquinamentis</strong></span> <span class='ocrx_word' id='word_1_601' title='bbox 3401 2823 3571 2880; x_wconf 91' lang='lat' dir='ltr'><strong>abbas</strong></span> 
     </span>
    </p>
   </div>
   <div class='ocr_carea' id='block_1_87' title="bbox 1996 2904 3568 2985">
    <p class='ocr_par' dir='ltr' id='par_1_87' title="bbox 1996 2904 3568 2985">
     <span class='ocr_line' id='line_1_88' title="bbox 1996 2904 3568 2985; baseline 0.01 -24"><span class='ocrx_word' id='word_1_602' title='bbox 1996 2904 2241 2974; x_wconf 74' lang='lat' dir='ltr'><strong>Pmmen,</strong></span> <span class='ocrx_word' id='word_1_603' title='bbox 2273 2908 2555 2981; x_wconf 89' lang='lat' dir='ltr'><strong>respondit</strong></span> <span class='ocrx_word' id='word_1_604' title='bbox 2586 2929 2598 2964; x_wconf 88' lang='lat'>:</span> <span class='ocrx_word' id='word_1_605' title='bbox 2633 2909 2689 2964; x_wconf 90' lang='lat' dir='ltr'><strong>Si</strong></span> <span class='ocrx_word' id='word_1_606' title='bbox 2725 2927 2826 2967; x_wconf 90' lang='lat' dir='ltr'><strong>nos</strong></span> <span class='ocrx_word' id='word_1_607' title='bbox 2857 2914 3070 2970; x_wconf 87' lang='lat' dir='ltr'><strong>activos</strong></span> <span class='ocrx_word' id='word_1_608' title='bbox 3098 2918 3568 2985; x_wconf 84' lang='lat' dir='ltr'><strong>constituerimus,</strong></span> 
     </span>
    </p>
   </div>
   <div class='ocr_carea' id='block_1_88' title="bbox 1997 3001 3570 3083">
    <p class='ocr_par' dir='ltr' id='par_1_88' title="bbox 1997 3001 3570 3083">
     <span class='ocr_line' id='line_1_89' title="bbox 1997 3001 3570 3083; baseline 0.008 -28"><span class='ocrx_word' id='word_1_609' title='bbox 1997 3008 2050 3055; x_wconf 91' lang='lat' dir='ltr'><strong>et</strong></span> <span class='ocrx_word' id='word_1_610' title='bbox 2082 3001 2369 3073; x_wconf 82' lang='lat' dir='ltr'><strong>diligenter</strong></span> <span class='ocrx_word' id='word_1_611' title='bbox 2411 3003 2843 3073; x_wconf 83' lang='lat' dir='ltr'><strong>vigilaverimus,</strong></span> <span class='ocrx_word' id='word_1_612' title='bbox 2886 3023 2993 3061; x_wconf 89' lang='lat' dir='ltr'><strong>non</strong></span> <span class='ocrx_word' id='word_1_613' title='bbox 3025 3009 3360 3078; x_wconf 87' lang='lat' dir='ltr'><strong>reperiemus</strong></span> <span class='ocrx_word' id='word_1_614' title='bbox 3388 3012 3570 3083; x_wconf 82' lang='lat' dir='ltr'><strong>inqui-</strong></span> 
     </span>
    </p>
   </div>
   <div class='ocr_carea' id='block_1_89' title="bbox 1924 3097 2597 3171">
    <p class='ocr_par' dir='ltr' id='par_1_89' title="bbox 1924 3097 2597 3171">
     <span class='ocr_line' id='line_1_90' title="bbox 1924 3097 2597 3171; baseline 0.004 -22"><span class='ocrx_word' id='word_1_615' title='bbox 1924 3115 1965 3171; x_wconf 72' lang='grc' dir='ltr'><strong>ρ</strong></span> <span class='ocrx_word' id='word_1_616' title='bbox 2000 3105 2314 3151; x_wconf 88' lang='lat' dir='ltr'><strong>namentum</strong></span> <span class='ocrx_word' id='word_1_617' title='bbox 2340 3097 2397 3153; x_wconf 88' lang='lat' dir='ltr'><strong>in</strong></span> <span class='ocrx_word' id='word_1_618' title='bbox 2419 3098 2597 3152; x_wconf 88' lang='lat' dir='ltr'><strong>nobis.</strong></span> 
     </span>
    </p>
   </div>
   <div class='ocr_carea' id='block_1_90' title="bbox 2069 3188 3568 3266">
    <p class='ocr_par' dir='ltr' id='par_1_90' title="bbox 2069 3188 3568 3266">
     <span class='ocr_line' id='line_1_91' title="bbox 2069 3188 3568 3266; baseline 0.008 -23"><span class='ocrx_word' id='word_1_619' title='bbox 2069 3189 2192 3244; x_wconf 87' lang='lat'><strong>166.</strong></span> <span class='ocrx_word' id='word_1_620' title='bbox 2237 3189 2384 3244; x_wconf 87' lang='lat' dir='ltr'><strong>Dixit</strong></span> <span class='ocrx_word' id='word_1_621' title='bbox 2401 3191 2571 3245; x_wconf 89' lang='lat' dir='ltr'><strong>abbas</strong></span> <span class='ocrx_word' id='word_1_622' title='bbox 2592 3188 2813 3246; x_wconf 85' lang='lat' dir='ltr'><strong>Poemen</strong></span> <span class='ocrx_word' id='word_1_623' title='bbox 2841 3208 2854 3245; x_wconf 92' lang='lat'><strong>:</strong></span> <span class='ocrx_word' id='word_1_624' title='bbox 2883 3191 2928 3245; x_wconf 78' lang='grc' dir='ltr'><strong>Λ</strong></span> <span class='ocrx_word' id='word_1_625' title='bbox 2954 3194 3109 3249; x_wconf 86' lang='lat' dir='ltr'><strong>tertia</strong></span> <span class='ocrx_word' id='word_1_626' title='bbox 3134 3203 3294 3250; x_wconf 64' lang='lat' dir='ltr'><strong>actate</strong></span> <span class='ocrx_word' id='word_1_627' title='bbox 3318 3195 3568 3266; x_wconf 87' lang='lat' dir='ltr'><strong>Sceteos,</strong></span> 
     </span>
    </p>
   </div>
   <div class='ocr_carea' id='block_1_91' title="bbox 1996 3281 3569 3357">
    <p class='ocr_par' dir='ltr' id='par_1_91' title="bbox 1996 3281 3569 3357">
     <span class='ocr_line' id='line_1_92' title="bbox 1996 3281 3569 3357; baseline 0.005 -21"><span class='ocrx_word' id='word_1_628' title='bbox 1996 3290 2050 3337; x_wconf 90' lang='lat' dir='ltr'><strong>et</strong></span> <span class='ocrx_word' id='word_1_629' title='bbox 2080 3290 2206 3352; x_wconf 90' lang='lat' dir='ltr'><strong>post</strong></span> <span class='ocrx_word' id='word_1_630' title='bbox 2231 3282 2480 3339; x_wconf 89' lang='lat' dir='ltr'><strong>abbatem</strong></span> <span class='ocrx_word' id='word_1_631' title='bbox 2514 3281 2772 3352; x_wconf 86' lang='lat' dir='ltr'><strong>Moysem,</strong></span> <span class='ocrx_word' id='word_1_632' title='bbox 2811 3298 2920 3339; x_wconf 88' lang='lat' dir='ltr'><strong>non</strong></span> <span class='ocrx_word' id='word_1_633' title='bbox 2952 3285 3187 3355; x_wconf 89' lang='lat' dir='ltr'><strong>amplius</strong></span> <span class='ocrx_word' id='word_1_634' title='bbox 3223 3287 3421 3346; x_wconf 84' lang='lat' dir='ltr'><strong>fratres</strong></span> <span class='ocrx_word' id='word_1_635' title='bbox 3443 3305 3569 3357; x_wconf 85' lang='lat' dir='ltr'><strong>pro-</strong></span> 
     </span>
    </p>
   </div>
   <div class='ocr_carea' id='block_1_92' title="bbox 1997 3374 2469 3445">
    <p class='ocr_par' dir='ltr' id='par_1_92' title="bbox 1997 3374 2469 3445">
     <span class='ocr_line' id='line_1_93' title="bbox 1997 3374 2469 3445; baseline -0.002 -17"><span class='ocrx_word' id='word_1_636' title='bbox 1997 3390 2239 3445; x_wconf 88' lang='lat' dir='ltr'><strong>gressum</strong></span> <span class='ocrx_word' id='word_1_637' title='bbox 2272 3374 2469 3428; x_wconf 84' lang='lat' dir='ltr'><strong>fecere.</strong></span> 
     </span>
    </p>
   </div>
   <div class='ocr_carea' id='block_1_93' title="bbox 2066 3464 3569 3535">
    <p class='ocr_par' dir='ltr' id='par_1_93' title="bbox 2066 3464 3569 3535">
     <span class='ocr_line' id='line_1_94' title="bbox 2066 3464 3569 3535; baseline 0.007 -16"><span class='ocrx_word' id='word_1_638' title='bbox 2066 3465 2189 3519; x_wconf 90' lang='lat'><strong>167.</strong></span> <span class='ocrx_word' id='word_1_639' title='bbox 2229 3465 2343 3535; x_wconf 89' lang='lat'><strong>(86)</strong></span> <span class='ocrx_word' id='word_1_640' title='bbox 2373 3464 2588 3522; x_wconf 83' lang='lat' dir='ltr'><strong>Rursus</strong></span> <span class='ocrx_word' id='word_1_641' title='bbox 2638 3466 2775 3520; x_wconf 82' lang='lat' dir='ltr'><strong>dixit</strong></span> <span class='ocrx_word' id='word_1_642' title='bbox 2809 3486 2821 3520; x_wconf 94' lang='lat'>:</span> <span class='ocrx_word' id='word_1_643' title='bbox 2853 3465 2911 3521; x_wconf 89' lang='lat' dir='ltr'><strong>Si</strong></span> <span class='ocrx_word' id='word_1_644' title='bbox 2937 3468 3099 3524; x_wconf 85' lang='lat' dir='ltr'><strong>homo</strong></span> <span class='ocrx_word' id='word_1_645' title='bbox 3130 3471 3378 3527; x_wconf 89' lang='lat' dir='ltr'><strong>ordinem</strong></span> <span class='ocrx_word' id='word_1_646' title='bbox 3408 3488 3569 3529; x_wconf 90' lang='lat' dir='ltr'><strong>suum</strong></span> 
     </span>
    </p>
   </div>
   <div class='ocr_carea' id='block_1_94' title="bbox 1994 3558 3186 3629">
    <p class='ocr_par' dir='ltr' id='par_1_94' title="bbox 1994 3558 3186 3629">
     <span class='ocr_line' id='line_1_95' title="bbox 1994 3558 3186 3629; baseline 0.003 -16"><span class='ocrx_word' id='word_1_647' title='bbox 1994 3558 2344 3624; x_wconf 85' lang='lat' dir='ltr'><strong>custodierit,</strong></span> <span class='ocrx_word' id='word_1_648' title='bbox 2374 3573 2714 3629; x_wconf 83' lang='lat' dir='ltr'><strong>nequaquam</strong></span> <span class='ocrx_word' id='word_1_649' title='bbox 2746 3560 3186 3617; x_wconf 85' lang='lat' dir='ltr'><strong>conturbabitur.</strong></span> 
     </span>
    </p>
   </div>
   <div class='ocr_carea' id='block_1_95' title="bbox 2066 3651 3569 3725">
    <p class='ocr_par' dir='ltr' id='par_1_95' title="bbox 2066 3651 3569 3725">
     <span class='ocr_line' id='line_1_96' title="bbox 2066 3651 3569 3725; baseline 0.003 -17"><span class='ocrx_word' id='word_1_650' title='bbox 2066 3653 2187 3708; x_wconf 90' lang='lat'><strong>168.</strong></span> <span class='ocrx_word' id='word_1_651' title='bbox 2230 3652 2342 3723; x_wconf 91' lang='lat'><strong>(87)</strong></span> <span class='ocrx_word' id='word_1_652' title='bbox 2371 3651 2566 3707; x_wconf 88' lang='lat' dir='ltr'><strong>Frater</strong></span> <span class='ocrx_word' id='word_1_653' title='bbox 2591 3653 2670 3708; x_wconf 90' lang='lat' dir='ltr'><strong>sic</strong></span> <span class='ocrx_word' id='word_1_654' title='bbox 2693 3652 3052 3725; x_wconf 82' lang='lat' dir='ltr'><strong>interrogavit</strong></span> <span class='ocrx_word' id='word_1_655' title='bbox 3081 3656 3331 3713; x_wconf 88' lang='lat' dir='ltr'><strong>abbatem</strong></span> <span class='ocrx_word' id='word_1_656' title='bbox 3355 3657 3569 3713; x_wconf 86' lang='lat' dir='ltr'><strong>Poeme-</strong></span> 
     </span>
    </p>
   </div>
   <div class='ocr_carea' id='block_1_96' title="bbox 1993 3741 3567 3813">
    <p class='ocr_par' dir='ltr' id='par_1_96' title="bbox 1993 3741 3567 3813">
     <span class='ocr_line' id='line_1_97' title="bbox 1993 3741 3567 3813; baseline 0.002 -14"><span class='ocrx_word' id='word_1_657' title='bbox 1993 3760 2114 3800; x_wconf 91' lang='lat' dir='ltr'><strong>nem</strong></span> <span class='ocrx_word' id='word_1_658' title='bbox 2148 3764 2160 3797; x_wconf 76' lang='grc' dir='ltr'>ε</span> <span class='ocrx_word' id='word_1_659' title='bbox 2192 3743 2312 3809; x_wconf 86' lang='lat' dir='ltr'><strong>Quo</strong></span> <span class='ocrx_word' id='word_1_660' title='bbox 2343 3741 2506 3797; x_wconf 92' lang='lat' dir='ltr'><strong>modo</strong></span> <span class='ocrx_word' id='word_1_661' title='bbox 2539 3749 2752 3813; x_wconf 89' lang='lat' dir='ltr'><strong>oportet</strong></span> <span class='ocrx_word' id='word_1_662' title='bbox 2780 3759 2865 3799; x_wconf 90' lang='lat' dir='ltr'><strong>me</strong></span> <span class='ocrx_word' id='word_1_663' title='bbox 2900 3746 3092 3801; x_wconf 85' lang='lat' dir='ltr'><strong>sedere</strong></span> <span class='ocrx_word' id='word_1_664' title='bbox 3128 3747 3182 3801; x_wconf 90' lang='lat' dir='ltr'><strong>in</strong></span> <span class='ocrx_word' id='word_1_665' title='bbox 3222 3747 3395 3803; x_wconf 83' lang='lat' dir='ltr'><strong>cella?</strong></span> <span class='ocrx_word' id='word_1_666' title='bbox 3424 3747 3567 3802; x_wconf 90' lang='lat' dir='ltr'><strong>Dicit</strong></span> 
     </span>
    </p>
   </div>
   <div class='ocr_carea' id='block_1_97' title="bbox 1991 3835 3679 3915">
    <p class='ocr_par' dir='ltr' id='par_1_97' title="bbox 1991 3835 3679 3915">
     <span class='ocr_line' id='line_1_98' title="bbox 1991 3835 3679 3915; baseline 0.002 -24"><span class='ocrx_word' id='word_1_667' title='bbox 1991 3839 2039 3891; x_wconf 91' lang='lat' dir='ltr'><strong>ei</strong></span> <span class='ocrx_word' id='word_1_668' title='bbox 2077 3855 2091 3891; x_wconf 88' lang='lat'><strong>:</strong></span> <span class='ocrx_word' id='word_1_669' title='bbox 2120 3836 2321 3891; x_wconf 85' lang='lat' dir='ltr'><strong>Sedere</strong></span> <span class='ocrx_word' id='word_1_670' title='bbox 2347 3836 2403 3889; x_wconf 94' lang='lat' dir='ltr'><strong>in</strong></span> <span class='ocrx_word' id='word_1_671' title='bbox 2440 3835 2598 3899; x_wconf 89' lang='lat' dir='ltr'><strong>cella,</strong></span> <span class='ocrx_word' id='word_1_672' title='bbox 2630 3835 2776 3905; x_wconf 89' lang='lat' dir='ltr'><strong>quod</strong></span> <span class='ocrx_word' id='word_1_673' title='bbox 2802 3844 3016 3901; x_wconf 86' lang='lat' dir='ltr'><strong>spectat</strong></span> <span class='ocrx_word' id='word_1_674' title='bbox 3048 3836 3113 3890; x_wconf 86' lang='lat' dir='ltr'><strong>ad</strong></span> <span class='ocrx_word' id='word_1_675' title='bbox 3144 3853 3438 3908; x_wconf 90' lang='lat' dir='ltr'><strong>apparens,</strong></span> <span class='ocrx_word' id='word_1_676' title='bbox 3461 3839 3566 3894; x_wconf 87' lang='lat' dir='ltr'><strong>boc</strong></span> <span class='ocrx_word' id='word_1_677' title='bbox 3674 3914 3679 3915; x_wconf 13' lang='grc' dir='ltr'><strong>γ</strong></span> 
     </span>
    </p>
   </div>
   <div class='ocr_carea' id='block_1_98' title="bbox 1989 3925 3565 3995">
    <p class='ocr_par' dir='ltr' id='par_1_98' title="bbox 1989 3925 3565 3995">
     <span class='ocr_line' id='line_1_99' title="bbox 1989 3925 3565 3995; baseline 0.001 -14"><span class='ocrx_word' id='word_1_678' title='bbox 1989 3936 2097 3990; x_wconf 89' lang='lat' dir='ltr'><strong>est,</strong></span> <span class='ocrx_word' id='word_1_679' title='bbox 2133 3926 2347 3995; x_wconf 88' lang='lat' dir='ltr'><strong>operari</strong></span> <span class='ocrx_word' id='word_1_680' title='bbox 2394 3925 2670 3992; x_wconf 87' lang='lat' dir='ltr'><strong>manibus,</strong></span> <span class='ocrx_word' id='word_1_681' title='bbox 2709 3926 2877 3980; x_wconf 85' lang='lat' dir='ltr'><strong>semel</strong></span> <span class='ocrx_word' id='word_1_682' title='bbox 2919 3927 2975 3979; x_wconf 92' lang='lat' dir='ltr'><strong>in</strong></span> <span class='ocrx_word' id='word_1_683' title='bbox 3013 3926 3101 3981; x_wconf 91' lang='lat' dir='ltr'><strong>die</strong></span> <span class='ocrx_word' id='word_1_684' title='bbox 3145 3927 3450 3993; x_wconf 88' lang='lat' dir='ltr'><strong>comedere,</strong></span> <span class='ocrx_word' id='word_1_685' title='bbox 3480 3937 3565 3982; x_wconf 88' lang='lat' dir='ltr'><strong>ta-</strong></span> 
     </span>
    </p>
   </div>
   <div class='ocr_carea' id='block_1_99' title="bbox 1989 4018 3562 4087">
    <p class='ocr_par' dir='ltr' id='par_1_99' title="bbox 1989 4018 3562 4087">
     <span class='ocr_line' id='line_1_100' title="bbox 1989 4018 3562 4087; baseline 0.001 -13"><span class='ocrx_word' id='word_1_686' title='bbox 1989 4033 2133 4082; x_wconf 84' lang='lat' dir='ltr'><strong>cere,</strong></span> <span class='ocrx_word' id='word_1_687' title='bbox 2162 4018 2448 4084; x_wconf 89' lang='lat' dir='ltr'><strong>meditari;</strong></span> <span class='ocrx_word' id='word_1_688' title='bbox 2484 4025 2540 4071; x_wconf 92' lang='lat' dir='ltr'><strong>at</strong></span> <span class='ocrx_word' id='word_1_689' title='bbox 2572 4018 2824 4072; x_wconf 90' lang='lat' dir='ltr'><strong>occultus</strong></span> <span class='ocrx_word' id='word_1_690' title='bbox 2854 4031 3144 4087; x_wconf 84' lang='lat' dir='ltr'><strong>processus</strong></span> <span class='ocrx_word' id='word_1_691' title='bbox 3180 4019 3237 4073; x_wconf 92' lang='lat' dir='ltr'><strong>in</strong></span> <span class='ocrx_word' id='word_1_692' title='bbox 3272 4019 3430 4080; x_wconf 86' lang='lat' dir='ltr'><strong>cella.</strong></span> <span class='ocrx_word' id='word_1_693' title='bbox 3460 4029 3562 4083; x_wconf 89' lang='lat' dir='ltr'><strong>est,</strong></span> 
     </span>
    </p>
   </div>
   <div class='ocr_carea' id='block_1_100' title="bbox 1987 4109 3563 4182">
    <p class='ocr_par' dir='ltr' id='par_1_100' title="bbox 1987 4109 3563 4182">
     <span class='ocr_line' id='line_1_101' title="bbox 1987 4109 3563 4182; baseline 0 -17"><span class='ocrx_word' id='word_1_694' title='bbox 1987 4118 2318 4179; x_wconf 79' lang='lat' dir='ltr'><strong>extorquere</strong></span> <span class='ocrx_word' id='word_1_695' title='bbox 2340 4111 2618 4180; x_wconf 88' lang='lat' dir='ltr'><strong>querelam</strong></span> <span class='ocrx_word' id='word_1_696' title='bbox 2644 4109 2723 4163; x_wconf 92' lang='lat' dir='ltr'><strong>tui</strong></span> <span class='ocrx_word' id='word_1_697' title='bbox 2744 4110 2800 4163; x_wconf 93' lang='lat' dir='ltr'><strong>in</strong></span> <span class='ocrx_word' id='word_1_698' title='bbox 2825 4124 3150 4180; x_wconf 89' lang='lat' dir='ltr'><strong>quocunque</strong></span> <span class='ocrx_word' id='word_1_699' title='bbox 3172 4111 3293 4166; x_wconf 91' lang='lat' dir='ltr'><strong>loco</strong></span> <span class='ocrx_word' id='word_1_700' title='bbox 3313 4112 3380 4166; x_wconf 89' lang='lat' dir='ltr'><strong>ad</strong></span> <span class='ocrx_word' id='word_1_701' title='bbox 3402 4127 3563 4182; x_wconf 91' lang='lat' dir='ltr'><strong>quem</strong></span> 
     </span>
    </p>
   </div>
   <div class='ocr_carea' id='block_1_101' title="bbox 1985 4201 3565 4275">
    <p class='ocr_par' dir='ltr' id='par_1_101' title="bbox 1985 4201 3565 4275">
     <span class='ocr_line' id='line_1_102' title="bbox 1985 4201 3565 4275; baseline 0.002 -18"><span class='ocrx_word' id='word_1_702' title='bbox 1985 4205 2328 4275; x_wconf 81' lang='lat' dir='ltr'><strong>perrexeris;</strong></span> <span class='ocrx_word' id='word_1_703' title='bbox 2374 4220 2485 4259; x_wconf 91' lang='lat' dir='ltr'><strong>non</strong></span> <span class='ocrx_word' id='word_1_704' title='bbox 2537 4203 2811 4273; x_wconf 79' lang='lat' dir='ltr'><strong>negligere</strong></span> <span class='ocrx_word' id='word_1_705' title='bbox 2860 4203 3025 4258; x_wconf 88' lang='lat' dir='ltr'><strong>horas</strong></span> <span class='ocrx_word' id='word_1_706' title='bbox 3073 4201 3254 4269; x_wconf 76' lang='lat' dir='ltr'><strong>ofﬁcii,</strong></span> <span class='ocrx_word' id='word_1_707' title='bbox 3300 4219 3401 4259; x_wconf 91' lang='lat' dir='ltr'><strong>nec</strong></span> <span class='ocrx_word' id='word_1_708' title='bbox 3442 4220 3565 4275; x_wconf 80' lang='lat' dir='ltr'><strong>quae</strong></span> 
     </span>
    </p>
   </div>
   <div class='ocr_carea' id='block_1_102' title="bbox 1972 4296 3563 4368">
    <p class='ocr_par' dir='ltr' id='par_1_102' title="bbox 1972 4296 3563 4368">
     <span class='ocr_line' id='line_1_103' title="bbox 1972 4296 3563 4368; baseline 0.005 -21"><span class='ocrx_word' id='word_1_709' title='bbox 1972 4296 2311 4351; x_wconf 86' lang='lat' dir='ltr'><strong>abscondita</strong></span> <span class='ocrx_word' id='word_1_710' title='bbox 2339 4304 2487 4352; x_wconf 91' lang='lat' dir='ltr'><strong>sunt.</strong></span> <span class='ocrx_word' id='word_1_711' title='bbox 2520 4296 2677 4363; x_wconf 83' lang='lat' dir='ltr'><strong>Quod</strong></span> <span class='ocrx_word' id='word_1_712' title='bbox 2704 4298 2752 4352; x_wconf 89' lang='lat' dir='ltr'><strong>si</strong></span> <span class='ocrx_word' id='word_1_713' title='bbox 2780 4297 3074 4368; x_wconf 81' lang='lat' dir='ltr'><strong>contigerit</strong></span> <span class='ocrx_word' id='word_1_714' title='bbox 3097 4304 3157 4352; x_wconf 91' lang='lat' dir='ltr'><strong>ut</strong></span> <span class='ocrx_word' id='word_1_715' title='bbox 3181 4304 3396 4368; x_wconf 89' lang='lat' dir='ltr'><strong>tempus</strong></span> <span class='ocrx_word' id='word_1_716' title='bbox 3419 4299 3563 4355; x_wconf 90' lang='lat' dir='ltr'><strong>otio-</strong></span> 
     </span>
    </p>
   </div>
   <div class='ocr_carea' id='block_1_103' title="bbox 1990 4386 3565 4461">
    <p class='ocr_par' dir='ltr' id='par_1_103' title="bbox 1990 4386 3565 4461">
     <span class='ocr_line' id='line_1_104' title="bbox 1990 4386 3565 4461; baseline 0.006 -22"><span class='ocrx_word' id='word_1_717' title='bbox 1990 4400 2111 4440; x_wconf 88' lang='lat' dir='ltr'><strong>sum</strong></span> <span class='ocrx_word' id='word_1_718' title='bbox 2157 4386 2362 4444; x_wconf 87' lang='lat' dir='ltr'><strong>habeas</strong></span> <span class='ocrx_word' id='word_1_719' title='bbox 2404 4387 2474 4442; x_wconf 90' lang='lat' dir='ltr'><strong>ab</strong></span> <span class='ocrx_word' id='word_1_720' title='bbox 2517 4403 2683 4459; x_wconf 90' lang='lat' dir='ltr'><strong>opere</strong></span> <span class='ocrx_word' id='word_1_721' title='bbox 2730 4404 3013 4454; x_wconf 91' lang='lat' dir='ltr'><strong>manuum,</strong></span> <span class='ocrx_word' id='word_1_722' title='bbox 3044 4388 3326 4461; x_wconf 82' lang='lat' dir='ltr'><strong>ingressus</strong></span> <span class='ocrx_word' id='word_1_723' title='bbox 3363 4393 3419 4446; x_wconf 91' lang='lat' dir='ltr'><strong>in</strong></span> <span class='ocrx_word' id='word_1_724' title='bbox 3446 4393 3565 4448; x_wconf 91' lang='lat' dir='ltr'><strong>col-</strong></span> 
     </span>
    </p>
   </div>
   <div class='ocr_carea' id='block_1_104' title="bbox 1990 4475 3562 4549">
    <p class='ocr_par' dir='ltr' id='par_1_104' title="bbox 1990 4475 3562 4549">
     <span class='ocr_line' id='line_1_105' title="bbox 1990 4475 3562 4549; baseline 0.006 -21"><span class='ocrx_word' id='word_1_725' title='bbox 1990 4475 2212 4540; x_wconf 85' lang='lat' dir='ltr'><strong>lectam,</strong></span> <span class='ocrx_word' id='word_1_726' title='bbox 2250 4477 2369 4532; x_wconf 90' lang='lat' dir='ltr'><strong>sine</strong></span> <span class='ocrx_word' id='word_1_727' title='bbox 2409 4477 2821 4543; x_wconf 88' lang='lat' dir='ltr'><strong>perturbatione</strong></span> <span class='ocrx_word' id='word_1_728' title='bbox 2864 4493 3079 4549; x_wconf 85' lang='lat' dir='ltr'><strong>perage.</strong></span> <span class='ocrx_word' id='word_1_729' title='bbox 3130 4477 3338 4535; x_wconf 83' lang='lat' dir='ltr'><strong>Horum</strong></span> <span class='ocrx_word' id='word_1_730' title='bbox 3382 4496 3562 4539; x_wconf 85' lang='lat' dir='ltr'><strong>autem</strong></span> 
     </span>
    </p>
   </div>
   <div class='ocr_carea' id='block_1_105' title="bbox 1988 4565 3560 4635">
    <p class='ocr_par' dir='ltr' id='par_1_105' title="bbox 1988 4565 3560 4635">
     <span class='ocr_line' id='line_1_106' title="bbox 1988 4565 3560 4635; baseline 0.005 -16"><span class='ocrx_word' id='word_1_731' title='bbox 1988 4578 2235 4621; x_wconf 90' lang='lat' dir='ltr'><strong>summa:</strong></span> <span class='ocrx_word' id='word_1_732' title='bbox 2271 4565 2593 4621; x_wconf 87' lang='lat' dir='ltr'><strong>comitatum</strong></span> <span class='ocrx_word' id='word_1_733' title='bbox 2645 4565 3006 4623; x_wconf 86' lang='lat' dir='ltr'><strong>fraternitatis</strong></span> <span class='ocrx_word' id='word_1_734' title='bbox 3043 4568 3248 4625; x_wconf 90' lang='lat' dir='ltr'><strong>bonum</strong></span> <span class='ocrx_word' id='word_1_735' title='bbox 3294 4569 3560 4635; x_wconf 89' lang='lat' dir='ltr'><strong>obtineto,</strong></span> 
     </span>
    </p>
   </div>
   <div class='ocr_carea' id='block_1_106' title="bbox 1987 4656 2958 4731">
    <p class='ocr_par' dir='ltr' id='par_1_106' title="bbox 1987 4656 2958 4731">
     <span class='ocr_line' id='line_1_107' title="bbox 1987 4656 2958 4731; baseline 0.005 -22"><span class='ocrx_word' id='word_1_736' title='bbox 1987 4656 2205 4712; x_wconf 86' lang='lat' dir='ltr'><strong>abstine</strong></span> <span class='ocrx_word' id='word_1_737' title='bbox 2233 4673 2361 4713; x_wconf 89' lang='lat' dir='ltr'><strong>vero</strong></span> <span class='ocrx_word' id='word_1_738' title='bbox 2392 4675 2422 4713; x_wconf 89' lang='lat' dir='ltr'><strong>a</strong></span> <span class='ocrx_word' id='word_1_739' title='bbox 2458 4659 2604 4715; x_wconf 90' lang='lat' dir='ltr'><strong>malo</strong></span> <span class='ocrx_word' id='word_1_740' title='bbox 2634 4674 2958 4731; x_wconf 85' lang='lat' dir='ltr'><strong>congressu.</strong></span> 
     </span>
    </p>
   </div>
   <div class='ocr_carea' id='block_1_107' title="bbox 1986 4981 3559 5057">
    <p class='ocr_par' dir='ltr' id='par_1_107' title="bbox 1986 4981 3559 5057">
     <span class='ocr_line' id='line_1_108' title="bbox 1986 4981 3559 5057; baseline 0.004 -21"><span class='ocrx_word' id='word_1_741' title='bbox 1986 4984 2420 5057; x_wconf 69' lang='lat' dir='ltr'><strong>vertit_qrctqre.</strong></span> <span class='ocrx_word' id='word_1_742' title='bbox 2447 4982 2516 5035; x_wconf 86' lang='lat' dir='ltr'><strong>At</strong></span> <span class='ocrx_word' id='word_1_743' title='bbox 2545 4981 2824 5057; x_wconf 78' lang='lat' dir='ltr'><strong>_Pelag_ius</strong></span> <span class='ocrx_word' id='word_1_744' title='bbox 2860 4985 3281 5057; x_wconf 70' lang='lat' dir='ltr'><strong>interpretando</strong></span> <span class='ocrx_word' id='word_1_745' title='bbox 3313 4996 3559 5057; x_wconf 86' lang='lat' dir='ltr'><strong>portare,</strong></span> 
     </span>
    </p>
   </div>
   <div class='ocr_carea' id='block_1_108' title="bbox 1984 5052 3557 5123">
    <p class='ocr_par' dir='ltr' id='par_1_108' title="bbox 1984 5052 3557 5123">
     <span class='ocr_line' id='line_1_109' title="bbox 1984 5052 3557 5123; baseline 0.005 -17"><span class='ocrx_word' id='word_1_746' title='bbox 1984 5052 2227 5123; x_wconf 84' lang='lat' dir='ltr'><strong>ostendit</strong></span> <span class='ocrx_word' id='word_1_747' title='bbox 2243 5068 2304 5108; x_wconf 87' lang='lat' dir='ltr'><strong>se</strong></span> <span class='ocrx_word' id='word_1_748' title='bbox 2319 5053 2520 5123; x_wconf 85' lang='lat' dir='ltr'><strong>legisse</strong></span> <span class='ocrx_word' id='word_1_749' title='bbox 2540 5052 2851 5122; x_wconf 82' lang='grc' dir='ltr'>βαστάζειν.</span> <span class='ocrx_word' id='word_1_750' title='bbox 2873 5053 2985 5110; x_wconf 84' lang='lat' dir='ltr'><strong>Nec</strong></span> <span class='ocrx_word' id='word_1_751' title='bbox 3002 5052 3066 5112; x_wconf 76' lang='lat' dir='ltr'><strong>ea</strong></span> <span class='ocrx_word' id='word_1_752' title='bbox 3090 5056 3254 5111; x_wconf 91' lang='lat' dir='ltr'><strong>lectio</strong></span> <span class='ocrx_word' id='word_1_753' title='bbox 3278 5052 3557 5114; x_wconf 80' lang='lat' dir='ltr'><strong>contemni</strong></span> 
     </span>
    </p>
   </div>
   <div class='ocr_carea' id='block_1_109' title="bbox 1982 5121 3554 5194">
    <p class='ocr_par' dir='ltr' id='par_1_109' title="bbox 1982 5121 3554 5194">
     <span class='ocr_line' id='line_1_110' title="bbox 1982 5121 3554 5194; baseline 0.004 -17"><span class='ocrx_word' id='word_1_754' title='bbox 1982 5122 2167 5194; x_wconf 84' lang='lat' dir='ltr'><strong>debet,</strong></span> <span class='ocrx_word' id='word_1_755' title='bbox 2202 5121 2342 5194; x_wconf 88' lang='lat' dir='ltr'><strong>fulta</strong></span> <span class='ocrx_word' id='word_1_756' title='bbox 2368 5121 2902 5194; x_wconf 21' lang='lat' dir='ltr'><strong>etiamgauctoritate</strong></span> <span class='ocrx_word' id='word_1_757' title='bbox 2932 5127 3122 5194; x_wconf 90' lang='lat' dir='ltr'><strong>optimi</strong></span> <span class='ocrx_word' id='word_1_758' title='bbox 3162 5125 3285 5181; x_wconf 88' lang='lat' dir='ltr'><strong>cod.</strong></span> <span class='ocrx_word' id='word_1_759' title='bbox 3311 5126 3554 5183; x_wconf 89' lang='lat' dir='ltr'><strong>Colbert.</strong></span> 
     </span>
    </p>
   </div>
   <div class='ocr_carea' id='block_1_110' title="bbox 2052 5191 3557 5315">
    <p class='ocr_par' dir='ltr' id='par_1_110' title="bbox 2052 5191 3557 5315">
     <span class='ocr_line' id='line_1_111' title="bbox 2052 5191 3557 5315; baseline 0.005 -70"><span class='ocrx_word' id='word_1_760' title='bbox 2052 5191 2165 5315; x_wconf 48' lang='lat' dir='ltr'><strong>g2)</strong></span> <span class='ocrx_word' id='word_1_761' title='bbox 2200 5193 2504 5276; x_wconf 55' lang='lat' dir='ltr'><strong>:Agrdo&#39;zov</strong></span> <span class='ocrx_word' id='word_1_762' title='bbox 2519 5192 2589 5246; x_wconf 84' lang='grc' dir='ltr'><strong>δὲ</strong></span> <span class='ocrx_word' id='word_1_763' title='bbox 2605 5192 2720 5246; x_wconf 80' lang='grc' dir='ltr'>ἀπὸ</span> <span class='ocrx_word' id='word_1_764' title='bbox 2748 5191 2939 5262; x_wconf 80' lang='grc' dir='ltr'>κακῆς</span> <span class='ocrx_word' id='word_1_765' title='bbox 2958 5191 3271 5278; x_wconf 64' lang='grc' dir='ltr'><strong>ἱνυνοδίαςἔ</strong></span> <span class='ocrx_word' id='word_1_766' title='bbox 3284 5195 3557 5264; x_wconf 85' lang='lat' dir='ltr'><strong>Quocirca</strong></span> 
     </span>
     <span class='ocr_line' id='line_1_112' title="bbox 2111 5262 3557 5315; baseline -0.001 0"><span class='ocrx_word' id='word_1_767' title='bbox 2111 5269 2278 5315; x_wconf 84' lang='lat' dir='ltr'><strong>arttm</strong></span> <span class='ocrx_word' id='word_1_768' title='bbox 2306 5278 2565 5315; x_wconf 71' lang='lat' dir='ltr'><strong>versrone</strong></span> <span class='ocrx_word' id='word_1_769' title='bbox 2596 5262 2882 5315; x_wconf 62' lang='lat' dir='ltr'><strong>legendum</strong></span> <span class='ocrx_word' id='word_1_770' title='bbox 2903 5306 2918 5315; x_wconf 89' lang='lat'><strong>.</strong></span> <span class='ocrx_word' id='word_1_771' title='bbox 2971 5276 3418 5315; x_wconf 66' lang='lat' dir='ltr'><strong>conversationem</strong></span> <span class='ocrx_word' id='word_1_772' title='bbox 3463 5268 3557 5315; x_wconf 82' lang='lat' dir='ltr'><strong>ba.</strong></span> 
     </span>
    </p>
   </div>
   <div class='ocr_carea' id='block_1_111' title="bbox 1980 5261 3557 5333">
    <p class='ocr_par' dir='ltr' id='par_1_111' title="bbox 1980 5261 3557 5333">
     <span class='ocr_line' id='line_1_113' title="bbox 1980 5261 3557 5333; baseline 0.004 -17"><span class='ocrx_word' id='word_1_773' title='bbox 1980 5261 2035 5316; x_wconf 89' lang='lat' dir='ltr'><strong>in</strong></span> <span class='ocrx_word' id='word_1_774' title='bbox 2060 5261 2278 5317; x_wconf 83' lang='lat' dir='ltr'><strong>Martini</strong></span> <span class='ocrx_word' id='word_1_775' title='bbox 2306 5261 2565 5319; x_wconf 84' lang='lat' dir='ltr'><strong>versione</strong></span> <span class='ocrx_word' id='word_1_776' title='bbox 2596 5261 2918 5333; x_wconf 81' lang='lat' dir='ltr'><strong>legendum,</strong></span> <span class='ocrx_word' id='word_1_777' title='bbox 2971 5261 3418 5323; x_wconf 69' lang='lat' dir='ltr'><strong>conversationem</strong></span> <span class='ocrx_word' id='word_1_778' title='bbox 3463 5268 3557 5323; x_wconf 82' lang='lat' dir='ltr'><strong>bo-</strong></span> 
     </span>
    </p>
   </div>
   <div class='ocr_carea' id='block_1_112' title="bbox 1977 5333 3009 5396">
    <p class='ocr_par' dir='ltr' id='par_1_112' title="bbox 1977 5333 3009 5396">
     <span class='ocr_line' id='line_1_114' title="bbox 1977 5333 3009 5396; baseline 0.004 -11"><span class='ocrx_word' id='word_1_779' title='bbox 1977 5347 2100 5386; x_wconf 87' lang='lat' dir='ltr'><strong>nam</strong></span> <span class='ocrx_word' id='word_1_780' title='bbox 2117 5333 2361 5396; x_wconf 80' lang='lat' dir='ltr'><strong>retinere,</strong></span> <span class='ocrx_word' id='word_1_781' title='bbox 2386 5350 2417 5385; x_wconf 91' lang='lat' dir='ltr'><strong>a</strong></span> <span class='ocrx_word' id='word_1_782' title='bbox 2440 5333 2585 5387; x_wconf 89' lang='lat' dir='ltr'><strong>mala</strong></span> <span class='ocrx_word' id='word_1_783' title='bbox 2612 5350 2729 5388; x_wconf 79' lang='lat' dir='ltr'><strong>vero</strong></span> <span class='ocrx_word' id='word_1_784' title='bbox 2755 5334 3009 5391; x_wconf 79' lang='lat' dir='ltr'><strong>recedere.</strong></span> 
     </span>
    </p>
   </div>
   <div class='ocr_carea' id='block_1_113' title="bbox 2045 5401 3555 5539">
    <p class='ocr_par' dir='ltr' id='par_1_113' title="bbox 2045 5401 3555 5539">
     <span class='ocr_line' id='line_1_115' title="bbox 2045 5401 3555 5539; baseline 0.009 -83"><span class='ocrx_word' id='word_1_785' title='bbox 2045 5401 2160 5539; x_wconf 51' lang='lat'><strong>$85)</strong></span> <span class='ocrx_word' id='word_1_786' title='bbox 2202 5401 2505 5457; x_wconf 76' lang='lat' dir='ltr'><strong>Miscellan.</strong></span> <span class='ocrx_word' id='word_1_787' title='bbox 2540 5403 2700 5459; x_wconf 87' lang='lat' dir='ltr'><strong>Voss.</strong></span> <span class='ocrx_word' id='word_1_788' title='bbox 2740 5421 2794 5475; x_wconf 93' lang='lat' dir='ltr'><strong>p.</strong></span> <span class='ocrx_word' id='word_1_789' title='bbox 2833 5404 2937 5459; x_wconf 74' lang='grc'><strong>152</strong></span> <span class='ocrx_word' id='word_1_790' title='bbox 2959 5422 2973 5470; x_wconf 88' lang='grc'><strong>;</strong></span> <span class='ocrx_word' id='word_1_791' title='bbox 2998 5404 3225 5463; x_wconf 84' lang='lat' dir='ltr'><strong>Doroth.</strong></span> <span class='ocrx_word' id='word_1_792' title='bbox 3249 5408 3433 5465; x_wconf 85' lang='lat' dir='ltr'><strong>Doctr.</strong></span> <span class='ocrx_word' id='word_1_793' title='bbox 3469 5412 3555 5469; x_wconf 89' lang='lat' dir='ltr'><strong>l8.</strong></span> 
     </span>
     <span class='ocr_line' id='line_1_116' title="bbox 2067 5471 2899 5539; baseline 0.007 -14"><span class='ocrx_word' id='word_1_794' title='bbox 2067 5471 2159 5539; x_wconf 68' lang='lat'><strong>81)</strong></span> <span class='ocrx_word' id='word_1_795' title='bbox 2201 5472 2437 5539; x_wconf 76' lang='lat' dir='ltr'><strong>Appeud.</strong></span> <span class='ocrx_word' id='word_1_796' title='bbox 2472 5489 2524 5539; x_wconf 93' lang='lat' dir='ltr'><strong>p.</strong></span> <span class='ocrx_word' id='word_1_797' title='bbox 2556 5474 2713 5535; x_wconf 71' lang='grc'>1002.</span> <span class='ocrx_word' id='word_1_798' title='bbox 2746 5492 2800 5530; x_wconf 91' lang='lat' dir='ltr'><strong>n.</strong></span> <span class='ocrx_word' id='word_1_799' title='bbox 2844 5475 2899 5532; x_wconf 86' lang='lat'><strong>5.</strong></span> 
     </span>
    </p>
   </div>
   <div class='ocr_carea' id='block_1_114' title="bbox 2067 5471 2899 5542">
    <p class='ocr_par' dir='ltr' id='par_1_114' title="bbox 2067 5471 2899 5542">
     <span class='ocr_line' id='line_1_117' title="bbox 2067 5471 2899 5542; baseline 0.007 -17"><span class='ocrx_word' id='word_1_800' title='bbox 2067 5471 2159 5542; x_wconf 64' lang='lat'><strong>81)</strong></span> <span class='ocrx_word' id='word_1_801' title='bbox 2201 5472 2437 5542; x_wconf 64' lang='grc' dir='ltr'>ᾼρρεηιι.</span> <span class='ocrx_word' id='word_1_802' title='bbox 2472 5489 2524 5542; x_wconf 93' lang='lat' dir='ltr'><strong>p.</strong></span> <span class='ocrx_word' id='word_1_803' title='bbox 2556 5471 2800 5535; x_wconf 58' lang='lat'><strong>1002.11.</strong></span> <span class='ocrx_word' id='word_1_804' title='bbox 2844 5475 2899 5532; x_wconf 86' lang='lat'><strong>5.</strong></span> 
     </span>
    </p>
   </div>
   <div class='ocr_carea' id='block_1_115' title="bbox 2067 5539 2754 5605">
    <p class='ocr_par' dir='ltr' id='par_1_115' title="bbox 2067 5539 2754 5605">
     <span class='ocr_line' id='line_1_118' title="bbox 2067 5539 2754 5605; baseline 0.004 -11"><span class='ocrx_word' id='word_1_805' title='bbox 2067 5541 2157 5605; x_wconf 75' lang='lat'><strong>85)</strong></span> <span class='ocrx_word' id='word_1_806' title='bbox 2208 5539 2312 5595; x_wconf 69' lang='lat' dir='ltr'><strong>vn.</strong></span> <span class='ocrx_word' id='word_1_807' title='bbox 2351 5539 2501 5596; x_wconf 65' lang='lat' dir='ltr'><strong>Patr.</strong></span> <span class='ocrx_word' id='word_1_808' title='bbox 2548 5559 2626 5602; x_wconf 76' lang='lat' dir='ltr'><strong>XI.</strong></span> <span class='ocrx_word' id='word_1_809' title='bbox 2663 5546 2754 5597; x_wconf 65' lang='grc' dir='ltr'>ει.</span> 
     </span>
    </p>
   </div>
   <div class='ocr_carea' id='block_1_116' title="bbox 2065 5608 2739 5678">
    <p class='ocr_par' dir='ltr' id='par_1_116' title="bbox 2065 5608 2739 5678">
     <span class='ocr_line' id='line_1_119' title="bbox 2065 5608 2739 5678; baseline 0.01 -17"><span class='ocrx_word' id='word_1_810' title='bbox 2065 5610 2154 5678; x_wconf 76' lang='grc'>86)</span> <span class='ocrx_word' id='word_1_811' title='bbox 2209 5608 2310 5666; x_wconf 83' lang='lat' dir='ltr'><strong>Vit.</strong></span> <span class='ocrx_word' id='word_1_812' title='bbox 2344 5611 2500 5665; x_wconf 78' lang='lat' dir='ltr'><strong>Patr.</strong></span> <span class='ocrx_word' id='word_1_813' title='bbox 2530 5629 2623 5677; x_wconf 76' lang='lat' dir='ltr'><strong>xv,</strong></span> <span class='ocrx_word' id='word_1_814' title='bbox 2651 5615 2739 5668; x_wconf 74' lang='lat'><strong>58.</strong></span> 
     </span>
    </p>
   </div>
   <div class='ocr_carea' id='block_1_117' title="bbox 2041 5679 3552 5766">
    <p class='ocr_par' dir='ltr' id='par_1_117' title="bbox 2041 5679 3552 5766">
     <span class='ocr_line' id='line_1_120' title="bbox 2041 5679 3552 5766; baseline 0.012 -35"><span class='ocrx_word' id='word_1_815' title='bbox 2041 5680 2156 5766; x_wconf 49' lang='lat'><strong>(87).</strong></span> <span class='ocrx_word' id='word_1_816' title='bbox 2205 5679 2308 5766; x_wconf 52' lang='lat' dir='ltr'><strong>Vit.</strong></span> <span class='ocrx_word' id='word_1_817' title='bbox 2336 5680 2499 5766; x_wconf 45' lang='lat' dir='ltr'><strong>Pati.</strong></span> <span class='ocrx_word' id='word_1_818' title='bbox 2540 5700 2594 5751; x_wconf 71' lang='grc' dir='ltr'>ι,</span> <span class='ocrx_word' id='word_1_819' title='bbox 2633 5684 2739 5753; x_wconf 75' lang='grc'><strong>64;</strong></span> <span class='ocrx_word' id='word_1_820' title='bbox 2773 5688 3005 5755; x_wconf 81' lang='lat' dir='ltr'><strong>Append.</strong></span> <span class='ocrx_word' id='word_1_821' title='bbox 3052 5706 3105 5761; x_wconf 91' lang='lat' dir='ltr'><strong>p.</strong></span> <span class='ocrx_word' id='word_1_822' title='bbox 3146 5691 3303 5759; x_wconf 82' lang='lat'><strong>1003,</strong></span> <span class='ocrx_word' id='word_1_823' title='bbox 3356 5709 3412 5747; x_wconf 83' lang='grc' dir='ltr'><strong>η.</strong></span> <span class='ocrx_word' id='word_1_824' title='bbox 3438 5693 3552 5766; x_wconf 76' lang='lat'><strong>21;</strong></span> 
     </span>
    </p>
   </div>
   <div class='ocr_carea' id='block_1_118' title="bbox 367 5741 1888 5812">
    <p class='ocr_par' dir='ltr' id='par_1_118' title="bbox 367 5741 1868 5812">
     <span class='ocr_line' id='line_1_121' title="bbox 367 5741 1868 5812; baseline 0.007 -18"><span class='ocrx_word' id='word_1_825' title='bbox 367 5741 480 5812; x_wconf 88' lang='grc'>(81)</span> <span class='ocrx_word' id='word_1_826' title='bbox 518 5742 891 5804; x_wconf 61' lang='grc' dir='ltr'>Βασανκειν.</span> <span class='ocrx_word' id='word_1_827' title='bbox 929 5744 1008 5799; x_wconf 87' lang='lat' dir='ltr'><strong>lta</strong></span> <span class='ocrx_word' id='word_1_828' title='bbox 1046 5742 1319 5803; x_wconf 76' lang='lat' dir='ltr'><strong>Martinus</strong></span> <span class='ocrx_word' id='word_1_829' title='bbox 1359 5746 1692 5806; x_wconf 88' lang='lat' dir='ltr'><strong>Dumiensis.</strong></span> <span class='ocrx_word' id='word_1_830' title='bbox 1735 5748 1868 5804; x_wconf 84' lang='lat' dir='ltr'><strong>Nam</strong></span> 
     </span>
    </p>
   </div>
   <div class='ocr_carea' id='block_1_119' title="bbox 1989 5741 2511 5812">
    <p class='ocr_par' dir='ltr' id='par_1_119' title="bbox 1989 5741 2511 5809">
     <span class='ocr_line' id='line_1_122' title="bbox 1989 5741 2511 5809; baseline 0.006 -7"><span class='ocrx_word' id='word_1_831' title='bbox 1989 5741 2195 5804; x_wconf 47' lang='lat' dir='ltr'><strong>)o‘roth.</strong></span> <span class='ocrx_word' id='word_1_832' title='bbox 2235 5751 2419 5809; x_wconf 78' lang='lat' dir='ltr'><strong>Doctr.</strong></span> <span class='ocrx_word' id='word_1_833' title='bbox 2456 5753 2511 5807; x_wconf 87' lang='lat'><strong>7.</strong></span> 
     </span>
    </p>
   </div>
   <div class='ocr_carea' id='block_1_120' title="bbox 574 5838 1216 5902">
    <p class='ocr_par' dir='ltr' id='par_1_120' title="bbox 574 5838 1216 5902">
     <span class='ocr_line' id='line_1_123' title="bbox 574 5838 1216 5902; baseline 0.008 -6"><span class='ocrx_word' id='word_1_834' title='bbox 574 5838 844 5898; x_wconf 66' lang='grc' dir='ltr'>Ριτιιοι..</span> <span class='ocrx_word' id='word_1_835' title='bbox 879 5840 992 5902; x_wconf 78' lang='lat' dir='ltr'><strong>Gn.</strong></span> <span class='ocrx_word' id='word_1_836' title='bbox 1034 5841 1216 5902; x_wconf 75' lang='lat' dir='ltr'><strong>LXV.</strong></span> 
     </span>
    </p>
   </div>
   <div class='ocr_carea' id='block_1_121' title="bbox 3237 5852 3309 5907">
    <p class='ocr_par' dir='ltr' id='par_1_121' title="bbox 3237 5852 3309 5907">
     <span class='ocr_line' id='line_1_124' title="bbox 3237 5852 3309 5907; baseline 0 0"><span class='ocrx_word' id='word_1_837' title='bbox 3237 5852 3309 5907; x_wconf 77' lang='lat'><strong>12</strong></span> 
     </span>
    </p>
   </div>
  </div>
