4028 6338
448 288 552 343 365
1292 274 1301 279 ”
1602 278 1946 335 ΛΡΡΕΝΠΙΧ
1988 281 2030 333 Α

2122 279 2537 340 PALLADIUM.
3591 287 3707 345 36%

518 404 637 461 169.
680 403 789 473 (88)
832 401 1021 455 Frater
1068 398 1319 470 qtuesivit
1359 412 1424 453 ex
1474 398 1670 454 abbate
1714 397 1974 453 Pmmene
2006 412 2019 449 :
2054 402 2098 458 Α

2198 398 2330 470 ρξθ’.
2371 402 2621 471 ’Λδελφὸς
2659 404 2911 474 ήρωτησε
2937 402 3029 454 τὸν
3085 399 3258 454 ἀὸὅᾶν
3289 403 3547 472 Ποιμένα·
3578 406 3712 460 Ἐὰν

448 499 503 552 Si
540 497 705 551 frater
747 494 1001 548 habuerit
1046 506 1235 562 parum
1279 489 1526 561 pecunias
1565 505 1719 556 mete,
1749 491 1903 546 visne
1932 505 2021 544 re-

2123 488 2347 558 ἀδελφὸς
2381 490 2478 561 ἔχῃ
2505 507 2605 561 μου
2639 488 2812 561 μικρὰ
2845 488 3062 559 νουμία,
3095 487 3269 552 θέλεις
3307 488 3469 542 αὑτὸν
3502 491 3713 567 ἐρωτή-

445 586 661 660 petam?
706 586 797 640 Ait
827 585 903 639 illi
944 598 1109 638 senex
1145 600 1156 635 :
1194 580 1322 636 Pete
1357 580 1424 636 ab
1462 595 1528 636 eo
1567 582 1759 637 semel.
1794 579 2022 649 Excepit

2123 597 2230 640 σω;
2263 582 2425 650 Λέγει
2463 582 2614 651 αὑτῷ
2652 582 2899 653 ὁγέρων·
2970 579 3274 653 Ἐρὼτησον
3325 581 3487 634 αὑτὸν
3534 583 3708 650 ἅπαξ.

444 679 613 732 frater
647 696 659 731 :
696 674 837 742 Quid
883 686 1015 740 ergo
1047 671 1284 725 faciam?
1330 669 1448 724 Non
1483 670 1627 726 enim
1664 670 2021 742 cogitationis

2121 670 2218 739 Λέγ
2233 687 2280 723 ει
2313 670 2507 741 αὐτῷὀ
2537 671 2785 740 ἀδελφόςο
2819 670 2884 723 Τί
2915 665 3008 724 οὖν
3040 671 3285 741 ποιήσως
3325 670 3387 722 οὐ
3413 668 3523 741 γὰρ
3552 686 3712 743 περι-

446 783 579 823 meae
607 766 859 822 dominus
892 776 1034 821 sum.
1070 759 1246 815 Senex
1281 760 1565 829 respondit
1597 777 1611 813 :
1638 758 1779 816 Sine
1813 760 2021 833 cogita-

2120 762 2341 834 γίνομαι
2399 763 2495 818 τοῦ
2557 762 2818 835 λογισμοῦ
2862 779 2986 834 μου.
3044 761 3208 830 Λέγει
3262 760 3413 831 αὑτῷ
3445 761 3472 813 6
3504 762 3708 833 γέρωνν

430 861 647 913 .tionem
696 864 843 909 tuam
900 861 1185 923 stagnare;
1236 858 1446 906 tantum
1500 850 1656 907 fratri
1694 859 1789 907 tuo
1835 867 1904 908 ne
1940 853 2019 909 sis

2122 854 2295 922 ’Δφες
2328 852 2421 907 τὸν
2445 853 2702 925 λογισμόν
2734 869 2832 906 σου
2847 852 3056 925 λακκᾷν
3085 850 3216 923 (91),
3248 850 3408 921 μόνον
3433 851 3523 906 τὸν
3554 852 3712 905 ἀδελ.

442 949 732 1004 molestus.

2119 946 2221 1017 φύν
2255 963 2348 1000 σου
2381 947 2457 1019 μὴ
2486 947 2699 1021 etiam.

520 1036 640 1091 ΠΟ.
686 1034 795 1104 ι89)
824 1033 1065 1104 Contigit
1099 1040 1154 1085 ut
1177 1032 1397 1102 quidam
1427 1030 1673 1099 Patrum,
1706 1048 1846 1103 quos
1877 1034 2021 1087 inter

2194 1039 2287 1110 po'.
2322 1040 2532 1111 Συνέϐη
2558 1041 2712 1105 τινὰς
2747 1041 2854 1095 τῶν
2913 1039 3175 1113 Πατέρων
3235 1037 3571 1110 παραϐαλεῖν
3623 1039 3712 1104 είς

448 1136 568 1182 erat
607 1127 775 1181 abbas
805 1124 1050 1186 Ptemen,
1089 1123 1336 1178 venirent
1386 1123 1441 1178 in
1467 1123 1689 1178 domum
1726 1124 2019 1194 cujusdam

2121 1134 2297 1189 οὶκίαν
2329 1133 2674 1206 φιλοχρίστου
2701 1135 2866 1199 τινὸς,
2898 1136 2956 1189 ἐν
2992 1129 3075 1198 οἷς
3101 1129 3169 1206 ἦν
3202 1132 3298 1187 καὶ
3319 1132 3348 1185 6
3376 1131 3552 1197 ἀῦὃᾶς
3578 1133 3712 1187 Ποι-

450 1219 686 1288 religiosi
737 1216 1009 1282 hominis;
1048 1230 1282 1285 cumque
1332 1215 1699 1280 come‘derent,
1756 1217 2017 1286 appositte

2122 1228 2251 1297 μήν·
2287 1227 2382 1279 καὶ
2420 1228 2477 1280 ὲν
2539 1226 2617 1296 τῷ
2675 1226 2878 1280 ἐσθίειν
2925 1225 3158 1291 αὐτοὺς,
3215 1222 3490 1296 παρετέθη
3544 1223 3708 1295 κρέα·

448 1320 577 1367 sunt
627 1325 852 1375 carnes;
884 1307 1068 1363 cuncti
1114 1315 1294 1363 autem
1333 1307 1759 1374 manducabant,
1820 1318 2019 1380 praeter

2119 1315 2319 1385 ἔφαγον
2339 1317 2396 1371 δὲ
2423 1317 2624 1382 πάντες
2646 1318 2815 1390 χωρὶς
2828 1317 2923 1371 τοῦ
2944 1317 3090 1373 ἀδὸᾶ
3118 1317 3406 1389 Ποιμένοςο
3422 1318 3515 1372 καὶ
3543 1315 3710 1372 eoas.

448 1402 696 1455 abbatem
732 1398 1040 1455 Poemenem
1082 1416 1096 1454 :
1132 1412 1298 1467 quam
1330 1398 1401 1453 ob
1427 1398 1815 1454 abstinentiam
1844 1398 2019 1454 admi-

2121 1408 2292 1478 μαζον
2346 1410 2396 1462 οἱ
2421 1409 2673 1482 γέροντες
2710 1410 2790 1464 ὅτι
2823 1409 2925 1463 οὐκ
2958 1408 3147 1481 ἤσθιεν
3167 1450 3182 1473 ,
3239 1409 3441 1473 εἰδότες
3469 1407 3567 1479 τὴν
3589 1407 3710 1461 διά-

449 1496 710 1548 rabantur
736 1507 915 1554 senes,
940 1498 1333 1561 cognoscentes
1361 1490 1752 1545 discretionem
1783 1491 1921 1565 ejus.
1952 1490 2019 1545 Ut

2119 1515 2299 1568 κρισιν
2332 1498 2519 1554 αὐτοῦ.
2563 1500 2651 1564 Ὠς
2687 1500 2743 1554 δὲ
2769 1500 3094 1570 ἀνέστησαν,
3131 1499 3381 1568 λέγουσιν
3403 1498 3573 1570 αὐτῷ’
3629 1499 3710 1552 Σὺ

444 1603 576 1658 ergo
611 1601 641 1640 e
676 1568 861 1639 mensa
910 1590 1289 1646 surrexerunt,
1335 1582 1492 1636 aiunt
1536 1581 1584 1637 ei
1625 1602 1637 1637 :
1670 1581 1753 1638 Tu
1797 1599 1856 1639 es
1887 1582 2015 1639 Poe-

2123 1584 2169 1641 εῐ
2199 1582 2433 1661 Ποιμήν,
2471 1591 2565 1645 καὶ
2588 1589 2760 1654 οὕτως
2785 1568 3085 1662 ἐποίησας
3142 1590 3441 1661 ’Λπεκρίθη
3471 1568 3655 1654 αύτοῖς
3678 1591 3714 1640 6

449 1695 591 1740 men,
616 1686 669 1733 et
693 1677 768 1732 sic
798 1674 1008 1730 fecisti?
1038 1672 1340 1744 Respondit
1366 1673 1474 1729 illis
1506 1690 1672 1730 senex
1701 1694 1714 1730 :
1748 1675 2019 1745 Ignoscite

2120 1680 2315 1752 γέρωψ
2342 1682 2738 1754 Συγχωρήσατέ
2780 1699 2892 1753 μοι,
2942 1682 3202 1754 Πατέρες·
3241 1682 3399 1753 ὑμεῖς
3444 1682 3707 1752 ἐφάγετε,

448 1772 598 1835 mihi,
636 1768 857 1832 Patres;
895 1782 991 1821 vos
1024 1765 1366 1830 comedistis,
1398 1775 1453 1820 et
1486 1782 1649 1822 nemo
1688 1769 2011 1824 scandalum

2120 1741 2216 1825 καλ
2254 1741 2899 1843 οὐδεὶςωέσκανδαλίσθηνσ
2944 1771 3054 1842 ἐγὼ
3080 1741 3140 1842 δὲ
3163 1741 3219 1826 εί
3260 1741 3707 1846 ἐφαγονίὲπειδη

447 1878 640 1931 passus
671 1867 790 1925 est;
824 1873 926 1929 ego
960 1873 1085 1913 vero
1132 1859 1178 1911 si
1213 1857 1472 1920 edissem,
1519 1859 1777 1929 quoniam
1818 1859 2014 1915 fratres

2117 1861 2302 1915 πολλοὶ
2332 1863 2551 1933 ἀδελφοὶ
2597 1864 2845 1934 ἔρχονται
2899 1863 3125 1933 ἔγγιστά
3164 1881 3288 1936 μου,
3324 1860 3468 1935 εἶχον
3500 1864 3707 1939 βλαϐῆ-

446 1955 600 2007 multi
630 1954 787 2023 juxta
819 1967 903 2005 me
936 1951 1180 2012 veniunt,
1213 1950 1290 2004 illi
1323 1950 1525 2005 damno
1551 1950 1785 2007 fuissent
1809 1951 2011 2019 affecti,

2118 1972 2227 2020 ναι,
2256 1953 2526 2023 λέγοντες·
2559 1956 2773 2027 Ποιμήν
2807 1954 2979 2026 ἔφαγε
3028 1956 3201 2028 κρέα,
3258 1957 3352 2011 καὶ
3406 1959 3570 2029 ἡμεῖς
3600 1957 3706 2011 οὐκ

444 2059 497 2101 ct
528 2046 791 2101 dixissent
823 2062 837 2096 :
872 2042 1091 2098 Poemen
1114 2057 1332 2098 carnem
1356 2044 1730 2108 manducavit,
1756 2061 1856 2099 nos
1889 2061 2015 2099 vero

1929 2061 2015 2099 ero
2116 2044 2367 2115 ἐσθίομεν
2388 2063 2402 2111 ;
2446 2046 2557 2102 Καὶ
2581 2046 2901 2118 ἐθαύμασαν
2920 2047 3018 2119 τὴν
3039 2048 3310 2119 διάκρισιν
3335 2048 3520 2103 αὐτοῦ.

446 2151 555 2191 non
583 2136 831 2192 edimus?
853 2134 1007 2188 Tunc
1032 2134 1284 2188 demirati
1319 2143 1448 2189 sunt
1464 2135 1585 2204 ejus
1605 2135 2012 2191 discretionem.

519 2227 641 2283 ΠΙ.
679 2226 823 2282 Dixit
862 2226 1032 2280 abbas
1071 2223 1293 2279 Pcemeu
1331 2244 1342 2279 :
1388 2224 1497 2296 Ego
1535 2225 1662 2280 dico
1693 2244 1708 2280 :
1746 2224 1801 2279 In
1834 2226 2013 2280 locum

2190 2227 2321 2292 poa'.
2355 2216 2522 2275 Εἶπεν
2538 2223 2566 2275 6
2588 2222 2760 2288 ὰϐὄᾶς
2787 2225 3019 2295 Ποιμήν·
3047 2223 3189 2291 Ἐγὼ
3211 2224 3373 2294 λέγω,
3400 2227 3483 2279 ὅτι
3502 2228 3581 2291 είς
3607 2228 3708 2282 τὸν

422 2319 499 2373 ιίιι
531 2335 692 2389 quem
733 2318 1021 2390 projicitur
1054 2315 1309 2383 Satanas,
1344 2317 1456 2371 illic
1486 2317 1766 2387 projicior.

2114 2313 2276 2367 τύπον
2300 2314 2435 2367 ὅπου
2470 2314 2722 2385 βάλλεται
2769 2319 2798 2371 6
2831 2318 3096 2382 Σατανᾶς,
3122 2320 3239 2372 ἐκεῖ
3277 2318 3556 2391 βάλλομαι.

519 2412 641 2468 172.
676 2409 818 2465 idem
846 2408 1021 2464 suasit
1050 2409 1231 2463 abbati
1258 2408 1416 2464 Anub
1443 2427 1456 2462 :
1485 2411 1670 2463 Averte
1692 2409 1870 2462 oculos
1898 2422 2012 2461 tuos

2188 2402 2318 2475 poé‘.
2354 2405 2412 2457 Ὀ
2435 2406 2597 2469 αὐτὸς
2620 2403 2738 2460 εἶπε
2765 2408 2844 2478 τῷ
2865 2409 3009 2480 ἀϐδᾷ
3033 2410 3242 2463 ’Λνού6·
3286 2412 3709 2483 Ἀπόστρεψον

446 2521 509 2557 ne
544 2501 752 2557 videant
800 2500 1087 2555 vanitatem
1125 2500 1191 2554 ’³.
1230 2498 1363 2552 Nam
1404 2498 1631 2555 libertas
1672 2501 1884 2553 animas
1929 2500 2014 2552 in-

2115 2496 2256 2561 τοὺς
2285 2497 2631 2567 ὀφθαλμούς
2656 2512 2774 2553 σου
2834 2500 2942 2553 τοῦ
2988 2501 3077 2570 μὴ
3126 2501 3277 2557 ἰδεῖν
3310 2506 3705 2574 ματαιότηταλ

448 2592 665 2650 terftcit.
2113 2588 2146 2657 ἡ
2187 2586 2297 2663 γὰρ
2325 2587 2607 2659 ἐλευθερία
2639 2588 2816 2660 ψυχὰς
2839 2591 3071 2664 ἀναιρεῖ.

518 2685 641 2739 175.
676 2682 788 2754 (90)
821 2681 1062 2753 Pugnam
1093 2681 1332 2736 inierunt
1379 2682 1673 2753 aliquando
1719 2682 1937 2737 Paisius
1962 2689 2015 2737 et

2188 2685 2319 2750 ρογί.
2362 2680 2707 2752 Ἐμαχήσατό
2738 2699 2865 2736 ποτε
2894 2683 3117 2748 Παῖζιος
3151 2684 3289 2755 μετὰ
3330 2684 3561 2756 ἀδελφοῦ
3592 2687 3705 2741 αὑ-

430 2780 614 2832 Ιωιυτ
637 2775 754 2847 ejus
817 2788 990 2844 usque
1016 2773 1083 2827 ad
1113 2772 1429 2828 effusionem
1454 2774 1738 2845 sanguinis
1767 2790 1797 2828 e
1828 2773 2019 2845 rapiti-

2117 2769 2228 2834 τοῦ,
2253 2769 2614 2841 καθεζομένου
2649 2771 2741 2826 τοῦ
2762 2772 2908 2827 ἀδὸἄ
2926 2774 3210 2844 Ποιμένος,
3245 2776 3439 2848 μέχρις
3465 2774 3599 2848 αἷμα
3630 2779 3708 2834 ἐκ

446 2870 546 2921 bus
571 2866 707 2925 suis.
735 2870 1015 2935 spectante
1035 2862 1231 2918 abbate
1250 2860 1506 2917 Pmmeue
1525 2879 1540 2928 ;
1557 2871 1612 2918 et
1633 2864 1769 2917 nihil
1791 2865 2014 2917 omnino

2114 2862 2221 2915 τῶν
2250 2862 2498 2930 κεφαλῶν
2527 2864 2703 2916 αὐτῶν
2743 2865 3141 2936 καταρῤυῆναν
3173 2868 3266 2921 καὶ
3296 2867 3448 2922 οὐδὲν
3483 2869 3546 2924 τὸ
3568 2867 3705 2922 σύν-

444 2961 524 3015 eis
550 2959 764 3012 locutus
789 2965 871 3011 est
898 2971 1086 3010 senex.
1109 2953 1296 3025 Itaque
1314 2958 1595 3026 ingressus
1611 2956 1782 3010 abbas
1805 2956 1969 3010 Anub
1994 2996 2008 3020 ,

2115 2953 2231 3006 ολον
2261 2953 2518 3024 ἐλάλησεν
2542 2953 2723 3017 αὐτοῖς
2749 2956 2779 3006 6
2805 2955 2999 3027 γέρων.
3037 2956 3295 3029 Εἰσῆλθεν
3330 2954 3427 3014 οὖν
3473 2961 3502 3014 6
3519 2958 3706 3026 ἀϐδᾶς

443 3064 785 3119 cernensque
820 3046 968 3110 illos,
1002 3047 1134 3100 dicit
1173 3046 1357 3100 abbati
1390 3046 1631 3101 Pmtneui
1668 3065 1680 3100 :
1719 3046 1900 3114 Quare
1931 3050 2007 3102 si-

2128 3045 2335 3099 ’Λνού6·
2361 3048 2453 3100 καὶ
2489 3044 2613 3099 ίδὼν
2660 3049 2876 3112 αὐτοὺς,
2927 3047 3076 3119 λέγει
3125 3049 3203 3120 τῷ
3248 3050 3389 3122 ὰὸὁᾷ
3447 3050 3701 3123 Ποιμένιο

445 3145 566 3198 \‘isli
610 3140 807 3194 fratres
854 3140 995 3192 inter
1042 3152 1101 3189 se
1149 3150 1413 3207 pugnare,
1445 3137 1579 3190 nihil
1614 3137 1999 3192 locutus‘ifle-

2116 3137 2269 3190 Διατί
2290 3138 2509 3210 ἀφῆκας
2542 3139 2665 3202 τοὺς
2730 3138 2990 3209 ἀδελφοὺς
3020 3142 3381 3213 μαχομένους,
3414 3143 3580 3215 μηδὲν
3607 3144 3703 3197 λαο

443 3232 662 3301 spondit
702 3230 872 3285 abbas
906 3228 1123 3283 Pmmen
1162 3247 1174 3280 :
1212 3226 1432 3283 Fratres
1463 3237 1612 3290 sunt,
1653 3228 1906 3284 redibunt
1944 3230 2009 3283 ad

2116 3228 2285 3301 λήσας
2312 3230 2523 3297 αὐτοῖς;
2555 3231 2715 3300 Λέγει
2744 3234 2772 3285 6
2802 3231 2979 3295 666d;
3021 3233 3251 3304 Ποιμήν·
3293 3234 3535 3303 Ἀδελφοί
3562 3236 3697 3299 εἰσι,

448 3339 658 3395 pacem.
690 3320 830 3376 Tum
867 3321 1041 3376 abbas
1084 3319 1286 3372 Anub:
1323 3317 1465 3385 Quid
1516 3320 1623 3397 hoc
1663 3322 1785 3377 est?
1826 3323 2009 3376 vidisti

2116 3322 2277 3377 πάλιν
2331 3323 2694 3396 εἰρηνεύουσι.
2748 3326 2909 3394 Λέγει
2937 3327 2967 3379 6
3007 3325 3180 3392 ἀόὃᾱς
3240 3326 3447 3382 Ἀνούϐο
3479 3329 3546 3383 Τί
3576 3330 3700 3386 ἐστι

447 3417 522 3468 ita
556 3423 803 3483 agentes,
838 3421 892 3467 et
918 3412 1000 3466 ais
1032 3430 1045 3465 :
1080 3408 1355 3466 Redibunt
1400 3412 1452 3467 in
1483 3414 1754 3484 gratiam?
1785 3414 2012 3487 Excepit

2114 3413 2307 3480 τοῦτο;
2336 3411 2473 3479 εἶδες
2508 3416 2590 3469 ὅτι
2621 3415 2794 3481 οὕτως
2821 3416 3104 3488 ἐποίησαν,
3155 3419 3251 3472 καὶ
3284 3419 3483 3489 λέγεις’
3521 3420 3700 3475 Πάλιν

446 3506 618 3559 abbas
665 3503 884 3557 l‘mmen
920 3520 932 3555 :
969 3499 1115 3554 Poue
1159 3499 1212 3553 in
1256 3500 1422 3555 corde
1470 3510 1584 3569 tuo,
1632 3518 1719 3559 me
1750 3503 1838 3558 hic
1867 3505 2012 3562 intro

2114 3503 2484 3573 είρηνεύουσι;
2543 3504 2707 3574 Λέγει
2727 3506 2876 3577 αὐτῷ
2932 3508 2959 3560 6
3001 3506 3173 3572 ἀόϐᾶς
3200 3508 3429 3580 Ποιμήν·
3471 3509 3574 3574 Θὲς
3613 3514 3699 3576 εἰς

447 3610 552 3650 non
584 3593 878 3650 exstitisse.

2112 3591 2210 3661 τὴν
2238 3591 2463 3663 καρδίαν
2494 3610 2606 3658 σου,
2638 3596 2718 3649 ὅτι
2748 3597 2849 3651 οὐκ
2879 3596 3025 3668 ήμην
3053 3590 3153 3649 ὧδε
3192 3598 3315 3651 ἔσω.

518 3687 639 3741 tu.
683 3688 871 3743 Frater
905 3684 1222 3740 sciscitatus
1257 3695 1340 3738 est
1372 3684 1440 3740 de
1471 3685 1667 3741 abbate
1701 3686 1959 3743 Pmmrne
1993 3710 2006 3743 :

2183 3681 2310 3753 ροδ¹.
2359 3684 2608 3755 Ἀδελφὸς
2638 3685 2887 3758 ἠρώτησε
2910 3688 3001 3741 τὸν
3018 3688 3189 3742 ἀϐὄᾶν
3203 3689 3465 3760 Ποιμένα,
3494 3689 3694 3759 λέγων’

445 3777 703 3832 Habitant
742 3790 951 3828 mecum
993 3771 1190 3833 fratres
1223 3789 1236 3825 :
1271 3773 1543 3829 suadesne
1572 3783 1630 3828 ut
1661 3775 1729 3831 iis
1755 3776 2013 3846 jubeam?

2126 3775 2363 3845 Ἀδελςροὶ
2399 3776 2607 3832 οἰκοῦσι
2652 3781 2767 3849 μετ’
2797 3780 2952 3850 ἐμοῦ·
2983 3780 3159 3845 θέλεις
3193 3782 3433 3836 κελεύσω
3461 3783 3645 3849 αὐτοῖς
3675 3803 3693 3848 ;

447 3873 534 3923 Ait
562 3870 637 3924 illi
669 3884 834 3925 senex
868 3886 880 3921 ι
913 3866 1067 3932 Non;
1104 3868 1198 3921 sed
1230 3875 1284 3920 tu
1320 3869 1473 3937 prius
1504 3867 1671 3924 facito
1699 3885 1860 3941 opus,
1890 3874 2008 3926 etsi

2139 3863 2271 3931 ιέγει
2300 3864 2447 3935 αὑτῷ
2474 3869 2503 3920 6
2530 3865 2729 3938 γέρων·
2762 3868 2915 3938 Οὐχί·
2944 3868 3079 3922 ἀλλὰ
3118 3869 3342 3941 ποίησον
3374 3871 3588 3944 πρῶτον
3628 3873 3730 3929 τὰ

445 3963 628 4016 vivere
657 3956 1111 4020 desideraverint,
1146 3958 1249 4027 ipsi
1284 3972 1377 4028 per
1403 3973 1464 4013 se
1495 3958 1777 4015 videbunt.
1813 3956 2011 4015 Subdi-

2112 3955 2292 4027 ἔργον,
2320 3957 2413 4013 καὶ¹
2432 3956 2527 4011 ἐὰν
2556 3957 2750 4012 θέλωσι
2789 3958 2906 4031 ζῇν,
2950 3960 3163 4023 ἑαυτοῖς
3195 3961 3469 4031 βλέπουσι.
3527 3962 3695 4034 Λέγει

444 4055 524 4105 dit
558 4053 723 4105 frater
758 4068 770 4103 :
810 4048 1051 4118 Cupiunt
1080 4047 1242 4103 etiam
1278 4048 1407 4118 ipsi,
1439 4046 1617 4116 Pater,
1658 4058 1716 4104 ut
1759 4051 1838 4105 eis
1873 4067 2009 4122 prte-

2112 4046 2258 4117 αὐτῴ
2295 4050 2324 4100 6
2348 4047 2594 4117 ἀδελφός
2648 4048 2873 4102 Θέλουσι
2902 4050 2995 4103 καὶ
3034 4052 3209 4116 αὐτοὶ,
3242 4053 3443 4126 Πάτερ,
3470 4055 3557 4108 ἵνα
3599 4072 3693 4111 κε’

444 4145 663 4213 (·ὶρίιιιιι.
706 4140 1008 4211 Respondit
1054 4138 1691 4212 mneercquaquam;
1739 4142 1833 4197 sed
1891 4154 2009 4199 esto

2111 4134 2285 4189 λεύσω
2310 4137 2513 4201 αὐτοῖς.
2551 4137 2712 4205 Λέγει
2736 4138 2884 4209 αὐτῷ
2914 4141 2941 4192 ὀ
2970 4139 3170 4211 γέρωνο
3214 4141 3329 4213 Μήο
3362 4142 3497 4196 ἀλλὰ
3528 4146 3697 4213 γενοῦ

445 4236 554 4289 illis
582 4234 874 4302 exemplar,
906 4248 1013 4286 non
1039 4240 1218 4287 autem
1246 4232 1550 4304 legislator.

1534 4272 1550 4287 ,
2112 4225 2298 4290 αὐτοῖς
2328 4225 2521 4291 τύπος,
2563 4229 2656 4282 καὶ
2692 4228 2769 4301 μὴ
2808 4230 3123 4301 νομοθέτης.

517 4323 638 4377 Πὸ.
670 4321 813 4375 Dixit
856 4321 1027 4375 abbas
1054 4319 1277 4377 Ptemen
1310 4340 1323 4375 :
1360 4321 1496 4378 Cum
1536 4326 1834 4381 accesserit
1855 4326 1923 4381 ad
1957 4338 2010 4384 te

2181 4323 2300 4388 pos'.
2337 4310 2502 4369 Εἷς-,εν
2533 4318 2562 4371 6
2602 4317 2779 4382 ἀὸὃᾶς
2816 4318 3047 4390 Ποιμήν·
3092 4319 3216 4373 Ἐὰν
3273 4319 3561 4394 παραϐάλῃ
3605 4339 3694 4380 σοι

444 4416 633 4476 frater,
670 4420 725 4465 et
770 4412 1121 4480 conspexeris
1166 4420 1220 4465 te
1263 4412 1497 4469 adventu
1548 4415 1696 4469 illius
1744 4433 1850 4471 non
1887 4436 2011 4476 esse

2111 4410 2352 4478 ἀδελφὸς,
2383 4411 2477 4462 καὶ
2531 4410 2646 4480 ἴδῃς
2696 4409 2887 4464 ἑαυτὸν
2950 4409 3025 4483 μὴ
3071 4410 3447 4482 ὠφελούμενον
3507 4416 3565 4467 ὲν
3617 4418 3693 4489 τῇ

443 4506 711 4576 adjutum,
740 4502 955 4572 require
985 4502 1038 4555 in
1068 4511 1247 4556 mente
1272 4511 1386 4564 tua,
1416 4512 1576 4575 atque.
1603 4518 1810 4577 reputa.
1843 4527 2005 4580 quam

2111 4500 2299 4570 εἰσόδῳ
2324 4498 2510 4563 αὑτοῦ,
2542 4498 2774 4571 ζήτησον
2808 4501 2867 4554 ὲν
2895 4504 2959 4573 τῇ
2994 4502 3200 4573 διανοίᾳ
3251 4519 3366 4569 σου,
3422 4504 3517 4558 καὶ
3548 4505 3692 4575 μάθε

442 4595 824 4669 cogitationem
860 4594 1103 4649 volveres
1143 4594 1323 4649 animo
1357 4603 1482 4650 ante
1515 4597 1636 4665 ejus
1669 4599 1952 4655 introitum
1992 4621 2005 4657 :

2111 4592 2261 4653 ποῖος
2289 4585 2357 4661 ἦν
2390 4592 2419 4642 6
2455 4590 2713 4659 λογισμὸς
2740 4590 2800 4643 ὃν
2833 4586 2975 4663 εἶχες
3004 4592 3110 4662 πρὸ
3141 4593 3239 4663 τῆς
3263 4594 3469 4649 εἰσόδου
3496 4596 3687 4650 αὐτοῦ·

442 4702 683 4760 tuncque
722 4701 1019 4757 cognosces
1071 4702 1294 4743 causam
1343 4703 1451 4742 non
1496 4694 1667 4758 captaa
1732 4692 2003 4748 utilitatis.

2111 4684 2201 4736 ml.
2232 4682 2353 4735 τότε
2384 4682 2567 4755 γνώσῃ
2605 4682 2686 4745 τίς
2713 4682 2915 4753 ήαίτία
2964 4683 3063 4755 τῆς
3091 4684 3439 4753 ἀνωφελείας.
3481 4686 3605 4740 Ἐὰν
3627 4688 3691 4743 δὲ

440 4781 595 4847 Quod
634 4780 678 4834 si
715 4778 819 4833 hoc
864 4792 986 4831 cum
1032 4777 1339 4831 humilitate
1370 4786 1425 4831 et
1453 4778 1754 4833 attentione
1788 4778 2005 4847 feceris,

2115 4774 2265 4831 τοῦτο
2309 4780 2541 4846 ποιήσῃς
2591 4773 2729 4843 μετὰ
2754 4775 3268 4847 ίταπεινοφροσύνης
3314 4777 3410 4832 καὶ
3453 4776 3706 4846 ἑννοίας,

438 4877 550 4931 eris
594 4875 904 4943 inculpatus
960 4886 1082 4925 cum
1144 4870 1413 4940 proximo,
1471 4879 1701 4941 portans
1760 4872 2006 4929 defectus

2110 4865 2207 4938 ἔσῃ
2235 4865 2520 4936 ἄμεμπτος
2551 4865 2688 4936 μετὰ
2712 4865 2806 4918 τοῦ
2850 4866 3076 4937 πλησίον
3128 4883 3245 4930 σου,
3301 4867 3587 4937 βαστάζων
3616 4870 3693 4924 τὰ

412 5000 416 5007 ι
441 4976 585 5019 tuos.
612 4961 666 5018 Si
700 4962 845 5018 enim
870 4973 996 5014 eum
1023 4962 1277 5015 cautione
1301 4958 1489 5016 fecerit
1511 4960 1675 5017 homo
1700 4963 2003 5019 sessionem

2110 4957 2303 5011 ἑαυτοῦ
2337 4954 2706 5028 ἐλαττώματα.
2725 4957 2851 5012 Ἐὰν
2880 4957 2989 5030 γὰρ
3014 4958 3152 5030 μετὰ
3185 4958 3466 5023 εὐλαϐείας
3486 4960 3693 5035 ποιήσῃ

440 5069 619 5116 suam,
654 5068 759 5108 non
789 5049 1045 5105 offendet.
1070 5049 1211 5105 Deus
1237 5051 1437 5122 quippe
1466 5065 1652 5107 coram
1685 5052 1779 5107 illo
1802 5063 1906 5108 est.
1937 5054 2006 5111 Ut

2109 5049 2394 5122 ἄνθρωπος
2431 5049 2484 5105 :6
2511 5042 2752 5122 κάθισμα
2774 5050 2960 5113 αὐτοῦ,
3004 5052 3065 5104 οὐ
3120 5052 3194 5125 μὴ
3241 5052 3465 5126 πταίσῃ*
3518 5054 3548 5106 6
3575 5052 3690 5128 γὰρ

440 5156 618 5200 autem
651 5160 750 5213 ego
780 5141 956 5203 video.
984 5155 1049 5196 ex
1078 5142 1177 5195 hac
1210 5142 1338 5198 sede
1367 5142 1613 5212 possidet
1643 5143 1807 5199 homo
1842 5146 2005 5199 timo-

2108 5142 2238 5207 Θεὸς
2266 5141 2495 5197 ἐνώπιον
2546 5141 2709 5198 αὐτοῦ
2753 5145 2930 5202 ἐστιν.
2965 5143 3050 5208 Ὠς
3082 5143 3138 5197 δὲ
3166 5142 3277 5213 ἐγὼ
3299 5144 3429 5216 δρῶ,
3455 5147 3522 5200 ὲκ
3547 5145 3689 5200 ταύ-

440 5254 550 5293 rem
583 5235 696 5289 Dei.
2107 5253 2204 5307 της
2236 5235 2336 5307 τῆς
2376 5235 2643 5307 καθέδρας
2682 5237 2875 5290 κτᾶται
2933 5237 3216 5307 ἄνθρωπος
3243 5237 3338 5291 τὸν
3370 5238 3535 5308 φόϐον
3586 5238 3689 5294 τοῦ

2105 5328 2261 5382 Θεοῦ.
3548 5324 3557 5333 .

510 5436 552 5466 ’³
580 5434 724 5489 Psal.
748 5449 933 5495 cxvut,
957 5435 1044 5487 57.

509 5547 620 5622 (ξιξ)
663 5547 765 5622 fit.
801 5546 954 5622 Patr.
991 5549 1240 5622 ttt._170.
1311 5524 1379 5622 μ’

2176 5550 2290 5622 (9i)
2332 5547 3171 5622 Aaxxgir,./tdxxoc,.quxér.
3214 5549 3454 5607 Verbum
3504 5551 3683 5607 intero-

508 5613 618 5692 χὸθ)
653 5613 811 5692 Joan.
842 5616 1260 5692 GeumLParad.
1292 5620 1378 5677 δί.
2110 5613 2352 5692 pretibus
2383 5633 2491 5692 non
2510 5613 2891 5692 intellectum,
2927 5613 3159 5692 ideoque
3189 5623 3258 5674 ab
3308 5638 3417 5676 uno
3447 5631 3649 5692 praeter

510 5690 620 5758 (90)
657 5688 889 5760 Appeml.
928 5688 1081 5753 t0tl3,
1112 5706 1163 5745 ιι.
1199 5692 1281 5748 19.

2112 5688 2358 5755 missum,
2401 5690 2469 5746 ab
2502 5691 2674 5746 altero
2706 5696 2975 5746 mutatum
3007 5688 3299 5756 inluxerit,
3337 5688 3567 5759 crepare.
