4032 6338
140 302 344 366 ’3εῆ

1358 300 1972 358 ᾹΡΟΡΗΤΙΙΕϐΜΛΤΛ
2010 298 2318 356 PATRUM.

3388 300 3490 360 τοο

312 416 453 489 ροςό
487 410 621 468 Εἷπε
668 412 850 466 πάλιν
892 412 1205 483 Ἀνθρωπος
1239 413 1375 485 ἔχων
1407 415 1617 468 παιδίον
1657 431 1828 467 συνοι-

2005 411 2130 467 176.
2168 410 2564 465 Dixititerum:
2599 407 2774 464 liomo
2801 409 2894 478 qui
2917 408 3080 464 habet
3106 423 3337 479 puerum
3371 423 3503 463 con-

243 508 392 569 κοῦν,
426 507 523 559 καὶ
540 504 934 575 ἐνεργούμενκ
953 504 1033 566 εἰς
1055 503 1186 556 αὐτὸ
1224 506 1303 567 εἰς
1338 500 1448 557 οἷον
1490 505 1535 557 δ’
1566 505 1632 558 διν
1656 504 1826 566 πάθος

244 600 335 660 τοῦ
375 596 605 663 mitam?)
639 595 954 668 ἀνθρώπου,
985 594 1076 650 καὶ
1102 596 1262 649 πάλιν
1298 596 1518 667 κατέχει
1541 597 1673 650 αὐτὸ
1706 597 1826 667 μεθ’

247 688 459 752 ἐαυτοῦ,
512 687 697 758 ὅμοιός
755 689 904 741 ἐστιν
952 688 982 739 ό
1032 686 1271 750 τοιοῦτος
1315 686 1588 758 ἀνθρώπῳ
1647 687 1824 765 ἔχοντι

245 780 411 853 ἀγρὸν
440 779 546 833 ὑπὸ
570 778 872 849 σκωλήκων
898 778 1357 850 βιϐρωσκόμενον.

314 872 448 947 ροξ.
476 868 615 927 Elite
642 871 825 925 πάλιν·
872 871 937 924 Ἠ
973 887 1108 945 arqu
1119 870 1208 940 ρία
1236 870 1335 941 τὴν
1386 870 1646 942 πονηρίαν
1672 870 1830 924 οὐδα-

248 966 364 1038 μῶς
386 952 625 1036 ἀναιρεῖί
656 963 772 1017 ἀλλ’
802 962 899 1017 ἐάν
923 964 1010 1026 τίς
1043 980 1102 1015 σε
1149 966 1512 1036 κακοποιησῃ,
1546 962 1833 1033 εὐποίησω

246 1057 412 1128 αὐτῷ,
436 1040 536 1110 [ἵνα
555 1056 644 1110 διὰ
674 1056 776 1126 τῆς
803 1054 1161 1123 ἀγαθοποιίας
1193 1053 1388 1127 ἀνέλῃς
1430 1055 1528 1124 τὴν
1548 1055 1829 1125 πονηρίαν.

318 1156 453 1221 ροη’.
480 1145 614 1202 Eine
642 1148 823 1213 πάλιν,
865 1148 946 1201 ὅτι
997 1147 1163 1209 Δαϐὶδ
1195 1148 1281 1199 ὅτε
1310 1146 1448 1216 μετὰ
1496 1144 1589 1199 τοῦ
1616 1145 1832 1209 λέοντος

250 1240 532 1305 συνέϐαλε,
563 1238 657 1293 τοῦ
695 1239 992 1313 λαρυγγίου
1016 1238 1182 1293 αὐτοῦ
1224 1239 1486 1311 κατέσχεν
1525 1237 1705 1300 αὐτὸν,
1741 1239 1836 1292 καὶ

251 1331 449 1395 εὐθέως
476 1331 796 1386 ἀπέκτεινεν
828 1331 1010 1389 αὐτόν.
1043 1332 1170 1385 Ἐὰν
1197 1327 1289 1383 οὖν
1339 1331 1434 1384 καὶ
1472 1332 1634 1400 ἡμεῖς
1664 1329 1833 1384 κατά·

251 1439 468 1492 σχωμεν
494 1421 589 1477 τοῦ
617 1421 916 1494 λαρυγγίου
970 1422 1187 1492 καὶτῆς
1223 1419 1427 1484 κοιλίας
1470 1420 1699 1481 ἑαυτῶν.
1758 1438 1835 1477 νι-

250 1513 433 1583 κῶμεν
463 1512 550 1566 διὰ
570 1513 664 1574 τοῦ
701 1513 835 1566 Θεοῦ
864 1513 956 1567 τὸν
987 1513 1223 1584 ἀόρατον
1254 1512 1461 1566 λέοντα.

320 1605 451 1676 ροθ’.
493 1604 746 1673 ’Δδελφὸς
766 1604 1016 1677 ἠρώτησε
1038 1606 1129 1658 τὸν
1149 1604 1325 1658 ἀϐϐἄν
1347 1602 1609 1673 Ποιμένα,
1637 1602 1832 1667 λέγων·

251 1698 315 1751 Τί
338 1698 570 1767 ποιήσω,
594 1697 676 1750 ὅτι
703 1696 920 1768 ἔρχεταί
946 1715 1034 1766 μοι
1066 1696 1263 1765 θλῖψις,
1291 1697 1384 1749 καὶ
1410 1694 1699 1765 κινοῦμαι;
1724 1694 1835 1745 Καὶ

250 1785 402 1841 εἶπεν
430 1790 461 1841 6
495 1788 695 1859 γέρων,
730 1787 866 1858 ὅτιὴ
898 1786 990 1857 βία
1023 1789 1166 1840 ποιεῖ
1203 1787 1296 1839 καὶ
1323 1786 1446 1847 τοὺς
1478 1783 1705 1855 μικροὺς
1741 1783 1833 1836 καὶ

251 1882 377 1944 τοὺς
410 1878 681 1950 μεγάλους
716 1878 1024 1953 κινηθῆναι.

327 1970 680 2042 ρπ’.Ἔλεγον
715 1970 845 2042 περὶ
872 1970 967 2024 τοῦ
1006 1970 1152 2025 άϐϐᾶ
1182 1971 1466 2041 Ποιμένος,
1497 1972 1578 2025 ὃτι
1607 1970 1843 2041 ἐκάθητο

254 2065 334 2126 εἰς
357 2063 559 2139 Σκῆτιν
589 2061 727 2132 μετὰ
753 2062 845 2116 δύο
871 2063 1115 2133 ἀδελφῶν
1136 2063 1326 2117 αὐτοῦ’
1350 2065 1443 2117 καὶ
1469 2065 1497 2116 6
1522 2064 1842 2135 μικρότερος

257 2152 467 2232 ἔθλιϐεν
497 2152 716 2217 αὐτούς.
762 2154 872 2207 Καὶ
905 2153 1053 2222 λέγει
1096 2154 1174 2225 τῷ
1213 2153 1358 2235 ἄλλῳ
1389 2154 1622 2225 ὰδελφᾷν
1661 2156 1845 2236 Παρα-

255 2244 371 2305 λύει
403 2247 436 2315 ἡ
448 2247 555 2316 μᾶς
590 2248 618 2299 6
655 2246 982 2318 μικρότερος
1014 2240 1190 2311 οὗτος·
1233 2246 1471 2318 ἐγείρου,
1508 2246 1730 2316 ἄγωμεν
1761 2246 1847 2299 ἐν·

256 2337 369 2390 θεν.
406 2336 520 2390 Καὶ
551 2335 855 2401 ἐξελθόντες
887 2336 1107 2406 ἀφῆκαν
1130 2337 1311 2393 αὐτόν.
1361 2338 1450 2401 Ὠς
1478 2332 1573 2391 οὖν
1598 2335 1737 2391 εἶδεν
1764 2338 1846 2391 ὅτι

258 2428 571 2499 ἐχρόνισαν,
609 2423 748 2489 εἶδεν
773 2428 974 2491 αὐτοὺς
1010 2428 1229 2500 μακρὰν
1261 2430 1585 2500 ἀπέχοντας,
1617 2430 1709 2483 καὶ
1745 2429 1845 2500 ἧρ-

260 2517 388 2581 ξατο
425 2519 645 2590 τρέχειν
683 2519 859 2572 ὀπίσω
889 2519 1093 2584 αὐτῶν,
1127 2520 1366 2591 κράζων.
1407 2522 1571 2590 Λέγει
1608 2525 1637 2576 6
1676 2521 1849 2585 άϐϐᾶς

260 2611 493 2682 Ποιμήν·
511 2611 799 2680 Μείνωμεν
819 2611 910 2665 τὸν
930 2611 1177 2681 ἀδελφὸν,
1196 2612 1281 2665 ὅτι
1302 2614 1487 2684 κοπιᾷ.
1507 2613 1594 2677 Ὠς
1607 2608 1700 2667 οὖν
1718 2608 1849 2684 ἦλθε

263 2703 399 2774 πρὸς
422 2702 643 2766 αὐτοὺς,
674 2702 835 2757 ἔϐαλε
866 2704 1173 2775 μετάνοιαν,
1210 2703 1404 2774 λέγων·
1445 2704 1557 2758 Ποῦ
1588 2705 1849 2775 ὑπάγετε,

262 2798 357 2852 καὶ
383 2796 576 2866 ἀφίετέ
612 2814 679 2868 με
712 2798 869 2867 μόνον
886 2815 904 2866 ;
932 2797 1092 2867 Λέγει
1126 2798 1277 2869 αὐτῷ
1306 2800 1335 2851 6
1363 2798 1558 2869 γέρων·
1596 2797 1718 2855 Ὀτι
1748 2798 1854 2852 θλί-

263 2889 377 2952 ϐεις
418 2891 582 2961 ἡμᾶς,
616 2888 703 2941 διὰ
734 2888 893 2942 τοῦτο
928 2891 1082 2961 ἡμεῖς
1113 2888 1524 2960 ἁναχωροῦμεν.
1565 2890 1727 2958 Λέγει
1754 2890 1853 2942 αὑ-

263 2982 376 3044 τοῖς
398 2980 556 3051 (91’)ν
588 2981 715 3049 Ναὶ,
744 2982 856 3046 ναὶ,
899 2982 1034 3035 ὅπου
1068 2980 1275 3047 θέλετε,
1309 2982 1529 3054 ἄγωμεν
1555 2981 1713 3053 ὁμοῦ.
1745 2983 1853 3035 Καὶ⁵

267 3070 394 3131 ἰδὼν
437 3073 469 3124 6
514 3072 693 3143 γέρων
738 3072 838 3144 τὴν
877 3073 1113 3128 ἀκακίαν
1145 3075 1334 3139 αὐτοῦ,
1365 3075 1514 3145 λέγει
1540 3076 1619 3146 τῷ
1641 3075 1854 3145 ἀδελφῷ

266 3164 435 3220 αὑτοῦ
455 3180 468 3193 ο
506 3166 982 3238 ’Λναστρέψωμεν,
1020 3167 1236 3237 ἀδελφέ’
1262 3169 1324 3222 οὐ
1353 3170 1463 3242 γὰρ
1492 3168 1660 3223 θέλων
1687 3170 1856 3223 ταῦτα

1929 504 2299 563 tubernalem.
2328 516 2356 555 a
2383 515 2494 571 quo
2521 500 2799 554 inducitur
2828 500 2891 553 ad
2920 500 3218 569 quemlibet
3244 499 3502 555 affectum

1932 595 2135 652 veteris
2165 594 2425 658 hominis,
2465 607 2565 647 nec
2597 593 2780 647 minus
2810 606 2934 646 eum
2984 591 3182 645 retinet
3208 605 3427 654 secum,
3461 592 3507 643 is

1933 688 2097 748 homo
2132 685 2334 742 similis
2379 692 2463 741 est
2510 683 2813 756 possidenti
2859 697 3050 754 agrum
3082 696 3244 751 quem
3293 695 3506 738 vermes

1931 778 2217 833 devorant.
2518 763 2522 767 ’

2008 870 2131 923 177.
2171 867 2286 937 (95)
2341 866 2518 920 Etiam
2562 865 2697 918 dixit
2723 882 2736 920 :
2766 864 2967 919 Malitia
3000 875 3356 933 nequaquam
3389 876 3508 915 mas-

1934 964 2105 1018 litiani
2141 962 2313 1025 tollit;
2364 959 2456 1015 sed
2489 959 2535 1013 si
2585 959 2711 1028 quis
2760 958 2857 1013 tibi
2907 957 3049 1011 male
3106 956 3319 1019 fecerit,
3372 955 3509 1010 bene

1937 1056 2104 1110 facito
2134 1055 2206 1114 ei,
2241 1062 2299 1107 ut
2330 1068 2427 1123 per
2446 1052 2648 1105 bonum
2686 1049 2885 1105 factum
2909 1049 3163 1103 destrnas
3187 1046 3472 1103 malitiam.

2007 1147 2132 1209 178.
2173 1145 2314 1200 Dixit
2357 1144 2571 1212 adhuc:
2620 1141 2788 1195 David
2830 1140 3050 1211 quando
3081 1155 3205 1193 cum
3235 1140 3390 1194 leone
3411 1154 3511 1208 pu-

1937 1255 2097 1312 gnam
2133 1238 2433 1299 commisit,
2477 1252 2539 1291 ex
2577 1241 2797 1305 gutture
2832 1235 3006 1288 tenuit
3038 1247 3185 1295 eum,
3218 1232 3515 1300 statimque

1937 1330 2216 1385 occidit".
2248 1327 2304 1382 Si
2338 1344 2468 1399 ergo
2500 1342 2602 1383 nos
2626 1341 2845 1396 quoque
2878 1325 3216 1389 tenuerimus
3246 1333 3436 1395 guttur
3462 1331 3516 1390 et

1937 1432 2183 1476 ventrem
2213 1429 2463 1475 nostrum
2484 1460 2498 1485 ,
2529 1419 2830 1473 auxiliante
2867 1420 2994 1479 Deo,
3026 1417 3358 1471 invisibilem
3403 1416 3513 1470 lem

1939 1529 2062 1573 nem
2093 1514 2403 1568 vincemus.

2011 1606 2135 1662 179.
2178 1605 2371 1660 Frater
2402 1604 2655 1675 poposcit
2712 1603 2780 1658 ab
2814 1602 3009 1656 abbate
3049 1599 3341 1662 Pmmeue:
3375 1597 3515 1665 Quid

1943 1698 2162 1758 faciam,
2196 1698 2322 1767 quia
2355 1696 2487 1750 mihi
2534 1695 2807 1765 contingit
2855 1693 3126 1758 molestia,
3172 1698 3228 1745 et
3271 1706 3518 1745 commm

1942 1793 2106 1848 veor?
2143 1789 2444 1862 Respondit
2495 1778 2700 1845 senex?
2732 1788 2825 1843 Vis
2876 1786 3064 1851 efﬁcit,
3100 1792 3161 1837 ut
3203 1800 3327 1838 cum
3364 1783 3517 1854 parvi

1942 1896 2052 1939 tum
2084 1883 2264 1953 magni
2292 1890 2634 1936 moveantur.

2017 1976 2137 2031 180.
2173 1973 2504 2031 Referebant
2540 1974 2644 2028 hoc
2684 1973 2751 2028 de
2790 1972 2987 2029 abbate
3032 1970 3321 2025 Pminene:
3361 1969 3522 2025 Resi-

1944 2070 2106 2123 dente
2142 2069 2284 2122 eoin
2310 2065 2453 2121 Sccti
2484 2082 2607 2121 cum
2634 2067 2851 2121 duobus
2877 2066 3138 2119 fratribus
3173 2063 3309 2123 suis.
3340 2063 3525 2133 jnnior

1947 2161 2216 2232 afﬂigebat
2250 2175 2367 2216 eos.
2413 2157 2686 2224 Quocirca
2742 2157 2964 2212 Pmmen
3000 2157 3074 2211 ita
3125 2158 3401 2211 allocutus
3445 2167 3527 2212 est

1948 2254 2178 2308 alterum
2213 2250 2473 2306 fratrem:
2525 2248 2762 2304 Enervat
2801 2249 3108 2319 avertitque
3140 2263 3242 2303 nos
3278 2249 3381 2303 iste
3427 2264 3526 2302 na-

1949 2352 2007 2398 tu
2049 2344 2260 2411 minor;
2293 2358 2481 2413 surge,
2519 2343 2783 2397 abeamus
2817 2341 2965 2398 hinc.
2998 2336 3170 2412 Igitur
3208 2341 3413 2412 egressi
3444 2355 3530 2397 res

1952 2435 2235 2504 liquerunt
2278 2449 2426 2490 eum.
2487 2431 2557 2488 Ut
2591 2443 2770 2487 autem
2826 2432 2961 2487 vidit
3025 2433 3165 2502 quod
3230 2433 3531 2511 tardarent,

1951 2529 2348 2599 conspexitqne
2390 2536 2580 2599 postea
2634 2530 2792 2598 longe
2822 2528 3072 2591 dissitas,
3115 2529 3283 2598 coepit
3308 2544 3530 2585 currere

1951 2628 2079 2689 post
2114 2620 2238 2675 illos
2283 2634 2407 2674 cum
2456 2621 2716 2675 clamore.
2762 2618 2905 2674 Dicit
2932 2620 3102 2674 abbas
3133 2619 3359 2675 Pmmen
3389 2640 3400 2674 :
3429 2620 3533 2675 Ex,

1953 2719 2262 2783 spectemus
2316 2711 2564 2771 fratrem.
2626 2711 2754 2781 quia
2821 2711 3169 2781 defatigatur.
3239 2711 3532 2783 Postquam

1953 2820 2084 2875 ergo
2134 2818 2229 2858 eos
2266 2803 2465 2873 attigit,
2519 2801 2792 2856 submisse
2844 2802 3138 2857 salutavit:
3179 2801 3299 2868 Quo
3350 2802 3534 2869 abitis,

1956 2897 2233 2966 inquiens,
2257 2909 2320 2947 ac
2357 2909 2441 2947 me
2484 2892 2795 2963 relinquitis
2818 2894 3029 2949 solum?
3048 2894 3350 2966 Respondit
3375 2895 3422 2949 ei
3458 2910 3537 2949 se»

1956 3000 2092 3040 nex:
2129 2981 2400 3050 Quoniam
2448 2998 2614 3037 vexas
2664 2998 2789 3043 nos,
2836 2982 2959 3038 ideo
3013 2985 3342 3040 recedimus.
3400 2984 3535 3039 Tum

1959 3076 2049 3131 ille
2088 3074 2157 3143 ad
2197 3088 2333 3129 eos:
2363 3072 2474 3133 Nat,
2506 3088 2608 3137 me,
2650 3089 2984 3145 quocunque
3012 3076 3315 3139 volueritis,
3348 3092 3537 3132 eamus

1965 3166 2150 3229 simul.
2181 3164 2246 3219 Et
2284 3180 2475 3231 senex,
2509 3173 2807 3235 conspecta
2835 3166 2955 3237 ejus
2982 3167 3354 3237 simplicitate,
3386 3167 3537 3233 fratri

267 3261 437 3323 ποιεῖ,
462 3258 580 3312 ἀλλ’
606 3261 634 3312 6
654 3258 897 3324 διάϐολός
926 3262 1074 3315 ἐστιν
1101 3264 1128 3316 6
1151 3262 1326 3325 ταῦτα
1355 3262 1524 3316 ποιῶν
1553 3262 1720 3333 αὐτῷ.
1748 3264 1853 3317 Καὶ

1961 3274 2065 3315 suo
2101 3259 2208 3313 ait:
2243 3257 2623 3320 Revertantur.
2655 3257 2858 3321 frater:
2899 3273 3008 3314 non
3045 3262 3187 3315 enim
3220 3268 3415 3330 sponte
3440 3276 3536 3315 sua

267 3348 711 3421 ἀναστρέψαντες
741 3344 904 3429 ἦλθον
942 3352 1024 3414 εἰς
1054 3350 1145 3404 τὸν
1178 3351 1344 3405 τόπον
1373 3351 1576 3415 αὐτῶν,

346 3532 495 3597 pm’.
539 3525 852 3600 ’Πρώτησεν
877 3525 1180 3601 ἡγούμενος
1207 3526 1320 3596 (92)
1348 3525 1617 3583 κοινοϐίου
1643 3525 1733 3580 τὸν
1760 3526 1861 3580 66.-

272 3621 378 3675 ϐἄν
422 3619 689 3691 Ποιμένα,
737 3621 932 3691 λέγων’
983 3620 1108 3685 Πῶς
1146 3619 1381 3693 δύναμαι
1426 3620 1731 3694 κτήσασθαι
1772 3620 1863 3674 τὸν

274 3712 444 3782 φόϐον
470 3712 568 3776 τοῦ
600 3712 775 3779 Θεοῦ;
817 3713 981 3783 Λέγει
1016 3712 1167 3785 αὕτῷ
1203 3715 1232 3773 6
1267 3712 1444 3777 άϐϐἇς
1474 3713 1705 3783 Ποιμήν·
1738 3711 1864 3777 Πῶς

272 3806 555 3876 δυνάμεθα
592 3805 898 3875 κτήσασθαι
923 3804 1089 3875 φόϐον
1116 3805 1272 3867 Θεοῦ,
1306 3805 1508 3859 ἔσωθεν
1529 3805 1744 3874 ἔχοντες
1765 3822 1866 3872 γαο

276 3894 441 3968 στρία
481 3896 704 3966 τυρίων,
736 3896 832 3959 καὶ
854 3895 1095 3967 κεράμια
1128 3895 1396 3968 ταρίχων;

350 3988 500 4059 ρπϐν.
536 3988 787 4057 ’Λδελφὺς
813 3986 1063 4058 ἠρώτησε
1083 3987 1173 4040 τὸν
1191 3987 1364 4040 ἀϐϐἆν
1388 3985 1648 4055 Ποιμένα.
1671 3984 1864 4053 λέγων·

290 4080 485 4145 ’Λϐϐᾶ,
526 4080 621 4133 δύο
645 4080 922 4152 ἄνθρωποι
956 4077 1117 4154 ἦσαν,
1149 4075 1231 4142 εἷς
1266 4078 1498 4149 μοναχὸς
1536 4079 1628 4132 καὶ
1668 4072 1746 4142 εἷς
1781 4095 1870 4131 κο-

278 4172 503 4244 σμικός,
538 4172 601 4225 Ὀ
628 4172 861 4243 μοναχὸς
883 4171 1167 4240 ἐλογίσατο
1188 4171 1285 4240 ὀψὲ
1311 4171 1396 4223 ἵνα
1416 4170 1476 4223 τὸ
1492 4170 1541 4205 ’δ
1569 4168 1715 4240 πρωῒ
1737 4170 1870 4243 ῥίψῃ

278 4261 343 4315 τὸ
387 4259 597 4332 σχῆμα,
638 4261 734 4314 καὶ
774 4263 803 4319 6
848 4260 1111 4332 κοσμικὺς
1141 4252 1425 4330 ἐλογίσατο
1451 4261 1496 4297 ³⁸
1531 4260 1616 4314 ἵνα
1645 4260 1870 4330 γένηται

284 4352 544 4426 μοναχόςο
572 4353 872 4425 ἀμφότεροι
905 4353 963 4406 δὲ
994 4353 1262 4408 ἀπέθανον
1286 4353 1351 4423 τῇ
1386 4351 1540 4405 νυκτὶ
1578 4351 1783 4425 ἐκείνῃο
1817 4352 1871 4404 τί

280 4441 398 4515 ἄρα
416 4441 690 4511 λογίζεται
716 4444 931 4511 αὐτοῖς;
966 4444 1077 4498 Καὶ
1109 4440 1259 4509 εἶπεν
1280 4444 1309 4497 6
1324 4441 1520 4514 γέρων·
1560 4442 1617 4496 '0
1640 4441 1873 4513 μοναχὺς

280 4533 526 4590 ἀπέθανε
555 4534 816 4606 μοναχὸς,
849 4535 942 4598 καὶ
973 4536 1002 4589 6
1026 4535 1289 4606 κοσμικδς
1318 4532 1554 4597 ἀπέθανε
1583 4533 1865 4604 κοσμικός·

281 4627 343 4683 ἐν
378 4619 425 4693 ᾧ
451 4624 560 4695 γὰρ
582 4626 908 4699 εὑρέθησαν,
949 4626 1211 4694 ἀπῆλθον.

360 4726 510 4790 ρπγ’.
546 4718 776 4788 Ἔλεγεν
804 4723 833 4773 6
862 4718 1037 4783 άϐϐἄς
1072 4719 1321 4789 Ἰωάννης
1350 4719 1416 4780 ’⁸,
1451 4719 1532 4771 ὃτι
1563 4716 1873 4789 Παρεϐάλο-

286 4812 391 4882 μέν
422 4828 551 4864 ποτε
581 4812 688 4865 ἀπὸ
710 4812 912 4883 Συρίας
932 4811 1009 4883 τῷ
1045 4810 1188 4882 ὰϐϐᾷ
1211 4809 1456 4879 Ποιμένι,
1487 4810 1581 4863 καὶ
1606 4808 1873 4878 ἠθέλομεν

283 4903 454 4957 αὐτὸν
482 4902 757 4973 ἐρωτῆσαι
792 4902 1045 4973 περὶτῆς
1074 4901 1443 4974 σκληρότητος
1484 4900 1581 4970 τῆς
1623 4899 1869 4970 καρδίας·

282 4995 312 5045 6
343 4992 406 5045 δὲ
428 4993 607 5063 γέρων
632 4991 731 5043 οὐκ
761 4990 877 5062 ᾔδει
920 4991 1239 5065 Ἑλληνιστὶ,
1262 4988 1386 5043 οὐδὲ
1421 4990 1449 5041 6
1475 4988 1746 5059 ἑρμηνεὺς
1782 4988 1875 5040 εὐ-

285 5082 561 5153 καίρησεν
586 5082 654 5137 ’⁷.
718 5080 864 5135 Ἰδὼν
903 5082 959 5137 δὲ
1008 5084 1157 5153 ἡμᾶς
1199 5080 1552 5150 θλιϐομένους
1601 5081 1630 5132 6
1675 5078 1872 5151 γέρων,

363 5237 415 5268 ⁸⁸
437 5238 525 5295 Al.
556 5240 676 5312 τῷ.Δ
729 5243 776 5279 ’⁸
808 5242 894 5295 Al.
926 5253 1092 5312 praep:

292 5310 514 5379 ἄραμεν
541 5305 884 5383 ειέὖραμεν,
928 5305 1006 5340 ’⁸⁸
1039 5305 1214 5379 lReg.
1245 5321 1379 5369 xvu,
1417 5305 1507 5359 55.

370 5452 510 5519 (91')
554 5450 726 5520 Λέγει
757 5452 982 5517 αὐτοῖς.
1022 5449 1318 5520 Sequentia
1360 5446 1633 5520 usquead
1660 5440 1777 5520 _l_it_t_.
1816 5444 1876 5502 Ω.

298 5534 353 5593 ".-
394 5520 430 5574 8
454 5512 534 5590 τῷ
553 5512 687 5593 ,Θεῷ
715 5512 1025 5587 διαπαντός,
1052 5512 1258 5575 σοίιιιιιὶ
1280 5533 1404 5574 cum
1438 5512 1629 5572 codice
1655 5512 1879 5567 Colber-

299 5589 420 5644 tino
451 5589 676 5664 optimae
702 5600 860 5647 notat.

377 5653 505 5737 (99.).
531 5665 871 5734 ἰιρὼτησεν
890 5664 1240 5732 ἡγούμενος.
1265 5659 1465 5713 Aberat
1483 5656 1587 5710 hoc
1611 5653 1889 5723 Apotlulie-

291 5773 425 5838 gnta
460 5772 491 5819 il
530 5771 634 5819 ms.
685 5754 853 5835 Regio
895 5753 1054 5818 2466.
1106 5751 1290 5828 Itaque
1329 5749 1635 5829 appositum
1679 5746 1778 5810 fuit
1824 5759 1888 5807 ex

1126 5236 1246 5306 όψέ.
1320 5234 1368 5267 ’⁸
1400 5234 1483 5306 Al.
1540 5232 1663 5287 add.
1701 5236 1729 5286 6
1760 5232 2055 5304 ἐξορισθεὶς
2105 5236 2210 5290 ὑπὸ
2242 5234 2559 5306 Μαρκιανοῦ
2611 5233 2705 5288 τοῦ
2765 5234 3047 5305 βασιλέως.

1964 3351 2093 3405 facit
2120 3355 2254 3417 haec,
2289 3350 2385 3406 sed
2410 3349 2665 3406 diabolus
2687 3358 2773 3407 est
2806 3353 2899 3422 qui
2937 3352 3015 3415 illi
3048 3353 3311 3423 suggerit.
3345 3351 3542 3409 Rever-

1963 3441 2011 3503 si
2042 3456 2174 3512 ergo
2198 3449 2466 3496 venerunt
2490 3440 2544 3495 in
2573 3441 2751 3495 locum
2790 3457 2972 3497 suum.

2037 3533 2159 3589 181.
2195 3532 2559 3605 interrogavit
2620 3536 2858 3590 emnobii
2911 3535 3239 3606 praepositus
3294 3534 3542 3600 abbatem

1968 3620 2282 3677 Pmmenem
2317 3640 2331 3676 ;
2364 3622 2652 3689 Quomodo
2703 3638 2926 3694 possum
2992 3625 3243 3679 obtinere
3290 3625 3540 3680 timorem

1970 3710 2100 3766 Dei?
2135 3710 2436 3782 Respondit
2466 3714 2637 3770 abbas
2680 3714 2930 3770 Poemen:
2964 3713 3083 3781 Qua
3116 3715 3326 3772 ratione
3353 3731 3545 3787 possu-

1971 3819 2093 3859 mus
2139 3805 2422 3873 possidere
2466 3807 2715 3867 timorem
2778 3806 2894 3875 Dei,
2947 3798 3247 3877 qui‘intus
3282 3809 3545 3865 habemus

1970 3902 2191 3950 ventres
2218 3911 2527 3962 caseorum,
2569 3905 2623 3953 et
2648 3897 2794 3953 dolia
2828 3899 3335 3954 salsamentorum?
3434 3908 3445 3916 '

2043 3985 2167 4040 182.
2208 3984 2402 4042 Frater
2427 3988 2786 4058 quarstionem
2811 3989 3098 4059 proposuit
3127 3987 3310 4043 abbati
3336 3986 3547 4043 Pmme-

1974 4076 2052 4138 ni,
2087 4076 2312 4131 dicens:
2352 4076 2527 4143 Abba,
2554 4078 2664 4132 duo
2693 4078 2943 4132 homines
2971 4086 3147 4142 erant,
3180 4093 3324 4132 unus
3353 4091 3546 4133 mona-

1974 4165 2135 4227 chus,
2166 4165 2304 4219 alter
2333 4166 2635 4222 saecularis.
2682 4165 2984 4222 Monachus
3014 4181 3240 4236 vespere
3284 4167 3546 4225 decrevit.

1975 4259 2223 4315 habitum
2254 4260 2502 4330 proximo
2528 4275 2689 4315 mane
2719 4260 2990 4329 abjicere;
3029 4260 3309 4319 saacnlaris
3340 4261 3553 4317 consti-

1976 4350 2103 4412 tuit.
2136 4348 2253 4405 ﬁeri
2292 4350 2633 4406 monachus:
2663 4351 2827 4409 ambo
2862 4358 3041 4413 autem
3076 4359 3235 4407 nocte
3277 4352 3368 4406 illa
3414 4366 3556 4407 mor-

1978 4442 2057 4496 tui
2082 4442 2380 4511 sunt.Quid
2404 4444 2749 4514 reputabitur
2764 4446 2845 4501 eis
2860 4445 2886 4497 ‘l
2905 4443 3205 4515 Respondit
3223 4461 3388 4502 senex
3414 4444 3551 4515 (96):

1977 4534 2279 4591 Monachus
2308 4543 2559 4592 mortuus
2576 4544 2661 4593 est
2684 4536 3007 4605 monachus,
3031 4544 3085 4592 et
3112 4537 3392 4592 saecularis
3415 4536 3553 4591 obiit

1903 4661 1952 4721 υ
1976 4627 2279 4685 saecularis.
2314 4626 2371 4681 In
2395 4642 2504 4697 quo
2532 4629 2678 4683 enim
2712 4628 2918 4683 inventi
2945 4636 3097 4691 sunt,
3137 4627 3405 4682 abierunt.

2053 4716 2174 4772 185.
2197 4716 2310 4788 (95)
2328 4715 2531 4772 Retulit
2549 4717 2968 4773 abbasJoanues
2989 4731 3003 4771 :
3024 4715 3332 4785 Aliquando
3353 4715 3552 4787 eSyria

1979 4807 2329 4878 perreximus
2363 4807 2431 4863 ad
2462 4808 2710 4863 abbatem
2740 4806 3072 4871 Pmmcnem,
3106 4807 3352 4861 volentes
3383 4808 3551 4862 inter-
3591 4818 3598 4825 ‘

1982 4913 2178 4971 rogare
2204 4914 2331 4954 eum
2364 4899 2433 4954 de
2465 4899 2666 4953 duritia
2695 4898 2881 4953 cordis
2918 4915 2932 4952 :
2980 4912 3144 4953 senex
3197 4911 3327 4953 vero
3369 4897 3555 4953 Graece

1983 4992 2285 5051 nesciebat.
2315 5006 2416 5045 nec
2436 4991 2706 5059 interpres
2729 4988 2984 5046 inventus
3016 4999 3118 5045 est.
3152 4987 3338 5059 Itaque
3367 4990 3555 5045 videns

1983 5095 2084 5135 nos
2116 5080 2367 5145 afﬂictos,
2399 5081 2567 5150 coepit
2604 5080 2787 5150 lingua
2835 5077 3022 5138 Greca
3068 5081 3239 5150 loqui,
3277 5080 3551 5152 dixitque:

3125 5237 3170 5268 "
3196 5236 3283 5290 Al.
3316 5237 3561 5309 ἑρμηνέα

1993 5427 2312 5489 Colbertinu
2342 5433 2534 5487 codice
2577 5436 2632 5484 et
2660 5425 2833 5498 Regio
2868 5423 3028 5481 1787.

2056 5511 2169 5576 (93)
2214 5511 2316 5580 γει,
2356 5509 2505 5580 Ραη·ξ
2541 5527 2593 5572 χ,
2636 5511 2737 5574 55;
2769 5512 2989 5580 Dorotlt.
3021 5511 3203 5567 Doctr.
3233 5513 3318 5580 10,

2059 5580 2166 5645 (94)
2210 5579 2353 5634 Infra
2386 5582 2439 5633 in
2474 5579 2626 5634 Sisoe
2657 5598 2706 5634 ιι.
2742 5579 2829 5634 38.

2061 5650 2172 5721 (95)
2227 5648 2328 5704 Vir.
2368 5649 2517 5704 Patr.
2550 5665 2706 5713 xvm,
2738 5650 2835 5716 ili;
2865 5666 2962 5716 vlt,
2996 5667 3147 5721 uix,
3179 5652 3229 5721 1,
