4028 6338
440 356 557 413 567
1587 350 1939 408 APPENDIX
1978 348 2032 403 Al

2144 348 2529 407 ALLADIUM.
3602 350 3712 406 εδδ
3794 322 3811 335 ’

449 473 617 542 Aqua:
632 477 828 525 natura
849 467 1031 525 mollis
1056 473 1161 529 est,
1185 464 1385 536 lapidis
1414 473 1593 521 autem
1627 467 1762 521 dura
1790 486 1803 521 :
1835 479 2020 522 verum

2143 464 2325 533 ἤρξατο
2364 464 2543 517 λαλεῖν
2589 465 2655 535 τῇ
2703 460 2963 533 Ἑλληνίδι
3010 463 3185 532 φωνῇ,
3213 460 3407 528 λέγων’
3446 460 3510 512 Ἥ
3546 460 3715 529 φύσις

446 561 675 621 baucale
708 560 855 631 quod
899 572 1226 630 suspensum
1266 566 1351 613 est
1397 572 1562 627 supra
1597 556 1853 625 lapidem,
1906 555 2025 611 stil-

2143 556 2224 609 τοῦ
2265 556 2455 618 ὓδατος
2486 555 2665 625 άπαλή
2711 557 2879 618 ἐστιν,
2912 555 2946 624 ὴ
2980 553 3038 607 δὲ
3069 552 3166 605 τοῦ
3209 551 3356 605 λίθου
3390 551 3618 623 σκληράο
3652 554 3715 604 τὸ

449 652 613 710 lando
658 651 925 724 paulatim
972 665 1098 705 eum
1156 648 1320 704 forat.
1367 647 1442 702 Ita
1476 648 1641 702 etiam
1709 645 1803 700 Dei
1844 659 2025 700 sermo

2143 648 2181 701 5:
2216 647 2505 717 βαυκάλιον
2548 648 2732 701 ἐπάνω
2769 646 3118 717 κρεμάμενον
3161 645 3254 698 τοῦ
3299 643 3470 711 λίθου,
3518 643 3716 708 στάζον

448 745 635 800 mollis
664 753 770 807 est,
824 758 921 799 cor
953 758 1084 798 vero
1126 749 1400 807 nostrum,
1426 739 1657 804 durum;
1689 746 1871 793 tamen
1899 751 2023 791 cum

2143 737 2322 801 ττάξον
2361 739 2519 808 τιτρᾷ
2555 737 2646 791 τὸν
2681 736 2847 790 λίθον.
2884 734 3071 798 Οὕτως
3097 735 3194 788 καὶ
3219 736 3250 787 6
3271 733 3431 802 λόγος
3454 732 3548 787 τοῦ
3571 730 3718 786 Θεοῦ

448 835 617 890 bomo
651 835 972 904 frequenter
1006 831 1245 887 audierit
1296 844 1605 886 sermonem
1635 827 1752 893 Dei,
1784 826 2027 897 aperitur

2143 829 2332 891 ἱιπαλός
2360 830 2528 894 ἐστιν,
2567 830 2602 900 ἡ
2634 827 2690 880 δὲ
2720 827 2918 901 καρδία
2952 826 3111 897 ἡμῶν
3147 825 3379 897 σκληρά’
3405 825 3619 879 ἀκούων
3655 824 3716 878 δὲ

436 943 545 982 ωι-
578 928 699 997 ejus
722 935 782 981 ut
810 924 979 980 Deum
1007 924 1216 979 timeat.

515 1100 757 1171 {84.(96)
777 1098 957 1155 Abbas
978 1096 1129 1152 Isaac
1152 1095 1407 1151 convenit
1423 1094 1667 1151 abbatem
1681 1092 1991 1149 Pmmenem
2011 1110 2028 1159 ;

452 1208 614 1263 quem
640 1206 874 1246 cernens
902 1204 1094 1260 parum
1128 1202 1283 1259 aqua:
1326 1188 1540 1242 mittere
1569 1188 1623 1240 in
1671 1185 1836 1255 pedes
1873 1198 2025 1247 suos,

452 1285 602 1357 quod
637 1284 866 1340 haberet
900 1296 1028 1352 erga
1061 1296 1184 1336 eum
1218 1280 1473 1349 loquendi
1509 1280 1833 1341 libertatem,
1860 1276 2027 1332 dixit:

440 1378 573 1444 Quo
633 1375 796 1430 modo
834 1372 1056 1444 quidam
1107 1371 1193 1427 usi
1234 1379 1364 1426 sunt
1409 1371 1716 1433 severitate,
1746 1369 1883 1423 dure
1913 1374 2030 1421 tra-

453 1475 669 1523 ctantes
721 1479 924 1534 corpus
959 1462 1156 1517 suum?
1203 1460 1269 1514 Et
1305 1461 1380 1514 ait
1427 1460 1504 1514 illi
1548 1459 1718 1514 abbas
1771 1456 2026 1512 Pmmen:

452 1558 564 1614 Nos
595 1572 706 1613 non
731 1556 910 1612 edocti
945 1568 1137 1609 smnus
1183 1551 1435 1622 corporis
1479 1550 1857 1605 interfectores
1885 1564 2028 1613 esse,

454 1649 547 1707 sed
575 1649 890 1705 affectuum.

525 1743 648 1799 185.
705 1738 816 1811 (97)
852 1738 997 1792 Dixit
1041 1737 1271 1791 iterum:
1313 1732 1441 1787 Tria
1482 1733 1597 1788 haec
1645 1747 1750 1785 non
1807 1744 2027 1801 possum

452 1848 728 1899 amovere,
777 1845 986 1893 escam,
1040 1836 1245 1884 vestem
1273 1868 1288 1894 ,
1339 1840 1625 1882 somnum:
1674 1832 1915 1878 attamen
1965 1839 2031 1877 ex

453 1934 611 1999 parte
633 1938 884 1979 amovere
919 1934 1235 1991 possumus.

527 2015 653 2071 186.
696 2013 893 2069 Frater
937 2008 1294 2079 interrogavit
1326 2008 1575 2062 abbatem
1607 2005 1916 2061 Pmmenem
1945 2004 2032 2060 his

455 2106 669 2163 verbis:
697 2103 867 2158 Multa
895 2102 1044 2158 olera
1072 2100 1363 2155 manduco.
1404 2099 1496 2153 Ait
1525 2113 1721 2153 senex:
1758 2094 1877 2150 Non
1902 2110 2030 2166 pro-

457 2198 580 2253 dest
615 2196 753 2262 tibi;
788 2193 885 2250 sed
938 2191 1162 2246 comede
1200 2205 1393 2262 panem
1441 2198 1619 2253 tuum,
1664 2202 1789 2243 cum
1839 2187 2032 2257 paucis

459 2289 738 2354 oleribus;
760 2295 814 2340 et
839 2299 909 2339 ne
938 2289 1161 2354 propter
1211 2279 1570 2338 necessitates
1600 2279 1804 2336 abieris
1840 2277 1908 2333 ad
1939 2293 2034 2350 pa-

458 2386 670 2431 ternam
695 2371 940 2427 domum.

529 2465 653 2519 l87.
689 2461 1017 2518 Referebant
1046 2459 1115 2516 de
1158 2458 1354 2515 abbate
1380 2456 1659 2521 Pmmene,
1682 2456 1829 2527 quod
1862 2457 1907 2513 si
1948 2472 2035 2512 se-

458 2558 651 2619 derent
684 2570 845 2611 senes
867 2568 1054 2610 coram
1079 2567 1166 2617 eo,
1191 2558 1247 2608 et
1272 2552 1636 2622 loquerentur
1669 2550 1738 2605 de
1770 2550 2029 2613 senibus;

446 2649 505 2703 si
552 2648 904 2702 nominarent
963 2625 1212 2700 abbatem
1268 2641 1529 2706 Sisoem,‘
1562 2641 1744 2697 dicere
1795 2643 2031 2698 soleret:

458 2740 624 2796 Missa
648 2739 809 2794 facite
832 2753 953 2809 qua:
982 2736 1050 2792 ad
1072 2736 1322 2793 abbatem
1374 2734 1586 2791 Sisoem
1618 2743 1898 2807 spectant;
1923 2751 2033 2791 non

459 2835 602 2890 enim
638 2831 706 2888 ad
736 2846 1051 2889 mensuram
1087 2829 1423 2886 narrationis
1469 2830 1656 2884 venire
1680 2836 1917 2901 possunt
1945 2845 2034 2885 res

453 2928 596 2997 ejus.
622 2978 626 2983 .

978 3011 1055 3066 De
1084 3010 1273 3065 abbate
1292 3010 1522 3097 Pantho.

514 3126 581 3179 ‘l.
615 3123 849 3189 Quidam
900 3130 1018 3178 erat
1075 3123 1295 3177 nomine
1347 3123 1516 3176 abbas
1564 3121 1793 3189 Pambo;
1829 3123 1897 3177 de
1925 3138 2034 3193 quo

2125 921 2155 972 6
2176 917 2460 991 ἄνθρωπος
2483 917 2743 980 πολλάκις
2765 916 2854 970 τὸν
2867 916 3038 985 ’λόγον
3064 915 3158 968 τοῦ
3185 914 3341 979 Θεοῦ,
3371 915 3645 983 ἀνοίγεται
3677 918 3714 985 ἡ

2125 1010 2324 1081 καρδία
2348 1009 2514 1063 αὐτοῦ
2545 1009 2640 1063 τοῦ
2665 1007 2949 1078 φοϐεῖσθαι
2975 1008 3066 1061 τὸν
3089 1007 3245 1061 Θεόν.

2202 1103 2340 1173 ρπδ’.
2374 1100 2688 1173 Παρέϐαλεν
2713 1103 2740 1154 6
2768 1099 2941 1164 ἁὸϐᾶς
2976 1099 3165 1153 Ἰσαὰκ
3188 1099 3270 1172 τῷ
3292 1098 3435 1170 άὸὀᾷ
3463 1098 3713 1170 Ποιμένι·

2127 1194 2225 1248 καὶ
2249 1192 2371 1246 ἰδὼν
2400 1193 2561 1245 αὑτὸν
2590 1191 2851 1261 βάλλοντα
2886 1191 3080 1262 μικρὸν
3112 1189 3256 1262 ὕδωρ
3285 1190 3365 1253 εἰς
3391 1190 3519 1251 τοὺς
3546 1188 3721 1249 πόδας

2130 1283 2297 1338 αὐτοῦ
2320 1284 2396 1348 ὼς
2419 1285 2464 1315 ’⁸
2491 1282 2629 1354 ἔχων
2661 1282 2799 1353 πρὸς
2824 1281 2987 1335 αὐτὸν
3014 1282 3345 1353 παρρησίαν,
3368 1276 3518 1332 εἶπεν
3540 1278 3715 1349 αὐτῷ·

2132 1376 2257 1441 Πῶς
2281 1394 2425 1439 τινες
2454 1377 2836 1447 έχρήσαντοτῇ
2858 1375 3128 1446 ἀποτομία
3152 1373 3285 1443 (99),
3322 1371 3456 1442 σκλη
3467 1371 3723 1441 ραγωγή-

2134 1485 2324 1525 σαντες
2363 1467 2425 1521 τὸ
2462 1467 2623 1539 σῶμα
2668 1466 2878 1534 aurci»);
2928 1466 3038 1519 Καὶ
3076 1465 3225 1534 λέγει
3281 1462 3428 1533 αὑτῷ
3474 1464 3503 1514 6
3540 1458 3724 1522 ἀὸϐᾶς

2132 1560 2365 1630 Ποιμήν·
2405 1559 2600 1629 Ἡμεῖς
2633 1558 2732 1611 οὐκ
2795 1556 3151 1628 ἐδιδάχθημεν
3179 1556 3254 1625 (1)
3293 1553 3720 1625 σωματοκτόνοι,

2133 1651 2268 1705 ἀλλὰ
2296 1651 2641 1706 παθοκτόνοι.

2208 1750 2347 1815 ρπε’.
2376 1739 2540 1796 Εἶπεν
2569 1743 2751 1796 πάλιν
2780 1740 2862 1795 Τὰ
2890 1739 3240 1813 τραύματα³⁰
3265 1739 3326 1792 οὐ
3352 1738 3587 1808 δύναμαι
3620 1736 3718 1789 κό-

2132 1831 2253 1901 ψαι,
2282 1832 2382 1903 τὴν
2413 1831 2636 1903 βρῶσιν,
2665 1832 2728 1885 τὸ
2754 1832 2978 1904 ἔνδυμα,
3018 1832 3113 1884 καὶ
3154 1834 3245 1884 τὸν
3277 1830 3463 1883 ίῦπνον⁸
3504 1827 3618 1882 ἀλλ’
3654 1829 3721 1881 ὲκ

2139 1924 2336 1996 μέρους
2359 1925 2637 1995 δυνάμεθα
2670 1925 2854 1994 κόψαι.

2208 2023 2362 2089 ρπς’.
2418 2017 2730 2089 Ἠρώτησεν
2768 2015 2995 2086 ἀδελφὸς
3021 2016 3112 2069 τὸν
3141 2014 3316 2069 ὰϐὁᾶν
3339 2012 3603 2083 Ποιμένα,
3627 2011 3721 2063 λέ-

2134 2125 2266 2177 γων,
2289 2110 2371 2161 ὅτι
2398 2107 2577 2161 Πολλὰ
2601 2108 2810 2179 λάχανα
2829 2107 3017 2161 ἐσθίω.
3035 2106 3179 2177 Ἔφη
3206 2109 3234 2159 6
3255 2106 3455 2177 γέρων
3486 2104 3560 2157 υὺ
3587 2119 3726 2172 συμ-

2136 2202 2291 2275 φέρει
2325 2217 2428 2255 σοι·
2465 2200 2602 2256 ἀλλὰ
2639 2202 2777 2271 φάγε
2822 2201 2914 2254 τὸν
2948 2200 3113 2271 ἄρτον
3150 2216 3266 2263 σου,
3300 2198 3395 2252 καὶ
3427 2197 3598 2268 μικρά
3624 2196 3725 2250 λά·-

2134 2311 2294 2365 χανα,
2335 2296 2430 2347 καὶ
2475 2295 2549 2367 μὴ
2591 2294 2831 2365 ἀπέλθῃς
2874 2295 2953 2357 εἰς
2999 2292 3069 2346 τὰ
3113 2291 3354 2363 πατρικά
3399 2307 3491 2343 σου
3532 2291 3725 2345 ἕνεκεν

2134 2382 2353 2456 χρειῶν.

2211 2475 2353 2549 ρπξ.
2375 2475 2603 2545 Ἔλεγον
2630 2474 2757 2546 περὶ
2782 2474 2880 2528 τοῦ
2899 2473 3045 2528 άὸϐᾶ
3063 2473 3347 2544 Ποιμένος,
3378 2473 3459 2526 ὅτι
3481 2473 3530 2524 εἰ
3553 2470 3724 2524 ἐκάθ-

2136 2570 2265 2642 ηντό
2297 2585 2442 2631 τινες
2474 2568 2732 2641 γέροντες
2775 2568 3088 2640 ἔμπροσθεν
3128 2566 3293 2621 αὐτοῦ
3316 2606 3329 2629 ,
3365 2565 3459 2619 καὶ
3493 2565 3724 2621 ἐλάλουν

2138 2663 2266 2735 περὶ
2292 2661 2586 2732 γερόντων,
2619 2661 2714 2715 καὶ
2758 2663 2807 2715 εί
2841 2661 3125 2732 ὠνόμαζον
3168 2659 3258 2714 τὸν
3291 2657 3463 2712 ἀόϐᾶν
3500 2658 3721 2729 Σισόην,

2136 2754 2343 2823 ἔλεγεν·
2378 2754 2581 2824 ’Ἄφετε
2618 2753 2687 2807 τὰ
2715 2754 2844 2825 περὶ
2871 2752 2966 2806 τοῦ
3000 2752 3145 2807 άὸϐᾶ
3178 2750 3361 2821 Σισόη·
3389 2750 3449 2802 οὺ
3475 2751 3593 2821 ’γὰρ
3628 2750 3725 2824 ἔρ-

2137 2865 2287 2919 χεται
2316 2850 2397 2912 εἰς
2432 2848 2629 2919 μέτρον
2662 2848 3001 2918 διηγήματος
3036 2846 3103 2900 τὰ
3134 2844 3262 2918 περὶ
3288 2843 3472 2900 αὑτοῦ.

2560 3001 2700 3069 Περὶ
2733 3000 2842 3056 τοῦ
2875 3000 3027 3056 ἀϐϐᾶ
3055 3000 3289 3070 Παμϐώ.

2206 3122 2273 3169 α’.
2303 3111 2412 3169 Ἦν
2433 3133 2517 3178 τις
2547 3114 2839 3185 λεγόμενος
2868 3115 3044 3179 ἁὸϐᾶς
3072 3115 3303 3187 Παμὸὼ,
3327 3117 3573 3190 καὶπερὶ
3598 3117 3725 3171 τού-

462 3218 659 3279 fertur,
694 3229 793 3283 per
817 3220 929 3269 tres
953 3224 1129 3268 annos
1162 3213 1407 3282 integros
1434 3211 1585 3266 illum
1611 3213 1917 3270 orationem
1949 3215 2032 3268 fu-

2143 3224 2229 3259 του
2272 3207 2511 3275 λέγεται,
2554 3208 2636 3262 ὅτι
2682 3208 2809 3278 τρία
2861 3207 2954 3279 ἔτη
2999 3207 3212 3279 ἔμεινεν
3258 3210 3581 3281 αἰτούμενος
3628 3212 3725 3264 τὸν

460 3305 610 3360 disse
653 3304 720 3357 ad
776 3302 964 3369 Deum,
1001 3317 1067 3358 ac
1111 3303 1355 3360 dixisse:
1393 3300 1470 3358 Ne
1497 3302 1630 3357 mihi
1670 3305 1898 3374 gloriam
1933 3305 2032 3361 de-

457 3395 608 3451 deris
637 3396 691 3449 in
727 3401 895 3449 terra.
933 3393 1004 3446 At
1038 3391 1185 3449 Deus
1228 3393 1310 3449 sic
1339 3408 1466 3449 eum
1507 3395 1680 3467 gloria
1724 3395 1927 3465 aﬂ‘ecit,
1973 3405 2034 3452 ut

461 3501 619 3542 nemo
641 3495 830 3557 posset
856 3484 914 3539 in
939 3483 1132 3541 faciem
1148 3484 1509 3556 ejusintueri,
1533 3502 1645 3557 pra:
1670 3488 1844 3557 gloria
1867 3502 2031 3559 quam

456 3595 554 3634 ore
591 3577 937 3649 praeferebat.

528 3672 582 3725 2.
616 3671 728 3744 (98)
764 3670 1051 3727 Venerunt
1079 3670 1377 3741 aliquando
1403 3672 1513 3727 duo
1539 3671 1738 3728 fratres
1766 3674 1833 3728 ad
1865 3673 2034 3728 abba-

460 3773 568 3820 tem
598 3763 840 3831 Pambo;
871 3774 925 3819 et
969 3761 1325 3834 interrogavit
1357 3778 1483 3817 eum
1517 3779 1662 3818 unus
1694 3764 1775 3818 sic
1808 3782 1823 3818 :
1855 3762 2030 3827 Abba,

450 3870 559 3926 ego
596 3870 696 3926 per
730 3854 896 3910 bidua
923 3854 1135 3924 jejuno,
1168 3859 1223 3909 et
1248 3851 1387 3908 duos
1416 3868 1586 3924 panes
1621 3853 1884 3920 comedo;
1917 3868 2034 3909 ser-

458 3962 597 4002 vone
645 3945 885 4000 animam
944 3959 1143 4008 meam,
1196 3958 1267 3999 an
1313 3944 1584 4000 seducor?
1633 3945 1786 4000 Alter
1814 3959 2035 4016 quoque

456 4039 626 4094 dixit:
658 4039 833 4103 Abba,
868 4052 969 4109 ego
996 4036 1064 4092 de
1085 4050 1250 4106 opere
1280 4051 1542 4092 manuum
1588 4050 1836 4092 mearum
1883 4037 2035 4092 exci-

440 4132 547 4201 .pio
576 4130 715 4185 duas
745 4130 976 4200 siliquas
1009 4128 1273 4199 quotidie,
1305 4142 1371 4184 ac
1400 4130 1611 4185 retineo
1638 4143 1813 4199 pauca
1842 4129 1910 4185 ad
1937 4129 2035 4183 ali-

457 4227 722 4282 mentum,
747 4219 956 4288 reliqua
981 4218 1037 4271 in
1057 4219 1462 4290 eleemosynam
1482 4218 1583 4283 do;
1632 4219 1889 4275 salvusne
1913 4234 2031 4285 ero,

459 4311 541 4365 vel
559 4310 748 4380 peribo
762 4309 1042 4379 ?Cumque
1063 4311 1357 4380 plurimum
1375 4319 1629 4368 orassent
1643 4327 1789 4379 eum,
1805 4327 2031 4384 respon-

457 4415 581 4456 sum
610 4414 720 4453 non
746 4399 916 4454 dedit.
946 4397 1078 4453 Post
1105 4409 1345 4470 quatuor
1379 4411 1561 4458 autem
1586 4403 1705 4459 dies
1733 4403 2033 4460 discessuri

438 4506 584 4547 .cum
621 4498 829 4555 essent,
856 4490 1222 4545 hortabantur
1250 4505 1345 4546 eos
1376 4492 1584 4555 clerici,
1613 4494 1716 4549 hoc
1742 4509 2030 4550 sermone:

456 4582 642 4639 Nolite
689 4552 1031 4644 contristari,
1070 4580 1304 4647 fratres;
1363 4580 1507 4637 Deus
1565 4552 1722 4639 vobis
1769 4585 2034 4653 prmbebit
2068 4552 2109 4607 Β

460 4675 798 4731 mercedem:
831 4674 949 4730 haec
987 4683 1075 4729 est
1121 4674 1270 4729 senis
1316 4673 1687 4740 consuetudo;
1724 4690 1834 4730 non
1869 4677 2030 4734 facile

458 4770 722 4839 loquitur,
754 4767 861 4823 nisi
895 4766 1041 4821 Deus
1066 4766 1115 4821 ei
1159 4765 1532 4837 inspiraverit.
1580 4765 2032 4825 lntraverunter-

456 4876 526 4931 go
555 4859 623 4913 ad
645 4875 854 4924 senem,
880 4858 1249 4928 dixeruntque
1274 4859 1324 4914 ei
1349 4877 1362 4912 :
1396 4857 1570 4922 Abba,
1600 4873 1695 4912 ora
1725 4874 1823 4929 pro
1848 4860 2027 4917 nobis.

453 4955 574 5007 Ait:
616 4953 783 5007 Abire
829 4951 1025 5006 vultis?
1065 4950 1427 5021 Respondent
1462 4969 1476 5005 :
1538 4949 1735 5005 Etiam.
1770 4950 1836 5005 Et
1870 4965 2029 5007 assu-

457 5057 611 5098 mens
634 5056 800 5111 Opera
819 5056 1011 5096 eorum
1042 5041 1095 5096 in
1128 5043 1335 5113 seipse,
1370 5042 1731 5112 scribensque
1761 5044 1816 5097 in
1858 5053 2024 5111 terra,

2134 3301 2285 3362 θεὸν,
2320 3300 2414 3353 καὶ
2442 3300 2634 3369 λέγων·
2672 3299 2765 3372 Μὴ
2807 3299 3038 3372 δοξάσῃς
3075 3317 3141 3370 με
3190 3301 3283 3353 ἐπὶ
3325 3305 3423 3373 τῆς
3453 3303 3577 3373 γῆς.
3610 3304 3724 3356 Καὶ

2133 3391 2306 3456 οὕτως
2334 3392 2584 3457 ἐδόξασεν
2609 3392 2773 3445 αὐτὸν
2801 3394 2828 3445 6
2855 3391 3008 3455 Θεὸς,
3036 3391 3178 3445 ὥστε
3209 3393 3283 3464 μὴ
3312 3394 3574 3448 δύνασθαί
3598 3413 3724 3449 τινα

2135 3486 2379 3539 ἀτενίσαι
2413 3486 2492 3548 εἰς
2515 3485 2578 3537 τὸ
2612 3485 2904 3556 πρόσωπον
2930 3483 3119 3548 αὐτοῦ,
3146 3485 3210 3537 ἐκ
3239 3486 3340 3556 τῆς
3366 3486 3524 3559 δόξης
3547 3482 3616 3557 ἦς
3642 3483 3723 3540 εἴ·

2134 3593 2227 3646 χεν
2255 3577 2316 3630 τὸ
2349 3576 2644 3646 πρόσωπον
2680 3575 2870 3629 αὑτοῦ.

2207 3672 2271 3741 β’.
2308 3667 2510 3724 Ἧλθόν
2546 3686 2677 3722 ποτε
2715 3668 2936 3738 ἀδελφοὶ
2963 3670 3004 3700 ³³
3044 3670 3180 3740 πρὸς
3216 3671 3307 3723 τὸν
3348 3669 3521 3725 άόεᾶν
3563 3671 3694 3739 Παμ

2134 3761 2237 3826 ΰὼ,
2277 3762 2373 3815 καὶ
2412 3760 2697 3832 ἠρώτησεν
2730 3761 2892 3814 αὑτὸν
2929 3763 2957 3814 6
2988 3757 3089 3827 εἷς,
3129 3762 3326 3830 λέγων’
3378 3760 3578 3833 Ἀεϐᾶ,
3606 3762 3722 3829 ἐγω

2133 3850 2225 3903 δύο
2265 3848 2360 3903 δύο
2406 3849 2672 3919 νηστεύω,
2727 3850 2821 3904 καὶ
2864 3849 3057 3920 ζεῦγος
3103 3850 3334 3922 ψωμίων
3387 3850 3571 3905 ἐσθίω
3606 3846 3722 3923 ἄρα

2136 3940 2294 4005 σώζω
2316 3940 2417 4010 τὴν
2445 3940 2624 4010 ψυχήν
2657 3957 2784 4010 μου,
2816 3941 2848 4011 ἢ
2878 3940 3208 4012 πλανῶμαι;
3237 3938 3406 3996 Εἶπεν
3427 3942 3484 3995 δὲ
3511 3943 3603 3995 καὶ
3626 3944 3724 3996 ἆλ-

2136 4033 2243 4095 λος·
2288 4031 2474 4093 Ἀ66ᾶ,
2502 4031 2614 4101 ἐγὼ
2637 4032 2893 4086 καταλύω
2917 4036 2979 4086 ὲκ
3008 4034 3104 4088 τοῦ
3143 4035 3459 4108 ὲργοχείρου
3498 4053 3599 4105 μου
3624 4035 3723 4089 δύο

2135 4126 2369 4195 κεράτια
2387 4124 2510 4179 καθ’
2542 4126 2775 4197 ἡμέραν,
2807 4127 2899 4180 καὶ
2927 4127 3115 4199 κρατῶ
3141 4128 3312 4200 μικρὰ
3342 4127 3431 4181 διὰ
3463 4128 3560 4199 τὴν
3593 4145 3720 4199 τρο-

2135 4217 2263 4289 φὴν,
2290 4216 2362 4271 τὰ
2397 4217 2455 4271 δὲ
2485 4217 2619 4272 ἄλλα
2654 4219 2733 4281 είς
2767 4218 2988 4290 ἀγάπην
3019 4218 3232 4289 δίδωμν
3262 4213 3372 4289 ἆρα
3404 4217 3648 4288 σώζομαι
3681 4220 3716 4291 ἢ

2134 4311 2423 4382 ἀπόλωμαι
2444 4327 2458 4376 ;
2485 4312 2662 4365 Πολλὰ
2684 4312 2741 4365 δὲ
2771 4311 3235 4384 παρακαλούντων
3256 4311 3455 4379 αὐτῶν,
3476 4312 3575 4365 οὐκ
3594 4312 3722 4367 ἐδω-

2134 4419 2229 4456 κεν
2270 4403 2585 4473 ἀπόκρισιν.
2630 4404 2784 4458 Μετὰ
2835 4404 2892 4457 δὲ
2938 4406 3208 4476 τέσσαρας
3245 4405 3460 4477 ἡμέρας
3501 4405 3719 4475 ἔχουσιν

2136 4494 2510 4565 ἀναχωρῆσαι,
2544 4496 2638 4548 καὶ
2666 4495 3012 4567 παρεκάλουν
3039 4497 3237 4559 αὐτοὺς
3263 4498 3314 4549 οἱ
3340 4497 3609 4568 κληρικοὶ,
3636 4495 3722 4550 λέ-

2138 4601 2347 4653 γοντες*
2379 4584 2472 4656 Μὴ
2507 4585 2748 4658 θλιὸἦτε,
2796 4586 3032 4656 ἀδελφοί·
3068 4588 3096 4640 ὁ
3135 4587 3268 4652 Θεὸς
3311 4590 3539 4661 παρέχει
3587 4592 3719 4662 ὑμῖν

2135 4678 2228 4730 τὸν
2254 4676 2465 4748 μισθόνο
2489 4676 2663 4741 οὕτως
2697 4679 2845 4732 ἐστὶν
2880 4680 2914 4751 ἡ
2947 4678 3204 4751 συνήθεια
3230 4680 3324 4733 τοῦ
3348 4681 3622 4751 γέροντος
3653 4685 3715 4738 οὐ

2135 4769 2342 4839 ταχέως
2375 4769 2550 4838 λαλεῖ,
2600 4770 2695 4825 ἐὰν
2733 4771 2808 4842 μὴ
2838 4769 3230 4845 πληροφορήσῃ
3275 4772 3438 4826 αὐτὸν
3486 4775 3513 4828 6
3555 4773 3715 4839 Θεός.

2137 4860 2398 4931 Είσῆλθον
2448 4858 2542 4915 οὖν
2592 4861 2729 4934 πρὸς
2766 4861 2857 4914 τὸν
2895 4863 3155 4932 γέροντα,
3203 4862 3297 4915 κα)⁸
3344 4859 3497 4916 εἷπον
3539 4863 3715 4933 αὐτῷ·

2145 4952 2335 5018 Ἀδδεί,
2371 4949 2525 5019 εὖξαι
2569 4954 2710 5026 ὑπὲρ
2752 4953 2932 5025 ἡμῶν.
2974 4953 3135 5022 Λέγει
3180 4954 3384 5016 αὐτοῖς⁸
3434 4952 3718 5008 Ἀπελθεῖν

2135 5044 2348 5112 θέλετε;
2393 5046 2656 5115 Λέγουσι*
2703 5045 2833 5099 Ναί.
2876 5045 2989 5098 Καὶ
3020 5045 3306 5101 ἀναλαϐὼν
3350 5045 3450 5110 τὰς
3484 5045 3719 5117 πράξεις

442 5135 621 5189 dixit:
653 5132 860 5187 Pambo
918 5148 1013 5203 per
1037 5133 1201 5188 bidua
1230 5134 1465 5203 jejunat,
1496 5144 1550 5189 et
1571 5135 1710 5189 duos
1737 5149 1907 5205 panes
1941 5150 2030 5190 co-

2143 5138 2311 5193 ιύτῶν
2334 5141 2390 5191 ὲν
2418 5138 2617 5213 ἑαυτῷ,
2644 5138 2872 5211 γράφων
2902 5137 2995 5190 ἐπὶ
3032 5138 3130 5208 τὴν
3156 5139 3285 5210 γῆν,
3314 5137 3517 5208 ἔλεγεν·
3554 5139 3721 5210 Παμ·

456 5224 658 5288 medit;
705 5233 860 5279 estne
884 5224 936 5277 in
967 5224 1071 5277 hoc
1102 5224 1439 5278 monachus?
1469 5223 1607 5279 Non.
1657 5226 1786 5282 Item
1819 5225 2025 5284 Pambo

526 5378 569 5409 ²⁹
600 5376 681 5429 Al.
709 5377 802 5429 καὶ
827 5376 922 5440 ὠς.
1002 5377 1045 5408 ⁸⁸
1077 5374 1135 5432 F.
1178 5378 1302 5449 τρία
1349 5378 1538 5433 ταῦτα.

528 5492 636 5565 (96)
686 5490 801 5565 Vit.
821 5490 1055 5565 Patr.ip.
1101 5498 1258 5558 1000,
1301 5514 1354 5551 η.
1390 5499 1441 5551 αἱ.

528 5560 638 5624 (97)
682 5565 739 5617 [ι.
777 5560 934 5619 Joan.
961 5560 1149 5620 Geom.
1187 5567 1387 5620 Parad.
1419 5568 1511 5621 2t).

530 5633 641 5701 (98)
695 5633 796 5686 Vit.
825 5634 971 5689 Patr.
1001 5653 1054 5695 χ.
1088 5638 1177 5690 65.

526 5705 634 5781 (99)
685 5704 1055 5784 ἘχρήσαἽο
1084 5704 1494 5784 τῇὴἀποτομίᾳε
1534 5706 1589 5761 In
1637 5709 2015 5784 a_ntiqut1_ver-

2132 5229 2211 5282 ϐὼ
2267 5230 2359 5282 δύο
2390 5231 2483 5283 δύο
2523 5230 2818 5302 νηστεύων,
2864 5228 2958 5283 καὶ
2994 5227 3189 5298 ζεῦγος
3223 5231 3418 5285 ἐσθίων
3454 5231 3714 5303 ψωμίων·

1642 5380 1678 5411 ³¹
1717 5382 1797 5434 Al.
1828 5383 1991 5436 inser.
2042 5383 2154 5435 δύο.

2128 5501 2524 5567 indiscretione,
2559 5511 2653 5558 aut
2673 5503 3028 5562 districtione.

2206 5571 2782 5648 (1)·Ἐδιδὰχθημεν,
2816 5575 3064 5648 Magnam
3115 5577 3370 5632 lacunam
3417 5577 3571 5648 Regii
3615 5593 3720 5632 co-

2126 5640 2264 5696 dicis
2298 5640 2577 5717 hic_laceri
2600 5640 2869 5716 complevi
2900 5640 2995 5717 per
3017 5646 3419 5717 Colbertinum,
3447 5640 3717 5704 nimirum

2120 5725 2298 5789 usque
2336 5713 2404 5767 ad
2431 5714 2647 5769 initium
2683 5713 2809 5788 cap.
2844 5713 2932 5785 ff,
2959 5716 3037 5772 De
3084 5716 3319 5785 Pambo,
3356 5719 3522 5775 verbo
3560 5718 3720 5789 ὀφεί-

456 5775 629 5841 sioné,
680 5777 763 5829 usi
792 5783 912 5829 sunt
956 5776 1285 5830 discretione.
1343 5775 1447 5832 Sed
1480 5775 2016 5849 legendumvidetur
2127 5775 2328 5838 λουσιν.

3980 1190 3985 1197 λ
4010 1190 4028 1202 ει

3979 1260 4017 1303 τς

3979 1349 4005 1379 ι-
4022 1352 4028 1370 τ

3990 1370 4028 1385 οδε

3980 1444 4028 1493 τῖε

3980 1536 4028 1555 ην

3985 1558 4028 1589 ἡ

3998 1628 4028 1637 μ

3986 1640 4028 1660 2...;

3982 1722 4028 1754 ξπ

4026 1800 4028 1807 .

3980 1813 4028 1848 ra,

3984 1890 3989 1897 .
4016 1894 4019 1897 η

3984 1908 3991 1921 Ἴ
4003 1908 4021 1919 ho

3983 1928 3995 1937 ⁸
4009 1932 4025 1941 ’κο

3983 1980 4023 2011 ⁵...

3984 2014 4009 2029 ιι
