4032 6338
248 367 359 423 369

1375 370 1983 429 APOPHTIIEGMATA
2026 365 2336 424 PATRUM.

3381 347 3507 406 37W
3518 350 3525 357 ’

255 485 365 559 ἆρα
413 489 469 541 ὲν
518 486 694 559 τούτῳ
743 490 950 557 fverat
993 491 1252 561 μοναχοῦς;
1289 493 1443 563 Οὐχί.
1482 495 1593 548 Kal.
1620 492 1834 565 Παμσὼ

1937 497 2196 562 operatur
2220 489 2276 544 in
2303 488 2391 543 die
2420 486 2486 540 ad
2506 485 2644 539 duas
2669 484 2920 554 siliquas,
2941 498 3145 555 easque
3167 483 3260 537 dat
3284 483 3337 538 in
3362 488 3508 539 elee-

253 579 549 652 ἐργάζεται
577 579 672 632 δύο
692 580 963 651 κεραιίων
986 581 1046 646 ’⁸,
1071 580 1166 636 καὶ
1191 582 1403 657 δίδωσιν
1423 585 1559 649 αὐτὰ
1585 586 1827 658 ἀγάπην·

253 667 366 743 ἄρα
402 674 459 724 ὲν
492 670 668 743 τούτῳ
709 672 916 740 γίνεται
952 675 1214 744 μοναχός;
1250 675 1420 731 οὔπω.
1453 674 1619 730 Εἶπεν
1648 677 1706 731 δὲ
1738 679 1832 730 καὶ

255 763 458 826 αὐτοῖς’
497 761 677 815 Καλαὶ
714 763 812 832 μὲν
847 764 904 816 at
943 762 1190 834 πράξεις·
1235 765 1326 819 ἐὰν
1368 766 1424 819 δὲ
1458 767 1699 839 φυλάξῃς
1734 768 1831 839 τὴν

257 854 562 925 συνείδησιν
601 855 710 909 ἀπὸ
743 856 840 909 τοῦ
876 857 1105 927 πλησίον
1151 875 1266 923 σου,
1311 859 1485 923 οὕτως
1518 860 1685 931 σώζῃ.
1724 862 1832 915 Καὶ

257 946 764 1018 πληροφορηθέντες
787 947 1028 1018 ἀπῆλθον
1058 950 1197 1019 μετά
1217 953 1409 1023 χαρᾶς.

325 1038 395 1106 γ’.
430 1037 745 1109 Παρέϐαλόν
777 1056 909 1093 ποτε
939 1040 1202 1113 τέσσαρες
1234 1042 1538 1113 Σκητιῶται
1561 1042 1639 1113 τῷ
1666 1044 1833 1113 μεγά-

252 1129 330 1200 λῳ
362 1128 591 1200 [Iachi),
617 1129 914 1202 φοροῦντες
938 1132 1206 1203 δέρματα,
1239 1134 1334 1187 καὶ
1358 1134 1677 1207 ἀνήγγειλεν
1703 1136 1833 1189 ἒκα-

254 1236 381 1283 στος
400 1219 498 1291 τὴν
522 1222 723 1292 ἀρετὴν
756 1220 845 1275 τοῦ
862 1223 1082 1295 ἑταίρου
1105 1225 1270 1278 αὑτοῦ
1296 1227 1360 1270 "-
1383 1226 1443 1279 '0
1468 1226 1567 1296 μὲν
1597 1221 1677 1291 εἷς
1707 1228 1832 1298 ἐνή-

254 1324 445 1361 στευεν
484 1309 674 1364 πολλά·
710 1313 737 1364 6
773 1310 1029 1383 δεύτερος
1054 1313 1318 1383 ἀκτήμων
1347 1308 1437 1384 ἦν*
1468 1315 1563 1369 καὶ
1592 1317 1620 1369 6
1652 1316 1831 1386 τρίτος

254 1402 526 1501 ἐκτήσατο
576 1400 779 1473 πολλὴν
819 1403 1060 1473 ἀγάπην·
1108 1404 1326 1472 λέγουσι
1369 1407 1464 1459 καὶ
1487 1405 1534 1437 ³⁸
1566 1406 1696 1477 περὶ
1735 1405 1831 1459 τοῦ

252 1493 538 1563 τετάρτου,
557 1493 641 1547 ὅτι
661 1493 836 1547 εἴκοσι
860 1493 953 1547 δύο
978 1494 1075 1563 ἐτη
1100 1494 1212 1565 ἔχει
1238 1497 1295 1548 ὲν
1320 1496 1532 1567 ὑπακοῇ
1556 1498 1829 1568 γέροντος.

267 1583 563 1652 Ἀπεκρίθη
609 1585 792 1647 αὐτοῖς
832 1587 861 1637 6
905 1583 1080 1648 assa;
1124 1584 1359 1655 Παμ6ώ’
1396 1586 1554 1654 Λέγω
1601 1587 1751 1657 ὑμῖν,
1796 1591 1829 1658 ὴ

252 1674 427 1743 ἀρετὴ
464 1676 654 1729 τούτου
688 1676 891 1746 μείζων
923 1678 1092 1731 ἐστίν.
1134 1677 1409 1741 ’Ἕκαστος
1444 1677 1556 1749 γὰρ
1584 1677 1738 1749 ὑμῶν
1765 1679 1834 1750 ἣν

250 1766 457 1837 ἀρετὴν
490 1768 774 1838 ἐκτήσατο,
816 1768 1084 1839 θελήματι
1114 1767 1278 1821 αὐτοῦ
1318 1769 1642 1839 ἐκράτησεν·
1677 1765 1833 1835 οὗτος

1934 596 2254 654 mosynam;
2318 594 2388 633 an
2444 577 2499 631 in
2557 577 2660 630 hoc
2716 575 3021 631 monachus
3083 574 3174 628 ﬁt?
3228 573 3503 629 Nondum.

1932 674 2178 745 Adjecit:
2206 672 2353 726 Bona
2385 668 2602 741 quidem
2628 675 2757 724 sunt
2784 683 2846 723 ea
2881 682 3077 737 opera;
3110 668 3203 722 sed
3232 668 3278 721 si
3313 674 3506 722 custo-

1932 768 2102 823 dieris
2130 764 2523 820 conscientiam
2554 776 2680 832 erga
2711 760 3043 830 proximum,
3071 758 3144 811 ita
3176 758 3501 813 servaberis.

1934 858 2036 921 Illi,
2075 864 2266 924 utpote
2292 853 2495 923 quibus
2528 850 2728 906 factum
2762 858 2908 906 esset
2942 851 3100 915 satis,
3132 849 3505 904 discesserunt

1934 960 2056 1000 cum
2091 944 2310 1015 gaudio.

2003 1037 2058 1091 ‘5.
2090 1036 2167 1105 ('5)
2204 1035 2576 1090 Accesserunt
2605 1039 2843 1103 quatuor
2876 1031 3131 1088 Scetiotae
3155 1033 3221 1087 ad
3249 1048 3504 1103 magnum

1933 1127 2158 1193 Pambo,
2189 1128 2369 1182 induti
2414 1127 2678 1197 pellibus;
2715 1134 2771 1179 et
2819 1125 3082 1181 indicavit
3125 1126 3509 1197 unusquisque

1933 1218 2190 1274 virtutem
2226 1218 2363 1273 socii
2413 1216 2521 1273 sui.
2555 1215 2707 1273 Unus
2741 1217 2962 1287 quidem
3010 1217 3296 1287 jejunabat
3339 1219 3509 1288 pluri-

1933 1324 2115 1374 mum;
2172 1309 2451 1364 secundus
2501 1308 2639 1362 nihil
2692 1307 3033 1378 possidebat;
3083 1309 3281 1364 tertius
3336 1309 3507 1363 multa

1933 1401 2202 1456 charitate
2229 1410 2347 1456 erat
2373 1401 2660 1471 prazditus.
2690 1400 2861 1455 Aiunt
2893 1407 3073 1454 autem
3104 1401 3171 1455 de
3196 1410 3416 1471 quarto,
3440 1404 3509 1456 ab

1933 1491 2094 1546 annis
2116 1490 2309 1560 viginti
2338 1491 2557 1546 duobus
2589 1490 2643 1543 in
2676 1489 2985 1545 obedientia
3016 1489 3164 1544 senis
3192 1491 3507 1559 persistere.

1934 1582 2236 1654 Respondit
2263 1583 2343 1637 eis
2372 1582 2542 1637 abbas
2577 1579 2814 1635 Pambo:
2850 1580 2983 1635 Dico
3027 1582 3207 1645 vobis,
3244 1583 3505 1650 postremi

1934 1674 2099 1744 hujus
2138 1673 2316 1729 virtus
2362 1672 2540 1742 major
2578 1678 2688 1727 est.
2747 1670 3002 1728 Vestrum
3047 1672 3194 1728 enim
3249 1671 3504 1740 quisque,

1928 1770 2097 1836 quam
2130 1765 2388 1820 virtutem
2422 1764 2654 1827 obtinet,
2706 1763 2986 1817 voluntate
3019 1776 3117 1818 sua
3167 1768 3509 1817 consecutus

250 1858 310 1911 δὲ
337 1858 400 1911 τὸ
424 1858 639 1929 θέλημα
661 1858 826 1913 αὑτοῦ
853 1860 1046 1929 κόψας,
1088 1859 1248 1913 ἄλλου
1279 1862 1423 1913 ποιεῖ
1446 1860 1678 1930 θέλημα.
1711 1863 1832 1915 Τοι-

1937 1866 2052 1924 est;
2096 1857 2185 1911 hic
2220 1870 2350 1911 vero
2396 1854 2643 1910 abscissa
2676 1854 2900 1924 propria
2947 1854 3250 1919 voluntate,
3282 1853 3508 1908 alterius
3560 1898 3563 1903 λ

248 1948 401 2003 οὗτοι
420 1951 529 2021 γάρ
557 1951 766 2023 ἄνδρες,
805 1951 1133 2022 ὁμολογηταί
1173 1955 1332 2017 εἰσιν,
1369 1951 1461 2005 ὲάν
1490 1955 1568 2015 είς
1594 1953 1653 2006 τὸ
1680 1954 1831 2018 τέλος

254 2043 586 2112 φυλάξωσιν.

322 2240 387 2293 6'.
432 2239 615 2303 Ὀσίας
664 2241 886 2312 μνήμης
949 2242 1265 2307 Ἀθανάσιος
1315 2243 1344 2295 6
1402 2243 1834 2315 ἀρχιεπίσκοπος

260 2328 671 2401 Ἀλεξανδρείας
724 2331 1095 2403 παρεκάλεσεν
1151 2331 1241 2386 τὸν
1297 2332 1470 2386 ἀὸϐᾶν
1523 2332 1734 2404 Παμϐὼ
1756 2333 1830 2406 (2)

249 2421 538 2475 κατελθεῖν
583 2424 647 2475 ὲκ
691 2422 789 2493 τῆς
827 2424 1038 2494 ἐρήμου
1091 2423 1184 2477 ἐπὶ
1232 2422 1332 2495 τὴν
1403 2424 1830 2495 Ἀλεξάνδρειαν.

252 2512 552 2569 Κατελθὼν
578 2514 656 2580 δὲ,
695 2515 787 2568 καὶ
825 2514 949 2569 ἰδὼν
975 2517 1093 2569 ἐκεῖ
1118 2518 1351 2585 γυναῖκα
1374 2515 1685 2589 θεατρικὴν,
1717 2518 1835 2570 σύν-

248 2604 458 2675 δακρυς
491 2606 728 2675 ἐγένετο.
761 2606 883 2659 Τῶν
919 2607 976 2661 δὲ
1011 2608 1278 2662 συνόντων
1314 2607 1653 2679 πυθομένων,
1690 2608 1833 2661 διατί

250 2700 574 2771 ἐδάκρυσενο
603 2699 706 2753 Δύο
730 2717 819 2770 με,
849 2699 976 2771 ἔφη,
1002 2701 1311 2771 κεκίνηκεν·
1334 2701 1391 2753 ἒν
1412 2701 1535 2772 μὲν,
1566 2701 1835 2771 ἡέκείνης

252 2791 522 2845 ἀπώλεια·
565 2792 752 2864 ἕτερον
791 2793 867 2856 δὲ,
917 2793 1000 2846 ὅτι
1043 2793 1105 2846 ού
1149 2792 1405 2863 τοιαύτην
1448 2792 1683 2864 σπουδὴν
1726 2792 1835 2864 ἔχω

253 2883 392 2954 πρὸς
415 2883 477 2937 τὸ
496 2885 693 2955 ἀρέσαι
725 2885 804 2956 τῷ
831 2884 969 2955 Θεῷ,
999 2886 1123 2940 ὅσον
1151 2885 1289 2956 αὕτη
1313 2885 1401 2938 ἵνα
1428 2884 1602 2959 ἀρέσῃ
1622 2884 1825 2956 ἀνθρὼ-

252 2993 379 3038 ποις
406 2976 677 3046 αἰσχροῖς.

322 3073 386 3120 ε’.
426 3062 597 3119 Εἶπεν
621 3068 650 3120 6
674 3065 848 3129 ἀὸὃᾶς
882 3065 1114 3136 Παμὸὼ,
1163 3066 1245 3119 ὃτι
1279 3068 1377 3120 Διά
1414 3066 1504 3120 τὸν
1537 3067 1697 3132 Θεὸν,
1740 3068 1832 3138 ἀφ’

1933 1949 2199 2003 voluntati
2236 1947 2593 2017 obtemperat.
2628 1945 2790 2001 Tales
2830 1946 3035 2015 quippe
3067 1944 3193 2009 viri,
3229 1944 3511 1999 confesso;-

1934 2054 2022 2095 res
2068 2046 2218 2102 sunt,
2254 2039 2301 2094 si
2336 2054 2512 2109 usque
2560 2040 2625 2093 ad
2674 2038 2832 2091 linem
2869 2034 3183 2107 hujusmodi
3211 2035 3509 2091 observan-

1933 2132 2069 2186 tiam
2096 2131 2400 2187 tenuerint.

2001 2246 2054 2301 4.
2098 2246 2173 2318 (4)
2198 2245 2414 2301 Sanctae
2442 2245 2721 2301 memoriae
2736 2243 3075 2298 Athanasius
3106 2240 3511 2297 Alexandrinus

1934 2337 2382 2408 archiepiscopus
2419 2336 2634 2407 rogavit
2661 2336 2910 2391 abbatem
2942 2332 3170 2400 Pambo,
3199 2341 3259 2387 ut
3290 2333 3356 2388 de
3386 2348 3505 2387 ere-

1935 2443 2022 2481 mo
2052 2428 2410 2483 descenderet
2438 2428 2846 2483 Alexandriam.
2882 2424 2933 2482 ls
2955 2441 3079 2482 cum
3106 2424 3506 2488 descendisset,

1936 2520 2167 2575 intuitus
2199 2520 2314 2574 illic
2364 2521 2650 2575 mulierem
2686 2518 3036 2583 theatricam,
3079 2517 3505 2588 collacrymavit.

1934 2610 2183 2680 Cumque
2235 2612 2667 2681 interrogassent
2703 2611 2795 2681 qui
2822 2610 3073 2673 aderant,
3110 2624 3208 2663 cur
3236 2609 3507 2679 laeryma-

1934 2704 2022 2751 tus
2078 2698 2323 2754 luisset:
2380 2700 2516 2765 Duo,
2561 2699 2759 2769 inquit,
2809 2714 2895 2753 me
2942 2699 3274 2769 adegerunt;
3314 2715 3505 2759 unum,

1934 2789 2166 2860 perditio
2189 2789 2467 2855 mulieris;
2504 2789 2760 2854 alterum,
2791 2792 2918 2859 quia
2946 2799 3161 2845 tantum
3186 2806 3294 2844 non
3331 2790 3511 2863 habeo

1936 2881 2177 2936 studium
2202 2882 2451 2954 placendi
2480 2882 2610 2948 Deo,
2647 2890 2913 2954 quantum
2949 2882 3063 2937 hate
3098 2889 3157 2936 ut
3192 2882 3506 2937 hominibus

1935 2974 2187 3045 turpibus
2211 2975 2442 3044 placeat.

2007 3067 2059 3121 5.
2101 3064 2396 3121 Prolessus
2425 3074 2509 3122 est
2540 3066 2710 3121 abbas
2756 3065 2995 3120 Pambo:
3046 3065 3236 3121 Gratia
3283 3066 3399 3133 Dei,
3444 3086 3517 3124 ex

249 3151 315 3212 οὗ
337 3157 722 3229 ἀπεταξάμην,
741 3159 802 3210 οὐ
821 3157 1198 3230 μετεμελήθην
1217 3158 1310 3211 ἐπὶ
1335 3158 1479 3231 λόγῳ
1501 3152 1545 3228 ᾧ
1572 3159 1830 3232 ἐλάλησα.

1939 3171 2049 3227 quo
2076 3159 2386 3214 renuntiavi
2427 3159 2647 3225 sazculo,
2687 3173 2794 3213 non
2832 3158 3088 3230 paenituit
3119 3174 3203 3214 me
3236 3161 3525 3217 sermonis.

326 3358 405 3418 ς’.
458 3347 626 3406 Εἶπεν
670 3349 850 3417 πάλιν,
890 3349 974 3403 ὅτι
1015 3349 1259 3404 τοιοῦτον
1299 3350 1330 3403 6
1375 3349 1605 3421 μοναχος
1633 3350 1836 3421 ὀφείλει

252 3448 446 3518 φορεῖδ
488 3445 723 3516 ἱμάτιον,
764 3445 904 3499 ὥστε
942 3444 1159 3516 βάλλειν
1197 3444 1330 3498 αὐτὸ
1361 3442 1466 3508 ἔξω
1496 3443 1591 3498 τοῦ
1621 3444 1834 3498 κελλίου

251 3538 425 3592 αὑτοῦ
453 3538 545 3591 ἐπὶ
571 3539 720 3608 τρεῖς
743 3539 978 3609 ἡμέρας,
1003 3536 1097 3591 καὶ
1123 3535 1312 3607 μηδεὶς
1339 3535 1478 3609 λάϐῃ
1506 3537 1671 3593 αὐτό.

326 3651 394 3716 ζ’.
438 3650 684 3719 Ἐγένετό
713 3668 843 3704 ποτε
874 3651 964 3704 τὸν
1001 3649 1175 3703 ἀ66ᾶν
1214 3648 1423 3720 Παμϐὼ
1463 3649 1666 3702 ὁδεύειν
1698 3649 1837 3720 μετά

252 3740 508 3809 ἀδελφῶν
532 3742 611 3803 είς
635 3741 705 3794 τὰ
732 3740 875 3812 μέρη
902 3742 1001 3810 τῆς
1026 3737 1324 3807 Αἰγύπτουο
1356 3738 1449 3792 καὶ
1488 3737 1610 3792 ἰδὼν
1637 3755 1835 3810 κοσμι-

254 3836 392 3896 κοὺς
431 3832 790 3904 καθημένους,
828 3831 976 3900 λέγει
1011 3832 1215 3893 αὐτοῖς’
1269 3828 1625 3894 Ἀναστάντες
1655 3832 1836 3885 ἀσπά-

257 3924 431 3978 σασθε
462 3925 587 3987 τοὺς
621 3925 888 3995 μοναχοὺς
909 3964 924 3991 ,
961 3924 1047 3977 ἵνα
1082 3921 1427 3993 εύλογηθῆτε·
1465 3922 1703 3994 συνεχῶς
1729 3922 1837 3994 γὰρ

251 4014 336 4086 τῷ
368 4013 489 4084 Θεῷ
514 4013 753 4079 λαλοῦσι,
792 4013 886 4068 καὶ
920 4013 988 4067 τὰ
1021 4012 1264 4083 στόματα
1295 4013 1475 4068 αὐτῶν
1503 4014 1636 4083 ἀγιὰ
1667 4015 1835 4066 ἐστιν.

328 4222 400 4287 η’.
442 4216 783 4287 Διηγήσαντο
810 4216 938 4284 περὶ
970 4213 1063 4269 τοῦ
1087 4213 1234 4269 άὸὅᾶ
1262 4214 1492 4287 Παμὸὼ,
1533 4216 1615 4269 ὅτι
1652 4216 1841 4269 τελευ-

252 4308 387 4371 τῶν,
442 4309 560 4361 κατ’
606 4307 772 4379 αὐτὴν
805 4307 903 4379 τὴν
936 4307 1084 4379 ὤραν
1120 4307 1215 4361 τοῦ
1249 4306 1505 4375 θανάτου,
1547 4303 1698 4360 εἶπεν
1726 4308 1838 4370 τοῖς

255 4400 606 4472 παρεστῶσιν
635 4398 784 4470 αὐτῷ
815 4399 991 4467 ἁγίοις
1022 4397 1300 4470 ἀνδράσιν,
1334 4400 1414 4452 ὃτι
1449 4399 1565 4470 Ἀφ’
1594 4394 1655 4454 οὗ
1676 4395 1838 4472 ἦλθον

1938 3263 2100 3318 quem
2139 3247 2482 3318 protulerim.

2007 3358 2062 3413 6.
2092 3359 2171 3431 (5)
2219 3358 2367 3413 Dixit
2426 3360 2660 3414 iterum:
2716 3357 2995 3427 Ejusmodi
3047 3332 3249 3417 vestem
3300 3375 3514 3432 gestare

1932 3450 2099 3507 debet
2124 3450 2450 3513 monachus,
2476 3458 2534 3504 ut
2563 3454 2609 3505 si
2649 3450 2937 3520 projecerit
2965 3467 3086 3508 eam
3112 3465 3264 3509 extra
3296 3456 3508 3519 cellam,
3540 3506 3541 3509 η

1939 3551 2036 3612 per
2059 3551 2170 3598 tres
2199 3541 2338 3608 dies,
2375 3557 2533 3597 nemo
2562 3543 2738 3596 tollat.

2010 3655 2061 3708 '7.
2099 3654 2173 3724 (6)
2209 3630 2450 3726 Contigit
2495 3654 2813 3725 aliquando,
2869 3664 2927 3709 ut
2955 3656 3124 3711 abbas
3160 3654 3365 3711 Pambo
3386 3673 3509 3711 cum

1939 3745 2202 3801 fratribus
2233 3746 2338 3800 iter
2376 3745 2580 3800 faceret
2607 3746 2661 3800 in
2697 3747 2948 3816 partibus
2982 3745 3232 3818 Egypti;
3277 3761 3547 3817 cumque~

1936 3838 2166 3893 vidisset
2202 3838 2497 3893 smculares
2536 3838 2684 3893 viros
2727 3840 3178 3904 sedentes,'dixit
3231 3840 3347 3895 eis:
3379 3836 3512 3892 Sur-

1935 3929 2068 3999 gite,
2095 3930 2397 3986 monachos
2433 3931 2687 3993 salutate,
2723 3940 2782 3985 ut
2820 3931 3214 3986 benedicamini
3250 3950 3262 3985 :
3294 3931 3513 3986 assidue

1936 4019 2083 4074 enim
2110 4034 2234 4074 cum
2268 4018 2380 4074 Deo
2408 4020 2726 4089 loquuntur,
2757 4027 2920 4089 atque
2956 4034 3053 4074 ora
3104 4034 3292 4074 eorum
3319 4028 3512 4074 sancta

1938 4118 2086 4167 sunt.
2176 4171 2191 4195 κ

2007 4225 2059 4280 8.
2107 4225 2184 4296 (7)
2238 4224 2612 4280 Narraverunt
2634 4222 2702 4278 de
2729 4224 2923 4280 abbate
2958 4223 3184 4289 Pambo,
3215 4225 3361 4296 quod
3396 4241 3514 4281 mo—

1937 4319 2107 4381 riens,
2143 4318 2261 4388 ipsa
2284 4318 2479 4373 mortis
2509 4318 2645 4373 hora
2686 4316 2885 4373 dixerit
2928 4317 3272 4388 adstantibus
3306 4320 3515 4376 sanctis

1938 4407 2104 4464 viris:
2136 4386 2212 4461 Ex
2238 4421 2349 4477 quo
2380 4414 2626 4477 tempore
2667 4407 2788 4462 veni
2820 4407 2873 4461 in
2905 4386 3405 4464 huncpsolitudinis
3436 4408 3514 4463 lo-

249 4494 340 4557 είς
372 4492 466 4545 τὸν
482 4492 649 4545 τόπον
669 4492 857 4545 τοῦτον
880 4492 977 4563 τῆς
999 4493 1227 4565 ἐρήμου,
1257 4492 1349 4545 καὶ
1379 4492 1704 4564 ᾠκοδόμησὰ
1735 4509 1834 4563 μου

1941 4516 2092 4564 cum,
2123 4515 2412 4571 meamque
2436 4499 2631 4554 cellam
2674 4500 2942 4563 exstruxi,
2976 4514 3039 4553 ac
3072 4498 3308 4553 habitavi
3342 4499 3395 4553 in
3426 4515 3511 4563 ea,

250 4586 361 4657 τὴν
385 4584 603 4649 κέλλαν,
637 4584 731 4637 καὶ
775 4584 970 4654 οἵκησα
1016 4586 1073 4637 ὲν
1114 4584 1273 4655 αὐτῇ,
1312 4584 1467 4646 ἐκτὸς
1498 4584 1606 4637 τῶν
1638 4584 1837 4655 χειρῶν

250 4696 365 4749 μου
402 4678 465 4729 οὐ
510 4676 795 4747 μέμνημαι
835 4678 1000 4746 ἄρτον
1040 4675 1251 4745 φαγὼν,
1291 4675 1412 4730 οὐδὲ
1452 4676 1835 4748 μεταμεμέλη-

249 4787 360 4841 μαι
398 4768 492 4822 ἐπὶ
531 4767 674 4839 λόγῳ
710 4762 755 4836 ᾧ
787 4768 1044 4839 ἐλάλησα,
1085 4768 1191 4832 ἕως
1226 4770 1326 4841 τῆς
1363 4769 1487 4843 ἄρτι.
1525 4769 1692 4840 ὥρας.
1729 4772 1839 4824 Καὶ

248 4862 432 4926 οὕτως
464 4861 776 4931 ἀπέρχομαι
807 4861 946 4931 πρὸς
976 4861 1068 4913 τὸν
1094 4861 1249 4927 Θεὸν,
1274 4861 1351 4926 ὡς
1372 4862 1507 4932 μηδὲ
1532 4861 1839 4933 ἀρξάμενος

247 4952 375 5023 Θεῷ
403 4952 693 5006 δουλεύειν.

324 5042 393 5098 θ’.
431 5043 603 5097 Τοῦτο
636 5043 693 5097 δὲ
731 5039 876 5114 εἶχεν
915 5043 1054 5117 ὑπὲρ
1098 5043 1352 5109 πολλοὺς,
1386 5043 1468 5097 ὄτι
1499 5045 1548 5096 εὶ
1580 5044 1838 5115 ἠρωτήθη

241 5135 413 5202 λόγον
429 5136 698 5216 γραφικὸν
720 5135 753 5205 ἢ
776 5137 1164 5207 πνευματικὸν,
1185 5138 1287 5192 οὐκ
1305 5135 1638 5209 ἀπεκρίνατο
1655 5136 1837 5203 εὐθὺς,

1943 4608 2052 4647 non
2072 4590 2296 4647 memini
2322 4605 2409 4646 me
2458 4590 2745 4645 comedere
2792 4603 2983 4659 panem
3025 4588 3133 4643 nisi
3168 4587 3357 4642 labore
3401 4604 3515 4641 ma-

1942 4698 2110 4739 nuum
2140 4697 2385 4738 mearum
2411 4689 2664 4751 partum;
2699 4694 2799 4733 uec
2838 4694 2924 4733 me
2952 4678 3208 4747 pmnituit
3242 4679 3544 4733 sermonis-

1940 4791 2100 4847 quem
2127 4776 2344 4831 locutus
2375 4773 2593 4836 fuerim,
2638 4785 2812 4839 usque
2856 4769 2911 4822 in
2962 4768 3103 4822 hanc
3154 4768 3363 4822 horam.
3422 4767 3515 4822 Sic

1941 4874 2127 4922 tamen
2158 4866 2476 4936 proﬁciscor
2511 4861 2579 4917 ad
2605 4859 2772 4916 Deum
2798 4898 2813 4923 ,
2865 4858 3139 4929 quomodo
3168 4857 3261 4928 qui
3288 4872 3388 4914 nec
3412 4858 3513 4912 ini-

1939 4958 2075 5010 tium
2111 4956 2327 5011 fecerim
2350 4953 2461 5009 Deo
2481 4951 2774 5008 serviendi.

2017 5047 2070 5101 9.
2120 5046 2195 5115 (8)
2233 5044 2345 5099 lloc
2376 5052 2555 5098 autem
2598 5042 2786 5096 habuit
2820 5054 2985 5110 supra
3034 5038 3261 5103 multos,
3292 5037 3437 5109 quod
3467 5038 3512 5092 si

1945 5139 2317 5206 interrogatus
2370 5136 2566 5191 fuisset
2618 5148 2925 5190 sermonem
2982 5146 3045 5186 ex
3096 5131 3377 5201 Scriptura
3434 5132 3517 5185 vel

328 5294 374 5325 "
402 5294 486 5348 Al.
516 5294 763 5365 κεράτια.
833 5294 879 5327 ³³
909 5294 993 5348 Al.
1025 5293 1119 5347 τοῦ
1148 5293 1334 5366 ἐτέρου
1383 5294 1678 5360 πολιτείαν,
1712 5293 1786 5367 μὴ
1824 5295 2085 5366 παρόντος
2139 5294 2326 5349 αὑτοῦ.
2404 5295 2449 5327 ³⁸
2481 5295 2564 5348 Al.
2597 5293 2672 5347 δέ.

327 5448 406 5517 (2)
453 5450 563 5501 Τὸν
581 5446 773 5519 ᾀόὄᾶν
798 5447 1029 5519 ιΙαμόώ.
1052 5447 1243 5503 Simile
1261 5448 1424 5504 habet
1444 5447 1683 5519 Joannes
1700 5449 1839 5505 Geo-

242 5519 539 5589 metrarde
581 5518 898 5583 Carinone;
934 5526 1030 5573 aut
1071 5526 1131 5574 ut
1187 5519 1413 5589 corrigit
1453 5518 1720 5576 Meursius
1769 5520 1838 5572 ad

246 5588 930 5661 Palladium,_Cronione;
976 5604 1075 5646 seu
1105 5588 1253 5661 quod
1296 5588 1510 5647 minore
1538 5589 1839 5645 mutatione

240 5666 559 5723 constaret,
585 5658 841 5720 Carione.

321 5730 402 5797 (3)
454 5727 563 5783 Vit.
589 5726 746 5785 Patr.
779 5744 894 5796 XIV,
922 5730 980 5783 7.

322 5800 404 5859 ﬂ)
456 5798 562 5854 Vit.
594 5798 747 5853 Patr.
791 5816 869 5865 ιιι,
917 5800 1016 5870 H;
1061 5800 1218 5857 Joan.
1253 5803 1439 5859 Geom.
1489 5799 1691 5854 Parad.
1732 5801 1841 5865 5i;

1940 5449 2199 5506 Socrates
2227 5464 2299 5515 tv,
2334 5449 2426 5502 23.

2011 5520 2087 5589 (5)
2128 5519 2311 5589 Supra
2340 5516 2913 5589 lsaaciCell._Ap_oph.
2953 5515 3054 5589 ult.

2009 5581 2085 5653 (63
2139 5581 2242 5641 Vri.
2280 5586 2433 5640 Patr.
2471 5602 2606 5646 xvu,
2643 5587 2699 5639 ll
2725 5581 2928 5653 ;.loan.
2960 5585 3148 5644 Geom.
3183 5581 3381 5638 Parad.
3419 5581 3545 5641 85..

2008 5656 2083 5727 (7)
2134 5657 2240 5711 Vit.
2271 5656 2425 5727 Ifatr.
2459 5656 2777 5727 t,16;_vtlt,
2812 5657 2897 5713 10.

2006 5725 2083 5798 (8)
2137 5727 2238 5781 Vit.
2278 5725 2433 5781 Patr.
2468 5740 2586 5792 vttt,
2619 5725 2701 5779 10.
