4032 6338
515 359 622 415 375

1680 361 2023 419 APPENDIX
2062 360 2151 419 AD
2190 365 2621 424 PALLADIUM.‘

3668 362 3772 421 376

514 479 588 533 ita
621 476 832 542 facere,
867 476 964 533 sed
998 474 1182 549 potius
1218 491 1343 532 mea.
1376 483 1503 531 ante
1529 492 1616 532 me
1644 487 1858 549 gestare
1885 520 1899 543 ,
1932 496 1993 535 ac
2021 481 2088 536 de

2201 484 2360 549 abte);
2406 486 2611 545 ποιεῖν,
2657 481 2793 537 άλλά
2840 481 3047 553 μᾶλλον·
3078 480 3145 545 τὰ
3180 479 3292 549 ἐμά
3319 478 3630 553 ἔμπροσθέν
3670 497 3771 551 μου

511 571 647 641 ipsis
683 584 903 635 curare,
936 584 1151 626 uecnon
1191 568 1360 624 Deum
1406 570 1618 637 precari
1664 580 1724 624 ut
1764 572 1896 626 mibi
1942 575 2097 644 igno-

511 671 651 717 seat.
677 660 834 717 Tunc
877 668 1167 731 surgentes
1215 658 1404 717 Patres
1426 701 1440 726 ,
1471 662 1731 718 dixerunt
1764 682 1777 719 :
1816 661 1952 719 Vere
1979 665 2093 721 haec

507 762 598 811 est
628 753 717 809 via
749 753 968 810 salutis.

996 865 1070 921 De
1101 866 1293 921 abbate
1311 866 1611 938 Pityrione.

589 978 700 1048 (l5)
740 976 885 1031 Dixit
932 978 1102 1034 abbas
1144 978 1356 1051 Pityrio
1400 979 1705 1052 discipulus
1736 983 1948 1041 abbatis
1979 984 2091 1038 An-

515 1070 671 1136 tonii,
726 1070 871 1140 quod
926 1070 1020 1140 qui
1083 1071 1201 1126 vult
1251 1073 1523 1144 expellere
1581 1073 1878 1144 daemones,
1941 1077 2093 1149 prius

514 1162 679 1215 animi
710 1162 930 1217 morbos
976 1163 1250 1232 subjicict.
1292 1163 1672 1236 Quodcunque
1716 1167 1862 1222 enim
1903 1169 2092 1222 vitium

516 1255 857 1322 superaverit
884 1254 1041 1324 quis,
1070 1254 1235 1326 bujus
1264 1265 1319 1312 et
1354 1257 1658 1315 dremonem
1689 1259 1929 1330 expellit.
1974 1259 2091 1324 Irae,

514 1343 712 1413 inquit,
754 1344 1048 1414 adjunctus
1078 1356 1162 1402 est
1194 1347 1444 1405 daemon:
1489 1349 1534 1405 si
1581 1350 1717 1404 iram
1757 1352 2093 1415 coercueris,

514 1435 721 1502 ejectus
753 1445 836 1491 est
863 1437 1008 1493 illius
1042 1438 1273 1493 daemon.
1329 1439 1591 1495 Similiter
1619 1441 1686 1496 de
1707 1442 1938 1512 singulis
1974 1443 2095 1497 aliis

518 1527 1042 1595 perturbationibus.

966 1638 1042 1692 De
1082 1638 1271 1693 abbate
1323 1639 1645 1695 Pistamone.

588 1750 700 1821 (16)
739 1750 1100 1822 Interrogavit
1142 1754 1365 1824 quidam
1406 1753 1574 1809 frater
1617 1756 1865 1809 abbatem
1917 1752 2093 1811 Pista—

517 1858 735 1899 monem
763 1864 774 1898 :
804 1844 947 1911 Quid
978 1861 1156 1916 agam,
1187 1849 1313 1917 quia
1342 1849 1609 1918 angustiis
1639 1864 1837 1918 urgeor
1870 1849 1923 1903 in
1959 1865 2090 1904 ven-
2123 1832 2163 1885 Β

516 1935 696 1990 dendo
732 1952 896 2006 opere
940 1952 1199 1992 manuum
1237 1940 1521 1993 mearum?
1552 1940 1850 2009 Respondit
1880 1955 2045 1995 senex
2076 1958 2087 1994 :

519 2028 695 2081 Etiam
726 2029 893 2084 abbas
928 2030 1113 2084 Sisoes
1158 2038 1215 2084 et
1251 2031 1444 2100 reliqui
1493 2030 1798 2086 vendebant
1826 2047 1947 2101 qua:
1986 2032 2089 2101 ipsi

515 2119 885 2174 confecerant.
940 2120 997 2174 ln
1036 2121 1138 2175 hoc
1174 2122 1336 2175 noxia
1374 2131 1612 2177 nonest.
1653 2121 1759 2176 Sed
1794 2137 1917 2177 cum
1962 2139 2089 2178 ven-

514 2202 621 2273 dis,
663 2210 831 2266 semel
863 2209 1046 2279 profer
1072 2211 1223 2265 vasis
1253 2213 1486 2281 pretium
1511 2229 1526 2278 ;
1554 2212 1749 2267 deinde
1779 2213 1824 2268 si
1856 2212 2092 2270 volueris

514 2300 721 2369 aliquid
779 2301 933 2369 pretii
992 2300 1259 2366 minuere,
1316 2302 1372 2356 in
1413 2310 1504 2356 tua
1543 2311 1813 2372 potestate
1864 2311 1967 2359 est.
2016 2305 2091 2359 Ita

515 2404 648 2444 sane
696 2390 943 2445 invenies
990 2392 1257 2461 requiem.
1305 2390 1504 2447 lterum
1549 2395 1760 2464 rogavit
1796 2394 1999 2451 frater:
2035 2394 2092 2450 Si

517 2478 761 2533 habuero
807 2480 1212 2551 Undecumque,
1276 2484 1421 2553 quod
1483 2486 1613 2540 mihi
1667 2488 1927 2554 suiliciat,
1966 2505 2094 2546 sua-

513 2568 683 2622 desne
709 2577 768 2621 ut
797 2568 863 2623 de
896 2569 1083 2624 labore
1111 2585 1370 2626 manuum
1400 2573 1536 2627 milii
1555 2581 1723 2630 “cura:
1743 2577 1851 2631 sit?
1870 2576 2093 2649 Excepit

514 2673 720 2712 senex:
754 2658 1120 2724 Quantumvis
1160 2663 1399 2726 habeas,
1447 2680 1515 2720 ne
1552 2666 1912 2737 dereliqueris
1956 2684 2094 2739 opus

517 2760 715 2804 tuum:
759 2766 856 2821 pro
887 2753 1095 2810 viribus
1143 2754 1267 2821 fac;
1314 2756 1580 2812 duntaxat
1619 2759 1825 2830 absque
1870 2769 2094 2816 contur-

518 2841 752 2899 batione.

944 2955 1016 3008 De
1043 2956 1229 3011 abbate
1255 2957 1410 3011 Petro
1441 2958 1673 3015 l'ionita.

590 3067 641 3119 1.
686 3066 795 3135 (17)
838 3067 1099 3122 Dicebant
1121 3067 1190 3124 de
1220 3070 1414 3125 abbate
1458 3070 1617 3126 Petro
1646 3073 1857 3129 Pionita
1895 3077 1949 3131 in
1974 3077 2094 3132 Cel-

2193 576 2456 642 ἐνεγκεῖν,
2486 577 2580 627 καὶ
2624 572 2805 627 αὑτῶν
2846 572 3152 644 φροντίσαι,
3186 574 3280 626 καὶ
3306 573 3650 644 παρακαλεῖν
3678 573 3771 627 τὸν

2193 667 2325 719 Θεὸν
2366 665 2715 738 συγχωρῆσαί
2749 683 2857 737 μοι.
2892 666 3003 720 Καὶ
3035 665 3427 730 ἀναστάντεςδδ
3452 665 3503 719 οἱ
3532 664 3774 738 Πατέρες

2195 750 2377 808 εἷπον·
2410 757 2616 818 Ὄντως
2645 752 2784 826 αὕτη
2809 756 2955 808 ἐστὶν
2984 756 3027 826 ἡ
3051 754 3168 818 ὁδὸς
3199 754 3301 824 τῆς
3332 758 3629 827 σωτηρίας.

2547 865 2685 937 Περὶ
2717 865 2824 921 τοῦ
2859 864 3010 922 ἁϐὄᾶ
3037 866 3419 935 Πιτυρίωνος.

2269 976 2491 1047 Ἔλεγεν
2533 980 2562 1031 6
2612 979 2784 1044 ἀϐὗᾶς
2832 979 3101 1050 Πιτυρίων
3132 981 3160 1033 6
3195 978 3442 1052 μαθητὴς
3486 977 3581 1032 τοῦ
3626 976 3773 1033 ἀσσε

2208 1069 2491 1124 Ἀντωνίου
2514 1111 2529 1133 ,
2574 1072 2657 1125 ὅτι
2698 1073 2726 1125 6
2778 1070 3098 1142 βουλόμενος
3142 1069 3467 1125 ἀπελαύνειν
3513 1070 3773 1141 δαίμονας

2198 1164 2459 1236 πρότερον
2491 1164 2560 1217 τὰ
2605 1163 2752 1234 πάθη
2789 1160 3115 1216 δουλώσει-αι
3135 1178 3151 1193 ⁸
3181 1161 3305 1215 οἴου
3335 1161 3443 1232 γάρ
3471 1160 3538 1215 ἂν
3565 1160 3774 1224 πάθους

2197 1256 2549 1328 περιγένηταί
2576 1273 2679 1319 τις,
2710 1255 2898 1309 τούτου
2929 1256 3024 1309 καὶ
3058 1256 3152 1309 τὸν
3188 1253 3418 1324 δαίμονα
3453 1253 3771 1308 ἀπελαύνει.

2197 1344 2431 1397 "Este-cat.
2452 1385 2468 1408 ,
2488 1344 2644 1415 φησὶ,
2669 1343 2878 1414 δαίμων
2898 1345 2964 1413 τῇ
2986 1344 3123 1413 ὀργῇ
3148 1359 3162 1374 ⁸
3195 1340 3291 1395 ἐὰν
3322 1341 3424 1412 τῆς
3451 1342 3621 1413 ὀργῆς
3640 1358 3776 1415 κρα-

2195 1437 2385 1508 τήσῃς,
2416 1434 2750 1505 ἀπελήλαται
2797 1438 3001 1505 ταύτης
3056 1438 3084 1488 6
3139 1434 3370 1506 δαίμων.
3406 1435 3637 1504 Ὁμοίως
3675 1435 3775 1489 καὶ

2101 1569 2109 1575 .
2196 1527 2322 1596 περὶ
2344 1526 2571 1579 ἑκάστου
2604 1524 2827 1587 πάθους.

2548 1637 2685 1705 Περὶ
2713 1636 2819 1691 τοῦ
2840 1637 2989 1693 ἀὸὅᾶ
3013 1636 3417 1707 Πιστὰμωνος.

2278 1745 2557 1818 ’Πρώτησέ
2592 1764 2677 1811 τις
2722 1746 2945 1816 ἀδελφὸς
2979 1748 3070 1801 τὸν
3104 1746 3278 1801 άϐϐᾶν
3304 1747 3654 1818 Πιστάμωνα,
3680 1746 3775 1801 λέι-

2192 1862 2303 1912 γων
2327 1863 2340 1876 ⁸
2370 1843 2434 1895 Τί
2471 1844 2701 1914 ποιήσω,
2723 1842 2805 1896 ὅτι
2835 1841 3088 1912 θλίϐομαι
3116 1843 3196 1905 είς
3227 1842 3288 1895 τὸ
3324 1841 3574 1912 πωλῆσαι
3599 1841 3661 1894 τὸ
3684 1842 3778 1913 ἐρ-

2193 1932 2440 2003 γόχειρόν
2468 1949 2604 2003 μους
2642 1933 2754 1986 Kal
2799 1931 3119 2004 ἀποκριθεὶς
3159 1933 3188 1984 6
3241 1931 3439 2003 γέρων,
3477 1928 3649 1999 εἶπεν,
3692 1933 3778 1987 ὅτι

2193 2024 2300 2076 Καὶ
2322 2025 2351 2076 6
2378 2022 2551 2087 άὸὁᾶς
2579 2023 2771 2093 Σισόης
2812 2023 2908 2078 καὶ
2946 2025 2994 2077 οἱ
3038 2023 3214 2077 λοιποὶ
3254 2022 3499 2077 ἐπώλουν
3522 2024 3585 2077 τὸ
3614 2023 3778 2094 ἐργό-

2191 2130 2370 2184 χειρον
2401 2113 2580 2167 αὑτῶν
2605 2130 2619 2142 ⁸
2653 2112 2814 2166 τοῦτο
2839 2115 2940 2168 οὑκ
2967 2113 3085 2167 ἔστι
3109 2113 3331 2184 βλάϐος·
3358 2113 3474 2167 ἀλλ’
3498 2106 3627 2167 ὅταν
3655 2130 3780 2166 πω-

2192 2205 2309 2277 λῇς,
2348 2205 2467 2259 είπὲ
2502 2204 2649 2270 ἅπαξ
2681 2203 2781 2276 τὴν
2805 2205 2971 2276 τιμὴν
3004 2204 3099 2259 τοῦ
3147 2205 3407 2270 σκεύους·
3442 2205 3627 2260 λοιπὸν
3676 2204 3781 2259 ἐὰν

2194 2290 2353 2364 θέλῃς
2384 2292 2579 2364 μικρὸν
2607 2292 2819 2363 άφῆσαι
2852 2293 2953 2363 τῆς
2978 2294 3164 2366 τιμῆς,
3206 2297 3264 2348 έν
3304 2296 3386 2348 σοί
3418 2297 3583 2349 ἐστιν.
3622 2292 3784 2348 Οὕτω

2195 2382 2260 2435 ἂν
2284 2384 2537 2456 εὑρήσεις
2573 2384 2904 2439 ἀνάπαυσιν.
2931 2384 3099 2439 Πάλιν
3124 2380 3280 2438 εἶπεν
3300 2385 3450 2456 αὑτῷ
3472 2386 3501 2437 6
3526 2383 3774 2453 ἀδελφός·

2207 2474 2330 2529 Ἐὰν
2364 2475 2471 2546 ἔχω
2504 2476 2605 2547 τὴν
2648 2476 2837 2547 χρείαν
2886 2493 2987 2546 μου
3031 2475 3153 2529 ὅθεν
3198 2476 3418 2547 δήποτε,
3469 2474 3649 2538 θέλεις
3691 2474 3786 2529 ἵνα

2195 2568 2467 2638 φροντίσω
2491 2568 2804 2639 ἐργόχειρον
2825 2584 2839 2633 ς
2864 2570 2973 2622 Kal
3001 2567 3320 2639 ἀποκριθεὶς
3348 2570 3376 2621 6
3396 2569 3576 2640 γέρων
3599 2561 3782 2621 εἶπεν·

2207 2657 2334 2711 Ἐὰν
2373 2657 2507 2729 ἔχῃς
2536 2659 2660 2711 ὅσον
2701 2658 2923 2730 δήποτε,
2955 2657 3030 2730 μὴ
3074 2657 3412 2730 καταλείψεις
3444 2656 3507 2709 τὸ
3536 2656 3786 2728 ὲργόχει-

2198 2748 2289 2819 ρὸν
2318 2765 2439 2802 σου⁸
2470 2750 2594 2803 ὅσον
2619 2748 2846 2805 δύνασαι
2870 2750 3114 2821 ποίησον,
3143 2748 3300 2820 μόνον
3332 2747 3407 2819 μὴ
3440 2747 3577 2819 μετὰ
3605 2764 3785 2819 ταρα-

2195 2840 2316 2910 κῆς-

2405 2952 2543 3022 Περὶ
2567 2954 2675 3007 τοῦ
2701 2952 2851 3009 άὸϐᾶ
2876 2954 3102 3022 Πέτρου
3132 2953 3237 3009 τοῦ
3263 2954 3563 3008 Πιονίτου.

2262 3074 2332 3121 α’.
2378 3066 2604 3137 Ἔλεγον
2653 3069 2782 3139 περὶ
2827 3068 2921 3122 τοῦ
2973 3068 3119 3122 ἁὸϐἄ
3168 3068 3375 3140 Πέτρου
3401 3067 3495 3121 τοῦ
3529 3066 3785 3122 Πιονίτου

519 3160 608 3223 lis,
639 3160 784 3229 quod
813 3161 1001 3215 vinum
1026 3176 1135 3215 non
1167 3161 1396 3217 biberet.
1418 3162 1711 3235 Postquam
1735 3183 1867 3238 ergo
1892 3170 2091 3234 senuit,

2201 3161 2275 3223 εἰς
2299 3160 2368 3213 τά
2396 3159 2625 3228 Κελλία,
2653 3160 2735 3214 ὃτι
2771 3157 2914 3214 οἶνον
2954 3160 3053 3214 οὑκ
3084 3159 3425 3215 ἕπινεν.”οτε
3452 3156 3544 3214 οὖν
3576 3160 3785 3231 ἐγήρα-

520 3249 715 3306 fratres
732 3251 1036 3307 miscebant
1060 3269 1250 3322 parum
1268 3255 1376 3309 vini
1399 3270 1521 3309 cum
1540 3273 1703 3327 aqua,
1726 3261 2022 3330 rogabantq
2032 3278 2097 3316 ue

520 3350 580 3397 ut
618 3358 741 3397 eum
778 3353 1040 3399 sumeret.
1083 3338 1176 3399 Ille
1212 3344 1427 3402 dicebat
1464 3366 1477 3401 :
1516 3346 1734 3406 Credite
1768 3352 1922 3416 mihi,
1956 3355 2097 3409 velut

516 3435 799 3491 conditum
830 3436 989 3493 duco.
1037 3438 1212 3508 Atque
1250 3438 1515 3509 judicavit
1555 3457 1613 3495 se
1647 3441 1700 3495 iu
1743 3442 1873 3497 vino
1898 3444 2091 3500 diluto.

586 3614 641 3669 2.
696 3613 807 3685 (18)
852 3612 1046 3670 Frater
1102 3615 1243 3669 dixit
1290 3617 1470 3671 abbati
1521 3616 1697 3683 Petro,
1756 3619 1832 3672 illi
1886 3619 2095 3676 abbatis

519 3692 622 3763 [λοι
664 3708 973 3779 discipulo:
1022 3707 1253 3775 Quando
1286 3726 1406 3766 sum
1441 3711 1497 3766 in
1544 3711 1715 3777 cella,
1759 3727 1876 3767 mea
1914 3714 2094 3769 anima

518 3815 641 3852 eum
675 3814 809 3868 pace
858 3800 1002 3869 agit;
1034 3799 1083 3853 si
1126 3807 1306 3854 autem
1339 3800 1402 3853 ad
1445 3815 1530 3854 me
1577 3800 1871 3855 accesserit
1906 3800 2093 3867 frater,

516 3898 572 3944 et
610 3890 899 3961 protulerit
931 3905 1213 3947 sermones
1246 3890 1313 3946 de
1343 3891 1588 3947 externis
1624 3892 1810 3954 rebus,
1844 3892 2097 3947 turbatur

517 3983 701 4037 anima
734 3999 872 4037 mea.
906 3977 972 4035 Et
1021 3982 1190 4037 abbas
1236 3981 1429 4039 Petrus
1461 3982 1645 4037 rctulit
1671 3983 1718 4036 ei
1748 3982 1954 4038 dictum
1991 3984 2096 4040 hoc

515 4075 730 4130 abbatis
759 4074 897 4129 Lot:
929 4073 1112 4130 Clavis
1159 4084 1251 4130 tua
1300 4075 1475 4145 aperit
1512 4074 1737 4145 ianuam
1779 4090 1976 4129 meam.
2008 4075 2096 4131 Ait

516 4168 634 4222 seni
665 4166 871 4221 frater:
909 4165 1051 4232 Quid
1081 4167 1187 4223 sibi
1213 4167 1329 4222 vult
1359 4167 1474 4223 haec
1506 4166 1646 4221 vox?
1677 4164 1982 4237 Respondit
2009 4182 2092 4223 se-

517 4272 622 4311 nex
656 4274 669 4310 :
704 4254 761 4309 Si
820 4257 946 4325 quis
979 4258 1188 4312 venerit
1241 4256 1309 4312 ad
1364 4269 1434 4324 te,
1484 4257 1624 4315 dicis
1680 4259 1768 4314 ei:
1810 4258 2096 4325 Quomodo

517 4346 617 4401 tibi
663 4348 784 4401 est?
820 4346 976 4403 Unde
1018 4348 1211 4402 venis?
1266 4349 1550 4414 Quomodo
1600 4350 1801 4408 habent
1858 4351 2098 4408 fratres?

520 4438 899 4505 Susceperunt
954 4449 1026 4503 te,
1063 4440 1145 4493 vel
1194 4438 1343 4493 non?
1384 4439 1450 4493 Et
1481 4452 1611 4496 tunc
1661 4444 1842 4513 aperis
1895 4444 2096 4499 ostium

2199 3268 2312 3315 σεν,
2359 3251 2578 3305 ἐποίουν
2605 3253 2657 3305 οἱ
2682 3251 2904 3320 ἀδελφοὶ
2944 3252 3139 3323 μικρὸν
3178 3250 3654 3323 συγκεραστδνδν,
3685 3251 3786 3304 καὶ

2199 3343 2541 3412 παρεκάλουν
2574 3341 2738 3397 αὑτὸν
2770 3344 2820 3396 οἱ
2854 3343 3077 3413 ἀδελφοὶ
3124 3343 3401 3407 δέξασθαι.
3439 3342 3551 3396 Kal
3593 3342 3779 3411 ἔλεγε·

2197 3435 2461 3507 Θαρσεῖτέ
2492 3452 2606 3507 μοι,
2634 3437 2717 3489 ὅτι
2747 3436 2822 3499 ὡς
2848 3434 3087 3488 κονδίτον
3117 3434 3248 3489 αὐτὸ
3273 3434 3400 3515 έχω.
3429 3435 3539 3487 Kal
3565 3432 3786 3505 ἔκρινεν

2198 3530 2391 3585 ἑαυτὸν
2419 3533 2500 3595 είς
2533 3531 2596 3585 τὸ
2626 3530 2994 3601 συγκεραστόν
3007 3529 3073 3584 ⁸⁸.

2270 3624 2335 3693 β’.
2391 3622 2648 3692 Ἀδελφδς
2699 3620 2819 3676 εἷπε
2870 3620 2947 3692 τῷ
2992 3620 3136 3692 esse
3172 3620 3365 3693 Πέτρῳ
3395 3621 3475 3692 τῷ
3510 3619 3606 3674 τοῦ
3637 3620 3784 3674 ἀδεᾶ

2197 3715 2339 3778 Λὼτ,
2389 3716 2472 3769 ὅτι
2511 3715 2679 3767 Ὅταν
2707 3713 2824 3783 είμὶ
2858 3714 2916 3765 ἐν
2956 3711 3036 3782 τῷ
3071 3711 3266 3782 κελλίῳ
3314 3729 3438 3783 μου,
3488 3714 3546 3766 ἐν
3590 3713 3783 3783 εἰρήνῃ

2197 3807 2398 3878 ἐστὶνὴ
2425 3806 2569 3876 ψυχή
2597 3822 2698 3876 μου
2716 3820 2730 3833 ⁸
2761 3804 2855 3857 ἐὰν
2878 3803 2933 3857 δὲ
2958 3804 3185 3873 ἀδελφὸς
3214 3803 3509 3876 παραϐάλῃ
3545 3821 3656 3876 μοι,
3686 3804 3784 3856 καὶ

2196 3900 2323 3963 τοὺς
2365 3897 2557 3966 λόγους
2604 3896 2713 3951 τῶν
2759 3895 2863 3960 ἔξω
2891 3896 3022 3969 εἴπῃ
3056 3913 3168 3967 μοι,
3202 3897 3536 3969 ταράσσεται
3564 3897 3597 3966 ή
3629 3895 3780 3965 ψυχή

2200 4007 2324 4061 μου.
2351 3988 2515 4058 Λέγει
2549 3986 2579 4041 6
2604 3986 2778 4052 άόὃᾶς
2809 3988 3038 4058 Πέτρος,
3062 3988 3144 4042 ὅτι
3174 3986 3360 4057 ἔλεγεν
3382 3990 3409 4041 6
3439 3987 3611 4051 ἀὸὅᾶς
3633 3985 3778 4039 Λώτ·

2197 4079 2271 4133 Τὸ
2300 4078 2531 4133 κλειδίον
2562 4095 2654 4131 σου
2684 4076 2890 4147 ἀνοίγει
2910 4077 3008 4148 τὴν
3039 4077 3211 4149 θύραν
3247 4095 3371 4148 μου.
3392 4077 3553 4145 Λέγει
3575 4078 3604 4130 6
3629 4076 3785 4130 ἀδελ-

2197 4171 2296 4239 φὸς
2325 4168 2404 4241 τῷ
2439 4168 2657 4242 γέροντι
2678 4184 2693 4200 ⁸
2728 4168 2794 4220 Τί
2822 4168 2940 4220 ἐστι
2966 4167 3026 4220 τὸ
3057 4168 3209 4239 ρῆμα
3231 4166 3423 4232 τοῦτο;
3447 4166 3663 4234 Λέγειὸ
3692 4164 3784 4233 γέ-

2200 4279 2343 4334 ρων⁸
2394 4262 2520 4315 Ἐάν
2560 4262 2645 4324 τίς
2691 4277 2775 4313 σοι
2822 4258 3137 4331 παραϐάλῃ,
3185 4258 3365 4328 λέγεις
3420 4256 3601 4325 αὐτῷ·
3658 4257 3784 4319 Πῶς

2197 4352 2375 4423 έχεις;
2412 4352 2583 4405 Πόθεν
2618 4346 2812 4420 ἧλθεςς
2841 4349 2965 4413 Πῶς
2992 4349 3206 4420 ἔχουσιν
3231 4350 3280 4402 οἱ
3315 4346 3564 4416 ἀδελφοίς
3604 4347 3783 4417 Προσ-

2198 4443 2457 4497 ελάϐοντό
2492 4459 2572 4503 σε,
2607 4441 2639 4512 ἢ
2670 4440 2730 4494 οὗ
2754 4459 2768 4506 ;
2811 4442 2921 4494 Kal
2949 4441 3071 4494 τότε
3100 4441 3339 4508 ἀνοίγεις
3363 4440 3462 4512 τὴν
3490 4439 3660 4510 θύραν
3686 4436 3783 4490 τοῦ

518 4522 727 4589 fratris,
761 4534 924 4597 atque
957 4527 1115 4584 audis
1143 4544 1265 4599 quae
1302 4545 1411 4584 non
1444 4531 1680 4600 placent.
1695 4507 1855 4587 -Dicit
1887 4535 1936 4590 ei
1966 4556 1979 4589 :
2015 4536 2094 4589 Ita

2201 4533 2458 4604 ἀδελφοῦ,
2494 4534 2590 4588 καὶ
2620 4507 2840 4597 άκούεις
2872 4533 2907 4587 ἃ
2932 4535 2992 4587 οὑ
3022 4532 3215 4597 θέλεις.
3235 4507 3430 4601 Λέγει⁷
3456 4507 3608 4602 αὑτῷ
3629 4549 3643 4563 ⁸
3674 4530 3783 4585 Οὖ-

515 4623 621 4671 cst.
653 4615 795 4681 Quid
828 4633 959 4689 ergo
996 4618 1157 4676 faciet
1187 4619 1372 4685 homo,
1408 4636 1531 4676 cum
1578 4622 1748 4678 frater
1780 4627 2097 4682 convenerit

517 4708 679 4763 eum?
704 4708 882 4765 Senex
914 4710 1130 4780 excepit
1160 4730 1172 4766 :
1206 4710 1412 4767 Luctus
1446 4712 1672 4766 omnino
1691 4711 1939 4767 doctrina
1971 4725 2091 4770 est:

516 4800 608 4854 ubi
644 4815 775 4856 vero
804 4817 912 4857 non
944 4812 1029 4858 est
1059 4803 1259 4870 luctus,
1293 4803 1408 4857 fieri
1445 4818 1552 4857 non
1593 4813 1768 4874 potest
1794 4806 1869 4859 uti
1904 4822 2096 4863 cavea-

516 4908 661 4948 mus.
696 4890 833 4947 Tum
881 4892 1080 4948 frater:
1106 4894 1267 4963 Cum,
1299 4895 1497 4966 inquit,
1526 4897 1580 4951 in
1601 4898 1736 4953 cella
1774 4914 1892 4953 mea
1916 4896 2093 4960 fuero,

521 5000 729 5039 mecum
758 4992 843 5040 est
884 4986 1098 5053 luctus;
1128 4987 1222 5042 scd
1256 4987 1299 5041 si
1334 4986 1535 5058 aliquis
1566 5005 1652 5045 me
1676 4989 1889 5054 adierit,
1925 4995 2020 5043 aut
2048 4990 2095 5045 si

514 5077 702 5132 exiero
731 5092 764 5132 e
803 5078 937 5133 cella
960 5120 975 5144 ,
1008 5078 1215 5133 luctum
1269 5095 1376 5135 non
1425 5080 1663 5135 invenio.
1703 5077 1840 5134 Tum
1876 5096 2041 5137 senex
2078 5101 2091 5136 :

517 5167 769 5225 Nondum
800 5170 899 5225 tibi
944 5172 1219 5243 mancipio
1266 5182 1388 5237 est,
1427 5170 1523 5228 sed
1563 5173 1728 5227 veluti
1774 5188 1894 5227 usu.
1943 5170 2094 5227 Scri-

517 5266 671 5328 ptum
704 5260 851 5315 enim
895 5271 978 5317 est
1009 5262 1064 5316 in
1096 5261 1215 5333 lege
1242 5280 1253 5315 :
1288 5260 1512 5328 Quando
1551 5260 1860 5333 acquisieris
1887 5278 2094 5318 servum

2199 4644 2304 4691 τως
2346 4622 2585 4697 ἔχεισΤί
2616 4619 2710 4679 οὖν
2745 4625 2957 4696 ποιήσει
2987 4622 3292 4695 ἄνθρωπος,
3328 4624 3423 4677 ἐὰν
3471 4622 3600 4694 ἔλθῃ
3646 4619 3781 4691 πρὸς

2199 4716 2360 4771 αὑτὸν
2391 4714 2648 4784 άδελφός;
2691 4714 2856 4784 Λέγει
2893 4716 2922 4768 6
2959 4714 3171 4785 γέρωψ
3212 4712 3285 4768 Τδ
3313 4713 3509 4776 πένθος
3539 4712 3659 4766 ὅλον
3701 4712 3784 4765 δι-

2196 4810 2333 4880 δαχή
2360 4810 2507 4862 ἐστιν
2537 4805 2647 4877 (19)
2669 4823 2683 4837 ⁸
2712 4804 2845 4860 ὅπου
2873 4805 2930 4859 δὲ
2961 4806 3060 4859 οὑκ
3086 4805 3201 4859 ἔστι
3231 4805 3448 4869 πένθος,
3476 4804 3537 4858 ού
3560 4802 3783 4857 δυνατὸν

2200 4899 2558 4970 φυλάξασθαι.
2585 4898 2748 4968 Λέγει
2772 4897 2801 4951 ὁ
2820 4898 3049 4968 ἀδελφός
3069 4911 3084 4927 ⁸
3114 4897 3282 4952 Ὅταν
3309 4900 3367 4952 ἐν
3389 4897 3469 4967 τῷ
3498 4894 3693 4965 κελλίῳ
3713 4888 3780 4954 ὦ,

2206 4992 2323 5062 μετ’
2352 4989 2487 5061 ἐμοῦ
2520 4992 2636 5043 ἐστι
2679 4990 2741 5043 τὸ
2781 4990 2976 5053 πένθος
2995 5005 3009 5020 ⁸
3042 4990 3137 5044 ἐὰν
3160 4988 3217 5042 δὲ
3244 4988 3372 5060 ἔλθῃ
3402 5006 3488 5051 τις
3520 4986 3658 5060 πρὸς
3688 4986 3780 5057 μὲ,

2202 5080 2235 5151 ἢ
2274 5080 2475 5147 ἐξέλθω
2504 5083 2569 5134 ὲκ
2604 5079 2699 5133 τοῦ
2725 5080 2957 5147 κελλίου,
2986 5081 3085 5152 οὑχ
3114 5079 3355 5153 εὑρίσκω
3383 5080 3535 5134 αὑτό.
3567 5077 3729 5146 Λέγει
3754 5080 3784 5131 6

2201 5172 2405 5243 γέρων⁸
2434 5172 2656 5226 Οὐδέπω
2702 5190 2783 5226 σοι
2806 5174 3075 5241 ὑπετάγη,
3100 5172 3213 5227 ἀλλ’
3233 5172 3308 5237 ὡς
3332 5174 3390 5225 ἐν
3425 5172 3617 5243 χρήσει
3643 5169 3778 5224 ἐστί.

2200 5263 2513 5334 Γέγραπται
2546 5264 2655 5335 γὰρ
2689 5267 2746 5318 ἐν
2779 5263 2856 5335 τῷ
2879 5264 3049 5335 νόμῳ,
3079 5263 3161 5319 ὃτι
3192 5263 3380 5319 Ὅταν
3414 5263 3610 5333 κτήσῃ
3646 5260 3782 5316 παῖς

590 5413 637 5447 “
663 5413 748 5469 Al.
786 5414 1135 5481 ἀκούσαντες.
1210 5415 1277 5449 ’⁸⁵⁸
1320 5418 1400 5473 Al.
1456 5417 1857 5489 συγκερασμόν.
1934 5417 1980 5450 ⁸⁸
2004 5418 2088 5474 Al.
2125 5419 2215 5472 τὸν
2269 5419 2668 5490 συγκερασμόν.

590 5571 707 5638 (15)
751 5569 859 5624 Vit.
899 5572 1053 5625 Patr.
1081 5587 1141 5635 ll,
1178 5573 1277 5638 l5;
1319 5573 1475 5629 Joan.
1517 5572 1703 5629 Geom.
1731 5573 1934 5629 Parad.
1974 5576 2059 5631 l7.

590 5640 704 5706 (16)
752 5639 862 5696 Vit.
903 5642 1058 5696 Patr.
1093 5658 1167 5706 γι,
1202 5643 1286 5696 11.

590 5709 702 5774 (17)
752 5709 858 5763 Vit.
892 5711 1045 5766 Patr.
1072 5730 1145 5774 tv,
1176 5711 1264 5766 55.

595 5780 709 5849 (18)
758 5779 866 5834 Vit.
904 5779 1057 5836 Patr.
1094 5799 1168 5845 xt,
1206 5783 1296 5837 26.

2278 5574 2389 5643 (19)
2439 5575 2505 5627 Τὸ
2528 5572 2748 5643 πένθος
2778 5574 2923 5627 ὅλον
2962 5573 3179 5643 διδαχή
3222 5574 3412 5626 ἐστιν.
3445 5572 3776 5643 Interpreta-

2207 5645 2283 5697 tio
2316 5642 2540 5713 Pelagii,
2577 5642 2639 5696 In
2666 5644 2809 5696 luctu
2838 5644 3050 5697 omnino
3088 5640 3334 5697 doctrina
3359 5652 3458 5697 est.
3493 5643 3561 5696 At
3594 5640 3780 5713 Marti-

2208 5730 2313 5767 nus
2350 5710 2682 5783 Dumiensis,
2708 5713 2842 5783 quia
2868 5713 3003 5767 ὅλων
3026 5715 3291 5783 scriptum
3326 5714 3627 5778 invenerat,
3653 5710 3778 5765 red-

2210 5783 2369 5849 didit,
2404 5782 2651 5838 Omnium
2682 5782 2925 5838 deatriaa
2965 5782 3260 5838 lttcttts’est.
