4028 6338
272 364 380 425 377
1406 379 1858 441 APOPllTilEGM

1963 389 2013 444 ’Δ
2049 389 2363 448 PATRUM.
3414 399 3525 458 373

269 490 347 543 δα
385 489 672 560 Ἑϐραῖον,
697 489 766 555 ἐξ
792 492 897 561 ἐτη
927 492 1245 550 δουλεύσει
1271 514 1370 554 σοι
1387 516 1402 532 ο
1430 501 1510 566 τῷ
1533 503 1601 555 δὲ
1628 504 1854 575 ἑϐδίᾷιῳ

1963 508 2261 576 Ηεόνανιωι,
2311 526 2403 566 rex
2450 528 2616 567 armos
2668 514 2853 568 serviet
2909 514 3034 575 tibi:
3082 515 3305 584 septimo
3350 526 3527 571 autem

274 582 389 635 ἔτει
418 581 849 650 ἐξαποστελεῒς
888 586 1079 640 αὐτὸν
1108 589 1447 660 ἐλεύθερον.
1464 593 1605 648 Ἐὰν
1635 594 1704 648 δὲ
1735 596 1852 663 δῷς

1963 618 2092 656 anno
2123 603 2357 659 dimittes
2388 620 2506 658 eum
2543 603 2785 659 liberum.
2838 603 2899 660 Si
2928 623 3045 661 rero
3086 581 3293 662 dederis
3321 609 3370 661 ei
3403 623 3526 661 uxo-

268 671 429 738 αὑτῷ
460 673 738 743 γυναῖκα,
770 675 870 730 καὶ
919 678 1185 749 γεννήσῃ
1223 682 1431 737 παιδία
1477 685 1549 738 ἐν
1576 684 1651 754 τῇ
1695 689 1852 755 οἰκίᾳ

1963 708 2083 756 rem,
2112 703 2164 748 et
2211 695 2446 765 genuerit
2485 693 2679 749 liberos
2726 696 2782 749 in
2824 696 2981 750 douto
3013 708 3134 760 tua,
3175 716 3266 752 nec
3309 700 3527 753 voluerit

269 779 409 828 σου,
442 765 544 819 καὶ
581 765 669 836 μὴ
708 768 943 838 θελήσῃ
977 770 1443 841 ἀποδιδράσκειν
1478 775 1578 832 διὰ
1597 776 1716 847 τὴν
1751 798 1853 849 γυ-

270 854 450 910 ναῖκα
486 857 585 911 καὶ
615 858 688 912 τὰ
722 859 951 925 παιδία,
984 862 1308 931 προσάξεις
1338 866 1526 921 αὐτὸν
1558 868 1708 937 πρὸς
1738 869 1854 937 τὴν

271 943 464 1011 θύραν
496 942 606 997 τοῦ
631 944 827 1009 οἵκου,
862 946 961 1000 καὶ
990 950 1319 1020 τρυπήσεις
1348 954 1535 1010 αὐτοῦ
1567 956 1630 1011 τό
1676 956 1855 1011 ὠτίον

271 1033 349 1099 τῷ
365 1034 619 1121 fanda),
654 1037 751 1090 καὶ
791 1037 962 1092 ἕσται
1006 1055 1104 1093 σοι
1135 1041 1357 1110 δοῦλος
1391 1048 1478 1112 είς
1512 1045 1620 1100 τὸν
1645 1047 1851 1102 αἰῶνα.

271 1125 436 1193 Λέγει
470 1125 501 1177 6
528 1125 786 1196 ἁδελφός’
819 1126 883 1181 Τί
912 1129 1028 1180 ἐστι
1049 1128 1109 1182 τὸ
1134 1132 1286 1202 ῥῆμα
1309 1133 1501 1200 τοῦτο;
1527 1136 1688 1205 Λέγει
1708 1140 1736 1190 6
1763 1140 1854 1207 γέ-

274 1234 383 1288 ρων
398 1233 412 1246 ·
446 1217 573 1272 Ἐὰν
601 1219 754 1290 κάμῃ
772 1218 1061 1291 ἄνθρωπος
1084 1224 1165 1286 εἰς
1188 1226 1419 1295 πρᾶγμα
1441 1227 1582 1281 κατά
1600 1227 1850 1298 δύναμιν,

271 1305 389 1358 οἵαν
416 1305 569 1377 ῶραν
597 1306 824 1379 ζητήσει
857 1309 991 1362 αὐτὸ
1023 1312 1103 1374 εἰς
1131 1313 1321 1383 χρείαν
1337 1316 1405 1377 δ’,
1436 1316 1657 1387 εὑρήσει
1698 1317 1851 1372 αὑτό.

273 1401 433 1465 Λέγει
460 1398 645 1469 αὐτῷ’
674 1400 906 1472 Ποίησον
928 1403 1148 1473 ἀγάπην
1169 1419 1183 1434 ·
1215 1406 1335 1459 εἰπέ
1365 1423 1457 1475 μοι
1483 1407 1544 1459 τὸ
1568 1408 1720 1478 ῥῆμα
1738 1408 1856 1462 τοῦς

272 1506 349 1542 το.
380 1490 545 1558 Λέγει
576 1493 605 1545 6
634 1492 815 1562 γέρων
835 1510 849 1524 ·
881 1491 1017 1547 Οὐδὲ
1048 1495 1200 1558 νόθος
1243 1498 1356 1560 υίὸς
1402 1498 1704 1568 παραμένει
1747 1501 1854 1554 τινὶ

272 1582 562 1649 δουλεύων,
591 1584 703 1637 ἀλλ’
738 1586 767 1637 6
799 1586 1135 1657 γεννώμενος
1157 1588 1272 1653 υἱὸς
1299 1590 1398 1642 οὐκ
1431 1591 1496 1661 ea
1526 1590 1619 1644 τὸν
1643 1592 1855 1663 πατέρα

275 1673 464 1728 αὑτοῦ.

345 1772 412 1831 γ’.
460 1765 686 1833 Ἔλεγον
717 1767 844 1836 περ)¹
881 1766 975 1820 τοῦ
1008 1768 1153 1822 άϐὗᾶ
1203 1769 1410 1841 Πέτρου
1451 1773 1544 1825 καὶ
1582 1771 1676 1825 τοῦ
1710 1773 1856 1827 ά665⁸ι

1954 784 2098 837 abire
2117 794 2326 853 propter
2359 801 2575 840 uxorem
2605 795 2655 840 et
2691 785 2907 850 liberos,
2939 787 3167 842 adduces
3197 805 3313 842 eum
3340 790 3408 843 ad
3439 806 3528 844 οε·-

1956 875 2086 928 tium
2109 877 2319 944 domus,
2352 887 2402 931 et
2427 878 2723 946 perforabis
2747 878 2862 947 ejus
2890 879 3189 933 auriculam
3225 882 3415 934 subula
3433 922 3449 946 ,
3478 889 3528 934 et

1953 965 2053 1018 erit
2084 963 2177 1018 tibi
2204 981 2383 1020 seruus
2413 967 2466 1019 in
2516 967 2773 1022 ste-culum
2810 966 2878 1021 “.
2921 965 3097 1039 Rogat
3137 966 3349 1022 frater:
3389 968 3527 1033 Quid

1955 1061 2040 1109 est
2072 1054 2175 1109 hoc
2202 1055 2390 1111 verbi?
2412 1054 2758 1127 Responsum
2793 1056 2946 1112 dedit
2967 1071 3135 1112 senex
3169 1076 3182 1111 ε
3223 1055 3282 1110 Si
3313 1057 3531 1112 labora-

1956 1146 2091 1201 verit
2119 1147 2287 1202 homo
2320 1164 2421 1220 pro
2444 1148 2655 1205 viribus
2690 1149 2748 1204 in
2780 1165 2837 1205 re
2875 1149 3080 1218 aliqua,
3109 1149 3325 1219 quoties
3350 1150 3532 1219 requi-

1956 1237 2113 1293 sierit
2139 1252 2259 1294 eam
2283 1239 2350 1295 ad
2386 1255 2570 1305 usum,
2611 1240 2869 1295 inveniet.
2904 1238 3146 1309 Subjecit
3172 1238 3343 1294 frater
3379 1258 3394 1294 :
3424 1237 3531 1294 Fac

1954 1331 2519 1397 charitatem,enarra
2548 1332 2679 1387 mihi
2704 1346 3012 1388 sermonem
3045 1333 3209 1386 hunc.
3240 1330 3308 1386 Et
3331 1346 3527 1386 senex:

1954 1422 2141 1493 Neque
2169 1424 2393 1494 spurius
2426 1425 2570 1481 ﬁlius
2601 1432 2885 1497 permanet
2913 1425 2970 1479 in
3006 1425 3306 1492 servitute;
3342 1424 3437 1481 sed
3467 1425 3523 1477 lio

1960 1518 2063 1572 lius
2092 1530 2254 1572 verus
2283 1531 2395 1570 non
2420 1516 2683 1587 relinquit
2708 1524 2915 1587 patrem
2937 1531 3118 1574 suum.

2028 1775 2081 1829 5.
2123 1772 2457 1831 Referebant
2496 1775 2564 1831 de
2621 1776 2817 1832 abbate
2846 1775 3008 1832 Petro
3058 1785 3112 1832 et
3159 1777 3355 1833 abbate
3406 1776 3530 1847 Epi-

288 1858 590 1927 Ἐπιμάχου
616 1896 630 1919 ,
689 1859 771 1910 ὅτι
846 1862 1208 1931 συμφωνηταὶ
1280 1857 1421 1932 ἦσαν
1490 1865 1568 1926 είς
1609 1864 1851 1918 Ῥαῖθοῦ.

1963 1864 2176 1929 macho,
2207 1866 2352 1935 quod
2388 1874 2574 1922 essent
2601 1867 2818 1922 sodales
2842 1868 2898 1921 in
2927 1865 3194 1921 Rbaithu.
3229 1866 3533 1922 Comeden-

288 1947 607 2003 Ἐσθιόντων
633 1949 689 2002 δὲ
714 1949 894 2002 αὐτῶν
923 1952 981 2003 ὲν
1005 1954 1072 2022 τῇ
1102 1952 1389 2024 ἐκκλησίᾳ,
1438 1954 1730 2010 ἐϐιάσαντο
1761 1958 1859 2010 αὑ-

275 2040 397 2101 τοὺς
426 2038 603 2092 ἐλθεῖν
623 2040 703 2101 εἰς
731 2039 828 2109 τὴν
852 2040 1128 2111 τράπεζαν
1152 2041 1260 2095 τῶν
1287 2045 1583 2114 γερόντων.
1618 2048 1728 2101 Καὶ
1756 2066 1856 2119 με-

276 2131 341 2185 τὰ
368 2131 566 2185 πολλοῦ
592 2133 762 2185 κόπου
790 2132 1029 2203 ἀπῆλθεν
1053 2137 1082 2188 6
1103 2134 1276 2199 ἀδὸἄς
1303 2136 1511 2208 Πέτρος
1543 2139 1724 2209 μόνος.
1744 2143 1857 2197 Καὶ

274 2221 349 2286 ὡς
374 2223 701 2295 ἀνέστησαν,
743 2224 889 2292 λέγει
921 2225 1069 2296 αὐτῷ
1093 2228 1122 2280 6
1151 2226 1325 2292 ὰϐὁᾶς
1362 2229 1663 2302 Ἐπίμαχος
1686 2249 1701 2265 ·
1733 2234 1859 2299 Πῶς

276 2312 580 2393 ἐτόλμησας
612 2313 866 2367 ἀπελθεῖν
890 2315 969 2384 είς
995 2314 1091 2385 τὴν
1119 2315 1398 2387 τράπεζαν
1416 2318 1525 2373 τῶν
1550 2321 1856 2393 γερόντων;

287 2405 344 2458 ’0
380 2380 439 2457 δὲ
464 2380 741 2477 ἀπεκρίθη
761 2422 774 2435 ·
806 2407 867 2459 Et
896 2380 1128 2462 ἐκάθισα
1154 2380 1279 2478 μεθ’
1309 2380 1486 2481 θμῶν,
1522 2380 1599 2478 ῶς
1619 2380 1858 2486 γέροντα

274 2498 321 2549 οἱ
356 2496 579 2566 ἀδελφοὶ
606 2497 841 2568 ἤμελλον
889 2499 1292 2571 προτρέπεσθαί
1328 2520 1397 2574 με
1426 2505 1672 2574 εὐλογεῖν
1705 2509 1860 2580 πρῶ-ο

274 2608 383 2652 τον,
416 2590 511 2642 καὶ
541 2588 618 2653 ὡς
649 2589 850 2661 μείζων
876 2589 1030 2660 ὑμῶν
1061 2586 1205 2662 εἶχον
1237 2589 1407 2649 εἶναι⁹
1446 2596 1542 2651 νῦν
1570 2595 1662 2653 οὖν
1690 2601 1861 2655 ἀπελ-

279 2680 384 2733 θὼν
414 2681 584 2750 ἐγγὺς
629 2680 738 2734 τῶν
771 2681 1051 2755 Πατέρων,
1088 2685 1409 2759 μικρότερος
1438 2689 1655 2745 πάντων
1687 2693 1856 2765 ήμην,

278 2774 367 2826 καὶ
396 2774 777 2846 ταπεινότερος
801 2773 880 2845 τῷ
910 2774 1176 2848 λογισμῷ.

343 2866 407 2920 δ’.
455 2860 621 2920 Εἶπεν
651 2867 679 2919 6
713 2866 888 2931 ἀὸϐἄς
918 2866 1146 2939 Πέτρος,
1185 2870 1267 2923 ὄτι
1301 2871 1376 2925 Οὐ
1418 2872 1498 2926 δεῖ
1536 2875 1861 2946 ἐπαίρεσθαι

277 2958 402 3014 ὅταν
428 2961 458 3013 6
488 2958 693 3030 Κύριος
730 2961 929 3032 ποιήσῃ
969 2978 1023 3013 τι
1065 2961 1132 3015 δι’
1154 2961 1334 3033 ἡμῶν,
1371 2964 1505 3020 ἀλλά
1544 2966 1742 3037 μᾶλλον
1768 2970 1861 3022 εὑ-

278 3052 555 3121 χαριστείν
596 3051 678 3103 ὅτι
722 3049 1144 3122 κατηξιώθημεν
1183 3053 1593 3126 προαληθῆναι
1642 3058 1734 3110 ὑπ’
1763 3061 1860 3113 αὑ-

279 3140 390 3195 τοῦ.
423 3142 592 3196 Τοῦτο
623 3142 668 3195 δ’
695 3143 786 3195 ἐπὶ
819 3142 1001 3214 πάσης
1024 3143 1226 3215 ἀρετῆς
1248 3144 1400 3214 ἔλεγε
1437 3148 1737 3220 συμφέρειν
1771 3151 1859 3205 λο-

279 3230 548 3300 γίζεσθαι.

617 3324 753 3391 Περὶ
783 3323 889 3378 τοῦ
927 3323 1079 3379 άὸϐᾶ
1108 3328 1509 3395 Παφνουτίου.

348 3445 418 3491 α’.
462 3433 631 3491 Εἶπεν
654 3437 682 3489 6
713 3436 887 3500 aesar;
921 3438 1278 3505 Παφνούτιος,
1303 3441 1386 3494 ὅτι
1418 3441 1682 3496 Διοδεύων
1711 3446 1769 3497 ὲν
1794 3446 1858 3516 τῇ

278 3528 405 3599 ὀδῷ,
447 3526 638 3597 γέγονέ
666 3544 733 3598 με
760 3528 1213 3601 ἀποπλανηθῆναι
1249 3534 1360 3587 ἀπὸ
1396 3533 1615 3606 δρόσου,
1649 3535 1743 3588 καὶ⁵
1767 3537 1861 3589 sb-

281 3621 503 3691 φθῆναι
552 3620 775 3690 πλησίον
824 3620 1035 3694 κώμης.
1078 3626 1188 3679 Καὶ
1231 3622 1369 3680 εἶδόν
1422 3645 1576 3692 τινας
1608 3628 1861 3699 ὁμιλοῦν-

279 3732 377 3779 τας
392 3714 438 3747 ⁸⁷
458 3712 705 3785 ἀλλήλοις
723 3730 740 3748 ο
764 3715 859 3768 καὶ
879 3715 1114 3787 ἐστάθην
1137 3717 1390 3794 δεόμενος
1411 3720 1539 3791 περὶ
1559 3720 1668 3776 τῶν
1688 3722 1864 3794 ἀμαρ-

279 3806 410 3860 τιῶν
453 3822 574 3876 μου.
606 3806 715 3859 Καὶ
765 3806 873 3860 ἰδοὺ
917 3808 1149 3876 ἄγγελος
1178 3804 1339 3880 ἦλθεν
1373 3811 1512 3882 ἔχων
1558 3813 1858 3884 ῥομφαίαν,

279 3898 375 3952 καὶ
419 3896 569 3966 λέγει
618 3914 739 3966 μοι·
777 3897 1103 3967 Παφνούτιε,
1132 3901 1335 3967 πάντες
1363 3905 1411 3957 οἱ
1436 3904 1711 3978 κρίνοντες
1738 3908 1863 3971 τοὺς

277 3986 545 4055 ἀδελφοὺς
572 3985 771 4051 αὐτῶν,
796 3988 856 4040 ὲν
895 3988 1067 4061 ταύτῃ
1114 3993 1180 4060 τῇ
1230 3993 1470 4065 ῥομφαίᾳ
1497 3994 1858 4049 ἀπολοῦνται·

280 4079 346 4133 σὺ
373 4078 432 4133 δὲ
456 4079 665 4132 ὅτιούκ
696 4077 940 4150 ἔκρινας,
974 4081 1088 4135 ἀλλ’
1113 4084 1483 4148 ἐταπείνωσας
1537 4085 1730 4139 ἑαυτὸν
1777 4087 1863 4139 ἐν-

282 4173 454 4224 ώπιον
498 4169 592 4223 τοῦ
636 4170 793 4235 Θεοῦ,
823 4172 899 4235 ώς
939 4174 1005 4227 σὺ
1056 4173 1157 4245 τὴν
1188 4174 1461 4245 ἁμαρτίαν
1505 4178 1754 4245 ποιήσας,
1775 4177 1863 4231 διὰ

284 4262 439 4317 τοῦτο
463 4262 529 4315 τὸ
560 4262 730 4334 ὄνομά
756 4281 851 4323 σου
884 4265 1260 4337 ἐγγέγραπται
1288 4266 1347 4319 ὲν
1376 4265 1540 4337 βίϐλῳ
1567 4263 1803 4332 ζώντων.

353 4352 422 4424 β’.
467 4353 693 4422 Ἔλεγον
732 4356 862 4427 περὶ
892 4355 988 4408 τοῦ
1017 4356 1161 4412 sese
1189 4357 1543 4427 Παφνουτίου,
1570 4360 1653 4412 ὅτι
1681 4361 1742 4413 οὐ
1769 4378 1865 4415 τα-

284 4444 422 4511 χέως
453 4442 637 4496 ἔπινεν
664 4439 828 4499 οἶνον.
845 4444 1073 4500 Ὀδεύων
1100 4446 1156 4500 δέ
1190 4464 1321 4501 ποτε
1350 4448 1547 4522 εὑρέθη
1570 4450 1755 4505 ἐπάνω
1774 4468 1866 4506 κο⁶

1962 1955 2111 2010 tibus
2162 1965 2343 2011 autem
2378 1955 2489 2010 illis
2535 1955 2591 2009 in
2638 1957 2894 2023 ecclesia,
2920 1956 3300 2027 compulerunt
3350 1971 3445 2011 eos
3474 1966 3534 2011 ut

1960 2048 2210 2102 venirent
2228 2047 2297 2102 ad
2332 2058 2575 2103 mensam
2598 2062 2814 2103 senum.
2842 2046 3118 2118 IEgreque
3147 2047 3417 2103 adductus
3439 2049 3534 2103 ab-

1959 2139 2057 2195 bas
2095 2138 2288 2194 Petrus
2327 2140 2424 2194 ivit
2458 2138 2631 2195 solus.
2663 2136 2733 2192 Ut
2763 2149 2941 2194 autem
2985 2147 3365 2201 surrexerunt,
3402 2139 3536 2194 dicit

1958 2230 2009 2285 ei
2042 2230 2215 2286 abbas
2247 2229 2612 2300 Epimachus:
2646 2229 2763 2296 Qua
2787 2229 3001 2286 ratione
3026 2245 3196 2286 ausus
3212 2245 3272 2286 es
3296 2231 3446 2286 abire
3467 2232 3535 2285 ad

1961 2338 2207 2378 mensam
2244 2321 2480 2377 senum?
2514 2320 2822 2393 Respondit
2849 2323 2980 2377 ille:
3014 2321 3073 2376 Si
3107 2322 3389 2378 vobiscum
3450 2338 3536 2379 ses

1961 2412 2184 2475 dissem,
2224 2410 2372 2465 velut
2404 2424 2588 2467 senem
2639 2409 2835 2467 fratres
2872 2410 3076 2466 hortati
3121 2427 3207 2467 me
3246 2419 3430 2467 essent
3478 2422 3536 2465 ut

1960 2502 2170 2573 primus
2201 2500 2617 2566 benedicerem,
2651 2510 2708 2556 et
2742 2507 3003 2571 tanquam
3039 2500 3215 2571 major
3250 2501 3403 2556 vobis
3441 2501 3535 2556 ha-

1962 2596 2113 2651 bitus
2161 2594 2432 2650 fuissem:
2471 2593 2584 2662 jam
2628 2607 2758 2647 vero
2804 2592 3083 2662 profectus
3125 2593 3282 2662 juxta
3326 2592 3533 2658 Patres,

1961 2686 2206 2740 omnium
2251 2684 2331 2741 fui
2369 2686 2649 2741 minimus.
2701 2698 2767 2739 ac
2821 2691 3004 2740 mente
3060 2684 3320 2738 humilior
3358 2684 3537 2740 factus

1964 2792 2108 2831 sum.

2033 2871 2086 2926 4.
2127 2868 2275 2924 Dixit
2298 2869 2468 2925 abbas
2495 2868 2688 2923 Petrus
2714 2886 2727 2921 :
2758 2867 2878 2921 Non
2917 2873 3131 2936 oportet
3162 2866 3369 2929 extolli,
3411 2880 3534 2920 cum

1964 2963 2108 3021 Deus
2163 2962 2369 3034 aliquid
2412 2978 2506 3033 per
2557 2977 2659 3017 nos
2717 2960 2939 3025 fecerit,
2986 2959 3079 3015 sed
3125 2959 3305 3028 potius
3334 2959 3536 3028 gratias

1964 3071 2126 3128 agere
2161 3056 2305 3126 quod
2347 3054 2495 3125 digni
2548 3053 2674 3107 facti
2720 3053 2982 3108 fuerimus
3005 3052 3099 3122 qui
3126 3066 3444 3106 vocaremur
3468 3054 3538 3104 ab

1964 3167 2051 3207 eo.
2093 3150 2363 3213 Addebat,
2399 3148 2659 3218 expedire
2704 3154 2762 3199 ut
2794 3145 2847 3199 in
2878 3145 3025 3200 omni
3056 3146 3258 3199 virtute
3285 3142 3417 3197 illud
3452 3157 3538 3197 re-

1885 3230 1927 3285 δ
1961 3257 2233 3316 putemus.

2423 3330 2496 3385 De
2533 3329 2724 3384 abbate
2760 3326 3081 3397 Papltnutio.

2035 3448 2082 3501 l.
2123 3448 2378 3501 Narravit
2412 3444 2580 3499 abbas
2612 3441 2988 3513 Paphnutius:
3034 3438 3140 3494 Per
3168 3438 3311 3493 viam
3347 3445 3534 3492 trans~

1963 3540 2104 3603 iens,
2145 3538 2371 3609 contigit
2413 3545 2472 3590 ut
2510 3537 2822 3591 aberrarem
2890 3533 2961 3589 ob
3001 3547 3203 3596 rorem,
3259 3543 3325 3584 ac
3361 3543 3530 3601 prope
3574 3566 3579 3571 .

1963 3629 2143 3683 vicum
2164 3642 2364 3683 essem.
2385 3626 2499 3681 illic
2521 3626 2631 3681 vidi
2653 3623 2916 3695 quosdam
2950 3622 3184 3693 turpiter
3199 3628 3424 3693 agentes
3446 3636 3462 3685 ;
3486 3626 3537 3675 et

1964 3719 2088 3776 steti
2121 3719 2381 3787 oravique
2406 3733 2505 3787 pro
2531 3714 2774 3786 peccatis
2806 3714 2966 3773 meis.
3004 3711 3147 3767 Ecce
3196 3710 3420 3779 angelus
3442 3708 3537 3763 dc-

1964 3812 2177 3870 scendit
2210 3821 2403 3867 tenens
2457 3808 2736 3872 frameam,
2774 3808 2960 3877 aitque
3017 3804 3190 3859 mihi:
3242 3801 3538 3872 Paphnuti,

1963 3919 2157 3961 omnes
2185 3903 2278 3974 qui
2305 3902 2553 3972 judicant
2594 3899 2794 3953 fratres
2827 3912 2995 3960 suos,
3041 3896 3143 3949 hac
3182 3893 3384 3947 framea
3416 3907 3541 3961 pcr-

1966 3998 2151 4061 ibunt;
2194 3994 2318 4065 quia
2349 4007 2477 4046 vero
2508 3988 2916 4060 nonjudicasti,
2948 3986 3041 4041 sed
3073 3984 3333 4039 humilem
3372 3992 3425 4037 te
3452 3998 3541 4037 ex-

1965 4084 2191 4141 hibuisti
2221 4096 2405 4137 coram
2455 4079 2563 4134 Deo
2589 4117 2604 4142 ,
2646 4076 2805 4147 quasi
2850 4075 2967 4145 ipse
3003 4074 3262 4129 delictum
3312 4073 3541 4126 commi-

1965 4179 2157 4243 sisses,
2202 4176 2326 4231 ideo
2378 4187 2575 4228 nomen
2623 4177 2775 4224 tuum
2827 4166 3155 4237 inscriptum
3189 4170 3275 4220 est
3315 4163 3370 4219 in
3403 4162 3542 4217 libro

1965 4268 2286 4324 viventium.

2034 4360 2090 4415 2.
2125 4357 2237 4430 (20)
2268 4355 2501 4414 Aiebam
2532 4353 2601 4410 de
2639 4352 2837 4409 abbate
2880 4349 3211 4422 Paphnutio,
3260 4346 3405 4420 quod
3436 4362 3541 4401 non

1969 4450 2125 4506 facile
2152 4449 2361 4504 biberet
2399 4446 2609 4502 vinum.
2635 4443 2945 4516 Aliquando
2975 4450 3155 4497 autem
3190 4439 3246 4494 in
3280 4439 3364 4493 via
3395 4437 3544 4491 inco-

283 4532 471 4603 ληγίου
487 4532 534 4566 δ’
559 4532 790 4604 λῃστῶν,
817 4536 912 4588 καὶ
937 4530 1093 4607 εὗρεν
1125 4538 1320 4603 αὐτοὺς
1350 4540 1606 4605 πίνοντας
1637 4538 1779 4597 οἶνον
1794 4542 1858 4598 δ’.

1967 4544 2121 4605 dens,
2155 4539 2350 4595 incidit
2394 4539 2450 4593 in
2499 4539 2773 4593 latronum
2820 4535 3184 4605 manipulum,
3232 4530 3546 4600 invenitque

296 4623 590 4695 Ἐγνώριξε
630 4625 686 4679 δὲ
737 4627 899 4681 αὑτὸν
930 4630 958 4682 6
987 4628 1339 4703 ἀρχιλῃστὴς,
1390 4633 1485 4688 καὶ
1522 4633 1638 4704 ᾔδει
1678 4636 1761 4689 ὅτι
1802 4636 1862 4689 οὐ

286 4716 428 4770 πίνει
451 4711 617 4769 οἶνον.
649 4717 759 4789 Καὶ.
781 4715 1001 4789 θεωρῶν
1021 4719 1182 4773 αὐτὸν
1204 4720 1312 4773 ἀπὸ
1337 4720 1573 4791 μεγάλου
1592 4723 1638 4754 ⁸⁰
1669 4722 1861 4787 κόπου,

283 4808 509 4880 ἑγέμισε
559 4812 816 4882 ποτήριον
867 4811 1032 4877 οἴνου,
1068 4812 1223 4865 acad.“
1256 4812 1317 4866 τὸ
1351 4811 1503 4883 ξίφος
1540 4816 1599 4869 ἐν
1627 4818 1691 4887 τῇ
1721 4818 1867 4888 χειρὶ

283 4899 473 4963 αὐτοῦ,
501 4900 595 4953 καὶ
638 4900 784 4969 λέγει
810 4901 889 4972 τῷ
918 4902 1166 4974 γέροντι’
1212 4904 1336 4957 Ἐὰν
1368 4905 1443 4977 μὴ
1471 4906 1621 4978 πίῃς,
1656 4908 1868 4977 φονεύω

285 5009 362 5045 σε.
396 4990 565 5054 Γνοὺς
593 4989 650 5043 δὲ
675 4992 703 5044 6
732 4990 908 5062 γέρων
932 4992 1017 5045 ὅτι
1040 4993 1259 5065 ἐντολὴν
1278 4994 1414 5048 Θεοῦ
1446 4995 1589 5049 θέλει
1620 4997 1864 5067 ποιῆσαι,

287 5080 610 5152 βουλόμενος
655 5080 818 5132 αὐτὸν
868 5082 1149 5153 κερδῆσαι,
1179 5083 1338 5137 έλαὸε
1392 5085 1486 5138 καὶ
1534 5066 1782 5140 ἐπιενίὉ
1811 5087 1869 5141 δὲ

285 5169 618 5243 ἀρχιλῃστὴς
673 5171 998 5243 μετενόησεν
1046 5173 1215 5243 αὐτῷ,
1245 5174 1420 5243 λέγων
1443 5192 1457 5205 θ
1505 5176 1868 5249 Συγχώρησόν

290 5282 399 5334 μοι,
430 5263 596 5327 ἀὸὁᾶ,
628 5264 709 5316 ὅτι
755 5263 950 5334 ἐθλιψά
980 5282 1060 5321 σε.
1097 5267 1208 5320 Καὶ
1239 5267 1385 5337 λέγει
1433 5271 1462 5323 6
1510 5270 1720 5339 γέρωνο
1774 5271 1870 5323 Πι-

289 5358 461 5411 στεύω
486 5355 565 5427 τῷ
591 5354 730 5427 Θεῷ,
756 5356 839 5411 ὃτι
863 5359 952 5414 διὰ
984 5359 1044 5413 τὸ
1082 5362 1340 5433 ποτήριον
1370 5361 1528 5416 τοῦτο
1558 5366 1701 5416 ποιεί
1730 5362 1869 5434 μετά

293 5447 384 5502 σοῦ
420 5450 568 5512 ἕλεος
598 5447 690 5501 καὶ
735 5449 794 5503 ἐν
836 5451 914 5524 τῷ
941 5453 1034 5507 νῦν
1065 5454 1159 5509 καὶ
1194 5456 1252 5508 ἐν
1291 5454 1367 5527 τῷ
1403 5454 1647 5525 μέλλοντι
1689 5455 1868 5509 αἰῶνι.

1969 4649 2067 4689 eos
2098 4633 2281 4687 vinum
2319 4631 2593 4687 bibentes.
2624 4622 2798 4684 Porro
2831 4626 3195 4698 cognoscebat
3226 4638 3349 4679 eum
3379 4622 3547 4674 latro-

1970 4740 2099 4779 num
2125 4724 2257 4787 dux,
2298 4722 2617 4792 sciebatque
2643 4719 2790 4790 quod
2819 4733 2929 4773 non
2967 4715 3181 4771 biberet
3206 4712 3411 4766 vinum.
3455 4708 3548 4763 Vi-

1971 4816 2107 4873 dens
2156 4831 2286 4888 ergo
2326 4814 2485 4870 valde
2544 4814 2776 4875 fessum,
2824 4808 3051 4864 calicem
3101 4805 3233 4859 vino
3281 4800 3543 4870 implevit,

1973 4907 2315 4980 sumptoque
2341 4909 2395 4963 in
2426 4919 2649 4960 manum
2690 4916 2854 4967 ense,
2879 4900 2956 4953 ait
2981 4896 3098 4953 seni
3131 4914 3144 4950 :
3176 4893 3290 4949 Nisi
3316 4893 3544 4953 biberis.

1974 5002 2167 5058 occido
2202 5007 2274 5055 te.
2309 4999 2379 5053 At
2405 5013 2569 5053 senex
2595 5034 2610 5059 ,
2648 4994 2743 5065 qui
2789 4998 2996 5053 nosset,
3029 5005 3095 5045 ex
3140 4985 3399 5041 mandato
3452 4983 3544 5039 Dei

1977 5094 2112 5148 velle
2157 5107 2281 5147 eum
2336 5090 2535 5151 facere,
2600 5086 2830 5156 cupiens
2863 5083 3066 5139 lucrari
3109 5078 3383 5135 hominem
3409 5115 3425 5141 ,
3458 5091 3549 5130 ac-

1972 5188 2117 5256 cepit
2145 5192 2199 5239 ct
2223 5183 2380 5238 bibit.
2409 5182 2564 5236 Tunc
2597 5180 2869 5233 latronum
2906 5176 3162 5246 princeps
3187 5168 3467 5226 inclinavit
3488 5183 3549 5223 se

1976 5277 2273 5340 humiliter,
2302 5275 2528 5330 dicens:
2564 5272 2790 5342 Ignosce
2830 5268 2983 5331 mibi,
3020 5266 3183 5328 abba,
3228 5263 3353 5319 site
3382 5261 3548 5315 mole—

1976 5368 2078 5423 stia
2108 5365 2403 5421 affecerim.
2446 5363 2534 5418 Ait
2564 5377 2725 5418 senex
2756 5379 2769 5414 :
2803 5356 3031 5414 Conﬁdo
3072 5357 3129 5411 in
3167 5355 3337 5411 Deum
3360 5393 3374 5416 ,
3403 5351 3547 5423 quod

1976 5465 2199 5529 propter
2230 5456 2453 5511 calicem
2494 5455 2639 5507 hunc
2691 5450 2938 5505 facturus
2980 5448 3051 5503 sit
3092 5447 3191 5501 tibi
3240 5443 3550 5500 miscricor-

363 5610 407 5639 "
437 5612 671 5693 A!.add.
719 5612 935 5670 ἑαυτοῦ,
1014 5617 1057 5648 ⁸⁷
1091 5616 1175 5669 ΑΙ.
1231 5614 1398 5669 inscr.
1435 5608 1696 5733 αἰσχὲῶς.
1771 5610 1814 5643 ⁸⁸
1845 5625 1858 5665 Α

363 5681 447 5734 Al.
485 5697 655 5734 mser.
685 5682 884 5734 λαϐών.
962 5685 1008 5718 ⁸⁸
1039 5684 1209 5734 Exod.
1245 5698 1356 5734 ut.
1399 5681 1451 5734 2.
1480 5680 1530 5734 4.
1600 5721 1613 5734 .
1643 5680 1696 5734 6.
1836 5715 1854 5731 .

1986 5609 2292 5680 κολληγίου.
2370 5609 2414 5642 ⁸⁸
2445 5611 2611 5666 Abest
2664 5607 2807 5663 οἶνον
2859 5608 2924 5664 ab
2975 5608 3043 5662 al.
3121 5609 3166 5641 ⁶⁰
3185 5605 3271 5664 Al.
3330 5602 3546 5658 πολλοῦ.

306 5668 447 5735 "Al.
485 5683 655 5738 inser.
685 5682 884 5738 λαϐών.
924 5668 930 5670 ⁷
962 5685 1008 5718 ⁸⁸
1038 5668 1209 5741 Ετοιὶ.
1245 5668 1356 5749 an,
1399 5681 1451 5744 Ξ,
1480 5668 1613 5746 -ί,“έ“›,
1643 5668 1696 5734 6.

370 5799 479 5869 (20)
531 5798 637 5856 Vit.
669 5802 821 5858 Patr.
854 5818 987 5869 xv",
1022 5803 1107 5858 12.
