4032 6338
505 384 610 445 579

1635 387 1980 458 AbeENDix
2018 405 2109 458 AD
2151 402 2566 467 PALLADIUM.

3658 420 3765 485 380

501 502 646 558 diam
684 506 737 557 et
770 502 823 556 in
855 501 960 558 hoc
988 504 1118 560 etin
1148 504 1334 562 futuro
1371 512 1591 568 saculo.
1628 512 1768 570 Dicit
1796 517 2058 575 latronum

2174 526 2335 595 Λέγει
2365 529 2394 581 6
2421 527 2752 601 ἀρχιλῃστὴς
2771 536 2789 557 ·’
2813 528 3062 583 Πιστεύω
3115 530 3192 603 τῷ
3218 529 3357 607 Θεῷ,
3387 534 3470 591 ὅτι
3517 537 3626 593 άπδ
3666 543 3757 598 τοῦ

410 654 413 659 ⁴
505 594 710 663 primus
736 610 750 648 :
776 592 1003 649 Conﬁdo
1035 594 1088 649 in
1127 594 1257 660 Deo,
1285 600 1431 669 quod
1464 603 1532 657 ab
1576 604 1683 658 isto
1716 614 1961 677 tempore
1987 628 2082 667 ne-

507 683 637 737 mini
681 684 882 738 malum
928 685 1176 746 facturus
1236 690 1361 746 sim.
1412 692 1477 748 Et
1519 694 1761 753 lucratus
1791 711 1876 757 est
1913 718 2079 760 senex

505 782 681 829 totum
727 776 998 831 latronum
1030 779 1340 850 collegium,
1383 783 1708 843 dimittendo
1746 801 1968 862 propter
1985 793 2080 850 Do-

502 867 709 921 minum
743 869 1075 923 Voluntatem
1115 888 1292 927 suam.
1619 915 1623 919 η

571 960 623 1016 5.
669 959 871 1014 Retulit
922 962 1094 1018 abbas
1139 961 1382 1031 Paamen,
1429 966 1636 1027 dixisse
1682 972 1931 1030 abbatem
1985 976 2078 1031 Pa-

498 1050 785 1118 phnutiqu
816 1069 827 1104 :
864 1050 1095 1106 Cunctis
1125 1052 1316 1111 diebus
1350 1058 1473 1113 vitae
1502 1074 1716 1127 semlm,
1763 1064 1847 1119 bis
1887 1066 2075 1138 singu-

497 1141 566 1195 lis
619 1141 901 1198 mensibus
952 1143 1064 1198 adii
1115 1159 1234 1211 eos,
1293 1146 1522 1204 dissitus
1567 1153 1746 1222 spatio
1786 1155 2072 1211 duodecim

497 1233 836 1298 milliarium,
873 1242 927 1290 et
947 1235 1213 1306 quidquid
1247 1240 1615 1310 cogitaveram
1643 1247 1950 1314 aperiebant
1971 1250 2069 1315 eis,

496 1340 597 1382 nec
656 1326 954 1397 quidquam
990 1326 1138 1381 aliud
1188 1332 1610 1400 respondebant,
1664 1346 1863 1406 praeter
1915 1339 2067 1398 hoc:

496 1417 580 1473 Ad
607 1433 992 1489 quemcunque
1024 1421 1200 1475 locum
1228 1427 1563 1494 perrexeris,
1601 1442 1669 1482 ne
1698 1431 1940 1489 metiaris
1982 1442 2067 1503 te;

492 1524 558 1564 ac
590 1510 645 1565 in
678 1511 862 1580 quiete
900 1510 1082 1581 deges.

558 1602 613 1657 4.
654 1602 713 1658 In
746 1601 891 1657 Sceti
929 1602 1160 1672 degebat
1188 1618 1315 1659 cum
1363 1607 1561 1664 abbate
1603 1606 1913 1681 Paphnutio
1945 1616 2071 1686 qui-

488 1692 619 1746 dam
653 1691 845 1758 frater,
881 1693 975 1761 qui
1003 1692 1427 1765 impugnabatur
1455 1698 1523 1752 ad
1546 1699 1984 1769 fornicationem,
2013 1714 2067 1761 et

488 1782 709 1838 dicebat
737 1802 751 1837 :
783 1781 1046 1849 Quamvis
1073 1785 1262 1841 decem
1293 1803 1491 1844 uxores
1519 1805 1801 1862 accepero,
1839 1811 1946 1851 non
1972 1813 2065 1852 cx-

2181 616 2276 672 νῦν
2297 619 2358 672 οὐ
2389 620 2463 691 μὴ
2495 621 2844 693 κακοποιήσω
2884 620 3027 676 τινά.
3060 623 3171 677 Kal
3207 625 3500 699 ἐκέρδησεν
3526 632 3555 684 6
3581 632 3757 705 γέρων

2179 708 2297 763 ὅλον
2314 710 2415 764 ’τὸν
2439 711 2774 783 κολήγιονυ,
2805 712 2965 783 ἀφεὶς
3014 712 3077 767 τὸ
3122 713 3331 787 θέλημα
3356 718 3520 773 αὐτοῦ
3548 722 3636 776 δια
3665 724 3754 778 τὸν

2180 801 2384 873 Κύριον
2399 801 2466 855 ⁸⁵.

2245 982 2315 1043 γ’.
2358 971 2522 1030 Εἶπεν
2549 973 2578 1031 6
2608 968 2780 1041 άϐϐᾶς
2810 969 3044 1049 Ποιμὴν,
3073 979 3157 1033 ὅτι
3184 979 3423 1050 ἔλεγενό
3447 980 3752 1047 “ﬁde-nae

2174 1068 2451 1138 φνούτιος·
2482 1069 2577 1134 Είς
2608 1069 2789 1136 πάσας
2831 1071 2934 1134 τὰς
2977 1069 3191 1143 ἡμέρας
3217 1074 3318 1144 τῆς
3357 1072 3503 1147 ζωῆς
3525 1077 3634 1131 τῶν
3661 1094 3759 1147 γεε

2176 1159 2398 1230 ρόντων,
2432 1159 2513 1224 δίς
2562 1155 2653 1215 τὸν
2689 1162 2832 1232 μῆνα
2885 1159 3191 1232 παρέϐαλον
3237 1164 3440 1229 αὐτοῖς,
3476 1164 3614 1237 ἔχων
3656 1162 3757 1221 an"

2172 1250 2348 1305 αὐτῶν
2370 1251 2433 1304 τδ
2450 1252 2722 1324 διάστημα
2752 1253 2904 1325 μίλια
2926 1254 3156 1323 δώδεκα,
3174 1254 3268 1310 zeal
3294 1256 3470 1312 πάντα
3492 1259 3756 1331 λογισμὸν

2171 1341 2355 1411 ἔλεγον
2382 1345 2585 1407 αὐτοῖς,
2614 1346 2709 1399 zeal
2733 1346 2886 1401 οὐδέν
2924 1365 3017 1418 μοι
3041 1348 3227 1420 ἕτερον
3260 1349 3465 1418 ἔλεγον,
3507 1349 3541 1422 ἢ
3567 1349 3747 1415 τοῦτο.

2169 1434 2251 1487 ὅτι
2284 1434 2379 1499 Είς
2408 1435 2466 1490 δν
2502 1436 2567 1490 ἃν
2589 1437 2754 1491 τόπον
2774 1438 3047 1513 ἀπέλθῃς,
3072 1439 3148 1512 μὴ
3185 1442 3405 1514 μετρεῖς
3428 1441 3640 1507 ἑαυτὸν,
3658 1444 3751 1496 zeal

2168 1522 2266 1598 ἔσῃ
2290 1525 2739 1597 ἀναπαυόμενος.
3438 1610 3444 1614 ἢ

2238 1616 2300 1670 δ’.
2340 1612 2450 1670 Ἦν
2481 1632 2565 1681 τις
2593 1617 2822 1688 ἀδελφὸς
2849 1621 2929 1683 είς
2958 1619 3154 1690 Σκῆτιν
3191 1619 3328 1690 μετὰ
3346 1612 3444 1674 τοῦ
3465 1620 3610 1675 assa
3632 1621 3747 1676 Παι-

2168 1707 2440 1778 φνουτίου,
2471 1709 2566 1763 καὶ
2602 1708 2924 1781 ἐπολεμεῖτο
2962 1709 3042 1775 είς
3080 1711 3359 1782 πορνείαν,
3392 1713 3487 1766 καὶ
3528 1711 3744 1783 ἔλεγεν·

2180 1797 2307 1851 Ἐὰν
2340 1798 2489 1852 λάϐω
2526 1798 2658 1852 δέκα
2688 1802 2969 1868 γυναῖκας,
3002 1800 3065 1853 οὑ
3106 1799 3298 1873 πληρῶ
3323 1800 3421 1872 τὴν
3451 1800 3758 1873 ἐπιθυμίαν

488 1874 648 1944 plebo
704 1875 1060 1945 cupiditatem
1113 1892 1312 1933 meam.
1345 1879 1521 1936 Senex
1564 1899 1694 1940 vero
1742 1886 2058 1944 hortabatur

2169 1907 2291 1961 μου.
2310 1888 2366 1945 Ὁ
2397 1890 2453 1945 δὲ
2484 1891 2663 1962 γέρων
2696 1891 2994 1962 παρεκάλει
3022 1872 3230 1961 λέγων·
3258 1891 3370 1965 Μὴ,
3396 1872 3629 1947 τέκνον·
3646 1893 3747 1946 πό-

486 1966 570 2020 his
601 1967 826 2021 verbis:
867 1965 1258 2038 Nequaquam,
1298 1970 1411 2039 Illi;
1463 1972 1801 2045 impugnatio
1840 1986 1924 2034 εει
1952 1980 2063 2035 (ιω.

484 2073 729 2113 ιιιοηιιιη.
771 2058 838 2111 At
868 2059 958 2114 ille
995 2060 1170 2114 noluit
1205 2061 1617 2133 obtemperare,
1650 2068 1743 2123 sed
1786 2070 2064 2140 profectus

481 2153 568 2202 est
602 2146 654 2199 in
686 2146 977 2217 ngyptum
1005 2190 1021 2215 ,
1070 2149 1160 2203 ubi
1203 2150 1356 2206 duxit
1389 2169 1634 2210 uxorem.
1675 2155 1804 2213 Post
1843 2161 2062 2230 aliquod

483 2245 699 2307 tempus
733 2238 964 2310 contigit
988 2246 1045 2293 ut
1070 2255 1237 2296 senex
1273 2241 1328 2297 in
1359 2243 1656 2318 Egyptum
1691 2252 2014 2310 ascenderet
2043 2271 2060 2309 :

481 2329 593 2384 illic
631 2329 854 2384 offendit
894 2334 1019 2386 eum
1075 2342 1384 2404 portantem
1440 2341 1715 2409 sportulas
1752 2349 2059 2412 testardm,

480 2432 582 2472 nec
611 2419 850 2488 agnovit,
890 2420 986 2476 sed
1046 2424 1160 2492 ipse
1193 2425 1269 2479 ait
1309 2428 1469 2483 seni:
1532 2427 1642 2500 Ego
1700 2446 1821 2487 sum
1859 2435 1950 2491 ille
1981 2436 2058 2491 di-

480 2508 726 2579 scipulus
767 2518 912 2568 tuus.
967 2512 1144 2570 Senex
1196 2527 1377 2572 autem
1425 2519 1660 2576 intuitus
1703 2538 1827 2579 eum
1862 2526 1917 2581 in
1970 2528 2060 2585 illa

478 2598 814 2668 dejectione.
863 2602 1010 2659 llevit
1065 2607 1311 2678 dixitque
1362 2627 1378 2665 :
1442 2609 1731 2678 Quomodo
1800 2616 2059 2675 dimisisti

478 2691 741 2748 honorem
802 2694 977 2762 illum,
1043 2708 1095 2753 et
1141 2700 1339 2757 venisti
1388 2702 1457 2758 ad
1510 2704 2058 2766 dehonestamentum

478 2783 616 2839 hoc?
637 2783 840 2840 Verum
876 2790 1212 2860 accepistine
1242 2791 1429 2848 decem
1454 2798 1693 2853 uxores?
1715 2797 1807 2871 ille
1831 2802 2060 2872 ingemi-

477 2891 662 2942 scens,
713 2879 1041 2949 respondit:
1095 2880 1238 2938 Sane
1278 2885 1495 2940 unicam
1526 2887 1678 2952 duxi,
1716 2901 1769 2946 et
1798 2893 2058 2948 aerumnis

476 2963 761 3031 conﬁcior,
817 2983 929 3038 quo
979 2985 1118 3039 pane
1156 2972 1303 3026 illam
1354 2989 1599 3044 pascam.
1637 2977 1791 3034 Tunc
1825 2981 1891 3036 ad
1930 2998 2056 3039 eum

476 3070 642 3110 senex
667 3073 681 3109 :
715 3056 1008 3113 Revertere
1030 3060 1340 3115 nobiscum.
1384 3063 1604 3134 Excepit
1633 3085 1648 3120 :
1682 3067 1848 3125 Estne
1877 3072 2055 3141 penni-

2164 1980 2329 2053 λεμός
2369 1984 2490 2035 ἐστι
2523 1982 2630 2036 τῶν
2674 1982 2965 2054 δαιμόνων.
3012 1984 3124 2039 Kal
3169 1984 3270 2037 οὐκ
3312 1984 3576 2056 ἐπείσθη·
3610 1985 3749 2039 ἀλλά

2165 2069 2407 2142 ἀπῆλθεν
2437 2073 2519 2134 είς
2550 2071 2846 2141 Αἴγυπτον,
2876 2072 2971 2126 zeal
3010 2072 3170 2127 ἔλαϐε
3200 2076 3451 2142 γυναῖκα.
3500 2074 3654 2128 Μετὰ
3687 2073 3755 2128 δὲ·

2163 2158 2354 2229 χρόνον
2398 2159 2614 2228 ἐγένετο
2659 2159 2923 2232 ἀναϐῆναι
2957 2159 3047 2214 τδν
3071 2161 3304 2234 γέροντα
3338 2164 3419 2228 είς
3447 2163 3751 2233 Αἴγυπτον,

2162 2251 2258 2305 zeal
2287 2251 2600 2322 ἀπαντῆσαι
2627 2252 2789 2306 αὑτὸν
2831 2251 3171 2323 βαστάζοντα
3198 2256 3457 2327 σπυρίδια
3472 2257 3519 2289 ⁸⁸
3548 2257 3750 2328 ὀστράφ

2161 2358 2308 2396 κων·
2355 2344 2384 2396 6
2426 2342 2483 2395 δὲ
2528 2343 2708 2414 γέρων
2736 2343 2835 2397 οὐκ
2863 2343 3157 2415 ἐγνώρισεν
3205 2346 3399 2401 αὐτόν·
3428 2346 3546 2402 ἀλλ’
3579 2348 3757 2413 αὐτὸς

2160 2428 2308 2501 λέγει
2335 2431 2510 2504 αὐτῷ·
2552 2432 2695 2503 Ἔγώ
2723 2435 2840 2505 είμι
2888 2435 2918 2488 6
2967 2436 3115 2490 δεῖνα
3143 2438 3172 2490 6
3199 2436 3447 2508 μαθητής
3477 2454 3592 2493 σου.
3632 2438 3761 2494 Kal

2163 2526 2287 2580 ίδὼν
2328 2520 2490 2580 αὐτὸν
2539 2528 2569 2580 6
2614 2526 2794 2598 γέρων
2832 2529 2890 2582 ὲν
2932 2530 2998 2601 τῇ
3031 2529 3223 2601 ἀτιμίᾳ
3255 2530 3456 2602 ἐκείνῃ,
3487 2530 3763 2598 ἔκλαυσε,-

2160 2616 2257 2671 καὶ
2289 2612 2443 2671 εἶπε·
2472 2616 2598 2682 Πῶς
2632 2618 2852 2689 ἀφῆκας
2880 2618 2977 2690 τὴν
3007 2619 3173 2691 τιμὴν
3194 2619 3431 2693 ἐκείνην,
3456 2621 3550 2675 zeal
3578 2617 3749 2694 ἦλθες

2160 2710 2242 2773 είς
2272 2709 2372 2781 τὴν
2391 2710 2616 2780 ἀτιμίαν
2639 2710 2843 2783 ταύτην
2864 2726 2879 2777 ;
2908 2712 3046 2784 πλὴν
3069 2712 3259 2776 ἔλαϐες
3281 2712 3380 2777 τὰς
3403 2713 3533 2768 δέκα
3556 2718 3751 2783 γυναϊε

2160 2818 2289 2866 κας;
2325 2803 2436 2856 Kal
2470 2803 2733 2868 στενάξας
2764 2800 2916 2858 εἷπε·
2941 2805 3105 2858 Φύσει
3137 2803 3265 2876 μίαν
3297 2804 3505 2870 ἔλαϐον,
3529 2807 3622 2859 zeal
3640 2824 3755 2860 ται--

2157 2893 2421 2967 λαιπωρῶ
2446 2896 2563 2960 πῶς
2592 2896 2762 2967 αὐτὴν
2781 2898 3032 2970 χορτάσω
3063 2897 3247 2969 άρτον.
3277 2896 3388 2950 Kal
3412 2897 3559 2967 λέγει
3590 2897 3746 2969 αὐτῷ

2156 2984 2187 3039 ὸ
2220 2987 2430 3060 γέρων·
2478 2986 2648 3059 Δεῦρο
2693 2988 2855 3042 πάλιν
2887 2987 3005 3058 μεθ’
3033 2988 3209 3060 ἡμῶν.
3232 2988 3343 3041 Kal
3392 2983 3571 3043 εἶπεν·
3617 2987 3760 3043 Ἔνιῖ

2161 3081 2439 3152 μετάνοια,
2474 3079 2650 3146 ά66ᾶ;
2696 3081 2757 3134 ’0
2783 3078 2841 3135 δὲ
2873 3077 3026 3135 εἶπεν
3046 3098 3059 3111 ·
3093 3083 3231 3136 Ἔνι.
3275 3082 3386 3135 Kal
3414 3080 3753 3152 καταλείψας

474 3150 664 3205 tentiae
694 3151 871 3218 locus,
900 3154 1081 3208 abba?
1107 3153 1223 3219 Est,
1257 3156 1453 3227 inquit.
1486 3158 1711 3218 Relictis
1732 3179 1861 3235 ergo
1884 3167 2058 3221 omni-

479 3243 576 3267 ....-
618 3249 838 3267 ---.....-
903 3250 981 3267 Α-.
1026 3258 1181 3267 -.-__.
1210 3252 1257 3267 -.
1295 3243 1491 3267 om.--
1532 3249 1619 3267 ,μέν
1902 3255 1914 3267 .

2160 3150 2360 3236 πάντα,
2388 3171 2756 3244 ἠκολούθησεν
2784 3172 2949 3225 αὐτόν
2969 3189 2983 3203 ·
3008 3172 3104 3227 καὶ
3134 3172 3391 3227 εἰσελθὼν
3416 3175 3497 3237 είς
3517 3150 3755 3244 Σκῆτιν,-

477 3243 580 3296 bus
617 3249 841 3296 secutus
900 3250 985 3297 est
1023 3258 1183 3310 eum;
1206 3252 1262 3300 et
1294 3243 1496 3301 Scetim
1531 3249 1832 3322 ingressus,
1866 3255 1934 3309 ab
1964 3272 2059 3312 ex-

478 3333 782 3403 perimento
823 3336 999 3391 evasit
1031 3337 1238 3406 probus
1274 3341 1598 3399 monachus.

547 3424 602 3480 5.
654 3421 903 3480 Fratrem
954 3426 1009 3481 in
1059 3428 1356 3487 solitudine
1383 3431 1680 3492 Thebaidis
1713 3453 2059 3494 commoran-

473 3521 587 3568 tem
617 3514 785 3569 subiit
813 3514 917 3569 ista
948 3518 1242 3589 cogitatio:
1281 3520 1420 3588 Quid
1455 3524 1614 3583 sedes
1643 3526 2059 3587 infructuosus?

473 3601 676 3676 Surge,
741 3606 829 3662 abi
894 3608 962 3663 ad
1017 3616 1446 3685 monasterium,
1480 3619 1555 3675 ibi
1604 3619 1842 3677 fructum
1892 3624 2053 3681 feres.

475 3694 668 3766 Itaque
698 3710 953 3769 surgens,
985 3703 1134 3757 venit
1186 3706 1254 3760 ad
1293 3708 1545 3763 abbatem
1577 3710 1967 3782 Paphnutium,
2001 3725 2056 3772 et

474 3786 774 3843 declaravit
819 3790 868 3845 ei
918 3794 1326 3864 cogitationem.
1368 3798 1579 3857 Monuit
1611 3819 1776 3860 senex
1813 3824 1825 3858 :
1874 3804 2051 3874 Redi,

467 3876 601 3934 sede
628 3876 682 3933 in
716 3879 851 3935 cella
881 3889 1011 3950 tua;
1044 3883 1130 3941 fac
1152 3902 1316 3942 unam
1340 3891 1646 3947 orationem
1676 3909 1857 3961 mane,
1888 3912 2053 3954 unam

471 3968 709 4039 vesperi,
764 3984 930 4026 unam
976 3982 1180 4041 noctu;
1220 3991 1347 4031 cum
1395 3981 1683 4046 esurieris,
1724 3986 2051 4057 manduca;

466 4069 596 4112 cum
648 4060 889 4123 sitieris,
934 4061 1092 4131 bibe;
1149 4081 1275 4121 cum
1319 4083 1514 4125 somno
1564 4079 1805 4132 tentatus
1858 4076 2049 4147 fueris,

470 4149 681 4215 dormi;
731 4165 796 4206 ac
826 4168 1054 4210 remane
1098 4157 1153 4211 in
1200 4173 1420 4229 eremo;
1466 4178 1568 4219 nec
1610 4167 1928 4237 cogitationi
1972 4171 2051 4226 illi

464 4238 818 4306 obsequaris.
860 4240 1109 4299 Accessit
1149 4248 1316 4303 etiam
1370 4251 1437 4306 ad
1477 4253 1731 4313 abbatem
1763 4257 2048 4329 Joannem,

472 4329 919 4399 renuntiavitque
973 4334 1022 4387 ei
1068 4338 1233 4392 verba
1286 4340 1502 4399 abbatis
1547 4344 1858 4419 Paphnutii.
1909 4351 2050 4408 Dicit

467 4417 645 4472 abbas
698 4416 981 4478 Joannes:
1040 4424 1119 4481 Ne
1178 4432 1404 4486 omnino
1453 4416 1758 4497 orationem
1811 4444 2045 4515 feceris;

2159 3264 2267 3317 ἀπὸ
2294 3264 2393 3334 τῆς
2425 3263 2621 3334 πείρας
2652 3264 2844 3335 γέγονε
2869 3264 3092 3337 δόκιμος
3129 3265 3382 3337 μοναχός.

2230 3439 2292 3496 ε’.
2343 3439 2584 3510 Ἀδελφῷ
2613 3442 2673 3494 ὲν
2793 3439 2987 3513 ἐρήμῳ
3017 3441 3311 3513 καθημένῳ
3333 3440 3434 3513 τῆς
3452 3440 3747 3512 Θηϐαΐδος,

2154 3512 2319 3603 ἦλθεν
2377 3531 2526 3602 αὺτῷ
2571 3512 2850 3604 λογισμὸς.
2898 3533 3106 3602 λέγων’
3265 3534 3408 3609 κάθῃ
3451 3535 3698 3606 ἄκαρπος
3722 3551 3751 3600 ἲ

2155 3626 2385 3690 ἀνάστα,
2419 3624 2595 3694 ὕπαγε
2645 3629 2726 3690 είς
2760 3626 3047 3691 κοινόϐιον,
3098 3628 3194 3682 zeal
3233 3631 3348 3681 ἐκεῖ
3381 3630 3553 3692 ποιεῖς
3599 3645 3743 3696 καρ-

2156 3716 2279 3773 πόν.
2313 3719 2423 3773 Kal
2464 3721 2703 3784 ἀναστὰς
2729 3717 2859 3792 ἦλθε
2894 3718 3030 3792 πρὸς
3064 3720 3156 3774 τὸν
3182 3719 3357 3775 ἀϐϐἄν
3380 3720 3738 3791 Παφνοῠτιον,

2155 3808 2251 3862 zeal
2281 3810 2604 3882 ἀνήγγειλεν
2629 3811 2778 3884 αὐτῷ
2822 3809 2915 3866 τὸν
2953 3812 3234 3882 λογισμόν.
3265 3814 3375 3866 Kal
3410 3811 3557 3880 λέγει
3588 3812 3739 3881 αὐτῷ

2152 3902 2183 3954 6
2208 3901 2417 3974 γέρων·
2454 3902 2699 3972 “Υπαγε,
2747 3903 2916 3958 κάθου
2969 3905 3051 3967 είς
3096 3903 3158 3956 τὸ
3211 3902 3419 3958 κελλίον
3475 3920 3568 3956 σου
3589 3918 3603 3932 ⁶
3642 3904 3747 3957 zeal‘

2153 3993 2297 4047 ποίει
2333 3992 2461 4060 μίαν
2488 3995 2654 4065 εὐχὴν
2684 3994 2849 4066 πρωῒ,
2879 3992 2973 4048 zeal
3001 3994 3128 4066 μίαν
3155 3994 3414 4066 ἑσπέρας,
3462 3994 3556 4047 zeal
3606 3993 3741 4064 μίαν

2150 4082 2252 4153 τὴν
2276 4082 2475 4138 νύκτα·
2521 4085 2617 4140 zeal
2643 4085 2770 4138 ὅταν
2802 4086 3013 4157 πεινᾷς,
3045 4083 3210 4153 φάγε,
3247 4083 3343 4137 zeal
3382 4083 3509 4136 ὅταν
3552 4082 3733 4152 διψᾷς.

2152 4175 2265 4240 πίε,
2291 4177 2384 4229 καὶ
2430 4176 2559 4230 ὅταν
2603 4176 2891 4248 νυστάζῃς,
2925 4174 3102 4247 κοιμῶ
3127 4191 3140 4205 ·
3171 4175 3266 4229 zeal
3308 4174 3435 4245 μένε
3464 4175 3544 4237 είς
3572 4173 3737 4245 γῆν⁸⁴

2150 4265 2387 4339 ἔρημον·
2422 4267 2516 4320 zeal
2556 4265 2633 4337 μὴ
2660 4267 2888 4337 πεισθῇς
2916 4262 3259 4337 αὐτῷ.⁷Ηλθε
3288 4265 3343 4320 δὲ
3368 4265 3461 4319 zeal
3485 4264 3622 4336 πρὸς
3641 4264 3737 4317 τὸν

2148 4355 2323 4410 ἀϐϐἄν
2370 4356 2645 4426 Ἰωάννην,
2672 4356 2767 4410 zeal
2794 4355 3084 4427 ἀνήγγειλε
3114 4356 3182 4410 τά
3206 4356 3278 4426 ρή
3289 4372 3436 4426 ματα
3470 4348 3565 4407 τοῦ
3589 4353 3736 4407 assa

2150 4446 2510 4516 Παφνουτίου.
2544 4448 2654 4500 Kal
2682 4446 2830 4515 λέγει
2853 4449 2883 4500 6
2906 4446 3081 4511 άϐϐᾶς
3128 4448 3417 4517 Ἰωάννης·
3448 4446 3540 4517 Μὴ
3580 4448 3734 4514 ποιή-

467 4508 740 4563 eluntaxat
781 4513 912 4568 sede
946 4513 1002 4569 in
1036 4516 1174 4571 cella
1204 4526 1322 4573 tua.
1352 4520 1490 4578 Tum
1530 4541 1763 4599 surgens
1791 4534 1924 4592 adiit
1950 4508 2045 4593 ab;

2160 4508 2262 4610 της·
2276 4538 2412 4602 ὅλως
2446 4537 2630 4610 εὐχὴν,
2660 4508 2818 4609 μόνον
2843 4539 3013 4593 κάθου
3040 4508 3121 4602 εἰς
3141 4539 3202 4593 τὸ
3231 4508 3441 4593 κελλίον
3474 4508 3592 4591 σου.
3622 4508 3733 4589 Kal

472 4600 651 4655 batem
693 4601 1025 4673 Arsenium;
1058 4609 1147 4663 cui
1201 4622 1404 4666 cuncta
1446 4614 1806 4678 denuntiavit.
1840 4625 1929 4679 Ait
1970 4628 2046 4683 illi

472 4707 636 4747 senex
668 4712 683 4749 :
719 4692 887 4760 Tene,
924 4697 1279 4759 sicutPatres
1295 4703 1603 4763 docuerunt
1627 4716 1702 4767 te.
1737 4711 2047 4774 Nihilenim

462 4786 709 4855 amplius
759 4788 856 4845 tibi
898 4806 1122 4861 possum
1169 4795 1375 4853 dicere.
1406 4798 1501 4855 Ille
1542 4802 1701 4872 plene.
1747 4822 2048 4878 persuasus

458 4874 752 4934 abscessit.

973 4995 1050 5050 De
1082 4997 1271 5054 abbate
1308 4998 1501 5058 Paulo.

537 5102 681 5174 (21)
715 5102 967 5161 Narravit
998 5109 1196 5179 aliquis
1225 5128 1255 5168 e
1298 5111 1554 5173 Patribus
1586 5120 1652 5175 de
1685 5123 1921 5191 quodam
1949 5126 2043 5180 ab-

457 5191 591 5248 ‘bato
644 5193 846 5260 Paulo,
917 5200 1063 5269 quod
1111 5211 1258 5258 esset
1306 5221 1372 5260 ex
1428 5207 1776 5267 inferioribus
1824 5212 2042 5287 Egypti

459 5285 754 5352 partibus,
810 5290 1085 5347 habitaret
1132 5311 1265 5351 vero
1310 5297 1362 5352 in
1412 5298 1724 5369 Thebaide;
1786 5285 2045 5378 quodque

459 5377 723 5433 manibus
754 5383 1187 5450 apprehenderet
1219 5398 1489 5457 cerastas,
1523 5396 1793 5464 scorpios,
1818 5377 2042 5469 serpen-

458 5473 568 5529 tes,
620 5465 936 5540 mediosque
989 5473 1315 5533 difﬁnderet.
1377 5477 1546 5550 Igitur
1602 5481 1800 5539 fratres
1849 5465 2037 5543 humili

2146 4629 2383 4692 ἀναστάς
2412 4624 2543 4700 ἦλθε
2573 4628 2711 4700 πρὸς
2748 4629 2841 4683 τὸν
2880 4628 3055 4683 άϐϐἆν
3098 4628 3394 4700 Ἀρσένιον,
3434 4628 3531 4683 καὶ
3558 4626 3737 4697 ἀνῆγε

2146 4721 2327 4790 γειλεν
2357 4720 2507 4792 αὐτῷ
2539 4721 2740 4778 πάντα.
2771 4721 2883 4776 Kal
2914 4721 3064 4791 λέγει
3104 4720 3254 4792 αὐτῷ
3283 4723 3312 4774 6
3337 4720 3548 4792 γέρων·
3584 4716 3732 4788 Κρά-

2145 4829 2227 4865 τει
2256 4811 2331 4876 ὼς
2354 4814 2403 4864 οἱ
2434 4812 2675 4884 Πατέρες
2707 4829 2790 4866 σοι
2815 4808 3005 4866 εἶπαν·
3042 4810 3225 4865 πλεῖον
3250 4810 3360 4881 γὰρ
3390 4809 3616 4873 τούτων,
3633 4806 3733 4861 οὐκ

2148 4907 2257 4975 ἔχω
2291 4906 2373 4960 σοί
2411 4924 2463 4959 τι
2498 4908 2693 4961 εἰπεῖν.
2732 4908 2842 4961 Kal
2868 4906 3308 4980 πληροφορηθεὶς
3338 4904 3604 4975 ἀπῆλθεν.

2557 5021 2697 5090 Περὶ
2724 5021 2832 5076 τοῦ
2864 5019 3015 5076 άϐὄᾶ
3047 5021 3309 5076 Παύλου.

2221 5132 2525 5204 Διηγήσατὸ
2549 5150 2635 5197 τις
2667 5134 2774 5188 τῶν
2804 5134 3062 5206 Πατέρων
3092 5134 3219 5207 περί
3247 5149 3390 5197 τινος
3417 5131 3565 5185 άϐδᾶ
3583 5130 3721 5184 Παύ-

2149 5224 2263 5286 λου,
2307 5225 2391 5278 ὅτι
2430 5220 2500 5297 ἦν
2537 5228 2600 5280 ὲκ
2642 5227 2753 5281 τῶν
2794 5228 2943 5283 κάτω
2989 5227 3172 5299 μερῶν
3201 5228 3245 5259 ⁸⁷
3279 5223 3379 5297 τῆς
3428 5223 3727 5293 Αἰγύπτου.

2148 5312 2312 5366 οἰκῶν
2334 5312 2392 5365 δὲ
2426 5314 2485 5367 ἐν
2518 5314 2772 5386 Θηϐαΐδι·
2818 5318 2901 5370 ὅτι
2940 5311 3093 5380 οὗτος
3125 5314 3348 5386 ἐκράτει
3390 5316 3513 5376 ταῖς
3541 5311 3729 5382 χερσὶν

2147 5403 2312 5455 αὐτοῦ
2330 5405 2453 5468 τοὺς
2468 5406 2742 5477 κεράστας
2757 5407 2803 5439 ⁸⁸
2825 5407 2920 5461 zeal
2935 5409 3061 5470 τοὺς
3079 5406 3252 5476 ὄφεις,
3277 5404 3370 5459 zeal
3392 5400 3604 5474 ἔσχιζεν
3628 5399 3725 5453 αὖ·

2144 5493 2271 5557 τοὺς
2304 5496 2521 5565 μέσους.
2550 5497 2661 5550 Kal
2691 5497 2882 5552 ἔϐαλον
2904 5496 3054 5570 αὐτῷ
3083 5500 3132 5552 οί
3157 5497 3379 5567 ἀδελφοὶ
3414 5492 3727 5567 μετάνοιανς

616 5621 700 5722 Anl.
733 5623 1037 5722 κολὶλήγιον.
1094 5629 1140 5661 ⁸·
1167 5630 1250 5684 Al.
1283 5630 1435 5685 Θεόν.
1514 5634 1560 5666 ⁵⁸
1601 5635 1687 5695 ΑΙ.
1718 5640 1967 5711 σπυρίδα.
2048 5644 2058 5675 ⁸

2164 5646 2196 5698 Ι.
2226 5647 2343 5716 τήν.
2423 5649 2467 5680 "
2499 5648 2586 5704 Al.
2624 5651 2682 5703 ὲν
2727 5652 2839 5715 τοῖς
2889 5662 2941 5708 et
2977 5651 3191 5722 μέρεσι.
3268 5651 3314 5683 ⁸⁸
3346 5650 3430 5704 Al.
3475 5649 3579 5702 ius.
3626 5643 3721 5697 καὶ

458 5691 591 5753 tot);
639 5691 950 5764 σκορπίους.

539 5800 652 5871 r21)
710 5798 811 5856 Vit.
851 5805 1001 5860 Patr.
1036 5822 1094 5863 ιι.
1124 5807 1207 5861 Η.
