4028 6338
280 388 387 458 ssi

1427 392 2039 463 APOPttTttEGtiATA
2078 398 2392 466 PATitUM.

3445 409 3555 466 582

281 521 573 589 λέγοντες·
622 520 760 575 Εἰπὲ
818 522 949 592 ἡμῖν
992 524 1153 577 ποίαν
1190 526 1452 596 ἐργασίαν
1480 527 1763 596 ἐποίησας,
1793 528 1878 582 ἵνα

1986 531 2123 585 facta
2155 532 2503 595 salutatione,
2538 538 2854 595 oraverunt,
2881 530 3087 586 diceret
3124 534 3192 587 iis
3233 547 3398 603 quam
3420 512 3557 604 ope?

280 612 458 688 λάϐῃς
502 613 604 684 τὴν
660 613 818 683 χάριν
845 613 1064 685 ταύτην.
1114 616 1173 669 Ὀ
1203 615 1256 669 δὲ
1287 616 1420 687 ἔφη·
1472 616 1872 691 Συγχωρήσατὲ

286 723 402 776 μοι,
440 704 723 776 Πατὲρεςῇ
759 705 856 758 ὲάν
886 723 969 769 τις
992 707 1263 778 κτήσηται
1294 707 1665 780 καθαρότητα,
1698 710 1875 765 πάντα

282 801 655 852 ὑποτάσσεται
684 797 853 869 αὐτῷ,
875 799 950 861 ὡς
961 798 1041 869 τῷ
1068 799 1236 871 Ἀδὰμ
1257 803 1346 854 ὅτε
1376 797 1445 874 ἦν
1459 803 1516 856 ὲν
1540 802 1874 875 παραδείσῳ,

280 888 416 957 πρὶν
432 886 468 957 ἢ
495 885 814 958 παραϐῆναι
840 887 941 957 τὴν
960 888 1198 944 ἐντολήν.

466 1077 611 1150 Περί
646 1080 755 1134 τοῦ
788 1040 940 1135 ἀέσᾱ
981 1082 1227 1136 Παύλου
1253 1083 1359 1138 τοῦ
1383 1085 1695 1154 κοσμὶτου.

358 1192 428 1247 α’.
477 1194 538 1246 ⁸0
566 1192 744 1256 assa;
773 1191 988 1260 Παῦλος
1033 1195 1064 1246 6
1103 1194 1372 1266 κοσμίτης
1412 1199 1508 1251 καὶ
1552 1197 1815 1269 Τιμόθεος
1844 1202 1872 1253 6

282 1285 515 1353 ἀδελφὸς
548 1284 716 1338 αὑτοῦ
755 1281 1080 1347 ἐκαθέζοντο
1117 1286 1176 1338 ὲν
1199 1288 1265 1357 τῇ
1293 1287 1493 1357 Σκήτει
1519 1304 1532 1317 ·
1563 1290 1657 1342 καὶ
1687 1290 1880 1346 πολλα-

284 1378 398 1448 χῶς
425 1379 472 1409 ⁸⁵
496 1377 709 1445 ἐγίνετο
744 1375 948 1447 μεταξὺ
978 1377 1160 1432 αὐτῶν
1194 1377 1492 1448 ἀντιλογία.
1525 1380 1690 1449 Λέγει
1718 1384 1747 1435 6
1773 1382 1874 1435 ἀϐ-

280 1462 385 1531 65.;
411 1466 627 1530 Παῦλος
646 1480 661 1497 ·
691 1466 837 1531 Ἕως
859 1466 990 1520 πότε
1023 1466 1260 1538 μένομεν
1286 1466 1494 1534 οὖτωςς
1535 1468 1698 1538 Λέγει
1728 1471 1877 1542 αὐτῷ

280 1561 314 1612 6
337 1546 517 1625 ἀϐϐᾶς
548 1558 812 1629 Τιμόθεος
833 1576 845 1588 ·
886 1558 1120 1630 Ποίησον
1164 1559 1418 1631 ἀγάπηνδ
1456 1559 1585 1613 ὅταν
1630 1560 1877 1632 ἐρχωμαι

282 1651 473 1705 ἐπάνω
529 1668 651 1716 σου,
714 1649 983 1720 βάσταξόν
1039 1662 1142 1722 μεθ
1210 1653 1304 1706 καὶ
1339 1652 1468 1705 ὅταν
1512 1652 1645 1725 ἔρχῃ
1686 1656 1875 1709 καὶσὺ

281 1743 470 1797 ἐπάνω
494 1757 619 1814 μου,
636 1741 891 1812 βαστάζω
919 1759 977 1796 σε
1004 1741 1180 1812 κάγώ.
1213 1743 1325 1797 Καὶ
1354 1744 1681 1815 ποιήσαντες
1705 1743 1877 1810 οὕτως

280 1834 611 1906 ἀνεπάησαν
640 1834 742 1897 τὰς
774 1834 1090 1898 ἐπιλοίπους
1118 1832 1298 1887 αὐτῶν
1332 1835 1565 1907 ἡμέρας.

356 1928 420 1997 β’.
461 1927 521 1982 '0
539 1926 703 1991 αὐτὸς
720 1926 895 1990 assa;
913 1926 1124 1998 Παῦλος
1144 1928 1238 1981 καὶ
1258 1927 1520 1999 Τιμόθεος
1542 1928 1799 1999 κοσμίται
1829 1928 1874 1961 ⁸⁸

281 2011 424 2092 ἦσαν
444 2020 503 2072 ὲν
533 2022 601 2089 τῇ
630 2019 854 2089 Σκήτει,
886 2019 981 2073 καὶ
1013 2017 1283 2089 ὠχλοῦντο
1326 2014 1431 2072 ὑπὸ
1463 2019 1572 2071 τῶν
1609 2017 1872 2089 ἀδελφῶν.

286 2113 398 2168 Καὶ
424 2112 577 2180 λέγει
613 2111 643 2163 6
689 2110 955 2181 Τιμόθεος
992 2109 1071 2181 τῷ
1096 2109 1308 2182 ἀδελφῷ
1327 2110 1491 2163 αὑτοῦ
1514 2128 1527 2142 ⁸
1556 2110 1622 2164 Τί
1652 2111 1876 2182 θέλομεν

285 2203 385 2274 τὴν
406 2203 607 2274 τέχνην
632 2201 867 2273 ταύτην;
898 2202 998 2254 οὐκ
1026 2202 1300 2272 ἀφιόμεθα
1322 2202 1595 2274 ἡσυχάσαι
1625 2203 1754 2274 ὅλην
1778 2202 1876 2274 τὴν

287 2296 521 2366 ἡμέραν.
550 2294 659 2349 Καὶ
678 2292 999 2365 ἀποκριθεὶς
1026 2296 1055 2347 6
1086 2293 1257 2357 ἀσϐἄς
1282 2293 1494 2358 Παῦλος
1517 2289 1671 2348 εἶπεν
1703 2293 1872 2366 αὐτῷ·

298 2390 487 2457 ’Δρκεῖ
512 2389 643 2459 ἡμῖν
668 2387 924 2459 ἠήσυχία
956 2386 1057 2458 τῆς
1084 2386 1277 2450 νυκτὸς
1296 2425 1312 2450 ,
1346 2385 1443 2439 ἐὰν
1476 2388 1622 2458 νήφῃ
1649 2386 1807 2458 ἡμῶν
1841 2388 1875 2457 ἡ

288 2482 521 2536 διάνοια.

464 2592 605 2662 Περὶ
651 2591 759 2646 τοῦ
796 2589 945 2647 ἀόϐᾶ
977 2592 1223 2646 Παύλου
1264 2589 1374 2645 τοῦ
1405 2559 1696 2660 μεγάλου.

354 2715 427 2764 α’.
449 2704 619 2761 Εἶπεν
666 2708 696 2759 6
730 2704 905 2769 assa;
936 2703 1148 2768 Παῦλος
1176 2706 1204 2758 6
1234 2704 1410 2776 μέγας
1437 2705 1466 2757 6
1498 2702 1765 2773 Γαλάτης,
1792 2703 1876 2756 ὅτι

285 2790 540 2872 Μοναχὸς
569 2798 708 2869 ἔχων
737 2796 942 2868 μικρὰς
979 2797 1168 2869 χρείας
1195 2798 1254 2850 ὲν
1273 2798 1340 2868 τῇ
1376 2795 1541 2865 κέλλῃ
1568 2792 1757 2858 αὑτοῦ,
1780 2793 1876 2847 καὶ

285 2893 646 2966 ἐξερχόμενος
686 2890 1002 2963 φροντίσαι,
1053 2886 1162 2942 ἀπὸ
1198 2887 1467 2959 δαιμόνων
1508 2885 1829 2957 χλευάζεται
1856 2896 1871 2917 υ

288 2989 386 3041 καὶ
412 2987 519 3058 γὰρ
557 2983 714 3053 κάγὼ
743 2982 873 3035 αὐτὸ
906 2980 1127 3035 ἔπαθον.

359 3169 427 3236 β’.
454 3157 623 3217 Εἶπεν
643 3163 672 3216 6
698 3160 874 3225 ἁόϐἄς
913 3159 1126 3225 Παῦλος
1148 3177 1162 3191 ο
1205 3161 1299 3225 Et;
1338 3159 1599 3232 βόρϐορόν
1621 3160 1739 3231 ειμι
1760 3158 1874 3231 (22)

287 3254 819 3326 καταποντιζόμενος
851 3252 957 3318 ἕως
982 3252 1255 3325 τραχήλου
1276 3293 1290 3317 ,
1326 3252 1420 3305 καὶ
1451 3250 1624 3306 κλαίω
1669 3249 1877 3322 ἔμπροο

289 3349 419 3403 σθεν
442 3347 538 3402 τοῦ
566 3345 727 3415 Θεοῦ,
750 3346 925 3415 λέγων
947 3361 961 3376 ο
1004 3344 1254 3415 Ἐλέησόν
1285 3361 1373 3415 με.

365 3449 437 3511 γ’.
473 3440 700 3510 Ἔλεγον
724 3438 962 3511 περὶτοῦ
982 3437 1129 3492 ἀϐὁᾶ
1157 3435 1395 3498 Παύλου,
1424 3436 1505 3489 ὅτι
1534 3435 1765 3511 ἐποίησε
1779 3434 1880 3506 τὴν

288 3505 748 3608 ’τεσσαρακοστὴν
769 3505 849 3595 είς
875 3530 1037 3602 ματὶν
1068 3529 1243 3599 φακοῦ
1271 3528 1363 3582 καὶ
1387 3527 1640 3598 λαγύνιον
1666 3505 1876 3592 ῦδᾶτοςο

289 3626 389 3680 καὶ
418 3626 500 3688 εἰς
527 3622 585 3677 ἓν
622 3622 905 3693 μαλάκιον,
928 3620 1061 3675 αὐτὸ
1088 3620 1305 3674 πλέκων
1341 3620 1435 3673 καὶ
1462 3618 1710 3674 ἀναλύων
1726 3660 1741 3685 ,
1775 3619 1880 3683 ἕως

285 3720 395 3791 τεῆς
424 3716 620 3790 ἑορτῆς
643 3713 1111 3785 ἐγιεκλεισμένος.

518 3830 658 3898 Περὶ
700 3828 807 3883 τοῦ
828 3824 979 3883 ἀΰὸᾶ
1016 3827 1261 3880 Παύλου
1293 3824 1401 3879 τοῦ
1429 3822 1648 3879 ἁπλοῦ.

376 3945 438 4000 ’0
467 3948 733 4016 μακάριος
780 3939 955 4004 ἀϐϐἄς
1007 3938 1214 4005 Παῦλος
1250 3940 1286 3991 ἁ
1309 3938 1513 4002 ἁπλοῦς
1539 3941 1569 3992 6
1595 3938 1689 3992 τοῦ
1724 3934 1878 4005 ἁγίου

305 4036 595 4092 ’Δντωνίου
623 4033 894 4107 μαθητὴς,
918 4032 1218 4103 διηγήσατο
1235 4033 1349 4095 τοῖς
1372 4031 1614 4102 Πατράσι
1650 4032 1878 4101 πρᾶγμα

289 4128 571 4184 τοιοῦτον⁸
625 4127 727 4185 ὅτι,
759 4125 893 4178 ποτὲ
949 4123 1391 4195 παραγενόμενος
1426 4126 1484 4177 ὲν
1533 4123 1879 4194 μοναστηρίῳ

293 4218 645 4288 ἱπισκέψεως
682 4215 873 4269 ἕνεκεν
938 4215 1037 4267 καὶ
1088 4212 1358 4282 ὠφελείας
1406 4212 1564 4284 χάριν
1610 4210 1877 4280 ἀδελφῶν,

296 4311 437 4382 μετά
492 4310 590 4382 τὴν
617 4309 753 4381 πρὸς
796 4307 1057 4381 ἀλλήλους
1109 4305 1289 4360 αὐτῶν
1328 4303 1535 4376 συνήθη
1560 4302 1876 4371 διάλεκτον,

294 4407 524 4460 εἴσεισιν
573 4406 633 4458 ὲν
678 4408 745 4476 τῇ
785 4402 917 4475 ἁγίᾳ
942 4400 1039 4455 τοῦ
1077 4399 1213 4454 Θεοῦ
1252 4398 1522 4469 ἐκκλησίᾳ
1542 4398 1644 4470 τὴν
1674 4396 1877 4469 συνήθη

296 4500 517 4566 σύναξιν
561 4498 895 4553 ἐπιτελέσαι.
938 4495 996 4549 '0
1045 4494 1103 4548 δὲ
1146 4493 1416 4565 μακάριος
1462 4490 1696 4556 Παῦλος,
1723 4490 1875 4561 φησι,

297 4593 599 4666 προσέσχεν
630 4592 846 4661 ἑκάστῳ
873 4590 981 4643 τῶν
1002 4588 1280 4642 εἰσιόντων
1306 4587 1387 4649 είς
1418 4586 1518 4655 τὴν
1546 4582 1840 4653 ἐκκλησίαν
1858 4623 1875 4647 ,
1911 4565 1956 4621 D

296 4687 456 4759 ὁποίᾳ
478 4688 589 4757 ἄρα
618 4686 764 4755 ψυχῇ
819 4683 1055 4737 εἰσίασιν
1096 4683 1178 4744 είς
1204 4681 1305 4753 τὴν
1328 4677 1547 4743 σύναξιν
1576 4695 1589 4708 ’
1619 4672 1733 4747 εἷχε
1766 4676 1878 4748 γὰρ

298 4779 388 4835 καὶ
406 4778 613 4848 ταύτην
625 4775 723 4847 τὴν
741 4775 902 4847 χάριν
937 4775 1089 4845 παρά
1118 4771 1323 4844 Κυρίου
1359 4772 1401 4803 ⁶¹
1431 4769 1678 4825 δοθεῖσαν
1706 4769 1876 4835 αὐτῷ,

294 4872 432 4926 ὥστε
452 4870 587 4942 όρᾷν
622 4868 851 4923 ἕκαστον
876 4868 1056 4932 ὁποῖός
1086 4867 1203 4920 ἐστι
1225 4866 1291 4937 τῇ
1311 4865 1480 4936 ψυχῇ,
1499 4863 1689 4933 ὥσπερ
1715 4864 1877 4934 ἡμεῖς

296 4962 569 5033 βλέπομεν
594 4960 839 5032 ἀλλήλων
860 4960 929 5014 τὰ
944 4960 1232 5032 πρόσωπα.
1267 4958 1491 5012 Πάντων
1519 4954 1575 5009 δὲ
1600 4955 1877 5009 εἰσιόντων

293 5054 525 5125 λαμπρᾷ
568 5055 637 5124 τῇ
684 5051 805 5122 ὄψει
858 5052 953 5104 και)⁸
992 5048 1203 5121 φαιδρῷ
1245 5047 1325 5119 τῷ
1363 5044 1664 5118 προσώπῳ,
1693 5044 1784 5099 τόν
1818 5059 1878 5097 τε

294 5145 526 5199 ἑκάστου
553 5142 785 5212 ἄγγελον
843 5141 1100 5214 χαίροντα
1127 5141 1214 5193 ἐπ’
1245 5137 1396 5209 αύτῷ
1423 5140 1467 5170 ⁸⁸
1491 5154 1504 5167 ·
1541 5137 1658 5201 ἕνα,
1692 5136 1878 5206 φησὶν,

296 5238 395 5308 ὁρᾷ
425 5236 634 5306 μέλανα
666 5237 763 5289 καὶ
806 5234 1017 5304 ζοφώδη
1049 5232 1170 5290 ὅλον
1216 5233 1276 5286 τὸ
1320 5232 1500 5303 σῶμα,
1540 5232 1803 5301 δαίμονας
1823 5228 1881 5282 δὲ

298 5329 424 5400 παρ’
453 5326 752 5400 ἑκατέρᾳ⁶³
777 5324 967 5380 τοῦτον
985 5324 1311 5396 συνέχοντας
1328 5323 1422 5378 καὶ
1438 5322 1697 5385 ἕλκοντας
1717 5320 1880 5375 αὐτὸν

1981 624 2247 678 rationem
2278 622 2519 688 fecisset,
2549 630 2607 676 ut
2632 622 2898 692 ejusmodi
2931 625 3159 694 gratiam
3185 640 3541 695 consequere-

1980 722 2088 769 tur.
2120 715 2215 769 llle
2243 715 2562 785 respondit:
2594 712 2870 785 Ignoscite
2906 715 3061 780 mihi,
3095 714 3315 784 Patres;
3353 716 3399 773 si
3429 718 3555 787 quis
3666 726 3669 729 ‘

1977 807 2275 863 obtinuerit
2303 809 2615 878 puritatem,
2648 815 2847 863 cuncta
2870 810 2920 864 ei
2945 808 3337 878 subjicientur;
3368 799 3555 880 quem.

1978 894 2273 949 admodum
2297 896 2507 950 Adamo
2529 912 2653 951 cum
2679 898 2896 953 essetin
2915 899 3195 968 paradiso,
3233 899 3552 970 priusquam

1902 990 1913 998 “
1979 987 2458 1057 transgrederetur
2488 990 2825 1043 mandatum.

2362 1098 2434 1153 De
2467 1099 2659 1154 abbate
2689 1101 2863 1154 Paulo
2897 1109 3149 1179 resinata.

2050 1208 2100 1261 1.
2134 1209 2321 1264 Abbas
2368 1208 2569 1265 Paulus
2605 1220 2868 1272 cosmeta,
2915 1218 2968 1264 et
3008 1209 3329 1267 Timotheus
3379 1210 3552 1268 frater

1975 1300 2119 1370 ejus,
2156 1301 2474 1357 residebant
2502 1302 2560 1357 in
2589 1301 2760 1358 Sceti.
2800 1302 2879 1358 Ac
2913 1319 3058 1375 saepe
3099 1304 3244 1358 inter
3282 1318 3378 1359 eos
3405 1304 3556 1360 orie—

1976 1393 2138 1447 batur
2162 1394 2472 1448 contentio.
2507 1393 2649 1450 Dicit
2691 1394 2863 1452 abbas
2894 1394 3134 1451 Paulus:
3156 1396 3455 1467 Quousque
3480 1396 3557 1452 ita

1976 1484 2486 1553 perseverabimus?
2537 1485 2631 1539 Ait
2680 1485 2757 1540 illi
2810 1487 2979 1542 abbas
3026 1488 3346 1547 Timotheus
3386 1508 3402 1546 :
3444 1488 3557 1546 Fac

1976 1589 2114 1645 opus
2146 1574 2459 1641 charitatis;
2519 1589 2643 1629 cum
2695 1576 2788 1630 tibi
2843 1577 3110 1635 molestus
3155 1579 3332 1646 fuero,
3371 1578 3557 1648 perfer

1975 1677 2100 1730 me;
2134 1662 2489 1732 vicissimque
2530 1664 2750 1733 quando
2789 1672 2845 1718 tu
2876 1665 3006 1719 mibi
3045 1667 3215 1725 fueris
3256 1669 3551 1730 molestust

1976 1756 2139 1812 etiam
2170 1765 2222 1812 te
2251 1756 2553 1812 sustinebo.
2591 1756 2768 1826 Atque
2805 1756 2887 1812 sic
2924 1768 3169 1829 agentes,
3199 1760 3385 1830 quiete
3423 1774 3554 1829 per-

1977 1855 2207 1919 egerunt
2242 1847 2487 1917 reliquos
2509 1847 2627 1903 dies
2660 1862 2811 1903 suos.

2045 1942 2101 1995 2.
2143 1939 2288 1996 ldem
2336 1940 2507 1997 abbas
2540 1939 2766 2004 Paulus,
2808 1947 2864 1996 ct
2911 1940 3231 1997 Timotheus
3295 1950 3555 1999 cosmetae

1975 2032 2212 2089 erantin
2251 2030 2422 2096 Sceti,
2459 2039 2512 2086 et
2538 2046 2568 2085 a
2601 2030 2867 2086 fratribus
2909 2031 3292 2086 turbabantur.
3324 2033 3413 2086 Ait
3453 2031 3550 2087 Τία-

1975 2124 2229 2179 motbeus
2278 2123 2430 2178 fratri
2469 2138 2573 2179 suo
2609 2141 2621 2176 :
2668 2124 2782 2179 Cur
2825 2123 2965 2177 hanc
2998 2133 3169 2178 artem
3217 2121 3555 2179 retinemus?

1976 2217 2079 2273 Per
2110 2225 2282 2272 totum
2320 2217 2464 2271 diem
2505 2232 2613 2271 non
2656 2216 2892 2271 sinimur
2920 2215 2975 2270 in
3007 2216 3193 2285 quiete
3226 2230 3408 2287 agere.
3447 2215 3554 2270 Re-

1975 2310 2194 2380 spondit
2224 2309 2274 2364 ei
2319 2309 2490 2363 abbas
2522 2307 2727 2364 Paulus
2758 2325 2772 2362 :
2806 2306 3018 2362 Suiticit
3055 2306 3210 2363 nobis
3254 2308 3434 2363 noctis
3469 2322 3556 2363 rea

1975 2396 2154 2466 quies,
2188 2394 2349 2450 modo
2376 2410 2531 2451 mens
2557 2404 2748 2450 nostra
2778 2394 2984 2466 vigilet.

2402 2586 2477 2642 De
2505 2588 2694 2642 abbate
2717 2587 2891 2645 Paulo
2918 2606 3129 2661 magno.

2049 2703 2101 2755 1.
2135 2696 2277 2773 (23)
2311 2700 2458 2755 Dixit
2500 2700 2671 2756 abbas
2700 2695 2923 2769 Paulus,
2958 2717 3188 2774 magnus
3220 2702 3313 2759 ille
3352 2712 3407 2759 et
3446 2701 3552 2759 Ga-

1976 2792 2440 2848 latazMonachus
2481 2793 2574 2863 qui
2606 2793 2662 2848 in
2695 2795 2828 2850 cella
2866 2811 2963 2850 sua
3008 2796 3170 2850 habet
3211 2810 3377 2866 parva
3408 2811 3552 2867 quae-

1975 2886 2103 2942 dam
2138 2885 2452 2950 commoda,
2498 2894 2662 2956 atque
2691 2886 3006 2957 egreditur,
3039 2893 3098 2940 ut
3129 2900 3317 2941 eorum
3365 2901 3553 2941 curam

1975 2990 2146 3052 gerat,
2190 2977 2435 3033 illuditur
2467 2992 2500 3032 a
2530 2978 2893 3034 daamonibus.
2939 2978 2993 3034 ω
3025 2977 3169 3034 enim
3217 2977 3350 3032 mihi
3387 2979 3550 3033 etiam

1976 3070 2230 3140 contigit.

2045 3160 2102 3215 2.
2139 3160 2284 3215 Dixit
2311 3161 2480 3216 abbas
2508 3157 2748 3216 Paulus:
2775 3159 2837 3214 In
2869 3159 2980 3213 luto
3008 3159 3303 3213 immersus
3331 3173 3451 3214 sum
3482 3161 3552 3212 ad

1979 3253 2180 3308 collum
2212 3267 2408 3324 usque,
2439 3260 2493 3308 et
2539 3254 2694 3324 ploro
2734 3266 2918 3307 coram
2958 3250 3087 3318 Deo,
3127 3251 3317 3307 dicens
3346 3268 3361 3305 :
3392 3249 3556 3306 Misc-

1979 3361 2102 3402 rere
2124 3345 2251 3400 mei.

2050 3439 2103 3493 5.
2137 3436 2274 3508 (24)
2314 3436 2548 3492 Aiebant
2582 3436 2650 3492 de
2680 3436 2876 3491 abbate
2913 3434 3101 3498 Paulo,
3133 3432 3280 3505 quod
3311 3433 3555 3505 peregis-

1980 3536 2063 3583 set
2098 3527 2572 3599 quadragesimam
2596 3542 2721 3581 cum
2761 3526 3002 3581 sextario
3038 3525 3201 3580 lentis
3223 3532 3277 3580 et
3303 3523 3554 3595 lagenula

1980 3635 2163 3690 aquae,
2202 3633 2419 3674 necnon
2467 3633 2593 3673 cum
2623 3633 2729 3672 una
2762 3617 3032 3689 sportula,
3074 3627 3238 3686 quam
3287 3614 3560 3686 plectebat

1981 3720 2027 3766 et
2061 3710 2418 3776 dissolvebat,
2449 3725 2623 3779 usque
2657 3708 2725 3763 ad
2757 3708 2955 3764 festum
2984 3708 3255 3765 inclusus.

2374 3825 2452 3879 De
2476 3824 2665 3879 abbate
2695 3822 2871 3877 Paulo
2900 3821 3158 3890 simplice.

2053 3942 2193 4014 (25)
2216 3941 2415 3997 Beatus
2448 3938 2619 3992 abbas
2647 3935 2851 3991 Paulus
2882 3935 3136 4004 simplex,
3176 3935 3354 3990 sancti
3381 3934 3554 3991 Anto-

1981 4037 2056 4090 nii
2102 4033 2422 4104 discipulus.
2465 4028 2720 4084 Patrihus
2755 4022 2997 4081 narravit
3029 4024 3346 4095 hujusmodi
3393 4040 3507 4081 rem
3539 4043 3552 4080 :

1979 4123 2064 4178 Ad
2109 4122 2501 4177 monasterium
2553 4133 2678 4173 cum
2737 4116 3067 4188 perrexisset
3113 4113 3439 4185 aliquando,
3487 4114 3557 4170 ad

1980 4213 2286 4280 visitandos
2315 4221 2369 4267 et
2397 4211 2770 4266 emolumento
2814 4206 3128 4265 afﬁciendos
3172 4205 3371 4261 fratres
3396 4225 3409 4261 :
3433 4213 3557 4277 post

1979 4314 2301 4364 consuetum
2348 4301 2704 4373 colloquium,
2749 4299 2986 4371 ingressi
3039 4304 3171 4354 sunt
3213 4297 3269 4352 in
3302 4308 3552 4354 sanctam

1980 4401 2076 4459 Dei
2137 4396 2459 4457 ecclesiam.
2510 4402 2570 4449 ut
2613 4395 2833 4450 solitam
2892 4392 3142 4465 synaxim
3192 4390 3554 4449 celebrarent.

1980 4493 2181 4551 Beatus
2206 4506 2336 4547 vero
2364 4488 2568 4547 Paulus
2626 4489 2924 4561 unicuique
2951 4487 3277 4543 intrantium
3305 4486 3363 4541 in
3386 4486 3560 4541 eccleo

1985 4585 2123 4643 siam
2153 4580 2487 4648 attendebat,
2515 4580 2666 4652 quali
2692 4581 2905 4637 scilicet
2928 4581 3108 4635 anima
3142 4578 3560 4650 ingrederentur

1984 4678 2054 4734 ad
2086 4676 2368 4733 collectam
2394 4674 2623 4730 :habuit
2649 4674 2795 4730 enim
2823 4673 2969 4727 hanc
2994 4671 3227 4742 gratiam
3261 4687 3291 4725 a
3318 4668 3429 4726 Deo
3452 4670 3559 4725 sibi

1929 4782 1935 4788 '
1985 4783 2330 4831 concessam,
2363 4774 2422 4822 ut
2450 4776 2699 4822 cerneret
2721 4766 2901 4835 qualis
2924 4765 3157 4834 quisque
3183 4769 3330 4816 esset
3354 4761 3556 4823 anima,

1984 4862 2129 4917 sicut
2168 4876 2267 4915 nos
2305 4859 2677 4929 conspicimus
2711 4857 2849 4911 alter
2884 4856 3113 4910 alterius
3149 4852 3368 4907 faciem.
3419 4851 3559 4907 Cum

1983 4968 2113 5025 ergo
2162 4952 2348 5007 cuncti
2394 4951 2684 5005 introirent
2729 4947 3029 5018 splendidis
3076 4945 3285 5010 oculis,
3345 4957 3559 5000 necnon

1984 5045 2135 5100 clara
2170 5043 2329 5106 facie,
2374 5043 2673 5097 comitante
2719 5053 3163 5109 unumquemque
3196 5035 3389 5108 angelo
3419 5049 3520 5090 suo
3542 5070 3558 5097 ,

1985 5152 2158 5207 eoque
2204 5151 2369 5204 super
2414 5134 2564 5189 illum
2614 5133 2736 5188 laeto
2774 5149 2787 5186 :
2831 5147 3021 5195 unum,
3057 5129 3255 5201 inquit,
3287 5127 3424 5183 vidit
3470 5127 3559 5181 ni-

1983 5242 2163 5299 grum,
2200 5235 2313 5282 toto
2350 5240 2579 5296 corpore
2618 5224 2988 5284 tenebrosum.
3019 5221 3294 5276 datmones
3324 5232 3453 5274 vero
3494 5217 3559 5272 ad

1984 5329 2278 5391 utrumque
2324 5320 2498 5380 latus.
2552 5326 2800 5373 tenentes
2838 5331 2961 5371 eum
2984 5354 2998 5378 ,
3035 5314 3317 5370 trahentes
3354 5312 3424 5367 ad
3460 5327 3520 5368 se
3547 5352 3562 5375 ,

367 5487 411 5521 ⁸⁹
442 5485 531 5541 Al.
562 5486 855 5557 διαφόρως.
933 5484 979 5517 ⁸⁸
1002 5483 1088 5540 Al.
1120 5483 1412 5554 κοσμῆται.
1488 5480 1530 5511 ⁸⁸
1562 5480 1648 5535 Al.
1676 5477 1770 5532 τοῦ
1806 5478 1875 5532 Θε

2040 5478 2084 5509 ⁶¹
2115 5477 2197 5530 Al.
2228 5478 2287 5528 ἐν
2313 5477 2514 5539 αὐτοῖς.
2593 5476 2638 5506 ⁸³
2661 5476 2745 5529 Al.
2772 5475 3033 5544 ἐκατέρου
3052 5482 3102 5528 et
3123 5472 3363 5543 ἑκάτερα
3390 5471 3554 5543 μέρη.

368 5643 479 5768 (‘22)
517 5647 626 5725 βίς
673 5644 976 5725 ,βόρϐορόν
1015 5645 1167 5710 ειμι,
1201 5649 1307 5695 etc.
1350 5638 1461 5694 Hoc
1487 5635 1872 5722 Apoplitltcgtua

368 5716 650 5768 iberttnns
677 5715 814 5768 liber
838 5720 1081 5768 assumat
1111 5712 1278 5766 Paulo
1324 5709 1602 5768 Ᾱῖιιγυιιο,
1657 5723 1748 5768 qui
1785 5706 1871 5759 Inc

300 5706 650 5793 Eoibertintis
676 5706 814 5793 liber
838 5706 1081 5793 assignat
1111 5712 1278 5766 Paulo
1324 5706 1604 5781 Egyptio,
1657 5707 1748 5778 qui
1785 5706 1871 5759 hic

304 5781 590 5839 Paulorum
618 5785 825 5851 primus
853 5781 1093 5851 ponitur.

373 5855 489 5925 (25)
546 5853 648 5907 Vit.
690 5855 840 5907 Patr.
886 5869 966 5916 ιιι,
999 5853 1084 5906 72.

2051 5634 2161 5703 (24)
2213 5632 2319 5687 Vit.
2352 5632 2508 5703 Patr.
2538 5648 2621 5688 III.
2656 5632 2756 5695 7'2;
2784 5630 3038 5688 Moschus
3068 5647 3118 5686 c.
3153 5631 3273 5686 161.

2053 5697 2165 5828 (ῗὲ)
2215 5703 2320 5758 Vit.
2362 5702 2510 5757 Patr.
2568 5719 2735 5768 XVIII,
2774 5703 2876 5770 ‘20;
2929 5702 3175 5759 Andreas
3221 5703 3277 5755 in
3331 5697 3555 5769 ,ιίιιοιςιειι

1979 5790 2028 5829 c.
2138 5812 2151 5829 .
