4032 6338
436 347 547 405 3θὸ

1563 348 1903 403 APPENDIX
1948 348 2039 404 AD
2080 350 2160 405 PA
2171 350 2300 407 ΗΔ
2311 353 2422 411 DIU
2433 353 2502 409 Μ.

3588 355 3691 411 534

438 462 737 532 capistrum
765 458 817 512 in
841 472 1035 514 nasum
1063 458 1184 527 ejus
1213 457 1523 526 mittentes;
1556 467 1806 515 sanctum
1829 468 2012 516 autem

2131 465 2253 537 πρὸς
2268 466 2513 529 ἑαυτοὺς,
2533 460 2790 534 φορϐειάν
2806 462 2902 516 ἐπὶ
2923 462 3023 536 τὴν
3051 464 3172 534 ῥῖνα
3199 462 3364 519 αὺτοῦ
3381 462 3690 533 βάλλοντας

439 555 615 624 ipsius
638 551 890 621 angelum
916 550 1125 621 alonge
1147 558 1487 620 sequentem,
1517 551 1751 619 tristem,
1774 551 2015 608 demisso

439 645 610 697 vultu.
658 640 812 697 Unde
868 641 1169 697 Paulusin
1216 643 1485 715 lacrymas
1534 643 1807 715 prorupit,
1851 659 2017 700 manu

440 744 632 806 pectus
668 732 887 798 tutudit,
939 733 1269 804 setlebatque
1315 741 1443 789 ante
1474 735 1768 791 ecclesiam
1794 774 1809 797 ,
1854 736 2018 791 vehe-

442 837 654 882 menter
704 825 908 882 dellens
954 842 1077 881 eum
1128 826 1221 897 qui
1274 826 1330 881 in
1365 827 1472 882 isto
1516 835 1667 883 statu
1719 828 1824 897 ipsi
1862 828 2018 885 visus

445 919 639 973 fuerat.
675 916 761 971 llli‘
796 932 926 972 vero
956 917 1139 971 intuiti
1169 918 1407 973 hominis
1448 918 1786 989 inopinatam
1838 921 2014 976 actin-

443 1027 590 1076 nem,
616 1012 851 1066 subitam
885 1010 1261 1076 mutationem,
1296 1013 1709 1069 conversionem
1738 1012 1806 1068 ad
1831 1013 2015 1085 lacry-

446 1120 564 1161 mas
594 1112 648 1159 et
686 1105 927 1170 luctum,
962 1104 1395 1174 interrogabant,
1437 1107 1781 1177 orabantque
1815 1114 1873 1161 ut
1901 1109 2018 1163 elu-

445 1204 706 1269 queretur
737 1212 907 1268 quare
932 1198 1194 1267 ploraret,
1232 1198 1387 1253 veriti
1430 1199 1689 1254 nimirum
1721 1215 1790 1255 ne
1826 1215 2021 1269 quam-

408 1324 414 1333 .
446 1289 590 1358 piam
619 1288 675 1342 in
698 1287 912 1342 cunctis
943 1286 1161 1356 culpam
1194 1302 1518 1356 agnoscens,
1546 1289 1621 1342 ita
1643 1296 1845 1359 ageret.
1879 1287 2020 1343 Hor-

449 1379 705 1434 tabantur
746 1379 908 1433 etiam
951 1384 1011 1432 ut
1052 1377 1120 1431 ad
1153 1379 1630 1449 congregationem
1671 1394 1799 1433 cum
1830 1378 1900 1433 iis
1932 1379 2020 1432 in-

447 1470 782 1539 grederetur.
835 1468 1040 1525 Paulus
1102 1476 1284 1525 autem
1347 1472 1414 1526 iis
1465 1470 1741 1541 repulsis,
1798 1470 2023 1526 sedebat

449 1569 626 1624 extra,
674 1560 908 1616 summis
955 1560 1208 1616 lamentis
1254 1575 1595 1631 prosequens
1637 1576 1761 1615 eum
1810 1561 1904 1631 qui
1941 1562 2023 1617 sic

450 1651 553 1720 ipsi
589 1659 932 1721 apparuerat.
956 1649 1077 1705 Non
1104 1651 1275 1705 multo
1299 1658 1446 1722 post,
1467 1651 1697 1707 dimisso
1724 1659 2018 1720 conventu,

449 1741 665 1796 cunctis
693 1740 1044 1809 exeuntibus,
1077 1740 1271 1795 iterum
1298 1757 1745 1812 unumquemque
1773 1744 2022 1800 conside-

450 1829 605 1884 rabat
632 1829 851 1893 Paulus,
890 1832 983 1899 qui
1010 1838 1237 1900 cuperet
1280 1846 1614 1901 cognoscere
1643 1833 1833 1903 quales
1866 1850 2023 1905 egre-

448 1921 741 1985 derentur;
770 1932 824 1976 et
848 1922 994 1977 videt
1026 1923 1177 1976 illum
1198 1922 1401 1986 virum,
1424 1921 1583 1991 cujus
1615 1930 1787 1977 totum
1818 1939 2022 1995 corpus

450 2012 603 2082 prius
646 2014 859 2082 nigrum
903 2012 1078 2066 fuerat
1122 2022 1286 2083 atque
1323 2014 1713 2078 tenebrosum,
1757 2014 1909 2070 exire
1955 2016 2024 2071 ab

449 2103 678 2158 ecclesia
704 2105 851 2157 claro
870 2105 1042 2167 vultu,
1066 2118 1297 2174 corpore
1317 2103 1569 2169 candido,
1594 2105 1870 2161 daemones
1895 2120 2025 2162 vero

450 2194 642 2263 procul
684 2194 860 2264 sequi,
900 2201 955 2248 at
988 2202 1238 2250 sanctum
1269 2196 1519 2266 angelum
1555 2196 1720 2265 juxta
1747 2196 2024 2261 comitari,

451 2292 507 2338 et
537 2285 775 2355 gaudere
825 2285 1114 2355 plurimum
1156 2301 1321 2355 super
1366 2301 1452 2342 eo.
1493 2285 1648 2342 Tunc
1679 2286 1886 2343 Paulus
1916 2302 2029 2358 prae

453 2375 637 2433 laetitia
669 2375 896 2441 exsiliit,
927 2376 1306 2447 clamabatque
1364 2377 1695 2434 benedicens
1739 2378 1935 2443 Deum,
1971 2379 2029 2433 in

456 2467 570 2522 haec
595 2466 791 2521 verba:
816 2464 861 2521 Ο
894 2465 1223 2522 ineffabilem
1253 2465 1349 2521 Dci
1384 2466 1680 2521 bonitatem
1711 2473 1875 2537 atque
1896 2480 2030 2536 erga

456 2557 707 2612 homines
763 2558 1039 2612 amorem!
1090 2556 1334 2613 Currens
1393 2571 1559 2628 porro
1618 2555 2031 2627 ascendensque

456 2666 621 2720 super
667 2650 832 2705 altum
877 2650 1130 2721 gradum,
1182 2665 1378 2721 magna
1428 2664 1558 2705 voce
1608 2650 1982 2720 pronuntiavit
2012 2659 2042 2705 :'

457 2742 649 2799 Venite
679 2758 743 2798 ac
771 2743 947 2799 videte
976 2756 1141 2813 opera
1167 2740 1286 2806 Dei,
1311 2757 1477 2812 quam
1511 2740 1775 2797 terribilia
1812 2741 1944 2809 sint,
1977 2750 2034 2797 et

456 2837 606 2891 omni
635 2834 998 2890 admiratione
1020 2834 1184 2906 digna
1214 2833 1283 2887 ⁸⁸.
1315 2831 1531 2897 Venite,
1565 2832 1747 2888 videte
1775 2848 1899 2888 eum
1934 2833 2031 2903 qui

455 2927 572 2992 ,vult
602 2941 790 2983 onmes
816 2926 1062 2980 homines
1097 2924 1278 2979 salvos
1310 2923 1447 2989 ﬁeri,
1492 2930 1547 2977 et
1591 2922 1658 2976 ad
1695 2922 2031 2994 agnitionem

459 3019 699 3075 veritatis
736 3017 922 3072 venire
954 3016 1022 3070 “.
1076 3012 1291 3078 Venite,
1345 3013 1656 3079 adoremus,
1695 3021 1750 3068 et
1782 3014 2032 3083 procida-

2116 557 2209 610 τόν
2262 575 2323 612 τε
2371 558 2526 626 ἅγιον
2554 556 2785 624 ἄγγελον
2814 554 2982 609 αὐτοῦ
3025 556 3135 610 ἀπὸ
3165 557 3436 628 μακρόθεν
3465 558 3695 614 ἀκολου-

2118 647 2313 704 θοῦντα
2344 648 2661 721 σκυθρωπὸν
2681 649 2776 702 καὶ
2797 647 3049 723 κατηφῆ.
3076 648 3135 702 '0
3162 647 3221 702 δὲ
3254 648 3462 723 Παῦλος
3494 649 3696 722 δακρύ-

2119 758 2239 806 σας,
2268 742 2364 796 καὶ
2385 744 2450 813 τῇ
2480 742 2624 813 χειρὶ
2644 740 2704 794 τὸ
2727 739 2924 810 στῆθος
2941 722 3148 812 πλήξας
3174 741 3245 805 ⁸⁸,
3276 722 3568 805 ἐκαθέζετο
3590 741 3698 811 πρὸ

2119 832 2220 903 τῆς
2269 832 2590 905 ἐκκλησίας,
2644 832 3078 905 ἀποκλαιομενος
3126 832 3331 905 σφόδρα
3384 833 3475 886 τὸν
3525 833 3698 898 οῦτως

2119 902 2350 991 ὀφθέντα
2403 902 2571 995 αὐτῷ.
2620 902 2683 978 ὁὶ
2715 924 2774 977 δὲ
2804 902 3131 994 θεασάμενοι
3166 902 3227 977 τὸ
3264 902 3572 995 παράδοξον
3602 924 3698 977 τοῦ

2119 1015 2332 1087 ἀνδρὸς,
2355 1018 2453 1088 τήν
2472 1033 2532 1069 τε
2553 1015 2729 1081 ὀξεῖαν
2756 1015 2921 1071 αὐτοῦ
2952 1015 3277 1087 μεταϐολὴν,
3309 1016 3448 1088 πρὸς
3488 1016 3698 1087 δάκρυα

2121 1105 2216 1159 καὶ
2245 1105 2440 1170 πένθος
2463 1107 2784 1177 κινήσαντα,
2809 1104 3037 1177 ἠρώτων
3066 1105 3230 1159 αὐτὸν
3253 1104 3698 1176 παρακαλοῦντες

2120 1196 2180 1248 τὸ
2213 1195 2354 1250 διατι
2378 1197 2554 1255 κλαίει
2578 1199 2776 1263 εἰπεῖν,
2811 1195 3124 1268 νομίζοντες
3162 1197 3292 1268 μήτι
3325 1195 3369 1226 ⁸⁸
3393 1196 3700 1262 καταγνοὺς

2122 1286 2374 1341 ἁπάντων
2419 1287 2581 1342 τοῦτο
2608 1289 2784 1342 ποιεῖ’
2831 1287 3175 1360 παρεκάλουν
3203 1305 3263 1340 τε
3301 1286 3462 1341 αὑτὸν
3491 1286 3582 1341 καὶ
3621 1288 3703 1350 εἰς

2121 1378 2217 1449 τὴν
2274 1378 2494 1444 σύναξιν
2552 1379 2650 1433 σὺν
2708 1379 2892 1443 αὐτοῖς
2948 1379 3197 1433 εἰσιέναι.
3261 1379 3320 1431 '0
3369 1378 3425 1431 δέ
3486 1377 3701 1442 Παῦλος

2122 1470 2552 1540 ἀποσεισάμενος
2620 1469 2817 1533 αὐτοὺς
2871 1469 2917 1501 ⁷⁸
2969 1467 3259 1532 ἐκαθέζετο
3305 1466 3447 1534 ἔξω,
3501 1466 3704 1521 ἀποδυ-

2125 1561 2351 1633 ρόμενος
2410 1560 2552 1614 πάνυ
2612 1560 2703 1613 τὸν
2759 1559 2932 1624 οὕτως
2972 1559 3207 1631 ὀφθέντα
3255 1558 3422 1629 αὐτῷ.
3474 1559 3606 1612 Μετ’
3638 1559 3701 1611 οὐ

2124 1652 2259 1706 πολὺ
2312 1652 2369 1705 δὲ
2416 1653 2517 1723 τῆς
2572 1650 2845 1717 συνάξεως
2887 1650 3290 1723 ἀπολυθείσης,
3339 1649 3433 1703 καὶ
3486 1649 3702 1704 πάντων

2122 1742 2394 1810 ἐξιόντων,
2417 1743 2577 1798 πάλιν
2596 1741 3001 1814 κατεμάνθανεν
3023 1744 3051 1796 6
3073 1741 3282 1806 Παῦλος
3303 1742 3553 1807 ἕκαστον,
3582 1740 3705 1809 βου-

2123 1834 2348 1904 λόμενος
2366 1834 2414 1866 ⁷¹¹
2440 1832 2644 1901 γνῶναι
2682 1826 2784 1886 οἷοι
2818 1831 3154 1904 ἐξέρχονται·
3188 1833 3280 1886 καὶ
3308 1832 3408 1902 ὁρᾷ
3425 1830 3515 1884 τὸν
3535 1829 3703 1900 ἄνδρα

2124 1926 2351 1989 ἐκεῖνον,
2378 1926 2470 1979 τὸν
2507 1924 2675 1996 μέλαν
2698 1925 2794 1977 καὶ
2827 1923 3065 1992 ζοφῶδες
3088 1922 3281 1995 ἔχοντα
3321 1921 3383 1976 τὸ
3429 1923 3556 1994 πρὶν
3585 1921 3704 1975 ὅλον

2124 2018 2185 2071 τὸ
2218 2017 2397 2089 σῶμα,
2421 2017 2773 2090 ἐξερχόμενον
2788 2017 2893 2071 ἀπὸ
2912 2017 3009 2088 τῆς
3036 2016 3332 2088 ἐκκλησίας
3353 2014 3605 2087 λαμπρὸν
3626 2013 3707 2083 τῷ

2125 2107 2420 2180 προσώπῳ,
2446 2107 2635 2162 λευκὸν
2661 2107 2739 2179 τῷ
2768 2106 3011 2179 σώματι,
3034 2108 3128 2161 καὶ
3161 2108 3285 2171 τοὺς
3309 2106 3568 2177 δαίμονας
3598 2122 3708 2176 μα·-

2124 2200 2265 2271 κράν
2287 2217 2388 2254 που
2439 2200 2487 2232 ⁷³
2523 2198 2986 2265 ἀκολουθοῦντας,
3029 2198 3122 2252 τόν
3162 2216 3221 2251 τε
3275 2197 3431 2267 ἅγιον
3473 2196 3708 2267 ἄγγελον

2126 2292 2291 2360 ἐγγὺς
2317 2290 2479 2363 αὑτοῦ
2514 2291 2892 2363 παρεπόμενον
2912 2290 2961 2322 ⁷⁸
2994 2290 3092 2345 καὶ
3146 2291 3403 2361 χαίροντα
3429 2288 3515 2343 ἐπ’
3554 2288 3710 2357 αὐτῷ

2130 2384 2353 2454 σφόδρα.
2389 2384 2447 2436 '0
2471 2382 2528 2436 δέ
2566 2382 2779 2446 Παῦλος
2802 2383 3157 2453 ἀναπηδήσας
3178 2382 3315 2453 μετὰ
3344 2383 3538 2452 χαρᾶς,
3576 2381 3712 2434 ἐϐόα

2128 2474 2366 2543 εὐλογῶν
2408 2473 2503 2527 τὸν
2552 2473 2705 2538 Θεὸν,
2742 2475 2838 2527 καὶ
2882 2472 3055 2542 λέγων
3077 2487 3092 2502 '
3134 2475 3198 2527 Ὢ
3226 2473 3324 2544 τῆς
3368 2473 3578 2541 ἀφάτου
3610 2472 3710 2525 τοῦ

2128 2564 2263 2620 Θεοῦ
2289 2563 2692 2637 φιλανθρωπίας
2708 2564 2799 2618 καὶ
2817 2562 3235 2634 ἀγαθότητοςηῑ
3268 2560 3502 2633 Δραμὼν
3524 2561 3579 2615 δὲ
3614 2563 3715 2616 καὶ

2130 2657 2336 2723 ἀναϐάς
2354 2658 2464 2711 ’ἐπὶ
2486 2657 2695 2728 βαθμοῦ
2742 2654 2970 2726 ὑψηλοῦ,
2998 2653 3211 2726 μεγάλῃ
3236 2656 3303 2725 τῇ
3330 2656 3481 2724 φωνῇ
3509 2653 3660 2721 ἔλεγε
3694 2670 3710 2681 ·

2130 2746 2296 2800 Δεῦτε
2333 2746 2428 2800 καλ⁹
2463 2746 2603 2799 ῐδετε
2654 2746 2723 2800 τὰ
2755 2744 2891 2816 ἔργα
2922 2742 3017 2798 τοῦ
3065 2743 3224 2807 Θεοῦ,
3265 2743 3340 2807 ώς
3383 2742 3589 2815 φοϐερὰ
3612 2743 3716 2797 καὶ

2133 2838 2313 2906 πάσης
2336 2837 2653 2909 ἐκπλήξεως
2694 2836 2841 2901 ἄξια.
2879 2835 3044 2891 Δεῦτε
3074 2835 3168 2890 καὶ
3204 2835 3341 2888 ῐδετε
3371 2834 3463 2890 τὸν
3489 2834 3717 2889 θέλοντα.

2134 2931 2342 2994 πάντας
2362 2929 2681 3002 ἀνθρώπους
2721 2929 2983 3001 σωθῆναι,
3012 2928 3108 2982 καὶ
3141 2930 3220 2992 είς
3253 2927 3546 2996 ἐπίγνωσιν
3571 2926 3670 2997 ἀλη
3691 2956 3711 2967 —

2136 3026 2286 3089 θείας
2308 3024 2501 3078 ἐλθεῖν.
2537 3023 2703 3077 Δεῦτε
2739 3023 3209 3095 προσκυνήσωμεν
3253 3020 3347 3075 καὶ
3389 3019 3733 3091 προσπέσω-’

461 3126 585 3165 mus
612 3110 662 3164 ei
687 3109 732 3141 ⁸⁸
763 3122 827 3162 ac
859 3107 1108 3161 dicamus
1134 3123 1147 3158 :
1172 3104 1255 3160 Tu
1285 3105 1436 3160 solus
1471 3113 1628 3175 potes
1657 3104 1874 3161 auferre
1907 3122 2031 3177 pec—

2140 3132 2238 3186 μεν
2256 3112 2428 3185 αὐτῷ,
2448 3113 2546 3166 καὶ
2561 3113 2807 3183 εἴπωμεν
2827 3129 2840 3142 ·
2873 3111 2944 3164 Σὺ
2965 3110 3126 3182 μόνος
3141 3108 3369 3164 δύνασαι
3396 3109 3646 3179 ἀφαιρεῖν
3660 3110 3716 3140 ⁷⁶

458 3209 600 3256 cata.
638 3203 820 3269 Itaque
852 3203 1253 3253 concurrerunt
1281 3196 1467 3251 cuncti
1502 3211 1754 3267 propere,
1785 3197 2031 3253 volentes

2137 3205 2429 3277 ἁμαρτίας.
2459 3203 2791 3274 Συνὲτρεχον
2815 3202 2873 3256 δὲ
2906 3202 3105 3265 πάντες
3138 3201 3277 3273 μετά
3311 3200 3566 3272 σπουδῆς,
3601 3200 3721 3253 τῶν

462 3292 653 3346 audire
702 3306 822 3360 qua:
886 3289 1177 3359 proferret.
1236 3287 1698 3360 Congregatisque
1748 3289 2033 3354 omnibus,

463 3381 705 3436 narravit
734 3379 933 3434 Paulus
969 3394 1088 3450 qua:
1110 3377 1319 3434 viderat
1344 3387 1633 3449 antequam
1662 3378 2036 3449 ingrederetur

465 3474 519 3528 in
559 3473 877 3533 ecclesiam.
919 3481 973 3527 et
1026 3486 1148 3542 qua:
1184 3479 1374 3541 postea
1408 3471 1629 3527 iterum.
1667 3469 1891 3525 Necnon
1935 3487 2038 3540 po-

466 3566 686 3623 stulavit
731 3566 799 3620 ab
845 3566 938 3619 illo
973 3564 1124 3629 viro,
1159 3570 1216 3618 ut
1244 3578 1466 3618 causam
1518 3563 1769 3627 efferret,
1817 3571 2038 3634 prOpter

465 3675 628 3730 quam
657 3658 708 3713 ei
738 3666 942 3712 tantam
988 3655 1400 3712 convcrsionem
1431 3654 1723 3726 derepente
1755 3654 1898 3711 Deus
1926 3656 2037 3708 lar-

467 3753 608 3821 gitus
643 3749 856 3806 fuisset.
906 3748 998 3804 lllc
1043 3764 1172 3804 vero
1207 3748 1588 3804 manifestatus
1628 3762 1665 3801 .a
1706 3746 1900 3811 Paulo,
1926 3744 2038 3800 'au-

468 3845 653 3899 dacter
685 3858 869 3898 coram
900 3842 1154 3899 omnibus
1186 3842 1463 3897 enarravit
1500 3850 1696 3896 cuncta
1729 3839 1796 3894 ad
1825 3855 1886 3895 se
1913 3856 2041 3910 spe-

469 3936 693 3991 ctantia.
727 3935 857 4007 Ego,
899 3935 1097 4007 inquit,
1134 3934 1298 3989 homo
1343 3941 1599 4004 peccator
1630 3947 1774 3996 sum,
1812 3947 1843 3986 a
1865 3935 2040 3988 multo

470 4034 712 4099 tempore
734 4029 1016 4098 hucusque
1042 4028 1098 4081 in
1128 4025 1584 4080 fornicationibus
1615 4025 1923 4091 volutatus;
1956 4041 2042 4081 ve-

469 4136 589 4176 rum
617 4137 762 4177 nunc
804 4122 1086 4191 ingressus
1113 4121 1169 4175 in
1197 4125 1443 4173 sanctam
1480 4117 1574 4173 Dei
1604 4118 1916 4183 ecclesiam,
1952 4134 2043 4173 au-

469 4210 582 4265 divi
621 4211 907 4266 lectionem
955 4210 1126 4265 sancti
1170 4209 1453 4281 propheta:
1502 4207 1679 4274 Isaiae,
1728 4208 1841 4264 imo
1868 4208 2041 4280 magis

470 4304 737 4375 loquelam
770 4301 865 4357 Dei
896 4316 992 4371 per
1023 4302 1200 4371 ipsum
1234 4320 1249 4356 :
1282 4300 1582 4365 Lavamini,
1630 4299 1815 4355 mundi
1840 4309 2040 4365 estote,

471 4396 674 4464 auferte
703 4392 936 4446 malitias
960 4399 1156 4446 vestras
1179 4406 1242 4445 ea:
1271 4391 1519 4446 cordibus
1541 4393 1747 4458 vestris,
1781 4391 1846 4445 ab
1876 4391 2043 4447 oculis

2134 3297 2442 3368 λεγομένων
2505 3295 2734 3351 ἀκοῦσαι
2798 3295 3128 3367 βουλόμενοι.
3186 3295 3297 3348 Καὶ
3345 3293 3718 3347 συνελθόντων

2137 3389 2380 3454 πάντων,
2430 3388 2670 3457 διηγεῖτο
2699 3388 2728 3440 6
2760 3387 2971 3452 Παῦλος
3002 3387 3094 3440 ντά
3120 3384 3385 3457 ὁραθέντα
3424 3384 3571 3456 αὐτῷ
3609 3386 3718 3457 πρὸ

2136 3483 2236 3551 τῆς
2269 3479 2474 3534 εἰσόδου
2524 3479 2625 3549 τῆς
2671 3478 2969 3549 ἐκκλησίας
2989 3519 3005 3543 ,
3038 3478 3131 3532 καὶ
3160 3477 3297 3548 μετὰ
3322 3477 3497 3532 ταῦτα
3517 3478 3717 3539 πάλιν.

2139 3570 2232 3623 καὶ
2259 3570 2410 3641 ἠξίου
2433 3569 2524 3623 τὸν
2546 3570 2716 3640 ἄνδρα
2743 3571 2950 3623 ἐκεῖνον
2983 3569 3162 3638 λέγειν
3189 3570 3289 3639 τὴν
3321 3570 3522 3635 αίτίαν,
3552 3569 3619 3623 δι’
3646 3570 3720 3640 ἣν

2139 3660 2288 3733 αὺτῷ
2346 3662 2445 3733 τὴν
2498 3661 2767 3733 τοσαύτην
2826 3660 3129 3732 μεταϐολὴν
3177 3661 3457 3730 αἰφνιδίως
3503 3664 3532 3716 6
3583 3660 3719 3723 Θεὸς

2139 3754 2446 3825 ἐχαρίσατο.
2482 3754 2537 3807 Ὀ
2556 3753 2611 3807 δὲ
2636 3752 2730 3808 ἄνθ
2741 3770 2919 3823 ρωπος
2938 3751 3214 3822 ἐλεγχθεὶς
3243 3752 3347 3805 ὑπὸ
3371 3750 3467 3805 τοῦ
3480 3751 3719 3818 Παύλου,

2140 3845 2372 3899 ἐνώπιον
2411 3844 2627 3900 πάντων
2656 3844 3039 3919 ἀνυποστόλως
3079 3843 3320 3914 διηγεῖτο
3342 3844 3411 3899 τὰ
3440 3844 3561 3898 καθ’
3589 3845 3718 3897 ἐαυ-

2141 3936 2256 4001 τὸν,
2295 3936 2493 4004 λέγων·
2539 3934 2679 4004 Ἐγὼ
2710 3934 2993 4006 ἄνθρωπός
3025 3919 3140 4005 εἰμι
3184 3934 3533 4006 ἁμαρτωλὸς,
3560 3936 3716 4005 φησὶ,

2143 4030 2239 4083 καὶ
2261 4029 2325 4081 ἐκ
2356 4025 2549 4081 πολλοῦ
2588 4024 2683 4078 τοῦ
2732 4025 2927 4096 χρόνου
2960 4024 3243 4096 πορνείαις
3292 4024 3526 4090 συνέζων
3559 4026 3721 4098 μέχρι

2140 4122 2234 4176 τοῦ
2264 4121 2391 4176 νῦν’
2434 4118 2761 4174 είσελθὼνδέ
2781 4117 2877 4171 νῦν
2902 4119 2958 4172 ἐν
2984 4120 3049 4189 τῇ
3076 4118 3209 4188 ἀγίᾳ
3243 4117 3336 4170 τοῦ
3360 4116 3493 4171 Θεοῦ
3519 4117 3719 4188 ἐκκλη-

2146 4212 2256 4285 σίᾳ,
2286 4212 2495 4283 ηκουσα
2529 4208 2621 4263 τοῦ
2666 4208 2826 4277 ἁγίου
2865 4208 3144 4278 προφήτου
3181 4205 3405 4259 Ἡσαΐου
3457 4206 3721 4274 ἀναγινω-

2147 4300 2432 4372 σκομένου,
2463 4298 2663 4370 μᾶλλον
2691 4297 2749 4350 δὲ
2764 4296 2858 4351 τοῦ
2882 4295 3018 4351 Θεοῦ
3042 4293 3328 4358 λαλοῦντος
3355 4295 3420 4348 δι’
3454 4294 3616 4350 αὑτοῦ
3629 4296 3674 4327 ⁷⁷
3702 4313 3714 4325 ·

2146 4394 2485 4456 Λούσασθε,
2536 4388 2781 4457 καθαροὶ
2828 4385 3095 4457 γένεσθε,
3127 4386 3380 4456 ἀφέλετε
3414 4387 3521 4452 τὰς
3541 4401 3721 4454 πονη-

472 4486 638 4551 ιηεὶὲς
671 4485 856 4539 discite
884 4485 1055 4555 {acere
1082 4483 1292 4538 bonum.
1331 4482 1398 4536 Et
1427 4484 1474 4535 si
1502 4483 1699 4550 fuerint
1724 4493 1936 4551 peccata
1963 4500 2031 4538 vel

2142 4484 2278 4554 ρίας
2304 4480 2468 4551 ὑμῶν
2495 4480 2612 4535 ἀπὸ
2632 4479 2679 4511 ’⁸
2708 4478 2827 4532 τῶν
2851 4477 3107 4547 καρδιῶν
3127 4478 3175 4509 τ’
3213 4477 3398 4547 ὑμῶν’
3435 4476 3719 4532 ἀπέναντι

472 4592 587 4635 stra
627 4577 780 4649 quasi
820 4576 1169 4647 phwniceum,
1212 4574 1348 4628 sicut
1378 4575 1546 4627 nivem
1583 4573 1861 4627 dealbabo.
1899 4574 1967 4629 Et
2002 4593 2025 4629 ε

2144 4574 2262 4629 τῶν
2294 4570 2616 4643 ὀφθαλμῶν
2629 4587 2770 4640 μου,
2789 4569 3006 4639 μάθετε
3028 4570 3222 4624 καλὸν
3253 4569 3466 4625 ποιεῖν.
3494 4569 3601 4624 Kal
3614 4569 3723 4623 ἐὰν

474 4671 743 4727 mlueritis
773 4680 823 4724 et
853 4667 1129 4723 audieritis
1162 4682 1263 4732 me,
1298 4665 1434 4721 bona
1463 4675 1616 4720 terra:
1656 4665 1936 4720 comedetis
1977 4668 2044 4721 “.

475 4765 585 4836 Ego
615 4779 762 4830 vero,
815 4767 1105 4825 scortator,
1144 4759 1212 4813 ad
1244 4773 1552 4815 sermonem
1585 4759 1861 4829 prophetae
1892 4774 2044 4814 com-

475 4866 711 4928 punctus
737 4857 940 4918 anima,
981 4852 1343 4924 ingemiscens
1388 4850 1532 4905 intra
1565 4858 1801 4907 mentem
1831 4866 2005 4906 meam
2027 4893 2042 4918 ,

473 4952 584 5006 dixi
614 4950 682 5006 ad
723 4949 890 5005 Deum
919 4968 931 5004 :
957 4946 1039 5001 Tu
1076 4946 1240 5011 Deus,
1282 4946 1378 5017 qui
1409 4944 1604 5002 venisti
1644 4945 1698 4999 in
1740 4944 2002 4999 mundum
2029 4982 2045 5009 ,

475 5050 790 5115 peccatores
820 5040 1000 5095 salvos
1027 5038 1204 5094 facere
1230 5039 1295 5105 ⁸⁷,
1328 5052 1452 5109 quae
1478 5035 1641 5091 modo
1679 5050 1776 5106 per
1814 5034 2045 5105 prophe-

475 5150 585 5191 tam
618 5146 769 5190 tuum
800 5131 1126 5205 promisisti,
1165 5146 1228 5187 ea
1252 5131 1309 5185 in
1339 5145 1425 5186 me
1457 5128 1621 5184 etiam
1659 5126 1891 5196 comple,
1916 5139 2049 5195 pec-

474 5234 657 5282 catore
689 5241 752 5279 ac
789 5225 1030 5294 indigno.
1062 5222 1204 5279 Ecce
1245 5222 1416 5288 enim,
1459 5236 1489 5276 a
1512 5218 1768 5290 praesenti
1800 5225 2049 5286 tempore

478 5318 634 5373 tidem
676 5330 849 5370 meam
894 5314 1095 5384 obligo,
1134 5312 1412 5368 constituo
1435 5351 1451 5374 ,
1495 5327 1562 5367 ex
1594 5310 1757 5365 corde
1791 5306 2051 5378 proﬁteor

2141 4661 2292 4721 ὦσιν
2319 4667 2378 4719 αἱ
2399 4664 2671 4734 ἀμαρτΙιιι
2711 4660 2878 4729 ὑμῶν
2918 4662 2998 4727 ὡς
3034 4661 3390 4730 φοινικοῦν,
3429 4662 3512 4727 ὠς
3548 4662 3722 4731 χιόνα

2142 4754 2438 4813 λευκανῶ.
2478 4754 2586 4809 Kal
2624 4755 2734 4809 ἐὰν
2783 4754 2998 4823 θέλητε
3033 4754 3131 4808 καί
3152 4754 3552 4823 εὶσακούσητέ
3579 4771 3718 4823 μου,

2144 4845 2217 4900 τὰ
2242 4844 2433 4915 ἀγαθὰ
2465 4842 2578 4913 τῆς
2608 4843 2722 4914 γῆς
2746 4843 3031 4914 φάγεσθε.
3060 4844 3200 4914 Ἐγὼ
3221 4844 3299 4911 δέ,
3324 4846 3510 4916 φησιν,
3534 4847 3563 4898 6
3591 4844 3723 4916 πόρ-

2144 4955 2252 5002 νος,
2319 4936 2414 4990 ἐπὶ
2467 4935 2545 5006 τῷ
2596 4934 2742 5007 λόγῳ
2795 4935 2891 4989 τοῦ
2947 4936 3226 5008 προφήτου
3272 4936 3597 5004 κατανυγεὶς
3624 4936 3723 5005 τὴν

2143 5028 2342 5099 ψυχὴν,
2378 5028 2474 5083 καὶ
2528 5027 2788 5092 στενάξας
2819 5028 2877 5081 ἐν
2912 5030 2978 5098 τῇ
3008 5027 3218 5099 διανοίᾳ
3257 5044 3381 5099 μου,
3409 5021 3561 5080 εἶπον
3589 5025 3724 5097 πρὸς

2144 5120 2236 5174 τὸν
2287 5119 2445 5183 Θεὸν,
2499 5120 2581 5172 ὅτι
2607 5120 2680 5173 Σὺ
2720 5121 2749 5172 6
2792 5119 2945 5185 Θεὸς,
2996 5120 3025 5172 6
3076 5117 3245 5171 ἐλθὼν
3286 5120 3367 5185 είς
3390 5118 3483 5171 τὸν
3522 5118 3719 5188 κόσμον

2147 5211 2506 5283 ἁμαρτωλοὺς
2558 5209 2753 5274 σῶσαι,
2806 5209 2843 5263 ἃ.
2905 5210 2999 5264 νῦν
3053 5209 3143 5263 διὰ
3177 5209 3273 5264 τοῦ
3317 5210 3594 5283 προφήτου
3630 5224 3722 5263 σου

2149 5303 2482 5376 ἐπηγγείλω,
2542 5302 2715 5355 ταῦτα
2746 5302 2795 5334 ⁸⁸
2845 5303 2941 5357 καὶ
3000 5303 3083 5366 εἰς
3138 5302 3240 5373 ἐμὲ
3299 5302 3584 5374 πλήρωσον
3634 5301 3723 5353 τὸν

547 5500 592 5531 ⁸³
619 5496 762 5552 Psal.
808 5511 932 5562 xcv,
971 5495 1024 5550 9.
1102 5493 1194 5549 “l
1239 5491 1379 5547 Tim.
1407 5507 1472 5562 νιι,
1497 5492 1560 5562 4.
1611 5487 1842 5562 _”APsal.
1875 5501 2031 5562 σειν,

2208 5486 2254 5562 ιτ
2276 5485 2386 5562 _lsa.
2417 5480 2703 5562 _i,_16-19.
2735 5550 2747 5562 _
2784 5482 2827 5514 ετ
2870 5479 2888 5534 l
2924 5480 3067 5562 ij.
3098 5481 3285 5562 I,_-i5_.‘
3335 5480 3380 5562 ξε
3420 5478 3504 5533 Al.
3551 5479 3723 5560 τύψεις

475 5569 665 5623 πολλά.
745 5567 789 5600 ⁸³
827 5559 927 5620 ΑΙ.
955 5566 1130 5619 εἰπεῖν
1175 5561 1512 5635 τὸ-ὁραθένί
1539 5559 1773 5635 δεδιότες

479 5639 592 5693 καί.
667 5641 712 5673 τ’
749 5638 833 5692 Al.
864 5635 1020 5699 εἰδὼς

480 5692 605 5763 add.
648 5709 694 5763 ὣ
726 5709 832 5762 τῶν
856 5692 1017 5762 θείων
1043 5692 1206 5761 αῦτοῦ
1236 5692 1555 5774 οἰκτιρμῶν,
1594 5692 1694 5754 καῖ
1708 5699 1805 5769 τῆς
1845 5696 2084 5767 ἀμέτρου
2106 5693 2268 5748 αὑτοῦ
2304 5692 2689 5766 χρηστότητος.

480 5779 528 5801 ει
569 5779 618 5801 ιι
671 5778 919 5801 ι.-ι-...μ--
1021 5779 1065 5801 ἰο
1107 5775 1159 5801 ΔΙ
1206 5772 1391 5801 .v....:.‘...
1481 5771 1526 5801 ιο
1565 5771 1617 5801 ΔΙ
1674 5770 1821 5801 ἱηρην
1871 5746 2051 5801 ἐΛνΜρ
2080 5776 2127 5801 nr
2153 5764 2297 5801 Envm

479 5779 528 5812 "
558 5779 642 5835 ΛΙ.
665 5778 943 5837 ἀπέναντι.
1021 5779 1065 5810 ⁷⁸
1098 5764 1433 5844 Α1.ψυχῶκὶ.’
1481 5771 1526 5803 ⁸ο
1557 5771 1640 5825 Al.
1674 5764 1839 5826 inser.
1871 5764 2031 5837 ἔργοις

2152 5764 2318 5835 ἔργφο

1081 5634 1204 5714 μὲν-
1223 5620 1339 5714 οξοί
1380 5620 1833 5714 είσῇλθον,.βουλῖ
1853 5620 1949 5714 δέε
2004 5625 2052 5658 ⁷³
2081 5623 2329 5711 ΑΙςπολύ.
2400 5624 2447 5655 ⁷⁸
2472 5622 2555 5714 ΔΙ.
2596 5620 2699 5677 ins.
2952 5637 3011 5714 ’ξε
3060 5622 3153 5714 καὶ
3187 5620 3487 5714 πρόθυμξη

1820 5558 1914 5628 μή.
1991 5548 2031 5588 ⁷⁸

2189 5554 2314 5628 ad_d_.
2345 5554 2439 5628 καί
2470 5550 2855 5628 ἀπαγορεῦσας
2876 5551 3069 5628 τοῦτο.
3131 5551 3187 5628 ’⁷⁸
3222 5550 3319 5628 Α1ἒ
3338 5549 3446 5605 ins.
3505 5548 3725 5628 diuisit-div

3563 5618 3611 5651 "
3640 5617 3725 5671 Al.

2768 5685 2926 5744 "'Al.
2958 5690 3193 5760 ἀφιέναι.
3233 5685 3244 5690 ⁷
3270 5690 3316 5722 ’⁷
3352 5685 3437 5744 Al’.
3472 5692 3531 5743 ἐν
3554 5685 3722 5758 αὐτῷ.
