4032 6338
287 368 400 426 385

1425 366 2032 424 APOPHTHEC-MATA
2072 367 2379 424 PA'I‘RUM.

3443 372 3548 435 586

289 486 620 562 ἁμαρτωλὸν
670 487 765 540 καὶ
823 486 1062 551 ἀνάξιον.
1103 485 1233 540 Ἰδοὺ
1268 485 1376 558 γὰρ
1401 487 1510 539 ἀπὸ
1539 484 1634 538 τοῦ
1673 483 1769 538 νῦν
1794 485 1872 538 δί-

1979 494 2029 540 et
2063 486 2321 554 promitto
2351 485 2467 547 tibi,
2505 483 2648 556 quod
2680 485 2906 556 posthac
2946 487 3080 541 nihil
3117 489 3245 542 mali
3272 495 3550 559 perpetrao

285 579 434 649 δωμί
495 595 578 632 σοι
620 577 800 646 λόγον,
869 577 1238 648 συντάσσομαι
1277 578 1364 642 δέ,
1410 577 1505 630 καὶ
1540 579 1606 630 ἐκ
1647 576 1876 648 καρδίας

290 670 726 742 ἐξομολογοῦμαί
755 689 858 733 σοι,
898 671 978 724 ὅτι
1004 672 1064 723 ού
1109 671 1184 742 μὴ
1215 669 1408 740 πράξω
1445 669 1524 722 ἔτι
1554 687 1605 722 τι
1635 669 1744 721 τῶν
1781 685 1879 721 κα-

289 764 408 818 κῶν
443 765 521 795 ⁸⁸⁸
567 763 706 817 ἀλλὰ
766 763 1146 834 ἀποτάσσομαι
1199 765 1377 816 πᾶσαν
1434 761 1776 832 παρανομίαν
1809 761 1876 823 θ’,

290 854 392 905 καὶ
423 851 699 906 δουλεύσω
730 869 811 904 σοι
843 853 949 904 ἀπὸ
975 852 1071 904 τοῦ
1102 852 1196 904 νῦν
1226 855 1282 906 ἐν
1312 852 1526 923 καθαρᾷ
1559 851 1876 921 συνειδήσει.

290 946 564 1014 Σήμερον,
601 937 645 995 ὦ
678 942 946 1006 Δέσποτα,
981 942 1074 996 καὶ
1101 944 1164 994 ἐκ
1183 941 1445 1014 τῆςῶρας
1483 941 1705 1012 ταύτης,
1732 941 1878 1005 δέξαι

293 1053 362 1104 με
405 1041 790 1105 μετανοοῦντα,
849 1035 944 1086 καὶ
973 1035 1388 1105 προσπίπτοντά
1417 1051 1520 1098 σοι,
1551 1034 1646 1088 καὶ
1680 1033 1874 1103 ἀπεχό.

294 1145 459 1196 μενον
488 1126 582 1180 τοῦ
637 1126 823 1179 λοιποῦ
879 1126 1056 1196 πάσης
1106 1127 1402 1198 ἁμαρτίας.
1456 1127 1579 1180 Ἐπὶ
1617 1126 1876 1188 ταύταις,

291 1221 453 1288 φησὶ,
490 1221 608 1282 ταῖς
659 1219 950 1289 συνθήκαις
996 1217 1221 1287 ἐξῆλθον
1273 1218 1380 1270 ἀπὸ
1429 1218 1530 1289 τῆς
1564 1217 1875 1287 ἐκκλησίας,

291 1311 490 1379 κρίνας
532 1311 591 1361 ἐν
633 1313 697 1380 τῇ
756 1309 995 1380 ἐμαυτοῦ
1045 1310 1214 1380 ψυχῇ,
1253 1310 1448 1380 μηκέτι
1483 1311 1647 1381 μηδὲν
1676 1309 1878 1378 φαῦλον

294 1401 502 1472 πρᾶξαι
535 1399 852 1453 άπέναντι⁸³
880 1399 974 1452 τοῦ
998 1399 1156 1453 Θεοῦ.
1199 1399 1553 1464 Ἀκούσαντες
1587 1399 1644 1452 δὲ
1675 1400 1876 1462 πάντες

289 1491 536 1545 ἀνεϐόων
563 1493 660 1561 μιᾷ
689 1495 842 1561 φωνῇ
902 1491 1039 1562 πρὸς
1064 1491 1153 1543 τὸν
1181 1491 1342 1543 Θεόν·
1378 1491 1476 1556 Ὠς
1505 1491 1876 1560 ἐμεγαλύνθη

289 1586 366 1638 τὰ
399 1585 545 1652 ἔργα
577 1601 712 1645 σου,
750 1585 926 1650 Κύριε
948 1584 968 1635 .'
1001 1583 1196 1636 πάντα
1241 1584 1311 1636 ἑν
1331 1585 1518 1652 σοφίᾳ
1563 1583 1875 1650 ἐποίησας.

291 1676 661 1736 Γινώσκοντες
713 1675 912 1737 τοίνυν,
967 1665 1012 1724 ὦ
1073 1674 1413 1744 Χριστιανοὶ,
1473 1677 1537 1727 ἐκ
1576 1675 1684 1726 τῶν
1716 1673 1878 1727 θείων

290 1766 331 1816 Γ
338 1764 548 1834 ραφῶν,
585 1765 677 1815 καὶ
703 1767 768 1816 ὲκ
804 1763 911 1816 τῶν
942 1765 1111 1831 ἁγίων
1156 1763 1572 1832 ἀποκαλύψεων,
1603 1765 1734 1834 ὅσην
1765 1764 1878 1835 ἔχει

288 1859 318 1908 ὁ
357 1854 492 1917 Θεὸς
539 1854 856 1924 ἀγαθότητα
900 1856 1028 1926 περὶ
1064 1855 1112 1886 ⁸⁵
1139 1856 1268 1918 τοὺς
1315 1858 1394 1918 εἰς
1424 1856 1584 1908 αὑτὸν
1641 1857 1878 1926 γνησίως

290 1947 759 2016 καταφεύγοντας,
783 1947 877 2000 καλ⁵
902 1948 993 2002 διὰ
1014 1946 1302 2016 μετανοίας
1317 1946 1385 1998 τά
1406 1947 1670 2018 πρότερον
1697 1947 1878 2010 αὐτοῖς

289 2041 634 2110 ἐπταισμένα
683 2038 1101 2110 διορθουμένους
1137 2038 1272 2108 (26),
1318 2038 1412 2091 καὶ
1459 2039 1541 2090 ὅτι
1588 2038 1876 2092 ἀποδίδωσι

290 2134 458 2187 πάλιν
488 2135 555 2187 τὰ
588 2133 974 2204 ἐπηγγελμένα
1033 2130 1236 2200 ἀγαθὰ,
1285 2131 1384 2184 ούκ
1422 2131 1878 2201 εἰσπραττόμενος

288 2228 448 2290 δίκας
490 2226 628 2297 ὑπὲρ
660 2226 768 2278 τῶν
807 2225 1088 2297 προτέρων
1117 2224 1421 2294 ἁμαρτιῶν,
1460 2224 1534 2294 μὴ
1563 2222 1879 2276 άπελπίσω-

293 2336 397 2388 μεν
427 2319 528 2388 τῆς
551 2317 761 2371 ἑαυτῶν
807 2317 1103 2387 σωτηρίας.
1145 2317 1356 2384 ’Ὠσπερ
1389 2315 1498 2386 γὰρ
1526 2315 1612 2368 διὰ
1657 2316 1876 2367 Ἠσαίου

287 2408 387 2460 τοῦ
422 2409 697 2478 προφήτου
722 2407 1107 2477 ἐπηγγείλατο,
1132 2407 1257 2468 τοὺς
1284 2407 1341 2458 ἐν
1370 2405 1664 2476 ἁμαρτίαις
1691 2405 1878 2475 βεϐορ-

289 2502 640 2572 ϐορωμένους
670 2499 910 2562 πλύνειν,
943 2499 1035 2552 καὶ
1055 2500 1130 2561 ὡς
1166 2498 1310 2568 ἔριον
1335 2499 1428 2550 καὶ
1457 2497 1531 2560 ὡς
1572 2497 1725 2566 χιόνα
1753 2496 1875 2549 λευ-

290 2594 523 2654 καίνειν,
564 2593 657 2645 καὶ
683 2592 787 2644 τῶν
827 2590 1049 2658 ἀγαθῶν
1093 2593 1192 2659 τῆς
1225 2590 1552 2661 ἐπουρανίου
1603 2590 1873 2660 Ἰερουσα-

291 2685 408 2755 λὴμ
451 2684 634 2748 ἀξιοῦν
661 2701 672 2713 ·
711 2683 884 2748 οὕτως
937 2680 1092 2746 αὖθις
1135 2682 1222 2734 διὰ
1278 2682 1370 2734 τοῦ
1407 2683 1562 2751 ἁγίου
1599 2683 1875 2752 προφήτου

303 2776 586 2848 Ίεζεκιὴλ,
609 2775 728 2846 μεθ’
745 2776 906 2846 ὅρκου
923 2776 1069 2845 ἡμᾶς
1095 2774 1428 2846 πληροφορεῖ
1455 2774 1529 2844 μὴ
1552 2773 1838 2826 ἀπολλύειν
1858 2789 1872 2804 ο

290 2865 388 2919 Ζῶ
425 2865 555 2937 γὰρ,
589 2866 744 2934 φησι,
770 2865 931 2933 ,λέγει
964 2865 1200 2930 Κύριος,
1237 2863 1324 2916 ὅτι
1349 2865 1422 2916 οὺ
1449 2864 1749 2932 ,ϐούλομαι
1771 2862 1878 2914 τὸν

288 2954 557 3010 θάνατον
595 2955 703 3008 τοῦ
760 2952 1137 3024 ἁμαρτωλοί),
1169 2954 1249 3019 ὡς
1282 2953 1349 3006 τὸ
1385 2952 1745 3020 ἐπιστρέψαι
1777 2951 1877 3005 καὶ

287 3043 403 3115 ζῇν
430 3046 641 3101 αὐτόν.

472 3162 613 3229 Περί
648 3160 755 3214 τοῦ
801 3159 950 3215 ἀϐϐἇ
989 3159 1215 3228 Πέτρου
1249 3161 1354 3216 τοῦ
1388 3157 1507 3212 τῶν
1533 3158 1695 3213 Δίου.

367 3274 577 3344 Πέτρος
619 3275 648 3326 ὁ
689 3273 798 3326 τῶν
839 3273 962 3325 Δίου
1007 3271 1398 3343 πρεσϐύτερος.
1457 3271 1642 3324 εἴποτε
1680 3271 1878 3343 ηῠχετο

295 3367 438 3436 μετά
487 3383 671 3428 τινων,
725 3365 911 3436 ἐπειδὴ
949 3363 1036 3417 διὰ
1080 3365 1177 3435 τὴν
1235 3363 1532 3434 ἱερωσύνην
1569 3363 1878 3434 ἔμπροσθεν

294 3457 551 3510 ἵστασθαι
603 3455 982 3525 ἠναγκάζετο,
1049 3458 1114 3526 τῇ
1167 3454 1634 3525 ταπεινοφροσύνῃ
1687 3453 1878 3507 ἐαυτὸν

288 3549 472 3602 ὀπίσω
492 3550 615 3601 ἵστα
643 3546 1152 3617 ἐξομολογούμενος·
1177 3548 1251 3609 ὡς
1271 3548 1348 3608 εἰς
1365 3547 1458 3598 τὸν
1477 3546 1588 3615 βίον
1619 3543 1710 3599 τοῦ
1734 3545 1881 3598 ἀϐὄᾶ

306 3642 596 3694 Ἀντωνίου
622 3640 950 3711 γέγραπται.
982 3639 1152 3692 Τοῦτο
1187 3637 1382 3701 ἐποίει,
1419 3637 1623 3707 μηδένα
1670 3635 1874 3689 λυπῶν.

751 3751 918 3822 Ἀρχὴ
946 3748 1040 3802 τοῦ
1068 3747 1108 3801 Ρ
1143 3747 1434 3817 στοιχείου.

617 3857 888 3928 Περίτοῦ
917 3857 1065 3912 ἀϐὅὰ
1102 3855 1210 3910 τοῦ
1255 3855 1561 3925 Ῥωμαίου.

367 3979 436 4027 α’.
466 3967 635 4026 Ἦλοέ
664 3989 791 4025 ποτε
841 3970 1071 4042 μοναχός
1099 3987 1184 4033 τις
1231 3968 1494 4039 Ῥωμαῖος
1521 3967 1588 4028 ⁸⁸,
1613 3965 1706 4018 καὶ
1737 3963 1881 4034 ᾠκη-

295 4082 394 4118 σεν
433 4067 492 4116 ἐν
529 4063 724 4134 Σκήτει
760 4062 1055 4132 ἐγγύτερον
1078 4061 1176 4130 τῆς
1197 4059 1526 4128 ἐκκλησίαςο
1558 4051 1671 4126 εἶχε
1704 4056 1759 4108 δέ
1787 4054 1881 4107 καὶ

295 4158 394 4211 ἕνα
425 4155 612 4208 δοῦλον
639 4154 1012 4226 ὑπηρετοῦντα
1041 4151 1210 4224 αὐτῷ.
1262 4149 1406 4204 Ἰδὼν
1437 4149 1494 4202 δέ
1522 4150 1550 4201 ὁ
1585 4145 1882 4216 πρεσϐύτε-‹

297 4264 395 4320 ρος
421 4246 519 4316 τὴν
567 4245 844 4298 ἀσθένειαν
885 4243 1072 4309 αὑτοῦ,
1109 4243 1204 4297 καὶ
1241 4240 1427 4312 μαθὼν
1459 4240 1524 4292 ἐκ
1556 4238 1715 4300 ποίας
1749 4237 1880 4289 ἀνα-

298 4335 556 4399 ’καύσεως
583 4337 748 4400 ἐστιν,
775 4336 826 4387 εῐ
861 4352 913 4387 τι
949 4334 997 4365 ’³⁸
1027 4333 1297 4403 ᾠκονόμει
1330 4331 1424 4382 καὶ
1452 4329 1651 4400 ἤρχετο
1679 4327 1760 4388 εἰς
1781 4325 1880 4395 τὴν

299 4429 614 4499 ἐκκλησίαν,
650 4429 892 4498 ἔπεμπεν
923 4427 1092 4496 αὐτῷ.
1131 4425 1239 4478 Καὶ⁵
1281 4423 1516 4491 ποιήσας
1545 4418 1880 4472 εἰκοσιπέντε

1980 586 2136 631 turus
2179 593 2333 645 sum;
2368 577 2460 632 sed
2494 579 2748 633 renuntio
2781 580 2928 633 omni
2972 581 3278 650 iniquitati;
3313 581 3549 637 serviam

1978 669 2076 722 tibi
2101 669 2211 737 jam
2236 669 2358 722 inde
2383 684 2508 722 cum
2533 684 2667 739 pura
2691 670 3042 724 conscientia.
3080 669 3270 734 Hodie,
3297 669 3548 733 Domine,

1979 768 2141 828 atque
2175 775 2239 814 ex
2288 761 2388 813 hac
2427 761 2584 828 hora,
2631 761 2848 831 suscipe
2886 777 2972 815 me
3012 761 3382 829 pmnitentem,
3427 777 3552 831 pro-

1980 861 2206 907 stratum
2241 868 2426 906 coram
2458 863 2529 917 te,
2561 853 2653 923 qui
2687 853 2944 922 deinceps
2975 853 3324 907 abstenturus
3355 853 3456 907 sim
3483 854 3551 906 ab

1979 945 2128 998 omni
2168 943 2388 998 delicto.
2422 944 2558 999 Cum
2600 945 2708 1006 his,
2738 945 2938 1014 inquit,
2970 943 3257 1013 promissis
3295 960 3551 1014 egressus

1979 1054 2100 1092 sum
2134 1038 2202 1092 ab
2233 1039 2487 1102 ecclesia,
2527 1039 2828 1092 decernens
2863 1037 3044 1092 animo
3078 1052 3201 1092 meo
3222 1077 3237 1100 ,
3281 1054 3388 1092 non
3431 1054 3549 1092 am-

1981 1130 2124 1199 plius
2163 1129 2442 1199 quidpiam
2484 1130 2611 1182 mali
2652 1109 2996 1183 committere
3021 1129 3073 1181 in
3102 1137 3404 1197 conspectu
3432 1129 3550 1182 Dei.

1979 1221 2110 1286 Qua:
2143 1237 2266 1274 cum
2304 1221 2607 1276 audiissent
2644 1220 2851 1282 cuncti,
2895 1234 3000 1272 una
3043 1233 3177 1273 voce
3211 1219 3552 1272 exclamave-

1980 1322 2110 1366 runt
2146 1314 2210 1367 ad
2245 1313 2448 1367 Deum:
2478 1313 2649 1379 Quam
2679 1314 3022 1382 magniﬁcam
3067 1321 3188 1365 sunt
3221 1319 3377 1379 opera
3422 1320 3548 1372 tua,

1980 1405 2239 1458 Domine!
2287 1405 2478 1460 Omnia
2528 1406 2583 1458 in
2630 1405 2892 1474 sapientia
2942 1405 3112 1472 fecisti
3158 1406 3224 1456 ⁸⁷.
3271 1403 3459 1473 Igitur,
3519 1417 3553 1455 0

1978 1496 2295 1562 Christiani,
2325 1505 2718 1566 cognoscentes
2741 1513 2771 1552 e
2792 1497 2992 1550 divinis
3018 1495 3317 1566 Scripturis
3350 1495 3553 1550 sacris-

1979 1603 2085 1656 que
2119 1588 2584 1652 revelationibus,
2620 1597 2879 1657 quantam
2915 1587 3058 1640 Deus
3102 1586 3296 1639 habeat
3331 1585 3550 1640 bonita-

1981 1690 2086 1735 tem
2121 1695 2249 1749 erga
2285 1694 2382 1735 eos
2415 1680 2508 1748 qui
2546 1679 2612 1733 ad
2658 1679 2836 1748 ipsum
2876 1679 3091 1733 sincere
3125 1677 3466 1746 confugiunt,
3499 1686 3554 1731 et

1981 1786 2011 1824 a
2051 1770 2324 1840 prioribus
2369 1769 2610 1838 peccatis
2655 1769 2770 1823 suis
2811 1767 3102 1822 emendant
3136 1781 3194 1819 se
3238 1782 3334 1834 per
3376 1766 3552 1834 paeni-

1983 1865 2240 1927 tentiam;
2275 1862 2533 1932 quodque
2565 1861 2756 1915 reddat
2789 1861 2985 1914 iterum
3021 1861 3160 1913 bona
3196 1859 3550 1927 repromissa,

1981 1973 2082 2013 nec
2108 1957 2290 2026 exigat
2321 1969 2514 2026 ptenas
2548 1969 2644 2024 pro
2677 1952 3056 2022 superioribus
3085 1951 3330 2016 delictis;
3364 1965 3431 2004 ne
3458 1950 3552 2004 dc-

1980 2062 2266 2118 speremus
2307 2046 2374 2101 de
2416 2051 2609 2100 nostra
2640 2044 2832 2097 salute.
2883 2043 3034 2095 Sicut
3065 2041 3209 2095 enim
3235 2056 3332 2110 per
3358 2039 3549 2094 Isaiam

1980 2138 2296 2208 prophetam
2331 2137 2609 2208 pollicitus
2644 2142 2750 2195 est,
2779 2135 3083 2187 lavaturum
3116 2147 3175 2188 se
3204 2140 3551 2201 peccatorum

1979 2228 2093 2281 luto
2125 2229 2434 2290 immersos,
2467 2235 2520 2280 et
2549 2225 2694 2280 velut
2729 2225 2906 2277 lanam
2949 2239 3013 2277 ac
3046 2223 3224 2276 nivem
3273 2222 3552 2276 dealbatu-

1977 2335 2122 2384 rum,
2170 2321 2410 2388 itemque
2446 2317 2604 2372 bonis
2649 2316 2891 2370 ccelestis
2934 2313 3274 2369 Hierusalem
3322 2313 3554 2368 donatu-

1979 2426 2099 2464 rum
2144 2410 2189 2441 ⁸³
2221 2430 2232 2464 :
2268 2411 2339 2462 ita
2374 2424 2567 2463 rursus
2614 2424 2708 2477 per
2754 2416 3004 2462 sanctum
3057 2406 3376 2477 prophetam
3418 2404 3553 2460 Eze-

1975 2499 2232 2562 cbielem,
2255 2514 2378 2552 cum
2399 2497 2758 2567 jurejurando
2782 2497 2941 2551 nobis
2971 2498 3184 2567 plenam
3216 2496 3373 2548 tidem
3400 2497 3550 2555 tacit,

1977 2607 2038 2646 se
2070 2607 2178 2644 non
2208 2591 2546 2661 perditurum
2575 2605 2689 2644 eos.
2725 2591 2813 2643 Ait
2849 2591 3050 2658 quippe
3080 2607 3091 2641 ε
3137 2589 3256 2640 Vivo
3286 2603 3400 2656 ego,
3421 2586 3550 2639 dicit

1977 2682 2256 2743 Dominus,
2280 2683 2403 2750 quia
2429 2682 2548 2734 nolo
2567 2691 2782 2733 mortem
2806 2680 3114 2749 peccaturis,
3135 2694 3292 2746 quant
3321 2680 3551 2730 converti

1976 2776 2169 2842 ipsum,
2197 2784 2246 2826 et
2273 2775 2435 2826 vivere
2468 2773 2536 2824 ⁸⁸.

2449 3055 2524 3110 De
2554 3056 2740 3110 abbate
2774 3055 2934 3110 Petro
2967 3055 3082 3108 Dii.

1899 3165 1942 3222 ο
2046 3156 2241 3212 Petrus
2273 3153 2354 3209 Dii
2392 3153 2698 3224 presbyter,
2729 3151 2777 3207 si
2815 3149 3037 3221 quando
3077 3149 3219 3203 inter
3250 3147 3387 3204 alios
3420 3165 3549 3219 pre-

1981 3248 2228 3313 cabatur,
2259 3261 2384 3300 cum
2411 3245 2482 3298 ob
2511 3242 2876 3298 sacerdotium
2912 3250 3038 3296 ante
3080 3255 3174 3295 eos
3217 3247 3363 3296 stare
3401 3257 3553 3297 com-

1981 3341 2292 3411 pelleretur,
2337 3353 2433 3409 per
2477 3337 2838 3391 humilitatem
2883 3336 3122 3403 seipsum
3156 3343 3304 3388 retro
3339 3335 3551 3390 consti-

1981 3434 2206 3498 luebat,
2256 3431 2662 3486 confessionem
2708 3427 2946 3494 faciens;
2987 3427 3446 3496 quemadmodum
3495 3429 3550 3482 in

1980 3527 2089 3580 vita
2121 3525 2335 3579 abbatis
2377 3522 2599 3576 Antonii
2645 3521 2915 3590 scriptum
2959 3527 3060 3574 est.
3110 3517 3224 3573 Hoc
3273 3519 3549 3584 faciebat,

1979 3619 2318 3673 contristans
2349 3619 2622 3670 neminem
2638 3656 2653 3671 .

2430 3726 2764 3794 Principium
2802 3725 2992 3778 litterae
3023 3722 3082 3774 P.

2368 3839 2445 3892 De
2479 3837 2664 3910 abbate
2693 3837 2871 3904 patria
2908 3834 3162 3888 Romano.

2059 3952 2103 4004 Ι.
2141 3949 2279 4020 (2‘7)
2313 3946 2476 4002 Venit
2514 3946 2812 4017 aliquando
2847 3943 3149 3999 monachus
3177 3941 3398 4011 quidam
3445 3937 3551 3993 Ro—

1984 4056 2198 4106 manus,
2231 4048 2285 4096 et
2315 4038 2582 4093 habitavit
2621 4037 2676 4091 in
2715 4035 2860 4090 Sceti
2892 4034 3050 4103 juxta
3088 4030 3376 4086 ecclesiam
3405 4047 3419 4095 ;
3454 4029 3553 4081 ba-

1981 4134 2098 4187 buit
2147 4145 2368 4202 quoque
2413 4143 2630 4184 servum
2675 4127 2768 4196 qui
2819 4125 2869 4180 ei
2923 4122 3290 4177 ministrabat.
3348 4118 3554 4174 Videns

1982 4234 2165 4279 autem
2208 4223 2494 4294 presbyter
2527 4219 2895 4274 infirmitatem
2928 4215 3069 4285 ejus,
3107 4228 3230 4267 cum
3269 4211 3553 4267 didicisset

1982 4333 2144 4389 quam
2180 4313 2464 4386 splendide
2492 4313 2718 4366 vixisset
2761 4309 2912 4375 olim,
2952 4306 3215 4377 quidquid
3247 4305 3555 4376 conquisie-

1982 4423 2085 4477 rat,
2117 4418 2221 4464 ‘aut
2248 4408 2312 4462 ad
2350 4405 2640 4462 ecclesiam
2687 4403 2928 4459 delatum
2964 4401 3167 4463 fuerat,
3202 4401 3449 4456 mittebat
3482 4403 3553 4456 ei.

298 4523 401 4591 ἐτη
457 4491 514 4574 ἐν
571 4491 806 4591 Σκήτεί,
854 4491 1055 4587 γέγονε-
1084 4514 1391 4587 διορατικδς
1438 4513 1530 4566 καὶ
1564 4510 1878 4581 ὀνομαστός.

1986 4507 2037 4560 ls
2059 4519 2154 4577 per
2172 4516 2346 4555 annos
2372 4499 2562 4569 viginti
2581 4499 2822 4569 quinque
2846 4496 3047 4550 mansit
3065 4494 3119 4548 in
3139 4492 3307 4560 Sceti,
3329 4491 3561 4547 exstitit-

311 4613 579 4674 ’Δκούσας
603 4612 659 4665 δέ
691 4629 774 4674 τις
794 4610 902 4662 τῶν
929 4608 1180 4680 μεγάλων
1206 4607 1518 4676 Αἰγυπτίων
1545 4605 1673 4674 περὶ
1695 4601 1880 4667 αὑτοῦ,

298 4702 466 4777 ἦλθεν
501 4705 627 4758 ἰδεῖν
658 4702 842 4764 αὑτὸν,
877 4699 1188 4771 προσδοκῶν
1230 4696 1551 4768 σωματικήν
1581 4709 1702 4746 τινα
1736 4691 1884 4744 πολι-

297 4797 452 4854 τείαν
509 4794 902 4864 περισσοτέραν
957 4792 1137 4861 εὑρεῖν
1177 4791 1234 4842 ἐν
1289 4786 1454 4857 αὐτῷ.
1518 4783 1786 4839 Εἰσελθὼν
1826 4782 1883 4835 δέ

298 4889 590 4962 ἠσπάσατο
629 4886 820 4940 αὐτόν’
878 4885 972 4936 καὶ
1017 4885 1342 4953 ποιήσαντες
1395 4879 1558 4948 εὐχὴν
1598 4875 1878 4930 ἐκάθισαν.

299 4975 502 5028 Βλέπει
540 4973 594 5026 δὲ
648 4974 810 5026 αὐτὸν
839 4972 868 5023 ὁ
897 4971 1191 5039 Αἰγύπτιος
1234 4967 1501 5038 φοροῦντα
1540 4967 1727 5036 ἱμάτια
1752 4980 1882 5034 τρυ⁴

300 5067 469 5138 φερά,
500 5065 596 5119 καὶ
621 5065 912 5136 χαράδριον
932 5062 1044 5134 (28)
1075 5061 1171 5114 καὶ
1197 5059 1372 5132 δέρμα
1405 5059 1664 5112 ὑποκάτω
1692 5054 1880 5121 αὑτοῦ,

1987 4615 2093 4667 que
2135 4594 2487 4667 dignoscendi
2521 4593 2697 4664 gratia
2745 4589 3038 4662 praeditus,
3077 4601 3289 4642 necnon
3340 4586 3560 4638 nomine

1989 4690 2242 4745 celebris.
2281 4687 2450 4741 Porro
2477 4685 2775 4740 nonnullus
2804 4693 3122 4751 magnorum
3150 4677 3557 4746 Egyptiorum,

1991 4782 2218 4836 audiens
2254 4781 2321 4835 de
2363 4779 2477 4841 illo,
2526 4776 2759 4830 accessit
2792 4781 2850 4826 ut
2880 4771 3118 4830 videret,
3153 4768 3444 4822 arbitratus
3477 4767 3559 4820 in-

1989 4880 2281 4925 venturum
2312 4884 2370 4923 se
2403 4868 2457 4922 in
2479 4866 2700 4919 homine
2729 4874 3046 4930 corpoream
3076 4859 3317 4927 aliquam
3341 4859 3560 4912 vivendi

1989 4962 2252 5016 rationem
2291 4954 2802 5014 extraordinariam.
2842 4949 3026 5020 Itaque
3062 4951 3362 5018 ingressus,
3415 4949 3562 5004 salu-

1990 5053 2124 5108 tavit
2171 5066 2330 5114 eum,
2386 5049 2637 5116 factaque
2689 5057 2881 5115 prece,
2933 5040 3322 5096 consederunt.
3371 5039 3562 5095 Cernit

1561 5169 1581 5190 .

379 5222 421 5250 ‘”
453 5219 582 5281 Pro,
624 5236 677 5270 τι
737 5217 844 5269 τῶν
902 5215 1107 5279 κακῶν,
1159 5215 1230 5268 al.
1279 5212 1516 5266 τοιοῦτον
1565 5201 1754 5264 κᾶκόν.
1830 5209 1877 5240 ⁸³

1980 5199 2552 5281 ..πάσῃ-,παρανομίας
2597 5198 2793 5281 Α’ξΑΙ.
2819 5195 3022 5281 “ingeri.
3072 5193 3192 5281 Δτῶν
3212 5191 3559 5281 ηιξφθαέμῶν.

721 5289 766 5319 ⁸⁵
792 5288 878 5339 Al.
931 5288 1103 5340 inscr.

302 5289 350 5320 ει
386 5293 435 5320 ΔΙ
493 5290 629 5320 μυλλ-

376 5293 460 5342 Al.
493 5290 650 5359 πρός.
721 5290 766 5319 ⁸⁸
792 5290 878 5339 Al.
931 5290 1103 5340 inscr.
1138 5290 1310 5355 μέγας
1356 5290 1649 5351 γενόμενος
1681 5297 1766 5332 τοι

384 5377 461 5420 ιιι,
508 5361 593 5412 t‘J.
677 5358 720 5391 ⁸⁹
749 5357 948 5412 Ezech.
987 5369 1141 5418 xvm,
1173 5355 1262 5420 52,
1305 5354 1414 5416 23;
1448 5367 1637 5415 xxxiii,
1682 5351 1766 5402 Η.

305 5377 461 5423 una,
508 5361 593 5412 i‘J.

383 5515 492 5586 (26)
539 5512 687 5586 Τοὺς
714 5513 812 5586 διὰ
862 5512 1183 5586 μετανοίας
1212 5508 1300 5586 3a
1352 5508 1649 5586 πρότερον.
1681 5502 1886 5586 αρεοῖς

303 5577 678 5652 ἐπταισμένα
709 5577 1191 5650 διομθουμένους.
1212 5579 1325 5632 Hoc
1345 5589 1446 5638 est,
1473 5577 1690 5652 Pelagio
1722 5577 1887 5650 inter-

309 5651 582 5726 pretanth
614 5655 950 5726 cosrqui‘per
993 5653 1350 5726 paenitentimn
1399 5651 1676 5726 emendant
1705 5659 1886 5726 priora

307 5713 527 5786 Ife/icta.
554 5713 800 5778 Prw-live
833 5713 935 5775 fuit
961 5713 1242 5774 emendant
1266 5726 1476 5773 vertcrc
1500 5717 1552 5770 in
1578 5713 1882 5770 emundant.

391 5799 496 5864 {‘27)
550 5793 650 5846 νει.
693 5793 843 5852 Patr,
884 5809 937 5851 χ,
975 5793 1064 5845 76.

1138 5285 1324 5355 μέγας
1345 5282 1649 5355 ,γενόμενος
1681 5281 1774 5355 τοῦ
1817 5278 2100 5332 παλατίου.

2180 5275 2226 5306 ⁸⁸
2263 5262 2348 5324 Αἰ.
2378 5262 2481 5325 ins.
2508 5262 2550 5321 ’ὁ
2593 5269 2744 5330 Θεός.
2818 5266 2863 5298 ⁸⁷
2896 5263 3040 5319 Psal.
3065 5277 3160 5317 CIII
3212 5262 3303 5318 24.
3376 5264 3421 5294 ⁸⁸
3459 5263 3562 5318 lsa.

2065 5499 2176 5567 ('28)
2218 5496 2575 5567 Χαράδριον.
2597 5491 2772 5567 Yertit
2795 5489 3044 5567 Pelagius
3073 5489 3126 5542 in
3154 5488 3309 5567 libris
3335 5487 3564 5566 impres-

1994 5558 2209 5632 sis‘hic,
2244 5558 2464 5621 manant
2499 5565 2580 5618 vel
2617 5563 2810 5615 budam
2838 5561 2901 5614 de
2923 5558 3159 5632 papyro.
3186 5558 3290 5612 Sed
3309 5560 3564 5632 antiquus

1994 5642 2163 5694 codex
2198 5627 2520 5693 monasterii
2551 5633 2901 5688 Corbeiensis
2921 5627 3106 5692 habet,
3143 5627 3352 5696 byrsam
3387 5627 3450 5680 de
3473 5641 3574 5694 pa-

1993 5725 2142 5780 pyro.
2188 5707 2605 5765 Suessionensis
2639 5711 2842 5767 autem,
2875 5703 3066 5754 budam
3103 5703 3162 5751 de
3190 5713 3408 5766 papyro.
