4028 6338
444 359 552 421 387

1565 337 1899 396 ΑΡΓΕΝοΙὶ
1941 337 2033 392 AD
2064 329 2485 392 PALLADIUM.

3605 318 3714 377 εει

454 466 744 541 Egyptius
791 462 943 518 illum
976 456 1228 515 delicatis
1254 454 1500 512 vestibus
1540 453 1812 517 indutum,
1862 461 2025 523 atque
2056 505 2060 515 Α

2165 451 2222 504 al.
2252 444 2689 522 προσκεφάλαιον
2716 438 2939 510 μικρόνο
2973 439 3168 509 ἔχοντα
3192 439 3249 493 δὲ
3279 438 3374 493 καὶ
3401 438 3529 501 τοὺς
3545 438 3716 497 πόδας

451 571 676 617 mattam
708 571 773 610 ac
801 555 994 626 pellem
1032 549 1139 606 sub
1181 564 1265 614 eo,
1312 547 1438 602 item
1479 560 1704 617 parvum
1743 543 2024 614 pulvinar;

457 650 525 705 ad
572 649 687 703 hac
729 645 934 701 nitidos
975 642 1180 696 habere
1213 638 1380 709 pedes
1426 651 1549 691 cum
1605 634 1888 689 sandaliis.
1934 632 2029 687 llis

454 736 617 803 visis,
647 733 968 791 scandalum
1004 744 1203 801 passus
1231 733 1337 788 est,
1370 724 1515 796 quod
1544 740 1609 779 eo
1644 723 1748 777 loci
1776 739 1884 777 non
1907 723 2031 777 talis

458 837 613 885 esset
650 826 844 898 agendi
878 823 1038 889 ratio,
1073 820 1169 877 sed
1196 821 1383 890 potius
1414 819 1536 872 vita:
1564 817 1820 872 durities.
1855 817 2031 870 Senex

458 928 661 981 autem,
696 924 885 986 utpote
917 912 1253 984 pcrspicacia
1278 908 1536 971 donatus,
1565 908 1832 964 intellexit
1858 908 2032 976 ipsum

458 1010 768 1073 olfensum,
808 1007 991 1076 aitque
1039 1003 1295 1057 ministro
1343 1018 1483 1056 suo:
1527 999 1636 1055 Fac
1684 1001 1843 1054 nobis
1894 1000 2037 1052 hunc

458 1104 601 1157 diem
642 1099 861 1158 festum,
900 1103 1123 1166 propter
1166 1094 1442 1147 abbatem.
1477 1091 1601 1145 Erat
1635 1107 1802 1161 porro
1832 1091 1906 1144 illi
1946 1106 2040 1161 pa-

459 1208 580 1250 rum
629 1190 825 1253 oleris;
876 1197 930 1241 ct
972 1186 1161 1248 coxit.
1217 1199 1454 1252 cumque
1500 1192 1712 1253 tempus
1762 1182 2038 1246 venisset,

459 1288 767 1351 surgentes,
800 1275 1176 1332 comederunt.
1215 1270 1415 1325 llabuit
1442 1270 1607 1323 etiam
1641 1283 1808 1324 senex
1844 1281 2037 1338 parum

459 1372 572 1426 vini
613 1378 836 1440 propter
868 1364 1240 1423 inﬁrmitatem
1297 1377 1497 1428 suam;
1554 1359 1702 1431 quod
1761 1359 2037 1415 biberunt.

465 1462 641 1534 thue
671 1474 899 1531 vespera
946 1456 1187 1520 advenit,
1229 1455 1536 1511 recitarunt
1564 1451 1855 1507 duodecim
1896 1450 2041 1520 psal-

460 1569 602 1617 mos,
627 1563 815 1623 postea
840 1551 1023 1605 ierunt
1042 1547 1310 1602 cubitum.
1343 1544 1467 1599 Pari
1492 1544 1654 1598 modo
1676 1553 1860 1597 noctu.
1887 1541 2043 1596 Mane

465 1657 594 1700 vero
624 1657 857 1712 surgens
886 1638 1201 1711 )Egyptius,
1244 1636 1377 1692 dicit
1401 1636 1450 1690 ei
1479 1654 1493 1689 :
1520 1631 1629 1691 Ora
1661 1650 1760 1703 pro
1794 1648 1901 1688 me.
1941 1635 2042 1686 At-

463 1752 569 1807 que
599 1736 754 1795 exiit,
798 1732 944 1788 nulla
978 1737 1232 1803 percepta
1264 1730 1520 1784 utilitate.
1556 1727 1829 1783 Caeterum
1870 1741 2046 1796 pauco

2131 538 2403 607 καθαροὺς
2446 534 2584 607 μετὰ
2620 533 2916 587 σανδαλίων
2940 550 2953 562 ·
2982 531 3270 585 καὶταῦτα
3301 529 3425 584 ἰδὼν
3455 531 3719 583 ἐσκανδα-

2130 631 2308 701 λίσθη,
2340 630 2419 682 ὅτι
2456 630 2515 682 ὲν
2535 627 2613 699 τῷ
2632 626 2781 697 τόπῳ
2814 625 2911 695 οὐχ
2943 624 3158 695 ὑπῆρχε
3196 623 3425 696 τοιαύτη
3446 622 3739 694 διαγωγὴ,

2132 720 2266 774 ἀλλὰ
2295 719 2494 790 μᾶλλον
2534 714 2945 788 σκληραγωγία.
2976 714 3081 768 Kal.
3118 713 3424 785 διορατικδς
3450 712 3529 767 ὢν
3566 716 3596 766 6
3627 712 3724 782 γέν

2137 828 2245 883 ρων
2282 811 2502 877 ἐνόησεν
2529 810 2611 861 ὅτι
2654 805 3070 877 ὲσκανδαλίσθη,
3112 806 3207 858 καὶ⁸
3232 805 3380 874 λέγει
3410 804 3489 875 τῷ
3517 806 3726 876 ὑπηρε-

2134 900 2316 957 τοῦντι
2340 899 2500 963 αὐτόν
2513 900 2651 931 ’⁸⁸⁸⁸⁸
2677 899 2908 968 Ποίησον
2934 899 3063 968 ἡμῖν
3094 896 3286 968 ἑορτὴν
3316 895 3404 951 διὰ
3429 895 3519 949 τὸν
3549 896 3726 950 ἀὸδᾶν

2139 992 2397 1062 σήμερον,
2431 990 2738 1061 Εύκαίρησε
2761 989 2816 1042 δὲ
2857 989 3053 1061 μικρὸν
3090 986 3345 1059 λάχανον,
3381 989 3475 1042 καὶ
3502 986 3684 1057 ἥψησε
3708 1006 3722 1019 ·

2139 1085 2234 1136 καὶ
2260 1086 2325 1153 τῇ
2357 1082 2476 1154 ὥρᾳ
2525 1082 2855 1146 ἀναστάντες
2897 1082 3119 1150 ἔφαγον.
3153 1077 3280 1153 Εἶχε
3319 1081 3375 1134 δὲ
3408 1081 3502 1134 καὶ
3530 1078 3727 1151 μικρὸν

2139 1171 2279 1228 οἶνον
2306 1174 2526 1246 διὰτὴν
2563 1172 2846 1229 ἀσθένειαν
2880 1172 3045 1226 αὑτοῦ
3089 1174 3117 1225 6
3162 1172 3377 1242 γέρωνο
3414 1171 3507 1225 καὶ
3546 1172 3725 1225 ἔπιον.

2142 1264 2249 1327 Kal
2302 1265 2378 1328 ὡς
2433 1263 2650 1332 ἐγένετο
2692 1263 2812 1337 ὀψὲ,
2847 1263 3037 1321 ἔϐαλον
3065 1265 3190 1327 τοὺς
3214 1261 3421 1316 δώδεκα
3450 1262 3726 1334 ψαλμοὺς,

2142 1359 2236 1411 καὶ
2265 1357 2639 1429 ἐκοιμήθησαν
2656 1373 2669 1386 ο
2700 1355 2899 1426 ὁμοίως
2923 1356 2980 1409 δὲ
3008 1356 3104 1410 καὶ
3130 1356 3228 1426 τὴν
3257 1356 3447 1410 νύκτα.
3465 1356 3731 1421 Ἀναστὰς

2142 1442 2199 1505 δὲ
2238 1448 2298 1500 τὸ
2330 1449 2376 1479 ’³
2407 1446 2552 1519 πρωῒ
2575 1449 2604 1499 6
2631 1447 2946 1515 Αἰγύπτιος,
2990 1445 3139 1514 λέγει
3174 1445 3359 1516 αὐτῷ·
3391 1442 3557 1510 Εὗξαι
3590 1446 3731 1516 ὑπὲρ

2146 1540 2303 1612 ἐμοῦ.
2360 1541 2473 1594 Kal
2537 1538 2731 1610 ἐξῆλθε
2785 1540 2859 1610 μὴ
2895 1536 3215 1608 ώφεληθείς.
3253 1538 3363 1590 Καὶ
3401 1538 3477 1603 ὡς
3520 1538 3731 1610 ἀπῆλθε

2150 1632 2367 1704 μικρὸν,
2396 1630 2565 1685 θέλων
2582 1633 2611 1685 6
2629 1632 2808 1705 γέρων
2832 1630 3112 1700 ὠφελῆσαι
3132 1630 3313 1693 αὐτὸν,
3354 1629 3574 1702 πέμψας
3602 1648 3732 1701 μετ-

2148 1724 2444 1787 εκαλέσατο
2491 1723 2653 1781 αὑτὸν
2674 1740 2686 1754 ·
2746 1722 2840 1777 καὶ
2890 1722 2965 1785 ώς
3011 1716 3162 1796 ἦλθε,
3201 1720 3340 1793 μετὰ
3368 1723 3540 1793 χαρᾶς
3570 1721 3735 1776 πάλιν

465 1803 588 1897 post
619 1826 768 1883 illius
797 1823 1104 1879 discessum
1138 1828 1406 1891 tempore,
1450 1834 1619 1874 senex
1664 1817 1762 1888 qui
1807 1817 1967 1872 vellet
1995 1815 2046 1871 ei

2162 1815 2364 1882 ιδέξατο
2419 1813 2618 1879 αὑτὸν,
2692 1814 2788 1867 καὶ
2848 1810 3205 1883 ἐπηρώτησεν
3265 1812 3465 1868 αὑτὸν.
3518 1812 3693 1881 λέγων
3719 1830 3731 1842 ·

466 1934 591 1973 esse
629 1916 803 1980 utilis,
842 1915 1069 1970 mittens
1119 1911 1399 1968 revocavit
1440 1925 1586 1965 eum.
1646 1907 1710 1963 Et
1760 1917 2047 1979 postquam

465 2010 743 2073 rediisset,
772 2008 971 2062 iterum
1005 2004 1248 2074 suscepit
1271 2002 1423 2056 illum
1455 2001 1643 2066 laetus;
1679 2007 1790 2053 tum
1823 1999 2053 2053 interro-

467 2101 646 2166 gavit,
685 2098 789 2152 hoc
832 2103 991 2167 pacto
1022 2115 1035 2151 :
1064 2094 1235 2165 Cujus
1277 2093 1517 2165 regionis
1559 2092 1662 2148 es?
1702 2088 2048 2161 Respondit:

471 2190 760 2262 Egyptius
791 2204 935 2245 sum.
976 2187 1145 2256 Cujus
1175 2201 1301 2241 vero
1343 2184 1534 2240 urbis?
1573 2184 1705 2239 Ille:
1739 2181 1851 2256 Ego
1894 2182 2053 2252 plane

470 2300 533 2335 ex
572 2283 709 2337 urbe
750 2295 860 2336 non
907 2294 1050 2335 sum.
1098 2277 1328 2345 Rogavit
1367 2275 1701 2340 :Quodnam
1749 2283 1868 2330 erat
1914 2289 2054 2344 opus

472 2382 626 2427 tuum
676 2371 732 2425 in
782 2380 876 2425 tuo
923 2369 1089 2425 vico?
1124 2368 1388 2439 Excepit:
1432 2367 1594 2423 Eram
1647 2373 1857 2422 custos.
1917 2366 2051 2419 Ait:

473 2461 704 2519 Ubinam
736 2459 1081 2518 dormiebas?
1113 2457 1205 2514 [lle
1228 2477 1241 2511 :
1268 2456 1325 2513 In
1358 2472 1511 2529 agro.
1546 2455 1823 2522 Habuisti,
1853 2456 2052 2526 inquit,

474 2562 709 2610 stratum
748 2552 853 2609 sub
894 2551 985 2607 te?
1030 2549 1374 2622 Responsum
1420 2549 1614 2604 dedit:
1656 2547 1897 2611 Scilicet,
1941 2548 2054 2601 ruri

475 2642 778 2714 stragulum
844 2641 1150 2713 posuissem
1224 2640 1327 2694 sub
1401 2639 1524 2693 me?
1579 2636 1682 2693 Sed
1750 2636 2058 2706 quomodo?

479 2735 657 2791 Humi.
712 2735 910 2789 lterum
942 2731 1223 2787 Romanus
1265 2728 1657 2800 interrogavit:
1688 2725 1753 2781 Et
1781 2742 1891 2797 quo
1936 2734 2057 2780 utec

479 2826 628 2882 baris
658 2825 782 2880 cibo
809 2824 863 2878 in
898 2838 1049 2894 agro,
1085 2830 1180 2877 aut
1208 2821 1353 2891 quod
1387 2824 1571 2874 vinum
1604 2819 1867 2875 bibebas?
1895 2817 2061 2889 Egy-

478 2915 624 2988 ptius
672 2928 868 2968 rursus
915 2910 1233 2980 respondit:
1266 2909 1433 2967 Estne
1474 2909 1633 2963 cibus
1676 2908 1759 2962 vel
1808 2915 1971 2977 potus
2005 2908 2059 2966 in

480 3003 644 3074 agro?
666 3000 981 3057 Romanus:
1007 2998 1111 3055 Sed
1138 2999 1413 3070 quomodo
1460 2996 1724 3053 vivebas?
1751 2994 2057 3066 Egyptius:

484 3095 874 3155 Manilucabam
907 3106 1100 3162 panem
1131 3091 1362 3155 siccum,
1401 3103 1639 3158 cumque
1678 3096 1923 3161 poteram
1952 3089 2062 3142 sal-

481 3185 716 3243 samenti
778 3198 1011 3254 parum,
1074 3182 1325 3239 bibebam
1378 3188 1559 3235 autem
1615 3195 1833 3248 aquam.
1883 3180 2058 3239 Senex
2090 3167 2131 3221 (ἶ

484 3275 806 3331 Romanus:
832 3272 1060 3343 Magnus
1090 3272 1263 3327 labor.
1298 3269 1468 3329 Estne
1505 3285 1635 3326 vero
1669 3271 1725 3326 in
1761 3286 1900 3342 pago
1944 3271 2065 3326 bal-

484 3382 670 3431 neum,
697 3373 757 3421 ut
790 3364 1080 3420 lavemini?
1111 3363 1398 3437 Egyptius
1424 3382 1437 3419 :
1463 3361 1846 3435 Nequaquam,
1888 3364 1986 3421 sed
2012 3365 2065 3419 in

486 3461 675 3525 ﬂuvio,
704 3459 929 3529 quando
962 3459 1118 3515 libet.
1153 3457 1446 3529 Postquam
1478 3473 1608 3529 ergo
1646 3459 1859 3528 excepit
1903 3475 1967 3516 ex
2003 3474 2069 3513 eo

488 3569 653 3610 senex
701 3554 816 3609 haec
862 3553 1066 3617 omnia,
1122 3550 1423 3622 didicitque
1474 3552 1676 3621 prioris
1716 3553 1843 3606 vita:
1895 3551 2069 3623 ipsius

486 3660 783 3707 aerumnas,
812 3643 1041 3713 cupiens
1059 3644 1111 3697 ei
1135 3642 1415 3712 prodesse,
1447 3641 1692 3697 narravit
1718 3642 1917 3709 prioris
1940 3643 2068 3697 vitae

489 3752 603 3795 sum
635 3736 691 3790 in
722 3735 925 3791 saeculo
967 3741 1198 3798 statum;
1245 3732 1490 3788 referens
1520 3750 1534 3785 :
1570 3730 1653 3787 Me
1704 3732 1878 3797 vides,
1916 3734 2069 3788 nihili

493 3828 802 3892 hominem;
839 3840 1089 3895 magnam
1126 3826 1316 3879 urbem
1348 3823 1573 3880 Romam
1605 3824 1839 3894 patriam
1873 3824 2068 3889 habeo,

490 3929 607 3975 tum
640 3933 871 3990 magnus
905 3917 1088 3973 exstiti
1128 3917 1184 3971 in
1228 3917 1427 3987 palatio
1475 3916 1838 3986 imperatoris.
1874 3914 1945 3971 Ut
1976 3932 2073 3971 au-

492 4022 601 4066 tem
636 4009 845 4066 audivit
882 4006 1173 4081 [Egyptius
1219 4007 1491 4063 sermonis
1539 4007 1776 4074 initium,
1818 4022 2076 4080 compun-

492 4101 674 4157 ctione
692 4109 867 4157 tactus
884 4109 987 4164 est,
1006 4098 1464 4169 auscultabatque
1488 4099 1680 4154 sedulo
1702 4114 1824 4170 qua:
1843 4099 2071 4165 diceret,

494 4191 695 4247 lterum
725 4194 799 4246 ait
830 4191 878 4246 ei
906 4210 920 4245 :
945 4190 1154 4249 Relicta
1186 4206 1318 4262 ergo
1364 4190 1528 4255 Urbe,
1563 4190 1688 4247 veni
1733 4192 1789 4246 in
1824 4190 2075 4246 solitudi-

497 4300 619 4338 nem
652 4284 815 4337 hanc.
850 4280 933 4336 Me
974 4297 1170 4337 rursus
1203 4298 1364 4352 quem
1398 4282 1584 4348 vides,
1616 4297 1845 4354 magnas
1882 4283 2076 4339 domos

498 4373 739 4445 possedi,
789 4386 920 4442 opes
968 4372 1208 4425 multas:
1253 4374 1692 4443 contemptisque
1741 4375 1873 4438 illis,
1930 4373 2076 4429 subii

501 4479 722 4536 parvam
761 4462 953 4516 cellam
1007 4461 1168 4515 hanc.
1222 4460 1335 4531 Ego
1387 4463 1596 4530 adhuc,
1645 4481 1806 4536 quem
1858 4466 2074 4530 cernis,

414 4614 421 4621 ,
504 4558 674 4609 lectos
709 4551 873 4607 habui
904 4566 969 4607 ex
1001 4565 1136 4605 auro
1180 4550 1377 4614 solido,
1409 4554 1668 4622 pretiosis
1699 4557 1960 4627 stragulis
1989 4572 2078 4612 or-

502 4652 697 4711 natos;
732 4656 832 4713 pro
868 4640 1071 4714 quibus
1104 4639 1250 4696 Deus
1283 4640 1432 4696 dedit
1476 4643 1635 4697 istam
1680 4653 1898 4699 mattam
1951 4662 2076 4702 cum

458 4746 471 4757 '
504 4736 607 4791 ista
640 4734 796 4805 pelle.
841 4732 923 4787 Ad
958 4733 1104 4799 haec,
1149 4732 1475 4793 vestimenta
1524 4750 1644 4790 mea
1688 4737 1870 4807 magni
1919 4736 2079 4806 pretii

504 4834 697 4893 erant;
733 4834 789 4883 et
818 4841 919 4897 pro
952 4826 1082 4890 illis,
1113 4832 1267 4898 gesto
1296 4826 1413 4882 haec
1444 4825 1594 4881 vilia.
1627 4826 1780 4890 ltcm,
1815 4828 1881 4882 ad
1916 4842 2081 4898 pran-

505 4919 656 4973 dium
707 4933 922 4983 meum,
972 4917 1091 4972 auri
1139 4917 1369 4972 multum
1431 4916 2079 4989 impendebaturzcujus

507 5011 625 5067 vice
657 5008 848 5064 tribuit
878 5007 1012 5062 mihi
1043 5006 1188 5063 Deus
1233 5007 1335 5063 hoc
1376 5007 1683 5063 olusculum
1735 5016 1900 5079 atque
1931 5009 2079 5065 hunc

510 5115 737 5172 parvum
770 5099 882 5153 vini
920 5097 1164 5155 calicem.
1200 5097 1369 5153 Erant
1400 5107 1659 5170 prazterea
1704 5101 2078 5157 ministrantes

511 5192 664 5262 pueri
704 5192 893 5257 multi;
927 5198 984 5247 et
1017 5204 1146 5246 ecce
1173 5190 1390 5246 illorum
1422 5192 1565 5256 loco,
1605 5192 1893 5263 inspiravit
1936 5192 2078 5251 Deus

511 5282 642 5336 huic
686 5282 803 5336 seni
835 5290 894 5335 ut
923 5280 1199 5338 ministret
1240 5281 1392 5336 mihi.
1424 5280 1654 5355 Insuper
1696 5284 1816 5340 vice
1861 5284 2076 5349 balnei,

516 5385 707 5443 parum
748 5385 898 5440 aqua:
930 5371 1090 5426 mitto
1124 5372 1180 5426 in
1215 5372 1380 5443 pedes
1412 5389 1594 5440 meos;
1635 5375 1881 5432 sandalia
1915 5378 2076 5432 etiam

514 5479 646 5536 gero
684 5464 755 5518 ob
790 5463 1138 5521 debilitatem.
1190 5463 1403 5532 Itidem,
1449 5466 1503 5521 in
1546 5467 1724 5523 locum
1757 5468 1996 5524 musices
2026 5478 2079 5523 et

513 5569 866 5627 organorum,
899 5554 1117 5626 protero
1165 5556 1451 5613 duodecim
1499 5558 1758 5628 psalmos.
1814 5557 2079 5614 Similiter

586 5707 704 5741 θουοί
744 5708 828 5767 ΑΙ,
881 5708 1050 5780 αὐτῷ.
1127 5710 1171 5742 ⁵⁸
1201 5709 1288 5765 Al.
1334 5710 1432 5784 τῷ.
1509 5713 1554 5744 ’³
1583 5711 1669 5768 ΔΙ.
1707 5711 1980 5779 ἐξέϐαλεν.

2150 1911 2317 1972 Ποίας
2367 1910 2551 1981 χώρας
2601 1902 2687 1973 si;
2748 1906 2858 1960 Kal.
2931 1905 3109 1975 λέγει·
3195 1904 3511 1974 Αἰγύπτιος.
3569 1906 3737 1975 Ποίας

2150 2001 2207 2054 δὲ
2238 2000 2445 2064 πόλεως
2471 2016 2485 2067 ;
2527 2000 2585 2053 'O
2614 1998 2669 2051 δὲ
2703 1998 2806 2067 ἔφη
2828 2014 2842 2027 ·
2875 1995 3015 2069 Ἐγὼ
3035 1997 3171 2061 ὅλως
3205 1997 3307 2055 ούκ
3338 1996 3456 2067 εἰμὶ
3487 1994 3733 2066 πολίτης.

2153 2090 2266 2142 Kal.
2298 2089 2476 2157 λέγει·
2514 2086 2580 2141 Τί
2612 2081 2682 2162 ἦν
2715 2084 2776 2138 τὸ
2801 2084 2961 2158 ἔργον
2993 2101 3087 2138 σου
3114 2086 3195 2148 εἰς
3238 2077 3336 2156 τῆν
3367 2084 3561 2154 κώμην
3600 2100 3735 2149 σονς

2153 2182 2263 2236 Kal
2296 2181 2481 2250 λέγει’
2514 2180 2789 2251 Τηρητής.
2812 2177 2920 2230 Kal
2957 2176 3139 2245 λέγει’
3179 2175 3291 2229 Ποῦ
3317 2175 3556 2247 ἐκοιμῶ;
3598 2176 3659 2230 ’0
3684 2175 3739 2237 δὲ

2154 2270 2304 2326 εἶπεν
2329 2288 2342 2301 ’
2371 2273 2464 2335 Ei;
2506 2270 2597 2323 τὸν
2625 2269 2813 2340 ἀγρόν.
2850 2264 3030 2340 Εἷχες,
3079 2270 3236 2340 φησὶ,
3286 2268 3577 2341 στρωμνὴν
3602 2269 3740 2320 imo-

2155 2365 2305 2419 κάτω
2343 2381 2437 2417 σου
2465 2383 2480 2427 ς
2512 2363 2624 2416 Kal
2680 2361 2827 2431 λέγει
2850 2378 2864 2403 ε
2916 2363 3043 2429 Ναὶ,
3079 2364 3161 2426 εἰς
3186 2362 3354 2434 ἀγρὸν
3379 2357 3523 2433 εἶχον
3567 2361 3745 2427 θεῖναι

2158 2455 2387 2529 στρῶμα
2420 2454 2676 2519 ὑποκάτω
2702 2471 2840 2525 μου;
2872 2454 3031 2509 Ἀλλὰ
3058 2454 3210 2519 πῶςζ
3242 2450 3380 2508 Eine
3401 2455 3459 2508 δέ
3480 2471 3495 2483 ·
3526 2455 3737 2526 Χαμαί.

2159 2550 2319 2618 Λέγει
2346 2547 2493 2618 αὐτῷ
2516 2546 2676 2600 πάλιν
2694 2564 2707 2578 ο
2723 2539 2834 2599 Kal.
2852 2547 2903 2599 τί
2925 2542 3067 2617 εἶχες
3094 2546 3289 2618 βρῶμα
3312 2548 3393 2611 εἰς
3415 2546 3507 2601 τὸν
3538 2546 3740 2619 ἀγρόνς

2158 2639 2191 2717 ἢ
2218 2640 2368 2693 ποῖον
2390 2633 2531 2691 οἶνον
2555 2636 2738 2701 ἔπινες
2764 2653 2778 2703 ;
2819 2636 3117 2709 Ἀπεκρίθη
3164 2636 3352 2691 πάλιν·
3391 2639 3509 2691 Ἐνι
3544 2637 3744 2709 βρῶμα

2159 2731 2192 2800 ἢ
2234 2728 2387 2800 πόμα
2415 2729 2500 2792 εἱς
2546 2728 2748 2804 ἀγρόν;
2796 2728 2953 2782 Ἀλλά
2997 2731 3112 2792 πῶς
3153 2728 3310 2801 έζηςς
3342 2730 3494 2801 φησί.
3534 2731 3701 2799 Λέγει
3727 2747 3742 2761 ο

2164 2822 2389 2878 Ἤσθιον
2424 2820 2585 2897 ξηρὸν
2633 2822 2817 2889 ἄρτον,
2870 2821 2964 2878 καὶ
2993 2823 3042 2874 εἰ
3071 2820 3327 2893 εὓρισκον
3357 2822 3552 2894 μικρὸν
3584 2825 3734 2896 tapi-

2160 2931 2266 2985 χιν,
2297 2916 2391 2971 καὶ
2442 2914 2609 2985 ὕδωρ.
2654 2914 2999 2984 ’Δποκριθεὶς
3026 2914 3082 2968 δὲ
3105 2914 3133 2965 6
3161 2914 3339 2986 γέρων
3368 2910 3490 2969 εἷπε
3515 2933 3529 2946 ·
3552 2916 3747 2986 Μέγας

2162 3007 2348 3070 κόπος.
2378 3006 2497 3060 Ἕνι
2554 3007 2611 3060 δὲ
2657 3007 2751 3063 καὶ
2796 3006 3077 3078 βαλανεῖον
3134 3009 3214 3071 εἰς
3264 3006 3364 3083 τὴν
3396 3007 3619 3079 κώμην,
3658 3008 3748 3062 ἵνα

2161 3098 2424 3170 λούησθε;
2469 3099 2527 3152 '0
2558 3097 2615 3152 δὲ
2658 3094 2811 3154 εἶπεν
2837 3114 2852 3129 ο
2883 3098 3050 3173 Οὐχί·
3086 3098 3221 3152 ἀλλὰ
3247 3101 3326 3163 εἰς
3358 3098 3450 3152 τὸν
3495 3100 3748 3170 ποταμὸν

2166 3189 2254 3249 ὅτε
2290 3188 2537 3260 θέλομεν.
2572 3187 2657 3250 Ὠς
2701 3183 2796 3242 οὖν
2825 3187 3077 3255 ἐξέλαϐεν
3119 3187 3165 3220 ⁸⁸
3192 3187 3355 3241 αὐτὸν
3394 3190 3423 3242 6
3452 3187 3631 3260 γέρων
3666 3190 3750 3253 εἰς

2167 3277 2342 3333 ταῦτα
2387 3279 2589 3344 πάντα,
2643 3278 2739 3332 καὶ
2774 3276 2946 3349 ἔμαθε
2994 3275 3087 3337 τοῦ
3138 3277 3402 3349 προτέρου
3433 3278 3547 3348 βίου
3581 3277 3750 3339 αὐτοῦ
3790 3318 3795 3321 -

2169 3369 2266 3441 τὴν
2296 3368 2499 3440 θλῒψιν.
2535 3368 2710 3429 θέλων
2738 3369 2899 3423 αὐτὸν
2927 3368 3242 3440 ὠφελῆσαι,
3268 3369 3567 3440 διηγήσατο
3599 3368 3751 3440 αύτῷ

2167 3460 2266 3541 τὴν
2314 3460 2587 3533 προτέραν
2638 3461 2805 3516 αὑτοῦ
2857 3460 3137 3532 διαγωγὴν
3180 3460 3389 3530 τὴν,ἐν
3417 3459 3494 3530 τῷ
3532 3459 3747 3530 κόσμῳ,

2169 3551 2344 3623 λέγων
2365 3569 2379 3583 ο
2435 3553 2567 3624 Ἐμὲ
2589 3554 2680 3607 τὸν
2712 3552 2968 3606 ταπεινὸν
3000 3552 3058 3605 ὃν
3086 3550 3324 3621 βλέπεις,
3361 3552 3424 3604 ὲκ
3446 3551 3543 3620 τῆς
3579 3552 3754 3621 μεγά-

2171 3642 2269 3712 λης
2299 3642 2509 3706 πόλεως
2549 3642 2771 3713 Ῥώμης
2803 3643 2941 3713 εἰμὶ,
2999 3642 3094 3703 καὶ
3145 3641 3317 3711 μέγας
3354 3642 3551 3712 γέγονα
3583 3645 3662 3706 εἰς
3690 3644 3755 3695 τὸ

2173 3736 2435 3791 παλάτιον
2467 3736 2562 3790 τοῦ
2599 3734 2884 3805 βασιλέως.
2922 3734 3035 3786 Καὶ
3064 3734 3140 3797 ώς
3160 3734 3361 3805 ἢκουσε
3394 3737 3423 3787 6
3451 3733 3754 3798 Αἰγύπτιος

2173 3828 2270 3902 τὴν
2298 3828 2474 3899 ἀρχὴν
2504 3825 2598 3881 τοῦ
2626 3825 2806 3895 λόγου,
2830 3825 3133 3900 κατενύγη.
3164 3826 3260 3879 καὶ
3291 3826 3485 3895 ήκουεν
3507 3824 3754 3896 ἀκριὸῶς

2174 3918 2241 3973 τὰ
2303 3916 2569 3993 λεγόμενα
2632 3915 2762 3985 παρ’
2826 3915 3014 3969 αὑτοῦ.
3067 3914 3235 3973 Πάλιν
3279 3914 3335 3967 δὲ
3377 3913 3527 3984 λέγει
3561 3915 3751 3985 αύτῷ·

2176 4010 2480 4065 Κατέλιπον
2515 4002 2608 4062 οὖν
2637 4007 2736 4077 τὴν
2776 4007 2951 4071 πόλιν,
2989 4006 3084 4069 καὶ
3110 4001 3274 4077 ἦλθον
3309 4007 3389 4070 εἰς
3420 4006 3518 4076 τὴν
3543 4006 3753 4077 ἔρημον

2174 4101 2405 4173 ταύτην
2440 4100 2536 4153 xal.
2563 4098 2724 4157 πάλιν
2764 4098 2864 4168 ἐμὲ
2900 4097 2958 4151 ὃν
2989 4097 3228 4169 βλέπεις,
3270 4096 3451 4158 οἴκους
3485 4096 3754 4167 μεγάλους

2177 4188 2320 4263 εἶχον
2342 4191 2436 4249 καὶ
2468 4192 2728 4263 χρήματα
2753 4190 2799 4222 ⁸⁸
2821 4191 2991 4245 πολλά
3009 4207 3023 4225 ν
3069 4192 3164 4245 καὶ
3196 4191 3620 4262 καταφρονήσας
3650 4189 3752 4244 αύ-

2176 4284 2306 4348 τῶν,
2334 4278 2497 4354 ἦλθον
2520 4285 2600 4345 εἰς
2630 4282 2690 4335 τὸ
2714 4282 2911 4353 μικρὸν
2935 4281 3145 4343 κελλίον
3163 4282 3339 4339 τοῦτο’
3360 4282 3453 4337 καὶ
3469 4281 3628 4336 πάλιν
3649 4279 3753 4351 ἐμὲ

2178 4374 2236 4429 ὃν
2270 4374 2506 4444 βλέπεις,
2539 4373 2887 4445 κραϐὄάτους
2946 4370 3092 4444 εῐχον
3139 4373 3484 4446 ὁλοχρύσους.
3530 4373 3755 4445 ἔχοντας

2181 4462 2508 4533 πολυτίμους
2537 4464 2846 4535 στρωμνάς·
2880 4463 2975 4517 καὶ
3007 4464 3121 4518 ἀντ’
3147 4464 3346 4526 αὐτῶν,
3378 4464 3575 4518 δέδωκέ
3610 4480 3700 4534 μοι
3723 4464 3755 4515 6

2179 4556 2311 4618 Θεὸς
2347 4554 2409 4608 τὸ
2432 4555 2724 4633 χαραδριον
2754 4554 2909 4609 τοῦτο
2931 4556 3106 4611 καὶτὸ
3128 4555 3303 4627 δέρμα
3326 4570 3338 4584 ·
3372 4555 3531 4609 πάλιν
3563 4554 3633 4606 τὰ
3663 4554 3753 4607 ὲν-

2176 4647 2393 4725 δύματά
2419 4664 2520 4718 μου
2557 4646 2755 4717 πολλῆς
2777 4648 2943 4719 τιμῆς
2965 4646 3090 4712 ἄξια
3111 4642 3208 4717 ἦν*
3240 4647 3333 4700 καὶ
3365 4646 3485 4699 ἀντὶ
3510 4644 3753 4708 ἐκείνων,

2180 4740 2331 4811 φορῶ
2364 4739 2433 4799 τὰ
2458 4738 2649 4809 εὐτελῆ
2678 4738 2853 4792 ταῦτα
2890 4740 3078 4809 ἱμάτια
3096 4756 3110 4769 ·
3139 4737 3300 4793 πάλιν
3328 4739 3408 4800 εἰς
3438 4736 3499 4793 τὸ
3535 4734 3756 4807 ἄριστόν

2182 4849 2286 4902 μου
2348 4830 2482 4884 πολὺ
2523 4830 2746 4903 χρυσίον
2801 4829 3158 4901 ἀνηλίσκετο·
3211 4829 3306 4881 καὶ
3354 4828 3474 4881 ἀντὶ
3520 4825 3755 4903 έκείνου,

2179 4922 2347 4980 ἔδωκέ
2368 4940 2457 4994 μοι
2486 4924 2514 4975 6
2548 4921 2678 4985 Θεὸς
2729 4921 2791 4983 τὸ
2824 4922 3018 4995 μικρὸν
3061 4921 3291 4997 λάχανον
3334 4919 3512 4983 τοῦτο,
3565 4918 3658 4972 καὶ
3694 4915 3760 4970 τδ

2186 5014 2384 5085 μικρὸν
2418 5016 2674 5087 ποτήριον
2700 5013 2794 5067 τοῦ
2811 5009 3171 5070 οῖνουΪΗσαν
3199 5013 3256 5067 δι
3280 5014 3329 5067 ol
3359 5009 3757 5084 ὑπηρετοῦντές

2186 5123 2276 5176 μοι
2309 5107 2497 5169 παῖδες
2521 5104 2705 5159 πολλοί
2726 5121 2737 5134 ε
2769 5106 2865 5159 καὶ
2901 5106 3009 5159 ἰδοὺ
3039 5106 3153 5158 ἀντ’
3179 5105 3425 5167 ἐκείνων,
3465 5090 3757 5165 κατένυξεν

2181 5199 2210 5253 6
2241 5196 2374 5261 Θεὸς
2404 5198 2494 5251 τὸν
2509 5196 2743 5268 γέροντα
2765 5196 2954 5250 τοῦτον
2992 5196 3333 5269 ὑπηρετῆσαί
3375 5211 3463 5266 μοι
3491 5211 3505 5224 ·
3538 5193 3660 5246 ἀντὶ
3695 5190 3757 5243 δὲ

2187 5288 2494 5359 βαλανείου,
2550 5288 2727 5360 βάλλω
2768 5288 2828 5342 τὸ
2887 5287 3081 5361 μικρὸν
3127 5286 3272 5358 ὕδωρ
3304 5288 3383 5351 εἰς
3415 5286 3539 5348 τοὺς
3588 5282 3759 5346 πόδας

2189 5395 2312 5448 μου,
2353 5378 2446 5430 καὶ
2477 5378 2543 5429 τὰ
2571 5377 2826 5431 σανδάλια
2853 5377 2940 5431 διὰ
2970 5377 3069 5448 τὴν
3100 5376 3384 5430 ἀσθένειάν
3421 5392 3522 5445 μου
3543 5391 3556 5404 ·
3593 5371 3759 5426 πάλιν

2185 5468 2307 5522 ἀντὶ
2344 5468 2619 5538 μουσικῶν
2642 5470 2735 5522 καὶ
2760 5467 3020 5540 κιθαρῶν,
3055 5468 3200 5537 λέγω
3221 5469 3349 5532 τοὺς
3379 5465 3587 5521 δώδεκα
3615 5462 3760 5534 ψαλ-

2188 5558 2353 5627 μούς’
2416 5558 2617 5630 ὁμοίως
2655 5560 2748 5613 καὶ
2806 5559 2904 5632 τὴν
2936 5560 3125 5621 νύκτα,
3169 5560 3291 5613 ἀντὶ
3325 5558 3434 5613 τῶν
3472 5555 3759 5636 ἁμαρτιῶν

2059 5714 2103 5745 ⁸³
2132 5714 2210 5772 Al.
2241 5713 2561 5791 πράγματα.
