4028 6338
245 305 361 360 38⁸)

1367 303 1973 361 APCPliTIIEGMATA
2012 309 2309 370 PATI‘tUM.

3411 322 3517 380 390

244 416 329 474 ὧν
370 417 608 482 ἐποίουν,
635 419 758 488 ἄρτι
790 417 928 488 μετά
953 418 1309 482 ἀναπαύσεως
1332 419 1468 472 ποιῶ
1497 421 1700 492 μικράν
1731 437 1828 490 μου

1937 430 2122 488 noctu,
2159 440 2256 496 pro
2291 430 2529 496 peccatis
2565 446 2684 499 qua:
2727 433 3160 501 committebam,
3194 434 3355 491 modo
3387 451 3512 492 cum

243 508 621 578 λειτουργίαν.
652 509 965 578 Παρακαλῶ
987 505 1083 564 οῦν
1118 527 1199 577 σε,
1232 510 1399 575 ἀϐϐἄ,
1436 511 1512 582 μὴ
1546 510 1835 564 σκανδαλι-

245 599 389 669 σθῇς
423 601 504 662 εἰς
530 599 632 670 τὴν
689 599 975 654 ἀσθένειάν
1017 619 1136 671 μου.
1195 601 1380 655 Ταῦτα
1418 602 1658 666 ἀκούσας
1683 604 1710 656 6
1738 603 1833 655 Αἰ-

249 689 502 759 γύπτιος,
533 693 614 752 είς
645 691 838 744 ἑαυτὸν
870 691 1060 755 ἐλθὼν,
1099 689 1282 746 εἶπεν·
1315 695 1452 748 Οὑαί
1479 712 1590 765 μοι,
1623 695 1704 747 ὅτι
1729 693 1835 748 ἀπὸ

248 779 459 850 πολλῆς
511 779 744 849 θλίψεως
798 781 893 834 τοῦ
946 783 1150 852 κόσμου
1201 785 1280 848 είς
1312 784 1618 839 ἀνάπαυσιν
1649 780 1832 856 ἦλθον,

191 896 199 902 -
249 870 350 922 καὶ
402 870 439 924 ἀ
478 872 581 924 οὑκ
625 868 770 942 εἶχον
795 873 938 936 τότε,
991 873 1086 927 νῦν
1125 875 1269 945 ἔχω·
1307 877 1370 928 σὺ
1402 877 1458 929 δὲ
1493 877 1600 930 ἀπὸ
1635 876 1834 950 πολλῆς

249 963 619 1028 ἀναπαύσεως
645 967 724 1029 είς
751 965 930 1035 θλῖψιν
955 962 1140 1038 ἦλθες.
1183 969 1276 1020 καὶ
1300 968 1406 1021 ἀπὸ
1433 969 1635 1037 πολλῆς
1677 969 1835 1040 δόξης

249 1055 350 1106 καὶ
414 1055 644 1108 πλούτου
697 1051 860 1126 ἦλθες
911 1058 992 1120 εἰς
1039 1058 1367 1112 ταπείνωσιν
1419 1059 1511 1112 καὶ
1540 1059 1830 1128 πτωχείαν.

248 1144 435 1198 Πολλά
493 1145 547 1199 δὲ
599 1146 903 1216 ὠφεληθεὶς
956 1146 1190 1216 ἀπῆλθε,
1244 1148 1340 1202 καὶ
1401 1148 1618 1216 ἐγένετο
1667 1149 1832 1202 αὑτοῦ

248 1234 427 1301 φίλος,
457 1236 550 1288 καὶ
595 1236 934 1306 παρέϐαλλεν
973 1237 1123 1307 αὑτῷ
1171 1239 1382 1309 συχνῶς
1417 1239 1485 1292 δι’
1528 1240 1828 1309 ὠφέλειαν·

246 1320 321 1396 ἦν
351 1326 462 1396 γὰρ
520 1325 660 1397 ἀνὴρ
716 1326 1073 1400 δεακριτικὸς,
1097 1328 1192 1382 καὶ
1236 1329 1450 1402 πλήρης
1485 1331 1710 1395 εὐωδίας
1735 1331 1830 1384 τοῦ

250 1419 412 1486 ἀγίου
441 1419 772 1490 Πνεὺματος.
1764 1404 1775 1414 ’

321 1599 388 1669 β’.
435 1599 493 1651 ὐ
513 1598 675 1659 αὑτὸς
707 1593 880 1661 εἶπεν,
939 1597 1020 1651 ὅτι
1065 1593 1135 1670 ἦν
1170 1615 1253 1661 τις
1281 1597 1460 1670 γέρων
1499 1598 1637 1668 ἔχων
1667 1600 1830 1653 καλὸν

251 1691 531 1762 μαθητήν·
593 1691 688 1744 καὶ
748 1690 854 1743 ἀπὸ
909 1689 1204 1761 ὀλιγωρίας
1247 1690 1435 1744 ἔϐαλεν
1468 1690 1628 1743 αὑτὸν
1651 1691 1754 1757 ἔξω
1781 1692 1826 1722 ’⁸

250 1755 516 1852 μετάντῆς
575 1781 827 1854 μηλωτῆς
855 1755 1041 1837 αὑτοῦ.
1081 1755 1149 1835 "0
1183 1781 1238 1838 δὲ
1269 1781 1496 1852 ἀδελφὸς
1536 1755 1824 1853 ὑπέμεινεν
1853 1755 1899 1813 Β

248 1872 356 1936 ἔξω
405 1871 734 1943 καθήμενος.
772 1871 882 1925 Καὶ
931 1871 1150 1937 ἀνοίξας
1177 1874 1205 1925 6
1232 1872 1430 1942 γέρων,
1474 1865 1632 1942 εῦρεν
1666 1873 1828 1926 αὑτὸν

246 1963 582 2034 καθήμενον,
626 1964 721 2016 καὶ
764 1961 953 2016 ἔϐαλεν
999 1962 1148 2034 αὑτῷ
1189 1964 1497 2034 μετάνοιαν,
1525 1964 1729 2032 λέγων·
1759 1961 1829 2016 Ὦ

247 2055 454 2126 Πάτερ,
508 2055 542 2125 ἡ
571 2055 900 2120 ταπείνωσις
923 2055 1024 2127 τῆς
1063 2055 1445 2126 μακροθυμίας
1487 2072 1579 2110 σου
1609 2056 1827 2125 ἐνίκησε

246 2146 346 2218 τὴν
395 2147 536 2217 ἐμὴν
585 2147 895 2218 ὀλιγωρίαν.
944 2145 1113 2218 Δεῦρο
1162 2146 1296 2200 ἐσωο
1347 2147 1455 2200 ἀπὺ
1501 2146 1594 2200 τοῦ
1628 2143 1721 2201 νῦν
1763 2149 1826 2201 σὺ

246 2239 428 2310 γέρων
498 2235 547 2290 εἷ
599 2241 692 2293 καὶ
749 2240 960 2310 Πατὴρ,
1022 2237 1133 2308 ἐγὼ
1180 2238 1236 2294 δὲ
1280 2240 1542 2311 νεώτερος
1589 2241 1682 2297 καὶ
1725 2258 1829 2311 μα-

248 2327 443 2398 οητής.

640 2440 778 2508 Περὶ
820 2439 925 2494 τοῦ
967 2437 1116 2496 ἀϐϐᾶ
1167 2442 1440 2512 Ῥούφου.

320 2559 393 2608 α’.
437 2552 690 2622 ’Δδελφὸς
710 2552 963 2626 ἠρώτησε
987 2555 1077 2608 τὸν
1103 2554 1278 2609 assa»;
1303 2554 1528 2626 Ῥοῦφον
1546 2571 1561 2587 ο
1589 2557 1653 2609 Τί
1679 2559 1827 2613 ἐστιν

247 2643 474 2713 ἡσυχία,
503 2645 599 2698 καὶ
626 2645 709 2708 τίς
740 2647 772 2716 ἡ
795 2647 1033 2715 ὠφέλεια
1066 2647 1270 2719 αὑτῆςς
1317 2648 1374 2701 '0
1398 2649 1454 2702 δὲ
1476 2649 1653 2720 γέρων
1678 2649 1827 2720 λέγει

246 2734 435 2804 αὐτῷ’
482 2733 710 2806 Ἡσυχία
762 2737 912 2803 ἐστὶ,
955 2737 1017 2791 τὸ
1063 2738 1394 2808 καθεσθῆναι
1430 2741 1486 2792 ὲν
1514 2738 1591 2810 τῷ
1633 2740 1828 2813 κελλίῳ

249 2827 396 2897 μετά
421 2825 588 2895 φόϐου
615 2827 711 2882 καὶ
732 2827 984 2896 γνώσεως
1007 2829 1162 2890 Θεοῦ,
1193 2829 1526 2900 ἀπεχόμενος
1557 2848 1826 2902 μνησικα-

246 2916 376 2980 κίας
405 2919 498 2971 καί
546 2917 1012 2990 ὑῂλοφροσύνης.
1057 2921 1120 2973 Ἥ
1152 2921 1376 2992 τοιαύτη
1401 2923 1600 2994 ἡσυχία
1639 2924 1828 2994 γεννή-

244 3027 379 3080 τρια
397 3007 534 3064 οὖτα
562 3011 751 3065 πασῶν
773 3012 880 3066 τῶν
907 3014 1116 3084 ἀρετῶν
1137 3055 1151 3079 ,
1185 3014 1446 3082 φυλάσσει
1474 3017 1564 3070 τὸν
1596 3017 1828 3088 μοναχὸν

245 3103 359 3157 ἀπὸ
387 3102 496 3156 τῶν
525 3105 936 3176 πεπυρωμένων
975 3104 1146 3177 βελῶν
1175 3106 1270 3160 τοῦ
1309 3107 1528 3180 ἐχθροῦ,
1567 3109 1641 3182 μὴ
1682 3110 1826 3164 ἐῶσα

246 3194 429 3247 αὑτὸν·
444 3193 838 3264 τιτρώσκεσθαι
867 3197 960 3250 ὑπ’
991 3198 1189 3253 αὐτῶν.
1215 3199 1346 3265 Ναὶ,
1380 3199 1600 3268 ἀδελφὲ,
1625 3201 1826 3273 ταύτην

251 3283 484 3355 κτῆσαι,
537 3287 890 3356 μνημονεύων
944 3289 1044 3360 τῆς
1085 3289 1270 3354 ἐξόδου
1311 3289 1406 3342 τοῦ
1441 3290 1672 3345 θανάτου
1709 3309 1822 3355 σου,

244 3375 330 3429 ὃτι
382 3374 482 3427 οὐκ
531 3370 678 3441 οἶδας
720 3378 848 3452 ποίᾳ
883 3378 1002 3451 ῶρᾳ
1025 3379 1054 3432 6
1085 3378 1326 3452 κλέπτης
1360 3380 1596 3453 ἔρχεται.
1631 3383 1826 3437 Λοιπὸν

243 3460 363 3530 οὖν,
389 3464 524 3535 νῆφε
546 3467 788 3537 περὶτῆς
821 3468 958 3532 ἰδίας
981 3469 1183 3541 ψυχῆς.

318 3557 385 3627 β’.
424 3551 590 3613 Εἶπεν
639 3561 668 3612 ὁ
716 3548 889 3625 ἀϐϐᾱς
929 3561 1176 3632 Ῥοῦφος,
1236 3563 1318 3617 ὅτι
1363 3563 1392 3616 6
1437 3563 1744 3638 καθήμενος
1768 3567 1826 3619 ὲν

244 3650 493 3720 ὑποταγῇ
541 3650 745 3720 πατρὸς
789 3651 1184 3722 πνευματικοῦ,
1233 3653 1691 3730 πλείοναομισθὸν
1713 3655 1827 3726 ἔχει

243 3739 342 3793 τοῦ
383 3742 442 3794 ὲν
475 3745 541 3812 τῇ
573 3743 764 3813 ἐρήμῳ
808 3744 927 3798 καθ’
951 3744 1142 3798 ἑαυτὸν
1166 3737 1590 3816 ἀναχωροῦντος.
1631 3746 1826 3816 Ἔλεγε

242 3831 300 3887 δὲ
319 3826 496 3896 οὗτος,
519 3834 602 3887 δτι
628 3834 922 3906 διηγήσατὸ
949 3854 1032 3900 τις
1069 3837 1176 3889 τῶν
1211 3837 1493 3908 Πατέρων,
1523 3837 1719 3907 λέγων,
1745 3843 1827 3895 ὅτι

245 3917 402 3975 Εἶδον
447 3922 691 3995 τέσσαρα
737 3924 994 3996 τάγματα
1034 3926 1092 3977 ὲν
1135 3925 1211 3996 τῷ
1245 3925 1461 3998 οὐρανῷ
1485 3944 1497 3958 ·
1532 3927 1826 4001 τὸπρῶτον

243 4013 455 4084 τάγμα,
487 4013 770 4086 ἄνθρωπος
806 4016 1048 4070 ἀσθενῶν
1077 4017 1170 4070 καὶ
1199 4017 1537 4089 εὐχαριστῶν
1558 4018 1635 4092 τῷ
1664 4017 1783 4088 Θεῷ
1808 4035 1820 4048 ·

244 4108 303 4161 τὸ
338 4108 592 4178 δεύτερον
618 4110 824 4181 τάγμα,
860 4111 889 4162 6
917 4111 1016 4177 τὴν
1046 4109 1348 4176 φιλοξενίαν
1378 4108 1588 4163 διώκων
1619 4111 1712 4162 καὶ
1747 4112 1825 4173 εἰς

243 4199 407 4255 τοῦτο
455 4200 740 4270 ἱστάμενος
781 4203 876 4256 καὶ
918 4201 1182 4256 διακονῶν
1205 4218 1216 4230 ·
1267 4200 1326 4253 τὸ
1352 4200 1534 4271 τρίτον
1565 4201 1774 4272 τάγμα,
1795 4203 1824 4253 6

243 4290 344 4360 τὴν
403 4289 610 4362 ἔρημον
669 4290 878 4344 διώκων
910 4292 1006 4346 καὶ
1051 4291 1126 4362 μὴ
1162 4291 1375 4360 βλέπων
1415 4290 1699 4361 ἄνθρωπον
1721 4309 1734 4323 ο
1763 4292 1825 4344 τὸ

243 4382 506 4452 τέταρτον
563 4382 771 4451 τάγμα,
823 4384 853 4435 6
891 4383 947 4435 ἐν
986 4383 1233 4454 ὑποταγῇ
1270 4382 1579 4455 καθήμενος
1614 4382 1823 4454 πατρὸς
1855 4421 1900 4478 D

247 4473 342 4528 καὶ
393 4471 837 4542 ὑποτασσόμενος
891 4472 1040 4542 αὑτῷ
1078 4471 1166 4526 διὰ
1207 4473 1300 4526 τὸν
1334 4472 1558 4544 Κύριον.
1606 4471 1823 4542 Ἐφόρει

245 4564 300 4616 δὲ
335 4563 467 4618 όδιὰ
507 4564 604 4637 τὴν
622 4566 868 4638 ὑπακοὴν
897 4565 1170 4636 μανιάκην
1188 4566 1423 4638 χρυσοῦν
1455 4568 1548 4620 καὶ
1567 4568 1822 4638 γοργόνα,

246 4654 337 4707 καὶ
397 4655 620 4709 πλείονα
665 4658 774 4708 τῶν
819 4655 991 4711 ἄλλων
1029 4655 1187 4722 δόξαν
1226 4653 1372 4727 εἶχεν
1396 4659 1530 4730 (29).
1573 4657 1712 4726 Ἐγὼ
1743 4659 1822 4724 δὲ,

247 4745 402 4816 φησὶ,
431 4743 585 4800 εἷπον
609 4748 686 4819 τῷ
710 4748 993 4821 ὁδηγοῦντί
1028 4767 1118 4820 με,
1148 4748 1230 4803 ὅτι
1258 4749 1382 4812 Πῶς
1405 4742 1607 4814 οῦτοςό
1635 4751 1824 4822 μικρό-

245 4851 403 4908 τερός
457 4839 606 4909 παρά
646 4841 774 4905 τοὺς
811 4841 1004 4905 ἄλλους
1054 4841 1275 4896 πλείονα
1303 4841 1461 4907 δόξαν
1495 4841 1637 4911 sxa;
1687 4843 1742 4895 Ὀ
1765 4842 1822 4895 δὲ

245 4930 568 5002 ἀποκριθεὶς
593 4929 714 4987 εἷπὲ
731 4951 821 5004 μοι
844 4951 856 4964 ·
893 4935 1111 5005 Ἐπειδὴ
1131 4937 1159 4988 ὁ
1174 4933 1271 5004 τὴν
1285 4933 1588 5004 φιλοξενίαν
1611 4931 1820 4988 διώκων

246 5021 360 5092 ἰδίῳ
409 5021 676 5094 θελήματι
708 5027 883 5078 ποιεῖ·
915 5025 1009 5080 καὶ
1042 5027 1070 5079 ὁ
1115 5027 1195 5090 εἰς
1231 5025 1330 5096 τὴν
1363 5024 1568 5098 ἔρημον
1600 5024 1674 5078 ὢν
1707 5024 1820 5096 ἰδίῳ

244 5111 508 5184 θελήματι
532 5115 879 5188 ἀνεχώρησεν
901 5133 914 5147 ·
937 5111 1090 5181 οὗτος
1117 5117 1174 5172 δὲ
1193 5119 1222 5172 6
1247 5117 1348 5189 τὴν
1378 5117 1625 5189 ὑπακοὴν
1657 5116 1818 5188 ἔχων.

314 5270 360 5300 ’⁸
393 5269 479 5322 ΑΙ.
513 5271 620 5327 ius.
644 5273 743 5343 τῆς
777 5274 965 5345 θύρας.

311 5424 701 5510 (ϊωξεφόρει
746 5429 874 5510 ἃὲο
917 5429 1014 5484 διὰ
1063 5429 1180 5510 τῂν
1206 5429 1819 5510 ὑπάκοὴνμαηιᾴκην

245 5497 513 5562 χρυσοῦν
550 5497 649 5550 καὶ
693 5502 969 5569 γοργόνα,
1011 5501 1107 5552 καί
1157 5500 1409 5553 πλείονα
1445 5497 1564 5553 τῶν
1611 5497 1820 5555 ἄλλων

242 5563 426 5646 δόξαν
450 5561 912 5646 eIxer.__Joanues
947 5569 1214 5646 Meursius
1252 5584 1388 5623 voce
1423 5569 1654 5646 f‘opytbp
1684 5572 1820 5646 citat

242 5650 301 5686 ex
332 5636 474 5692 libro
505 5636 538 5692 ἴ
557 5636 1011 5722 Collectaneorum
1041 5639 1194 5721 Pauli
1223 5636 1815 5762 [μοηαθὴίίγοργῶὲα.

244 5708 555 5762 fateturque
594 5708 663 5762 de
703 5709 1110 5762 signiﬁcatione
1148 5711 1254 5762 Slbl
1304 5725 1414 5762 non
1444 5712 1673 5762 liquere.
1751 5726 1815 5762 ao

244 5708 555 5778 fateturque
594 5708 663 5764 de
703 5709 1110 5780 signiﬁcatione
1148 5709 1254 5765 sibi
1304 5725 1414 5766 non
1444 5708 1673 5782 liquere.
1709 5708 1819 5783 Ego

1852 3089 1894 3148 C

1937 513 2116 582 quiete
2153 531 2380 585 parvum
2413 535 2592 574 meum
2620 521 2854 577 oﬂicium
2903 525 3089 581 recito.
3125 525 3310 596 Itaque
3351 528 3512 584 obse-

1935 618 2031 657 cro
2078 613 2150 668 te,
2185 607 2342 672 abba,
2384 625 2452 664 ne
2492 609 2785 668 oﬂendaris
2829 629 2945 667 mea
2986 614 3377 671 imbecillitate.
3414 615 3511 674 Ilis

1936 698 2157 775 auditis,
2205 699 2531 772 Egyptius,
2570 705 2635 758 ad
2670 721 2728 760 se
2772 705 3012 770 rediens,
3052 706 3224 763 dixit:
3250 707 3342 763 Vae
3373 711 3508 765 mihi

1933 793 2077 875 quod
2109 807 2139 845 a
2171 794 2340 847 multa
2371 797 2552 850 saeculi
2579 798 2908 860 calamitate.
2935 799 2988 852 in
3021 806 3223 854 statum
3264 816 3506 857 commo-

1934 883 2062 937 dum
2092 884 2253 951 veni;
2290 901 2516 957 quaeque
2547 897 2676 943 tunc
2699 905 2806 945 non
2833 890 3120 957 habebam,
3143 907 3287 946 nunc
3313 893 3505 947 habeo:

1936 983 1990 1027 tu
2033 990 2160 1030 vero
2195 991 2226 1031 a
2262 980 2428 1032 multa
2463 982 2877 1044 commoditate,
2923 983 3119 1037 venisti
3154 984 3220 1037 ad
3265 985 3508 1038 vexatio-

1935 1082 2094 1132 nem;
2135 1083 2166 1123 a
2209 1069 2376 1124 multa
2422 1070 2591 1140 gloria
2626 1080 2680 1124 et
2711 1071 2916 1127 divitiis
2959 1073 3026 1126 ad
3061 1073 3418 1142 dejectionem
3453 1083 3508 1128 et

1935 1169 2330 1229 paupertatem.
2397 1162 2582 1232 Itaque
2628 1164 2829 1235 ingenti
2879 1179 3003 1218 cum
3055 1166 3252 1219 animae
3299 1166 3508 1220 emolu-

1936 1261 2118 1304 mento
2150 1252 2423 1317 discessit,
2461 1255 2746 1324 factusque
2774 1266 2857 1312 est
2884 1256 3031 1310 illius
3069 1256 3300 1318 amicus,
3325 1264 3378 1310 et
3401 1256 3510 1310 fre-

1932 1351 2164 1410 quenter
2195 1344 2259 1397 ad
2303 1360 2427 1399 eum
2478 1346 2962 1414 proficiscebatur,
3017 1347 3266 1402 utilitatis
3314 1363 3503 1403 causa.

1933 1432 2064 1487 Erat
2093 1436 2236 1490 enim
2269 1438 2349 1490 vir
2376 1439 2430 1493 in
2459 1439 2824 1506 discernenjlo
2863 1439 3120 1503 eximius,
3154 1441 3349 1510 plenus
3394 1440 3506 1495 fra-

1933 1527 2145 1596 grantia
2175 1525 2411 1596 Spiritus
2442 1530 2641 1583 sancti.

2000 1617 2053 1669 '2.
2087 1618 2136 1671 Is
2177 1618 2294 1686 ipse
2335 1620 2559 1673 retulit:
2588 1617 2717 1672 Erat
2758 1619 2978 1688 quidam
3014 1636 3199 1683 senex,
3244 1620 3335 1689 qui
3367 1635 3508 1690 pra}-

1933 1706 2141 1762 clarum
2175 1709 2502 1779 discipulum
2531 1709 2796 1776 habebat;
2829 1726 2988 1778 quem
3023 1726 3084 1765 ex
3123 1711 3304 1780 pusilli
3334 1711 3502 1768 animi

1933 1799 2062 1853 vitio
2104 1799 2264 1868 cjecit
2297 1815 2421 1854 cum
2460 1801 2655 1856 melote
2694 1816 2816 1855 sua.
2869 1802 2932 1854 At
2983 1801 3153 1856 frater
3207 1803 3505 1871 permansit

1931 1890 2074 1945 foras
2102 1892 2320 1946 sedens.
2349 1891 2540 1948 Postea
2583 1909 2747 1948 senex
2779 1893 3054 1962 aperiens,
3097 1893 3307 1946 invenit
3347 1893 3499 1946 illum

1929 1984 2226 2040 sedentem.
2282 1983 2468 2054 Itaque
2513 1985 2773 2040 inclinato
2815 1985 2867 2038 in
2915 1984 3230 2052 ptrnitentis
3279 1984 3500 2038 modum

1927 2089 2189 2144 corpore,
2231 2074 2369 2128 dixit
2403 2075 2708 2139 eizPater,
2753 2076 3036 2130 humilitas
3074 2075 3346 2144 patientiae
3395 2083 3503 2129 tua:

1927 2167 2052 2220 vicit
2083 2167 2589 2236 pusillanimitatem
2631 2183 2807 2222 meam
2846 2177 3010 2238 atque
3041 2167 3498 2238 despicationem.

1929 2257 2064 2313 Veni
2090 2260 2272 2313 intro:
2304 2274 2370 2314 ex
2396 2259 2500 2314 hoc
2532 2265 2797 2329 tempore,
2832 2269 2884 2311 tu
2923 2274 3084 2314 senex
3111 2259 3220 2314 eris
3243 2265 3297 2312 et
3320 2255 3500 2318 Pater.

1926 2365 2028 2421 ego
2061 2366 2193 2406 vero
2223 2350 2410 2421 junior
2441 2365 2505 2405 ac
2533 2351 2859 2421 discipulus.

2495 2461 2564 2516 De
2591 2461 2778 2515 abbate
2807 2461 2968 2530 Rufo.

2002 2569 2051 2622 I.
2089 2567 2281 2625 Frater
2316 2571 2679 2641 interrogavit
2717 2571 2966 2626 abbatem
3001 2569 3222 2637 Rufum,
3251 2571 3382 2642 quid
3421 2587 3503 2626 es-

1927 2668 2011 2714 set
2054 2660 2228 2728 quies.
2259 2670 2312 2714 et
2339 2676 2584 2729 quamam
2627 2662 2775 2716 illius
2816 2661 3048 2716 utilitas.
3096 2660 3275 2716 Senex
3313 2669 3497 2716 autem

1927 2751 2063 2807 dixit
2093 2753 2180 2806 ei:
2208 2752 2376 2818 Quies
2409 2762 2524 2816 est,
2557 2753 2748 2807 sedere
2779 2753 2830 2806 in
2868 2753 3004 2806 cella
3034 2768 3154 2804 cum
3203 2752 3397 2806 timore
3435 2766 3500 2806 ac

1928 2842 2122 2896 notitia
2165 2841 2279 2905 Dei,
2311 2843 2635 2897 abstinendo
2680 2844 2750 2895 ab
2795 2841 3122 2910 injuriarum
3155 2840 3416 2894 memoria
3445 2849 3500 2894 et

1927 2936 2162 2990 elatione
2201 2935 2389 2988 animi.
2430 2933 2555 2989 Haec
2585 2934 2764 3004 quies,
2799 2947 2923 2987 cum
2952 2931 3196 2986 omnium
3232 2931 3496 2984 virtutum

1928 3031 1998 3082 sit
2043 3027 2302 3098 genitrix,
2340 3033 2629 3082 conservat
2663 3024 2991 3080 monachum
3042 3022 3109 3077 ab
3157 3021 3331 3091 igneis
3377 3021 3500 3075 telis

1929 3117 2136 3172 inimici
2172 3119 2238 3182 ν’,
2271 3133 2370 3172 nec
2405 3117 2534 3172 sinit
2567 3131 2662 3186 per
2696 3130 2759 3170 ea
2790 3112 3088 3169 vulnerari.
3125 3110 3343 3182 Utique,
3387 3110 3499 3166 fra-

1928 3223 2030 3278 ter,
2070 3211 2216 3265 illam
2248 3211 2486 3280 posside,
2520 3224 2730 3265 memor
2757 3210 2936 3264 exitus
2971 3207 3165 3262 mortis
3199 3217 3335 3275 tute;
3369 3208 3500 3278 quia

1929 3303 2106 3358 nescis
2131 3319 2237 3372 qua
2265 3303 2395 3356 hora
2421 3301 2507 3356 fur
2531 3302 2711 3356 veniet
2733 3301 2801 3356 ".
2839 3300 3100 3370 Deinceps
3131 3298 3314 3370 igitur,
3337 3299 3499 3370 vigila

1927 3411 2027 3464 pro
2059 3397 2241 3449 anima
2277 3403 2390 3448 tua.

1997 3564 2050 3616 2.
2096 3562 2238 3617 Dixit
2281 3562 2448 3617 abbas
2479 3562 2655 3618 Rufus
2686 3577 2698 3612 :
2730 3561 2833 3628 Qui
2882 3568 3065 3617 manet
3105 3560 3159 3616 in
3185 3561 3491 3617 obedientia

1928 3653 2100 3724 patris
2155 3652 2482 3722 spiritualis,
2535 3651 2796 3722 majorem
2851 3652 3158 3707 mercedem
3203 3652 3498 3722 repositam

1927 3745 2089 3801 habet
2115 3759 2279 3816 quam
2314 3743 2406 3815 qui
2433 3744 2486 3798 in
2523 3759 2764 3799 eremum
2806 3743 3035 3800 secessit
3077 3745 3299 3814 proprio
3339 3751 3496 3800 nutu.

1927 3838 2152 3892 Addidit
2205 3839 2349 3893 idem
2402 3837 2770 3892 narrationem
2826 3835 3111 3907 cujusdam
3150 3851 3180 3891 e
3222 3833 3498 3898 Patribus,

1926 3931 2134 3987 hancce
2175 3951 2188 3987 :
2231 3931 2358 3986 Vidi
2403 3941 2640 4002 quatuor
2683 3929 2904 3985 ordines
2954 3930 3009 3984 in
3059 3928 3220 3983 cmlo.
3281 3927 3500 3982 Primus

1926 4023 2085 4086 ordo,
2117 4025 2282 4078 homo
2311 4025 2404 4094 qui
2449 4032 2680 4094 aegrotat
2709 4023 3023 4093 gratiasque
3069 4014 3181 4090 agit
3217 4019 3358 4085 Deo;
3413 4034 3501 4097 see

1927 4115 2141 4169 cundus
2167 4115 2324 4178 ordo,
2357 4115 2451 4184 qui
2488 4113 2911 4184 hospitalitatem
2950 4117 3214 4172 sectatur,
3241 4117 3406 4179 atque
3433 4125 3498 4164 eo

1929 4205 1981 4258 in
2017 4204 2237 4273 negotio
2270 4210 2378 4257 stat
2408 4213 2461 4258 et
2488 4203 2797 4267 ministrat;
2831 4201 3020 4256 tertius
3052 4201 3209 4269 ordo,
3235 4201 3328 4272 qui
3369 4202 3501 4256 soli-

1925 4294 2168 4349 tudinem
2204 4294 2472 4363 sequitur,
2519 4307 2620 4348 nec
2665 4307 2989 4363 quemquam
3045 4291 3220 4358 videt;
3268 4300 3500 4363 quartus

1925 4386 2182 4454 denique.
2216 4385 2378 4439 homo
2415 4383 2466 4437 in
2508 4382 2690 4438 Patris
2733 4382 3043 4437 obedientia
3087 4383 3307 4447 sedens,
3339 4384 3501 4454 eique

1929 4479 2213 4549 subjectus
2245 4485 2465 4546 propter
2488 4475 2795 4529 Dominum.
2821 4473 2991 4529 Porro
3019 4475 3327 4531 obedientia
3353 4478 3502 4547 ejus-

1926 4569 2073 4624 modi
2130 4567 2413 4639 praaditus,
2460 4564 2709 4636 gestabat
2759 4573 3006 4636 torquem
3066 4581 3316 4628 aureum,
3369 4579 3498 4619 cum

1926 4661 2140 4732 clypeo,
2181 4659 2483 4728 majorique
2517 4672 2628 4726 pra:
2653 4662 2866 4711 czeteris
2893 4655 3062 4726 gloria
3105 4657 3360 4726 fulgebat.
3388 4654 3499 4726 Ego

1928 4769 2080 4820 vero,
2134 4751 2332 4822 inquit,
2368 4749 2480 4804 dixi
2515 4749 2564 4804 ei
2601 4747 2696 4818 qui
2747 4762 2831 4801 me
2874 4745 3147 4800 ducebat:
3183 4744 3362 4808 Quare
3397 4746 3501 4803 iste

1930 4845 2110 4898 minor
2134 4858 2298 4914 super
2349 4841 2486 4894 alios
2517 4839 2743 4908 gloriam
2777 4845 3108 4890 consecutus
3143 4834 3259 4890 est?
3283 4832 3379 4889 Ille
3411 4849 3498 4889 re-

1929 4936 2206 5008 spondit:
2247 4932 2518 4999 Quoniam
2580 4929 2672 4999 qui
2734 4927 3157 4996 hospitalitatem
3219 4933 3494 4989 sectatur,

1929 5039 2123 5100 sponte
2171 5041 2269 5082 sua
2329 5024 2379 5079 id
2433 5022 2584 5093 agit;
2637 5021 2728 5090 qui
2773 5019 2977 5090 pariter
3025 5024 3398 5073 commoratur
3441 5019 3499 5073 in

1927 5134 2134 5183 eremo,
2181 5115 2410 5172 recessit
2443 5128 2510 5169 ex
2553 5111 2836 5164 voluntate
2887 5123 3018 5174 sua;
3057 5108 3149 5164 hic
3189 5117 3368 5164 autem
3404 5107 3497 5179 qui

1043 5276 1091 5308 ’⁸
1123 5275 1316 5345 Ephes.
1356 5290 1426 5339 vr,
1469 5275 1554 5329 I6.
1634 5276 1677 5310 ⁸⁷
1707 5275 1839 5332 Luc.
1873 5292 1972 5341 xu,
1997 5276 2085 5332 39.

1925 5445 2056 5485 vero
2103 5428 2344 5499 γοργόνα
2399 5427 2546 5497 quod
2578 5426 2759 5499 inveni
2800 5425 3032 5499 retineo,
3064 5437 3128 5499 ac
3162 5423 3503 5499 interpretor

1925 5492 2198 5571 clypeum,
2220 5492 2298 5571 ὀί)
2319 5492 2826 5571 decantatissimam
2849 5492 3422 5571 Gorgonis‘fabulam,
3444 5503 3502 5571 et

1926 5564 2146 5639 propter
2173 5568 2338 5639 verba
2363 5566 2618 5639 IIesychii
2654 5564 3235 5637 εΓοργόνεςοάξγίδες·
3266 5565 3314 5616 οἱ
3343 5564 3399 5617 δὲ
3434 5567 3504 5621 τὰ

1927 5635 2149 5693 ἐπὶτῶν
2179 5637 2399 5706 αἰγίδων
2433 5635 2722 5709 πρόσωπα.
