4032 6338
519 306 620 368 554

1610 307 1946 362 APPENDIX
1988 307 2078 362 ΑΒ
2119 308 2536 369 ΡΛΙΛΑΙΠῙΙΜ.

3679 307 3784 364 39'}

520 425 884 482 obedientiam
923 424 1155 489 obtinet,
1190 423 1404 482 cunctis
1443 427 1558 482 suis
1591 429 1966 483 voluntatibus
1997 442 2079 481 re-

2189 429 2363 482 πάντα
2408 431 2477 484 τὰ
2506 431 2782 502 θελήματα
2819 430 2984 484 αὑτοῦ
3016 430 3372 499 καταλείψας,
3397 431 3669 502 κρέμαται
3691 435 3771 507 τῷ

521 521 684 581 lictis,
713 518 911 587 pendet
942 531 971 569 a
1013 517 1144 582 Deo,
1177 526 1340 589 atque
1384 534 1413 572 a
1446 535 1546 574 suo
1577 518 1754 574 Patre.
1795 519 1965 590 Hujus
2011 519 2089 573 rei

517 613 688 681 gratia
713 611 835 679 plus
865 609 1048 681 gloriae
1093 626 1256 679 quam
1298 613 1480 666 caeteri
1513 613 1742 682 accepit.
1773 614 2086 682 Propterea,

520 703 634 766 ﬁlii,
663 704 815 756 bona
868 710 953 756 est
985 701 1316 768 obedientia,
1366 719 1491 757 cum
1535 713 1759 774 propter
1800 703 2090 758 Dominum

517 795 838 863 suscipitur.
913 793 991 847 Ex
1058 803 1211 863 parte
1272 796 1621 865 percepistis,
1689 795 1814 859 lilii,
1872 797 2091 852 virtutis

517 885 679 939 istius
705 901 932 955 parvum
966 887 1274 956 vestigium.
1313 884 1358 941 0
1399 887 1728 952 obedientia,
1762 897 2086 942 cunctorum

519 978 760 1030 fidelium
799 978 982 1031 salus!
1018 993 1050 1030 ο
1081 978 1408 1040 obedientia,
1440 987 1612 1033 mater
1640 980 1884 1033 omnium
1917 979 2090 1033 virtu-

522 1066 665 1118 tum!
703 1080 736 1118 ο
786 1065 1115 1131 obedientia,
1163 1068 1313 1136 regni
1346 1068 1652 1122 inventrix!
1687 1083 1719 1122 0
1759 1067 2086 1134 obedientia,

516 1172 638 1226 quae
661 1158 831 1212 caelos
854 1159 1052 1226 aperis,
1077 1173 1140 1212 ac
1163 1159 1410 1215 homines
1431 1176 1460 1215 e
1487 1169 1634 1214 terra
1660 1161 1865 1216 elevas!
1901 1175 1934 1214 ο
1956 1163 2088 1215 obe-

515 1248 763 1311 dientia,
829 1249 1072 1302 omnium
1133 1257 1448 1303 sanctorum
1518 1251 1736 1315 nutrix,
1787 1251 1947 1320 cujus
2005 1251 2089 1303 lac

517 1348 805 1404 suxerunt,
843 1346 895 1393 et
928 1354 1023 1408 per
1060 1355 1223 1409 quam
1254 1349 1547 1395 evaserunt
1588 1341 1848 1411 perfecti!
1887 1357 1920 1396 o
1953 1341 2086 1397 obe-

516 1428 748 1495 dientia,
780 1431 1197 1486 contubernalis
1232 1433 1585 1502 angelorum!

1010 1541 1082 1596 De
1112 1542 1297 1597 abbate
1332 1542 1587 1598 Romano.

581 1656 721 1708 Cum
765 1656 936 1711 abbas
974 1655 1253 1711 Romanus
1298 1656 1601 1711 moriturus
1655 1663 1825 1720 esset,
1861 1670 2088 1726 congre-

2193 520 2310 591 Θεῷ
2335 522 2428 576 καὶ
2454 523 2532 593 τῷ
2559 523 2672 593 ίδίῳ
2696 523 2869 594 Πατρί
2890 542 2901 553 ·
2941 524 3102 575 ἕνεκα
3137 523 3326 576 τούτου
3360 523 3578 577 πλείονα
3614 524 3774 590 δόξαν

2193 613 2350 666 ἔλαϐε
2381 616 2532 686 παρὰ
2561 618 2685 680 τοὺς
2706 617 2915 680 ἄλλους.
2944 615 3042 669 Διά
3071 615 3250 684 τοῦτο,
3278 610 3322 670 ὧ
3355 619 3546 684 τέκνα,
3576 618 3715 686 καλὴ
3737 620 3769 686 ἡ

2193 706 2406 777 ὑπακοὴ
2429 709 2461 777 ή
2485 708 2573 761 διὰ
2593 709 2682 760 τὸν
2703 708 2906 780 Κύριον
2930 708 3210 778 γινομένη.
3247 708 3564 772 Ἠκούσατε,
3581 710 3776 768 τέκνα.

2193 796 2257 848 ὲκ
2281 795 2498 866 μέρους,
2528 796 2622 850 τοῦ
2653 797 3078 869 κατορθώματος
3101 797 3293 850 τούτου
3315 799 3496 867 ὀλίγον
3525 817 3576 851 τι
3604 801 3773 865 ἴχνος.

2193 881 2262 938 Ὦ
2294 887 2506 957 ὑπακοὴ
2539 889 2779 957 σωτηρία
2811 887 3027 940 πάντων
3052 887 3159 940 τῶν
3203 889 3438 942 πιστῶνῐ
3473 883 3517 944 ὦ
3555 891 3774 951 ὑπακοὴ

2192 977 2484 1048 γεννήτρια
2528 977 2715 1032 πασῶν
2753 978 2864 1031 τῶν
2901 978 3143 1049 ἀρετῶνῐ
3173 972 3218 1030 ὦ
3250 979 3465 1050 ὑπακοὴ
3496 979 3772 1050 βασιλείας

2192 1069 2406 1141 εὑρέτις
2423 1071 2437 1123 !
2458 1065 2502 1124 ὦ
2516 1069 2726 1141 ὑπακοὴ
2741 1071 2798 1123 οὐ
2809 1072 3001 1140 ρανοὺς
3013 1070 3323 1139 ἀνοίγουσα,
3344 1073 3438 1126 καὶ
3454 1072 3773 1145 ἀνθρώπους

2190 1161 2299 1214 ἀπὸ
2350 1164 2454 1232 γῆς
2507 1161 2816 1231 ἀνάγουσαι
2867 1156 2911 1214 ὦ
2956 1162 3170 1234 ὑπακοὴ
3213 1163 3433 1218 πάντων
3462 1163 3570 1215 τῶν
3598 1163 3772 1232 ἁγίων

2189 1254 2376 1326 τροφὲ,
2423 1254 2482 1318 ἐξ
2512 1250 2580 1326 ἦς
2625 1253 2917 1326 ὲθήλασαν,
2953 1254 3047 1306 καὶ
3081 1253 3169 1308 διὰ
3203 1253 3297 1308 σοῦ
3334 1253 3764 1325 ὲτελειώθησανί

2190 1340 2235 1400 ὦ
2261 1346 2473 1417 ὑπακοὴ
2505 1347 2716 1400 σύνοικε
2747 1347 2994 1416 ἀγγέλων
3020 1349 3032 1398 l
3269 1333 3273 1338 ’

2567 1542 2706 1609 Περὶ
2743 1541 2848 1595 τοῦ
2870 1539 3020 1597 ἀϐϐᾶ
3063 1541 3389 1612 Ῥωιιανοῦ.

2261 1649 2563 1714 Μέλλοντος
2607 1649 2702 1703 τοῦ
2767 1651 2908 1705 6666'
2975 1652 3258 1722 Ῥωμανοῦ
3311 1655 3587 1728 τελευτᾷν,
3638 1674 3768 1714 συν-

512 1746 621 1814 gati
650 1747 797 1800 circa
831 1746 981 1800 illum
1005 1747 1258 1815 discipuli
1290 1747 1430 1816 ejus,
1460 1746 1911 1816 postulaverunt:
1939 1745 2079 1812 Quo-

2191 1740 2439 1812 ήχθησαν
2492 1741 2629 1812 πρὸς
2685 1742 2847 1797 αὐτὸν
2911 1745 2960 1796 οἱ
3016 1744 3256 1816 μαθηταὶ
3290 1747 3477 1811 αὐτοῦ,
3517 1749 3766 1818 λέγοντες

513 1837 675 1890 modo
726 1848 946 1908 Oportet
996 1839 1112 1908 regi
1157 1839 1295 1892 nos?
1345 1839 1522 1892 Senex
1580 1853 1708 1892 vero
1757 1838 2082 1908 respondit:

511 1929 630 1984 Non
665 1931 886 1985 memini
917 1946 1002 1985 me
1047 1945 1288 2000 unquam
1320 1930 1506 1984 dicere
1544 1929 1706 1982 alicui
1751 1939 1993 1984 vestrum
2030 1940 2088 1983 ut

512 2018 794 2086 quidpiam
842 2018 1070 2084 faceret,
1123 2019 1256 2087 quin
1310 2019 1465 2088 prius
1509 2018 1694 2072 animo
1742 2019 2084 2083 statuissem,

513 2124 624 2162 non
653 2109 840 2174 irasci,
878 2111 927 2165 si
960 2125 1069 2164 non
1101 2110 1323 2164 fecisset
1350 2109 1494 2180 quod
1537 2109 1651 2164 ﬁeri
1701 2110 1912 2164 aiebam
1947 2129 1959 2163 :
1993 2119 2087 2164 at-

511 2213 617 2268 que
657 2201 740 2254 sic
773 2217 869 2271 per
897 2209 1073 2256 totum
1101 2211 1350 2258 nostrum
1387 2211 1623 2272 tempus,
1660 2219 1783 2256 cum
1817 2217 1953 2272 pace
1989 2203 2085 2257 ha—

512 2291 824 2346 bitavimus.

965 2383 1302 2456 Principium
1332 2385 1531 2440 littera:
1559 2385 1617 2438 Σ.

1037 2475 1111 2529 De
1149 2477 1336 2529 abbate
1371 2476 1542 2531 Sisoe.

585 2566 636 2619 l.
683 2565 794 2636 (30)
814 2564 1003 2620 Frater
1025 2567 1225 2636 injuria
1247 2566 1477 2622 affectus
1498 2571 1567 2622 ab
1589 2569 1699 2623 alio
1726 2569 1915 2634 fratre,
1938 2571 2085 2625 venit

513 2657 578 2710 ad
627 2658 875 2712 abbatem
921 2657 1158 2722 Sisoem,
1199 2667 1253 2714 et
1292 2659 1432 2714 dixit
1461 2661 1510 2714 ei
1545 2678 1558 2717 :
1593 2659 1851 2731 Injuriam
1888 2677 2084 2731 passus

514 2766 636 2804 sum
669 2751 737 2805 ab
767 2751 952 2820 aliquo
983 2750 1172 2812 fratre,
1207 2767 1270 2805 ac
1292 2753 1416 2806 volo
1442 2754 1706 2822 meipsum
1737 2753 1950 2808 ulcisci.
1987 2751 2085 2807 Se-

514 2855 616 2892 nex
657 2854 784 2893 vero
815 2839 1153 2905 hortabatur,
1191 2840 1277 2895 his
1309 2841 1491 2896 verbis
1517 2860 1530 2896 :
1556 2841 1930 2912 Nequaquam,
1976 2842 2080 2907 ﬁli;

511 2931 606 2985 sed
654 2933 837 3000 potius
871 2930 983 2985 Deo
1035 2933 1283 3002 relinque
1335 2934 1563 2988 ultionis
1597 2942 1802 3004 partes.
1857 2935 2084 3005 Excepit

510 3023 792 3079 illezNon
851 3025 1100 3088 cessabo,
1151 3025 1326 3080 donec
1373 3026 1726 3082 vindicavero
1785 3041 1891 3081 me.
1943 3027 2080 3081 Tum

2187 1829 2337 1900 αὑτῷ
2356 1846 2370 1860 ⁸
2398 1831 2524 1895 Πῶς
2539 1832 2826 1903 ὀφείλομεν
2845 1832 3215 1905 διοικηθῆναι;
3239 1835 3300 1888 Ὀ
3318 1837 3375 1890 δὲ
3395 1837 3573 1910 γέρων
3593 1835 3764 1893 εἶπεν·

2185 1925 2457 1979 Οὐδέποτε
2499 1921 2614 1978 οἶδα
2663 1925 2832 1979 εἰπών
2859 1945 2964 1981 τινι
2999 1928 3154 1998 ὑμῶν
3191 1929 3415 2000 ποιῆσαί
3445 1931 3497 1983 τί
3538 1950 3684 1998 ποτε,
3715 1937 3767 1986 εί

2188 2018 2262 2088 μὴ
2301 2017 2563 2089 πρότερον
2611 2017 2842 2089 ἐποίησα
2897 2019 2988 2072 τὸν
3023 2020 3305 2092 λογισμὸν,
3341 2020 3416 2092 μὴ
3448 2023 3768 2096 ὀργισθῆναι.

2186 2106 2280 2159 ἐὰν
2307 2107 2382 2178 μὴ
2411 2109 2615 2182 ποιήσῃ
2639 2108 2668 2161 ὃ
2695 2104 2847 2162 εἷπον
2869 2109 3122 2178 γενέσθαι
3148 2129 3162 2142 ·
3196 2113 3291 2166 καὶ
3323 2111 3496 2177 οὕτως
3525 2115 3649 2169 ὅλον
3670 2113 3768 2171 ὼν

2185 2199 2376 2269 χρόνον
2404 2200 2559 2270 ήμῶν
2587 2201 2883 2272 ᾠκήσαμεν
2924 2204 3042 2272 μετ’
3071 2205 3313 2276 εἰρήνης.

2635 2377 2800 2448 Ἀρχὴ
2843 2378 2936 2431 τοῦ
2971 2381 3010 2430 Σ
3043 2382 3330 2450 στοιχείου.

2574 2470 2711 2536 Περὶ
2740 2469 2846 2524 τοῦ
2887 2469 3037 2525 ἀϐϐᾶ
3067 2472 3112 2503 9⁸
3152 2475 3364 2542 Σισόη.

2267 2567 2335 2615 α’.
2376 2561 2628 2630 Ἀδελφὸς
2663 2563 2944 2633 ἀδικηθεὶς
2981 2564 3084 2617 ὑπὸ
3119 2566 3305 2637 ἐτέρου
3341 2566 3594 2636 ἀδελφοῦ,
3629 2562 3767 2640 ἦλθε

2185 2657 2322 2729 πρὸς
2349 2657 2440 2710 τὸν
2457 2655 2631 2709 ἀὸὁᾶν
2666 2656 2857 2727 Σισόην
2874 2656 2941 2722 ’³,
2974 2657 3066 2710 καὶ
3084 2657 3230 2726 λέγει
3248 2659 3428 2731 αὐτῷ’
3469 2659 3768 2732 Ἦδικήθην

2187 2750 2338 2820 παρά
2359 2765 2503 2811 τινος
2534 2749 2550 2780 ¹
2576 2748 2828 2817 ἀδελφοῦ,
2845 2749 3000 2817 κάγὼ
3029 2749 3167 2804 θέλω
3190 2751 3424 2822 ἐμαυτὸν
3453 2753 3762 2823 ἐκδικῆσαι.

2195 2840 2255 2892 ὐ
2273 2839 2329 2893 δὲ
2354 2839 2534 2910 γέρων
2557 2838 2854 2909 παρεκάλει
2879 2839 3061 2904 αὐτὸν,
3087 2841 3288 2909 λέγων’
3308 2842 3419 2912 Μὴ,
3440 2841 3646 2905 τέκνον,
3671 2859 3774 2894 κα-

2182 2931 2434 3000 τάλειψον
2458 2932 2513 2984 δὲ
2542 2930 2744 3001 μᾶλλον
2774 2931 2852 3001 τῷ
2881 2932 2999 3003 Θεῷ
3028 2933 3093 2986 τὰ
3125 2933 3219 3002 τῆς
3237 2933 3589 3004 ἐκδικήσεως.
3623 2935 3681 2988 ⁸0
3701 2933 3765 2988 δὲ

2157 3023 2394 3092 ,ἔλεγενο
2454 3024 2526 3076 Οὐ
2569 3022 2852 3093 παύσομαι
2914 3023 3019 3087 ἓως
3063 3021 3126 3078 οὗ
3179 3025 3452 3096 ἐκδικήσω
3501 3029 3762 3097 ἐμαυτόν.

511 3131 700 3178 senex,
761 3114 1015 3178 Oremus,
1063 3117 1262 3185 inquit,
1317 3116 1506 3173 frater.
1563 3118 1916 3190 Surgeusque
1956 3119 2076 3174 ait:

2184 3109 2319 3169 Εῐπε
2350 3113 2406 3166 δὲ
2442 3115 2472 3166 6
2497 3112 2676 3184 γέρων
2696 3127 2710 3141 ·
2756 3113 3077 3184 Εὺξώμεθα,
3123 3116 3342 3186 ἀδελφέ.
3385 3117 3493 3170 Καὶ
3523 3119 3766 3184 ἀναστὰς

509 3205 676 3266 Deus,
708 3219 817 3257 non
847 3207 1079 3275 amplius
1103 3222 1324 3277 egemus
1363 3215 1422 3261 ut
1448 3211 1623 3264 nostri
1672 3226 1861 3265 curam
1905 3212 2081 3266 susci-

512 3297 661 3364 pias;
695 3311 794 3351 nos
838 3300 982 3352 enim
1032 3308 1267 3370 acceptae
1309 3302 1525 3371 injuriae
1553 3319 1744 3373 poenas
1789 3304 2078 3374 exigimus.

510 3385 625 3440 Hoc
660 3387 823 3459 igitur
860 3389 1067 3454 audito,
1112 3389 1279 3444 frater
1311 3393 1549 3460 procidit
1591 3395 1659 3448 ad
1696 3396 1859 3464 pedes
1907 3397 2077 3461 senis,

509 3479 698 3532 dicens
731 3499 743 3532 :
778 3481 899 3534 Non
922 3482 1157 3552 amplius
1189 3485 1462 3540 contendo
1483 3502 1608 3541 cum
1638 3487 1828 3542 fratre.
1853 3485 2081 3557 Ignosce

515 3572 667 3637 mihi,
700 3573 862 3627 abba.

578 3663 634 3718 2.
674 3665 788 3737 (3!)
819 3665 1012 3722 Frater
1038 3667 1112 3722 ita
1148 3669 1507 3742 interrogavit
1536 3671 1786 3726 abbatem
1817 3671 2028 3728 Sisoem
2062 3690 2076 3726 :

507 3757 647 3823 Quid
681 3758 915 3814 faciam?
939 3762 1066 3831 quia
1097 3763 1164 3817 ad
1197 3766 1483 3819 ecclesiam
1523 3779 1777 3828 occurro,
1807 3765 1897 3819 ubi
1935 3780 2078 3834 saepe

507 3857 677 3918 agape
711 3851 1043 3921 celebratur,
1094 3860 1149 3908 et
1187 3853 1424 3910 retinent
1471 3871 1576 3910 me.
1629 3855 1717 3908 Ait
1750 3855 1827 3908 illi
1873 3870 2074 3909 senex:

508 3937 612 3995 llos
636 3949 719 3996 est
759 3943 1051 4001 laboriosa.
1090 3945 1254 4015 Igitur
1302 3947 1576 4000 Abraham
1607 3945 1910 4015 discipulus
1955 3945 2077 4014 ejus

509 4041 855 4099 percontatus
899 4044 1024 4092 est:
1061 4037 1119 4092 Si
1157 4037 1247 4090 ﬁat
1301 4053 1567 4093 occursus
1612 4040 1666 4092 in
1717 4035 1955 4093 Sabbato
1996 4039 2077 4092 vel

510 4123 810 4189 Dominica,
846 4133 901 4180 et
931 4125 1101 4182 frater
1137 4127 1337 4182 biberit
1367 4137 1478 4182 tres
1507 4128 1730 4194 calices,
1764 4143 1894 4182 num
1922 4131 2078 4185 mul-

506 4223 619 4265 tum
655 4213 776 4267 est?
832 4213 1138 4286 Respondit
1185 4233 1394 4272 senex:
1428 4215 1487 4272 Si
1531 4234 1643 4273 non
1702 4219 1776 4274 sit
1819 4217 2074 4288 Satanas,

507 4306 734 4358 multum
766 4320 875 4359 non
903 4315 1008 4360 est.

2183 3198 2336 3258 εἶπεν
2367 3205 2395 3256 6
2418 3203 2625 3274 γέρων
2672 3203 2730 3257 '0
2770 3205 2920 3268 Θεὸς,
2970 3205 3071 3258 οὐκ
3107 3205 3186 3259 ἔτι
3220 3223 3313 3260 σου
3353 3208 3546 3279 ἔχομεν
3570 3210 3764 3280 χρείαν

2182 3296 2490 3368 φροντίζειν
2516 3296 2680 3368 περὶ²
2698 3295 2854 3367 ήμῶν
2879 3312 2895 3328 ·
2921 3298 3080 3368 ἡμεῖς
3095 3298 3203 3368 γὰρ
3215 3299 3310 3368 τὴν
3335 3299 3612 3370 ἐκδίκησιν
3635 3302 3756 3356 eat»-

2181 3390 2287 3442 τῶν
2336 3387 2619 3460 ποιοῦμεν.
2667 3387 2838 3441 Τοῦτο
2865 3383 2957 3441 οὖν
2991 3389 3228 3453 ἀκούσας
3263 3391 3291 3442 6
3316 3391 3562 3460 ἀδελφὸς,
3597 3391 3758 3446 ἔπεσε

2181 3480 2330 3551 παρὰ
2363 3480 2489 3543 τοὺς
2550 3478 2721 3542 πόδας
2759 3478 2856 3532 τοῦ
2883 3479 3158 3550 γέροντος,
3189 3480 3388 3534 εἰπών’
3423 3482 3538 3535 Οὐκ
3563 3481 3642 3536 ἔτι
3677 3483 3756 3536 δι-

2181 3573 2420 3643 κάζομαι
2461 3571 2600 3642 μετά
2626 3569 2721 3624 τοῦ
2763 3569 3017 3640 ἀδελφοῦ,
3052 3569 3408 3642 συγχώρησον
3441 3589 3552 3643 μοι,
3590 3573 3759 3628 ἀὸϐᾶ.

2253 3640 2335 3735 β’.
2359 3640 2614 3730 ’Λδελφδς
2669 3659 2926 3732 ἠρώτησε
2957 3660 3048 3712 τὸν
3083 3640 3257 3714 ἀὸϐἆν
3297 3640 3512 3733 Σισόην,
3543 3663 3748 3732 λέγων·

2179 3755 2246 3810 Τί
2273 3756 2521 3825 ποιήσω;
2554 3755 2633 3806 ὅτι
2660 3751 2885 3806 ἀπαντῶ
2917 3752 2997 3814 είς
3035 3751 3133 3822 τὴν
3158 3753 3478 3823 ἐκκλησίαν,
3510 3755 3606 3808 καὶ
3637 3757 3764 3809 πο).-

2177 3848 2333 3912 λάκις
2357 3848 2566 3916 γίνεται
2589 3846 2777 3915 ἀγάπη
2803 3885 2817 3909 ,
2859 3845 2953 3898 καὶ
2989 3844 3250 3915 κρατοῦσί
3307 3863 3395 3915 με.
3426 3846 3588 3915 Λέγει
3611 3846 3758 3915 αὖτίς-

2178 3942 2207 3994 6
2234 3939 2442 4012 γέρων·
2465 3938 2650 3992 Κόπον
2679 3937 2792 4008 ἔχει
2821 3936 2882 3990 τὺ
2909 3938 3160 4008 πρᾶγμα.
3193 3937 3355 4005 Λέγει
3381 3931 3472 3990 οὖν
3506 3935 3756 4007 Ἀϐραὰμ

2177 4032 2206 4085 6
2235 4029 2482 4102 μαθητὴς
2520 4028 2686 4082 αὑτοῦ
2710 4047 2724 4061 ·
2767 4027 2893 4081 Ἐὰν
2930 4027 3152 4097 γένηται
3200 4028 3502 4098 ἀπάντησις
3536 4029 3595 4080 ὲν
3622 4029 3746 4082 σαϐ-

2179 4122 2387 4194 ϐάτῳῆ
2418 4123 2476 4175 ὲν
2510 4123 2784 4193 Κυριακῇ,
2823 4122 2918 4174 καί¹
2951 4121 3051 4191 πίῃ
3081 4120 3307 4188 ἀδελφὸς
3342 4123 3470 4193 τρία
3498 4123 3758 4192 ποτήρια,

2182 4215 2258 4287 μὴ
2279 4213 2454 4268 πολλά
2479 4215 2595 4267 ἐστι
2615 4228 2630 4279 ;
2653 4213 2818 4281 Λέγει
2851 4213 2878 4264 6
2903 4213 3080 4285 γέρων
3101 4226 3114 4239 ·
3163 4211 3288 4265 Ἐὰν
3321 4213 3420 4266 οὐκ
3445 4213 3558 4266 ἔστι
3585 4213 3756 4264 Σατα-

2180 4307 2301 4373 νᾶς,
2321 4305 2492 4360 πολλὰ
2515 4305 2618 4359 οὐκ
2637 4304 2802 4360 ἐστιν.

573 4395 628 4445 5.
679 4394 792 4463 ιὸοὶ)
836 4394 1146 4465 Discipulus
1211 4398 1425 4454 abbatis
1475 4397 1652 4456 Sisois
1698 4401 1912 4457 dicebat
1970 4403 2068 4459 ei:

2247 4397 2318 4469 Υ.
2355 4399 2583 4465 Ἔλεγεν
2607 4398 2635 4451 6
2658 4395 2902 4468 μαθητής
2929 4395 3025 4448 τοῦ
3052 4394 3195 4448 ἀϐϐἄ
3226 4395 3386 4464 Σισόη
3412 4395 3548 4466 πρὸς
3566 4395 3752 4450 αὐτόν’

505 4480 688 4549 Pater,
740 4486 1006 4553 senuisti,
1049 4488 1310 4542 abeamus
1360 4489 1475 4559 jam
1528 4507 1697 4561 prope
1753 4503 1929 4551 terras
1972 4496 2070 4551 ha-

508 4577 721 4632 bitatas.
778 4577 868 4631 Ait
924 4595 1090 4634 senex
1151 4599 1164 4633 :
1222 4578 1326 4635 Ubi
1379 4596 1486 4636 non
1551 4593 1634 4638 est
1681 4585 1898 4652 mulier,
1959 4587 2070 4643 illic

504 4687 809 4742 pergamus.
843 4671 980 4726 Tum
1021 4674 1326 4744 discipulus
1358 4694 1370 4729 :
1405 4674 1471 4728 Et
1495 4676 1617 4745 quis
1651 4677 1803 4733 locus
1833 4687 1918 4734 est
1957 4695 2067 4735 non

503 4765 708 4818 habens
733 4765 1040 4828 mulierem,
1070 4765 1176 4820 nisi
1208 4765 1464 4820 eremus?
1485 4764 1662 4820 Senex
1691 4786 1702 4820 :
1733 4766 1790 4822 In
1822 4784 2067 4825 eremum

500 4859 684 4914 ducito
714 4873 819 4915 me.

567 4954 622 5006 4.
666 4953 778 5024 (35)
804 4951 1143 5024 Frequenter
1171 4952 1477 5023 discipulus
1508 4953 1722 5010 abbatis
1751 4955 1927 5012 Sisois
1964 4957 2071 5012 aie-

497 5043 840 5108 liatzAbha,
904 5059 1085 5114 surge,
1155 5044 1566 5101 manducemus.
1618 5044 1712 5102 Ille
1767 5046 1836 5101 ad
1894 5062 2063 5101 eum:

497 5134 614 5188 Non
665 5134 1025 5201 comedimus,
1074 5135 1190 5190 ﬁli?
1233 5134 1832 5207 RespondebatzNon,
1881 5138 2063 5196 Pater.

496 5225 632 5278 Tum
689 5241 854 5280 senex
885 5243 899 5280 :
933 5226 988 5281 Si
1041 5241 1146 5281 non
1196 5228 1572 5290 comedimus,
1599 5228 1752 5293 aﬁ‘er,
1781 5237 1836 5286 et
1879 5229 2063 5286 cibum

492 5319 793 5388 rapiemus.

2177 4489 2377 4561 Πάτερ,
2411 4489 2710 4559 ὲγήρασας,
2738 4487 3063 4556 ἀπέλθωμεν
3086 4488 3252 4555 ὲγγὺς
3285 4486 3384 4556 τῆς
3405 4487 3753 4556 οἰκουμένης,

2173 4581 2382 4637 λοιπόν.
2426 4581 2589 4648 Λέγει
2644 4577 2794 4648 αὐτῷ
2823 4579 2851 4630 ὁ
2890 4578 3067 4649 γέρων
3092 4594 3105 4608 °
3135 4579 3309 4632 Ὅπου
3339 4578 3439 4630 οὐκ
3477 4575 3560 4629 ἔνι
3593 4575 3751 4646 γυνή,

2174 4675 2292 4728 ἐκεῖ
2320 4671 2665 4742 ἀπέλθωμεν.
2712 4670 2876 4738 Λέγει
2906 4667 3057 4738 αὑτῷ
3081 4669 3109 4720 6
3141 4667 3387 4740 μαθητὴς
3417 4666 3580 4721 αὐτοῦ
3600 4686 3615 4701 ο
3644 4669 3754 4721 Καὶ

2173 4763 2278 4817 ποῦ
2310 4764 2426 4817 ἐστι
2461 4761 2628 4824 τόπος
2659 4763 2687 4815 6
2721 4762 2795 4832 μὴ
2825 4760 2963 4831 ἔχων
2998 4761 3253 4828 γυναῖκα,
3284 4761 3334 4812 εί
3366 4758 3487 4830 μὴή
3511 4757 3750 4829 ἔρημοςς

2172 4856 2337 4925 Λέγει
2363 4851 2455 4909 οὖν
2473 4857 2502 4909 6
2529 4857 2709 4924 γέρων
2735 4873 2750 4887 ο
2785 4855 2882 4917 Εἰς
2912 4853 3010 4924 τὴν
3043 4851 3249 4926 ἔρημον
3276 4847 3410 4924 ἆρόν
3433 4869 3523 4922 με.

2243 4949 2305 5004 δ’.
2340 4947 2609 5012 Πολλάκις
2665 4946 2852 5016 ἔλεγεν
2905 4950 2934 5001 6
2973 4945 3219 5018 μαθητὴς
3254 4943 3346 4998 τοῦ
3378 4941 3524 4997 ἀὸὄᾶ
3550 4943 3710 5013 Σισόη
3731 4957 3749 4972 ·

2187 5041 2375 5106 Ἀσσᾶ,
2407 5041 2636 5104 ἀνάστα,
2667 5039 2948 5110 φάγωμεν.
2983 5039 3042 5092 '0
3078 5037 3136 5091 δὲ
3173 5035 3313 5107 πρὸς
3339 5035 3500 5090 αὐτὸν
3527 5035 3713 5103 ἔλεγεν
3732 5049 3748 5065 ο

2173 5134 2288 5189 Οὐκ
2330 5133 2629 5204 ἐφάγομεν,
2683 5131 2906 5196 τέκνον;
2947 5129 3005 5184 '0
3052 5128 3139 5182 δέ·
3169 5128 3328 5199 Οὐχὶ,
3383 5127 3585 5199 Πάτερ.
3638 5125 3753 5181 Καὶ

2151 5211 2356 5296 ’ἔλεγεν
2384 5227 2413 5279 6
2439 5224 2617 5297 γέρων
2643 5240 2658 5256 ⁸
2688 5223 2753 5278 Et
2815 5223 2914 5277 οὐκ
2943 5221 3241 5295 ἐφάγομεν,
3275 5221 3428 5293 φέρε,
3468 5220 3562 5274 καὶ
3604 5217 3747 5272 ἐσθί-

2171 5340 2306 5393 ομεν
2337 5322 2380 5376 θ.

559 5498 605 5532 ⁸⁸
634 5497 717 5551 Al.
750 5497 931 5553 Σισώι.
993 5501 1038 5531 θ’
1065 5500 1150 5555 AI.
1185 5501 1377 5555 Σισὸιν.
1455 5503 1522 5536 θ’·
1548 5501 1630 5554 Al.
1665 5496 1872 5572 Σισὼην
1895 5502 2255 5576 τὸνΘηϐαῖον.
2332 5501 2451 5554 ‘Al.
2482 5500 2575 5554 τοῦ
2605 5501 2633 5552 6
2661 5498 2823 5552 δεῖνα.
2903 5499 3023 5550 ’Al.
3060 5499 3219 5569 ὑπέρ.
3299 5496 3418 5549 ³Α1.
3451 5491 3748 5566 ἐσθίωμεν.

557 5675 670 5747 (30)
717 5677 822 5732 Vit.
855 5678 1006 5733 Patr.
1049 5696 1156 5744 xw,
1192 5682 1278 5736 10.

559 5748 670 5818 t5!)
721 5748 822 5803 Vit.
855 5749 1004 5804 Palr.
1045 5767 1113 5815 ιγ,
1142 5751 1228 5804 C7.

2241 5681 2352 5750 (’52)
2407 5679 2510 5735 Vit.
2539 5679 2687 5734 Patr.
2723 5697 2781 5744 ιι,
2815 5683 2903 5734 15.

2236 5753 2347 5823 (55)
2401 5750 2504 5806 Vit.
2546 5750 2698 5804 Patr.
2728 5766 2802 5818 Iv,
2845 5753 2934 5806 58.
