4032 6338
274 372 390 428 595

1385 367 2002 424 APOPIITHEGMATA
2046 364 2351 420 I’ATllUM.

3428 372 3534 432 396

350 491 413 538 ε’.
450 480 587 537 Εἷπέ
634 500 762 537 ποτε
818 483 846 534 6
899 482 1070 547 ἀϐὅᾶς
1104 484 1295 554 Σισόης
1333 487 1472 555 μετὰ
1516 487 1856 558 παρρησίας·

2039 484 2091 539 5.
2135 484 2245 552 (55)
2280 480 2657 543 Pronuntiavit
2706 482 2997 552 aliquando
3036 498 3158 538 cum
3204 484 3400 540 fiducia
3439 488 3533 541 ab.

274 574 517 647 Θάρσει·
559 573 670 627 icio-'6
727 573 1025 644 τριάκοντα
1073 575 1167 642 ἐτη
1224 575 1350 645 ἔχω,
1388 577 1587 647 μηκέτι
1609 577 1862 646 δεόμενος

276 664 377 719 τοῦ
400 665 536 718 Θεοῦ
562 665 690 734 περὶ
712 663 984 734 ἁμαρτίας
1006 681 1019 692 ·
1053 665 1190 718 ἀλλὰ
1208 667 1368 719 τοῦτο
1393 667 1646 737 εὔχομαι,
1663 669 1858 734 λέγων·

278 755 451 826 Κύριε
491 753 689 825 Ἰησοῦ,
727 755 998 807 σκέπασὸν
1057 773 1123 826 με
1166 756 1273 809 ἀπὸ
1300 758 1398 828 τῆς
1431 757 1683 829 γλώσσης
1716 773 1817 828 μου
1843 776 1855 789 ·

278 848 375 899 καὶ
398 845 538 908 ἕως*
569 843 662 897 νῦν
687 844 808 898 καθ’
834 844 1046 917 ἡμέραν
1070 846 1253 900 πίπτω
1272 848 1337 901 δι’
1366 849 1535 918 αὐτῆς
1559 848 1654 902 καὶ
1683 850 1862 920 ἁμαρ·

273 941 448 993 τάνω.

355 1038 432 1096 ς’.
486 1030 737 1100 Ἀδελφὸς
778 1026 897 1085 εἷπε
930 1031 1006 1102 τῷ
1044 1032 1186 1104 ἁδϐᾷ
1223 1033 1413 1105 Σισόῃ·
1460 1034 1584 1097 Πῶς
1610 1034 1709 1087 οὐκ
1729 1034 1863 1088 ἁνα-

274 1124 522 1197 χωροῦσι
550 1127 618 1178 τὰ
645 1123 789 1194 πάθη
814 1125 910 1176 ἀπ’
929 1123 1063 1195 ἐμοῦ
1087 1141 1100 1189 ;
1129 1125 1294 1193 Λέγει
1324 1125 1474 1195 αὐτῷ
1500 1127 1528 1178 6
1551 1123 1728 1196 γέρων
1753 1126 1864 1179 ’Τὰ

277 1218 455 1289 σκεύη
485 1218 664 1272 αὐτῶν
695 1216 906 1269 ἔνδοθέν
934 1216 1025 1269 σού
1049 1219 1184 1270 εἰσιν
1205 1233 1218 1246 ⁸
1247 1217 1335 1281 δὸς
1356 1218 1537 1282 αὐτοῖς
1568 1219 1657 1272 τὸν
1687 1218 1862 1291 ἀρρα-

276 1311 431 1364 ϐῶνα
464 1310 662 1373 αὐτῶν,
702 1310 793 1362 καὶ
816 1308 1139 1377 ὑπάγουσιν.

351 1402 415 1465 ς’.
464 1399 729 1470 nmen—.6
757 1416 885 1452 ποτε
918 1402 946 1454 ὁ
978 1399 1150 1463 acea;
1183 1400 1376 1471 Σισὸης
1405 1402 1488 1464 at;
1524 1401 1584 1454 τὸ
1613 1401 1743 1471 ὅρος
1767 1401 1863 1455 τοῦ

273 1492 430 1546 ἁΰῧᾶ
472 1492 755 1544 ’Λντωνίου
786 1493 805 1523 ³
829 1507 840 1518 ·
876 1491 968 1545 καὶ
1021 1492 1364 1564 χρονίσαντος
1417 1492 1511 1545 τοῦ
1543 1493 1863 1564 διακονητοῦ

274 1582 448 1636 αὑτοῦ
476 1581 651 1635 ἐλθεῖν
679 1583 816 1652 πρὸς
845 1581 1039 1645 αὐτὸν,
1078 1581 1182 1644 ἕως
1221 1582 1409 1652 μηνῶν
1438 1581 1571 1635 δέκα
1596 1583 1698 1637 οὐκ
1724 1580 1865 1638 εἶδεν

275 1672 588 1743 ἄνθρωπον,
628 1671 950 1741 Περι-πατῶν
969 1671 1025 1724 δὲ
1059 1672 1118 1725 ὲν
1142 1671 1220 1741 τῷ
1244 1672 1380 1742 ὄρει,
1405 1674 1649 1744 εὑρίσκει
1682 1678 1864 1748 Φαρα-

275 1764 434 1834 νίτην
489 1761 790 1833 ἁγρεύοντα
819 1762 840 1793 ⁸
888 1762 1056 1834 ἄγρια
1116 1760 1269 1826 ζῶον
1318 1765 1410 1817 καὶ
1465 1764 1612 1833 λέγει
1646 1766 1795 1838 αὐτῷ
1841 1771 1869 1822 6

1964 577 2063 631 bas
2117 574 2304 631 Sisoes
2339 572 2634 638 :Confide;
2679 587 2808 629 ecce
2857 587 2885 625 a
2943 574 3163 641 triginta
3216 576 3374 631 annis
3424 591 3532 633 non

1965 668 2200 738 amplius
2243 667 2508 737 deprecor
2551 666 2719 721 Deum
2758 671 2982 735 propter
3003 664 3298 732 delictum,
3333 666 3428 723 sed
3464 668 3531 723 ad

1967 759 2115 813 hunc
2158 756 2382 812 modum
2408 769 2642 826 precor:
2681 755 2907 809 Domine
2935 753 3085 818 Jesu,
3130 765 3350 827 protege
3387 772 3474 813 me
3503 770 3537 811 ει

1969 850 2152 921 lingua
2181 863 2303 903 mea
2332 864 2346 904 :
2379 856 2545 918 atque
2571 848 2855 918 hucusque
2880 847 3138 916 prolabor
3169 848 3408 918 quotidie
3436 864 3534 921 per

1965 955 2110 1006 eam,
2145 948 2199 996 et
2227 955 2415 1011 pecco.

2041 1033 2093 1088 6.
2136 1032 2250 1104 (36)
2282 1032 2474 1090 Frater
2504 1032 2644 1089 dixit
2668 1033 2851 1089 abbati
2883 1032 3027 1088 Sisoi
3061 1051 3073 1087 :
3105 1033 3286 1100 Quare
3314 1049 3420 1090 non
3450 1050 3530 1090 re-

1965 1126 2171 1181 cedunt
2208 1141 2238 1179 a
2275 1142 2359 1180 me
2405 1125 2787 1181 atl‘eetus?Ait
2816 1125 2893 1181 illi
2925 1140 3090 1182 senex
3124 1146 3137 1181 :
3172 1127 3315 1182 Vasa
3346 1143 3539 1183 eorum

1967 1217 2111 1272 intra
2140 1228 2189 1273 te
2225 1225 2373 1274 sunt.
2411 1216 2487 1272 Da
2524 1218 2607 1274 eis
2639 1219 2839 1289 pignus
2871 1233 3055 1281 suum,
3089 1227 3144 1274 et
3167 1218 3467 1275 discedent.

2040 1394 2091 1448 7.
2147 1394 2261 1464 ('57)
2316 1394 2608 1451 Residebat
2657 1394 2953 1465 aliquando
3009 1396 3179 1452 abbas
3236 1395 3423 1453 Sisoes
3482 1401 3537 1452 in

1969 1493 2153 1539 monte
2177 1485 2393 1540 abbatis
2423 1486 2682 1552 Antonii;
2706 1495 2761 1541 et
2793 1502 3002 1543 moram
3033 1488 3269 1544 faciente
3291 1490 3543 1545 ministro

1968 1574 2109 1644 ejus,
2140 1591 2241 1630 nec
2270 1575 2525 1631 veniente
2560 1575 2630 1630 ad
2662 1591 2808 1643 eum,
2843 1592 2953 1632 non
2993 1578 3134 1634 vidit
3163 1580 3441 1635 hominem
3472 1581 3541 1634 ad

1970 1684 2186 1723 menses
2216 1669 2422 1723 decem.
2460 1668 2766 1725 Ambulans
2796 1677 2978 1725 autem
3007 1671 3063 1724 in
3102 1682 3303 1733 monte.
3338 1674 3544 1742 reperit

1972 1759 2321 1815 Pbaranitem
2348 1768 2634 1815 venantem
2671 1760 2833 1817 feras.
2866 1760 2967 1816 Cui
2999 1777 3162 1818 senex
3195 1780 3209 1819 :
3247 1761 3420 1832 Unde,
3450 1765 3539 1819 in-

277 1853 499 1923 γέρων·
545 1852 714 1905 Πόθεν
770 1850 937 1923 ἔρχῃ;
981 1854 1074 1905 καὶ
1127 1854 1289 1907 πόσον
1322 1851 1513 1926 χρόνον
1551 1857 1692 1926 ἔχεις,
1724 1852 1862 1923 ὦδε;

1971 1853 2105 1922 quit.
2149 1852 2344 1908 venis?
2372 1860 2426 1907 et
2456 1868 2486 1907 a
2513 1860 2719 1923 quanto
2756 1860 3004 1923 tempore
3031 1856 3270 1909 versaris
3301 1855 3422 1910 hic?
3451 1856 3544 1911 Ille

289 1944 356 1999 Ὃ
405 1946 461 1997 δὲ
516 1945 621 2015 ἔφη
645 1962 656 1974 ’
706 1943 890 2010 Φύσει,
922 1944 1087 2009 ἀ66ᾶ,
1116 1946 1224 2017 ἔχω
1251 1946 1441 2001 ἕνδεκα
1492 1948 1669 2019 μῆνας
1700 1951 1758 2003 ἐν
1784 1950 1863 2020 τῷ

274 2038 401 2110 (sps:
439 2037 631 2107 τούτῳ,
650 2037 744 2090 καὶ
775 2036 876 2090 οὐκ
894 2032 1033 2091 εἶδον
1060 2038 1351 2108 ἄνθρωπον
1370 2042 1419 2092 εί
1453 2039 1527 2111 μὴ
1560 2040 1640 2095 σέ.
1676 2040 1868 2095 ’Λκού-

280 2147 385 2192 σας
414 2129 473 2181 δὲ
496 2131 524 2182 6
546 2129 721 2201 γέρων
762 2128 955 2191 ταῦτα,
993 2129 1249 2199 εἰσελθὼν
1287 2132 1366 2193 εἰς
1398 2131 1460 2185 τὸ
1487 2130 1720 2197 κελλίον,
1746 2132 1866 2186 ἔτυ-

280 2239 418 2275 πτεν
469 2221 682 2285 ἑαυτὸν,
716 2220 921 2288 λέγων·
967 2222 1121 2287 Ἰδοὺ,
1153 2222 1338 2293 Σισόη,
1391 2223 1649 2293 ἐνόμισας
1678 2224 1865 2276 τίποτε

277 2312 674 2383 πεποιηκέναι’
718 2313 812 2366 καὶ
854 2312 974 2366 οὐδὲ
1030 2314 1107 2377 ὡς
1139 2315 1167 2367 6
1198 2315 1458 2385 κοσμικὸς
1484 2311 1638 2378 οὗτος
1681 2315 1865 2387 ἀκμὴν

277 2403 621 2473 πεποίηκας.

356 2503 425 2567 η’.
465 2495 707 2564 Ἐγένετο
751 2494 1036 2567 προσφορὰ
1084 2496 1164 2558 εἰς
1191 2494 1253 2548 τὸ
1279 2496 1402 2568 ὅρος
1436 2495 1532 2549 τοῦ
1567 2496 1710 2551 ἁϐϐᾶ
1746 2498 1863 2553 ‘Av.

279 2586 515 2649 τωνίου,
569 2586 659 2638 καὶ
704 2586 901 2657 εὑρέθη
952 2587 1068 2638 ἐκεῖ
1132 2583 1331 2639 κνίδιον
1375 2584 1520 2640 οἴνου
1563 2585 1673 2655 (54)
1706 2602 1719 2616 ο
1778 2588 1868 2640 καὶ

280 2674 467 2731 λαϐὼν
497 2672 580 2740 εἷς
613 2677 721 2730 τῶν
767 2678 1038 2750 γερόντιον
1080 2678 1274 2749 μικρὸν
1313 2678 1534 2745 ἀγγεῖον
1568 2674 1664 2731 καὶ
1702 2678 1870 2747 ποτή-

281 2786 424 2847 ριον,
452 2769 731 2840 ἀπήνεγκε
794 2769 927 2840 πρὸς
954 2769 1049 2824 τὸν
1094 2770 1268 2824 ἁϐδᾶν
1294 2770 1512 2841 Σισόην,
1542 2770 1639 2825 καὶ
1673 2770 1870 2826 ἔδωκεν

278 2861 456 2932 αὐτῷ,
492 2862 585 2916 καὶ
615 2862 786 2917 ἔπιεν.
830 2863 1061 2934 Ὁμοίως
1078 2862 1173 2916 καὶ
1195 2862 1469 2934 δεύτερον,
1500 2863 1597 2916 καὶ
1625 2863 1865 2928 ἐδέξατο.

282 2954 573 3028 Παρέοχεν
612 2954 760 3025 αὐτῷ
787 2955 883 3009 καὶ
923 2954 1125 3026 τρίτον,
1157 2955 1251 3008 καὶ
1280 2955 1380 3009 οὐκ
1418 2954 1630 3016 ἔλαϐεν,
1659 2955 1827 3008 εἰπών
1853 2973 1865 2983 ·

279 3046 521 3110 Παῦσαι,
558 3047 775 3116 ἁδελφὲ,
814 3047 971 3118 ἢούκ
993 3043 1139 3111 οἶδας
1166 3048 1247 3101 ὅτι
1277 3047 1392 3101 ἐστι
1422 3047 1698 3112 Σατανᾶς;

355 3139 420 3193 0'.
470 3139 756 3209 Παρέϐαλέ
798 3155 883 3203 τις
926 3138 1036 3192 τῶν
1077 3139 1322 3208 ἀδελφῶν
1372 3139 1506 3209 πρὸς
1548 3139 1640 3191 τὸν
1693 3137 1868 3191 ἀϐεᾶν

1969 1945 2254 2014 respondit
2283 1963 2297 2000 :
2329 1943 2485 2010 Vere,
2520 1945 2682 2007 abba,
2716 1960 2746 1998 a
2775 1946 3055 2001 mensibus
3082 1947 3333 2002 undecim
3358 1950 3413 2002 in
3439 1950 3545 2005 hoc

1970 2044 2155 2091 monte
2198 2036 2360 2107 dego,
2404 2052 2504 2091 nec
2532 2036 2647 2091 vidi
2677 2037 2953 2093 hominem
2995 2045 3191 2108 praeter
3228 2048 3300 2094 te.
3334 2040 3545 2106 Quibus

1968 2129 2193 2192 auditis,
2224 2144 2393 2185 senex
2423 2129 2713 2200 ingressus
2744 2132 2799 2185 in
2834 2132 3054 2199 cellam,
3087 2136 3429 2204 percutiebat
3461 2151 3542 2200 se,

1970 2220 2050 2275 En
2084 2220 2294 2288 Sisoes,
2328 2222 2608 2292 inquiens,
2637 2223 2963 2280 existimasti
2992 2234 3043 2281 te
3071 2226 3274 2296 aliquid
3309 2226 3543 2294 fecisse;

1971 2313 2120 2383 atqui
2159 2329 2257 2369 nec
2291 2313 2433 2369 sicut
2470 2313 2573 2369 iste
2599 2314 2881 2372 saecularis
2908 2316 3089 2373 adhuc
3115 2318 3315 2374 fecisti.

2041 2491 2095 2545 8.
2139 2492 2250 2560 (58)
2282 2492 2570 2547 Celebrata
2613 2501 2698 2547 est
2741 2492 2947 2549 oblatio
2997 2496 3053 2549 in
3104 2505 3290 2551 monte
3331 2496 3548 2553 abbatis

1970 2582 2216 2647 Antonii,
2248 2583 2469 2653 illicque
2501 2584 2782 2639 inventum
2815 2594 2902 2641 est
2926 2586 3190 2642 doliolum
3217 2589 3364 2654 vini;
3405 2603 3549 2643 unus

1971 2689 2102 2730 vero
2138 2688 2169 2729 c
2204 2674 2430 2729 senibus
2480 2674 2760 2745 accipiens
2802 2693 3028 2747 parvum
3063 2694 3160 2733 vas
3190 2694 3313 2733 cum
3353 2680 3548 2746 calice,

1971 2767 2165 2823 detulit
2195 2766 2263 2821 ad
2294 2767 2571 2822 abbatemr
2592 2767 2826 2835 Sisoem,
2862 2748 3119 2840 deditque
3153 2771 3204 2825 ei
3227 2811 3242 2835 ,
3268 2772 3359 2840 qui
3393 2773 3547 2827 bibit.

1975 2859 2240 2913 Similiter
2264 2857 2389 2913 fecit
2415 2859 2661 2914 secundo
2682 2899 2697 2923 ,
2723 2870 2777 2915 et
2810 2862 3072 2931 suscepit.
3104 2861 3342 2918 Praebuit
3373 2863 3549 2918 eidem

1972 2953 2133 3007 tertia
2175 2952 2331 3017 vice,
2372 2965 2474 3007 nec
2528 2954 2778 3024 accipere
2817 2955 3012 3016 voluit,
3064 2957 3297 3012 dicens:
3328 2955 3545 3023 Desine,

1972 3044 2174 3107 frater;
2206 3058 2276 3097 an
2308 3044 2493 3100 nescis
2515 3045 2660 3114 quod
2692 3044 2923 3100 Satanas
2953 3045 3062 3100 sit?

2043 3135 2097 3189 9.
2156 3134 2272 3206 159)
2304 3135 2574 3192 Convenit
2618 3137 2818 3207 aliquis
2869 3137 3099 3193 fratrum
3149 3138 3400 3194 abbatem
3460 3138 3553 3193 Si.

279 3228 503 3300 Σισὸην,
530 3232 612 3294 εἰς
636 3230 699 3287 τὸ
721 3230 842 3301 ὅρο;
874 3230 967 3284 τοῦ
998 3230 1144 3285 ἀϐϐἄ
1175 3231 1459 3285 ’Λντωνίου
1480 3247 1493 3262 ·
1528 3231 1622 3283 καὶ
1657 3229 1866 3284 λαλούνσ

1975 3241 2125 3287 seem
2155 3228 2209 3282 in
2240 3237 2478 3283 montem
2513 3229 2727 3285 abbatis
2758 3229 2985 3284 Antonii
3010 3268 3025 3289 ,
3056 3238 3110 3284 et
3137 3230 3284 3285 inter
3316 3231 3551 3301 loquen-

277 3335 393 3372 των
424 3317 627 3382 αὐτῶν,
667 3319 818 3388 ἔλεγε
852 3320 929 3391 τῷ
979 3321 1123 3392 ἀῧόᾷ
1160 3322 1352 3392 Σισόῃο
1390 3321 1547 3391 ’Ἄρτι
1576 3321 1676 3373 οὐκ
1703 3318 1869 3388 ἔφθα-

280 3424 385 3470 σας
414 3410 494 3470 εἰς
522 3407 591 3460 τὰ
622 3409 795 3481 μέτρα
826 3408 919 3464 τοῦ
950 3410 1095 3464 ἁὸϐᾶ
1141 3410 1443 3475 Ἀντωνίου,
1480 3412 1700 3480 Hdt-:59;
1763 3410 1871 3462 Καὶ

278 3497 432 3565 λέγει
461 3498 610 3569 αὐτῷ
633 3500 661 3552 6
690 3500 870 3571 γέρων
893 3516 906 3528 '
948 3501 1010 3553 Εἰ
1039 3497 1181 3571 εἶχον
1219 3500 1315 3554 ἕνα
1342 3500 1449 3552 τῶν
1479 3498 1753 3570 λογισμῶν
1777 3498 1869 3553 τοῦ

281 3589 431 3641 ἀδεᾶ
487 3590 797 3654 Ἀντωνίου,
833 3594 1093 3664 ἐγινόμην
1136 3593 1256 3656 ὅλος
1288 3594 1362 3655 ὡς
1406 3592 1544 3663 πῦρυ
1590 3591 1725 3662 πλὴν
1756 3586 1872 3645 οἶδα

279 3679 595 3751 ἄνθρωπον,
620 3683 700 3735 ὅτι
753 3685 890 3752 μετὰ.
934 3686 1180 3755 καμάτου
1225 3684 1446 3738 δύναται
1484 3683 1748 3752 βαστάσαι
1780 3684 1869 3736 τὸν

282 3768 548 3840 λογισμὸν
575 3771 757 3824 αὐτοῦ.

359 3863 411 3915 ι’.
436 3861 609 3917 Ἷιλοέ
639 3866 768 3918 ποτε
794 3884 877 3929 τις
898 3866 1005 3921 τῶν
1026 3866 1278 3936 Θηϐαίων
1309 3868 1440 3938 πρὸς
1470 3868 1561 3920 τὸν
1588 3866 1761 3920 ἀϐϐἄν
1780 3866 1868 3918 Σι-

283 3952 419 4023 σὸην
441 3952 485 4015 ⁷,
519 3952 687 4007 θέλων
734 3953 983 4024 γενέσθαι
1020 3957 1263 4027 μοναχὸς.
1322 3958 1430 4011 Καὶ
1460 3957 1741 4027 ἠρώτησεν
1770 3958 1870 4009 αὑ-

279 4042 379 4097 τὸν
412 4044 441 4096 6
476 4046 675 4116 γέρων,
709 4048 757 4099 εί
787 4046 899 4117 ἔχει
932 4048 1051 4100 τινὰ
1072 4048 1092 4079 ⁸
1123 4050 1180 4102 ἐν
1214 4047 1290 4119 τῷ
1322 4050 1532 4118 κόσμῳ.
1566 4049 1623 4100 Ὀ
1650 4049 1703 4101 δὲ
1734 4048 1867 4119 ἔφη’

283 4137 442 4205 Ἔχω
470 4135 566 4189 ἕνα
596 4137 728 4191 υἱόν.
784 4139 894 4192 Καὶ
939 4138 1088 4206 λέγει
1125 4139 1273 4210 αὐτῷ
1325 4141 1353 4192 ὁ
1377 4141 1555 4211 γέρων
1579 4156 1590 4168 ·
1629 4140 1869 4211 ”Υπαγε,

282 4226 443 4299 ptem
474 4228 635 4281 αὑτὸν
672 4230 750 4292 εἰς
773 4228 863 4282 τὸν
894 4230 1156 4301 ποταμὸν,
1187 4233 1282 4284 καὶ
1310 4231 1428 4283 τότε
1460 4232 1586 4302 γίνῃ
1618 4231 1869 4301 μοναχός.

292 4318 389 4382 Ὠς
419 4313 513 4372 οὖν
534 4318 744 4392 ἀπῆλθε
772 4321 792 4352 ⁹
829 4320 979 4392 ῥίψαι
1002 4322 1187 4387 αὐτὸν,
1211 4322 1453 4392 ἔπεμψεν
1472 4325 1499 4376 6
1517 4324 1695 4393 γέρων
1724 4322 1873 4375 ἁδελ-

280 4408 389 4478 φὸν
410 4396 504 4465 τάὗ
531 4408 769 4463 κωλῦσαι
795 4412 954 4465 αὐτόν
974 4413 1036 4466 ‘°.
1060 4413 1222 4482 Λέγει
1244 4415 1271 4467 6
1294 4413 1545 4482 ἁδελφός·
1573 4414 1803 4478 Παῦσαι,
1821 4413 1872 4465 τί

280 4503 490 4566 ποιεῖς
530 4499 589 4554 Ὃ
615 4500 671 4553 δὲ
701 4495 885 4554 εἶπεν⁸
928 4503 984 4555 Ὀ
1019 4503 1193 4568 ὰϐὅᾶς
1231 4522 1321 4576 μοι
1347 4500 1468 4557 εἶπε
1499 4503 1653 4576 ῥίψαι
1686 4503 1868 4557 αὐτόν.

354 4677 381 4708 ⁸
401 4676 488 4730 Al.
517 4675 627 4730 ins.
686 4676 803 4731 τοῦ.

880 4678 1013 4749 ῩΑΙ.
1053 4679 1178 4733 add.
1225 4679 1403 4749 μόνος.

278 4747 305 4780 ⁸
330 4746 422 4801 ΔΙ.
455 4744 510 4799 τί
555 4763 709 4801 ποτε.

789 4747 810 4778 ⁹
842 4746 927 4803 Al.
964 4748 1133 4805 inser.
1166 4746 1280 4804 τοῦ.

1519 4680 1539 4709 ⁸
1566 4678 1650 4732 Al.
1707 4677 2031 4764 οαιγρειξρνςεσι.ἰ
2099 4680 2117 4707 ⁷
2144 4677 2242 4764 λιι..
2267 4694 2394 4764 atq;

1362 4750 1406 4782 "
1430 4749 1512 4804 Al.
1542 4764 1711 4821 praep.
1747 4746 1822 4813 ὥς
1845 4749 1900 4803 δὲ
1931 4748 2138 4819 ἐπῆρεν
2162 4746 2315 4820 ῥίψαι
2336 4746 2519 4800 αὐτόν.

1974 3318 2103 3372 dum
2141 3318 2281 3372 dixit
2313 3337 2327 3373 :
2359 3317 2686 3374 Nondumne
2718 3319 3038 3389 pervenisti,
3072 3318 3252 3384 Pater,
3290 3320 3361 3375 ad
3385 3336 3546 3377 men-

1974 3425 2161 3465 suram
2192 3411 2405 3466 abbatis
2429 3411 2693 3465 Antonii?
2716 3413 2807 3466 Ait
2836 3413 2913 3466 illi
2945 3429 3109 3469 senex
3145 3432 3157 3469 :
3192 3413 3247 3467 Si
3273 3414 3357 3468 vel
3387 3428 3553 3469 unam

1973 3500 2359 3571 cogitationem
2407 3503 2623 3558 abbatis
2656 3504 2880 3558 Antonii
2921 3504 3199 3568 haberem,
3236 3513 3384 3560 totus
3419 3520 3551 3560 eva-

1973 3593 2158 3648 derem
2210 3594 2385 3651 instar
2434 3594 2615 3664 ignis:
2651 3603 3024 3650 verumtamen
3074 3597 3199 3649 novi
3251 3596 3548 3663 hominem,

1975 3686 2069 3755 qui
2087 3686 2213 3742 licet
2232 3702 2356 3742 cum
2376 3686 2583 3753 labore,
2602 3694 2778 3756 potest
2796 3686 2938 3743 ferre
2954 3687 3340 3757 cogitationem
3364 3704 3546 3744 suam.

2045 3861 2132 3916 10.
2174 3862 2286 3933 (40)
2319 3862 2480 3918 Venit
2518 3863 2813 3934 aliquando
2848 3862 3448 3932 'l‘hebacorumquidam
3481 3863 3551 3918 ad

1974 3952 2225 4013 abbatem
2272 3952 2508 4022 Sisocnt,
2553 3954 2875 4009 desiderans
2916 3952 3247 4007 monachum
3281 3953 3548 4021 profiteri.

1974 4042 2338 4117 Interrogavit
2366 4061 2490 4099 cum
2524 4060 2711 4111 senex,
2746 4052 2926 4097 utrum
2958 4042 3191 4111 aliquem
3228 4042 3295 4096 ad
3337 4058 3396 4099 se
3427 4057 3553 4112 pcr-
3614 4118 3619 4123 ἢ

1976 4136 2239 4191 tinentem
2266 4135 2492 4192 haberet
2524 4138 2579 4189 in
2610 4133 2827 4189 saeculo.
2860 4131 3164 4203 Respondit
3195 4133 3285 4189 ille
3315 4154 3331 4190 :
3365 4132 3553 4189 Habeo

1976 4226 2167 4281 tilium.
2206 4226 2345 4280 Tum
2388 4242 2555 4281 senex
2589 4242 2602 4277 :
2633 4224 2802 4289 Vade,
2829 4224 3037 4295 projice
3080 4240 3207 4279 eum
3238 4227 3290 4279 in
3325 4225 3549 4290 flumen,

1974 4327 2216 4387 tuncque
2250 4316 2347 4373 fies
2374 4317 2697 4372 monachus.
2724 4316 2863 4371 Cum
2896 4316 3059 4388 igitur
3088 4316 3456 4383 discessisset,
3493 4323 3555 4373 ut

1973 4408 2289 4479 projiceret,
2324 4407 2474 4464 misit
2511 4424 2676 4464 senex
2706 4407 2954 4474 fratrem,
2994 4410 3088 4479 qui
3133 4410 3449 4481 prohiberet
3480 4410 3551 4464 11η
3640 4438 3643 4445 ς

1973 4504 2108 4558 lum.
2167 4501 2305 4556 Dicit
2339 4500 2506 4556 frater
2549 4521 2563 4556 :
2598 4499 2833 4568 Desine;
2888 4500 3021 4573 quid
3063 4499 3216 4574 agis?
3263 4500 3359 4557 Ille
3392 4513 3554 4555 excev

2099 4680 2117 4707 "
2144 4677 2228 4730 Al.
2267 4694 2353 4739 τις
2392 4677 2530 4746 πρὸς
2561 4676 2650 4731 τὸν
2686 4676 2858 4731 ἁϐῢςῖιν
2900 4675 3113 4745 Σισώην
3156 4673 3246 4727 τὸν
3289 4673 3547 4744 Θηϐαῖον.

355 4927 473 4999 (31)
516 4926 983 4999 Κνίδιονᾲοτνου.
1035 4927 1296 4993 Quamvis
1341 4944 1443 4983 nec
1483 4929 1866 4999 alibircpcre-

1978 4944 2029 4996 p.
2060 4928 2215 4987 1000,
2241 4944 2306 4999 _n.
2335 4926 2370 4999 5
2402 4943 2415 4999 ς
2450 4924 2835 4999 Αεείρβηιίνειιῃι
2858 4923 3315 4999 ιιιηιιιιᾳιναςσιι-Ιιιηι
3348 4924 3555 4982 εΙιὶηάίἰ

278 4997 391 5055 rim
431 5011 622 5052 vocem
668 4997 890 5056 κνίδιον,
938 5011 1039 5050 nec
1075 4999 1292 5053 dilllcile
1333 5000 1407 5052 sit
1439 4997 1731 5054 emendare
1761 4998 1872 5051 ὀνι-

276 5071 433 5129 διον,
484 5066 631 5136 quod
666 5078 750 5120 est
785 5066 1176 5123 diminutivum
1213 5083 1278 5122 ex
1313 5068 1464 5134 ὄνος,
1500 5069 1554 5121 id
1597 5077 1680 5123 est
1729 5068 1872 5121 asel-

278 5140 394 5201 lus,
420 5154 512 5191 vas
542 5137 827 5200 vinarium,
852 5144 911 5188 ιιι
938 5137 1286 5192 observatum
1306 5137 1409 5192 fuit
1436 5154 1465 5192 a
1496 5137 1631 5194 viris
1653 5137 1866 5203 doctis;

280 5224 398 5262 non
429 5222 601 5261 ausus
633 5216 813 5261 tamen
850 5221 970 5263 sum
1002 5206 1300 5276 quidquam
1340 5209 1458 5262 sine
1481 5208 1666 5275 scripti
1698 5208 1868 5260 alicu-

274 5279 372 5347 jus
406 5278 734 5331 auctoritate
760 5285 993 5339 mutare,
1018 5278 1147 5346 quia
1184 5280 1470 5332 innumera
1491 5279 1749 5332 exstitere
1766 5293 1868 5347 no-

279 5346 435 5418 mina
471 5362 729 5418 vasorum
760 5355 814 5401 et
843 5346 1249 5411 mensurarum,
1269 5358 1429 5418 atque
1460 5348 1515 5402 in
1543 5348 1611 5402 iis
1632 5346 1867 5418 plurima

278 5417 486 5488 partim
519 5416 843 5472 auctoribus
873 5431 982 5471 non
1019 5416 1353 5488 memorata,
1373 5418 1568 5485 partim
1599 5416 1746 5471 a'me
1775 5425 1866 5469 aut

279 5487 396 5543 non
433 5488 597 5551 lecta,
649 5495 744 5540 aut
779 5502 888 5540 non
941 5488 1220 5557 adnotata.
1281 5487 1534 5557 Pelagius
1586 5502 1653 5540 ex
1699 5502 1863 5541 sensu

278 5558 588 5617 transtulit;
628 5557 892 5610 modicum
927 5558 1054 5611 vini.
1092 5556 1198 5611 Sed
1234 5556 1582 5613 scribendum
1625 5556 1866 5610 cnidinm

276 5627 425 5689 vini,
450 5643 518 5682 ex
545 5643 650 5681 ms.
683 5624 1024 5689 Fossatcnsi,
1060 5627 1114 5680 in
1139 5642 1246 5696 quo
1269 5628 1465 5697 legitur
1489 5668 1504 5690 ,
1534 5628 1768 5680 cnidium
1794 5627 1870 5679 vi-

275 5712 433 5751 num.
466 5697 623 5752 Addo
652 5712 801 5751 nunc
838 5696 942 5751 ista
983 5697 1251 5765 relegens,
1284 5698 1653 5765 suspicionem
1693 5711 1867 5750 meam

276 5768 348 5831 ad
382 5768 567 5823 locum
587 5768 683 5838 qui
714 5768 769 5821 in
804 5766 1121 5837 Appendice
1150 5768 1214 5821 ad
1248 5766 1394 5822 Vitas
1425 5766 1645 5821 Patrum
1675 5766 1871 5836 legitur

582 5859 875 5927 .Pnuoc.
917 5859 1033 5920 Gn.
1072 5859 1257 5929 LXV.

1975 4991 2102 5059 bini,
2142 5008 2191 5052 et
2216 4995 2286 5049 da
2314 4996 2505 5053 vicino,
2548 4993 2760 5047 scilicet
2783 4992 2838 5045 in
2869 4991 3210 5063 marginead
3245 5008 3433 5049 vocem
3461 5011 3555 5050 va-

1974 5068 2177 5120 sculum
2207 5066 2446 5136 positum
2483 5063 2653 5118 fuisse
2681 5061 3064 5136 aliquandoex
3101 5062 3306 5136 Grzecis
3350 5079 3551 5136 nomen

1975 5133 2224 5201 κνίδιον]
2247 5136 2382 5190 illud
2438 5141 2628 5200 postea
2662 5141 2932 5201 mutatum
2974 5133 3025 5184 in
3057 5134 3280 5195 κνιδίου,
3312 5134 3551 5200 hincque

1972 5200 2310 5276 processisse
2340 5204 2524 5276 cnidii,
2551 5218 2614 5276 ac
2641 5201 2835 5276 deinde
2853 5200 3066 5276 Cltnidit'
3096 5211 3149 5276 et
3176 5203 3557 5276 εωυμεωιω

1972 5272 2197 5330 cuinon
2253 5275 2541 5346 placuerit,
2577 5273 2737 5346 habet
2766 5272 3056 5344 Rosweydi
3113 5273 3354 5330 hominis
3401 5275 3552 5334 docti

1971 5342 2430 5408 emendatibncm,
2462 5342 2698 5412 Cltydmi.

2042 5416 2155 5483 (55)
2199 5413 2312 5469 Vit.
2350 5413 2502 5467 Patr.
2537 5411 2612 5474 iv,
2637 5411 2723 5483 59.

2044 5481 2154 5551 (36)
2201 5484 2310 5538 Vit.
2345 5483 2494 5536 Patr.
2532 5499 2583 5542 x,
2615 5481 2723 5548 68;
2769 5481 2995 5537 Doroth.
3030 5483 3212 5538 Doctr.
3247 5485 3332 5540 15.

2044 5556 2156 5623 ('57)
2208 5554 2311 5608 Vit.
2349 5552 2504 5607 Patr.
2538 5568 2616 5611 ιιι,
2646 5552 2697 5623 5.

2045 5621 2158 5691 (58)
2209 5623 2315 5676 Vit.
2355 5623 2506 5677 Patr.
2541 5639 2615 5682 Iv,
2640 5621 2730 5677 56.

2046 5694 2159 5766 (59)
2209 5692 2317 5766 Vit.
2348 5692 2501 5766 Patr.
2535 5708 2623 5755 xv,
2649 5692 2735 5746 44.

2047 5762 2158 5838 (10)
2209 5762 2311 5817 Vit.
2341 5763 2489 5820 Patr.
2526 5779 2636 5833 xw,
2661 5766 2726 5832 8;
2762 5763 2919 5823 Cass.
2955 5764 3095 5822 Coll.
3136 5764 3192 5829 4,
3224 5779 3275 5819 c.
3308 5764 3403 5827 27.

3186 5855 3261 5920 13
