4028 6338
1610 408 1952 464 ΛΡΡΕΝΒΙΧ
1991 410 2082 464 AD
2123 411 2550 471 PALLADIUM.

3680 423 3785 480 595

517 520 593 589 pit
624 539 637 573 :
670 518 852 574 Abbas
894 517 1063 588 jussit
1095 527 1154 574 ιιι
1194 519 1542 590 projicerem.
1581 519 1767 590 Itaque
1805 523 1853 577 ei
1885 522 2054 579 frater
2085 542 2093 576 :

2206 529 2368 598 Λέγει
2401 526 2494 584 οὖν
2541 532 2570 582 6
2602 529 2858 598 ἁδελφός·
2917 529 3079 584 Ἀλλὰ
3115 529 3275 585 πάλιν
3315 525 3458 600 εἷπε,
3517 533 3591 605 μὴ
3631 535 3792 609 ῥίψῃς

516 612 623 668 Sed
659 612 824 667 modo
855 614 1025 670 vetuit
1062 613 1383 685 projiceres.
1417 612 1481 666 Et
1513 615 1706 669 relicto
1740 630 1826 681 eo,
1859 615 2099 672 accessit

514 705 580 758 ad
617 721 805 761 senem
833 749 848 774 ,
888 707 1177 780 factusque
1207 716 1290 764 est
1316 709 1524 780 probus
1551 711 1856 768 monachus
1880 719 2104 781 propter

515 797 886 857 obedientiam
923 814 1105 854 suam.

583 894 672 948 ll.
714 892 826 962 (41)
855 890 1047 947 Frater
1077 891 1433 964 interrogavit
1459 893 1714 948 abbatem
1751 891 1990 956 Sisoem,
2026 908 2097 947 an

512 986 634 1058 pari
672 984 836 1040 modo
881 993 1098 1041 veteres
1148 993 1476 1055 persecutus
1526 984 1692 1040 fuerit
1741 985 1998 1040 Satanas.
2037 985 2103 1037 Et

513 1081 592 1134 ait
629 1079 705 1133 illi
739 1094 947 1134 senex:
976 1077 1132 1132 Nunc
1189 1077 1386 1148 magis,
1432 1077 1564 1148 quia
1601 1085 1826 1148 tempus
1845 1076 1967 1147 ejus
2003 1090 2101 1146 ap-

514 1171 876 1242 propinquat,
914 1179 1079 1240 atque
1105 1169 1488 1226 conturbatur.

588 1263 678 1316 12.
721 1260 832 1330 (42)
866 1259 1139 1316 Tentatus
1169 1269 1256 1315 est
1285 1259 1585 1330 aliquando
1609 1275 1638 1314 a
1663 1259 1908 1316 dtemonc
1936 1259 2104 1314 Abra-

513 1352 640 1406 lIam
673 1349 980 1420 discipulus
1012 1349 1226 1404 abbatis
1264 1349 1478 1414 Sisois;
1517 1356 1571 1402 et
1599 1349 1736 1404 vidit
1767 1365 1932 1405 senex
1954 1348 2100 1420 quod

513 1443 824 1499 cecidisset.
871 1441 1062 1512 Itaque
1101 1456 1336 1512 surgens
1364 1439 1625 1510 expandit
1658 1455 1854 1495 manus
1894 1440 1948 1494 iu
1981 1453 2099 1495 cm-

516 1537 655 1600 lum,
686 1535 937 1606 dixitque
973 1552 986 1587 :
1023 1531 1191 1596 Deus,
1236 1533 1375 1588 velis
1420 1532 1588 1598 nolis,
1632 1547 1740 1587 non
1771 1531 1992 1587 dimitto
2023 1540 2097 1597 te,

511 1629 619 1685 nisi
651 1627 932 1684 curaveris
977 1641 1124 1682 eum.
1166 1624 1478 1696 Statimque
1521 1624 1788 1680 medelam
1833 1638 2100 1681 consecu-

512 1731 602 1776 tus
632 1729 736 1776 est.

577 1738 602 1776 s
632 1738 736 1776 εει.

538 1738 670 1870 ιι13.
711 1814 823 1883 (45)
848 1811 1210 1867 Percontatus
1238 1818 1324 1867 est
1365 1809 1536 1866 frater
1580 1809 1647 1865 de
1683 1809 1884 1865 abbate
1912 1809 2093 1876 Sisoe,

2205 621 2395 675 αὐτόν.
2442 622 2552 678 Kal
2604 621 2920 675 καταλιπὼν
2967 622 3147 688 αὐτὸν,
3202 619 3334 694 ἦλθε
3393 625 3532 695 πρὸς
3563 626 3656 681 τὸν
3694 628 3787 698 γέ-

2207 727 2370 782 ροντα
2389 727 2404 742 °
2435 714 2530 766 καὶ
2551 712 2740 784 γέγονε
2763 714 2984 786 δόκιμος
2999 716 3038 745 ¹¹
3063 715 3296 786 μοναχδς
3312 716 3401 770 διὰ
3419 717 3518 790 τὴν
3545 719 3792 792 ὑπακοὴν

2205 820 2393 856 αυτου.

2277 902 2368 950 ια’.
2421 897 2671 968 Ἀδελφὸς
2711 899 2964 972 ἠρώτησε
2997 899 3088 953 τὸν
3123 900 3299 956 esse».
3331 902 3552 974 Σισόην,
3586 902 3788 972 λέγων’

2203 979 2349 1056 τΑρα
2373 985 2548 1050 οὕτως
2575 987 2795 1042 ἐδίωκεν
2821 991 2849 1043 6
2869 991 3112 1054 Σατανᾶς
3141 992 3266 1056 τοὺς
3297 993 3593 1064 ἀρχαίους;
3628 996 3790 1064 Λέγει

2203 1077 2352 1148 αὑτῷ
2383 1081 2412 1132 6
2433 1079 2611 1152 γέρων
2638 1095 2652 1111 ο
2696 1081 2858 1154 ’Λρτι
2893 1082 3075 1148 πλέον,
3106 1084 3189 1137 ὅτι
3227 1086 3256 1138 6
3284 1085 3480 1157 καιρὸς
3505 1085 3671 1140 αὑτοῦ
3693 1088 3791 1158 ἢγ-

2203 1185 2346 1238 γισε,
2382 1171 2475 1224 καὶ
2499 1172 2883 1244 ταράσσεταιΐ

2277 1260 2370 1331 ιβ’.
2402 1261 2734 1336 Ἐπειρὰσθη
2761 1265 2891 1318 ποτὲ
2925 1265 3176 1339 Ἀϐραὰμ
3204 1269 3232 1320 6
3256 1267 3508 1340 μαθητὴς
3530 1269 3625 1322 τοῦ
3647 1269 3793 1324 ἀϐὅᾶ

2202 1353 2365 1425 Σισόη
2389 1353 2497 1407 ἀπὸ
2525 1354 2804 1427 δαίμονος·
2831 1359 2926 1410 καὶ
2955 1352 3094 1411 εἶδεν
3116 1357 3341 1430 ὁγέρων
3369 1359 3450 1412 ὅτι
3478 1360 3789 1428 πέπτωκεν,

2201 1445 2295 1498 καὶ
2326 1446 2564 1511 ἀναστὰς
2589 1447 2821 1513 ἐξέτεινε
2849 1448 2949 1513 τὰς
2971 1453 3160 1522 χεῖρας
3187 1453 3267 1514 εἰς
3295 1451 3389 1504 τὸν
3420 1453 3672 1523 οὐρανὸν,
3700 1453 3790 1507 λέ-

2201 1555 2314 1608 γων
2338 1557 2352 1572 ·
2397 1540 2558 1608 Θεὸς,
2589 1541 2798 1609 θέλεις,
2833 1543 2894 1596 οὐ
2925 1543 3122 1607 Θέλεις,
3163 1544 3264 1598 οὐκ
3313 1545 3439 1614 ἀφῶ
3469 1563 3550 1612 σε,
3582 1547 3676 1600 ἐὰν
3714 1549 3791 1618 μὴ

2201 1631 2365 1687 αὐτὸν
2394 1631 2758 1707 θεραπεύσῃς.
2799 1635 2909 1688 Καὶ
2940 1634 3142 1701 εὐθέως
3171 1635 3540 1708 ἐθεραπεύθη.

2274 1815 2384 1877 ιγ’..
2410 1809 2662 1879 Ἀδελφὸς
2695 1809 2947 1884 ἠρώτησε
2987 1812 3080 1866 τὴν
3109 1812 3286 1868 ἀῆϐἄν
3320 1815 3536 1888 Σισὸην,
3568 1816 3776 1886 λέγων·

509 1910 658 1963 hunc
699 1909 755 1963 in
797 1908 1058 1962 modum:
1087 1905 1343 1974 Agnosco
1383 1902 1703 1957 memoriam
1749 1901 1844 1957 Dei
1877 1917 2093 1973 perma-

2209 1897 2352 1970 Ὀρῶ
2401 1877 2659 1969 ἐμαυτον,
2701 1877 2783 1955 ὅτι
2832 1877 2882 1972 ἠ⁷
2916 1905 3104 1974 μνήμη
3155 1904 3251 1958 τοῦ
3299 1904 3437 1960 Θεοῦ
3471 1877 3789 1979 παραμένει

511 2018 643 2057 nere
675 2002 818 2072 apud
853 2015 960 2054 me.
994 1999 1085 2052 Ait
1128 1996 1206 2050 illi
1241 2009 1409 2050 senex
1439 2012 1452 2047 :
1487 1991 1607 2047 Non
1640 2007 1836 2063 magna
1868 2007 1958 2048 res
1987 2001 2095 2058 est,

509 2093 896 2163 cogitationem
923 2101 1071 2145 tuam
1095 2102 1220 2143 eum
1251 2085 1363 2140 Deo
1385 2100 1538 2152 esse;
1571 2085 1665 2140 sed
1695 2099 1956 2155 magnum
1987 2093 2096 2150 est,

510 2184 829 2253 conspicere
871 2198 931 2237 se
967 2190 1226 2249 tanquam
1271 2177 1421 2232 omni
1469 2184 1724 2232 creatura
1755 2175 2094 2232 inferiorem.

512 2275 564 2330 ld
597 2276 742 2330 enim
773 2286 1043 2345 corporeo
1075 2269 1244 2326 labori
1272 2268 1547 2338 junctum,
1584 2267 1808 2324 deducit
1840 2268 1908 2324 ad
1941 2268 2100 2324 habi-

509 2379 624 2422 tum
649 2367 1000 2422 humilitatis.

582 2460 669 2514 H.
712 2459 828 2529 (Μ)
847 2458 1176 2519 llefercbant
1199 2455 1266 2512 de
1288 2457 1483 2510 abbate
1507 2453 1684 2520 Sisoe,
1707 2452 1852 2524 quod
1877 2451 2097 2524 quando

508 2552 671 2608 morti
697 2552 981 2622 proximus
1014 2549 1138 2615 fuit,
1187 2548 1506 2606 sedentibus
1547 2548 1696 2603 circa
1745 2561 1872 2602 eum
1924 2544 2099 2599 Patri-

508 2649 636 2712 bus,
680 2645 866 2702 vultus
899 2645 1019 2713 ejus
1057 2643 1400 2714 resplenduit
1452 2650 1717 2712 tanquam
1771 2640 1890 2704 sol;
1928 2637 2095 2692 dixit-

506 2756 616 2811 que
654 2739 763 2795 illis
794 2737 978 2793 :Ecce
1020 2737 1191 2792 abbas
1223 2736 1495 2790 Antonius
1529 2733 1699 2789 venit.
1726 2731 1899 2786 Paulo
1924 2739 2048 2802 post
2078 2749 2091 2784 :

507 2831 612 2900 En,
649 2831 851 2902 inquit,
890 2831 1048 2884 ivenit
1082 2827 1475 2899 prophetarum
1521 2827 1745 2880 chorus.
1784 2824 2097 2894 lterumque

506 2926 677 2982 facies
700 2924 820 2995 ejus
853 2922 1116 2992 majorem
1143 2922 1197 2976 in
1233 2920 1455 2977 modum
1485 2918 1722 2975 refulsit.
1760 2916 1828 2972 Et
1855 2917 1932 2972 ait
1957 2935 1969 2970 :
1993 2916 2094 2980 En,

507 3019 712 3073 chorus
769 3015 1146 3086 apostolorum
1199 3012 1460 3069 accessit.
1505 3011 1809 3082 Adbucque
1857 3025 1920 3065 os
1975 3009 2096 3080 ejus

506 3111 678 3182 duplo
723 3109 1021 3180 fulgentius
1055 3107 1250 3164 evasit.
1292 3106 1436 3162 Ecce
1478 3112 1662 3160 autem
1699 3105 1903 3176 ipsum,
1931 3102 2092 3174 quasi

2202 2008 2293 2060 μοι
2314 1994 2376 2047 ι’.
2396 1993 2560 2062 Λέγει
2591 1993 2741 2065 αὑτῷ
2760 1996 2788 2048 6
2819 1994 2997 2067 γέρων
3018 2014 3030 2026 ·
3073 1997 3188 2050 υὺκ
3218 1997 3337 2052 ἔστι
3369 1999 3536 2070 μέγα,
3563 1999 3625 2053 τὸ
3645 1995 3787 2055 εῖναι

2198 2083 2289 2137 τὸν
2323 2084 2580 2156 λογισμόν
2629 2103 2724 2140 σου
2769 2087 2907 2158 μετὰ
2938 2088 3033 2142 τοῦ
3061 2087 3198 2143 Θεοῦ
3224 2108 3237 2119 ·
3291 2091 3436 2162 μέγα
3473 2092 3530 2146 δέ
3555 2093 3695 2158 ἔστι,
3727 2096 3791 2148 τὸ

2199 2177 2393 2231 ἑαυτὸν
2420 2179 2553 2250 ὁρᾷν
2579 2179 2834 2234 ὑποκάτω
2856 2181 3040 2252 πάσης
3063 2181 3163 2253 τῆς
3199 2183 3453 2248 κτίσεως.
3478 2185 3649 2238 Τοῦτο
3677 2186 3790 2259 γὰρ

2197 2270 2293 2325 καὶ
2323 2271 2352 2323 6
2387 2271 2696 2343 σωματικὸς
2731 2273 2898 2337 κόπος
2934 2273 3120 2346 ὁδηγεί
3149 2275 3230 2338 εις
3263 2275 3355 2330 τὸν
3394 2278 3495 2348 τῆς
3525 2295 3788 2334 ταπεινο-

2199 2363 2473 2437 φροσύνης
2493 2365 2694 2436 τρόπον
2719 2365 2855 2436 (46).

2269 2459 2349 2512 ιδ’.
2389 2460 2614 2528 Ἔλεγον
2647 2459 2894 2531 περὶτοῦ
2923 2459 3070 2514 ἀὸὗᾶ
3097 2461 3280 2532 Σισόη,
3322 2462 3406 2515 ὅτι
3443 2463 3532 2515 ὅτε
3581 2462 3779 2534 ἔμελλε

2197 2551 2473 2624 τελευτᾷν,
2503 2551 2828 2624 καθημένων
2850 2553 2959 2606 τῶν
2980 2554 3242 2626 Πατέρων
3271 2555 3410 2627 πρὸς
3436 2557 3600 2609 αὐτὸν
3621 2557 3791 2629 ἔλαμ-

2198 2645 2267 2713 ψε
2301 2644 2361 2697 τὸ
2387 2644 2678 2715 πρόσωπον
2703 2643 2870 2699 αὐτοῦ
2900 2645 2976 2710 ὡς
3003 2647 3032 2700 6
3056 2646 3235 2717 ἥλιος·
3263 2649 3358 2702 καὶ
3385 2648 3534 2716 λέγει
3566 2649 3788 2715 αὐτοῖς’

2212 2736 2342 2790 Ἰδοὺ
2381 2739 2409 2791 6
2441 2735 2617 2801 assa;
2660 2735 2943 2802 ’Δντὼνιος
2980 2733 3134 2810 ἦλθε.
3168 2737 3272 2792 Καὶ
3301 2740 3438 2810 μετὰ
3472 2742 3668 2813 μικρὸν
3697 2742 3790 2795 λέ-

2201 2843 2314 2896 γει’
2373 2829 2505 2882 ’ἰδοὺ
2529 2830 2558 2882 6
2583 2829 2740 2900 χορὸς
2763 2829 2872 2882 τῶν
2902 2830 3199 2902 προφητῶν
3231 2826 3385 2902 ἦλθε.
3407 2831 3519 2884 Kal
3543 2833 3705 2886 πάλιν
3728 2833 3792 2886 τδ

2199 2921 2490 2993 πρόσωπον
2507 2921 2671 2975 αὐτοῦ
2694 2920 2970 2993 περισσῶς
2986 2922 3028 2954 ¹³
3044 2922 3253 2993 ἔλαμψε
3270 2939 3283 2954 ⁸
3311 2924 3408 2976 καὶ
3435 2919 3590 2978 εἶπεν
3606 2939 3619 2954 ·
3651 2925 3788 2977 Ἰδοὺ

2197 3015 2227 3068 6
2272 3014 2432 3085 χορὸς
2477 3014 2585 3068 τῶν
2626 3015 2940 3069 ἀποστόλων
2975 3010 3128 3087 ἦλθε.
3177 3017 3289 3070 Kal
3329 3016 3677 3071 ὲδιπλασίασε
3725 3017 3790 3070 τὸ

2198 3107 2490 3178 πρόσωπον
2525 3105 2690 3160 αὑτοῦ
2725 3107 2918 3160 πάλιν·
2975 3107 3070 3162 καὶ
3097 3107 3207 3162 ἰδοὺ
3237 3108 3400 3172 αὐτὸς
3435 3109 3510 3172 ὡς
3539 3111 3680 3181 μετά
3705 3127 3788 3163 1t-

505 3218 635 3259 cum
663 3201 994 3273 quibusdam
1023 3201 1362 3270 loquentem.
1393 3198 1582 3268 Itaque
1608 3203 1943 3268 rogaverunt
1966 3210 2092 3251 eum

2202 3216 2306 3253 νων
2334 3198 2533 3252 λαλῶν.
2559 3199 2670 3252 Kal
2699 3199 2996 3270 ἐδεήθησαν
3025 3198 3191 3252 αὑτοῦ
3225 3201 3276 3253 οἱ
3297 3200 3570 3272 γέροντες,
3599 3202 3787 3271 λέγον-

507 3309 698 3359 senes,
743 3292 1196 3350 dicentes:Cum
1243 3302 1371 3362 quo
1417 3290 1684 3356 disseris,
1737 3287 1943 3342 Pater?
1991 3285 2097 3340 Re-

505 3385 729 3456 spondit
759 3405 774 3440 :
811 3385 1003 3456 Angeli
1035 3393 1328 3447 venerunt,
1364 3391 1422 3437 ut
1454 3398 1539 3438 me
1573 3389 1887 3446 assumant;
1913 3388 1966 3436 et
1993 3379 2096 3435 ob-

505 3493 683 3543 secro,
725 3487 786 3533 ut
832 3477 1116 3549 permittar
1160 3476 1444 3550 paululum
1491 3489 1652 3545 agere
1690 3473 2090 3544 pteniteutiam.

507 3568 801 3640 Excipiunt
831 3583 996 3625 senes
1019 3582 1034 3621 :
1057 3566 1176 3622 NOII
1207 3583 1334 3639 eges
1360 3566 1707 3638 paenitentia,
1740 3566 1922 3621 Pater.
1951 3563 2091 3618 Tum

505 3679 677 3719 senex
704 3662 773 3718 ad
811 3663 1004 3733 ipsos:
1035 3660 1270 3725 Revera,
1310 3676 1419 3716 non
1471 3659 1604 3714 mibi
1646 3657 1906 3714 conscius
1948 3671 2091 3720 sum,

509 3757 657 3827 quod
700 3756 1042 3829 pmnitentiaa
1088 3756 1306 3811 initium
1355 3753 1660 3826 posuerim.
1705 3752 2089 3807 lntellexerunt

503 3864 636 3904 vero
678 3863 894 3913 omnes,
935 3862 1059 3904 eum
1115 3862 1240 3903 esse
1293 3845 1619 3916 perfectum.
1677 3842 1877 3897 lterum
1925 3841 2093 3897 facies

505 3943 654 3998 illius
688 3941 874 3998 subito
902 3940 1044 3996 facta
1080 3948 1166 3996 est
1192 3940 1341 3996 velut
1366 3939 1450 3996 sol
1477 3958 1490 3994 :
1524 3953 1589 3993 ex
1621 3953 1732 4008 quo
1760 3935 1934 3992 territi
1964 3944 2094 3990 sunt

502 4033 709 4089 cuncti.
760 4033 848 4088 Ait
898 4033 1006 4089 illis
1036 4051 1050 4088 :
1086 4031 1298 4096 Videte,
1337 4030 1603 4085 Dominus
1644 4028 1818 4092 venit,
1853 4025 2087 4083 dicens:

504 4126 708 4182 Aﬂ‘erte
739 4127 868 4181 mihi
903 4126 1191 4182 electionis
1231 4141 1330 4182 vas
1358 4123 1552 4181 eremi.
1580 4120 1890 4192 Statimque
1922 4120 2092 4176 tradi-

503 4219 582 4272 dit
605 4218 880 4286 spiritum.
901 4218 978 4274 Ac
1007 4217 1186 4273 evasit
1213 4225 1476 4290 tanquam
1507 4215 1693 4286 fulgur
1715 4255 1730 4281 ,
1759 4228 1860 4268 nec
1881 4226 1988 4267 non
2012 4227 2093 4268 re-

504 4309 685 4377 pletus
717 4315 801 4362 est
829 4315 979 4363 totus
1011 4308 1165 4363 locus
1193 4309 1340 4365 bono
1365 4309 1556 4364 odore.

573 4401 662 4454 15.
705 4399 818 4468 (45)
849 4398 1138 4455 Profectus
1183 4409 1270 4456 est
1316 4402 1488 4457 abbas
1535 4399 1836 4472 Adelphius
1876 4399 2091 4470 episco-

503 4507 607 4562 pus
627 4489 945 4560 Nilopoleos
983 4490 1051 4544 ad
1083 4491 1337 4546 abbatem
1368 4490 1579 4546 Sisoem
1619 4492 1674 4546 in
1712 4501 1951 4546 montem
1993 4489 2090 4545 ab-

2197 3309 2318 3356 τες⁶
2347 3291 2504 3348 Μετὰ
2553 3291 2699 3356 τίνος
2747 3292 2978 3364 ὁμιλεῖς,
3013 3291 3227 3364 Πάτερ;
3286 3293 3344 3346 '0
3384 3293 3440 3347 δὲ
3473 3293 3610 3365 ἔφη’
3651 3295 3788 3349 Ἰδοὺ

2197 3387 2416 3457 ἄγγελοι
2448 3382 2610 3458 ἦλθον
2657 3387 2845 3442 λαϐεῖν
2875 3404 2965 3458 με,
2999 3385 3095 3440 καὶ
3137 3385 3442 3458 παρακαλῶ
3484 3386 3572 3439 ἴνα
3597 3385 3791 3455 ἀφεθῶ

2201 3480 2532 3552 μετανοῆσαι
2568 3481 2783 3552 μικρόν.
2818 3481 2930 3533 Kal
2956 3479 3210 3548 λέγουσιν
3243 3478 3394 3549 αὑτῷ
3421 3480 3471 3532 οἱ
3497 3477 3786 3549 γέροντες*

2195 3573 2273 3626 Οὐ
2298 3571 2486 3644 χρείαν
2515 3572 2662 3644 ἔχεις
2706 3572 3062 3643 μετανοῆσαι,
3086 3570 3293 3644 Πάτερ.
3353 3567 3487 3625 Εῐπε
3515 3570 3570 3624 δὲ
3600 3571 3789 3636 αὐτοῖς

2195 3666 2224 3718 6
2257 3665 2438 3736 γέρων
2459 3682 2474 3696 ·
2505 3664 2668 3719 Φύσει
2695 3665 2796 3718 οὐκ
2824 3660 2943 3718 οἶδα
2982 3663 3220 3735 ἐμαυτὸν
3240 3665 3325 3718 ὅτι
3361 3662 3554 3716 ἒὸαλον
3583 3662 3783 3733 ἀρχήν.

2196 3759 2304 3812 Kal
2331 3757 2532 3828 ἔμαθον
2557 3757 2758 3821 πάντες
2787 3758 2868 3811 ὅτι
2896 3755 3099 3822 τέλειός
3129 3759 3270 3810 ἐστι.
3303 3755 3414 3810 Kal
3446 3754 3610 3809 πάλιν
3631 3755 3790 3823 ἄφνω

2196 3849 2412 3918 ἐγένετο
2450 3850 2512 3902 τὸ
2544 3849 2836 3921 πρόσωπον
2874 3848 3039 3903 αὐτοῦ
3070 3849 3148 3912 ὡς
3177 3851 3207 3903 6
3237 3847 3387 3920 ἥλιος
3406 3865 3420 3878 ο
3457 3847 3552 3901 καὶ
3584 3845 3788 3916 ἐφοϐή-

2195 3941 2367 4012 θησαν
2401 3941 2620 4006 πάντες.
2653 3942 2765 3996 Kal
2792 3940 2941 4010 λέγει
2977 3940 3162 4005 αὐτοῖς
3181 3959 3195 3972 ·
3241 3940 3499 4003 Βλέπετε,
3530 3942 3560 3993 6
3580 3938 3789 4011 Κύριος

2191 4031 2344 4107 ἦλθε,
2376 4036 2473 4090 καὶ
2496 4035 2674 4106 λέγει’
2707 4036 2904 4108 Φέρετέ
2939 4053 3029 4107 μοι
3051 4035 3112 4089 τὸ
3133 4032 3389 4097 σκεῦοςη
3417 4032 3518 4103 τῆς
3549 4033 3786 4104 ἐρήμου.

2194 4129 2306 4181 Kal
2330 4127 2533 4191 εὐθέως
2564 4126 2849 4198 παρέδωκε
2870 4126 2936 4158 ιν
2967 4124 3028 4181 τὸ
3061 4125 3301 4197 πνεῦμα.
3325 4125 3437 4179 Kal
3464 4123 3680 4190 ἐγένετο
3710 4123 3789 4187 ὡς

2193 4219 2482 4292 ἀστραπή·
2519 4219 2613 4273 καὶ
2640 4217 2882 4289 ἐπλήσθη
2907 4217 3026 4281 ὅλος
3057 4218 3087 4270 6
3115 4213 3264 4281 οἶκος
3282 4218 3324 4249 ¹⁸
3353 4215 3600 4279 εὐωδίας.

2267 4401 2346 4449 ιε’.
2377 4393 2690 4466 Παρέὸαλεν
2721 4394 2751 4446 6
2795 4391 2970 4455 ἀϐϐἄς
3022 4390 3294 4460 Ἀδέλφιος
3330 4388 3628 4450 ἐπίσκοπος
3651 4385 3787 4439 Nst-

2191 4490 2498 4552 λουπόλεως
2537 4490 2675 4561 πρὸς
2717 4488 2810 4542 τὸν
2843 4487 3018 4542 ἀὸὃᾶν
3048 4486 3265 4555 Σισόην,
3315 4485 3398 4547 εἰς
3442 4483 3502 4536 τὸ
3529 4482 3656 4552 ὅρος
3689 4480 3789 4534 τοῦ

503 4561 644 4638 batis
667 4582 908 4639 Antonii.
937 4581 1187 4653 Cumque
1209 4583 1509 4639 discessuri
1543 4592 1757 4649 essent,
1794 4593 2086 4654 antequam

2202 4584 2344 4640 assa
2386 4583 2694 4636 Ἀντωνίου.
2724 4582 2836 4635 Kal
2862 4581 2938 4644 ὡς
2968 4577 3202 4651 ἤμελλον
3239 4575 3495 4641 ἐξελθεῖν,
3526 4574 3658 4645 πρὶν
3689 4576 3790 4627 αὐ-

503 4676 609 4732 iter
636 4673 1086 4746 aggrederentur,
1117 4674 1334 4730 curavit
1365 4683 1424 4728 ut
1453 4689 1481 4727 a
1510 4688 1670 4729 mane
1694 4675 2046 4731 comederent
2071 4692 2083 4727 :

499 4777 621 4825 erat
652 4777 835 4825 autem
870 4767 1067 4838 jejunii
1099 4766 1233 4822 dies.
1269 4763 1566 4836 Postquam
1616 4780 1750 4836 ergo
1779 4773 2089 4837 posuerunt

501 4875 771 4928 mensam,
805 4875 936 4916 ecce
959 4859 1160 4915 fratres
1193 4859 1435 4930 pulsant.
1466 4856 1610 4911 Dixit
1638 4859 1915 4928 discipulo
1937 4874 2040 4915 suo
2068 4879 2081 4914 :

502 4951 682 5008 Trade
725 4952 833 5006 illis
867 4964 1092 5022 parvam
1128 4952 1356 5022 pultem,
1406 4952 1536 5022 quia
1593 4950 1876 5023 defatigati
1931 4960 2082 5007 sunt.

500 5044 591 5097 Ait
632 5043 685 5099 ei
730 5044 901 5100 abbas
945 5042 1246 5113 Adelpliius
1278 5063 1289 5097 :
1326 5043 1457 5098 Sine
1509 5044 1721 5114 utique,
1763 5058 1833 5099 ne
1875 5043 2084 5109 dicant,

2197 4676 2324 4739 τοὺς
2345 4671 2581 4737 ὁδεῦσαι,
2618 4671 2874 4741 ἐποίησεν
2913 4669 3110 4733 αὐτοὺς
3151 4666 3451 4738 γεύσασθαι
3478 4665 3587 4718 ἀπὸ
3606 4665 3786 4736 πρωΐ·

2195 4762 2266 4839 ἦν
2292 4766 2351 4820 δὲ
2365 4765 2609 4836 νηστεία.
2628 4765 2738 4818 Kal
2761 4763 2838 4826 ὡς
2867 4761 3068 4833 ἔθηκαν
3096 4758 3396 4832 τράπεζαν,
3423 4756 3532 4810 ἰδοὺ
3561 4755 3790 4826 ἀδελφοὶ

2196 4857 2502 4928 κρούουσιν.
2551 4853 2687 4910 Εἶπε
2731 4855 2788 4908 δὲ
2823 4853 2901 4926 τῷ
2937 4853 3152 4926 μαθητῇ
3204 4850 3403 4905 αὐτοῦ’
3465 4849 3564 4914 Δὸς
3593 4839 3790 4912 ἀὐτοῖς

2199 4949 2400 5022 μικρὰν
2428 4949 2661 5020 ἀθήραν,
2713 4949 2793 5002 ὅτι
2828 4948 2937 5002 ἀπὸ
2965 4946 3135 5000 κόπου
3177 4945 3306 4999 εἰσί.
3365 4943 3529 5010 Λέγει
3571 4940 3724 5011 αὐτῷ
3756 4942 3787 4992 ὁ

2193 5043 2370 5108 ἀ66ὀ³ις
2406 5042 2679 5113 ’Λδέλφιος
2699 5056 2711 5070 ’
2767 5041 2939 5110 Ἀφες
2973 5039 3133 5104 τέως,
3169 5038 3259 5092 ἵνα
3291 5036 3368 5108 μὴ
3390 5036 3617 5090 εἴπωσιν
3639 5035 3722 5087 ὅτι
3756 5035 3788 5086 6

572 5200 720 5273 ¹δΑ¹ο
752 5198 1146 5273 δοκιμῲτατίξςο
1225 5199 1266 5231 ¹¹
1299 5198 1384 5255 ΑΙ·
1423 5215 1524 5269 μου
1557 5198 1633 5269 τῷ
1659 5198 1778 5269 Θεῷ
1803 5199 2128 5271 παραμένει.
2175 5199 2217 5230 ¹³
2246 5199 2330 5253 Al.
2364 5199 2772 5273 περισσότερον.
2851 5199 2895 5232 ³⁸
2920 5198 3003 5254 Al.
3035 5198 3141 5252 ius.
3164 5197 3263 5268 τῆς
3301 5193 3557 5265 ἐκλογῆς.
3601 5192 3670 5226 ιν
3693 5193 3785 5249 Al.

501 5270 768 5326 ἀπέδωκε.
844 5275 887 5304 ¹⁵
921 5271 1006 5326 Al.
1039 5271 1223 5332 τόπος.

600 5455 689 5526 Η)
736 5454 846 5526 Vit.
881 5453 1036 5526 Patr.
1068 5449 1326 5526 xv._4_54;
1360 5447 1518 5504 Joan.
1543 5447 1734 5504 Geom.
1761 5448 1964 5502 Parad.
1990 5449 2079 5505 '55.

599 5521 685 5596 42)
732 5524 842 5596 Vit.
875 5523 1030 5596 Eutr.
1069 5540 1128 5586 ll,
1163 5521 1248 5596 14.

598 5589 684 5664 43)
739 5595 844 5651 Vit.
876 5593 1031 5649 Patr.
1073 5611 1162 5658 xv,
1195 5593 1293 5662 L7;
1329 5591 1554 5648 Dorotb.
1603 5589 1783 5647 Doclr.
1811 5593 1864 5646 2.

597 5669 684 5733 44)
738 5666 840 5720 Vit.
878 5665 1033 5721 Patr.
1068 5681 1151 5725 III,
1184 5664 1236 5717 6.

601 5739 686 5805 45)
736 5737 844 5790 Vit.
877 5733 1029 5805 Patr.
1063 5749 1182 5795 VIII,
1220 5734 1300 5805 lii.

563 5803 686 5876 ’(46)
737 5804 975 5874 Ὀδηγεῖ
987 5806 1074 5876 εὶς
1102 5805 1207 5876 τὸρθ
1228 5803 1914 5876 τῆςνταπεινοφροσῷνης
1939 5805 2078 5876 ,τριξ-

501 5899 639 5936 :zcr.
671 5870 872 5934 Eadem
890 5870 1112 5931 'versio:
1145 5870 1370 5942 Corrigil
1400 5885 1449 5928 et
1483 5870 1626 5928 ducit
1644 5870 1726 5927 ’ad
1759 5870 2075 5928 humilitatis

2191 5451 2352 5513 viam,
2389 5449 2494 5505 nisi
2521 5449 2567 5506 si
2616 5448 2816 5506 melius
2863 5463 3078 5504 mecum
3119 5454 3321 5517 putas,
3382 5442 3786 5517 dirigit._Quod

2190 5520 2489 5590 spei-tatad
2512 5520 2932 5590 Apophthegma.
2956 5521 3031 5573 ita
3057 5515 3242 5590 reperi
3265 5518 3318 5572 in
3343 5519 3468 5590 eod.
3501 5515 3782 5590 Colbert.:

2201 5584 2453 5660 ’Ᾱδελφδς
2486 5584 2643 5661 εἶπεν
2660 5589 2739 5661 τῷ
2769 5584 2913 5661 (Ξῖὸὁᾷ
2943 5584 3168 5661 Ποιμένι
3189 5604 3202 5618 ⁸
3234 5588 3377 5661 Ὀρῶ
3403 5584 3787 5661 épau16y_8ta-

2188 5655 2390 5724 παντὸς
2435 5660 2574 5730 μετὰ
2602 5655 2722 5713 τοῦ’
2743 5655 2902 5725 Θεοῦ,
2939 5655 3148 5730 καὶμὴ
3183 5655 3556 5730 ἀφιστάμενον
3587 5655 3782 5730 6194‘:

2189 5730 2334 5798 μέγα
2357 5723 2510 5802 ἐστὶ,
2553 5731 2734 5802 Πάτερ
2755 5748 2769 5798 ;
2793 5723 2958 5800 Λέγει
2981 5723 3191 5802 asiae
3215 5723 3434 5802 γέρωνὀ
3464 5727 3598 5802 Duxi
3621 5741 3634 5754 '
3664 5723 3786 5802 αλλ’

2183 5802 2311 5924 ἓτοὸν
2343 5800 2458 5872 ἴδῃς
2495 5802 2681 5856 ἑαυτὸν
2705 5798 2966 5858 ἐλάττονα
2998 5798 3236 5868 πάντων,
3268 5798 3391 5855 έότε
3434 5801 3513 5862 εἰς
3547 5798 3607 5854 τδ
3637 5798 3787 5869 μέγα

2216 5890 2249 5924 υ
2289 5889 2446 5924 ασας.

2216 5889 2446 5943 φυασας.
