4028 6338
296 325 393 383 897

1389 307 2001 369 APOPHTHEGMATA
2050 307 2363 366 PATRUM.

3460 312 3569 374 398

293 438 460 500 6.666;
492 434 691 508 Σισόης
721 432 831 489 ἀπὸ
862 430 1007 505 πρωῒ
1033 430 1224 485 ἐσθίει.
1270 422 1382 484 Kal
1410 428 1713 502 προσέσχεν
1733 426 1882 500 αὒτῷ

1998 428 2236 485 ibbatem
2260 427 2473 483 Sisoem
2496 425 2564 481 de
2591 439 2752 482 mane
2777 424 3129 483 manducare.
3158 424 3226 481 Et
3249 426 3483 483 intendit
3510 428 3569 485 in

293 529 533 600 ὁγέρων,
571 526 668 579 xal
703 524 854 593 λέγει
875 522 954 594 τῷ
988 520 1201 592 ἀδελφῷ
1221 537 1234 550 ·
1288 519 1527 589 Ὕπαγε,
1556 520 1647 583 δὸς
1673 519 1874 582 αὐτοῖς.

303 618 384 682 Ὠς
415 611 508 671 οὖν
548 610 689 668 εἶδον
732 613 831 685 τὴν
869 613 1102 685 ἀθήραν,
1132 607 1314 665 εἶπον·
1350 608 1442 682 Μὴ
1473 608 1658 677 ξένους
1687 608 1879 680 ἐχετες

298 710 366 784 μὴ
387 709 496 783 ἄρα
517 707 617 762 καὶ
641 707 670 759 6
697 706 877 778 γέρων
912 704 1030 777 μεθ’
1053 703 1207 776 ὑμῶν
1234 702 1440 769 ὲσθίει;
1466 703 1578 755 Kal
1605 697 1758 755 εἶπεν
1785 702 1883 755 αὖ·

191 825 199 831 ·
294 806 397 866 τοῖς
424 803 454 855 6
507 798 768 869 ἀδελφός·
830 797 958 852 Ναί.
1020 795 1297 869 Ἤρξαντο
1325 790 1420 847 οὖν
1450 790 1753 857 θλίϐεσθαι,
1787 791 1882 846 καὶ

293 895 462 964 λέγειν
483 912 496 925 υ
538 891 879 962 Συγχωρήσῃ
924 888 1053 960 ὑμῖν
1104 888 1133 940 6
1170 886 1324 951 Θεὸς,
1375 885 1458 940 ὅτι
1507 885 1599 939 τὸν
1650 883 1883 955 γέροντα

293 988 541 1058 ἀφήκατε
574 985 770 1054 φαγεῖν
822 982 968 1054 ἄρτι.
1003 981 1073 1033 Ἦ
1112 979 1213 1032 οὐκ
1240 977 1422 1031 οἴδατε.
1444 977 1527 1032 ὅτι
1556 976 1649 1030 ὲπ⁸ι
1680 975 1881 1039 πολλὰς

293 1078 497 1149 ἡμέρας
520 1075 634 1145 ἔχει
650 1075 694 1107 ¹⁶
711 1073 973 1127 κοπιάσαι
989 1088 1005 1135 ;
1023 1070 1133 1125 Kal
1150 1070 1385 1141 ἡκουσεν
1407 1068 1589 1122 αὐτῶν
1606 1069 1635 1122 6
1654 1066 1880 1122 ἐπίσκο-

294 1186 407 1233 πος,
441 1168 536 1222 καὶ
557 1166 720 1222 έδαλε
760 1164 1048 1237 μετάνοιαν
1069 1162 1149 1234 τῷ
1170 1162 1409 1234 γέροντι,
1430 1161 1604 1230 λέγων
1621 1176 1634 1192 ·
1666 1156 1881 1230 Συγχώ-

294 1260 454 1334 ρησόν
484 1277 595 1331 μοι,
626 1257 791 1321 assa,
822 1256 904 1311 ὅτι
945 1253 1285 1328 ἀνθρώπινόν
1322 1270 1377 1306 τι
1404 1252 1766 1323 ἐλογισάμην·
1812 1250 1878 1305 σὺ

291 1350 341 1403 δὲ
364 1349 424 1402 τὸ
452 1347 548 1402 τοῦ
578 1345 716 1401 Θεοῦ
742 1344 1025 1417 ἐποίησας.
1055 1342 1166 1399 Kal
1191 1342 1339 1413 λέγει
1366 1342 1516 1415 αὐτῷ
1542 1344 1572 1396 6
1596 1340 1770 1405 666:1;
1791 1340 1881 1394 Σι-

294 1442 446 1513 σὸης’
487 1440 614 1493 Ἐὰν
648 1438 724 1512 μὴ
752 1440 781 1492 6
808 1437 941 1502 Θεὸς
972 1432 1172 1511 δοξάσῃ
1207 1435 1514 1505 ἄνθρωπον,
1550 1436 1585 1507 ἡ
1618 1433 1747 1502 δόξα
1768 1432 1881 1487 τῶν

292 1530 593 1604 ἀνθρώπων
626 1528 778 1583 οὐδέν
804 1531 973 1582 ἐστιν.

361 1630 434 1689 ις’
441 1665 455 1679 .
475 1621 791 1692 Παρέόαλόν
805 1637 949 1683 τινες
966 1620 1007 1651 ¹⁷
1026 1617 1164 1691 πρὸς
1181 1617 1272 1672 τὸν
1297 1615 1472 1671 ἀϐὄᾶν
1494 1615 1690 1687 Σισόην
1710 1615 1878 1670 ἀκοῦ-

293 1732 380 1769 σαι
406 1713 533 1784 παρ’
558 1710 722 1766 αὐτοῦ
745 1710 921 1780 λόγον,
950 1711 1040 1765 καὶ
1066 1709 1219 1763 οὐδὲν
1251 1709 1433 1772 αὐτοῖς
1453 1707 1684 1780 ὲλάλησε
1699 1720 1713 1736 ⁸
1736 1707 1877 1762 πάν-

1993 534 2119 577 eum
2146 534 2335 585 senex,
2364 516 2753 588 mandavitque
2782 516 2940 572 fratri
2971 537 2984 573 :
3018 516 3191 583 Vade,
3226 518 3297 573 da
3328 518 3459 576 illis.
3496 517 3571 577 Ut

1987 626 2118 683 ergo
2157 617 2566 682 conspexerunt
2614 610 2848 680 pultem,
2894 610 2971 666 ita
3003 610 3171 666 locuti
3218 620 3349 668 sunt
3387 613 3568 669 :Num

1995 702 2239 773 hospites
2278 701 2530 758 habetis?
2562 700 2701 757 Nam
2735 708 2791 758 et
2837 716 3003 758 senex
3043 703 3330 760 vobiscum
3375 719 3565 762 come-

1986 794 2105 849 dit?
2135 792 2438 865 Respondit
2475 791 2647 849 frater
2676 811 2689 848 :
2731 791 2929 849 Etiam.
2981 792 3253 860 Quocirca
3285 803 3572 867 cmperunt

1983 885 2168 959 aﬂligi,
2203 902 2269 942 ac
2308 886 2492 943 dicere
2525 885 2822 958 :lgnoscat
2850 885 3008 943 vobis
3067 885 3234 953 Deus,
3285 888 3433 958 quod
3480 904 3570 945 se-

1983 994 2106 1035 nem
2155 978 2397 1036 siveritis
2447 978 2610 1035 modo
2651 979 2836 1035 cibum
2885 994 3126 1036 sumere.
3165 978 3359 1036 Nonne
3390 982 3567 1047 scitis,

1982 1086 2079 1142 per
2104 1072 2306 1128 multos
2346 1072 2465 1130 dies
2508 1082 2912 1128 maceraturum
2947 1087 3073 1131 esse
3117 1074 3219 1131 se?
3246 1072 3398 1141 Quos
3442 1089 3567 1129 cum

1981 1163 2249 1222 audiisset
2278 1165 2597 1238 episcopus,
2633 1165 2920 1221 inclinavit
2948 1182 3009 1222 se
3060 1180 3249 1222 coram
3281 1182 3432 1231 sene,
3477 1166 3563 1222 in-

1981 1256 2179 1329 quiens
2209 1276 2222 1312 :
2256 1255 2485 1329 Ignosce
2528 1257 2685 1323 mihi,
2718 1256 2881 1321 abba,
2927 1258 3059 1329 quia
3093 1257 3394 1312 humanum
3436 1255 3570 1326 quid

1980 1349 2261 1418 reputavi;
2312 1354 2371 1402 tu
2423 1361 2552 1403 vero
2601 1347 2748 1417 quod
2791 1345 2885 1403 Dei
2929 1356 3015 1405 est
3060 1346 3263 1404 fecisti.
3319 1346 3460 1402 Tum
3514 1348 3569 1401 ei

1987 1438 2159 1494 abbas
2200 1438 2441 1495 Sisoesr:
2474 1437 2592 1494 Nisi
2645 1438 2786 1495 Deus
2830 1439 3219 1509 gloriﬁcavcrit
3261 1439 3562 1502 hominem,

1979 1527 2262 1584 hominum
2291 1528 2466 1599 gloria
2494 1528 2631 1582 nihil
2665 1536 2771 1584 est.

2054 1618 2139 1674 16.
2183 1618 2293 1690 (47)
2314 1616 2594 1675 Venerunt
2617 1618 2838 1690 quidam
2864 1617 2933 1672 ad
2963 1618 3215 1675 abbatem
3239 1618 3478 1685 Sisoem,
3507 1627 3571 1676 ut

1982 1712 2229 1768 audirent
2248 1712 2320 1767 ab
2340 1727 2406 1767 eo
2424 1728 2767 1779 sermonem;
2791 1728 2891 1777 nec
2909 1711 3209 1784 quidquam
3237 1713 3458 1769 locutus
3481 1720 3570 1768 est

292 1809 419 1859 τα¹⁸
451 1805 506 1859 δὲ
539 1804 722 1873 ἔλεγε·
767 1801 1171 1873 Συγχωρήσατέ
1213 1819 1326 1873 μοι.
1367 1801 1589 1863 Ἰδόντες
1628 1800 1686 1853 δὲ
1713 1796 1882 1853 αὑτοῦ

1998 1804 2071 1859 eis
2095 1847 2109 1872 ,
2144 1803 2240 1861 sed
2274 1822 2490 1877 semper
2519 1805 2699 1860 aiebat
2730 1823 2744 1860 :
2772 1805 3043 1875 Ignoscite
3070 1805 3226 1861 mihi.
3259 1804 3569 1861 Cernentes

291 1899 358 1952 τά
383 1897 661 1969 σπυρίδια,
695 1890 847 1949 εἷπον
879 1893 958 1965 τῷ
1007 1893 1224 1965 μαθητῇ
1262 1891 1429 1946 αὑτοῦ
1476 1891 1728 1963 Ἀϐραάμ
1754 1908 1767 1921 ·
1814 1890 1879 1944 Τί

293 1995 499 2046 ποιεῖτε
535 1990 605 2045 τὰ
639 1989 895 2060 σπυρίδια
922 1986 1131 2053 ταῦτα;
1172 1987 1232 2040 Ὀ
1258 1986 1316 2039 δὲ
1346 1981 1500 2040 εἶπεν
1521 2002 1535 2017 ’
1557 1980 1688 2038 Ὧδε
1722 1985 1884 2039 κάκεῖ

293 2084 654 2154 ἀναλίσκομεν
680 2081 838 2135 αὑτά.
899 2077 1162 2142 Ἀκούσας
1197 2077 1255 2132 δὲ
1296 2079 1325 2131 6
1356 2078 1558 2148 γέρων,
1588 2071 1740 2130 εἷπε·
1770 2076 1884 2132 Kal

292 2176 487 2249 Σισόης
514 2175 667 2230 ἐνθεν
695 2172 952 2229 κάκεῖθεν
978 2170 1171 2226 ἐσθίει.
1193 2170 1259 2224 Ol
1289 2169 1346 2222 δὲ
1371 2169 1724 2237 ἀκούσαντες,
1743 2169 1884 2223 πάνυ

290 2267 656 2338 ὠφελήθησαν
673 2280 689 2295 ·
714 2264 810 2319 καὶ⁸
836 2262 1081 2334 ἀπῆλθον
1114 2262 1252 2332 μετά
1276 2262 1472 2333 χαρᾶς,
1502 2258 1886 2332 οἰκοδομηθέν-

290 2377 382 2424 τες
405 2361 488 2423 εἰς
516 2358 620 2430 τὴν
652 2354 983 2411 ταπείνωσιν
1012 2350 1199 2407 αὐτοῦ.

366 2540 453 2602 ιζ’.
494 2534 810 2608 Ἦρώτησεν
840 2534 869 2586 6
903 2531 1076 2595 άὸϐᾶς
1108 2528 1335 2603 ’Λμμὼν
1359 2530 1388 2583 6
1417 2529 1517 2600 τῆς
1549 2526 1768 2582 Ῥαῖθοῢ
1795 2525 1888 2580 τὸν

293 2630 471 2686 ἁὸὅᾶν
508 2628 738 2699 Σισὸηνο
807 2626 976 2679 Ὅταν
1022 2622 1385 2694 ἀναγινώσκω
1422 2620 1667 2693 Γραφὴν,
1694 2618 1838 2673 θέλει
1861 2619 1891 2672 6

293 2721 558 2794 λογισμός
594 2737 694 2793 μου
720 2717 1078 2790 φιλοκαλῆσαι
1110 2714 1289 2785 λόγον,
1322 2714 1409 2769 ἵνα
1438 2713 1548 2786 ἔχω
1574 2713 1656 2777 εἰς
1677 2708 1890 2782 ἐπερώ-

295 2833 469 2887 τημα.
511 2813 676 2883 Λέγει
717 2812 867 2885 αύτῷ
903 2814 932 2866 6
974 2810 1155 2883 γέρων
1177 2824 1192 2840 ο
1242 2809 1359 2862 Οὐκ
1384 2806 1501 2861 ἐστι
1526 2806 1689 2879 χρεία
1712 2822 1728 2838 ⁸
1754 2803 1890 2860 ἀλλὰ

298 2906 506 2978 μᾶλλον
539 2906 605 2958 ὲκ
630 2904 732 2974 τῆς
762 2902 1140 2973 καθαρότητος
1171 2898 1265 2953 τοῦ
1290 2898 1412 2962 νοὸς
1444 2897 1646 2969 κτῆσαι
1676 2894 1891 2968 σεαυτῷ

296 3006 392 3058 καὶ
419 3000 483 3054 τὸ
514 3000 842 3071 ἀμεριμνεῖν
875 2996 1052 3052 καὶτὸ
1080 2995 1286 3065 λέγειν.

374 3100 468 3165 ιη’.
521 3089 807 3163 Παρέόαλέ
836 3106 967 3143 ποτε
996 3086 1261 3159 κοσμικὸς
1300 3085 1439 3157 ἔχων
1468 3085 1561 3140 τὸν
1586 3084 1702 3138 υίδν
1726 3083 1890 3138 αὐτοῦ

300 3191 439 3258 πρὸς
486 3185 583 3239 τὸν
627 3182 804 3237 ἀϐὁᾶν
845 3181 1061 3252 Σισόην,
1100 3182 1181 3244 είς
1207 3178 1269 3232 τὸ
1301 3179 1427 3251 ὅρος
1459 3177 1555 3232 τοῦ
1588 3177 1734 3233 ἀϐϐἄ
1770 3179 1891 3231 ’Λν-

294 3278 497 3334 τωνίου
513 3293 529 3308 ’
564 3277 661 3332 καὶ
688 3276 827 3331 κατὰ
855 3276 955 3348 τὴν
981 3275 1101 3328 ὁδὸν
1127 3271 1326 3344 συνέϐη
1344 3271 1636 3326 ἀποθανεῖν
1663 3273 1756 3326 τὸν
1778 3270 1892 3324 υίὺν

302 3371 473 3426 αὑτοῦ
493 3386 507 3399 ⁸
546 3370 642 3424 καὶ
667 3368 766 3423 οὒκ
792 3365 1091 3440 ἐταράχθη,
1116 3364 1229 3419 ἀλλ’
1252 3363 1442 3419 ἔλαϐεν
1465 3363 1628 3417 αὐτὸν
1648 3362 1785 3435 πρὸς
1801 3362 1893 3415 τὸν

300 3465 538 3535 γέροντα
565 3460 770 3523 πίστει,
802 3459 894 3512 καὶ
923 3457 1229 3523 προσέπεσε
1262 3454 1398 3527 μετὰ
1423 3452 1518 3507 τοῦ
1546 3451 1663 3506 υἱοῦ
1693 3452 1769 3516 ὡς
1800 3468 1896 3524 με·

298 3557 523 3610 τάνοιαν
552 3551 742 3617 ποιῶν,
765 3549 908 3604 ὥστε
929 3548 1292 3619 εὐλογηθῖψαι
1318 3545 1472 3617 παρὰ
1494 3542 1589 3598 τοῦ
1619 3542 1890 3616 γέροντος.

297 3650 416 3703 Kal
443 3645 684 3711 ἀναστὰς
717 3646 745 3698 6
773 3644 956 3716 πατὴρ
986 3641 1242 3697 κατέλιπε
1268 3641 1328 3693 τὸ
1360 3638 1568 3693 παιδίον
1606 3636 1742 3707 πρὸς
1770 3635 1897 3698 τοὺς

300 3740 475 3803 πόδας
499 3737 596 3791 τοῦ
619 3737 895 3808 γέροντος,
929 3734 1024 3788 καὶ
1045 3731 1267 3804 ἐξῆλθεν
1294 3730 1399 3797 ἔξω
1421 3730 1485 3783 ".
1519 3729 1580 3782 Ὀ
1606 3727 1665 3780 δὲ
1693 3726 1892 3798 γέρων,

299 3827 545 3900 νομίζων
584 3827 667 3880 ὅτι
723 3825 1011 3897 μετάνοιαν
1062 3820 1215 3892 αύτῷ
1268 3818 1472 3890 βάλλει.
1527 3815 1677 3886 λέγει
1710 3812 1891 3885 αὐτῷ’

314 3922 579 3985 ’Δνάστα,
616 3918 797 3984 ἔξελθε
822 3916 928 3984 ἔξω
949 3933 963 3948 ο
1007 3915 1070 3969 ού
1098 3913 1208 3985 γὰρ
1236 3912 1354 3984 ᾔδει
1387 3911 1470 3964 ὃτι
1499 3908 1755 3963 ἀπέθανε.
1785 3907 1898 3962 Kal

298 4012 679 4085 ιιιςαριαχρῆμιας⁴
696 4008 898 4080 ἀνέστη
926 4006 1022 4062 καὶ
1069 4004 1284 4077 ἐξῆλθε.
1343 4002 1455 4057 Kal
1505 3999 1628 4055 ἰδὼν
1670 3999 1832 4054 αὐτὸν
1866 3999 1897 4051 6

301 4106 493 4178 πατὴρ
524 4102 711 4168 αὑτοῦ,
730 4101 921 4172 ἐξέστη
938 4116 954 4131 ·
998 4099 1092 4154 καὶ
1119 4094 1375 4151 εἰσελθὼν
1415 4090 1791 4166 προσεκύνησε
1816 4091 1898 4161 τῷ

300 4201 529 4272 γέροντι
554 4236 570 4264 ,
605 4195 699 4249 καὶ
729 4189 1050 4264 ἀνήγγειλεν
1075 4187 1223 4260 αὐτῷ
1241 4186 1302 4241 τὸ
1339 4186 1592 4258 πρᾶγμα.
1633 4180 1897 4246 Ἀκούσας

299 4292 363 4346 δὲ
390 4292 421 4344 6
446 4288 650 4360 γέρων,
684 4284 928 4355 ἐλυπήθη
948 4300 963 4313 ο
999 4282 1061 4336 οὐ
1095 4281 1205 4352 γὰρ
1238 4277 1396 4349 ἤθελε
1429 4276 1588 4331 τοῦτο
1620 4273 1895 4346 γενέσθαι.

190 4444 195 4445 ί
302 4377 659 4455 Παρήγγειλε
683 4377 740 4431 δὲ
767 4374 916 4446 αὐτῷ
941 4376 970 4428 ὁ
1000 4372 1245 4445 μαθητὴς
1271 4368 1458 4436 αὑτοῦ,
1493 4367 1680 4440 μηδενὶ
1703 4366 1897 4430 εἰπεῖν,

302 4475 416 4537 ἕως
441 4473 544 4544 τῆς
573 4468 831 4539 τελευτῆς
854 4467 951 4522 τοῦ
985 4465 1257 4537 γέροντος.

380 4561 471 4615 ιϐ’.
507 4560 670 4631 Τρεῖς
712 4556 965 4628 γέροντες
1019 4552 1328 4626 παρέϐαλον
1380 4550 1458 4622 τῷ
1513 4549 1659 4622 ἀίδᾷ
1709 4548 1895 4620 Σισ⁶ῖ¹’

298 4652 645 4714 ἀκούσαντες
669 4648 738 4704 τὰ
760 4647 887 4720 περὶ
906 4646 1091 4702 αὐτοῦ.
1117 4643 1230 4699 Kal
1255 4642 1406 4712 λέγει
1437 4640 1588 4713 αύτῷ
1606 4643 1637 4695 6
1655 4639 1893 4711 πρῶτος·

300 4745 516 4816 Πάτερ,
548 4742 665 4805 πῶς
689 4740 924 4812 δύναμαι
958 4736 1198 4808 σωθῆναι
1219 4735 1329 4789 ἀπὸ
1348 4733 1442 4788 τοῦ
1472 4731 1697 4804 πυρίνου
1729 4746 1897 4785 ποτα-

300 4835 455 4908 μοῦς
507 4834 567 4886 '0
594 4833 651 4886 δὲ
679 4833 781 4885 οὐκ
812 4828 1084 4901 ἀπεκρίθη
1123 4827 1295 4897 αὐτῷ.
1351 4825 1514 4894 Λέγει
1547 4822 1696 4893 αὐτῷ
1717 4822 1747 4874 6
1774 4821 1896 4876 δεύ-

294 4941 468 4997 τερος
491 4940 507 4954 '
547 4922 752 4991 Πάτερ,
788 4919 905 4982 πῶς
931 4917 1167 4987 δύναμαι
1203 4914 1439 4987 σωθῆναι
1475 4912 1582 4967 ἀπὸ
1621 4910 1716 4965 τοῦ
1762 4910 1896 4982 βρυ-

298 5015 454 5088 γμοῦ
482 5013 594 5068 τῶν
620 5013 868 5076 ὀδόντων,
895 5010 991 5064 καὶ
1018 5011 1082 5062 ἐκ
1113 5006 1205 5061 τοῦ
1230 5005 1514 5076 σκώληκος
1538 5003 1633 5057 τοῦ
1664 5002 1901 5074 ἀκοιμή-

293 5128 435 5178 του;
469 5110 634 5178 Λέγει
662 5108 810 5179 αὐτῷ
840 5109 869 5161 6
900 5106 1083 5179 τρίτος
1103 5121 1117 5135 ·
1153 5104 1357 5175 Πάτερ,
1397 5100 1449 5156 τί
1482 5101 1716 5172 ποιήσω,
1750 5100 1833 5153 ὅτι
1861 5102 1895 5171 ἡ

300 5205 505 5275 μνήμη
534 5200 628 5255 τοῦ
661 5200 926 5272 ὲξωτέρου
976 5198 1203 5261 σκότους
1235 5194 1449 5262 φονεύει
1483 5210 1582 5265 με;
1646 5194 1898 5264 Ἀποκρι-

300 5296 427 5348 θεὶς
467 5295 523 5349 δὲ
553 5297 583 5346 6
607 5294 786 5366 γέρων
828 5288 980 5346 εἷπεν
1010 5292 1221 5354 αὐτοῖς·
1268 5288 1411 5357 Ἐγὼ
1452 5286 1667 5351 οὐδενὸς
1694 5285 1900 5340 τούτων

304 5385 635 5457 μέμνημαι*
686 5382 1153 5454 φιλεύσπλαγχνος
1191 5379 1299 5452 γὰρ
1346 5378 1423 5433 ὢν
1455 5379 1484 5431 6
1511 5378 1662 5442 Θεὸς,
1692 5376 1900 5441 ἐλπίζω

383 5541 432 5573 ⁸⁸
455 5539 543 5593 Al.
570 5538 746 5607 ἔχετε.

382 5693 498 5763 (ιτ)
552 5691 658 5763 vn.
703 5692 858 5763 pair.
895 5706 984 5754 xv,
1016 5688 1108 5763 te.

380 5758 500 5839 (ιε)
549 5762 662 5820 νει.
692 5761 851 5818 Patr.
882 5775 1007 5827 vm,
1034 5758 1118 5815 16.

1985 1904 2164 1951 autem
2229 1897 2504 1968 sportulas
2566 1896 2719 1967 ejus,
2775 1896 3037 1951 dixerunt
3090 1896 3237 1953 illius
3297 1897 3571 1969 discipulo

1983 1987 2297 2044 Abrahamo
2325 2008 2338 2043 :
2368 1986 2511 2055 Quid
2544 1987 2725 2043 facitis
2754 1987 2822 2043 de
2871 1988 3141 2058 sportulis
3173 1989 3297 2044 his?
3322 1987 3572 2060 Respon-

1984 2080 2065 2136 dit
2093 2100 2108 2137 :
2137 2080 2257 2136 Huc
2281 2088 2335 2136 et
2369 2081 2501 2137 illuc
2543 2080 2915 2152 impendimus
2946 2095 3062 2138 cas.
3102 2080 3223 2148 Quo
3260 2082 3449 2138 audito
3480 2097 3574 2138 se-

1985 2187 2089 2229 nex
2130 2171 2245 2226 ait:
2277 2169 2453 2226 Etiam
2480 2171 2669 2228 Sisoes
2699 2173 2831 2227 hinc
2879 2181 2935 2228 et
2972 2172 3099 2228 inde
3139 2172 3458 2229 manducat.
3490 2172 3574 2228 Illi

1985 2279 2115 2321 vero
2143 2264 2450 2333 audientes,
2492 2265 2724 2320 multum
2749 2265 2948 2320 animae
2980 2265 3200 2321 lucrum
3232 2265 3449 2332 fecere;
3487 2275 3576 2320 at-

1986 2371 2095 2429 que
2134 2357 2383 2414 abierunt
2418 2371 2543 2413 cum
2587 2356 2810 2429 gaudio,
2846 2355 3100 2415 aedificati
3156 2356 3213 2412 in
3260 2356 3576 2414 humilitate

1989 2449 2183 2522 ipsius.

2063 2540 2150 2595 l7.
2193 2539 2309 2613 (68)
2328 2538 2657 2597 Sciscitatus
2686 2547 2773 2597 est
2799 2539 2972 2598 abbas
3002 2541 3240 2597 Ammon
3271 2540 3579 2596 llhaithcn-

1991 2632 2069 2690 sis
2109 2631 2359 2688 abbatem
2391 2632 2602 2688 Sisoem
2635 2652 2649 2688 :
2679 2633 2912 2701 Quando
2938 2634 3062 2704 lego
3107 2633 3451 2704 Scripturam
3489 2649 3579 2690 sa-

1991 2735 2166 2788 cram,
2187 2722 2305 2777 vult
2331 2722 2548 2780 animus
2576 2738 2849 2794 apparare
2876 2739 3207 2792 sermonem,
3235 2732 3295 2780 ut
3319 2725 3575 2791 habeam,

1992 2815 2060 2870 ad
2094 2815 2607 2886 interrogationem.
2633 2815 2724 2870 Ait
2762 2815 2840 2870 illi
2874 2830 3041 2872 senex
3076 2834 3091 2873 :
3125 2815 3243 2872 Non
3274 2825 3360 2873 est
3395 2832 3580 2888 operae

1993 2903 2228 2975 pretium
2257 2923 2272 2959 :
2306 2903 2404 2960 sed
2435 2906 2621 2976 potius
2647 2919 2677 2961 e
2708 2906 2946 2977 puritate
2984 2907 3189 2962 mentis
3215 2908 3440 2978 acquirc
3471 2906 3574 2962 tibi

1995 3003 2112 3049 tum
2140 2994 2511 3052 sollicitudine
2538 3011 2750 3063 carere,
2781 3004 2895 3052 tum
2927 2998 3102 3069 loqui.

2066 3088 2154 3144 18.
2200 3087 2312 3160 (49)
2344 3087 2594 3145 Accessit
2639 3089 2935 3161 aliquando
2966 3091 3152 3147 saeculi
3194 3092 3278 3146 vir
3309 3106 3435 3147 cum
3470 3091 3584 3147 ﬁlio

1999 3195 2100 3236 suo
2126 3179 2194 3235 ad
2224 3180 2478 3237 abbatem
2508 3180 2747 3247 Sisoem,
2787 3182 2843 3238 in
2883 3190 3127 3238 montem
3172 3183 3388 3239 abbatis
3416 3184 3584 3239 Anto-

2001 3270 2113 3337 nii;
2141 3279 2305 3342 atque
2336 3272 2391 3327 in
2417 3270 2507 3326 via
2529 3272 2763 3344 contigit
2788 3274 2929 3329 mori
2960 3273 3170 3339 ﬁlium;
3199 3288 3301 3330 nec
3329 3276 3583 3331 turbatus

2000 3369 2086 3418 est
2117 3372 2300 3433 pater,
2331 3362 2429 3419 sed
2462 3362 2587 3419 fidei
2614 3364 2809 3434 plenus
2837 3365 3080 3436 portavit
3108 3381 3232 3422 eum
3267 3364 3336 3421 ad
3366 3380 3582 3423 senem.

2003 3452 2220 3509 Etcum
2272 3455 2384 3511 filio
2422 3458 2723 3527 prostravit
2770 3474 2852 3525 se,
2899 3458 3061 3529 quasi
3099 3458 3384 3515 humiliter
3430 3459 3584 3516 salu-

2003 3553 2152 3612 tans,
2180 3546 2246 3602 ad
2275 3547 2652 3619 accipiendam
2676 3563 2707 3603 a
2736 3565 2868 3605 sene
2889 3549 3350 3606 benedictionem.
3377 3548 3587 3605 Deinde

2002 3653 2254 3710 surgens,
2283 3639 2506 3710 reliquit
2534 3656 2764 3711 puerum
2792 3640 2861 3696 ad
2899 3642 3066 3712 pedes
3104 3641 3278 3705 senis,
3307 3656 3371 3695 ac
3401 3656 3587 3713 egres-

2003 3748 2099 3788 sus
2126 3741 2229 3788 est.
2255 3733 2327 3787 At
2351 3748 2542 3800 senex,
2571 3735 2666 3804 qui
2702 3734 3054 3790 existimabat
3087 3734 3236 3804 quod
3268 3732 3335 3788 ad
3373 3737 3587 3791 saluta-

2003 3822 2208 3878 tionem
2242 3830 2620 3893 prosterneret
2651 3839 2732 3889 se,
2764 3823 2838 3877 ait
2867 3823 2945 3877 illi
2980 3821 3218 3895 :Surge,
3261 3823 3346 3879 exi
3374 3838 3441 3878 ex
3479 3823 3586 3879 hoc

2005 3913 2165 3979 loco;
2197 3913 2481 3970 nesciebat
2504 3915 2651 3971 enim
2683 3925 2961 3969 mortuum
3006 3930 3150 3970 esse.
3194 3914 3259 3968 Et
3286 3914 3583 3971 confestim

2005 4006 2265 4069 surrexit,
2318 4013 2485 4076 atque
2509 4005 2666 4061 abiit.
2704 4005 2876 4071 Quem
2911 4019 3146 4060 cernens
3177 4012 3352 4075 pater,
3391 4005 3587 4061 obstu-

2004 4094 2121 4165 puit
2152 4114 2165 4150 :
2199 4095 2429 4167 proinde
2468 4096 2707 4159 intrans,
2753 4110 2878 4149 cum
2928 4096 3281 4151 veneratione
3323 4096 3587 4153 salutavit

2005 4201 2213 4252 senem,
2245 4201 2471 4257 remque
2513 4186 2564 4242 ei
2609 4185 2903 4241 nuntiavit.
2941 4184 3118 4243 Senex
3165 4202 3297 4243 vero
3330 4186 3584 4254 audiens,

2005 4278 2231 4335 tristitia
2269 4276 2499 4335 all‘ectus
2540 4285 2659 4346 est;
2695 4292 2804 4333 non
2851 4278 2999 4334 enim
3044 4278 3314 4335 voluisset
3335 4277 3388 4333 id
3434 4280 3586 4335 acci-

2005 4368 2171 4425 disse.
2206 4368 2559 4425 Denuntiavit
2597 4376 2781 4424 autem
2812 4366 3023 4424 homini
3054 4368 3365 4442 discipulus
3387 4367 3584 4434 Sisois,
3671 4391 3674 4394 ’

2006 4476 2075 4516 ne
2096 4463 2353 4531 cuiquam
2380 4460 2608 4527 diceret,
2635 4477 2811 4533 usque
2835 4461 2903 4518 ad
2928 4469 3160 4519 mortem
3194 4463 3367 4520 senis.

2074 4551 2163 4606 l9.
2203 4551 2339 4610 Tres
2366 4568 2530 4611 senes
2558 4555 2812 4612 adierunt
2832 4556 3084 4623 abbatem
3113 4555 3350 4623 Sisoem,
3380 4556 3584 4611 auditis

2003 4656 2124 4712 qua:
2162 4640 2230 4696 ad
2263 4656 2387 4697 eum
2418 4644 2785 4714 pertinebant.
2824 4643 2889 4698 Et
2916 4645 2994 4699 ait
3020 4645 3097 4699 illi
3125 4645 3374 4715 primus:
3400 4643 3581 4711 Pater,

2000 4746 2111 4802 quo
2156 4732 2319 4788 modo
2372 4748 2598 4804 possum
2646 4735 2878 4792 evadere
2928 4737 3145 4807 igneum
3198 4735 3444 4794 flumen?
3489 4737 3587 4817 [Ile

2000 4837 2132 4879 vero
2178 4839 2290 4879 non
2354 4825 2659 4895 respondit.
2720 4824 2862 4883 Dicit
2907 4827 2959 4881 ei
3005 4828 3284 4884 secundus
3336 4846 3350 4882 :
3401 4828 3583 4895 Pater,

1998 4930 2109 4985 qua
2149 4915 2362 4971 ratione
2393 4912 2633 4988 eﬂugere
2675 4924 2870 4988 potero
2916 4918 3207 4975 stridorem
3247 4919 3492 4975 dentium
3531 4931 3587 4977 et

1999 5022 2241 5063 vermem
2275 5007 2369 5078 qui
2416 5023 2693 5078 nunquam
2737 5007 2975 5063 dormit?
3003 5007 3220 5065 Tertius
3260 5008 3467 5081 pariter
3496 5009 3582 5063 in-

2003 5104 2246 5170 terrogat
2273 5117 2287 5153 :
2311 5098 2493 5166 Pater,
2517 5099 2650 5171 quid
2683 5098 2923 5156 faciam?
2953 5101 3218 5157 memoria
3250 5100 3584 5157 exteriorum

2003 5192 2353 5248 tenebrarum
2402 5203 2596 5249 enecat
2640 5208 2746 5249 me.
2787 5191 3149 5265 Respondens
3195 5204 3374 5251 autem
3417 5210 3585 5251 senex

2004 5284 2142 5340 dixit
2168 5286 2251 5342 eis
2282 5305 2295 5341 :
2331 5284 2442 5357 Ego
2471 5285 2666 5341 horum
2698 5286 2905 5341 nullius
2938 5286 3221 5342 recordor.
3256 5286 3393 5341 Cum
3429 5288 3578 5343 enim

2006 5375 2151 5432 Deus
2193 5378 2509 5434 misericors
2559 5379 2652 5443 sit,
2685 5392 2846 5449 spero
2874 5378 3018 5449 quod
3065 5392 3282 5437 mecum
3335 5377 3586 5435 facturus

825 5535 869 5568 "
905 5536 991 5591 Al.
1022 5536 1128 5590 ins.
1171 5534 1343 5589 ἄλλοι.
1424 5535 1465 5567 ⁸⁸
1490 5533 1575 5587 AI.
1614 5532 1869 5588 πάντοτε.
1949 5534 1993 5567 ¹⁹
2028 5532 2112 5589 ΑΙ.
2149 5534 2244 5588 τοῦ
2278 5534 2515 5591 κελλίου.

2076 5684 2187 5751 (49)
2231 5684 2336 5741 ι’ίι.
2366 5684 2522 5742 Patr.
2561 5703 2622 5754 ιι,
2664 5672 2772 5744 is.‘
