4032 6338
431 375 537 432 599i

1535 368 1879 426 APPENDIX
1925 368 2015 423 AD
2058 363 2484 423 PALLADIUM.

3599 378 3702 433 4οθ

431 494 505 548 sit
534 485 988 546 misericordiam.
1021 485 1098 542 Eo
1121 485 1310 541 audito
1335 500 1609 554 sermone,
1642 499 1804 540 senes
1826 483 2014 538 tristes

2121 484 2198 538 ὅτι
2239 487 2384 540 ποιεῖ
2418 483 2533 554 μετ’
2563 481 2698 553 ἐμοῦ
2725 481 2893 546 ἕλεος.
2940 482 3301 547 Ἀκούσαντες
3343 484 3399 538 δὲ
3434 487 3705 559 τὸνλόγον

433 584 707 639 abierunt.
757 578 959 636 Nolens
1009 585 1188 633 autem
1239 592 1404 633 senex
1450 577 1631 632 sinere
1683 576 1835 646 ipsos
1881 588 2008 628 cum

434 675 659 730 tristitia
680 671 980 736 discedere,
1008 669 1208 725 reverti
1234 667 1382 734 fecit,
1408 677 1462 724 ct
1485 667 1624 723 dixit
1645 686 1658 723 :
1680 666 1832 723 Beati
1853 665 2006 729 estis,

437 768 665 833 fratres;
719 774 882 833 atque
931 760 1091 817 vobis
1143 759 1315 815 invidi
1371 758 1691 815 felicitatem
1750 763 2007 812 vestram.

435 858 654 914 Primus
685 860 829 913 enim
857 863 1100 911 vestrum
1131 854 1347 909 locutus
1377 860 1463 908 est
1493 851 1563 907 de
1582 850 1741 921 igneo
1762 847 2007 911 ﬂumine,

434 953 708 1009 secundus
741 950 810 1005 de
856 947 1107 1015 Tartaro,
1140 947 1337 1003 tertius
1373 946 1441 1002 de
1481 944 1744 1001 tenebris.
1782 942 1841 997 Si
1879 954 2011 1011 ergo

437 1059 594 1101 ruens
628 1050 810 1099 vestra
858 1039 1259 1097 recordationis
1287 1035 1605 1109 huiusmodi
1646 1040 1793 1091 tenet
1834 1033 2013 1088 domi-

435 1137 618 1199 nium,
664 1133 779 1189 fieri
828 1131 1017 1202 nequit
1047 1138 1107 1184 ut
1145 1128 1401 1199 peccetis.
1438 1126 1580 1194 Quid
1610 1140 1745 1183 vero
1784 1131 2011 1179 acturus

437 1244 557 1285 sum
587 1241 710 1297 ego,
738 1226 860 1282 duri
892 1224 1078 1279 cordis
1102 1223 1288 1284 homo.
1314 1223 1403 1276 cui
1428 1236 1541 1275 non
1566 1226 1652 1275 cst
1680 1229 2009 1274 concessum

437 1323 581 1379 scire
611 1320 759 1393 quod
792 1320 877 1375 vel
909 1325 1124 1372 maneat
1168 1316 1415 1371 homines
1450 1312 1784 1384 supplicium
1818 1328 1833 1364 :
1867 1307 2012 1364 unde

438 1415 667 1487 singulis
694 1415 846 1470 horis
874 1411 1075 1484 pecco?
1106 1409 1263 1463 Tunc
1291 1407 1389 1471 illi,
1415 1407 1575 1461 venia
1608 1405 1681 1459 ab
1702 1420 1770 1460 eo
1802 1400 2011 1470 suppli-

437 1509 575 1563 citer
620 1506 809 1577 petita,
862 1502 1095 1574 professi
1133 1508 1307 1557 sunt:
1349 1499 1502 1553 Sicut
1544 1496 1894 1557 audivimus,
1936 1493 2012 1546 ita

436 1601 597 1655 ctiam
633 1599 890 1654 vidimus.

506 1692 601 1746 20.
640 1687 950 1745 Percontati
984 1693 1112 1741 sunt
1152 1681 1401 1739 nonnulli
1445 1696 1510 1736 es
1560 1680 1760 1735 abbate
1799 1676 1957 1734 Sisoe
1995 1696 2007 1731 :

439 1783 499 1840 Si
536 1785 723 1854 lapsus
750 1780 911 1836 fuerit
937 1780 1122 1845 frater,
1154 1790 1336 1832 nonne
1363 1774 1524 1830 debet
1555 1773 1623 1829 ad
1651 1787 1858 1827 annum
1889 1785 2014 1842 pm-

2119 573 2312 628 τοῦτον
2335 575 2383 629 oi
2405 575 2658 647 γέροντες
2673 574 2911 646 ἀπῆλθον
2934 575 3284 646 λυπούμενοι.
3304 578 3393 649 Μὴ
3409 578 3579 634 θέλων
3598 581 3653 634 δὲ
3675 583 3705 635 6

2118 664 2468 737 γέρωνὲᾶσαι
2504 667 2701 730 αὐτοὺς
2738 667 3111 738 λυπουμένους
3145 669 3419 735 ἀπελθεῖν,
3448 672 3708 745 ὑποστρέ-

2116 756 2226 827 ψας
2255 758 2440 821 αὐτοῖς
2472 753 2626 811 εἴπεο
2677 759 2953 829 Μακάριοί
2983 760 3126 825 ἐστε,
3155 760 3407 831 ἀδελφοί·
3458 763 3703 836 ἐζήλωσα

2116 848 2226 919 γὰρ
2254 848 2416 916 ὑμᾶς.
2469 849 2527 901 '0
2556 850 2775 922 πρῶτος
2804 850 2910 921 γὰρ
2938 851 3093 922 ὑμῶν
3125 848 3247 905 εἷπε
3274 854 3402 924 περὶ
3422 854 3517 908 τοῦ
3543 856 3695 926 πυρί-

2119 954 2212 992 νου
2234 939 2500 1009 ποταμοῦ.
2528 939 2620 994 καὶ
2656 942 2684 994 6
2706 939 2960 1012 δεύτερος
2989 943 3119 1014 περὶ
3141 942 3235 996 τοῦ
3260 943 3567 1016 Ταρτάρου,
3611 947 3704 1000 καὶ

2118 1030 2150 1083 6
2175 1029 2355 1101 τρίτος
2385 1032 2513 1103 περὶ
2548 1031 2641 1084 τοῦ
2671 1032 2914 1096 σκότους.
2975 1035 3036 1086 Ei
3068 1030 3162 1088 οὖν
3193 1036 3447 1107 τοιαύτης
3484 1038 3704 1109 μνήμης

2119 1120 2362 1191 κυριεύει
2386 1122 2415 1174 ὁ
2441 1119 2566 1184 νοῦς
2592 1121 2765 1192 ὑμῶν,
2793 1123 3058 1177 ἀδύνατον
3091 1126 3235 1196 ὑμᾶς
3269 1127 3608 1197 ἀμαρτῆσαι.
3639 1129 3703 1181 Τί

2119 1209 2176 1262 δὲ
2215 1211 2429 1282 ποιήσω
2464 1210 2576 1279 ἐγὼ
2611 1213 2645 1264 6
2669 1212 3112 1284 σκληροκαρδιος,
3149 1217 3222 1286 μὴ
3254 1210 3705 1290 συγχωρούμενοέ

2121 1301 2320 1355 εἰδέναι
2350 1303 2431 1356 ὅτι
2458 1303 2560 1357 κᾶν
2592 1304 2707 1356 ἐστι
2734 1304 2957 1369 κόλασις
2988 1309 3102 1369 τοῖς
3143 1307 3452 1381 ἀνθρώποις
3474 1326 3489 1340 ·
3519 1309 3613 1362 καὶ
3643 1312 3705 1363 ἐκ

2119 1393 2333 1458 τούτου,
2357 1396 2414 1447 ὲν
2448 1396 2596 1468 πάσῃ
2616 1394 2734 1468 ὥρᾳ
2765 1397 3093 1469 ἁμαρτάνω;
3125 1399 3235 1452 Καὶ
3275 1402 3704 1472 μετανοήσαντες

2125 1483 2277 1555 αὐτῷ
2294 1480 2445 1539 εἷπον
2464 1504 2476 1516 ·
2518 1486 2785 1558 Καθάπερ
2804 1489 3010 1558 ὴκούσα
3019 1507 3140 1560 μεν,
3166 1490 3338 1554 οὕτως
3355 1492 3448 1545 καὶ
3470 1492 3705 1563 εἴδομεν.

2193 1659 2264 1714 κ’.
2310 1659 2630 1731 Ἥρὼτησάν
2657 1678 2805 1725 τινες
2831 1661 2923 1716 τὸν
2948 1662 3125 1718 ἀϐϐἄν
3165 1666 3380 1738 Σισόην,
3421 1668 3705 1737 λέγοντες’

2135 1751 2263 1807 Ἐὰν
2293 1751 2436 1824 πέσῃ
2458 1751 2708 1822 ἁδελφὸς,
2733 1754 2797 1806 οὐ
2817 1754 3007 1825 χρείαν
3028 1755 3141 1826 ἔχει
3171 1760 3500 1831 μετανοῆσαι
3529 1763 3705 1817 ὲνιαυο

440 1875 723 1931 nitentiam
767 1870 961 1944 agere?
989 1868 1289 1939 Respondit
1322 1886 1334 1921 :
1367 1864 1577 1920 Durum
1624 1871 1709 1919 est
1738 1863 1842 1920 hoc
1886 1876 2011 1919 ver-

2121 1842 2240 1909 τὸν;
2268 1841 2327 1896 '0
2359 1842 2416 1896 δὲ
2440 1838 2589 1897 εἷπε·
2622 1844 2870 1917 Σκληρόν
2895 1847 3012 1899 ἔστι
3043 1847 3103 1901 τὸ
3125 1850 3297 1920 ῥῆμα.
3333 1850 3399 1905 Οἱ
3426 1851 3481 1904 δέ
3512 1870 3703 1923 φασινυ

440 1968 589 2021 hum.
622 1965 792 2019 Ainnt
832 1981 846 2018 :
880 1960 1079 2016 Verum
1115 1974 1211 2015 sex
1258 1954 1512 2012 menses?
1544 1953 1744 2009 lterum
1790 1965 2018 2021 respon-

436 2057 519 2111 dit
549 2075 561 2111 :
598 2056 825 2109 Multum
851 2058 954 2106 est.
988 2048 1275 2119 Excipiunt
1301 2064 1314 2101 :
1349 2045 1533 2115 Usque
1557 2045 1625 2099 ad
1655 2043 2015 2114 quadraginta

441 2148 597 2203 dies?
627 2146 719 2199 Ait
752 2144 929 2198 adhuc
962 2160 974 2193 :
1007 2141 1233 2194 Multum
1278 2146 1381 2194 est.
1422 2138 1500 2191 illi
1535 2159 1548 2192 ;
1581 2136 1722 2202 Quid
1751 2136 1922 2205 ergo?
1958 2133 2019 2189 Si

438 2233 728 2304 prolapsus
755 2229 917 2284 fuerit
954 2227 1144 2290 frater,
1177 2234 1233 2280 et
1268 2223 1454 2279 statim
1486 2237 1657 2293 agape
1687 2221 2015 2286 celebretur,

438 2330 629 2394 ipsene
659 2322 838 2378 veniet
871 2319 938 2374 ad
968 2317 1214 2389 agapen?
1245 2316 1386 2371 Dicit
1419 2316 1525 2371 illis
1557 2329 1725 2370 senex
1751 2331 1765 2368 :
1796 2310 2015 2381 Nequa-

440 2431 641 2486 quam;
670 2413 763 2470 sed
794 2410 1108 2468 necessaria
1136 2415 1220 2465 est
1252 2421 1551 2479 paucorum
1593 2405 1805 2460 dierum
1834 2402 2017 2475 poeni-

438 2508 624 2564 tentia.
654 2506 880 2561 Conﬁdo
909 2504 1053 2558 enim
1094 2501 1151 2555 in
1183 2502 1373 2564 Deum,
1417 2497 1563 2569 quod
1598 2497 1646 2553 si
1679 2496 1726 2552 is
1752 2496 1918 2550 homo
1947 2508 2015 2549 ex

438 2610 553 2658 tota
576 2600 759 2655 anima
787 2597 961 2669 egerit
999 2591 1380 2666 paenitentiam
1405 2628 1420 2655 ,
1454 2588 1538 2645 vel
1572 2588 1719 2644 intra
1754 2594 1869 2641 tres
1895 2584 2015 2640 dies

436 2694 592 2749 illum
612 2698 644 2748 a
662 2690 961 2747 lmissurus
986 2690 1058 2744 sit
1084 2685 1244 2741 Deus.

507 2787 598 2841 21.
656 2784 792 2840 Cum
848 2778 1140 2851 aliquando
1188 2777 1359 2833 abbas
1414 2774 1601 2831 Sisoes
1646 2771 1894 2828 venisset
1948 2768 2019 2824 ad

312 2920 323 2925 -
434 2879 688 2950 Clysma,
714 2879 1070 2930 accesserunt
1111 2869 1181 2925 ad
1221 2885 1349 2926 eum
1379 2868 1673 2923 videndum
1721 2864 2018 2921 saeculares

437 2970 561 3024 viri.
590 2967 630 3022 li
659 2967 825 3022 multa
856 2965 1247 3035 loquebantur;
1280 2975 1380 3015 nec
1404 2959 1703 3030 quidquam
1747 2954 1884 3025 ipsis
1929 2969 2018 3009 re-

437 3059 677 3129 spondit.
726 3056 924 3112 Postea
970 3055 1188 3109 illorum
1226 3067 1370 3105 unus
1411 3044 1755 3111 dixitzQuid
1800 3043 2016 3100 molesti

435 3152 572 3208 estis
600 3150 754 3207 seni?
784 3164 892 3202 non
928 3146 1256 3205 manducat;
1290 3141 1412 3196 ideo
1437 3155 1615 3210 neque
1638 3147 1814 3210 potest
1838 3135 2011 3207 loqui.

438 3243 666 3311 Excepit
693 3254 858 3296 senex
904 3256 918 3293 :
960 3236 1092 3307 Ego,
1129 3235 1223 3291 ubi
1260 3233 1563 3290 necessitas
1599 3230 1875 3301 postulat,
1913 3242 2013 3283 co-

440 3332 617 3388 tnedo.

507 3422 598 3476 22.
665 3419 773 3492 (ὅθ)
831 3418 1012 3474 Abbas
1065 3415 1265 3487 Joscpb
1334 3414 1623 3486 requisivit
1694 3412 1763 3467 ab
1818 3410 2018 3466 abbate

440 3514 623 3577 Sisoe,
671 3519 882 3582 quanto
929 3510 981 3563 in
1031 3515 1277 3577 tempore
1326 3505 1521 3561 debeat
1572 3505 1737 3559 homo
1782 3501 2015 3557 affectus

439 3604 772 3662 rescindere.
806 3604 895 3657 Ait
943 3601 1021 3656 illi
1071 3615 1236 3657 senex
1276 3618 1287 3653 :
1334 3598 1603 3670 Tempora
1653 3599 1736 3653 vis
1772 3594 2018 3651 disceret

440 3697 505 3752 Et
529 3697 699 3752 abbas
723 3695 923 3766 Joseph
954 3713 965 3748 :
997 3693 1193 3758 Etiam,
1229 3693 1427 3762 inquit.
1464 3691 1608 3744 Dicit
1633 3703 1764 3760 ergo
1803 3702 2010 3743 senex:

438 3792 558 3859 Qua
584 3789 718 3846 hora
750 3788 977 3844 allectus
1010 3787 1242 3851 venerit,
1275 3785 1423 3840 illico
1454 3782 1715 3839 abscinde
1737 3795 1885 3836 eum.

509 3966 603 4024 93.
645 3965 756 4037 (5i)
807 3965 1072 4020 Abbatem
1124 3962 1337 4019 Sisoem
1386 3961 1539 4016 illum
1590 3958 1795 4022 Petrae,
1850 3956 2017 4011 frater

441 4059 798 4130 interrogavit
831 4057 902 4113 de
935 4058 1199 4113 moribus.
1236 4054 1301 4109 Et
1323 4052 1606 4122 respondit
1635 4065 1803 4106 senex
1829 4068 1843 4105 :
1872 4049 2018 4103 Dixit

441 4151 672 4207 Daniel:
700 4148 903 4206 Panem
935 4149 1322 4205 desideriorum
1356 4162 1458 4202 non
1492 4142 1692 4199 comedi
1719 4143 1788 4196 ‘°.

507 4244 600 4298 2t.
635 4244 750 4313 (52)
788 4243 1017 4298 Aiebam
1054 4243 1123 4297 de
1169 4242 1368 4297 abbate
1406 4238 1594 4305 Sisoe,
1629 4234 1777 4308 quod
1820 4235 2020 4292 sedens

441 4333 497 4388 in
523 4333 683 4397 cella,
715 4346 930 4400 semper
959 4333 1158 4387 ostium
1192 4331 1490 4387 clauderet.

509 4423 601 4479 25.
668 4422 948 4478 Venerunt
1007 4423 1303 4492 aliquando
1367 4422 1561 4478 Ariani
1624 4426 1695 4481 ad
1762 4422 2019 4476 abbatem

2134 1933 2275 1987 Ἀλλ’
2309 1933 2370 2000 ἓξ
2400 1935 2612 2006 μῆναςς
2646 1938 2759 1991 Καὶ
2782 1938 2944 1993 πάλιν
2983 1934 3105 1992 εἷπε
3126 1955 3137 1968 ·
3177 1940 3316 1994 Πολύ
3359 1945 3526 2000 ἐστιν.
3561 1947 3619 1999 Οἱ
3648 1945 3704 2000 δὲ

2119 2024 2381 2094 ἔφασκον·
2413 2027 2560 2092 Ἕως
2595 2030 3006 2101 τεσσαράκοντα
3042 2033 3309 2103 ὴμερῶν;
3357 2034 3527 2089 Πάλιν
3562 2036 3699 2106 ἔφη·

2119 2115 2262 2170 Πολύ
2296 2118 2434 2172 ἐστι.
2493 2118 2758 2188 Λέγουσιν
2797 2118 2978 2189 αὐτῷ’
3012 2121 3077 2173 Τί
3104 2117 3230 2188 οὗν;
3263 2122 3360 2175 ἐὰν
3389 2122 3529 2194 πέσῃ
3560 2125 3706 2178 ἁδελ-

2119 2206 2238 2276 φὸς,
2288 2208 2381 2261 καὶ
2413 2208 2607 2280 εὑρεθῇ
2659 2207 2822 2272 εὐθὺς
2846 2209 3033 2281 ἀγάπη
3081 2211 3363 2281 γινομένη,
3400 2212 3493 2265 καὶ
3542 2214 3701 2276 αὐτὸς

2118 2297 2337 2371 εἰσέλθῃ
2381 2300 2462 2361 είς
2505 2299 2606 2371 τὴν
2654 2300 2913 2372 ἀγάπην;
2971 2303 3134 2372 Λέγει
3178 2305 3363 2366 αὐτοῖς
3418 2306 3446 2356 6
3483 2306 3699 2376 γέρων⁸

2119 2390 2273 2460 Οὐχί.
2327 2390 2489 2444 Ἀλλὰ
2516 2391 2706 2464 χρείαν
2736 2392 2850 2463 ἔχει
2883 2395 3210 2464 μετανοῆσαι
3247 2394 3437 2464 ὀλίγας
3470 2397 3702 2467 ἡμέρας.

2118 2481 2367 2536 Πιστεύω
2396 2482 2504 2554 γὰρ
2538 2483 2617 2555 τῷ
2648 2483 2787 2554 Θεῷ,
2829 2485 2909 2538 ὅτι
2941 2485 3219 2556 ὁλοψύχως
3254 2487 3350 2539 ἐὰν
3395 2490 3706 2561 μετανοήσῃ

2116 2573 2147 2626 ὁ
2176 2573 2438 2640 τοιοῦτος.
2465 2575 2555 2629 καὶ
2584 2578 2665 2641 είς
2685 2578 2834 2649 τρεῖς
2865 2579 3079 2649 ἡμέρας
3108 2577 3322 2649 δέχεται
3352 2580 3516 2633 αὑτὸν
3547 2581 3699 2643 Θεὸς.

2191 2751 2298 2807 καῖ
2352 2753 2629 2819 Ἐλθόντος
2663 2756 2794 2811 ποτὲ
2824 2756 2920 2811 τοῦ
2961 2757 3106 2812 assa
3135 2759 3296 2831 Σισόη
3345 2761 3427 2824 είς
3471 2763 3532 2814 τὸ
3562 2761 3700 2814 Κλύ-

2119 2859 2253 2915 σμα,
2269 2844 2577 2916 παρέϐαλον
2602 2847 2749 2920 αὐτῷ
2773 2850 3027 2918 κοσμικοὶ
3051 2852 3179 2904 ἰδεῖν
3201 2853 3385 2907 αὐτόν.
3406 2851 3510 2906 Καὶ
3534 2854 3704 2906 πολλὰ

2117 2937 2459 3010 λαλησόωτων
2513 2940 2726 3008 αὐτῶν,
2786 2943 2886 2995 οὐκ
2949 2943 3227 3015 ἀπεκρίθη
3285 2946 3471 3009 αὐτοῖς
3515 2945 3695 3014 λόγον.

2120 3030 2385 3102 ’Υστερον
2429 3031 2486 3084 δὲ
2533 3026 2615 3095 εἷς
2661 3033 2841 3087 αὐτῶν
2890 3028 3045 3087 εἷπε·
3096 3035 3161 3087 Τί
3221 3036 3433 3090 θλίϐετε
3476 3039 3567 3091 τὸν
3609 3041 3704 3107 γέ-

2121 3137 2316 3191 ροντα;
2345 3121 2444 3175 οὐκ
2493 3120 2696 3175 ἐσθίειο
2750 3122 2840 3178 διὰ
2876 3123 3034 3178 τοῦτο
3078 3124 3200 3178 οὐδὲ
3252 3126 3431 3181 λαλεῖν
3456 3128 3697 3184 δύναται.

2043 3192 2087 3251 c
2130 3211 2428 3284 Ἀπεκρίθη
2461 3213 2491 3266 6
2527 3213 2736 3285 γέρων·
2789 3214 2931 3283 Ἐγὼ
2971 3216 3060 3270 ὅτε
3099 3216 3327 3287 γένηταί
3383 3236 3474 3290 μοι
3518 3219 3699 3291 χρεία,

2117 3305 2302 3361 ἐσθίω.

2188 3398 2292 3468 κβ’.
2332 3396 2644 3469 Ἠρώτησεν
2666 3400 2696 3452 6
2720 3399 2895 3462 ἀϐϐἄς
2928 3400 3125 3472 Ἰωσὴφ
3151 3401 3243 3455 τὸν
3273 3401 3449 3456 ἀϐϐᾰν
3479 3403 3698 3473 Σισόην,

2117 3487 2325 3559 λέγων·
2379 3490 2478 3543 Διὰ
2523 3491 2692 3545 πόσου
2742 3492 2935 3563 χρόνον
2952 3495 2995 3524 ἰ
3036 3492 3238 3562 ὀφείλει
3289 3494 3577 3566 ἄνθρωπος
3609 3497 3700 3547 ὲκο

2118 3583 2340 3637 κόπτειν
2363 3583 2430 3637 τὰ
2454 3583 2600 3655 πάθη
2622 3601 2636 3651 ;
2667 3585 2829 3653 Λέγει
2849 3586 2997 3656 αὐτῷ
3017 3586 3046 3638 6
3065 3586 3243 3658 γέρων
3267 3604 3281 3617 ο
3310 3586 3448 3650 Τοὺς
3477 3587 3706 3657 χρόνους

2120 3672 2294 3738 θέλεις
2334 3674 2558 3746 μαθεῖν;
2598 3677 2762 3745 Λέγει
2795 3679 2823 3730 6
2859 3676 3034 3741 ὰϐϐἄς
3076 3679 3297 3749 Ἰωσήφ*
3352 3679 3481 3731 Ναί.
3537 3678 3701 3746 Λέγει

2117 3762 2211 3822 οὖν
2237 3770 2266 3823 ὁ
2305 3768 2512 3841 γέρων·
2560 3769 2696 3823 Οῖαν
2726 3768 2876 3840 ὥραν
2912 3769 3132 3841 ἔρχεται
3166 3771 3228 3823 τὸ
3274 3771 3466 3836 πάθος,
3498 3771 3700 3836 εὐθέως

2120 3859 2283 3930 κόψον
2309 3861 2460 3916 αὐτό.

2189 3959 2297 4022 κγ’.
2342 3954 2591 4024 Ἀδελφὺς
2616 3955 2868 4027 ἠρώτησε
2906 3956 2998 4009 τὸν
3030 3955 3205 4010 ἁϐϐἄν
3239 3957 3433 4027 Σισόην
3465 3956 3558 4010 τὸν
3600 3954 3702 4025 τῆς

2120 4047 2333 4118 Πέτρας
2360 4049 2488 4120 περὶ
2533 4048 2827 4113 πολιτείας.
2891 4050 3000 4102 Καὶ
3028 4048 3176 4117 λέγει
3228 4049 3378 4120 αὐτῷ
3417 4052 3447 4103 6
3489 4048 3694 4120 γέρωνο

2120 4135 2257 4193 Εἷπε
2278 4141 2475 4212 Δανιήλ
2500 4157 2514 4170 '
2545 4142 2764 4211 Ἀρτον
2786 4142 3115 4210 ἐπιθυμιῶν
3140 4144 3253 4196 οὐκ
3286 4141 3535 4212 ἔφαγον.

2190 4234 2290 4290 κδ’.
2340 4235 2565 4304 Ἔλεγον
2595 4236 2723 4305 περὶ
2751 4233 2846 4289 τοῦ
2879 4234 3025 4288 ἁϐϐᾶ
3064 4233 3247 4304 Σισόη.
3277 4234 3361 4287 ὅτι
3392 4233 3701 4304 καθήμενος

2122 4326 2201 4389 sl;
2223 4325 2284 4379 τὸ
2310 4325 2521 4380 κελλιον
2543 4326 2774 4380 πάντοτε
2805 4325 2901 4398 τὴν
2925 4326 3096 4397 θύραν
3124 4323 3352 4379 ἔκλειεν.

2190 4424 2287 4475 κε’.
2318 4414 2523 4472 Ἦλθόν
2553 4434 2682 4471 ποτε
2718 4418 2988 4488 Ἀρειανοὶ
3017 4417 3155 4488 πρὸς
3184 4418 3274 4470 τὸν
3305 4416 3479 4470 ἀϐϐἆν
3508 4417 3701 4486 Σισόην

443 4513 655 4570 Sisoem
710 4515 766 4567 in
814 4520 1051 4568 montem
1102 4511 1318 4569 abbatis
1355 4510 1601 4577 Antonii,
1631 4521 1686 4567 et
1731 4516 2014 4580 coeperunt

2121 4513 2200 4574 είς
2236 4510 2299 4563 τὸ
2330 4511 2455 4581 ὅρος
2486 4509 2579 4564 τοῦ
2624 4510 2769 4563 assa
2808 4509 3113 4572 Ἀντωνίου,
3147 4509 3238 4563 καὶ
3274 4507 3509 4580 ἤρξαντο
3532 4525 3692 4560 κατα·

442 4616 636 4662 contra
663 4606 999 4662 orthodoxos
1033 4606 1262 4676 garrire.
1308 4604 1485 4660 Senex
1518 4618 1648 4660 vero
1696 4604 1832 4658 nihil
1861 4604 2020 4673 quid-

441 4713 605 4770 quam
654 4695 939 4768 respondit
985 4696 1087 4752 eis.
1148 4693 1257 4750 Sed
1312 4701 1509 4748 vocato
1560 4692 1832 4762 discipulo
1882 4707 2018 4758 suo,

440 4790 580 4845 dixit
598 4808 612 4846 :
632 4790 930 4855 Abraham,
961 4787 1093 4845 affer
1117 4787 1248 4844 mihi
1280 4786 1456 4843 sancti
1481 4785 1769 4841 Athanasii
1792 4785 2016 4850 librum,

445 4868 728 4953 ac'legito.
765 4881 902 4936 Tum
938 4882 1250 4937 tacentibus
1286 4879 1430 4943 illis,
1468 4879 1653 4951 agnita
1695 4884 1778 4933 est
1825 4892 2016 4934 eorum

444 4974 690 5031 haeresis.
717 4972 1041 5044 Dimisitque
1060 4973 1210 5045 ipsos
1247 4987 1372 5028 cum
1400 4985 1553 5043 pace.

509 5153 599 5210 96.
658 5152 820 5221 Venit
872 5150 1167 5222 aliquando
1217 5151 1387 5207 abbas
1425 5151 1605 5205 Amuu
1639 5149 1901 5206 enhaitu
1959 5153 2016 5206 in

439 5248 690 5320 Clysma,
726 5257 786 5300 ut
820 5246 1079 5303 inviseret
1105 5244 1355 5300 abbatem
1389 5244 1622 5299 Sisoem.
1672 5242 1738 5298 Et
1784 5259 2018 5300 cernens

441 5339 619 5408 ipsum
660 5337 948 5401 afﬂictum,
999 5336 1146 5407 quod
1194 5336 1509 5406 reliquisset
1552 5351 1833 5401 eremum,
1887 5337 2013 5391 ait:

439 5430 550 5481 (lur
570 5426 744 5491 doles,
782 5426 956 5482 abba?
990 5426 1130 5493 Quid
1179 5428 1324 5482 enim
1367 5427 1481 5497 jam
1528 5425 1657 5482 inde
1701 5435 1921 5496 poteras
1959 5426 2013 5481 in

2118 4601 2298 4657 λαλεῖν
2328 4602 2436 4657 τῶν
2475 4600 2791 4672 ὀρθοδόξων.
2860 4601 2918 4654 '0
2946 4600 3003 4653 δὲ
3050 4601 3230 4672 γέρων
3280 4602 3382 4654 οὐκ
3426 4599 3700 4671 ἀπεκρίθη

2118 4693 2297 4756 αὐτοῖς
2318 4692 2501 4746 οὐδέν’
2534 4691 2629 4745 καὶ
2672 4690 2928 4761 φωνήσας
2969 4689 3063 4742 τὸν
3095 4689 3289 4743 ἑαυτοῦ
3328 4688 3594 4761 μαθητὴν,
3625 4684 3701 4740 εἷ-

2118 4792 2251 4837 πεν·
2293 4782 2577 4856 Ἀϐραὰμ,
2619 4781 2752 4855 φέρε
2809 4798 2899 4853 μοι
2932 4780 2994 4834 τὸ
3043 4779 3248 4851 βιϐλίον
3309 4780 3404 4833 τοῦ
3467 4780 3623 4849 ἁγίου
3653 4781 3701 4811 ’⁸

2133 4876 2474 4944 ’Λθανασίου,
2517 4875 2613 4930 καὶ
2663 4873 2941 4944 ἀνάγνωθι
2993 4873 3145 4927 αὐτό.
3204 4873 3313 4928 Καὶ
3369 4871 3701 4926 σιωπώντων

2120 4967 2319 5034 αὐτῶν,
2350 4967 2596 5040 ἐγνώσθη
2630 4970 2664 5041 ἡ
2691 4967 2905 5040 αἵρεσις
2929 4965 3131 5022 αὐτῶν.
3171 4965 3281 5019 Καὶ
3304 4965 3577 5019 ἀπέλυσεν
3599 4966 3700 5020 αύ-

2121 5060 2244 5124 -ι-οὺς
2301 5061 2419 5132 μετ’
2450 5062 2691 5134 εἰρήνης.

2190 5157 2303 5217 κς’.
2345 5148 2516 5206 uno:
2545 5169 2675 5206 ποτε
2704 5155 2733 5207 6
2755 5151 2930 5216 ἀϐϐᾶς
2954 5148 3156 5222 ’Δμοῢν
3177 5150 3222 5182 ³³
3241 5149 3351 5203 ἀπὸ
3379 5148 3596 5203 Ῥαῖθοῦ
3621 5149 3701 5211 εἰς

2119 5242 2182 5295 τὸ
2209 5242 2465 5314 Κλύσμα,
2496 5242 2835 5314 παραϐαλεῖν
2863 5240 2943 5313 τῷ
2974 5240 3120 5312 ὰϐϐᾷ
3146 5240 3331 5313 Σισόῃ·
3360 5240 3455 5293 καὶ
3488 5238 3705 5309 βλέπων

2120 5333 2283 5387 αὐτὸν
2313 5334 2648 5403 θλιϐόμενον,
2696 5335 2778 5388 ὅτι
2817 5335 3001 5405 ἀφῆκε
3033 5334 3132 5406 τὴν
3167 5333 3395 5405 ἔρημον,
3427 5332 3573 5401 λέγει
3602 5331 3706 5384 αὐ-

2118 5426 2223 5496 τῷ·
2254 5427 2319 5480 Τί
2349 5427 2529 5499 θλίϐῃ,
2565 5426 2739 5491 ἀϐϐἄ;
2784 5428 2838 5480 τί
2875 5426 2983 5498 γὰρ
3031 5425 3209 5497 ἠδύνω
3234 5426 3440 5497 suam
3478 5424 3704 5495 ποιῆσαι

511 5588 559 5619 ³ο
594 5584 732 5642 Dan.
777 5603 804 5641 ι
831 5625 847 5650 ,
895 5586 947 5640 5.
1026 5586 1069 5616 ’⁸
1109 5586 1194 5639 ΑΙ.
1222 5584 1403 5639 πόσων
1440 5583 1665 5653 χρόνων.
1742 5581 1787 5612 ³³
1816 5580 1902 5638 Al.
1938 5580 2104 5639 ὰϐϐᾶ.
2179 5580 2226 5614 ²⁸
2249 5582 2336 5635 Al.
2372 5581 2638 5653 ’Δμμοῦν.

514 5739 627 5808 (50)
676 5735 779 5808 Iit.
809 5738 960 5797 Patr.
999 5753 1187 5800 χχχιχ,
1230 5738 1279 5792 1.

503 5806 628 5880 {51)
677 5806 783 5864 Vit.
819 5808 974 5864 Patr.
1006 5822 1104 5873 vn,
1130 5808 1185 5860 2.

2192 5734 2306 5809 (δε)
2352 5733 2460 5792 γει.
2497 5735 2647 5792 Patr.
2684 5753 2767 5805 tu,
2797 5737 2852 5793 6.
