4028 6338
291 374 377 433 illi
1374 376 1849 438 APOPIITHEGM.

1955 381 1981 435 l
2027 380 2330 441 PATRUM.

3417 389 3525 443 ωε

286 490 358 556 εἰς
377 491 477 563 τὴν
503 491 731 565 ἔρημον,
768 495 948 560 οὕτως
980 498 1263 570 γηράσαςς
1307 500 1365 552 '0
1388 500 1446 553 δέ
1478 500 1655 571 γέρων
1690 516 1849 573 προσ-

1959 502 2254 557 solitudinc
2294 502 2499 578 facere,
2534 504 2630 574 qui
2667 503 2731 557 ad
2768 510 2971 557 lautam
3020 505 3330 574 peneneris
3368 521 3524 562 sene~

286 578 431 652 έσχεν
454 582 606 654 αὐτῷ
633 585 775 654 μετὰ
817 588 1172 659 στυφότητος,
1204 590 1375 660 λέγων
1395 608 1409 622 ο
1434 589 1501 646 Τί
1536 607 1626 662 μοι
1657 589 1855 660 λέγεις,

298 672 519 744 Ἀμοῦν;
572 675 673 729 οὐκ
722 678 888 748 ἤρκει
931 680 1042 752 γάρ
1086 698 1177 753 μοι
1216 684 1249 754 ὴ
1281 681 1562 754 ἐλευθερία
1594 684 1729 757 μόνη
1760 684 1855 738 τοῦ

286 767 535 840 λογισμοῦ
568 787 671 841 μου
697 771 755 826 ἐν
788 775 859 845 τῇ
889 774 1112 847 ἐρήμῳ;

344 941 447 1007 κζ’.
495 943 763 1015 Ἐκάθητό
790 962 925 1000 ποτε
966 948 997 1000 6
1021 947 1196 1011 ἀὸὅᾶς
1226 949 1417 1021 Σισόης
1449 951 1508 1006 ἐν
1552 950 1631 1023 τῷ
1661 951 1857 1022 κελλίῳ

284 1033 472 1089 αὐτοῦ’
509 1035 605 1090 καὶ
632 1036 968 1109 κρούσαντος
1012 1039 1105 1094 τοῦ
1140 1040 1384 1113 μαθητοῦ
1409 1041 1596 1109 αὐτοῦ,
1624 1042 1856 1115 ἔκραξεν

284 1127 310 1178 6
326 1126 521 1197 γέρων,
548 1127 723 1198 λέγων
742 1146 756 1161 ο
780 1130 925 1199 Φύγε
956 1132 1023 1197 ’⁸,
1040 1131 1309 1204 Ἁϐραάμ,
1338 1133 1414 1205 μὴ
1439 1134 1707 1208 εἰσέλθῃς,
1729 1137 1854 1208 ἄρτι

284 1218 338 1271 οὐ
369 1219 623 1289 σχολάζει
648 1221 718 1276 τὰ
742 1215 869 1278 ὦδε.

352 1318 459 1382 κη’.
506 1311 757 1382 ’Λδελφὸς
776 1312 1029 1385 ἠρώτησε
1058 1314 1152 1369 τὸν
1181 1314 1356 1370 ἅσὸἄν
1393 1316 1607 1388 Σισόην,
1649 1317 1851 1387 λέγων·

283 1404 395 1467 Πῶς
425 1403 721 1468 κατέλιπες
763 1404 860 1477 τὴν
893 1405 1097 1477 Σκῆτιν
1143 1405 1284 1477 μετὰ
1312 1406 1409 1462 τοῦ
1455 1408 1599 1463 ἀσὸᾶ
1629 1411 1730 1481 Ὢρ
1752 1408 1851 1475 ὣν,

285 1496 368 1548 καὶ
400 1492 569 1567 ἦλθες
608 1497 702 1551 καὶ
725 1497 987 1562 ἐκάθισας
1015 1491 1120 1553 ὧδε
1145 1516 1161 1565 ;
1205 1500 1371 1569 Λέγει
1402 1501 1551 1572 αὐτῷ
1582 1503 1611 1556 6
1639 1503 1848 1574 γέρωνο

294 1589 376 1640 Ἑν
402 1587 481 1658 τῷ
500 1587 770 1659 ἄρξασθαι
801 1588 1173 1661 πληθύνεσθαι
1195 1592 1294 1663 τὴν
1316 1592 1533 1663 Σκῆτιν,
1569 1593 1664 1647 καὶ
1691 1593 1854 1647 ιἰκού⁴

285 1696 376 1742 σας
403 1679 516 1747 ἐγὼ
548 1679 633 1733 ὅτι
677 1681 950 1752 ἐκοιμήθη
982 1683 1013 1736 6
1055 1683 1228 1748 ὰϐὅᾶς
1281 1684 1584 1749 ’Λντώνιος,
1622 1686 1854 1759 ἀνέστην

282 1770 370 1821 καὶ
396 1765 562 1840 ἦλθον
580 1764 685 1824 ὧδε
709 1770 793 1835 εἰς
822 1771 882 1826 τὸ
908 1771 1034 1845 ὅρος
1056 1789 1069 1802 ·
1111 1774 1203 1827 καὶ
1228 1773 1404 1846 εὑρὼν
1428 1774 1497 1829 τὰ
1516 1767 1618 1829 ὧδε
1646 1777 1855 1846 ἡσυχάο

280 1860 456 1923 ζοντα,
479 1861 674 1932 μικρὸν
695 1861 929 1917 ἐκάθισα
955 1863 1165 1935 χρόνον.
1190 1865 1352 1934 Λέγει
1377 1865 1525 1936 αὐτῷ
1547 1869 1578 1920 6
1602 1866 1844 1937 ἀδελφός

281 1950 445 2004 Πόσον
474 1952 665 2023 χρόνον
699 1951 845 2025 ἔχεις
874 1947 975 2009 ὧδε
999 1972 1014 2023 ;
1036 1956 1198 2024 Λέγει
1226 1955 1377 2027 αὐτῷ
1396 1956 1426 2009 6
1446 1955 1653 2028 γέρων·
1696 1957 1847 2013 Εἰσὶν

289 2042 753 2112 ἑϐδομηκονταδύο
774 2046 841 2099 ’⁵.

344 2133 450 2188 κθ’.
483 2130 650 2188 Εἶπεν
673 2138 702 2188 6
725 2134 898 2199 ἀϐϐἄς
924 2136 1148 2208 Σισόης·
1173 2139 1341 2192 Ὅταν
1436 2138 1721 2213 ἄνθρωπος
1748 2144 1845 2214 τὴν

277 2225 530 2296 φροντίδα
555 2243 651 2280 σου
686 2228 1028 2300 ποιούμενος,
1062 2229 1123 2284 οὐ
1153 2230 1237 2283 δεῖ
1261 2248 1319 2283 σε
1349 2230 1618 2297 διατάξαι.
1759 2278 1768 2288 .

340 2317 404 2372 λ’,
439 2315 689 2388 ’Λδελφὸς
703 2318 958 2392 ἠρώτησε
971 2321 1060 2374 τὸν
1079 2321 1255 2375 ἀϐϐἄν
1273 2322 1466 2393 Σισόην
1480 2324 1652 2393 λέγων
1671 2343 1684 2357 ·
1724 2325 1847 2380 Ἐὰν

278 2410 666 2481 περιπατῶμεν
709 2412 768 2464 ἐν
807 2412 931 2483 ὁδῷ,
971 2412 1066 2465 καὶ
1098 2412 1347 2487 πλανηθῇ
1374 2417 1403 2469 6
1437 2416 1646 2487 ὁδηγῶν
1676 2418 1847 2487 ἡμᾶς,

145 2527 172 2571 ι
272 2502 430 2573 χρεία
460 2504 635 2557 εἰπεῖν
660 2503 838 2574 αύτῷ;
870 2505 1033 2573 Λέγει
1061 2506 1207 2577 αὐτῷ
1227 2510 1255 2561 6
1281 2508 1476 2578 γέρων·
1502 2511 1653 2581 Οὐχί.
1685 2511 1846 2580 Λέγει

270 2591 365 2646 οὖν
398 2595 427 2645 6
452 2592 714 2662 ἀδελφός·
756 2594 898 2648 Ἀλλ’
923 2595 1151 2666 ἀφῶμεν
1177 2599 1338 2653 αὐτὸν
1372 2601 1646 2672 πλανῆσαι
1665 2604 1843 2674 ἡμᾶς

276 2682 434 2751 Λέγει
450 2684 600 2754 αὐτῷ
627 2684 871 2755 ὁγέρων’
892 2686 958 2739 Τί
988 2683 1110 2753 οὖν;
1132 2688 1315 2744 λαϐεῖν
1343 2691 1488 2762 ἔχεις
1515 2692 1709 2763 ῥάϐδον
1736 2695 1845 2747 δεῖ·

267 2794 362 2847 ραι
388 2777 582 2843 αὐτόν;
607 2777 751 2847 Ἐγὼ
781 2775 899 2832 οἶδα
924 2779 1184 2850 ἀδελφοὺς
1212 2783 1291 2836 ὅτι
1327 2786 1712 2855 περιεπάτουν,
1752 2790 1846 2841 καὶ

257 2866 286 2916 6
326 2868 540 2939 ὁδηγῶν
568 2870 779 2935 ἀὐτοὺς
808 2873 1087 2942 ἐπλανήθη
1112 2876 1211 2947 τὴν
1241 2876 1439 2931 νύκτα·
1487 2875 1629 2949 ἦσαν
1659 2881 1715 2933 δὲ
1742 2880 1845 2934 δὼ-

267 2960 419 3021 δεκα,
446 2963 543 3014 καὶ
578 2963 777 3028 πάντες
801 2965 1020 3035 ᾔδεισαν
1044 2971 1125 3023 ὅτι
1150 2970 1456 3023 ἐπλανῶντο
1476 2988 1487 3001 ·
1533 2973 1625 3024 καὶ
1650 2973 1845 3043 ἠγωνί-

268 3069 434 3105 σαντο
452 3053 683 3118 ἕκαστος
707 3057 798 3109 τοῦ
827 3058 902 3128 μὴ
926 3062 1118 3115 εἰπεῖν.
1156 3063 1398 3133 Ἡμέρας
1437 3063 1493 3116 δὲ
1524 3067 1844 3136 γενομένης,

269 3142 459 3213 μαθὼν
491 3147 521 3198 6
562 3146 773 3217 ὁδηγῶν
804 3150 995 3216 αὐτοὺς
1023 3153 1106 3206 ὅτι
1149 3154 1533 3225 ἐπλανήθησαν
1576 3157 1674 3228 τὴν
1703 3158 1843 3221 ὁδὸν,
1873 3178 1912 3231 C

266 3233 417 3302 λέγει
442 3234 657 3298 αὐτοῖς·
684 3237 1087 3310 Συγχωρήσατέ
1125 3258 1235 3311 μοι,
1266 3242 1349 3295 ὅτι
1378 3242 1708 3314 ἐπλανήθην.
1734 3245 1845 3298 Καὶ

263 3320 420 3379 εἷπον
444 3327 673 3390 πάντες·
713 3330 822 3382 Καὶ
840 3333 1001 3401 ἡμεῖς
1029 3332 1269 3405 ᾔδειμεν,
1298 3334 1415 3388 ἀλλ’
1436 3337 1841 3409 ἐσιωπήσαμεν.

278 3416 338 3468 ’0
369 3416 425 3469 δὲ
468 3417 712 3483 ἀκούσας
756 3419 1056 3492 ἐθαύμασε,
1100 3424 1296 3493 λέγων,
1334 3427 1414 3480 ὅτι
1443 3427 1589 3491 Ἕως
1617 3427 1844 3482 θανάτου

263 3507 693 3579 ἐγκρατεύονται
725 3511 774 3562 οἱ
804 3512 1023 3589 ἀδελφοὶ
1041 3514 1134 3567 τοῦ
1164 3515 1237 3586 μὴ
1269 3516 1467 3569 λαλεῖν.
1497 3517 1605 3570 Καὶ
1630 3517 1845 3583 ἐδόξασε

261 3598 357 3650 τὸν
402 3598 556 3652 Θεόν.
622 3600 697 3653 Τὸ
741 3601 798 3656 δὲ
838 3602 1013 3674 μῆκος
1063 3605 1161 3676 τῆς
1189 3606 1309 3661 ὁδοῦ
1347 3604 1413 3681 ἧς
1443 3609 1844 3681 ἐπλανήθησαν,

262 3688 423 3759 μίλια
441 3689 670 3746 δώδεκα.

333 3869 438 3922 λα’.
472 3865 675 3924 Ἦλθόν
704 3890 834 3927 ποτε
868 3875 1194 3948 Σαρακηνοὶ,
1228 3880 1320 3933 καὶ
1357 3880 1610 3947 ἐξέδυσαν
1638 3885 1729 3938 τὸν
1754 3887 1847 3954 γέ-

257 3979 432 4034 ροντα
470 3964 565 4016 καὶ
593 3964 684 4017 τὸν
715 3966 940 4036 ἀδελφὸν
972 3970 1159 4025 αὐτοῦ.
1189 3971 1298 4026 Καὶ
1325 3972 1645 4038 ἐξελθόντων
1670 3977 1847 4032 αὐτῶν

255 4054 343 4115 εἰς
370 4052 470 4123 τὴν
500 4052 707 4124 ἔρημον
741 4056 828 4111 ἵνα
864 4057 1065 4129 εὖρωσί
1093 4079 1145 4115 τι
1181 4062 1477 4133 βρώσιμον,
1511 4058 1670 4136 εὗρεν
1701 4068 1730 4120 6
1759 4069 1850 4138 γέ-

258 4163 377 4215 ρων
404 4146 628 4216 βὸλϐιτα
661 4150 940 4220 καμήλων,
973 4153 1068 4206 καὶ
1109 4154 1313 4219 κλάσας
1344 4147 1471 4227 εὗρε
1502 4158 1694 4212 κοκκία
1724 4177 1847 4232 κρι-

256 4235 375 4287 θῶν
399 4253 414 4265 ·
446 4235 655 4307 ἔτρωγε
688 4238 744 4292 δὲ
778 4239 834 4291 ἒν
869 4241 1077 4304 κοκκὶν,
1107 4245 1199 4297 καὶ
1245 4245 1306 4298 τὸ
1354 4245 1412 4299 ἓν
1456 4248 1536 4311 είς
1569 4247 1667 4319 τὴν
1694 4250 1850 4319 χεῖρα

255 4329 431 4382 αὑτοῦ
466 4329 658 4385 ἐτίθει.
704 4331 902 4386 Ἐλθὼν
928 4334 985 4387 δὲ
1031 4336 1060 4389 6
1096 4335 1319 4406 ἀδελφὸς
1352 4339 1539 4406 αὐτοῦ,
1568 4335 1728 4411 εὗρεν
1753 4340 1851 4395 αὺ-

255 4420 357 4473 τὸν
383 4419 657 4485 ἐσθίοντα,
688 4424 784 4477 καὶ
812 4424 958 4492 λέγει
997 4426 1178 4499 αὐτῷ’
1208 4428 1356 4500 Αὕτη
1397 4431 1543 4485 ἐστὶν
1570 4432 1603 4504 ἡ
1636 4432 1848 4504 ἀγάπη,

1957 595 2204 651 ctutem?
2236 594 2306 648 At
2343 609 2509 650 senex
2538 594 2730 649 oculos
2763 595 2816 648 in
2846 609 2970 649 eum
3015 595 3245 650 intendit
3274 611 3397 650 cum
3428 597 3526 651 tri-

1954 684 2135 750 stitia,
2174 684 2422 754 dixitque
2456 703 2472 740 :
2505 684 2648 751 Quid
2679 684 2810 739 mibi
2836 683 3070 755 profers,
3099 685 3314 740 Amun?
3338 685 3528 745 Nonne

1955 776 2099 832 enim
2130 774 2264 831 mihi
2301 774 2604 831 sufﬁciebat
2652 775 2766 832 sola
2816 775 3016 832 mentis
3058 791 3190 831 mea
3216 775 3439 832 libertas
3469 776 3525 831 in

1954 878 2140 923 eremo
2153 864 2179 918 ἲ

2025 955 2116 1010 ‘27.
2158 953 2399 1012 Sedebat
2424 954 2716 1026 aliquando
2737 955 2907 1011 abbas
2935 955 3120 1012 Sisoes
3151 954 3205 1010 in
3232 955 3365 1010 cella
3388 969 3484 1010 sua
3507 968 3524 1008 :

1954 1061 2190 1117 cumque
2216 1047 2493 1117 pulsasset
2524 1045 2828 1115 discipulus
2861 1045 3002 1116 ejus,
3038 1045 3293 1101 clamavit
3320 1060 3484 1100 senex
3511 1063 3524 1099 :

1958 1137 2130 1209 Fuge,
2160 1138 2462 1205 Abraham,
2482 1152 2551 1193 ne
2583 1136 2940 1207 ingrediaris:
2969 1139 3081 1207 jam
3116 1150 3236 1207 qua:
3266 1135 3356 1190 hic
3381 1141 3526 1198 sunt,

1954 1230 2069 1284 otio
2092 1236 2307 1285 carent.

2021 1322 2114 1377 28.
2140 1320 2334 1377 Frater
2362 1322 2614 1378 abbatem
2648 1320 2860 1377 Sisoem
2893 1320 3247 1390 interrogavit
3278 1317 3379 1372 hac
3404 1332 3529 1373 ora-

1956 1413 2105 1469 tione
2131 1431 2145 1468 :
2177 1412 2465 1480 Quomodo
2501 1413 2704 1469 Seetim
2748 1410 3042 1482 reliquisti,
3076 1424 3201 1464 cum
3232 1408 3431 1463 abbate
3454 1406 3530 1463 0r

1954 1504 2295 1572 consistens,
2338 1511 2393 1559 et
2432 1503 2632 1559 venisti
2663 1510 2725 1558 ut
2746 1501 2965 1558 sederes
2992 1501 3119 1555 hic?
3154 1498 3454 1569 Respondit
3479 1500 3529 1553 ei

1956 1608 2126 1648 senex
2160 1610 2174 1646 :
2206 1591 2344 1648 Cum
2379 1592 2648 1663 inciperet
2678 1591 2855 1646 Scetis
2894 1588 3260 1658 frequentari,
3296 1600 3532 1657 cumque

1961 1682 2266 1740 audiissem
2306 1690 2581 1739 mortuum
2606 1696 2730 1738 esse
2764 1680 3011 1736 abbatem
3053 1677 3370 1740 Antonium,
3406 1690 3532 1729 sur-

1966 1774 2107 1839 rexi,
2140 1781 2194 1830 et
2223 1773 2502 1845 profectus
2540 1788 2659 1828 sum
2700 1771 2805 1826 huc
2849 1770 2903 1824 in
2933 1776 3204 1833 montem;
3238 1776 3399 1836 atque
3446 1765 3530 1818 in—

1955 1866 2177 1921 veniens
2203 1866 2307 1921 ista
2340 1866 2458 1920 loca
2481 1865 2683 1935 quieta,
2713 1864 2778 1917 ad
2811 1876 3040 1932 paucum
3071 1870 3284 1930 tempus
3326 1858 3524 1913 resedi.

1959 1956 2051 2010 Ait
2080 1956 2161 2010 illi
2194 1955 2362 2010 frater
2388 1955 2566 2022 :Quot
2607 1969 2781 2009 annos
2806 1952 2893 2006 bie
2930 1948 3279 2019 transcgisti?
3309 1947 3482 2001 Senex
3513 1964 3527 1998 :

1953 2046 2312 2118 Septuaginta
2344 2047 2507 2103 duos.

2028 2138 2124 2193 29.
2163 2138 2310 2193 Dixit
2349 2139 2519 2193 abbas
2551 2137 2737 2193 Sisues
2767 2155 2778 2189 :
2807 2133 3039 2202 Quando
3069 2131 3225 2187 adest
3253 2130 3417 2183 homo
3450 2128 3545 2181 tui-

1957 2245 2146 2286 curam
2176 2230 2409 2297 habens,
2444 2245 2553 2284 non
2592 2236 2808 2299 oportet
2838 2236 2897 2281 ut
2927 2223 3228 2297 praecipias.

2019 2322 2114 2377 50.
2152 2319 2343 2376 Frater
2368 2321 2683 2377 sciscitatus
2713 2329 2795 2375 est
2826 2319 3077 2373 abbatem
3113 2316 3324 2370 Sisoem
3351 2330 3363 2366 :
3393 2311 3448 2365 Si
3474 2311 3533 2365 in

1950 2409 2037 2464 via
2086 2410 2572 2473 ambulaverimus,
2622 2418 2676 2465 et
2727 2409 2937 2463 itineris
2989 2407 3098 2461 dux
3150 2404 3525 2475 aberravcrit,

1949 2508 2232 2569 oportetne
2275 2502 2322 2556 ei
2371 2500 2693 2555 declarare?
2769 2497 3072 2569 liespondit
3131 2511 3295 2552 senex
3336 2510 3350 2547 :
3385 2493 3525 2547 Non.

1951 2592 2245 2662 Subjunxit
2287 2592 2496 2647 frater:
2532 2590 2637 2646 Sed
2686 2592 2931 2646 sinemus
2969 2600 3026 2644 ut
3056 2602 3156 2643 nos
3189 2601 3219 2639 a
3252 2585 3337 2639 via
3373 2596 3528 2636 arer-

1950 2685 2066 2739 tat?
2094 2683 2232 2737 Tum
2262 2684 2312 2738 ei
2342 2698 2508 2738 senex
2542 2700 2557 2735 :
2591 2681 2734 2747 Quid
2788 2681 2974 2751 igitur,
3017 2678 3324 2747 accipicsue
3358 2674 3528 2728 bacu-

1950 2777 2060 2830 lum
2098 2792 2209 2846 qno
2245 2776 2399 2828 illum
2428 2773 2721 2829 verberes?
2749 2772 2863 2842 Ego
2898 2772 3024 2826 novi
3060 2770 3288 2834 fratres,
3325 2765 3529 2836 quibus

1950 2867 2052 2921 iter
2078 2867 2392 2938 agentibus,
2421 2873 2585 2920 noctu
2612 2864 3091 2919 abcrravitcorum
3118 2860 3347 2924 ductor;
3371 2864 3530 2911 erant

1949 2964 2130 3011 autem
2174 2956 2489 3020 duodecim,
2532 2970 2836 3027 omnesque
2889 2954 3134 3010 sciebant
3179 2948 3400 3020 evagari
3427 2960 3524 3011 se;

1948 3057 2001 3102 et
2049 3052 2424 3120 unusquisque
2460 3064 2648 3105 secum
2700 3047 2986 3103 contendit
3036 3061 3103 3100 nc
3150 3043 3378 3098 diceret.
3429 3038 3528 3092 Die

1948 3149 2128 3196 autem
2167 3150 2389 3206 exorto,
2422 3140 2766 3211 comperiens
2799 3140 2899 3195 vite
2941 3137 3048 3192 dux
3093 3134 3237 3207 quod
3277 3133 3524 3188 deerras-

1947 3238 2090 3299 sent,
2121 3232 2198 3286 ait
2226 3233 2335 3289 illis
2367 3250 2381 3287 :
2414 3232 2685 3304 Ignoscite
2714 3231 2869 3299 mihi,
2910 3228 3105 3286 deﬂexi
3137 3227 3205 3282 dc
3238 3225 3344 3280 via.
3376 3223 3528 3279 Cun-

1947 3324 2129 3394 etique
2168 3334 2550 3396 exceperunt:
2592 3325 2703 3381 Nos
2746 3338 2966 3396 quoque
3015 3334 3377 3383 noveramus,
3429 3314 3527 3371 scd

1948 3416 2295 3474 reticuimus.
2337 3416 2458 3484 Quo
2499 3418 2592 3474 ille
2625 3418 2847 3484 audito,
2880 3415 3180 3472 demiratus
3210 3416 3330 3476 est,
3361 3408 3528 3464 dixit-

1948 3525 2093 3581 que:
2130 3508 2212 3564 Ad
2267 3519 2501 3565 mortem
2541 3525 2716 3581 usque
2766 3509 2964 3564 fratres
3014 3505 3288 3561 abstinent
3336 3517 3368 3556 a
3408 3515 3528 3557 sero

1948 3615 2130 3655 mone.
2161 3601 2239 3655 Ac
2284 3599 2452 3656 Deum
2499 3602 2756 3657 laudibus
2783 3599 3096 3656 celebravit.
3131 3594 3391 3651 Distantia
3425 3608 3525 3647 au-

1951 3701 2055 3747 tem
2111 3693 2213 3748 viae
2258 3708 2290 3748 a
2338 3708 2443 3765 qua
2498 3693 2721 3749 abducti
2773 3692 3016 3751 fuerant,
3068 3684 3357 3745 duodecim
3407 3693 3526 3739 erat

1949 3784 2286 3841 milliarium.

2018 3877 2111 3932 51.
2153 3874 2432 3932 Venerunt
2459 3876 2694 3947 quodam
2722 3884 2963 3944 tempore
2993 3872 3282 3933 Saraceni,
3310 3878 3363 3923 et
3392 3882 3521 3938 spo-

1950 3968 2219 4023 liaverunt
2270 3984 2455 4025 senem
2516 3968 2800 4038 ipsiusque
2860 3966 3106 4021 fratrem.
3164 3962 3408 4030 Cumque
3466 3960 3522 4012 lii

1950 4060 2213 4115 exiissent
2259 4062 2314 4115 in
2370 4060 2753 4125 solitudinem,
2820 4066 2880 4112 ut
2930 4055 3132 4126 aliquid
3180 4053 3520 4110 esculentum

1952 4151 2289 4219 invenirent,
2351 4151 2553 4224 reperit
2621 4166 2786 4207 senex
2847 4156 3091 4205 stercora
3147 4145 3515 4205 camelorum;

1952 4243 2155 4314 quibus
2184 4243 2375 4300 fractis
2404 4251 2599 4300 nactus
2628 4252 2712 4300 cst
2734 4257 2905 4314 grana
2934 4241 3140 4297 hordei.
3174 4237 3520 4293 Mandueavit

1951 4343 2133 4391 autem
2165 4350 2335 4391 unum
2371 4350 2626 4407 granum,
2657 4344 2713 4391 et
2750 4336 2983 4391 alterum
3018 4333 3075 4388 in
3110 4347 3271 4387 manu
3301 4344 3400 4387 sua
3427 4344 3522 4399 po-

1957 4426 2088 4481 suit.
2119 4424 2360 4481 Veniens
2387 4441 2517 4481 vcro
2539 4425 2705 4481 frater
2735 4425 2928 4497 ipsius,
2957 4421 3179 4479 offendit
3198 4436 3322 4478 eum
3347 4434 3524 4476 come-

254 4511 343 4562 ὅτι
379 4505 540 4582 εὗρες
570 4512 866 4585 βρώσιμον,
896 4516 988 4570 καὶ
1016 4518 1174 4588 μόνος
1206 4519 1425 4586 ἐσθίεις,
1458 4524 1552 4577 καὶ
1578 4524 1676 4577 οὐκ
1703 4524 1843 4595 seu-

1955 4518 2205 4585 dentem,
2231 4527 2285 4574 ct
2317 4520 2395 4574 ait
2433 4540 2445 4575 :
2494 4518 2747 4576 llzeecine
2796 4529 2879 4575 est
2920 4519 3196 4581 Charitas,
3243 4514 3387 4586 quod
3434 4514 3522 4569 in--

255 4601 435 4670 νησὰς
470 4620 573 4673 με;
608 4604 769 4673 Λέγει
799 4607 947 4676 αὐτῷ
970 4611 998 4662 6
1028 4609 1199 4673 ἀθϐἄς
1227 4612 1445 4683 Σισόης·
1475 4614 1588 4669 Οὐκ
1613 4615 1849 4687 ἠδίκησὰ

257 4709 343 4754 σε,
367 4692 603 4749 ἀδελφέ’
636 4696 744 4749 ἰδοὺ
783 4697 842 4750 τὸ
881 4698 1045 4769 μέρος
1074 4717 1166 4754 σου
1207 4705 1264 4755 ἐν
1305 4707 1369 4775 τῇ
1420 4707 1561 4777 χειρί
1595 4725 1695 4777 μου
1726 4710 1847 4779 ἔτή-

258 4799 424 4854 ρησα.

324 4961 430 5030 λβ’.
471 4961 696 5031 Ἔλεγον
726 4964 853 5033 περὶ
876 4964 969 5019 τοῦ
997 4966 1144 5020 ἁϐϐἄ
1166 4967 1329 5039 Σισόη
1350 4969 1443 5022 τοῦ
1471 4972 1728 5041 Θηϐαίου,
1764 4977 1846 5029 ὅτι

250 5052 480 5122 ἔμεινεν
527 5054 609 5118 είς
658 5054 751 5108 τὸν
800 5056 1119 5126 Καλαμῶνα
1180 5058 1274 5112 τοῦ
1337 5061 1705 5131 ’Λρσενοΐτουο
1757 5071 1849 5122 καὶ

248 5142 419 5207 ἄλλος
445 5144 625 5214 γέρων
665 5146 879 5215 ἠσθένει
921 5150 1001 5212 εἰς
1039 5150 1137 5219 τὴν
1175 5150 1340 5223 ἄλλην
1366 5151 1588 5225 λαύραν.
1626 5158 1735 5212 Καὶ
1771 5160 1847 5225 ὡς

246 5234 528 5318 ηκουσεν,
560 5235 769 5308 ἐθλὶϐη.
819 5239 1037 5310 Ἐπειδὴ
1074 5240 1132 5294 δὲ
1177 5241 1272 5296 δύο
1311 5244 1404 5298 δύο
1445 5247 1718 5318 ἐνήστευε,
1756 5253 1849 5305 καὶ

246 5317 321 5392 ἦν
350 5327 388 5399 ή
426 5327 616 5399 ἡμέρα
652 5329 710 5381 ἐν
826 5331 926 5384 οὐκ
956 5331 1145 5402 ἧσθιε·
1184 5335 1276 5387 καὶ
1317 5337 1407 5389 ὅτε
1445 5317 1663 5409 ἤκουσε,
1701 5340 1849 5412 λέγει

246 5413 334 5485 τῷ
366 5415 649 5490 λογισμῷ·
685 5420 750 5472 Τί
780 5422 1023 5492 ποιήσιος
1054 5422 1148 5477 ἐὰν
1186 5426 1422 5495 ἀπέλθω,
1452 5431 1646 5501 μήπως
1678 5434 1847 5502 ἀναγ-

247 5505 470 5562 κάσωσί
499 5528 570 5581 με
596 5513 644 5564 οἱ
678 5511 897 5579 ἀδελφοὶ
925 5517 1115 5583 φαγεῖν
1137 5533 1150 5546 ο
1184 5519 1275 5571 καὶ
1300 5519 1393 5572 ἐὰν
1424 5524 1745 5594 παραμείνω
1768 5528 1847 5590 είς

243 5599 357 5669 τὴν
408 5603 622 5674 αὔριον,
680 5606 891 5675 μήποτε
936 5607 1249 5683 τελευτήσῃ.
1298 5614 1442 5685 Πλὴν
1483 5617 1637 5671 τοῦτο
1689 5619 1840 5686 ποιῶ,

294 5778 345 5809 ’⁵
393 5784 477 5841 Ai.
516 5783 710 5856 φεῦγε.
788 5786 831 5816 ³⁵
857 5785 945 5843 Ai.
977 5788 1103 5843 add.
1136 5790 1251 5863 ἔτη,

1955 4619 2116 4667 vento
2158 4612 2461 4679 csculento,
2509 4612 2661 4668 solus
2700 4611 2958 4676 vesceris,
3007 4624 3107 4666 nec
3146 4608 3352 4664 vocasti
3392 4606 3523 4659 me?

1956 4704 2256 4775 Respondit
2307 4706 2477 4762 abbas
2529 4704 2716 4762 Sisoes
2750 4723 2764 4760 :
2799 4705 2914 4759 Non
2963 4704 3055 4759 tibi
3090 4701 3191 4756 feci
3224 4699 3477 4769 injuriam
3500 4738 3515 4759 ,

1952 4795 2120 4851 frater
2169 4814 2181 4851 :
2235 4813 2401 4864 ecce,
2457 4807 2662 4868 partem
2721 4806 2867 4854 tuam
2916 4797 2970 4851 in
3019 4810 3184 4849 manu
3234 4808 3352 4849 mea
3400 4808 3519 4849 ser-

1953 4890 2096 4942 vavi.

2024 4979 2113 5034 εξ.
2169 4980 2474 5037 Narrabant
2515 4983 2581 5037 de
2638 4982 2831 5037 abbate
2870 4980 3025 5039 Sisoe
3062 4978 3325 5043 Titcbzro,
3374 4979 3520 5049 quod

1955 5077 2202 5124 maneret
2252 5070 2308 5125 in
2358 5069 2655 5127 Calamone
2687 5069 3024 5135 Arsenoitat;
3064 5075 3119 5123 et
3168 5066 3308 5122 alius
3348 5079 3521 5120 senex

1953 5161 2256 5230 aegrotabat
2298 5162 2353 5217 in
2394 5162 2500 5216 alia
2544 5163 2715 5217 laura.
2774 5159 2951 5232 thue
2993 5158 3228 5222 audivit,
3280 5158 3522 5229 graviter

1956 5253 2099 5307 tulit.
2125 5252 2263 5319 Quia
2289 5270 2416 5310 vero
2441 5269 2536 5324 per
2556 5254 2802 5325 singulos
2824 5254 2963 5309 duos
2988 5252 3106 5308 dies
3120 5251 3329 5307 solebat
3352 5250 3520 5306 semel

1950 5353 2161 5402 tantum
2204 5347 2513 5414 comedere,
2559 5358 2786 5422 eratque
2828 5349 2945 5406 dies
2986 5364 3096 5420 quo
3142 5345 3447 5405 abstinebat
3489 5361 3521 5401 a

1950 5437 2110 5503 cibo;
2141 5439 2235 5494 ubi
2282 5455 2396 5495 rem
2430 5442 2656 5507 didicit,
2689 5442 2828 5498 dixit
2877 5443 2932 5497 in
2980 5442 3163 5499 animo
3209 5457 3349 5499 suo:
3380 5428 3522 5508 Quid

1952 5528 2195 5583 faciam?
2218 5530 2276 5585 Si
2318 5533 2503 5590 abiero
2533 5575 2548 5602 ,
2584 5551 2650 5591 ne
2682 5536 2819 5592 forte
2850 5542 3047 5607 cogant
3088 5551 3173 5592 me
3204 5534 3403 5591 fratres
3447 5534 3525 5588 εἰς

1953 5623 2079 5677 bum
2111 5637 2355 5693 sumere;
2388 5626 2431 5682 si
2461 5636 2846 5696 exspectarem
2872 5628 2937 5685 ad
2973 5630 3270 5686 crastinam
3314 5628 3523 5693 lucem,
3612 5646 3615 5647 '
