4028 6338
469 271 570 335 467

1567 287 1909 346 APPENDIX
1947 291 2038 349 AD
2078 292 2499 355 PALLADIUM.

3633 306 3736 364 408

461 392 594 454 bum
629 392 933 464 inciderit;
974 395 1293 454 sedentibus
1340 411 1522 456 autem
1557 401 1706 459 circa
1733 421 1858 461 eum
1893 407 2043 464 seni-

2155 411 2244 466 καὶ
2265 412 2591 488 καθημένων
2619 416 2888 489 γερόντων
2919 421 2964 452 ²⁹
2991 417 3125 490 πρὸς
3151 420 3312 474 αὐτὸν
3340 418 3568 491 ἐλάλησέ
3603 430 3731 480 τισὲ.

462 489 592 554 bus,
631 487 960 559 loquebatur
999 506 1123 546 cum
1165 492 1520 564 quibusdam.
1561 495 1731 552 Aiunt
1771 497 1821 553 ei
1853 515 1866 552 :
1903 498 2045 566 Quid

462 579 640 644 vides,
677 580 854 636 abba?
891 581 1033 638 Dicit
1069 583 1177 640 illis
1211 579 1224 638 ἐ
1259 583 1441 641 Cerno
1473 587 1739 658 quosdam
1767 590 2048 646 venientes

463 686 634 742 super
657 687 766 738 me,
805 689 944 744 quos
976 688 1126 744 rogo,
1153 683 1214 729 ut
1243 676 1427 732 sinant
1453 692 1542 735 me
1568 679 1848 750 paululum
1869 682 2047 753 paeni-

459 765 694 819 tentiam
729 779 910 836 agere.
945 763 1102 822 Tune
1143 766 1212 821 ad
1251 782 1376 824 eum
1425 769 1651 839 quidam
1689 787 1721 828 e
1769 773 1995 830 senibus
2028 792 2042 828 :

464 859 522 914 Si
560 859 934 931 permiserint,
977 861 1138 916 modo
1167 869 1396 932 potesne
1429 855 1642 921 utiliter
1683 880 1886 922 vacare
1926 881 2044 938 p03-

462 953 755 1008 nitentiae?
800 951 1105 1024 Respondit
1165 971 1332 1012 senex
1378 973 1394 1012 :
1443 955 1707 1024 Quamvis
1753 973 2044 1029 nequeam,

463 1051 647 1099 tamen
693 1058 991 1116 parumper
1034 1045 1339 1118 ingemisco
1370 1063 1538 1119 super
1561 1049 1742 1104 anima
1785 1064 1926 1115 mea,
1957 1050 2043 1108 id-

461 1155 570 1211 que
595 1137 796 1194 sullicit
824 1139 977 1195 mihi.

533 1229 624 1284 50.
683 1227 759 1285 De
815 1229 1013 1287 abbate
1079 1231 1236 1288 Sisoe
1294 1234 1836 1302 commemorabam,
1895 1235 2040 1308 quod

463 1323 684 1394 quando
722 1322 872 1377 venit
900 1323 957 1378 in
988 1322 1238 1396 Clysma,
1287 1327 1601 1398 agrotavit;
1632 1337 1686 1382 et
1721 1327 1942 1384 sedente
1977 1343 2044 1382 eo

463 1416 520 1472 in
566 1413 702 1469 cella
745 1429 872 1470 cum
909 1415 1184 1488 discipulo
1221 1433 1343 1486 suo,
1387 1434 1515 1476 ecce
1541 1419 1725 1474 audita
1757 1419 2044 1489 estjanum

461 1503 748 1576 pulsatio:
783 1519 950 1575 quam
982 1507 1294 1578 percipiens
1315 1523 1504 1574 senex,
1533 1508 1608 1564 ait
1637 1508 1911 1578 discipulo
1939 1523 2042 1562 suo

461 1599 810 1654 Abrahamo:
839 1597 939 1655 Die
961 1599 1010 1654 ei
1035 1600 1128 1670 qui
1161 1601 1341 1671 pulsat
1367 1619 1381 1656 :
1410 1600 1522 1673 Ego
1541 1600 1730 1657 Sisoes
1752 1601 1806 1656 in
1831 1609 2040 1663 monte.

459 1707 562 1769 ego
594 1690 782 1748 Sisoes
810 1695 864 1746 in
895 1700 1085 1750 malta.
1115 1691 1210 1775 ille
1231 1709 1361 1750 vero
1391 1695 1644 1762 audiens,
1670 1695 1914 1752 evanuit.

533 1875 622 1932 5|.
665 1874 812 1930 Dixit
842 1875 1018 1930 abbas
1051 1874 1242 1932 Sisoes
1275 1873 1544 1932 Thebanis
1575 1875 1849 1946 discipulo
1882 1889 1984 1930 suo
2022 1892 2034 1925 :

462 1967 735 2042 Eloquere
770 1967 902 2023 mihi
939 1968 1075 2040 quid
1111 1969 1166 2023 in
1207 1985 1293 2024 me
1328 1984 1621 2041 agnoscas,
1651 1976 1704 2024 et
1733 1983 1835 2040 ego
1881 1969 2043 2026 vicis-

463 2059 568 2114 sim
605 2059 703 2114 tibi
733 2058 1008 2130 proferam
1043 2058 1187 2130 quod
1215 2059 1269 2114 in
1301 2069 1353 2115 te
1379 2073 1638 2131 agnosco.
1663 2058 1752 2112 Ait
1780 2058 1854 2112 illi
1875 2057 2042 2112 disci-

462 2148 628 2220 pulus
663 2167 677 2204 :
719 2147 799 2203 Tn
829 2149 1006 2205 bonus
1033 2149 1241 2217 animo,
1283 2150 1377 2207 sed
1423 2151 1588 2222 paulo
1614 2135 1826 2206 duriori.
1853 2149 1919 2204 Et
1959 2164 2043 2206 sc-

464 2253 567 2296 uex
594 2257 607 2294 ;
633 2239 710 2294 Τιι
732 2254 882 2306 vero,
903 2241 1104 2312 inquit,
1124 2240 1306 2296 bonus
1339 2257 1420 2306 es,
1451 2242 1548 2300 sed
1579 2243 1761 2297 animo
1781 2241 2040 2296 molliori.

536 2331 626 2392 52.
667 2331 918 2388 Relatum
949 2343 1036 2390 est
1075 2333 1144 2389 de
1177 2334 1374 2390 abbate
1415 2334 1573 2391 Sisoe
1601 2333 1858 2397 Thebaeo,
1893 2333 2042 2404 quod

463 2411 660 2498 panem
697 2441 806 2480 non
840 2426 1170 2482 comederet.
1213 2425 1281 2481 Et
1310 2427 1366 2482 in
1399 2427 1540 2482 festo
1570 2425 1819 2492 Paschae,
1847 2425 2044 2480 fratres

461 2525 794 2589 rogaverunt
836 2534 961 2575 cum
1005 2519 1301 2590 supplices,
1351 2528 1415 2575 ut
1448 2535 1572 2574 eum
1622 2519 1756 2589 ipsis
1803 2525 2046 2575 sumeret

463 2609 668 2666 cibum.
690 2608 994 2682 Respondit
1015 2611 1382 2667 :Alterutrum
1403 2610 1652 2667 facturus
1679 2626 1823 2675 sum,
1845 2611 1928 2665 vel
1947 2625 2044 2680 pa-

463 2713 590 2753 nem
629 2714 867 2768 sumam,
892 2699 976 2756 vel
1017 2715 1140 2771 qua:
1169 2699 1493 2756 confecistis
1528 2700 1732 2756 edulia.
1768 2699 1851 2754 llli
1894 2699 2046 2754 dixe-

461 2798 634 2846 runt:
669 2788 858 2846 Solum
889 2807 1084 2863 panem
1111 2791 1402 2848 manduca.
1438 2794 1616 2863 Atque
1647 2793 1721 2847 ita
1750 2789 1898 2848 fecit.

975 2928 1050 2983 De
1077 2928 1266 2984 abbate
1301 2928 1540 2985 Silvano.

534 3039 588 3095 1.
633 3038 745 3112 (58)
779 3041 1144 3096 Aceesserunt
1168 3039 1465 3110 aliquando
1495 3039 1669 3094 abbas
1697 3037 1952 3093 Silvanus
1995 3047 2048 3092 et

2149 500 2412 572 Λέγουσιν
2439 504 2618 577 αὐτῷ·
2643 507 2708 560 Τί
2731 506 2970 579 βλέπεις,
3004 509 3182 576 ἀΰϐᾶς
3213 509 3323 565 Kal
3354 508 3502 582 λέγει
3531 511 3734 576 αὐτοῖς*

2159 594 2303 668 Ὀρῶ
2327 614 2480 663 τινας
2501 597 2753 665 ἐλθόντας
2791 601 2878 654 ἐπ’
2915 601 3036 672 ἐμὲ,
3072 601 3166 658 καὶ
3209 603 3512 676 παρακαλῶ
3542 605 3736 669 αὐτοὺς

2149 687 2238 742 ἵνα
2271 688 2475 743 ἐάσωσι
2513 708 2582 762 με
2617 691 2812 764 μικρὸν
2857 694 3206 766 μετανοῆσαι.
3253 694 3416 764 Λέγει
3463 695 3612 766 αὐτῷ
3655 690 3734 761 εἷς

2147 779 2258 834 τῶν
2301 781 2602 854 γερόντων·
2639 784 2750 838 Kal
2785 785 2878 838 ἐὰν
2913 785 3118 841 ὲάσωσί
3158 803 3239 851 σε,
3264 786 3474 858 ἀπάρτι
3511 787 3734 842 δύνασαι

2147 873 2514 947 χρησιμεῦσαι
2549 877 2630 940 εἰς
2669 877 3000 948 μετάνοιαν;
3045 878 3211 951 Λέγει
3256 879 3408 952 αὐτῷ
3444 880 3474 934 ὁ
3517 879 3732 953 γέρων.

2146 966 2211 1020 El
2240 965 2296 1020 δὲ
2321 967 2384 1021 οὐ
2417 967 2653 1039 δύναμαι
2679 970 2922 1042 ποιῆσαι,
2945 970 3085 1025 ἀλλὰ
3133 970 3374 1036 στενάζω
3417 973 3604 1030 ἐπάνω
3638 972 3734 1044 τῆς

2145 1058 2325 1131 ψυχῆς
2357 1077 2458 1132 μου
2485 1061 2700 1133 μικρὸν,
2734 1063 2828 1116 καὶ
2853 1063 3014 1135 ἀρκεῖ
3042 1079 3154 1135 μοι.

2216 1243 2278 1290 ν’.
2310 1236 2536 1308 Ἔλεγον
2569 1239 2700 1310 περὶ
2723 1237 2816 1292 τοῦ
2845 1239 2992 1298 ἀϐὁᾶ
3020 1239 3205 1314 Σισόη,
3233 1241 3314 1296 ὅτι
3342 1241 3431 1296 ὅτε
3471 1237 3632 1314 ἦλθεν
3657 1243 3735 1306 εἰς

2145 1331 2206 1383 τὸ
2247 1329 2502 1402 Κλύσμα,
2552 1331 2848 1404 ἠσθένησε·
2890 1333 2985 1387 καὶ
3025 1332 3334 1406 καθημένου
3385 1334 3553 1389 αὐτοῦ
3601 1334 3737 1408 μετὰ

2143 1420 2237 1474 τοῦ
2282 1420 2526 1496 μαθητοῦ
2575 1423 2739 1477 αὐτοῦ
2790 1425 2871 1488 εἰς
2923 1423 3023 1496 τὴν
3073 1425 3287 1490 κέλλαν,
3333 1427 3442 1480 ἰδοὺ
3487 1425 3738 1498 κροῢσμα

2144 1511 2368 1582 γέγονεν
2411 1514 2492 1578 εις
2526 1513 2627 1587 τὴν
2665 1513 2855 1588 θύραν.
2904 1516 3014 1571 Kal
3041 1517 3238 1588 νοήσας
3279 1519 3310 1572 6
3346 1516 3546 1588 γέρων,
3591 1517 3738 1587 λέγει

2143 1603 2222 1674 τῷ
2274 1603 2490 1676 μαθητῇ
2541 1605 2704 1659 αὑτοῦ
2762 1606 3031 1679 ’Δϐραάμο
3088 1609 3220 1661 Εἰπὲ
3275 1608 3354 1678 τῷ
3408 1610 3733 1680 κρούσαντι·

2158 1695 2300 1765 Ἐγὼ
2325 1697 2518 1768 Σισὸης
2555 1699 2634 1764 είς
2684 1699 2746 1752 τὸ
2792 1699 2934 1772 ὖρος,
2964 1699 3076 1769 ἐγὼ
3110 1700 3303 1772 Σισόης
3343 1702 3424 1766 εἰς
3465 1699 3526 1754 τὸ
3568 1701 3740 1772 χαρά-

2077 1756 2118 1814 B
2144 1788 2312 1862 δριον.
2349 1789 2409 1845 Ὀ
2538 1791 2780 1856 ἀκούσας
2811 1756 3022 1864 ἀφανὴς
3049 1756 3285 1862 ἐγένετό.

2215 1888 2313 1934 να’.
2355 1877 2580 1936 Εἵπενὸ
2607 1883 2780 1949 esse;
2819 1885 3014 1956 Σισόης
3062 1886 3090 1937 6
3133 1885 3366 1956 Θηϐαῖος
3406 1885 3484 1956 τῷ
3524 1885 3738 1956 μαθητῇ

2147 1972 2310 2028 αὑτοῦ
2331 1991 2344 2003 ·
2381 1973 2515 2028 Εἱπέ
2547 1992 2638 2047 μοι
2671 1975 2722 2030 τί
2755 1976 2973 2048 βλέπεις
3003 1979 3081 2040 εἰς
3120 1977 3240 2048 ἐμὲ,
3281 1976 3434 2046 κὰγὼ
3469 1995 3551 2032 σοι
3599 1977 3740 2046 λέγω

2144 2065 2198 2118 τί
2225 2065 2410 2138 βλέπω
2440 2069 2518 2131 εἰς
2547 2068 2626 2123 σε.
2659 2067 2825 2137 Λέγει
2865 2069 3015 2140 αὑτῷ
3057 2071 3086 2122 6
3140 2068 3384 2141 μαθητὴς
3425 2067 3626 2122 αὑτοῦ·
3667 2068 3739 2122 Σὺ

2147 2157 2310 2224 καλὸς
2341 2157 2418 2230 τῷ
2445 2157 2543 2229 νῷ,
2578 2159 2673 2213 καὶ
2699 2160 2932 2230 σκληρὸς
2964 2159 3176 2232 μικρόν.
3204 2161 3365 2230 Λέγει
3408 2159 3557 2231 αὐτῷ
3587 2161 3616 2213 ὁ
3644 2159 3738 2230 γέ-

2149 2266 2284 2322 ρωνο
2315 2251 2387 2304 Σὺ
2422 2250 2585 2316 καλὸς
2608 2247 2680 2315 εἶ,
2708 2251 2844 2306 ἀλλὰ
2868 2251 3065 2322 χαῦνος
3095 2251 3174 2324 τῷ
3205 2252 3302 2324 νῷ.

2217 2341 2317 2413 νβ’.
2349 2341 2574 2412 Ἔλεγον
2597 2343 2725 2416 περὶ
2751 2343 2846 2400 τοῦ
2877 2343 3020 2398 ἁϐϐἇ
3053 2343 3213 2415 Σισόη
3241 2343 3332 2397 τοῦ
3367 2343 3622 2415 Θηϐαίου,
3660 2345 3742 2398 ὅτι

2149 2436 2248 2490 οὐκ
2266 2435 2451 2508 ἢσθιεν
2472 2435 2653 2507 ἄρτον.
2679 2438 2790 2492 Kal
2808 2439 2886 2502 εἰς
2906 2437 3001 2508 τὴν
3023 2439 3216 2510 ἑορτὴν
3236 2437 3325 2492 τοῦ
3345 2438 3536 2509 Πάσχα
3553 2437 3744 2491 ἔϐαλον

2148 2527 2297 2599 αὐτῷ
2350 2529 2636 2600 μετάνοιαν
2680 2531 2731 2582 οἱ
2777 2529 3018 2600 ἀδελφοὶ,
3061 2531 3147 2583 ἵνα
3185 2531 3328 2600 φάγῃ
3381 2533 3497 2600 μετ’
3538 2531 3736 2584 αὐτῶν.

2149 2621 2259 2675 Kal
2298 2620 2618 2693 ἀποκριθεὶς
2660 2617 2813 2676 εἶπεν
2858 2623 3075 2688 αὐτοῖς’
3114 2623 3211 2678 Ἓν
3246 2623 3354 2695 ἔχω
3400 2623 3656 2694 ποιῆσαν
3705 2625 3738 2695 ἢ

2149 2713 2311 2784 ἄρτον
2337 2711 2442 2784 ἔχω
2469 2712 2874 2784 μεταλαϐεῖνςῆ
2908 2715 3006 2768 ὅσα
3039 2715 3328 2786 ἐποιήσατε
3365 2716 3560 2785 gavia.
3593 2717 3657 2769 Οἱ
3684 2717 3743 2770 δὲ

2150 2799 2301 2857 εἷπον
2323 2803 2490 2876 αὐτῷ’
2515 2806 2712 2876 ’Ἄρτον
2737 2805 2895 2876 μόνον
2921 2807 3082 2878 (give.
3115 2807 3172 2859 '0
3193 2808 3250 2860 δε
3275 2809 3530 2878 ἐποίησεν
3550 2808 3738 2872 οὕτως.

2525 2939 2664 3008 Περὶ
2697 2939 2805 2994 τοῦ
2839 2939 2987 2995 ιὶὅϐιὶ
3015 2941 3352 2996 Σιλουανοῦ
3374 2975 3389 2989 ο

2218 3061 2286 3107 α’.
2313 3051 2596 3124 Παρέὗαλὲ
2629 3068 2758 3104 ποτε
2787 3053 2815 3105 6
2853 3052 3027 3116 6666i;
3052 3051 3336 3116 Σιλουανὺς
3367 3054 3460 3106 καὶ
3507 3055 3536 3107 6
3569 3052 3746 3123 p.an-

463 3129 764 3187 Zacharias
797 3131 1104 3201 diseipulus
1159 3133 1280 3200 ejus
1329 3131 1395 3186 ad
1438 3131 1714 3202 quoddam
1767 3138 2041 3185 monaste-

2155 3146 2246 3215 τὴς
2275 3143 2438 3198 αὐτοῦ
2466 3141 2741 3214 Ζαχαρίας
2781 3144 2860 3206 είς
2911 3144 3308 3215 μοναστὴριον·
3353 3144 3446 3196 καὶ
3481 3144 3744 3213 ἐποίησαν

461 3226 646 3287 rium,
689 3225 783 3279 ubi
833 3225 1010 3280 adacti
1054 3232 1184 3280 sunt
1228 3223 1294 3278 ad
1342 3237 1536 3293 parum
1567 3222 1676 3277 cibi
1717 3223 2043 3278 sumendum

463 3325 758 3386 antequam
819 3315 1328 3387 proficiscerentur.
1393 3315 1532 3370 Cum
1593 3323 1776 3370 autem
1833 3315 2044 3386 egressi

463 3409 722 3473 fuissent,
749 3408 1056 3478 discipulus
1087 3407 1206 3476 ejus
1235 3407 1292 3462 in
1319 3408 1404 3462 via
1425 3422 1620 3478 aquam
1653 3406 1878 3478 reperit,
1905 3407 2047 3464 vole-

460 3502 663 3572 batque
705 3501 913 3557 bibere.
948 3501 1037 3555 Ait
1083 3501 1161 3555 illi
1203 3516 1369 3556 senex
1399 3521 1415 3562 :
1447 3499 1733 3565 Zacharia,
1769 3500 1933 3556 hodie
1961 3501 2047 3571 je-

457 3590 673 3660 junium
715 3598 820 3646 est.
864 3589 956 3644 Ille
1000 3590 1216 3660 excepit
1249 3608 1262 3646 :
1294 3589 1488 3646 Nonne
1519 3589 1884 3654 comedimus,
1941 3591 2043 3645 Pa-

460 3682 590 3739 ter?
654 3679 958 3752 Respondit
1017 3672 1184 3738 senex
1237 3698 1250 3734 :
1297 3682 1392 3738 Illa
1431 3683 1701 3740 comeSIio
1753 3685 2044 3742 eharitatis

460 3775 596 3843 fuit;
637 3791 740 3832 nos
771 3784 950 3831 autem
989 3775 1261 3846 jejunium
1304 3781 1553 3832 nostrum
1601 3784 1910 3842 teneamus,
1945 3777 2040 3832 fili.

532 3868 586 3924 Ξ.
633 3868 742 3940 159)
786 3867 954 3935 Idem,
1001 3868 1204 3926 sedens
1249 3869 1552 3940 aliquando
1587 3885 1716 3926 cum
1752 3870 2042 3934 fratribus,

459 3963 518 4018 in
561 3963 824 4018 cxstasim
859 3963 1139 4035 abreptus,
1179 3963 1382 4019 cecidit
1427 3963 1483 4020 in
1527 3963 1759 4031 faciem;
1788 3973 1843 4020 et
1871 3965 2045 4037 multo

461 4063 586 4126 post
637 4071 871 4128 surgens
911 4057 1182 4128 plorabat.
1232 4056 1586 4127 negaverunt
1639 4073 1765 4113 eum
1817 4056 2040 4120 fratres,

458 4148 710 4205 dicentes
743 4168 755 4202 :
797 4149 940 4215 Quid
975 4151 1168 4218 habes,
1201 4151 1404 4206 Pater?
1444 4150 1538 4206 llle
1572 4167 1704 4207 vero
1746 4150 1961 4206 tacebat
1989 4159 2045 4206 et

460 4240 732 4311 plorabat.
759 4239 1007 4310 Cumque
1027 4251 1288 4313 cogerent
1307 4259 1432 4299 eum
1457 4244 1604 4314 loqui
1631 4261 1646 4300 :
1671 4243 1806 4314 Ego,
1841 4244 2040 4314 inquit,

460 4331 529 4386 ad
575 4331 844 4397 judicium
895 4340 1088 4402 raptus
1127 4349 1290 4400 sum;
1329 4336 1705 4406 conspexique
1749 4336 1952 4392 multos
1977 4335 2044 4392 de

2149 3235 2346 3300 αὐτοὺς
2374 3235 2672 3304 γεύσασθαι
2708 3235 2900 3307 μικρὸν
2926 3237 3030 3307 πρὸ
3060 3235 3156 3290 τοῦ
3189 3235 3423 3290 ὁδεῦσαι.
3459 3237 3565 3290 Kal
3595 3235 3744 3304 ἐξελ-

2150 3328 2350 3382 θόντων
2380 3327 2578 3394 αὐτῶν,
2621 3321 2780 3400 εὗρεν
2815 3331 2844 3382 6
2893 3327 3140 3401 μαθητὴς
3191 3328 3354 3382 αὐτοῦ
3401 3326 3545 3399 ὕδωρ
3579 3331 3637 3382 ὲν
3675 3331 3742 3400 τῇ

2147 3421 2271 3493 ὁδῷ,
2301 3422 2392 3474 καὶ
2422 3420 2579 3492 ἤθελε
2606 3423 2769 3474 πιεῖν.
2815 3421 2926 3475 Kal
2968 3419 3116 3490 λέγει
3159 3419 3305 3489 αὑτῷ
3335 3421 3364 3472 6
3396 3419 3571 3491 γέρων
3591 3435 3605 3450 ·
3636 3421 3742 3472 Za-

2148 3515 2334 3587 χαρία,
2358 3511 2580 3586 νηστεία
2616 3515 2854 3586 σήμερον
2887 3512 3022 3584 (60).
3070 3513 3128 3566 '0
3160 3511 3216 3564 δὲ
3247 3511 3427 3580 λέγει’
3463 3511 3575 3565 Οὐκ
3607 3510 3744 3580 ἐφά-

2147 3623 2339 3678 γομεν,
2374 3607 2597 3677 Ila-cep;
2640 3605 2804 3674 Λέγει
2855 3607 2883 3658 6
2932 3603 3145 3676 γέρων·
3195 3603 3400 3657 Ἐκεῖνο
3427 3602 3507 3668 τὸ,
3540 3601 3743 3671 ἐφάγο-

2153 3715 2251 3768 μεν
2268 3698 2332 3762 ³⁸,
2363 3697 2462 3768 τῆς
2483 3699 2708 3768 ἀγάπης
2736 3693 2804 3769 ἦν
2822 3713 2835 3726 ·
2861 3699 3025 3768 ἡμεῖς
3052 3695 3108 3749 δὲ
3134 3696 3233 3767 τὴν
3255 3694 3462 3750 ἑαυτῶν
3491 3695 3745 3765 νηστείαν

2149 3791 2531 3862 κρατήσωμεν,
2561 3788 2770 3844 τέκνον.

2220 3879 2284 3950 β’.
2328 3880 2386 3932 ὐ
2412 3877 2576 3944 αὐτὸς
2605 3877 2968 3948 καθεζόμενός
2997 3895 3129 3930 ποτε
3161 3877 3298 3948 μετὰ
3328 3875 3592 3946 ἁδελιξῶν,
3628 3877 3744 3948 ἐγέ-

2147 3988 2268 4044 νετο
2289 3972 2346 4024 ἐν
2374 3969 2649 4034 ἐκστάσει,
2671 3967 2766 4022 καὶ
2799 3967 2985 4020 πίπτει
3015 3967 3107 4021 ἐπὶ
3135 3968 3454 4040 πρόσωπον
3484 3969 3578 4020 καὶ
3604 3967 3744 4038 μετὰ

2150 4060 2284 4115 πολὺ
2334 4058 2574 4122 ἀναστὰς
2625 4057 2828 4111 ἔκλαιε.
2884 4057 2996 4110 Kal
3049 4057 3428 4128 παρεκάλεσαν
3477 4056 3641 4110 αὐτὸν
3693 4059 3743 4110 οἱ

2147 4151 2386 4222 ἀδελφοὶ,
2431 4150 2712 4221 λέγοντες·
2754 4148 2820 4202 Τί
2859 4148 3022 4220 ἔχεις,
3071 4149 3288 4220 Πάτερς
3339 4149 3397 4202 '0
3427 4147 3484 4202 δὲ
3527 4147 3750 4204 ἐσιώπα-

2147 4240 2242 4294 καὶ
2272 4239 2508 4295 ἔκλαιεν.
2549 4238 2987 4310 Ἀναγκαζὸντων
3025 4239 3082 4292 δὲ
3119 4237 3300 4294 αὐτῶν
3333 4240 3527 4305 εἰπεῖν,
3551 4236 3740 4294 εἶπεν·

2159 4331 2300 4402 Ἐγὼ
2328 4335 2407 4397 εἰς
2434 4332 2531 4404 τὴν
2562 4333 2742 4404 κρίσιν
2769 4331 3060 4404 ἡρπάγηψ
3091 4332 3185 4386 καὶ
3219 4327 3357 4386 εἶδον
3389 4331 3616 4396 πολλοὺς
3645 4331 3746 4396 τοῦ

457 4435 660 4493 genere
682 4428 877 4474 nostro
911 4429 1106 4476 euntes
1140 4423 1208 4476 ad
1232 4425 1584 4494 supplicium,
1623 4428 1827 4482 multos
1859 4436 2040 4482 autem

2155 4426 2336 4494 γένους
2364 4425 2521 4497 ἡμῶν
2553 4427 2962 4496 ἀπερχομένους
2997 4427 3078 4488 εἰς
3111 4425 3352 4490 κόλασιν,
3384 4426 3480 4480 καὶ
3511 4425 3746 4490 πολλοὺς

457 4530 490 4571 e
513 4512 878 4570 saecularibus
903 4520 1098 4568 euntes
1123 4513 1190 4568 ad
1221 4529 1472 4585 regnum.
1508 4515 1574 4569 Et
1598 4518 1820 4588 lugebat
1847 4534 2037 4581 senex,

348 4678 364 4684 _
458 4623 524 4664 ae
554 4605 774 4662 nolebat
796 4607 950 4662 exire
977 4621 1008 4662 e
1043 4606 1180 4661 cella
1210 4621 1330 4663 sua.
1358 4606 1517 4674 Quod
1551 4609 1598 4663 si
1631 4609 1783 4664 exire
1816 4625 2044 4679 cogere-

457 4711 572 4766 tur.
612 4701 896 4774 operiebat
939 4702 1155 4758 cuculla
1197 4701 1391 4760 faciem
1439 4718 1620 4765 suam,
1665 4702 2036 4774 dicebatque:

459 4796 601 4862 Quid
653 4797 872 4866 cupiam
923 4797 1108 4852 videre
1141 4794 1323 4850 lumen
1381 4793 1483 4850 hoc
1539 4794 1858 4864 temporale,
1894 4793 2040 4864 quod

457 4886 526 4942 ad
550 4887 686 4942 nihil
718 4889 850 4944 Utile
881 4895 965 4942 est
990 4887 1014 4940 ?

2147 4517 2256 4572 τῶν
2281 4517 2562 4579 κοσμικῶν
2585 4517 2993 4588 ἀπερχομένους
3022 4519 3102 4582 είς
3123 4517 3416 4586 βασιλείαν.
3446 4519 3557 4572 Kal
3581 4519 3748 4572 knew

2152 4609 2234 4662 θει
2267 4609 2296 4661 ὁ
2324 4608 2525 4678 γέρων,
2563 4609 2656 4661 καὶ
2686 4609 2786 4662 οὐκ
2815 4609 3004 4679 ἤθελεν
3031 4607 3265 4672 ἐξελθεῖν
3297 4609 3362 4662 ὲκ
3391 4609 3486 4664 τοῦ
3525 4609 3747 4668 κελλῖοελ

2150 4700 2338 4754 αὐτοῦ.
2380 4701 2444 4754 Εἰ
2484 4699 2542 4754 δὲ
2573 4701 2668 4754 καὶ
2694 4699 3034 4771 ἠναγκάζετο
3063 4701 3296 4768 ἐξελθεῖν
3316 4703 3383 4766 ³¹,
3415 4701 3615 4756 ἐσκεπε
3661 4703 3744 4774 τῷ

2150 4793 2448 4866 κουκουλίῳ
2477 4793 2588 4865 (61)
2620 4792 2682 4845 τὸ
2711 4793 3000 4866 πρόσωπον
3038 4794 3236 4858 αὐτοῦ,
3268 4793 3472 4862 λέγων·
3506 4794 3572 4848 Τί
3599 4794 3743 4850 θέλω

2153 4885 2280 4938 ἰδεῖν
2325 4885 2386 4938 τὸ
2426 4885 2542 4955 φῶς
2586 4884 2744 4940 τοῦτο
2793 4885 2852 4939 τὸ
2897 4887 3252 4957 πρόσκαιρον,
3297 4887 3391 4940 καὶ
3423 4886 3573 4942 οὐδὲν
3613 4887 3744 4959 ἔχον

2149 4976 2338 5046 ὄφελος
2358 4994 2372 5044 ;

523 5095 574 5126 ’⁸
613 5093 702 5148 ΑΙ.
726 5088 1008 5165 Πατὲρων.
1089 5089 1132 5122 ³⁸³
1157 5089 1242 5143 Al.
1270 5093 1482 5158 φαγεῖν.
1560 5087 1601 5120 ³¹
1629 5087 1718 5142 Al.
1751 5087 1880 5144 add.
1911 5089 1976 5142 ἐκ
2002 5087 2098 5142 τοῦ
2133 5089 2345 5144 κελλίου
2376 5089 2560 5145 αὐτοῦ.

530 5231 644 5302 (58)
694 5229 801 5302 [ξι.
829 5229 984 5302 Patr.
1024 5242 1108 5292 ιιι,

526 5297 641 5370 (59)
693 5297 798 5352 Vit.
827 5299 980 5353 Patr.
1015 5319 1096 5370 ιιι,
1129 5299 1213 5352 l5.

525 5366 640 5440 (60)
685 5371 902 5424 Ἤθελε
929 5369 1155 5440 πιεῖν...
1204 5367 1462 5435 νηστεία
1496 5366 1786 5440 σήμερον.
1831 5367 1892 5423 Si
1925 5379 2044 5440 post

451 5439 696 5497 somnum
727 5447 885 5494 noctu
906 5439 1248 5508 evigilaverit,
1280 5448 1435 5502 oret;
1465 5439 1513 5493 si
1535 5440 1683 5494 sitire
1709 5439 1938 5506 coeperit,
1961 5441 2045 5508 je-

453 5513 590 5581 funii
616 5510 1136 5581 auteminstatdies,
1171 5509 1342 5564 bibere
1375 5526 1479 5564 non
1501 5509 1735 5566 audebit.
1765 5509 2043 5566 Pachumii

458 5579 652 5651 Regula
689 5579 933 5648 capitulo
965 5580 1056 5651 87.

522 5650 636 5712 ttil)
683 5653 948 5722 Ἔσλέεπε
993 5650 1072 5714 τῷ
1121 5653 1480 5714 acrrumum).
1519 5651 1796 5706 Enimuero
1825 5652 2042 5722 quidam

456 5737 752 5780 myrtetum
809 5719 1052 5786 Patrum,
1096 5722 1360 5776 ubi'rclla
1396 5723 1652 5792 prodiret,
1691 5719 2038 5794 tegtttitentum

2143 5228 2304 5297 capiti
2330 5226 2652 5295 imponebat,
2677 5243 2740 5283 ne
2762 5229 2928 5282 aciem
2961 5229 3016 5282 in
3045 5228 3174 5299 solis
3197 5227 3365 5299 jubar
3387 5231 3678 5288 intenderet
3715 5249 3736 5289 :

2142 5314 2460 5373 causamque
2483 5306 2698 5373 rogatus
2732 5299 2999 5373 respondit
3025 5315 3064 5373 :_
3077 5298 3281 5370 Ecquid
3306 5311 3384 5358 est
3409 5317 3503 5358 cur
3533 5314 3743 5373 tempo-

2149 5369 2352 5442 rarium
2393 5369 2568 5442 (auten
2605 5369 2775 5442 videre
2808 5369 3215 5442 velintfﬂrmce
3247 5387 3314 5427 ex
3349 5388 3480 5430 mss.
3507 5389 3521 5424 :
3553 5369 3741 5442 Κοίίγε

2147 5456 2236 5515 τις
2257 5438 2368 5492 τῶν
2397 5437 2568 5515 axium
2600 5439 2900 5515 ᾙατέριψ,
2933 5441 3099 5515 ἡνίκα
3151 5441 3254 5512 τῆς
3273 5443 3494 5515 ,κέλλης
3514 5437 3738 5515 προῄει,

2150 5461 2232 5502 τις
2257 5461 2368 5492 των
2397 5461 2568 5506 αγιων
2621 5461 2900 5512 ιιατερων,
2933 5461 3099 5511 ηνικσ.
3151 5461 3254 5512 της
3285 5461 3482 5514 κεΛΑης
3514 5461 3738 5567 stiones,

2150 5511 2414 5580 κάλυμμα
2445 5508 2538 5562 ἐπὶ
2559 5508 2660 5632 τὶῖν
2693 5511 2935 5597 κεφαλὴν
2969 5513 3159 5597 scibat,
3190 5513 3327 5592 τερος
3347 5513 3408 5567 τὸ
3441 5514 3517 5602 μὴ
3587 5515 3738 5568 τενε-

2150 5596 2235 5632 σαι
2261 5581 2370 5632 (ΑΙ.
2413 5581 2600 5632 ὲνατεν
2628 5585 2740 5632 cati
2782 5599 2882 5632 ττιν
2927 5582 3104 5632 αυγῇν
3135 5599 3232 5632 του
3264 5583 3436 5632 ἡλίου-
3474 5586 3584 5632 [ml
3627 5587 3728 5632 ἐπ-

2145 5596 2235 5635 σαι
2261 5581 2370 5653 (ᾼΙ.
2413 5581 2740 5653 ἐνατενίσαι)
2782 5581 2901 5652 τὴν
2927 5581 3104 5653 αὐγὴν
3135 5581 3454 5652 τοιῗίὴλίου.⁷
3474 5581 3584 5638 Kal
3627 5587 3728 5638 ἐπ-

2143 5649 2494 5723 ερωτιῦμενος
2519 5649 2619 5723 τὴν
2662 5649 2847 5706 αἰτίαν
2895 5649 3261 5723 ἁπεκρίνατο·
3286 5649 3358 5706 ’Τί
3397 5653 3538 5709 θέλω
3566 5653 3736 5710 τοῦτο

2142 5722 2199 5774 τὸ
2223 5721 2335 5791 φῶς
2365 5720 2420 5774 τὸ
2454 5720 2782 5792 πρόσκαιρον
2818 5723 2976 5792 ίδ;ἰν;
3009 5720 3197 5782 'l‘bcod
3254 5723 3472 5782 Studita
3495 5735 3602 5783 cat.
3639 5727 3734 5784 18.
