4032 6338
240 312 353 377 600

1364 314 1981 375 APOPHTHEGMATA
2021 317 2333 378 PATRUM.

3416 326 3523 387 410

317 440 386 502 γ’.
423 430 650 486 ’Λλλοτε
683 429 931 501 εἰσῆλθεν
970 430 1002 484 6
1043 429 1289 503 μαθητὴς
1333 431 1496 488 αὑτοῦ
1542 432 1836 507 Ζαχαρίας,

2015 436 2073 491 5.
2116 432 2260 506 (62)
2291 433 2415 492 Alio
2464 440 2711 505 tempore
2756 434 3039 506 ingressus
3087 441 3172 492 est
3219 435 3524 507 discipulus

241 525 347 580 καὶ
376 514 534 597 εὗρεν
566 522 730 577 αὐτὸν
750 521 810 576 ὲν
841 522 1119 590 ἐκστάσει,
1151 523 1247 577 καὶ
1272 523 1329 576 αἱ
1362 525 1541 596 χεῖρες
1567 524 1732 579 αὐτοῦ
1759 526 1839 590 είς

240 616 342 670 τὸν
372 615 599 686 οὐρανὸν
628 614 972 687 ήπλωμέναι.
1016 615 1128 670 Καὶ
1173 613 1391 681 κλείσας
1431 615 1529 688 τὴν
1560 615 1729 688 θύραν
1749 615 1839 685 ἑξ-

240 707 402 780 ἧλθε.
422 706 534 760 Καὶ
562 704 733 761 ἐλθὼν
764 708 893 778 περὶ
912 705 1061 783 ὥραν
1092 705 1257 777 ἕκτην
1286 705 1383 760 καὶ
1410 705 1659 777 ὲννάτην,
1681 699 1839 778 εὗρεν

244 799 413 853 αὐτὸν
438 798 631 862 οὕτως.
683 798 795 853 Καὶ
828 798 956 870 περὶ
1000 796 1149 868 ὤραν
1177 796 1411 870 δεκάτην
1446 795 1704 868 ἔκρουσε·
1744 796 1839 851 καὶ

241 888 525 954 εἰσελθὼν,
551 882 709 962 εὗρεν
742 888 904 942 αὐτὸν
940 886 1303 960 ἡσυχάζοντα,
1336 887 1431 942 καὶ
1470 887 1617 958 λέγει
1656 886 1837 960 αὐτῷ·

240 976 312 1031 Τί
357 976 501 1049 ἔχεις
545 979 807 1050 σήμερον,
842 977 1064 1049 Πάτερ;
1112 977 1172 1033 '0
1214 977 1273 1031 δὲ
1315 973 1503 1034 εἶπεν·
1533 977 1837 1049 Ἦσθένησα

243 1068 509 1139 σήμερον,
530 1067 738 1121 τέκνον.
775 1067 833 1122 ’0
865 1067 923 1120 δὲ
961 1069 1241 1142 κρατήσας
1283 1068 1411 1132 τοὺς
1445 1067 1615 1133 πόδας
1646 1066 1836 1134 αὐτοῦ,

240 1158 466 1227 ἔλεγεν·
494 1158 568 1212 Οὐ
603 1160 677 1230 μή
704 1175 764 1211 σε
796 1158 961 1223 ἐάσω,
1001 1157 1097 1213 ἐὰν
1133 1158 1210 1232 μὴ
1249 1159 1407 1232 εἴπῃς
1434 1177 1525 1232 μοι
1574 1159 1630 1213 τί
1672 1154 1833 1225 εἶδες.

242 1250 412 1319 Λέγει
446 1250 591 1322 αὐτῷ
616 1251 645 1303 6
666 1250 842 1323 γέρων
862 1267 876 1282 ·
917 1248 1059 1319 Ἐγὼ
1079 1252 1162 1315 είς
1186 1251 1278 1306 τὸν
1302 1251 1529 1324 οὐρανὸν
1558 1251 1833 1324 ήρπάγην,

242 1341 346 1396 καὶ
371 1337 513 1396 εἶδον
540 1344 636 1415 τὴν
657 1343 815 1409 δόξαν
844 1342 938 1398 τοῦ
982 1341 1141 1410 Θεοῦ,
1181 1343 1277 1398 καὶ
1317 1345 1434 1399 ἐκεῖ
1476 1344 1709 1416 ἱστάμην
1732 1343 1837 1410 ἕως

240 1434 397 1507 ἄρτι,
420 1436 516 1490 καὶ
543 1436 638 1492 νῦν
669 1436 962 1509 άπελύθην.

312 1632 378 1688 ἃ.
425 1634 804 1706 Καθεζομένου
844 1638 975 1691 ποτὲ
1023 1637 1117 1692 τοῦ
1154 1638 1299 1693 άὸδᾶ
1338 1635 1625 1693 Σιλουανοῦ
1667 1637 1748 1703 είς
1775 1636 1838 1693 τὸ

236 1722 371 1796 ὅρος
399 1724 462 1777 τὸ
503 1725 656 1793 Σινά,
702 1727 945 1797 ἀπῆλθεν
986 1729 1017 1782 6
1063 1729 1312 1803 μαθητὴς
1352 1729 1518 1784 αὐτοῦ
1559 1729 1835 1802 Ζαχαρίας

1942 525 2061 597 ejus
2093 525 2392 582 Zacharias
2412 567 2428 593 ,
2457 533 2514 581 et
2548 525 2757 583 invenit
2792 540 2917 582 eum
2948 527 3004 581 in
3033 527 3270 594 exstasi,
3299 541 3525 587 manus-

1940 631 2048 688 que
2081 616 2203 688 ejus
2243 616 2298 673 in
2339 617 2541 673 malum
2578 625 2820 673 extensae
2854 625 3032 672 erant.
3077 617 3352 675 Claudcns
3392 636 3525 691 ergo

1938 706 2193 778 januam,
2223 708 2381 764 exiit.
2404 705 2608 762 Postea
2636 707 2870 763 veniens
2904 705 3053 760 circa
3091 705 3278 760 horam
3311 715 3521 762 sextam

1942 806 1998 855 et
2023 813 2250 866 nonam,
2276 799 2480 869 reperit
2501 797 2656 853 illum
2683 796 2736 851 in
2760 795 2950 853 eodem
2983 802 3151 851 statu.
3185 796 3346 852 Circa
3368 798 3520 854 deci-

1938 904 2086 945 mam
2120 903 2252 944 vero
2304 888 2497 944 horam
2543 884 2824 958 pulsavit,
2874 899 2939 939 ac
2974 885 3186 940 intrans
3215 892 3409 941 nactus
3436 893 3524 942 est

1938 980 2314 1052 quiescentem
2350 1020 2365 1045 ,
2407 980 2593 1050 aitque
2627 978 2706 1034 illi
2742 995 2756 1030 :
2786 976 2928 1044 Quid
2959 977 3121 1032 hodie
3167 977 3264 1031 tibi
3287 985 3393 1040 est,
3422 976 3520 1032 Pa-

1937 1075 2055 1131 ter?
2089 1072 2434 1145 Respondit:
2465 1071 2641 1129 Hodie
2672 1069 2927 1126 inﬁrmus
2954 1068 3052 1135 fui,
3079 1067 3175 1123 ﬁli.
3208 1069 3277 1121 At
3301 1068 3389 1123 ille
3423 1083 3522 1138 ap-

1939 1165 2231 1236 prehensis
2274 1164 2508 1236 pedibus
2562 1164 2709 1233 ejus,
2750 1161 2933 1217 dixit:
2966 1158 3085 1215 Non
3125 1169 3178 1217 te
3220 1159 3518 1226 dimittam,

1937 1257 2050 1315 nisi
2103 1257 2236 1313 mihi
2287 1255 2624 1314 indicaveris
2663 1253 2924 1325 quidnam
2965 1251 3320 1320 conspexisti.
3368 1249 3524 1306 Tune

1936 1364 2110 1409 senex
2138 1350 2207 1406 ad
2228 1365 2354 1406 eum
2401 1364 2416 1402 :
2448 1348 2561 1420 Ego
2590 1348 2647 1404 in
2679 1347 2879 1404 omium
2916 1352 3130 1416 raptus,
3152 1343 3263 1399 vidi
3294 1342 3523 1413 gloriam

1936 1442 2057 1509 Dei,
2096 1442 2318 1512 illicquc
2352 1440 2482 1497 steti
2514 1440 2802 1501 hactenus,
2851 1443 3019 1505 atque
3065 1433 3230 1490 modo
3260 1432 3523 1489 dimissus

1937 1548 2083 1590 sum.

2005 1647 2062 1701 4.
2105 1645 2221 1717 (65)
2257 1641 2554 1700 Residente
2599 1639 2896 1711 aliquando
2951 1639 3147 1695 abbate
3193 1638 3418 1693 Silvano
3466 1637 3522 1692 in

1939 1748 2123 1792 monte
2155 1736 2309 1804 Sina,
2334 1734 2469 1789 abiit
2494 1731 2803 1803 discipulus
2834 1730 2955 1800 ejus
2986 1727 3285 1784 Zacharias
3312 1729 3380 1782 ad
3415 1728 3521 1781 mi-

235 1818 327 1880 είς
371 1816 666 1881 διακονίαν,
712 1820 807 1872 καὶ
858 1820 1007 1889 λέγει
1043 1819 1124 1891 τῷ
1165 1820 1416 1891 γέροντι·
1450 1820 1742 1874 ’Δπόλυσον
1774 1819 1836 1875 τὸ

1942 1830 2244 1893 nisterium,
2274 1836 2330 1884 et
2353 1827 2431 1882 ait
2459 1825 2580 1882 seni
2612 1841 2625 1878 :
2657 1823 2880 1878 Dimitte
2932 1837 3155 1893 aquam,
3190 1829 3357 1890 atque
3405 1819 3520 1890 riga

237 1906 406 1976 ὕδωρ.
437 1909 534 1962 κα).
559 1910 778 1963 πότισον
815 1911 908 1964 τὸν
940 1912 1135 1983 κῆπον.
1171 1911 1229 1966 '0
1272 1912 1330 1967 δὲ
1370 1908 1601 1977 ἐξελθὼν
1633 1910 1836 1965 ἔπειτα

236 1998 343 2070 τὴν
379 1999 505 2069 ww
555 2001 723 2055 αὐτοῦ
772 2002 871 2073 τῷν
899 2004 1221 2074 κουκουλίῳ,
1270 2004 1364 2058 καὶ
1401 2003 1559 2075 μόνον
1598 2003 1668 2059 τὰ
1715 2003 1834 2075 ἴχνη

236 2091 409 2145 αὑτοῦ
444 2092 659 2148 ἒϐλεπε.
687 2094 973 2163 Παρέὸαλε
1005 2096 1062 2149 δὲ
1087 2096 1311 2165 ἀδελφὸς
1345 2096 1391 2128 ³²
1423 2096 1561 2166 αὐτῇ
1586 2099 1653 2166 τῇ
1684 2095 1834 2169 ὥρᾳ·

237 2183 340 2238 καὶ
375 2184 500 2237 ἰδὼν
527 2186 686 2239 αὑτὸν
716 2187 824 2241 ἀπὸ
857 2189 1152 2259 μακρόθεν,
1190 2189 1438 2243 κατενόει
1468 2188 1522 2241 τί
1556 2189 1831 2259 ἐποίησεν.

235 2276 515 2331 Εἰσελθὼν
542 2280 600 2333 δὲ
623 2281 652 2333 ὁ
680 2280 906 2349 ἁδελφὸς
939 2281 1078 2352 πρὸς
1107 2279 1289 2344 αὐτὸν,
1331 2274 1518 2333 εἶπεν·
1549 2278 1685 2331 Εἰπέ
1721 2295 1834 2348 μοι,

238 2370 408 2434 ἀδεᾶ,
433 2370 487 2423 τί
524 2370 584 2423 τὸ
612 2371 901 2442 πρόσωπόν
929 2389 1020 2425 σου
1042 2370 1459 2432 κατεσκέπασας
1494 2368 1583 2440 τῷ
1605 2386 1837 2423 κουκου-

236 2458 364 2532 λίῳ,
412 2463 508 2516 καί
543 2463 713 2526 οὕτως
749 2463 842 2518 τὸν
892 2464 1066 2533 κῆπον
1105 2461 1377 2528 έπότιζεςς
1427 2460 1588 2530 Λέγει
1625 2459 1774 2532 αὑτῷ
1806 2461 1837 2516 ὁ

236 2551 447 2622 γέρων·
485 2552 707 2619 Τέκνον,
743 2554 831 2606 ἵνα
879 2554 954 2624 μὴ
999 2554 1178 2606 ἱδωσιν
1224 2554 1273 2607 oi
1310 2551 1577 2623 ὀφθαλμοί
1624 2567 1726 2621 μου
1765 2549 1837 2605 τὰ

236 2642 453 2714 δένδρα,
480 2644 576 2698 καὶ
603 2644 954 2716 ἀπασχοληθῇ
978 2646 1008 2697 ὁ
1036 2645 1158 2709 νοῦς
1189 2662 1288 2715 μου
1320 2644 1427 2698 ἀπὺ
1450 2643 1550 2714 τῆς
1573 2644 1836 2715 ἐργασίας

237 2735 409 2789 αὑτοῦ
440 2736 521 2798 είς
550 2737 707 2793 αὐτά.

308 2858 373 2906 ε’.
422 2853 706 2924 Παρέϐαλέ
747 2869 830 2916 τις
869 2852 1092 2920 ἁδελφὸς
1134 2852 1210 2922 τῷ
1250 2852 1394 2922 ἀϐϐᾷ
1437 2850 1711 2922 Σιλουανῷ
1752 2853 1831 2915 είς

238 2948 304 3000 τὸ
339 2947 466 3018 ὅρος
503 2949 563 3000 τὸ
589 2948 748 3002 Σινά·
791 2949 884 3000 καὶ
918 2945 1040 3000 ἰδὼν
1067 2948 1194 3010 τοὺς
1231 2946 1488 3016 ἀδελφοὺς
1518 2944 1835 3017 ἐργαζομέ-

1938 1923 2180 1977 hortum.
2226 1920 2326 1974 llle
2362 1928 2544 1975 autem
2591 1917 2805 1981 exiens,
2858 1914 3073 1985 tegebat
3118 1913 3310 1968 faciem
3364 1924 3520 1967 suam

1938 2014 2180 2079 cuculla,
2207 2019 2536 2082 tantumque
2559 2008 2779 2064 videbat
2808 2007 2874 2062 ad
2904 2005 3071 2076 pedes
3098 2020 3249 2062 suos.
3279 2002 3523 2057 Accessit

1937 2103 2127 2160 eadem
2173 2102 2312 2156 hora
2356 2100 2584 2171 quidam
2620 2096 2828 2163 frater;
2870 2096 2965 2166 qui
2997 2094 3233 2150 intuitus
3270 2108 3301 2147 a
3340 2093 3519 2160 longe,

1938 2195 2254 2250 attendebat
2277 2193 2412 2263 quid
2431 2191 2657 2247 faceret.
2676 2189 2728 2246 ls
2750 2190 2920 2243 frater
2949 2187 3017 2241 ad
3044 2187 3193 2240 illum
3216 2185 3518 2253 ingressus,

1939 2289 2078 2344 dixit
2112 2304 2128 2341 :
2164 2287 2343 2352 Abba,
2370 2285 2535 2342 effare
2564 2283 2719 2348 mihi,
2754 2298 2857 2338 cur
2901 2281 3093 2335 faciem
3128 2288 3275 2332 tuam
3307 2274 3523 2330 cuculla

1938 2381 2221 2445 obtexisti,
2271 2387 2436 2449 atque
2477 2378 2551 2433 ita
2601 2376 2870 2446 irrigabas
2920 2370 3187 2426 hortum?
3225 2365 3524 2438 Respondit

1939 2489 2107 2532 senex
2135 2494 2148 2529 :
2180 2472 2305 2537 Fili,
2338 2487 2408 2527 ne
2434 2470 2580 2526 oeuli
2614 2469 2721 2524 mei
2764 2467 3015 2522 viderent
3055 2465 3304 2534 arbores,
3339 2474 3522 2515 mens-

1936 2581 2045 2637 que
2092 2573 2422 2621 avocaretur
2469 2563 2539 2617 ab
2580 2560 2903 2631 operatione
2950 2573 3080 2620 sua,
3141 2560 3405 2623 occupata
3464 2550 3522 2605 in

1939 2658 2073 2713 illis.

2013 2856 2067 2910 5.
2112 2853 2225 2926 (64)
2266 2852 2502 2920 Quidam
2562 2851 2732 2905 frater
2794 2848 2860 2904 ad
2927 2847 3180 2901 abbatem
3241 2843 3519 2898 Silvanum

1938 2944 2087 2999 venit
2113 2943 2169 2997 in
2199 2949 2439 2996 montem
2462 2939 2627 3005 Sina;
2665 2947 2717 2992 et
2754 2937 2947 2991 videns
2975 2934 3175 2988 fratres
3208 2938 3518 3001 operantes,

236 3056 389 3102 νους,
430 3036 554 3093 εἷπε
593 3040 670 3109 τῷ
712 3040 948 3111 γέροντι·
1009 3040 1094 3113 Μὴ
1142 3040 1439 3110 ἐργάζεσθε
1485 3040 1584 3110 τὴν
1633 3040 1835 3111 βρῶσιν

1942 3035 2075 3091 dixit
2099 3034 2217 3090 seni
2257 3055 2269 3089 :
2304 3032 2383 3087 Ne
2423 3031 2721 3102 Operemini
2768 3029 2953 3083 cibum
2984 3027 3075 3096 qui
3110 3025 3248 3095 perit
3283 3023 3348 3078 ³⁵.
3400 3023 3521 3076 Ma-

236 3130 344 3198 τὴν
388 3129 788 3205 ἀπολλυμένην.
844 3132 1030 3201 Μαρία
1086 3130 1193 3201 γὰρ
1242 3130 1338 3201 τὴν
1386 3130 1596 3201 ἀγαθὴν
1643 3130 1835 3203 μερίδα

236 3222 544 3287 ἐξελέξατο.
596 3223 756 3292 Λέγει
793 3226 827 3279 6
853 3223 1032 3293 γέρων
1069 3222 1146 3292 τῷ
1190 3223 1401 3295 μαθητῇ
1434 3223 1597 3276 αὐτοῦ
1619 3238 1630 3251 ·
1664 3225 1839 3294 Ζαχα-

241 3313 360 3385 ρία,
385 3313 475 3377 ὣς
493 3312 574 3383 τῷ
594 3313 806 3383 ἀδελφῷ
832 3313 1052 3383 βιϐλίον,
1072 3313 1166 3366 κα)¹
1190 3312 1316 3382 βάλε
1339 3312 1501 3365 αὐτὸν
1525 3315 1605 3377 εἰς
1626 3313 1838 3367 κελλίον

243 3406 418 3477 μηδὲν
458 3406 604 3476 ἕχον.
638 3407 767 3459 Ὅτε
816 3403 906 3459 οὖν
948 3406 1165 3475 ἐγένετο
1205 3407 1238 3476 ἡ
1286 3404 1403 3476 ὥρα
1447 3405 1549 3476 τῆς
1588 3406 1835 3477 ὲννάτης,

242 3500 506 3567 προσεῖχε
532 3500 595 3568 τῇ
624 3496 780 3567 θύρᾳ,
808 3498 857 3549 εί
884 3496 991 3567 ἄρα
1022 3496 1297 3567 πέμπουσι
1324 3495 1548 3549 καλέσαι
1575 3496 1736 3549 αὐτὸν
1758 3498 1838 3560 εἰς

244 3588 312 3642 τὸ
357 3591 572 3658 φαγεῖν.
612 3588 700 3651 Ὠς
744 3587 801 3639 δὲ
852 3587 1025 3650 οὐδεὶς
1070 3585 1327 3641 ἐκάλεσεν
1372 3585 1555 3650 αὑτὸν,
1603 3586 1840 3649 ἀναστὰς

240 3675 380 3751 ἦλθε
406 3678 543 3750 πρὸς
577 3677 666 3731 τὸν
692 3677 942 3748 γέροντα,
972 3677 1067 3730 καὶ
1104 3676 1253 3745 λέγει
1288 3674 1467 3746 αὐτῷ·
1492 3675 1607 3729 Οὐκ
1638 3675 1841 3747 ἔφαγον

246 3771 300 3822 oi
333 3768 554 3836 ἀδελφοὶ
580 3770 839 3840 σήμερον,
869 3768 1042 3833 ἀ66ἄ;
1067 3770 1229 3837 Λέγει
1250 3770 1398 3842 αὑτῷ
1424 3771 1453 3823 6
1475 3772 1652 3843 γέρων
1671 3788 1684 3803 ·
1708 3771 1836 3829 Ναί.

249 3855 394 3915 Εἷπε
443 3858 536 3913 δέ·
566 3860 719 3912 Διατί
777 3861 876 3913 οὐκ
929 3860 1224 3913 ἐκαλέσατέ
1278 3879 1375 3932 με;
1431 3861 1593 3932 Λέγει
1636 3861 1784 3933 αὐτῷ
1813 3864 1841 3915 ό

244 3954 465 4025 γέρων·
510 3951 726 4022 Ἐπειδὴ
771 3952 1054 4023 ἄνθρωπος
1106 3954 1471 4023 πνευματικὸς
1517 3948 1586 4018 εἷ,
1634 3955 1727 4008 κα)⁸
1778 3955 1839 4007 οὐ

242 4044 445 4116 χρείαν
469 4043 612 4114 ἔχεις
647 4043 750 4113 τῆς
778 4042 1035 4115 βρώσεως
1066 4045 1298 4117 ταύτης·
1337 4047 1495 4116 ἡμεῖς
1544 4044 1604 4098 δὲ
1653 4062 1843 4115 σαρκι-

246 4138 340 4192 κοὶ
366 4137 523 4201 ὄντες
554 4137 781 4208 θέλομεν
809 4141 1024 4206 φαγεῖν,
1053 4140 1148 4193 καὶ
1168 4139 1259 4193 διὰ
1281 4138 1439 4192 τοῦτο
1462 4136 1808 4209 ἐργαζόμεθα
1824 4156 1838 4170 ·

247 4230 318 4283 σὺ
348 4229 412 4283 δὲ
440 4230 538 4303 τὴν
566 4230 737 4302 καλὴν
780 4230 971 4302 μερίδα
1015 4231 1261 4296 ἐξελέξω,
1290 4230 1676 4299 ἀναγινώσκων
1715 4229 1841 4301 ὅλην

244 4322 351 4393 τὴν
378 4324 612 4393 ἡμέραν,
638 4323 729 4377 καὶ
764 4323 826 4376 οὐ
867 4323 1042 4387 θέλεις
1087 4327 1282 4393 φαγεῖν
1314 4322 1581 4394 σαρκικὴν
1616 4321 1841 4393 βρῶσιν.

1940 3128 2023 3182 ria
2053 3126 2198 3183 enim
2227 3124 2487 3196 optimam
2520 3131 2726 3193 partem
2768 3121 2930 3190 elegit
2962 3121 3028 3173 ³⁵.
3097 3119 3187 3171 Ait
3237 3130 3401 3171 senex
3439 3111 3523 3167 di-

1940 3219 2152 3288 scipulo
2197 3192 2329 3273 suo:
2370 3192 2656 3279 Zacharia,
2686 3214 2752 3268 da
2780 3214 2980 3267 librum
3029 3211 3205 3276 fratri,
3244 3216 3298 3264 et
3339 3192 3531 3262 ducito.

1940 3327 2068 3367 eum
2100 3311 2155 3366 in
2183 3309 2378 3365 cellam
2418 3309 2472 3362 in
2514 3322 2620 3376 qua
2660 3306 2798 3360 nihil
2837 3306 2938 3359 sit.
2970 3303 3107 3358 Cum
3139 3316 3270 3372 ergo
3308 3299 3525 3353 advenit

1942 3404 2077 3458 liora
2123 3416 2291 3465 nona,
2338 3380 2673 3469 respiciebat
2718 3412 2815 3466 per
2859 3395 3086 3457 ostium,
3133 3409 3200 3446 an
3246 3390 3525 3444 mitterent

1940 3496 2034 3567 qui
2084 3500 2308 3549 vocaret
2340 3506 2469 3548 eum
2513 3492 2581 3545 ad
2633 3488 3096 3544 manducandum.
3144 3484 3325 3555 thue
3365 3496 3524 3536 nemo

1941 3587 2178 3651 vocavit,
2241 3601 2477 3656 surgens
2530 3583 2812 3654 profectus
2851 3589 2934 3637 est
2986 3580 3053 3634 ad
3101 3593 3304 3633 senem.
3349 3574 3520 3640 Quem

1942 3679 2241 3748 interrogat
2283 3678 2363 3731 sic
2407 3676 2619 3739 :Abba,
2664 3690 2772 3729 non
2826 3672 3183 3728 comederunt
3218 3667 3385 3721 hodie
3419 3665 3525 3726 fra;

1945 3767 2100 3822 tres?
2143 3764 2450 3835 Respondit
2501 3778 2670 3819 senex
2717 3780 2732 3815 :
2787 3761 2987 3822 Etiam,
3028 3756 3403 3812 comederunt.
3459 3753 3526 3806 Et

1943 3874 2134 3929 quare.
2169 3857 2370 3927 inquit,
2408 3871 2518 3910 non
2549 3852 2923 3911 arcessivistis
2954 3850 3084 3905 me?
3128 3847 3269 3900 Tum
3314 3858 3478 3900 senex
3508 3860 3521 3896 :

1943 3951 2085 4017 Quia
2118 3950 2287 4004 homo
2326 3948 2595 4016 spiritalis
2637 3962 2720 4013 es,
2755 3961 2855 4000 nec
2886 3958 3018 4013 eges
3069 3941 3192 3996 cibo
3239 3939 3376 4003 hoc;
3422 3950 3524 3988 nos

1945 4052 2127 4097 autem
2164 4049 2357 4113 utpote
2385 4039 2662 4103 carnales,
2687 4036 3022 4091 manducare
3048 4032 3324 4093 volumus,
3364 4035 3526 4095 atque

1946 4133 2073 4187 ideo
2111 4147 2444 4202 operamur;
2481 4138 2540 4186 tu
2568 4144 2699 4185 vero
2742 4128 3005 4196 optimam
3047 4130 3255 4194 partem
3287 4115 3521 4187 elegisti,

1946 4227 2037 4297 qui
2073 4226 2208 4293 legis
2267 4240 2366 4295 per
2408 4231 2583 4279 totum
2620 4221 2786 4284 diem,
2834 4231 2935 4273 nec
2967 4216 3049 4270 vis
3092 4226 3310 4269 sumere
3340 4210 3525 4265 cibum

1948 4316 2247 4372 carnalem.
2289 4314 2389 4369 llis
2418 4312 2643 4376 auditis,
2693 4309 2885 4376 frater,
2923 4303 3259 4379 pmnitcutiae
3294 4301 3525 4357 inclina-

248 4390 367 4469 καὶ
492 4390 692 4484 ήκουσε
714 4413 908 4483 ταῦτα,
933 4390 1110 4468 ἔϐαλεν
1135 4390 1443 4486 μετάνοιαν,
1469 4390 1642 4483 λέγων
1656 4390 1679 4445 ν·
1708 4415 1836 4483 Συγγ-

1950 4408 2101 4463 tione
2152 4406 2321 4473 facta,
2369 4405 2509 4461 dixit
2555 4422 2568 4458 :
2617 4404 2845 4473 ignosce
2885 4400 3041 4465 mihi,
3092 4397 3253 4453 abba.
3302 4390 3527 4462 Excepit

248 4506 505 4578 χώρησον
550 4524 659 4576 μοι,
702 4507 863 4560 assa.
896 4506 1061 4575 Λέγει
1104 4507 1253 4577 αὐτῷ
1297 4508 1326 4559 ὁ
1364 4507 1566 4576 γέρων·
1623 4507 1845 4569 Πάντως

246 4599 446 4668 χρείαν
478 4598 590 4668 ἔχει
623 4598 720 4652 καὶ
763 4600 796 4670 ἡ
830 4597 1014 4668 Μαρία
1059 4599 1158 4670 τῆς
1205 4599 1465 4671 Μάρθας·
1494 4598 1581 4652 διὰ
1604 4598 1712 4669 γάρ
1747 4598 1845 4667 τῆς

246 4689 484 4762 Μάρθας
514 4692 609 4743 καὶ
635 4692 668 4761 ἡ
699 4692 886 4764 Μαρία
920 4689 1346 4762 ὲγκωμιάζεται.

321 4809 401 4868 ς’.
444 4802 764 4875 Ἦρώτησάν
798 4822 929 4859 ποτε
960 4804 1050 4858 τὸν
1097 4804 1273 4859 ά66ᾶν
1314 4801 1621 4866 Σιλουανδν,
1658 4801 1841 4870 λέγον-

243 4909 366 4958 τες·
390 4893 562 4948 Ποίαν
585 4894 867 4950 πολιτείαν
881 4894 1144 4968 εἰργάσω,
1161 4894 1344 4966 Πάτερ
1359 4895 1427 4957 ³³,
1450 4894 1537 4947 ἵνα
1562 4891 1733 4965 λάϐῃς
1751 4891 1851 4962 τήν

248 4986 526 5059 φρόνησιν
550 4988 756 5058 ταύτην
775 5005 788 5053 ;
820 4989 931 5043 Καὶ
952 4986 1245 5060 ἀπεκρίθη·
1271 4987 1540 5040 υύδέποτε
1562 4986 1752 5056 ἀφῆκα
1768 4986 1850 5047 εἰς

243 5077 356 5149 τὴν
379 5078 607 5149 καρδίαν
638 5097 739 5151 μου
769 5080 1030 5150 λογισμὸν
1064 5078 1470 5151 παροργίζοντα
1495 5077 1587 5133 τὸν
1617 5077 1771 5132 Θεόν.

1944 4515 2152 4555 senex:
2186 4499 2355 4554 Plane
2382 4507 2437 4552 et
2469 4497 2660 4552 Maria:
2707 4493 3024 4551 necessaria
3063 4502 3147 4548 est
3184 4489 3420 4546 Martha.
3446 4484 3527 4541 Ex

1945 4589 2160 4644 Martha
2190 4588 2337 4645 enim
2359 4589 2524 4644 etiam
2561 4586 2729 4641 Maria
2755 4584 3102 4657 praedicatur.

2018 4792 2077 4847 6.
2121 4791 2236 4862 (65)
2278 4790 2765 4859 lnterrogaverunt
2799 4780 3096 4853 aliquando
3126 4778 3377 4832 abbatem
3417 4774 3528 4829 Sil-

1946 4899 2148 4939 vanum
2193 4884 2277 4940 sic
2315 4901 2328 4936 :
2365 4881 2425 4935 ln
2453 4878 2760 4950 cujusmodi
2795 4877 2938 4931 bona
2970 4872 3189 4926 actione
3229 4868 3524 4924 exercuisti

1946 4981 2022 5038 te,
2053 4973 2237 5037 Pater,
2267 4982 2326 5027 ut
2369 4952 2513 5026 hanc
2542 4984 2651 5039 qua
2686 4967 2953 5037 praeditus
2989 4979 3070 5028 es,
3104 4960 3528 5031 consequereris

1945 5064 2334 5136 prudentiam?
2365 5065 2430 5120 Et
2462 5062 2750 5133 respondit
2783 5078 2797 5116 ε
2841 5058 3134 5128 Nunquam
3154 5053 3378 5126 permisi
3408 5065 3527 5105 ma-

1945 5148 2076 5215 nere
2108 5159 2165 5214 in
2194 5157 2361 5214 corde
2386 5171 2509 5215 meo
2537 5154 2925 5227 cogitationem
2952 5166 3076 5223 qua:
3101 5149 3271 5207 Deum
3290 5146 3359 5203 ad
3387 5146 3526 5205 iram

1942 5258 2292 5320 provocaret.

336 5474 384 5507 ³³
418 5473 505 5528 Al.
535 5473 705 5531 inscr.
736 5473 905 5546 αὐτῷ.
987 5474 1032 5507 ³³
1056 5472 1225 5532 Abest
1248 5473 1432 5545 Πάτερ
1458 5471 1528 5529 ab
1560 5471 1631 5527 al.
1713 5473 1759 5513 δι
1788 5468 1836 5526 Jt

1942 5511 1947 5524 .
1988 5484 2064 5533 νι,
2101 5468 2192 5522 27.
2274 5464 2562 5531 "Luc..x,
2592 5463 2682 5518 42.

325 5685 446 5756 (62)
498 5685 598 5756 [ἐι.
628 5685 782 5741 Patr.
820 5702 859 5751 ι,
897 5686 947 5740 Ι.

326 5754 447 5822 (65)
497 5754 601 5813 Vit.
638 5756 792 5815 Patr.
821 5772 902 5825 xt,
937 5755 1029 5813 28.

2022 5676 2134 5746 (ﬁt)
2186 5676 2288 5746 ινιτ.
2323 5676 2471 5746 Patr.
2518 5691 2570 5739 x,
2601 5673 2689 5746 Gtt.

2021 5743 2132 5819 (65)
2188 5744 2290 5801 Vit.
2323 5745 2475 5802 Patr.
2514 5760 2595 5810 III,
2631 5743 2733 5799 175
2760 5760 2773 5813 ;
2804 5757 2882 5811 ιι,
2939 5747 3029 5810 50,
