4032 6338
535 321 636 377 411

1669 321 2011 380 APPENDIX
2054 323 2145 381 AD
2185 322 2605 387 PALLADIUM.

3679 345 3790 402 M2

614 435 659 487 1.
700 432 1218 490 Commemorabant
1243 434 1309 491 de
1337 436 1531 494 abbate
1563 438 1807 506 Silvano,
1841 443 1986 512 quod
2017 458 2090 498 se-

2281 441 2346 506 ζ’.
2382 445 2610 514 Ἔλεγον
2637 445 2767 518 περὶ
2797 445 2892 501 τοῦ
2918 448 3062 504 ἀϐὁᾶ
3091 449 3404 519 Σιλουανοῦ,
3427 456 3508 510 ὅτι
3535 459 3789 521 ἐκάθισεν

527 523 672 580 derit
705 525 762 578 in
782 524 920 580 cella
949 525 1112 591 clam,
1143 525 1350 580 habens
1375 526 1648 584 cicercula
1671 545 1865 600 pauca,
1893 539 1948 586 et
1977 532 2107 586 dum

527 613 599 669 iis
649 612 718 667 ad
770 614 953 669 cibum
1020 616 1214 682 utitur,
1273 615 1574 674 confecerit
1627 628 1848 678 centum
1904 621 2104 676 cribra.

531 705 668 759 Ecce
697 705 848 761 venit
887 707 1050 762 homo
1092 723 1159 763 ex
1190 707 1456 780 Egypto,
1494 711 1703 769 ducens
1733 713 1949 768 asinum
1976 728 2108 768 onu-

527 803 675 851 stum
726 797 1170 870 panibuszquos
1223 804 1408 871 posuit
1439 804 1506 859 ad
1553 805 1745 860 cellam
1791 806 1933 877 ejus,
1981 821 2106 861 cum

527 888 823 956 pulsasset.
853 889 1090 946 Sumens
1119 907 1252 964 ergo
1284 909 1454 951 senex
1484 896 1690 964 cribra,
1725 898 1975 955 oneravit
1997 898 2107 955 asi-

526 997 680 1046 num,
722 989 886 1052 atque
918 984 1193 1040 hominem
1226 988 1458 1044 dimisit.

595 1072 649 1127 8.
694 1072 806 1144 (66)
847 1074 1083 1130 Aiehant
1116 1078 1183 1131 de
1211 1079 1408 1136 abbate
1446 1079 1691 1149 Silvano,
1733 1083 1880 1153 quod
1909 1083 2106 1139 exierit

522 1161 731 1232 absque
762 1162 882 1233 ipso
909 1164 1217 1236 discipulus
1254 1170 1374 1238 ejus
1402 1169 1697 1228 Zacharias
1718 1212 1733 1234 .
1775 1173 2102 1243 assumptis-

521 1269 628 1323 que
666 1252 951 1322 fratribus,
990 1272 1173 1328 sepem
1207 1259 1352 1316 horti
1384 1262 1690 1330 inverterit,
1729 1262 2103 1335 majoremque

521 1359 645 1399 eum
684 1345 1006 1403 reddiderit.
1045 1349 1202 1415 Quod
1230 1361 1521 1424 postquam
1539 1371 1708 1412 senex
1741 1359 1982 1428 agnovit,
2009 1375 2102 1415 ac-

519 1435 666 1506 cepit
700 1437 937 1492 meloten
967 1455 1146 1505 suam,
1172 1450 1228 1497 et
1248 1459 1507 1514 egressus
1543 1457 1664 1515 est;
1703 1449 1887 1522 aitque
1917 1449 2101 1505 fratri-

520 1528 662 1584 bus:
693 1527 858 1586 Orate
887 1546 988 1601 pro
1018 1546 1124 1587 me.
1150 1531 1232 1588 Illi
1257 1546 1549 1593 cernentes
1569 1539 1702 1608 quid
1731 1549 1934 1612 ageret,
1974 1557 2100 1612 pro-

517 1617 772 1674 ciderunt
797 1619 863 1674 ad
887 1621 1054 1690 pedes
1082 1624 1226 1692 ejus,
1250 1640 1316 1680 ac
1354 1626 1612 1684 dixerunt
1643 1648 1658 1685 :
1684 1629 1853 1688 Nobis
1873 1633 2098 1704 eloque-

516 1721 600 1773 re,
641 1707 822 1777 Pater,
856 1712 990 1782 quid
1026 1712 1252 1771 habeas.
1281 1715 1583 1790 Respondit
1615 1737 1629 1774 :
1663 1721 1781 1778 Non
1818 1727 2097 1794 regredior

2209 535 2290 599 εἰς
2323 535 2533 591 κελλίον
2562 537 2769 610 κρυφῆ,
2790 537 2930 610 ἔχων
2966 541 3139 612 μικρὰ
3168 543 3578 613 ἐρεϐίνθια,καὶ
3606 552 3790 623 ἐποίη-

2212 644 2302 679 σεν
2344 629 2424 692 εἰς
2463 630 2603 683 αὐτὰ
2645 629 2805 703 ἔργον
2839 631 3033 686 ἑκατὸν
3083 635 3329 692 κόσκινα.
3380 637 3492 693 Καὶ
3541 641 3650 697 ἰδοὺ
3688 645 3784 700 ἄν-

2209 717 2427 790 θρωπος
2466 717 2629 793 ἦλθεν
2657 724 2765 778 ἀπὸ
2798 724 3094 794 Αἰγύπτου,
3127 728 3265 800 ἔχων
3299 730 3418 784 δνον
3445 735 3641 803 μεστὸν
3682 739 3785 808 ἄρ-

2205 827 2344 864 των*
2377 813 2471 864 καὶ
2514 813 2751 883 κρούσας
2787 816 2868 878 εἰς
2898 817 2960 871 τὸ
2999 819 3210 873 κελλίον
3251 822 3414 875 αὑτοῦ
3454 823 3637 895 ἔθηκε.
3667 828 3782 882 Λα-

2207 899 2318 954 ϐὼν
2349 900 2442 956 οὖν
2470 905 2499 958 6
2535 905 2716 976 γέρων
2741 906 2811 960 τὰ
2840 909 3084 976 κόσκινα,
3133 913 3356 984 ἐγέμισε
3390 914 3480 967 τὸν
3509 917 3649 983 ὄνον,
3685 921 3781 974 καὶ

2205 994 2472 1050 ἀπέλυσεν
2498 996 2678 1051 αὐτόν.

2281 1089 2344 1153 η’.
2390 1083 2614 1154 Ἔλεγον
2653 1088 2781 1159 περὶ
2809 1088 2905 1142 τοῦ
2932 1089 3076 1144 assa
3108 1092 3414 1158 Σιλουανοῦ,
3440 1097 3521 1150 ὅτι
3556 1097 3781 1168 ἐξῆλθεν

2202 1176 2231 1227 ό
2265 1175 2514 1248 μαθητὴς
2537 1179 2702 1234 αὑτοῦ
2732 1182 3007 1254 Ζαχαρίας
3047 1185 3217 1257 χωρὶς
3250 1187 3445 1241 αὑτοῦ·
3479 1191 3572 1244 καὶ
3601 1190 3780 1245 λαϐὼν

2202 1267 2329 1331 τοὺς
2350 1268 2638 1340 ἀδελφοὺς,
2661 1271 2888 1345 ἔστρεψε
2922 1275 3012 1329 τὸν
3044 1277 3297 1349 φραγμὸν
3324 1279 3418 1333 τοῦ
3449 1282 3648 1351 κήπου,
3682 1284 3780 1337 καῗι

2205 1358 2426 1427 μείζονα
2468 1361 2630 1416 αὐτὸν
2663 1363 2908 1433 ἐποίησε.
2940 1368 3145 1421 Μαθὼν
3183 1365 3274 1424 οὖν
3301 1373 3328 1422 ὁ
3376 1372 3573 1442 γέρων,
3617 1373 3778 1426 ἔλαϐε

2200 1449 2261 1501 τὸ
2300 1451 2646 1524 μηλωτάριον
2692 1456 2880 1523 αὑτοῦ,
2923 1460 3018 1513 καὶ
3065 1459 3277 1532 ἐξῆλθε,
3329 1463 3425 1516 καί
3471 1464 3617 1533 λέγει
3664 1467 3779 1530 τοῖς

2200 1540 2478 1613 ἀδελφοῖςο
2515 1545 2758 1610 Εὕξασθε
2791 1549 2919 1621 περὶ
2944 1550 2991 1581 ³⁸
3023 1551 3180 1622 ἐμοῦ.
3215 1555 3276 1608 Οἱ
3323 1554 3378 1607 δὲ
3427 1555 3626 1620 ἰδόντες
3675 1556 3780 1609 αὐ-

2198 1632 2311 1696 τὸν,
2351 1633 2545 1688 ἔπεσον
2577 1637 2659 1701 εις
2709 1639 2839 1703 τοὺς
2884 1640 3050 1704 πόδας
3101 1643 3288 1710 αὑτοῦ,
3325 1643 3604 1714 λέγοντεςο
3640 1647 3779 1702 ΕΞ*πέ

2199 1726 2332 1794 ἡμῖν
2365 1725 2419 1778 τι
2456 1727 2604 1782 ἐστιν
2655 1728 2684 1782 ὃ
2729 1727 2894 1800 ἔχεις,
2949 1733 3152 1805 Πάτερ.
3191 1734 3250 1786 Ὁ
3289 1734 3346 1788 δὲ
3401 1736 3534 1806 πρὸς
3578 1738 3781 1801 αὐτοὺς

517 1795 573 1850 in
607 1797 824 1864 cellam,
858 1816 970 1857 non
1004 1818 1149 1860 exuo
1174 1806 1432 1873 meloten,
1457 1809 1634 1866 donec
1662 1828 1846 1884 sepem
1872 1817 2090 1873 reduxe-

2198 1813 2302 1886 ἔφη
2321 1831 2336 1846 ο
2372 1816 2486 1870 Οὐκ
2534 1795 2851 1891 εἰσέρχομαι
2881 1795 3028 1887 ἐσω,
3055 1795 3118 1876 ob
3149 1795 3465 1879 καταϐαίνει⁵
3495 1795 3556 1879 τὸ
3587 1795 3773 1899 μηλωί

513 1886 637 1944 ritis
666 1889 732 1944 ad
763 1891 1003 1960 priorem
1037 1895 1242 1954 locum.
1277 1897 1357 1952 Illi
1397 1915 1590 1957 rursus
1625 1918 1809 1974 sepem
1849 1919 2098 1965 mutave-

514 1989 661 2046 runt,
698 1988 755 2036 et
779 1985 1189 2042 constituerunt
1223 1991 1300 2044 uti
1339 2000 1477 2049 erat.
1507 1993 1627 2060 Quo
1651 2006 1895 2066 peracto,
1925 2017 2094 2058 senex

513 2084 770 2130 reversus
785 2085 870 2132 est
895 2077 949 2132 in
979 2080 1175 2135 cellam
1211 2097 1389 2138 suam.

579 2252 634 2308 9.
681 2254 896 2312 Dictum
942 2267 1029 2316 est
1083 2260 1152 2316 ab
1200 2263 1399 2322 abbate
1445 2264 1670 2324 Silvano
1709 2285 1726 2326 :
1760 2268 1874 2340 Ego
1900 2285 2094 2331 servus

507 2359 630 2400 sum
647 2386 661 2412 ,
697 2354 752 2401 et
775 2347 1034 2407 dominus
1063 2367 1218 2410 meus
1240 2355 1378 2410 dixit
1399 2357 1534 2412 mibi
1560 2373 1575 2412 :
1594 2359 1702 2416 Fac
1723 2376 1866 2432 opus
1886 2379 2090 2431 meum,

505 2441 785 2509 atqueego
819 2449 872 2495 te
905 2442 1180 2512 nutriam;
1228 2447 1374 2502 unde.
1413 2457 1624 2518 autem,
1662 2453 1774 2507 noli
1815 2470 2090 2525 quaerere;

506 2525 624 2582 sive
649 2527 907 2598 habeam,
933 2534 1050 2590 sive
1085 2535 1260 2603 furer,
1301 2540 1419 2597 sive
1457 2540 1716 2610 foenerer,
1745 2553 1801 2600 tu
1840 2562 1910 2603 ne
1942 2564 2094 2618 quaa-

503 2616 670 2674 sieris
705 2637 718 2672 :
755 2636 985 2692 operare
1015 2625 1305 2696 duntaxat,
1336 2639 1392 2687 et
1424 2636 1609 2692 nutrio
1640 2644 1714 2694 te.
1746 2637 1868 2709 lpse
1899 2616 2089 2712 igitur,

504 2709 552 2763 si
593 2719 853 2780 operatus
880 2713 1058 2782 fuero,
1095 2733 1162 2774 ex
1196 2722 1449 2780 mercede
1477 2740 1596 2781 mea
1626 2709 1957 2797 comedo;si
1993 2748 2092 2787 au-

503 2809 612 2856 tem
643 2817 751 2858 non
780 2805 936 2862 fuero
967 2817 1248 2881 operatus,
1275 2829 1482 2886 agapen
1511 2819 1805 2877 manduco.

574 2893 661 2950 io.
705 2895 851 2952 Dixit
902 2901 1101 2956 iterum
1154 2919 1169 2956 :
1208 2902 1298 2959 vin
1345 2907 1557 2964 homini
1593 2895 1697 2980 illi,
1742 2911 1839 2984 qui
1887 2930 2088 2973 nomen

500 2990 820 3057 operatione
851 2994 1032 3066 majus
1062 3009 1402 3057 consecutus
1435 3012 1541 3058 est.

2195 1908 2384 1978 τάριον
2412 1909 2509 1963 ἀπ’
2535 1910 2694 1982 ἐμοῦ,
2733 1912 2839 1977 ἕως
2878 1907 2938 1966 οὗ
2970 1913 3228 1986 ἐνέγκητε
3267 1915 3362 1969 τὸν
3404 1917 3656 1988 φραγμὸν
3691 1921 3774 1983 εἰς

2196 1996 2289 2050 τὸν
2345 1998 2556 2070 πρῶτον
2597 2001 2764 2055 αὑτοῦ
2793 2003 2978 2058 τόπον.
3010 2006 3072 2057 Οἱ
3103 2005 3160 2059 δὲ
3188 2005 3350 2060 πάλιν
3390 2007 3655 2080 ἔστρεψαν
3683 2011 3774 2064 τὸν

2197 2089 2471 2160 φραγμὸν,
2501 2093 2595 2146 καὶ
2632 2093 2892 2165 ἐποίησαν
2941 2095 3104 2150 αὐτὸν
3143 2097 3219 2159 ὠς
3253 2093 3342 2168 ἦν.
3388 2100 3498 2153 Καὶ
3541 2101 3712 2167 οὕτως
3745 2103 3776 2155 6

2196 2179 2378 2252 γέρων
2406 2182 2718 2254 ὑπέστρεψε
2747 2187 2829 2248 εἰς
2864 2185 2926 2238 τὸ
2955 2186 3166 2242 κελλξον
3193 2189 3379 2243 αὑτοῦ.

2267 2270 2331 2326 θ’.
2375 2270 2548 2327 Εἶπεν
2589 2277 2617 2328 6
2649 2275 2822 2340 ἀὸδᾶς
2859 2277 3172 2342 Σιλουανός⁸
3208 2278 3349 2348 Ἐγὼ
3390 2281 3573 2346 δοῦλός
3619 2286 3780 2353 εἰμι,

2196 2360 2290 2414 καὶ
2316 2362 2345 2414 6
2376 2361 2564 2433 κύριός
2595 2381 2697 2436 μου
2724 2362 2843 2419 εἶπέ
2874 2383 2992 2438 μοι·
3026 2367 3291 2439 Ἐργάζου
3312 2369 3373 2422 τὸ
3397 2369 3554 2441 ἔργον
3581 2388 3682 2442 μου
3703 2373 3774 2436 ³’,

2195 2451 2351 2520 κάγώ
2381 2469 2442 2506 σε
2471 2454 2688 2526 τρέφω·
2717 2455 2882 2510 πόθεν
2919 2457 2998 2524 δὲ,
3021 2457 3096 2529 μὴ
3141 2459 3321 2530 ζήτει·
3357 2460 3469 2513 εἴτε
3498 2461 3625 2531 ἔχω,
3664 2463 3778 2517 εἴτε

2194 2541 2431 2608 κλέπτω,
2460 2543 2570 2597 εἴτε
2598 2545 2932 2616 δανείζομαι,
2967 2547 3030 2600 σὺ
3069 2546 3145 2618 μὴ
3175 2549 3328 2620 ζήτέι
3349 2567 3363 2581 ·
3403 2550 3634 2620 ἐργάζου
3679 2553 3777 2622 μό-

2193 2650 2303 2697 νον,
2333 2636 2428 2688 καὶ
2455 2637 2642 2706 τρέφω
2673 2653 2752 2692 σε.
2791 2639 2931 2708 Ἐγὼ
2965 2634 3060 2693 οὖν
3095 2637 3190 2694 ἐὰν
3216 2641 3559 2713 ἐργάζωμαι,
3587 2647 3650 2697 ἐκ
3677 2644 3784 2697 τοῦι

2195 2725 2389 2795 μισθοῦ
2432 2744 2534 2798 μου
2581 2727 2780 2783 ἐσθίωο
2817 2731 2913 2785 ἐὰν
2958 2731 3014 2785 δὲ
3046 2732 3121 2806 μὴ
3171 2734 3509 2805 ἐργάζωμαι,
3548 2735 3780 2807 ἀγάπην

2192 2816 2377 2873 ἐσθίω.

2264 2915 2313 2963 ι’.
2359 2907 2494 2964 Εἴπε
2530 2912 2722 2967 πάλιν⁶
2754 2914 2890 2968 Οὐαὶ
2927 2914 3003 2986 τῷ
3035 2915 3307 2988 ἀνθρώπῳ
3339 2920 3554 2991 ἐκείνῳ,
3575 2920 3633 2985 ὃς
3657 2919 3778 2992 ἔχει

2190 3000 2251 3052 τὸ
2273 3001 2443 3071 ὄνομα
2469 3003 2633 3056 αὐτοῦ
2670 3006 2856 3075 μεῖζον
2883 3007 2982 3076 τῆς
3010 3009 3273 3079 ἐργασίας
3303 3011 3491 3065 αὑτοῦ.

573 3081 661 3136 11.
705 3082 821 3196 (6:)
859 3085 1221 3160 Interrogavit
1252 3092 1424 3149 abbas
1453 3094 1668 3167 Moyses
1690 3098 1942 3158 abbatem
1975 3102 2084 3158 Sil-

2262 3099 2353 3146 ια’.
2406 3091 2718 3165 Ἠρὼτησεν
2745 3098 2774 3150 6
2819 3096 2994 3163 άόὅᾶς
3031 3101 3270 3174 Μωῦσῆς
3319 3103 3410 3156 τὸν
3462 3103 3637 3157 ἀόϐἄν
3678 3105 3774 3158 Σι-

500 3184 726 3237 vanum,
765 3172 955 3232 dicens
994 3196 1007 3232 :
1045 3177 1308 3237 Potestne
1357 3183 1523 3241 homo
1571 3189 1819 3258 quotidie
1870 3193 2085 3250 initium

2194 3183 2433 3252 λουανὸν,
2493 3184 2667 3254 λέγων
2687 3202 2700 3217 ·
2757 3187 2992 3244 Δύναται
3044 3172 3330 3263 ἄνθρωπος
3391 3194 3512 3248 καθ’
3553 3195 3774 3268 ἡμέραν

501 3264 784 3319 statuere?
813 3264 1126 3338 Respondit
1163 3287 1332 3329 senex
1379 3293 1392 3330 :
1432 3276 1490 3333 Si
1537 3287 1622 3335 est
1653 3283 1961 3352 operarius,
1991 3300 2091 3358 po-

501 3360 608 3409 test
636 3360 691 3408 et
723 3355 960 3428 singulis
994 3359 1170 3418 boris.

572 3444 659 3500 12.
703 3447 1028 3508 Memoravit
1057 3469 1089 3510 e
1118 3454 1376 3516 Patribus
1411 3461 1638 3533 aliquis,
1673 3467 1820 3534 quod
1860 3468 2086 3538 quidam

499 3549 834 3608 congressus
882 3543 1184 3615 aliquando
1220 3561 1346 3604 cum
1379 3551 1578 3609 abbate
1628 3553 1876 3622 Silvano,
1913 3575 1978 3615 ac
2004 3562 2087 3615 in-

498 3627 674 3684 tuitus
712 3631 924 3687 vultum
962 3635 1087 3706 ‘ejus
1110 3652 1421 3712 corpusque
1450 3645 1599 3701 velut
1640 3650 1820 3720 angeli
1856 3650 2084 3725 fulgere,

499 3718 760 3812 ceciderit
792 3722 847 3777 in
879 3724 1100 3786 faciem.
1141 3729 1392 3789 Addebat
1415 3735 1554 3794 alios
1587 3718 1814 3812 quoque
1843 3718 2086 3802 nonnul;

498 3809 580 3866 los
606 3811 914 3873 obtinuisse
945 3818 1050 3876 hoc
1075 3820 1302 3879 donum.

1007 3933 1086 3991 De
1119 3937 1312 3994 abbate
1341 3940 1577 3999 Simone.

566 4037 620 4092 1.
665 4039 780 4113 (68)
832 4043 989 4101 Venit
1017 4046 1317 4119 aliquando
1350 4067 1553 4122 praeses
1583 4064 1642 4110 ut
1676 4056 1886 4113 videret
1918 4060 2088 4117 abba-

495 4138 602 4185 tem
635 4129 934 4192 Simonem.
970 4137 1092 4205 Quo
1137 4142 1229 4199 ille
1261 4154 1570 4216 comperto,
1613 4149 1851 4221 sumpsit
1891 4151 2088 4224 cingu-

494 4219 628 4285 lum,
661 4224 1048 4297 profectusque
1078 4234 1331 4289 ascendit
1365 4235 1419 4290 in
1454 4237 1711 4304 palmam,
1741 4219 1802 4294 ut
1828 4219 2088 4311 purgaret

491 4326 637 4367 eam.
672 4311 754 4367 llli
805 4333 934 4371 vero
980 4323 1328 4390 accedentes,
1381 4329 1766 4386 clamaveruut
1809 4351 1821 4386 :
1878 4332 2083 4403 Senex,

493 4403 717 4457 ubinam
759 4405 910 4478 degit
960 4413 1342 4474 anachoreta!
1377 4418 1684 4490 Respondit
1721 4441 1734 4475 :
1771 4423 1964 4481 Nullus
1995 4425 2081 4480 hic

493 4493 845 4550 anachoreta.
883 4497 950 4551 Et
979 4500 1299 4570 audientes,
1326 4506 1720 4566 discesserunt.

558 4584 616 4640 ‘2.
661 4585 775 4659 (69)
827 4589 949 4645 Alia
996 4592 1193 4649 iterum
1231 4597 1372 4664 vice,
1417 4615 1622 4669 praeses
1661 4604 1803 4660 alius
1834 4608 1980 4661 venit
2007 4607 2076 4662 ad

489 4674 783 4732 videndum
832 4695 979 4736 eum.
1027 4680 1094 4738 Et
1141 4687 1512 4755 prazcedentes
1555 4691 1742 4748 clerici
1789 4694 2068 4764 significa-

489 4776 687 4823 verunt
712 4787 729 4825 :
756 4771 930 4841 Abba,
954 4785 1178 4844 paratus
1195 4786 1338 4844 esto,
1357 4781 1484 4851 quia
1509 4797 1712 4852 prieses
1727 4793 1953 4856 accepta
1983 4786 2066 4843 tui

489 4856 657 4924 fama,
687 4862 902 4918 accedit
936 4872 995 4918 ut
1025 4866 1380 4925 benedicatur
1413 4879 1536 4928 ate.
1568 4873 1658 4929 Ait
1687 4889 1701 4926 :
1736 4874 1938 4937 Etiam.
1972 4892 2071 4948 pa-

487 4949 624 5004 rabo
663 4967 768 5008 nie.
803 4955 972 5026 igitur
1017 4969 1240 5030 gestans
1269 4971 1556 5020 centonem
1598 4982 1782 5033 suum,
1837 4976 1891 5024 et
1924 4967 2071 5025 acci-

2110 4478 2158 4536 D

2192 3274 2408 3346 βάλλειν
2448 3277 2652 3350 ἀρχήν;
2694 3280 2806 3334 Καὶ
2833 3275 2984 3335 εἶπεν
3015 3283 3044 3334 6
3081 3282 3293 3355 γέρωνο
3336 3286 3460 3342 Ἐάν
3490 3286 3637 3342 ἐστιν
3679 3289 3774 3361 ἐρ-

2189 3368 2362 3439 γάτης
2391 3369 2460 3435 ³⁸,
2483 3369 2707 3424 δύναται
2733 3372 2778 3403 ³⁵
2811 3373 2906 3427 καὶ
2935 3373 3056 3427 καθ’
3079 3374 3228 3446 ὥραν
3260 3377 3472 3447 βάλλειν
3502 3378 3698 3450 ἀρχήν.

2263 3464 2348 3535 ιβ’.
2391 3463 2530 3518 Εῐπέ
2567 3483 2650 3531 τις
2685 3466 2796 3520 τῶν
2824 3469 3104 3540 Πατέρων,
3133 3470 3217 3524 ὅτι
3247 3473 3501 3543 συνέτυχέ
3530 3474 3656 3526 ποτέ
3683 3491 3770 3539 τις

2185 3553 2266 3625 τῷ
2320 3555 2465 3627 ἀ66ᾷ
2496 3555 2800 3628 Σιλουανῷ,
2834 3558 2930 3612 καὶ
2979 3559 3242 3629 ἑωρακὼς
3290 3559 3456 3614 αὐτοῦ
3495 3562 3555 3620 τὸ
3603 3564 3771 3632 πρόσ-

2187 3663 2337 3700 ωπον
2367 3646 2462 3700 καὶ⁸
2501 3647 2562 3700 τὸ
2594 3647 2753 3718 σῶμα
2788 3648 2864 3712 ὡς
2898 3649 3131 3718 ἀγγέλου
3177 3651 3416 3722 λάμψαν,
3450 3653 3644 3708 ἔπεσεν
3673 3656 3769 3708 ἐπὶ

2188 3736 2500 3808 πρόσωπον.
2530 3737 2726 3807 Ἔλεγε
2773 3739 2832 3792 δὲ
2880 3739 2976 3792 καὶ
3020 3739 3212 3804 ἄλλους
3271 3742 3422 3806 τινὰς
3476 3742 3769 3814 ἐσχηκέναι

2187 3827 2346 3883 τοῦτο
2372 3829 2437 3884 τὸ
2469 3828 2736 3901 χάρισμα.

2581 3939 2725 4008 Περὶ
2755 3941 2863 3995 τοῦ
2891 3941 3042 3997 ἁϐϐᾶ
3081 3943 3366 4013 Σίμωνος.

2256 4059 2326 4106 α’.
2367 4046 2539 4105 Ἦλθέ
2577 4069 2710 4106 ποτε
2741 4053 2926 4126 ἄρχων
2950 4054 3078 4108 ἰδεῖν
3105 4054 3197 4109 τὸν
3227 4055 3400 4110 ἁῦϐἄν
3432 4057 3665 4127 Σίμωνα.
3702 4059 3765 4111 ’0

2185 4144 2240 4198 δὲ
2259 4144 2500 4208 ἀκούσας
2537 4143 2698 4200 ἔλαϐε
2733 4145 2832 4217 τὴν
2883 4144 3080 4218 ζώνην,
3132 4147 3227 4200 καὶ
3256 4147 3496 4218 ἀπῆλθεν
3525 4149 3634 4218 (70)
3682 4151 3764 4210 εἰς

2186 4237 2408 4306 φοίνικα
2447 4237 2742 4309 καθαρίσαι
2785 4239 2967 4293 αὐτόν.
3000 4241 3063 4294 Oi
3101 4239 3158 4293 δέ
3193 4240 3458 4303 ἐλθόντες,
3489 4241 3757 4312 ἔκραξαν·

2185 4330 2373 4403 Γέρον,
2405 4331 2510 4384 ποῦ
2556 4331 2704 4386 ἐστιν
2731 4334 2759 4386 6
2790 4333 3183 4404 ἁναχωρητής;
3231 4335 3290 4387 Ὀ
3321 4334 3376 4388 δὲ
3417 4331 3598 4388 εἶπεν
3644 4335 3760 4388 Οὐκ

2184 4420 2332 4473 ἔστιν
2365 4414 2468 4474 ὦδε
2516 4422 2895 4494 ἀναχωρητής.
2937 4424 3047 4476 Καὶ
3100 4423 3431 4488 ἀκούσαντες
3476 4423 3760 4495 ἀνεχώρηο

2184 4527 2305 4564 σαν.

2255 4597 2322 4667 β’.
2367 4596 2588 4651 Ἀλλοτε
2619 4598 2782 4652 πάλιν
2818 4591 2981 4669 ἦλθεν
3007 4598 3164 4663 ἄλλος
3195 4601 3378 4674 ἄρχων
3412 4600 3538 4654 ἰδεῖν
3575 4599 3756 4655 αὐτόν.

2181 4691 2292 4744 Καὶ
2345 4689 2710 4761 προλαϐόντες
2744 4690 2796 4743 οἱ
2847 4691 3100 4764 κληρικοὶ
3143 4689 3297 4746 εἷπον
3329 4692 3508 4762 αὐτῷ·
3553 4690 3755 4754 Ἀ66ᾶ,

2176 4784 2490 4854 ἑτοίμασον,
2518 4784 2600 4836 ὅτι
2642 4782 2672 4834 6
2709 4782 2894 4856 ἄρχων
2945 4785 3158 4840 ἀκούων
3203 4787 3332 4856 περὶ
3381 4785 3497 4850 σοῦ,
3541 4784 3757 4856 ἔρχεται

2175 4875 2538 4947 εὐλογηθῆναι
2581 4876 2735 4948 παρὰ
2768 4876 2886 4932 σοῦ.
2925 4879 2984 4933 '0
3014 4878 3072 4932 δὲ
3113 4874 3262 4932 εἷπε·
3296 4879 3428 4943 Ναὶ,
3460 4877 3571 4946 ἐγὼ
3619 4877 3758 4930 ἐτοι-

2178 4968 2339 5039 μάζω
2390 4969 2604 5023 ἐαυτόν.
2639 4970 2879 5040 Φορέσας
2918 4965 3013 5025 οὖν
3049 4971 3111 5024 τὸ
3139 4973 3410 5043 κεντόνιον
3442 4968 3629 5035 αὐτοῦ,
3664 4970 3758 5022 καὶ

487 5038 646 5108 piens
687 5042 744 5097 in
782 5059 980 5104 manus
1021 5064 1215 5120 panem
1251 5067 1375 5107 cum
1421 5069 1606 5124 caseo,
1646 5072 1897 5128 surgens,
1925 5058 2068 5115 sedit

2194 5059 2352 5114 ,αϐὼν
2379 5061 2544 5132 ἄρτον
2593 5063 2688 5116 καὶ
2717 5038 2881 5134 τυρὸν
2921 5065 2979 5117 ἐν
3025 5067 3144 5128 ταῖς
3187 5039 3376 5136 χερσὶν
3419 5063 3583 5117 αὐτοῦ
3616 5062 3756 5134 (71),

557 5155 601 5188 ³⁸
631 5156 718 5210 ΑΙ.
751 5156 912 5228 ὑπέρ.
989 5159 1031 5192 ³⁷
1063 5161 1151 5217 Al.
1175 5179 1293 5221 σου.
1371 5165 1418 5197 ³⁸
1457 5166 1542 5222 AI.
1579 5167 1709 5226 add.
1751 5168 2057 5239 ἄνθρωπος.

2211 5171 2298 5225 ΑΙ.
2351 5172 2521 5227 inser.
2560 5173 2654 5226 καὶ
2689 5173 2812 5227 καθ’
2841 5174 3072 5246 ἡμέραν.

558 5310 672 5443 (ϐϐζ
720 5309 826 5366 Vit.
859 5313 1014 5371 Patr.
1048 5333 1100 5383 ν,
1143 5319 1194 5373 1.

558 5381 649 5443 (67
719 5380 827 5437 Vit.
859 5381 1013 5442 Patr.
1047 5404 1122 5443 χι.
1144 5391 1194 5443 2!

581 5380 672 5452 67)
719 5380 827 5452 Vit.
859 5381 1013 5442 Patr.
1047 5380 1122 5452 xi,
1144 5391 1235 5445 29.

582 5451 649 5504 68
721 5449 830 5506 Vit.
866 5454 1020 5510 Patr.
1048 5449 1164 5525 viil,
1204 5460 1290 5516 17.

582 5451 686 5590 ὅθί
714 5519 825 5578 Vit.
863 5524 1018 5582 Patr.
1053 5545 1172 5590 vm.
1205 5532 1290 5584 18.

714 5519 825 5594 Vit.
863 5524 1018 5582 Patr.
1053 5519 1172 5594 vui,
1205 5532 1294 5584 18.

709 5593 820 5673 καὶ
846 5595 1137 5673 ἀπῆλθεν.
1162 5593 1240 5673 flii
1260 5600 1393 5657 Vitis
1419 5605 1640 5660 Patrum
1663 5623 1678 5660 :
1709 5617 1757 5660 et
1805 5609 2062 5673 ascendit,

486 5660 734 5733 ἀνεῖριθεν,
762 5665 900 5721 forte
925 5660 1147 5724 rectius.
1194 5670 1293 5726 Ms.
1319 5675 1483 5730 Corb.
1522 5678 1684 5731 subiit
1716 5680 1771 5731 in
1800 5660 2060 5733 arborem:

554 5731 668 5802 (7|)
706 5735 916 5792 Λαϐὼν
963 5737 1143 5808 ἄρτον
1182 5742 1279 5798 καὶ
1328 5745 1508 5812 τιφόν
1561 5748 1629 5803 ἐν
1664 5748 1790 5815 ταῖς
1852 5731 2062 5820 mei»

2175 5325 2382 5382 αὐτοῦ.
2417 5325 2874 5400 PerClimacum,
2927 5345 3225 5400 suppresso
3252 5331 3473 5387 nomine
3510 5349 3523 5384 :
3575 5334 3636 5386 '0
3661 5333 3753 5387 τὸν

2174 5399 2338 5472 ᾅᾲρτον
2363 5398 2459 5472 κα).
2482 5398 2763 5472 τδντυρρν
2788 5400 2925 5472 μετὰ
2953 5398 3142 5471 χεῖρας
3168 5401 3629 5472 εξληφιῖ›ς,ϐι”ηάιι
3657 5403 3748 5458 25.

2177 5467 2240 5519 Et
2263 5467 2485 5543 morde
2515 5469 2623 5522 alio
2639 5467 2679 5543 ες
2786 5467 3108 5543 τὴνέαυτοῦ
3131 5467 3334 5541 ἐσθῆτα
3363 5473 3750 5543 ἐκδυσάμενος,

2173 5549 2279 5592 etc.
2313 5537 2414 5612 Ubi
2438 5537 2556 5612 duo
2594 5537 2924 5612 scliolia,'25
2957 5549 3012 5612 et
3046 5541 3138 5604 24,
3173 5537 3355 5612 priora
3389 5545 3552 5597 verba
3569 5537 3749 5612 ὀψο-

2173 5615 2310 5661 uuut
2341 5609 2407 5664 de
2434 5608 2753 5678 Serapione,
2785 5611 3089 5679 posteriora
3119 5608 3189 5665 de
3207 5611 3462 5666 Simone:
3497 5627 3620 5666 cuiu
3647 5608 3751 5667 boc

2172 5687 2420 5733 nostrum
2442 5686 2629 5742 caput,
2656 5680 2819 5733 etiam
2856 5682 2908 5734 in
2939 5679 3072 5734 Vitis
3106 5679 3352 5742 Patrum,
3383 5683 3448 5735 ad
3468 5681 3745 5738 Simonem

2174 5751 2460 5819 pertineat.
2499 5749 2768 5815 Quocirca
2817 5751 3303 5821 transpositionem
3340 5753 3538 5808 lactant
3575 5754 3749 5811 fuisse
