4028 6338
293 271 412 329 413

1442 271 2059 338 APOPHTHEGMATA
2098 281 2409 342 PATRUM.

3471 295 3574 358 ιιι

288 381 548 446 ἀναστὰς
574 381 654 446 εἷς
683 382 776 436 τδν
804 379 1024 437 πυλῶνα
1062 384 1315 439 ἐκάθισεν
1343 386 1559 442 ἐσθίων.
1589 391 1701 444 Καὶ
1724 391 1886 446 ἐλθὼν

1999 397 2066 453 ad
2091 400 2443 469 vestibulum,
2487 404 2654 472 atque
2687 403 3082 464 mandueabat.
3117 407 3352 464 Advenit
3376 426 3581 483 praeses

290 472 327 524 6
365 472 554 544 ἄρχων
585 471 725 543 μετὰ
757 473 857 544 τῆς
883 472 1091 539 τάξεως
1124 474 1312 542 αὑτοῦ,
1343 476 1438 530 καὶ
1472 477 1671 542 ἰδόντες
1707 480 1892 548 αὐτὸν,

295 560 667 634 ἐξουθένησαν
697 562 881 630 αὐτὸν,
916 563 1166 633 λέγοντες
1186 580 1199 595 ·
1234 559 1404 632 Οὗτός
1429 569 1577 623 ἐστιν
1617 571 1646 622 6
1679 571 1894 642 ἀναχω-

296 655 482 727 ρητὴς
534 654 665 726 περὶ¹
714 649 775 710 οὗ
822 655 1178 729 ἡκούσαμεν;
1233 658 1345 712 Καὶ
1395 659 1597 726 εὐθέως
1649 662 1894 736 ἀνέκαμ-

292 745 430 815 dav.

673 860 817 930 Περὶ
854 861 963 915 τοῦ
996 859 1148 916 ἀϐϐᾶ
1185 861 1528 932 Σωπάτρου.

382 970 672 1044 Ἦρώτησέ
705 990 790 1036 τις
817 973 910 1026 τὶν
939 972 1115 1026 άϐϐᾶν
1143 973 1434 1046 Σώπατρον
1456 974 1524 1044 ⁸⁸,
1557 975 1734 1047 λέγων
1753 993 1766 1006 ·
1793 978 1894 1043 Δός

297 1079 394 1132 μοι
426 1062 673 1134 ἐντολὴν,
704 1063 869 1129 ά66ἆ,
915 1064 1011 1118 καὶ
1051 1063 1274 1134 φυλάξω
1325 1066 1513 1137 αὑτήν.
1552 1067 1611 1120 '0
1649 1067 1705 1121 δὲ
1737 1064 1894 1125 εἶπεν

290 1154 485 1225 αὐτῷ·
517 1155 610 1226 Μὴ
649 1155 867 1228 εἰσέλθῃ
899 1157 1036 1228 γυνὴ
1066 1159 1147 1222 εὶς
1185 1157 1248 1211 τὸ
1279 1157 1491 1212 κελλίον
1533 1177 1648 1224 σου,
1681 1161 1777 1215 καὶ
1816 1162 1891 1235 μὴ

291 1244 625 1320 ἁναγνώσῃς
671 1248 999 1326 ἀπόκρυφα·
1035 1251 1128 1303 καὶ
1159 1249 1234 1321 μὴ
1279 1251 1588 1324 ὲκζητήσῃς
1620 1253 1748 1324 περὶ
1793 1255 1894 1326 τῆς

291 1341 543 1405 εἰκόνος·
577 1341 740 1396 τοῦτο
788 1323 900 1415 γάρ
932 1344 1033 1398 οὐκ
1067 1344 1214 1399 ἔστιν
1243 1346 1478 1418 αἵρεσις,
1506 1323 1624 1401 ἀλλ’
1657 1323 1896 1403 ἰδιωτεέα

291 1432 392 1484 καὶ
451 1433 760 1501 φιλονεικία
808 1435 1140 1508 ἀμφοτέρων
1192 1435 1300 1490 τῶν
1365 1437 1582 1509 μερῶν·
1617 1438 1895 1494 ἀδύνατον

291 1524 406 1596 γὰρ
442 1525 864 1598 καταληφθῆναι
897 1525 958 1581 τὸ
988 1529 1223 1600 πρᾶγμα
1252 1527 1413 1582 τοῦτο
1442 1529 1761 1602 ὑπδπάσης
1794 1531 1894 1602 τῆς

292 1616 548 1682 κτίσεως.

685 1736 825 1806 Περὶ
858 1737 964 1793 τοῦ
1002 1735 1155 1794 ἀόϐᾶ
1190 1737 1492 1810 Σαρματᾶ.
1837 1774 1848 1784 ο
1911 1745 1956 1801 Β

363 1853 432 1900 α’.
473 1846 644 1903 Εἶπεν
679 1850 708 1902 6
746 1850 919 1916 ἁϐὅᾶς
961 1852 1256 1924 Σαρματᾶς
1288 1853 1365 1886 ⁵¹ο
1397 1852 1548 1907 Θέλω
1597 1852 1882 1925 ἄνθρωπον

293 1940 714 2012 άμαρτήσαντα,
764 1944 814 1996 εἰ
861 1941 1002 1997 οἶδεν
1049 1946 1132 1998 ὅτι
1169 1946 1405 2017 ἥμαρτε,
1442 1946 1537 1998 καὶ
1596 1946 1878 2016 μετανοεῖ,

293 2033 434 2106 ὑπὲρ
463 2034 751 2106 ἄνθρωπον
786 2036 862 2108 μὴ
892 2037 1303 2111 άμαρτήσοντα,
1336 2038 1430 2094 καὶ
1455 2038 1648 2110 ἔχοντα
1689 2038 1882 2093 ἑαυτὸν

291 2123 370 2186 ὡς
407 2123 758 2196 δικαιοσύνην
785 2126 1063 2182 ποιοῦντα.

365 2214 433 2284 β’.
474 2217 704 2285 Ἔλεγον
739 2220 866 2289 περὶ
891 2218 987 2272 τοῦ
1013 2219 1160 2274 άϐὄᾶ
1197 2222 1485 2292 Σαρματᾶ,
1507 2222 1590 2276 ὅτι
1621 2222 1881 2287 πολλάκις

292 2307 572 2377 ἐλάμϐανε
601 2311 1012 2382 τεσσαράκοντα
1054 2313 1268 2386 ἡμέρας
1296 2317 1362 2386 τῇ
1395 2314 1558 2386 βουλῇ
1599 2315 1694 2368 τοῦ
1737 2314 1884 2369 άϐὃᾶ

292 2398 590 2468 Ποιμένος·
639 2400 732 2452 καὶ
761 2401 836 2464 ὼς
860 2401 1015 2454 οὐδὲν
1055 2401 1392 2473 ἐπληροῦντο
1438 2405 1495 2456 αἱ
1537 2403 1742 2475 ἡμέραι
1792 2405 1882 2458 ὲν-

291 2489 465 2542 ὡπιον
493 2489 681 2544 αὑτοῦ.
704 2486 916 2546 εἮλΟεν
945 2488 1039 2546 οὖν
1072 2493 1100 2546 6
1143 2493 1319 2558 ἁ66ᾶς
1362 2494 1574 2566 Ποιμὴν
1618 2496 1754 2566 πρὸς
1786 2496 1883 2550 αὐ-

291 2581 404 2648 τὸν,
446 2583 541 2636 καὶ
589 2583 738 2652 λέγει
773 2583 950 2655 αὐτῷ·
987 2585 1124 2639 Εἰπέ
1175 2604 1289 2657 μοι,
1323 2586 1375 2640 τί
1429 2585 1680 2659 ἑώρακας
1713 2588 1884 2643 ποιῶν

295 2671 385 2724 τὸν
417 2671 674 2727 τοσοῦτον
714 2674 915 2741 κόπον;
951 2675 1009 2730 '0
1046 2675 1104 2730 δὲ
1145 2677 1282 2748 πρὸς
1315 2678 1479 2732 αὐτὸν
1525 2679 1744 2748 ἔλεγεν·
1781 2680 1884 2734 Οὑ-

293 2761 385 2816 δὲν
430 2764 616 2821 πλέον.
662 2765 830 2835 Λέγει
873 2767 1023 2839 αὐτῷ
1049 2769 1078 2821 6
1113 2767 1288 2834 esse;
1321 2771 1569 2843 Ποιμήν·
1611 2771 1725 2826 Οὐκ
1761 2772 1885 2842 ἀφῶ

298 2872 379 2919 σε,
411 2856 509 2910 ἐὰν
545 2858 618 2928 μή
659 2875 748 2929 μοι
773 2859 952 2931 εἴπῃς.
992 2861 1048 2914 '0
1081 2861 1137 2915 δὲ
1163 2857 1347 2917 εἶπεν·
1385 2865 1482 2917 ’Ἑν
1515 2863 1673 2934 μόνον
1703 2857 1881 2936 εὗρον,

294 2944 376 2998 ὅτι
419 2945 518 2999 ἐὰν
554 2948 692 3001 εῐπω
736 2947 814 3020 τῷ
863 2949 1038 3022 ὕπνῳ,
1067 2952 1312 3023 ’Ύπαγε,
1365 2955 1593 3025 ὑπάγει,
1646 2956 1741 3010 καὶ
1788 2957 1885 3010 ἐὰν

295 3039 456 3103 εἴπω,
497 3039 670 3108 Ἐλθὲ,
697 3041 939 3114 ἔρχεται.

365 3137 436 3199 γ’.
492 3131 744 3201 Ἀδελφὸς
795 3134 1048 3207 ἠρώτησε
1087 3136 1180 3191 τὸν
1211 3138 1386 3193 άόὄᾶν
1441 3141 1758 3211 Σαρματᾶν,
1793 3141 1886 3196 λέ-

297 3240 441 3292 γων·
474 3224 540 3276 Οἱ
589 3224 840 3297 λογισμοὶ
889 3227 1108 3296 λέγουσί
1149 3247 1275 3301 μοι·
1323 3231 1416 3303 Μὴ
1470 3232 1717 3304 ἐργάσῃ,
1751 3233 1920 3297 ἀλλὰ⁹

299 3319 471 3387 φάγε,
519 3319 632 3381 πίε,
668 3319 865 3390 κοιμῶ.
898 3321 1066 3390 Λέγει
1107 3322 1258 3393 αὐτῷ
1283 3326 1311 3377 6
1351 3324 1561 3395 γέρων·
1591 3325 1721 3378 Ὅτε
1762 3343 1885 3378 πει-

297 3412 428 3480 νᾷς,
474 3411 650 3479 φάγε·
680 3413 768 3465 ὅτε
814 3413 995 3484 διψᾷς,
1043 3415 1166 3467 πίε·
1202 3416 1290 3468 ὅτε
1343 3415 1650 3481 νυστάζεις,
1681 3417 1880 3488 κοιμῶ.

303 3500 496 3565 Ἄλλος
522 3502 580 3555 δὲ
612 3503 789 3572 γέρων
823 3507 944 3557 κατ’
966 3505 1250 3575 εὐκαιρίαν
1278 3502 1410 3578 ἦλθε
1446 3507 1583 3577 πρὸς
1612 3508 1703 3562 τὸν
1733 3509 1886 3563 ἀδελ-

299 3598 428 3664 φόν·
467 3597 559 3649 καὶ
610 3591 765 3650 εἶπεν
813 3598 966 3669 αὑτῷ
1015 3602 1043 3652 6
1081 3599 1310 3669 ἀδελφὸς
1360 3600 1396 3654 ἃ
1443 3597 1597 3654 εἶπεν
1631 3603 1662 3654 6
1709 3601 1885 3666 ἀϐὁᾶς

298 3690 609 3760 Suppara;
649 3690 811 3758 Λέγει
853 3686 946 3744 οὖν
983 3692 1135 3763 αὐτῷ
1167 3695 1196 3747 6
1227 3693 1435 3763 γέρων·
1472 3693 1645 3748 Τοῦτό
1675 3696 1824 3750 ἐστιν
1855 3697 1884 3750 6

297 3777 421 3834 εἶπέ
451 3799 534 3835 σοι
565 3784 592 3835 6
620 3782 795 3848 ἀὸϐᾶς
823 3785 1117 3856 Σαρματᾶς
1137 3801 1151 3815 ·
1182 3785 1349 3839 Ὅταν
1381 3787 1571 3858 πεινᾷς
1599 3788 1756 3858 τόνῳ,
1789 3791 1885 3842 καὶ

296 3874 534 3946 διψήσῃς
579 3873 685 3939 ἕως
732 3877 930 3946 μηκέτι
975 3876 1239 3948 δυνηθῇς,
1282 3877 1423 3946 φάγε
1459 3879 1582 3932 τότε
1631 3879 1726 3933 καὶ
1757 3879 1882 3932 πίε·

298 3966 395 4020 καὶ
462 3966 594 4018 ὅταν
641 3966 1004 4038 άγρυπνήσῃς
1055 3967 1198 4020 πάνυ
1247 3966 1382 4021 πολὺ
1435 3969 1530 4022 καὶ
1579 3969 1882 4042 νυστάξῃς,

297 4058 502 4129 κοιμῶ.
533 4057 705 4112 Τοῦτό
733 4060 880 4113 ἐστιν
905 4059 933 4113 ὃ
964 4058 1120 4130 ἔλεγέ
1149 4077 1232 4114 σοι
1258 4060 1320 4130 γέ
1332 4078 1456 4133 ρων.

366 4319 430 4374 δ’.
480 4319 764 4391 Ἦρώτησε
805 4320 968 4375 πάλιν
1010 4323 1039 4375 6
1079 4323 1243 4386 αὐτὸς
1290 4323 1516 4395 ἀδελφὸς
1566 4325 1657 4380 τὸν
1709 4327 1884 4382 ἀὸϐἄν

1912 3085 1954 3144 C

1998 507 2122 548 cum
2157 494 2334 550 oﬂicio
2372 510 2495 552 suo.
2544 493 2653 552 Sed
2696 497 2791 553 ubi
2824 513 3226 570 conspexerunt
3277 503 3578 571 hominem,

1997 587 2274 656 aspernati
2319 594 2478 651 sunt,
2519 587 2885 661 dixeruntque
2912 607 2926 643 :
2956 590 3133 648 lstene
3180 603 3266 650 est
3298 596 3578 653 solitarius

1995 679 2063 734 de
2086 694 2197 750 quo
2231 680 2586 751 accepimus?
2623 679 2688 735 Et
2719 684 2927 738 reversi
2956 693 3088 739 sunt
3118 687 3326 743 statim.

2493 861 2568 917 De
2613 861 2803 917 abbate
2831 862 3081 934 Sopatro.

2067 976 2430 1037 Percontatus
2469 986 2556 1034 est
2577 979 2778 1048 aliquis
2816 978 2882 1034 de
2921 979 3119 1034 abbate
3154 977 3407 1049 Supatro,
3443 981 3522 1037 sic
3556 999 3572 1037 :

1999 1067 2074 1123 Da
2103 1069 2238 1124 mihi
2285 1068 2627 1134 mandatum,
2681 1069 2842 1132 abba,
2892 1075 2946 1124 et
3006 1068 3238 1123 servabo
3289 1068 3441 1123 illud.
3485 1067 3578 1125 lHe

1993 1178 2128 1220 vero
2155 1163 2293 1218 dixit
2332 1164 2382 1219 ei
2426 1182 2439 1216 :
2497 1161 2617 1217 Non
2660 1161 2824 1217 intret
2854 1161 3050 1216 mulier
3085 1161 3141 1215 in
3165 1159 3357 1216 cellam
3394 1171 3574 1227 tuam;

1996 1271 2098 1312 nec
2142 1255 2342 1326 legeris
2375 1253 2710 1325 apocrypha.
2763 1252 2845 1306 Ad
2877 1251 2993 1307 haec
3028 1267 3097 1307 ne
3136 1252 3482 1322 disquisieris
3512 1253 3580 1308 de

1995 1349 2234 1419 imagine
2266 1347 2363 1401 Dei
2391 1347 2441 1402 in
2474 1347 2704 1400 homine.
2745 1343 2860 1399 Hoc
2894 1344 3040 1400 enim
3075 1359 3182 1398 non
3216 1353 3300 1399 est
3327 1344 3575 1410 haeresis,

1997 1441 2095 1497 sed
2153 1439 2445 1509 imperitia,
2499 1438 2899 1506 ambarumque
2956 1436 3193 1507 partium
3259 1437 3574 1504 contentio;

1995 1549 2123 1588 nam
2160 1532 2276 1588 ﬁeri
2308 1529 2499 1602 nequit
2527 1537 2587 1584 ut
2621 1545 2712 1586 res
2738 1529 2854 1584 haec
2880 1544 2910 1582 a
2941 1535 3192 1584 creatura
3221 1529 3577 1600 comprehen-

1995 1625 2180 1682 datur.

2483 1736 2558 1792 De
2592 1735 2782 1790 abbate
2809 1733 3089 1790 Sarmata.

2056 1853 2109 1908 l.
2153 1852 2301 1908 Dixit
2354 1851 2525 1908 abbas
2566 1850 2850 1906 Sarmatas
2901 1865 2915 1902 :
2969 1848 3114 1903 Malo
3153 1847 3430 1904 hominem
3478 1849 3574 1918 qui

1983 1945 2315 2018 peccaverit,
2339 1943 2502 1999 modo
2525 1949 2788 2014 agnoscat
2821 1948 3108 2012 peccatum
3150 1953 3310 1994 suum
3347 1946 3405 1994 et
3452 1954 3573 2008 poe-

1983 2036 2212 2093 nitentia
2245 2037 2503 2100 ducatur,
2531 2050 2697 2105 quam
2733 2034 3010 2090 hominem
3041 2033 3134 2103 qui
3164 2048 3276 2087 non
3301 2047 3570 2103 peccave-

1981 2132 2073 2191 rit.
2103 2144 2168 2184 ac
2198 2145 2257 2184 se
2290 2135 2445 2200 putat
2475 2127 2710 2197 justum.

2053 2221 2108 2276 2.
2152 2220 2385 2276 Aiebant
2429 2220 2495 2276 de
2540 2221 2738 2276 abbate
2787 2218 3061 2282 Sarmata,
3105 2217 3252 2288 quod
3303 2232 3446 2287 saepe
3502 2201 3603 2272 de.

1983 2311 2219 2368 consilio
2246 2311 2462 2366 abbatis
2489 2309 2767 2366 Pmmenis
2795 2310 2900 2365 sibi
2939 2314 3184 2365 sumeret
3207 2303 3573 2377 quadraginta

1983 2405 2136 2471 dies;
2184 2405 2279 2474 qui
2328 2404 2488 2474 quasi
2529 2403 2667 2458 nihil
2708 2401 2972 2472 temporis
3010 2401 3078 2456 ab
3129 2415 3196 2457 eo
3224 2396 3574 2468 compleban-

1985 2503 2097 2551 tur.
2124 2494 2287 2550 Venit
2341 2509 2475 2563 ergo
2520 2492 2589 2546 ad
2629 2492 2810 2563 ipsum
2843 2492 3012 2547 abbas
3054 2489 3300 2552 Pmmen,
3339 2487 3524 2556 aitque
3552 2499 3572 2539 :

1987 2586 2086 2642 Die
2144 2586 2277 2641 mihi
2317 2586 2449 2656 quid
2499 2585 2878 2655 conspexeris,
2935 2585 3065 2639 dum
3111 2593 3318 2638 tantum
3367 2579 3574 2634 laboris

1987 2679 2274 2737 sustines?
2306 2677 2612 2747 Respondit
2637 2677 2728 2731 ille
2761 2695 2773 2730 :
2802 2675 2948 2731 Nihil
2988 2675 3184 2746 magis.
3225 2673 3445 2743 Excepit
3474 2671 3572 2725 ab-

1985 2773 2084 2828 bas
2123 2771 2348 2827 Pmmen
2396 2788 2410 2825 :
2462 2768 2582 2824 Non
2627 2769 2899 2823 dimittam
2936 2774 3029 2831 te,
3070 2766 3203 2836 quin
3250 2763 3563 2835 protuleris.

1987 2862 2142 2918 Tunc
2173 2862 2265 2917 ille
2301 2879 2315 2917 :
2351 2860 2531 2915 Unum
2565 2860 2832 2914 duntaxat
2876 2858 3087 2927 reperi;
3119 2855 3265 2926 quod
3295 2855 3342 2910 si
3378 2853 3571 2909 dixero

1987 2971 2181 3011 somno
2213 2973 2227 3008 :
2257 2954 2491 3018 Recede,
2521 2951 2760 3017 recedit;
2795 2952 2840 3007 si
2869 2969 2882 3006 :
2907 2949 3064 3017 Veni,
3099 2948 3264 3004 venit.

2057 3135 2112 3190 5.
2152 3133 2346 3190 Frater
2385 3133 2468 3190 sic
2505 3132 2866 3203 interrogavit
2918 3130 3169 3186 abbatem
3216 3128 3562 3183 Sarmatam:

1985 3225 2360 3296 Cogitationes
2417 3223 2550 3279 mihi
2600 3229 2902 3294 suggerunt
2959 3239 2974 3275 :
3030 3220 3109 3277 Ne
3158 3219 3425 3289 opereris,
3471 3218 3567 3272 sed

1985 3319 2281 3383 manduca,
2312 3317 2460 3382 bibe,
2505 3317 2702 3372 dormi.
2733 3316 3038 3386 Respondit
3085 3328 3252 3370 senex
3284 3330 3298 3366 :
3337 3310 3568 3376 Quando

1985 3411 2271 3478 esui-ieris,
2311 3410 2559 3475 comede,
2607 3424 2732 3465 cum
2773 3407 3004 3474 sitieris,
3046 3407 3189 3471 bibe,
3225 3405 3440 3476 quoties
3469 3419 3566 3457 ca-

1986 3504 2134 3575 peris
2171 3518 2390 3575 sopore,
2441 3502 2640 3557 dormi.
2683 3501 2841 3556 Alius
2879 3516 3010 3557 vero
3063 3515 3231 3554 senex
3262 3504 3569 3569 Opportune

1985 3613 2052 3654 ex
2080 3597 2375 3653 occasione
2407 3595 2644 3651 accessit
2677 3594 2746 3650 ad
2775 3593 3027 3648 fratrem.
3051 3592 3152 3646 Cui
3184 3591 3372 3646 retulit
3397 3590 3568 3645 frater

1986 3705 2298 3747 sermonem
2332 3688 2548 3744 abbatis
2579 3688 2875 3742 Sarmata}.
2905 3685 3084 3742 Senex
3103 3686 3270 3756 igitur
3300 3686 3366 3739 ad
3398 3699 3521 3738 eum
3547 3699 3564 3737 :

1985 3782 2142 3849 Quod
2185 3782 2285 3838 tibi
2332 3781 2502 3837 abbas
2542 3779 2828 3836 Sarmatas
2862 3777 3265 3848 pronuntiavit,
3303 3776 3405 3830 hoc
3433 3783 3564 3830 est:

1985 3875 2221 3941 Quando
2255 3873 2610 3930 vehementer
2650 3871 2938 3934 esurieris,
2971 3879 3132 3938 atque
3160 3870 3212 3922 in
3254 3875 3466 3921 tantum
3494 3867 3566 3922 si-

1985 3968 2144 4023 tieris
2189 3975 2252 4022 ut
2300 3981 2411 4020 non
2465 3963 2703 4035 amplius
2757 3961 3034 4016 sustinere
3088 3962 3293 4022 valeas,
3345 3959 3571 4014 comede

1985 4068 2119 4114 tunc
2148 4069 2204 4114 et
2231 4058 2358 4113 bibe
2392 4076 2406 4110 :
2439 4070 2676 4124 cumque
2719 4051 3186 4122 quamplurimum
3233 4049 3567 4118 vigilaveris,

1985 4167 2050 4207 ac
2078 4147 2308 4206 tentaris
2331 4161 2547 4211 somno,
2594 4145 2792 4200 dormi.
2842 4141 2958 4197 Hoc
2987 4150 3074 4197 est
3120 4140 3264 4212 quod
3290 4140 3387 4195 tibi
3419 4140 3569 4194 locu-

1985 4253 2075 4300 ιιιε
2097 4249 2183 4299 681.
2210 4256 2375 4296 senex
2385 4279 2400 4295 ο

2059 4337 2110 4390 4.
2151 4333 2354 4389 lterum
2405 4329 2720 4387 sciscitatus
2770 4337 2852 4387 est
2900 4328 3043 4385 idem
3087 4327 3258 4383 frater
3318 4326 3567 4382 abbatem

298 4411 614 4482 Σαρματᾶν,
644 4411 822 4480 λέγων
841 4431 853 4443 ·
885 4415 948 4466 Οἱ
985 4413 1236 4485 λογισμοὶ
1266 4414 1482 4485 λέγουσι
1516 4434 1639 4487 μοι·
1669 4419 1886 4490 ’Ύπαγε

1994 4426 2303 4483 Sarmatam
2338 4441 2352 4477 :
2401 4424 2653 4481 Subeunt
2700 4440 2788 4478 me
2829 4422 3192 4495 cogitationes
3233 4421 3382 4476 istae:
3421 4417 3569 4473 Vade

298 4504 422 4572 ἔξω,
470 4506 566 4558 καὶ
600 4505 885 4576 παράϐαλε
931 4508 1044 4569 τοῖς
1075 4506 1345 4576 ἀδελφοῖς.
1391 4510 1501 4562 Καὶ
1535 4511 1684 4579 λέγει
1728 4514 1757 4566 6
1797 4513 1891 4581 γέ-

304 4612 442 4667 ρων·
491 4596 662 4650 Τοῦτο
717 4596 793 4668 μὴ
846 4597 1092 4670 ἀκούσῃς
1139 4599 1340 4664 αὐτῶν,
1394 4600 1510 4654 ἀλλ’
1546 4603 1707 4656 εἰπέ·
1755 4604 1887 4658 Ἰδοὺ

300 4688 509 4758 ἧκουσά
554 4706 647 4742 σου
698 4689 760 4742 τὸ
801 4688 1037 4762 πρῶτον,
1084 4691 1244 4746 τοῦτο
1287 4692 1344 4746 δὲ
1396 4693 1458 4747 οὐ
1506 4694 1740 4767 δύναμαί
1794 4714 1888 4752 σου

300 4782 553 4836 ἀκοῦσαι.

635 4895 777 4964 Περὶ
814 4895 922 4951 τοῦ
955 4897 1108 4953 ἀϐὄᾶ
1147 4901 1548 4967 Σεραπίωνος.

366 5015 437 5063 α’.
477 5004 648 5064 Ἧλθέ
701 5028 832 5064 ποτε
879 5012 906 5063 6
936 5012 1110 5076 άδὸᾶς
1140 5013 1422 5084 Σεραπίων
1473 5015 1883 5087 παρερχόμενος

294 5099 380 5155 διὰ
425 5101 621 5174 κώμης
660 5103 807 5167 τινὸς
843 5103 946 5174 τῆς
976 5103 1281 5172 Αἰγύπτου·
1315 5105 1409 5160 καὶ
1442 5102 1551 5161 εἶδέ
1583 5125 1705 5161 τινα
1749 5109 1884 5183 πόρ-

1993 4521 2164 4587 foras,
2193 4527 2248 4576 et
2283 4520 2485 4576 fratres
2517 4519 2716 4575 invise.
2769 4517 3075 4588 Respondit
3115 4531 3324 4571 senex:
3374 4515 3430 4569 In
3464 4513 3568 4568 hoc

1986 4630 2057 4670 ne
2092 4613 2200 4669 illis
2233 4613 2610 4682 obtemperes,
2661 4611 2755 4668 sed
2792 4611 2963 4665 dicito
3014 4625 3029 4662 :
3065 4607 3207 4662 Ecce
3243 4623 3420 4669 mens,
3470 4621 3570 4660 au-

1987 4703 2217 4762 scultavi
2247 4704 2346 4759 tibi
2377 4704 2566 4774 prius;
2611 4703 2680 4757 ad
2711 4702 2854 4756 hanc
2881 4715 3010 4755 vero
3049 4714 3164 4754 rem
3197 4713 3306 4752 non
3341 4711 3566 4768 possum

1989 4797 2184 4852 audire
2211 4805 2288 4852 te.

2454 4908 2531 4962 De
2561 4907 2760 4976 abbate;
2787 4904 3078 4980 Serapione

2049 5026 2102 5080 1.
2132 5022 2369 5079 Veniens
2397 5021 2691 5094 aliquando
2731 5021 2904 5078 abbas
2941 5020 3168 5092 Serapio
3191 5027 3246 5076 et
3281 5029 3564 5091 pertrans-

1980 5114 2099 5171 iens
2133 5130 2230 5186 per
2293 5112 2585 5185 quemdam
2641 5113 2860 5186 Egypti
2897 5113 3110 5177 vicum,
3146 5113 3282 5168 vidit
3314 5113 3566 5169 meretri-

295 5211 391 5265 νην
443 5195 690 5249 έστῶσαν
731 5197 812 5259 εἰς
860 5196 920 5250 τὸ
951 5197 1159 5250 κελλιον
1196 5197 1395 5268 αὐτῆς·
1428 5200 1521 5253 καὶ
1553 5195 1706 5253 εἶπεν
1743 5200 1879 5273 αὐτῇ

1993 5220 2097 5260 :em
2139 5215 2378 5264 stantem
2421 5205 2476 5261 in
2515 5207 2654 5264 cella
2690 5222 2832 5275 sua;
2867 5215 2916 5263 et
2959 5207 3098 5262 dixit
3133 5207 3182 5264 ei
3211 5223 3376 5264 senex
3408 5227 3422 5263 :
3457 5207 3566 5264 Ex-

293 5287 324 5341 ὁ
363 5287 578 5360 γέρων·
629 5289 1012 5361 Προσδόκησόν
1073 5308 1140 5361 με
1179 5289 1313 5360 ὀψέ·
1360 5290 1498 5344 θέλω
1549 5291 1656 5364 γὰρ
1707 5291 1882 5347 ἐλθεῖν

1993 5302 2169 5365 specta
2214 5312 2300 5351 me
2332 5297 2546 5368 vesperi
2593 5316 2608 5354 :
2641 5297 2766 5353 volo
2800 5297 2944 5352 enim
2983 5297 3167 5354 venire
3199 5298 3266 5353 ad
3303 5307 3374 5364 te,
3403 5306 3568 5370 atque

337 5443 416 5512 ,⁸⁸
443 5445 531 5500 ΔΙ.
566 5444 941 5517 Σωσίπατρον.
1014 5445 1056 5478 δ¹
1091 5446 1178 5500 Al.
1211 5447 1529 5519 Σαμαρτᾶςο

297 5601 600 5663 crederem.
639 5601 744 5657 nisi
781 5603 835 5656 in
863 5601 1325 5658 Elncidationibus
1359 5603 1578 5658 Gallicis
1624 5602 1690 5658 ad
1730 5603 1876 5660 hunc
1983 5604 2124 5660 idem
2151 5623 2177 5658 a
2212 5607 2427 5664 duobus
2456 5607 2804 5666 anachoretis
2843 5609 3049 5666 editum
3081 5608 3250 5668 fuisse
3282 5609 3565 5669 humilita-

300 5669 951 5734 Gradum,adduceretur
987 5675 1360 5729 testimonium
1405 5675 1535 5729 Elim
1573 5675 1876 5737 Cretensis,

295 5756 406 5817 quo
443 5752 702 5816 receptus
734 5744 869 5802 ordo
901 5745 1280 5803 conﬁrmatur.
1324 5744 1438 5802 Dici
1486 5747 1669 5819 itaque
1694 5744 1874 5814 debet,

1983 5677 2052 5733 tis
2081 5680 2379 5747 specimen.
