4028 6338
453 310 554 366 415
1574 293 1921 361 specum
1957 302 2513 375 AorALLamun.
3624 302 3769 360 ms

450 430 593 486 hanc
617 434 833 487 noctem
859 425 1016 498 juxta
1058 432 1110 482 te
1142 424 1474 497 transigere.
1501 423 1599 480 illa
1630 439 1762 482 vero
1801 439 2032 496 respon-

2164 426 2273 498 ιρδς
2301 426 2384 493 σέ,
2414 427 2510 482 καὶ
2538 425 2763 497 ποιῆσαι
2790 424 2891 493 τὴν
2920 421 3092 478 νύκτα
3116 421 3322 495 ταύτην
3348 420 3585 493 ἔγγιστά
3614 438 3761 480 σου.

455 538 575 579 sum
607 520 848 577 reddidit
884 540 898 576 :
947 519 1093 577 Bene
1136 528 1260 586 est,
1289 521 1452 577 abba.
1500 519 1724 577 Paravit
1768 535 1904 593 ergo
1934 536 2029 587 se,

2164 520 2213 573 Η
2256 520 2315 574 δέ
2346 519 2731 592 ἀποκριθεῖσα,
2776 513 2923 571 εἷπε·
2961 516 3182 581 Καλῶς,
3226 515 3393 570 ἀϐὅᾶ.
3428 517 3542 569 Καὶ
3583 517 3764 585 ἡτοι-

455 612 757 682 etravitque
804 611 1029 667 lectum.
1079 608 1320 682 Vespere
1357 617 1542 667 autem
1576 610 1757 676 Paeto,
1796 610 2036 667 accessit

456 719 643 770 senex,
663 711 828 775 atque
847 704 1131 772 ingressus
1167 702 1225 758 in
1245 704 1465 768 cellam,
1483 704 1562 759 ait
1589 721 1605 759 :
1632 702 2037 775 Praeparastine

460 794 697 849 lectum?
727 794 856 857 Illa,
888 792 1095 859 Etiam,
1145 794 1360 864 inquit,
1396 794 1556 850 abba.
1599 793 1788 865 Itaque
1835 793 2038 848 clausit

455 884 702 955 januam,
741 890 797 939 et
827 882 949 938 inﬁt
978 901 993 938 :
1019 882 1294 956 Exspecta
1328 898 1664 955 parumper;
1698 883 2042 956 quandoqui-

461 975 588 1031 dem
636 974 1092 1032 consuetudinem
1148 976 1447 1042 habemus,
1501 975 1680 1032 donec
1738 974 2039 1033 secundum

462 1080 584 1121 eam
621 1063 867 1120 fecerim.
892 1064 1032 1121 Tum
1057 1066 1337 1122 inchoavit
1364 1082 1531 1123 senex
1558 1065 1809 1123 Oilicium
1840 1080 2042 1131 suum;

466 1169 530 1209 ac
557 1154 829 1225 incipiens
868 1156 1073 1213 librum
1102 1157 1357 1215 Psalterii
1377 1198 1393 1225 ,
1426 1157 1496 1213 ad
1520 1158 1771 1229 singulos
1800 1157 2045 1228 psalmos

463 1248 768 1303 orationem
803 1248 1020 1305 dicebat
1039 1290 1055 1314 ,
1086 1248 1254 1305 Deum
1296 1264 1393 1319 pro
1422 1249 1513 1305 illa
1543 1264 1798 1320 precans,
1828 1256 1888 1304 ut
1926 1262 2044 1318 poe-

466 1337 748 1394 nitentiam
785 1347 967 1410 ageret
1003 1347 1058 1395 et
1096 1347 1530 1412 consequeretur
1569 1341 1824 1397 salutem.
1872 1338 2046 1394 Porro

2140 608 2345 681 μάσθη,
2374 607 2469 662 καὶ
2506 607 2749 680 ἕστρωσε
2788 606 2887 678 τὴν
2925 604 3118 676 κλίνην
3140 604 3206 659 δ’.
3250 604 3444 674 Ὀψίας
3486 604 3545 657 δὲ
3578 622 3764 675 γενο-

2140 699 2329 772 μένης,
2360 696 2521 774 ἦλθεν
2566 702 2595 754 6
2636 699 2819 771 γέρων
2855 698 2994 770 πρὸς
3026 697 3197 769 αὐτὴν
3225 697 3293 765 ⁸³,
3337 696 3435 750 καὶ
3473 696 3764 751 εἰσελθὼν

2139 794 2221 856 εἰς
2248 791 2311 845 τὸ
2341 790 2577 856 κελλίον,
2607 790 2760 860 λέγει
2793 790 2933 860 αὐτῇ
2955 807 2967 822 ·
3008 787 3347 860 Ἠτοίμασας
3378 787 3477 859 τὴν
3506 787 3712 857 κλίνην
3736 808 3759 853 ;

2151 884 2220 937 Ἦ
2248 882 2307 936 δὲ
2338 876 2491 935 εἷπε·
2523 881 2655 945 Ναὶ.
2696 880 2862 935 assa.
2895 879 3008 934 Καὶ
3043 879 3256 933 ἔκλεισε
3283 879 3383 952 τὴν
3414 879 3609 950 θύραν,
3643 880 3763 934 καὶ

2139 975 2289 1043 λέγει
2332 974 2472 1045 αὐτῇ
2497 989 2513 1006 ·
2566 973 2768 1029 Μεῖνον
2817 971 3021 1041 ὀλίγον,
3064 970 3252 1042 ἐπειδὴ
3290 972 3456 1042 νόμον
3512 970 3761 1041 ἔχομεν,

2138 1065 2246 1130 ἕως
2270 1058 2333 1120 οὗ
2373 1063 2587 1135 ποιήσω
2615 1062 2797 1119 αὐτόν.
2825 1061 2931 1118 Καὶ
2961 1061 3167 1133 ἧρξατο
3193 1063 3222 1114 ὀ
3249 1060 3431 1132 γέρων
3459 1058 3561 1129 τῆς
3605 1074 3760 1111 συν-

2144 1159 2316 1227 ἀξεως
2334 1156 2524 1213 αὑτοῦ·
2545 1156 2640 1211 καὶ
2660 1153 2970 1227 ἀρξάμενος
2991 1152 3056 1206 τὸ
3078 1151 3397 1222 ψαλτήριον,
3422 1149 3563 1203 κατὰ
3598 1147 3762 1219 ψαλ-

2149 1250 2247 1322 μὸν
2266 1248 2440 1303 ἐποίει
2465 1246 2655 1317 εὐχὴν,
2677 1245 2933 1315 δεόμενος
2947 1242 3043 1297 τοῦ
3054 1241 3192 1297 Θεοῦ
3214 1241 3356 1313 ὑπὲρ
3380 1239 3762 1310 αὐτῆςῶπως

2149 1341 2457 1412 μετανοήσῃ
2472 1337 2567 1391 καὶ
2585 1337 2753 1407 σωθῇ.
2768 1336 2878 1390 Kal.
2893 1334 3116 1405 εἰσήκον
3124 1350 3213 1387 σεν
3230 1330 3394 1388 αὐτοῦ
3414 1333 3443 1384 6
3455 1331 3611 1393 656;.
3629 1328 3762 1382 Καὶ

463 1430 743 1486 exaudivit
776 1445 901 1485 eum
949 1429 1110 1487 Deus.
1155 1428 1292 1484 Nam
1347 1430 1547 1485 mulier
1592 1431 1747 1486 stetit
1799 1438 2046 1486 tremens

2164 1432 2375 1503 ἕστηκεν
2402 1433 2436 1502 ἡ
2468 1429 2605 1503 γυνὴ
2628 1428 2908 1503 τρέμουσα
2932 1428 3027 1483 καὶ
3055 1425 3324 1498 εὐχομένη
3354 1423 3523 1493 ἐγγὺς
3538 1420 3637 1475 τοῦ
3655 1421 3764 1489 γέ-

467 1536 741 1592 orausquc
789 1535 956 1591 prope
1009 1536 1218 1577 senem.
1268 1520 1453 1592 thue
1492 1529 1668 1578 totum
1720 1520 2047 1577 Psalterium

2164 1541 2356 1588 οοντος.
2385 1522 2495 1577 Καὶ
2520 1521 2596 1586 ὡς
2630 1520 2879 1577 ἐτέλεσεν
2907 1520 2937 1572 6
2956 1518 3138 1592 γέρων
3164 1517 3285 1570 ὅλον
3316 1516 3376 1570 τὸ
3415 1514 3757 1585 ψαλτήριον,

467 1628 632 1667 senex
662 1612 985 1681 complevit,
1025 1610 1226 1668 cecidit
1259 1612 1455 1667 mulier
1490 1613 1544 1667 in
1597 1620 1821 1667 terram.
1869 1610 2049 1668 Senex

2164 1615 2345 1668 ἔπεσεν
2362 1616 2396 1684 ἡ
2418 1611 2555 1683 γυνὴ
2579 1611 2773 1682 χαμαί.
2790 1610 2849 1663 ’0
2868 1608 2924 1662 δέ
2936 1609 3113 1680 γέρων
3138 1604 3445 1678 ἀρξάμενος
3467 1603 3563 1659 τοῦ
3585 1605 3765 1657 Ἀπο-

468 1718 598 1759 vero
625 1704 888 1759 inchoans
920 1703 1245 1774 Apostolum
1267 1743 1282 1769 ,
1318 1704 1553 1759 multum
1586 1719 1654 1759 ex
1688 1704 1812 1774 ipso
1846 1705 2049 1758 recita-

2155 1706 2363 1770 στόλου,
2391 1699 2515 1757 εἷπε
2537 1702 2671 1756 πολὺ
2698 1702 2758 1768 ἐξ
2781 1700 2942 1754 αὐτοῦ
2965 1715 2978 1729 ·
3002 1700 3100 1753 καὶ
3118 1698 3293 1762 οὕτως
3325 1696 3617 1767 ἐπλήρωσε
3643 1694 3761 1764 τὴν

467 1796 583 1863 vit;
615 1806 780 1864 atque
812 1796 893 1852 sic
924 1798 1086 1853 tinem
1126 1797 1391 1865 imposuit
1426 1796 1684 1867 precibus
1719 1796 1858 1852 suis.
1890 1795 2053 1850 Com-

2164 1796 2393 1861 σύναξιν.
2414 1796 2793 1864 Κατανυγεῖσα
2825 1789 2967 1864 οὖνὴ
2992 1791 3161 1862 γυνὴ,
3190 1791 3285 1844 καὶ
3306 1790 3548 1861 νοήσασα
3569 1789 3656 1841 ὅτι
3685 1787 3757 1839 οὐ

470 1895 673 1955 puncta
705 1887 873 1957 igitur
897 1887 1113 1950 mulier,
1141 1895 1307 1956 atque
1337 1886 1650 1955 intelligens
1689 1902 1795 1939 non
1834 1894 2056 1955 ιιι-ουτοι·

468 1990 751 2047 peccatum
800 1979 1017 2034 venisse
1052 1977 1118 2032 ad
1158 1994 1277 2033 eam
1302 2020 1316 2043 ,
1352 1978 1448 2033 sed
1491 1985 1549 2030 ut
1599 1977 1773 2047 ipsius
1821 1977 2057 2031 animam

471 2070 731 2135 salvaret,
768 2070 1004 2140 procidit
1029 2070 1101 2134 ei,
1130 2070 1320 2139 sicque
1350 2069 1529 2123 locuta
1555 2075 1641 2123 est
1674 2085 1688 2120 :
1719 2066 2055 2122 Charitatcm

475 2161 588 2222 fac,
628 2161 763 2215 abba
789 2179 802 2223 ;
830 2162 883 2214 iu
911 2161 1092 2214 locum
1124 2177 1209 2215 me
1238 2160 1448 2224 ducito,
1482 2160 1537 2212 in
1569 2174 1680 2228 quo
1708 2160 1914 2227 possim
1946 2157 2058 2212 Deo

475 2252 981 2322 placentia-facere.
1025 2250 1180 2306 Tunc
1215 2265 1383 2306 senex
1410 2248 1639 2304 deduxit
1667 2249 1814 2303 illam
1852 2249 1910 2303 in
1942 2264 2057 2302 mo-

477 2343 777 2397 uasterium
822 2342 1119 2413 virginum,
1152 2349 1206 2396 et
1247 2340 1475 2394 tradidit
1524 2338 1716 2406 Matri;
1754 2340 1842 2393 cui
1874 2339 2055 2394 dixit:

476 2428 678 2499 Accipe
706 2443 952 2483 sororem
988 2429 1162 2494 hanc;
1195 2443 1375 2498 neque
1424 2428 1759 2497 imposueris
1784 2428 1835 2482 ei
1865 2428 2057 2497 iugum

476 2527 572 2571 aut
622 2520 942 2574 mandatum
992 2529 1052 2574 ut
1107 2519 1230 2575 aliis
1277 2519 1595 2582 sororibus,
1649 2519 1745 2574 sed
1794 2520 2057 2589 quidquid

477 2610 746 2671 voluerit,
799 2611 865 2664 da
918 2610 1032 2672 illi,
1086 2617 1140 2663 et
1193 2618 1355 2680 prout
1410 2610 1660 2672 voluerit,
1712 2611 1831 2665 sine
1884 2611 2059 2679 ipsam

476 2717 656 2770 agere.
688 2701 820 2755 Post
842 2716 1048 2772 paucos
1075 2716 1206 2771 ergo
1236 2702 1377 2764 dies,
1411 2702 1500 2754 illa
1524 2716 1710 2756 secum
1746 2720 1760 2755 :
1794 2701 1906 2772 Ego
1936 2716 2061 2772 pec-

478 2793 653 2847 catrix
683 2808 832 2855 sum,
874 2794 998 2846 volo
1037 2808 1135 2862 per
1168 2792 1335 2847 bidua
1366 2793 1534 2847 semel
1577 2793 1883 2849 comedere.
1920 2793 2062 2848 Pau-

480 2886 669 2953 cisque
696 2892 821 2954 post
841 2884 1035 2941 diebus
1066 2904 1078 2940 :
1113 2884 1227 2956 Ego
1253 2885 1423 2939 multa
1456 2885 1632 2941 habeo
1657 2893 1903 2955 peccata,
1936 2888 2062 2942 volo

482 2991 579 3045 per
605 2975 899 3045 quatridua
931 2976 1285 3030 manducare.
1309 2975 1440 3030 ltem
1466 2976 1768 3046 interiectis
1790 2977 1913 3032 aliis
1936 2993 2064 3048 pau-

479 3067 560 3120 cis
590 3067 813 3133 diebus,
849 3068 1027 3122 oravit
1056 3066 1281 3121 Matrem
1316 3068 1422 3121 hoc
1465 3083 1761 3124 sermone:
1801 3067 2061 3134 Quando-

2156 1886 2223 1939 δι’
2242 1884 2513 1957 ἁμαρτίαν
2526 1880 2659 1955 ἦλθε
2684 1882 2821 1954 πρὸς
2843 1882 3033 1952 αὐτὴν,
3053 1881 3265 1935 ἀλλ’ἵνα
3288 1878 3438 1950 σώσῃ
3456 1879 3627 1948 αὐτῆς
3650 1878 3758 1947 τὴν

2156 1975 2354 2046 ψυχὴν,
2383 1976 2720 2047 προσέπεσεν
2747 1972 2916 2044 αὐτῷ,
2943 1972 3204 2041 λέγουσα·
3237 1972 3467 2040 Ποίησον
3499 1969 3754 2038 ἀγάπην,

2160 2068 2322 2132 esea,
2349 2067 2446 2121 καὶ
2476 2067 2612 2121 ὅπου
2646 2065 2881 2137 δύναμαι
2927 2064 3288 2136 εὐαρεστῆσαι
3332 2062 3410 2131 τῷ
3447 2060 3585 2131 Θεῷ,
3621 2061 3761 2132 ὀδή-

2158 2158 2325 2230 γησόν
2366 2175 2457 2229 με.
2485 2157 2619 2210 Τότε
2657 2158 2684 2209 ὁ
2718 2156 2895 2227 γέρων
2938 2155 3218 2228 ὡδήγησεν
3259 2154 3429 2225 αὐτὴν
3466 2156 3547 2216 είς
3582 2171 3759 2224 μονα-

2162 2246 2382 2315 στήριον
2418 2245 2726 2315 παρθένων,
2764 2244 2859 2297 καὶ
2888 2244 3206 2313 παρέδωκεν
3236 2243 3405 2313 αὐτὴν
3429 2246 3493 2313 τῇ
3533 2243 3753 2313 Ἀμμᾷ,

2160 2336 2253 2391 καὶ
2281 2335 2429 2389 εἷπε·
2462 2336 2607 2391 Λάϐε
2651 2336 2751 2406 τὴν
2789 2336 3020 2406 ἀδελφὴν
3053 2336 3278 2405 ταύτην,
3311 2336 3405 2389 καὶ
3448 2337 3522 2407 μὴ
3557 2335 3756 2405 θήσεις

2159 2430 2294 2501 αὐτῇ
2342 2428 2507 2496 ζυγὸν
2550 2428 2583 2498 ἢ
2623 2428 2843 2499 ἐντολὴν
2880 2428 2955 2491 ὡς
2988 2430 3108 2490 ταῖς
3134 2427 3180 2458 ⁸⁵
3212 2426 3502 2494 ἀδελφαῖς·
3548 2426 3666 2480 ἀλλ’
3699 2425 3762 2476 εἴ

2159 2539 2211 2575 τι
2239 2520 2403 2582 θέλει,
2441 2520 2529 2582 δὸς
2568 2521 2705 2591 αὑτῇ
2727 2537 2741 2550 ·
2775 2520 2868 2573 καὶ
2905 2520 2981 2582 ὼς
3013 2518 3176 2584 θέλει,
3210 2519 3563 2590 συγχώρησον
3606 2518 3749 2590 αὐτῇ

2163 2612 2509 2685 πορεύεσθαι.
2539 2612 2649 2665 Καὶ
2681 2611 2755 2675 ὡς
2786 2611 3041 2681 ἐποίησεν
3065 2610 3252 2680 ὀλίγας
3282 2610 3519 2682 ἡμέρας,
3557 2607 3710 2663 εἶπεν
3731 2625 3745 2638 ·

2175 2702 2317 2772 Ἐγὼ
2352 2702 2672 2774 ἁμαρτωλός
2706 2704 2842 2773 εἰμι,
2874 2701 3014 2753 θέλω
3054 2702 3144 2754 διὰ
3183 2701 3276 2754 δύο
3300 2702 3345 2733 ⁸⁸
3377 2699 3600 2755 ἐσθίειν.
3642 2699 3753 2754 Καὶ

2167 2793 2283 2864 μετ’
2329 2792 2516 2862 ὀλίγας
2560 2792 2775 2863 ἡμέρας
2821 2787 3005 2845 εἶπεν·
3047 2790 3188 2859 Ἐγὼ
3232 2791 3429 2855 πολλὰς
3473 2792 3749 2862 ἁμαρτίας

2164 2884 2293 2955 ἔχω,
2334 2884 2473 2938 θέλω
2513 2883 2600 2937 διὰ
2631 2883 2913 2954 τεσσάρων
2948 2883 3169 2955 ἡμερῶν
3220 2883 3440 2937 ἐσθίειν.
3483 2884 3593 2937 Καὶ
3630 2885 3751 2954 μετ’

2161 2977 2346 3046 ὀλίγας
2376 2976 2591 3047 ἡμέρας
2626 2976 2972 3047 παρεκάλεσε
2997 2976 3095 3047 τὴν
3128 2977 3346 3046 Ἀμμᾶν
3374 2975 3441 3042 ⁵⁸,
3483 2976 3745 3045 λέγουσα·

2176 3068 2392 3139 Ἐπειδὴ
2450 3066 2618 3121 πολλὰ
2660 3067 2908 3139 ἐλύπησα
2935 3069 3028 3121 τὸν
3079 3069 3211 3124 Θεὸν
3242 3070 3298 3125 ἐν
3334 3071 3455 3133 ταῖς
3497 3069 3751 3139 ἀνομίαις

484 3157 703 3227 quidem
758 3158 1053 3227 plurimum
1100 3157 1423 3211 cuntristavi
1466 3157 1635 3213 Deum
1677 3159 2058 3228 iniquitatibus

2167 3177 2291 3231 μου,
2329 3161 2555 3231 ποίησον
2588 3160 2831 3232 ἀγάπην,
2870 3160 2964 3213 καὶ
3004 3157 3132 3227 βάλε
3167 3176 3233 3231 με
3281 3160 3361 3223 εἰς
3390 3159 3619 3223 κελλίον,
3656 3160 3751 3211 καὶ

483 3247 621 3301 meis
640 3287 654 3310 ,
688 3245 774 3302 fac
805 3247 1154 3312 charitatem,
1184 3246 1511 3317 conjice‘mc
1541 3249 1596 3302 in
1625 3250 1818 3304 cellam
1838 3289 1855 3315 ,
1896 3258 2063 3320 atque

482 3354 603 3393 eam
636 3339 894 3407 obstrue,
933 3355 997 3395 ac
1030 3354 1126 3409 per
1162 3339 1409 3394 foramen
1442 3339 1510 3393 da
1545 3342 1825 3409 paululum
1861 3342 2019 3412 panis
2044 3381 2058 3405 ,

485 3447 697 3486 necnon
719 3433 863 3487 unde
891 3433 1143 3488 "uallibus
1166 3447 1379 3501 operor.
1406 3432 1562 3498 Quod
1585 3433 1789 3488 factum
1812 3451 1843 3489 a
1870 3434 2058 3491 Matre.

483 3524 552 3577 Et
575 3532 799 3594 accepta
828 3522 929 3578 luit
961 3523 1070 3578 Deo
1097 3523 1162 3577 ad
1194 3524 1465 3593 reliquum
1495 3523 1620 3578 vitae
1652 3532 1875 3594 tempus

550 3618 605 3672 2.
642 3617 753 3687 (72)
787 3616 977 3671 Frater
1029 3616 1243 3686 rogavit
1278 3616 1531 3671 abbatem
1596 3615 1974 3685 Serapionem,
2007 3624 2067 3671 ut

484 3709 533 3765 ei
570 3709 779 3763 diceret
816 3711 1065 3765 verbum.
1096 3708 1189 3762 Ait
1222 3708 1301 3763 illi
1333 3722 1497 3762 senex
1531 3726 1543 3762 :
1576 3705 1719 3774 Quid
1762 3708 1860 3763 tibi
1891 3708 2066 3763 habeo

486 3802 702 3857 dicere?
747 3803 892 3872 quod
944 3801 1227 3873 sumpsisti
1275 3816 1398 3871 qua:
1442 3808 1603 3855 erant
1658 3800 1949 3854 viduarum
2001 3814 2067 3856 ac

486 3894 849 3966 pupillorum,
885 3904 940 3950 et
978 3893 1210 3964 posuisti
1251 3893 1307 3948 in
1340 3893 1443 3947 hac
1475 3893 1631 3959 aula;
1677 3891 1891 3948 viderat
1919 3892 2066 3948 enim

485 4001 604 4041 cam
637 3985 794 4038 libris
820 3985 1060 4054 plenam.

554 4078 607 4132 5.
667 4075 780 4148 (75)
830 4076 977 4131 Dixit
1025 4076 1196 4132 abbas
1267 4074 1547 4145 Serapio:
1599 4072 2067 4141 Quemadmodum

487 4167 687 4222 milites
714 4166 1067 4235 imperatoris
1101 4183 1208 4222 non
1244 4173 1499 4237 possunt,
1521 4165 1651 4221 dum
1688 4172 1893 4226 astant.
1930 4164 2066 4218 dex-

488 4267 727 4312 trorsum
759 4258 841 4311 vel
867 4259 1249 4312 sinistrorsum
1276 4258 1558 4330 aspicere:
1590 4259 1662 4312 ita
1690 4258 1854 4312 etiam
1881 4256 2068 4319 homo,

488 4350 534 4404 si
568 4347 783 4403 steterit
814 4363 1000 4401 coram
1026 4348 1158 4412 Deo,
1189 4358 1244 4404 ct
1272 4351 1326 4404 in
1353 4358 1653 4420 conspectu
1679 4349 1800 4420 ejus
1828 4350 2069 4403 intentus

490 4438 659 4494 fuerit
690 4451 816 4491 cum
849 4437 1047 4490 timore
1093 4437 1225 4491 hora
1254 4440 1433 4505 omni,
1482 4441 1617 4494 nihil
1650 4440 1857 4494 inimici
1891 4446 2070 4509 potest

488 4546 612 4587 eum
648 4538 872 4584 terrere.

562 4624 596 4679 4
651 4621 764 4695 (74)
801 4620 952 4677 Adiit
982 4620 1154 4676 frater
1185 4620 1436 4676 abbatem
1471 4618 1856 4692 Serapionem;
1887 4625 2072 4681 horta-

489 4720 654 4775 batur
688 4727 873 4774 autem
900 4732 1024 4773 cum
1050 4731 1241 4781 senex,
1276 4722 1336 4770 ut
1365 4730 1433 4771 cx
1467 4729 1621 4772 more
1647 4714 1850 4774 faceret
1875 4718 2074 4773 oratio-

492 4827 635 4867 nem.
672 4811 765 4867 llle
794 4826 923 4866 vero
956 4826 1015 4866 se
1045 4816 1389 4881 peecatorem
1422 4823 1647 4878 vocans,
1687 4810 1916 4881 ipsoque
1952 4825 2070 4865 mo-

490 4902 652 4957 Inachi
696 4901 886 4957 habitu
934 4901 1256 4972 indignum,
1291 4914 1402 4955 non
1437 4898 1840 4970 acquiescebat.
1886 4897 2071 4954 Voluit

489 4995 653 5048 etiam
686 4993 851 5065 pedes
894 4993 1015 5064 ejus
1052 4994 1273 5056 lavare,
1306 4991 1402 5049 sed
1436 4992 1629 5049 iisdem
1665 4992 1862 5048 iterum
1889 4990 2071 5049 verbis

492 5102 649 5152 usus,
681 5103 791 5141 non
824 5088 969 5142 tulit.
1017 5086 1288 5157 Apposuit
1316 5101 1533 5157 quoque
1566 5085 1616 5140 ei
1654 5100 1927 5154 mensam;
1955 5100 2069 5140 coe-

492 5178 679 5248 pitque
737 5194 905 5235 senex
965 5194 1070 5235 una
1118 5178 1473 5235 manducare.
1528 5178 1700 5234 Porro
1747 5178 2078 5235 admonebat

2162 3250 2471 3323 ἀνάφραξον
2499 3250 2654 3315 αὐτὸ,
2678 3252 2773 3305 καὶ
2805 3251 2873 3305 δι’
2901 3253 3050 3323 ὀπῆς
3068 3251 3211 3304 δίδου
3243 3269 3332 3323 μοι
3369 3252 3562 3322 μικρὸν
3587 3252 3750 3322 ἄρτον

2163 3343 2258 3397 καὶ
2308 3342 2371 3396 τὺ
2423 3343 2762 3415 ἐργόχειρον.
2817 3342 2931 3397 Καὶ
2978 3343 3232 3415 ἐποίησεν
3280 3343 3417 3413 αὐτῇ
3466 3344 3497 3412 ὴ
3537 3343 3750 3412 ’Λμρᾶς

2163 3431 2355 3495 οὕτως.
2380 3432 2492 3485 Καὶ
2527 3431 2861 3503 εὐηρέστησε
2886 3431 2965 3503 τῷ
2987 3431 3109 3503 Θεῷ
3138 3433 3229 3485 τὸν
3254 3431 3532 3485 ἐπίλοιπον
3565 3432 3750 3503 χρόνον
3820 3470 3839 3487 ο

2162 3521 2263 3591 τῆς
2290 3520 2450 3599 ⁴ςωῆς
2480 3521 2672 3593 αὐτῆς.

2239 3613 2306 3684 β’.
2362 3611 2615 3681 Ἀδελφὸς
2660 3612 2914 3686 ἠρώτησε
2946 3614 3037 3666 τὸν
3068 3612 3243 3666 esse»
3282 3613 3631 3684 Σαραπίωνα,
3668 3612 3752 3663 λέ-

2165 3722 2311 3774 γων·
2344 3705 2480 3759 Εἰπέ
2519 3722 2609 3775 μοι
2656 3705 2834 3774 λόγον.
2874 3706 3032 3775 Λέγει
3072 3705 3224 3776 αὐτῷ
3264 3708 3293 3758 6
3322 3706 3532 3776 γέρων·
3568 3702 3634 3757 Τί
3670 3722 3750 3757 σοι

2167 3800 2277 3870 ἔχω
2304 3795 2511 3864 είπεῖν;
2545 3799 2628 3853 ὃτι
2670 3799 2864 3863 ἕλαὸες
2889 3800 2959 3853 τὰ
2990 3799 3099 3853 τῶν
3144 3799 3329 3870 χηρῶν
3356 3800 3451 3853 καὶ
3477 3798 3745 3871 ὀρερανῶν,

2169 3892 2262 3945 καὶ
2297 3891 2502 3963 ἔθηκας
2530 3893 2611 3954 είς
2645 3891 2742 3963 τὴν
2773 3889 2965 3963 θυρίδα
3008 3892 3216 3964 ταύτην
3237 3908 3250 3922 ·
3282 3887 3389 3945 εἶδε
3432 3891 3540 3963 γὰρ
3582 3891 3750 3962 αὐτὴν

2171 3983 2374 4055 μεστὴν
2414 3983 2656 4053 βισλίων.

2239 4083 2309 4143 γ’.
2352 4069 2522 4129 Εἶπεν
2543 4077 2572 4130 ὀ
2605 4074 2780 4140 ἅϐὁᾶς
2802 4077 3122 4148 Σαραπίων,
3146 4077 3229 4131 ὅτι
3261 4076 3475 4147 Ὥσπερ
3503 4078 3550 4129 oi
3591 4092 3747 4145 στρα-

2169 4169 2362 4222 τιῶται
2413 4168 2507 4222 τοῦ
2570 4168 2838 4239 βασιλέως
2884 4170 2945 4222 οὐ
2998 4170 3249 4223 δύνανται
3296 4170 3335 4201 ⁸⁷
3389 4169 3665 4239 ἱστάμενοι
3703 4167 3744 4198 ⁵⁸

2170 4260 2378 4331 δεξιὰῆ
2410 4262 2677 4335 ἀριστερὰ
2704 4262 3025 4333 προσέχειν·
3058 4262 3227 4328 οὕτως
3261 4263 3354 4317 καὶ
3383 4264 3412 4315 6
3448 4262 3744 4333 ἄνθρωπος,

2173 4351 2266 4405 ἐὰν
2310 4352 2525 4406 ἵσταται
2557 4352 2787 4406 ἐνώπιον
2818 4353 2911 4407 τοῦ
2940 4352 3098 4417 Θεοῦ,
3125 4355 3219 4408 καὶ
3252 4355 3492 4427 προσέχῃ
3526 4352 3747 4406 ἐνώπιον

2173 4445 2338 4499 αὐτοῦ
2369 4447 2427 4499 ἐν
2458 4445 2607 4516 φόϐῳ
2633 4446 2784 4517 πάσῃ
2811 4446 2950 4518 ὥρᾳ,
2978 4445 3130 4501 οὐδὲν
3173 4445 3267 4499 τοῦ
3302 4445 3495 4518 ἐχθροῦ
3534 4444 3747 4497 δύναται

2177 4539 2339 4594 αὑτὸν
2366 4539 2688 4609 ἐκφοϐῆσαι.

2249 4633 2308 4686 δ’.
2352 4630 2669 4703 Παρέὸαλεν
2706 4632 2936 4700 ἁδελφὸς
2959 4631 3037 4703 τῷ
3065 4632 3207 4704 ἀϐϐᾷ
3237 4632 3581 4704 Σαραπίωνι·
3625 4647 3747 4701 προ-

2177 4721 2436 4791 ετρέπετο
2463 4720 2520 4774 δὲ
2562 4721 2725 4774 αὐτὸν
2752 4723 2780 4775 6
2805 4722 2985 4792 γέρων
3013 4722 3177 4794 εὐχὴν
3211 4723 3431 4793 ποιῆσαι
3481 4721 3622 4775 κατὰ
3655 4720 3749 4793 τὴν

2180 4812 2491 4885 συνήθειαν.
2533 4812 2591 4865 'tt
2627 4813 2684 4866 δὲ
2714 4814 3038 4884 ἁμαρτωλὸν
3072 4814 3262 4868 ἑαυτὸν
3301 4814 3493 4883 λέγων,
3530 4815 3623 4867 καὶ
3659 4814 3747 4868 αὐ-

2178 4905 2273 4960 τοῦ
2305 4905 2399 4959 τοῦ
2443 4906 2736 4977 μοναχικοῦ
2777 4906 3054 4977 σχήματος
3086 4905 3323 4971 ἀνάξιον,
3360 4907 3462 4960 οὐκ
3490 4905 3741 4960 ἐπείθετο.

2191 4994 2453 5067 Ἦθέλησε
2483 4996 2541 5050 δὲ
2578 4996 2672 5050 καὶ
2720 4994 2847 5060 τοὺς
2890 4995 3055 5060 πόδας
3091 4996 3256 5052 αὑτοῦ
3296 4996 3475 5066 νίψαι·
3515 4997 3609 5050 καὶ
3644 4998 3745 5059 τοῖς

2180 5089 2367 5152 αὐτοῖς
2426 5088 2589 5143 πάλιν
2658 5087 2939 5161 χρώμενος
3017 5087 3229 5158 λόγοις,
3300 5088 3401 5142 οὐκ
3477 5087 3741 5159 ἠνέσχετο.

2194 5179 2449 5251 Ἐποίησε
2477 5180 2535 5235 δὲ
2565 5178 2725 5234 αὑτὸν
2754 5179 3055 5249 γεύσασθαι
3077 5197 3089 5213 ·
3122 5179 3324 5235 ἐσθίειν
3346 5180 3405 5234 δὲ
3434 5178 3637 5251 ἧρξατο
3661 5179 3746 5234 καὶ

494 5271 645 5325 illum
672 5272 761 5327 his
785 5274 967 5330 verbis
1002 5293 1015 5329 :
1047 5272 1171 5341 Fili,
1221 5273 1267 5329 si
1295 5273 1454 5345 cupis
1486 5274 1778 5343 prolicere,
1816 5287 2058 5344 permant

2179 5273 2207 5325 6
2249 5270 2448 5344 γέρων.
2498 5271 2610 5326 Καὶ
2658 5268 2926 5326 ἐνουθέτει
2976 5272 3157 5339 αὐτὸν,
3205 5272 3417 5341 λέγων·
3456 5271 3670 5335 Τέκνον,
3699 5273 3743 5325 εἰ

563 5455 610 5487 ⁸⁸
646 5453 896 5529 Al._a_dd.
929 5457 1021 5509 καὶ
1062 5458 1433 5528 προσεδόκησε
1460 5460 1552 5512 τὸν
1582 5458 1811 5529 γέροντα
1854 5455 1991 5527 μετὰ
2035 5456 2254 5529 χρειῶν.

492 5521 632 5588 λαις.
708 5525 753 5558 ⁸⁵
780 5527 866 5581 Al.
892 5528 1019 5596 μιᾶς
1043 5521 1274 5598 ἡμέρας.
1350 5521 1394 5561 ‘5
1425 5531 1505 5584 Al.
1540 5521 1661 5583 add:
1686 5528 1774 5580 τοῦ
1816 5521 2051 5597 μοναστη

2164 5544 2199 5578 ι.
2280 5525 2321 5556 ⁸⁷
2353 5526 2437 5579 Al.
2467 5521 2759 5594 τολμῶσιν.

566 5681 679 5749 (7‘2)
732 5681 835 5735 Vit.
866 5683 1009 5734 Palr.
1058 5700 1129 5742 vr,
1172 5684 1249 5734 l2.

568 5753 679 5826 (73)
731 5750 831 5807 l't'l.
867 5751 1016 5805 Patr.
1067 5768 1139 5813 xu,
1172 5754 1260 5805 5i.

2354 5454 2398 5486 ⁸³
2427 5454 2509 5509 Λ1.
2548 5454 2676 5510 add.
2711 5455 2877 5511 μηδὲν
2913 5456 3166 5511 ἐνέγκας.
3264 5457 3309 5489 ’⁵⁸
3342 5457 3430 5511 Al.
3467 5456 3633 5511 inser.
3663 5455 3742 5510 ἄλ-

2711 5455 2877 5527 μηδὲν
2913 5456 3166 5523 ἐνέγκας.

2842 5530 2885 5559 δε
2910 5529 2993 5581 Al.
3025 5528 3194 5582 inscr.
3236 5528 3545 5601 ἔμπροσθεν
3571 5524 3740 5581 αὑτοῦ.

2190 5678 2370 5804 Ηῦί)
2423 5679 2525 5733 l’it.
2563 5678 2710 5734 Patr.
2747 5698 2865 5749 vm,
2909 5682 2968 5749 9;
3004 5682 3329 5757 Cassianus;
3375 5680 3572 5737 (ἷοίιιιι.
3611 5696 3744 5749 mu,
