4032 6338
227 354 289 410 ιι
307 358 339 408 7
1388 363 2012 425 APOPHTHEGMATA
2052 368 2363 429 PATRUM.
3422 392 3528 450 413

184 514 199 525 .
242 476 427 543 θέλεις
461 455 832 548 ὧφεληθῆναι,
864 478 1208 551 καρτέρησον
1255 480 1314 533 ὲν
1352 481 1431 553 τῷ
1482 482 1678 556 κελλίῳ
1730 502 1813 539 σοι

1919 487 2007 551 ,ἰιι
2039 490 2176 544 cella
2203 497 2318 559 tua,
2347 494 2637 551 attendens
2665 496 2763 551 tibi
2792 496 2916 568 ipsi,
2957 506 3011 555 et
3028 501 3204 558 labori
3241 517 3522 563 manuum.

242 569 346 622 καὶ
381 569 618 640 πρόσεχε
659 566 871 639 σεαυτῷ
903 569 1000 623 καὶ
1028 569 1108 640 τῷ
1141 571 1442 644 ὲργοχείρῳ
1477 590 1572 627 σου
1592 589 1607 605 ·
1638 576 1700 628 ού
1729 574 1813 648 γὰρ

1942 578 2133 653 Neque
2156 582 2304 638 enim
2329 590 2543 642 tantum
2592 585 2778 645 afferet
2807 566 3065 648 utilitatis
3086 595 3327 663 prodire,
3356 603 3544 668 quan-'

241 662 406 731 φέρει
440 678 519 716 σοι
550 661 612 714 τὸ
652 660 1021 732 προέρχεσθαι
1075 665 1336 735 τοιαύτην
1389 665 1679 735 ὠφέλειαν,
1715 668 1813 722 ὅσα

1940 679 2056 727 tum
2088 674 2299 730 sedere.
2342 676 2441 734 llis
2480 678 2575 736 ille
2616 681 2852 747 auditis,
2916 660 3280 743 exacerbatus
3313 660 3433 756 est,
3464 699 3526 746 et

246 751 307 803 τὸ
336 750 686 816 καθέζεσθαι.
726 752 784 804 '0
808 752 865 804 δὲ
895 752 1072 807 ταῦτα
1101 754 1362 820 ἀκούσας,
1391 757 1719 831 ἐπικράνθη,
1745 777 1813 814 κα

1940 763 2115 820 forma
2150 775 2434 836 mutatus,
2481 770 2621 828 adeo
2658 780 2720 827 ut
2757 788 2859 829 nec
2886 790 3075 831 senem
3110 778 3278 835 latere
3309 750 3519 850 posset.

241 843 518 916 ἠλλοιώθη
559 846 628 915 τῇ
681 847 889 917 μορφῇ,
921 845 1065 899 ὥστε
1119 847 1255 919 μηδὲ
1305 848 1602 922 δυνηθῆναι
1655 852 1813 908 λαθεὲ

1937 854 2129 928 Itaque
2166 859 2305 915 dixit
2331 862 2384 918 ei
2429 863 2600 922 abbas
2633 864 2905 937 Serapio:
2950 866 3247 940 [lucusque
3275 843 3463 929 aiebas
3504 894 3518 928 :

240 934 339 987 τὸν
371 933 625 1005 γέροντα.
676 931 843 989 Εἶπεν
886 932 982 991 οὖν
1010 937 1161 1009 αὐτῷ
1203 938 1232 992 6
1278 939 1457 1006 ἀόϐᾶς
1505 943 1831 1014 Σαραπίωνα

240 1022 429 1095 Μέχρι
468 1023 565 1077 τοῦ
604 1024 700 1078 νῦν
762 1025 970 1095 ἔλεγες,
1011 1027 1361 1100 ’Λμαρτωλός
1390 1032 1525 1104 εἰμι,
1567 1035 1662 1088 καὶ
1707 1053 1837 1114 κατ-

238 1116 466 1187 ηγόρεις
496 1117 691 1171 ἑαυτοῦ
714 1119 808 1173 καλ⁵
828 1118 926 1173 τοῦ
951 1119 1051 1191 ζῇν
1078 1120 1298 1186 ἀνάξιον
1326 1119 1497 1178 εἶναι’
1524 1126 1620 1179 καὶ
1646 1128 1834 1200 ἐπειδὴ

236 1203 386 1274 μετὰ
436 1206 657 1279 ἀγάπης
708 1207 1003 1280 ὑπέμνησα
1056 1227 1137 1275 σε,
1187 1212 1441 1271 τοσοῦτον
1489 1215 1830 1290 ἐθηριώθηςς

250 1296 382 1348 Ἐὰν
412 1292 508 1350 οὖν
547 1297 709 1372 θέλῃς
742 1303 998 1367 ταπεινὸς
1047 1300 1210 1369 εἶναι,
1258 1305 1325 1359 τά
1362 1309 1494 1379 παρ’
1522 1308 1700 1364 ἄλλων
1730 1312 1829 1363 ἐπ⁵

234 1385 490 1457 αγὸμενά
527 1404 608 1442 σοι
651 1389 790 1460 μάθε
822 1392 1010 1464 φέρειν
1048 1396 1336 1464 γενναίως,
1365 1398 1564 1470 καὶμὴ
1610 1402 1831 1472 ῥήματα

233 1477 388 1547 ἀργά
433 1477 664 1550 κάτεσχε
700 1481 915 1552 σεαυτῷ
942 1483 1078 1553 (75).
1126 1484 1309 1537 Ταῦτα
1335 1485 1577 1551 ἀκούσας
1602 1491 1631 1542 ὁ
1676 1490 1833 1543 ἀδελ-

234 1569 343 1637 φὸς
388 1570 679 1641 μετενόησε
720 1571 797 1642 τῷ
855 1573 1099 1646 γέροντι,
1150 1576 1245 1629 καὶ
1296 1577 1471 1633 πολλὰ
1520 1580 1830 1656 ὠφεληθεὶς

230 1661 610 1733 ἀνεχώρησεν.

609 1777 751 1846 Περὶ
788 1778 896 1835 τοῦ
934 1778 1084 1835 ἁϐϐᾶ
1119 1782 1370 1851 Σερίνου
1393 1785 1461 1839 ⁸⁸.

308 1892 383 1942 α’.
429 1888 654 1958 Ἔλεγον
707 1890 837 1960 περὶ
882 1891 977 1945 τοῦ
1031 1893 1177 1948 ἀϐϐᾶ
1226 1895 1474 1968 Σερίνου,
1521 1898 1604 1952 ὃτι
1656 1898 1827 1954 πολλά

231 1978 549 2051 εἰργάζετο.
596 1982 690 2036 καὶ
738 1981 833 2037 δύο
878 1984 1199 2055 παξαμάτια
1222 1987 1268 2019 ⁸ο
1313 1988 1469 2058 ἧσθιε
1513 1990 1822 2058 διαπαντός.

231 2073 352 2126 Καὶ
392 2071 563 2126 ἐλθὼν
608 2074 745 2146 πρὸς
792 2075 953 2127 αὑτὸν
992 2078 1020 2129 6
1065 2077 1240 2142 ἀϐὂᾶς
1277 2079 1395 2133 Ἰὼϐ
1419 2082 1487 2146 ⁵¹,
1519 2082 1548 2134 6
1597 2100 1825 2154 συμφω-

232 2160 408 2231 νητὴς
450 2161 633 2227 αὑτοῦ,
678 2164 773 2216 καὶ
825 2165 985 2229 αὐτὸς
1032 2166 1088 2219 δὲ
1140 2170 1314 2239 μέγας
1360 2171 1627 2244 ἀσκητὴς,
1672 2169 1824 2228 εἶπεν

228 2251 408 2323 αὐτῷ,
435 2254 516 2307 ὅτι
548 2255 641 2319 El;
678 2255 739 2307 τὸ
782 2255 992 2311 κελλίον
1028 2275 1129 2330 μου
1184 2261 1443 2329 φυλάττω
1492 2265 1591 2335 τὴν
1623 2265 1822 2337 πρᾶξίν

230 2360 378 2425 μοιν
424 2344 519 2397 ἐὰν
559 2344 618 2398 δὲ
668 2344 890 2411 ἐξέλθω,
937 2350 1356 2417 συγκαταϐαίνω
1389 2355 1503 2418 τοῖς
1549 2355 1816 2425 ἀδελφοῖς.

230 2423 350 2488 Καὶ
394 2434 542 2505 λέγει
592 2436 741 2517 αὐτῴ
778 2440 807 2491 6
852 2438 1026 2504 ἀϐϐἄς
1060 2442 1303 2514 Σερίνος·
1341 2445 1456 2498 Οὐκ
1496 2445 1643 2500 ἔστιν
1681 2423 1818 2520 αὕτη

231 2525 450 2597 μεγάλη
480 2527 664 2599 ἁρετὴ,
693 2529 819 2581 ὅταν
851 2530 910 2583 ἐν
943 2531 1020 2601 τῷ
1062 2533 1257 2605 κελλίῳ
1290 2553 1382 2589 σου
1414 2536 1689 2609 (pulit-cn;
1720 2537 1817 2610 τὴν

227 2617 388 2680 τάξιν
427 2635 541 2685 σου,
572 2620 687 2672 ἀλλ’
713 2621 838 2674 ὅταν
868 2624 934 2677 ὲκ
970 2624 1061 2677 τοῦ
1096 2625 1307 2679 κελλίου
1339 2644 1431 2681 σου
1484 2628 1683 2699 μᾶλλον
1728 2628 1819 2695 ἐξ·

226 2707 418 2778 ἐλθῃς.

304 2799 376 2868 β’.
405 2797 569 2854 Εἶπεν
594 2802 623 2854 6
646 2802 818 2868 ἀ66ἄς
842 2805 1078 2877 Σερῖνος,
1104 2808 1187 2861 ὅτι
1220 2809 1480 2881 Ἐποίησα
1504 2810 1596 2863 τὸν
1622 2809 1816 2882 χρόνον

229 2909 360 2963 μου,
384 2892 634 2965 θερίζων,
667 2898 1097 2969 καταρῤάπτων,
1119 2901 1338 2956 πλέκων
1357 2920 1372 2934 ⁸
1402 2903 1497 2956 καὶ
1526 2906 1587 2956 ἐν
1606 2905 1817 2968 τούτοις

224 2986 421 3051 πᾶσιν,
451 2988 501 3039 εί
539 2985 615 3058 μὴ
650 2988 683 3056 ὴ
722 2989 846 3059 χεὶρ
866 2988 963 3043 τοῦ
984 2990 1123 3045 Θεοῦ
1151 2994 1413 3064 ἐχόρτασέ
1442 3012 1529 3065 με,
1561 2995 1660 3049 οὐκ
1684 2995 1813 3067 ἡδυς

223 3075 403 3149 vi)qu
426 3079 818 3151 χορτασθῆναι.

575 3193 714 3261 Περὶ
740 3193 847 3248 τοῦ
882 3194 1032 3250 ἀϐϐᾶ
1053 3196 1458 3264 Σπιφίὸωνος.

294 3299 368 3358 α’.
436 3304 574 3377 Περὶ
618 3304 675 3360 δὲ
730 3308 1117 3380 Σπυρίδωνος,
1170 3310 1410 3382 τοσαύτη
1459 3310 1538 3382 τῷ
1597 3314 1811 3383 ποιμένι

218 3396 439 3469 προσῆν
460 3396 697 3470 ὁσιότης,
728 3399 804 3463 ὡς
836 3400 1135 3472 ἀξιωθῆναι
1181 3402 1346 3456 αὐτὸν
1374 3404 1469 3458 καὶ
1509 3404 1812 3477 ἀνθρώπων

217 3487 464 3559 ποιμένα
492 3490 765 3559 γενέσθαι.
794 3492 942 3555 Μιᾶς
970 3493 1075 3564 γὰρ
1120 3492 1228 3546 τῶν
1254 3495 1311 3547 ἐν
1338 3494 1549 3566 Κύπρῳ
1582 3496 1809 3564 πόλεων,

211 3579 449 3650 ὀνόματι
480 3580 914 3651 Τριμιθούντων,
940 3577 1095 3648 οὗτος
1123 3583 1222 3655 τὴν
1250 3584 1558 3656 ἐπισκοπὴν
1585 3586 1813 3656 ἐκεκλή-

219 3688 401 3743 ρωτο·
441 3670 531 3725 διὰ
566 3673 622 3726 δὲ
669 3674 906 3744 ἀτυφίαν
958 3675 1193 3747 πολλὴν,
1232 3676 1493 3747 ἐχόμενος
1537 3678 1637 3749 τῆς
1686 3681 1810 3733 ἐπι-

215 3765 453 3834 σκοπῆς,
484 3766 771 3837 ἐποίμαινε
800 3770 893 3821 καὶ
918 3768 985 3821 τὰ
1013 3770 1280 3840 πρόϐατα.
1316 3770 1605 3842 Μεσούσης
1629 3771 1685 3824 δὲ
1712 3772 1810 3844 τῆς

215 3856 438 3922 νυκτὸς,
467 3856 697 3911 κλέπται
731 3862 794 3930 τῇ
832 3859 1044 3931 μάνδρα
1073 3859 1181 3912 τῶν
1211 3860 1503 3929 προϐάτων
1535 3862 1809 3934 λαθραίως

214 3947 563 4013 ἐπελθόντες,
597 3950 791 4020 κλέψαι
815 3951 924 4004 τῶν
954 3952 1241 4021 προϐάτων
1266 3954 1622 4020 ἐσπούδαζον.
1665 3956 1722 4009 ὐ
1752 3955 1809 4007 δὲ

212 4039 356 4103 θεὸς
384 4040 413 4091 ὁ
450 4040 540 4093 τὸν
569 4041 803 4112 ποιμένα
836 4040 1046 4107 σώζων,
1070 4042 1165 4096 καὶ
1188 4044 1259 4098 τὰ
1288 4044 1537 4116 πρόϐατα
1565 4045 1767 4111 ἔσωζεν
1790 4063 1806 4080 ο

210 4134 264 4183 οἱ
290 4131 404 4201 γὰρ
427 4131 657 4185 κλέπται
685 4132 904 4204 ἀοράτῳ
932 4133 1160 4203 δυνάμει
1186 4135 1232 4167 ⁸³
1260 4136 1412 4207 παρὰ
1431 4137 1530 4206 τὴν
1566 4138 1809 4211 μάνδραν

212 4223 479 4278 ἐδέδεντο.
510 4224 742 4296 Ὀρθρος
775 4224 833 4277 δὲ
857 4221 925 4296 ἦν
944 4240 957 4253 ·
994 4227 1090 4279 καὶ
1114 4219 1249 4298 ἧκεν
1274 4228 1303 4280 ὁ
1340 4227 1544 4299 ποιμὴν
1579 4229 1714 4300 πρὸς
1739 4230 1809 4284 τὰ

213 4311 491 4384 πρᾶϐατα.
508 4314 594 4377 Ὠς
615 4313 672 4366 δὲ
700 4306 859 4384 εὗρεν
881 4312 1056 4367 ὀπίσω
1075 4313 1176 4379 τὰς
1198 4319 1385 4389 χεῖρας
1407 4316 1648 4388 ἔχοντας,
1667 4319 1808 4388 ἔγνω

208 4405 279 4456 τὸ
298 4405 525 4472 γεγονός
541 4423 554 4435 ·
572 4407 666 4459 καὶ
680 4407 978 4479 εὐξάμενος
991 4407 1108 4461 λύει
1128 4408 1255 4471 τοὺς
1275 4406 1534 4474 κλέπτας.
1552 4411 1728 4466 Πολλά
1748 4412 1806 4466 δὲ

209 4495 551 4567 νουθετήσας
573 4498 667 4550 καὶ
695 4500 1032 4570 παραινέσας
1061 4500 1269 4566 αὐτοῖς,
1292 4505 1357 4556 ὲκ
1381 4503 1606 4557 δικαίων
1629 4505 1806 4560 πόνων

1934 944 2202 1004 Peccator
2227 964 2383 1018 sum;
2414 952 2544 1009 item
2587 956 2892 1013 accusabas
2931 967 2983 1013 te
3014 961 3175 1030 quasi
3209 962 3375 1016 etiam
3404 965 3519 1019 vita

1936 1037 2221 1111 indignum
2248 1057 2264 1107 ;
2308 1043 2440 1113 quia
2472 1059 2605 1102 vero
2637 1048 3033 1105 eommonel‘eei
3065 1059 3118 1106 te
3153 1066 3278 1105 cum
3331 1052 3517 1108 chari-

1936 1139 2068 1198 tate,
2100 1149 2276 1204 usque
2301 1135 2441 1192 adeo
2464 1137 2724 1196 elleratus
2743 1142 2843 1196 es?
2872 1140 2931 1195 Si
2952 1158 3085 1214 ergo
3109 1143 3394 1201 desideras
3425 1145 3519 1200 bu-

1934 1223 2085 1279 milis
2112 1239 2256 1291 esse,
2285 1242 2409 1297 quae
2435 1229 2504 1284 ab
2527 1231 2650 1289 aliis
2681 1232 2781 1289 tibi
2813 1233 3148 1300 inferuntur,
3177 1235 3329 1293 disce
3354 1236 3513 1293 forti»

1933 1320 2017 1367 ter
2039 1312 2204 1380 ferre,
2244 1333 2347 1373 nec
2374 1321 2541 1376 verba
2569 1323 2748 1379 otiosa
2774 1325 2920 1394 apud
2959 1333 3015 1381 te
3036 1326 3232 1381 retine.
3268 1326 3395 1382 llaec
3420 1342 3516 1382 au»

1932 1406 2091 1463 diens
2118 1407 2307 1475 frater,
2333 1412 2544 1466 veniam
2573 1414 2801 1484 supplex
2828 1416 2984 1486 petiit
3008 1431 3041 1471 a
3069 1432 3223 1483 sene,
3252 1426 3307 1474 et
3338 1417 3515 1475 multo

1932 1510 2058 1552 cum
2100 1499 2297 1555 animae
2327 1502 2481 1558 lucro
2503 1503 2779 1562 discessit.

2446 1785 2525 1842 De
2558 1789 2745 1846 abbate
2773 1791 2988 1851 Sereno.

2002 1889 2052 1943 l.
2086 1888 2321 1948 Aiebam
2348 1893 2417 1950 de
2439 1895 2635 1953 abbate
2660 1899 2900 1971 Sereno,
2924 1908 3070 1975 quod
3100 1911 3334 1968 multum
3376 1930 3505 1985 ope-

1926 1988 2163 2048 raretur,
2186 1992 2249 2038 et
2279 1984 2419 2042 duos
2443 1999 2760 2056 paxamates
2786 2009 3004 2065 semper
3028 2002 3365 2061 eomederet.
3396 1984 3500 2065 Ve-

1927 2072 2085 2128 niens
2112 2082 2294 2131 autem
2331 2079 2397 2135 ad
2426 2094 2549 2135 cum
2588 2082 2759 2140 abbas
2791 2085 2919 2151 Joh.
2959 2092 3167 2149 sodalis
3190 2096 3333 2164 ejus,
3377 2098 3498 2170 ipse

1924 2164 2087 2220 etiam
2139 2182 2373 2239 magnus
2416 2184 2635 2238 asceta,
2686 2176 2863 2233 dixit:
2900 2179 2960 2235 In
3004 2183 3142 2238 cella
3186 2201 3305 2242 mea
3339 2164 3501 2246 servo

1922 2254 2198 2311 actionem
2235 2273 2457 2328 meam;
2506 2264 2604 2318 sed
2649 2263 2695 2318 si
2725 2266 2933 2332 exiero,
2975 2272 3359 2332 condescendo
3394 2279 3503 2336 fra-

1922 2344 2120 2401 tribus.
2145 2348 2237 2402 Ait
2262 2349 2338 2405 illi
2369 2352 2538 2409 abbas
2575 2352 2815 2412 Serenus
2842 2377 2854 2412 :
2888 2358 3008 2415 Non
3042 2372 3127 2418 est
3156 2366 3270 2420 haec
3300 2384 3495 2441 magna

1921 2436 2135 2505 virtus,
2182 2442 2403 2510 quando
2446 2445 2502 2499 in
2553 2448 2688 2502 cella
2736 2459 2825 2503 tua
2874 2453 3208 2513 custodieris
3251 2436 3500 2518 ordinem

1921 2538 2096 2596 tuum,
2123 2533 2216 2589 sed
2245 2535 2429 2603 potius
2452 2552 2575 2592 cum
2607 2554 2638 2594 e
2660 2541 2795 2595 cella
2824 2549 2917 2598 tua
2942 2560 3218 2616 egressus.

1987 2797 2043 2851 2.
2081 2795 2225 2852 Dixit
2274 2796 2446 2854 abbas
2490 2799 2734 2859 Serenus
2772 2824 2783 2859 :
2817 2805 3054 2879 Tempus
3102 2826 3280 2867 meum
3318 2816 3500 2889 peregi

1918 2889 2197 2956 metendo,
2232 2894 2572 2960 consuendo,
2599 2896 2926 2967 plectendo;
2964 2907 3129 2972 atque
3156 2903 3210 2957 in
3248 2904 3337 2960 his
3378 2921 3497 2961 om-

1916 2981 2104 3047 nibus,
2135 2983 2246 3041 nisi
2270 3000 2468 3042 manus
2502 2986 2595 3043 Dei
2620 2989 2863 3046 cibassct
2895 3007 3001 3057 me,
3040 3009 3151 3050 non
3188 2998 3497 3066 potuissem

1916 3074 2138 3130 nutriri.

2395 3192 2472 3249 De
2499 3193 2690 3250 abbate
2714 3196 3032 3268 Spyridone.

1986 3304 2037 3358 l.
2075 3303 2214 3375 (75°)
2255 3304 2331 3361 De
2382 3304 2691 3378 Spyridone
2725 3326 2889 3377 vero,
2922 3322 3076 3369 tanta
3118 3316 3173 3371 in
3212 3333 3278 3373 co
3307 3320 3494 3375 ovium

1912 3402 2135 3466 pastore
2167 3396 2346 3452 inerat
2376 3402 2665 3468 sanctitas,
2708 3412 2770 3458 ut
2800 3403 3001 3474 dignus
3042 3407 3265 3465 habitus
3290 3412 3364 3465 sit
3392 3413 3489 3482 qui

1913 3488 2201 3543 hominum
2223 3506 2443 3562 quoque
2465 3500 2657 3562 pastor
2683 3494 2856 3551 fieret.
2892 3496 3066 3555 Unius
3095 3500 3241 3555 enim
3260 3518 3292 3557 e
3319 3503 3487 3575 Cypri

1914 3580 2168 3647 urbibus,
2199 3583 2425 3640 nomine
2468 3582 2882 3651 Trimithuntis,
2922 3589 3296 3660 episcopatum
3329 3595 3495 3651 sorti-

1914 3679 2005 3726 tus
2033 3679 2142 3727 est.
2173 3669 2376 3727 Verum
2402 3672 2473 3728 ob
2504 3674 2799 3743 plurimam
2831 3677 3176 3743 modestiam,
3207 3681 3497 3753 episcopa-

1910 3769 2030 3816 tum
2059 3763 2338 3831 obtinens,
2375 3765 2558 3820 adhue
2585 3767 2848 3835 pascebat
2872 3781 3023 3821 oves.
3047 3768 3491 3839 Contigitautem

1910 3862 1972 3908 ut
1998 3855 2151 3911 fures
2182 3856 2358 3912 media
2390 3865 2554 3912 nocte
2576 3857 2717 3911 clam
2747 3858 2800 3912 in
2834 3860 3049 3913 caulam
3080 3860 3202 3929 ejus
3232 3862 3490 3932 ingressi,

1910 3962 2041 4004 oves
2070 3957 2347 4003 tentarent
2369 3958 2637 4005 avertere.
2670 3950 2738 4005 At
2768 3949 2911 4006 Deus
2939 3952 3030 4020 qui
3055 3962 3333 4021 pastorem
3364 3971 3500 4010 con-

1911 4042 2188 4106 servabat,
2225 4057 2356 4097 oves
2394 4042 2561 4099 etiam
2606 4043 2869 4098 servavit.
2903 4042 3076 4098 Fures
3104 4044 3305 4113 quippe
3351 4047 3491 4101 invi-

1909 4131 2057 4188 sibili
2088 4132 2294 4187 virtute
2334 4131 2402 4185 ad
2430 4131 2575 4187 ovile
2608 4130 2760 4200 ligati
2811 4131 3164 4187 tenebantur.
3196 4130 3319 4186 .lam
3346 4133 3490 4188 dilu-

1909 4223 2092 4277 culum
2135 4231 2284 4289 erat,
2315 4237 2441 4277 cum
2486 4223 2637 4277 venit
2683 4232 2874 4293 pastor
2924 4222 2994 4277 ad
3037 4238 3169 4281 oves
3212 4238 3367 4279 suas.
3417 4225 3487 4282 Ut

1908 4322 2091 4369 autem
2116 4312 2324 4368 invenit
2355 4314 2505 4369 fures
2534 4314 2794 4370 manibus
2822 4323 2947 4386 post
2967 4324 3179 4386 tergum
3199 4317 3488 4384 revinctis,

1907 4407 2133 4479 agnovit
2158 4406 2291 4478 quid
2326 4406 2650 4475 accidisset,
2681 4416 2735 4463 et
2764 4423 2927 4478 prece
2960 4408 3105 4463 facta
3141 4410 3307 4465 solvit
3338 4411 3485 4468 illos.

1905 4498 2155 4570 Cumque
2207 4499 2442 4557 multum
2502 4500 2886 4556 admonuisset
2946 4508 3114 4572 atque
3163 4501 3492 4560 exhortatus

210 4588 543 4653 σπουδάζειν
582 4589 782 4660 μᾶλλον
822 4591 916 4645 καὶ
948 4591 1021 4663 μὴ
1045 4593 1105 4659 ἐξ
1131 4593 1346 4658 ἀδικίας
1376 4594 1496 4666 ζῇν,
1526 4596 1622 4651 ἕνα
1650 4598 1803 4668 κριὸν

1919 4589 2128 4656 ruisset,
2169 4597 2229 4645 ut
2279 4589 2448 4660 justis
2497 4589 2805 4659 laboribus,
2854 4607 2965 4648 non
3018 4594 3227 4664 iniquis
3272 4595 3492 4650 actibus

207 4680 406 4741 αὐτοῖς
444 4680 806 4751 χαρισάμενος
852 4680 1142 4747 ἀπέλυσεν,
1186 4683 1281 4735 καὶ
1334 4685 1638 4754 χαριέντως
1682 4689 1805 4741 ἔπιε

206 4769 590 4842 φθεγξάμενος
631 4767 810 4826 εἶπεν·
865 4772 982 4826 Ἵνα
1032 4773 1107 4845 μὴ
1166 4775 1346 4846 μάτην
1388 4778 1805 4851 ἡγρυπνηκότες

203 4878 446 4931 φανητε.

284 4951 328 5022 β³
342 4994 360 5007 .
379 4950 603 5020 Ἔλεγον
624 4951 804 5016 πάλιν,
828 4953 910 5006 ὅτι
932 4950 1223 5026 θυγάτριον
1244 4950 1313 5027 ἦν
1335 4957 1485 5029 αὑτῷ
1510 4955 1799 5031 παρθένος,

200 5043 313 5113 τῆς
341 5040 437 5094 τοῦ
466 5042 669 5113 πατρὸς
721 5044 1007 5109 εὐλαϐείας
1046 5046 1353 5119 μετέχουσα
1373 5088 1388 5114 ,
1417 5047 1658 5119 τούνομα
1706 5049 1801 5102 El-

202 5137 377 5208 ρήνηο
412 5135 598 5209 Ταύτῃ
625 5135 902 5210 γνώριμός
943 5156 1030 5202 τις
1063 5140 1362 5212 πολύτιμον
1405 5141 1677 5214 παρέθετο
1708 5140 1801 5197 κό-

197 5245 394 5301 σμιον.
432 5230 496 5282 Ἥ
542 5229 598 5283 δὲ
634 5231 1040 5304 ἀσφαλέστερον
1080 5233 1342 5299 ποιοῦσα,
1382 5236 1453 5306 γῇ
1483 5233 1583 5305 τὴν
1627 5251 1802 5305 παρα-

196 5323 389 5393 θήκην
433 5320 674 5394 ἔκρυψεο
731 5324 847 5395 μετ’
873 5325 1053 5395 ὀλίγον
1103 5325 1161 5381 δὲ
1212 5325 1306 5381 τὸν
1349 5326 1464 5396 βίον
1511 5324 1797 5382 ἀπέλιπεν.

1908 4680 2115 4734 victum
2164 4678 2268 4735 sibi
2311 4693 2638 4750 comparare
2687 4683 3022 4748 niterentur,
3047 4683 3222 4738 ariete
3253 4682 3489 4738 donatos

1910 4768 2121 4824 dimisit
2152 4782 2250 4824 eos
2273 4808 2289 4834 ,
2326 4776 2492 4839 atque
2537 4768 2643 4823 hoc
2676 4769 2830 4825 verbi
2871 4770 3080 4825 urbane
3123 4768 3323 4839 adjecit
3359 4788 3375 4825 ι
3411 4767 3489 4825 No

1908 4861 2117 4917 frustra
2152 4861 2411 4933 vigilasse
2442 4861 2760 4917 videamini.
2860 4860 2869 4871 '

1977 4953 2014 5009 2
2048 4952 2159 5024 (76)
2206 4953 2440 5008 Aiebant
2479 4953 2703 5017 iterum,
2747 4952 2895 5024 quod
2945 4952 3170 5009 ﬁliolam
3230 4953 3488 5009 habuerit

1909 5045 2174 5116 virginem
2204 5053 2449 5115 paterna:
2484 5044 2708 5116 pietatis
2751 5044 3103 5116 participem,
3133 5045 3355 5102 nomine
3379 5045 3486 5102 lre-

1907 5154 2037 5195 neu.
2073 5137 2213 5194 lluic
2260 5138 2552 5196 familiaris
2594 5137 2820 5210 quidam
2853 5139 3156 5209 pretiosum
3193 5153 3486 5193 ornameno

1908 5239 2024 5287 tum
2075 5231 2577 5289 commendaverat.
2623 5230 2743 5294 llla,
2774 5239 2835 5286 ut
2870 5230 3182 5302 depositum
3215 5230 3389 5302 magis
3426 5230 3482 5288 in

1906 5331 2028 5379 tuto
2068 5332 2237 5389 esset,
2280 5324 2335 5378 in
2370 5331 2578 5380 terram
2630 5323 2877 5391 abdidit;
2931 5323 3096 5394 paulo
3133 5330 3257 5394 post
3303 5333 3482 5383 autem

277 5480 329 5512 δ’
362 5480 447 5534 Al.
472 5481 731 5553 Σερήνου.
803 5483 849 5515 ⁸ο
877 5483 959 5541 ΔΙ.
991 5481 1329 5555 παξαμάδια.
1410 5483 1455 5516 ⁸¹
1501 5483 1587 5538 Al.
1637 5482 1813 5555 Ἰωσήι

1935 5482 1981 5513 ⁸⁸
2008 5481 2095 5536 Al.
2125 5483 2294 5538 inser.
2328 5482 2706 5553 κρατούμενοι.

274 5639 1801 5763 ἔῗτῗῖηι¹ἴ⁰ὶῇ⁴ἲξηήὲἇέἷιῗαίῖίέῐῗακῗὲῑῖἔξνῖῗῗέἒεἶξε,Ἐὲἱῗ

194 5698 441 5793 Patrum
474 5698 587 5794 :"l'ft
617 5698 936 5794 non'odiosa
955 5698 1108 5794 rei-ba
1136 5698 1403 5794 €111"?qu
1426 5713 1520 5794 tibi
1544 5698 1793 5794 ips'r"._S_eu

182 5784 395 5855 potius
426 5797 441 5834 :
476 5779 541 5837 Et
576 5799 681 5838 non
707 5786 881 5840 otiosa
920 5785 1076 5839 verba
1108 5779 1317 5854 effunde
1343 5782 1437 5837 tibi
1461 5779 1579 5847 ipsi.
1615 5780 1681 5837 Ut
1714 5782 1792 5836 le-

1896 5639 2034 5710 gerit
2074 5637 2329 5707 Pelagius
2364 5637 2657 5708 interpres,
2689 5638 2943 5744 κατάἔεε.

1970 5708 2109 5744 I'ﬂ‘i'l
2151 5705 2344 5744 anrnl
2424 5708 2500 5744 lii.
2553 5723 2566 5744 I
2626 5723 2726 5744 mn
2793 5709 2812 5744 Ι

1970 5708 2109 5775 (75⁸)
2130 5705 2393 5779 δύεται,
2424 5705 2526 5779 ἥθ’
2553 5723 2591 5775 t,
2626 5723 2747 5779 cap.
2793 5705 2879 5766 l9.

1967 5780 2078 5852 (76)
2118 5778 2375 5865 δουναι..
2391 5777 2523 5835 ibid.
