4028 6338
590 372 689 428 419

1721 356 2067 424 'ArPENDIx
2111 368 2204 423 AD
2243 367 2670 426 PALLADIUM.

3748 371 3860 428 430

588 485 844 556 migravit
874 501 904 541 e
948 486 1082 543 vita.
1131 485 1289 542 Venit
1322 493 1518 558 postea
1563 487 1656 553 qui
1704 485 2076 555 deposuerat;
2109 493 2164 541 et

2285 483 2443 540 Ἦλθε
2467 487 2524 540 δὲ
2556 485 2696 557 μετὰ
2725 483 2916 557 χρόνον
2941 487 2969 537 6
3000 483 3378 556 παραθέμενος
3404 500 3415 513 ·
3446 484 3540 538 καὶ
3574 483 3648 556 μὴ
3684 483 3861 556 εὑρὼν

543 595 550 603 ·
589 580 799 651 virgine
832 595 942 635 non
977 581 1221 646 inventa,
1247 579 1471 635 inhaesit
1494 579 1638 650 patri
1664 577 1786 646 ejus
1815 578 1999 632 abbati
2028 575 2170 648 Spy-

588 670 801 736 ridoni;
837 683 983 724 nunc
1023 669 1247 740 quidem
1291 670 1542 734 trahens,
1579 666 1777 723 deinde
1809 681 1942 721 vero
1971 679 2164 720 orans.

587 761 728 829 Quia
758 771 936 818 autem
962 777 1132 818 senex
1165 776 1197 817 e
1225 762 1429 817 damno
1454 760 1578 832 ejus
1614 760 1711 831 qui
1745 774 1861 814 rem
1891 757 2169 828 deposue-

586 861 675 908 rat
698 869 855 910 suum
890 853 1067 924 ipsius
1108 852 1346 908 faciebat
1371 852 1786 916 detrimentum,
1825 848 2065 903 accessit
2099 845 2169 901 ad

589 948 903 1016 sepulcrum
938 945 1099 1013 filiae,
1149 945 1432 1014 Deumque
1479 950 1739 1015 precatus
1773 949 1878 1006 est,
1927 949 1989 994 ut
2043 945 2171 994 ante

589 1046 806 1108 tempus
832 1039 936 1094 sibi
959 1037 1277 1093 ostenderet
1309 1028 1641 1108 promissam
1674 1032 2166 1091 resurrectionem.

586 1129 699 1186 Nec
733 1147 830 1202 spe
863 1131 1038 1187 falsus
1071 1142 1178 1186 est.
1211 1128 1411 1185 Statim
1453 1143 1692 1200 namque
1723 1128 1880 1198 virgo
1922 1123 2170 1181 rediviva

589 1221 845 1291 apparuit
875 1221 1039 1291 patri.
1091 1219 1340 1290 Cumque
1380 1219 1562 1274 locum
1605 1217 1904 1274 indicasset
1954 1215 2011 1269 in
2058 1227 2171 1285 quo

587 1319 974 1368 ornamentum
1018 1312 1261 1382 positum
1319 1318 1462 1375 erat,
1512 1323 1736 1364 rursum
1782 1304 2048 1363 decessit.
2099 1305 2170 1356 At

590 1418 759 1459 senex
788 1413 1071 1475 sumptum
1106 1401 1420 1473 depositum
1446 1398 1706 1456 reddidit.

1144 1517 1221 1572 De
1249 1515 1438 1571 abbate
1466 1513 1618 1569 Saio.

663 1631 992 1689 Referebant
1021 1631 1090 1688 de
1119 1631 1320 1686 abbate
1351 1629 1481 1684 Saio
1515 1635 1570 1684 et
1603 1626 1802 1682 abbate
1839 1625 1980 1690 Mue,
2020 1623 2171 1696 quod

591 1724 756 1778 simul
796 1729 1101 1777 manerent.
1145 1717 1472 1775 Obedientia
1503 1723 1689 1772 autem
1737 1716 2040 1786 praestabat
2071 1714 2172 1768 ab-

589 1819 691 1872 bas
722 1816 872 1881 Saio,
906 1824 1027 1870 erat
1059 1827 1196 1869 vero
1225 1809 1520 1866 admodum
1560 1807 1757 1862 durus.
1799 1805 1950 1860 Dixit
1979 1806 2029 1860 ei
2079 1821 2170 1860 se-

590 1924 719 1970 nex,
754 1905 998 1962 tentandi
1048 1905 1228 1976 gratia
1261 1923 1275 1958 :
1308 1903 1434 1966 Abi,
1480 1899 1754 1971 pradare.
1796 1899 1970 1971 Igitur
2007 1898 2165 1963 abiit,

589 2002 645 2049 et
677 1993 876 2050 fratres
912 1994 1228 2064 diripiebat,
1257 1998 1482 2063 propter
1511 1989 1909 2055 obedientiam,
1955 1989 2011 2043 in
2043 2003 2173 2044 om-

591 2088 758 2142 nibus
783 2089 988 2158 gratias
1023 2103 1190 2159 agens
1215 2085 1467 2142 Domino.
1502 2084 1570 2138 At
1597 2098 1766 2139 senex
1800 2098 1922 2152 qua:
1953 2081 2171 2138 furatus

593 2179 771 2236 fuerat
797 2180 1044 2245 tollebat,
1069 2178 1441 2247 reddebatque
1468 2175 1806 2230 clanculum.
1828 2173 2000 2230 Porro
2029 2190 2172 2246 quo-

591 2273 717 2326 dam
758 2272 848 2327 die
881 2286 1004 2326 cum
1038 2273 1140 2326 iter
1171 2277 1419 2341 agerent,
1451 2266 1797 2336 consumptis
1828 2265 2044 2322 viribus
2080 2266 2175 2322 de-

593 2363 749 2430 fecit,
770 2371 826 2418 et
858 2363 1082 2433 reliquit
1103 2378 1228 2418 eum
1249 2363 1419 2418 abbas
1447 2360 1763 2415 confectum
1790 2377 1806 2427 ;
1833 2359 2172 2430 veniensque

593 2456 733 2511 dixit
765 2456 1031 2513 fratribus
1072 2474 1085 2510 :
1118 2454 1356 2526 Pergite,
1389 2453 1648 2510 adducite
1683 2451 1832 2519 Saio,
1868 2452 1999 2523 quia
2032 2467 2174 2509 con-

587 2547 805 2613 fractus
834 2549 1003 2620 jacet.
1042 2549 1122 2603 Illi
1157 2549 1442 2610 abeuntes.
1477 2546 1756 2602 duxerunt
1786 2560 1935 2602 eum.

1135 2658 1215 2713 De
1252 2668 1422 2712 matre
1463 2657 1626 2714 Sara.

667 2770 719 2824 l.
763 2769 876 2841 (77)
913 2769 1300 2826 .Narraverunt
1349 2770 1417 2824 de
1459 2777 1636 2824 matre
1685 2768 1842 2834 Sara,
1889 2769 2034 2841 quod
2077 2785 2172 2842 per

595 2860 857 2915 tredecim
891 2875 1068 2916 annos
1113 2861 1411 2915 continuos
1447 2858 1806 2916 vehementer
1844 2861 2171 2932 impugnata

595 2953 762 3008 fuerit
811 2968 842 3008 a
873 2952 1122 3009 daemone
1173 2951 1583 3018 fornicationis,
1629 2967 1732 3008 nec
1764 2968 2008 3024 unquam
2049 2968 2178 3008 ora-

593 3046 733 3100 verit
783 3052 844 3098 ut
894 3045 1099 3100 bellum
1147 3044 1474 3110 desisteret,
1526 3045 1623 3099 sed
1676 3043 1861 3114 potius
1905 3045 2111 3102 dixerit
2159 3065 2175 3103 :

596 3137 764 3202 Deus,
795 3135 865 3189 da
902 3137 1035 3192 mihi
1062 3137 1228 3193 vires.

667 3227 723 3282 2.
759 3227 875 3298 (78)
904 3230 1217 3299 Aliquando
1244 3229 1629 3287 vehementius
1653 3231 1883 3289 adortus
1909 3250 2029 3290 eam
2057 3237 2178 3292 fue-

599 3317 862 3374 ratidem
897 3319 1130 3388 spiritus
1179 3317 1588 3386 fornicationis,
1645 3337 1944 3394 suggerens
1992 3326 2179 3380 saaculi

597 3425 770 3466 vanas
801 3425 914 3466 res.
946 3409 1041 3465 illa
1076 3427 1206 3466 vero
1229 3427 1326 3482 per
1353 3411 1449 3469 Dei
1476 3414 1731 3469 timorem
1756 3415 1961 3483 etvita:
1992 3425 2180 3473 auste-

599 3502 766 3556 rioris
804 3501 1256 3558 exercitationem
1284 3519 1633 3575 nequaquam
1673 3505 1900 3571 cedens,
1929 3509 2181 3564 ascendit

599 3593 839 3665 quodam
871 3593 959 3649 die
992 3609 1162 3664 super
1206 3604 1412 3651 tectum
1454 3614 1638 3665 suum,
1673 3606 1734 3654 ut
1771 3610 1975 3655 oraret.
2024 3599 2181 3655 Tunc

600 3687 857 3758 apparuit
889 3689 941 3743 ei
980 3687 1036 3743 in
1070 3689 1254 3759 specie
1286 3705 1554 3762 corporea
1587 3692 1817 3763 spiritus
1853 3691 2178 3749 fornicatio-

599 3777 721 3847 nis,
751 3778 1001 3850 dixitque
1030 3798 1044 3836 :
1077 3779 1158 3834 Tu
1187 3797 1273 3837 me
1303 3783 1506 3851 vicisti,
1534 3782 1691 3840 Sara.
1717 3782 2023 3855 Respondit
2055 3786 2179 3843 illa:

601 3871 719 3927 Non
766 3887 869 3944 ego
903 3882 956 3930 te
979 3874 1110 3940 vici,
1153 3876 1246 3931 sed
1276 3874 1539 3934 Dominus
1570 3893 1724 3935 meus
1759 3878 2040 3934 Christus.

674 3969 729 4022 ’5.
773 3966 885 4038 (79)
922 3967 1249 4023 Retulerunt
1272 3968 1340 4024 de
1369 3970 1582 4036 eadem,
1613 3970 1759 4040 quod
1782 3970 1940 4040 juxta
1972 3970 2173 4026 flumen

603 4077 781 4118 annos
805 4063 1096 4134 sexaginta
1122 4072 1267 4121 totos
1292 4066 1642 4132 habitaverit,
1667 4082 1770 4122 nec
1799 4066 1992 4122 oculos
2014 4065 2183 4122 defle-

602 4155 745 4208 xerit
775 4162 835 4208 ut
872 4154 1081 4210 videret
1113 4171 1263 4211 eum.

671 4244 730 4300 Δ.
772 4245 887 4316 (80)
918 4247 1043 4301 Alia
1082 4249 1344 4318 vice,duo
1367 4264 1552 4314 senes,
1592 4250 1941 4305 anachoretae
1967 4249 2182 4320 magni,

2267 579 2364 650 τὴν
2413 579 2711 651 παρθένον,
2771 576 2968 630 ἐπλεκε
3015 578 3092 648 τῷ
3139 578 3309 648 πατρὶ
3365 577 3536 648 αὐτῆς
3581 577 3667 647 τῷ,
3712 578 3862 650 assa

2268 671 2593 743 Σπυρίδωνι,
2639 669 2735 723 νῦν
2785 669 2886 740 μὲν
2926 668 3135 732 ἕλκων,
3182 669 3343 722 πάλιν
3388 668 3446 722 δὲ
3499 670 3854 738 παρακαλῶν.

2282 762 2499 832 Ἐπειδὴ
2527 763 2584 815 δέ
2619 761 2906 832 συμφοράν
2951 762 3185 814 ἐποιεῖτο
3225 760 3326 833 τὴν
3347 758 3441 812 τοῦ
3476 761 3861 831 παραθεμένου

2270 850 2475 924 ζημίαν
2504 854 2533 906 6
2565 851 2765 924 γέρων,
2799 849 2969 904 ἐλθὼν
3015 850 3110 903 ἐπὶ
3153 849 3216 903 τὸ
3247 852 3514 921 μνημεῖον
3556 853 3654 921 τῆς
3693 851 3862 920 θυγα-

2268 944 2418 1016 τρὸς,
2457 943 2774 998 ἐπεκαλεῖτο
2797 943 2888 998 τὸν
2923 942 3079 1010 Θεὸν,
3109 942 3216 1014 πρὸ
3261 941 3457 1014 καιροῦ
3496 941 3666 1006 δεῖξαι
3705 943 3860 1014 αὐτῷ

2267 1035 2367 1107 τὴν
2421 1034 2837 1106 ἐπηγγελμένην
2879 1034 3178 1088 ἀνάστασιν
3208 1051 3220 1062 ·
3253 1035 3348 1088 καὶ
3399 1033 3463 1105 δὴ
3496 1035 3595 1104 τῆς
3645 1033 3861 1096 ἐλπίδος

2267 1128 2368 1199 οὐχ
2389 1128 2627 1199 ἥμαρτε.
2658 1110 2837 1180 ’Ζῶσα
2881 1126 2992 1198 γὰρ
3025 1124 3182 1189 αὖθις
3220 1126 3251 1196 ὴ
3285 1125 3556 1196 παρθένος
3604 1127 3860 1193 φαίνεται

2267 1217 2348 1288 τῷ
2392 1216 2596 1288 πατρί’
2644 1216 2738 1270 καὶ
2781 1215 2946 1270 τόπον
2986 1216 3280 1286 σημάνασα
3333 1213 3464 1269 ἔνθα
3513 1214 3575 1267 τὸ
3628 1215 3859 1286 κόσμιον

2271 1308 2448 1362 ἔκειτο
2472 1307 2541 1375 ⁸³,
2583 1301 2737 1371 αὖθις
2790 1305 3089 1379 ἀπεχώρει.
3139 1307 3250 1359 Kai.
3300 1305 3481 1360 λαϐὼν
3531 1306 3627 1378 τὴν
3680 1325 3861 1377 παρα-

2271 1401 2446 1475 θήκην
2475 1402 2504 1455 6
2533 1398 2713 1472 γέρων
2739 1400 2940 1454 έδωκεν
2967 1400 3159 1471 αὑτήν.

2731 1515 2873 1583 Περὶ
2913 1513 3018 1568 τοῦ
3047 1511 3200 1568 ἀϐϐᾱ
3225 1511 3397 1567 Σαϊώ.

2348 1629 2571 1699 Ἔλεγον
2597 1628 2839 1702 περὶτοῦ
2868 1628 3014 1681 ἀὸϐἄ
3043 1627 3208 1691 Σαῖὼ,
3245 1627 3343 1680 καὶ
3372 1624 3466 1680 τοῦ
3494 1625 3642 1680 ἀ66ᾶ
3669 1626 3854 1697 Μούη,

2273 1723 2355 1776 ὅτι
2377 1721 2600 1794 ἔμειναν
2641 1721 2757 1794 μετ’
2780 1721 3045 1792 ἀλλήλων.
3073 1716 3199 1790 Εἶχε
3235 1720 3292 1772 δὲ
3319 1719 3518 1790 πολλὴν
3549 1717 3800 1790 ὑπακοὴν
3829 1720 3859 1771 6

2273 1814 2446 1878 ἀ66ἄς
2474 1814 2638 1877 Σαῖὼ,
2683 1813 2917 1882 σκληρὸς
2945 1813 3003 1866 δὲ
3037 1808 3105 1884 ἦν
3151 1811 3313 1865 πάνυ.
3351 1812 3460 1864 Καὶ
3483 1799 3671 1879 ἔλεγεν
3707 1809 3859 1880 αὐτῷ

2271 1907 2300 1958 ὁ
2324 1905 2500 1978 γέρων
2520 1905 2794 1976 πειράζων
2816 1919 2830 1934 °
2850 1903 3090 1970 ’Ύπαγε,
3121 1901 3374 1972 σύλησον.
3397 1901 3508 1955 Καὶ
3534 1901 3734 1971 ὑπῆγε,
3760 1902 3859 1954 καὶ

2274 1995 2442 2051 ἐσύλα
2470 1996 2598 2060 τοὺς
2637 1995 2903 2064 ἀδελφοὺς
2935 1994 3024 2047 διὰ
3059 1992 3157 2064 τὴν
3193 1993 3443 2064 ὑπακοὴν
3467 2034 3482 2057 ,
3517 1991 3859 2062 εὐχαριστῶν

2272 2091 2352 2162 τῷ
2391 2091 2582 2163 Κυρίῳ
2615 2090 2707 2144 ἐπὶ
2757 2091 2943 2143 πᾶσιν.
2987 2087 3047 2143 '0
3095 2089 3151 2142 δὲ
3183 2089 3360 2160 γέρων
3397 2082 3532 2159 ἦρεν
3565 2086 3726 2150 αὐτὰ,
3761 2087 3860 2138 καὶ

2275 2185 2504 2254 παρεῖχε
2547 2182 2814 2253 κρυφίως.
2846 2179 2984 2233 Ποτὲ
3013 2175 3107 2233 οῦν
3154 2179 3448 2233 ὁδευόντων
3491 2176 3690 2242 αὐτῶν,
3732 2176 3861 2247 ἠτό-

2274 2290 2431 2343 νησε,
2448 2275 2542 2326 καὶ
2567 2273 2778 2343 ἀφῆκεν
2800 2272 2963 2326 αὑτὸν
2992 2275 3020 2325 6
3047 2271 3222 2335 assa;
3246 2268 3704 2341 συντετριμμένον
3722 2285 3735 2298 ·
3762 2269 3861 2320 καὶ

2277 2365 2480 2430 ἐλθὼν,
2516 2361 2638 2419 εἶπε
2685 2367 2798 2429 τοῖς
2845 2365 3123 2435 ἀδελφοῖςο
3185 2363 3478 2432 Ὑπάγετε,
3533 2361 3728 2432 φέρετε
3765 2360 3861 2413 τον

2278 2457 2446 2524 Σαῖὼ,
2477 2459 2560 2512 ὅτι
2595 2457 2965 2533 κεκλασμένος
2994 2457 3319 2513 κε’ίται.Καὶ
3348 2456 3694 2520 ἀπελθόντες,
3717 2454 3860 2524 ῆγα-

2278 2568 2374 2621 γον
2409 2551 2592 2606 αὐτόν.

2669 2665 2810 2735 Περὶ
2843 2665 2954 2736 τῆς
2981 2664 3181 2736 ἀμμᾶς
3209 2665 3460 2734 Σάρῤαςο

2350 2788 2418 2837 α’.
2455 2781 2796 2853 Διηγήσαντο
2820 2779 2948 2850 περὶ
2976 2782 3074 2850 τῆς
3097 2779 3288 2850 ἀμμᾶς
3313 2777 3647 2848 Σάρῥας,ὃτι
3675 2775 3862 2850 ἔμεινε

2278 2871 2539 2942 δεκατρία
2581 2869 2674 2941 ἐτη
2707 2869 3086 2940 πολεμουμένῃ
3137 2867 3417 2940 κραταιῶς
3462 2869 3566 2921 ὑπὸ
3611 2867 3704 2921 τοῦ
3739 2867 3865 2920 δαί·-

2283 2979 2445 3034 μονος
2473 2964 2574 3031 τῆς
2605 2960 2882 3033 πορνείας,
2911 2961 3006 3014 καὶ
3035 2959 3292 3013 οὐδέποτε
3323 2957 3526 3030 ηὔξατο
3557 2958 3864 3029 ἀποστῆναι

2277 3054 2372 3108 τὸν
2403 3050 2659 3122 πόλεμον,
2689 3049 2826 3103 ἀλλά
2863 3048 3064 3120 μᾶλλον
3097 3047 3282 3117 έλεγεν
3307 3065 3319 3079 ⁸
3363 3047 3425 3104 Ὀ
3452 3047 3605 3112 θεὸς,
3633 3046 3725 3110 δός
3767 3063 3863 3116 μοι

2285 3143 2459 3211 ίσχύν.

2355 3234 2419 3305 β’.
2470 3233 2725 3288 Ἐπέθετο
2753 3233 2891 3305 αὐτῇ
2916 3250 3046 3286 ποτε
3078 3232 3432 3304 σφοδρότερον
3458 3231 3521 3284 τὸ
3543 3230 3673 3284 αὐτὸ
3696 3227 3872 3283 πνεῦ-

2284 3343 2360 3398 μα
2397 3327 2496 3397 τῆς
2554 3324 2848 3396 πορνείας,
2885 3323 3188 3378 ὑποϐάλλον
3219 3323 3358 3394 αὐτῇ
3401 3321 3467 3375 τά
3513 3321 3607 3376 τοῦ
3654 3321 3871 3390 κόσμου

2285 3417 2508 3488 μάταια.
2553 3415 2619 3470 Ἠ
2650 3416 2708 3470 δέ
2739 3416 2814 3488 μὴ
2844 3415 3069 3469 ἐνδοῦσα
3098 3415 3177 3486 τῷ
3204 3414 3298 3468 τοῦ
3326 3414 3460 3468 Θεοῦ
3492 3413 3642 3485 φόϐῳ
3668 3415 3761 3466 καὶ
3797 3417 3868 3485 τῇ

2280 3511 2558 3582 ἀσκήσει,
2619 3509 2852 3580 ἀνῆλθεν
2898 3509 2957 3563 ἐν
3000 3509 3098 3578 μιᾷ
3149 3509 3230 3570 εἰς
3265 3507 3326 3560 τὸ
3363 3505 3633 3576 δωμάτιον
3695 3506 3871 3575 αὐτῆς

2283 3600 2712 3673 προσεύξασθαι.
2751 3601 2862 3654 Καὶ
2888 3599 3043 3671 ὤφθη
3074 3600 3210 3670 αὐτῇ
3248 3597 3573 3669 σωματικῶς
3611 3597 3672 3649 τί,
3699 3596 3868 3649 πνεῦ-

2285 3711 2360 3766 μα
2388 3694 2487 3764 τῆς
2518 3693 2792 3765 πορνείας,
2828 3692 2923 3745 καὶ
2952 3686 3104 3745 εἶπεν
3155 3691 3293 3762 αὐτῇ
3315 3707 3327 3720 ·
3369 3689 3438 3742 Σύ
3483 3707 3551 3759 με
3581 3690 3868 3760 ἐνίκησας,

2281 3788 2489 3860 Σάρῤα.
2525 3789 2590 3841 Ἦ
2631 3787 2688 3840 δὲ
2739 3783 2928 3841 εἶπεν·
2975 3786 3089 3839 Οὐκ
3139 3785 3366 3855 ἐνίκησά
3395 3801 3456 3836 σε
3506 3783 3637 3851 ἐγὼ,
3685 3783 3801 3836 ἀλλ’
3840 3786 3870 3837 ὀ

2280 3879 2559 3949 Δεσπότης
2594 3895 2695 3949 μου
2728 3875 2986 3946 Χριστός.

2353 3977 2422 4040 γ’.
2459 3971 2684 4038 Ἔλεγον
2720 3969 2847 4041 περὶ
2889 3968 3081 4038 αὐτῆς,
3112 3968 3193 4021 ὅτι
3248 3964 3434 4018 ἐπάνω
3483 3961 3578 4016 τοῦ
3614 3961 3870 4031 ποταμοῦ

2283 4064 2497 4133 ἔμεινεν
2527 4063 2790 4133 ἐξήκοντα
2837 4059 2932 4131 έτη
2971 4058 3234 4115 οἰκοῦσα.
3277 4057 3372 4110 καὶ
3423 4056 3484 4108 οὑ
3545 4053 3872 4124 παρέκυψεν

2288 4155 2416 4210 ἰδεῖν
2450 4155 2636 4209 αὐτόν.

2354 4246 2418 4302 δ’.
2467 4246 2688 4300 Ἀλλοτε
2719 4239 2881 4316 ἦλθον
2924 4241 3018 4296 δύο
3052 4240 3311 4313 γέροντες
3359 4239 3718 4311 ἀναχωρηταὶ
3770 4255 3871 4308 με·

601 4346 877 4391 veuerunt
911 4339 978 4394 ad
1011 4354 1131 4394 eam
1161 4356 1192 4396 e
1220 4343 1468 4412 partibus
1495 4342 1724 4399 Pelusii.
1758 4342 1824 4396 Et
1859 4343 2004 4398 inter
2034 4344 2173 4398 ince-

2285 4339 2443 4410 γάλοι
2480 4340 2589 4394 ἀπὸ
2621 4337 2730 4391 τῶν
2762 4335 2943 4408 μερῶν
2973 4334 3068 4388 τοῦ
3121 4332 3423 4404 Πηλουσίου
3469 4331 3608 4402 πρὸς
3655 4330 3826 4400 αὐτήν
3852 4343 3866 4358 ο

603 4425 866 4494 dendum,
887 4428 964 4482 ita
998 4429 1492 4500 eolloquebantur:
1523 4433 1907 4504 Deprimamus
1937 4435 2173 4489 vetulam

2286 4433 2384 4485 καὶ
2429 4429 2796 4500 ἀπερχόμενοι
2835 4427 3022 4495 ἔλεγον
3070 4425 3209 4496 πρὸς
3248 4423 3549 4495 ἀλλήλους·
3581 4419 3867 4474 Ταπεινὼ-

605 4518 771 4573 hanc.
811 4519 980 4574 Aiunt
1029 4535 1160 4591 ergo
1199 4522 1250 4578 ei
1298 4541 1312 4578 :
1351 4522 1496 4578 Cave
1546 4539 1616 4579 ne
1669 4527 1965 4582 extollatur
2025 4542 2173 4582 mens

2289 4538 2470 4593 σωμεν
2502 4521 2600 4590 τὴν
2631 4519 2833 4587 γραῒδα
2860 4517 3088 4588 ταύτην.
3119 4515 3230 4570 Kal.
3249 4515 3501 4584 λέγουσιν
3523 4513 3660 4584 αὐτῇ
3685 4529 3703 4545 ο
3739 4511 3870 4565 Βλέ-

607 4621 724 4680 tua,
755 4621 810 4668 et
847 4613 1000 4669 dicas
1041 4631 1055 4668 :
1085 4612 1228 4670 Ecce
1260 4615 1498 4671 solitarii
1535 4617 1601 4671 ad
1636 4632 1724 4673 me
1758 4618 2047 4674 mulierem
2093 4635 2173 4675 ac-

2287 4631 2354 4667 πε
2390 4613 2464 4685 μὴ
2497 4610 2710 4683 ἐπαρθῇ
2749 4610 2777 4661 6
2809 4609 3067 4680 λογισμός
3095 4625 3212 4672 σου,
3245 4607 3341 4660 καὶ
3377 4606 3570 4678 εἴπῃς,
3613 4604 3696 4657 ὅτι
3736 4602 3865 4656 Ἰδοὺ

605 4707 834 4765 cedunt.
875 4706 1176 4778 Respondit
1207 4707 1317 4763 illis
1349 4714 1524 4763 mater
1553 4711 1691 4762 Sara
1729 4729 1743 4764 :
1788 4707 1932 4765 Sexu
1960 4710 2173 4781 quidem

2286 4707 2335 4759 oi
2389 4703 2743 4776 ἀναχωρηταὶ
2793 4701 2930 4773 πρὸς
2971 4701 3039 4772 μὲ
3092 4700 3342 4772 ἔρχονται
3393 4700 3627 4767 γυναῖκα
3676 4691 3864 4749 οὖσαν.

605 4797 807 4854 mulier
835 4812 984 4868 sum,
1015 4807 1071 4874 at
1105 4812 1214 4853 non
1243 4798 1447 4852 animo.
1949 4822 1953 4829 -

2287 4796 2448 4864 Λέγει
2479 4795 2664 4856 αὐτοῖς
2695 4794 2728 4863 ἡ
2762 4793 2954 4863 ἀμμᾶς
3001 4791 3188 4863 Σάρρα
3210 4807 3224 4821 ·
3260 4791 3338 4860 Τῇ
3395 4790 3493 4860 μὲν
3524 4788 3686 4858 φύσει
3730 4788 3866 4858 γυνή

2288 4889 2425 4958 είμι,
2453 4886 2568 4940 ἀλλ’
2601 4885 2662 4938 οὺ
2690 4884 2768 4956 τῷ
2800 4884 3068 4955 λογισμῷ.

677 4977 736 5035 5.
764 4975 878 5052 (81)
908 4976 1059 5032 Dixit
1091 4986 1266 5032 mater
1292 4976 1429 5038 Sara
1464 4994 1479 5032 :
1521 4976 1579 5032 Si
1611 4975 1780 5033 Deum
1821 4993 2081 5043 oravero,
2123 4986 2173 5032 ul

2361 4985 2420 5034 ε’.
2462 4975 2627 5032 Εἶπεν
2652 4978 2685 5048 ἡ
2708 4977 2902 5047 ἀμμᾶς
2931 4976 3119 5046 Σάρῥα
3144 4990 3157 5004 ’
3191 4973 3316 5026 Ἐὰν
3349 4970 3589 5041 εὔξωμαι
3625 4970 3704 5041 τῷ
3725 4970 3866 5040 Θεῷ,

606 5086 804 5130 omnes
827 5070 1079 5126 homines
1108 5070 1174 5126 de
1202 5071 1340 5126 meis
1373 5071 1619 5126 moribus
1662 5070 1907 5126 contenti
1944 5071 2076 5136 sint,
2115 5069 2173 5124 ad

2285 5071 2372 5125 ἵνα
2431 5070 2635 5132 πάντες
2681 5070 2732 5122 oi
2788 5067 3069 5140 ἄνθρωποι
3119 5064 3567 5138 πληροφορῶνται
3615 5065 3698 5125 είς
3745 5063 3864 5131 ἐμὲ,

607 5162 1050 5234 uniuscujusque
1071 5161 1296 5232 januam
1330 5175 1617 5218 accessura
1667 5179 1811 5227 sum,
1856 5161 2173 5233 suppliciter

2285 5162 2652 5233 εὑρεθήσομαι
2708 5161 2789 5222 εἰς
2835 5158 2934 5230 τὴν
2993 5156 3163 5229 θύραν
3213 5155 3444 5209 ἑκάστου
3492 5152 3864 5225 μετανοοῦσα·

607 5262 968 5326 prosternens
993 5269 1097 5308 me.
1119 5252 1224 5309 Sed
1253 5254 1434 5323 potius
1464 5255 1765 5325 precabor,
1783 5262 1841 5308 ut
1871 5268 1968 5307 eor
1995 5268 2173 5307 meum

2285 5253 2420 5307 ἀλλὰ
2459 5251 2660 5324 μᾶλλον
2704 5249 2933 5321 εῦξομαι
2987 5248 3085 5318 τὴν
3119 5246 3344 5319 καρδίαν
3372 5263 3475 5317 μου
3525 5243 3694 5317 ἁγνὴν
3731 5239 3868 5300 εἶναι

610 5361 738 5418 erga
771 5361 962 5402 omnes
993 5361 1188 5416 purum
1226 5346 1319 5401 sit.

2291 5345 2428 5415 μετά
2456 5345 2694 5398 πάντων.

682 5501 729 5532 ⁸³
761 5500 850 5555 Al.
881 5499 1275 5574 ἐνεκέκρυπτο.

685 5678 797 5749 (77)
847 5677 952 5749 Vit:
986 5676 1224 5749 Patr._\',
1262 5676 1348 5749 ιι),
1383 5674 1438 5749 in
1463 5674 1725 5741 Epltra'm,
1759 5691 1809 5745 p.
1834 5673 1959 5742 387,
1988 5673 2132 5730 n.15
2160 5693 2173 5739 ;

614 5744 886 5804 Theudor.
921 5747 1105 5809 Stud.,
1134 5744 1351 5801 Catech.
1381 5748 1468 5800 9|.

684 5818 797 5892 (78)
849 5817 931 5873 Vit
985 5815 1140 5872 Patr.
1173 5834 1226 5885 ν,
1261 5817 1348 5885 ti,
1381 5815 1434 5868 in
1467 5814 1730 5884 Epiri-mm,
1770 5815 1960 5888 p.587,
1990 5832 2044 5872 n.
2090 5815 2172 5872 16.

2520 5672 2624 5728 Vit.
2666 5675 2819 5729 Patr.
2856 5691 2954 5737 VII,
2991 5674 3079 5731 l9.

2356 5743 2468 5814 (80)
2523 5743 2628 5800 Vit.
2662 5746 2816 5799 Patr.
2851 5763 2902 5807 x.
2937 5747 3028 5798 75.

2356 5816 2466 5888 (8|)
2520 5814 2620 5872 Vit.
2661 5814 2813 5873 Patr.
2844 5832 2896 5884 x,
2935 5817 3023 5870 74.
