4028 6338
213 391 318 447 ιαι

1366 387 1990 445 APOPIITHECMATA
2030 387 2342 446 PATRUM.

3387 393 3496 451 423

295 512 375 572 ς’.
417 504 550 557 Είπε
587 503 770 567 πάλιν,
799 503 881 558 ὅτι
927 502 1115 557 Βάλλω
1149 503 1239 558 τὸν
1277 504 1409 558 πόδα
1439 523 1540 576 μου
1581 506 1672 560 ἐπὶ
1715 505 1815 577 τὴν

1991 507 2046 562 6.
2092 505 2240 562 Dixit
2265 505 2465 560 iterum
2499 521 2511 558 :
2549 500 2704 559 Mitto
2743 502 2932 574 pedem
2966 520 3146 562 meum
3172 521 3339 578 super
3371 525 3496 568 sca-

219 597 474 666 κλίμακα
500 595 790 665 ἀναϐῆναι,
813 596 905 648 καὶ
939 595 1074 650 τιθῶ
1101 595 1194 650 τδν
1219 595 1450 651 θάνατον
1481 597 1588 672 πρὸ
1615 596 1816 667 ὀφθαλ-

223 688 348 758 μῶν
387 705 488 758 μου
518 686 626 758 πρὸ
658 686 754 740 τοῦ
787 686 1058 758 ἀναϐῆναί
1093 706 1162 757 με
1193 688 1274 752 είς
1301 688 1472 761 αὐτήν
1495 691 1562 744 ⁵⁵.

295 778 367 842 ζ’.
407 771 544 830 Eine:
579 777 766 842 πάλιν,
794 779 875 831 ὃτι
903 778 1068 833 καλόν
1105 780 1224 833 ἐστι
1259 781 1355 834 καὶ
1383 779 1452 834 δι’
1494 779 1816 853 ἀνθρώπους

219 873 401 924 ποιεῖν
422 868 817 941 ἐλεημοσύνην.
847 870 910 922 Εί
941 869 1050 943 γὰρ
1079 871 1174 924 καὶ
1200 871 1268 926 δι’
1295 871 1813 945 ἀνθρωπαρεσκίαν,

218 964 341 1017 ἀλλ’
364 962 584 1035 ἔρχεται
610 961 772 1016 πάλιν
798 963 878 1026 είς
911 959 1046 1015 Θεοῦ
1073 961 1368 1036 ἀρέσκειαν
1391 963 1460 1017 ⁸⁸.

295 1147 373 1211 η’.
408 1139 727 1212 Παρέόαλόν
771 1158 903 1194 ποτε
935 1141 1242 1213 Σκητιῶται
1286 1147 1354 1217 τῇ
1404 1146 1568 1218 ἀμμᾷ
1603 1147 1814 1218 suam.

232 1235 301 1288 Ἢ
327 1235 388 1288 δὲ
438 1232 750 1305 παρέθηκεν
779 1235 964 1299 αὐτοῖς
1001 1235 1254 1291 κανίσκιν
1280 1237 1348 1292 ⁸⁸.
1385 1238 1448 1291 Οί
1487 1237 1545 1291 δὲ
1586 1237 1818 1308 ἀφέντες

219 1325 296 1378 τά
317 1323 482 1389 καλὰ,
507 1323 712 1392 ἔφαγον
733 1323 804 1378 τά
826 1325 1034 1396 σαπρά.
1056 1326 1168 1380 Καὶ
1189 1322 1344 1382 εἶπεν
1367 1327 1552 1391 αὐτοῖς
1571 1343 1583 1356 ·
1609 1329 1819 1394 Ὄντως

224 1417 538 1490 Σκητιῶταί
568 1419 715 1471 ἐστε.

515 1530 653 1600 Περὶ
694 1530 807 1600 τῆς
855 1530 1056 1601 ἀμμᾶς
1085 1533 1530 1603 Συγκλητικῆς.

299 1649 368 1696 α’.
424 1637 592 1694 Εἶπεν
622 1643 654 1712 ἡ
687 1642 882 1712 ἀμμᾶς
911 1642 1257 1715 Συγκλητική
1279 1659 1293 1674 ⁸
1351 1643 1529 1714 ’Δγών
1571 1647 1690 1699 ἐστι
1727 1646 1821 1699 καὶ

229 1731 401 1795 κόπος
433 1731 602 1794 πολὺς
626 1732 738 1794 τοῖς
762 1733 1222 1804 προσερχομένοις
1246 1733 1324 1805 τῷ
1343 1734 1484 1807 Θεῷ,
1505 1735 1577 1790 τά
1597 1737 1790 1809 πρῶτα
1805 1753 1818 1767 ³

1916 598 2048 666 lam,
2099 613 2436 664 ascensura;
2472 607 2526 652 et
2564 605 2798 651 mortem
2840 597 2910 650 ob
2952 599 3144 655 oculos
3187 614 3356 670 pono,
3392 613 3498 656 an-

1917 697 2137 760 tequam
2166 687 2620 745 conscensionem
2647 686 2868 743 faciam.

1988 783 2043 836 7.
2089 781 2204 838 Hoc
2231 781 2396 837 etiam
2416 780 2680 852 protulit:
2711 779 2923 834 Bonum
2955 786 3059 846 est,
3086 780 3249 834 etiam
3275 788 3502 852 propter

1917 874 2175 930 homines
2224 873 2409 930 facere
2443 873 2873 943 cleemosynam.
2929 869 3082 926 Licet
3117 872 3262 927 enim
3315 872 3503 929 studio

1917 963 2170 1035 placendi
2201 963 2520 1019 hominibus
2565 963 2680 1028 liat,
2717 971 2906 1034 postea
2938 971 3118 1021 tamen
3151 965 3400 1036 procedit
3433 963 3502 1020 ad

1917 1053 2161 1109 studium
2193 1053 2446 1124 placendi
2478 1052 2612 1109 Deo.

1989 1145 2044 1201 8.
2084 1144 2402 1216 Aliquando
2437 1146 2696 1202 Scetiota:
2726 1155 3111 1202 convenerunt
3138 1156 3370 1203 matrem
3405 1145 3505 1202 Sa-

1920 1252 2061 1294 ram.
2093 1238 2228 1306 Quae
2271 1239 2530 1310 apposuit
2577 1241 2663 1295 eis
2707 1239 3039 1294 canistrum.
3088 1237 3168 1293 llli
3203 1255 3336 1295 vero
3362 1240 3505 1294 bona

1917 1345 2077 1398 poma
2115 1330 2514 1401 relinquentes,
2565 1331 2758 1385 vitiosa
2809 1330 3194 1389 comedebant.
3245 1331 3311 1386 Et
3367 1331 3508 1387 dixit

1920 1421 2002 1478 eis
2039 1420 2293 1477 :Revera
2331 1420 2588 1477 Scetioue
2617 1423 2773 1478 estis.

2394 1534 2471 1590 De
2496 1545 2667 1589 matre
2691 1534 3019 1606 Syncletica.

1994 1645 2047 1698 1.
2085 1643 2200 1717 (Si)
2233 1643 2382 1699 Dixit
2402 1652 2580 1701 mater
2606 1643 2920 1717 Syncletica
2950 1646 3139 1719 :Agon
3160 1657 3246 1703 est
3266 1657 3320 1704 et
3348 1649 3506 1704 labor

1924 1749 2157 1806 magnus
2203 1735 2272 1792 iis
2305 1736 2398 1808 qui
2432 1736 2704 1792 accedunt
2761 1738 2827 1792 ad
2869 1737 3064 1802 Deum,
3100 1737 3154 1791 in
3197 1739 3508 1810 principio;

227 1824 427 1876 ἔπειτα
453 1822 533 1885 δὲ,
565 1825 709 1894 χαρά
741 1823 1347 1900 άνεκλάλητος.Ὥσπερ
1374 1826 1484 1900 γὰρ
1517 1829 1567 1882 οἱ
1598 1829 1710 1901 πῦρ
1735 1827 1823 1898 ἐξ-

1949 1828 2022 1884 ιθά
2063 1828 2310 1883 succedit
2360 1829 2621 1900 gaudium
2680 1829 2976 1886 incll‘abile.
3035 1829 3509 1896 Quemadmodum

227 1914 370 1986 ἅψαι
403 1915 741 1986 βουλόμενοι,
761 1916 979 1988 πρῶτον
995 1918 1348 1984 καπνίζονται
1380 1920 1476 1974 καὶ
1505 1920 1822 1993 δακρύουσι,

229 2009 331 2062 καὶ
375 2005 553 2071 οὕτως
584 2007 679 2061 τοῦ
719 2008 1055 2080 ζητουμένου
1089 2012 1515 2082 ἐπιτυγχάνουσι
1554 2013 1678 2084 (καὶ
1714 2014 1824 2086 γάρ

231 2115 426 2169 φησιν,
456 2098 520 2152 ὀ
557 2098 703 2167 Θεὸς
737 2100 908 2170 ἡμῶν
939 2102 1060 2170 πῦρ
1111 2105 1566 2159 καταναλίσκον
1590 2105 1786 2178 ἐστίν)
1807 2123 1820 2138 ο

230 2189 410 2256 οὓτως
440 2190 523 2244 δεῖ
554 2191 648 2245 καὶ
678 2193 828 2264 ἡμᾶς
855 2195 936 2257 είς
962 2194 1190 2259 ἑαυτοὺς
1221 2195 1285 2249 τὸ
1313 2195 1459 2252 θετον
1486 2198 1682 2268 ἐξάψαι
1714 2196 1826 2270 πῦρ

235 2283 382 2354 μετά
407 2283 661 2357 δακρύων
694 2286 790 2339 καὶ
816 2287 994 2341 πόνων
1014 2288 1082 2342 ⁸⁷.

308 2377 376 2448 β’.
420 2373 556 2432 Εἷπε
592 2378 775 2447 πάλιν,
817 2380 900 2434 ὅτι
931 2382 1024 2436 Δεῖ
1062 2382 1212 2454 ἡμᾶς
1241 2382 1370 2448 τοὺς
1411 2383 1473 2438 τὸ
1505 2384 1828 2456 ἐπάγγελμα

230 2471 396 2524 τοῦτο
447 2471 942 2545 ἐπανῃρημένους,
993 2474 1350 2546 σωφροσύνην
1395 2474 1495 2547 τὴν
1529 2477 1610 2540 είς
1656 2477 1828 2548 ἄκρον

234 2564 513 2634 κατέχειν.
550 2565 662 2618 Καὶ
690 2564 799 2636 γὰρ
833 2565 985 2637 παρὰ
1023 2569 1137 2633 τοῖς
1181 2569 1468 2638 κοσμικοϊς
1503 2568 1826 2642 σωφροσύνη

232 2652 384 2707 δοκεῖ
430 2654 854 2721 πολιτεύεσθαι,
899 2655 1040 2712 ἀλλά
1090 2657 1474 2731 συμπάρεστιν
1533 2661 1674 2732 αὐτῇ
1735 2661 1831 2714 καὶ

234 2745 564 2816 ἀφροσύνη,
611 2746 698 2801 διὰ
754 2747 816 2800 τὸ
855 2749 978 2812 ταῖς
1011 2749 1202 2813 ἄλλαις
1251 2751 1454 2815 πάσαις
1509 2751 1829 2823 αἰσθήσεσιν

235 2838 602 2909 ἁμαρτάνειν,
642 2839 753 2894 Καὶ
780 2839 888 2912 γὰρ
916 2841 1118 2912 ὁρῶσιν
1145 2842 1432 2914 ἀπρεπῶς,
1465 2843 1560 2898 καὶ
1596 2843 1830 2914 γελῶσιν

238 2929 517 2994 ἀτάκτως.

309 3029 382 3090 γ’.
428 3017 564 3075 Είπε
595 3023 757 3078 πάλιν
775 3041 788 3054 ·
814 3025 1028 3098 Ὥσπερ
1052 3026 1121 3080 τά
1160 3025 1336 3080 ἰοϐόλα
1363 3026 1528 3099 θηρία
1548 3027 1595 3060 ⁸⁸
1621 3027 1690 3082 τά
1717 3028 1832 3100 δρι-

243 3115 462 3188 μύτερα
493 3115 604 3169 τῶν
637 3117 949 3189 φαρμάκων
983 3118 1317 3172 ἀπελαύνει·
1351 3118 1525 3185 οὕτως
1564 3119 1659 3174 καὶ
1687 3120 1834 3191 λογι-

245 3209 384 3280 σμδν
416 3209 654 3281 πονηρὸν
671 3209 714 3241 ⁸³
738 3209 871 3289 εύχὴ
899 3210 1038 3280 μετά
1063 3210 1320 3281 νηστείας
1348 3210 1641 3266 ἀπελαύνει
1663 3213 1731 3268 ‘°.

312 3299 378 3352 δ’.
421 3293 556 3350 Eine
601 3297 792 3351 πάλιν
831 3299 922 3368 Μή
957 3315 1016 3351 σε
1061 3298 1290 3372 δελεάσῃ
1323 3299 1431 3354 τῶν
1463 3301 1746 3373 κοσμικῶν
1785 3302 1828 3334 ⁸⁸

242 3389 519 3443 πλουσίων
565 3389 770 3460 τρυφὴ,
807 3390 883 3453 ὡς
927 3390 1199 3462 χρήσιμόν
1253 3409 1307 3446 τι
1365 3391 1583 3464 ἔχουσα,
1641 3393 1833 3466 ἡδονῆς

245 3479 410 3550 κενῆς
448 3479 493 3511 ⁸⁸
539 3479 748 3532 ἕνεκεν.
799 3478 1031 3532 Ἐκεῖνοι
1069 3480 1166 3552 τὴν
1203 3480 1576 3555 ὁψαρτυτικὴν
1603 3483 1714 3554 (82)
1754 3501 1836 3537 τι-

250 3571 394 3641 μῶσι
439 3570 666 3640 τέχνην·
713 3570 940 3642 νηστείᾳ
971 3572 1067 3624 καὶ
1105 3573 1268 3638 αὐτὸς
1309 3573 1400 3627 διὰ
1439 3575 1549 3628 τῶν
1601 3575 1836 3630 εὐτελῶν

243 3662 595 3734 τὴν-ἐκείνων
616 3663 876 3734 εὐπορίαν
895 3663 1006 3716 τῶν
1027 3663 1243 3737 τροφῶν
1263 3666 1374 3736 (85)
1397 3666 1832 3740 ύπερύάλλεις⁶³.

243 3756 386 3826 Φησὶ
421 3756 568 3827 γάρ·
614 3755 791 3826 Ψυχὴ
835 3757 910 3810 ἐν
952 3755 1152 3826 τρυρῇ
1179 3757 1224 3788 δ”
1263 3755 1424 3813 οὖσα
1470 3761 1700 3828 κηρίοις
1736 3760 1837 3830 ἐμ·

245 3844 461 3906 παίζει.
493 3846 584 3919 Μὴ
613 3848 880 3920 κορεσθῇς
929 3849 1120 3920 ἄρτου,
1176 3851 1271 3904 καὶ
1315 3850 1416 3903 οὐκ
1464 3849 1835 3922 ἐπιθυμήσεις

245 3945 417 3996 οἴνου.

316 4039 381 4087 ε’.
436 4032 728 4105 Ἦρωτήθη
764 4035 798 4106 ἡ
838 4035 1086 4108 μακαρία
1116 4035 1486 4108 Συγκλητικὴ,
1535 4038 1585 4090 εί
1631 4038 1835 4091 τέλειον

242 4127 459 4197 ἀγαθὸν
510 4128 544 4198 ἡ
593 4127 972 4198 ἀκτημοσύνη.
1017 4129 1082 4180 Ἥ
1134 4127 1192 4182 δὲ
1239 4124 1394 4182 εἴπεο
1447 4129 1595 4182 Πάνυ
1630 4129 1836 4182 τέλειον

243 4223 359 4284 τοῖς
389 4219 715 4290 δυναμένοις
731 4221 799 4275 ⁸⁸.
825 4222 887 4273 Οί
916 4219 1026 4291 γάρ
1050 4219 1416 4292 ὑπομένοντες
1443 4219 1623 4286 τοῦτο,
1658 4219 1837 4289 θλίψιν

250 4312 350 4382 μὲν
377 4311 568 4381 ἔχουσι
594 4312 662 4381 τῇ
692 4310 874 4382 σαρκὶ,
913 4313 981 4381 τῇ
1009 4310 1067 4362 δὲ
1091 4310 1236 4382 ψυχῇ
1271 4309 1601 4365 ἀνάπαυσιν.
1629 4311 1839 4384 Ὠσπερ

247 4405 358 4476 γὰρ
395 4403 466 4458 τὰ
501 4403 696 4475 στερεά
727 4402 944 4474 ἱμάτια,
976 4403 1298 4473 πατούμενα
1331 4402 1426 4456 καὶ
1455 4401 1646 4472 βιαίως
1678 4418 1838 4474 στρε·

249 4499 490 4568 φδμενα,
521 4496 780 4549 πλύνεται
800 4513 813 4526 ο
843 4494 1018 4559 οὕτως
1048 4497 1142 4550 καὶ
1172 4495 1319 4568 ψυχὴ
1351 4493 1568 4567 ἰσχυρὰ,
1612 4493 1702 4549 διὰ
1733 4494 1840 4566 τῆς

249 4589 505 4642 ἑκουσίου
537 4587 748 4652 πενίας,
775 4587 869 4640 ἐπὶ
888 4587 1074 4641 πλεῖον
1103 4587 1456 4660 κρατύνεται.

322 4687 400 4744 ς’.
452 4675 591 4731 Εἷπε
641 4678 838 4734 πάλιν·
883 4679 1009 4732 Ἐὰν
1058 4679 1115 4731 ὲν
1151 4677 1406 4749 κοινοὸίῳ
1435 4678 1728 4750 τυγχάνῃς,
1763 4675 1841 4748 μὴ

256 4769 599 4841 μεταλλάξῃς
667 4769 758 4821 τὸν
817 4769 981 4823 τόπον
1015 4785 1028 4798 ·
1087 4767 1336 4842 βλαϐήσῃ
1392 4769 1502 4838 γὰρ
1565 4766 1839 4838 μεγάλως.

323 4950 370 4984 ⁸⁸
405 4952 494 5023 Al.
536 4950 781 5006 ἀνελθεῖν
821 4969 889 5023 με
923 4954 1062 5006 ἐκεῖ.
1154 4951 1200 4982 ⁸⁵
1237 4951 1323 5006 ΑΙ.
1365 4949 1714 5023 θεαρεσκίαν.
1799 4950 1855 5023 ’⁸⁸
1901 4949 1987 5004 Al.
2025 4949 2324 5023 κανίσκιον.

1374 5023 1407 5092 ὴ
1443 5020 1550 5074 τῶν
1582 5020 1725 5092 κατά
1747 5020 1974 5090 κόσμον.

257 5022 526 5094 ῥυπαρὰ.
604 5023 649 5054 ⁸⁸
677 5025 766 5094 ΑΙ.
809 5022 1116 5094 ὲκδιώκειη
1177 5023 1219 5053 ⁶¹

1925 1921 2070 1977 enim
2097 1920 2190 1991 qui
2221 1919 2401 1991 ignem
2433 1919 2742 1975 accendere
2771 1921 3024 1991 cupiunt,
3057 1924 3210 1990 prius
3235 1921 3384 1976 fullio
3410 1923 3511 1974 im-

1925 2012 2196 2078 buuntur,
2229 2027 2293 2066 ac
2318 2013 2593 2084 lacrymas
2617 2013 2870 2079 mittunt,
2901 2021 3090 2082 postea
3120 2021 3301 2069 autem
3322 2023 3512 2086 optato

1926 2103 2210 2176 potiuntur
2250 2103 2349 2174 (ait
2384 2105 2529 2159 enim
2570 2103 2854 2176 Scriptura
2895 2122 2908 2158 :
2947 2105 3086 2159 Deus
3144 2114 3323 2160 noster
3376 2107 3512 2176 ignis

1927 2213 2239 2252 consumens
2267 2196 2433 2268 est“)
2461 2217 2475 2253 :
2508 2197 2583 2253 ita
2601 2207 2815 2270 oportet
2845 2209 2905 2254 ut
2924 2214 3027 2256 nos
3053 2198 3301 2254 divinum
3334 2199 3514 2270 ignem

1929 2290 1985 2345 in
2015 2290 2177 2346 nobis
2203 2306 2328 2345 cum
2363 2291 2628 2362 lacrymis
2657 2298 2712 2347 et
2737 2292 3024 2348 laboribus
3051 2292 3440 2348 accendamus.

1997 2382 2052 2437 2.
2092 2372 2203 2455 (83)
2235 2382 2381 2438 Dixit
2415 2383 2619 2440 iterum
2661 2404 2674 2439 :
2713 2383 2944 2456 Oportet
2977 2401 3080 2442 nos
3105 2387 3199 2458 qui
3229 2387 3369 2441 hanc
3391 2402 3515 2458 pro-

1931 2472 2226 2529 fessionem
2259 2475 2632 2546 suscepimus,
2667 2491 2939 2532 summam
2969 2481 3392 2550 temperantiam
3419 2481 3517 2536 ob-

1931 2567 2126 2622 tinere.
2152 2565 2367 2622 Etenim
2401 2567 2546 2639 apud
2579 2569 2872 2626 surculares
2900 2571 3118 2627 videtur
3151 2573 3514 2642 temperantia

1931 2659 2173 2723 versari,
2223 2661 2320 2714 sed
2369 2659 2421 2715 ei
2461 2660 2703 2716 cohaeret
2751 2663 2922 2716 animi
2960 2664 3356 2734 intemperies,
3390 2680 3517 2734 pro-

1931 2757 2119 2821 pterea
2159 2750 2305 2820 quod
2345 2751 2470 2807 aliis
2508 2753 2768 2808 omnibus
2795 2754 3054 2810 sensibus
3093 2763 3339 2825 peccent.
3381 2756 3515 2810 Nam

1930 2841 2118 2897 vident
2149 2842 2485 2906 indecenter,
2519 2858 2584 2899 ac
2615 2844 2794 2900 rident
2821 2845 3158 2903 inordinate.

1999 3025 2054 3080 5.
2110 3024 2221 3096 (86)
2265 3024 2331 3079 Et
2382 3034 2643 3096 praeterea
2684 3043 2697 3080 :
2745 3025 2901 3080 Sicut
2946 3035 3247 3083 venenatas
3311 3027 3518 3086 bestias

1933 3117 2148 3172 acriora
2187 3117 2482 3187 pharmaca
2507 3116 2830 3186 expellunt,
2885 3117 2960 3171 ita
2991 3119 3378 3189 cogitationem
3406 3136 3518 3174 ma-

1858 3207 1902 3267 C
1937 3206 2138 3278 lignam
2165 3204 2318 3276 ejicit
2346 3207 2527 3260 oratio
2557 3221 2684 3260 cum
2713 3206 2951 3276 jejunio.

2005 3299 2060 3352 4.
2099 3297 2208 3369 (87)
2237 3283 2312 3352 Ita
2347 3297 2530 3353 adhuc
2557 3298 2738 3353 locuta
2765 3306 2883 3353 est:
2919 3297 3039 3353 Non
3065 3306 3118 3353 te
3147 3299 3518 3356 inesccutszc-

1935 3390 2206 3445 cularium
2239 3389 2470 3445 divitum
2499 3388 2730 3456 deliciae,
2766 3390 2928 3460 quasi
2983 3391 3114 3445 utile
3157 3392 3288 3461 quid
3341 3394 3523 3446 conti-

1940 3491 2126 3549 neant,
2157 3483 2228 3538 ob
2276 3497 2472 3537 vanam
2518 3482 2880 3553 voluptatem.
2914 3482 2994 3536 illi
3040 3492 3212 3539 artem
3253 3485 3521 3555 coquina-

1940 3576 2078 3630 riam
2111 3577 2166 3630 in
2199 3577 2376 3646 pretio
2405 3575 2644 3640 habent;
2677 3582 2732 3628 tu
2766 3590 2896 3630 vero
2927 3590 3024 3644 per
3050 3576 3323 3646 jejunium
3361 3578 3524 3634 viles-

1939 3685 2044 3740 que
2077 3669 2256 3734 cibos,
2294 3669 2538 3738 ipsorum
2576 3669 2630 3722 in
2674 3667 2874 3723 eduliis
2904 3669 3300 3724 abundantiam
3337 3686 3525 3741 super-

1939 3759 2204 3831 grederis.
2237 3759 2324 3813 Ait
2368 3759 2608 3830 quippe:
2648 3758 2848 3812 Anima
2895 3760 2951 3812 in
2981 3759 3188 3814 deliciis
3233 3762 3519 3818 exsistem.

1940 3849 2077 3917 favis
2109 3849 2291 3903 illudit
2317 3849 2384 3904 °'.
2420 3847 2541 3902 Noli
2592 3863 2733 3919 pane
2770 3849 2987 3916 satiari,
3031 3865 3130 3904 nec
3182 3850 3525 3906 desiderabis

1939 3941 2152 3995 vinum.

2011 4030 2064 4085 5.
2099 4029 2212 4100 (88)
2246 4027 2590 4100 interrogata
2617 4037 2705 4086 est
2733 4029 2894 4085 beata
2941 4027 3278 4099 Syncletica,
3307 4043 3375 4082 an
3411 4043 3528 4099 per-

1943 4120 2142 4176 fectum
2192 4121 2393 4174 bonum
2446 4128 2626 4185 esset,
2671 4120 2807 4174 nihil
2855 4119 3161 4188 possidere.
3209 4119 3277 4174 Et
3321 4120 3461 4175 dixit
3511 4139 3524 4175 :

1940 4211 2110 4267 Plane
2148 4211 2448 4284 perfectum
2483 4211 2550 4266 iis
2578 4210 2673 4281 qui
2725 4209 2870 4266 ferre
2896 4217 3149 4281 possunt.
3180 4209 3317 4266 Nam
3341 4211 3436 4283 qui
3474 4212 3528 4267 id

1945 4303 2200 4367 tolerant,
2260 4301 2613 4358 alllictionem
2667 4301 2892 4374 quidem
2970 4318 3144 4359 carne
3183 4303 3416 4371 habent,
3474 4313 3531 4359 at

1944 4395 2128 4450 anima
2162 4393 2430 4464 requiem.
2467 4391 2622 4450 Sicut
2645 4396 2791 4451 enim
2819 4393 3008 4451 solida:
3036 4403 3242 4460 vestes,
3279 4395 3528 4459 calcata,

1945 4497 2000 4544 et
2033 4487 2299 4543 violenter
2331 4495 2562 4542 versata:
2600 4487 2902 4542 abluuntur
2937 4505 2952 4542 :
3007 4488 3082 4543 ita
3118 4489 3303 4544 anima
3346 4487 3528 4552 fortis,

1955 4597 2052 4654 per
2089 4581 2450 4636 voluntariam
2486 4589 2861 4651 paupertatem
2894 4580 3141 4636 ﬁrmatur
3173 4583 3368 4653 magis.

2020 4673 2073 4729 6.
2118 4673 2231 4743 (89)
2287 4671 2497 4727 Monuit
2529 4688 2725 4728 rursus
2774 4691 2788 4727 :
2831 4673 2886 4727 Si
2936 4674 3251 4728 camobium
3299 4674 3531 4738 incolas,

1953 4766 2062 4821 noli
2103 4773 2316 4820 mutare
2355 4765 2564 4829 sedem,
2604 4764 2736 4835 quia
2775 4763 2934 4818 valde
2970 4763 3194 4818 nocebit
3229 4763 3352 4817 tibi.
3395 4762 3529 4818 Nam

2431 4947 2474 4979 ⁸⁷
2515 4945 2602 5000 ΔΙ.
2633 4945 2840 5000 κόπων.
2947 4944 2994 4979 ⁸⁸
3026 4942 3110 4998 AI.
3143 4942 3278 5008 ζῶα.
3375 4942 3422 4974 ⁸⁸
3445 4943 3529 5000 Al.

2067 5021 2110 5050 "
2133 5020 2302 5088 Abest
2329 5017 2492 5088 κενῆς
2519 5017 2587 5070 ab
2617 5016 2689 5088 a_l.
2765 5015 2812 5047 ⁸³
2843 5013 2930 5070 Al.
2957 5012 3288 5086 ύπερόαλού.
3366 5013 3411 5046 ⁸⁸
3443 5013 3529 5068 Al.

256 5085 547 5174 πλησμονῇ
595 5093 832 5165 τροφῶν.
910 5096 955 5125 ⁸⁸
987 5095 1072 5149 Al.
1097 5085 1488 5162 ὑπομένουσιν.
1566 5092 1612 5122 ⁸⁸
1646 5091 1810 5146 Hebr.

1985 5089 2076 5145 29.
2155 5089 2197 5120 "’
2230 5087 2391 5144 Prov.
2424 5085 2592 5152 x'xvu,
2633 5085 2688 5141 7.

327 5303 441 5376 (82)
490 5299 1082 5376 T-hr__djt-apcvz¢ijr.
1129 5301 1312 5376 Qodex
1360 5299 1547 5376 regius
1596 5299 1836 5376 habebat

258 5371 584 5452 ὀψαρτικήν.
602 5371 953 5452 C_olb«_e'rtinu_s
978 5389 1108 5452 vero
1119 5371 1445 5452 δψυρτικήνζ
1461 5371 1628 5452 Recte
1647 5371 1837 5452 insilio

263 5435 501 5516 t‘iabert.
517 5435 616 5516 'et_
641 5445 696 5516 iu
743 5435 857 5496 Vita
897 5435 1245 5516 Syncletica’,
1269 5435 1674 5516 ὀψαρτυτικήν.
1697 5441 1838 5516 Alibi

263 5515 508 5584 ὀψάριον.
564 5514 750 5583 pisi-ir,
803 5511 1112 5582 pisciculus.
1161 5511 1396 5570 Scilicet
1421 5513 1477 5568 in
1516 5511 1843 5584 condiendis

269 5583 508 5656 piscibus
546 5585 814 5654 praecipue
851 5585 1028 5656 elucet
1062 5600 1364 5656 coquorum
1413 5599 1522 5656 ars.
1557 5583 1844 5656 Quoallu-

263 5653 380 5709 sum
412 5669 440 5706 a
459 5653 857 5708 Commodiano
878 5653 1251 5725 instructione
1269 5657 1322 5719 7,
1350 5670 1444 5725 per
1475 5655 1621 5709 hunc
1647 5655 1847 5709 obscu-

263 5738 380 5778 rum
420 5725 758 5779 versiculum
782 5726 850 5780 de
883 5724 1124 5781 Zodiaco
1156 5743 1171 5778 :

337 5839 403 5896 Et
426 5841 649 5915 denique
688 5840 884 5897 vadunt
911 5843 960 5898 iu
997 5842 1270 5912 piscibus;
1301 5857 1482 5912 coque,
1523 5840 1790 5910 probabis.

2016 5297 2130 5370 (85)
2171 5297 2476 5370 Εὑπορίαν
2509 5295 2647 5370 τῶν
2683 5295 2936 5370 apag-(31:.
2995 5293 3054 5350 In
3094 5293 3320 5348 Patrum
3362 5293 3481 5351 uitis
3511 5311 3534 5353 .-

1945 5367 2333 5426 abundantiam
2363 5367 2703 5434 deliciarum,
2733 5367 2976 5437 τρυφῶν.

2043 5441 2131 5513 8i)
2180 5440 2285 5513 Vit.
2308 5439 2464 5513 Patr.
2503 5454 2587 5504 Ill,
2619 5438 2714 5513 l6;
2748 5435 3366 5513 _Sup._Vit._Syncl.,tt.
3397 5435 3485 5492 60.

2045 5505 2136 5574 85)
2187 5511 2291 5564 Vit.
2324 5510 2476 5564 Patr.
2507 5526 2582 5572 Iv,
2605 5509 2702 5570 M;
2748 5505 2852 5562 Vit.
2893 5505 3150 5578 Syncleti,
3190 5525 3242 5560 ιι.
3264 5505 3355 5560 24.

2025 5579 2138 5651 (86)
2186 5581 2294 5637 Vit.
2331 5581 2484 5651 Patr.
2518 5597 2592 5644 Iv,
2628 5579 2735 5642 ης
2775 5580 2882 5651 Vit.
2929 5594 3052 5651 cap.
3096 5583 3186 5635 80.

2027 5649 2141 5721 (87)
2193 5653 2300 5706 Vit.
2333 5650 2486 5721 Patr.
2525 5667 2597 5711 Iv,
2636 5651 2736 5714 45;
2788 5649 2890 5704 l'it.
2921 5649 3008 5703 95.

2028 5724 2140 5787 (88)
2196 5721 2300 5776 Vit.
2340 5720 2493 5774 Patr.
2529 5735 2606 5782 VI,
2639 5721 2725 5773 15.

2027 5794 2139 5864 (89)
2192 5791 2298 5864 Vit.
2340 5791 2492 5864 Patr.
2532 5807 2625 5855 vn,
2655 5793 2748 5858 15;
2807 5790 2904 5848 l'it.
2943 5793 3043 5859 9i;
3072 5789 3340 5847 Scholium
3373 5790 3442 5847 73
3468 5792 3537 5844 ad

1959 5861 2128 5920 ama;
2157 5865 2188 5920 i
2221 5861 2375 5918 Joan.
2409 5863 2636 5918 Climac.
