4032 6338
493 378 599 434 423
1619 366 1842 425 ΑΡΡΕΝ
1852 368 1964 425 υΙΧ
2006 369 2074 426 AI

2175 370 2563 428 ’ALLADIUM.
3638 377 3739 430 ἃῖί

498 486 954 561 quemadmodum
999 488 1116 543 avis
1149 489 1218 544 ab
1257 488 1377 543 ovis
1411 486 1751 557 demigrans,
1791 500 1857 541 ea
1903 484 2068 541 allicit

2175 486 2382 556 Ὠσπερ
2422 484 2531 554 γὰρ
2575 482 2745 555 ὅρνις,
2796 482 3187 551 ὲξανισταμένη
3243 482 3349 534 τῶν
3378 481 3535 545 ὠῶν,
3584 485 3745 553 οὔρια

498 582 658 636 urina
688 587 743 634 et
772 578 1066 634 infecunda
1103 597 1119 635 :
1149 581 1222 634 ita
1246 580 1415 634 etiam
1452 578 1759 633 monachus
1800 577 1886 633 vel
1915 579 2069 648 virgo

2175 579 2336 633 ταῦτα
2370 578 2465 632 καὶ
2490 576 2658 646 ἄγονα
2690 575 3103 646 παρασκευάζει
3122 590 3135 604 ν
3173 573 3345 638 οὕτως
3374 574 3468 627 καὶ
3512 578 3746 647 μοναχὸς

498 671 696 741 frigent
726 686 791 726 ac
832 672 1194 726 mortiﬁcatur
1224 673 1279 726 in
1322 670 1448 737 title,
1494 671 1720 742 quando
1763 669 1987 726 deloco
2012 669 2068 724 in

498 765 679 819 locum
707 774 957 833 vagatur.

573 853 622 907 7.
655 853 770 924 (90)
798 852 1001 908 lterum
1027 852 1165 908 dixit
1190 871 1205 909 :
1235 852 1419 909 Multa:
1447 862 1578 910 s‘unt
1601 854 1806 910 diaboli
1833 855 2065 911 insidiae.

506 944 608 998 Per
653 952 1027 1014 paupertatem
1075 959 1185 999 non
1243 944 1471 999 dimovit
1522 945 1805 1000 animam?
1845 946 2069 1001 divitias

502 1048 686 1089 escam
722 1032 961 1087 adhibet.
997 1031 1100 1088 Per
1136 1034 1497 1089 contumelias
1526 1028 1921 1105 et‘opprobria
1957 1049 2068 1090 non

500 1125 822 1197 praevaluit?
843 1124 1033 1179 laudes
1053 1125 1349 1195 etgloriam
1368 1127 1641 1197 proponit.
1663 1125 1764 1181 Per
1775 1126 2069 1181 sanitatem

501 1217 775 1280 devictus,
809 1229 1014 1285 corpus
1046 1214 1356 1270 morbidum
1385 1215 1584 1270 reddit.
1611 1215 1747 1270 Cum
1778 1215 1928 1291 enim
1955 1228 2069 1269 non

500 1307 739 1378 potuerit
772 1306 1148 1376 voluptatibus
1175 1305 1450 1374 decipere,
1478 1321 1546 1362 ex
1573 1305 1961 1362 involuntariis
1991 1305 2070 1359 la-

499 1399 729 1455 boribus
793 1398 1213 1453 subversionem
1263 1396 1477 1453 elIicere
1525 1404 1781 1452 conatur.
1843 1394 2070 1452 Scilicet

499 1490 723 1543 morbos
755 1470 1115 1559 gravissimos
1145 1489 1510 1559 permissione
1536 1497 1759 1558 accepta
1792 1487 2069 1554 admovet,

501 1585 562 1632 ut
595 1579 879 1632 hominum
905 1594 1002 1649 per
1028 1593 1123 1634 eos
1147 1579 1214 1633 ad
1236 1578 1498 1649 pusillum
1535 1577 1779 1632 animum
1807 1583 1864 1632 et
1894 1577 2070 1647 negli-

499 1672 733 1742 gentiam
768 1670 1124 1726 adductorum
1160 1670 1482 1725 charitatem
1513 1668 1569 1723 in
1586 1667 1754 1723 Deum
1787 1668 1964 1723 valeat
1989 1668 2073 1723 in-

500 1762 738 1818 fuscare.
772 1763 852 1817 Ad
881 1763 998 1818 bmc
1033 1761 1346 1817 conciditur
1374 1776 1576 1831 corpus
1606 1757 1964 1815 validissimis
1995 1758 2072 1813 fe-

2167 672 2200 741 ἢ
2256 668 2523 741 παρθένος
2568 667 2804 739 ψύγεται
2852 668 2946 720 καὶ
2996 665 3283 737 νεκροῦται
3336 665 3434 737 τῆς
3473 665 3744 733 πίστεως,

2165 763 2333 815 τόπον
2358 763 2424 815 ὲκ
2447 761 2616 814 τόπου
2642 759 3085 832 περιερχόμενος.

2239 852 2304 918 ζ’.
2348 848 2483 906 Eii-ce
2537 851 2733 905 πάλινο
2774 848 2954 906 Πολλὰ
2993 848 3088 903 τοῦ
3116 848 3364 903 διαϐόλου
3413 848 3481 902 τὰ
3533 848 3744 921 ἕνεδρα.

2168 945 2268 999 Διὰ
2295 943 2486 1007 πενίας
2524 943 2584 996 οὐ
2623 941 2943 1013 μετεκίνησε
2972 941 3181 1013 ψυχήν;
3215 939 3444 995 πλοῦτον
3479 942 3749 1013 προσάγει

2169 1038 2381 1109 δέλεαρ.
2419 1037 2498 1089 Δι’
2542 1035 2753 1105 ὕϐρεων
2808 1036 2904 1088 καὶ
2952 1034 3273 1106 ὀνειδισμῶν
3329 1034 3429 1087 οὐκ
3490 1036 3748 1105 ίσχυσεν;

2170 1129 2430 1191 ἐπαίνους
2472 1126 2567 1181 καὶ
2601 1126 2759 1190 δόξαν
2801 1125 3185 1197 προϐάλλεται.
3210 1124 3256 1157 ⁷³
3298 1125 3396 1178 Διὰ
3428 1127 3527 1195 τῆς
3558 1127 3751 1194 ὑγείας

2169 1218 2446 1291 ἡττηθεὶς,
2475 1219 2747 1271 νοσοποιεϊ
2772 1216 2833 1269 τὸ
2862 1215 3023 1285 σῶμα
3053 1215 3186 1286 (95).
3234 1217 3367 1279 Ταῖς
3397 1216 3505 1288 γὰρ
3535 1217 3751 1286 ἡδοναῖς

2175 1309 2249 1381 μὴ
2278 1308 2527 1380 δυνηθεὶς
2561 1308 2859 1378 ἀπατῆσαι,
2884 1305 2973 1359 διὰ
3004 1303 3113 1359 τῶν
3139 1305 3410 1359 ἀκουσίων
3439 1308 3614 1361 πόνων
3647 1310 3752 1379 τὴν

2172 1399 2534 1473 παρατροπὴν
2587 1399 2813 1470 ποιῆσαι
2868 1399 3146 1469 πειρᾶται.
3183 1396 3391 1460 Νόσους
3431 1398 3540 1468 γάρ
3596 1416 3753 1461 τινας

2175 1493 2484 1564 βαρυτάτας
2522 1491 2582 1557 ἐξ
2610 1493 2901 1562 αἰτήσεως,
2930 1489 3067 1560 πρὸς
3097 1489 3157 1543 τὸ
3185 1488 3273 1542 διὰ
3315 1488 3520 1542 τούτων
3552 1491 3752 1558 ὀλιγω-

2177 1585 2446 1656 ρήσαντας
2473 1581 2803 1636 ὲπιθολῶσαι
2830 1580 3008 1634 αὐτῶν
3047 1580 3147 1650 τὴν
3178 1580 3315 1650 πρὸς
3344 1579 3477 1632 Θεὸν
3506 1581 3749 1651 ἀγάπην,

2173 1676 2463 1748 προσάγει.
2499 1673 2661 1727 Ἀλλὰ
2689 1673 2784 1727 καὶ
2807 1672 3208 1741 κατατέμνεται
3233 1671 3293 1724 τὸ
3317 1671 3475 1742 σῶμα
3498 1675 3754 1742 πυρετοῖς

2176 1769 2591 1841 σφοδροτάταις,
2649 1767 2743 1821 καὶ
2794 1765 2937 1836 δίψει
2982 1764 3196 1835 ἀσχέτῳ
3247 1765 3484 1818 ἀνιᾶται.
3533 1766 3596 1818 Ei
3650 1765 3753 1835 μὲν

498 1855 709 1920 bribus,
742 1871 955 1910 necnon
990 1853 1323 1909 intolerabili
1367 1852 1457 1907 siti
1502 1851 1806 1906 cruciatur.
1850 1847 1907 1904 Si
1939 1865 2070 1921 pec-

2177 1838 2499 1933 άμαρτωλὸς
2531 1860 2606 1914 ὢν
2645 1858 2817 1914 ταῦτα
2866 1857 3181 1928 ὑφίστασαι,
3235 1858 3613 1928 ὑπομνήσθητι
3657 1859 3755 1911 καὶ

499 1948 608 2003 cati
632 1948 851 2018 quidem
881 1963 1007 2002 reus
1038 1946 1152 2001 haec
1186 1946 1412 2016 pateris,
1445 1943 1739 1999 recordare
1762 1942 2070 1997 futurarum

499 2050 807 2105 poenarum,
842 2035 1029 2090 aeterni
1064 2034 1227 2104 ignis,
1258 2031 1605 2103 judicialium
1651 2028 2069 2100 suppliciorum,

500 2145 601 2182 nec
632 2128 873 2181 animum
911 2127 980 2181 ad
1012 2126 1302 2195 prtescntia
1340 2123 1555 2178 remitte
1582 2137 1646 2176 ac
1677 2121 1924 2177 demitte.
1958 2120 2072 2176 La:-

501 2224 639 2281 tare,
688 2215 836 2287 quod
883 2216 1189 2271 visitaverit
1224 2222 1278 2268 te
1315 2211 1494 2278 Deus,
1528 2212 1785 2283 piquue
1819 2210 1954 2265 illud
1987 2210 2071 2265 di-

498 2318 649 2362 «tum
681 2309 740 2362 in
770 2323 864 2363 ore
906 2308 1046 2362 habe
1080 2326 1094 2362 :
1138 2305 1421 2376 Castigans
1459 2304 1738 2374 castigavit
1774 2319 1854 2358 me
1885 2301 2073 2356 Domi-

501 2418 620 2469 nus,
648 2411 697 2455 et
729 2400 888 2453 morti
919 2416 1023 2453 non
1050 2396 1273 2451 tradidit
1318 2413 1398 2451 me
1424 2395 1491 2449 ⁸⁸.
1528 2394 1755 2450 Ferrum
1785 2410 1943 2460 eras;
1976 2395 2071 2449 sed

470 2497 598 2563 'per
644 2495 819 2564 ignem
868 2492 1118 2563 abjccisti
1150 2490 1507 2561 ferruginem.
1545 2487 1702 2555 Quod
1761 2487 1807 2544 si
1852 2487 2073 2558 justitia

499 2596 749 2649 ornatus,
790 2586 845 2638 in
878 2585 1126 2639 morbum
1158 2566 1433 2647 incidisti,
1473 2596 1502 2635 a
1527 2580 1740 2650 magnis
1776 2580 1842 2635 ad
1861 2579 2071 2650 majora

500 2675 864 2744 progredcris.
912 2674 1117 2727 Aurum
1159 2673 1257 2728 es?
1302 2680 1357 2726 at
1406 2686 1503 2740 per
1564 2670 1741 2741 ignem
1790 2669 2073 2740 probatior

499 2766 706 2820 evadis.
752 2764 918 2819 Datus
964 2774 1048 2819 cst
1087 2764 1314 2833 angelus
1363 2761 1514 2816 carni
1553 2762 1771 2816 tuae“?
1818 2763 2069 2825 exsulta;

501 2859 685 2927 aspice
709 2856 800 2910 cui
841 2856 1035 2911 similis
1072 2855 1249 2909 factus
1282 2853 1454 2909 fueris
1488 2873 1503 2908 :
1537 2853 1736 2923 dignus
1761 2854 1984 2908 habitus
2013 2868 2072 2908 es

499 2948 653 3004 Pauli
676 2956 848 3019 parte.
868 2946 1041 3003 Febre
1054 2946 1315 3016 ,probaris
1332 2946 1354 2999 ?
1374 2945 1551 3016 rigore
1569 2945 1849 3000 crudiris?
1874 2944 2086 3003 Verum.

503 3040 787 3110 Scriptura
820 3041 896 3092 ait
927 3058 940 3092 :
974 3039 1338 3092 Trausivimus
1365 3052 1457 3105 per
1493 3036 1663 3106 ignem
1688 3047 1737 3090 et
1773 3052 1990 3105 aquam,
2023 3043 2073 3088 et

500 3130 736 3183 cduxisti
762 3145 857 3182 nos
887 3130 937 3181 in
973 3127 1306 3198 refrigerium
1336 3125 1407 3178 7°.
1444 3123 1688 3179 Primum
1711 3125 1941 3180 sortitus
1976 3124 2075 3180 cs?

500 3227 760 3289 exspecta
803 3218 1128 3273 secundum.
1174 3216 1253 3271 Ex
1296 3217 1501 3271 virtute
1548 3225 1829 3287 operatus,
1877 3230 2073 3286 magna
2101 3188 2145 3246 θ

499 3325 635 3364 voce
666 3309 850 3379 profer
888 3308 1063 3363 sancti
1098 3308 1283 3362 verba.
1318 3305 1409 3359 Ait
1432 3306 1575 3361 enim
1603 3324 1617 3359 :
1656 3305 1872 3375 Pauper
1904 3316 1953 3359 et
1980 3306 2077 3360 do—

500 3403 611 3454 lens
650 3416 767 3454 sum
806 3400 982 3469 ego“.
1013 3397 1299 3453 Perfectus
1330 3398 1426 3453 lies
1452 3412 1550 3467 per
1577 3397 1680 3453 hoc
1706 3412 2076 3452 aerumnarum

503 3506 621 3561 par.
641 3488 777 3543 Nam
799 3490 934 3543 dicit
959 3507 972 3544 :
999 3488 1067 3542 In
1088 3487 1432 3542 tribulatione
1459 3488 1707 3540 dilatasti
1728 3486 1886 3540 me".
1908 3484 2078 3557 Igitur

504 3584 658 3637 hisce
705 3581 890 3651 potius
929 3580 1210 3637 exercitiis
1244 3580 1441 3635 animae
1468 3589 1669 3635 nostra:
1703 3579 2077 3636 instruantur.

501 3672 953 3742 Quandoquidem
989 3687 1099 3742 prae
1141 3671 1316 3726 oculis
1359 3671 1624 3727 habemus
1673 3671 2071 3728 adversarium.

500 3943 638 3996 lesta
688 3940 846 3995 nobis
894 3939 1081 4003 fuerit,
1121 3954 1190 3993 ne
1236 3939 1649 4004 contristentur,
1682 3939 1830 4010 quod
1850 3950 2079 4011 pr0pter

501 4033 753 4087 morbum
784 4043 837 4086 et
889 4031 1140 4103 corporis
1185 4030 1400 4100 plagam
1449 4045 1559 4084 non
1604 4032 1884 4100 possimus
1939 4047 2076 4088 voce

502 4125 756 4194 psallere.
801 4123 925 4178 lizec
974 4123 1121 4180 enim
1156 4121 1341 4175 omnia
1394 4120 1554 4175 nobis
1585 4120 1966 4191 expediebant,
2011 4124 2079 4178 ad

501 4215 865 4282 cupiditatum
891 4214 1349 4268 destructionem.
1382 4210 1604 4267 Scilicet
1619 4211 1890 4283 jejunium
1914 4223 2080 4285 atque

502 4305 654 4357 humi
690 4305 934 4369 cubatio,
980 4305 1050 4358 ob
1088 4305 1401 4372 voluptates
1449 4305 1611 4360 nobis
1658 4307 2074 4377 prtecipiuntur.

502 4392 732 4458 Quoties
766 4407 897 4462 ergo
928 4393 1155 4447 morbus
1182 4394 1283 4447 has
1310 4395 1599 4459 retuderit,
1643 4397 1918 4465 superﬂua
1951 4398 2077 4452 illo-

504 4498 626 4537 rum
658 4483 817 4538 ratio.
860 4481 987 4537 Haec
1031 4482 1237 4552 quippe
1272 4497 1470 4552 magna
1506 4493 1592 4539 est
1636 4486 1981 4555 exercitatio,
2020 4490 2076 4543 in

503 4575 717 4630 morbis
745 4568 1021 4645 patienter
1052 4574 1219 4641 ferre,
1252 4582 1306 4629 et
1339 4575 1641 4645 gratiarum
1669 4576 1906 4633 actionis
1924 4580 2080 4651 hym-

503 4680 607 4722 nos
639 4667 892 4722 emittere
925 4666 995 4720 ad
1023 4662 1217 4720 Deum.

570 4760 625 4816 9.
668 4760 782 4831 (92)
837 4759 1035 4815 lterum
1083 4757 1298 4813 elocuta
1329 4765 1413 4812 est
1457 4774 1472 4809 :
1515 4753 1573 4810 In
1623 4756 1956 4827 jejunando,
2006 4776 2076 4818 ne

503 4861 772 4922 praztexas
801 4852 1074 4908 morbum.
1108 4848 1213 4916 Qui
1244 4849 1391 4904 enim
1420 4863 1531 4905 non
1552 4848 1827 4920 jejunant,
1848 4852 1902 4906 in
1943 4868 2072 4910 eas-

503 4942 627 4997 dem
651 4958 796 5013 saepe
818 4941 1072 4998 incidunt
1094 4939 1497 5010 aegrotationes.
1516 4938 1726 4997 Bonum
1752 4942 2068 4999 inchoasti?

576 5103 623 5135 ⁵⁸
648 5102 794 5160 Psal.
836 5116 1005 5169 cxvu,
1031 5105 1127 5177 i8.
1222 5105 1267 5138 ”
1296 5104 1341 5163 ll
1360 5108 1485 5166 Cor.
1522 5126 1616 5177 xu,
1657 5111 1711 5165 7.

503 5174 609 5231 hoc
634 5188 846 5231 comma
883 5176 1246 5253 postponitur.

575 5343 688 5415 (90)
726 5344 833 5415 fit.
866 5347 1021 5402 Patr.
1052 5364 1148 5415 vti,
1191 5350 1278 5404 16.
1316 5348 1417 5404 γει.
1457 5352 1543 5406 98.

599 5413 689 5487 9i)
722 5413 829 5487 Yit.
863 5417 1015 5487 Patr.
1040 5413 1141 5484 νυ,
1172 5421 1271 5487 Πς
1308 5419 1441 5476 Vita:
1469 5422 1558 5476 99.

601 5484 691 5624 92;
726 5483 829 5540 Vit.
867 5486 1019 5543 Patr.
1060 5483 1283 5559 “1,187;
1322 5489 1427 5545 Vit.
1457 5490 1581 5545 102.

601 5553 666 5609 95
724 5558 827 5611 Διὰ
865 5557 975 5624 τῆς
1028 5561 1233 5624 ὑγείας
1282 5561 1581 5624 ἡττηθείς,

561 5553 686 5634 ~(95)
724 5557 975 5634 Aldfﬁc
1028 5561 1233 5629 ὑγείας
1267 5553 1592 5634 ἢτεῃθείς,
1648 5565 1958 5634 νοσοπριεῖ
2002 5568 2069 5618 τὸ

504 5624 694 5706 σῶμα..
724 5624 892 5706 Valde
920 5624 1235 5706 imperfecta
1267 5624 1352 5685 est
1376 5624 1585 5706 Pelagii
1604 5632 1938 5706 versio._Siu
1971 5651 2067 5706 aug

504 5704 630 5775 tem,
671 5699 869 5775 inquit,
909 5699 1205 5753 satietatem
1248 5703 1482 5775 corporis
1511 5699 1780 5775 immittit.
1818 5703 2068 5775 Suppleri

506 5772 685 5840 potest
717 5781 730 5818 :
761 5767 855 5823 Sin
892 5781 1063 5824 autem
1081 5784 1172 5838 per
1198 5772 1477 5826 sanitatem
1500 5775 1672 5831 uirtus
1695 5774 1878 5845 fuerit,
1898 5767 2054 5829 ’ἦτοι-ι

2171 1956 2274 2025 τῆς
2295 1953 2592 2025 μελλούσης
2620 1952 2916 2017 κολάσεως,
2942 1952 3037 2006 καὶ
3064 1950 3159 2004 τοῦ
3185 1949 3404 2004 αἰωνίου
3435 1951 3628 2022 πυρὸς.
3656 1954 3755 2004 καὶ

2172 2046 2280 2101 τῶν
2300 2045 2630 2100 δικαστικῶν
2644 2043 2944 2116 τιμωριῶν,
2968 2043 3060 2096 καὶ
3082 2045 3143 2096 οὐ
3168 2043 3240 2114 μὴ
3256 2043 3593 2115 ὀλιγωρήσῃς
3618 2044 3755 2112 πρὸς

2171 2136 2240 2191 τὰ
2271 2136 2536 2209 παρόντα.
2563 2138 2736 2207 Χαῖρε
2767 2137 2851 2190 ὅτι
2875 2135 3222 2205 ὲπεσκότιησέ
3251 2152 3310 2188 σε
3338 2138 3367 2189 ὁ
3386 2135 3546 2199 Θεός⁹
3574 2136 3667 2190 καὶ
3695 2135 3758 2188 τδ

2174 2227 2421 2298 εὔφημον
2449 2227 2506 2280 δὲ
2550 2230 2725 2281 ἐκεῖνο
2774 2227 2938 2297 ῥητὸν
2985 2227 3078 2279 ἐπὶ
3105 2227 3204 2297 τῆς
3250 2225 3495 2299 γλώττης
3535 2226 3645 2297 ἔχε,
3679 2227 3756 2290 ὡς

2173 2319 2481 2375 Παιδεὺων
2512 2317 2836 2373 ἑπαίδευσέ
2853 2334 2930 2387 με
2968 2320 3000 2370 ό
3020 2319 3258 2385 Κύριος,
3291 2316 3387 2370 καὶ
3414 2315 3493 2382 τῷ
3524 2315 3760 2383 θανάτῳ

2174 2412 2246 2466 οὺ
2280 2409 2585 2479 παρέδωκέ
2620 2428 2718 2481 με.
2749 2410 2976 2481 Σίδηρος
3006 2410 3300 2481 ἐτύγχανες
3322 2426 3334 2439 ’
3363 2408 3500 2463 ἀλλὰ
3542 2408 3629 2461 διὰ
3655 2409 3756 2462 τοῦ

2175 2502 2347 2574 πυρὸς
2395 2503 2485 2556 τὸν
2543 2502 2619 2555 ἰὸν
2677 2501 3027 2565 άποϐάλλεις.
3062 2502 3125 2555 Εἰ
3173 2501 3229 2555 δὲ
3285 2501 3378 2555 καὶ
3423 2500 3629 2563 δίκαιος
3678 2498 3756 2552 ὢν

2174 2595 2497 2666 ἁῤῥωστεῖς,
2532 2596 2637 2649 ἀπδ
2679 2594 2786 2649 τῶν
2824 2594 3075 2665 μεγάλων
3122 2595 3219 2647 ἐπὶ
3245 2592 3313 2646 τὰ
3359 2592 3580 2662 μείζονα
3621 2608 3758 2661 προ-

2175 2687 2419 2749 κόπτεις.
2452 2687 2665 2759 Χρυσὸς
2692 2682 2769 2752 si;
2800 2684 2939 2740 ἀλλὰ
2966 2685 3053 2740 διὰ
3081 2684 3175 2738 τοῦ
3197 2685 3368 2755 πυρὸς
3391 2682 3759 2753 δοκιμώτερος

2176 2780 2322 2851 γίνῃ.
2367 2778 2551 2849 Ἐδόθη
2588 2796 2669 2833 σοι
2692 2779 2921 2848 ἄγγελος
2948 2781 3012 2848 τῇ
3049 2776 3213 2849 σαρκί
3239 2793 3253 2840 ;
3288 2774 3560 2843 ἀγαλλιῶε
3593 2774 3761 2843 βλέπε

2173 2871 2280 2924 τίνι
2310 2871 2493 2940 ὅμοιος
2519 2871 2750 2939 γέγονας
2769 2887 2783 2901 ο
2819 2871 2917 2941 τῆς
2941 2869 3049 2943 γὰρ
3090 2867 3306 2921 Παύλου
3350 2867 3563 2938 μερίδος
3593 2865 3763 2935 ἠξιώ-

2178 2960 2299 3033 θης.
2330 2961 2431 3016 Διὰ
2458 2963 2552 3015 τοῦ
2579 2961 2814 3033 πυρετοῦ
2839 2959 3138 3034 δοκιμάζῃ;
3160 2959 3249 3013 διὰ
3281 2958 3466 3028 ῥίγους
3494 2956 3762 3028 παιδεύῃ;

2178 3053 2313 3107 ἀλλά
2348 3071 2513 3124 φησιν
2562 3055 2594 3124 ἡ
2638 3054 2863 3125 Γραφίγ
2923 3053 3251 3121 Διήλθομεν
3283 3050 3380 3104 διὰ
3428 3049 3615 3116 πηρός
3657 3049 3763 3102 καὶ

2176 3144 2414 3208 ὕδατος,
2450 3144 2548 3197 καί
2591 3143 2883 3213 ἐξήγαγες
2912 3142 3070 3211 ἡμᾶς
3103 3145 3190 3208 είς
3218 3140 3564 3208 ἀναῖῖηνχήν.
3596 3138 3766 3191 Ἔτυ-

2178 3253 2271 3307 χες
2308 3235 2408 3289 τοῦ
2464 3235 2722 3309 πρώτου;
2768 3234 3042 3306 προσδόκα
3074 3234 3134 3288 τὸ
3180 3234 3451 3305 δεύτερον.
3497 3231 3768 3302 Πράττων

2177 3327 2276 3399 τὴν
2305 3327 2527 3399 ἀρετὴν,
2560 3327 2659 3398 βόα
2698 3327 2768 3380 τὰ
2822 3326 2915 3380 τοῦ
2964 3326 3117 3396 ἁγίου
3150 3327 3401 3399 ρἡατω
3433 3325 3566 3395 ιρησ)⁸
3613 3323 3726 3394 γάρ
3748 3339 3763 3355 ·

2178 3419 2420 3488 Πτωχὸς
2470 3419 2567 3472 καί
2602 3417 2804 3488 ἀλγῶν
2839 3420 2955 3488 εἰμι
2992 3416 3126 3487 ἐγώ.
3171 3417 3387 3480 Τέλειος
3418 3416 3622 3486 γενήσῃ
3670 3414 3769 3469 διὰ

2178 3509 2384 3579 ταύτης
2429 3509 2537 3562 τῶν
2577 3509 2809 3579 θλίψεων
2855 3511 2954 3581 τῆς
3004 3508 3225 3572 δυάδος·
3282 3508 3418 3579 φησὶ
3462 3508 3603 3577 γάρ’
3663 3508 3769 3560 Ἐν

2179 3602 2381 3669 θλίψει
2430 3601 2777 3668 ἑπλὰτυνάς
2831 3620 2928 3671 με.
2986 3603 3073 3655 Ἐν
3131 3601 3342 3664 τούτοις
3390 3600 3590 3670 μᾶλλον
3650 3602 3768 3661 τοῖς

2178 3690 2501 3760 γυμνασίοις
2549 3690 2648 3755 τὰς
2694 3690 2872 3762 ψυχὰς
2920 3690 3279 3762 ὀισκηθῶμεν⁹
3337 3690 3424 3743 ἐπ’
3468 3688 3768 3759 ὀφθαλμῶν

572 3849 625 3903 8.
684 3847 796 3919 (9|)
846 3847 993 3902 Dixit
1042 3860 1311 3902 rursum:
1358 3845 1590 3913 Quando
1630 3847 1921 3905 inﬁrmitas
1960 3865 2074 3906 mo-

2180 3781 2287 3852 γὰρ
2316 3782 2533 3853 ὁρῶμεν
2563 3783 2653 3835 τὸν
2686 3783 3003 3839 ἀντίπαλον.

2249 3872 2319 3919 n'-
2355 3867 2489 3919 Εἷπε
2517 3873 2710 3919 πάλιν·
2750 3873 2875 3919 Ἐὰν
2914 3874 3003 3919 ἀπ(

2249 3872 2320 3943 η’.
2354 3867 2489 3925 Eine
2517 3873 2710 3927 πάλιν·
2750 3873 2875 3928 Ἐὰν
2914 3874 3167 3928 ἀσθένεια
3197 3872 3326 3944 ὀχλῇ
3367 3874 3519 3942 ἡμῖν,
3564 3870 3638 3941 μὴ
3662 3870 3768 3923 λυ-

2182 3962 2464 4034 πηθῶμεν,
2488 3963 2563 4027 ὡς
2591 3964 2679 4018 διὰ
2714 3964 2811 4035 τὴν
2836 3965 3118 4019 ἀσθένειαν
3157 3965 3251 4018 καὶ
3292 3964 3391 4034 τὴν
3424 3962 3636 4032 πληγὴν
3665 3962 3769 4014 τοῦ

2184 4052 2438 4124 σώματος
2468 4052 2545 4125 μὴ
2569 4054 2859 4125 δυνάμενοι
2892 4054 3118 4124 ψάλλειν
3166 4053 3304 4125 μετὰ
3336 4054 3518 4124 φωνῆς
3538 4068 3550 4080 ·
3584 4051 3772 4108 ταῦτα

2181 4144 2289 4217 γὰρ
2316 4146 2494 4200 πάντα
2526 4149 2659 4218 ἡμῖν
2685 4146 2901 4217 ἠνύετο,
2929 4147 3064 4218 πρὸς
3092 4144 3411 4216 καθαίρεσιν
3436 4143 3763 4212 ἐπιθυμιῶν.

2178 4238 2292 4291 Καὶ
2316 4238 2424 4310 γὰρ
2450 4240 2484 4309 ὴ
2513 4239 2738 4310 νηστεία
2774 4241 2868 4293 καὶ
2905 4242 2938 4311 ἡ
2989 4236 3260 4309 χαμευνία
3284 4236 3371 4290 διὰ
3422 4234 3521 4298 τὰς
3567 4234 3767 4305 ἡδονὰς

2181 4329 2315 4400 ἡμῖν
2341 4330 2782 4402 νενομοθέτηται.
2813 4332 2878 4385 El
2906 4327 2999 4385 οὖν
3029 4331 3063 4401 ἡ
3084 4329 3239 4391 νόσος
3260 4329 3463 4391 ταύτας
3494 4325 3764 4398 ἤμϐλυνε,

2182 4420 2437 4489 περιττὸς
2465 4422 2495 4473 ὁ
2512 4420 2688 4488 λόγος.
2714 4420 2863 4491 Αὕτη
2888 4423 2996 4493 γάρ
3029 4422 3176 4475 ἐστιν
3204 4423 3237 4492 ἠ
3271 4419 3482 4490 μεγάλη
3506 4420 3762 4486 ἄσκησις.

2109 4520 2153 4577 D
2180 4504 2240 4556 τὸ
2272 4505 2332 4558 ἐν
2382 4508 2492 4571 τοῖς
2527 4506 2704 4571 νόσοις
2748 4509 3134 4581 ἐγκαρτερεῖν,
3167 4509 3262 4567 καὶ
3313 4504 3766 4579 εὐχαριστηρίους

2182 4593 2385 4666 ὕμνους
2413 4595 2763 4668 ἀναπέμπειν
2792 4597 2871 4671 τῷ
2897 4599 3037 4671 Θεῷ.

2253 4768 2321 4824 θ’.
2373 4764 2510 4823 Είπε
2545 4754 2723 4826 πάλιν
2765 4772 2879 4844 (94)
2906 4789 2923 4807 ·
2978 4773 3275 4847 Νηστεύων
3315 4772 3391 4844 μὴ
3448 4771 3763 4843 προφασίσῃ

2180 4859 2363 4914 νόσονο
2393 4863 2489 4917 καὶ
2516 4862 2627 4936 γὰρ
2648 4864 2699 4917 ol
2741 4865 2817 4936 μὴ
2844 4866 3198 4937 νηστεύοντες
3226 4867 3337 4929 τοῖς
3361 4865 3542 4927 αὐτοῖς
3564 4862 3767 4918 πολλά-

2178 4968 2267 5015 κις
2299 4954 2626 5027 περιέπεσον
2677 4957 3002 5029 νοσήμασιν.
3056 4956 3246 5029 Ἥρξω
3293 4956 3389 5011 τοῦ
3442 4954 3644 5021 καλοῦ;
3683 4953 3765 5026 μὴ

1810 5113 1855 5143 ⁷ο
1881 5110 2027 5168 Psal.
2063 5127 2074 5168 ι

2175 5153 2190 5171 .
2225 5112 2309 5169 12.
2389 5119 2431 5150 ⁷¹
2464 5117 2608 5176 Psal.
2639 5136 2829 5188 vam,
2864 5122 2953 5178 50.
3032 5124 3076 5154 ⁷³
3117 5122 3259 5176 Psal.
3284 5137 3359 5189 iv,
3389 5122 3445 5176 2.
3520 5119 3568 5151 "
3593 5117 3649 5174 lu
3682 5116 3759 5175 al.
3860 5164 3880 5173 -

2177 5356 2270 5412 bos
2294 5357 2531 5426 corporis
2560 5357 2816 5411 immittit.
2844 5357 2943 5413 Ms.
2970 5358 3131 5413 Corb.
3154 5377 3167 5413 :
3190 5358 3250 5412 Si
3270 5374 3360 5427 per
3389 5360 3616 5414 salutem
3642 5374 3765 5413 con.

2178 5429 2324 5501 poris
2350 5427 2597 5501 vincitur,
2621 5428 2984 5498 a'gritudinem
3005 5429 3184 5483 mittit.
3213 5429 3530 5485 Suession.:
3546 5431 3638 5484 Sin
3662 5445 3767 5482 au-

2178 5497 2393 5572 temger
2413 5497 2639 5572 salutem
2666 5497 2905 5572 corporis
2932 5501 3180 5563 vincitur,
3222 5502 3593 5572 argritudinem
3631 5502 3766 5553 mit-

2177 5568 2258 5619 tit.
2288 5564 2527 5641 Fos_sat.:
2550 5566 2611 5621 Si
2630 5585 2722 5641 per
2751 5564 2977 5624 Salutem
3017 5574 3249 5641 corporis
3269 5564 3387 5625 ἠοδι
3424 5572 3676 5638 vincetur,
3702 5572 3764 5625 in

2177 5636 2542 5705 a'grimdinem
2567 5636 2754 5696 mittit.

2251 5706 2364 5788 (94)
2402 5703 2576 5788 Εἶπε.
2610 5709 3127 5788 πάλιν.“[)οοίηιιιηι
3174 5712 3320 5788 istud
3365 5712 3762 5788 Apophthegmc

2180 5779 2365 5851 accepi
2396 5792 2427 5832 a
2456 5779 2646 5837 codice
2676 5796 2778 5839 ms.
2820 5782 3146 5844 Cotbertinw
3181 5779 3545 5846 bibliotheca.
