4028 6338
264 381 372 434 123

1332 447 1335 450 _
1401 386 2009 447 ΑΡΟΡΗΤΗΕΟΜΛΤᾹ
2047 391 2355 448 PATBL'M.

3397 398 3496 453 496

262 493 624 568 ἀναχαιτίσῃς
667 495 760 548 τοῦ
816 495 1009 567 ἐχθροῦ
1042 513 1100 549 σε
1144 497 1501 567 ἐκκόψαντοςο
1540 502 1701 566 αὐτὸς
1731 503 1837 570 γὰρ

1942 519 2009 557 ne
2040 503 2338 565 revoceris,
2385 502 2607 556 inimico
2640 502 2927 559 cohibente
2966 511 3036 558 te.
3073 503 3192 574 lpse
3231 503 3494 572 siquidem

266 587 336 655 τῇ
367 584 608 657 ὑπομονῇ
641 603 732 640 σου
758 591 1130 658 καταργεῖται.
1151 587 1252 640 Καὶ
1279 589 1387 660 γὰρ
1413 591 1462 641 oi
1492 591 1642 643 πλεῖν
1669 593 1834 662 ἁρχὸο

264 692 422 745 μενοι
479 677 697 747 πρῶτον
738 678 835 746 μὲν
869 676 1044 740 δεξιοῦ
1097 677 1404 747 πνεύματος
1441 682 1797 749 τυγχάνουσιν
1821 700 1834 714 ο

259 767 622 829 ἀπλώσαντες
662 767 719 820 δὲ
753 767 822 820 τὰ
871 767 1034 828 ἱστία,
1067 762 1220 830 αὖθις
1255 768 1479 839 ἐναντίῳ
1526 771 1837 823 ἀπαντῶσιν

259 858 472 927 ἀνέμῳ,
494 857 610 910 ἀλλ’
630 860 678 910 οἱ
705 857 898 910 ναῦται
923 856 1012 910 διὰ
1039 857 1099 909 τὸ
1119 859 1472 928 παρεμπεσὸν
1499 861 1715 930 πνεῦμα
1737 863 1837 914 οὐκ

260 950 710 1012 ἀποσκευάζουσι
763 948 862 1018 τὴν
913 948 1082 1002 ναῦν·
1129 951 1324 1020 μικρὸν
1364 952 1422 1004 δὲ
1467 953 1837 1022 ἡσυχάσαντες

256 1041 293 1111 ἦ
347 1040 444 1092 καὶ
484 1040 976 1110 ἀπομαχησάμενοι
1025 1041 1091 1110 τῇ
1136 1039 1295 1112 ζάλῃ,
1329 1041 1491 1095 πάλιν
1533 1043 1621 1095 τὸν
1672 1043 1837 1097 πλοῦν

256 1131 566 1184 ποιοῦνται.
621 1129 777 1182 Οῦτω
838 1130 931 1182 καὶ
986 1131 1181 1200 ἡμεῖς,
1239 1131 1478 1184 ἐναντίου
1532 1131 1837 1202 πνεύματος

256 1219 686 1291 προσπεσόντος,
721 1219 812 1271 τὸν
861 1220 1090 1290 σταυρὸν
1125 1223 1245 1274 ἀντὶ
1291 1220 1456 1275 ἱστίου
1488 1222 1833 1288 τανύσαντες,

254 1312 436 1372 ἀδεῶς
468 1311 559 1364 τὸν
584 1310 750 1362 πλοῦν
783 1311 1175 1382 ἐκτελέσωμεν.

335 1402 389 1453 ιί
425 1397 559 1453 Εἷπε
609 1400 800 1453 πάλιν·
849 1403 912 1453 Οί
943 1402 1042 1471 μὲν
1086 1402 1178 1455 τὸν
1211 1403 1465 1474 αἰσθητὸν
1513 1405 1737 1459 πλοῦτον
1773 1408 1836 1459 ὲκ

255 1490 450 1543 κόπων
482 1491 577 1542 καὶ
620 1490 880 1545 κινδύνων
922 1492 1198 1563 θαλάσσης
1255 1497 1578 1563 συνάγοντες
1599 1533 1614 1560 ,
1667 1497 1836 1550 πολλὰ

254 1582 660 1651 κερδήσαντες,
691 1583 797 1635 τῶν
846 1584 1108 1638 πλειόνων
1148 1585 1389 1653 ἐφίενται
1414 1602 1427 1615 ·
1469 1588 1564 1640 καὶ
1615 1587 1685 1640 τὰ
1738 1589 1836 1657 μὲν

255 1674 510 1743 παρόντα
537 1673 611 1736 ώς
637 1673 785 1726 οὐδὲν
810 1675 1098 1742 ἡγοῦνται·
1134 1677 1268 1746 πρὸς
1299 1678 1356 1730 δὲ
1385 1678 1452 1730 τά
1487 1679 1560 1749 μὴ
1593 1679 1836 1750 παρόντα

253 1763 689 1819 ὲπεκτείνονται.
729 1763 918 1834 Ἡμεῖς
944 1765 1000 1818 δὲ
1027 1767 1118 1818 καὶ
1149 1767 1256 1819 τῶν
1293 1768 1637 1838 ζητουμένων
1669 1769 1834 1838 μηδὲν

252 1851 500 1921 ἔχοντες,
523 1852 675 1904 οὐδὲν
705 1852 929 1924 θέλομεν
964 1855 1265 1925 κτήσασθαι
1296 1835 1385 1910 διά
1415 1835 1506 1910 τδν
1549 1835 1710 1926 φόϐον
1733 1835 1831 1911 ⁷τοῦ
1862 1835 1906 1890 Β

253 1942 416 1996 Θεοῦ.

335 2033 425 2085 ια’.
463 2033 597 2086 Είπε
632 2033 794 2087 πάλιν
818 2051 831 2064 ⁸
873 2036 1123 2107 Μίμησαι
1146 2038 1236 2091 τὸν
1271 2039 1518 2110 Τελώνην
1560 2041 1669 2109 (95)
1691 2081 1705 2104 ,
1749 2041 1834 2094 ἵνα

259 2122 342 2194 μή
375 2123 454 2194 τῷ
487 2124 765 2194 Φαρισαίῳ
826 2129 1300 2199 συγκατακριθῇς·
1349 2131 1442 2182 καὶ
1487 2131 1726 2194 Μωσέως
1773 2131 1836 2184 τὸ

257 2215 438 2284 πρᾶον
467 2214 727 2280 ἑπίλεξαι,
763 2217 852 2269 ἵνα
886 2218 986 2286 τὴν
1024 2220 1250 2290 καρδίαν
1287 2238 1379 2274 σου
1414 2222 1719 2292 ἁκρότομον
1749 2217 1836 2274 οὗ·

257 2314 366 2360 σαν
395 2308 477 2368 είς
502 2306 684 2376 πηγὰς
713 2305 918 2361 ὑδάτων
955 2311 1284 2380 μεταδὰλῃς.

337 2397 424 2466 ιβ’.
473 2395 607 2450 Eine
648 2399 844 2452 πάλιν·
894 2401 1296 2466 Ἐπικίνδυνον,
1349 2402 1440 2455 τὸν
1493 2403 1566 2474 μὴ
1624 2404 1711 2456 διὰ
1741 2404 1834 2457 τοῦ

258 2489 573 2560 πρακτικοῦ
605 2489 719 2558 βίου
744 2492 1045 2562 ἀναχθέντα
1075 2493 1585 2564 διδάσκειν.”οσπερ
1611 2495 1716 2567 γὰρ
1743 2496 1837 2549 ὲάν

255 2574 294 2649 ᾖ
323 2595 409 2640 τις
433 2579 608 2632 οίκίαν
629 2580 767 2652 ἔχων
795 2582 1022 2654 σαθρὰν,
1049 2583 1232 2646 ξένους
1261 2583 1680 2654 ὑποδεξάμενος,
1710 2585 1840 2655 βλά..

254 2665 358 2736 ψει
382 2669 448 2736 τῇ
480 2667 679 2720 πτώσει
705 2669 799 2722 τοῦ
828 2671 1128 2741 οἰκήματος
1153 2713 1168 2737 ,
1202 2671 1375 2735 οὕτως
1413 2674 1506 2726 καὶ
1533 2669 1676 2727 οῦτοι
1702 2715 1715 2737 ,
1765 2675 1838 2746 μὴ

256 2760 530 2829 πρότερον
580 2762 804 2825 ἑαυτοὺς
855 2763 1344 2835 οἰκοδομήσαντες,
1400 2765 1644 2830 καὶτοὺς
1673 2781 1840 2838 προσ-

256 2850 518 2917 ελθόντας
548 2855 731 2918 αὐτοῖς
759 2854 1045 2910 ἀπώλεσαν
1064 2873 1077 2884 ·
1102 2859 1214 2921 τοῖς
1244 2859 1340 2928 μὲν
1368 2859 1475 2930 γὰρ
1505 2859 1682 2928 λόγοις
1713 2876 1840 2913 συν-

256 2943 591 2999 εκάλεσαντο
635 2947 714 3008 εἰς
763 2948 1035 3019 σωτηρίαν
1060 2988 1075 3012 ,
1119 2951 1185 3019 τῇ
1217 2947 1271 3000 δὲ
1307 2948 1402 3000 τοῦ
1429 2949 1632 3020 τρόπου
1674 2949 1843 3023 κακίᾳ

256 3039 392 3101 τοὺς
425 3036 663 3107 ἀθλητὰς
684 3037 732 3070 ⁷⁸
760 3039 956 3109 μᾶλλον
988 3040 1271 3109 ἠδίκησαν.

344 3135 435 3196 ιγ’.
471 3125 608 3182 Εἷπε
658 3129 818 3183 πάλιν
843 3147 856 3160 ’
891 3131 1069 3184 Καλὸν
1102 3133 1161 3184 τὸ
1199 3136 1272 3202 μὴ
1322 3132 1664 3202 ὀργίζεσθαιο
1711 3133 1840 3186 εἰδὲ

255 3219 362 3274 καὶ
393 3220 640 3290 γένηται,
670 3221 791 3274 οὐδὲ
836 3221 1036 3292 μέτρον
1066 3239 1147 3274 σοι
1180 3223 1390 3292 ἡμέρας
1420 3222 1555 3294 πρὸς
1578 3223 1637 3275 τὸ
1670 3221 1838 3288 πάθος

258 3310 661 3384 συνεχώρησεν,
694 3311 862 3364 εΐπών
883 3329 896 3341 ·
929 3310 1028 3380 Μὴ
1061 3311 1346 3365 ἐπιδυέτω
1375 3315 1406 3366 ό
1427 3314 1619 3378 ἥλιος.
1646 3314 1718 3367 Σὺ
1745 3311 1840 3367 οὖν

255 3400 461 3473 laedi-Exn
497 3402 601 3464 ἕως
652 3403 757 3465 πᾶς
805 3402 834 3454 ό
871 3401 1061 3472 χρόνος
1111 3418 1204 3455 σου
1250 3401 1367 3471 δύῃ.
1418 3402 1484 3453 Τί
1525 3405 1699 3473 μισεῖς
1749 3402 1840 3455 τὸν

256 3494 582 3563 λυπήσαντα
617 3493 939 3562 ἄνθρωπονς
994 3493 1094 3546 οὐκ
1123 3491 1283 3555 αὑτός
1321 3495 1467 3544 ὲστιν
1499 3495 1527 3545 ό
1559 3493 1838 3561 ἀδικήσας,

258 3584 380 3636 ἀλλ’
403 3587 433 3638 ὀ
463 3584 725 3646 διάϐολος.
762 3583 1008 3654 Μίσησον
1028 3583 1138 3653 ’τὴν
1173 3582 1326 3634 νόσον
1351 3621 1366 3645 ,
1399 3582 1494 3635 καὶ
1537 3580 1609 3652 μὴ
1639 3579 1729 3633 τὸν
1757 3597 1842 3632 νο-

262 3674 484 3728 σοῦντα.

341 3765 418 3817 ιδ’.
450 3759 585 3819 Εἶπε
616 3768 779 3821 πάλιν
804 3783 818 3798 ⁸
851 3767 1016 3820 Ὅσον
1046 3767 1445 3837 προκόπτουσιν
1501 3765 1550 3817 οἱ
1588 3763 1840 3834 ἀθληταὶ,

259 3857 522 3910 τοσοῦτον
555 3859 885 3911 συνάπτουσι
915 3860 1293 3928 ἀνταγωνιστῇ
1340 3855 1565 3927 μείζονι.

337 3945 420 4000 ιε’.
459 3942 591 3998 Εἴπε
626 3947 788 4000 πάλιν
810 3965 822 3976 ·
849 3947 1004 4001 Ἐστι
1036 3948 1131 4001 καὶ
1162 3948 1227 3999 ὲκ
1251 3946 1344 3998 τοῦ
1378 3945 1574 4016 ἐχθροῦ
1601 3946 1842 4021 ἐπιτετα-

264 4036 409 4105 μένη
468 4036 733 4105 ἄσκησις·
780 4037 876 4090 καὶ
923 4038 1032 4106 γὰρ
1082 4040 1130 4090 oi
1176 4035 1342 4090 αὐτοῦ
1401 4033 1640 4104 μαθηταὶ
1687 4031 1845 4084 τοῦτο

262 4123 503 4179 ποιοῦσι.
538 4127 661 4190 Πῶς
690 4122 784 4181 οῦν
819 4128 1184 4200 διακρίνωμεν
1212 4127 1312 4198 τὴν
1336 4124 1486 4178 Θείαν
1517 4123 1610 4177 καὶ
1639 4122 1844 4192 βασιλι-

262 4215 371 4285 κὴν
393 4215 644 4286 ἄσκησιν,
673 4219 771 4289 τῆς
795 4219 1126 4291 τυραννικῆς
1157 4218 1252 4272 κα)⁸
1297 4213 1677 4286 δαιμονιώδους
1693 4230 1708 4277 ἱ
1748 4213 1844 4284 δῆο

263 4307 360 4358 λον
380 4307 456 4370 ώς
476 4308 583 4361 ἀπὸ
605 4309 704 4379 τῆς
730 4310 1072 4382 συμμετρίας
1099 4309 1232 4380 (96).
1264 4309 1448 4370 ’Ἅπας
1475 4323 1556 4360 σοι
1588 4308 1616 4360 ὁ
1657 4306 1845 4378 χρόνος

263 4389 350 4457 εἷς
373 4393 554 4448 κανὼν
581 4397 832 4468 νηστείας
861 4398 1173 4469 ὑπαρχέτω.
1313 4397 1585 4467 τέσσαρας
1617 4395 1650 4467 ἢ
1683 4396 1842 4449 πέντε

265 4489 598 4561 νηστεύσῃς,
650 4490 742 4542 καὶ
775 4490 873 4560 τὴν
909 4489 1074 4559 ἄλλην
1107 4491 1167 4542 ὲν
1197 4489 1390 4559 πλήθει
1427 4491 1643 4560 τροφῶν
1675 4509 1844 4544 κατα-

263 4578 470 4650 λύσηςσ
504 4580 780 4650 πανταχοῦ
806 4581 915 4652 γὰρ
939 4583 971 4652 ὴ
1018 4581 1253 4650 ἀμετρία
1292 4578 1614 4647 φθοροποιὸς
1641 4579 1844 4650 τυγχά-

263 4687 370 4723 νει.
398 4671 533 4732 Νέος
568 4669 644 4724 ὣν
671 4673 766 4724 καὶ
796 4673 952 4743 ὑγιὴς
997 4674 1290 4745 νήστευσον
1311 4690 1323 4702 °
1355 4673 1476 4745 ἥξει
1508 4673 1616 4742 γάρ
1649 4671 1710 4724 τὸ
1745 4672 1846 4740 γῆ-

265 4777 372 4831 ρας
418 4763 558 4832 μετά
603 4764 904 4828 ἀσθενείας.
947 4765 1033 4828 Ὠς
1078 4764 1210 4837 δύνῃ
1245 4759 1337 4818 οὖν
1371 4763 1697 4835 θησαύρισον
1727 4779 1848 4832 τρο-

265 4851 376 4918 gi;
399 4891 416 4916 ,
442 4852 528 4905 ἵνα
557 4853 684 4906 ὃταν
717 4854 793 4924 μὴ
816 4854 945 4925 δύνῃ
974 4854 1141 4926 εὕρῃς
1165 4855 1499 4909 ἀνάπαυσιν.

343 5033 439 5090 ις’.
469 5023 602 5082 Eine
627 5030 790 5084 πάλιν
811 5047 826 5062 ο
865 5032 953 5085 Ἐν
980 5030 1228 5101 κοινοϐίῳ
1250 5031 1399 5093 ὄντες
1423 5071 1438 5095 ,
1471 5029 1567 5100 τὴν
1601 5029 1847 5097 ὑπακοὴν

1940 594 2200 662 patientia
2229 601 2322 647 tua
2356 593 2695 651 destruetur.
2725 594 2950 649 Scilicet
2967 596 3060 664 qui
3095 597 3352 667 navigare
3383 613 3500 653 em—
3608 595 3610 598 ’

1941 685 2142 753 perint,
2173 685 2328 737 initio
2349 684 2564 753 quidem
2593 687 2836 740 secundo
2861 685 3108 740 feruntur
3134 696 3329 754 vento;
3363 689 3501 745 velis

1941 783 2122 829 autem
2158 778 2434 845 expansis,
2466 786 2652 846 postea
2682 779 2735 831 in
2764 779 3053 833 adversum
3073 788 3289 832 ventum
3313 781 3501 836 incur-

1940 874 2103 928 runt;
2133 882 2322 920 verum
2343 878 2520 921 nauta:
2544 877 2762 938 propter
2795 868 3122 922 incidentem
3145 867 3354 933 ﬂatum,
3389 886 3495 926 non

1939 957 2243 1012 deonerant
2269 960 2448 1012 navim
2476 979 2490 1022 ς
2523 960 2617 1014 sed
2651 960 2740 1014 ubi
2775 961 3058 1030 paululum
3088 961 3258 1029 quieti
3284 976 3501 1018 manseo

1940 1056 2089 1115 runt,
2133 1050 2216 1102 vel
2259 1052 2420 1103 etiam
2462 1052 2774 1119 tempestati
2808 1050 3065 1105 reluctati
3099 1058 3248 1115 sunt,
3283 1053 3504 1122 naviga-

1939 1140 2141 1194 tionem
2186 1149 2609 1209 persequuntur.
2641 1141 2718 1194 Ita
2759 1149 2814 1196 et
2840 1157 2964 1205 nos,
3006 1141 3283 1196 contrario
3308 1142 3502 1211 spiritu

1939 1232 2154 1302 illapso,
2187 1248 2404 1290 crucem
2439 1250 2537 1304 pro
2572 1236 2690 1290 velo
2721 1235 3031 1298 tendentes,
3068 1250 3262 1290 secure
3281 1251 3503 1292 cursum

1939 1325 2308 1392 perﬁciamus.

2008 1415 2098 1468 10.
2137 1415 2247 1485 (97)
2283 1416 2428 1470 Dixit
2454 1419 2651 1472 iterum
2687 1433 2698 1469 :
2732 1417 2834 1482 Qui
2868 1418 2972 1473 sub
2994 1433 3216 1473 sensum
3248 1417 3506 1472 cadentes

1937 1503 2157 1559 divitias
2189 1506 2256 1560 de
2299 1507 2581 1562 laboribus
2614 1516 2668 1563 et
2704 1511 2963 1576 periculis
3012 1511 3183 1564 maris
3214 1510 3504 1578 colligunt,

1939 1607 2062 1647 cum
2101 1595 2270 1648 multa
2307 1597 2502 1650 Iucrati
2550 1597 2774 1658 fuerint,
2823 1599 2979 1667 plura
3019 1607 3326 1668 appetunt:
3361 1605 3414 1652 et
3442 1613 3506 1652 ea

1939 1683 2159 1752 quidem
2191 1701 2312 1752 quze
2361 1686 2588 1748 habent,
2621 1695 2679 1739 ut
2725 1688 2956 1741 nihilum
2998 1696 3298 1757 reputant:
3337 1687 3403 1741 ad
3441 1701 3506 1741 ea

1938 1790 2067 1829 vero
2089 1791 2210 1844 quae
2232 1791 2341 1830 non
2371 1776 2572 1831 habent
2604 1779 2895 1833 intendunt
2924 1779 3187 1833 animum.
3212 1777 3323 1833 Nos
3350 1791 3505 1838 vero.

1935 1864 2002 1920 iis
2041 1879 2163 1934 quae
2202 1867 2556 1935 requiruntur
2591 1866 2837 1922 destituti
2879 1870 3115 1938 penitus,
3149 1868 3282 1922 nihil
3315 1881 3504 1921 eorum

1934 1956 2188 2010 volumus
2222 1958 2506 2024 acquirere
2536 1969 2754 2028 propter
2788 1959 3038 2014 timorem
3068 1958 3182 2013 Dei.

2009 2045 2095 2098 11.
2119 2045 2230 2115 (98)
2264 2044 2434 2098 Eﬂata
2456 2056 2538 2101 est
2560 2048 2735 2101 adhuc
2758 2067 2771 2102 :
2801 2048 3018 2104 Imitare
3037 2047 3413 2113 Publicanum,
3437 2061 3508 2104 ne

1935 2147 2042 2186 una
2062 2147 2184 2186 cum
2210 2132 2482 2187 Phariszeo
2497 2134 2878 2190 condemneris
2893 2137 2961 2188 ⁷³.
2989 2136 3052 2188 Et
3075 2135 3238 2191 Mosis
3255 2149 3509 2191 mansue-

1936 2219 2176 2275 tudinem
2217 2221 2418 2293 delige,
2454 2231 2510 2275 ut
2547 2237 2641 2276 cor
2679 2229 2856 2286 tuum,
2905 2224 3050 2292 quod
3094 2239 3260 2294 rupes
3301 2232 3405 2288 est,
3451 2225 3509 2278 in

1939 2311 2116 2365 fontes
2145 2326 2408 2380 aquarum
2441 2321 2730 2369 convertas
2751 2314 2818 2367 ⁷⁸.
3509 2317 3512 2321 ’

2009 2401 2096 2455 12.
2125 2401 2237 2471 (99)
2267 2400 2380 2456 Hoc
2405 2418 2620 2473 quoque
2641 2405 2899 2472 protulit:
2927 2403 3300 2460 Periculosum
3322 2414 3427 2470 est,
3448 2411 3510 2458 ut

1937 2490 2030 2562 qui
2046 2508 2140 2562 per
2153 2495 2383 2548 activam
2400 2493 2566 2547 vitam
2585 2501 2793 2549 nonest
2813 2495 3066 2554 eductus.
3083 2495 3295 2550 doceat.
3315 2494 3510 2560 Quem-

1940 2584 2235 2639 admodum
2278 2585 2422 2640 enim
2453 2586 2498 2640 si
2550 2587 2674 2654 quis
2708 2585 2929 2640 domum
2952 2585 3201 2640 habitans
3223 2571 3506 2648 caducam,

1937 2675 2180 2746 hospites
2204 2676 2502 2745 exceperit,
2534 2677 2751 2732 nocebit
2778 2691 2874 2745 per
2902 2675 3114 2730 aedilicii
3155 2676 3391 2737 ruinam,
3428 2676 3508 2729 sic

1937 2773 1992 2820 et
2020 2765 2135 2828 isti,
2167 2781 2290 2820 cum
2332 2766 2483 2835 prius
2513 2782 2572 2820 se
2598 2782 2707 2820 non
2741 2766 3118 2829 instruxerint,
3164 2765 3324 2818 etiam
3351 2779 3511 2819 acce-

1939 2855 2129 2912 dentes
2156 2857 2222 2911 ad
2255 2872 2349 2912 eos
2379 2857 2751 2927 perdiderunt.
2787 2857 3068 2928 Siquidem
3097 2858 3277 2912 verbis
3311 2872 3511 2911 convo-

1939 2955 2135 2998 carunt
2173 2944 2238 2998 ad
2279 2946 2533 3010 salutem,
2573 2961 2786 3000 morum
2818 2955 2998 3001 autem
3033 2945 3378 3016 improbitate
3408 2961 3510 3016 pu-

1939 3036 2075 3104 giles
2099 3035 2271 3105 magis
2299 3036 2497 3104 injuria
2540 3035 2857 3092 all'ecerunt.

2014 3129 2097 3182 t3.
2137 3128 2214 3198 (Ι)
2245 3127 2373 3181 item
2415 3127 2558 3181 istud
2590 3147 2602 3180 :
2637 3127 2840 3181 Bonum
2886 3135 2970 3182 est
3006 3139 3350 3197 nequaquam
3401 3129 3512 3181 ira-

1945 3220 2047 3272 sci.
2081 3220 2137 3273 Si
2174 3233 2302 3273 vero
2347 3219 2667 3289 contigerit,
2701 3235 2878 3288 neque
2912 3220 3007 3273 tibi
3037 3220 3270 3289 Spatium
3299 3219 3402 3274 diei
3442 3219 3514 3273 ad

1944 3311 2194 3365 allectum
2227 3313 2521 3377 concessit,
2565 3312 2657 3383 qui
2689 3312 2824 3366 dixit
2853 3334 2864 3367 ε
2903 3311 3026 3366 Non
3079 3312 3283 3366 occidat
3329 3311 3410 3366 sol
3437 3312 3508 3365 ".

1944 3396 2026 3452 Tu
2055 3414 2184 3466 ergo
2212 3411 2517 3470 exspectes,
2550 3399 2726 3456 donec
2749 3413 2912 3465 omne
2935 3406 3149 3470 tempus
3180 3401 3514 3455 tuum‘occi-
3609 3410 3616 3417 °

1945 3488 2106 3544 derit.
2139 3491 2318 3556 Quare
2351 3491 2475 3545 odio
2503 3491 2672 3548 habes
2699 3491 2975 3547 hominem
3005 3491 3099 3561 qui
3132 3497 3185 3547 te
3219 3489 3514 3546 contrista-
3574 3541 3580 3544 _

1945 3581 2052 3635 vit?
2113 3582 2232 3636 Non
2281 3582 2368 3636 ille
2424 3583 2620 3652 injuria
2642 3583 2857 3648 aﬂ‘ecit;
2904 3583 2998 3638 sed
3051 3583 3323 3638 diabolus.
3377 3581 3516 3636 Odio

1944 3679 2279 3737 prosequere
2311 3668 2583 3731 morbum,
2617 3687 2721 3723 non
2756 3669 2946 3723 morbo
2981 3669 3343 3723 laborantem.

2020 3757 2106 3811 14.
2157 3758 2234 3827 (:3)
2301 3758 2443 3812 Dixit
2503 3760 2732 3814 adhuc:
2801 3759 2921 3826 Quo
2993 3762 3166 3831 magis
3227 3761 3516 3831 proﬁciunt

1947 3848 2186 3908 athletae,
2227 3865 2291 3903 eo
2321 3849 2640 3904 fortioribus
2662 3850 2991 3906 adversariis
3015 3866 3110 3905 eos
3141 3853 3510 3905 committunt.

2020 3939 2108 3993 lb’.
2155 3940 2229 4012 (5)
2275 3941 2420 3994 Dixit
2453 3941 2648 3997 iterum
2679 3960 2691 3994 :
2725 3941 2808 3995 Ab
2831 3938 3056 3994 inimico
3077 3942 3237 3994 etiam
3271 3939 3518 4010 procedit

1948 4030 2154 4084 intenta
2181 4033 2523 4087 exercitatio.
2556 4031 2765 4086 Etenim
2803 4031 2976 4101 ipsius
3007 4029 3262 4099 discipuli
3298 4032 3400 4084 hoc
3435 4029 3518 4084 fa-

1948 4122 2120 4176 ciunt.
2161 4121 2282 4188 Quo
2309 4121 2469 4176 modo
2493 4137 2621 4192 ergo
2642 4123 2881 4176 divinam
2904 4122 3249 4192 regalemque
3281 4122 3515 4178 asccsim

1948 4211 2325 4268 discernemus
2355 4228 2384 4266 a
2415 4213 2699 4283 tyrannica
2727 4221 2782 4268 et
2808 4213 3148 4268 daemonica?
3170 4212 3517 4269 Manifestum

1949 4311 2032 4358 cst
2061 4301 2204 4372 quod
2234 4318 2300 4356 ex
2327 4303 2717 4357 mediocritate.
2749 4301 2924 4358 Omne
2951 4311 3106 4358 tuum
3144 4313 3378 4373 tempus,
3409 4317 3518 4360 una

1951 4393 2022 4448 sit
2049 4395 2241 4462 jejuuii
2281 4395 2487 4464 regula.
2535 4392 2654 4446 Noli
2704 4401 2938 4463 quatuor
2977 4401 3070 4447 aut
3124 4395 3363 4464 quinque
3402 4391 3519 4446 dies

1952 4502 2059 4538 nun
2097 4485 2449 4550 manducare,
2477 4483 2566 4538 die
2599 4501 2728 4540 vero
2757 4486 3006 4556 sequenti
3036 4485 3088 4539 in
3114 4485 3361 4540 ciborum
3387 4484 3522 4537 mul-

1952 4580 2182 4633 titudine
2245 4580 2460 4634 solvere
2513 4578 2802 4649 jejunium.
2854 4577 3067 4648 Ubique
3143 4577 3521 4632 immoderatio

1953 4668 2182 4723 exitiosa
2212 4678 2313 4722 est.
2355 4667 2490 4721 Dum
2522 4669 2741 4736 juvenis
2782 4685 2842 4724 es
2879 4677 2935 4724 et
2961 4683 3150 4731 sanus,
3182 4667 3389 4736 jejuna.
3419 4665 3522 4724 Ve-

1953 4759 2064 4811 niet
2094 4767 2348 4812 senectus
2372 4774 2494 4812 cum
2525 4759 2856 4815 inﬁrmitate.
2891 4758 3142 4824 Quandiu
3174 4772 3303 4826 ergo
3338 4763 3514 4826 potes,

1954 4848 2262 4902 thesauriza
2302 4851 2366 4903 de
2397 4850 2558 4913 cibis,
2584 4859 2640 4902 ut
2674 4849 2892 4918 quando
2931 4864 3036 4903 non
3069 4848 3332 4916 potueris,
3367 4847 3517 4899 inve-

1955 4937 2075 4991 nias
2105 4939 2365 5007 requiem.
3395 4957 3398 4960 '

2024 5028 2110 5082 i6.
2147 5029 2221 5098 (4)
2260 5029 2538 5084 Sententia
2582 5046 2796 5100 quoque
2833 5029 3006 5100 ipsius
3045 5029 3251 5084 exstitit
3277 5046 3291 5083 :
3322 5027 3380 5082 In
3409 5041 3518 5083 cm-

335 5160 384 5192 "
419 5162 504 5218 AI.
543 5161 1033 5232 ἀκολουθήσαντας.
1102 5164 1148 5195 ⁷⁸
1181 5163 1313 5218 Luc.
1345 5179 1497 5227 xvm,
1535 5163 1600 5217 10
1637 5177 1794 5232 seqq.

1944 5159 2088 5216 Psal.
2123 5177 2278 5225 cxm,
2305 5161 2357 5215 8.
2434 5162 2477 5192 "
2511 5160 2710 5232 Ephes.
2743 5153 2816 5222 tv,
2847 5161 2935 5216 26.

338 5277 452 5345 (95)
491 5278 766 5351 Μίμησαι
781 5281 894 5351 ,τὸν
923 5283 1212 5349 Τελὼνην.
1242 5281 1356 5336 Hoc
1372 5281 1761 5351 Apophthegma
1789 5287 1842 5334 et

262 5358 436 5415 caput
464 5349 620 5424 abest
661 5364 692 5400 a
754 5348 872 5424 Vita
905 5348 1260 5424 Syncleticw;
1294 5348 1751 5424 quemadmodum
1786 5357 1841 5403 et

260 5433 390 5484 quae
420 5418 738 5471 tribuuntur
766 5421 813 5473 ei
844 5418 1131 5477 sententia:
1158 5423 1211 5477 in
1232 5418 1468 5476 Sehnliis
1482 5423 1546 5476 ad
1576 5420 1838 5474 Joannem

260 5488 592 5550 Climacum,
622 5488 712 5552 76,
751 5487 961 5544 Gradus
977 5491 1104 5548 Lzet
1136 5493 1225 5552 6‘2,
1260 5491 1468 5547 Gradus
1493 5492 1579 5546 26.

339 5555 455 5634 (962
493 5555 692 5625 Δῆλον
717 5559 801 5623 ὡς
827 5561 946 5634 άπὸ
971 5563 1079 5634 τῆς
1100 5563 1483 5634 συμμετρίας.
1544 5560 1794 5634 Pelagius
1825 5576 1838 5634 ξ

258 5623 616 5705 amurcam
655 5636 733 5680 est
765 5633 888 5698 quia
931 5623 1453 5689 mediocrii'dieflta'
1487 5623 1703 5702 quippe'
1741 5627 1842 5699 legi

258 5710 323 5749 in
344 5709 416 5748 eo
452 5696 633 5749 debet.

252 5710 323 5750 an
344 5709 416 5748 eo
452 5705 633 5752 debet.

334 5764 451 5834 (97)
497 5765 601 5816 Vir.
640 5767 798 5824 Patr.
828 5784 882 5832 κ,
917 5769 1016 5834 70;
1051 5786 1125 5831 vr,
1158 5771 1248 5846 24.
1291 5771 1394 5847 Vit.
1419 5787 1474 5826 η.
1500 5770 1587 5824 57.

592 5856 674 5916 ΡΑ
688 5874 854 5919 reor-
894 5858 1012 5921 Gn.
1061 5861 1250 5921 LXV.

2020 5279 2134 5348 (98)
2182 5278 2290 5334 Vit.
2320 5279 2474 5335 Patr.
2509 5300 2597 5348 xv,
2635 5282 2721 5336 50.

2020 5349 2133 5418 (99)
2154 5349 2318 5420 “Vitae
2338 5366 2458 5420 cap.
2486 5354 2576 5408 79.

2018 5417 2120 5489 (ξ)
2147 5417 2275 5473 Viue
2305 5417 2421 5489 cap‘.
2461 5421 2543 5475 64.

2020 5489 2097 5559 (ε)
2148 5490 2281 5559 Vim:
2310 5507 2362 5542 η.
2392 5489 2480 5544 26.

2022 5557 2099 5641 ίῗέ
2142 5558 2431 5641 liii-'1‘"?-
2468 5559 2667 5641 κοτεὶ
2704 5557 3080 5641 "ﬁrmo-ﬂ-
3145 5625 3178 5641 ..
3221 5627 3232 5641 .
3296 5625 3327 5641 ..
3451 5603 3519 5641 ----

2024 5625 2100 5694 (4)
2149 5625 2251 5679 νει.
2299 5628 2452 5682 Patr.
2497 5645 2606 5696 xtv,
2636 5630 2700 5700 9;
2745 5627 2850 5684 Vit.
2898 5644 2950 5686 ε.
2981 5627 3080 5684 1θο
3145 5625 3423 5683 Scholium
3449 5634 3515 5689 97

1953 5697 2021 5752 ad
2047 5695 2210 5751 Grad.
2237 5696 2269 5752 4
2301 5698 2457 5751 Clim.

2095 5713 2210 5751 ητα.
2237 5713 2269 5751 ὦ
2301 5713 2457 5751 LIIII).

3133 5854 3204 5917 15
