4032 6338
495 349 604 404 ,ιιῦΙ

1629 348 1968 403 ΑΡΡΕΝυιΧ
2008 349 2100 403 AD
2139 351 2562 413 PALLADIUM.

3628 351 3736 406 J32

499 467 724 521 Attenta
755 475 970 532 semper
1013 463 1084 518 sit
1115 464 1376 535 cogitatio
1412 470 1504 517 tua
1535 463 1602 518 ad
1642 478 1867 535 regnum
1899 465 2070 519 coelo-

2177 469 2224 520 ὲν
2252 472 2318 539 τῇ
2350 469 2593 542 βασιλείᾳ
2622 468 2727 522 τῶν
2772 467 3053 539 οὐρανῶν·
3088 466 3181 520 καὶ
3210 466 3268 520 ἐν
3285 465 3450 536 ’τάχει
3483 465 3737 539 κληρονο-

504 572 649 618 rum,
679 562 733 608 et
763 555 912 608 brevi
947 554 1083 609 illud
1114 555 1170 610 in
1203 555 1579 610 lmreditatem
1609 557 1864 625 accipies.

572 654 623 701 8.
671 646 783 718 (20)
826 647 970 700 Dixit
999 656 1258 717 praeterea
1298 668 1312 703 :
1345 647 1651 704 Pretiosum
1691 657 2068 704 ornamentum

2176 559 2367 630 μήσεις
2405 560 2592 629 αὑτήν.
3382 584 3387 589 ·

2243 653 2314 716 η’.
2341 643 2476 700 Εἷπε
2518 646 2711 700 πάλιν
2750 645 3046 715 Κειμήλιόν
3081 644 3194 715 (21)
3225 644 3340 697 ἐστι
3369 642 3466 696 τοῦ
3505 644 3740 715 μοναχοῦ

502 737 782 800 monachi,
824 746 909 793 est
938 738 1264 794 obedientia.
1293 738 1394 804 Qui
1428 739 1668 810 possidet
1699 740 1868 806 illam,
1901 755 1930 793 a
1960 738 2071 794 Deo

2177 739 2203 808 ἢ
2253 738 2490 808 ὑπακοή.
2536 738 2594 791 '0
2650 738 2985 807 κεκτημένος
3034 735 3199 805 αὐτὴν
3261 735 3742 806 εἰσακουσθήσεται

500 829 851 914 exaudietur;
886 836 1088 883 etcum
1121 829 1317 884 ﬁducia
1365 829 1640 884 Crucilixo
1681 831 1899 885 astabit.
1933 828 2068 884 Nam

2177 827 2277 879 ὑπὸ
2304 826 2397 879 τοῦ
2432 826 2566 880 Θεοῦ
2585 869 2598 893 ,
2623 829 2718 880 καὶ
2757 827 2893 896 μετὰ
2921 826 3229 899 παρρησίας
3263 824 3342 894 τῷ
3379 823 3741 896 σταυρωθέντι

504 922 596 992 qui
622 921 769 982 cruci
799 920 987 976 aﬂixus
1025 919 1129 975 fuit
1162 920 1447 988 Dominus,
1483 919 1662 976 factus
1699 928 1781 975 est
1807 921 2070 978 obediens

503 1027 678 1084 usque
710 1011 777 1065 ad
804 1017 1034 1065 mortem
1067 1011 1136 1062 9'.

951 1119 1288 1190 Principium
1319 1121 1515 1174 litterae
1551 1122 1616 1172 Φ.

1030 1233 1106 1286 De
1143 1231 1330 1286 abbate
1357 1231 1560 1290 Phoco.

574 1348 742 1403 L-lta
771 1334 958 1402 retulit
979 1347 1150 1401 abbas
1179 1346 1414 1410 Phocas,
1441 1347 1529 1402 ille
1557 1363 1588 1401 e
1625 1346 1877 1401 coenobio
1912 1347 2073 1401 abba-

506 1437 580 1493 tis
614 1435 877 1507 Tlteognii
927 1436 1086 1506 primi
1120 1435 1553 1507 Hierosolymitze
1585 1454 1598 1489 :
1646 1435 1940 1491 Residente
1985 1452 2071 1491 me

467 1529 563 1582 .in
602 1526 770 1595 Sceti,
795 1527 1014 1598 quidam
1067 1528 1239 1582 abbas
1280 1527 1520 1584 Jacohus
1553 1528 1740 1598 junior
1788 1529 1988 1583 mansit
2017 1529 2070 1583 in

458 1617 700 1686 tCellis,
734 1620 826 1690 qui
866 1619 1098 1674 habebat
1143 1629 1351 1690 patrem
1390 1621 1640 1676 eumdem
1688 1621 1960 1676 carnalem
1998 1621 2073 1675 sio

452 1745 461 1756 .
491 1710 618 1763 anui
645 1720 697 1765 et
724 1711 1082 1780 spiritualem.
1118 1712 1286 1766 Porro
1314 1713 1368 1766 in
1409 1712 1575 1767 Cellis
1601 1711 1721 1766 duas
1749 1721 1874 1766 sunt
1899 1713 2072 1767 cccle-

489 1799 632 1864 «site;
659 1814 764 1854 una
795 1801 1250 1866 orthodoxorum,
1283 1802 1374 1855 ubi
1405 1802 1842 1856 communicabat
1868 1804 2069 1868 ;altera
2100 1827 2144 1881 Β

495 1890 969 1959 ~aposobistarum.
1014 1889 1153 1955 Quia
1205 1905 1332 1960 ergo
1387 1893 1557 1946 abbas
1603 1891 1842 1948 Jacobus
1898 1893 2071 1964 gratia

493 1979 833 2034 humilitatis
888 1979 1145 2049 pollebat,
1187 1979 1514 2050 diligebatur
1542 1982 1610 2036 ab
1653 1984 1928 2047 omnibus,
1956 1991 2069 2038 tum

443 2094 446 2101 ι
497 2068 898 2123 ecclesiasticis
935 2084 1030 2123 seu
1058 2070 1366 2135 catholicis,
1398 2079 1512 2124 tum
1550 2073 1897 2142 aposchistis.
1925 2071 2072 2138 Quo-

494 2160 656 2214 'circa
710 2159 1006 2214 mombant
1046 2175 1170 2215 eum
1217 2161 1504 2215 orthodoxi
1541 2180 1554 2216 :
1604 2162 1766 2227 Cave,
1809 2165 1947 2219 abba
1978 2163 2072 2217 Ja-

479 2250 664 2316 -ιοοιιε,
692 2265 760 2306 ne
792 2257 843 2305 te
858 2249 1155 2320 deceptum
1184 2252 1510 2321 aposcbistm
1541 2253 1816 2307 attrahant
1848 2255 1898 2308 in
1921 2270 2074 2308 com-

499 2341 826 2395 munionem
850 2355 1048 2396 suam.
1076 2341 1203 2395 Pari
1237 2341 1405 2397 modo
1435 2345 1766 2414 aposchistae
1809 2346 2026 2400 aiebant
2055 2363 2068 2396 :

499 2428 582 2485 -Ut
605 2431 771 2496 scias,
806 2431 942 2486 abba
974 2429 1209 2498 {Jacobe,
1251 2447 1374 2486 cum
1427 2434 1720 2504 dipbysitis
1769 2435 2074 2489 communi-

507 2534 644 2576 cans
672 2521 856 2590 perdis
877 2521 1114 2576 animam
1159 2530 1340 2588 tuam;
1391 2531 1518 2577 sunt
1556 2526 1703 2578 enim
1743 2523 2073 2588 Nestoriani,

501 2619 569 2666 et
601 2609 930 2665 calumniam
977 2611 1220 2667 inferunt
1255 2613 1491 2668 veritati.
1542 2612 1780 2669 Jacobus
1823 2631 1952 2670 vero
1983 2616 2076 2669 ab-

505 2702 629 2767 bas,
652 2709 842 2772 utpote
881 2703 1111 2772 simplex
1156 2704 1262 2766 vir,
1297 2704 1366 2758 ad
1399 2707 1679 2775 angustias
1721 2722 1814 2776 per
1865 2722 1926 2761 ea
1956 2721 2076 2776 quae

514 2808 580 2848 ex
641 2801 872 2864 utraque
922 2802 1076 2863 parte
1123 2794 1546 2864 proferebantur
1596 2798 1866 2861 redactus,
1918 2808 2077 2868 atque

514 2885 804 2940 anxietatis
827 2884 1042 2954 plenus,
1071 2898 1136 2939 eo
1155 2883 1421 2940 deductus
1449 2895 1565 2949 est,
1604 2888 1678 2940 uti
1722 2885 1887 2941 Deum
1922 2889 2078 2941 obse-

453 3008 456 3009 ν
511 2981 708 3030 oraret.
745 2974 934 3044 Itaque
958 2974 1166 3028 abdidit
1195 2989 1256 3030 se
1285 2976 1339 3028 in
1370 2976 1562 3030 cellam
1593 2991 1714 3046 quae
1761 2984 1913 3030 extra
1955 2979 2076 3031 lau-

511 3081 629 3121 ram
657 3067 712 3121 in
743 3066 863 3121 loco
905 3067 1088 3136 quieto
1112 3075 1260 3130 erat,
1291 3065 1524 3120 induens
1569 3069 1902 3137 sepulcrales
1948 3085 2076 3124 suas

447 3172 460 3192 ε
510 3164 726 3221 vestes,
757 3165 1017 3227 tanquam
1061 3157 1385 3212 moriturus.
1434 3156 1622 3211 Solent
1669 3158 1869 3228 quippe
1911 3158 2076 3230 zEgy-
2103 3149 2146 3207 C

439 4929 468 5081 ἦ

455 3249 612 3317 ptil
671 3247 884 3317 Patres,
943 3248 1230 3304 ievitonem
1287 3249 1500 3318 inquo
1534 3260 1780 3304 sanetum
1833 3251 2078 3306 habitum

514 3344 888 3406 sumpserunt,
946 3351 1158 3392 necnon
1203 3337 1472 3391 cucullam
1528 3338 1594 3392 ad
1641 3347 1868 3393 mortem
1904 3357 2080 3410 usque

467 3462 470 3464 -
504 3439 817 3488 reservare,
847 3432 901 3480 et
942 3440 1067 3479 cum
1112 3424 1221 3481 illis
1270 3427 1514 3495 sepeliri;
1556 3437 1832 3497 gestantes
1877 3431 2080 3484 solum-

457 3539 468 3561 :
500 3517 677 3578 modo
730 3518 818 3574 die
862 3517 1144 3573 Dominica
1195 3520 1260 3573 ad
1324 3530 1566 3574 sanctam
1617 3523 2078 3587 communionem,

473 3640 476 3641 ν
515 3611 807 3681 statimque
845 3618 971 3681 post
996 3610 1404 3667 contrahentes.
1438 3610 1574 3665 Cum
1603 3628 1732 3682 ergo
1767 3614 1992 3690 abiisset
2026 3614 2078 3667 in

517 3702 662 3756 illam
697 3701 908 3766 cellam,
939 3699 1109 3756 Deum
1145 3709 1400 3772 precatus
1438 3711 1605 3760 esset.
1645 3700 1855 3771 jejunio
1895 3703 2082 3759 confe-

465 3807 470 3812 ·
516 3786 687 3841 cisset
715 3800 796 3851 se,
825 3785 882 3839 in
927 3785 1104 3840 solum
1137 3785 1355 3850 cecidit,
1381 3787 1689 3858 mansitque
1713 3788 1926 3857 jacens.
1959 3788 2083 3843 Aie-

467 3897 470 3902 τ
513 3876 608 3931 bat
631 3890 794 3948 porro
819 3876 991 3930 multa
1017 3890 1076 3931 se
1099 3891 1194 3946 per
1222 3875 1344 3931 illos
1373 3877 1489 3932 dies
1525 3893 1554 3931 a
1593 3879 1928 3934 daemonibus
1957 3894 2082 3948 pas-

467 3997 470 3999 »
514 3983 636 4024 sum
667 3967 860 4031 fuisse,
889 3965 1188 4038 praesertim
1233 3965 1289 4021 in
1321 3975 1520 4022 mente.
1550 3967 1922 4037 Quadraginta
1949 3983 2080 4023 vero

503 4056 704 4114 "diebus
735 4056 1008 4128 peractis,
1050 4055 1196 4112 videt
1243 4071 1468 4128 puerum
1499 4059 1590 4127 qui
1621 4059 1686 4111 ad
1722 4073 1780 4113 se
1814 4058 2082 4128 ingredie—

512 4149 676 4202 batur
706 4147 999 4203 admodum
1029 4147 1204 4202 laetus.
1253 4133 1302 4202 ls
1331 4147 1407 4201 ait
1440 4166 1450 4200 :
1492 4148 1646 4202 Abba
1691 4147 1913 4214 Jacobe,
1949 4150 2080 4218 quid

516 4239 607 4292 bie
638 4237 796 4307 agis?
839 4237 904 4290 Et
929 4236 1220 4292 confestim
1259 4238 1564 4294 illustratus
1585 4280 1598 4303 ,
1646 4240 1988 4310 sumptisque
2015 4258 2080 4297 cx

513 4327 636 4397 ejus
681 4333 900 4396 aspectu
927 4327 1170 4394 viribus,
1201 4329 1379 4385 dixit:
1420 4330 1664 4395 Domine,
1701 4341 1755 4385 tu
1799 4334 1909 4387 scis
1948 4334 2081 4404 quid

514 4415 774 4469 habeam.
794 4411 876 4467 illi
929 4414 1012 4469 sic
1049 4415 1347 4486 loquuntur
1393 4420 1570 4473 mihi:
1620 4420 1697 4475 Ne
1725 4423 2081 4493 dereliqueris

514 4503 849 4569 Ecclesiam;
887 4503 974 4559 alii
1003 4513 1181 4561 autem
1224 4511 1325 4560 hoc
1360 4509 1520 4562 modo
1553 4528 1565 4562 :
1602 4509 1883 4567 Seducunt
1915 4523 1966 4568 te
1998 4516 2081 4569 di—

2111 4473 2160 4533 D

2173 921 2619 989 παραστήσεταιο
2650 921 2678 972 6
2723 917 2832 989 γὰρ
2877 918 3208 989 σταυρωθεὶς
3249 913 3452 988 Κύριος
3503 916 3742 988 ὑπήκοος

2171 1009 2360 1076 γέγονε
2392 1009 2554 1080 μέχρι
2581 1008 2832 1062 θανάτου.

2604 1120 2772 1192 Ἀρχὴ
2793 1118 2886 1172 τοῦ
2916 1121 2959 1172 Φ
2993 1121 3279 1190 στοιχείου.

2573 1232 2711 1299 Περὶ
2760 1231 2864 1285 τοῦ
2921 1229 3072 1286 ἁϐὅᾶ
3125 1229 3320 1286 Φωκᾶ.

2243 1350 2310 1398 α’.
2353 1343 2578 1410 Ἔλεγεν
2609 1345 2638 1396 ὁ
2666 1342 2840 1404 άϐϐἆς
2869 1343 3060 1406 Φωκᾶς
3111 1343 3139 1394 6
3186 1341 3282 1394 τοῦ
3325 1340 3594 1394 κοινοϐίου
3643 1337 3742 1393 τοῦ

2171 1433 2316 1487 ὰϐϐᾶ
2333 1434 2585 1500 Θεογνίου
2615 1432 2710 1485 τοῦ
2742 1433 2956 1503 πρώτου
2973 1435 3018 1465 ⁹¹
3060 1431 3500 1504 Ἱεροσολυμῖται,
3525 1433 3605 1485 ὅτι
3626 1434 3743 1487 Κα-

2173 1522 2409 1594 θημένου
2443 1540 2543 1594 μου
2572 1523 2629 1574 ὲν
2658 1523 2855 1592 Σκήτει
2883 1561 2897 1586 ,
2938 1523 3127 1591 γέγονὲ
3159 1540 3243 1586 τις
3270 1522 3440 1586 άϐϐᾶς
3487 1521 3746 1585 Ἰάκωϐος

2171 1613 2434 1686 νεώτερος
2475 1615 2533 1666 ἐν
2561 1616 2670 1676 τοῖς
2703 1612 2976 1676 Κελλίοις,
3011 1613 3146 1683 ἔχων
3175 1615 3268 1666 καὶ
3297 1614 3505 1680 πατέρα
3529 1611 3621 1665 τὸν
3645 1613 3745 1666 αὺ-

2170 1705 2264 1757 τὸν
2286 1705 2545 1776 σαρκικὸν
2580 1706 2694 1775 ἅμα
2725 1703 2817 1757 καὶ
2847 1703 3235 1773 πνευματικόν.
3264 1703 3418 1773 Ἔχει
3440 1703 3496 1756 δὲ
3515 1703 3582 1756 τὰ
3601 1702 3746 1754 Κελ-

2172 1797 2261 1851 λία
2309 1798 2602 1870 ἐκκλησίας
2638 1795 2766 1850 δύο·
2803 1797 2930 1866 μίαν
2979 1796 3085 1849 τῶν
3117 1795 3410 1867 ὀρθοδόξων
3434 1828 3470 1860 ,-
3491 1794 3620 1848 ἔνθα
3649 1793 3747 1848 καὶ

2172 1889 2465 1951 ἐκοινώνει,
2496 1889 2590 1942 καὶ
2619 1889 2744 1960 μίαν
2768 1887 2876 1941 τῶν
2903 1887 3266 1958 ἀποσχιστῶν.
3299 1888 3453 1941 Ἐπεὶ
3479 1882 3570 1940 οὖν
3599 1882 3748 1956 εἶχεν

2171 1982 2200 2034 6
2230 1980 2403 2044 άϐϐᾶς
2444 1979 2697 2042 Ἰάκωϐος
2732 1978 2830 2050 τὴν
2880 1980 3041 2050 χάριν
3073 1979 3174 2049 τῆς
3223 1977 3744 2048 ταπεινοφροσύνης.

2171 2074 2422 2142 ἠγαπᾶτο
2458 2072 2609 2143 παρὰ
2661 2071 2877 2124 πάντων
2899 2110 2914 2133 ,
2969 2073 3064 2123 καὶ
3099 2071 3208 2124 τῶν
3256 2068 3747 2142 ὲκκλησιαστικῶν,

2173 2165 2268 2216 καὶ
2292 2164 2399 2217 τῶν
2429 2165 2789 2234 ἀποσχιστῶν.
2825 2163 3053 2231 Ἔλεγον
3076 2159 3169 2217 οὖν
3202 2163 3350 2233 αὐτῷ
3376 2165 3426 2215 οἱ
3453 2159 3746 2232 ὀρθόδοξοιο

2174 2255 2347 2307 Βλέπε
2367 2294 2381 2317 ,
2412 2254 2556 2308 άϐϐἄ
2596 2254 2813 2308 Ἰάκωϐε
2834 2295 2848 2318 ,
2886 2253 2960 2325 μὴ
2995 2253 3317 2324 άπατήσωσί
3352 2270 3410 2305 σε
3439 2255 3488 2305 οι
3519 2250 3751 2320 ἀποσχί-

2175 2362 2298 2397 σται
2332 2345 2464 2414 (Ξὲ),
2510 2346 2602 2398 καὶ
2649 2344 2916 2398 έλκύσωσί
2964 2361 3022 2397 σε
3077 2347 3158 2407 είς
3200 2343 3299 2415 τὴν
3327 2343 3610 2396 κοινωνίαν
3649 2341 3750 2394 αὐ·-

2174 2437 2302 2490 τῶν.
2363 2438 2591 2506 Ὁμοίως
2623 2436 2679 2490 δὲ
2729 2437 2823 2489 καὶ
2874 2438 2924 2489 oi
2974 2436 3299 2506 ἀποσχίσται
3348 2435 3530 2503 ἔλεγον
3564 2432 3746 2501 αὐτῷ’

2177 2529 2292 2582 ’Ἰνα
2321 2523 2466 2590 οἶδας
2491 2569 2506 2591 ,
2541 2527 2685 2581 ἁϐϐᾶ
2720 2528 2941 2582 Ἰάκωϐε
2971 2569 2985 2593 ,
3027 2528 3108 2580 ὃτι
3143 2525 3280 2596 μετὰ
3306 2525 3414 2578 τῶν
3447 2523 3749 2592 Διφυσιτῶν

2175 2619 2448 2672 κοινωνῶν
2475 2657 2489 2680 ,
2540 2618 2791 2682 ἁπόλλεις
2820 2619 2864 2650 ⁸³
2902 2618 3000 2688 τὴν
3025 2617 3202 2688 ψυχήν
3237 2633 3328 2669 σου
3349 2633 3365 2646 ·
3397 2613 3749 2685 Νεστοριανοὶ

2175 2711 2284 2782 γάρ
2314 2713 2438 2770 εἰσι,
2471 2712 2567 2763 καὶ
2593 2692 2986 2780 σοκοφαντοῦσι
3015 2709 3111 2780 τὴν
3141 2708 3418 2779 ἀλήθειαν.
3469 2706 3526 2759 '0
3568 2706 3624 2758 δὲ
3653 2704 3754 2757 ἁϐ-

2177 2803 2276 2867 ϐᾶς
2311 2801 2562 2865 Ἰάκωϐος
2608 2803 2863 2873 ἀκέραιος
2896 2801 3000 2867 ὢν,
3048 2802 3143 2855 καὶ
3199 2799 3486 2863 στενωθεὶς
3535 2800 3601 2851 ὲκ
3637 2796 3756 2849 τῶν

2177 2893 2484 2964 λεγομένων
2517 2894 2666 2963 αὐτῷ
2681 2894 2738 2958 ἐξ
2759 2893 3101 2964 ἀμφοτέρων,
3124 2892 3220 2946 καὶ
3244 2889 3560 2965 ἀπορηθεὶς,
3582 2885 3753 2958 ἦλθεν

2177 2987 2270 3039 ἐπὶ
2300 2986 2360 3037 τὸ
2413 2985 2790 3056 παρακαλέσαι
2844 2982 2937 3037 τὸν
2985 2984 3137 3037 Θεόν.
3173 2983 3284 3037 Καὶ
3316 2982 3380 3052 δὴ
3437 2980 3752 3048 ἀπέκρυψεν

2179 3075 2368 3129 ἑαυτὸν
2395 3077 2452 3128 ὲν
2503 3074 2697 3144 κελλίῳ
2725 3074 2830 3139 ἔξω
2856 3074 2954 3143 τῆς
2975 3073 3180 3144 λαύρας
3207 3070 3533 3142 ἡσυχάζοντι
3551 3108 3567 3130 ,
3599 3068 3753 3121 ὲνδυ-

2183 3169 2413 3237 σάμενος
2458 3166 2525 3218 τά
2561 3165 2790 3234 ἐντάφια
2814 3165 2859 3195 ³⁵
2891 3163 3089 3226 αὑτοῦ,
3135 3163 3211 3226 ὡς
3264 3162 3472 3232 μέλλων
3511 3158 3754 3229 ἀποθνή-

2184 3257 2588 3325 σκειν.Ἕχουσι
2636 3255 2745 3326 γὰρ
2795 3254 2915 3317 ἔθος
2960 3255 3007 3307 οἱ
3039 3253 3323 3322 Αἰγύπτιοι
3353 3251 3625 3322 Πατέρες,
3660 3249 3756 3303 τὸν

2181 3349 2442 3402 λεϐίτωνα
2467 3349 2546 3410 εἰς
2571 3347 2629 3399 ὃν
2662 3346 2996 3418 λαμϐάνουσι
3031 3345 3092 3400 τὸ
3121 3345 3275 3414 ᾰγιον
3314 3345 3498 3414 σχῆμα
3522 3384 3538 3408 ,
3572 3345 3664 3395 καὶ
3688 3342 3755 3394 τὸ

2182 3439 2492 3493 κουκούλιον
2517 3479 2532 3504 ,
2559 3438 2846 3509 φυλάττειν
2902 3438 3005 3501 ἕως
3037 3437 3266 3495 θανάτου
3293 3474 3307 3498 ,
3337 3436 3431 3488 καὶ
3471 3435 3528 3486 ὲν
3570 3435 3755 3496 αὐτοῖς

2181 3529 2600 3599 ἐνταφιάζεσθαι
2624 3568 2639 3592 ,
2671 3529 2812 3582 κατὰ
2839 3527 3123 3600 Κυριακὴν
3156 3530 3313 3598 μόνον
3346 3527 3425 3589 είς
3457 3526 3555 3594 τὴν
3589 3525 3755 3593 ἁγίαν

2181 3622 2466 3675 κοινωνίαν
2497 3619 2787 3691 φοροῦντες
2812 3620 2971 3682 αὐτὰ,
3003 3620 3097 3672 καὶ
3127 3619 3327 3682 εὐθέως
3355 3617 3752 3679 συστέλλοντες.

2194 3711 2470 3765 Ἀπελθὼν
2491 3707 2582 3764 οὖν
2617 3712 2674 3763 ὲν
2711 3709 2789 3781 τῷ
2822 3708 3016 3780 κελλίῳ
3040 3708 3263 3777 ἐκείνῳ,
3296 3706 3626 3778 παρακαλῶν
3660 3707 3758 3759 τὸν

2181 3803 2335 3867 Θεὸν,
2360 3802 2455 3855 καὶ
2483 3799 2814 3870 ὲξατονήσας
2840 3802 2904 3870 τῇ
2940 3797 3183 3870 νηστείᾳ,
3210 3797 3405 3851 ἔπεσεν
3434 3799 3513 3860 είς
3541 3796 3601 3850 τὸ
3629 3797 3758 3849 ἔδα-

2185 3909 2282 3960 φος
2306 3933 2320 3955 ,
2349 3891 2444 3944 καὶ
2483 3890 2665 3961 ἔμεινε
2698 3890 2964 3958 κείμενος.
2996 3888 3178 3942 Πολλὰ
3215 3889 3272 3942 δὲ
3302 3889 3453 3958 ἔλεγε
3487 3888 3758 3942 πεπονθέ-

2183 3999 2271 4036 ναι
2305 3983 2362 4034 ἐν
2389 3983 2506 4043 ταῖς
2531 3980 2764 4053 ἡμέραις
2794 3978 3025 4042 ἐκείναις
3057 3979 3160 4031 ὑπὸ
3184 3979 3292 4031 τῶν
3321 3979 3607 4050 δαιμόνων,
3647 3964 3759 4049 ¹μά-

2183 4071 2337 4124 λιστα
2374 4070 2513 4124 κατὰ
2548 4070 2804 4124 διάνοιαν.
2843 4069 3261 4140 Τεσσαράκοντα
3288 4068 3343 4122 δὲ
3371 4070 3592 4140 ἡμερῶν
3613 4068 3762 4121 διελ-

2185 4160 2414 4224 θουσῶν,
2444 4163 2546 4232 ὁρᾷ
2577 4160 2785 4213 παιδίον
2811 4159 3049 4212 εἰσελθὸν
3082 4160 3216 4230 πρὸς
3242 4160 3401 4213 αὑτὸν
3435 4160 3757 4230 περιχαρὲς,

2183 4254 2278 4307 καὶ
2309 4253 2456 4320 λέγει
2477 4251 2627 4322 αὑτῷ
2647 4268 2659 4281 ·
2696 4250 2864 4304 Ἀϐϐᾶ
2897 4250 3117 4304 Ἰάκωϐε
3139 4291 3152 4311 ,
3184 4252 3236 4302 τί
3266 4256 3432 4313 ποιεῖς
3465 4246 3601 4315 ὧδες
3639 4252 3761 4304 "at-

2187 4341 2444 4413 ραχρῆμα
2472 4340 2528 4391 δὲ
2567 4337 2857 4408 φωτισθεὶς
2883 4381 2895 4401 ,
2927 4339 3020 4390 καὶ
3074 4337 3254 4391 λαϐὼν
3283 4338 3510 4408 δύναμιν
3556 4340 3618 4389 ὲκ
3654 4338 3759 4408 τῆς

2185 4430 2348 4484 αὐτοῦ
2371 4430 2497 4492 θέας
2521 4471 2536 4495 ,
2567 4425 2716 4480 εἶπεν
2765 4428 2913 4497 αὑτῷ
2932 4444 2944 4457 ³
2979 4430 3222 4481 Δέσποτα
3247 4470 3260 4490 ,
3291 4431 3354 4482 σὺ
3383 4428 3668 4497 γινώσκεις
3696 4429 3759 4481 τί

2187 4521 2312 4591 ἔχω.
2345 4522 2572 4573 Ἐκεῖνοι
2605 4519 2819 4587 λέγουσί
2848 4537 2957 4590 μοι,
2989 4521 3078 4590 Μὴ
3101 4521 3245 4590 ἀφῇς
3271 4519 3368 4589 τὴν
3407 4519 3755 4588 Ἐκκλησίανο

514 4595 760 4670 ριηείιω.
794 4593 944 4650 Unde
975 4611 1075 4666 ego
1111 4598 1413 4667 ambigens,
1443 4615 1542 4653 nec
1567 4601 1745 4656 sciens
1769 4605 1896 4672 quid
1923 4622 2077 4676 agere

2187 4610 2281 4663 καὶ
2302 4611 2348 4660 oi
2386 4609 2532 4662 ἄλλοι
2564 4608 2780 4676 λέγουσί
2814 4624 2924 4679 μοι,
2951 4609 3199 4663 Πλανῶσί
3225 4627 3282 4662 σε
3310 4613 3357 4663 ot
3389 4612 3756 4681 Atcpucitat"'

512 4683 758 4750 debeam,
800 4688 920 4754 veni
963 4687 1030 4742 ad
1069 4688 1122 4742 id
1147 4688 1292 4758 quod
1319 4692 1522 4746 cernis.
1561 4692 1872 4762 Respondet
1903 4701 1950 4751 ei
1976 4698 2080 4752 Do-

2186 4700 2341 4768 κάγὼ
2363 4695 2728 4772 ἀπορούμενός
2747 4741 2761 4763 ,
2792 4703 2886 4753 καὶ
2906 4701 2984 4771 ’μὴ
3010 4701 3165 4764 εἰδὼς
3191 4703 3243 4753 τί
3265 4703 3467 4769 δράσω,
3495 4699 3656 4772 ἦλθον
3674 4704 3762 4765 είς

511 4775 734 4833 minus:
781 4774 882 4830 Ubi
929 4793 1009 4844 es,
1046 4778 1182 4832 bene
1215 4795 1295 4835 es.
1342 4781 1515 4851 Atque
1551 4783 1696 4838 illico
1736 4787 1896 4840 simul
1934 4805 1995 4842 ac
2024 4791 2075 4849 id

2183 4793 2242 4844 τὸ
2291 4794 2518 4862 πρᾶγμα
2567 4791 2741 4846 τοῦτο.
2815 4793 3186 4862 ’Λποκρίνεται
3242 4792 3392 4864 αὐτῷ
3450 4795 3478 4846 6
3518 4793 3759 4864 Κύριος·

594 4926 634 4962 ’ί
667 4930 895 5004 Philipp.
930 4948 967 4988 It
993 4973 1009 4998 ,
1055 4935 1109 4989 8.
1187 4937 1233 4968 "
1264 4937 1432 4992 Abest
1461 4940 1677 5009 πρώτου
1717 4942 1788 4996 ab
1817 4944 1886 4998 al.
1968 4946 2014 4977 ”
2049 4945 2077 4998 Α

2177 4948 2404 5010 Ξιπολείς.
2483 4948 2528 4978 ’⁵
2570 4948 2655 5000 Δὶ.
2697 4948 2907 5018 ἱμάτια.
2983 4948 3032 4980 ⁸⁸
3061 4947 3144 5001 ΑΙ.
3207 4948 3497 5019 Διφυσίτα.

589 5089 700 5162 (20)
739 5089 856 5162 ἷξε.
888 5090 1184 5162 Potnxtv,
1214 5092 1272 5145 Η
1295 5092 1637 5162 ςίηῃρετεεΙι.
1675 5095 1764 5156 59,
1806 5097 1928 5151 159.

583 5156 696 5230 (Si)
737 5156 1123 5231 Εἶπεπὰλινξ
1152 5156 1493 5231 Κειμήλιὸιο.
1532 5164 1724 5217 Addidi
1765 5167 1903 5218 hanc
1945 5179 2072 5220 sen-

511 5232 736 5312 tentiam
763 5246 826 5284 ex
860 5231 1049 5286 codice
1095 5230 1426 5287 Colbertino.
1476 5231 1892 5288 Desiderabatur
1924 5235 2070 5288 enim

513 5298 1136 5440 ln(2;;5_':k:roaxlatat.
1175 5369 1310 5425 Cum
1343 5370 1667 5439 generaliter
1709 5385 1898 5426 omnes
1921 5373 2073 5428 schi-

513 5437 728 5509 επιειιίσί
781 5437 1106 5495 εἰιιιέιίιιιιι
1152 5437 1503 5509 aposclfistae;
1554 5440 1698 5494 unde
1746 5441 1799 5492 in
1837 5443 2072 5496 concilio

510 5505 786 5575 Ephesino
809 5509 881 5562 ita
914 5505 1254 5578 appellantur
1273 5509 1495 5565 Joannis
1519 5509 1854 5578 'Antioclieni
1895 5520 2075 5565 secta-

515 5577 1189 5646 tores;peculiaritamen
1248 5581 1456 5634 ratione
1517 5577 1763 5632 nonnulli
1811 5581 1915 5633 hoc
1972 5596 2074 5635 no-

518 5659 640 5698 men
677 5647 888 5717 .ferunt.
933 5647 994 5701 V.
1026 5647 1091 5705 ϐ.
1124 5649 1198 5701 illi
1253 5648 1517 5717 descripti
1566 5663 1592 5700 a
1628 5647 1836 5703 Joanne
1881 5648 2077 5703 Dama-

518 5659 640 5698 men
677 5659 888 5702 ierunt.
937 5659 994 5701 ν.
1026 5659 1091 5705 υ.
1124 5659 1198 5701 ιιιι
1253 5659 1517 5717 descripti
1566 5663 1592 5700 a
1628 5659 1836 5703 Joanne
1884 5659 2076 5703 Dama-

516 5716 894 5774 sceno'hatresi
918 5718 1038 5784 103.,
1063 5734 1157 5774 seu
1186 5718 1409 5772 ultima:
1436 5726 1488 5772 et
1523 5718 1718 5773 famosi
1748 5719 1860 5781 isti,
1882 5719 2076 5789 synodi

2173 5098 2637 5170 Cbalcedonepsis
2666 5099 2872 5160 hostes,
2891 5099 3208 5170 Eutychiani
3237 5113 3300 5153 ac
3322 5098 3716 5170 Monopbysitze
3741 5116 3756 5150 :

2171 5169 2243 5222 de
2269 5171 2470 5236 quibus
2505 5167 2826 5238 Theodorus
2866 5167 3060 5223 Lector
3081 5171 3175 5224 lib.
3210 5186 3279 5233 ιι,
3307 5186 3359 5238 p.
3393 5167 3531 5232 562;
3564 5167 3767 5236 ibique

2173 5240 2664 5305 praestantissimus
2723 5237 3020 5308 Valesius:
3080 5237 3452 5308 praetereaque
3512 5237 3764 5308 Joannes

2178 5309 2423 5366 Nicmnus
2454 5308 2681 5375 epistola
2711 5307 2782 5360 De
2818 5307 3008 5360 Natali
3040 5307 3286 5368 Domini,
3328 5307 3762 5360 AuctariiCcu-o

2175 5377 2509 5449 belisiani‘ﬁ,
2541 5377 2648 5449 col.
2683 5378 2816 5449 ’ὁρᾷς
2847 5393 3058 5449 necnon
3083 5380 3320 5449 Cyrinus
3334 5378 3646 5449 tuonaclius
3676 5375 3765 5449 De

2175 5447 2284 5518 uita
2325 5445 2591 5518 Erit/331m}
2623 5447 2824 5518 n._ll5,
2859 5445 3300 5518 lH,_l25,'apud
3332 5446 3650 5518 Bollandum
3685 5447 3764 5518 ad

2175 5513 2396 5568 Januar.
2433 5514 2522 5568 20.
2547 5513 2772 5580 Quoties
2798 5516 2940 5570 enim
2968 5516 3035 5571 iis
3067 5517 3120 5570 in
3153 5513 3288 5572 locis
3310 5533 3409 5571 vox
3438 5516 3764 5570 schismati-

2177 5598 2368 5639 eorum
2399 5585 2619 5653 legitur,
2645 5585 2808 5639 toties
2839 5585 2895 5638 in
2934 5585 3124 5640 Graeco
3167 5587 3386 5642 codices
3431 5600 3592 5640 manu
3621 5597 3767 5639 exa-

2181 5656 2281 5707 rati
2313 5653 2510 5707 babeut
2555 5653 2926 5724 Ἀποσχιστῶν
2947 5671 3166 5712 nomen.
