4028 6338
255 378 369 439 εδδ

1393 383 1999 443 APOPHTHEGMATA
2040 384 2343 444 PATliUM.

3389 365 3503 452 tu"

249 493 436 546 Ὅπου
463 487 535 558 ei,
560 490 740 556 καλῶς
773 485 844 549 εἴ.
872 491 978 547 Καὶ
995 493 1198 558 εὐθέως
1225 497 1322 550 σὺν
1349 495 1427 568 τῷ
1448 498 1612 569 λόγῳ,
1633 499 1831 571 εὑρέθη

1945 499 2080 554 verbi
2116 497 2471 568 proferretur,
2498 495 2736 551 delatum
2784 513 2842 554 se
2882 497 3237 571 deprehendit
3263 511 3392 560 ante
3413 505 3498 559 fo-

252 582 367 652 πρό
393 580 502 634 τῶν
526 581 706 653 θυρῶν
737 583 836 653 τῆς
862 584 1021 654 ἁγίας
1053 583 1377 658 Ἐκκλησίας
1398 587 1506 641 τῶν
1537 588 1831 660 ὀρθοδόξων

250 671 368 723 τῶν
397 671 690 724 συναδικῶν
715 671 826 743 (25)
839 711 852 726 .

333 761 399 830 β’.
426 757 561 814 Eine
595 762 755 815 πάλιν
788 765 816 816 ὀ
853 761 1029 827 esset;
1064 765 1289 832 Φωκᾱς,
1333 768 1413 821 ὅτι
1441 767 1724 822 Μετελθὼν
1754 773 1832 835 είς

255 847 460 921 Σκῆτιν
493 854 522 906 ὀ
547 852 720 916 άόδᾶς
757 853 1049 922 Ἰάκωϐος,
1083 857 1394 930 ἐπολεμήθη
1429 861 1703 931 κραταιῶς
1731 860 1834 914 ὑπὸ

255 941 354 996 τοῦ
395 943 652 1014 δαίμονος
679 943 778 1016 τῆς
815 940 1072 1017 πορνείας
1093 965 1108 980 ο
1150 949 1244 1001 καὶ
1274 949 1437 1018 ἐγγὺς
1483 948 1558 1003 ὢν
1589 950 1684 1002 τοῦ
1718 968 1834 1004 κιν-

253 1033 536 1100 δυνεῦσαι,
557 1032 690 1106 ἦλθε
720 1037 856 1108 πρὸς
889 1038 988 1108 μὲ,
1021 1040 1116 1092 καὶ
1137 1040 1356 1093 ἀνέθετο
1383 1041 1452 1093 τά
1478 1041 1597 1094 καθ’
1619 1042 1832 1105 ἑαυτὸν,

255 1126 356 1178 καὶ
384 1124 534 1192 λέγει
562 1141 683 1195 μοι’
722 1126 817 1189 Εἰς
844 1128 962 1180 τόδε
995 1128 1057 1182 τὸ
1089 1128 1352 1199 σπήλαιον
1389 1129 1698 1200 ἀπέρχομαι
1730 1131 1837 1184 άπὸ

252 1215 362 1284 τῆς
387 1216 680 1287 δευτέραςο
714 1219 1016 1288 παρακαλῶ
1043 1219 1099 1271 δέ
1132 1236 1190 1272 σε
1221 1219 1308 1273 διὰ
1350 1221 1440 1274 τὸν
1476 1221 1709 1292 Κύριον,
1740 1239 1838 1292 μη-

253 1307 373 1360 δενὶ
415 1310 586 1361 εἰπεῖν
611 1350 626 1374 ,
685 1311 821 1380 μηδὲ
855 1310 935 1381 τῷ
993 1312 1157 1382 πατρί
1207 1328 1343 1381 μου·
1395 1312 1530 1366 ἀλλὰ
1569 1313 1836 1384 μέτρησον

255 1400 671 1471 τεσσαράκοντα
701 1403 915 1474 ἡμέρας
936 1441 951 1465 ,
979 1404 1072 1456 καὶ
1099 1405 1225 1458 ὅταν
1247 1404 1596 1476 πληρωθῶσι,
1616 1405 1836 1476 ποίησον

256 1491 508 1560 ἀγάπην,
543 1492 635 1545 καὶ
661 1492 819 1564 δεῦρο
849 1494 987 1565 πρὸς
1018 1495 1085 1564 μὲ
1110 1493 1392 1564 βαστάζων
1413 1495 1511 1566 τὴν
1549 1496 1710 1564 ἁγίαν
1733 1512 1837 1547 κοι·

255 1582 480 1634 νωνίαν.
516 1583 625 1636 Ka‘t
653 1585 702 1635 el
739 1584 836 1653 μὲν
867 1584 1033 1657 εὕρῃς
1070 1602 1136 1655 με
1173 1586 1422 1652 θανόντα,
1451 1586 1621 1656 θάψον
1665 1604 1759 1658 με·
1787 1589 1838 1640 εί

255 1672 320 1723 δὲ
355 1671 434 1724 ἔτι
466 1671 674 1737 ζῶντα,
723 1675 812 1728 ἶνα
848 1676 1135 1745 μεταλάὸω
1179 1677 1279 1746 τῆς
1324 1678 1484 1744 ἁγίας
1533 1680 1834 1742 κοινωνίας.

258 1763 453 1816 Ταῦτα
484 1759 576 1817 οὖν
628 1764 868 1828 άκούσας
901 1765 1010 1833 ἐγὼ
1060 1765 1188 1837 παρ’
1222 1766 1385 1819 αὑτοῦ
1413 1807 1427 1831 ,
1462 1767 1839 1840 πληρωθείσης

1935 603 2024 645 res
2055 599 2260 645 sanctae
2299 585 2556 645 Ecclesiae
2593 587 3026 644 orthodoxorum
3059 591 3250 664 synodi
3285 593 3500 653 ειιαιεο.

1932 681 2179 734 donensis
2208 679 2575 734 defensorum.

2002 768 2057 822 Ξ.
2101 769 2422 824 Mcmoravit
2473 771 2667 825 iterum
2703 771 2870 826 abbas
2908 767 3158 827 Pbocas:
3201 771 3496 831 Transiens
3579 784 3591 831 ζ

1934 858 2226 926 aliquando
2269 873 2365 926 per
2421 857 2621 912 Scetim
2671 859 2840 913 abbas
2886 857 3142 927 Jacobus,
3181 862 3358 918 valide
3398 865 3496 918 im-
3576 904 3584 923 ι

1936 957 2209 1018 pugnatns
2236 957 2320 1002 est
2359 963 2386 1000 a
2419 949 2662 1004 dzemone
2695 949 3112 1019 fornicationis;
3150 969 3383 1024 cumque
3407 972 3500 1026 pe-

1935 1040 2110 1092 riculo
2146 1041 2332 1108 lapsus
2353 1041 2632 1108 proximus
2661 1049 2826 1104 esset,
2847 1043 2993 1096 venit
3016 1043 3081 1096 ad
3115 1058 3222 1107 me,
3250 1050 3501 1115 exposuit

1936 1129 2062 1199 quid
2095 1139 2387 1198 pateretur,
2417 1140 2468 1185 et
2501 1131 2574 1185 ait
2601 1150 2612 1184 :
2658 1130 2787 1185 Post
2830 1131 3054 1186 biduum
3097 1133 3413 1203 proﬁciscar
3435 1138 3502 1190 ad

1935 1218 2248 1287 speluncam
2289 1219 2468 1282 hanc;
2516 1234 2646 1288 rogo
2694 1228 2747 1275 te
2798 1229 3020 1289 pr0pter
3074 1220 3388 1292 Dominum,
3436 1240 3505 1280 no

1936 1309 2189 1376 cuiquam
2228 1307 2581 1374 indicaveris,
2617 1326 2792 1380 neque
2828 1312 2990 1383 etiam
3043 1314 3185 1383 patri
3213 1329 3375 1370 meo:
3410 1317 3506 1371 sed

1935 1413 2161 1453 recense
2218 1399 2577 1470 quadraginta
2633 1400 2791 1470 dies;
2832 1411 2954 1472 post
2994 1419 3132 1473 quos
3179 1406 3506 1476 completos.

1936 1488 2020 1542 fac
2045 1489 2388 1554 charitatem,
2422 1491 2546 1543 veni
2576 1489 2642 1543 ad
2671 1506 2776 1554 me,
2803 1502 3028 1562 portans
3070 1503 3320 1550 sanctam
3349 1511 3506 1551 com-

1937 1578 2274 1631 munionem.
2317 1577 2381 1630 Et
2425 1579 2474 1632 si
2527 1580 2746 1648 quidem
2787 1581 3062 1638 inveneris
3097 1593 3396 1652 mortuum,
3428 1602 3510 1642 se-

1938 1668 2168 1737 pulturae
2200 1670 2430 1734 manda;
2473 1670 2558 1725 sin
2598 1686 2726 1724 vero
2762 1671 2940 1726 adhuc
2973 1675 3240 1732 viventem
3262 1715 3278 1740 ,
3316 1686 3507 1734 sancta

1939 1761 2324 1814 communione
2363 1775 2448 1814 me
2480 1761 2721 1831 imperti.
2750 1762 2846 1818 His
2871 1765 3154 1835 itaque-ab
3184 1783 3250 1828 eo
3279 1767 3504 1836 auditis,

255 1853 366 1921 τῆς
403 1856 844 1926 τεσσαρακοστῆς
863 1899 876 1921 ,
896 1854 1076 1909 λαϐὼν
1105 1857 1204 1926 τὴν
1229 1857 1389 1924 ἁγίαν
1413 1845 1713 1922 κοινωνίαν,
1744 1861 1838 1913 καὶ

1945 1863 2154 1903 necnon
2182 1850 2542 1920 quadraginta
2583 1851 2775 1908 diebus
2802 1857 3040 1923 peractis
3058 1895 3072 1920 ,
3107 1871 3206 1927 ego
3233 1858 3508 1929 accipiens

257 1945 432 2015 ἄρτον
480 1946 657 1998 κοινὸν
691 1946 928 2018 καθαρὸν
984 1949 1120 2018 μετὰ
1171 1949 1350 2016 ὀλίγου
1383 1951 1524 2002 οἴνου
1550 1990 1564 2013 ,
1598 1951 1837 2019 ἀπῆλθον

259 2034 406 2104 πρὸς
457 2035 616 2088 αὐτόν
641 2053 656 2067 ·
707 2038 800 2091 καὶ
830 2037 906 2100 ὼς
941 2037 1098 2108 μόνον
1125 2039 1428 2109 ἐπλησίασα
1459 2039 1536 2110 τῷ
1569 2040 1835 2112 σπηλαίῳ,

258 2125 532 2189 δυσωδίας
583 2127 785 2197 πολλῆς
826 2127 1152 2200 ὠσφράνθην
1179 2170 1194 2194 ,
1224 2131 1344 2200 ἥτις
1383 2134 1597 2200 ἐγένετο
1639 2135 1702 2187 ἐκ
1742 2133 1836 2187 τοῦ

263 2217 533 2285 στόματος
570 2217 756 2272 αὑτοῦ.
800 2219 907 2272 Καὶ
933 2215 1083 2272 εἷπον
1108 2223 1164 2273 ὲν
1190 2221 1389 2293 ἑαυτῷ,
1420 2224 1499 2276 ὅτι
1542 2224 1776 2296 Ἀνεπάη
1809 2226 1839 2278 ὀ

265 2307 562 2376 μακάριος.
591 2307 856 2362 Εἰσελθὼν
879 2310 934 2362 δὲ
958 2311 1094 2381 πρὸς
1124 2313 1308 2376 αὑτὸν,
1343 2307 1501 2382 εὗρον
1529 2315 1689 2368 αὑτὸν
1719 2317 1839 2385 ἡμι-

457 2398 566 2450 Καὶ
594 2398 669 2461 ὼς
694 2392 800 2452 εἶδέ
830 2416 918 2470 με,
949 2400 1176 2470 κινήσας
1207 2399 1305 2472 τὴν
1337 2401 1516 2465 δεξιάν
1544 2405 1700 2473 χεῖρα
1726 2404 1838 2456 ὀλί-

259 2504 365 2555 γον
391 2529 410 2552 ,
448 2489 572 2543 ὅσον
609 2487 837 2558 ἠδύνατο
861 2528 876 2551 ,
909 2490 1147 2560 ὲσήμανε
1195 2490 1282 2544 διὰ
1311 2491 1404 2544 τοῦ
1431 2493 1708 2562 σχήματος
1740 2494 1840 2564 τῆς

261 2581 451 2652 χειρὸς
490 2581 617 2649 -ι-εερΊ⁵
652 2582 753 2650 τῆς
801 2581 961 2650 ἁγίας
1011 2584 1313 2646 κοινωνίας.
1354 2582 1494 2651 Ἐγὼ
1541 2585 1598 2637 δὲ
1649 2580 1836 2638 εἷπον·

265 2671 442 2740 Ἐχω.
482 2671 750 2742 Ἠθέλησα
803 2669 895 2725 οὖν
944 2672 1148 2737 ἀνοῖξαι
1195 2675 1255 2727 τὸ
1304 2673 1477 2744 στόμα
1504 2674 1712 2739 αὑτοῦ,
1746 2677 1840 2729 καὶ

1937 1953 2148 1993 sacrant
2173 1942 2636 2007 communionem,
2661 1952 2716 1998 ει
2751 1959 2946 2014 panem
2975 1960 3323 2003 communem
3346 1963 3509 2004 ωυιιο

1937 2031 2087 2095 dum,
2129 2046 2252 2085 cum
2299 2033 2427 2087 vino
2464 2033 2700 2099 modico,
2755 2035 2821 2090 ad
2876 2052 3001 2092 eum
3053 2040 3305 2107 perrexi;
3343 2049 3511 2110 utque

1937 2123 2202 2176 duntaxat
2234 2124 2662 2195 appropinquavi
2696 2127 2988 2196 speluncae,
3015 2128 3240 2185 fetorem
3275 2133 3508 2186 multum

1937 2214 2131 2276 olfeci,
2179 2215 2271 2284 qui
2320 2230 2384 2269 ex
2438 2231 2531 2269 ore
2562 2217 2682 2285 ejus
2731 2217 3001 2286 prodibat.
3033 2217 3181 2277 Tum
3215 2219 3328 2278 dixi
3368 2221 3523 2292 apud.

1939 2319 2024 2358 me
2060 2323 2072 2357 :
2099 2302 2295 2358 Vivere
2327 2304 2492 2358 desiit
2523 2304 2716 2360 beatus
2756 2307 2867 2362 ille.
2896 2305 3069 2363 Porro
3104 2308 3405 2380 ingressus,
3430 2311 3531 2365 ins

1937 2392 2058 2445 veni
2110 2393 2544 2448 semimortuam.
2577 2393 2822 2465 Cumque
2870 2397 3006 2452 vidit
3055 2413 3162 2463 tne,
3217 2409 3363 2454 mota
3415 2414 3514 2471 pa-

1938 2498 2160 2552 rumper
2187 2483 2332 2553 quod
2385 2492 2598 2554 poterat
2638 2486 2828 2541 dextra
2850 2527 2864 2551 ,
2911 2504 3006 2559 per
3041 2489 3284 2545 habitum
3318 2506 3512 2547 manus

1940 2575 2267 2643 significavit
2301 2575 2368 2630 de
2398 2587 2587 2631 sancta
2627 2580 3029 2636 communione.
3069 2581 3180 2652 Ego
3202 2597 3330 2638 vero
3355 2584 3466 2638 dixi
3494 2602 3512 2640 :

1943 2665 2149 2720 Habeo.
2184 2666 2341 2720 Volui
2381 2681 2510 2738 ergo
2543 2669 2753 2737 aperire
2782 2685 2845 2724 os
2875 2671 3030 2741 ejus;
3062 2672 3157 2727 sed
3189 2673 3372 2728 inveni
3409 2673 3512 2727 ob-.

262 2762 464 2834 εὖρέθη
503 2763 810 2834 σφηνωθέν·
838 2765 930 2816 καὶ
958 2764 1176 2835 ἀπορῶν
1213 2765 1265 2817 τί
1314 2765 1569 2835 ποιῆσαι,
1617 2766 1874 2837 ἐξῆλθον·

262 2856 350 2917 είς
377 2854 476 2924 τὴν
512 2854 735 2924 ἔρημον,
773 2855 866 2907 καὶ
888 2849 1043 2923 εὗρον
1075 2854 1323 2925 ξυλάριον
1351 2856 1460 2909 άπὸ
1481 2856 1684 2926 θάμνου
1709 2875 1722 2888 ο
1745 2859 1840 2912 καὶ

264 2943 441 2996 πολλὰ
484 2945 751 3007 κοπιάσας
772 2985 788 3009 ,
837 2943 986 3014 μόλις
1032 2945 1299 3016 ἠδυνήθην
1335 2947 1538 3011 ἀνοῖξαι
1568 2948 1628 3001 τὸ
1667 2949 1840 3019 στόμα

1945 2956 2004 2996 ac
2037 2950 2160 3011 post
2191 2941 2423 2996 multum
2461 2943 2728 3008 laborem,
2767 2943 2859 2996 vix
2889 2943 3038 3012 potui
3081 2943 3359 3013 paululum
3389 2959 3513 3014 ape-

263 3034 434 3088 αύτοῢ
471 3035 683 3105 μικρόν.
725 3036 836 3088 Kai.
883 3036 1073 3106 ὲνέχεα
1117 3037 1209 3089 τοῦ
1236 3038 1418 3108 τιμίου
1466 3039 1715 3110 σώματος
1748 3044 1840 3096 καὶ

1945 3033 2052 3086 rire
2095 3047 2158 3088 os
2195 3033 2335 3103 ejus.
2395 3032 2602 3088 Deinde
2644 3034 2844 3088 immisi
2885 3035 3176 3104 pretiosum
3217 3050 3417 3105 corpus
3455 3049 3512 3092 et

264 3127 500 3196 αἵματος
526 3165 541 3188 ,
579 3125 702 3179 ὅσον
761 3125 1034 3196 ἐνδέχεται
1087 3127 1492 3192 καταλεπτύνας
1546 3131 1699 3184 αύτό.
1730 3131 1840 3184 Καὶ

1945 3124 2301 3194 sanguinem,
2353 3124 2666 3179 minutatim
2731 3124 3028 3180 concidens
3077 3132 3342 3194 quantum
3395 3127 3513 3183 fieri

1941 2766 2182 2812 turatum
2210 2775 2224 2823 ;
2259 2760 2577 2829 haerensque
2607 2761 2737 2830 quid
2789 2761 3060 2828 facerem,
3104 2764 3210 2819 exii
3239 2764 3294 2824 in
3319 2763 3512 2823 80“er

1939 2851 2159 2916 dinem;
2201 2850 2314 2904 illic
2345 2858 2539 2904 nactus
2581 2865 2702 2905 sunt
2736 2866 2960 2920 parvum
2993 2853 3196 2924 lignum
3223 2868 3253 2908 ο
3283 2854 3511 2919 frutice;

266 3177 430 3271 ἔλαϐε
455 3173 681 3288 δύναμιν
722 3219 786 3270 ὲκ
812 3173 914 3288 τῆς
941 3219 1289 3290 μεταλήψεως
1317 3221 1415 3291 τῆς
1454 3173 1615 3290 ἁγίας
1647 3240 1838 3277 κοινω-
1868 3173 1912 3232 c

265 3308 410 3372 νίας.
437 3308 544 3362 Kal.
578 3309 694 3378 μετ’
741 3308 916 3377 ὀλίγον
969 3309 1164 3380 βρέξας
1197 3311 1352 3380 ὀλίγα
1383 3312 1539 3384 ψιχία
1564 3315 1611 3346 ’⁸
1651 3316 1715 3368 ὲκ
1745 3313 1840 3368 τοῦ

268 3397 453 3452 κοινοῦ
484 3398 690 3468 ἄρτου,
741 3400 1090 3468 προσήνεγκα
1137 3400 1316 3471 αὐτῷ’
1357 3403 1451 3456 καὶ
1504 3404 1620 3472 μετ’
1665 3403 1842 3471 ὀλίγον

268 3487 434 3542 πάλιν
460 3487 595 3541 ἄλλα
621 3531 635 3553 ,
671 3487 795 3541 καθ’
833 3487 862 3540 ὀ
884 3487 1114 3556 ἠδύνατο
1162 3489 1366 3547 λαϐεῖν.
1397 3490 1507 3544 Καὶ
1537 3491 1708 3555 οὔτως
1755 3491 1844 3546 διὰ

266 3577 374 3645 τῆς
423 3577 642 3647 χάριτος
693 3574 786 3628 τοῦ
815 3573 952 3628 Θεοῦ
1007 3575 1145 3645 μετὰ
1184 3578 1312 3646 μίαν
1344 3577 1553 3647 ἡμέραν
1589 3578 1685 3630 σὺν
1722 3578 1846 3648 ἐμοὶ

266 3663 456 3736 ἦλθεν,
493 3666 691 3720 ὁδεύων
729 3667 822 3719 ἐπὶ
853 3666 914 3718 τὸ
959 3665 1086 3718 ἴδιον
1111 3666 1316 3718 κελλίον
1340 3706 1354 3728 ,
1386 3665 1719 3733 ἀπαλλαγεὶς
1751 3667 1847 3720 σὺν

267 3756 392 3829 Θεῷ
418 3757 513 3810 τοῦ
541 3758 783 3829 ὀλεθρίου
808 3757 1012 3822 πάθους
1041 3759 1139 3826 τῆς
1164 3757 1436 3828 πορνείας.

651 3872 792 3939 Περὶ
822 3871 927 3925 τοῦ
965 3869 1115 3924 ἀόϐἇ
1143 3870 1354 3923 diuum
1385 3870 1452 3923 ⁸⁷.

343 3983 656 4056 Παρέϐαλον
684 3984 903 4053 ἀδελφοὶ
930 3983 1066 4054 πρὸς
1091 3982 1183 4035 τὸν
1205 3982 1380 4035 άὸὁᾶν
1395 3982 1609 4045 Φίλικα,
1635 3982 1848 4052 ἔχοντες

275 4076 396 4147 μεθ’
452 4075 658 4130 ἑαυτῶν
718 4073 1043 4144 κοσμικούς·
1103 4073 1196 4126 καὶ
1252 4072 1632 4143 παρεκάλεσαν
1662 4070 1844 4135 αὑτὸν,

274 4169 364 4222 ἴνα
411 4169 542 4241 εῐπῃ
572 4168 753 4230 αὐτοῖς
792 4166 967 4234 λόγον.
1013 4165 1070 4218 '0
1113 4165 1168 4218 δὲ
1205 4164 1384 4233 γέρων
1442 4161 1674 4215 ἐσιώπα.
1725 4162 1848 4214 Ἐπὶ

270 4259 411 4312 πολὺ
438 4259 496 4312 δὲ
528 4257 986 4328 παρακαλούντων
1019 4256 1217 4318 αὐτῶν,
1250 4249 1402 4307 εἶπεν
1429 4253 1612 4316 αὐτοῖς
1633 4267 1646 4281 ⁸
1678 4250 1848 4320 Λόγον

272 4349 458 4402 θέλετε
491 4347 752 4413 άκοῢσαι;
791 4347 1054 4416 Λέγουσιν
1094 4345 1275 4414 αὐτῷ’
1317 4345 1443 4407 Ναὶ,
1486 4343 1648 4398 assa.
1683 4339 1849 4396 Εἶπεν

1950 3224 2148 3287 potest.
2177 3217 2273 3272 Ille
2295 3232 2360 3272 ex
2391 3232 2565 3272 sacrae
2599 3217 3001 3272 communionis
3031 3218 3342 3288 sumptione
3372 3219 3528 3274 vires.

1949 3308 2314 3376 recuperavit.
2364 3307 2534 3362 Paulo
2585 3316 2729 3377 post,
2779 3308 3089 3363 communis
3137 3308 3292 3377 panis
3341 3309 3514 3364 micas

1951 3398 2159 3467 aliquot
2192 3395 2530 3452 madefactas
2562 3397 2718 3452 intuli
2751 3398 2834 3462 ei,
2868 3397 3177 3466 iterumque
3202 3411 3327 3450 mox
3355 3396 3512 3461 alias.

1949 3495 2110 3558 prout
2150 3487 2431 3558 suscipere
2461 3489 2694 3544 valebat.
2726 3489 2902 3560 Atque
2931 3489 3007 3543 ita
3041 3505 3136 3558 per
3163 3489 3390 3560 gratiam
3420 3488 3526 3547 Dei.

1949 3587 2072 3650 post
2102 3594 2268 3634 unum
2302 3580 2444 3635 diem
2472 3579 2755 3650 profectus
2784 3588 2865 3634 est
2889 3595 3100 3636 mecum
3123 3619 3138 3644 ,
3172 3581 3518 3652 perrexitque

1949 3671 2018 3725 ad
2063 3671 2254 3725 cellam
2295 3687 2486 3738 suam;
2527 3672 2826 3736 liberatus,
2867 3671 3082 3728 favente
3111 3670 3252 3738 Deo,
3307 3671 3375 3728 ab
3401 3673 3516 3728 exl-

1949 3762 2091 3818 tioso
2111 3763 2248 3818 vitio
2283 3761 2680 3818 fornicationis.

2461 3872 2532 3927 De
2589 3873 2776 3927 abbate
2827 3871 3024 3930 Felice.

2014 3980 2511 4054 (24)Accesserunt
2546 3983 2743 4039 fratres
2771 3984 2840 4038 ad
2872 3984 3118 4039 abbatem
3149 3983 3521 4048 Felicem,»

1951 4072 2231 4127 cularibus
2273 4073 2550 4138 comitati,
2577 4080 2632 4126 et
2658 4079 2984 4142 rogaverunt
3015 4086 3137 4126 eum
3170 4081 3237 4125 ut
3257 4071 3324 4126 ad
3368 4072 3521 4142 ipsos

1949 4161 2218 4232 proferret
2239 4177 2570 4217 sermonem.
2595 4162 2662 4216 At
2692 4178 2858 4217 senex
2899 4162 3130 4218 tacebat.
3169 4162 3306 4218 Cum
3337 4171 3522 4219 autem

1950 4251 2042 4307 diu
2091 4260 2418 4322 rogassent,
2450 4253 2636 4306 dixit:
2689 4251 3008 4306 Sermonem
3056 4251 3224 4306 vultis
3282 4251 3524 4308 audire!

1950 4345 2119 4398 Aiunt
2150 4362 2162 4398 ε
2192 4343 2390 4407 Etiam,
2421 4344 2582 4397 abba.
2617 4342 2772 4398 Tunc
2798 4358 2986 4406 senex,
3015 4341 3158 4405 Jam,
3191 4343 3391 4413 inquit,
3411 4357 3522 4398 non

270 4436 368 4494 οὖν
394 4442 423 4494 ὀ
447 4439 654 4510 γέρων·
704 4441 861 4508 ’Δρτι
901 4439 1001 4492 ούκ
1033 4437 1112 4490 ενι
1142 4438 1318 4506 λόγος.
1360 4437 1486 4490 Ὅτε
1521 4435 1748 4508 ὴρώτων
1797 4438 1843 4491 oi

1952 4444 2038 4492 est
2066 4451 2270 4491 sermo.
2310 4433 2541 4500 Quando
2575 4436 2774 4490 fratres
2805 4435 3272 4504 percontabantur
3286 4435 3353 4490 de
3385 4435 3525 4489 seni-

272 4504 494 4602 ἀδελφοὶ
520 4504 647 4596 τοὺς
676 4504 953 4602 γέροντας,
978 4531 1071 4585 καὶ
1101 4504 1318 4583 ἐποίουν
1350 4527 1386 4582 ἃ
1421 4504 1604 4598 ελεγον
1640 4529 1842 4593 αὐτοῖς,

1954 4528 2076 4590 bus,
2101 4535 2153 4580 et
2183 4525 2454 4580 faciebant
2486 4541 2606 4595 qua:
2639 4526 3070 4596 pronuntiabant
3099 4526 3189 4591 iis,
3215 4525 3357 4581 Deus
3387 4541 3524 4596 pra-

270 4625 454 4690 ὀΘεός
491 4625 818 4697 ἐπεχορήγει
853 4623 914 4676 τὸ
952 4622 1068 4684 πῶς
1096 4621 1347 4691 λαλῆσαι.
1394 4621 1510 4674 Νῦν
1546 4621 1626 4684 δὲ,
1659 4619 1846 4690 ἐπειδὴ

273 4717 522 4787 ἐρωτῶσι
551 4716 671 4786 μὲν,
697 4715 755 4768 ού
785 4714 994 4766 ποιοῦσι
1023 4713 1080 4766 δὲ
1106 4712 1140 4766 ά
1169 4711 1476 4775 ἁκούουσιν,
1505 4706 1638 4782 ἦρεν
1669 4712 1697 4763 ὀ
1717 4710 1850 4772 Θεὸς

269 4807 373 4878 τὴν
404 4809 562 4876 χάριν
607 4806 701 4857 τοῦ
754 4805 913 4873 λόγου
968 4803 1076 4857 ἀπὸ
1121 4803 1228 4856 τῶν
1267 4803 1568 4875 γερόντων·
1616 4801 1710 4854 καὶ
1749 4801 1847 4870 οὐχ

270 4899 590 4970 εὑρίσκουσι
617 4897 669 4951 τί
685 4898 932 4967 λαλῆσαι,
969 4895 1156 4965 ἐπειδὴ
1191 4896 1290 4948 ούκ
1330 4895 1477 4947 ἔστιν
1501 4894 1529 4946 ὁ
1551 4893 1850 4966 ἐργαζόμε-

272 5008 386 5053 νος.
415 4991 526 5043 Ka‘t
562 4988 890 5050 ἀκούσαντες
932 4989 980 5042 οἱ
1027 4987 1248 5055 ἀδελφοὶ
1286 4986 1480 5050 ταῦτα,
1533 4984 1842 5050 ὲστέναξαν,

269 5082 555 5150 λέγοντες·
587 5077 752 5144 Εὗξαι
779 5081 917 5148 ὑπὲρ
938 5077 1114 5148 ἡμῶν,
1144 5076 1306 5130 assa.

349 5235 399 5267 ⁵⁸
431 5236 517 5289 Al.
569 5234 796 5305 ψιχίδια.
905 5235 949 5265 ³⁷
980 5233 1065 5288 AI.
1090 5233 1324 5295 Φίλικος.

344 5425 457 5493 (‘23)
497 5422 621 5477 Τῶν
641 5419 1112 5493 ὀρθοὸόεων-τῶν
1133 5417 1501 5493 συνοδιθςῶκ.
1517 5415 1770 5493 Synodici
1793 5424 1847 5493 et

272 5487 543 5557 svnntlitae
591 5487 911 5545 dicebantur
955 5488 1244 5550 Catholici,
1291 5489 1384 5557 qui
1417 5488 1668 5540 videlicet
1709 5487 1848 5557 reci-

269 5556 501 5636 p'iebant
558 5561 825 5636 synodum
845 5554 1414 5636 __Clialeedon_ensem.
1461 5557 1720 5636 l_..eontius
1772 5554 1848 5636 De

272 5626 463 5696 sectis,
493 5626 707 5686 actione
739 5631 800 5691 5,
845 5628 1217 5698 ’1ουστινιανού
1277 5626 1724 5698 βασιλεύσαντος,
1756 5627 1850 5698 καὶ

270 5705 385 5758 τῶν
441 5695 728 5756 συνοδιτῶν
769 5700 937 5760 ὀντος.
982 5697 1047 5752 Et
1072 5715 1182 5753 non
1221 5695 1412 5767 paucis
1471 5695 1845 5767 interpositis:

285 5771 617 5842 Ὀφείλωνῆ
659 5772 840 5822 πείσαι
889 5767 1140 5835 γενέσθαι
1193 5764 1550 5836 συνοδίτην,ἢ
1603 5764 1846 5817 καθελεῖν

1951 4619 2113 4673 bebat
2145 4617 2404 4686 loquendi
2439 4619 2681 4674 modum.
2716 4617 2871 4670 Nunc
2900 4617 3198 4686 vero,quia
3231 4617 3526 4672 sciscitanv

1952 4720 2041 4764 tur
2088 4711 2333 4781 quidem,
2375 4709 2479 4766 sed
2524 4727 2634 4765 non
2684 4717 3062 4778 exsequuntur
3114 4723 3235 4778 quae
3266 4707 3520 4771 audiunt,

1953 4803 2094 4858 Deus
2119 4803 2347 4872 gratiam
2379 4802 2650 4855 sermonis
2687 4801 2917 4854 abstulit
2947 4815 2977 4852 a
3011 4799 3273 4865 senibus;
3305 4813 3408 4853 nec
3441 4799 3524 4853 in-

1952 4894 2177 4948 veniunt
2201 4891 2333 4962 quid
2365 4893 2682 4962 loquantur,
2712 4889 3156 4959 quandoquidem
3195 4889 3289 4958 qui
3323 4903 3521 4957 opere-

1953 4994 2044 5039 tur
2075 5001 2181 5038 non
2229 4994 2332 5038 est.
2376 4983 2471 5038 llis
2525 4983 2730 5037 auditis
2770 4981 2969 5038 fratres
3002 4983 3408 5053 ingemuerunt,
3432 4983 3519 5038 di-

1958 5084 2262 5146 xeruntque
2288 5093 2301 5128 :
2335 5073 2441 5129 Ora
2467 5089 2565 5144 pro
2594 5073 2774 5138 nobis,
2799 5074 2960 5129 abba.

1959 5411 2138 5464 αὐτόν.
2168 5409 2246 5461 Ac
2282 5405 2444 5462 int'ra.
2471 5421 2680 5459 necnon
2717 5405 2930 5456 actione
2950 5403 3004 5464 7,
3031 5402 3315 5464 συνοδῖται,
3345 5404 3392 5455 οἱ
3421 5401 3527 5456 ἀπὸ

1955 5482 2056 5549 τῆς
2078 5479 2319 5549 συνόδου.
2351 5477 2505 5549 Apud
2527 5475 2800 5549 ῥηθείσεῇ
2836 5473 3219 5549 I_lodegurrr,_oi
3249 5473 3528 5549 Χαλκηδο-

1957 5541 2118 5604 νῖται.
2147 5548 2201 5600 In
2234 5541 2492 5601 Chronico
2531 5544 2811 5605 Orientali,
2841 5541 3088 5596 Justinus
3134 5542 3527 5596 Citati-adcucu-

1955 5621 2049 5674 sis.
2084 5617 2424 5671 lustinianus
2459 5612 2939 5678 Chalcedonensis;
2986 5613 3052 5667 tle
3078 5612 3396 5668 orlltodosis
3427 5612 3528 5662 int-

1957 5688 2320 5759 nmmum:

2028 5757 2136 5828 (ΞΗ)
2173 5756 2271 5808 Vit.
2303 5754 2454 5808 Patr.
2489 5752 2708 5816 multi.
