4032 6338
456 364 461 375 .
508 325 621 397 435,

987 440 1059 494 De
1104 440 1292 496 abbate
1326 442 1621 516 Philagrio.

582 531 695 601 (25)
726 527 854 584 Erat
893 542 1209 586 sanctorum
1243 533 1465 604 quidam
1502 539 1721 595 nomine
1749 539 2078 614 Philagrius,

512 621 900 677 incola'eremi
949 621 1479 694 Hierosolymitanaa,
1505 628 1596 698 qui
1644 631 1701 684 in
1742 645 1881 701 opus
1925 635 2081 709 valde

511 709 885 778 incumbebat,
921 718 984 765 ut
1017 713 1121 768 sibi
1143 729 1335 783 panem
1359 727 1723 786 compararet.
1754 721 1806 777 is
1833 738 1956 776 cum
1980 725 2081 778 ali-

510 803 730 872 quando
756 804 812 858 in
834 803 955 859 foro
973 813 1141 861 staret
1167 807 1235 861 ad
1273 808 1615 864 vendendum
1639 813 1784 882 quod
1827 816 2082 872 manibus

509 893 863 962 operabatur,
898 909 964 948 en
997 895 1235 951 elabitur
1262 897 1483 951 cuidam
1517 902 1856 971 marsupium
1888 904 1942 958 in
1969 920 2083 975 quo

508 991 668 1037 erant
712 984 860 1039 mille
896 986 1124 1039 nummi.
1158 985 1315 1052 Quod
1350 996 1547 1043 nactus
1588 1006 1776 1058 senex,
1812 994 1962 1048 stetit
1996 996 2080 1050 in-

508 1072 604 1136 ibi,
631 1074 821 1129 dicens
856 1073 1088 1131 :Veniet
1121 1080 1485 1146 proculdubio
1514 1082 1605 1151 qui
1631 1084 1834 1138 amisit.
1860 1085 1927 1137 Et
1951 1102 2081 1142 ecce

509 1160 751 1227 advenit,
792 1163 1036 1234 plorans.
1076 1165 1253 1222 Senex
1292 1184 1421 1224 vero
1461 1186 1750 1227 assumens
1800 1174 2079 1230 hominem

464 1302 470 1322 ς
508 1264 780 1318 seorsum,
815 1252 1054 1308 reddidit
1099 1256 1170 1311 ei.
1210 1256 1304 1313 Ille
1347 1259 1637 1330 prehendit
1663 1264 1863 1333 ipsum,
1894 1275 1953 1321 ut
1984 1267 2078 1338 qui

460 1341 675 1408 fvellot
711 1343 946 1414 aliquam
1000 1346 1246 1415 pecuniae
1293 1362 1503 1421 partem
1543 1352 1693 1411 dare.
1748 1354 1855 1412 Sed
1911 1375 2081 1417 senex

461 1431 465 1435 ’
506 1433 703 1490 noluit.
726 1434 879 1491 Tunc
908 1439 1076 1508 cmpit
1116 1440 1357 1498 clamare
1386 1463 1400 1499 :
1438 1442 1652 1511 Venite,
1693 1447 1871 1505 videte
1899 1449 2082 1507 homi-

454 1586 455 1589 η
507 1538 631 1578 nem
666 1523 927 1599 Dei,quid
962 1530 1174 1586 fecerit.
1208 1532 1385 1591 Senex
1411 1553 1540 1594 vero
1559 1539 1701 1596 clam
1729 1540 2081 1615 fugit,egres—

508 1629 713 1686 susque
748 1628 883 1675 este
908 1621 1150 1690 civitate,
1194 1641 1263 1680 ne
1298 1628 1487 1686 laudes
1525 1639 1580 1685 et
1610 1632 1839 1702 gloriam
1882 1650 2081 1691 conse-

506 1718 787 1776 queretur.

1011 1782 1090 1838 De
1128 1787 1319 1841 abbate
1350 1788 1570 1844 Phorta.

578 1867 723 1924 Dixit
773 1871 943 1927 abbas
975 1873 1208 1932 Phortas
1247 1896 1259 1930 :
1302 1876 1359 1930 Si
1406 1877 1551 1934 Deus
1587 1880 1770 1936 vivere
1808 1899 1894 1937 me
1937 1887 2073 1951 vult,

503 1962 659 2016 novit
693 1964 968 2032 quomodo
998 1966 1066 2020 de
1095 1982 1181 2023 me
1208 1969 1483 2039 disponat.
1520 1972 1674 2038 Quod
1706 1974 1751 2028 si
1800 1991 1906 2030 non
1940 1980 2075 2045 vult,

503 2051 574 2106 ad
613 2052 742 2122 quid
772 2055 904 2109 mihi
935 2056 1085 2110 vita?
1110 2056 1228 2113 Non
1265 2062 1410 2115 enim
1445 2078 1475 2116 a
1503 2065 1721 2119 cunctis
1751 2067 2074 2138 accipiebat,

502 2147 608 2201 etsi
657 2147 797 2201 lecto
830 2149 1044 2208 amxus.
1096 2152 1291 2209 Aiebat
1333 2156 1534 2225 quippe
1568 2175 1581 2211 :
1616 2156 1673 2212 Si
1717 2163 1844 2230 quis
1882 2161 1951 2215 ad
1991 2178 2077 2219 me

501 2236 769 2307 quidlibet
809 2240 1073 2308 attulerit,
1100 2251 1154 2299 et
1200 2260 1307 2300 non
1343 2256 1565 2318 propter
1593 2248 1763 2305 Deum
1792 2268 1806 2316 ;
1838 2268 1937 2307 nec
1974 2269 2075 2325 ego

501 2327 675 2382 habeo
700 2329 846 2399 quod
864 2330 986 2385 dem
1010 2332 1109 2396 illi,
1146 2349 1247 2390 nec
1267 2351 1296 2389 a
1331 2335 1442 2391 Deo
1467 2340 1775 2394 mercedem
1811 2342 2072 2411 accipiet;

501 2418 632 2488 quia
661 2434 770 2473 non
795 2429 1020 2491 propter
1053 2422 1221 2479 Deum
1256 2426 1475 2494 obtulit,
1513 2438 1567 2484 et
1611 2431 1810 2501 injuria
1839 2433 2075 2488 adicitur

500 2509 592 2579 qui
634 2514 964 2581 apportavit.
991 2513 1219 2585 Oportet
1270 2521 1458 2587 etiam,
1502 2521 1613 2576 Deo
1632 2523 1881 2589 devotos,
1908 2533 2074 2596 atque

500 2604 569 2659 ad
594 2603 772 2676 ipsum
805 2607 981 2663 solum
1010 2611 1391 2681 respicientes,
1426 2623 1577 2669 tanta
1609 2616 1813 2686 pietate
1846 2617 2073 2672 aﬂ‘ectos

498 2711 643 2762 esse,
681 2705 741 2752 ut
768 2714 838 2755 ne
884 2699 1138 2769 iniuriam
1166 2704 1387 2773 quidem
1427 2707 1592 2761 ullam
1635 2716 1918 2774 censeant,
1945 2709 2072 2763 licet

497 2785 698 2843 millies
723 2790 1112 2846 contumeliam
1144 2795 1444 2864 patiantur.

910 2964 931 2973 _
953 2900 1288 2975 Principium
1318 2907 1515 2964 litterae
1540 2908 1609 2963 X.

1007 3016 1086 3072 De
1121 3018 1309 3074 abbate
1341 3020 1553 3075 Chome.

569 3126 683 3198 (26)
723 3127 1054 3184 Referebant
1081 3130 1150 3186 de
1171 3131 1615 3199 abbateChome,
1635 3134 1780 3205 quod
1806 3136 1918 3205 jam
1951 3152 2066 3191 mo-
2096 3165 2140 3222 α

497 3218 728 3284 riturus,
760 3220 958 3275 dixerit
987 3220 1112 3278 ﬁliis
1142 3224 1259 3289 suis
1285 3243 1298 3279 :
1321 3223 1500 3280 Nolite
1527 3225 1776 3283 habitare
1804 3243 1928 3283 cum
1961 3228 2071 3283 hm-

494 3306 722 3372 reticis;
758 3324 936 3379 neque
958 3310 1209 3369 habeatis
1243 3313 1671 3371 familiaritatem
1693 3333 1817 3372 cum
1851 3319 1986 3374 viris
2012 3319 2067 3373 in

499 3392 759 3467 dignitate
787 3401 1143 3469 constitutis;
1173 3420 1349 3475 neque
1378 3406 1488 3462 sint
1519 3423 1714 3465 manus
1747 3417 1940 3466 vestra:
1969 3426 2066 3466 ex-

498 3496 669 3543 tensa
698 3489 768 3544 ad
795 3491 1187 3562 colligendum,
1224 3496 1321 3552 sed
1354 3499 1531 3569 magis
1559 3499 1626 3553 ad
1659 3499 1923 3556 dandum.

925 3693 1003 3748 De
1056 3696 1244 3752 abbate
1281 3697 1638 3756 Cha-remane.

561 3797 871 3856 Narrabant
895 3803 962 3859 de
989 3804 1189 3860 abbate
1211 3806 1566 3865 Chaeremone
1603 3811 1658 3865 in
1710 3810 1879 3875 Sceti,
1915 3814 2063 3882 quod

1637 334 1980 394 APPENDIX
2013 339 2106 393 AD
2142 341 2566 401 PALLADIUM.

2106 462 2157 520 Α

3652 342 3760 413 ιτς

2533 459 2673 526 Περὶ
2718 457 2826 511 τοῦ
2876 454 3026 512 ἀϐὄᾶ
3060 455 3403 525 Φιλαῃοίου.

2253 546 2543 620 Φιλάγριος
2576 545 2645 621 ἦν
2680 566 2767 613 τις
2802 548 2909 602 τῶν
2953 548 3122 616 ἁγίων
3152 546 3467 617 λεγόμενος,
3506 546 3673 601 οίκῶν
3701 545 3759 602 δι

2186 638 2245 690 ὲν
2267 642 2334 709 τῇ
2367 642 2560 712 ἐρήμῳ
2607 639 3017 712 Ἰεροσολύμων,
3067 639 3162 691 καὶ
3197 636 3564 708 ἐργαζόμενος
3604 637 3761 708 κόπῳ
3820 684 3847 715 ἢ.

2188 726 2274 778 ἵνα
2290 728 2491 800 ποιήσῃ
2508 729 2596 781 τὸν
2617 728 2747 783 ῐδιον
2772 729 2955 799 ἄρτον.
2976 726 3088 779 Καὶ
3114 726 3189 789 ὡς
3213 726 3397 779 ἵστατο
3419 726 3478 778 ὲν
3498 728 3565 796 τῇ
3582 726 3760 796 ἀγορᾷ

2187 816 2380 870 πωλῶν
2409 817 2470 870 τὸ
2502 819 2812 890 ὲργόχεινρον
2844 817 3028 882 αὐτοῦ,
3067 816 3174 870 ίδοὺ
3207 815 3416 886 ὲξαφίει
3443 833 3528 880 τις
3562 815 3759 886 βαλάνο
3828 894 3831 897 ἱ

2184 925 2299 962 τιον
2335 909 2522 979 χιλίων
2559 912 2939 982 νομισμάτων
2982 910 3079 963 καί¹
3128 907 3306 979 εὑρὼν
3342 908 3477 963 αὐτὸ
3510 911 3540 963 6
3579 909 3760 980 γέρων

2185 997 2314 1070 ἔστη
2344 1000 2437 1052 ἐπὶ
2465 999 2559 1053 τοῦ
2584 1003 2773 1067 τόπου,
2814 1000 2988 1068 λέγων
3007 1016 3020 1030 ·
3061 1001 3153 1053 Δεῖ
3184 1000 3274 1053 τὸν
3309 999 3649 1055 ἀπολέσαντα
3667 1000 3758 1053 έλ-

2187 1085 2299 1140 θεῖν
2319 1104 2333 1118 σ
2365 1088 2459 1142 καὶ
2486 1088 2593 1142 ίδοὺ
2620 1090 2846 1162 ἔρχεται
2870 1089 3091 1155 κλαίων.
3119 1090 3230 1143 Καὶ
3248 1088 3427 1143 λαϐὼν
3452 1090 3614 1144 αὑτὸν
3635 1091 3757 1144 κατ’

2189 1177 2323 1231 ἰδίαν
2348 1180 2378 1231 6
2404 1179 2582 1251 γέρων
2611 1181 2811 1235 ἔδωκεν
2838 1182 3008 1252 αὐτῷ.
3044 1182 3153 1255 Καὶ
3182 1182 3403 1255 ἐκράτει
3426 1182 3584 1235 αὐτὸν
3614 1182 3759 1234 ὲκεί-

2185 1283 2294 1332 νος,
2330 1266 2497 1323 θέλων
2520 1269 2668 1340 αὐτῷ
2703 1274 3006 1342 παρασχεῖν
3040 1272 3205 1343 μέρος
3245 1289 3319 1328 τι.
3364 1272 3474 1325 Καὶ
3516 1272 3545 1324 6
3576 1269 3759 1338 γέρων

2183 1359 2283 1412 οὐκ
2305 1359 2586 1432 ἠθέλησεν.
2622 1362 2734 1416 Καὶ
2770 1361 2928 1416 ἔϐαλε
2967 1362 3220 1434 κράζειν·
3269 1360 3454 1424 Δεῦτε,
3501 1361 3638 1415 ῐδετε
3665 1361 3758 1415 ἄν·

2185 1445 2401 1518 θρωπον
2429 1449 2524 1503 τοῦ
2552 1450 2707 1517 θεοῦ,
2761 1452 2813 1505 τί
2856 1453 3127 1525 ἐποίησεν.
3180 1454 3239 1506 Ὀ
3275 1452 3331 1505 δὲ
3371 1452 3548 1523 γέρων
3581 1451 3759 1521 λάθρα

2186 1540 2371 1611 φυγὼν
2404 1542 2627 1614 ἐξῆλθεν
2649 1545 2712 1598 ὲκ
2731 1545 2830 1616 τῆς
2859 1545 3087 1610 πόλεως,
3116 1546 3202 1599 ἵνα
3233 1545 3307 1617 μή
3339 1543 3592 1615 δοξασθῇ.

2558 1807 2696 1874 Περὶ
2723 1808 2829 1862 τοῦ
2866 1808 3017 1863 ἀὸὄᾶ
3046 1808 3274 1877 Φορτᾶς
3299 1795 3372 1862 ’⁸.

2256 1888 2422 1948 Εἶπεν
2454 1898 2482 1948 6
2517 1896 2692 1961 ἀῦὀᾶς
2725 1899 2932 1969 Φορτᾶς
2952 1917 2964 1929 ·
3008 1900 3069 1952 Et
3104 1898 3248 1952 θέλει
3298 1916 3365 1969 με
3406 1900 3436 1951 6
3466 1898 3598 1959 Θεὸς
3631 1896 3750 1969 ζῇν,

2183 1977 2322 2035 οἶδεν
2353 1983 2470 2048 πῶς
2498 1987 2839 2058 οἰκονομήσει
2887 2005 2954 2058 με
2974 2005 2987 2018 ·
3015 1990 3063 2041 εί
3085 1987 3140 2040 δὲ
3171 1990 3234 2041 οὐ
3256 1988 3420 2055 ϐέλει,
3455 1989 3540 2042 ἵνα
3571 1988 3623 2042 τί
3663 2006 3753 2060 μοι

2182 2073 2244 2126 τὸ
2289 2073 2422 2146 ξῇνς
2453 2076 2527 2129 οὐ
2583 2076 2690 2147 γὰρ
2730 2078 2883 2149 παρὰ
2926 2079 3140 2132 πάντων
3185 2078 3395 2149 ἐδέχετό
3435 2097 3524 2143 τι,
3576 2078 3755 2134 καίτοι

2183 2163 2443 2237 κλινήρης
2465 2164 2540 2220 ὧν
2559 2184 2572 2197 ·
2603 2168 2757 2237 ἔλεγε
2790 2170 2899 2241 γάρ
2918 2187 2934 2201 ·
2988 2169 3115 2224 Ἐὰν
3152 2171 3434 2245 προσφέρῃ
3478 2170 3566 2242 μοί
3589 2171 3675 2233 τίς
3698 2170 3755 2226 τί

2182 2270 2332 2316 ποτε,
2366 2257 2458 2309 καὶ
2486 2256 2608 2328 οὐχὶ
2639 2257 2727 2311 διὰ
2759 2258 2849 2312 τὸν
2889 2258 3043 2324 Θεὸν,
3075 2259 3197 2312 οὔτε
3230 2260 3340 2328 ἐγὼ
3364 2260 3471 2331 ἔχω
3494 2276 3546 2312 τι
3570 2258 3752 2312 δοῦναι

2180 2344 2348 2416 αὐτῷ,
2373 2345 2496 2400 οὔτε
2528 2349 2681 2420 παρὰ
2708 2349 2803 2403 τοῦ
2833 2350 2968 2404 Θεοῦ
3001 2352 3267 2422 λαμϐάνει
3299 2351 3488 2422 μισθόν
3506 2368 3521 2382 ο
3554 2351 3615 2404 οὐ
3641 2349 3751 2422 γὰρ

2178 2434 2267 2489 διὰ
2316 2437 2407 2490 τὸν
2446 2436 2579 2491 Θεὸν
2640 2441 2982 2510 προσήνεγκε
3008 2458 3022 2472 ·
3070 2441 3165 2495 καὶ
3215 2442 3476 2495 ἀδικεῖται
3510 2441 3539 2493 6
3585 2454 3754 2510 προσ-

2178 2525 2428 2592 ενέγκας.
2470 2529 2563 2581 Δεῖ
2610 2528 2720 2600 γὰρ
2764 2531 2891 2595 τοὺς
2932 2531 3325 2602 ἀνακειμένους
3366 2531 3445 2603 τῷ
3476 2531 3614 2601 Θεῷ,
3654 2529 3751 2584 καὶ

2178 2617 2314 2687 πρὸς
2351 2619 2514 2673 αὐτὸν
2562 2619 2859 2690 βλέποντας
2903 2623 3083 2692 μόνον,
3131 2623 3304 2688 οὕτως
3351 2623 3592 2687 εὐλαϐῶς
3632 2623 3752 2677 δια-

2177 2707 2413 2773 κεῖσθαι,
2445 2709 2521 2773 ὡς
2557 2712 2695 2783 μήτε
2727 2711 2885 2785 ὓϐριν
2910 2714 3031 2767 τινὰ
3050 2714 3323 2786 ἡγεῖσθαι,
3357 2714 3459 2769 κᾶν
3493 2713 3753 2788 μυριάκις

2177 2795 2521 2869 ἀδικούμενοι
2546 2801 2779 2872 τύχοιεν.

2612 2913 2779 2986 Ἀρχὴ
2825 2914 2918 2968 τοῦ
2953 2917 3001 2969 Χ
3036 2917 3324 2988 στοιχείου.

2577 3027 2719 3095 Περὶ
2744 3027 2850 3080 τοῦ
2882 3026 3031 3083 ἀϐσὰ
3053 3030 3241 3099 Χομαι
3266 3031 3332 3085 ’³.

2248 3136 2473 3205 Ἔλεγον
2501 3137 2745 3210 περὶτοῦ
2780 3139 2925 3193 ἅσσα
2953 3141 3151 3211 Χομαὶ,
3195 3142 3276 3194 ὃτι
3319 3142 3527 3212 μέλλων
3560 3143 3748 3200 τελευ-

2173 3226 2271 3295 τᾷν
2295 3221 2417 3279 εἶπε
2445 3230 2559 3292 τοῖς
2592 3231 2727 3293 υίοῖς
2757 3229 2922 3283 αὐτοῦ
2944 3249 2956 3260 ”
2997 3232 3088 3302 Μὴ
3125 3233 3383 3303 οίκήσητε
3424 3235 3566 3304 μετὰ
3593 3237 3749 3307 αίρε-

2170 3317 2357 3382 τικῶν,
2417 3319 2555 3389 μηδὲ
2608 3320 2773 3390 σχῆτε
2822 3322 3023 3391 γνῶσιν
3067 3310 3205 3393 μετᾶ
3258 3324 3554 3395 ἀρχόντων,
3608 3326 3749 3398 μηδὲ

2169 3406 2411 3462 ἔστωσαν
2459 3410 2516 3462 αί
2576 3414 2758 3483 χεῖρες
2801 3413 2957 3484 ὑμῶν
3011 3414 3329 3485 ήπλωμέναι
3376 3418 3460 3480 είς
3508 3417 3567 3471 τὸ
3618 3434 3749 3471 συν-

2169 3499 2343 3566 άγειν,
2376 3498 2493 3552 ἀλλ’
2532 3499 2776 3556 ἔστωσαν
2823 3502 3022 3572 μᾶλλον
3068 3503 3386 3576 ήπλωμέναι
3437 3508 3519 3571 είς
3564 3507 3625 3561 τὸ
3660 3507 3746 3561 δι-

2167 3588 2333 3644 δύναι.

2506 3703 2649 3770 Περὶ
2681 3703 2786 3757 τοῦ
2824 3702 2975 3759 ἀὸϐᾶ
3005 3706 3401 3779 Χαιρήμωνος.

2239 3811 2466 3880 Ἔλεγον
2496 3815 2627 3886 περὶ
2675 3816 2768 3869 τοῦ
2820 3816 2965 3871 ἁϐὄᾶ
3000 3819 3355 3889 Χαιρήμωνος
3394 3819 3474 3880 είς
3517 3817 3741 3887 Σκῆτιν,

491 3891 757 3962 spelunca
787 3893 906 3963 ejus
935 3895 1164 3952 distaret
1191 3899 1260 3953 ab
1284 3901 1517 3956 ecclesia
1550 3902 1912 3975 quadraginta
1935 3905 2062 3958 mil-

2180 3902 2247 3954 5τι
2289 3902 2481 3973 ἀπεῖχε
2523 3904 2585 3956 τὸ
2627 3905 2893 3977 σπήλαιον
2945 3908 3110 3960 αὐτοῦ
3159 3908 3265 3961 ἀπὸ
3304 3908 3402 3978 τῆς
3444 3907 3741 3973 ἐκκλησίας

489 3982 668 4048 liaria,
697 3999 728 4037 a
760 3985 957 4054 palude
986 4003 1117 4044 vero
1151 3999 1206 4045 et
1248 4005 1389 4061 aqua
1423 3992 1711 4048 duodecim
1746 4013 1761 4061 ;
1792 4003 1958 4065 atque
1980 3995 2062 4052 sic

2180 3989 2320 4061 μίλια
2351 3994 2778 4066 τεσσαράκοντα,
2806 3997 2914 4050 ἀπὸ
2938 3997 2994 4051 δὲ
3013 3998 3107 4051 τοῦ
3134 3998 3290 4061 ἕλους
3317 3999 3410 4052 καὶ
3432 3998 3524 4052 τοῦ
3547 3997 3741 4065 ὓδατος

491 4071 720 4129 inferret
757 4075 814 4129 in
849 4078 1169 4147 speluncam
1212 4097 1367 4136 suam
1403 4082 1546 4153 quod
1574 4085 1827 4140 manibus
1863 4102 2060 4157 opera-

2180 4081 2320 4149 ailta
2376 4082 2621 4140 δώδεκα·
2682 4089 2776 4141 καὶ⁹
2837 4088 3011 4153 οὕτως
3060 4088 3310 4160 εἰσέφερε
3372 4088 3433 4142 τὸ
3491 4090 3749 4160 ὲργόχει-

489 4170 643 4217 retnr
672 4182 687 4228 ;
726 4175 1077 4239 portaretque
1108 4171 1326 4243 lagenas
1364 4173 1503 4229 duas
1532 4190 1695 4229 unam
1739 4191 1803 4231 ex
1827 4176 2060 4235 adverso

2180 4189 2259 4226 νον
2304 4174 2470 4229 αὐτοῦ
2522 4179 2602 4238 είς
2653 4179 2715 4232 τὸ
2768 4179 3032 4251 σπήλαιον
3072 4179 3258 4246 αὑτοῦ,
3307 4179 3525 4234 καὶδύο
3566 4178 3740 4249 λαγύ-

488 4251 712 4310 alterius
739 4273 755 4320 ;
782 4272 845 4310 ac
870 4259 1103 4324 sederet,
1134 4263 1375 4330 quietam
1413 4265 1577 4319 vitam
1600 4266 1832 4322 ducens.

2180 4281 2251 4316 ιια
2284 4263 2343 4318 ἓν
2372 4269 2501 4338 παρ’
2534 4267 2592 4320 ἒν
2619 4269 2922 4336 βαστάζων,
2973 4270 3068 4323 καὶ
3113 4268 3424 4336 ἐκαθέζετο,
3467 4270 3562 4325 καὶ
3598 4269 3738 4343 ἡσύ-

2160 4355 2343 4426 χαζεν.

2085 4496 2132 4550 D

925 4408 1260 4480 Principium
1303 4415 1497 4471 litterae
1539 4419 1613 4472 Ψ.

2180 4378 2343 4426 {agam

2595 4428 2760 4509 Ἀρχὴ
2794 4428 2888 4483 τοῦ
2926 4431 2983 4482 Ψ
3025 4434 3309 4504 στοιχείου.

2470 4540 2607 4608 Περὶ
2640 4540 2750 4595 τοῦ
2784 4543 2934 4599 ὰόϐᾶ
2980 4548 3342 4602 Ψενθατσίου
3381 4551 3421 4603 ⁸.

2225 4646 2393 4704 Εἶπεν
2428 4652 2457 4704 6
2490 4652 2665 4717 ἀσὸᾶς
2699 4654 3027 4722 Ψενθαῖσιος
3061 4660 3081 4690 ⁸
3110 4661 3206 4714 καὶ
3242 4663 3271 4714 6
3315 4661 3490 4726 ἀσϐἄς
3526 4659 3733 4732 Σοῦρος

482 4725 537 4771 et
563 4715 759 4773 Psoius
792 4736 805 4772 :
837 4717 973 4774 Dum
1005 4721 1321 4780 audiremus
1351 4741 1632 4785 sermones
1654 4728 1833 4788 Patris
1875 4733 2049 4789 nostri

2180 4741 2247 4795 παὶ
2286 4740 2490 4806 Ψώῖος,
2536 4745 2618 4797 ὅτι
2669 4745 2984 4813 Ἀκούοντες
3024 4749 3133 4803 τῶν
3175 4751 3346 4820 λόγων
3380 4751 3474 4804 τοῦ
3515 4750 3730 4822 Πατρδς

481 4808 695 4866 abbatis
743 4808 1045 4878 Pachumii,
1097 4815 1392 4873 admodum
1457 4822 1914 4890 proficiebamus,
1978 4826 2047 4880 ad

2180 4828 2306 4900 μῶν
2327 4832 2422 4886 τοῦ
2448 4832 2593 4887 ἁὸὁᾶ
2631 4835 2927 4907 Παχωμίου
2961 4808 3208 4909 μεγάλως
3236 4808 3611 4912 ωφελούμεθα,
3635 4808 3727 4905 ἐιξ

480 4898 879 4954 κιῐιιιιοιίοηοιη
912 4901 1178 4958 bonorum
1226 4921 1450 4976 operum
1473 4910 1714 4964 excitati.
1746 4912 2046 4969 Cernentes

2180 4898 2316 4990 [ἧλον
2339 4923 2561 4993 ἀγαθῶν
2597 4898 2770 4995 ἔργων
2803 4898 3213 5001 διεγείρόμενοιτ.
3254 4898 3516 5002 ’ὁρῶντες
3544 4898 3609 4985 δέ
3622 4898 3725 4984 ait:

478 4995 659 5042 autem
689 4989 810 5057 ejus
843 4994 1007 5045 etiam
1041 4997 1275 5051 tacentis
1296 5000 1590 5067 actionem,
1621 5016 1743 5069 qua:
1776 5002 1895 5072 ipsa
1930 5020 2047 5060 ser-

2180 5010 2245 5063 ‘oﬁ
2290 5015 2383 5065 καὶ
2426 5015 2737 5080 σιωπῶντος
2780 5016 2880 5088 τὴν
2916 5019 3113 5088 πρᾶξιν
3150 5020 3306 5089 λόγον
3343 5017 3528 5082 οὖσαν,
3562 5020 3726 5074 ἐθαυ-

476 5091 568 5131 mo
595 5085 734 5144 erat,
754 5079 1182 5148 admirabamur,
1200 5087 1442 5143 dicentes
1464 5091 1601 5143 alter
1622 5092 1776 5145 alteri
1804 5111 1817 5146 :
1849 5093 2050 5151 Existi-

2180 5101 2416 5176 ιάζομεν,
2450 5104 2587 5175 πρὸς
2628 5079 2891 5177 ἀλλήλους
2936 5079 3330 5176 λέγοντες,.ὃτι
3372 5079 3751 5181 Ἐνομίζομεν’

475 5168 781 5236 mabamus,
811 5187 1006 5229 omnes
1051 5186 1272 5234 sanctos
1322 5195 1389 5234 ex
1426 5190 1580 5237 utero
1611 5184 1804 5239 matris
1831 5202 1943 5241 sua:
1972 5190 2047 5243 ita

2180 5193 2356 5255 τάντας
2388 5197 2516 5259 τοὺς
2542 5197 2731 5264 ἁγίους
2752 5196 2928 5262 οὕτως
2957 5201 3302 5255 πεποιεῖσθαι
3327 5203 3431 5256 ὑπὸ
3459 5202 3552 5256 τοῦ
3582 5199 3720 5255 Θεοῦ

477 5253 651 5313 tactos
689 5274 812 5317 esse
863 5276 892 5315 a
933 5262 1077 5329 Deo,
1112 5276 1336 5325 sanctos
1384 5285 1448 5325 ae
1502 5272 1900 5338 immutabiles.
1939 5295 2044 5333 non

2180 5300 2210 5336 κ
2246 5253 2448 5349 κοιλίας
2485 5253 2691 5357 μητρὸς
2710 5253 3113 5358 αὑτῶν-ἁγίους
3624 5293 3723 5346 καὶ

474 5353 656 5400 autem
692 5347 926 5417 liberos;
963 5364 1281 5424 peccatores
1331 5374 1462 5414 vero
1494 5377 1602 5418 non
1647 5379 1808 5432 posse
1851 5367 1937 5436 pie
1963 5370 2044 5421 vi-

2180 5374 2266 5443 ῠχὶ
2289 5347 2690 5458 ottingene-Eone;
2726 5379 2821 5433 καὶ
2852 5347 2984 5444 τοὺς
3009 5347 3368 5453 ἁμαρτωλοὺς
3389 5384 3465 5456 μὴ
3485 5382 3720 5455 δυναμέ-

907 4518 985 4573 De
1031 4520 1221 4576 abbate
1267 4522 1631 4584 Psenthaisio.

556 4626 668 4698 (27)
704 4627 962 4683 Dixerunt
988 4631 1155 4688 abbas
1182 4633 1562 4691 Psenthaisius
1590 4646 1645 4694 et
1678 4640 1847 4697 abbas
1877 4642 2052 4699 Surus

618 5479 703 5534 Al.
743 5481 942 5554 Φορτᾶ.
1020 5487 1066 5518 ⁹⁹
1095 5488 1182 5544 Al.
1221 5490 1428 5561 Χαμαί.
1504 5493 1517 5521 ¹
1556 5493 1643 5548 ΑΙ.
1672 5494 1968 5550 Ψανταίου.
2050 5499 2070 5529 ³
2099 5498 2185 5554 Al.
2224 5502 2579 5573 Ψενθαὴσιος.

544 5622 658 5762 ἓὲΰ)
704 5624 810 5680 Vit.
844 5628 995 5683 Patr.
1036 5648 1108 5689 vr.
1140 5634 1205 5687 15

568 5691 655 5761 26)
704 5694 808 5750 Vit.
836 5696 988 5753 Patr.
1022 5717 1057 5762 I,
1088 5701 1173 5755 18.

2226 5648 2335 5717 v27)
2386 5646 2486 5702 Vit.
2531 5649 2682 5707 Patr.
2715 5669 2749 5718 t,
2783 5668 2834 5721 p.
2880 5653 2999 5721 121,
3026 5671 3074 5711 c.
3110 5653 3201 5710 25.

568 5691 655 5761 26)
704 5694 808 5750 Vit.
836 5696 988 5753 Patr.
1022 5717 1057 5765 ι,
1088 5701 1173 5755 18.
