4032 6338
263 325 396 394 ’.ι-57

1418 335 2026 398 APOPIHHEGMATA-
2062 339 2370 400 PATRUM'.

3426 348 3534 406 653

276 458 410 502 vou;
441 441 538 510 ζῇν
587 441 846 508 εὐσεϐῶς,
877 445 966 499 διὰ
1005 447 1067 500 τὸ
1109 445 1281 511 οὕτως
1308 449 1594 520 κτισθῆναι
1634 450 1852 513 αὐτούς.

1967 468 2104 519 rere,
2138 462 2324 523 utpote
2362 451 2444 508 sic
2476 466 2506 506 a
2541 451 2652 507 Deo
2687 457 2924 508 creatos.
2960 450 3067 510 Sed
3114 467 3264 510 nunc
3313 455 3534 511 bonita-

282 533 446 599 Ἀρτι
476 530 532 584 δὲ
565 531 834 603 βλέπομεν
854 534 952 605 τὴν
976 534 1284 608 ἀγαθότητα
1314 537 1410 591 τοῦ
1443 539 1578 592 Θεοῦ
1607 541 1856 613 φανερῶς

276 623 378 675 ἐπὶ
426 621 518 674 τοῦ
557 623 769 694 Πατρὸς
826 624 982 695 ἡμῶν
1032 625 1266 679 τούτουο
1325 629 1408 681 ὅτι
1462 629 1522 693 ἐξ
1586 629 1864 700 Ἑλλήνων

276 714 488 783 γονέων
519 713 616 780 ὢν,
651 715 906 769 τοσοῦτον
951 717 1208 788 θεοσεϐὴς
1262 719 1477 788 γέγονε,
1535 723 1628 774 καὶ
1678 721 1857 786 πάσας

277 803 384 868 τὰς
415 806 636 869 ἐντολὰς
663 806 755 860 τοῦ
784 807 917 860 Θεοῦ
953 809 1299 880 ὲνδεδῠμένος
1323 812 1490 865 ἐστίν.
1521 812 1729 867 Οὐκοῦν
1764 814 1858 867 καὶ

278 896 447 964 ἡμεῖς
474 893 750 964 δυνάμεθα
775 896 866 948 καὶ
906 896 1106 960 πάντες
1132 897 1495 970 ἀκολουθῆσαι
1542 900 1710 972 αὐτῷ,
1739 902 1857 956 ἀνθ’

276 977 357 1036 ὧν
377 985 661 1038 ἀκολουθεί
686 988 799 1050 τοῖς
824 987 1021 1055 ἁγίοις.
1062 989 1203 1058 Ἄρα
1236 990 1298 1042 τὸ
1321 992 1705 1062 γεγραμμένον
1737 992 1861 1046 τοῦ-

276 1074 342 1127 τό
368 1077 486 1128 ἑστι
509 1091 523 1106 ’
563 1075 742 1130 Δεῦτε
771 1078 922 1146 πρὸς
947 1078 1044 1146 μὲ,
1073 1079 1297 1147 πάντες
1324 1084 1378 1135 οἱ
1401 1081 1726 1150 κοπιῶντες
1761 1083 1860 1136 καὶ

276 1168 768 1236 πεφορτισμένοι,
819 1170 980 1240 κάγὼ
1022 1171 1353 1227 ἀναπαύσω
1390 1171 1568 1244 ὑμᾶς.
1619 1176 1861 1228 Συναπο-

277 1256 536 1327 θὲινωμεν
584 1254 676 1312 οὖν
732 1261 826 1313 καὶ
877 1261 1198 1332 συζήσωμεν
1245 1264 1320 1334 τῷ
1367 1264 1637 1338 ἀνθρώπῳ
1664 1265 1859 1338 τούτῳ,

277 1347 367 1401 ὃτι
396 1348 573 1419 ὀρθῶς
601 1351 792 1422 ὁδηγεῖ
820 1354 969 1423 ἡμᾶς
990 1355 1126 1425 πρὸς
1147 1355 1239 1408 τὸν
1265 1355 1416 1412 Θεόν.

720 1467 888 1538 Ἀρχὴ
935 1467 1029 1522 τοῦ
1062 1470 1104 1521 Ω
1143 1471 1432 1540 στοιχείου.

763 1579 903 1648 Περὶ
937 1581 1046 1636 τοῦ
1068 1581 1220 1637 ἀϐϐἁ
1251 1584 1374 1650 Ὢρ,

352 1692 425 1742 α’.
465 1685 689 1754 Ἔλεγον
718 1689 845 1760 περὶ
872 1690 968 1743 τοῦ
996 1690 1140 1744 ἀϐὁᾶ
1166 1693 1266 1763 Ὢρ
1295 1695 1388 1747 καὶ
1428 1695 1522 1748 τοῦ
1555 1695 1702 1748 ἀ66ἄ
1733 1695 1860 1748 Θεο-

1959 555 2064 601 tem
2090 543 2184 600 Dei
2215 542 2504 599 manifeste
2520 543 2893 613 conspicimus
2914 543 2970 597 in
2993 542 3158 601 Patre
3177 544 3282 600 hoc
3309 554 3532 616 nostro;

1956 635 2103 702 quod
2151 651 2218 690 ex
2267 634 2589 705 parentibus
2639 634 2936 705 gentilibus
2990 646 3176 701 natus,
3212 637 3350 694 adeo
3405 654 3536 710 erga

1958 725 2128 781 Deum
2153 726 2274 794 pius
2301 726 2501 792 evasit,
2536 735 2699 795 atque
2730 725 2786 779 in
2829 726 3105 783 universis
3139 726 3235 783 Dei
3261 727 3534 790 mandatis
3598 793 3603 800 I

1958 824 2041 871 est
2087 824 2404 870 exornatus.
2437 815 2604 886 Igitur
2646 816 2810 871 etiam
2854 832 2957 871 nos
3004 818 3189 874 cuncti
3239 835 3536 890 possumus
3598 808 3603 813 ’

1960 909 2113 976 sequi
2139 922 2285 968 eum,
2318 916 2481 978 prout
2527 908 2644 977 ipse
2684 909 2936 978 sequitur
2983 919 3224 965 sanctos.
3257 909 3416 966 Certe
3450 911 3535 965 id-

1961 999 2139 1070 ipsum
2184 1007 2287 1064 est,
2340 1000 2486 1069 quod
2545 999 2830 1070 Scriptura
2873 999 3257 1070 pronuntiavit
3299 1018 3312 1054 :
3354 1000 3536 1054 Venite

1961 1089 2030 1143 ad
2053 1107 2150 1156 me,
2183 1092 2273 1159 qui
2301 1089 2582 1155 laboratis,
2613 1102 2662 1146 et
2688 1093 2894 1146 onerati
2923 1093 3072 1157 estis,
3106 1101 3155 1146 et
3175 1107 3268 1162 ego
3303 1092 3538 1160 reﬁciam

1961 1197 2048 1234 vos
2081 1183 2122 1235 ⁵.
2170 1181 2610 1238 Commoriamur
2656 1200 2787 1254 ergo
2828 1191 2883 1238 et
2927 1185 3286 1240 convivemus
3330 1183 3536 1240 homini

1962 1271 2112 1338 huic,
2142 1273 2271 1344 quia
2317 1282 2464 1330 recte
2501 1275 2651 1329 ducit
2683 1291 2785 1332 nos
2825 1275 2893 1330 ad
2923 1275 3114 1330 Deum.

2411 1475 2750 1546 Principium
2797 1475 2990 1530 litterae
3027 1477 3088 1528 Ω.

2517 1591 2592 1645 De
2636 1590 2824 1644 abbate
2873 1591 2967 1644 Or.

2035 1707 2084 1758 1.
2111 1707 2223 1776 (30)
2249 1705 2622 1761 Memorabant
2643 1704 2711 1759 de
2737 1703 2934 1758 abbate
2960 1703 3034 1757 Or
3058 1710 3111 1758 et
3135 1703 3328 1758 abbate
3357 1700 3536 1758 Theo-

278 1776 479 1866 δώρου,
527 1779 610 1832 ὃτι
657 1775 799 1851 ἦσαν
839 1781 1123 1852 βάλλοντες
1159 1784 1328 1854 πηλὸν
1360 1789 1438 1849 εἰς
1475 1787 1684 1840 κελλίον
1719 1787 1854 1857 (‘28),

1967 1795 2117 1863 dero,
2144 1796 2290 1866 quod
2322 1797 2448 1848 dum
2493 1795 2770 1848 mitterent
2820 1793 2993 1847 lutum
3035 1792 3090 1845 in
3130 1791 3348 1857 cellam,
3384 1789 3538 1845 dixe-

279 1868 381 1920 καὶ
427 1865 580 1923 εἶπον
641 1872 780 1942 πρὸς
831 1873 1114 1944 ἀλλήλους,
1162 1876 1243 1928 ὅτι
1308 1877 1431 1930 Ἐὰν
1495 1878 1857 1948 ὲπισκέψηται

279 1957 435 2027 ἡμᾶς
459 1956 584 2029 ἄρτι
603 1962 631 2013 6
653 1960 802 2027 Θεὸς,
833 1963 885 2014 τί
911 1962 1173 2033 ποιοῦμεν
1196 1981 1210 2030 ;
1234 1966 1342 2018 Καὶ
1363 1966 1693 2031 κλαύσαντες
1715 1969 1859 2037 ἀφῆ-

282 2065 390 2102 καν
411 2049 501 2101 τὸν
531 2051 719 2121 πηλὸν,
756 2053 850 2105 καὶ
871 2054 1214 2126 ἀνεχώρησεν
1237 2056 1257 2087 ³
1285 2057 1514 2121 ἕκαστος
1539 2061 1619 2122 εἰς
1650 2059 1710 2112 τὸ
1739 2060 1860 2112 κελ-

282 2139 400 2192 λιον
432 2141 617 2197 αὑτοῦ.
1186 2185 1193 2204 ι

358 2229 424 2299 β’.
469 2233 692 2300 Ἔλεγον
722 2235 851 2306 περὶ
876 2236 966 2289 τοῦ
995 2238 1140 2292 ἀ66ᾶ
1172 2241 1290 2311 Ὢρ,
1324 2243 1406 2294 ὅτι
1435 2241 1558 2294 οὔτε
1592 2242 1859 2312 ἐψεύσατό

282 2339 439 2384 ποτε,
467 2322 590 2376 οὔτε
610 2324 843 2396 ὤμοσεν,
871 2328 994 2382 οὔτε
1033 2334 1382 2404 κατηράσατο
1405 2335 1708 2406 ἄνθρωπον,
1735 2335 1858 2389 οὔτε

280 2411 443 2477 ἐκτὸς
476 2416 720 2488 ἀνάγκης
744 2419 1024 2491 ἐλάλησεν.

354 2511 424 2572 γ.
460 2504 685 2576 Ἔλεγεν
717 2510 745 2561 6
787 2511 956 2576 ἀ66ἀ⁹ς
983 2515 1081 2584 ’Ὼρ
1121 2515 1197 2586 τῷ
1239 2515 1454 2588 μαθητῇ
1497 2518 1663 2571 αὐτοῦ
1709 2519 1858 2572 Παύ-

281 2594 362 2666 λῳ
385 2597 437 2628 ⁸·
469 2598 668 2665 Βλέπε,
711 2604 976 2674 μηδέποτε
1010 2608 1288 2679 ἀλλότριον
1325 2611 1480 2679 λόγον
1524 2613 1749 2683 ἐνέγκῃς
1779 2614 1860 2677 εἰς

284 2687 348 2739 τὸ
382 2687 594 2743 κελλὶον
624 2691 797 2747 τοῦτο.

355 2780 417 2834 δ’.
463 2782 699 2854 Ἀπῆλθέ
731 2803 860 2838 ποτε
890 2788 1100 2853 Παῦλος
1126 2791 1156 2842 6
1194 2790 1438 2862 μαθητὴς
1461 2791 1553 2844 τοῦ
1580 2793 1723 2845 ἀόὄᾶ
1760 2794 1860 2864 "Op

284 2874 561 2944 ἀγοράσαι
594 2876 803 2942 θαλλία,
832 2881 924 2932 καὶ
944 2873 1100 2952 εὗρεν
1133 2883 1213 2935 ὅτι
1244 2883 1392 2936 ἄλλοι
1414 2883 1734 2955 προέλαϐον,
1765 2885 1860 2938 καὶ

284 2965 495 3019 ἔδωκαν
514 2966 825 3038 ἀρραϐῶνα.
858 2970 1125 3023 Οὐδέποτε
1155 2973 1263 3042 γὰρ
1293 2973 1588 3044 ἀρραϐῶνα
1626 2974 1798 3028 ἐδίδου
1831 2976 1860 3028 6

285 3054 463 3119 ἀΰῆᾶς
493 3056 592 3126 ’Ὡρ
620 3059 700 3120 εις
722 3059 778 3110 τί
809 3075 958 3122 ποτε,
983 3059 1117 3113 ἀλλὰ
1151 3060 1229 3131 τῷ
1261 3062 1437 3134 καιρῷ
1469 3062 1770 3117 ἀπέστελλε
1798 3063 1859 3117 τὸ

1963 1887 2073 1942 rint
2123 1894 2358 1941 mutuo:
2391 1886 2448 1941 Si
2500 1885 2642 1940 Deus
2677 1901 2780 1940 nos
2830 1885 2992 1939 modo
3042 1883 3368 1945 visitaverit,
3408 1882 3540 1953 quid

1963 1979 2158 2034 facturi
2213 1993 2404 2034 sumus
2433 1979 2457 2031 ‘!
2492 1976 2554 2030 Et
2603 1976 2792 2031 ﬂentes
2848 1975 3191 2045 reliquerunt
3229 1976 3404 2030 lutum
3427 2016 3442 2042 ,
3475 1987 3540 2028 ac

1962 2079 2188 2138 uterque
2213 2067 2440 2123 recessit
2466 2067 2518 2120 in
2541 2067 2732 2120 cellam
2762 2079 2939 2121 suam.

2029 2243 2083 2298 2.
2110 2243 2221 2312 (51)
2249 2241 2482 2296 Aiebant
2505 2239 2572 2295 de
2600 2239 2797 2295 abbate
2813 2237 2890 2295 Or
2913 2241 3058 2310 quod
3084 2251 3364 2307 nunquam
3396 2251 3544 2292 meu-

1960 2337 2096 2392 titus
2127 2335 2312 2401 fuerit,
2349 2349 2450 2388 nec
2480 2332 2786 2402 juraverit,
2824 2346 2926 2386 nec
2973 2331 3304 2401 imprecatus
3339 2329 3411 2384 sit
3445 2327 3542 2382 lio-

1961 2427 2117 2492 mini,
2139 2441 2316 2495 neque
2337 2427 2408 2481 sit
2432 2425 2648 2479 locutus
2678 2423 2819 2477 citra
2848 2422 3257 2478 necessitatem.

2030 2521 2083 2574 5.
2109 2519 2221 2590 (32)
2251 2519 2395 2572 Dixit
2427 2517 2598 2571 abbas
2620 2514 2695 2571 Or
2723 2513 2998 2582 discipulo
3030 2528 3131 2567 suo
3154 2510 3537 2575 Paulo:Cave,

1960 2624 2031 2664 ne
2092 2624 2333 2680 unquam
2385 2608 2624 2663 alienum
2681 2606 2912 2662 verbum
2963 2603 3212 2659 attuleris
3245 2605 3301 2658 in
3344 2603 3538 2658 cellam
3600 2661 3602 2663 ,

1961 2701 2123 2755 hanc.

2033 2793 2086 2848 4.
2129 2793 2276 2847 Abiit
2312 2791 2606 2862 aliquando
2636 2788 2840 2844 Paulus
2866 2787 3172 2857 discipulus
3203 2786 3418 2842 abbatis
3442 2783 3539 2848 Or,

1962 2893 2022 2938 ut
2054 2891 2258 2937 emeret
2289 2897 2473 2937 ramos
2517 2880 2844 2951 palmarum,
2874 2878 3189 2947 invenitque
3230 2876 3368 2930 alios
3399 2874 3540 2928 anti-

1962 2977 2178 3046 cipasse
2219 2989 2284 3030 ac
2327 2975 2546 3029 dedisse
2578 2973 2801 3044 pignus.
2836 2969 3124 3041 Nunquam
3157 2975 3336 3023 autem
3367 2965 3541 3022 abbas

1966 3066 2042 3122 Or
2065 3067 2132 3121 ad
2163 3066 2463 3137 quamlibet
2511 3080 2624 3120 rem
2657 3063 2822 3117 dabat
2846 3063 3064 3132 pignus,
3095 3061 3191 3117 sed
3217 3059 3271 3114 in
3297 3067 3542 3128 tempore

282 3145 528 3214 τίμημα,
554 3147 647 3198 καὶ
679 3147 966 3218 ἠγόραζεν.
1010 3151 1276 3220 Ἀπῆλθεν
1309 3150 1403 3206 οὖν
1423 3156 1451 3207 6
1480 3153 1727 3224 μαθητὴς
1764 3154 1860 3207 αὒ-

1967 3135 2214 3214 mittebat
2244 3157 2502 3227 pretium,
2532 3162 2586 3210 et
2609 3154 2847 3209 emebat.
2877 3152 3124 3208 Perrexit
3151 3166 3278 3222 ergo
3299 3148 3543 3218 discipu.

283 3235 380 3288 τοῦ
415 3237 508 3288 καὶ
538 3239 620 3300 εἰς
654 3236 812 3291 ἄλλον
847 3239 1014 3292 τόπον
1049 3241 1135 3294 διὰ
1166 3242 1323 3312 βαΐα²
1349 3246 1443 3297 καὶ
1470 3245 1616 3313 λέγει
1646 3245 1796 3316 αὑτῷ
1831 3249 1860 3301 6

284 3328 598 3398 κηπουρός’
645 3330 739 3394 Τίς
781 3347 912 3385 ποτε
939 3332 1104 3386 ἔδωκέ
1145 3352 1234 3405 μοι
1261 3336 1574 3408 ἀρραϐῶνα,
1625 3339 1720 3392 καὶ
1759 3339 1862 3393 οὐκ

283 3417 366 3469 ἔτι
395 3412 556 3487 ἦλθε’
590 3416 720 3471 λάϐε
750 3415 842 3472 οὖν
889 3422 956 3475 τὰ
1010 3423 1138 3493 βαΐα
1186 3424 1274 3477 σύ.
1333 3427 1440 3478 Καὶ
1489 3427 1670 3481 λαϐὼν
1718 3430 1862 3484 αὐτά

285 3503 416 3578 ἦλθε
440 3509 578 3580 πρὸς
599 3510 690 3564 τὸν
726 3511 973 3583 γέροντα,
1009 3515 1103 3567 καὶ
1135 3516 1456 3586 ἀνήγγειλεν
1487 3519 1636 3588 αὐτῷ
1665 3520 1856 3578 ταῦτα.

285 3599 398 3650 Καὶ
423 3599 500 3662 ὡς
523 3601 753 3671 ἤκουσεν
787 3606 816 3656 6
838 3604 1036 3675 γέρων,
1078 3605 1338 3676 ἔκρουσεν
1379 3609 1460 3671 εἰς
1522 3609 1622 3672 τὰς
1675 3611 1863 3680 χεῖρας

285 3690 476 3756 αὐτοῦ,
513 3692 720 3760 λέγων·
764 3695 821 3748 ’0
851 3697 951 3767 “Dp
996 3699 1096 3751 οὐκ
1139 3699 1432 3770 ἐργάζεται
1467 3703 1550 3770 ἐφ’
1582 3702 1702 3767 ἔτος
1727 3704 1860 3775 (29).

267 3781 401 3860 ’Καὶ
427 3784 529 3836 οὐκ
555 3786 734 3856 ἀφῆκε
762 3788 829 3842 τὰ
851 3786 977 3858 βαΐα
1005 3788 1132 3855 ἔσω,
1159 3789 1263 3854 ἕως
1283 3793 1593 3864 ἀπήνεγκεν
1616 3796 1756 3850 αὐτὰ
1785 3800 1864 3860 εἰς

285 3875 380 3929 τὸν
402 3878 565 3930 τόπον
595 3879 793 3936 αὐτῶν.

360 3973 424 4020 ε’.
475 3965 644 4021 Εἶπεν
701 3971 728 4023 6
775 3970 949 4035 ἁϐϐᾶς
1004 3974 1137 4045 Ὤρ·
1197 3977 1260 4030 Εἰ
1303 3979 1434 4048 ὁρᾷς
1491 3997 1558 4050 με
1608 3980 1864 4051 λογισμὸν

286 4058 481 4128 ἔχοντα
502 4059 644 4114 κατὰ
677 4062 841 4130 τινὸς,
876 4064 1111 4132 γίνωσκε
1134 4067 1217 4120 ὅτι
1250 4069 1342 4122 καὶ
1375 4070 1536 4133 αὐτὸς
1582 4071 1674 4123 τον
1707 4073 1866 4127 αὑτὸν

287 4150 400 4221 ἔχει
432 4153 516 4214 εἰς
545 4153 666 4222 ὲμέ.

359 4249 436 4306 ς’.
459 4239 570 4295 Ἦν
597 4261 680 4307 τις
719 4244 914 4316 κώμης
947 4247 1007 4300 ἐν
1039 4250 1152 4312 τοῖς
1199 4250 1391 4320 μέρεσι
1428 4251 1522 4303 τοῦ
1560 4253 1707 4306 ἀϐὃᾶ
1741 4256 1862 4326 Ὢρ,

286 4333 554 4398 Λογγῖνος
625 4333 992 4404 καλούμενος,
1049 4337 1143 4390 καὶ
1231 4337 1430 4402 πολλὰς
1499 4339 1866 4410 ἐλεημοσύνας

1961 3250 2050 3304 lus
2074 3249 2194 3318 ejus
2237 3249 2304 3303 ad
2349 3248 2516 3302 alium
2564 3245 2746 3301 locum
2787 3251 3011 3314 propter
3048 3243 3288 3313 palmeos
3332 3253 3537 3295 ramos.

1959 3340 2049 3395 Ait
2079 3339 2128 3395 ei
2174 3339 2502 3393 hortulanus
2536 3356 2548 3391 :
2583 3335 2780 3391 Nescio
2807 3337 2933 3404 quis
2960 3333 3112 3390 dedit
3165 3331 3298 3386 mihi
3343 3330 3541 3401 pignus

1961 3448 2064 3488 nec
2085 3432 2277 3496 rediit;
2315 3430 2504 3502 accipe
2529 3429 2702 3500 igitur
2725 3436 2782 3481 tu
2816 3441 3021 3481 ramos.
3050 3424 3260 3492 Quibus
3286 3421 3539 3493 sumptis,

1961 3525 2199 3581 venitad
2241 3540 2450 3587 senem,
2482 3532 2805 3594 gestumque
2845 3518 3138 3575 enarravit.
3170 3514 3347 3586 thue
3385 3513 3543 3569 audi-

1963 3618 2040 3672 vit
2070 3633 2259 3680 senex,
2296 3615 2595 3685 complosis
2624 3613 2901 3675 manibus,
2943 3610 3084 3664 dixit
3117 3629 3129 3664 :
3156 3606 3232 3664 Or
3265 3622 3374 3662 non
3413 3620 3541 3676 ope-

1962 3722 2116 3768 ratur
2163 3712 2269 3766 hec
2321 3725 2486 3765 anno.
2535 3707 2646 3764 Nec
2694 3707 2914 3775 reliquit
2947 3705 3160 3775 palmas
3199 3702 3344 3756 intra
3409 3713 3543 3769 quo-

1962 3819 2135 3875 usque
2171 3803 2360 3858 retulit
2384 3816 2478 3856 eas
2511 3801 2568 3854 in
2609 3801 2788 3853 locum
2828 3810 3011 3851 suum.

2031 3984 2084 4039 5.
2126 3981 2274 4036 Dixit
2306 3980 2477 4035 abbas
2503 3977 2578 4034 0r
2612 3997 2624 4032 :
2673 3975 2730 4031 Si
2763 3973 3052 4046 agnoveris
3094 3985 3180 4024 me
3219 3969 3422 4024 habere
3448 3983 3546 4023 co-

1962 4074 2282 4143 gitationem
2313 4073 2366 4124 in
2399 4070 2659 4139 aliquem,
2693 4067 2831 4122 scito
2859 4063 3006 4135 quod
3040 4071 3094 4118 et
3133 4061 3252 4132 ipse
3293 4059 3544 4116 eamdem

1963 4180 2088 4233 erga
2115 4179 2201 4217 me
2230 4163 2414 4216 habet.

2035 4253 2086 4307 6.
2131 4253 2260 4306 Erat
2290 4251 2514 4322 quidam
2545 4263 2731 4304 comes
2758 4247 2813 4301 in
2840 4247 3017 4301 tractu
3045 4244 3255 4299 abbatis
3281 4243 3376 4307 Or.
3399 4241 3545 4297 Lon-

1964 4347 2126 4417 ginus
2155 4343 2396 4410 nomine,
2428 4341 2522 4412 qui
2558 4339 2757 4394 multas
2784 4338 3019 4394 faciebat
3041 4337 3436 4407 eleemosynas.
3462 4333 3544 4388 Ad

290 4421 463 4475 ἐποίει
480 4437 494 4450 ⁸
531 4424 623 4476 καὶ
645 4425 1016 4496 παραϐαλόντι
1045 4431 1154 4482 τινὶ
1175 4429 1281 4484 τῶν
1308 4433 1589 4502 Πατέρων,
1616 4436 1860 4506 παρεκά-

1967 4453 2126 4507 quem
2158 4450 2281 4488 cum
2309 4433 2636 4488 accessisset
2659 4429 2863 4501 aliquis
2892 4445 2924 4485 e
2958 4427 3234 4492 Patribus,
3260 4426 3350 4482 ille
3381 4439 3544 4497 roga-

285 4511 444 4567 λεσεν
491 4516 651 4569 αὑτὸν
686 4518 773 4572 ἵνα
828 4520 937 4592 ἄρῃ
983 4522 1144 4575 αὐτὸν
1202 4523 1337 4594 πρὸς
1383 4525 1474 4578 τὸν
1512 4526 1686 4580 ἅϐδᾶν
1738 4528 1858 4599 Ὢρ,

299 4602 690 4660 ’Δπελθὼνοῦν
723 4609 859 4679 πρὸς
903 4612 990 4663 τὸν
1044 4613 1274 4682 γέροντα
1315 4616 1342 4666 6
1391 4617 1621 4686 μοναχὸς
1658 4620 1861 4672 ἐνεκω-

281 4695 450 4764 μίαζε
498 4696 588 4749 τὸν
637 4699 868 4772 κώμητα
901 4742 916 4765 ,
966 4704 1046 4756 ὃτι
1109 4706 1269 4770 καλός
1328 4709 1466 4771 ἐστι,
1519 4711 1612 4762 καὶ
1663 4710 1862 4775 πολλὰς

285 4783 656 4856 ἐλεημοσύνας
678 4796 840 4847 ποιεῖ.
868 4795 977 4848 Καὶ
1004 4798 1202 4866 νοήσας
1234 4799 1262 4849 ὁ
1291 4798 1494 4869 γέρων.
1534 4799 1682 4868 λέγει
1702 4817 1716 4831 ⁶
1751 4803 1860 4856 Ναὶ

285 4875 452 4940 καλός
479 4879 644 4932 ἐστιν.
675 4882 912 4954 Ἤρξατο
943 4880 1035 4938 οὖν
1064 4887 1092 4938 6
1123 4887 1354 4958 μοναχὸς
1390 4892 1726 4961 παρακαλεῖν
1763 4893 1858 4945 αὐ-

1965 4530 2045 4583 vit
2079 4527 2243 4590 hunc,
2279 4533 2339 4580 ut
2378 4525 2602 4580 duceret
2637 4539 2694 4578 se
2725 4524 2792 4578 ad
2835 4522 3084 4577 abbatem
3119 4519 3211 4576 Or.
3245 4517 3544 4574 Monachus

1967 4621 2133 4690 igitur
2162 4618 2226 4672 ad
2252 4631 2437 4672 senem
2459 4613 2754 4684 profectus.
2771 4613 3026 4668 laudibus
3048 4611 3244 4666 extulit
3267 4609 3541 4670 comitem,

1967 4709 2114 4780 quod
2137 4710 2310 4763 bonus
2352 4715 2500 4763 esset
2520 4707 2626 4770 vir,
2653 4705 2937 4774 multaque
2964 4701 3258 4771 largiretur
3291 4701 3536 4769 pauperi-

1967 4803 2088 4856 bus.
2126 4800 2206 4854 Re
2242 4799 2538 4862 intellecta,
2561 4797 2637 4850 ait
2659 4811 2826 4852 senex
2859 4813 2872 4848 :
2903 4790 3418 4861 Etiam,praeclarus
3437 4796 3542 4843 est.

1966 4892 2156 4964 Itaque
2185 4891 2351 4961 coepit
2376 4889 2680 4944 monachus
2703 4899 2864 4941 orare
2896 4898 3022 4938 eum
3051 4883 3138 4938 his
3167 4879 3350 4938 verbis
3375 4899 3389 4934 :
3414 4877 3544 4934 Per-

385 5031 410 5064 ³
435 5031 524 5087 ΔΙ.
559 5034 930 5107 ἀνεχώρησαν.
1013 5039 1034 5068 ⁸
1062 5039 1230 5096 Abe'st
1263 5042 1460 5112 Παύλῳ
1487 5045 1555 5099 ab
1586 5045 1656 5098 al.
1736 5045 1758 5078 ⁸
1791 5045 1860 5099 Με

1967 5084 1978 5100 .
2019 5063 2098 5112 ιι,
2129 5045 2220 5101 28.
2307 5039 2309 5041 1

359 5185 488 5266 (.282.
517 5188 646 5242 Ὀτι
674 5186 837 5266 ᾖσαν
872 5193 1214 5266 βάλξῖοντες
1241 5197 1441 5262 πηλὸν
1480 5199 1568 5262 εὶς
1594 5198 1862 5252 κελλιόν.

287 5256 738 5335 Ειάξαῆξιανῇτργ
754 5263 954 5335 πηλόν
997 5256 1250 5335 Dissonat
1275 5256 1503 5318 multum
1523 5256 1729 5335 Pelagii
1745 5283 1866 5322 ver-

287 5326 546 5402 sio.Qttt'a_
563 5328 844 5402 misissent,
867 5331 1064 5400 inquit,
1088 5335 1358 5400 caprinam
1386 5336 1572 5402 pellem
1601 5326 1865 5390 invcellam

285 5412 464 5475 suam:
493 5396 571 5475 _Et
599 5397 918 5475 reliquerunt
944 5396 1122 5475 105nm
1153 5396 1218 5454 ea:
1253 5396 1531 5475 lateribus.
1561 5405 1865 5475 Legebatne

289 5466 460 5534 priori
476 5466 613 5546 ‘locp
644 5465 931 5546 πῖλονηειυι
951 5468 1119 5539 μῆλον
1144 5485 1237 5526 seu
1268 5471 1542 5544 μηλιυτήν,
1574 5465 1864 5546 posteriori

285 5549 422 5588 \‘ero
441 5535 502 5586 τὸ
532 5535 800 5589 πλινθεῖον
823 5538 846 5591 ?

364 5602 477 5673 (29)
524 5605 647 5672 Ἐφ’
672 5605 826 5672 ἔτος.
858 5606 1090 5662 Glossaaz
1135 5609 1219 5677 ἐφ’
1254 5608 1390 5674 ἔτος.
1433 5612 1547 5666 Hoc
1573 5631 1735 5669 anno.
1767 5612 1868 5669 Ita-

288 5689 403 5744 que
423 5688 488 5727 ex
521 5678 753 5744 vetustis
787 5693 918 5731 mss.
947 5678 1288 5734 bibliothecae
1317 5682 1641 5738 Colbertinai
1661 5701 1867 5744 repono

292 5743 346 5793 in
378 5740 588 5797 Joanne
621 5743 860 5811 Moscho,
900 5762 1014 5815 cap.
1062 5747 1129 5800 85
1168 5747 1321 5803 Prati
1346 5753 1670 5819 spiritualis:
1690 5740 1861 5824 Κύριε

1973 5198 2138 5280 ᾲεξδάν
2169 5198 2401 5280 ἐφίετος
2434 5195 2526 5280 μὴ.
2548 5193 2833 5280 “etiam
2871 5189 3138 5280 W133?
3167 5185 3546 5280 satin?!-

1973 5256 2161 5337 jﬂstotv
2183 5256 2294 5329 τοῖς
2322 5256 2572 5337 nimio-ig.
2590 5256 2681 5337 ἵνα
2710 5256 3052 5337 μῇίσεενωθῇ
3073 5256 3542 5337 τὺμοναστήριον.

1974 5329 2077 5390 Ubi
2112 5337 2399 5391 ediderunt
2427 5329 2637 5405 {Rupta
2659 5329 2823 5405 a668,
2849 5329 3056 5405 ὲφξτῶς
3088 5329 3184 5399 μή,
3216 5336 3346 5405 etc_.,
3373 5341 3435 5380 ac
3471 5329 3555 5381 iu-

1973 5408 2254 5476 terpretati
2279 5412 2405 5476 sunt
2437 5420 2451 5454 :
2487 5397 2634 5459 Noli.
2659 5397 3392 5476 dominePater,secundum
3423 5412 3547 5476 con:

1973 5464 2301 5530 suetudinem
2323 5475 2451 5527 dare
2479 5472 2795 5540 pauperibus
2815 5471 3044 5525 triticum
3070 5510 3083 5535 ,
3114 5469 3384 5524 transulto
3400 5464 3542 5539 quod

1973 5559 2082 5598 non
2107 5545 2500 5613 intelligebant.

2044 5614 2157 5682 (30)
2211 5610 2315 5666 Vit.
2345 5611 2496 5664 l’atr.
2535 5628 2614 5669 Ill.
2648 5610 2732 5682 i9.

2045 5680 2157 5750 (51)
2212 5683 2311 5735 Vit.
2349 5681 2498 5750 Patr.
2535 5681 2750 5750 vm,9'
2788 5696 2868 5744 ttt,
2896 5680 2937 5733 7.

2046 5749 2156 5824 (52)
2213 5753 2313 5808 Vit.
2355 5749 2502 5802 Patr.
2535 5765 2616 5811 Ill,
2647 5749 2697 5802 8.
