4028 6338
519 263 624 320 439

518 471 736 541 spondit
765 492 776 525 :
803 473 960 525 Certe
985 487 1096 527 non
1129 477 1364 546 trajicict
1404 485 1701 540 convallem
1738 489 1878 544 hanc
1908 508 2084 565 neque

518 577 606 618 me
632 570 1024 630 conspecturus
1050 573 1154 619 est.

587 651 638 703 7.
673 651 853 705 Abbas
910 650 1098 710 Sisoes
1145 672 1450 716 sermonem
1497 678 1848 733 percontatus
1887 683 1969 728 est
2019 676 2086 731 de

515 739 709 795 abbate
741 738 836 797 0r.
869 741 935 796 Et
981 744 1119 799 dixit
1169 748 1215 801 ei
1250 768 1262 802 :
1313 749 1518 807 Mihine
1554 757 1712 813 fidem
1744 763 1957 820 habes?
1997 769 2086 823 Ait

513 831 605 884 ille
640 852 651 886 :
679 830 876 888 Etiam.
910 838 1098 908 itaque
1129 840 1195 894 ad
1225 858 1348 896 eum
1381 863 1392 897 :
1420 845 1586 915 Vade,
1615 855 1760 922 quod
1791 871 1876 912 me
1900 860 2084 915 vidisti

513 921 826 990 facientem,
856 933 913 980 tu
953 945 1168 1000 quoque
1211 931 1316 986 fac.
1352 935 1576 1009 Excepit
1603 960 1615 995 :
1638 921 1911 1008 Quidnam
1944 951 1998 1006 in
2033 961 2084 1007 te

513 1013 816 1080 conspicio,
861 1015 1067 1071 Pater?
1112 1019 1412 1090 Respondit
1459 1043 1623 1083 senex
1659 1052 1672 1086 :
1727 1033 1882 1100 Quod
1929 1056 2084 1097 mens

512 1095 634 1156 mea
666 1102 804 1158 infra
838 1118 1064 1165 cunctos
1102 1110 1352 1169 homines
1379 1131 1437 1171 se
1466 1120 1756 1176 submittit.

464 1251 481 1366 3
584 1278 634 1332 8.
684 1279 1014 1336 Referebant
1035 1283 1103 1338 de
1132 1285 1326 1341 abbate
1347 1287 1422 1342 Or
1456 1298 1511 1343 et
1548 1291 1744 1348 abbate
1771 1295 2080 1365 Theodoro,

463 1371 476 1409 ξ
512 1369 658 1440 quod
681 1371 905 1427 exordia
928 1375 1068 1428 bona
1090 1375 1457 1445 instituerent,
1493 1396 1555 1436 ac
1593 1382 1702 1438 Deo
1723 1389 1930 1456 gratias
1960 1406 2086 1462 age-

464 1506 472 1518 ,
510 1469 633 1515 rent
661 1475 896 1532 semper.

583 1733 669 1787 lO.
702 1731 844 1788 Dixit
881 1737 1076 1792 iterum
1107 1760 1118 1794 :
1151 1740 1253 1810 Qui
1300 1761 1465 1816 supra
1500 1752 1752 1806 meritum
1785 1755 2084 1815 honoratur
2113 1742 2158 1802 Β

514 1823 595 1878 vel
626 1824 901 1890 laudatur,
923 1829 1093 1885 multo
1120 1833 1353 1889 aﬂicitur
1378 1838 1580 1894 damno
1606 1858 1624 1894 :
1649 1845 1740 1911 qui
1765 1855 1945 1903 autem
1969 1852 2086 1906 nul-

509 1915 725 1974 latenus
760 1917 814 1971 in
847 1921 1024 1989 pretio
1052 1932 1137 1977 est
1167 1926 1308 1995 apud
1339 1928 1859 2004 homines,gloriam
1888 1957 2080 2011 super-

505 2023 580 2070 ne
605 2008 841 2063 delatam
874 2023 1258 2084 consequetur.

583 2099 670 2154 H.
709 2098 906 2156 lterum
943 2107 1194 2160 monuit:
1226 2107 1452 2174 Quoties
1478 2119 1530 2166 te
1570 2115 1803 2171 subierit
1828 2121 2082 2190 cogitatio

509 2189 765 2268 elationis
800 2199 854 2247 et
876 2197 1165 2265 superbiae,
1187 2210 1436 2257 scrutare
1459 2207 1854 2263 conscientiam
1889 2189 2038 2266 tuam
2064 2231 2079 2280 ;

509 2289 692 2340 utrum
716 2285 898 2338 omnia
927 2288 1182 2342 mandata
1207 2295 1514 2350 servaveris
1539 2313 1554 2363 ;
1589 2313 1656 2351 an
1685 2299 1878 2372 diligas
1901 2303 2082 2360 iuimio

508 2385 603 2424 cos
629 2378 774 2436 tuos,
801 2387 865 2427 ac
893 2375 960 2430 de
1001 2391 1191 2431 eorum
1231 2381 1536 2439 infortunio
1563 2397 1796 2445 mmstus
1819 2392 1925 2458 sis;
1960 2403 2082 2450 tene

508 2476 724 2520 servum
751 2465 999 2519 inutilem
1025 2467 1217 2534 ducas,
1254 2487 1468 2528 necnon
1515 2491 1678 2548 supra
1705 2493 1932 2538 cunctos
1955 2501 2081 2554 pec-

507 2561 764 2608 catorem.
800 2555 896 2612 His
925 2561 1067 2629 apud
1100 2570 1151 2616 te
1177 2562 1548 2634 deprehensis,
1571 2571 1682 2623 noli
1708 2573 1884 2630 adhuc
1911 2577 2081 2632 altum

508 2659 731 2715 sapere,
771 2651 929 2717 quasi
979 2661 1126 2707 recta
1175 2659 1359 2713 omnia
1407 2666 1727 2733 peregeris;
1773 2669 1868 2723 sed
1917 2671 2076 2738 scito,

505 2751 603 2806 per
626 2739 892 2809 ejusmodi
924 2744 1310 2814 cogitationem
1347 2753 1604 2810 universa
1628 2755 1865 2816 destrui.

581 2829 669 2890 12.
700 2833 964 2903 Praecepit
990 2836 1154 2891 etiam
1188 2856 1201 2894 :
1241 2839 1299 2895 In
1328 2846 1477 2899 omni
1524 2851 1844 2917 tentatione,
1877 2853 1945 2909 de
1983 2855 2080 2909 ho-

505 2921 652 2975 mine
684 2937 958 2993 quoquam
1001 2942 1070 2982 ne
1124 2939 1508 3002 conqueraris,
1554 2938 1650 2992 sed
1692 2939 1760 2994 de
1796 2949 1850 2995 te
1876 2945 2080 2997 solum-

1641 286 1984 347 APPENDIX
2025 294 2115 349 AD
2155 297 2574 362 PALLADIUM.

517 380 697 443 mitte,
733 381 891 444 abba,
937 391 994 436 ut
1034 384 1214 440 veniat
1260 403 1321 439 ac
1371 390 1548 446 videat
1584 401 1654 448 te.
1688 397 1755 449 At
1789 415 1955 455 senex
2005 418 2082 458 re-

2195 409 2307 474 τὸν,
2351 413 2521 480 λέγων
2543 431 2557 447 ⁸
2608 417 2966 488 Συγχώρησον

3655 325 3765 384 ΗΟ

3021 423 3180 476 αὐτδν
3213 425 3254 488 ⁸,
3291 425 3453 490 ἀδεᾶ.
3507 430 3592 485 ἵνα
3633 437 3766 508 ἔλθῃ

2187 503 2279 553 καὶ
2313 502 2395 574 ῐδῃ
2429 522 2509 558 σε.
2550 508 2658 560 Καὶ
2700 509 3015 580 ἀποκριθεὶς
3073 515 3101 566 ὁ
3163 517 3339 584 γέρων
3393 516 3547 575 εἶπε·
3599 502 3768 582 Φύσει

2185 593 2244 645 οὑ
2276 599 2448 666 περνᾷ
2475 599 2573 669 τὴν
2605 601 2860 672 φάραγγα
2888 593 3116 676 ταύτην,
3149 608 3242 660 καὶ
3274 609 3461 678 βλέπει
3485 632 3571 684 με.

2251 683 2314 746 ζ’.
2364 685 2673 758 Ἦρώτησεν
2704 693 2731 743 ό
2765 693 2939 756 assa;
2974 695 3168 766 Σισόης
3190 698 3282 750 τὸν
3318 683 3633 778 16659-09,
3666 709 3760 762 λέ-
3835 685 3850 776 η’

2184 790 2297 841 γων
2315 795 2326 806 ο
2363 778 2498 830 Εἰπέ
2525 797 2613 848 μοι
2633 780 2807 848 λόγον.
2835 784 2944 837 Καὶ
2967 781 3118 839 εἶπεν
3147 788 3294 859 αὐτῷ
3314 809 3326 820 ’
3363 793 3548 863 Ἔχεις
3575 799 3762 854 πίστιν

2185 870 2264 932 εἰς
2291 870 2389 940 ἐμέ
2414 887 2428 934 ;
2458 871 2567 922 Καὶ
2593 867 2743 924 εἶπε·
2787 872 2914 928 Ναί.
2951 875 3119 929 Εἶπεν
3154 875 3248 932 οὖν
3295 883 3475 953 αὐτῷ·
3517 886 3767 956 “ὶ’παγε.

2185 960 2278 1013 καὶ
2299 961 2327 1013 ὂ
2349 959 2599 1032 ἑώρακάς
2642 980 2709 1032 με
2752 964 3026 1031 ποιοῦντα,
3060 971 3286 1041 ποίησον
3311 977 3409 1045 καὶ
3437 975 3523 1029 σύ.
3555 980 3662 1033 Καὶ
3683 979 3764 1034 εἴ·
3831 983 3834 985 “

2186 1067 2287 1103 πεν
2317 1051 2463 1121 αὐτῷ
2489 1068 2502 1081 ·
2546 1052 2610 1104 Τί
2645 1052 2776 1123 ὁρῶ,
2812 1055 3011 1128 Πάτερ,
3046 1059 3124 1122 εἰς
3157 1061 3246 1127 σές
3288 1064 3430 1134 Ἔφη
3472 1067 3528 1120 δὲ
3561 1071 3706 1142 αὑτῴ
3731 1075 3763 1125 ὁ

2185 1143 2383 1212 γέρων,
2421 1144 2502 1195 ὅτι
2549 1144 2607 1196 '0
2628 1144 2886 1216 λογισμός
2917 1165 3017 1218 μου
3053 1151 3358 1224 κατώτερός
3385 1158 3500 1212 ἐστι
3541 1162 3763 1216 πάντων

2186 1232 2283 1286 ἀνθ
2292 1232 2510 1303 ρώπων.

2254 1329 2323 1392 η’.
2364 1323 2592 1392 Ἔλεγον
2623 1327 2752 1397 περὶ
2783 1328 2877 1380 τοῦ
2907 1330 3050 1384 ἀϐϐᾶ
3075 1334 3174 1405 Ὠρ
3206 1336 3302 1389 καὶ
3329 1336 3423 1389 τοῦ
3453 1339 3596 1393 assa
3626 1343 3760 1395 Θεο-

2184 1410 2378 1483 δώρου,
2414 1415 2494 1466 δτι
2522 1411 2662 1484 ἦσαν
2698 1417 2981 1487 βάλλοντες
3010 1423 3183 1493 ἀρχὰς
3213 1427 3442 1496 ἀγαθὰς,
3478 1433 3572 1484 καὶ
3595 1434 3760 1504 εὐχα-

2188 1503 2497 1570 ριστοῦντες
2532 1506 2610 1576 τῷ
2643 1507 2761 1578 Θεῷ
2791 1508 3103 1578 διαπαντός.
3717 1517 3722 1520 “

2256 1593 2321 1646 θ’.
2355 1591 2521 1648 Εἶπεν
2551 1599 2579 1648 ὁ
2605 1597 2778 1663 esse;
2822 1603 2922 1672 Ὠρ
2944 1620 2958 1634 ο
3006 1603 3274 1674 Στέφανός
3311 1611 3426 1664 ἐστι
3467 1614 3693 1684 μοναχοῦ
3722 1620 3758 1687 ή

2184 1701 2444 1754 ταπεινοφ
2455 1688 2649 1759 ροσύνη
2658 1729 2671 1741 .

2259 1784 2311 1828 ι’.
2338 1772 2474 1830 Εἶπε
2516 1779 2712 1833 πάλιν
2761 1781 2820 1834 '0
2861 1783 3020 1835 πλέον
3063 1785 3162 1855 τῆς
3198 1789 3356 1854 ἀξίας
3393 1791 3697 1867 τιμώμενος
3719 1799 3755 1870 ἢ

2186 1867 2578 1936 ἐπαινούμενος
2607 1870 2740 1922 πολὺ
2763 1870 3084 1942 ζημιοῦταιο
3123 1879 3152 1928 ὀ
3183 1876 3238 1929 δὲ
3270 1879 3404 1949 μηδὲ
3434 1881 3568 1945 ὅλως
3591 1867 3758 1954 τιμώξ

2187 1975 2345 2029 μενος
2376 1960 2480 2013 ὑπὸ
2510 1960 2619 2015 τῶν
2651 1961 2952 2033 ἀνθρώπων
2979 1965 3183 2022 ἄνωθεν
3209 1966 3615 2043 δοξασθήσεται.

2257 2145 2344 2193 ια’.
2379 2139 2548 2192 Πάλιν
2590 2135 2744 2194 εἶπεν
2765 2159 2779 2173 ο
2815 2143 2982 2197 Ὅταν
3014 2145 3272 2215 λογισμὸς
3307 2146 3758 2222 ὑψηλοφροσύνης

2183 2231 2214 2300 ἢ
2252 2231 2628 2301 ὑπερηφανίας
2655 2233 2965 2288 ὑπεισέλθοι
2992 2253 3096 2300 σοι,
3127 2239 3322 2308 ἐρεύνα
3352 2256 3446 2292 σου
3472 2242 3534 2293 τὸ
3571 2259 3751 2296 συνει-

2181 2321 2290 2385 δὸς,
2317 2324 2364 2374 εξ
2391 2323 2571 2386 πάσας
2604 2324 2702 2388 τὰς
2735 2325 2956 2390 ἐντολὰς
2984 2328 3274 2396 ὲιρύλαξας,
3311 2333 3359 2384 εἰ
3385 2332 3601 2403 ἀγαπᾷς
3626 2336 3756 2403 τοὶς

2185 2413 2410 2484 ἐχθρούς
2445 2431 2560 2481 σου,
2595 2418 2688 2468 καὶ
2718 2417 2860 2488 λυπῇ
2883 2419 2976 2471 ἐπὶ
3007 2423 3071 2490 τῇ
3109 2421 3397 2475 ἐλαττώσει
3427 2423 3622 2489 αὐτῶν,
3655 2421 3762 2480 κα).¹

2183 2503 2326 2574 ἔχεις
2362 2507 2551 2560 ἑαυτὸν
2579 2506 2764 2561 δοῦλον
2790 2498 3028 2581 ἀχρεῖον,
3069 2514 3162 2566 καὶ
3187 2514 3402 2568 πάντων
3436 2515 3752 2588 ἁμαρτωλό-

2180 2611 2368 2665 τερον·
2410 2598 2504 2649 καὶ
2558 2601 2676 2651 τότε
2732 2601 2865 2672 μηδὲ
2911 2601 3083 2666 οὕτως
3133 2605 3275 2674 μέγα
3323 2610 3617 2681 φρονήσῃς,
3673 2609 3752 2671 ὡς

2183 2687 2362 2739 πάντα
2392 2688 2739 2760 κατορθώσας
2759 2707 2772 2719 ·
2807 2693 2961 2757 εἰδὼς
2995 2696 3076 2747 ὅτι
3109 2691 3260 2760 οὗτος
3283 2699 3312 2750 6
3338 2698 3594 2769 λογισμὸς
3611 2701 3748 2753 πᾶν·

2179 2795 2247 2830 τα
2274 2780 2551 2837 καταλύει.

2254 2869 2340 2935 ιβ’.
2368 2867 2502 2925 Eius
2535 2875 2724 2928 πάλινσ
2778 2876 2866 2929 Ἐν
2898 2880 3061 2930 παντὶ
3090 2881 3383 2951 πειρασμῷ
3425 2881 3499 2962 μὴ
3533 2882 3756 2962 μέμφου-

2180 2959 2486 3031 ἄνθρωπον,
2522 2965 2655 3018 ἀλλὰ
2693 2969 2918 3020 σεαυτὸν
2965 2969 3143 3039 μόνον,
3178 2971 3372 3041 λέγων,
3407 2960 3490 3027 ὅτι
3512 2974 3611 3029 Διὰ
3648 2960 3758 3038 τὰςί

506 3014 691 3082 modo,
719 3017 910 3073 dicens
935 3039 947 3074 :
982 3019 1210 3095 Propter
1231 3041 1456 3096 peccata
1487 3048 1627 3097 mea,
1653 3034 1770 3088 haec
1799 3037 1933 3092 mihi
1953 3055 2080 3094 con-

2183 3014 2450 3121 ἀμαρτίας
2814 3014 3100 3128 συμϐαίνει
3128 3014 3242 3131 iam.

506 3106 744 3177 tingunt.

580 3200 667 3253 13.
706 3200 820 3257 Hoc
869 3220 1086 3276 quoque
1137 3209 1357 3266 effatum
1411 3213 1558 3269 illius
1616 3214 1983 3276 fertueroli
2021 3224 2074 3278 in

506 3291 672 3346 corde
703 3299 796 3347 tuo
831 3305 1022 3350 contra
1057 3297 1280 3355 fratrem
1304 3311 1454 3357 tuum
1480 3305 1663 3360 dicere
1704 3326 1718 3361 :
1748 3309 1968 3378 Majoris
1989 3330 2077 3368 so-

506 3381 756 3440 brietatis
778 3401 841 3440 ac
873 3388 995 3442 vitae
1019 3392 1340 3446 austerioris
1363 3394 1523 3448 homo
1556 3411 1674 3448 sum
1703 3416 1715 3452 :
1759 3401 1853 3454 sed
1887 3403 2077 3471 gratiae

505 3471 713 3529 Christi
753 3478 964 3547 subjice
992 3485 1066 3543 te,
1100 3480 1156 3534 in
1188 3483 1381 3551 spiritu
1409 3486 1763 3554 paupertatis,
1793 3498 1846 3545 et
1896 3493 2076 3548 chari-

506 3563 635 3620 tatis
667 3580 773 3619 non
801 3566 978 3634 fictat;
1014 3583 1083 3622 ne
1118 3567 1260 3624 forte
1287 3571 1628 3639 gloriationis
1661 3577 1857 3645 spiritu
1893 3584 2074 3650 prola-

504 3653 675 3714 baris.
703 3658 1033 3729 amittasque
1060 3659 1273 3714 labores
1307 3670 1451 3718 tuos.
1479 3663 1753 3734 Scriptum
1789 3672 1932 3724 enim
1954 3683 2069 3728 est:

506 3745 612 3811 Qui
639 3764 692 3801 se
717 3752 985 3804 existimat
1013 3762 1177 3815 stare,
1208 3751 1380 3807 videat
1404 3771 1466 3808 ne
1495 3756 1705 3812 cadat“.
1736 3761 1860 3818 Sale
1889 3774 2073 3822 autem

503 3839 758 3893 conditus
791 3841 866 3894 sis
906 3840 962 3894 in
991 3840 1274 3897 Domino".

573 3930 660 3988 Η.
701 3931 764 3985 Et
805 3933 946 3986 hanc
1002 3937 1332 3992 sententiam
1398 3943 1624 4011 protulit
1664 3963 1676 3998 :
1717 3943 1814 4001 Vel
1864 3947 2073 4019 fugiens

504 4019 630 4090 fuge
660 4021 943 4088 homines;
977 4024 1058 4078 vel
1083 4027 1287 4082 mundo
1313 4040 1365 4084 et
1402 4033 1716 4093 hominibus
1742 4038 2074 4107 illude,stul-

500 4125 616 4167 tum
645 4123 695 4170 te
723 4116 775 4168 in
799 4116 986 4171 multis
1010 4120 1173 4176 rebus
1207 4121 1431 4180 faciens.

575 4205 660 4259 i5.
699 4205 913 4262 Rursus
960 4209 1165 4266 istam:
1217 4211 1272 4267 Si
1317 4217 1459 4271 male
1517 4223 1733 4274 locutus
1794 4220 1964 4278 lueris
2005 4224 2073 4280 de

488 4293 669 4352 fratre
713 4303 829 4361 tuo,
863 4308 1025 4371 atque
1055 4306 1402 4362 conscientiae
1431 4310 1621 4366 aculeo
1654 4315 1932 4384 pungaris,
1961 4316 2070 4381 abi,

2249 3237 2334 3297 ιγ’.
2364 3231 2529 3284 Πάλιν
2558 3230 2678 3287 εἷπε
2701 3253 2714 3265 ·
2751 3237 2841 3308 Μὴ
2871 3239 3030 3310 εἴπῃς
3064 3242 3121 3292 ὲν
3151 3244 3215 3312 τῇ
3250 3242 3446 3314 καρδίᾳ
3483 3262 3574 3297 σου
3609 3247 3751 3300 κατὰ

2175 3317 2269 3371 τοῦ
2293 3320 2521 3390 ἀδελφοῦ
2560 3341 2674 3389 σου,
2714 3325 2910 3395 λέγων,
2938 3329 3021 3382 ὅτι
3050 3331 3472 3404 Νηφαλιὼτερός
3507 3336 3622 3406 ειμι
3654 3338 3751 3388 καὶ

2176 3408 2618 3482 ἀσκητικώτερος
2640 3432 2654 3444 ν
2695 3415 2811 3468 ἀλλ’
2844 3417 3148 3472 ὑποτάσσου
3178 3424 3242 3491 τῇ
3278 3423 3461 3493 χάριτι
3491 3424 3582 3476 τοῦ
3618 3425 3749 3494 Χρι-

2179 3501 2303 3555 στοῦ
2357 3505 2414 3554 ἐν
2461 3504 2730 3576 πνεύματι
2781 3509 3053 3577 πτωχείας
3085 3511 3179 3564 καὶ
3206 3513 3426 3580 ἀγάπης
3459 3514 3748 3584 ἀνυποκρί-

2173 3609 2289 3656 του,
2336 3593 2423 3646 ἵνα
2473 3595 2548 3666 μὴ
2602 3596 2870 3666 πνεύματι
2921 3601 3240 3669 καυχήσεως
3287 3601 3608 3672 περιπέσῃς.
3655 3604 3753 3656 καὶ

2176 3679 2446 3755 ἀπολέσῃς
2477 3701 2571 3738 σου
2601 3685 2692 3738 τὸν
2717 3687 2904 3742 κόπον.
2937 3689 3246 3759 Γέγραπται
3269 3692 3378 3761 γάρ
3399 3708 3414 3721 ·
3469 3693 3522 3744 Ὀ
3555 3691 3752 3745 δοκῶν

2175 3775 2446 3840 ἑστάναι,
2475 3778 2757 3842 ,βλεπέτω
2779 3779 2864 3848 μὴ
2899 3781 3082 3850 πέσῃ.
3124 3783 3317 3836 Ἀλατι
3355 3783 3411 3836 δὲ
3445 3782 3752 3854 ἠρτυμένος

2175 3867 2265 3920 ἔσο
2289 3869 2346 3921 ἐν
2369 3871 2580 3942 Κυρίῳ.

2250 3960 2329 4012 ιδ’.
2374 3957 2509 4014 Εἶπε
2552 3963 2743 4017 πάλιν·
2798 3967 2866 4017 Ἢ
2899 3965 3112 4034 φεύγων
3171 3967 3340 4035 φεῦγε
3378 3966 3501 4030 τοὺς
3535 3965 3748 4037 ἀνθρώ-

2175 4069 2328 4117 πους,
2358 4052 2389 4124 ἢ
2424 4052 2687 4124 ἔμπαιξον
2731 4056 2821 4108 τὸν
2862 4057 3066 4125 κόσμον
3110 4058 3205 4111 καὶ
3244 4059 3371 4123 τοὺς
3406 4057 3748 4130 ἀνθρώπους,

2179 4149 2356 4217 μωρὸν
2385 4148 2608 4201 σεαυτὸν
2627 4151 2705 4212 εἰς
2734 4149 2802 4202 τὰ
2839 4149 3006 4204 πολλὰ
3035 4151 3222 4207 ποιῶν.

2245 4243 2326 4288 ιε’.
2363 4237 2534 4291 Πάλιν
2581 4236 2760 4292 εἶπεν·
2807 4241 2930 4294 Ἐὰν
2969 4241 3352 4315 καταλαλήσῃς
3385 4242 3480 4295 τοῦ
3514 4241 3748 4311 ἀδελφοῦ

2177 4343 2290 4389 σου,
2321 4328 2412 4380 καὶ
2445 4329 2619 4400 πλήξῃ
2651 4347 2709 4381 σε
2735 4331 2796 4383 τὸ
2824 4332 3204 4397 συνειδός.σου,
3234 4333 3455 4398 ἄπελθε,
3491 4332 3616 4403 βάλε
3645 4333 3749 4386 αὐ-

499 4393 554 4445 te
578 4385 681 4454 ipsi
715 4391 1041 4456 pmnitenter
1077 4397 1300 4460 inclina,
1325 4407 1379 4454 et
1405 4400 1610 4458 dicito:
1643 4403 1858 4458 Detraxi
1883 4409 1949 4460 de
1981 4419 2066 4473 te;

2183 4417 2250 4487 τῷ
2287 4420 2595 4486 μετάνοιαν,
2639 4423 2730 4476 καὶ
2763 4423 2904 4489 εἰπὲ,
2949 4425 3030 4477 ὅτι
3077 4425 3433 4496 Κατελὰλησά
3480 4442 3594 4488 σου,
3651 4424 3747 4476 καὶ⁵

502 4477 571 4532 ad
604 4476 716 4532 haec
758 4484 1110 4540 securitatem
1159 4498 1354 4556 prmsta
1390 4493 1533 4559 quod
1566 4509 1674 4547 non
1722 4499 1956 4566 amplius
2002 4499 2069 4551 il-

499 4568 723 4631 luderis.
762 4572 907 4631 Mors
927 4577 1072 4631 enim
1114 4578 1311 4633 animae
1358 4588 1441 4634 est
1471 4582 1758 4644 detractio.

912 4686 1065 4744 Finis
1093 4691 1293 4746 ordinis
1315 4692 1650 4761 alphabetici.

570 4839 592 4872 ⁸
618 4839 639 4898 1
667 4841 794 4897 Cor.
835 4860 892 4908 ι,
928 4843 1014 4902 12.
1089 4848 1110 4879 ⁷
1141 4845 1257 4902 Col.
1293 4865 1367 4916 tv,
1404 4848 1456 4903 6.
1533 4852 1553 4882 ⁸
1590 4850 1675 4911 ΑΙ,
1710 4853 1876 4924 αὐτῷ.

2176 4509 2468 4575 ἁσφάλισαι
2521 4513 2715 4582 μηκέτι
2755 4516 3142 4588 ἐμπαιχθῆναι.
3196 4515 3433 4579 Θάνατος
3479 4515 3585 4585 γάρ
3629 4515 3746 4567 ἐστι

2174 4596 2272 4666 τῆς
2304 4597 2480 4669 ψυχῆς
2510 4603 2541 4672 ἡ
2572 4602 2894 4656 καταλαλιά.

2567 4711 2742 4778 Τέλος
2765 4715 2830 4768 τὸ
2859 4715 3011 4769 κατὰ
3035 4716 3358 4786 στοιχεῖον.

417 5075 423 5079 ’
1795 5107 2416 5200 MONITUM.

1469 5261 1484 5318 (
1499 5258 1814 5319 (ἶοτειεκιυε,
1841 5257 2021 5310 Eccles.
2048 5261 2202 5312 Gram.
2234 5263 2470 5321 Mantum,
2496 5263 2559 5314 Ill
2584 5301 2596 5321 ,
2635 5263 2766 5326 i7l.)

2087 5374 2156 5387 .—

565 5451 1228 5533 Sequentetnbistoriam,
1261 5456 1582 5533 Paradisunt
1604 5460 1828 5533 dictam,
1853 5461 2123 5533 in_tribus
2160 5460 2446 5533 codicibus
2489 5461 2670 5533 Regiis
2699 5502 2712 5523 .
2747 5472 2800 5516 et
2859 5478 2968 5518 uno
2999 5462 3324 5533 Colbertino
3349 5471 3542 5517 nactus
3589 5478 3736 5519 sum.

493 5517 1002 5618 Et'coilexguidetn
1042 5525 1239 5618 Regius
1266 5517 2012 5618 nu‘m.titulum'ltabet
2044 5548 2056 5582 :

2183 5531 2361 5618 ξτουτὸ
2393 5517 2847 5618 βιξλίρξρλέχεται
2885 5532 3393 5618 παράδεέισεςηψίλη
3409 5533 3483 5618 ’δε
3499 5534 3574 5616 τῇ.
3595 5517 3741 5614 Valg-

493 5588 615 5700 θείᾳ
637 5590 730 5644 καὶ
759 5588 866 5675 ἕέτι
888 5595 996 5654 τοῖς
1018 5588 1227 5700 amasset
1256 5614 1386 5650 πνευ
1397 5601 1594 5700 patriai}
1623 5600 2033 5700 ὲντυγχάνουὲν
2061 5601 2221 5700 αὐτῇ.
2244 5603 2365 5663 Bia;
2385 5588 2488 5700 ἑοῦ
2524 5601 2667 5700 όὶξϐᾶ
2689 5601 2931 5700 Ἰωαννου
2949 5603 3049 5700 ἑοῦ
3071 5601 3318 5700 ριησαέου
3466 5588 3735 5700 ἕν’ἕιυῇᾧ.

523 5658 724 5700 lminwl
749 5679 837 5700 nm
865 5661 995 5700 Μεηῆ
1074 5665 1278 5700 ,λείηναν
1336 5679 1420 5700 nn.
1503 5667 1739 5700 ἠιηιῖιιιν
1766 5672 1924 5700 ..ιζ-..τ
2002 5693 2027 5700 -.
2104 5687 2318 5700 ..υςωηυι
2429 5689 2455 5700 ,ι
2589 5687 2784 5700 ..ι-...κω
2811 5688 2844 5700 ι.
2882 5689 2943 5700 ...-
2985 5687 3011 5700 ρ.
3136 5687 3288 5700 ,ιιι-...η
3420 5686 3464 5700 ,η
3567 5689 3635 5700 ..ιι
3677 5687 3712 5700 ,ι

495 5657 724 5733 Πρώτην
749 5656 837 5714 οὖν
865 5661 995 5722 Θεοῦ
1039 5663 1300 5731 θέλοντος,
1336 5656 1441 5721 etc.
1486 5656 1926 5738 Sminitur'e'tiam
1964 5674 2028 5726 de
2054 5671 2082 5725 Α

2183 5656 2318 5726 none
2385 5670 2495 5738 De,
2534 5670 2844 5744 Oxyrynchi
2882 5671 3030 5730 urbe.
3071 5656 3305 5736 Th'eone,
3354 5671 3486 5735 Elia,
3522 5656 3733 5742 spolio,
