4032 6338
554 312 659 366 us
1672 317 2010 375 API‘ENDIX
2050 319 2140 372 AD
2176 319 2591 378 PALLADIUM.
2667 289 2671 307 ¹
3669 326 3810 382 ut.

554 429 644 493 qui
691 422 1003 493 hujusmodi
1049 424 1417 479 narrationem
1459 427 1775 498 aggrediar;
1824 430 1953 501 quia
2004 445 2146 488 non.

2184 482 2185 485 η
2216 431 2429 503 γήσεως
2462 433 2854 507 κατάρξασθαι,
2886 434 2975 489 διὰ
3018 435 3079 488 τὸ
3125 437 3202 507 μὴ
3249 436 3430 489 ίκανδν
3458 429 3615 501 εἶναι,
3653 442 3776 503 τούς

552 515 727 576 decet,
766 521 826 567 ut
862 512 1015 582 parvi
1046 528 1241 584 magna
1282 514 1553 585 attingant
1592 529 1935 587 argumenta,
1985 536 2112 576 cum

2219 525 2449 594 μικροὺς
2498 526 2607 579 τῶν
2656 526 2908 597 μεγάλων
2955 526 3296 594 ἐφάπτεσθαι
3336 527 3666 590 ὑποθέσεων,
3701 530 3775 601 μὴ

548 617 659 658 non
697 605 910 674 possint
949 603 1217 675 condigne
1255 606 1537 662 veritatem
1567 608 1892 676 edisserere,
1941 615 2112 668 maxi-

2212 613 2447 681 ἐπαξίως
2471 614 2492 647 ⁸
2509 616 2837 687 δυναμένους
2860 616 2928 671 τὰ
2942 618 3114 689 ἀληθῆ
3141 617 3392 683 ἐξειπεῖν,
3423 620 3514 673 καὶ
3543 619 3777 691 μάλιστα

549 711 747 767 meque
803 712 914 751 rem
958 698 1174 768 scriptis
1229 700 1589 770 consignare,
1640 719 1739 772 per
1782 706 2109 764 mediocrem

2214 707 2397 774 γραφῇ
2433 705 2761 777 παραδοῦναι
2792 707 2853 759 τὸ
2884 708 3135 777 πρᾶγμα,
3165 708 3260 761 καὶ
3293 709 3500 780 μετρίῳ
3527 710 3670 781 λόγῳ
3707 713 3777 765 τὰ

549 802 858 843 sermonem
900 790 1059 842 ellatu
1096 788 1335 844 diﬂicilia
1363 780 1511 845 eﬂ'ari
1547 794 1799 850 audendo
1832 814 1845 851 :
1882 799 1935 853 id
1966 802 2112 870 quod

2211 793 2529 865 δύσφραστα
2559 797 2786 867 φράζειν
2826 798 3312 868 κατατολμῶντας·
3348 801 3488 873 ὅπερ
3530 780 3776 854 καὶτολ-

546 876 706 930 valde
729 877 1068 947 nimiumque
1101 876 1282 932 audax
1318 888 1403 934 est
1432 896 1495 935 ac
1533 884 1919 951 periculosum,
1954 889 2111 946 nobis

2217 882 2516 950 μηρότερον
2549 882 2686 948 ἄγαν
2711 883 2800 936 καὶ
2823 884 3177 949 ἐπικίνδυνον,
3206 885 3605 958 εὐτελεστέροις
3625 885 3776 941 οὖσιν

546 968 642 1039 qui
698 968 917 1023 vitiures
962 984 1174 1036 sumus,
1223 972 1397 1041 primo
1447 975 1514 1028 ad
1559 976 1701 1030 hanc
1747 978 2111 1035 celsissimam

2211 972 2364 1041 ἡμῖν,
2402 970 2632 1041 πρώτως
2655 972 2747 1025 ἐπὶ
2775 974 2873 1044 τὴν
2895 975 3236 1046 ὑψηλοτάτην
3262 976 3469 1046 ταύτην
3494 977 3774 1042 ὑπόθεσιν,

546 1062 831 1116 materiam
864 1078 962 1133 per
998 1065 1204 1134 scripta
1244 1065 1523 1124 accedere.
1554 1067 1939 1127 Verumtamen
1976 1089 2115 1143 quo-

2211 1060 2298 1113 διὰ
2318 1061 2659 1131 γραμμάτων
2684 1066 2898 1133 χωρεῖν.
2940 1064 3116 1135 Ὀμῶς
3139 1064 3515 1135 παρακληθεὶς
3536 1066 3776 1136 συνεχῶς

546 1157 693 1210 niam
733 1170 876 1225 saepe
918 1158 1118 1226 saepius
1147 1165 1369 1228 rogatus
1416 1161 1489 1214 fui
1522 1177 1549 1213 a
1580 1164 1833 1233 religiosa
1861 1164 2113 1221 fraterni-

2211 1152 2320 1206 ὐπὸ
2340 1154 2437 1221 τῆς
2467 1153 2729 1216 εὐλασοῦς
2757 1154 3134 1226 ἁδελφότητος,
3167 1155 3269 1226 τῆς
3300 1158 3358 1209 ὲν
3384 1154 3464 1226 τῷ
3488 1156 3629 1228 ἁγίῳ
3656 1157 3773 1228 δρει

545 1254 677 1311 tute,
719 1262 838 1317 quae
876 1247 927 1300 in
957 1256 1139 1301 monte
1169 1258 1363 1304 sancte
1396 1250 1586 1306 Oliveti
1623 1262 2016 1318 commoratur,
2051 1264 2110 1309 nt

2209 1246 2319 1298 τῶν
2363 1245 2586 1298 Ἐλαιῶν
2619 1246 3061 1318 πολιτευομένης,
3093 1246 3303 1320 γράψαι
3327 1248 3508 1312 αὐτοῖς
3538 1249 3637 1313 τὰς
3664 1249 3773 1302 τῶν

546 1336 615 1390 iis
652 1337 1016 1393 describerent
1049 1337 1429 1410 Egyptiorum
1466 1344 1863 1399 monachorum
1892 1347 2108 1402 vivendi

2210 1337 2268 1389 ἐν
2297 1336 2557 1407 Αἰγύπτῳ
2601 1337 2852 1407 μοναχῶν
2884 1337 3178 1403 πολιτείας,
3205 1339 3272 1402 ἃς
3314 1339 3643 1411 ἐθεασάμην,
3676 1340 3774 1411 τὴν

544 1429 804 1491 rationes,
844 1445 983 1499 quas
1029 1433 1315 1500 conspexi,
1366 1449 1614 1504 magnam
1652 1449 1843 1490 eorum
1870 1437 2109 1491 Charita—

2210 1425 2412 1496 πολλὴν
2449 1427 2673 1497 ἀγάπην
2711 1426 2911 1491 αὐτῶν,
2944 1428 3038 1480 καὶ
3083 1428 3285 1499 πολλὴν
3340 1429 3605 1501 ἄσκησιν
3653 1434 3776 1494 ταῖς

542 1525 676 1582 tem,
716 1528 777 1573 ει
806 1521 1030 1574 multam
1081 1523 1523 1579 exercitationem
1563 1526 1780 1595 pietatis
1814 1545 1828 1594 ;
1888 1528 2106 1583 illorum

2206 1515 2388 1570 αὐτῶν
2438 1518 2624 1587 εὐχαῖς
2671 1519 3132 1585 καταπιστεύσας,
3173 1519 3446 1591 ἐτόλμησα
3494 1521 3630 1591 πρὸς
3674 1520 3773 1590 τὴν

494 1669 506 1678 ,
540 1611 795 1677 precibus
832 1610 1135 1676 conlidens,
1171 1611 1314 1667 hanc
1340 1614 1658 1669 relationem
1690 1616 1972 1685 suscipere
2005 1633 2086 1672 au-

2205 1606 2456 1677 διήγησιν
2478 1607 2682 1677 ταύτην
2708 1608 2986 1680 τραπῆναι
3007 1622 3023 1638 ⁸
3063 1610 3151 1664 ἵνα
3191 1609 3359 1681 κάμοί
3383 1628 3435 1664 τι
3464 1611 3655 1681 κέρδος
3679 1613 3773 1679 γέ-

541 1715 639 1754 sus
660 1715 816 1766 sum;
843 1716 952 1770 quo
978 1710 1032 1758 et
1072 1702 1206 1757 mihi
1241 1704 1487 1758 nonnihil
1522 1704 1659 1757 lucri
1688 1706 1912 1760 accedat
1943 1722 2010 1761 ex
2040 1723 2106 1762 eo

2206 1712 2367 1767 νηται
2390 1697 2491 1767 τῆς
2527 1697 2701 1768 αὐτῆς
2742 1697 3032 1766 ὠφελείας,
3067 1700 3432 1770 μιμησαμένῳ
3462 1699 3642 1755 αὐτῶν
3670 1700 3770 1771 τὴν

537 1789 930 1856 emolumento,
977 1791 1106 1846 dum
1143 1793 1388 1862 ipsorum
1432 1793 1679 1849 imitatus
1728 1793 1883 1850 fuero
1912 1796 2100 1861 vitam,

2177 1795 2178 1804 ‘
2207 1759 2498 1851 πολιτείαν,
2524 1787 2621 1840 καὶ
2646 1759 2745 1857 την
3402 1759 3769 1861 ’ἀναχώρησίν

536 1885 702 1950 atque
751 1880 1056 1936 absolutam
1105 1896 1152 1934 a-
1177 1882 1380 1936 mundo
1429 1883 1817 1950 secessionem,
1866 1887 2105 1959 itemque

2206 1879 2298 1931 καὶ
2327 1877 2573 1948 ἡσυχίαν,
2605 1870 2697 1930 διὰ
2723 1876 2823 1947 τῆς
2857 1878 3131 1948 ὑπομονῆς
3171 1878 3280 1933 τῶν
3304 1880 3512 1953 ἀροτῶν
3532 1881 3575 1946 ⁸,
3611 1882 3772 1954 μέχρι

536 1973 791 2039 quietem,
818 1988 914 2042 per
947 1972 1288 2027 tolerantiam
1323 1975 1606 2040 virtutum,
1642 1990 1807 2044 quam
1843 1976 1910 2031 ad
1942 1978 2101 2033 linem

2203 1970 2390 2032 τέλους
2416 1969 2757 2038 κατέχουσιν.
2795 1968 2932 2021 Ἴδον
2977 1969 3085 2040 γὰρ
3116 1968 3330 2039 ἀληθῶς
3372 1971 3465 2023 τὸν
3492 1969 3588 2024 τοῦ
3634 1971 3771 2024 Θεοῦ

534 2079 707 2133 usque
730 2064 988 2118 retinent.
1016 2063 1154 2119 Vere
1181 2064 1327 2119 enim
1354 2065 1587 2120 intuitus
1622 2080 1741 2120 sum
1762 2065 1853 2121 Dei
1880 2067 2104 2123 thesau-

2204 2060 2497 2132 θησαυρὸν,
2527 2060 2626 2131 τὴν
2655 2059 2766 2113 τῶν
2795 2058 3006 2113 πολλῶν
3032 2059 3319 2129 ὠφέλειαν,
3344 2059 3461 2114 ἀλλ’
3486 2062 3569 2123 είς
3594 2064 3773 2114 κοινὸν

532 2166 680 2215 rum,
722 2152 1014 2207 multorum
1064 2154 1375 2209 utilitatem.
1416 2152 1618 2209 Verum
1650 2155 1705 2209 in
1750 2170 1911 2211 usum
1951 2171 2103 2212 com-

2200 2151 2261 2205 τὸ
2296 2151 2485 2224 κέρδος
2528 2152 2754 2223 ἧγαγον,
2810 2152 3155 2223 ἡγησάμενος
3210 2151 3431 2205 ἔσεσθαί
3464 2168 3553 2222 μοι
3599 2149 3771 2222 καλὴν

529 2259 751 2298 munem
812 2244 1024 2299 lucrum
1081 2245 1346 2316 produxi,
1393 2253 1549 2301 ratus
1593 2246 1914 2317 prazclaram
1968 2249 2100 2303 mihi

2200 2244 2403 2312 ταύτην
2451 2243 2742 2314 ἐμπορίαν,
2774 2243 2835 2297 τὸ
2883 2243 3207 2314 μεταδοῦναι
3247 2246 3358 2306 τοῖς
3403 2242 3646 2313 ἀδελφοῖς
3673 2245 3772 2313 τῆς

475 2395 480 2400 ί
530 2331 649 2387 fore
674 2332 991 2402 huiusmodi
1021 2335 1474 2404 negotiationem,
1514 2337 1562 2392 si
1596 2337 1867 2392 commodi
1904 2337 2067 2392 fratre

2198 2334 2486 2402 ὠφελείας,
2517 2334 2601 2387 ἵνα
2635 2333 2894 2399 εῦξωνται
2944 2334 3081 2408 ὐπὲρ
3136 2335 3237 2405 τῆς
3281 2335 3420 2405 ἐμῆς
3472 2336 3766 2405 σωτηρίας.

528 2422 1119 2494 participes-facerem,
1164 2434 1222 2479 ut
1270 2440 1369 2496 pro
1411 2441 1531 2480 mea
1568 2435 1865 2497 precentur
1899 2428 2094 2483 salute.

2200 2421 2422 2492 Πρῶτον
2452 2422 2551 2492 μὲν
2600 2424 2894 2493 ποιήσομαι
2927 2424 3027 2493 τὴν
3063 2424 3280 2494 γραφὴν
3305 2423 3531 2494 ταύτην,
3556 2425 3622 2493 τῇ
3672 2423 3767 2476 τοῦ

525 2514 917 2589 Primoitaque
946 2518 1087 2573 hanc
1120 2520 1579 2589 conscriptionem
1620 2521 1924 2586 instituam,
1968 2521 2100 2577 assi-

2199 2514 2448 2585 Σωτῆρος
2486 2513 2642 2583 ἡμῶν
2681 2514 2854 2585 Ἰησοῦ
2903 2514 3142 2587 Χριστοῦ
3192 2515 3498 2587 παρουσίᾳ·
3541 2517 3636 2568 καὶ
3685 2516 3767 2568 ὅτι

524 2613 705 2663 stente
739 2605 1030 2663 Servatore
1067 2615 1258 2662 nostro
1280 2606 1409 2663 Jesu
1447 2608 1704 2676 Christo;
1753 2608 2096 2679 quandoqui-

2197 2603 2340 2657 κατὰ
2368 2604 2467 2673 τὴν
2499 2605 2662 2658 αὐτοῦ
2690 2606 3037 2660 διδασκαλίαν
3067 2608 3118 2659 οἱ
3148 2608 3206 2659 ἐν
3248 2606 3514 2676 Αἰγύπτῳ
3545 2607 3768 2676 μοναχοὶ

523 2698 645 2752 dem
677 2699 834 2767 juxta
862 2699 1034 2769 ipsius
1059 2699 1391 2765 doctrinam,
1426 2700 1529 2754 hoc
1553 2711 1715 2770 pacto
1745 2702 1913 2754 vitam
1937 2716 2094 2757 snam

2195 2692 2418 2759 ἄγουσιν
2479 2694 2647 2764 αὐτὴν
2702 2695 2913 2749 ἑαυτῶν
2967 2695 3260 2748 πολιτείαν.
3307 2697 3445 2748 Ἴδον
3492 2694 3600 2765 γὰρ
3649 2698 3766 2748 ἐκεῖ

521 2788 765 2860 IEgyptii
808 2790 1059 2844 monachi
1109 2791 1485 2846 moderantur.
1552 2791 1675 2847 Vidi
1734 2793 1934 2863 quippe
1986 2793 2094 2847 illic

2195 2784 2425 2848 πολλοὺς
2450 2787 2719 2856 Πατέρας,
2748 2786 3035 2855 άγγελικδν
3060 2787 3175 2857 βίον
3209 2787 3477 2857 βιοῦντας,
3503 2788 3594 2840 καὶ
3622 2787 3764 2840 κατὰ

521 2874 723 2937 multos
747 2880 960 2947 Patres,
992 2883 1292 2953 angelicam
1324 2884 1486 2937 vitam
1510 2894 1756 2954 agentes,
1788 2900 1851 2939 ac
1876 2885 1932 2939 in
1963 2884 2094 2940 Ser-

2198 2874 2428 2947 μίμησιν
2461 2875 2556 2929 τοῦ
2589 2877 2840 2947 Σωτῆρος
2867 2876 3024 2949 ήμῶν
3064 2876 3238 2949 Ἰησοῦ
3288 2878 3633 2949 ἐρχομένους,
3668 2877 3763 2931 καὶ

522 2971 727 3029 vatoris
777 2973 952 3027 nostri
1009 2970 1137 3029 Jesu
1185 2973 1490 3028 imitatione
1538 2973 1876 3039 incedentes,
1923 2990 2093 3032 novos

2193 2968 2346 3032 νέους
2372 2967 2524 3031 τινὰς
2556 2969 2651 3022 καὶ
2676 2969 2868 3032 ἄλλους
2885 2970 3191 3041 προφήτας,
3220 2969 3361 3023 κατὰ
3372 2970 3471 3041 τὴν
3489 2970 3763 3023 πολιτείαν

520 3061 786 3132 quosdam
823 3064 1070 3133 aliosque
1112 3065 1431 3135 pr0pbetns.
1463 3079 1526 3118 ex
1563 3065 1667 3120 ista
1700 3065 1884 3121 divina
1916 3074 1970 3121 et
1994 3066 2090 3120 ad-

2192 3059 2374 3114 ἐνθεον
2415 3060 2584 3129 αὐτὴν
2616 3060 2710 3112 καὶ
2754 3058 3072 3132 θαυμαστὴν
3117 3061 3211 3115 καὶ
3248 3062 3499 3133 ἐνάρετον
3542 3060 3762 3132 ἔχοντας

522 3155 757 3209 mirabili
789 3156 915 3210 vitae
942 3157 1377 3220 conversatione,
1405 3155 1697 3213 virtutibus
1726 3157 1948 3221 referta,
1981 3160 2088 3212 vim

2189 3151 2469 3222 ἐνέργειαν
2520 3149 2760 3221 θεοειδῆ·
2819 3151 2895 3215 ὠς
2948 3151 3162 3221 άληθῶς
3209 3151 3344 3205 Θεοῦ
3403 3152 3757 3222 θεράποντας.

518 3252 574 3299 et
610 3243 902 3298 ellicaciam
947 3245 1172 3313 adeptos
1232 3245 1390 3314 plane
1434 3245 1716 3310 divinam;
1759 3261 1951 3301 revera
1996 3247 2088 3303 Dei

2190 3244 2347 3297 οὐδὲν
2377 3246 2564 3315 γήϊνον
2597 3245 2950 3317 φρονοῦντας,
2987 3246 3106 3300 οὐδέ
3157 3264 3208 3299 τι
3260 3245 3369 3298 τῶν
3419 3246 3770 3318 προσκαίρων

518 3331 773 3394 fatiinlos,
806 3332 897 3403 qui
928 3332 1066 3386 nihil
1097 3341 1376 3388 terrenum
1404 3341 1681 3402 saperent,
1706 3334 1839 3387 nihil
1867 3351 1932 3390 ex
1969 3336 2090 3391 istis

2188 3334 2393 3388 τούτων
2435 3335 2833 3407 λογιζομένους.
2874 3336 3013 3389 Ἀλλ’
3055 3336 3225 3401 ὅντως
3285 3337 3456 3401 οὕτως
3516 3338 3609 3390 ἐπὶ
3658 3338 3762 3405 γῆν

518 3424 908 3491 temporalibus
936 3425 1292 3480 aestimarent.
1333 3425 1434 3491 Qui
1475 3425 1721 3494 profecto
1763 3428 1891 3481 dum
1922 3429 2002 3483 sic
2034 3429 2088 3483 in

2190 3425 2411 3491 ζῶντες,
2446 3428 2503 3480 ἐν
2535 3427 2786 3499 οὐρανοῖς
2821 3427 3212 3482 πολιτεύονται.
3268 3430 3330 3482 Oi
3384 3430 3482 3498 μὲν
3515 3426 3625 3500 γὰρ
3669 3428 3763 3482 αὐ-

516 3520 666 3595 terra
698 3515 908 3581 vivunt,
942 3515 996 3569 in
1026 3516 1182 3595 ctelis
1208 3526 1625 3571 conversantur.
1653 3516 1871 3573 Scilicet
1899 3535 2086 3574 eorum

2187 3516 2297 3569 τῶν
2333 3518 2442 3570 οὐδ’
2466 3519 2547 3571 ὅτι
2569 3519 2772 3590 κόσμος
2794 3519 2941 3573 ἐστὶν
2969 3520 3156 3591 ἕτερος
3181 3519 3273 3572 ἐπὶ
3296 3518 3402 3590 γῆς
3419 3519 3758 3581 ἐπίστανται,

516 3588 763 3657 nonnulli
787 3621 858 3660 ne
889 3588 1107 3675 quidem
1147 3607 1292 3676 quod
1325 3608 1396 3663 sit
1426 3611 1478 3663 in
1512 3616 1657 3663 terra
1681 3609 1918 3665 mundus
1950 3612 2089 3666 alius

2187 3608 2297 3660 οὐδ’
2325 3608 2407 3661 δτι
2441 3610 2610 3663 κακία
2633 3588 2691 3662 ὲν
2722 3610 2940 3664 πόλεσιν
2976 3588 3420 3680 ὲμέτολιτεύεται·
3449 3611 3565 3664 ἀλλ’
3593 3610 3763 3673 ὅντως

516 3702 740 3757 norunt,
780 3711 957 3766 neque
992 3697 1134 3766 quod
1171 3697 1378 3752 malitia
1401 3698 1453 3752 in
1485 3700 1714 3755 urbibus
1744 3710 1995 3755 versetur
2027 3719 2091 3757 ac

2182 3697 2406 3768 Εἰρήνη
2448 3699 2650 3768 πολλὴ
2692 3700 2821 3767 τοῖς
2848 3700 3125 3771 ἀγαπῶσι
3152 3701 3260 3756 τὸν
3278 3702 3466 3772 νόμον
3490 3702 3588 3772 (5),
3611 3700 3760 3768 λέγει

514 3790 869 3849 exerceatur;
900 3783 995 3840 sed
1025 3800 1152 3839 vere
1185 3783 1307 3838 Pax
1331 3785 1499 3840 multa
1530 3784 1874 3857 diligentibus
1906 3787 2086 3858 legem,

1246 3801 1307 3838 ea:
1331 3785 1499 3840 multa
1530 3784 1874 3857 diligentibus
1906 3787 2086 3858 legem,
2189 3792 2397 3865 Κύριος
2422 3794 2838 3865 παντοκράτωρ.

513 3874 648 3930 dicit
672 3874 934 3931 Dominus
961 3877 1313 3946 omnipotens
1331 3879 1372 3931 ³.

583 3966 734 4020 Multi
758 3974 938 4021 autem
989 3982 1059 4022 ex
1115 3982 1306 4022 eorum
1346 3982 1577 4022 numero
1625 3969 1792 4023 etiam
1845 3975 2086 4038 stupent,

2259 3969 2449 4023 Πολλοὶ
2475 3969 2532 4021 δὲ
2559 3969 2620 4033 ἐξ
2650 3968 2831 4023 αὐτῶν
2872 3970 2965 4023 καὶ
2998 3968 3315 4035 ξενίζονται,
3352 3970 3420 4023 τὰ
3460 3970 3518 4023 ἐν
3556 3968 3634 4040 τῷ
3663 3970 3761 4023 κό-

511 4073 639 4113 cum
665 4073 755 4113 res
787 4058 970 4113 szeculi
1000 4057 1253 4123 audiunt,
1286 4074 1515 4131 prorsus
1547 4059 1702 4113 obliti
1741 4061 2088 4114 terrestrium

2189 4076 2310 4130 σμῳ
2337 4058 2647 4123 ἀκούοντες,
2681 4058 2853 4130 λήθην
2877 4059 3159 4123 παντελῶς
3178 4060 3287 4113 τῶν
3302 4061 3504 4132 γηΐνων
3543 4060 3764 4132 φροντί-

510 4165 790 4207 curarum.
829 4151 1067 4207 Cernere
1098 4150 1226 4206 licet
1272 4166 1389 4217 eos,
1418 4152 1474 4206 in
1504 4150 1738 4207 desertis
1784 4152 2084 4222 dispersos,

2186 4149 2290 4203 δων
2323 4149 2553 4220 ἔχοντες.
2589 4149 2744 4203 Ἔστι
2775 4149 2884 4219 γάρ
2918 4150 3116 4213 αὐτοὺς
3143 4148 3269 4204 ίδεῖν
3290 4153 3349 4204 ἐν
3376 4153 3498 4214 ταῖς
3529 4150 3764 4221 ἐρήμοις

508 4246 768 4310 tanquam
802 4255 1094 4310 germanos
1139 4242 1340 4297 liberos
1378 4251 1587 4312 patrem
1619 4258 1778 4296 suum
1806 4241 2087 4298 Christum

2190 4242 2486 4313 σποράδην,
2529 4237 2618 4295 οἶά
2660 4259 2721 4295 τε
2786 4244 2935 4307 υἱοὺς
2970 4242 3249 4312 γνησίους,
3283 4242 3374 4296 τὸν
3409 4241 3617 4296 ἑαυτῶν
3647 4259 3760 4294 πα-

508 4332 919 4400 praestolanles;
967 4338 1062 4384 aut
1110 4332 1285 4386 instar
1347 4334 1625 4389 exercitus
1654 4377 1668 4398 ,
1710 4348 1940 4402 regem,
1999 4333 2085 4389 vel

2186 4332 2342 4404 τέρα,
2386 4331 2477 4387 τὸν
2519 4333 2753 4404 Χριστὸν
2800 4334 3283 4404 περιμένονταςοῆ
3319 4333 3580 4405 στρατιάν
3612 4349 3758 4397 τινα,

509 4421 728 4475 familiae
774 4428 922 4475 recte
970 4422 1305 4489 compositae,
1358 4422 1639 4476 dominum
1695 4439 1854 4477 suum
1913 4429 1967 4477 et
2012 4423 2082 4475 li-

2184 4420 2274 4473 τὸν
2324 4422 2534 4475 ἑαυτῶν
2587 4421 2842 4493 βασιλέα·
2879 4421 2912 4492 ἢ
2945 4423 3184 4478 οίκετίαν
3228 4424 3452 4496 σεμνὴν,
3496 4424 3589 4477 τδν
3628 4426 3760 4479 ἐαυ-

507 4508 852 4574 beratorem,
904 4516 1308 4577 exspectantes.
1366 4508 1523 4563 Nulla
1577 4511 1717 4578 apud
1772 4525 1867 4565 eos
1929 4511 2082 4566 solli-

2180 4512 2290 4564 τῶν
2335 4511 2602 4582 δεσπότην
2656 4512 2752 4566 καὶ
2820 4513 3191 4587 ὲλευθερωτὴν
3237 4515 3624 4586 ἀναμένοντας.
3676 4514 3755 4567 Οὐ

506 4599 716 4663 citmlo,
758 4615 864 4655 non
898 4599 1247 4663 vestimenti,
1301 4614 1411 4654 non
1449 4600 1517 4656 de
1564 4601 1705 4655 cibis
1761 4615 1933 4667 cura,
1984 4602 2079 4658 sed

2181 4601 2402 4672 φροντὶς
2428 4603 2664 4672 ὑπάρχει
2710 4603 2841 4674 παρ’
2879 4605 3085 4669 αὐτοῖς,
3123 4606 3222 4659 οὐκ
3251 4604 3501 4675 ἐσθῆτος,
3536 4604 3595 4656 οὐ
3621 4602 3759 4675 βρω·

506 4692 670 4746 unica
703 4694 847 4747 inter
883 4691 1113 4761 hymnos
1154 4690 1493 4760 exspectatio
1525 4689 1798 4745 adventus
1847 4690 2075 4748 Christi.

2181 4692 2364 4762 μάτων
2436 4692 2699 4765 μέριμνα,
2744 4693 2881 4747 ἀλλὰ
2934 4695 3231 4763 προσδοκία
3265 4696 3400 4766 μόνη
3452 4694 3510 4747 ἐν
3563 4692 3756 4765 ὕμνοις

503 4782 775 4848 Quocirca
805 4781 1026 4852 quoties
1059 4780 1261 4850 aliquis
1307 4796 1374 4835 ex
1416 4780 1554 4850 ipsis
1603 4780 1767 4838 rebus
1818 4782 1884 4836 ad
1917 4798 2074 4838 nsum

2175 4782 2275 4853 τῆς
2316 4782 2410 4836 τοῦ
2443 4782 2676 4854 Χριστοῦ
2709 4784 3031 4854 παρουσίας.
3063 4783 3364 4856 Τοιγαροῦν
3392 4785 3521 4837 ὅταν
3548 4801 3630 4847 τις
3656 4785 3757 4837 αὐ-

505 4874 836 4929 necessariis
878 4873 1194 4944 indiguerit,
1229 4887 1337 4926 non
1362 4872 1640 4927 civitatem
1666 4876 1918 4943 requirit,
1961 4891 2075 4930 non

2182 4870 2291 4925 τῶν
2313 4873 2370 4924 ὲν
2400 4876 2521 4936 ταῖς
2553 4874 2881 4943 ἀναγκαίαις
2925 4874 3138 4946 χρείαις
3189 4872 3529 4946 ἐλλείπηται,
3564 4874 3624 4926 οὐ
3659 4873 3760 4926 πό-

503 4965 709 5026 vicum,
765 4980 872 5019 non
913 4966 1158 5030 fratrem,
1214 4963 1472 5024 amicum,
1513 4973 1829 5031 cognatum,
1884 4980 2080 5034 paren-

2182 4960 2267 5014 λιν
2295 4962 2563 5033 ἐπιζητεῖ,
2608 4964 2669 5016 οὐ
2709 4963 2923 5035 κώμην,
2963 4963 3064 5017 οὐκ
3108 4963 3355 5033 ἀδελφὸν,
3389 4963 3450 5017 οὐ
3490 4963 3663 5033 φίλον,
3690 4963 3757 5015 οὐ

502 5066 606 5121 tes,
668 5055 902 5119 liberos,
961 5053 1218 5118 famulos,
1266 5061 1325 5108 ut
1366 5054 1491 5109 inde
1543 5071 1607 5110 ea
1647 5063 1927 5133 comparet
1948 5056 2073 5124 qui-

2184 5054 2441 5125 συγγενῆ,
2468 5056 2529 5106 οὐ
2564 5058 2762 5123 γονεῖς,
2793 5056 2853 5108 οὐ
2878 5054 3063 5120 τέκνα,
3094 5056 3194 5107 οὐκ
3216 5053 3474 5116 οἰκετίαν,
3506 5052 3591 5107 ἵνα
3615 5053 3760 5103 ἐκεῖ-

501 5145 606 5205 bus
643 5161 782 5216 opus
812 5146 1006 5213 habet;
1041 5144 1137 5200 sed
1162 5144 1275 5200 sola
1304 5143 1505 5201 sufﬁcit
1530 5146 1812 5205 voluntas.
1837 5160 1957 5214 qua:
1979 5161 2073 5199 ex—

2182 5146 2274 5199 θεν
2305 5145 2403 5209 τὰς
2445 5146 2635 5217 χρείας
2676 5146 3002 5219 πορίσηται*
3048 5145 3163 5198 ἀλλ’
3192 5148 3226 5217 ἡ
3274 5143 3524 5216 βούλησις
3553 5144 3760 5214 ἤρκεσε

500 5234 734 5291 tendens
772 5249 967 5289 manus
1010 5232 1079 5287 ad
1125 5233 1333 5303 gratias
1379 5232 1487 5287 Deo
1525 5232 1762 5301 agendas
1799 5234 2072 5300 aperiens,

2184 5236 2340 5306 μόνη,
2372 5235 2509 5306 πρὸς
2542 5236 2751 5290 ἱκεσίαν
2778 5236 2875 5299 τὰς
2899 5238 3089 5306 χεῖρας
3117 5235 3423 5300 ὲκτείνασα,
3456 5233 3549 5287 καί
3568 5230 3760 5299 λόγους

501 5336 698 5383 cuncta
722 5327 839 5382 haec
859 5328 907 5382 ei
925 5327 1198 5398 stupende
1219 5324 1383 5380 modo
1410 5325 1682 5380 exhibeat.
1706 5323 1772 5378 Et
1799 5339 1927 5379 vero
1943 5324 2076 5395 quid

2176 5325 2529 5397 εὐχαριστίας
2581 5326 2702 5397 Θεῷ
2750 5327 2815 5379 ἐκ
2862 5325 3087 5396 χειλέων
3143 5325 3516 5397 προφέρουσα,
3583 5320 3761 5375 ταῦτα

574 5506 593 5537 ³
622 5502 770 5569 Psal.
804 5521 991 5573 cmu,
1024 5506 1144 5561 165.
1200 5483 1237 5536 ’⁸
1263 5504 1434 5562 Abest
1461 5505 1698 5573 ἐπαξίως
1729 5505 1797 5561 ab
1825 5505 1896 5560 al.
1979 5505 2001 5538 ⁸
2024 5507 2108 5566 Al.
2132 5510 2166 5567 li

826 5521 991 5573 :xvm,
1024 5506 1144 5561 165.
1200 5483 1237 5536 ’⁸
1263 5504 1434 5562 Abest
1461 5505 1698 5573 ἐπαξίως
1729 5505 1797 5561 ab
1825 5505 1896 5560 al.
1979 5505 2001 5538 ⁸
2024 5507 2108 5566 Al.
2132 5510 2303 5567 inser.
2330 5500 2418 5579 ἧς.

514 5706 517 5711 .
574 5661 651 5725 (5)
697 5660 806 5714 Τόν
824 5661 1036 5726 νόμον.
1107 5644 1359 5723 Rufinus,
1393 5673 1599 5719 nomen.
1641 5658 1834 5728 ὄνομα,
1877 5666 1937 5712 ιιι
1971 5659 2106 5716 habe

2174 5660 2345 5717 codex
2372 5659 2796 5727 Alexandrinus,
2834 5676 3042 5718 necnon
3077 5662 3346 5728 llilarius,
3376 5670 3427 5719 et
3474 5659 3758 5718 interdum

501 5730 788 5799 Origenes.
812 5728 944 5786 Vide
971 5744 1188 5801 quoque
1219 5729 1565 5786 Theodorum
1598 5729 1652 5783 in
1686 5728 1911 5784 Catena.
3432 5760 3445 5781 .
