4028 6338
216 322 339 408 445³

1489 348 1883 406 ΡΑηΑοιειτε
1920 348 2228 407 PATRUM.

3380 342 3485 412 ιιϐ

227 467 289 534 ἐξ
332 466 630 538 ἀμηχάνων
677 465 827 535 αὐτῷ
866 464 1046 526 πάντα
1092 467 1459 537 παραστῆσαι.
1502 466 1608 520 Καὶ
1634 465 1690 519 τί
1728 466 1809 518 δεῖ

1913 467 2066 537 plura
2103 468 2355 523 dicamus
2390 465 2455 522 de
2486 465 2588 523 ﬁde
2623 466 2839 523 illorum
2868 485 2998 542 erga
3035 468 3338 533 Christum.
3362 450 3486 541 (ιυέ

220 559 399 613 πολλὰ
438 557 616 625 λέγειν
652 557 780 628 περὶ
831 560 931 629 τῆς
975 557 1056 620 είς
1089 556 1180 609 τὸν
1229 558 1459 629 Χριστὸν
1507 556 1669 611 αὑτὸν
1716 557 1806 609 πί·

222 667 423 715 στεως,
473 649 782 720 δυναμένης
820 650 913 704 καὶ
960 651 1062 721 δρη
1096 650 1444 720 μεθιστάναι;
1476 649 1669 703 Πολλοὶ
1697 648 1810 720 γὰρ

221 742 411 796 αὐτῶν
426 742 517 795 καὶ
538 741 806 812 ποταμῶν
832 741 1078 813 ῥεύματα
1095 742 1171 813 (ι)
1188 741 1441 811 ἔστησαν,
1459 741 1551 794 καὶ
1576 740 1666 793 τὸν
1680 741 1812 793 Νεῖ-

222 836 321 888 λον
347 833 671 895 ἑπέζευσαν,
694 834 787 887 καὶ
817 833 989 905 θῆρας
1013 833 1361 895 ἀπέκτειναν,
1379 832 1474 886 καὶ
1502 832 1691 895 ἰάσεις,
1711 833 1809 886 καὶ

225 925 505 995 θαύματα,
526 922 619 976 καὶ
642 922 919 993 δυνάμεις,
946 924 1077 986 ὅσας
1099 926 1148 976 οί
1179 925 1323 991 ἅγιοι
1361 924 1578 977 ἐποίουν
1596 922 1807 994 προφῆ-

223 1027 325 1064 ται
348 1011 443 1063 καὶ
473 1010 783 1073 ἀπόστολοι,
809 1010 1156 1066 ἐπετέλεσαν.
1191 1012 1300 1066 Καὶ
1331 1012 1594 1075 ὡσαύτως
1615 1011 1682 1064 δι’
1709 1011 1808 1064 αὑ-

225 1100 341 1155 τῶν
377 1101 784 1173 θαυματουργεῖ
809 1103 838 1156 ὁ
870 1103 1085 1175 Σωτήρ·
1119 1104 1212 1159 καὶ
1244 1106 1410 1158 πᾶσιν
1444 1103 1664 1175 εὔδηλόν
1691 1104 1806 1156 ἐστι

224 1195 346 1255 τοῖς
373 1193 510 1257 ἐκεῖ,
560 1191 637 1257 ὡς
676 1192 746 1245 δι’
774 1193 955 1248 αὐτῶν
1003 1195 1233 1266 ἔστηκεν
1265 1198 1293 1250 ὁ
1341 1196 1566 1266 κόσμος,
1602 1195 1695 1249 καὶ
1739 1192 1805 1247 δι’

224 1279 433 1345 αὐτοὺς
454 1281 605 1353 παρά
630 1280 750 1352 Θεῷ
780 1282 979 1354 ἔστηκε
1002 1286 1098 1338 καὶ
1118 1285 1406 1357 τετίμηται
1428 1287 1461 1356 ἡ
1492 1283 1804 1356 ἀνθρωπίνη

228 1370 366 1443 ζωή.
414 1372 551 1425 Ἰδον
581 1373 638 1427 δὲ
682 1373 776 1428 καὶ
808 1373 994 1447 ἕτερον
1029 1374 1232 1445 πλῆθος
1269 1376 1493 1447 ἄπειρον
1533 1374 1802 1446 μοναχῶν,

226 1462 327 1515 καὶ
353 1462 430 1533 μὴ
452 1462 748 1534 δυνάμενον
779 1464 998 1536 ἀριθμῷ
1026 1465 1443 1530 ὑποδάλλεσθαι,
1470 1466 1649 1519 πᾶσαν
1684 1464 1804 1536 ηλι-

226 1552 357 1606 κίαν
386 1553 512 1624 ἔχον
540 1556 600 1608 ὲν
632 1558 755 1618 ταῖς
791 1556 1040 1627 ἐρήμοις,
1066 1559 1161 1610 καὶ
1191 1560 1249 1610 ἐν
1282 1559 1401 1621 ταῖς
1428 1556 1654 1630 χώραις,
1683 1557 1806 1610 ὅσον

226 1645 292 1696 ού
318 1644 542 1700 δύναται
581 1645 831 1716 βασιλεὺς
873 1648 1061 1719 γήϊνος
1095 1648 1273 1719 ἑαυτῷ
1316 1650 1632 1720 στράτευμα
1676 1666 1804 1701 συν-

227 1736 504 1806 αθροῖσαι.
540 1737 614 1790 υύ
656 1736 766 1808 γάρ
792 1739 905 1791 ἐστι
948 1736 1108 1809 κώμη
1138 1736 1262 1791 οὔτε
1290 1738 1443 1802 πόλις
1464 1741 1521 1792 ὲν
1546 1737 1805 1809 Αἰγύπτῳ

224 1844 290 1880 τε
320 1828 420 1881 καὶ
452 1827 699 1899 Θηϐαΐδι,
733 1830 768 1899 ἠ
805 1830 926 1901 οὐχὶ
957 1833 1068 1893 τοῖς
1130 1830 1514 1902 μοναστηρίοις
1556 1822 1806 1903 καθάπερ

225 1918 438 1988 τείχεσι
468 1918 855 1991 περιϐἐῆληται
873 1937 888 1951 ·
907 1920 1003 1974 καὶ
1023 1923 1143 1985 ταῖς
1178 1906 1357 1975 αὐτῶν
1385 1923 1573 1993 εὐχαῖς
1597 1925 1646 1976 οί
1666 1923 1804 1987 λαοὶ,

226 2011 424 2081 ὥσπερ
453 2012 548 2064 ἐπὶ
593 2010 674 2082 τῷ
704 2011 825 2083 Θεῷ
849 2013 1236 2084 ἑπερείδονται.
1271 2014 1380 2068 Καὶ
1408 2016 1456 2067 οἱ
1489 2015 1585 2085 μὲν
1611 2017 1667 2069 ὲν
1696 2018 1807 2079 τοῖς

228 2102 548 2173 σπηλαίοις,
578 2105 638 2157 ἐν
675 2105 927 2176 ἐρήμοις,
956 2105 1007 2158 οί
1037 2105 1093 2159 δὲ
1136 2108 1195 2159 ὲν
1242 2108 1357 2170 τοῖς
1403 2106 1741 2178 ἀποπάτροις
1761 2105 1806 2169 ⁸,

227 2194 438 2257 πάντες
509 2194 784 2265 πανταχοῦ
865 2195 1299 2265 φιλονεικότατον
1351 2197 1595 2267 ἀλλήλων
1627 2238 1641 2259 ,
1709 2197 1808 2267 τὴν

228 2283 444 2338 ἑαυτῶν
491 2285 724 2356 ἄσκησιν
773 2285 1092 2358 Θαυμαστὴν
1139 2288 1558 2343 ἐπιδείκνυνται.
1593 2290 1655 2343 Ol
1711 2289 1808 2359 μὲν

228 2376 526 2449 πόρρωθεν
567 2376 980 2443 σπουδάζοντες,
1010 2381 1081 2451 μή
1111 2397 1195 2444 τις
1230 2380 1418 2452 ἕτερος
1451 2383 1507 2435 ἑν
1529 2384 1640 2444 τοῖς
1681 2398 1810 2435 κατ-

226 2467 552 2538 ορθώμασιν
586 2458 782 2531 αῠτόὺς
820 2469 1177 2540 ύπερϐάλλοι·
1220 2471 1268 2523 οἱ
1310 2469 1367 2522 δὲ
1412 2469 1662 2538 ἐγγύθεν,
1732 2471 1807 2542 μὴ

226 2555 333 2625 τῆς
378 2556 581 2620 κακίας
606 2559 791 2621 αὐτοῖς
826 2559 1165 2631 πανταχόθεν
1193 2558 1475 2629 ὀχλούσης,
1510 2553 1673 2630 ἦττον
1701 2560 1809 2612 τῶν

228 2648 576 2719 πορρωτάτω
602 2648 1065 2720 εύδοκιμήσουσιν.
1098 2650 1260 2704 Ὅθεν
1306 2650 1506 2721 πολλὴν
1543 2649 1809 2719 ὠφέλειαν

229 2739 295 2804 ἐξ
330 2740 513 2793 αὐτῶν
553 2740 941 2810 πορισάμενος,
990 2740 1084 2793 ἐπὶ
1135 2741 1234 2813 τὴν
1288 2741 1549 2813 ἐξήγησιν
1606 2742 1809 2813 ταύτην

228 2830 522 2901 ἐχώρησαο
578 2831 718 2903 πρὸς
761 2831 921 2902 ζῆλον
1004 2834 1102 2903 μὲν
1183 2834 1279 2886 καὶ
1335 2833 1645 2903 ὑπόμνησιν
1695 2833 1808 2887 τῶν

227 2920 477 2987 τελείων,
505 2921 642 2993 πρὸς
667 2921 954 2995 οἰκοδομὴν
984 2922 1041 2976 δὲ
1092 2923 1186 2976 καὶ
1213 2923 1478 2994 ὠφέλειαν
1508 2923 1617 2979 τῶν
1640 2926 1808 2996 ἀρχο-

234 3011 414 3082 μένων
452 3012 663 3066 ἀσκεῖν.

832 3125 1224 3195 Παράδεισος.

308 3232 540 3306 Πρώτην
577 3227 671 3288 οὖν
706 3234 844 3289 Θεοῦ
897 3236 1144 3302 θέλοντος
1212 3239 1388 3311 ἀρχὴν
1452 3240 1807 3311 ποιήσωμαιν

239 3326 588 3397 υφηγήσεως,
636 3326 737 3396 τὴν
786 3326 895 3381 τῶν
940 3328 1108 3397 ἁγίων
1137 3331 1232 3384 καὶ
1276 3331 1525 3401 μεγάλων
1552 3332 1812 3403 Πατέρων

236 3418 515 3474 πολιτείαν
541 3418 983 3491 ἐκδιηγούμενος,
1014 3422 1090 3486 ὼς
1124 3422 1208 3475 ὃτι
1239 3423 1335 3476 καὶ
1355 3421 1452 3476 νῦν
1491 3422 1560 3477 τὰ
1585 3423 1760 3477 αὐτά⁸
1784 3426 1814 3478 ὁ

233 3509 430 3581 Σωτὴρ
457 3510 528 3563 δι’
556 3511 738 3566 αὐτῶν
786 3514 1018 3585 ἐνεργεῖ,
1059 3515 1204 3586 ἅπερ
1234 3514 1322 3569 διὰ
1363 3515 1474 3569 τῶν
1520 3517 1815 3589 προφητῶν

233 3598 336 3653 καὶ
387 3600 700 3655 ἀποστόλων
751 3603 1077 3674 ἐνήργησεν.
1125 3604 1186 3657 '0
1238 3604 1346 3677 γὰρ
1395 3606 1558 3669 αὐτὸς
1610 3605 1810 3677 Κύριός

232 3690 381 3755 ἐστι,
412 3690 509 3743 καὶ
552 3691 675 3745 τότε
720 3693 816 3745 καὶ
847 3692 942 3747 νῦν
971 3696 1066 3748 καὶ
1102 3696 1182 3758 είς
1228 3694 1442 3759 ἔπειτα,
1475 3696 1714 3769 ἐνεργῶν
1747 3698 1815 3751 τά

234 3783 423 3836 πάντα
450 3784 511 3837 ὲν
534 3784 721 3839 πᾶσιν.
775 3785 1119 3857 Ἐθεασάμην
1150 3782 1244 3842 οὖν
1277 3786 1388 3856 ἐγὼ
1424 3788 1483 3840 ὲν
1507 3791 1620 3852 τοίς
1646 3789 1816 3860 ὁρίοις

232 3877 339 3948 τῆς
375 3877 572 3931 Λύκων
599 3877 620 3910 ⁸
641 3878 743 3949 τῆς
775 3878 1063 3950 Θηϐαΐδος,
1097 3880 1189 3935 τὸν
1223 3880 1399 3952 μέγαν
1429 3880 1524 3934 καὶ
1550 3883 1817 3955 μακάριον

248 3969 510 4051 ἰωάνιυν
532 3969 632 4041 (5).

546 4084 687 4153 Περὶ
717 4083 828 4154 τῆς
869 4085 1233 4158 Ὀξυρύγχου
1261 4092 1512 4157 πόλεως.

313 4194 742 4267 Παρεγενόμιθα
796 4196 854 4251 δὲ
907 4198 1003 4251 καὶ
1050 4199 1132 4262 είς
1190 4197 1520 4271 Ὀξύρυγχὸν
1566 4199 1642 4271 (6)
1696 4217 1820 4253 τινα

1913 559 2085 625 possit
2121 559 2284 613 etiam
2332 566 2545 615 montes
2591 559 2889 616 transferre
2917 561 3002 615 ’τι
3049 560 3183 615 Nam
3236 561 3482 632 ipsorum

1911 649 2221 720 complures
2261 648 2549 705 ﬂuviorum
2596 651 2967 721 irrumpentes
3016 652 3195 708 undas
3234 654 3482 708 retinue-

1911 747 2060 805 runt,
2089 739 2270 795 Nilum
2305 741 2536 811 pedibus
2561 746 2918 809 transierunt,
2955 743 3482 814 ferasperemerunt,

1911 839 2076 899 atque
2118 831 2435 886 morborum
2488 833 2839 899 curationes,
2891 833 3178 899 miracula,
3235 835 3484 890 maximae

1910 922 2166 990 potentiae
2206 938 2368 993 opera
2416 922 2730 986 ediderunt.
2765 926 2948 995 qualia
2988 926 3163 981 sancti
3210 924 3486 982 faciebant

1909 1009 2188 1079 pmphetze
2217 1019 2378 1080 atque
2402 1012 2634 1082 apostoli
2665 1012 2979 1068 :consimili
3013 1012 3176 1068 modo
3206 1028 3304 1083 per
3336 1013 3485 1084 ipsos

1910 1100 2182 1154 mirabilia
2215 1110 2477 1172 operatur
2520 1102 2810 1171 Servator;
2850 1105 3177 1175 cunctisque
3217 1103 3366 1159 illius
3405 1119 3488 1158 re-

1907 1189 2088 1260 gionis
2120 1189 2435 1249 hominibus
2457 1193 2665 1248 clarum
2686 1201 2790 1257 est,
2824 1210 2921 1263 per
2950 1209 3047 1249 eos
3077 1194 3338 1249 mundum
3361 1208 3490 1249 con-

1908 1282 2123 1348 sistere,
2165 1298 2261 1353 per
2296 1298 2391 1340 eos
2434 1292 2582 1340 stare
2623 1284 2766 1356 apud
2805 1285 2974 1339 Deum
3015 1292 3070 1341 et
3110 1286 3315 1341 honore
3346 1283 3485 1341 allici

1906 1372 2074 1427 vitam
2134 1373 2452 1447 humanam.
2509 1374 2631 1430 Vidi
2679 1391 2898 1447 quoque
2949 1378 3109 1432 aliam
3163 1379 3483 1432 immensam

1907 1466 2309 1520 multitudinem
2337 1468 2754 1535 monachorum,
2784 1483 3014 1538 quaeque
3043 1469 3146 1523 sub
3197 1482 3485 1523 numerum

1908 1556 2106 1612 cadere
2136 1557 2344 1627 nequit,
2372 1567 2717 1614 constantem
2752 1559 2900 1613 oumi
2929 1567 3107 1622 aetate,
3136 1560 3192 1613 in
3226 1558 3484 1622 desertis,

1907 1646 1962 1701 in
2001 1647 2336 1717 regionibus,
2383 1656 2617 1715 tantam,
2667 1655 2726 1702 ut
2754 1664 2864 1703 non
2902 1650 3077 1719 possit
3104 1656 3357 1704 terrenus
3383 1648 3487 1702 im-

1907 1746 2126 1807 perator
2163 1738 2298 1794 adeo
2339 1738 2609 1809 ingentem
2649 1740 2751 1794 sibi
2781 1742 3083 1794 exercitum
3114 1755 3330 1810 cogere.
3366 1737 3486 1793 Non

1908 1838 1995 1883 est
2020 1830 2165 1883 enim
2201 1829 2325 1882 villa
2364 1844 2543 1898 neque
2570 1829 2701 1885 urbs
2725 1830 2779 1883 in
2812 1829 3053 1901 Egypto
3080 1844 3145 1885 ac
3186 1829 3485 1892 Thebaide,

1907 1935 2028 1991 quae
2075 1936 2183 1975 non
2245 1920 2628 1984 monasteriis,
2688 1921 2833 1975 sicut
2884 1921 3081 1989 muris,
3138 1922 3318 1975 cincta
3376 1920 3485 1985 sit;

1906 2026 2210 2081 eorumque
2255 2010 2513 2081 precibus
2563 2012 2770 2082 populi,
2821 2021 3078 2081 tanquam
3113 2012 3167 2065 in
3205 2010 3314 2066 Deo
3341 2010 3488 2064 inni-

1907 2110 2117 2157 tuntur.
2162 2103 2340 2172 Atque
2368 2102 2460 2156 alii
2493 2102 2547 2158 in
2580 2103 2878 2172 speluncis,
2911 2118 3009 2173 per
3036 2117 3272 2165 eremos,
3305 2101 3398 2155 alii
3432 2102 3486 2156 in

1908 2196 2043 2250 locis
2071 2193 2474 2259 remotissimis,
2503 2209 2696 2250 omnes
2727 2193 2952 2265 ubique,
2983 2192 3127 2248 inter
3160 2208 3220 2248 se
3248 2192 3488 2247 maxime

1907 2282 2309 2347 contendendo,
2354 2283 2662 2337 mirabilem
2702 2298 2856 2337 suam
2887 2282 3184 2338 ostendunt
3229 2279 3494 2338 exercita-

1908 2376 2133 2440 tionem,
2161 2376 2253 2446 qui
2289 2384 2418 2431 sunt
2454 2374 2521 2430 de
2557 2372 2858 2444 longinquo
2883 2374 3247 2429 connituntur
3271 2387 3341 2427 ne
3363 2372 3493 2442 quis

1910 2469 2050 2524 alius
2086 2470 2235 2540 ipsos
2268 2469 2322 2523 in
2349 2477 2495 2524 recte
2526 2467 2685 2523 laetis
2706 2475 2967 2539 superet;
3008 2467 3189 2522 caeteri
3218 2466 3288 2522 de.
3316 2467 3494 2537 proxi-

1909 2574 2019 2621 mo,
2084 2574 2153 2613 ne
2223 2560 2430 2613 malitia
2485 2575 2581 2615 eos
2632 2559 2875 2630 undique
2934 2567 3250 2630 premente,
3308 2557 3493 2611 minus

1910 2664 2072 2718 quam
2114 2648 2467 2703 remotissimi
2510 2649 2959 2717 eomprobentur.
3006 2645 3159 2702 Unde
3192 2645 3489 2716 plurimum

1908 2740 2262 2795 emolumenti
2294 2756 2416 2795 cum
2439 2755 2503 2794 ex
2531 2739 2668 2810 ipsis
2698 2740 2995 2810 cepissem,
3028 2738 3084 2792 in
3122 2737 3266 2792 hanc
3292 2735 3501 2791 deveni

1909 2829 2344 2894 enarrationem;
2376 2827 2443 2882 ad
2474 2828 2875 2883 :ernulationem
2918 2840 2972 2883 et
3002 2826 3489 2882 commonitionem

1909 2917 2302 2989 perfectorum,
2320 2917 2734 2973 aediﬁcationem
2754 2932 2881 2971 vero
2904 2933 2967 2972 ac
2985 2918 3276 2973 utilitatem
3299 2930 3492 2972 eorum

1909 3011 2002 3082 qui
2034 3012 2089 3065 in
2125 3010 2416 3066 sanctitate
2438 3023 2698 3066 exercere
2725 3024 2784 3064 se
2811 3008 3101 3079 incipiunt.

2541 3122 2861 3177 Paradlsus.

1982 3238 2084 3307 (7)
2126 3237 2344 3292 Initium
2399 3237 2585 3308 itaque
2642 3235 3015 3297 narrationis,
3075 3232 3185 3290 Deo
3241 3235 3494 3299 volente,
3551 3219 3554 3222 ’

1912 3331 2132 3395 faciam,
2157 3338 2469 3385 sanctorum
2506 3343 2943 3399 magnorumque
2975 3327 3201 3382 Patrum
3234 3326 3402 3382 vitam
3438 3335 3495 3381 et

1912 3430 2061 3492 gesta
2103 3431 2493 3484 enarraturus;
2538 3418 2685 3490 quod
2728 3434 2872 3473 num
2910 3418 3074 3475 etiam
3117 3417 3375 3474 Servator
3403 3432 3496 3471 ea-

1912 3514 2035 3569 dem
2064 3529 2163 3584 per
2201 3513 2324 3568 illos
2352 3520 2629 3583 operetur,
2655 3526 2777 3583 qua:
2816 3526 2913 3581 per
2937 3512 3235 3582 prophetas
3274 3519 3331 3564 et
3371 3524 3495 3580 apo-

1915 3608 2088 3663 stolos
2110 3606 2299 3662 edidit.
2332 3605 2707 3676 Idem-quippe
2734 3614 2817 3661 est
2844 3604 3130 3667 Dominus,
3164 3610 3218 3657 et
3248 3611 3404 3666 tunc,
3437 3607 3497 3656 et

1915 3715 2084 3761 nunc,
2121 3707 2175 3754 et
2207 3698 2277 3753 in'
2307 3706 2611 3767 posterum,
2653 3706 2852 3751 cuncta
2894 3697 2947 3748 in
2980 3695 3196 3750 eunetis
3231 3693 3493 3749 elliciens.

1917 3791 2039 3846 Vidi
2080 3807 2211 3862 ergo
2240 3806 2340 3862 ego
2371 3792 2427 3845 in
2471 3791 2671 3845 ﬁnibus
2701 3789 2846 3861 Lyco
2869 3805 2990 3859 quae
3029 3790 3161 3845 urbs
3200 3787 3497 3844 Thebaidis

1916 3891 2022 3948 est,
2051 3897 2307 3954 magnum
2341 3882 2668 3953 beatumque
2696 3879 2988 3935 Joannem.

2375 4073 2454 4127 De
2472 4073 2791 4145 Oxyryncho
2807 4071 3040 4125 civitate.

1990 4188 2067 4261 (8)
2106 4187 2369 4244 Venimus
2406 4198 2585 4243 autem
2623 4194 2677 4241 et
2704 4187 2770 4241 ad
2800 4182 3189 4255 Oxyryncltum
3213 4182 3495 4237 civitatem

236 4288 403 4341 πόλιν
429 4288 530 4358 τῆς
557 4286 844 4358 Θηδαῖδος,
874 4284 944 4362 ἦς
981 4290 1084 4344 οὐκ
1127 4290 1276 4344 ἐστιν
1303 4293 1477 4344 εἰπεῖν
1510 4292 1630 4344 κατ’
1661 4290 1811 4356 ἀξίαν

1920 4278 2210 4352 quamdam
2254 4278 2570 4342 Thebaidis,
2612 4279 2781 4347 cujus
2802 4274 3075 4330 mirabilia
3101 4288 3201 4345 pro
3229 4272 3497 4345 dignitate

234 4381 313 4433 τὰ
342 4378 619 4450 θαύματα.
648 4379 816 4450 Γέμει
844 4380 953 4451 γάρ
985 4379 1195 4435 ἔνδοθεν
1221 4380 1393 4445 οὕτως
1424 4381 1829 4454 μοναστηρίων,

1920 4387 2147 4430 narrare
2190 4386 2301 4426 non
2351 4370 2498 4425 licet.
2546 4369 2695 4425 Adeo
2748 4367 2896 4424 enim
2957 4366 3164 4436 repleta
3220 4375 3305 4420 est
3349 4364 3500 4417 intus

237 4471 321 4532 ὡς
349 4467 418 4521 τά
446 4468 605 4539 τείχη
653 4469 744 4522 ὑπ’
773 4468 954 4521 αὐτῶν
982 4469 1302 4533 ἐξωθεῖσθαι
1329 4470 1373 4501 ³⁸
1391 4468 1502 4523 τῶν
1535 4468 1811 4541 μοναχῶν·

1927 4463 2296 4528 monasteriis,
2331 4469 2393 4516 ut
2416 4463 2557 4516 muri
2593 4477 2659 4517 ex
2684 4460 2823 4532 ipsis
2851 4465 3146 4530 personent
3169 4455 3452 4511 monachis
3482 4470 3516 4506 ε’

238 4559 561 4631 περιέχεται
591 4558 649 4612 δὲ
670 4559 870 4624 ἔξωθεν
896 4561 1105 4632 ἑτέροις
1133 4561 1534 4633 μοναστηρίοις,
1557 4562 1632 4624 ὡς
1654 4561 1819 4631 ἄλλην

239 4650 384 4707 εἶναι
419 4651 572 4724 παρά
613 4652 819 4721 ταύτην
852 4653 949 4724 τὴν
989 4651 1092 4716 ἔξω
1125 4652 1298 4706 πόλιν.
1337 4654 1577 4723 Ἐγεμον
1616 4651 1671 4705 δὲ
1723 4654 1821 4722 τῆς

1928 4554 2298 4609 circumdatur
2344 4559 2525 4607 autem
2575 4551 2922 4606 extrinsecus
2964 4549 3087 4603 aliis
3128 4545 3496 4609 monasteriis,

1923 4650 2100 4723 instar
2138 4646 2363 4702 alterius
2400 4646 2693 4701 exterioris
2725 4644 2985 4699 civitatis.
3029 4640 3248 4696 Helena
3280 4653 3501 4709 quoque

239 4743 455 4807 πόλεως
491 4745 540 4797 οἱ
567 4745 686 4797 ναοὶ
720 4746 812 4796 καὶ
836 4744 904 4797 τὰ
933 4742 1248 4798 καπετώλια
1283 4746 1391 4801 τῶν
1426 4742 1697 4814 μοναχῶν,
1726 4743 1811 4796 καὶ

1922 4746 2081 4793 erant
2124 4736 2279 4792 urbis
2323 4736 2526 4806 templa
2554 4743 2607 4790 et
2655 4732 2914 4803 capitolia
2957 4727 3261 4790 monachis,
3294 4739 3505 4814 perque

240 4835 390 4889 κατά
423 4835 533 4888 πᾶν
568 4835 736 4905 μέρος
762 4834 862 4901 τῆς
893 4835 1097 4898 πόλεως
1125 4833 1304 4905 ᾤκουν
1326 4837 1374 4887 ol
1394 4835 1634 4907 μοναχοξ.
1652 4837 1825 4888 Δεκα-

1924 4848 2118 4888 omnes
2164 4831 2319 4887 urbis
2365 4830 2616 4899 regiones
2665 4826 2982 4881 habitabant
3037 4820 3312 4876 monachi.
3362 4813 3500 4870 Nam

237 4926 339 4980 δύο
361 4927 474 4997 γάρ
504 4904 720 4979 εισινὲν
746 4927 881 4997 αὐτῇ
914 4926 1223 4997 ἐκκλησίαι,
1254 4904 1515 4997 μεγίστης
1534 4904 1701 4996 οὒσης
1724 4926 1811 4994 τῆς

1926 4922 2214 4979 duodecim
2254 4920 2310 4975 in
2339 4936 2403 4975 ea
2434 4927 2562 4974 sunt
2598 4917 2859 4976 ecclesiae,
2887 4920 3074 4983 utpote
3107 4909 3341 4963 maxima
3372 4904 3515 4959 civim

238 5017 481 5083 πόλεως,
503 5017 561 5071 ἐν
583 5011 671 5081 αἷς
706 5018 756 5070 oi
788 5016 935 5087 ὄχλοι
967 5018 1313 5086 συνάγονται.
1355 5017 1437 5071 Τὰ
1462 5016 1571 5090 γὰρ
1599 5017 1706 5070 τῶν
1736 5035 1811 5090 μο

1928 5024 2061 5083 tate,
2114 5015 2170 5070 in
2211 5013 2413 5084 quibus
2450 5009 2602 5081 plebs
2644 5013 3029 5077 congregatur.
3072 5000 3282 5056 Etenim
3316 5011 3502 5052 mona-

317 5173 339 5204 ⁶
375 5170 464 5227 Al.
518 5170 843 5235 ἀπωτάτοις.
914 5172 937 5203 ⁷
977 5170 1062 5225 Al.
1098 5171 1327 5242 ποιήσω.
1420 5170 1442 5202 ⁸
1476 5170 1558 5224 Al.
1588 5168 1805 5225 ἑαυτοῦ.

1940 5169 2027 5224 Δί.
2067 5165 2254 5222 ΔὋκῶ.
2333 5165 2377 5197 ³⁸
2410 5163 2495 5218 Al.
2548 5159 2878 5231 ὲξηχείσθαι.
2920 5159 2963 5191 ¹¹
2991 5156 3180 5212 Matth.
3208 5152 3443 5221 xvu,i9.

319 5327 402 5394 (ὁ)
439 5324 1030 5399 ζιοταμῶνγρερματα.
1057 5327 1373 5399 Bonifacius
1393 5329 1774 5399 martyrepist.
1800 5331 1823 5384 Ι

241 5404 424 5455 (nunc
449 5396 518 5455 4,
556 5394 763 5450 Patro!)
803 5394 1008 5452 Latina
1038 5407 1078 5452 t.
1111 5396 1373 5451 LXXXIX
1397 5436 1411 5460 ,
1444 5394 1553 5453 col.
1584 5394 1689 5453 695
1719 5398 1779 5462 Β)
1812 5417 1826 5453 :

2009 5327 2087 5395 (5)
2130 5324 2185 5378 In
2208 5323 2455 5380 Historia
2483 5319 2747 5396 ιαμεὶαεα
2772 5315 3027 5396 Palladii,_
3057 5329 3177 5385 cap.
3196 5312 3288 5396 d3.

2010 5385 2088 5462 (6}
2125 5396 2516 5462 Ὀξύρυγχυῃ.
2553 5388 2755 5462 Praeter
2775 5385 3114 5462 geographos
3158 5385 3499 5462 et_notit_ias.

246 5452 760 5537 Vliaioersiauriflegi
792 5467 1079 5537 Ambrones
1098 5476 1292 5534 upoton
1323 5452 1827 5537 grammatouagris
1935 5452 2420 5537 ιδιὶάιυτρτὲψῑυῖ
2455 5458 2798 5537 Marcella
2837 5452 3152 5537 _Fa.ItStini.:_t
3183 5453 3501 5537 ebrii-{Simo

242 5536 537 5608 frustratis
588 5535 789 5608 amicti.
843 5535 921 5608 Bx
964 5537 1206 5608 ξεναγία,
1245 5538 1353 5608 ἀπὸ
1396 5537 1505 5608 τῷν
1543 5535 1823 5608 κυμάτων.

242 5607 489 5676 Propius
542 5605 715 5677 esset.
768 5605 878 5659 ἀπὸ
917 5605 1393 5677 γτῶνγρευμάτῳν.
1455 5606 1559 5660 Sed
1603 5605 1657 5660 et
1716 5607 1823 5661 ἀπὸ

237 5675 374 5733 των
399 5675 746 5745 γραμμάτων
792 5676 929 5730 tueri
987 5675 1112 5744 quis
1164 5676 1372 5744 possit;
1422 5691 1488 5729 ex
1536 5677 1727 5732 litteris
1758 5692 1820 5734 ac

240 5744 583 5821 eruditione,
616 5744 769 5814 juxta
810 5760 871 5800 ea
904 5762 1025 5815 quae
1061 5745 1277 5815 scriptis
1308 5747 1502 5800 tradita
1530 5756 1674 5801 sunt.

1935 5522 2226 5591 Sirmondo
2251 5533 2432 5587 editus
2454 5546 2506 5598 p.
2531 5528 2628 5594 76;
2665 5523 3032 5582 'l‘heodoritus
3072 5522 3216 5579 Hist.
3254 5522 3386 5578 sccl.
3421 5536 3500 5588 tv,

1929 5607 2029 5667 l6;
2062 5604 2288 5672 Niceph.
2317 5618 2392 5660 XI.
2429 5599 2519 5653 22.

1998 5676 2077 5742 (7)
2125 5668 2229 5742 Υἰὶ.
2260 5672 2410 5742 l_’atr.
2442 5686 2502 5730 tl,
2538 5668 2585 5742 lg.

1998 5739 2071 5817 (8)
2122 5741 2226 5795 γει.
2266 5739 2414 5794 Patr.
2451 5756 2509 5800 ll,
2547 5740 2595 5790 Γ).
