4028 6338
517 325 621 382 H1

1635 321 1978 377 APPENDIX
2017 324 2108 377 AD
2145 322 2562 380 ΡΑιιΑῡιυιι.

3651 321 3774 381 ιω

519 439 806 492 steriorum
837 434 1098 500 aratoria,
1120 449 1216 505 per
1238 423 1661 504 unumquodque
1688 439 2078 493 monasterium
2111 488 2116 501 η

2222 440 2360 510 ιχῶν
2393 439 2656 510 εὐκτήρια
2711 437 2832 490 καθ’
2857 437 3088 492 ἕκαστον
3132 432 3200 506 ἦν
3245 418 3636 507 μοναστήριονο
3671 441 3782 492 καὶ

521 535 678 588 sunt;
709 526 946 596 denique
976 524 1088 580 fere
1117 525 1368 580 monachi
1399 541 1628 581 numero
1657 535 1918 598 superant
1943 529 2089 583 cives

522 617 836 674 saeculares.
876 615 940 669 ad
975 630 1165 669 omnes
1213 615 1470 668 introitus
1518 617 1670 672 urbis
1711 625 1765 671 et
1810 619 1863 672 in
1905 625 2091 688 porta-

523 722 643 760 rtun
685 707 928 759 turribus
965 705 1150 773 positi.
1209 703 1368 758 Certe
1413 709 1558 758 intro
1611 707 1931 761 dicebantur
1971 721 2093 762 esse

526 797 780 850 monachi
836 797 1128 865 quinquies
1178 796 1360 859 mille,
1412 796 1746 866 totidemque
1797 807 1949 851 extra
2001 815 2095 868 per

527 889 819 952 ambitum;
876 902 1049 956 neque
1077 887 1208 938 hora
1257 895 1374 940 erat
1431 886 1628 940 diurna
1669 890 1749 941 vel
1794 896 2094 950 nocturna,

528 981 582 1034 in
637 994 743 1047 qua
786 977 895 1031 Deo
950 993 1167 1031 sacrum
1209 977 1414 1030 cultum
1462 992 1569 1030 non
1613 978 1950 1032 exhiberem.
1991 977 2098 1032 Sed

523 1084 628 1124 nec
661 1069 805 1122 ullus
837 1076 953 1121 erat
997 1068 1174 1121 incola
1220 1068 1512 1121 haereticus
1552 1077 1643 1120 aut
1687 1083 1953 1136 paganus,
1990 1069 2100 1122 imo

527 1175 718 1212 omnes
752 1159 959 1227 pariter
975 1160 1144 1220 cives,
1178 1157 1364 1212 ﬁdeles
1395 1166 1450 1212 et
1475 1158 1886 1222 catechumeni;
1929 1158 2004 1211 ita
2043 1166 2102 1211 ut

529 1250 705 1319 possit
759 1250 1051 1317 episcopus
1103 1249 1156 1301 in
1218 1249 1394 1317 platea
1458 1263 1645 1317 pacem
1695 1247 1824 1304 dare
1880 1250 2101 1319 populo.

530 1337 700 1392 Porro
753 1338 1106 1408 magistratus
1156 1353 1344 1392 eorum
1394 1353 1458 1392 ac
1502 1339 1778 1407 principes
1823 1339 1960 1405 viri,
2009 1341 2104 1408 qui

531 1445 754 1484 munera
788 1430 1000 1499 populis
1026 1437 1273 1498 erogant,
1310 1429 1376 1482 ad
1415 1440 1599 1499 portas
1629 1439 1681 1483 et
1722 1428 1789 1482 ad
1824 1431 2105 1499 ingressus

533 1519 904 1586 speculatores
935 1519 1232 1584 collocant,
1257 1529 1314 1571 ut
1346 1519 1520 1574 sicubi
1553 1521 1875 1589 peregrinus
1905 1521 2105 1590 aliquis

533 1625 740 1680 pauper
786 1610 1124 1679 apparuerit,
1165 1609 1229 1663 ad
1257 1625 1352 1664 eos
1393 1611 1646 1673 ducatur,
1686 1623 2010 1681 accepturus
2050 1611 2105 1667 in

2194 529 2376 599 σχεδὸν
2422 530 2640 592 πλείους
2672 523 2811 598 ἦσαν
2843 530 2890 581 οἰ
2947 529 3188 599 μοναχοὶ,
3225 528 3364 598 ὑπὲρ
3393 528 3518 590 τοὺς
3569 543 3786 598 κοσμι-

2193 621 2317 683 κοὺς
2344 619 2588 683 πολίτας,
2623 619 2764 672 κατὰ
2799 621 2975 682 πάσας
2999 619 3097 682 τὰς
3119 619 3360 692 εἰσόδους
3393 619 3493 688 τῆς
3525 618 3774 686 πόλεως,

2193 711 2287 762 καὶ
2323 711 2379 762 ὲν
2409 713 2518 773 τοῖς
2552 710 2781 780 πύργοις
2808 711 2916 762 τῶν
2961 710 3143 762 πυλῶν
3174 710 3592 779 καταμένοντες.
3631 712 3783 763 Πεν-

2194 798 2511 867 τακισχίλιοι
2543 799 2640 868 μὲν
2675 798 2783 868 γὰρ
2819 799 3040 868 μοναχοί
3069 799 3316 866 ἐλέγοντο
3341 795 3478 852 εἶναι
3528 797 3780 860 ἔνδοθεν,

2194 882 2438 934 τοσοῦτοι
2482 883 2538 935 δὲ
2570 883 2736 953 αὐτὴν
2771 883 2966 950 ἔξωθεν
3008 886 3382 954 περιέχοντες·
3421 887 3516 938 καὶ
3559 886 3664 938 οὐκ
3702 880 3783 955 ἣν

2197 966 2315 1037 ὥρα
2342 969 2576 1038 ήμερινὴ
2609 970 2729 1021 οὐδὲ
2760 970 3067 1040 νυκτερινὴ,
3095 974 3152 1024 ὲν
3252 974 3352 1036 τὰς
3377 973 3632 1044 λατρείας
3668 974 3785 1027 οὐκ

2197 1055 2482 1108 ἐπετέλουν
2500 1057 2578 1127 τῷ
2597 1058 2732 1126 Θεῷ.
2779 1059 2918 1112 Ἀλλ’
2956 1060 3075 1112 οὐδὲ
3096 1055 3176 1124 εἷς
3199 1058 3266 1132 ἦν
3294 1065 3534 1135 οἰκήτωρ
3560 1066 3788 1132 αἱρετι-

2199 1147 2293 1209 κδς
2320 1147 2438 1198 οὐδὲ
2468 1147 2677 1212 ἐθνικὸς
2706 1152 2762 1202 ὲν
2790 1153 2856 1221 τῇ
2903 1151 3076 1218 πόλει,
3117 1154 3252 1207 ἀλλὰ
3297 1155 3496 1219 πάντες
3547 1156 3692 1226 ὁμοῦ
3730 1157 3788 1209 οἱ

2201 1239 2412 1291 πολῖται
2447 1240 2625 1292 πιστοὶ
2669 1241 2760 1293 καί
2790 1241 3209 1312 κατηχούμενοι,
3241 1243 3315 1306 ὡς
3342 1243 3600 1297 δύνασθαι
3645 1243 3790 1297 δοῦ-

2201 1347 2288 1383 ναι
2318 1331 2410 1383 τὸν
2457 1332 2753 1384 ἐπίσκοπον
2793 1335 2852 1384 ἐν
2899 1335 2966 1402 τῇ
3000 1333 3230 1406 πλατείᾳ
3257 1336 3482 1405 εἰρήνην
3513 1335 3593 1405 τῷ
3631 1334 3783 1405 λαῷ.

2202 1422 2264 1474 Οἰ
2299 1421 2354 1473 δὲ
2384 1425 2680 1493 στρατηγοὶ
2701 1423 2882 1475 αὐτῶν
2919 1425 3012 1476 καὶ
3043 1426 3091 1476 oi
3122 1424 3400 1496 ἄρχοντες,
3428 1427 3476 1478 οἰ
3499 1427 3599 1489 τὰς
3624 1427 3791 1494 φιλο-

2200 1513 2390 1582 τιμίας
2413 1517 2522 1581 τοῖς
2549 1514 2740 1584 δήμοις
2779 1516 3192 1586 παρέχοντεςη,
3224 1517 3364 1570 κατὰ
3401 1518 3499 1581 τὰς
3535 1517 3793 1581 εἰσόδους

2206 1605 2440 1668 σκοποὺς
2494 1603 2746 1674 ἔστησαν,
2780 1607 2913 1676 πρὸς
2946 1607 3008 1658 τὸ
3054 1608 3102 1659 εἰ
3151 1607 3298 1671 ξένος
3346 1625 3431 1671 τις
3481 1606 3790 1676 πενόμενός

533 1701 788 1756 solatium
815 1711 1068 1771 sumptus
1093 1703 1460 1756 necessarios.
1485 1701 1603 1756 Jam
1633 1717 1742 1771 quo
1783 1705 1943 1758 modo
1964 1713 2110 1759 retu-

2222 1711 2309 1746 rtou
2343 1693 2537 1762 φανείη
2589 1693 2818 1763 ἀχθῆναι
2851 1694 2986 1765 πρὸς
3018 1697 3237 1758 αὐτοὺς,
3286 1695 3592 1766 ληψόμενον
3639 1695 3794 1765 πρὸς

533 1790 658 1846 ierit
689 1792 960 1861 quispiam
985 1793 1240 1861 pietatem
1268 1793 1615 1862 papulorum,
1645 1808 1768 1846 cum
1795 1809 1894 1849 nos
1924 1795 2110 1864 hospi.

2222 1781 2564 1852 παραμυθίαν
2612 1781 2963 1854 ἀναλώματα.
3028 1787 3137 1838 Καὶ
3189 1785 3240 1837 τί
3294 1786 3358 1839 ἄν
3390 1801 3476 1848 τις
3504 1784 3650 1838 εῐποι
3678 1785 3792 1854 τὴν

535 1897 618 1938 tes
647 1884 921 1943 viderunt,
953 1898 1047 1951 per
1079 1883 1257 1936 lorum
1295 1891 1666 1949 transeuntes,
1708 1894 1871 1953 atque
1910 1887 1977 1942 ad
2015 1897 2114 1940 nas

534 1974 687 2028 velut
711 1973 776 2026 ad
809 1973 1034 2042 angelos
1063 1973 1454 2027 accesserunt?
1479 1975 1598 2036 Quo
1638 1975 1798 2027 modo
1824 1991 2114 2030 enarrato-

538 2067 612 2117 rit
643 2063 1050 2117 multitudinem
1091 2064 1488 2116 monachorum
1517 2072 1570 2118 et
1604 2065 1896 2133 virginum,
1925 2082 2115 2120 nume-

540 2167 662 2206 rum
690 2152 1104 2207 excedentium?
1133 2155 1380 2207 Attamen
1405 2152 1546 2223 quod
1584 2169 1613 2205 a
1649 2162 1841 2207 sancto
1869 2155 1973 2208 loci
2000 2156 2117 2224 epi-

541 2257 709 2313 scopo
725 2252 1060 2314 compertum
1087 2244 1402 2311 habuimus,
1423 2245 1806 2310 indicabiums,
1837 2245 2094 2300 habuisse

544 2332 698 2385 illum
732 2331 835 2386 sub
867 2347 966 2387 sua
994 2339 1265 2399 potestate
1286 2331 1470 2386 decem
1506 2331 1673 2384 millia
1707 2331 2117 2393 monachorum,

542 2423 734 2493 viginti
779 2423 948 2476 millia
1006 2423 1300 2492 virginum.
1363 2421 1630 2476 Caeterum
1693 2421 2119 2490 hospitalitatem

541 2528 757 2577 eorum,
795 2521 851 2568 et
906 2513 1198 2568 charitatis
1249 2512 1678 2582 magnitudinem
1743 2513 1958 2567 edicere
2012 2527 2120 2566 non

546 2607 720 2660 valeo.
767 2605 1223 2660 Discindebantur
1243 2605 1388 2657 enim
1417 2605 1578 2673 pallia
1614 2613 1823 2667 nostra,
1852 2604 1979 2656 dum
2015 2604 2124 2658 sin-

545 2696 659 2765 guli
701 2712 802 2751 nos
849 2695 917 2750 ad
974 2711 1032 2750 se
1074 2696 1470 2765 pertraherent.
1513 2695 1691 2764 Atque
1735 2694 1848 2747 illic
1886 2694 2123 2750 vidimus

548 2786 751 2839 multos
797 2800 1132 2853 magnosque
1186 2782 1398 2847 Patres,
1445 2783 1682 2838 diversis
1727 2783 2124 2838 charismatum

2212 1873 2498 1927 εὐλάϐειαν
2523 1873 2630 1926 τῶν
2679 1874 2866 1945 δήμων
2906 1875 3156 1946 δρώντων
3223 1877 3369 1946 ἡμᾶς
3397 1877 3526 1938 τοὺς
3571 1876 3788 1940 ξένους,

2211 1965 2300 2018 διὰ
2327 1967 2422 2037 τῆς
2454 1967 2660 2035 ἀγορᾶς
2685 1968 3000 2038 παριόντας,
3032 1969 3124 2022 καὶ
3148 1967 3334 2039 ὥσπερ
3357 1968 3610 2037 ἀγγέλοις
3649 1971 3793 2039 ἡμῖν

2214 2056 2540 2124 προσιόντων
2561 2073 2576 2120 ;
2596 2057 2644 2109 τί
2661 2057 2717 2109 δὲ
2747 2058 2807 2110 τὸ
2827 2057 3028 2127 πλῆθος
3058 2057 3260 2121 ἐξείποι
3287 2077 3369 2121 τις
3395 2059 3502 2113 τῶν
3534 2059 3794 2130 μοναχῶν

2215 2145 2307 2198 καὶ
2337 2146 2640 2216 παρθένων,
2668 2147 3052 2219 ἀναριθμήτων
3079 2148 3279 2215 δντων;
3313 2149 3460 2219 Πλὴν
3487 2151 3610 2203 ὅσον
3633 2151 3795 2222 παρὰ

2214 2234 2306 2287 τοῦ
2339 2237 2452 2287 ἐκεῖ
2501 2237 2654 2304 ἁγίου
2712 2237 3012 2292 ἐπισκόπου
3059 2237 3506 2308 ὴκριόωσάμεθα,
3532 2238 3795 2309 δηλώσω-

2221 2340 2339 2393 μεν,
2372 2325 2593 2394 μυρίους
2649 2326 2748 2396 μὲν
2798 2329 3060 2398 μοναχοὺς
3093 2328 3182 2397 ὑφ’
3208 2329 3387 2382 αὐτῶν
3407 2330 3473 2392 ³³,
3493 2329 3795 2400 δισμυρίας

2216 2415 2273 2468 δὲ
2314 2416 2618 2486 παρθένους
2657 2416 2867 2487 ἔχοντες
2898 2419 2962 2474 ⁸⁸.
3006 2417 3116 2488 Τὴν
3162 2418 3218 2471 δὲ
3263 2418 3562 2487 φιλοξενίαν
3607 2421 3794 2474 αὐτῶν

2220 2509 2313 2561 καὶ
2344 2508 2440 2578 τὴν
2469 2510 2686 2580 ἀγάπην
2709 2511 2827 2564 οἷαν
2858 2506 3020 2580 εἶχον,
3054 2511 3154 2579 ἐμὲ
3191 2511 3288 2581 οὐχ
3325 2506 3436 2564 οἷον
3457 2511 3501 2542 ’⁸
3528 2511 3793 2576 ἐξειπεῖν.

2220 2601 2489 2652 Διεσπᾶτο
2517 2599 2624 2669 γὰρ
2649 2600 2805 2670 ήμῶν
2827 2599 2896 2653 τὰ
2924 2599 3144 2662 παλλία,
3179 2603 3242 2654 ὲκ
3286 2600 3454 2652 τῶν¹⁶
3480 2602 3625 2672 ήμᾶς
3655 2601 3797 2672 πρὸς

2223 2690 2449 2753 ἑαυτοὺς
2483 2689 2868 2744 ἀνθελκόντων.
2914 2690 3023 2744 Καὶ
3069 2690 3250 2760 ἴδομεν
3281 2693 3397 2744 ἐκεῖ
3449 2691 3674 2754 πολλοὺς
3696 2693 3799 2744 καὶ

2227 2784 2491 2854 μεγάλους
2511 2785 2778 2855 Πατέρας,
2805 2784 3036 2855 διάφορα
3060 2784 3376 2854 χαρίσματα
3405 2782 3643 2853 ἔχοντας,
3665 2782 3799 2844 τοὺς

549 2876 710 2931 donis
731 2887 978 2938 ornatos,
1011 2875 1150 2929 alios
1180 2877 1234 2928 in
1259 2875 1382 2929 vita:
1430 2874 1718 2940 institutis,
1745 2874 1880 2930 alios
1921 2877 1974 2929 in
2007 2891 2116 2944 pro-

2228 2875 2327 2946 μὲν
2359 2877 2416 2927 ὲν
2448 2875 2610 2943 λόγῳ,
2641 2876 2766 2938 τοὺς
2796 2874 2851 2927 δὲ
2903 2877 2960 2928 ὲν
3016 2873 3280 2945 πολιτεία,
3310 2873 3438 2938 τοὺς
3467 2873 3524 2926 δὲ
3553 2874 3608 2926 ὲν
3637 2871 3800 2925 δυνά-

549 2965 736 3037 digiis,
776 2967 1081 3021 virtutibus.
1103 2973 1158 3019 et
1184 2966 1380 3034 signis.

1044 3096 1124 3150 De
1152 3096 1340 3150 abbate
1375 3094 1604 3165 Evagrio
1693 3059 1704 3072 .

623 3215 701 3284 (9)
747 3212 990 3268 Vidimus
1030 3214 1235 3282 pariter
1269 3211 1560 3282 Evagrium
1607 3211 1780 3264 virum
1829 3210 2124 3279 sapientem

555 3316 610 3358 et
653 3305 892 3365 doctum,
945 3305 1037 3372 qui
1094 3304 1480 3373 cogitationum
1539 3301 2024 3358 discernendarum
2077 3305 2128 3358 vi

557 3394 714 3449 valde
757 3395 1015 3463 przeditus
1065 3395 1184 3455 I'uit,
1223 3409 1318 3463 per
1350 3395 1742 3462 experientiam
1789 3394 1841 3447 id
1876 3395 1952 3449 rei
1985 3409 2131 3449 con-

560 3492 802 3547 secutus,
855 3485 946 3553 qui
999 3498 1142 3551 saépe
1197 3484 1251 3536 in
1312 3483 1696 3536 Alexandriam
1759 3483 2128 3551 descendens,

559 3573 869 3626 (ira-corum
892 3573 1342 3642 ethnicorumque
1361 3575 1704 3644 philosophis
1728 3591 1792 3630 os
1818 3576 2127 3631 obturabat.

563 3660 612 3716 ls
642 3661 922 3714 admonuit
960 3660 1155 3714 fratres
1184 3663 1277 3731 qui
1304 3664 1588 3717 nobiseum
1628 3673 1809 3732 erant,
1841 3682 1909 3718 ne
1936 3681 2133 3734 aquam

562 3755 630 3807 ad
660 3754 962 3808 satietatem
999 3754 1266 3809 biberent.
1305 3753 1587 3808 Daemones
1618 3755 1788 3817 enim,
1834 3756 2135 3826 inquiebat,

2231 2983 2354 3035 μεσι
2378 2967 2471 3020 καί
2499 2967 2763 3036 σημείοις.

2712 3099 2851 3167 Περὶ
2880 3098 3029 3154 ἀόὄᾶ
3061 3101 3379 3169 Εὑατρίου.

2304 3213 2511 3280 ’ἰδομεν
2542 3210 2598 3264 δὲ
2630 3213 2724 3265 καί
2759 3213 3029 3284 Εὑάγριον
3069 3214 3234 3285 ἄνδρα
3272 3213 3433 3282 σοφὸν
3472 3215 3568 3268 καὶ
3597 3214 3800 3283 λόγιον,

2229 3303 2288 3364 ὃς
2327 3302 2434 3355 τῶν
2465 3302 2739 3372 λογισμῶν
2780 3303 2968 3373 ἱκανὴν
2997 3300 3142 3374 εἶχεν
3195 3304 3484 3374 διάκρισιν,
3518 3307 3581 3357 ὲκ
3606 3305 3803 3374 πείρας

2231 3391 2291 3444 τό
2329 3394 2558 3462 πρᾶγμα
2609 3393 2976 3463 παρειληφὼς,
3007 3392 3068 3456 ὃς
3105 3395 3363 3457 πολλάκις
3415 3392 3689 3449 κατελθὼν
3721 3399 3806 3458 εἰς

2245 3485 2668 3557 ’Δλεξάνδρειαν,
2700 3487 2824 3549 τοὺς
2857 3485 2964 3538 τῶν
3005 3486 3273 3556 Ἑλλήνων
3323 3485 3640 3554 φιλοσόφους
3698 3486 3808 3540 άπ-

2234 3577 2539 3647 εστόμιζεν.
2577 3575 2739 3642 Οὗτος
2786 3580 3118 3648 παρήγγειλε
3176 3582 3286 3642 τοῖς
3316 3580 3432 3647 μεθ’
3460 3581 3615 3651 ήμῶν
3651 3581 3810 3634 ἀδελ-

2236 3669 2377 3735 φοῖς,
2411 3666 2598 3730 ὕδατος
2635 3669 2708 3738 μὴ
2739 3667 3110 3739 κορέννυσθαι.
3144 3669 3207 3722 Oi
3237 3669 3345 3738 γὰρ
3375 3667 3644 3739 δαίμονες.
3678 3669 3809 3738 ἔφη.

2235 3757 2361 3820 τοὺς
2389 3758 2660 3828 ὑδροχοείς
2689 3757 2886 3822 τόπους
2908 3759 2949 3789 ⁸⁷
2984 3758 3220 3828 συνεχῶς
3252 3757 3639 3812 ἐπιϐαίνουσιν.
3679 3759 3813 3811 Ἀλ-

566 3847 685 3900 loca
707 3861 828 3916 quae
863 3862 1034 3915 aquas
1065 3846 1320 3911 fundunt,
1346 3845 1567 3902 assidue
1610 3847 1915 3902 incursant.
1942 3847 2047 3902 Sed
2086 3864 2115 3902 e

2239 3847 2363 3912 λους
2398 3866 2456 3902 τε
2491 3849 2718 3914 πολλοὺς
2749 3850 2884 3922 πρὸς
2934 3851 3084 3920 ἡμᾶς
3133 3850 3262 3920 περὶ
3307 3851 3594 3920 ἀσκήσεως
3623 3849 3817 3922 ἐποιή-

567 3939 772 4008 multos
809 3939 945 3993 alios
982 3938 1050 3993 de
1091 3947 1283 3993 sancta
1310 3939 1700 3993 exercitatione
1729 3940 1886 3994 nobis
1919 3941 2116 4009 protuli

2242 3955 2371 3992 σατο
2395 3939 2605 4008 λόγους,
2637 3937 2989 4010 ἐπιστηρίξας
3018 3937 3174 4010 ήμῶν
3196 3938 3293 4002 τὰς
3317 3937 3511 4009 ψυχάς.
3608 3941 3655 4009 Ι

567 4046 867 4099 sermones,
894 4031 1094 4101 quibus
1119 4032 1332 4086 animas
1359 4041 1578 4086 nostras
1622 4033 1999 4089 conﬁrmabat.

989 4166 1065 4220 De
1099 4167 1285 4221 abbate
1316 4164 1710 4222 Patermuthio.

641 4279 752 4349 (10)
792 4277 920 4332 Erat
958 4280 1102 4332 enim
1144 4289 1270 4336 ante
1300 4297 1403 4337 nos
1435 4282 1655 4352 quidam
1699 4281 1883 4346 Pater,
1925 4282 2147 4337 nomine

2560 4173 2695 4242 Περί
2719 4171 2869 4229 ἁόϐᾶ
2898 4174 3340 4242 Πατερμουθίου
3367 4173 3500 4242 (Η).

2315 4283 2424 4342 Ἦν
2457 4287 2566 4358 γάρ
2594 4306 2676 4352 τις
2703 4289 2892 4358 Πατήρ
2921 4288 3028 4358 πρδ
3056 4289 3210 4360 ήμῶν
3236 4288 3462 4356 ὀνόματι
3493 4287 3818 4357 Πατερμού-

571 4367 964 4432 Patermutius,
1017 4372 1110 4439 qui
1150 4375 1360 4439 primus
1408 4374 1554 4430 illius
1598 4375 1703 4428 loci
1753 4377 2116 4430 monachorum

2248 4394 2363 4441 τιος
2384 4377 2448 4440 ⁸⁸,
2487 4377 2703 4448 πρῶτος
2743 4379 2853 4431 τῶν
2879 4382 2935 4431 ἐν
2966 4378 3043 4450 τῷ
3068 4380 3217 4449 τόπῳ
3239 4379 3412 4449 τούτῳ
3447 4377 3690 4448 μοναχῶν
3717 4379 3821 4431 αὒ-

573 4461 805 4522 esstitit,
841 4473 895 4514 et
929 4463 1305 4516 monachicam
1348 4465 1490 4520 hanc
1527 4476 1729 4521 vestem
1766 4471 1975 4538 primus
2012 4469 2112 4538 ipsi

2246 4469 2336 4532 τὸς
2390 4469 2696 4538 γενόμενος,
2745 4471 2772 4522 ὁ
2823 4471 2917 4522 καὶ
2957 4471 3017 4522 τὸ
3068 4470 3359 4541 μοναχικδν
3413 4469 3618 4540 ἔνδυμα
3661 4467 3824 4522 τοῦτο

576 4551 875 4604 adinvenit.
907 4553 955 4606 Is
973 4568 1094 4605 cum
1115 4555 1383 4623 principio
1411 4565 1555 4610 esset
1581 4558 1833 4625 princeps
1854 4559 2145 4624 latronum,

2257 4559 2469 4631 πρῶτος
2508 4561 2688 4622 αὐτοῖς
2749 4561 3026 4632 ὲφευρώνο
3069 4563 3228 4624 αὐτὸς
3287 4559 3615 4632 ἀρχιλῃστὴς
3673 4558 3825 4630 πρῶ-

577 4659 642 4698 ac
669 4644 893 4714 vcspillo
919 4646 1223 4716 gentilium,
1251 4647 1604 4718 famosusque
1632 4649 1684 4701 in
1715 4651 1976 4718 nequitia,
2011 4653 2115 4706 han

2254 4670 2343 4716 τος
2367 4653 2409 4684 ¹⁹
2441 4652 2534 4704 καὶ
2568 4653 2898 4722 νεκροτάφος
2943 4653 3210 4724 Ἑλλήνων
3263 4655 3542 4724 ὑπάρχων,
3579 4653 3671 4705 καὶ
3703 4651 3823 4704 δια-

577 4745 770 4792 nactus
805 4745 883 4792 est
929 4739 1274 4794 occasionem
1327 4741 1541 4795 salutis.
1585 4741 1817 4794 Advenit
1854 4750 2012 4795 nocte
2055 4745 2152 4796 ali-

579 4828 796 4897 quando
832 4831 896 4883 ail
934 4830 1198 4900 virginem
1248 4831 1512 4900 aliquam,
1553 4831 1726 4900 ipsius
1761 4835 2150 4888 monasterium

579 4921 875 4990 dept-zcdari
927 4923 1107 4975 animo
1151 4922 1476 4990 meditatus;
1512 4939 1745 4992 cumque
1767 4925 1999 4993 quadam
2038 4941 2153 4978 ma-

581 5013 742 5066 china
776 5014 830 5067 in
861 5021 1002 5068 tecta
1042 5015 1474 5081 conscendisset,
1513 5031 1614 5071 nec
1651 5015 1920 5070 inveniret
1960 5031 2067 5085 qua
2093 5017 2146 5069 in

655 5174 697 5204 "
728 5173 939 5226 Absunt
973 5171 1042 5224 ab
1071 5171 1140 5223 al.
1172 5171 1334 5223 verba
1367 5175 1415 5224 οἰ
1453 5171 1575 5234 τάς.
1598 5211 1610 5224 .
1631 5209 1642 5221 .
1682 5171 2031 5240 παρέχοντες.
2112 5174 2116 5202 ¹

2222 5172 2278 5224 il.
2311 5171 2493 5225 αὐτόν.
2575 5172 2617 5202 ¹⁸
2656 5171 2740 5223 Al.
2792 5170 3025 5239 ἔχοντος.

1893 5241 1964 5292 al.
1995 5241 2122 5304 τοὺς
2166 5241 2484 5313 ὐδροτελεις.

589 5244 879 5312 ἑκατέρων.
935 5242 998 5308 ,¹’¹
1029 5242 1114 5294 Al.
1145 5244 1256 5305 τοῖς
1291 5242 1603 5311 δροκέλλοις
1632 5241 1817 5303 τόποις
1839 5255 1852 5268 ·

585 5313 797 5384 πρώην.

658 5488 732 5554 (9)
785 5488 889 5546 Vit.
925 5489 1076 5546 Patr.
1106 5509 1166 5556 tt,
1211 5493 1300 5550 27.

657 5559 771 5626 uo)
823 5561 920 5614 va.
950 5561 1110 5618 Patr.
1135 5579 1194 5626 ιι,
1222 5565 1278 5618 9.

661 5629 678 5687 ί
693 5628 771 5691 Η)
808 5631 949 5698 Περί
977 5632 1162 5715 .ἀόὅῷ
1195 5635 1657 5755 Παῖερίιουᾷἰου.

661 5709 697 5746 νε
754 5711 911 5756 ratut
976 5717 1028 5756 in
1090 5702 1333 5756 Historia
1415 5721 1633 5756 austnca

1703 5633 1892 5688 Exstat
1941 5649 2158 5703 quoque

595 5693 697 5749 hoc
754 5693 911 5767 (aint
976 5702 1028 5757 in
1090 5702 1333 5756 Historia

1675 5704 1922 5767 Palladii,
1971 5705 2157 5756 codice

2259 4743 2446 4813 ϐόητος
2477 4744 2568 4796 ἐπὶ
2596 4743 2763 4813 κακίᾳ
2791 4744 3100 4814 γενόμενος,
3133 4746 3401 4814 πρόφασιν
3425 4742 3631 4814 ηὕρατο
3654 4759 3827 4812 σωτη-

2262 4833 2383 4903 ρίας
2427 4833 2701 4902 τοιαύτην.
2759 4833 2991 4904 Ἐπέστη
3047 4835 3176 4886 ποτὲ
3223 4834 3415 4896 νυκτὸς
3469 4850 3574 4885 τινι
3623 4830 3829 4903 παρθε-

2258 4923 2505 4996 νευούσῃ,
2545 4925 2774 4994 συλῆσαι
2805 4926 2865 4978 τὸ
2902 4928 3261 4996 μοναστήριον
3319 4925 3489 4994 αὐτῆς
3544 4923 3828 4995 προθυμης

2255 5014 2366 5079 θείς
2387 5033 2400 5048 ο
2427 5016 2630 5088 ηὑρέθη
2657 5017 2714 5069 δὲ
2752 5022 2963 5088 μηχανῇ
2995 5035 3100 5070 τινι
3129 5019 3221 5070 ἐπὶ
3255 5015 3326 5068 τά
3355 5015 3608 5086 δὼματα’
3642 5014 3714 5086 μὴ
3739 5015 3830 5067 εὑ-

3103 5171 3147 5202 ¹⁵
3190 5170 3273 5223 Al.
3315 5171 3482 5224 inser.
3514 5187 3595 5224 τε.
3673 5169 3714 5199 ’⁸
3742 5169 3828 5224 Al.

2564 5241 2607 5273 "
2646 5243 2731 5295 Al.
2761 5239 3166 5310 Πατερμούθιος
3188 5258 3201 5272 ο
3236 5241 3306 5294 al.
3336 5240 3592 5302 Μούθιος.
3671 5241 3712 5271 ¹⁹
3742 5240 3831 5296 Al.

2265 5495 2581 5549 (.olbertino
2611 5494 2783 5560 M74,
2809 5495 2904 5550 sed
2953 5510 3075 5551 cum
3134 5493 3384 5565 plurimis
3415 5489 3832 5565 _vari_etatibus;

2265 5581 2495 5634 quarum
2533 5581 2734 5633 paucas
2768 5557 2944 5620 visum
2966 5573 3050 5621 est
3083 5557 3379 5634 ascribere.
3405 5561 3664 5617 Continet
3695 5557 3833 5634 idem

2267 5629 2365 5690 ms.
2395 5637 2504 5689 duo
2533 5629 2817 5706 sequentia
2849 5636 3051 5706 capita,
3088 5650 3196 5692 non
3229 5633 3364 5687 adeo
3396 5640 3575 5686 tamen
3602 5629 3798 5699 ampla.
