4028 6338
148 326 381 431 ἰιι

1525 379 1917 441 PARADISUS
1955 382 2263 445 PATRUM.

3409 394 3515 452 ‘50

274 490 391 563 ρὼν
447 488 506 544 δὲ
552 489 709 552 ποίας
731 489 776 520 ¹⁶
821 489 1039 564 εἰσέλθῃ
1093 493 1168 555 εἰς
1221 492 1280 546 τὸ
1330 499 1571 563 ταμεῖον,
1621 496 1848 565 ἢπάλιν

1951 500 2211 556 conclave
2241 501 2636 572 ingrederetur,
2664 511 2716 560 et
2745 519 2851 573 qua
2888 518 3081 559 rursus
3104 503 3401 574 recederet,
3428 521 3518 561 re-

274 583 439 645 ποίας
461 584 501 614 ⁸³
565 582 931 657 ὑπυχωρήσῃ,
979 581 1161 652 ἔμεινε
1213 583 1561 655 λογιζόμενος
1611 588 1705 640 ἐπὶ
1752 587 1847 641 τοῦ

242 672 529 744 δώματος
556 673 716 746 ἄχρις
746 676 987 747 ἡμέραςο
1021 678 1117 730 καὶ
1135 679 1330 749 μικρὸν
1361 680 1715 749 ἀφυπνὼσας,
1749 683 1851 753 ὁρᾷ

269 764 360 829 ὡς
418 764 679 835 βασιλέως
730 765 896 829 τινὸς,
945 766 1195 835 λέγοντος
1238 771 1282 802 ”
1324 771 1476 840 αὐτῷ
1530 772 1683 825 κατὰ·
1724 773 1850 837 τοὺς

271 857 501 919 ὕπνους,
544 856 617 926 μὴ
646 856 773 926 περὶ
799 858 925 920 τοὺς
953 858 1145 926 φόνους
1167 861 1213 892 ³³
1236 860 1337 925 ἔτι,
1367 860 1463 913 καὶ
1501 863 1608 915 τῶν
1639 863 1849 932 μικρῶν

270 946 487 1000 τούτων
529 946 939 1017 κλεμμάτωνυδ·
967 951 1066 1021 τὴν
1115 952 1348 1024 σπουδὴν
1390 954 1553 1024 ἔχειν,
1613 957 1850 1025 ἐπαγρυ-

272 1038 538 1101 πνοῦντα,
555 1039 691 1093 ἀλλά
705 1041 753 1093 εί
776 1039 1018 1110 βούλοιτο
1041 1043 1395 1112 μεταϐάλλειν
1417 1046 1507 1098 τὸν
1533 1047 1733 1117 τρόπον
1762 1050 1848 1102 ἐπ’

269 1126 503 1199 ἀρετὴν,
550 1127 646 1181 καὶ
690 1129 1020 1199 στρατηγίαν
1036 1131 1081 1162 ³⁸
1113 1132 1406 1203 ἀγγελικὴν
1435 1138 1758 1205 στρατηγεῖν
1778 1136 1845 1198 ’⁸,

270 1214 464 1270 λαϐεῖν
506 1218 632 1287 παρ’
661 1216 828 1270 αὐτοῦ
878 1217 1082 1290 ταύτην
1123 1220 1223 1293 τὴν
1262 1222 1531 1288 ἐξουσίαν.
1595 1226 1654 1277 Ὀ
1681 1225 1740 1278 δὲ
1772 1225 1849 1289 ὡς

270 1306 530 1375 ἀσμένως
550 1307 862 1374 ὑπεδέξατο,
889 1309 985 1362 καὶ
1008 1309 1073 1381 δὴ
1100 1311 1288 1382 τάγμα
1305 1313 1549 1384 μοναχῶν
1576 1315 1682 1384 ἄγη
1691 1332 1781 1387 ρον
1801 1316 1847 1348 ³⁷

271 1396 675 1459 ὑποδείκνυσιν,
716 1402 811 1453 καὶ
842 1400 1030 1472 άρχειν
1057 1404 1239 1457 αὐτῶν
1277 1405 1691 1477 παρεκελεύετο.
1708 1407 1851 1474 ,Ἔξ-

270 1503 449 1550 υπνος
474 1488 532 1542 δὲ
566 1490 855 1560 γενόμενος
880 1495 909 1546 ό
932 1495 1075 1565 ἀνὴρ
1097 1496 1200 1566 ὁρᾷ
1247 1496 1345 1567 τὴν
1382 1498 1652 1568 παρθένον
1700 1498 1850 1569 αὐτῷ

272 1579 655 1650 παρεστῶσαν,
692 1583 785 1636 καὶ
812 1583 1107 1653 λέγουσαν’
1156 1588 1323 1641 Πόθεν
1375 1589 1439 1642 σὺ
1469 1591 1851 1660 παραγέγονας

270 1661 404 1734 ὧδε,
436 1663 483 1724 ὧ
518 1670 794 1744 ἄνθρωπε,
828 1674 860 1748 ἢ
910 1676 994 1740 τίς
1030 1677 1297 1750 ὑπάρχεις
1341 1672 1466 1752 τὴν⁶
1488 1681 1656 1755 τύχην
1673 1686 1747 1751 ⁸⁸;
1791 1685 1850 1741 '0

267 1758 357 1823 δι,
395 1761 563 1831 μηδὲν
590 1763 843 1818 εἰδέναι²⁹
872 1767 1050 1838 φήσας
1074 1769 1237 1840 αὐτῇ,
1268 1771 1367 1841 τὴν
1395 1772 1691 1845 ἐκκλησίαν
1717 1776 1851 1830 ὑπο-

268 1824 589 1907 δείκνυσθαι
635 1853 784 1925 αὑτῷ
816 1824 1138 1929 παρεκάλει.
1181 1824 1292 1914 ἰαὶ
1324 1824 1393 1933 δὴ
1421 1861 1498 1926 ὡς
1878 1824 1922 1884 Β

268 1940 604 2011 προσπεσὼν
635 1945 747 2008 τοῖς
798 1946 907 2000 τῶν
944 1950 1329 2022 πρεσϐυτέρων
1362 1953 1580 2020 γόνασιν
1602 1954 1668 2020 ³θ,
1693 1955 1844 2024 ἠξίου

270 2031 606 2104 Χριστιανὸς
634 2034 913 2103 γενέσθαι,
957 2040 1052 2094 καὶ
1091 2042 1380 2112 μετανοίας
1432 2043 1616 2115 χώραν
1644 2046 1843 2118 εὑρεῖν.

285 2122 633 2191 Ἐπιτνόντες
656 2125 713 2178 δέ
735 2127 895 2181 αὐτὸν
921 2131 972 2182 oi
999 2131 1379 2203 πρεσϐύτεροι,
1407 2136 1502 2189 καὶ
1536 2135 1848 2208 θαυμάσαν-

274 2230 388 2276 τες,
443 2213 755 2270 ἐνουθέτουν
801 2216 987 2272 λοιπὸν
1038 2223 1132 2274 καὶ⁸
1185 2223 1479 2283 ἐδίδασκον,
1512 2224 1608 2279 τοῦ
1650 2227 1860 2297 μηκέτι.

269 2300 420 2357 εἶναι
476 2304 820 2376 ἀνδροφόνον.
882 2309 1064 2375 Ἠξίου
1110 2312 1167 2365 δὲ
1208 2313 1422 2377 αὐτοὺς,
1450 2314 1561 2367 τῶν
1616 2316 1846 2388 ψαλμῶν

268 2392 589 2458 ἐπακούειν,
626 2396 721 2448 καὶ
747 2398 915 2468 τριῶν
949 2400 1145 2469 στίχων
1200 2403 1510 2468 ἐπακούσας
1546 2405 1707 2472 μόνον
1749 2405 1845 2460 τοῦ

270 2484 501 2556 πρώτου
528 2485 770 2558 ψαλμοῦ,
796 2490 986 2560 ἀρκεῖν
1011 2490 1189 2561 ἐαυτῷ
1220 2493 1357 2555 τέως
1376 2492 1482 2564 ἔφη
1510 2495 1683 2548 ταῦτα
1708 2497 1846 2568 πρὸς

273 2577 536 2649 μάθησιν.
568 2580 677 2632 Καὶ
721 2582 1007 2651 ἐπιμείνας
1055 2584 1192 2655 πρὸς
1219 2586 1413 2649 αὐτοὺς
1440 2590 1588 2658 τρεῖς
1610 2589 1843 2658 ἡμέρας,

268 2666 510 2732 ἔξελθὼν
542 2671 703 2736 εὐθὺς
738 2674 832 2725 ἐπὶ
860 2673 957 2745 τὴν
985 2675 1189 2747 ἔρημον
1231 2676 1509 2748 ὥρμησεν,
1543 2681 1637 2733 καὶ
1656 2681 1845 2751 τριετῆ

267 2757 478 2829 διάγων
512 2763 704 2832 χρόνον
751 2764 894 2818 κατὰ
935 2766 1034 2836 τὴν
1063 2766 1287 2837 ἔρημον,
1324 2770 1381 2822 ἐν
1419 2759 1602 2841 εὐχαῖς
1632 2773 1723 2825 καὶ
1750 2772 1844 2824 δά-

270 2868 472 2924 κρυσιν
498 2855 861 2927 διημερεύων,
891 2857 1027 2927 πρὸς
1051 2858 1258 2929 τροφὴν
1284 2863 1404 2924 ταῖς
1434 2862 1655 2933 ἀγρίαις
1695 2862 1847 2931 βοτά-

271 2958 397 3004 ναις
440 2944 684 3012 ἠρκεῖτο,
729 2944 825 2997 καὶ
870 2944 1097 3009 ταύταις
1145 2948 1390 3018 ἐνέμετο.
1435 2950 1765 3020 Ἐπανῆλθεν
1787 2951 1845 3004 δὲ

269 3031 356 3093 εις
388 3032 489 3102 τὴν
519 3032 837 3103 ἐκκλησίαν,
869 3034 1189 3106 ἔμπρακτον
1229 3039 1589 3107 ἀπαγγέλλων
1622 3041 1683 3095 τὸ
1737 3044 1845 3112 μά-

271 3120 463 3191 θημαο
496 3123 655 3193 χάριν
686 3123 743 3176 δέ
773 3124 921 3195 αύτῷ
947 3125 1193 3180 δεδόσθαι
1235 3126 1417 3181 θεόθεν
1453 3129 1657 3199 ἔλεγεν.
1703 3133 1843 3186 ἀπο-

274 3210 552 3282 στηθίζειν
582 3212 781 3279 ἔξωθεν
807 3214 906 3279 τὰς
935 3216 1155 3287 Γραφάς
1178 3218 1245 3272 ⁸⁸.
1286 3220 1624 3288 Ἐθαύμαζον
1650 3223 1707 3276 δὲ
1739 3226 1841 3278 αύ-

272 3301 368 3356 τῦν
395 3301 557 3356 πάλιν
574 3304 625 3355 oi
655 3297 1033 3376 πρεσϐύτεροι,
1062 3307 1370 3379 ἀκροτάτην
1397 3310 1723 3380 μετελθόντα
1745 3313 1846 3384 τὴν

269 3392 531 3465 ἄσκησιν.

352 3487 460 3539 Καὶ
488 3488 822 3555 φωτίσαντες
851 3491 1011 3545 αὐτὸν
1040 3492 1384 3563 παρεκάλουν
1424 3496 1841 3568 συνδιατρίϐειν.

284 3573 347 3628 '0
371 3576 429 3628 δέ
462 3578 748 3647 ἐπιμείνας
778 3581 914 3652 πρὸς
944 3582 1143 3647 αὐτοὺς
1173 3585 1313 3638 ἐπτά
1345 3587 1584 3657 ἡμέρας,
1623 3590 1716 3642 ἐπὶ
1746 3591 1846 3663 τὴν

272 3666 484 3736 ἔρημον
527 3668 688 3722 πάλιν
734 3670 902 3741 ἐξῄει,
941 3675 1036 3727 καὶ
1066 3673 1130 3745 δὴ
1175 3677 1234 3728 ἐν
1282 3677 1423 3730 ἑπτὰ
1453 3677 1631 3732 ἐτεσιν
1665 3680 1846 3746 ἄλλοις

273 3757 337 3808 ἐν
372 3760 438 3828 τῇ
470 3761 773 3831 πανερήμῳ
805 3761 1138 3829 διατελέσας,
1178 3766 1377 3838 πολλῆς
1411 3769 1629 3840 χάριτος
1656 3772 1686 3824 ό
1706 3772 1846 3843 ἀνὴρ

271 3845 508 3920 ἡξιιὶιθη.
559 3853 759 3923 "Apso;
810 3854 906 3923 μὲν
939 3854 1048 3926 γὰρ
1086 3858 1238 3929 αὐτῷ
1274 3863 1341 3932 τῇ
1379 3863 1633 3934 κυριακῇ
1686 3865 1842 3938 μόνῃ,

271 3939 414 4010 πρὸς
446 3942 686 4015 κεφαλὴν
714 3944 1009 4015 ηὑρίσκετο
1051 3948 1352 4023 εὐξαμένῳ,
1385 3945 1448 4006 οὗ
1495 3954 1848 4027 μεταλαμδά·

270 4047 382 4083 νων
420 4031 523 4095 ἕως
566 4034 666 4103 τῆς
694 4035 861 4106 ἄλλης
901 4039 1190 4112 Κυρωκῆς
1222 4044 1464 4114 ἠρκεῖτο.
1515 4046 1846 4117 Ἑπανῆλθεν

268 4121 331 4179 δὲ
371 4122 531 4176 πάλιν
561 4125 628 4179 ἐκ
659 4126 759 4198 τῆς
795 4131 1026 4200 ἐρήμου,
1061 4133 1180 4203 ⁸τὴν
1221 4134 1456 4205 ἄσκησιν
1500 4138 1847 4210 ἐνδεικνύμε-

270 4226 386 4300 νος,
419 4212 511 4264 καί
534 4229 687 4279 τινας
724 4215 859 4287 πρὸς
883 4218 982 4289 τὴν
1007 4220 1173 4274 αὐτοῦ
1212 4222 1488 4277 πολιτείαν
1516 4224 1690 4280 ἐλθεῖν
1720 4230 1844 4300 ἐρεο

272 4299 462 4365 θίζων.
503 4302 782 4375 Προσῆλθε
822 4306 878 4359 δὲ
912 4308 1060 4381 αὐτῷ
1101 4327 1185 4375 τις
1216 4312 1453 4379 νεανίας,
1502 4299 1845 4389 μαθητευθῆ-

270 4409 364 4445 ναι
398 4391 736 4464 βουλόμενος.
802 4399 860 4452 ’0
905 4400 963 4455 δὲ
1020 4402 1182 4466 εὐθὺς
1228 4404 1454 4470 ἐνδύσας
1486 4409 1651 4462 αὐτὸν
1701 4409 1848 4465 λεσι-

1952 592 2154 647 mansit
2184 593 2237 646 in
2278 600 2419 648 tecto
2441 593 2847 664 cogitabundus
2878 608 3051 663 usque
3074 593 3141 647 ad
3168 605 3347 650 orlum
3369 595 3514 657 diei:

1951 697 2252 753 parumque
2267 684 2638 747 obdormiens,
2663 684 2808 738 videt
2830 685 2984 752 quasi
3016 700 3195 764 regem
3224 688 3513 756 quemdam

1949 773 2041 840 qui
2072 773 2286 828 dicebat
2315 775 2417 844 ipsi
2455 776 2507 828 in
2544 776 2776 839 somnis,
2803 790 2870 829 ne
2895 775 3129 844 amplius
3164 777 3309 832 circa
3334 777 3518 848 sepui-

1950 875 2065 925 cra,
2091 862 2402 927 homicidia,
2431 880 2707 935 parvaque
2736 866 2850 921 lucc
2878 864 3023 920 furta
3053 874 3291 932 vacaret,
3316 869 3515 941 invigi-

1950 951 2144 1019 laudo;
2185 954 2279 1009 sed
2304 956 2348 1009 si
2386 957 2547 1011 vellet
2582 972 2763 1012 mores
2802 967 3015 1013 mutare
3057 958 3124 1012 ad
3158 959 3432 1026 virtutem,
3462 969 3519 1016 et

1951 1044 2249 1113 angelicam
2287 1047 2533 1100 militiam
2578 1048 2878 1118 suscipere,
2910 1058 3259 1119 accepturum
3294 1051 3363 1106 ab
3400 1051 3519 1121 ipso

1950 1132 2220 1199 ejusmodi
2265 1143 2610 1205 potestatem.
2682 1138 2782 1194 Ubi
2839 1150 3019 1195 autem
3067 1142 3297 1196 libenter
3327 1143 3519 1197 condi-

1951 1223 2152 1278 tionem
2186 1225 2526 1293 admisisset,
2552 1231 2792 1285 ostendit
2815 1231 2864 1286 ei
2895 1232 3198 1288 immortale
3228 1232 3520 1287 monacho-

1952 1328 2073 1367 rum
2104 1329 2320 1384 agmen,
2358 1318 2558 1387 quibus
2589 1319 2781 1389 jussus
2818 1330 2901 1377 est
2927 1323 3211 1393 imperare.
3233 1324 3399 1393 igitur
3423 1340 3520 1380 ex-

1950 1402 2294 1473 pergefactus
2351 1407 2436 1459 vir
2492 1409 2669 1462 cernit
2718 1409 2981 1478 virginem
3042 1409 3143 1480 ipsi
3202 1419 3383 1465 astare
3454 1425 3520 1465 ac

1949 1490 2134 1547 dicere
2162 1507 2176 1543 :
2207 1491 2362 1549 Unde
2395 1502 2452 1548 tu
2484 1495 2590 1550 huc
2615 1497 2907 1564 advenisti,
2938 1513 2971 1552 ο
3008 1498 3201 1558 homo;
3234 1509 3325 1554 aut
3359 1500 3520 1568 cujus

1950 1584 2284 1639 conditionis
2324 1586 2419 1640 es?
2464 1588 2558 1642 Ille
2599 1603 2731 1642 vero
2775 1590 2909 1651 nihil
2947 1590 3090 1645 scire
3141 1600 3235 1644 aut
3269 1606 3392 1646 esse
3431 1607 3520 1645 re-

1952 1669 2553 1744 spondens.'ecclesiam
2583 1679 2686 1733 sibi
2714 1680 2925 1734 ostendi
2947 1682 3210 1750 poposcit.
3232 1680 3407 1750 thue
3427 1682 3520 1736 illa

1952 1769 2307 1836 monstravit;
2367 1769 2434 1823 ad
2502 1785 2677 1839 genua
2740 1770 3016 1841 pedesque
3076 1774 3519 1845 presbyterorum

1949 1859 2339 1928 procumbens,
2385 1861 2697 1930 postulabat
2739 1871 2797 1917 ut
2851 1864 3200 1921 Christianus
3244 1865 3414 1928 ﬂeret,
3454 1881 3521 1920 ac:

1948 1950 2283 2021 pmnitentite
2299 1952 2477 2006 locum
2499 1952 2933 2009 nancisceretur.
2967 1953 3277 2026 Presbyteri
3308 1963 3517 2017 autem.

1947 2042 2039 2111 qui
2081 2050 2479 2111 cognoscerent
2531 2059 2691 2107 eum,
2752 2045 3042 2113 admirati,
3095 2050 3522 2103 conuuonebant

1947 2132 2209 2203 deinceps
2244 2144 2405 2203 atque
2433 2134 2759 2197 educebant,
2793 2152 2860 2191 ne
2892 2139 3127 2208 amplius
3160 2146 3305 2194 esset
3342 2140 3523 2193 bomi-

1947 2221 2087 2277 cida.
2124 2222 2357 2293 Rogavit
2393 2239 2558 2294 porro
2584 2239 2701 2287 eos,
2739 2233 2796 2278 ut
2829 2226 3073 2294 psalmos
3095 2226 3326 2279 audiret.
3354 2224 3522 2279 Cum-

1947 2332 2053 2386 que
2091 2323 2205 2370 tres
2235 2315 2584 2369 solummodo
2608 2332 2803 2372 versus
2834 2317 3098 2373 audiisset
3115 2317 3272 2386 primi
3301 2315 3521 2387 psalmi,

1947 2407 2050 2463 sibi
2103 2406 2322 2471 interim
2368 2422 2464 2462 eos
2520 2407 2769 2462 sufﬁcere
2824 2408 2965 2462 dixit
3020 2408 3087 2463 ad
3145 2408 3519 2478 disciplinam.

1945 2497 2085 2553 Tum
2135 2499 2278 2569 apud
2312 2499 2435 2554 illos
2469 2500 2643 2555 tribus
2682 2500 2879 2556 diebus
2913 2502 3231 2564 transactis,
3265 2515 3522 2573 egressus

1946 2590 2131 2644 statim
2158 2630 2172 2652 ,
2223 2590 2289 2644 ad
2333 2606 2576 2645 eremum
2622 2602 2903 2661 properat.
2936 2591 3039 2647 Ubi
3082 2607 3178 2661 per
3207 2600 3319 2646 tres
3345 2607 3523 2647 annos

1946 2689 2343 2743 commoratus,
2374 2682 2427 2734 in
2464 2683 2719 2749 precibus
2754 2691 2809 2736 et
2844 2682 3100 2753 larrymis
3140 2696 3517 2752 perseverans,

1948 2785 2045 2837 pro
2076 2770 2200 2823 cibo
2244 2771 2553 2838 agrestibus
2594 2772 2779 2826 herbis
2812 2782 3107 2827 contentus
3138 2780 3281 2835 erat,
3319 2773 3521 2843 quibus

1946 2859 2292 2927 pascebatur.
2317 2856 2509 2913 Postea
2544 2874 2827 2926 regressus
2857 2871 2941 2915 est
2980 2860 3033 2914 in
3074 2860 3388 2920 ecclesiam.
3422 2860 3521 2915 do-

1946 2948 2180 3003 ctrinam
2240 2947 2485 3002 referens
2549 2950 2810 3017 operibus
2852 2949 3151 3016 ﬁrmatam;
3200 2948 3521 3021 dicebatque

1947 3039 2051 3095 sibi
2085 3038 2348 3092 divinitus
2388 3038 2573 3093 datam
2612 3038 2787 3095 fuisse
2824 3042 3078 3111 gratiam,
3128 3042 3519 3111 expectorandi

1948 3130 2373 3198 metnoriterque
2405 3129 2667 3184 recitandi
2722 3146 2912 3186 sacras
2943 3129 3279 3200 Scripturas.
3317 3129 3518 3186 lterum

1949 3233 2130 3276 autem
2182 3220 2602 3275 demirabantur
2660 3222 2813 3276 illum
2863 3222 3203 3293 presbyteri,
3256 3222 3403 3293 quod
3451 3224 3520 3278 ad

1949 3323 2218 3366 summam
2247 3308 2588 3378 pervenisset
2613 3310 3090 3367 exercitationem.

2016 3509 2079 3563 Et
2108 3510 2380 3580 baptismo
2404 3520 2690 3584 postquam
2724 3512 2901 3584 ipsum
2931 3513 3356 3576 illuminasscut,
3388 3514 3522 3570 bor-

1947 3601 2207 3655 tabantur
2233 3611 2291 3657 ut
2320 3618 2442 3658 eum
2477 3604 2584 3659 illis
2607 3612 2871 3660 maneret.
2900 3604 3003 3671 Qui
3035 3606 3175 3675 apud
3204 3621 3297 3659 eos
3327 3606 3514 3661 demo-

1948 3700 2100 3746 ratus
2137 3700 2343 3762 septem
2378 3692 2516 3757 dies,
2556 3693 2751 3747 iterum
2790 3694 2844 3747 in
2879 3695 3230 3749 solitudinem
3263 3699 3514 3753 secessit.

1946 3781 2124 3851 Atque
2158 3782 2282 3838 aliis
2321 3792 2526 3852 septem
2557 3784 2718 3839 annis
2766 3783 2820 3838 in
2852 3793 3002 3838 vasta
3033 3799 3217 3840 eremo
3261 3789 3516 3855 peractis.

1946 3873 2150 3942 ingenti
2179 3875 2353 3944 gratia
2377 3874 2613 3930 donatus
2640 3882 2746 3930 est.
2776 3875 2854 3929 Ac
2884 3877 3041 3944 panis
3064 3876 3280 3946 quidem
3305 3877 3373 3932 ab
3399 3878 3519 3947 ipso

1948 3972 2073 4034 post
2101 3966 2406 4021 orationem
2443 3966 2823 4021 inveniebatur
2860 3968 3016 4037 juxta
3046 3978 3228 4036 caput,
3275 3968 3365 4023 die
3413 3969 3520 4024 Do-

1947 4055 2151 4110 minico
2189 4058 2337 4123 solo;
2385 4059 2478 4126 qui
2513 4066 2785 4127 sumptus.
2825 4073 3000 4128 usque
3030 4060 3094 4111 ad
3131 4060 3291 4112 aliam
3340 4060 3517 4118 Domi-

1944 4146 2127 4199 nicam
2181 4146 2502 4202 sumciebat.
2547 4147 2745 4202 lterum
2791 4159 2972 4203 autem
3007 4151 3166 4205 rediit
3207 4166 3271 4205 ex
3318 4153 3515 4207 solitu-

1945 4237 2095 4297 dine.
2128 4238 2346 4292 virtutis
2369 4239 2812 4295 exercitationem
2844 4256 2954 4311 pra:
2990 4259 3047 4300 se
3071 4243 3273 4308 ferens,
3299 4253 3354 4300 ct
3380 4261 3518 4301 non-

1949 4329 2131 4384 nullos
2171 4330 2238 4383 ad
2280 4329 2422 4384 idem
2464 4330 2679 4385 vivendi
2723 4333 3034 4388 institutum
3081 4336 3516 4405 amplectendum

1947 4420 2225 4474 excitavit.
2265 4420 2513 4477 Accessit
2550 4421 2717 4490 igitur
2747 4422 2967 4492 quidam
2999 4424 3339 4493 adolescens,
3371 4428 3518 4484 desi-
3589 4417 3595 4423 ’

268 4480 421 4582 tunc.
448 4483 514 4547 ³³,
567 4484 662 4538 καὶ
706 4489 1049 4545 κουκούλλιον
1091 4494 1157 4564 τῇ
1204 4495 1413 4568 κεφαλῇ
1449 4499 1712 4570 περιθεὶς,
1751 4502 1845 4554 ἐπὶ

1950 4513 2149 4565 derans
2175 4510 2297 4580 ejus
2324 4526 2449 4567 esse
2479 4480 2798 4582 discipulus.
2826 4514 2997 4582 Quem
3034 4516 3124 4572 ille
3158 4480 3343 4573 statim

269 4570 374 4642 τὴν
440 4574 672 4644 ἀσκησιν
736 4577 1126 4649 προσεδίϐαζεν
1155 4581 1219 4644 ³³,
1268 4581 1364 4654 τὴν
1416 4585 1672 4659 μηλωτὴν
1712 4589 1848 4659 περὶ

271 4664 403 4725 τοὺς
444 4661 626 4733 ὤμους
665 4668 830 4721 αὑτοῦ
866 4670 1242 4741 περιθέμενος,
1292 4676 1387 4728 καὶ
1431 4674 1638 4731 λέντιον
1686 4679 1848 4732 αὐτὸν

273 4752 742 4824 περιζωσάμενος.
792 4758 901 4810 Καὶ
929 4759 993 4830 δὴ
1039 4762 1193 4815 εἵπου
1224 4779 1309 4827 τις
1353 4764 1462 4817 τῶν
1507 4767 1850 4837 Χριστιανῶν

272 4842 552 4907 ἐτελεύτα,
585 4852 1006 4922 προσκαρτερῶν
1033 4855 1198 4908 αὐτοῦ
1219 4858 1339 4920 ταῖς
1366 4859 1716 4928 ἀγρυπνίαις,
1746 4878 1847 4914 κα·-

272 4933 481 5006 Θαρίως
519 4938 790 5009 ἐκήδευεν.
844 4942 989 4996 Ἰδὼν
1019 4945 1076 4997 δὲ
1104 4946 1265 5000 αὑτὸν
1295 4950 1325 5002 ὁ
1358 4948 1604 5021 μαθητὴς
1631 4951 1840 5022 θαυμα-

275 5025 410 5088 σίως
441 5028 568 5089 τοὺς
599 5030 900 5097 τεθνεῶτας
947 5036 1262 5107 κηδεύοντα,
1304 5036 1457 5095 εἰπεν
1483 5042 1620 5114 πρὸς
1648 5045 1807 5099 αὐτόν
1827 5063 1843 5078 ο

269 5114 336 5167 ΕΞ
368 5116 514 5186 κάμὲ
544 5117 770 5174 θανόντα
796 5122 970 5189 οὕτως
997 5126 1302 5196 κηδεύσεις,
1332 5130 1618 5186 διδάσκαλε
1644 5151 1660 5200 ;
1707 5135 1765 5189 ’0
1790 5137 1847 5190 δὲ

440 5208 603 5300 αὐτόν
634 5210 768 5283 ἔφη’
801 5213 959 5268 Οὕτω
996 5218 1242 5289 κηδεύσω
1272 5238 1351 5287 σε,
1382 5223 1543 5295 ἄχρις
1572 5225 1639 5279 ἂν
1662 5226 1844 5300 εἴπῃς,

286 5296 491 5366 Ἀρκεῖ.
524 5299 653 5353 Μετ’
687 5304 748 5355 οὐ
782 5306 917 5360 πολὺ
948 5307 1005 5360 δὲ
1050 5310 1243 5381 χρόνου
1270 5312 1530 5385 τέθνηκεν
1555 5317 1583 5370 ό
1606 5296 1844 5383 νεανίας,

271 5388 369 5479 καὶ
472 5389 639 5479 λόγος
675 5393 721 5424 ³⁸
751 5393 911 5469 ἔργον
950 5398 1175 5467 ἐγίνετο.
1213 5403 1497 5474 Κηδεύσας
1534 5406 1644 5479 γὰρ
1686 5410 1848 5463 αὐτὸν

270 5478 539 5546 εύσεσῶς,
568 5480 716 5552 λέγει
746 5487 883 5554 πρὸς
911 5489 1071 5543 αὐτὸν
1092 5492 1186 5544 ἐπὶ
1213 5494 1429 5549 πάντων
1448 5513 1460 5527 ·
1499 5478 1696 5564 Καλῶς
1724 5502 1849 5575 ἐκη-

1953 4608 2081 4655 tone
2108 4601 2380 4665 indutum,
2411 4605 2629 4659 cuculla
2660 4607 2820 4677 capiti
2855 4608 3268 4679 circumposita,
3313 4626 3377 4666 ac
3405 4628 3519 4668 me-

1950 4692 2057 4746 lote
2086 4693 2151 4747 ad
2181 4694 2453 4757 humeros,
2488 4698 2840 4768 cinctumque
2872 4686 3061 4762 linteo,
3101 4701 3167 4754 ad
3197 4703 3518 4758 monacbale

1947 4782 2259 4837 institutum
2292 4786 2705 4856 exercitumque
2738 4789 3030 4856 promovit.
3063 4789 3140 4841 Ad
3173 4789 3307 4848 haec,
3335 4790 3509 4844 sicubi

1953 4887 1982 4927 e
2028 4872 2356 4930 Christianis
2406 4878 2532 4945 quis
2568 4879 2812 4943 obiisset,
2851 4879 3232 4947 perseverabat
3257 4878 3310 4932 in
3344 4880 3516 4949 ipsius

1951 4963 2174 5032 vigiliis,
2226 4975 2278 5019 et
2325 4966 2494 5021 nitide
2529 4967 2841 5036 sepeliebat.
2877 4967 3045 5034 Quem
3087 4984 3317 5024 cernens
3352 4970 3517 5027 disc!-

1954 5055 2138 5124 pulus,
2185 5058 2579 5113 admirabiliter
2623 5058 2909 5115 defunctos
2960 5076 3177 5124 curare,
3237 5060 3374 5116 dixit
3417 5063 3512 5118 ei:

1955 5145 2109 5202 Mene
2132 5159 2403 5203 mortuum
2430 5150 2503 5204 ita
2534 5148 2836 5217 funerabis,
2860 5153 3155 5221 magister?
3176 5151 3475 5221 Respondit
3498 5170 3514 5211 :

1954 5237 2044 5293 Sic
2070 5240 2388 5308 parentabo,
2418 5240 2592 5296 donec
2615 5242 2817 5297 dixeris
2851 5262 2863 5297 :
2900 5243 3045 5298 Satis
3072 5254 3174 5299 est.
3206 5243 3323 5298 Non
3347 5243 3517 5298 multo

1952 5336 2078 5398 post
2105 5336 2369 5400 tempore,
2389 5331 2642 5402 migravit
2669 5349 2700 5388 e
2732 5334 2838 5387 vita
2870 5333 3211 5399 adolescens,
3247 5348 3311 5388 ac
3337 5349 3516 5390 sermo

1953 5417 2203 5473 effectum
2231 5422 2458 5477 sortitus
2481 5431 2584 5477 est.
2608 5424 2741 5478 Cum
2764 5425 2907 5478 enim
2937 5425 3023 5494 pie
3046 5440 3170 5479 eum
3202 5431 3517 5481 accurasset

1955 5506 2025 5560 ad
2072 5508 2436 5577 sepulturam,
2480 5511 2555 5563 ait
2604 5512 2705 5581 ipsi
2758 5527 2944 5567 coram
3001 5514 3297 5568 omnibus:
3330 5513 3376 5569 0
3418 5513 3516 5576 fili,

343 5618 710 5714 ὀιΑ-[μῖὶςέπ
726 5623 806 5714 ’,ἐξ
828 5624 1087 5714 Αῑιιταέξς.
1117 5700 1131 5714 ‘
1167 5629 1211 5661 “
1246 5629 1329 5714 Al.
1363 5631 1738 5714 §a_szléq_ttvdt
1764 5624 2009 5714 λέγοντα.
2082 5640 2128 5672 ’³
2149 5639 2245 5714 ΔΑΙ.
2273 5643 2496 5714 τάφους,
2540 5643 2617 5714 Ar“
2639 5642 2723 5714 Al.
2757 5644 2826 5697 τά
2864 5644 3170 5714 κλέμματα..
3247 5645 3295 5677 ⁸⁵
3320 5645 3403 5698 ΑΙ.
3437 5643 3518 5714 εις

274 5687 434 5784 Ξζαά.
468 5690 826 5784 παιραςμλεῖνέ
900 5695 945 5784 ’ς
979 5687 1063 5784 Al.
1095 5687 1492 5784 ,ἐπανῆλαξεῖνξ
1538 5706 1611 5784 "_"

1949 5687 2116 5784 Item
2148 5687 2499 5784 aggestis"
2522 5712 2608 5767 At.
2639 5687 2847 5784 ’ᾧζχῆἱ
2865 5687 3271 5780 "'t'trKE'Et'vat.
3320 5687 3403 5747 "'3'
3427 5687 3513 5783 Ᾰῖ

271 5757 454 5809 mm.
534 5757 575 5789 ιι
609 5759 692 5813 At.
725 5762 851 5817 add.
884 5764 984 5827 τὰς
1017 5767 1195 5835 ἁγίας.
1274 5770 1318 5801 ³·
1347 5771 1432 5825 Al.
1473 5757 1848 5843 λεεήτώνάξ⁷⁹ῑ

1949 5757 2028 5833 tl:
2039 5757 2459 5850 ξὲῥοὲὲ.“”ίῖἈι,
2486 5757 2793 5847 iu's'c'r.’£z2l'
2809 5757 2822 5765 ⁷
2835 5757 2847 5769 ’
2998 5757 3088 5827 ’ως
