4028 6338
278 394 392 448 ὁῖὶὸ

1522 390 1908 451 PARADISUS
1944 389 2250 449 PATRUM.

3414 401 3518 456 435

281 531 432 581 ματα
460 513 831 585 θεραπεῦσαι;
879 515 1014 569 ἀλλὰ
1058 519 1152 570 καὶ
1185 519 1346 587 ἕτερα
1389 519 1752 588 προσετίθεις.
1797 517 1831 568 ⁸(

1931 516 2071 569 ,ἱηιο
2111 515 2346 569 addebas
2387 514 2510 568 alia.
2538 515 2780 585 Cumque
2821 527 3192 586 perseveraret
3217 518 3270 572 in
3307 524 3506 589 suppli-

274 604 341 657 δὲ
369 604 444 666 ὡς
475 605 738 673 ἐπέμενεν
771 604 911 675 πρὸς
950 605 1171 658 αύτὸν¹⁸
1208 606 1488 671 ἱκετεύων,
1520 606 1854 678 ἁπεκρίνατο

276 695 422 766 πρὸς
448 696 608 749 αὑτὸν
634 697 662 748 ό
691 695 869 764 γέρων
890 713 902 726 ·
942 695 1030 766 Μὴ
1046 698 1092 728 ⁵⁸
1121 697 1283 768 ἕτερα
1309 700 1374 768 τῇ
1411 697 1522 768 ζωῇ
1563 715 1653 750 σου
1683 714 1851 767 προσ-

277 785 470 854 θήσεις
511 785 688 838 κακά’
745 786 855 836 el"
901 786 1044 838 κατὰ
1093 787 1350 854 ἀλήθειαν
1400 791 1696 857 μετανοείς,
1739 786 1852 839 δεό-

279 876 426 944 μεθα
449 876 586 947 ὑπὲρ
613 875 707 928 σοῦ
739 875 830 929 τοῦ
865 876 998 928 Θεοῦ
1019 892 1032 904 ·
1064 877 1264 945 ἀγαθὸς
1302 879 1410 950 γάρ
1436 880 1585 931 ἐστιν
1618 879 1710 930 καὶ
1745 895 1848 946 μα-

276 967 577 1037 κρόθυμος,
626 969 718 1020 καὶ
769 967 1048 1037 χαρίζεταί
1093 985 1174 1021 σοι
1219 970 1296 1022 ἔτι
1331 971 1535 1042 μικράν
1564 971 1730 1042 ζωὴν,
1764 969 1852 1023 ἵνα

274 1058 345 1110 τὺ
369 1060 475 1112 πᾶν
503 1059 807 1136 ἀποδώσῃς.
843 1065 950 1116 Καὶ
982 1065 1276 1136 εὐξάμενος
1315 1060 1466 1116 εἶπεν
1495 1063 1678 1133 αὑτῷ·
1719 1064 1848 1117 Ἰδοὺ

273 1147 406 1216 τρία
458 1149 552 1220 ἐτη
598 1168 679 1204 σοι
713 1155 994 1224 χαρίζεται
1017 1156 1062 1187 ⁵⁸
1094 1157 1122 1207 ὁ
1149 1155 1280 1218 Θεὸς
1310 1157 1375 1224 τῇ
1389 1154 1433 1184 ⁸⁸
1483 1150 1594 1223 ιῖωῇ
1640 1153 1843 1224 ταύτὩ⁶

1955 607 2188 670 cationc,
2239 607 2313 660 ait
2353 623 2513 660 senex
2551 626 2563 659 :
2605 606 2658 658 Si
2697 608 2800 658 alia
2829 607 3113 662 additurus
3160 625 3264 662 non
3300 625 3359 663 es
3394 613 3515 664 vita:

1953 707 2059 752 tua:
2093 699 2253 759 mala,
2304 699 2396 753 sed
2451 713 2573 752 vere
2621 698 2994 767 pcenilentiam
3047 708 3290 762 acturus,
3347 701 3513 754 Deum

1952 808 2050 861 pro
2080 801 2131 845 te
2164 793 2441 846 orabimus
2484 809 2496 844 :
2539 791 2712 844 bonus
2746 799 2849 854 est,
2890 790 3121 859 patiens,
3168 793 3511 861 aequanimis,

1951 899 2014 936 ac
2048 884 2288 953 indulget
2327 885 2422 936 tibi
2471 884 2648 937 adhuc
2689 900 2876 952 parum
2919 884 3058 944 vitae,
3095 893 3151 936 ut
3198 892 3392 937 cuncta
3425 900 3510 940 rc-

1952 974 2182 1028 tribuas.
2215 973 2278 1026 Et
2297 973 2542 1027 oratione
2573 973 2713 1025 facta
2743 973 2877 1026 dixit
2902 973 2948 1026 ei
2984 991 2996 1025 :
3030 973 3168 1026 Ecce
3194 981 3306 1027 tres
3336 988 3510 1028 annos

1947 1065 2072 1118 vita;
2104 1064 2267 1132 hujus
2309 1065 2403 1118 tibi
2451 1065 2702 1119 concedit
2733 1063 2906 1127 Deus;
2956 1073 3166 1116 tantum
3217 1080 3281 1118 ex
3328 1065 3510 1117 animo

1948 1155 2323 1224 paenitentiam
2348 1169 2465 1224 age.
2490 1153 2626 1207 Tum
2651 1169 2810 1208 manu
2837 1153 2955 1221 ejus
2977 1153 3334 1222 apprehensa,
3364 1154 3509 1207 illico

277 1237 445 1306 μόνον
477 1242 542 1293 ὲκ
566 1241 744 1313 ψυχῆς
775 1246 1123 1315 μετανόησον.
1157 1246 1264 1299 Καὶ
1288 1244 1582 1314 λαϐόμενος
1615 1244 1778 1298 αὑτοῦ
1801 1246 1831 1276 ⁶¹

1945 1244 2137 1307 erexit,
2173 1244 2298 1298 dein
2329 1244 2554 1298 abduxit
2590 1243 2645 1297 in
2679 1243 3026 1297 solitudinem
3058 1259 3073 1294 :
3107 1243 3505 1312 completisque

272 1331 378 1397 τῆς
402 1331 602 1401 χειρὸς,
633 1333 927 1399 ἀνέστησεν
977 1337 1334 1406 παραχρῆμα,
1373 1335 1467 1388 καὶ
1485 1336 1525 1366 ⁶¹
1562 1336 1831 1405 ὰπήγαγει

1947 1333 2121 1387 tribus
2151 1333 2331 1396 annis,
2367 1332 2562 1386 iterum
2605 1332 2819 1387 reduxit
2848 1331 2913 1384 ad
2956 1332 3153 1395 locum,
3189 1348 3295 1385 non
3333 1331 3508 1386 homi-

271 1419 441 1472 αὑτὸν
461 1423 541 1484 είς
575 1421 671 1493 τὴν
695 1423 918 1494 ἔρημον.
950 1427 1059 1479 Καὶ
1083 1427 1474 1498 πληρωθέντων
1499 1427 1633 1482 ἑτῶν
1656 1429 1831 1499 τριιῖἱιν1

1945 1438 2091 1486 nem,
2133 1423 2228 1476 sed
2279 1422 2527 1492 angelum
2561 1421 2671 1475 Deo
2713 1421 2997 1486 exhibens,
3051 1422 3187 1476 adeo
3227 1433 3282 1475 ut
3316 1437 3508 1477 omnes

271 1510 439 1564 πάλιν
483 1513 687 1582 ηγαγεν
724 1515 816 1568 ἐπὶ
866 1516 958 1568 τὸν
1002 1517 1187 1580 τόπον,
1226 1519 1326 1572 οὐκ
1379 1519 1682 1590 ἄνθρωπον,
1726 1521 1831 1573 άλλ⁴

1944 1515 2231 1569 admiratio
2265 1522 2484 1583 caperet
2513 1513 2579 1567 de
2618 1513 2790 1582 ipsius
2831 1513 2939 1565 vita
2983 1525 3034 1566 et
3064 1515 3504 1568 conversatione.

267 1599 507 1668 ἄγγελον
541 1603 652 1673 (12)
685 1604 763 1675 τῷ
806 1605 924 1676 Θεῷ
959 1607 1256 1676 παριστῶν,
1287 1608 1364 1672 ὡς
1395 1609 1670 1679 θαυμάσαι
1705 1612 1831 1665 πάν-

1942 1606 2298 1676 Congregatis
2347 1620 2477 1674 ergo
2519 1605 2664 1658 circa
2716 1603 2892 1673 ipsum
2947 1602 3229 1666 fratribus,
3275 1606 3508 1658 collocat

267 1703 374 1750 τας
402 1691 493 1742 ἐπὶ
520 1693 584 1760 τῇ
615 1691 777 1745 αὑτοῦ
809 1693 1129 1765 πολιτείᾳ⁶¹.
1162 1695 1272 1749 Καὶ
1317 1697 1676 1752 συνελθόντων
1706 1700 1831 1771 πρὸς

1943 1695 2213 1751 hominem
2241 1696 2292 1749 in
2316 1696 2494 1749 medio
2519 1710 2735 1758 sanum,
2761 1709 2821 1747 ac
2850 1709 2945 1764 per
2967 1700 3134 1746 totam
3157 1702 3369 1748 noctem
3396 1709 3506 1748 ser-

267 1780 438 1833 αὑτὸν
474 1780 581 1834 τῶν
625 1783 890 1852 ἀδελφῶν,
921 1784 1130 1856 τίθησιν
1153 1786 1198 1817 ⁸³
1225 1787 1386 1840 αὑτὸν
1417 1790 1474 1841 ὲν
1505 1789 1653 1859 μέσῳ
1686 1790 1834 1859 ὑγιῆ,

268 1873 366 1923 καὶ
399 1872 470 1924 δι’
508 1872 636 1943 ὅλης
679 1875 778 1946 τῆς
818 1877 1007 1940 νυκτὸς
1055 1877 1212 1950 λόγον
1260 1878 1602 1945 διδασκαλίας
1657 1882 1838 1944 αὑτοῖς

265 1967 578 2038 παρεδίδου.
627 1968 715 2031 Ὠς
755 1969 812 2021 δὲ
862 1969 1231 2037 άπενύσταξεν
1273 1974 1300 2024 ό
1345 1973 1591 2042 ἀδελφὸς,
1641 1974 1733 2028 καὶ
1772 1975 1837 2046 δὴ

264 2057 352 2118 εἰς
379 2055 545 2110 ὕπνον
592 2058 882 2128 γενόμενος
913 2059 979 2123 ⁸⁸,
1021 2062 1296 2125 παντελῶς
1325 2064 1613 2136 ἐκοιμήθη.
1644 2066 1837 2118 Ἐπευ-

262 2147 501 2216 ξάμενος
529 2147 585 2200 δὲ
636 2149 806 2218 αὐτῷ,
853 2151 1138 2221 ἐκήδευσεν
1191 2154 1331 2208 κατὰ
1369 2156 1570 2225 τρόπον
1597 2157 1664 2222 ⁸⁸,
1707 2175 1839 2228 προ-

263 2237 494 2308 πέμψας
525 2239 662 2310 πρὸς
693 2241 794 2309 τὴν
833 2243 1030 2312 ταφήν.
1067 2243 1335 2306 Πολλάκις
1373 2245 1430 2297 δὲ
1471 2245 1632 2298 αὑτόν
1675 2264 1838 2316 φασιν

261 2328 364 2382 καὶ
388 2329 497 2382 τῶν
527 2332 865 2400 ποταμιαίων
887 2333 932 2364 ⁸⁸
958 2333 1165 2386 ὑδάτων
1190 2335 1473 2400 ἐπιϐάντα,
1500 2337 1591 2388 τὸν
1623 2338 1832 2405 Νεῖλον,

259 2418 396 2490 ἄχρι
428 2422 667 2488 γονάτων
708 2421 1138 2493 διαπορθμεῦσαι
1164 2441 1176 2454 ·
1231 2425 1417 2478 ἄλλοτε
1468 2427 1523 2480 δὲ
1564 2427 1630 2481 δι’
1676 2430 1837 2500 ἀέρος

259 2511 404 2581 πρὸς
428 2512 554 2574 τοὺς
583 2511 861 2580 ἀδελφοὺς,
885 2516 977 2566 ἐπὶ
1009 2515 1100 2568 τοῦ
1133 2516 1382 2584 δώματος
1411 2520 1701 2590 ηὑρῆσθαι,
1728 2523 1835 2576 τῶν

259 2599 447 2671 θυρῶν
478 2601 897 2671 κεκλεισμένων.
935 2602 1200 2668 Πολλάκις
1246 2607 1302 2659 δὲ
1349 2608 1591 2682 ὅπουπερ
1625 2611 1832 2682 ἢθελεν,

260 2691 605 2762 παραχρῆμα
633 2693 944 2765 ηὑρίσκετο.
985 2698 1235 2766 Διηγεῐτο
1266 2697 1322 2750 δέ
1356 2717 1484 2753 ποτε
1527 2705 1639 2766 τοῖς
1683 2704 1834 2757 άδελ-

257 2783 405 2850 φοῐς,
436 2785 500 2834 ὲκ
531 2783 632 2852 τῆς
665 2785 875 2855 ἐρήμου
924 2787 1252 2852 ἐπανελθὼν,
1283 2790 1629 2862 ἀνειληφέναι
1662 2795 1705 2826 ⁸⁷
1737 2795 1834 2847 αὑ-

254 2872 352 2926 τὸν
381 2875 438 2925 tv
466 2873 704 2944 ὁράματι
730 2877 810 2938 εἰς
843 2876 1088 2946 οὐρανὸν,
1115 2880 1209 2932 καὶ
1238 2881 1523 2936 τεθεᾶσθαι
1553 2885 1650 2936 ὃσα
1684 2885 1832 2955 μένει

255 2964 442 3033 ἀγαθά
484 2967 611 3028 τοὺς
652 2966 794 3019 κατὰ
845 2967 1101 3039 ἀλήθειαν
1154 2974 1439 3042 μοναχοὺς,
1482 2974 1625 3046 άπερ
1660 2977 1834 3041 οὐδεὶς

1944 1804 2158 1843 nionem
2183 1788 2443 1844 doctrina:
2467 1787 2600 1857 ipsis
2623 1785 2866 1839 tradidit.
2893 1783 3029 1838 Tum
3060 1784 3230 1839 frater
3250 1801 3279 1838 e
3308 1800 3504 1855 mpure

1941 1880 1996 1933 in
2028 1894 2278 1934 somnum
2310 1877 2578 1940 incidens,
2603 1876 2827 1930 omnino
2861 1875 3203 1930 obdormivit.
3224 1874 3350 1928 Inde
3380 1879 3505 1928 0τεὶ-
3551 1873 3562 1880 ’

1939 1971 2086 2026 tione
2125 1985 2291 2040 super
2336 1984 2460 2023 eum
2498 1968 2662 2032 facta,
2716 1982 2816 2038 pro
2860 1982 3010 2021 more
3058 1966 3220 2021 funus
3267 1968 3499 2029 curavit,
3611 2037 3616 2042 '

1939 2062 2305 2132 praamisitque
2327 2060 2391 2113 ad
2417 2059 2772 2128 sepulturam.
2811 2059 2976 2111 Aiunt
3006 2059 3166 2111 etiam
3195 2059 3338 2127 quod
3362 2074 3503 2126 saepe

1935 2154 2180 2208 ﬂuviales
2226 2167 2397 2222 aquas
2441 2167 2830 2222 supergressus
2874 2149 3054 2204 Nilum
3107 2150 3497 2219 pertransierit,

1937 2246 2004 2300 ad
2052 2260 2228 2316 genua
2279 2246 2544 2299 duntaxat
2602 2244 3027 2314 pertingentem;
3085 2241 3339 2311 quodque
3394 2241 3502 2293 alio

1936 2344 2178 2407 tempore
2219 2352 2315 2406 per
2354 2351 2533 2390 aerem
2579 2343 2788 2397 vectus,
2819 2335 2958 2388 inter
2987 2333 3181 2388 fratres
3218 2333 3270 2386 in
3301 2333 3502 2387 solario

1937 2426 2190 2480 inventus
2236 2425 2329 2488 sit,
2377 2425 2562 2492 januis
2614 2425 2839 2479 clausis.
2891 2422 3226 2493 Frequenter
3283 2441 3502 2494 quoque

1938 2518 2248 2588 ubicunque
2277 2517 2459 2580 vellet,
2482 2514 2769 2570 confestim
2800 2516 3005 2569 aderat.
3034 2514 3206 2570 Porro
3238 2515 3501 2571 fratribus

1935 2610 2178 2664 narravit
2219 2609 2533 2678 aliquando,
2578 2623 2644 2660 ex
2683 2607 2979 2661 solitudine
3021 2607 3254 2667 rediens.
3286 2623 3502 2662 assum-

1935 2709 2083 2770 ptum
2111 2715 2169 2754 se
2192 2699 2359 2753 fuisse
2388 2699 2443 2752 in
2474 2699 2678 2752 visione
2703 2697 2769 2750 ad
2798 2699 3019 2759 emtum,
3055 2712 3118 2750 ac
3152 2698 3350 2752 vidisse
3379 2712 3503 2766 qua:

1934 2792 2074 2845 bona
2108 2806 2265 2845 veros
2308 2790 2604 2844 monachos
2658 2798 2897 2851 manent,
2930 2803 3051 2857 quae
3103 2789 3285 2842 nullus
3319 2805 3502 2844 sermo

1933 2883 2148 2952 assequi
2201 2889 2410 2952 potest;
2459 2881 2704 2949 dixitque
2759 2895 2820 2934 se
2875 2879 2928 2932 in
2979 2893 3143 2933 carne
3202 2867 3498 2934 abductum

1935 2977 2104 3030 fuisse
2146 2976 2198 3028 in
2247 2973 2586 3044 paradisum,
2637 2984 2798 3040 atque
2846 2979 3126 3040 spectasse
3183 2978 3494 3025 sanctorum

257 3055 498 3122 ἐξειπεῖν
542 3057 696 3126 λόγος
727 3058 983 3112 δύναταιο
1037 3063 1130 3115 καὶ
1184 3064 1425 3134 ἀπῆχθαι
1471 3067 1528 3119 δὲ
1566 3069 1727 3120 αὑτὸν
1775 3072 1831 3124 ὲν

1935 3067 2366 3129 multitudinem;
2419 3065 2484 3118 ad
2533 3065 2647 3117 haec
2694 3062 3050 3131 participasse
3103 3059 3170 3114 de
3229 3059 3498 3116 fructibus

257 3147 428 3216 σαρκὶ
467 3147 570 3218 ἔφη
609 3149 689 3210 είς
727 3149 819 3202 τὸν
852 3150 1197 3222 παράδεισον,
1233 3157 1323 3207 καὶ
1353 3157 1656 3226 ἑωρακέναι
1699 3161 1831 3230 πλῆ-

1934 3157 2192 3225 paradisi.
2227 3156 2404 3224 Atque
2434 3153 2488 3206 in
2519 3152 2889 3206 testimonium
2931 3166 3042 3205 rem
3074 3151 3242 3220 ipsum
3275 3151 3494 3206 exhibe-

254 3237 351 3300 θος
391 3237 595 3305 άγίων·
638 3239 1021 3311 μετειληφέναι
1070 3243 1124 3296 δὲ
1184 3246 1346 3298 αὑτὸν
1394 3247 1576 3314 ἔλεγεν
1618 3252 1680 3301 ὲκ
1722 3249 1829 3302 τῶν

1933 3249 2042 3301 bat.
2096 3248 2226 3297 Nam
2275 3247 2437 3298 ficum
2491 3241 2858 3311 praegrandem
2902 3256 2965 3294 ac
3011 3241 3286 3305 eximiam,
3329 3243 3498 3310 pluri-

254 3330 486 3400 καρπῶν
503 3329 599 3383 τοῦ
629 3332 958 3402 παραδείσου
980 3351 994 3364 ο
1025 3336 1119 3387 καὶ
1152 3337 1403 3407 μάρτυρα
1440 3339 1502 3390 τὸ
1535 3341 1762 3410 πρᾶγμα
1785 3341 1830 3373 ⁸⁸

1931 3352 2139 3405 maeque
2176 3333 2504 3404 ﬂagrantiae,
2540 3333 2607 3386 ad
2651 3331 2848 3385 fratres
2882 3345 3012 3386 suos
3045 3330 3260 3392 detulit,
3298 3331 3364 3383 ad
3401 3330 3498 3384 de-

253 3420 555 3474 ἐδείκνυεν.
607 3422 779 3476 Σῦκον
825 3423 935 3494 γὰρ
998 3426 1140 3496 μέγα
1186 3427 1280 3480 καὶ
1325 3427 1598 3500 ἐξαίρετον
1617 3432 1682 3496 ⁸⁸,
1736 3434 1828 3486 καὶ

1931 3426 2341 3482 monstrandum
2374 3425 2482 3478 illis
2509 3439 2634 3478 vera
2669 3438 2792 3477 esse
2836 3436 2957 3492 quae
2978 3420 3203 3475 diceret.
3233 3420 3406 3487 Quam
3437 3424 3496 3474 li-

252 3511 485 3575 εὐωδίας
513 3511 716 3582 πολλῆς
752 3514 967 3583 μεστὸν,
1009 3517 1144 3586 πρὸς
1185 3518 1311 3580 τοὺς
1353 3519 1546 3572 ἑαυτοῦ
1584 3521 1828 3592 μαθητὰς

249 3604 615 3674 ἀπεκόμισεν,
657 3605 1008 3659 ἐπιδεικνύων
1047 3608 1228 3669 αὑτοῖς
1269 3609 1349 3661 ὄτι
1383 3609 1554 3680 ἀληθῆ
1594 3614 1729 3664 εἰσιν
1760 3613 1828 3666 τὰ

250 3697 388 3768 παρ’
432 3697 599 3750 αὑτοῦ
646 3697 932 3767 λεγόμενα.
987 3699 1162 3770 Ὅπερ
1192 3699 1374 3764 σῦκον,
1419 3703 1825 3774 όδιηγούμενος

247 3787 388 3856 ἡμῖν
449 3786 622 3839 ταῦτα
687 3786 916 3856 Κόπρης
965 3787 1369 3860 πρεσϐύτερος,
1427 3793 1646 3856 νεανίας
1705 3795 1824 3848 τότε

247 3875 536 3948 ὑπάρχων,
571 3878 628 3930 ὲν
666 3878 784 3939 ταῖς
817 3877 1003 3948 χερσὶν
1035 3878 1144 3931 τῶν
1188 3880 1444 3950 μαθητῶν
1477 3883 1641 3937 αὑτοῦ
1671 3885 1826 3940 ἐθεά-

250 3983 410 4034 σατο,
458 3969 552 4021 καὶ
599 3968 980 4038 κατεφίλησεν,
1015 3971 1108 4022 καὶ
1155 3971 1254 4042 τὴν
1297 3976 1465 4046 πνοὴν
1493 3977 1820 4046 ἐθαύμασεν.

248 4057 476 4135 Πολλοῖς
503 4057 612 4128 γάρ
642 4056 838 4122 ἐτεσιν,
873 4059 1057 4129 φησὶν,
1089 4059 1302 4130 ἔμεινεν
1329 4065 1480 4135 παρὰ
1510 4070 1622 4130 τοῖς
1658 4067 1823 4122 αὑτοῦ

251 4133 548 4220 μαθητὰς,
578 4150 655 4212 είς
685 4148 941 4212 ἐπίδειξιν
973 4150 1374 4222 φυλαττόμενον
1393 4133 1507 4227 (ἦν
1533 4158 1644 4228 γάρ
1672 4175 1824 4228 παμ..

250 4239 516 4311 μεγεθέςο
552 4239 710 4310 μόνον
751 4239 858 4310 γὰρ
906 4240 1220 4312 ὀσφρήσατο
1268 4245 1432 4299 αὑτοῦ
1471 4265 1553 4311 τις
1585 4249 1692 4302 τῶν
1733 4267 1823 4302 νο-

247 4332 493 4386 σούντων
512 4333 578 4396 ",
629 4332 827 4397 εὐθέως
882 4335 997 4403 τῆς.
1034 4335 1190 4388 νόσου
1231 4337 1623 4408 ἀπηλλάττετο.
1666 4339 1825 4394 Κατὰ

242 4423 307 4476 δὲ
330 4423 432 4492 τὴν
457 4421 630 4493 ἀρχὴν
662 4425 760 4493 τῆς
799 4423 856 4475 ὲν
885 4425 952 4494 τῇ
983 4424 1176 4494 ἐρήμῳ
1206 4425 1370 4478 αὑτοῦ
1397 4427 1817 4500 ἀναχωρήσεως,

247 4516 344 4568 ἐπὶ
389 4514 548 4569 πέντε
593 4516 890 4586 ἑϐδομάδας
945 4517 1108 4570 αὑτὸν
1149 4518 1224 4588 μὴ
1267 4517 1698 4588 βεϐρωκέναι⁷¹·
1726 4524 1821 4578 ἄν·

246 4607 492 4677 θρωπον,
526 4608 710 4676 φασὶν,
743 4607 906 4660 αὐτὸν
944 4609 1235 4679 εὑρηκέναι
1279 4611 1418 4663 κατὰ
1462 4611 1559 4681 τὴν
1592 4612 1816 4682 ἔρημον,

243 4698 414 4767 ἄρτον
440 4696 831 4764 ἐπιφερόμενον
870 4697 962 4749 καὶ⁷
991 4697 1136 4768 ὕδωρ
1155 4715 1168 4728 ·
1211 4698 1270 4761 ὃς
1312 4703 1504 4763 πείσας
1530 4702 1689 4754 αὑτὸν
1723 4719 1820 4771 με·

239 4785 524 4851 ταλαϐεῖν,
554 4785 842 4856 ἀπηλλάγη
863 4803 876 4816 ·
921 4784 1106 4839 mea
1139 4788 1196 4840 δὲ
1235 4789 1325 4840 τὸν
1349 4789 1576 4858 δαίμονα
1612 4790 1814 4860 θησαυ⁴

241 4879 375 4947 ροὺς
413 4875 563 4944 αὑτῷ
607 4875 872 4938 ἐπιδεῖξαι
909 4875 1004 4928 τοῦ
1047 4876 1266 4948 Φαραὼ,
1310 4880 1532 4948 χρυσίου
1576 4882 1814 4953 καθαροῦ

314 5030 561 5103 "Deest
590 5030 912 5103 «pegma»
939 5030 1006 5103 _in
1041 5031 1110 5103 al.
1170 5030 1356 5103 [⁵⁸41.
1393 5033 1442 5103 εί

237 5102 286 5132 ⁶¹
324 5102 411 5154 Al.
437 5104 604 5181 inser.
631 5099 1022 5181 μεθίέαυτοῦἔ-

236 5171 546 5240 ποταμίων.
634 5168 702 5240 ‘fl
733 5168 1180 5240 Al._dvst)tﬁ<p0ai.

233 5237 498 5295 νούντων.
571 5240 615 5270 τί
645 5237 727 5291 Al.
760 5237 1090 5308 βεϐρωκότα.
1166 5239 1212 5268 ⁷²
1241 5238 1360 5292 Act.
1386 5255 1498 5300 νιιι,
1527 5241 1616 5294 ‘20.

310 5354 429 5426 (12)
632 5353 967 5421 ἄνθρωπον,
1011 5353 1150 5426 4.1!
1172 5352 1446 5422 ἄγγελον.
1489 5353 1825 5426 Prooemium

236 5422 467 5480 Catena:
504 5425 558 5477 in
587 5422 876 5493 Joannem,
907 5439 975 5477 ex
995 5423 1402 5493 iChrysostomo
1423 5462 1438 5486 ,
1475 5425 1542 5493 Ἀ
1574 5426 1700 5488 τοὺς
1730 5428 1825 5481 λα-

1081 5101 1125 5198 :'
1156 5099 1237 5153 Al.
1260 5099 1496 5198 ὲὲρυῗίᾳζ
1545 5099 1616 5180 ’.⁸³
1644 5104 1727 5198 All:
1759 5106 1989 5178 ἵστησιν.
2069 5110 2115 5139 ⁸⁵
2138 5108 2222 5159 Al.
2255 5099 2502 5174 τραπείς.

1108 5185 1158 5198 η.
1489 5188 1580 5198 -Αιι
1617 5190 1677 5198 —_
1729 5191 1934 5198 -..-.._-_
2058 5178 2100 5198 ιο
2151 5177 2200 5198 AI
2271 5176 2502 5198 1:_3_.-..

1313 5171 1334 5199 ⁸
1373 5171 1457 5223 Al.
1489 5171 1588 5245 τού
1616 5171 1954 5245 πράγματος.

1928 3533 2074 3579 cum,
2109 3518 2201 3586 qui
2246 3517 2359 3569 hazc
2399 3515 2557 3570 nobis
2597 3515 2781 3568 retulit
2810 3513 3012 3581 Copres
3043 3512 3342 3582 presbyter,
3368 3519 3498 3566 tunc

1924 3611 2161 3679 juvenis,
2193 3609 2247 3662 in
2279 3608 2528 3662 manibus
2549 3607 2936 3675 discipulorum
2961 3606 3079 3671 ejus
3105 3605 3408 3675 conspexit,
3441 3613 3496 3657 et

1926 3703 2274 3756 deosculatus
2321 3707 2426 3762 est,
2471 3698 2804 3768 odoremque
2844 3698 3109 3766 suspexit.
3142 3695 3244 3750 Per
3293 3698 3493 3751 mullus

1925 3794 2070 3847 enim
2115 3806 2308 3855 annos,
2356 3790 2555 3860 inquit,
2606 3788 2974 3858 perseveravit
3024 3788 3166 3841 inter
3194 3787 3490 3855 discipulos

1924 3885 2065 3953 ejus,
2096 3899 2217 3953 qua:
2240 3890 2550 3938 servaretur
2580 3880 2646 3934 ad
2673 3887 2981 3946 ostentum;
3014 3885 3236 3947 eratque
3262 3879 3494 3932 crassis-

1923 3976 2059 4029 sima
2091 3992 2105 4027 :
2133 3983 2188 4029 et
2218 3975 2308 4028 ubi
2339 3973 2605 4027 duntaxat
2629 3972 2888 4025 odoratus
2918 3969 3092 4026 fuerat
3113 3984 3230 4023 eam
3257 3977 3490 4038 aegroto-

1926 4081 2044 4120 rum
2070 4066 2217 4136 quis,
2258 4066 2450 4119 morbo
2473 4065 2654 4117 statim
2691 4060 3042 4116 liberabatur.
3076 4056 3335 4112 Referunt
3360 4072 3492 4126 prm-

1924 4166 2006 4212 ter
2044 4157 2177 4217 haec,
2221 4155 2376 4208 initio
2413 4153 2744 4208 secessionis
2787 4149 2958 4218 ipsius
3005 4149 3058 4201 in
3113 4145 3486 4211 solitudinem,

1924 4255 2210 4319 postquam
2256 4261 2351 4315 per
2388 4244 2627 4314 quinque
2664 4238 3033 4296 hebdomadas
3077 4252 3183 4291 non
3229 4236 3485 4300 comedit,

1923 4337 2229 4393 occurrisse
2269 4335 2316 4390 ei
2367 4334 2642 4388 hominem
2692 4331 2745 4385 in
2794 4331 3034 4392 deserto,
3080 4326 3174 4397 qui
3209 4341 3402 4397 panem
3436 4336 3490 4380 et

1926 4444 2119 4498 aquam
2170 4427 2448 4489 aﬂerebat,
2497 4427 2882 4496 persuasitque
2923 4439 3160 4485 sumere,
3209 4429 3372 4489 atque
3415 4419 3488 4471 ita

1925 4520 2058 4574 abiit
2089 4538 2101 4572 :
2139 4518 2245 4572 alio
2273 4528 2516 4586 tempore
2551 4531 2580 4568 a
2623 4517 2868 4570 daemone
2914 4523 3167 4570 ostensos
3207 4511 3308 4580 ipsi
3349 4508 3490 4562 Plia~

1923 4611 2108 4666 raonis
2138 4610 2444 4672 thesauros,
2481 4624 2617 4678 puro
2649 4622 2782 4662 auro
2809 4605 3197 4669 redundantes,
3227 4605 3292 4656 ad
3326 4619 3487 4672 quem

1921 4703 2058 4757 dixit
2094 4705 2176 4756 vir
2205 4719 2215 4752 :
2244 4701 2474 4754 Pecunia
2529 4710 2619 4753 tua
2669 4710 2837 4753 tecum
2870 4699 2939 4751 sit
2978 4699 3030 4750 in
3062 4695 3399 4763 perditionem
3417 4695 3482 4746 τ’.

1921 4794 2066 4854 llaec,
2104 4795 2299 4862 inquit,
2328 4802 2382 4846 et
2411 4794 2513 4845 alia
2547 4791 2701 4860 plura
2735 4802 3036 4858 magnaque
3073 4785 3330 4854 praeclare
3361 4799 3485 4852 per-

1919 4887 2151 4956 petravit
2182 4885 2342 4938 Pater
2369 4893 2556 4938 noster
2589 4879 2978 4939 Patermutius,
3012 4877 3216 4930 faciens
3250 4877 3403 4947 signa
3431 4882 3490 4930 et

1481 5035 1611 5105 μήη
1651 5035 1694 5105 '7
1731 5034 1817 5093 Al.
1849 5037 2006 5092 ἀλλά.
2086 5039 2130 5071 ⁸³
2159 5037 2242 5089 Al.
2274 5036 2626 5105 κεχάρισται.
2680 5033 2733 5105 ’δέ
2873 5032 2931 5084 ὲν
2959 5033 3046 5102 τῇ.
3098 5031 3170 5105 _°°
3192 5031 3273 5084 Al.
3299 5032 3485 5105 αὑτόν.

2584 5104 2629 5134 ⁸⁸
2663 5101 2746 5154 Al.
2773 5101 2930 5168 λόγον
2958 5100 3022 5154 et
3049 5100 3234 5154 τύπον.
3312 5105 3356 5134 ⁸⁸
3394 5103 3483 5157 ΑΙ.

2058 5178 2100 5209 ⁸³
2139 5177 2225 5229 ΑΙ.
2268 5172 2524 5239 ἐξαίσιον.
2619 5174 2664 5204 ⁷⁸
2703 5173 2788 5224 Al.
2840 5173 3189 5240 κακουμένων
3231 5181 3284 5225 et
3321 5172 3486 5224 ἀσθε-

1897 5361 2031 5412 ἠοη
2065 5367 2168 5420 est,
2202 5357 2441 5426 legitque
2476 5371 2658 5410 veram
2714 5353 3302 5426 Chrysostumiinitio
3330 5353 3487 5409 Com-

1925 5429 2171 5481 mentarii
2192 5428 2244 5479 in
2262 5423 2562 5486 ‘Joaunem,
2595 5426 2729 5497 πρὸς
2873 5423 3166 5493 ἀγγελικὴν
3214 5424 3489 5497 μεθαρμο-

234 5496 435 5567 6όκιτας
467 5495 567 5546 οὑκ
599 5493 679 5567 Evt
699 5489 1236 5567 sotnbvdvllpdniov;
1263 5489 1420 5567 εἶναι,
1448 5492 1570 5567 οὔτε
1601 5496 1693 5567 ἐπὶ
1725 5497 1826 5567 τῆς

1931 5499 2191 5567 σαμένους
2221 5497 2390 5566 λῆξιν.
2421 5499 2550 5564 ρηω
2578 5489 2716 5550 bona
2760 5489 2850 5562 qui
2873 5489 3486 5562 acceperunt,'non'j'am

233 5565 343 5645 γῇς
367 5564 573 5645 μένειν,
601 5561 993 5645 αλλ’άνωτέριιξ
1016 5561 1234 5645 πάντων
1257 5563 1480 5645 ἑστάναι
1502 5564 1607 5645 τιῦν
1645 5561 1825 5645 ἕδη-εί..

234 5631 383 5700 κῶν,
419 5633 682 5704 καὶπρὸς
727 5632 825 5702 τὴν
878 5631 1130 5718 ἁτελικην
1187 5631 1614 5711 μεθορμίσασθαι
1645 5631 1820 5704 λῆξιν,

234 5706 336 5752 καὶ
367 5702 621 5752 καθάπερ
646 5701 736 5752 τὸν
767 5700 1014 5752 οὑοανὸν.
1050 5718 1191 5752 ουτω
1214 5701 1313 5752 τὴν
1347 5717 1450 5752 γην
1477 5705 1666 5752 οἰκεῖν-
1703 5708 1820 5752 (lim

234 5706 336 5756 καὶ
367 5701 621 5774 καθάπερ
646 5701 736 5754 τὸν
767 5701 1014 5773 οὐρανὸν.
1050 5701 1191 5754 οὑτω
1214 5701 1313 5771 τὴν
1347 5701 1450 5770 γῆν
1477 5705 1666 5758 οἰκεῖν.
1703 5701 1821 5772 Quo

233 5775 366 5828 ιο‹ο
397 5789 504 5830 vox
556 5770 1165 5842 ἀτελικήν,ι1ηιοι·ρι·ειὶ
1213 5773 1578 5840 sempiternam
1606 5813 1620 5840 ,
1661 5777 1818 5831 nauci

1921 5568 2148 5634 amplius
2183 5567 2416 5620 lumtines
2446 5576 2588 5628 siml,
2621 5581 2713 5618 nec
2765 5567 2816 5615 in
2873 5573 3014 5617 terra
3049 5574 3487 5634 commorantur;

1920 5633 2020 5714 sed;
2041 5651 2195 5701 super
2221 5653 2398 5692 euntes
2438 5637 2594 5704 hujus
2631 5634 2815 5688 sa’cult'
2845 5650 2924 5688 res
2950 5635 3197 5696 eminent,
3222 5643 3271 5686 et
3291 5633 3489 5714 att-an-
3514 5692 3537 5714 ο

1917 5706 2138 5774 gelicum
2182 5715 2456 5759 transeunt
2501 5702 2719 5770 statum,
2765 5713 2918 5775 atque
2955 5713 3147 5758 terram
3191 5719 3294 5758 non
3327 5702 3486 5761 afiter

1918 5792 1979 5828 ac
2017 5775 2200 5827 ccelum
2225 5775 2478 5829 incolunt.
3495 5777 3498 5781 '
