4032 6338
425 331 549 393 λιῧῦ

1799 354 2285 416 Ρηιιηοετοιιοιι

3590 365 3695 424 104

431 471 554 541 ejus
595 475 912 524 excrcvcrat
956 477 1150 526 instar
1191 469 1348 524 vasis
1395 469 1652 537 testacei;
1701 469 2000 542 cujusmodi

2114 475 2316 545 ἀγγους
2372 476 2694 549 όστρακίνου
2741 478 3082 550 ἐκμιμῆσθαι
3138 478 3357 549 σχῆμα,
3406 478 3551 551 ἅπερ
3598 478 3692 532 οὖν

432 576 558 618 vasa
599 561 948 617 Alexandrini
995 562 1166 632 patrio
1209 577 1460 618 sermone
1488 561 1752 620 Baucalas
1784 575 1996 621 vocant.

437 653 588 712 iinnc
632 647 797 725 igitur
828 652 1226 721 Alexandrum,
1270 671 1394 710 eum
1426 659 1723 713 secundum
1764 660 1832 714 ab
1871 660 2002 716 Ario

431 747 607 805 iocum
655 747 794 801 inter
836 746 1180 818 presbyteros
1225 747 1527 816 obtineret,
1572 746 1649 804 ait
1703 750 2001 808 simultatis

427 849 569 894 inter
593 839 953 896 Alexandrum
975 841 1290 910 episcopum
1309 853 1364 897 et
1386 836 1575 897 Arium
1605 859 1828 900 causam
1847 861 1998 916 pra-

430 932 642 997 ouisse,
688 937 742 984 et
793 931 1272 990 consubstantiaiis
1329 933 1768 1004 praedicationem
1818 937 1887 993 ab
1934 953 2001 994 eo

427 1035 666 1092 .empore
687 1021 1042 1091 excogitatam
1068 1023 1258 1079 fuisse.

497 1115 547 1169 5.
586 1111 930 1168 Constantius
975 1113 1221 1171 Chlorus.
1274 1147 1339 1159 --
1382 1117 1773 1185 Constantius,
1823 1118 2000 1190 Magni

422 1205 768 1262 Constantini
795 1215 967 1276 pater,
1000 1208 1069 1262 ob
1095 1207 1350 1264 eximiam
1405 1208 1806 1279 fortitudinem,
1839 1220 1899 1266 ut
1927 1213 2004 1266 ait

423 1298 850 1368 Philostorgius,
893 1299 1195 1369 superioris
1241 1300 1466 1358 Galatia
1502 1302 1558 1358 in
1599 1319 1706 1374 qua
1743 1313 1870 1359 sunt
1906 1305 2002 1358 Al-

422 1405 548 1460 pes,
602 1389 897 1459 imperator
933 1390 1277 1446 renuntiatus
1320 1399 1424 1446 est.
1474 1389 1600 1446 Hac
1653 1400 1832 1446 autem
1883 1392 2001 1448 loca

423 1496 646 1537 accessu
695 1479 932 1536 diﬂicilia
977 1493 1107 1536 sunt
1149 1491 1203 1536 et
1245 1481 1526 1552 impervia.
1555 1481 1726 1538 Porro
1755 1482 1870 1539 bac
1911 1499 2003 1539 su-

425 1571 606 1641 perior
659 1571 866 1626 Galatia
931 1587 1077 1627 nunc
1124 1587 1156 1627 a
1223 1570 1485 1628 Romanis
1529 1571 1704 1628 Gallia
1752 1583 1998 1630 vocatur.

414 1663 569 1721 Mors
615 1674 798 1720 autem
849 1663 1152 1720 Constantii
1186 1663 1413 1736 contigit
1469 1665 1522 1720 in
1567 1664 1836 1732 Britania,
1881 1682 2002 1736 qua

424 1759 668 1816 Albionis
709 1757 884 1815 insula
927 1757 1058 1811 olim
1105 1755 1406 1812 dicebatur.
1449 1755 1562 1812 Illic
1603 1755 2001 1815 Constantinus

2112 565 2395 630 Βαυκάλας
2439 569 2748 640 ἐπιχωρίως
2794 570 3161 641 ’Δλεξανδρεὴ
3205 568 3462 624 εἰώθασιν
3497 571 3696 642 (vepri-

2101 651 2242 720 ζειν.
2275 652 2475 712 Τοῦτόν
2509 677 2642 730 φησι
2682 659 2782 732 τὴν
2830 661 3089 733 δευτέραν
3131 660 3285 728 τάξιν
3317 665 3436 732 μετ’
3476 664 3691 737 Ἀρειον

2110 747 2323 819 ἔχοντα,
2373 750 2534 821 ἄρξαι
2561 751 2661 822 τῆς
2687 750 2891 816 αἰτίας,
2923 751 2982 818 ἐξ
3006 747 3075 824 ἧς
3105 749 3140 824 ἦ
3167 752 3404 824 διαφορά
3441 753 3692 822 Ἀλεξάν-

2104 833 2222 913 δρῳ
2260 838 2339 910 τῷ
2383 841 2665 912 ἐπισκόπῳ
2701 843 2796 895 καὶ
2833 841 3028 912 Ἀρείῳ
3074 841 3407 918 συνε-ρρἀη,
3453 842 3546 896 καὶ
3595 842 3692 897 τὴν

2109 930 2203 984 τοῦ
2233 932 2515 1003 όμοουσίου
2539 932 2873 1004 ἀνακὴρυξιν
2903 931 3115 988 ἐκεῖθεν
3139 931 3616 1004 ἐπιτεχνασθῆναι.

2181 1118 2240 1164 ε’.
2285 1111 2429 1178 Ὅτι,
2461 1110 2614 1182 φησὶ,
2646 1110 3026 1176 Κωνστάντιος
3070 1112 3099 1165 ὁ
3149 1109 3235 1165 τοῦ
3273 1112 3509 1182 μεγάλου
3539 1109 3690 1169 Κων-

2110 1203 2388 1256 σταντίνου
2443 1203 2626 1275 πατὴρ
2675 1205 2794 1257 κατ’
2825 1201 3194 1274 ἀνδραγαθίαν
3231 1202 3340 1257 τῶν
3377 1205 3490 1259 ἄνω
3516 1203 3690 1260 Γαλα-

2107 1293 2258 1357 τιῶν,
2295 1293 2352 1346 ἐν
2399 1287 2488 1358 αῖς
2531 1295 2624 1347 καὶ
2662 1295 2720 1348 αί
2768 1293 3100 1365 καλούμεναι
3133 1291 3379 1357 Ἄλπεις,
3436 1293 3685 1365 βασιλεὺς

2109 1385 2424 1458 ἀπεδείχθη.
2455 1387 2774 1458 Δυσέμδολα
2810 1388 2867 1441 δὲ
2911 1386 2981 1440 τά
3026 1387 3203 1459 χωρία
3238 1385 3414 1442 ταῦτα
3441 1388 3534 1443 καὶ
3563 1387 3690 1444 δυσ-

2109 1476 2380 1548 πρόσοδα⁶
2415 1478 2514 1542 τὰς
2547 1478 2605 1532 δέ
2646 1478 2914 1541 Γαλατίας
2941 1479 2990 1532 οἱ
3018 1478 3114 1532 νῦν
3155 1476 3386 1540 Γαλλίας
3421 1480 3688 1550 ἐπονομά-

2109 1565 2312 1632 ζουσιν.
2331 1569 2397 1622 Ἠ
2444 1567 2500 1621 δὲ
2547 1568 2775 1638 τελευτὴ
2807 1569 3189 1626 Κωνσταντίου
3223 1568 3366 1622 κατὰ
3393 1569 3691 1640 Βρεττανίαν

2109 1659 2322 1729 γέγονε,
2371 1661 2471 1733 τὴν
2512 1661 2826 1725 Ἀλουῖωνος
2874 1661 3345 1733 καλουμένην.Ἐν
3457 1662 3552 1716 καὶ
3595 1676 3687 1716 νο-

2111 1751 2307 1807 σοῦντα
2337 1752 2660 1806 καταλαϐὼν
2693 1752 2856 1806 αὐτὸν
2895 1753 3308 1816 Κωνσταντῖνος
3337 1755 3366 1806 ὁ
3397 1755 3548 1818 παῖς,
3587 1770 3689 1822 φυ-

409 1859 546 1921 ,post
577 1850 776 1904 vitatas
817 1846 1046 1904 feliciter
1088 1845 1409 1902 Diocletiani
1451 1847 1709 1915 insidias,
1751 1863 1876 1904 cum
1910 1864 2000 1920 pa-

2108 1843 2216 1913 γὼν
2251 1843 2572 1914 παραδόξως
2609 1841 2708 1915 τὴν
2747 1841 3042 1916 ἐπιϐουλὴν
3069 1843 3473 1916 Διοκλητιανοῦ,
3503 1844 3689 1900 τελευο

423 1957 560 2000 trem
595 1949 943 2014 aegrotantem
992 1941 1318 2011 reperisset,
1353 1955 1482 1996 eum
1513 1940 1667 1996 brevi
1708 1950 1832 2011 post
1861 1956 2008 1998 mor-

427 2049 580 2092 tuum
629 2033 922 2105 sepultura
980 2032 1298 2098 mandavit,
1339 2047 1403 2088 ac
1446 2046 1574 2088 mox
1622 2032 1840 2105 imperii
1881 2047 2008 2091 suc-

425 2143 610 2185 cessor
644 2126 819 2182 factus
847 2135 949 2181 est.

491 2217 547 2274 6.
575 2218 922 2275 Constantino
949 2215 1142 2286 Magno
1171 2231 1304 2270 crux
1321 2224 1546 2272 ostensa.
1563 2215 1885 2273 —Causam
1908 2232 2008 2274 cur

422 2311 822 2368 Constantinus
855 2308 1083 2382 Magnus
1131 2324 1163 2364 a
1192 2308 1477 2380 gentilium
1508 2309 1899 2380 superstitione
1936 2310 2006 2368 ad

411 2403 788 2460 Christianam
849 2401 1169 2470 religionem
1225 2398 1542 2468 transierit,
1607 2396 2007 2474 Philostorgius

425 2495 647 2565 perinde
687 2510 752 2550 ac
792 2493 984 2565 reliqui
1047 2507 1239 2549 omnes
1303 2493 1380 2548 ait
1415 2491 1586 2550 fuisse
1622 2493 1906 2549 victoriam
1940 2495 2008 2550 de

424 2587 714 2644 Maxentio.
732 2585 790 2641 In
807 2601 915 2657 qua
942 2584 1122 2641 crucis
1142 2585 1360 2656 signum
1385 2584 1564 2642 visum
1588 2593 1674 2641 est
1695 2587 1748 2640 in
1763 2583 2004 2652 Oriente,

402 2677 741 2750 “longissime
807 2682 1166 2749 protensum.
1227 2675 1349 2730 luce
1404 2675 1644 2746 quadam
1697 2675 2006 2732 admirabili

420 2784 538 2826 eam
561 2768 918 2840 depingente,
950 2775 1005 2823 et
1047 2765 1219 2823 stellis
1271 2765 1514 2837 undique
1551 2766 1696 2823 circa
1733 2782 1855 2823 eam
1887 2781 2009 2823 cur-

422 2861 669 2921 rentibus
698 2861 870 2916 instar
916 2859 1160 2916 calestis
1208 2873 1407 2923 arcus,
1454 2866 1508 2914 et
1548 2857 1854 2914 litterarum
1893 2857 2007 2914 for-

424 2969 569 3011 mam
600 2953 1057 3024 exprimentibus.
1090 2949 1264 3008 Porro
1295 2951 1491 3006 littera
1530 2949 1727 3006 Latino
1749 2965 2007 3007 sermone

405 3045 536 3101 'iiarc
567 3045 729 3100 verba
752 3043 1150 3113 designabant:
1182 3041 1247 3097 In
1271 3041 1368 3094 hoc
1399 3041 1562 3095 vince.

493 3137 544 3190 7,
571 3136 772 3190 Contra
795 3132 984 3188 Arium
1015 3141 1183 3204 gesta.
1213 3161 1284 3176 -ο
1316 3131 1406 3186 Ait
1440 3129 1858 3201 i’liilostorgius,
1879 3140 2007 3188 ante

2108 1933 2286 1988 τῶντα
2335 1933 2617 2005 ἐκήδευσε,
2652 1934 2749 1988 καὶ
2793 1934 2894 2005 τῆς
2945 1934 3223 2008 βασιλείας
3253 1936 3490 2008 κατέστη
3517 1936 3691 1993 διάδο-

2108 2041 2224 2094 χος.

2181 2213 2256 2272 ς’.
2299 2205 2423 2260 Ὀτι
2470 2207 2571 2278 τὴν
2619 2205 2714 2260 τοῦ
2747 2205 2986 2278 μεγάλου
3016 2207 3432 2264 Κωνσταντίνου
3460 2207 3690 2280 μετασοο

2108 2296 2204 2369 λὴν
2227 2298 2294 2351 ἐκ
2319 2297 2422 2368 τῆς
2465 2297 2767 2370 Ἑλληνίδος
2801 2298 3097 2372 θρησκείας
3129 2302 3211 2366 είς
3251 2301 3343 2359 τὸν
3374 2303 3690 2376 Χριστιανιο

2110 2387 2246 2458 σμδν
2296 2389 2392 2442 καὶ
2433 2381 2590 2452 οὗτος
2628 2390 2741 2453 τοῖς
2769 2389 2951 2455 ἄλλοις
2979 2390 3055 2463 (5)
3084 2391 3476 2464 φθεγγόμενος,
3509 2396 3691 2450 αἰτίαν

2107 2477 2362 2547 γενέσθαι
2387 2476 2694 2549 ἀναγράφει
2721 2477 2818 2550 τὴν
2847 2479 2988 2534 κατά
3014 2479 3319 2546 Μαξεντίου
3353 2483 3531 2554 νίκην.
3551 2484 3690 2539 Καθ’

2107 2570 2177 2642 ἢν
2221 2571 2318 2626 καὶ
2359 2571 2422 2625 τὸ
2450 2569 2545 2624 τοῦ
2577 2570 2812 2642 σταυροῦ
2861 2575 3086 2643 σημεῖον
3123 2573 3267 2628 κατὰ
3298 2575 3563 2636 ἀνατολὰς
3597 2579 3690 2632 ἐπὶ

2112 2663 2376 2734 μήκιστον
2419 2662 2578 2734 ὤφθη
2619 2663 2826 2734 διῆκον,
2858 2663 3052 2736 αἴγλης
3082 2665 3243 2720 αὑτὸν
3283 2668 3693 2740 καταπληττού-

2110 2772 2211 2828 σης
2251 2755 2689 2828 διατυπουμένης
2725 2756 2824 2828 (6),
2874 2756 2969 2811 καὶ
3013 2757 3257 2830 ἀστέρων
3300 2761 3465 2816 αὐτὸν
3505 2761 3692 2833 κύκλῳ

2109 2847 2505 2920 περιθεόντων,
2555 2847 2720 2922 ἴριδος
2765 2848 2973 2921 τρόπῳ,
3025 2850 3119 2902 καὶ
3166 2851 3304 2920 πρὸς
3347 2858 3692 2924 γραμμάτων

2107 2938 2436 3010 χαρακτῆρα
2462 2938 2876 3012 ῥυθμιζομένων
2890 2956 2903 2969 ’
2925 2939 2994 2994 τὰ
3015 2940 3072 2994 δέ
3096 2938 3204 3012 ἄρα
3219 2941 3516 3014 ’Ῥωμαίων
3537 2944 3692 3014 ἔλεγε

2108 3031 2261 3100 φωνῇ
2286 3045 2301 3059 ο
2348 3030 2446 3083 Ἑν
2472 3029 2662 3096 τούτῳ
2697 3029 2860 3084 νίκα.

2180 3119 2248 3185 ζ’.
2288 3121 2415 3176 Ὅτι
2445 3122 2540 3176 καὶ
2568 3121 2674 3194 πρὸ
2696 3121 2798 3194 τῆς
2831 3122 2890 3175 ἐν
2911 3121 3117 3194 Νικαίᾳ
3149 3123 3390 3191 συνόδου,
3421 3116 3578 3190 οὗτος
3600 3124 3691 3180 τὸν

421 3235 688 3302 synodum
730 3225 1028 3288 Nicanam,
1081 3222 1450 3278 Alexandrum
1496 3221 1838 3278 Alexandria
1882 3222 2000 3293 epi-

2118 3213 2526 3284 ’Δλεξανδρείας
2567 3215 2732 3285 φησὶν
2779 3212 3127 3287 Ἀλέξανδρον
3171 3215 3548 3272 καταλαὸόντα
3586 3218 3693 3290 ἠν

424 3331 677 3387 scopum,
716 3332 842 3371 cum
891 3316 1130 3372 venisset
1168 3311 1574 3381 Nicomediam,
1610 3323 1665 3370 et
1695 3313 2003 3370 collocutus

407 3419 563 3466 esset
585 3425 710 3465 cum
754 3408 883 3465 Osio
918 3406 1296 3473 Cordubensi,
1339 3408 1574 3479 aliisque
1602 3407 1876 3478 episcopis
1908 3407 2004 3478 qui

421 3516 530 3556 una
556 3516 678 3555 cum
721 3500 815 3555 illo
844 3508 1032 3564 erant,
1064 3496 1358 3567 perfecisse
1401 3509 1460 3554 ut
1492 3498 1736 3571 synodali
1788 3508 2004 3554 senten-

424 3594 493 3644 tia
544 3589 742 3643 Filium
793 3587 942 3643 Patri
983 3585 1507 3642 consubstantialem
1535 3602 1656 3643 esse
1683 3587 2004 3658 proﬁtereno

408 3685 533 3750 ‘tur,
562 3691 616 3738 et
643 3682 830 3741 Arium
858 3697 888 3736 a
923 3681 1306 3737 communione
1332 3689 1696 3735 removerent.

490 3773 544 3830 8.
597 3773 708 3829 Nec
752 3773 923 3830 multo
970 3782 1094 3844 post
1137 3781 1520 3845 congregatam
1566 3787 1689 3828 esse
1735 3773 2004 3844 synodum

408 3864 564 3936 apud
591 3863 862 3932 Nicaam;
900 3865 989 3921 cui
1025 3875 1222 3936 praeter
1253 3866 1494 3936 reliquos
1519 3865 1797 3922 antistites
1835 3865 2006 3921 Basi-

419 3959 539 4015 leus
589 3956 825 4012 Amasia
853 3957 1177 4028 episcopus,
1213 3966 1266 4013 et
1295 3955 1543 4014 Meletius
1582 3954 2004 4028 SebastOpoleos

422 4045 804 4104 interfuerunt.

488 4139 543 4194 9.
564 4137 792 4194 Fatetur
821 4140 986 4194 etiam
1003 4137 1410 4212 Plillostorgius
1426 4182 1442 4208 ,
1460 4149 1690 4196 cunctos
1711 4141 2000 4212 episcopos

419 4232 748 4303 expositioni
792 4231 912 4287 ﬁdei
941 4247 1065 4302 qua
1091 4231 1289 4288 Nicaeae
1313 4231 1464 4288 facta
1495 4241 1608 4299 est,
1630 4232 1999 4297 consensisse,

2104 3305 2492 3379 Νικομήδειαν,
2523 3307 2619 3361 καὶ
2647 3307 2810 3378 Ὀσίῳ
2833 3324 2894 3361 τε
2922 3305 2999 3379 τῷ
3025 3307 3372 3381 Κουδρούόης
3399 3311 3695 3381 ἐντυχόντα

2103 3401 2201 3456 καὶ
2243 3403 2358 3464 τοῖς
2404 3400 2502 3454 σὺν
2551 3399 2702 3472 αύτῷ
2747 3400 3100 3465 ἐπισκόποις,
3143 3401 3448 3466 συνοδικατς
3487 3402 3693 3474 ψήφοις

2104 3493 2502 3565 ἀνομολογῆσαι
2523 3495 2946 3564 παρασκευάσαι
2978 3493 3261 3563 όμοούσιον
3284 3492 3365 3565 τῷ
3395 3493 3571 3565 Πατρὶ
3596 3493 3693 3547 τὸν

2105 3585 2255 3652 Υίὸν,
2291 3584 2500 3638 καὶτὸν
2538 3585 2757 3657 Ἀρειον
2789 3583 3263 3656 ἀποκηρύξασθαι.

2179 3770 2247 3836 η’.
2289 3763 2423 3817 Μετ’
2452 3763 2512 3816 οὐ
2545 3763 2713 3816 πολὺν
2736 3762 2792 3816 δὲ
2821 3762 3011 3835 χρόνον
3033 3763 3137 3816 ’καὶ
3163 3761 3263 3834 τὴν
3282 3761 3345 3816 ἐν
3374 3762 3578 3834 Νικαίᾳ
3602 3780 3692 3816 συ-

2109 3857 2300 3928 στῆναι
2318 3856 2557 3923 σύνοδον,
2576 3850 2685 3931 ἐνῇ
2711 3856 2848 3928 μετὰ
2875 3856 2982 3910 τῶν
3010 3855 3186 3911 ἄλλων
3207 3856 3508 3930 ἀρχιερέων
3518 3855 3689 3919 θεοῦ,

2107 3952 2201 4006 καὶ
2230 3951 2468 4006 Βασιλέα
2496 3952 2588 4005 τὸν
2630 3951 2929 4024 ’Δμασείας
2962 3951 3260 4006 ἐπίσκοπον
3291 3951 3368 4020 (7t
3411 3953 3689 4023 παρεῖναι,

2107 4045 2203 4098 καὶ
2234 4043 2497 4099 Μελέτιον
2529 4045 2621 4100 τὸν
2653 4043 3142 4109 Σεὸαστουπόλεως
3173 4045 3272 4116 (8).

2179 4137 2243 4192 θ’.
2291 4137 2411 4190 Ὀτι
2449 4139 2546 4191 καὶ
2573 4137 2736 4202 αὐτὸς
2768 4138 3120 4209 συνσμολογεῖ
3151 4139 3358 4204 πάντας
3381 4137 3690 4210 ὁμοφρονῆ-

2111 4247 2200 4283 σαι
2239 4227 2316 4300 τῷ
2341 4229 2396 4282 ἐν
2431 4229 2630 4302 Νικαίᾳ
2662 4231 2757 4302 τῆς
2792 4232 3027 4294 πίστεως
3059 4231 3189 4301 ὅρῳ,
3219 4231 3357 4303 πλὴν
3391 4230 3689 4286 Σεκούνδου

1645 4402 1888 4447 νΑιεεΙι
1929 4399 2428 4447 ANNOTATION‘ES.

423 4556 534 4592 νον.
570 4535 725 4592 Certe
751 4535 804 4591 in
832 4535 1018 4591 codice
1041 4533 1381 4608 Seoriacensi
1397 4537 1671 4608 scriptum
1693 4547 1779 4608 est
1807 4537 1994 4593 αὐτοῦ.

2108 4537 2451 4595 scribendum
2481 4537 2962 4608 καταπληκτικῶς.

419 4611 481 4662 .ln
511 4608 883 4677 manuscripto
907 4615 1086 4661 autem
1115 4606 1410 4677 exemplari
1435 4606 1706 4677 samuelis
1738 4607 1991 4663 Boclrarti

421 4678 679 4735 scribitur
711 4676 880 4749 αὐτῇς
909 4676 1304 4749 ἐσωρευμένον,
1329 4676 1618 4749 manifesto
1641 4692 1780 4749 vera
1807 4678 1990 4749 lectio-

420 4752 508 4805 nis
535 4749 780 4819 vestigio.
804 4746 974 4819 Porro
1001 4746 1089 4819 bis
1109 4747 1291 4819 verbis
1325 4746 1532 4819 indicat
1565 4747 1991 4819 Philostorgius,

422 4823 567 4874 hunc
599 4816 969 4874 Alexandrum
1000 4816 1528 4888 habuisseiindorso
1555 4816 1995 4888 quamdamcar-

421 4891 506 4945 nis
553 4889 986 4953 exuberantiam,
1039 4902 1202 4958 quam
1239 4887 1453 4942 Gallico
1505 4887 1759 4942 sermone
1809 4887 1994 4956 lupam

423 4974 700 5024 vocamus,
732 4975 797 5014 ex
850 4957 1214 5028 quorumdam
1265 4958 1698 5026 perspicilloruin
1740 4957 1995 5013 similitu-

421 5031 565 5090 dine,
601 5045 723 5099 qua
764 5029 932 5098 figura
974 5043 1228 5099 convexa
1283 5029 1617 5084 fabricantur
1653 5043 1684 5084 e
1727 5029 1889 5092 vitro,
1923 5030 1993 5084 ad

420 5101 524 5153 noc
557 5097 635 5153 ut_
658 5097 853 5154 littera
878 5097 1114 5164 majores
1154 5104 1207 5152 et
1242 5099 1604 5154 evidentiores
1648 5099 1995 5168 conspician-

421 5180 528 5222 tur.
562 5169 741 5234 Quare
790 5169 844 5222 in
874 5168 980 5223 hoc
1021 5168 1142 5222 loco
1176 5168 1391 5222 mallem
1442 5170 1683 5224 scribere
1712 5169 1852 5238 ὑπὲρ
1883 5168 1993 5222 τῶν

421 5238 793 5310 μεῖαφρένων-

491 5306 584 5378 (5)
607 5306 732 5361 ’Καὶ
761 5307 937 5374 οὗτος
965 5307 1088 5374 τοῖς
1122 5306 1352 5378 dum.
1387 5306 1757 5377 Supplendum
1788 5307 1992 5378 estad-

416 5369 662 5447 verbiuni
720 5378 822 5432 hoc
858 5369 1021 5432 modo
1063 5369 1162 5430 καὶ
1210 5369 1361 5440 οὗτος
1409 5369 1610 5447 ὁμοίως
1645 5381 1758 5447 τοῖς
1811 5377 1992 5440 ἄλλοις

421 5445 824 5528 φθεγγόμενος,
854 5447 1124 5528 interpres
1164 5445 1622 5528 hocnlocolsuam
1656 5446 1858 5528 Graeca
1886 5447 1991 5501 lin-

421 5532 541 5582 gua
594 5533 665 5571 tm

415 5596 535 5640 tum
572 5587 624 5642 in

490 5656 566 5728 (6)
597 5656 1147 5724 Καταπληττούσης
1182 5657 1678 5727 διατυπουμένης.
1699 5657 1878 5727 inepta
1908 5668 1992 5715 est

415 5726 612 5781 horum
647 5729 875 5781 duorum
923 5728 1330 5796 participiorum
1380 5726 1713 5797 coniunctio.
1761 5726 1990 5784 Proinde

420 5806 510 5853 aut
545 5797 695 5867 prius
729 5798 856 5852 illud
887 5797 1232 5868 participium
1272 5799 1562 5856 delendum
1597 5808 1702 5865 est,
1725 5809 1817 5854 aut
1841 5809 1986 5856 certe

740 5516 920 5588 ritiam
971 5519 1107 5588 satis
1157 5517 1411 5588 prodidit,
1447 5525 1560 5573 tum
1611 5518 1666 5573 in
1721 5518 1987 5584 versione,

704 5587 1138 5642 nnotationibus.

2178 4608 2266 4680 (7)7
2287 4607 2555 4680 Βασιλέα
2592 4607 2701 4663 τὸν
2725 4607 3048 4680 Ἆμασειας
3098 4610 3457 4668 ἐπίσκοπον.
3509 4609 3688 4680 Hujus

2106 4677 2358 4750 meminit
2403 4677 2794 4750 Constantinus
2842 4679 3392 4750 Porphyrogennetns
3444 4681 3498 4735 in
3543 4677 3686 4735 libro

2101 4750 2280 4818 primo
2314 4749 2387 4802 De
2433 4749 2770 4810 thematibus,
2811 4751 2986 4818 capite
3031 4749 3290 4814 necnmlo,
3325 4751 3410 4804 his
3452 4752 3631 4806 verbis
3665 4771 3680 4806 :

2100 4819 2356 4891 Φαίδιμός
2387 4836 2444 4891 τε
2473 4819 2502 4870 ὁ
2544 4819 2860 4889 Ἀμασείας,
2889 4819 2982 4872 καὶ
3007 4819 3268 4891 Βασιλεὺς
3298 4823 3326 4874 ὁ
3363 4821 3622 4891 ἀοίδιμος,
3653 4821 3686 4872 δ

2102 4889 2195 4942 ἐπὶ
2226 4889 2500 4961 Λικινίνου
2535 4891 2911 4961 μαρτυρήσας,
2939 4899 3044 4944 etc.
3078 4889 3179 4946 Ubi
3206 4893 3472 4961 interpres
3508 4889 3682 4959 regem

2102 4959 2265 5014 vertit
2307 4959 2458 5029 gravi
2500 4933 3008 5018 cirro‘rezriiasil’eus
3047 4933 3192 5015 enim
3230 4933 3494 5015 dicendus
3538 4933 3683 5024 eiut,

2101 5029 2242 5083 sicut
2291 5031 2489 5084 dicitur
2535 5031 2589 5085 in
2637 5029 2905 5083 Chronico
2964 5029 3228 5085 Eusebii:
3285 5029 3684 5098 Pliilostorgius

2100 5099 2320 5169 quidem
2375 5099 2521 5169 nunc
2555 5099 2828 5155 Basileum
2880 5100 3194 5155 interfuisse
3237 5101 3428 5156 scribit
3471 5099 3682 5169 synodo

2097 5167 2349 5240 ljiicana.
2387 5167 2590 5240 Verum
2635 5170 2830 5239 reliqui
2873 5185 3063 5224 omnes
3111 5172 3263 5225 illum
3305 5167 3684 5240 persecutione

2099 5238 2638 5312 Liciniiexstinctum
2667 5238 2788 5296 esse
2801 5242 3170 5306 consentiunt,
3195 5238 3431 5312 quorum
3462 5247 3683 5294 senten-

2098 5308 2190 5362 tia
2224 5309 2398 5362 libens
2431 5306 2651 5364 accedo.

2171 5377 2248 5448 (8)
2282 5378 2389 5432 Kal
2427 5379 2717 5433 Μελέτιον
2745 5378 2854 5433 τὸν
2882 5382 3440 5446 Σεϐαστουπόλεως.
3472 5379 3546 5434 De
3575 5377 3686 5435 hoc

2098 5446 2315 5502 Me‘letio
2345 5448 2466 5518 vide
2492 5463 2622 5518 qua
2646 5451 2824 5504 notavi
2850 5452 2914 5505 ad
2943 5452 3143 5506 librum
3168 5467 3242 5506 vn
3290 5450 3683 5518 Ecclesiastiea:

2098 5518 2333 5591 gistoriw
2360 5517 2590 5591 Eusebii
2607 5517 2875 5591 Pamphili
2910 5536 3030 5589 cap.
3065 5523 3134 5576 32
3163 5541 3178 5577 :
3212 5522 3479 5591 interpres
3527 5517 3678 5574 enim

2099 5587 2467 5660 Pliilostorgii,
2485 5588 2625 5660 quis
2649 5597 2792 5660 esset
2819 5590 2907 5644 hic
2937 5587 3181 5647 Meletius
3209 5587 3495 5660 ignoravit,
3523 5601 3682 5660 eum-

2097 5673 2200 5734 que
2239 5674 2362 5734 cum
2399 5657 2612 5734 Meletio
2644 5657 2945 5734 Sebasteno
2976 5665 3066 5732 qui
3114 5657 3300 5734 postca
3337 5657 3676 5716 Antiochenv

2098 5729 2173 5784 sis
2204 5729 2490 5798 cpiscopus
2517 5728 2639 5799 fuit,
2667 5729 2935 5787 confudit.
