4028 6338
393 386 510 449 465

1435 382 1999 443 ECCLESIASTICAZ
2041 379 2391 438 HISTORle
2433 382 2560 440 LIB.
2601 384 2668 442 ll.

3555 391 3660 445 ius

373 502 477 557 τοῦ
526 499 912 570 Πτολεμαΐδος,
943 497 988 569 ᾧ
1037 501 1132 556 καὶ
1183 501 1334 557 Θέων
1375 503 1404 556 ό
1450 502 1550 573 τῆς
1588 502 1956 575 Μαρμαρικῆς

2065 507 2286 569 excepto
2333 496 2584 555 Secundo
2603 498 2953 557 Ptolemaidis
2969 501 3412 573 episcopo,quem
3435 513 3660 560 secutus
3726 528 3734 537 -

375 589 767 661 ἠκολούθησεν.
791 590 866 642 Τὸ
889 589 947 644 δὲ
982 589 1111 646 ἄλλο
1147 592 1335 660 στῖφος
1371 588 1482 644 τῶν
1521 589 1811 662 ’Δρειανῶν
1861 589 1964 660 ἐφ⁶

376 683 554 754 όρων,
591 679 853 746 Εὑσέδιός
890 697 983 748 τε,
1023 682 1196 754 φημὶ,
1229 683 1260 736 δ
1289 681 1692 754 Νικομηδείας,
1720 681 1781 737 ὃν
1808 673 1964 745 οὗτος

371 771 671 838 ἀποθεάζει
704 772 903 844 μέγαν,
933 773 1030 828 καὶ⁸
1063 773 1287 842 Θέογνις
1309 775 1339 827 ό
1368 773 1627 839 Νικαίας,
1663 773 1757 828 καὶ
1781 773 1960 845 Μάρις

371 867 405 921 ὁ
435 863 802 937 Καλχηδόνος,
832 865 929 920 καὶ
959 866 994 936 ἡ
1024 865 1161 936 mn
1187 865 1424 936 φάλαγξ,
1450 866 1587 937 πρὸς
1610 865 1709 936 τὴν
1743 865 1963 919 σύνοδον

374 954 712 1027 μετετάξατο
729 973 742 986 ·
771 955 908 1027 δόλῳ
939 957 1056 1027 μὲν,
1081 956 1175 1010 καὶ
1201 950 1356 1021 οὗτός
1379 973 1534 1028 φησι,
1566 955 1662 1010 καὶ
1681 955 1743 1010 τὺ
1762 954 1960 1027 όμοού-

374 1062 495 1101 σιον
529 1046 607 1120 (α)
653 1048 712 1102 ὲν
739 1049 807 1119 τῇ
842 1045 938 1101 τοῦ
983 1046 1272 1120 δμοουσίου
1315 1049 1467 1119 φωνῇ
1515 1047 1918 1116 ὕποκλέψαντες
1942 1063 1957 1077 ο

370 1139 519 1210 πλήν
543 1156 608 1207 γε
636 1141 967 1211 συμφρονεῖν
1003 1141 1118 1202 τοῖς
1143 1138 1438 1204 συνοδικοῖς
1451 1139 1798 1212 ψηφίσμασιν
1829 1139 1963 1194 ἀνα-

369 1230 697 1303 δεξάμενοι,
760 1231 1186 1295 Κωνσταντίνας
1239 1231 1343 1303 τῆς
1397 1230 1492 1286 τοῦ
1544 1232 1958 1288 Κωνσταντίνου

373 1321 645 1396 βασιλεως
667 1324 905 1396 ἀδελφῆς
936 1324 1381 1397 είσηγησαμένης
1407 1325 1591 1390 αὐτοτς
1615 1324 1716 1399 τὴν
1735 1325 1814 1390 εἰς
1837 1324 1959 1381 τοῦ·

371 1430 436 1470 το
462 1414 806 1487 παραίνεσιν.

442 1599 496 1647 ι’.
536 1591 701 1662 Λέγει
741 1591 798 1646 δὲ
829 1591 924 1646 καὶ
953 1591 1246 1647 Σεκοῦνδον
1277 1593 1737 1666 ὑπεροριζόμενον
1782 1594 1958 1651 εἰπεῖν

370 1685 513 1757 πρὸς
546 1685 829 1740 Εὑσέὸιον·
865 1685 1113 1751 Εὐσέϐιε,
1159 1685 1503 1758 ὑπέγραψας,
1549 1687 1636 1742 ἵνα
1671 1687 1745 1759 μὴ
1782 1687 1958 1761 ἐξορι-

370 1773 529 1844 οθῇς.
565 1771 817 1827 Πιστεύω
844 1773 922 1845 τῷ
947 1773 1087 1846 Θεῷ,
1117 1774 1185 1829 δι’
1214 1776 1462 1830 ἐνιαυτοῦ
1507 1793 1567 1830 σε
1615 1777 1696 1830 δεῖ
1724 1777 1954 1850 ἀχθήσε-

2064 600 2150 647 est
2185 589 2372 646 Theon
2399 590 2684 662 episcopus
2706 589 3061 648 Marmaricae.
3095 591 3323 664 Reliqua
3353 602 3538 649 autem
3566 611 3662 649 ca-

2061 690 2211 737 terva
2236 681 2566 737 Arianorum
2581 681 2908 748 antistitum,
2926 680 3212 749 Eusebius,
3229 684 3478 754 inquam,
3496 680 3662 738 Nico-
3750 720 3753 723 ι

2064 773 2360 831 mediensis
2381 813 2395 838 ,
2452 790 2616 845 quem
2657 773 3058 846 Philostorgius
3092 773 3341 846 Magnum
3375 775 3662 847 cognomi-

2064 873 2187 929 nat,
2231 863 2506 935 Theognis
2552 863 2838 928 Nicaenus,
2883 874 2938 920 et
2979 863 3144 920 Maris
3187 863 3654 920 Chalcedonensis

2061 957 2385 1029 episcopus,
2425 965 2479 1012 et
2500 957 2680 1012 caeteri
2704 971 2916 1020 omnes,
2951 955 3279 1012 sententiam
3307 957 3499 1027 synodi
3541 972 3660 1012 am-

2061 1048 2206 1120 plexi
2245 1029 2418 1105 sunt':
2457 1047 2648 1103 dolose
2685 1047 2903 1116 quidem
2943 1061 3008 1102 ac
3036 1044 3430 1111 fraudulenter,
3476 1055 3536 1101 ut
3572 1056 3654 1103 te-

2061 1148 2242 1195 statur
2269 1138 2435 1195 etiam
2467 1137 2835 1208 Pilostorgius
2855 1177 2871 1204 ,
2903 1151 3029 1193 cum
3068 1135 3173 1191 sub
3198 1150 3333 1191 voce
3374 1136 3650 1193 homousii

2059 1230 2124 1284 τὸ
2150 1229 2460 1301 ὁμοιούσιον
2488 1227 2683 1284 callide
2713 1228 3070 1284 occultarent.
3106 1225 3211 1282 Sed
3241 1234 3420 1282 tamen
3453 1227 3653 1299 synodi

2059 1319 2299 1377 decretis
2329 1319 2646 1376 consentire
2673 1333 2783 1375 non
2831 1326 3191 1386 recusarunt,
3222 1334 3347 1375 cum
3375 1317 3650 1376 Constan-

2060 1411 2172 1468 tina
2208 1427 2366 1468 soror
2416 1411 2766 1484 imperatoris
2818 1409 3168 1468 Constantini
3212 1411 3319 1468 hoc
3363 1411 3656 1468 consilium

2057 1500 2140 1556 eis
2159 1500 2545 1573 suggessisset.

2122 1591 2386 1648 10.Addit
2400 1591 3167 1663 Philostorgius,Secundum,
3185 1607 3310 1648 cum
3329 1592 3384 1648 in
3401 1593 3657 1649 exsilium

2055 1684 2512 1756 proficisceretur,
2526 1682 2760 1741 Eusebio
2773 1684 2976 1740 dixisse
2995 1703 3007 1739 :
3028 1681 3248 1751 Eusebi,
3263 1683 3655 1755 subscripsisti.

2058 1791 2126 1831 ne
2152 1775 2205 1830 in
2225 1775 2481 1833 exsilium
2501 1775 2812 1831 mittereris.
2840 1773 2952 1847 Ego
2984 1790 3114 1830 vero
3136 1773 3244 1829 Deo
3265 1774 3317 1829 id
3341 1774 3474 1830 mihi
3499 1791 3655 1832 reve-

370 1863 498 1919 σθαι
547 1865 916 1936 ἀπαγόμενον.
953 1866 1066 1919 Καὶ
1107 1866 1388 1936 γεγονέναι
1440 1867 1521 1940 τῷ
1573 1869 1820 1940 Εὑσεδίῳ
1865 1869 1956 1925 τὸν

2065 1867 2189 1922 lanii
2215 1865 2462 1932 confido,
2485 1875 2539 1921 te
2570 1866 2712 1920 intra
2749 1881 2954 1922 annum
2985 1865 3040 1920 in
3060 1865 3313 1920 exsilium
3358 1865 3654 1920 abductum

369 1951 800 2028 ἐξοστρακισμὸν
847 1956 987 2028 μετά
1022 1957 1200 2031 μῆνας
1245 1959 1355 2014 ἀπὸ
1392 1960 1494 2032 τῆς
1533 1962 1754 2022 συνόδου
1784 1965 1956 2035 τρεῖς,

371 2043 516 2104 καθὰ
558 2047 653 2102 καὶ
694 2047 987 2114 Σεκοῦνδος
1030 2053 1282 2124 προεῖπε,
1322 2053 1461 2125 πρὸς
1503 2054 1604 2126 τὴν
1654 2045 1788 2111 ἰδίαν
1817 2055 1958 2110 κατά

370 2138 433 2193 τὸ
471 2139 750 2212 προφανὲς
777 2140 1035 2198 ἀσέϐειαν
1060 2142 1533 2218 ἀνα[σ]τρὲψαντι.

645 2343 743 2398 ΕΚ
773 2343 914 2398 ΤΗΣ
947 2344 1305 2400 ΔΕΥΤΕΡᾹΣ
1341 2346 1675 2403 ΙΣΤΟΡΙΑΣ.

443 2463 519 2514 α’.
533 2457 660 2512 ὀτι
679 2458 710 2512 ό
733 2456 1061 2530 φιλοψευδὴς
1081 2449 1238 2524 οὗτος
1260 2459 1690 2533 Κακοστόργιος,
1707 2461 1956 2535 μετατιίιν

368 2549 758 2621 οἰκουμενικὴν
789 2548 1028 2614 σύνοδον,
1059 2551 1155 2605 καὶ
1184 2551 1284 2624 τὴν
1309 2552 1374 2606 ὲκ
1402 2552 1672 2624 προδήλου
1689 2554 1798 2608 τῶν
1827 2557 1958 2628 περὶ

371 2639 467 2694 τὸν
498 2638 758 2694 Εὐσέϐιον
782 2639 921 2712 πρὸς
945 2639 1046 2712 τὴν
1076 2640 1362 2696 εὐσέϐειαν
1383 2641 1461 2714 (9)
1491 2643 1840 2715 παλινῳδίαν,
1865 2645 1957 2701 τὸν

376 2731 604 2803 βασιλέα
647 2733 784 2804 φησι
813 2733 1223 2788 Κωνσταντῖνον
1249 2733 1473 2798 τοιλτους
1505 2735 1607 2807 μὲν
1637 2735 1793 2809 δίκην
1837 2739 1958 2792 είσο

373 2823 724 2895 πράξασθαι,
769 2825 888 2880 ἀνθ’
929 2817 1006 2880 ὧν
1051 2825 1188 2881 ἄλλα
1228 2824 1553 2899 φρονοῦντες
1580 2827 1661 2900 τῷ
1684 2829 1958 2904 όμοουσίῳ

369 2916 830 2989 ὑπεσημήναντο·
869 2917 998 2984 τοὺς
1023 2917 1084 2972 δὲ
1115 2917 1247 2991 περὶ
1287 2919 1576 2976 Σεκοῦνδον
1618 2921 1958 2979 ἀνακαλέσα-

367 3007 498 3063 σθαι
518 3023 536 3040 θ
591 3009 687 3062 καὶ
731 3007 1039 3082 γράμματα
1074 3008 1354 3082 πανταχοῦ
1384 3010 1720 3084 διαπέμψαι,
1755 3014 1817 3070 τὸ
1857 3015 1958 3086 μιν

366 3101 658 3173 δμοούσιον
679 3101 1026 3175 διασύροντα,
1057 3103 1400 3176 κρατύνοντι
1423 3105 1482 3159 δὲ
1507 3104 1570 3159 τὺ
1598 3107 1953 3179 ἑτεροούσιον.

2064 1957 2305 2016 iri.Sane
2322 1959 2785 2016 Eusebiustribus
2803 1958 3085 2014 mensibus
3111 1957 3512 2029 postsynodum
3554 1973 3654 2013 ex-

2063 2050 2200 2106 actis
2233 2049 2505 2120 relegatus
2545 2058 2648 2115 est,
2671 2049 3131 2122 quemadmodum
3181 2049 3470 2106 Secundus
3517 2065 3654 2121 pra-

2063 2141 2305 2212 dixerat,
2337 2159 2463 2200 cum
2515 2143 2583 2198 ad
2627 2143 2918 2214 pristinam
2966 2141 3300 2213 impietatem
3337 2141 3514 2213 palam
3563 2157 3652 2197 ro-

2063 2251 2256 2293 γει-δυσ
2277 2246 2443 2294 εεεει.

2489 2346 2585 2404 EX
2624 2345 2834 2406 LIBBO
2881 2343 3223 2403 SECUNDO;

2138 2459 2188 2515 L
2224 2458 2606 2517 Constantinus
2630 2478 2726 2518 cur
2755 2461 2970 2516 Arionis
3001 2459 3340 2531 infensus.—
3368 2458 3460 2514 Ait
3489 2473 3650 2516 mena-

2061 2549 2394 2608 dacissimus
2436 2551 2857 2625 Philostorgius,
2911 2560 3037 2624 post
3062 2550 3430 2608 universalem
3487 2566 3652 2624 syno-

2061 2643 2192 2698 dum
2245 2652 2302 2701 et
2345 2655 2472 2716 post
2511 2643 2957 2704 ‘Eusebianorum
3007 2644 3344 2716 palinodiam
3381 2644 3652 2701 adversus

2061 2736 2380 2808 religionem
2400 2778 2417 2805 ,
2439 2737 2825 2809 imperatorem
2851 2737 3294 2794 Constantinum.
3306 2749 3403 2792 eos
3429 2736 3648 2806 quidem

2061 2840 2225 2897 pinna
2267 2825 2516 2884 aﬂ‘ecisse
2539 2867 2557 2897 ,
2613 2836 2904 2899 pr0pterea
2946 2825 3096 2898 quod
3142 2839 3272 2882 cum
3325 2823 3488 2880 aliter
3524 2837 3652 2881 seu-

2062 2918 2259 2984 tirent,
2299 2919 2592 2977 bomousio
2632 2919 2996 2976 nihilominus
3035 2917 3518 2988 subscripserant;
3553 2915 3652 2972 Ser

2062 3011 2304 3068 cundum
2317 3025 2452 3069 vero
2465 3027 2588 3069 cum
2609 3004 2779 3069 s'oc'tis
2795 3011 2865 3067 ab
2879 3009 3074 3069 exsilio
3093 3022 3383 3066 revocasse
3400 3025 3421 3075 ;
3440 3006 3650 3062 litteras

2061 3103 2229 3160 etiam
2255 3118 2705 3176 quaquaversum
2742 3102 3000 3166 misisse,
3035 3100 3240 3174 quibus
3277 3099 3654 3156 consubstan-

367 3188 467 3258 Οἷς
491 3194 788 3268 γράμμασι
802 3195 1001 3252 καὶτὸν
1025 3197 1374 3269 Ἀλέξανδρον
1399 3197 1805 3270 Ἀλεξανδρείας
1821 3201 1956 3255 ὐπο-

2065 3193 2208 3250 tialis
2245 3193 2466 3266 quidem
2522 3208 2714 3251 vocem
2759 3191 3122 3264 explodebat,
3155 3188 3441 3246 dissimilis
3467 3194 3648 3244 autem

367 3284 603 3356 γράψαι,
632 3285 728 3340 καὶ
750 3284 842 3340 διὰ
859 3283 1020 3340 τοῦτο
1047 3286 1322 3341 συνελθεῖν
1343 3286 1508 3342 αὐτὸν
1537 3287 1648 3359 (10)
1694 3288 1790 3343 καὶ
1830 3289 1957 3354 τοὺς

369 3375 504 3448 περί
536 3376 797 3448 Ἄρειον·
828 3375 923 3431 τοῦ
953 3376 1012 3430 δὲ
1044 3377 1111 3432 ix
1146 3377 1412 3450 βασιλέως
1438 3379 1822 3451 ὴρεμήσαντος
1862 3381 1959 3451 φό-

367 3468 492 3534 ϐου,
524 3468 618 3523 τδν
653 3469 754 3541 μὲν
799 3469 1149 3542 Ἀλέξανδρον
1190 3471 1286 3524 ἐπὶ
1331 3471 1434 3543 τὴν
1482 3473 1690 3529 οἰκείαν
1723 3474 1960 3546 ἀναδρα-

369 3561 498 3632 μεῖν
525 3559 772 3633 γνώμην.
805 3560 910 3616 Τὸν
930 3563 990 3617 δὲ
1015 3563 1235 3636 ’Δρειον
1263 3563 1426 3620 πάλιν
1455 3565 1622 3621 αὑτοῦ
1643 3584 1703 3621 τε
1733 3567 1829 3622 καὶ
1857 3568 1958 3641 τῆς

384 3652 711 3722 Ἐκκλησίας
740 3654 840 3710 σὺν
871 3657 984 3721 τοίς
1017 3656 1319 3730 όμόφροσιν
1347 3659 1672 3732 ἀποστῆναι.

443 3915 508 3989 β’.
540 3917 663 3972 Ὀτι
689 3917 781 3973 τὸν
801 3919 1022 3992 ’Δρειον
1047 3921 1476 3996 ἀποπηδήσαντα
1504 3925 1604 3997 τῆς
1634 3927 1958 4000 Ἐκκλησίας

367 4009 506 4082 φησὶ
536 4009 760 4082 ᾅσματά
785 4027 846 4064 τε
870 4012 1106 4066 ναυτικά
1136 4014 1230 4068 καὶ
1276 4015 1544 4087 ἑπιμύλια
1577 4019 1654 4089 (b)
1689 4019 1784 4073 καὶ
1817 4020 1958 4076 ὁδοι-

366 4102 578 4173 πορικά
627 4103 859 4175 γράψαι,
901 4105 998 4159 καὶ
1047 4102 1254 4159 τοιαῦθ’
1298 4107 1465 4180 ἕτερα
1501 4109 1838 4176 συντιθέντα,
1878 4114 1960 4178 εἰς

370 4193 644 4266 μελῳδίας
675 4196 930 4260 ἐντεῖναι,
965 4194 1033 4260 ἀς
1083 4195 1335 4268 ἐνόμιζεν
1383 4199 1635 4264 ἑκάστοις
1671 4201 1956 4273 ἁρμόζειν,

365 4285 458 4340 διὰ
502 4285 604 4356 τῆς
636 4287 695 4340 ὲν
724 4288 847 4351 ταῖς
895 4285 1181 4358 μελῳδίαις
1229 4288 1424 4360 ἡδονῆς
1467 4289 1784 4348 ἐκκλέπτων
1821 4293 1961 4366 πρὸς

367 4378 470 4451 τὴν
516 4378 726 4433 οἰκείαν
777 4378 1030 4433 ἀσέϐειαν
1079 4381 1208 4444 τοὺς
1253 4381 1662 4455 ἀμαθεστέρους
1703 4385 1813 4440 τῶν
1860 4386 1958 4442 ἀν.

369 4470 629 4544 θρὼπων.

2059 3287 2384 3343 substantiae
2399 3287 2560 3344 [idem
2577 3286 2716 3344 conﬂ
2725 3287 2958 3343 rmabat.
2975 3283 3188 3354 Quibus
3205 3283 3403 3339 litteris
3413 3281 3652 3338 Alexan-

2057 3378 2219 3434 drum
2240 3392 2463 3450 quoque
2493 3378 2816 3449 episcopum
2869 3377 3218 3434 Alexandria:
3252 3374 3651 3445 subscripsisse

2057 3468 2227 3536 dicit,
2257 3478 2313 3526 et
2353 3470 2426 3526 ob
2455 3469 2600 3526 banc.
2633 3485 2861 3527 causam
2893 3470 3089 3526 Arium
3123 3469 3290 3526 etiam
3319 3469 3369 3524 ei
3399 3483 3651 3525 commu-

2058 3559 2311 3628 nicasse;
2355 3561 2452 3618 sed
2492 3577 2620 3618 cum
2666 3571 2850 3618 metus
2893 3561 2963 3617 ab
3006 3561 3344 3631 imperatore
3391 3559 3649 3630 deinceps

2055 3661 2322 3718 cessaret,
2361 3653 2674 3709 Alexander
2701 3652 2920 3724 quidem
2951 3651 3020 3707 ad
3056 3653 3293 3722 priorem
3323 3654 3646 3708 sententiam

2057 3743 2244 3800 rediit.
2279 3743 2445 3801 Arius
2476 3759 2607 3801 vero
2645 3760 2755 3800 una
2781 3760 2908 3800 cum
2951 3745 3200 3815 ejusdem
3244 3744 3522 3813 Opinionis
3556 3759 3646 3800 as-

2056 3836 2360 3893 sertoribus
2414 3837 2485 3892 ab
2511 3837 2826 3892 Alexandro
2854 3845 2910 3892 et
2941 3836 3011 3891 ab
3047 3835 3291 3890 Ecclesia
3325 3835 3574 3890 secessit.

2128 3929 2185 3984 2.
2217 3929 2336 3984 Arii
2379 3931 2608 3986 cantica.
2639 3959 2710 3970 -—
2747 3929 2838 3984 Ait
2876 3928 3104 3992 Arium,
3140 3941 3266 3981 cum
3298 3925 3368 3980 ab
3403 3925 3648 3981 Ecclesia

2059 4022 2402 4088 recessisset,
2433 4021 2648 4077 cantica
2681 4023 2903 4076 nautica
2931 4027 2988 4074 et
3011 4015 3410 4072 molendinaria
3439 4030 3504 4069 ac
3531 4015 3648 4073 via-

2060 4113 2200 4168 toria
2233 4112 2656 4183 conscripsisse,
2693 4112 2910 4183 aliaque
2937 4108 3210 4180 ejusmodi
3243 4107 3645 4178 composuisse,

2059 4220 2182 4276 quae
2211 4205 2378 4262 certis
2407 4204 2878 4260 modulationibus
2907 4201 3134 4274 aptavit,
3160 4208 3326 4272 prout
3349 4199 3649 4269 unicuique

2059 4297 2276 4353 cantico
2305 4296 2601 4352 convenire
2623 4294 3004 4363 existimabat;
3037 4302 3202 4366 atque
3235 4293 3309 4349 ita
3336 4292 3646 4365 imperitio-

2061 4402 2183 4442 rum
2215 4387 2431 4444 animos
2460 4389 2731 4444 suavitate
2769 4397 2965 4444 cantus
2998 4387 3066 4442 ad
3110 4386 3446 4462 impietatem
3487 4401 3650 4445 suam

2061 4480 2267 4536 sensim
2301 4479 2622 4537 abduxisse.

442 4569 514 4634 γ’.
552 4563 676 4618 Ὀτι
717 4563 810 4620 τὸν
853 4566 1071 4637 Ἀρειον
1100 4567 1159 4620 ὲν
1191 4565 1268 4638 τῷ
1316 4565 1609 4639 θεομαχεῖν
1648 4567 1760 4639 (Η)
1812 4567 1954 4623 κατὰ

2129 4573 2184 4627 '5.
2215 4572 2333 4627 Arii
2359 4573 2628 4628 doctrina.
2657 4602 2731 4615 —
2771 4572 2886 4630 Etsi
2920 4573 3111 4630 Arium
3148 4572 3353 4628 divinis
3388 4569 3646 4627 laudibus

1607 4715 1846 4762 VALESII
1885 4719 2390 4770 ANNOTATIONES.

435 4819 518 4896 (ρ)
545 4818 705 4896 Πρὸς
731 4820 848 4896 τὴῃ
873 4822 1210 4896 ερσέόειαν.
1243 4821 1466 4896 Rectius
1493 4821 1547 4876 in
1573 4826 1950 4896 manuscripto

365 4889 564 4971 codice
601 4889 886 4971 Samuelis.
924 4892 1180 4971 Boclrarti
1213 4895 1496 4971 scriptum
1538 4889 1946 4971 estdqgéstbw.

364 4959 638 5017 Eusebius
651 4961 798 5016 enim
824 4959 1280 5031 Nicomediensis,
1299 4959 1422 5020 cum
1442 4962 1694 5018 formulae
1716 4963 1949 5022 Nicena:

368 5031 493 5085 fidei
520 5031 769 5105 primum
801 5033 1220 5105 subscripsisset
1243 5074 1258 5098 ,
1292 5034 1615 5105 paulo_post
1646 5034 1714 5089 ad
1763 5036 1950 5105 pristi-

363 5116 495 5157 nam
520 5099 851 5172 impietatem
875 5099 1058 5168 rediii,
1082 5113 1141 5160 ut
1167 5099 1436 5161 testantur
1463 5099 1742 5172 Socrates,
1763 5099 1950 5163 ’δοιο-

364 5186 566 5226 mentis
594 5170 660 5226 ac
691 5170 1080 5230 Theodoritus.

437 5241 556 5311 (10)
580 5243 944 5322 auguste
965 5243 1172 5322 αὑτοῦ.
1239 5244 1298 5322 In
1342 5246 1719 5322 mauuscripto
1761 5247 1952 5304 codice

367 5310 647 5386 Samuelis
692 5311 947 5386 Bccharti
997 5315 1065 5370 ad
1114 5316 1418 5386 marginem
1462 5310 1814 5374 emendatum
1867 5329 1954 5374 est

362 5381 551 5451 αὐτῷ,
599 5383 747 5453 quod
795 5385 1016 5455 quidem
1063 5381 1464 5456 magis'probo.
1521 5387 1596 5444 De
1640 5389 1744 5446 hac
1787 5404 1952 5460 porro

2052 4830 2376 4887 narratione
2411 4830 2556 4888 idem
2592 4831 2771 4886 sentio
2803 4829 2948 4895 quod
2983 4827 3437 4895 Photius,_mera
3487 4844 3644 4886 men-

2052 4900 2209 4956 dacia
2238 4902 2354 4956 hac
2383 4915 2506 4970 esse
2539 4901 2608 4955 ab
2647 4899 2951 4970 impudcn_ti
2988 4899 3212 4970 homine
3239 4899 3498 4955 conficta.

2125 4970 2238 5052 (ῌ)
2279 4973 2382 5025 Ἕν
2406 4969 2487 5052 ζῷ
2515 4967 2852 5052 θεομαλξῷτ
2888 4967 3226 5052 Totumhoc
3256 4979 3421 5052 caput
3452 4970 3643 5052 prodi-

2051 5039 2225 5111 giosis'
2270 5042 2555 5097 erroribus
2612 5039 2895 5111 scatebat,
2939 5055 3052 5111 non
3097 5049 3208 5111 tam
3243 5039 3376 5094 vitio
3431 5039 3644 5097 codicis

2054 5110 2408 5182 manuscripti
2428 5126 2537 5182 quo
2563 5125 2698 5166 usus
2720 5121 2804 5166 est
2815 5110 3122 5182 Qothofred
3133 5125 3219 5175 us,
3239 5126 3402 5182 quam
3423 5111 3494 5165 ob
3518 5111 3643 5182 ejus

2051 5179 2384 5253 imperitiam
2425 5179 2483 5253 in
2523 5182 2766 5253 legendis
2800 5179 3011 5253 Graecis
3046 5179 3474 5253 exemplaribus.
3521 5179 3637 5253 Ego

2055 5250 2160 5320 ope
2199 5268 2333 5308 mss.
2368 5250 2645 5319 codicum,
2675 5250 3047 5308 Scoriacensis
3076 5250 3289 5308 sciliCct
3319 5261 3372 5307 et
3408 5250 3640 5308 Bocliar-

2055 5321 2210 5386 tiaui,
2241 5338 2460 5378 errores
2493 5322 2617 5378 illos
2651 5323 2952 5379 emendavi.

1837 5529 2202 5578 νΑιυοιωΜ..

438 5633 518 5701 (a)
549 5631 625 5709 Τρ
675 5634 1026 5709 όμοιούσ-ιυν
1072 5634 1168 5706 (ita
1219 5636 1725 5709 enintAlcgendum)
1759 5638 1829 5691 ἐν
1873 5637 1954 5704 τῷ

363 5703 674 5774 ὀμοουσίφ
698 5703 1604 5778 ρπρκλέψαντεςηωἰιυῇιιεἸοεί
1632 5703 1953 5778 explicatio-

368 5773 492 5829 nem
519 5775 748 5830 consule
777 5773 1159 5850 Fragmentum
1191 5773 1540 5850 i’hilostorgii
1568 5795 1630 5833 cx
1659 5773 1843 5838 Niccta
1867 5782 1954 5838 de-

369 5853 671 5916 sumptum,
701 5855 756 5902 et
782 5845 923 5902 infra
952 5846 1198 5904 citatum.

2135 5640 2209 5710 (ὁ)
2259 5641 2598 5710 Ἐπιμύλια.
2635 5638 2856 5711 Cantica
2885 5639 2939 5695 in
2975 5639 3222 5711 pistrinis
3252 5641 3394 5698 inter
3427 5645 3640 5701 molen-

2061 5709 2197 5765 dum'
2225 5709 2436 5766 cantari
2467 5711 2648 5766 solita.
2698 5709 2911 5766 Nullam
2947 5709 3037 5767 hic
3066 5711 3270 5767 Thaliae
3309 5715 3637 5770 mentionem

2062 5780 2195 5836 facit
2217 5780 2612 5850 Pliilostorgitts
2639 5797 2704 5852 :a
2725 5798 2831 5852 qua
2857 5790 2911 5836 et
2935 5782 3268 5852 Athanasius
3291 5784 3403 5839 haec
3421 5785 3637 5839 cantica

2063 5852 2367 5924 distinguit,
2399 5852 2620 5909 iu-libw
2650 5851 2724 5909 De
2747 5851 2912 5908 ’l‘idci
2945 5851 3182 5911 Nicrena:
3210 5855 3457 5910 decretis.
