4032 6338
422 326 522 387 667

1804 322 2288 384 Ριιιωετοῐιοιι

3582 331 3686 388 468

420 446 611 502 eti'erat
654 441 1056 514 Philostorgius
1101 459 1158 499 tn
1195 458 1263 501 eo
1306 444 1454 516 quod
1495 445 1838 502 divinitatem
1882 443 1982 497 Fili

2105 445 2198 499 τοῦ
2229 444 2354 499 Υἱοῦ
2386 443 2781 518 ὑπερθειάζων,
2813 442 3036 505 ἀτόποις
3068 438 3349 512 ἐνέχεσθαί
3370 457 3524 510 φησι,
3550 439 3686 498 διότι

421 544 722 611 oppugnat,
757 535 1013 592 absurdis
1043 544 1225 591 tamen
1252 537 1538 593 erroribus
1565 552 1692 593 eum
1727 536 1999 607 implicari

421 626 573 693 dicit,
610 641 677 682 eo
710 625 860 697 quod
892 626 1099 697 passim
1130 625 1363 684 aﬂirmet
1397 626 1566 691 Deum
1594 644 1695 687 nec
1717 628 1998 699 cognosci,

419 732 521 773 nec
545 716 979 787 comprehendi,
999 732 1101 773 nee
1130 725 1316 775 mente
1346 719 1562 790 concipi
1592 733 1759 790 posse
1785 737 1800 787 ;
1837 718 2001 790 idque

418 821 530 863 nou
559 807 628 863 ab
653 807 969 865 hominibus
1007 808 1209 874 solum,
1242 808 1390 880 quod
1416 810 1623 866 malum
1654 809 1998 866 tolerabilius

417 906 601 962 esset,
635 897 729 954 sed
760 912 829 953 ne
871 898 939 954 ab
975 898 1095 970 ipso
1138 900 1356 971 quidem
1392 901 1679 972 unigenito
1711 901 1807 958 Dei
1835 900 1998 957 Filio.

416 988 484 1053 Et
508 989 577 1049 ad
608 989 777 1059 hujus
793 989 1002 1046 erroris
1022 990 1441 1060 absurditatem,
1464 1007 1574 1047 non
1598 991 1788 1048 AriUm
1810 992 1996 1059 modo,

417 1094 610 1136 verum
645 1082 808 1137 etiam
841 1081 1130 1153 plerosque
1168 1084 1309 1140 alios
1361 1099 1427 1141 ea
1456 1092 1785 1156 tempestate
1834 1086 1999 1144 simul

416 1186 546 1227 cum
574 1171 669 1227 illo
703 1172 958 1244 abreptos
990 1189 1131 1231 esse.
1186 1173 1425 1248 Excepto
1453 1176 1600 1237 enim
1651 1176 1904 1235 Secundo
1933 1192 2000 1239 ac

417 1261 666 1330 Theona,
718 1275 775 1321 et
823 1266 1107 1339 discipulis
1161 1263 1391 1325 Luciani
1443 1270 1721 1341 martyris,
1769 1269 1997 1327 Leontio

389 1358 649 1432 scilicet,
680 1359 942 1428 Antonio,
973 1369 1029 1418 et
1055 1361 1290 1418 Eusebio
1326 1354 1755 1428 Nicomediensi‘,
1786 1362 1997 1434 reliqua

415 1449 713 1521 intpiorum
737 1451 939 1509 cohors
974 1452 1116 1508 hanc
1142 1453 1468 1509 sententiam
1502 1454 1753 1526 amplexa
1784 1464 1888 1511 est.

489 1542 546 1598 4.
567 1541 739 1614 Crispi
751 1554 800 1599 et
814 1542 1035 1600 Fausta:
1046 1544 1810 1617 cmdes.-——AitPhilostorgius
1854 1544 2000 1614 Con-

420 1635 728 1693 stantinum
751 1651 1002 1693 novercae
1030 1638 1320 1695 calumniis
1348 1638 1783 1697 circumventum
1801 1677 1816 1704 ,
1845 1635 1998 1693 Cris-

413 1742 543 1799 pum
586 1728 759 1784 tilium
785 1730 1151 1787 interemisse.
1191 1729 1327 1786 Eam
1357 1741 1489 1785 vero
1534 1738 1746 1803 postea,
1780 1743 1905 1785 cum
1939 1728 1994 1786 in

416 1791 690 1879 adulterio
735 1821 1080 1893 deprehensa
1107 1821 1304 1879 fuisset
1337 1838 1463 1877 cum
1494 1791 1741 1893 quodam
1767 1835 1834 1877 ex
1863 1819 1996 1877 Cur—
2025 1791 2072 1854 Β

417 1913 656 1981 soribus,
686 1914 869 1971 calore
902 1913 1084 1970 balnei
1114 1912 1367 1970 suliocari
1394 1912 1651 1983 jussisse.
1685 1909 1795 1968 Nec
1821 1911 1995 1966 multo

413 2018 539 2075 post
589 2004 1039 2073 Constantinum,
1101 2007 1232 2061 dum
1277 2003 1611 2060 Nicomedia:
1659 2011 1992 2069 moraretur,

412 2111 602 2166 pmnas
626 2098 792 2155 caedis
820 2097 933 2155 ﬁlio
957 2098 1379 2170 persolventem,
1413 2113 1444 2152 a
1471 2095 1734 2153 fratribus
1756 2096 1875 2154 suis
1898 2110 1996 2152 ve—

411 2205 554 2252 aeno
579 2196 835 2246 necatum
862 2205 1003 2246 esse.

481 2283 537 2338 5.
575 2280 732 2337 Gothi
782 2279 1076 2337 Christiani
1122 2280 1273 2352 facti.
1320 2311 1389 2322 ——
1429 2281 1521 2339 Ait
1564 2279 1991 2351 Philostorgius,

416 2371 636 2447 Urﬁlam
675 2388 741 2429 ex
775 2364 1201 2430 Transistrianis
1239 2370 1480 2446 Scythis,
1515 2372 1607 2444 qui
1649 2374 1719 2428 ab
1751 2371 1994 2444 antiquis

410 2463 631 2536 quidem
662 2461 830 2529 Getae,
875 2477 1023 2518 nunc
1050 2476 1180 2518 vero
1223 2460 1392 2518 Gothi
1412 2455 1780 2533 appellantur,
1816 2462 1992 2518 maxi-

410 2567 555 2607 mam
591 2551 877 2608 hominum
915 2551 1326 2608 multitudinem
1371 2552 1428 2608 in
1458 2550 1767 2609 Romanum
1810 2553 1990 2609 solum

409 2643 747 2710 traduxisse,
797 2643 893 2714 qui
942 2642 1161 2715 pietatis
1213 2658 1380 2701 causa
1419 2658 1487 2700 ex
1533 2646 1733 2715 patriis
1768 2644 1991 2703 sedibus

407 2735 565 2807 ejecti
599 2734 837 2792 fuerant.
870 2734 1004 2791 Eam
1031 2744 1213 2791 autem
1240 2743 1457 2807 gentem
1499 2736 1569 2791 ad
1595 2736 1799 2794 Christi
1828 2736 1991 2796 Iidem

407 2826 538 2883 olim
572 2825 859 2883 transiisse
884 2827 989 2883 hoc
1017 2826 1180 2882 modo
1207 2844 1221 2881 :
1244 2824 1382 2881 Cum
1412 2823 1740 2882 Valerianus
1774 2835 1828 2882 et
1859 2826 1991 2882 Gal-

406 2916 587 2976 lienus
614 2919 907 2991 imperium
939 2918 1427 2985 administrarent,
1473 2918 1668 2990 ingens
1699 2917 1990 2974 multitudo

406 3007 735 3083 Scytharum
785 3018 938 3065 trans
981 3011 1185 3065 lstrum
1228 3008 1540 3079 degentium
1585 3007 1641 3063 in
1708 3007 1991 3065 Romano-

406 3114 528 3154 rum
563 3099 828 3157 ditionem
881 3100 1115 3172 trajecit.
1172 3098 1240 3156 Et
1273 3099 1507 3172 Europae
1556 3100 1779 3173 quidem
1832 3117 1987 3176 mag-

405 3207 532 3250 nam
562 3201 771 3267 partem
795 3193 1218 3250 excursionibus
1239 3192 1595 3251 infestarunt.
1623 3194 1829 3252 Deinde
1857 3211 1989 3254 vero

403 3301 530 3341 cum
552 3286 607 3340 in
626 3286 814 3342 Asiam
832 3287 1196 3359 trajecissent,
1211 3287 1481 3343 Galatiam
1506 3297 1561 3345 et
1581 3288 1985 3361 Cappadociam

403 3379 743 3440 invaserunt.
799 3378 1046 3451 Cumque
1090 3379 1361 3452 plurimos
1406 3382 1654 3453 captivos
1695 3382 1977 3451 fecissent,

401 3471 546 3526 inter
580 3486 722 3543 quos
767 3486 875 3526 non
926 3473 1087 3543 pauci
1131 3482 1287 3529 erant
1336 3473 1561 3541 clerici,
1589 3491 1717 3532 cum
1780 3477 1986 3548 ingenti

403 3562 587 3639 prazda
616 3562 669 3616 in
698 3562 931 3632 patriam
959 3579 1116 3620 suam
1147 3564 1353 3620 reversi
1386 3575 1536 3621 sunt.
1571 3566 1785 3638 Captivi
1821 3570 1986 3640 igitur

400 3672 467 3718 ac
492 3656 566 3727 pii
601 3655 857 3713 homines
881 3658 993 3723 isti,
1026 3657 1275 3715 barbaris
1307 3660 1555 3731 permisti
1577 3702 1592 3726 ,
1628 3676 1741 3717 non
1779 3677 1985 3734 paucos

402 3762 595 3804 eorum
628 3748 696 3805 ad
733 3764 916 3804 veram
951 3750 1207 3821 pietatem
1257 3752 1647 3818 traduxerunt,
1680 3761 1851 3825 utque
1882 3769 1984 3824 pro

402 3842 685 3914 gentilium
732 3842 1118 3913 superstitione
1139 3843 1506 3900 Christianam
1528 3844 1843 3918 religionem
1868 3860 1985 3901 am-

399 3938 789 4009 plecterentur,
826 3937 893 3993 iis
941 3947 1357 4018 persuaserunt.
1394 3938 1472 3995 Ex
1506 3942 1704 3996 horum
1737 3941 1984 4012 captivo-

398 4047 522 4086 rum
559 4047 789 4087 numero
818 4031 1039 4089 fuerunt
1061 4032 1224 4089 etiam
1256 4034 1495 4105 majores
1526 4033 1734 4103 Urﬁlte,
1758 4035 1982 4090 natione

398 4123 620 4194 quidem
657 4123 1028 4195 Cappadoces,
1066 4126 1171 4181 orti
1204 4125 1363 4198 juxta
1402 4126 1589 4182 urbem
1619 4125 1977 4196 Parnassum,

397 4231 467 4270 ex
495 4215 616 4270 vico
642 4216 735 4286 qui
765 4214 1158 4290 Sadagolthina
1186 4229 1433 4275 vocatur.
1468 4218 1568 4275 ilic
1597 4220 1764 4291 igitur
1810 4218 1978 4276 Urﬁla

396 4307 510 4363 dux
554 4308 657 4364 fuit
691 4311 909 4379 piorum
959 4312 1244 4366 hominum
1290 4312 1387 4384 qui
1421 4328 1487 4368 ex
1539 4312 1739 4370 Gothia
1772 4314 1978 4386 egressi

398 4408 550 4468 sunt,
580 4401 902 4472 primusque
930 4417 1120 4457 eorum
1151 4403 1443 4475 episcopus
1472 4403 1599 4471 fuit,
1640 4407 1975 4461 constitutus

2107 538 2383 608 ἀγνωστόν
2416 555 2472 590 τε
2505 536 2598 590 τὸν
2650 535 2783 589 Θεὸν
2832 536 2927 589 καὶ
2976 534 3361 604 ἀκατάληπτον
3406 532 3686 604 πανταχοῦ

2104 629 2200 682 καὶ
2233 626 2550 697 ἀνεννόητον
2583 624 2878 697 ὲσηγεῖταν
2899 625 2993 679 καὶ
3019 625 3118 677 οὐκ
3138 622 3448 695 ἀνθρώποις
3483 625 3687 694 μόνοις,

2102 717 2132 771 ὃ
2161 717 2330 772 κακὸν
2365 715 2727 790 μετριώτερον
2756 716 2908 782 ἴσως,
2946 714 3081 769 ἀλλά
3110 713 3206 768 καὶ
3234 713 3383 784 αὐτῷ
3410 714 3489 786 τῷ
3533 733 3689 786 μονο-

2103 813 2275 880 γενεῖο
2311 809 2425 881 Υἱῷ
2471 809 2564 864 τοῦ
2615 808 2773 865 Θεοῦ.
2824 811 2935 863 Καὶ
2969 808 3104 880 πρὸς
3155 807 3359 879 ταύτην
3407 808 3541 877 φησὶ
3586 810 3688 881 τὴν

2090 902 2337 956 ,ἀτοπίαν
2365 902 2484 956 κατ’
2517 902 2695 957 ἐκεῖνο
2725 900 2918 975 καιροῦ
2955 901 3030 973 μὴ
3064 902 3282 972 ’Ἄρειον
3328 900 3507 972 μόνον,
3548 900 3686 955 ἀλλὰ

2086 996 2198 1057 ,καὶ
2229 994 2357 1060 τοὺς
2390 994 2607 1060 πλείους
2645 994 2827 1049 αὐτῶν
2863 992 3324 1065 συναπενεχθῆναι
3371 992 3506 1063 (12).
3537 992 3687 1063 Πλὴν

2102 1087 2212 1161 γὰρ
2248 1087 2544 1143 Σεκούνδου
2587 1087 2681 1141 καὶ
2719 1086 2907 1141 Θεωνᾶ
2927 1128 2943 1153 ,
2975 1085 3070 1140 καὶ⁹
3113 1084 3222 1139 τῶν
3254 1083 3556 1139 Λουκιανοῦ
3587 1083 3683 1138 τοῦ

2103 1181 2380 1253 μάρτυρος
2410 1179 2687 1257 μαθητῶν,
2743 1178 2994 1235 Λεοντίου
3022 1194 3081 1232 τε
3120 1177 3216 1233 καὶ
3252 1176 3554 1241 Ἀντωνίου,
3588 1176 3686 1230 καὶ

2084 1254 2195 1327 ’τοῦ
2246 1254 2616 1345 Νικομηδείας
2667 1270 2960 1336 Εὐσεϐίου,
3008 1269 3070 1325 τὸ
3121 1267 3250 1323 ἄλλο
3285 1268 3386 1339 τῆς
3428 1266 3683 1329 ἀσεϐείας

2102 1363 2390 1435 σύνταγμα
2421 1362 2557 1435 πρὸς
2583 1361 2786 1434 ταύτην
2820 1361 3161 1433 ἀπορρυῆναι
3196 1358 3294 1432 τὴν
3321 1358 3497 1426 δόξαν.

2171 1542 2233 1596 δ’.
2269 1541 2394 1595 Ὀτι
2425 1541 2558 1613 φησῖ⁹
2601 1539 2692 1595 τὸν
2735 1540 3143 1595 Κωνσταντῖνον
3179 1536 3392 1593 ἀνελεῖν
3420 1536 3511 1591 τὸν
3549 1537 3681 1591 tam

2102 1634 2267 1693 παῖδα
2312 1636 2559 1706 Κρῖσπον
2592 1632 2692 1704 (a),
2731 1630 3006 1695 διαϐολαῖς
3032 1630 3132 1701 τῆς
3182 1629 3451 1703 μητρυιᾶς
3477 1644 3680 1698 συναρ-

2103 1728 2412 1785 πασθέντα·
2443 1724 2705 1799 κάκείνην
2755 1724 2814 1781 δὲ
2848 1724 3008 1779 πάλιν
3042 1720 3384 1797 φωραθεῖσάν
3427 1738 3531 1776 τινι
3572 1719 3680 1773 τῶν

2100 1820 2444 1895 Κουρσώρων
2490 1820 2855 1893 μοιχωμένην,
2897 1818 2963 1888 τῇ
2998 1815 3092 1871 τοῦ
3127 1812 3356 1888 λουτροῦ
3412 1812 3544 1885 ἀλέᾳ
3595 1814 3681 1866 ὲν-

2099 1913 2469 1986 αποπνιγῆναι
2511 1910 2834 1983 προστάξαι.
2882 1909 2993 1964 Καὶ
3022 1907 3099 1980 τῷ
3137 1907 3335 1978 παιδίῳ
3363 1904 3455 1959 τοῦ
3497 1905 3681 1974 ξίφους

2098 2005 2346 2067 διδοῦντα
2391 2006 2799 2060 Κωνσταντῖνον
2850 2002 2948 2075 τὴν
3000 2001 3179 2073 δίκην,
3234 2000 3351 2071 μετ’
3403 1999 3462 2054 οὐ
3513 1997 3681 2052 πολὺν

2096 2099 2290 2172 χρόνον
2321 2097 2426 2152 ὑπὸ
2450 2096 2561 2152 τῶν
2600 2093 2847 2166 ἀδελφῶν
2879 2091 3193 2164 φαρμάκοις
3224 2090 3364 2146 κατά
3391 2090 3489 2162 τὴν
3515 2088 3683 2143 Nato-

2100 2193 2326 2269 μήδειαν
2354 2179 2701 2264 διατρίϐοντα
2736 2185 3112 2259 ἀναιρεθῆναι.

2167 2294 2229 2341 ε’.
2265 2286 2389 2343 Ὀτι
2417 2282 2694 2356 Ούρφίλαν
2720 2280 2796 2354 (b)
2824 2280 2959 2353 φησὶ
2984 2278 3124 2334 κατὰ
3150 2276 3374 2342 τούτους
3394 2276 3522 2339 τοὺς
3550 2274 3679 2347 χρόα

2095 2397 2221 2446 νους
2248 2382 2317 2434 ὲκ
2332 2378 2439 2432 τῶν
2462 2377 2635 2449 πέραν
2662 2376 2878 2446 Ἴστρου
2906 2371 3130 2429 Σκυθῶν
3153 2369 3271 2441 (οὓς
3298 2371 3347 2424 oi
3379 2369 3478 2441 μὲν
3509 2368 3676 2429 πάλαι

2094 2471 2283 2536 Γέτας,
2308 2469 2359 2522 oi
2401 2468 2460 2523 δὲ
2505 2466 2602 2520 νῦν
2645 2464 2876 2527 Γότθθυς
2921 2460 3170 2531 καλοῦσι)
3220 2459 3389 2514 πολὺν
3439 2459 3520 2522 εἰς
3574 2458 3675 2528 τὴν

2106 2562 2397 2635 Ῥωμαίων
2445 2558 2762 2616 διαϐιϐάσαι
2809 2555 2939 2611 λαὸν
2963 2594 2980 2621 ,
3021 2555 3091 2609 δι’
3128 2553 3411 2611 εὐσέϐειαν
3458 2553 3525 2604 ὲκ
3569 2550 3675 2603 τῶν

2094 2656 2313 2712 οἰκείων
2344 2653 2494 2726 ἠθῶν
2533 2651 2843 2715 ὲλαθέντας.
2890 2647 3272 2721 Χριστιανίσαι
3317 2645 3376 2700 δὲ
3418 2644 3480 2698 τδ
3525 2643 3675 2706 ἔθνος

2094 2749 2283 2822 τρόπῳ
2310 2745 2499 2818 τοιῷδε
2524 2760 2539 2776 ο
2574 2741 2962 2806 Βασιλεύοντος
2997 2738 3362 2812 Οὐαλεριανοῦ
3401 2736 3496 2791 καὶ
3537 2734 3675 2789 Γαλ-

2092 2843 2298 2919 λιήνου,
2330 2841 2491 2911 μοῖρα
2519 2836 2741 2892 Σκυθῶν
2772 2835 2968 2907 βαρεῖα
2988 2832 3098 2887 τῶν
3121 2832 3309 2904 πέραν»
3323 2829 3420 2883 τοῦ
3438 2831 3650 2900 Ἴστρου

2091 2933 2349 3006 διέϐησαν
2376 2933 2458 2994 εἰς
2504 2930 2605 3000 τὴν
2640 2927 2963 2999 Ῥωμαίων,
2996 2924 3095 2978 καὶ
3138 2923 3342 2993 πολλὴν
3389 2921 3490 2992 μὲν
3540 2935 3674 2972 κατ-

2092 3025 2329 3098 έδραμον
2371 3024 2471 3094 τῆς
2516 3019 2806 3094 Εὐρώπης.
2854 3016 3151 3080 Διᾱϐάντες
3202 3014 3259 3071 δὲ
3303 3015 3399 3067 καὶ
3448 3014 3529 3074 εις
3568 3009 3671 3081 τὴν

2105 3117 2289 3172 Ἀσίαν
2314 3115 2448 3189 (15),
2476 3114 2581 3185 τήν
2603 3129 2664 3167 τε
2693 3111 2985 3177 Γαλατίαν,
3015 3110 3109 3163 καὶ
3140 3108 3241 3179 τὴν
3268 3102 3670 3160 Καππαδοκίαν

2092 3208 2325 3283 ἐπῆλθον
2344 3247 2360 3274 ,
2397 3206 2495 3262 καὶ
2526 3204 2757 3269 πολλοὺς
2809 3202 3002 3258 ἔλαϐον
3051 3198 3449 3271 αἰχμαλώτους,
3481 3195 3673 3259 ἄλλους

2087 3320 2148 3358 τε
2203 3304 2298 3357 καὶ
2342 3301 2452 3355 τῶν
2512 3299 2955 3371 κατειλεγμένων
2999 3295 3080 3367 τῷ
3128 3295 3321 3367 κλήρῳ
3340 3332 3356 3357 ,
3407 3291 3501 3346 καὶ
3535 3289 3674 3362 μετὰ

2088 3393 2291 3465 πολλῆς
2330 3391 2480 3458 λείας
2516 3388 2968 3462 ἀπεκομίσθησαν
3000 3385 3198 3441 οἴκαδε.
3228 3385 3286 3437 '0
3317 3382 3374 3436 δὲ
3396 3379 3673 3452 σῑχμάλω-

2085 3506 2177 3554 τος
2210 3487 2307 3543 καὶ
2340 3484 2569 3557 εὐσεϐὴς
2594 3484 2800 3555 ὅμιλος,
2838 3477 3373 3550 συναναστραφέντες
3392 3476 3503 3538 τοῖς
3535 3472 3673 3542 βαρ-

2062 3576 2297 3652 ϐάροις,
2327 3580 2429 3633 οὐκ
2469 3577 2684 3647 ὀλίγους
2711 3593 2771 3629 τε
2805 3573 2984 3627 αὐτῶν
3051 3572 3140 3634 εἰς
3171 3568 3230 3622 τὸ
3278 3565 3500 3628 εὐσεϐὲς
3541 3580 3672 3633 μετ-

2085 3675 2368 3746 εποίησαν,
2396 3671 2490 3727 καὶ
2513 3670 2584 3725 τά
2610 3665 2951 3741 Χριστιανῶν
2979 3665 3195 3737 φρονεῖν
3220 3661 3342 3716 ἀντὶ
3354 3660 3455 3730 τῆς
3484 3656 3673 3725 Ἐλλη-

2086 3768 2226 3831 νίδος
2254 3765 2414 3837 δόξης
2446 3760 2889 3835 παρεσκεύασαν.
2921 3756 3139 3827 Ταύτης
3166 3754 3266 3825 τῆς
3288 3751 3670 3824 αἰχμαλωσίας

2084 3859 2384 3931 γεγόνεσαν
2409 3856 2503 3911 καὶ
2526 3855 2577 3908 οἱ
2606 3852 2851 3924 Οὐρφίλα
2877 3848 3152 3922 πρόγονοι,
3174 3842 3538 3931 Καππαδόκαι
3566 3839 3668 3931 μεν

2082 3928 2263 4020 γένος,
2295 3946 2504 4009 πόλεως
2535 3945 2593 3999 δὲ
2626 3941 2857 4014 πλησίον
2892 3934 3239 4009 Παρνασσοῦ,
3275 3935 3339 3987 ὲκ
3374 3929 3567 4020 κώμης
3605 3928 3666 3982 δὲ

2083 4014 2452 4110 Σαδαγολθινά
2497 4034 2859 4106 καλουμένης.
2894 4032 2955 4084 '0
2990 4028 3171 4084 τοίνυν
3205 4023 3480 4097 Ούρφίλας
3512 4014 3667 4082 οὗτος

2083 4134 2442 4207 καθηγήσατο
2491 4128 2591 4199 τῆς
2649 4124 2832 4193 ἐξόδου
2881 4121 2988 4176 τῶν
3037 4116 3277 4207 εὐσεϐῶν
3299 4156 3317 4182 ,
3365 4113 3667 4207 {fictiones

2083 4199 2262 4281 αὐτῶν
2288 4199 2502 4291 Ῑπρῶτος
2526 4214 2828 4278 καταστάς·
2863 4211 3099 4281 κατέστη
3129 4208 3187 4263 δὲ
3217 4200 3321 4261 ὦδε
3344 4222 3360 4238 ο
3383 4202 3542 4275 Παρὰ
3568 4199 3664 4255 τοῦ

2079 4314 2181 4386 τὴν
2211 4312 2385 4385 ἀρχὴν
2434 4308 2662 4379 ἄγοντος
2707 4305 2818 4376 (Η)
2848 4302 2941 4358 τοῦ
2984 4302 3177 4364 ἔθνους
3223 4299 3318 4353 ἐπὶ
3360 4296 3471 4353 τῶν
3509 4297 3666 4350 Κωνο

2082 4403 2363 4459 σταντίνου
2404 4400 2609 4473 χρόνων
2637 4398 2719 4461 εἰς
2747 4394 3046 4467 πρεσϐείαν
3079 4392 3177 4446 σὺν
3211 4389 3390 4452 ἄλλοις
3421 4388 3664 4441 ἀποστα-

397 4493 505 4557 hoc
543 4493 710 4550 modo
741 4512 755 4549 :
787 4493 926 4550 Cum
953 4509 985 4549 a
1022 4509 1146 4564 rege
1183 4494 1277 4564 qui
1315 4494 1679 4551 tunc'Gothis
1710 4504 1975 4565 praeerat,

2091 4497 2194 4561 λεὶς
2239 4496 2357 4568 (καὶ
2388 4493 2498 4564 γὰρ
2522 4491 2618 4547 καὶ
2648 4489 2718 4544 τὰ
2746 4487 2875 4559 τῇδε
2903 4486 3159 4559 βάρϐαρα
3180 4483 3307 4555 ἔθνη
3340 4478 3665 4537 ὑποκέκλιτα

1624 4631 1867 4680 VALESII
1907 4631 2410 4683 ANNOTATIONES.

610 4742 723 4819 Καὶ
743 4743 886 4810 τοὺς
905 4743 1157 4819 mitique
1189 4745 1389 4819 αὐτῶν
1408 4750 1968 4819 συναπενεχθῆναι.

391 4813 765 4889 Scrilgsndum
780 4824 919 4889 puto
941 4813 1113 4889 nisi»
1146 4816 1347 4889 supple,
1363 4816 1442 4888 τῷ
1464 4888 1467 4889 ,
1487 4817 1703 4889 Ἀρείῳ-

485 4886 576 4954 45)
614 4883 934 4953 Διαϐάῑντες
964 4884 1033 4940 δὲ
1063 4886 1161 4940 καὶ
1189 4883 1304 4954 τὴν
1339 4883 1567 4943 Ἀσίανξ
1610 4883 1766 4945 llunc
1788 4886 1968 4946 locum

388 4956 678 5013 emendavi
705 4971 773 5012 ex
822 4972 929 5013 ms.
958 4956 1147 5013 codice
1175 4955 1445 5015 Samuelis
1468 4957 1742 5029 Bocharti,
1772 4960 1828 5016 in
1858 4977 1969 5032 quo
2058 4976 2063 4981 ‘

2076 4751 2149 4805 ita
2178 4748 2396 4815 legitur,
2431 4744 2713 4815 διαϐάντες
2747 4740 2809 4815 δε
2836 4741 2930 4815 καὶ.
2954 4740 3053 4815 εἰς-
3067 4738 3165 4809 τὴν
3209 4735 3415 4815 Ἀσίαν,
3444 4741 3547 4813 etc.

2158 4801 2471 4890 (liﬂldpt‘t
2496 4801 2611 4890 rei}
2635 4801 2984 4890 τῆζάρχὴκ
3015 4801 3294 4890 arma?
3339 4802 3509 4873 Magis
3550 4801 3661 4873 pla-

2075 4877 2459 4959 cet‘scriptu'ra
2492 4877 2705 4942 codicis
2730 4877 3023 4946 coenam,
3056 4877 3233 4951 ἀρχὴν
3257 4877 3487 4948 ἔχοντος.

1852 5073 2202 5127 VARIOBUM.

453 5180 539 5251 ta)
599 5176 858 5251 Ἆνελεῖν
908 5176 1199 5247 Κρῖσπον.
1241 5176 1493 5251 crispum
1521 5190 1584 5251 _et
1631 5180 1885 5251 Faustam
1933 5197 1965 5237 a

364 5246 749 5305 Constantino
768 5246 990 5303 necatos
1015 5257 1269 5303 asserunt
1285 5246 1485 5304 Sextus
1504 5249 1759 5305 Aurelius
1779 5250 1964 5307 Victor

387 5335 510 5388 cap.
541 5334 653 5384 xu,
679 5317 1332 5373 Amm.Marcellinuslib.
1354 5318 1749 5375 uv:Zosimus
1776 5322 1869 5376 lib.
1899 5335 1962 5383 n;

386 5386 688 5459 Eutropius
719 5388 815 5459 lib.
845 5405 901 5453 ι,
939 5389 1218 5459 Artemius
1251 5389 1394 5459 apud
1425 5389 1873 5459 Metaphrastem,
1910 5402 1965 5445 et

390 5458 615 5513 Surium
656 5474 746 5513 xx.
781 5456 1413 5529 Octobr.;liieronyinus
1441 5461 1496 5514 in
1518 5458 1802 5529 Chronico.
1833 5461 1963 5515 Oro-

388 5529 505 5600 sius
526 5529 618 5600 libr.
657 5544 752 5600 vit,
788 5544 908 5600 cap.
955 5528 1048 5600 :29.
1109 5528 1366 5600 Sidonius
1391 5528 1722 5600 Apollinaris
1777 5530 1871 5585 lib.
1904 5546 1956 5585 ν.

387 5599 557 5683 epist.
589 5599 643 5665 8;
680 5598 915 5683 idaeius,
953 5598 1710 5683 Zonaras,Suidas,“aliique
1738 5601 1957 5683 qui_eos
2064 5598 2207 5656 rum'
2238 5598 2558 5683 episcopum
2585 5599 2828 5683 locant)

2060 5685 2553 5742 quave-occasione

2058 5740 2093 5811 l;
2139 5756 2212 5806 tv,
2254 5756 2375 5811 cap.
2400 5740 2489 5807 36,

387 5666 561 5725 θεουιὶ
588 5678 735 5725 sunt.
776 5669 951 5737 Quam
983 5679 1163 5725 tamen
1195 5666 1703 5727 liistoriam‘Euseb.
1738 5666 1794 5726 in
1845 5672 1949 5725 Vit.

389 5737 575 5796 Const.
605 5749 659 5795 et
685 5738 940 5796 Socrates
967 5755 1073 5793 non
1116 5740 1313 5795 habent
1360 5760 1371 5795 :
1406 5741 1516 5795 imo
1537 5757 1658 5797 eam
1688 5742 1832 5797 velut
1860 5743 1954 5797 fal-

2071 5180 2335 5253 Evagrius
2377 5181 2604 5253 lib.jm.
2637 5194 2687 5235 c.
2724 5195 2813 5243 xc,
2868 5191 2977 5242 xu.
3029 5184 3083 5253 et
3118 5172 3658 5253 postSMQmennm

2069 5242 2410 5335 Νίιξερὲιοηξε
2441 5251 2534 5306 "b-
2563 5264 2662 5335 v11:
2686 5242 3659 5335 fait-Ei:F‘.Wlfieffii'l‘_§'l°“f?§'

2071 5323 2165 5391 qui
2202 5316 2324 5378 ideo
2360 5322 2566 5394 haece;
2600 5316 2966 5394 Philostorgio
2995 5316 3127 5394 dum
3163 5323 3518 5394 eacerperet,
3562 5330 3658 5365 Ito-

2070 5382 2187 5447 t'are
2212 5407 2277 5446 ea
2302 5391 2449 5446 velut
2479 5389 2615 5445 falsa
2644 5382 2905 5444 voluerit:
2925 5386 3046 5442 lac;
3079 5382 3392 5451 Gothofred.
3426 5382 3652 5437 Dium.

2068 5462 2124 5516 in
2150 5460 2480 5528 Philostorg.
2521 5475 2654 5530 pag:
2678 5458 2767 5530 50.

2142 5531 2216 5605 (b)
2261 5521 2705 5605 Ούρφῗλᾰνῖῡε
2754 5526 2969 5605 Ulphila
3004 5527 3099 5599 (ut
3128 5526 3218 5605 alii
3252 5527 3408 5605 hunc
3440 5521 3635 5605 Gotho-

2312 5595 2558 5668 iscopum
2603 5595 2841 5666 voeanti
2886 5595 3063 5668 deque
3098 5666 3108 5668 ᾼ
3140 5596 3334 5653 Gothis
3354 5635 3394 5668 ,γ’
3420 5595 3654 5668 quando

2631 5662 2879 5724 hristiani
2926 5662 3057 5724 fa'cti
3088 5666 3312 5732 fuerint,
3345 5662 3465 5720 vid.
3488 5662 3648 5732 Socr.

2573 5730 2657 5795 ὗε.
2702 5740 2795 5794 lib.
2824 5754 2881 5806 ll,
2912 5755 2961 5795 c.
3004 5740 3060 5805 6,
3105 5738 3200 5797 lib.
3243 5730 3317 5804 vt,
3369 5750 3489 5809 cap.
3540 5730 3649 5807 27;

387 5822 505 5874 sam
532 5809 644 5886 jam
670 5809 799 5869 olim
833 5810 1107 5885 ejorarunt
1137 5809 1475 5870 Sozomcnus
1497 5813 1588 5870 lib.
1618 5828 1794 5889 t,cap.
1820 5829 1870 5883 v,
1895 5824 1946 5869 et
2056 5810 2261 5869 Thcod.
2298 5809 2336 5869 lI
2363 5828 2433 5880 ιν,
2465 5827 2583 5887 cap.
2619 5810 2714 5870 ult.
