4032 6338
323 323 441 382 (59

1368 319 1930 381 ECCLESIASTICIE
1972 321 2321 380 HISTORIA?)
2362 321 2491 378 LIB.
2523 321 2592 377 ll.

3494 325 3626 382 470’

335 438 418 510 τῷ
459 434 714 508 βασιλεῖ),
755 433 862 490 ὑπὸ
899 433 1162 490 Εὖσεὸίου
1193 433 1288 490 καὶ
1332 435 1442 488 τῶν
1489 435 1586 490 σὺν
1618 437 1768 509 αὐτῷ
1805 438 1926 491 ὲπι-

2036 436 2240 508 legatus
2266 450 2376 492 una
2397 449 2524 491 cum
2548 433 2670 490 aliis
2686 433 2752 489 ad
2777 433 3162 504 imperatorem
3181 435 3609 494 Constantinum

335 530 559 585 σκόπων
604 531 992 600 χειροτονεῖται
1023 527 1130 582 τῶν
1155 529 1214 581 ὲν
1267 529 1334 599 τῇ
1385 528 1582 600 Γετικῇ
1613 531 1929 601 Χριστιανι-

332 620 560 688 ζόντων,
587 621 680 674 καὶ
705 619 774 674 τά
795 638 856 674 τε
885 619 1022 675 ἄλλα
1054 618 1236 674 αὐτῶν
1263 619 1600 691 ἐπεμελεῖτο,
1624 621 1718 675 καὶ
1750 638 1932 693 γραμ-

337 715 529 786 μάτων
548 715 732 778 αὐτοῖς
753 715 973 768 οίκείων
999 714 1230 787 εὑρετὴς
1256 713 1561 779 καταστὰς,
1588 714 1930 787 μετέφρασεν

331 808 419 870 είς
449 806 550 877 τὴν
591 805 775 860 αὐτῶν
810 806 996 878 φωνὴν
1023 806 1124 872 τὰς
1157 806 1383 881 Γραφὰς
1419 807 1658 871 ἁπάσας,
1695 805 1834 878 πλήν
1864 822 1930 875 γε

330 896 401 969 δὴ
439 896 553 952 τῶν
593 897 913 963 Βασιλειῶν,
965 899 1060 952 ἅτε
1098 898 1210 952 τῶν
1247 899 1346 969 μὲν
1378 897 1632 970 πολέμων
1691 897 1930 972 ἱστορίαν

334 987 601 1058 ἐχουσῶν,
628 987 723 1042 τοῦ
757 987 815 1042 δὲ
848 987 1038 1052 ἔθνους
1073 987 1227 1052 ὄντος
1250 988 1636 1060 φιλοπολέμου,
1681 989 1778 1043 καὶ
1809 989 1930 1044 δεο-

335 1083 506 1154 μένου
551 1082 752 1153 μᾶλλον
807 1082 1025 1153 χαλινοῦ
1063 1081 1166 1153 τῆς
1223 1082 1318 1136 ἐπὶ
1360 1080 1458 1146 τὰς
1493 1081 1672 1154 μάχας
1717 1081 1929 1153 ὁρμῆς,

333 1167 458 1221 ἀλλ’
488 1169 608 1239 οὐχὶ
629 1168 722 1222 τοῦ
758 1169 895 1241 πρὸς
923 1169 1099 1223 ταῦτα
1125 1169 1539 1241 παροξύνοντος.
1564 1170 1744 1241 Ὅπερ
1775 1169 1930 1241 ίσχὺν

335 1258 454 1330 ἔχει
481 1260 654 1314 ταῦτα
685 1264 884 1326 ποιεῖν,
918 1261 1195 1333 σεϐάσμιά
1222 1280 1284 1316 τε
1314 1262 1550 1334 μάλιστα
1575 1262 1928 1334 νομιζόμενα,

333 1352 434 1404 καὶ
466 1351 602 1422 πρὸς
634 1351 732 1422 τὴν
769 1353 866 1406 τοῦ
896 1353 1054 1407 Θείου
1091 1353 1388 1425 θεραπείαν
1419 1353 1546 1416 τοὺς
1573 1353 1931 1425 πειθομένους

337 1442 841 1513 καταρυθμίζοντα.
883 1444 1160 1515 Ὶδρύσατο
1204 1445 1250 1498 δ’
1295 1447 1322 1499 ὁ
1359 1445 1613 1516 βασιλεὺς
1639 1445 1733 1500 τὸν
1770 1448 1932 1501 αὐτό-

340 1533 508 1604 μολον
553 1535 741 1590 τοῦτον
777 1536 906 1590 λαὸν
947 1537 1077 1609 περὶ
1114 1539 1184 1593 τὰ
1230 1537 1331 1608 τῆς
1364 1537 1580 1602 Μυσίας
1627 1539 1825 1611 χωρία,
1855 1538 1930 1602 ὡς

336 1626 561 1698 ἑκάστῳ
596 1627 750 1695 φίλον
778 1622 882 1699 ἦν·
945 1629 1041 1682 καὶ
1083 1627 1174 1683 τὸν
1225 1629 1501 1698 Οὐρφίλαν
1549 1628 1637 1683 διὰ
1675 1628 1933 1701 πλείστης

334 1712 447 1788 ἦγε
492 1719 677 1790 τιμῆς,
721 1719 798 1783 ὡς
849 1720 944 1773 καὶ
981 1718 1262 1785 πολλάκις,
1309 1720 1365 1774 '0
1385 1723 1469 1789 ἐφ’
1500 1720 1660 1792 ἡμῶν
1701 1721 1930 1792 Μωσῆς.

2034 533 2239 588 missus
2289 537 2437 585 esset
2476 527 2629 598 (nam
2674 535 2730 582 et
2774 526 3022 582 barbarae
3054 537 3242 597 gentes
3273 528 3389 585 illic
3415 531 3611 600 posita:

2033 622 2392 679 Constantino
2437 618 2938 690 obsequebantur),
2988 619 3057 674 ab
3092 619 3327 676 Eusebio
3377 619 3613 692 aliisque

2034 713 2130 784 qui
2166 729 2291 768 cum
2329 713 2421 768 illo
2452 717 2611 766 erant
2635 709 2932 780 episcopis,
2966 709 3250 767 ordinatus
3289 721 3374 768 est
3401 712 3614 782 episco.

2034 819 2137 874 pus
2166 801 2608 858 Christianorum
2640 798 2736 868 qui
2775 798 2915 866 apud
2945 796 3152 854 Gothos
3182 799 3468 869 degebant.
3500 800 3613 856 Eo-

2031 911 2158 950 rum
2183 895 2365 964 itaque
2391 902 2504 948 tum
2533 891 2655 947 aliis
2687 891 2742 947 in
2765 890 2931 946 rebus
2956 889 3248 944 maximam
3280 907 3465 947 curam
3488 908 3616 964 ges-
3689 891 3692 894 ί

2035 987 2109 1044 sit
2149 1003 2164 1042 :
2193 993 2308 1040 tum
2338 984 2592 1055 proprias
2617 982 2754 1053 ipsis
2780 982 2990 1037 litteras
3018 981 3368 1052 excogitavit,
3405 992 3458 1039 et
3485 983 3615 1039 uni-

2033 1091 2228 1133 versos
2289 1090 2465 1132 sacrae
2527 1073 2824 1144 Scriptura:
2883 1073 3058 1128 libros
3127 1074 3304 1142 patrio
3367 1074 3613 1144 ipsorum

2033 1183 2292 1227 sermone
2309 1168 2702 1238 interpretatus
2715 1174 2821 1233 est,
2843 1164 3251 1235 exceptislihris
3277 1165 3613 1236 Regnorum,

2032 1277 2100 1319 eo
2133 1261 2280 1330 quod
2315 1261 2406 1316 illi.
2456 1275 2544 1316 res
2571 1260 2714 1316 bello
2753 1267 2936 1329 gestas
2965 1258 3302 1326 contineant,
3349 1274 3482 1330 gens
3512 1275 3613 1316 au-

2032 1366 2142 1412 tem
2176 1355 2268 1410 illa
2317 1353 2476 1409 bellis
2514 1352 2756 1408 maxime
2786 1351 3110 1418 delectetur,
3150 1359 3204 1407 et
3237 1351 3393 1407 freno
3431 1353 3616 1423 potius

2033 1462 2172 1517 opus
2212 1446 2412 1502 habeat
2463 1447 2532 1500 ad
2582 1445 2808 1501 bellicos
2851 1446 3088 1516 impetus
3136 1445 3613 1516 comprimendos,

2032 1552 2196 1607 quam
2239 1535 2439 1592 calcari
2477 1550 2588 1606 quo
2625 1536 2692 1590 ad
2732 1535 2919 1604 praelia
2951 1534 3269 1591 incitentur.
3318 1535 3614 1590 Maximam

2033 1643 2196 1699 porro
2230 1627 2496 1684 incitandi
2522 1627 2632 1682 vim
2661 1626 2868 1681 habent
2902 1625 3027 1681 libri
3057 1626 3155 1692 illi,
3185 1633 3371 1698 utpote
3395 1627 3488 1697 qui
3523 1642 3619 1683 ve-

2035 1719 2306 1776 nerabiles
2340 1719 2580 1775 maxime
2605 1719 3009 1784 existimentur,
3041 1727 3095 1774 et
3121 1719 3459 1775 credentium
3495 1718 3616 1774 ani-

333 1807 525 1876 λέγειν
553 1811 681 1881 περὶ
712 1810 902 1867 αὑτοῦ.
932 1811 1068 1864 Δίαν
1099 1811 1156 1865 δὲ
1190 1805 1344 1875 οὗτος
1374 1811 1467 1865 τὸν
1496 1811 1664 1884 ἄνδρα
1693 1811 1921 1877 θειάςει,

2036 1826 2150 1868 mos
2184 1813 2252 1866 ad
2302 1813 2394 1868 Dei
2441 1813 2654 1869 cultum
2687 1812 3008 1868 informem.
3048 1809 3201 1869 Hanc
3235 1813 3403 1884 igitur
3436 1821 3620 1869 trans-

334 1900 434 1952 καὶ
464 1900 566 1970 τῆς
590 1902 878 1973 αίρετικῆς
905 1901 1070 1957 αὐτοῦ
1098 1902 1257 1976 δόξης
1288 1903 1528 1976 ἐραστὴν
1556 1903 1718 1959 αὐτόν
1745 1922 1806 1958 τε
1831 1903 1926 1958 καὶ

2036 1903 2282 1973 fugarum
2327 1904 2735 1960 multitudinem
2766 1904 3057 1976 imperator
3102 1905 3157 1960 in
3198 1903 3335 1961 locis
3391 1904 3615 1972 Mmsize,

263 2025 280 2033 -
332 1991 466 2056 τοὺς
496 1992 587 2046 ὑπ’
615 1993 780 2046 αὑτὸν
807 1994 1135 2065 ἀναγράφει.

2036 2004 2198 2066 prout
2233 1996 2433 2067 cuique
2474 1997 2652 2053 visum
2681 2004 2788 2065 est,
2826 1997 3152 2064 collocavit;
3185 2006 3240 2053 et
3273 1995 3618 2067 Urlilam-ip-

335 2099 463 2140 eum
483 2101 681 2156 magno
699 2086 755 2141 in
777 2087 986 2144 honore
1000 2087 1213 2156 habuit,
1238 2088 1376 2146 adeo
1399 2098 1457 2145 ut
1472 2089 1540 2146 de
1560 2089 1653 2144 illo
1667 2089 1920 2160 loquens,
1961 2102 2106 2160 sape
2128 2104 2258 2145 eum
2290 2089 2466 2145 nostri
2492 2089 2758 2161 temporis
2789 2087 2997 2146 Mosem
3068 2090 3382 2159 appellaret.
3442 2089 3619 2144 (late.

332 2191 460 2232 rum
493 2178 890 2251 Philostorgius
925 2181 1072 2238 hunc
1095 2180 1321 2239 Urlilam
1361 2181 1515 2238 miris
1543 2181 1800 2238 laudibus
1837 2181 2072 2250 extollit,
2120 2181 2304 2253 aitque
2318 2191 2373 2239 et
2394 2183 2573 2252 illum,
2604 2191 2661 2241 et
2675 2198 2773 2241 eos
2792 2183 2887 2256 qui
2942 2182 3048 2239 sub
3068 2182 3162 2239 illo
3194 2191 3351 2238 erant
3387 2181 3619 2243 Gothos.

331 2270 582 2340 ejusdem
617 2287 738 2326 cum
776 2273 896 2342 ipso
931 2273 1200 2331 haereseos
1232 2283 1532 2332 sectatores
1557 2274 1750 2332 fuisse.

409 2366 483 2426 ς’.
519 2361 642 2415 Ὅτι
670 2364 798 2426 τοὺς
827 2363 1095 2418 ἐνδοτάτω
1130 2364 1346 2430 Ἰνδοὺς,
1366 2366 1479 2420 ὅσοι
1513 2365 1750 2437 Χριστὸν
1777 2364 1928 2437 ἱμα-

333 2452 430 2506 θον
456 2454 623 2525 τιμᾷν
651 2455 716 2509 ὲκ
744 2455 843 2526 τῆς
875 2456 1283 2528 Βαρθολομαίου
1325 2456 1422 2512 τοῦ
1449 2457 1750 2513 ἀποστόλου
1782 2457 1930 2514 διδα-

335 2544 591 2609 σκαλίας,
617 2545 678 2599 τὸ
704 2547 1046 2618 ὲτεροούσιον
1070 2548 1396 2621 πρεσϐεύειν
1423 2549 1452 2602 ό
1479 2549 1748 2620 δυσσεϐὴς
1771 2567 1926 2621 φησι.

334 2633 452 2688 Καὶ
483 2633 574 2687 τὸν
605 2634 867 2706 Θεόφιλον
894 2636 1104 2707 εἰσάγει
1137 2637 1229 2692 τὸν
1263 2637 1422 2692 Ἰνδὸν
1450 2637 1564 2710 (16)
1599 2638 1659 2692 τὸ
1687 2637 1929 2693 τοιοῦτον

333 2719 721 2798 ἀσπαζόμενον
752 2729 1032 2803 φρόνημα,
1068 2730 1479 2803 παραγενέσθαι
1515 2748 1576 2784 τε
1607 2733 1690 2795 εἰς
1730 2732 1930 2796 αὐτοὺς

334 2820 435 2872 καὶ
467 2819 566 2890 τὴν
594 2819 774 2874 αὐτῶν
809 2821 1181 2892 ἐκδιηγεῖσθαι
1218 2823 1398 2890 δόξαν.
1428 2824 1502 2878 Τὸ
1521 2823 1580 2878 δὲ
1607 2824 1718 2877 τῶν
1753 2825 1931 2879 Ἰνδῶν

335 2909 494 2973 ἔθνος
541 2910 722 2976 τοῦτο,
760 2911 910 2966 Σάσα
947 2913 1047 2984 μὲν
1097 2913 1266 2969 πάλαι
1304 2913 1449 2986 (l7),
1484 2915 1594 2970 ἀπὸ
1637 2916 1737 2988 τῆς
1783 2916 1932 2972 Σάσα

341 3001 757 3072 μητροπόλεως,
792 3003 862 3058 τὰ
892 3003 989 3058 νῦν
1011 3003 1069 3059 δὲ
1110 3005 1414 3078 Ὀμηρίτας
1446 3006 1752 3060 καλεῖσθαι.

411 3172 480 3238 ζ’.
513 3173 638 3226 ’Ὁτι
671 3174 810 3245 μετὰ
828 3177 978 3248 τρεῖς
998 3176 1152 3242 ὅλους
1181 3177 1459 3243 ἐνιαυτούς
1485 3196 1648 3250 φησιν
1674 3179 1931 3234 Εὑσέὸιον

339 3267 439 3319 καὶ
487 3267 671 3360 ιίάριν
702 3269 795 3320 καὶ
837 3268 1094 3360 Θέογνιν,
1139 3269 1305 3342 ψήφῳ
1339 3271 1605 3342 βασιλέως
1637 3271 1732 3360 τοῦ
1775 3274 1933 3328 Κων-

341 3359 630 3413 σταντίνου
678 3359 940 3414 ἐπανόδου
971 3362 1254 3431 τυχόντας,
1283 3364 1520 3428 πίστεώς
1566 3382 1626 3419 τε
1662 3359 1931 3436 σύμϐολον

340 3449 634 3521 αίρετικῆς
666 3451 928 3516 ἐκθεῖναι,
975 3454 1073 3506 καὶ⁹
1122 3454 1429 3525 πανταχόσε
1471 3455 1796 3527 διαπέμψαι,
1842 3458 1930 3511 ἐπ’

338 3542 625 3614 ἀνατροπῇ
660 3543 764 3614 τῆς
789 3545 846 3598 ἐν
893 3545 1102 3618 Νικαίᾳ
1135 3547 1354 3601 συνόδου
1374 3563 1388 3579 ο
1421 3548 1516 3602 καὶ
1544 3549 1636 3603 τὸν
1678 3550 1930 3618 Ἀλεξαν-

339 3635 532 3706 δρείας
589 3635 936 3709 Ἀλέξανδρον
987 3638 1236 3695 καθελεῖν
1264 3640 1340 3711 (a)
1389 3657 1448 3694 τε
1506 3641 1598 3694 καὶ
1649 3641 1932 3714 ἀποκηρύ-

343 3726 738 3794 ξασθαι,-άνθ’
790 3722 864 3783 ὧν
909 3731 1003 3784 ἐπὶ
1031 3731 1091 3785 τὺ
1137 3731 1423 3802 ὁμοούσιον
1478 3734 1931 3806 παλιντραπέλως

341 3818 772 3891 ἐπανέστρεφεν.
817 3821 976 3876 Ἀλλὰ
1007 3823 1102 3876 καὶ
1130 3823 1426 3878 Εὑστάθιον
1449 3825 1542 3879 τὸν
1575 3826 1929 3896 Ἀντιοχείας,

343 3911 640 3984 παιδίσκης
672 3912 818 3984 μίξιν
842 3916 937 3969 καὶ
963 3917 1196 3989 αἰσχρᾶς
1214 3916 1410 3987 ἡδονῆς
1428 3918 1730 3972 ἀπόλαυσιν
1751 3914 1932 3974 αίτίαν

342 4004 863 4076 ἑπιγραψαμένους,
919 4007 1096 4080 φυγὴν
1157 4007 1306 4080 αὐτῷ
1361 4008 1614 4079 βασιλεὺς
1665 4011 1934 4082 ἐτιμήσα-

2103 2360 2157 2416 6.
2193 2359 2271 2415 De
2294 2359 2556 2416 Indorum
2580 2360 2892 2416 interiorum
2919 2363 3280 2417 conversione.
3300 2389 3371 2401 —
3398 2361 3618 2418 Αἰτίων-

2029 2453 2154 2523 pius
2180 2450 2623 2522 Philostorgius,
2660 2451 2951 2508 interiores
2997 2451 3158 2508 Indos
3199 2451 3292 2522 qui
3328 2451 3620 2508 Bartholo-

2034 2541 2160 2599 ιιιδεὶ
2196 2541 2434 2611 apostoli
2477 2541 2869 2610 praedicatione
2904 2542 2971 2598 ad
3005 2541 3210 2599 Christi
3237 2543 3444 2600 cultum
3485 2559 3620 2606 con-

2031 2635 2177 2690 versi
2195 2641 2347 2702 sent,
2359 2632 2685 2689 dissimilem
2699 2631 2826 2687 Filii
2840 2632 3203 2689 substantiam
3217 2633 3456 2703 proﬁteri
3469 2674 3481 2687 .
3502 2633 3618 2706 (I5)

2032 2726 2338 2798 Narratque
2373 2725 2735 2796 Theophilum
2765 2724 2984 2793 Indum,
3007 2726 3101 2796 qui
3119 2726 3260 2782 hanc
3287 2727 3619 2782 sententiam

2036 2819 2490 2890 amplectebatur,
2519 2819 2585 2873 ad
2612 2819 2738 2874 illos
2759 2819 2997 2884 venisse,
3025 2827 3251 2874 etsuam
3277 2818 3386 2873 illis
3402 2817 3618 2888 opinio-

2035 2925 2159 2966 nem
2193 2909 2508 2966 tradidisse.
2539 2908 2650 2965 llos
2671 2919 2852 2965 autem
2889 2908 3050 2966 Indos
3079 2911 3207 2965 olim
3260 2909 3481 2981 quidem
3514 2911 3618 2966 Sa-

2036 3002 2184 3058 baeos
2231 3001 2310 3057 ait
2336 3017 2460 3058 esse
2487 3001 2666 3058 dictos
2690 3003 2760 3058 ab
2796 3002 2933 3058 urbe
2973 3001 3154 3070 Saba,
3185 3017 3310 3072 quae
3347 3011 3513 3074 caput
3535 3016 3618 3060 est

1954 3080 1997 3140 (ἶ
2031 3092 2204 3149 totius
2231 3094 2439 3163 gentis;
2476 3109 2624 3149 nunc
2655 3108 2785 3149 vero
2819 3092 3131 3149 IIomeritas
3163 3093 3372 3148 vocari.

2109 3183 2162 3239 7.
2197 3185 2523 3239 Arianorum
2555 3185 2824 3254 synodus,
2849 3193 2899 3238 et
2933 3183 3205 3238 Eustathir'
3239 3184 3514 3252 depositio.
3544 3213 3617 3226 —

2039 3277 2132 3332 Ait
2152 3275 2574 3348 Philostorgius,
2604 3275 2924 3345 Eusebium,
2953 3277 3143 3340 Marim
3171 3288 3226 3332 et
3251 3277 3616 3348 Theognium,

2039 3378 2167 3441 post
2212 3369 2510 3426 trienni-um
2553 3369 2899 3426 Constantini
2943 3370 3297 3440 imperatoris
3341 3369 3504 3440 jussu
3548 3369 3629 3425 ab

2039 3459 2233 3517 exsilio
2254 3469 2561 3527 revocatos,
2586 3460 2896 3532 symbolum
2920 3461 3192 3516 haeretica;
3216 3460 3339 3516 ﬁdei
3355 3458 3620 3526 edidisse,

2039 3559 2094 3606 et
2137 3567 2582 3623 quaquaversum
2640 3551 2861 3608 misisse
2914 3552 2982 3608 ad
3034 3554 3374 3609 eversionem
3425 3551 3626 3623 synodi.

2038 3642 2308 3711 Nicaeum;
2346 3645 2718 3703 Alexandrum
2749 3661 2970 3718 quoque
3019 3646 3338 3716 episcopum
3379 3643 3621 3700 Alexan-

2038 3738 2172 3792 driae
2199 3738 2270 3793 ab
2289 3738 2482 3795 iisdem
2507 3739 2816 3810 depositum
2841 3753 2963 3794 esse
2978 3746 3034 3793 et
3061 3737 3618 3802 excommunicatum,

2038 3844 2104 3884 eo
2136 3831 2284 3900 quod
2321 3831 2389 3886 ad
2430 3830 2921 3887 consubstantialis
2960 3830 3126 3885 tidem
3153 3829 3335 3885 denuo
3365 3843 3620 3885 reversus

2039 3929 2208 3977 esset.
2249 3921 2357 3992 (18)
2387 3921 2495 3976 Sed
2518 3930 2572 3977 et
2591 3921 2938 3978 Eustathium
2963 3919 3386 3975 Antiochensem
3403 3918 3620 3988 episco-

2038 4025 2168 4082 pum
2200 4012 2427 4082 perinde
2453 4013 2522 4067 ab
2550 4013 2740 4069 iisdem
2765 3997 3076 4082 depositum
3101 4026 3250 4076 esse,
3276 4027 3402 4068 cum
3426 4012 3622 4084 puellae

1581 4181 1823 4227 VALESII
1863 4180 2366 4228 ANNOTATIONES.

417 4336 531 4410 (l5)
572 4335 892 4396 Theodorit.
923 4340 1018 4396 lib.
1048 4357 1088 4406 ι,
1119 4357 1168 4398 c.
1204 4341 1296 4397 25.

420 4408 535 4480 (16)
569 4411 862 4480 ρεόςθιλον
903 4410 1129 4480 εἰσάγει
1156 4414 1255 4467 τὸν
1307 4412 1513 4468 Ἰνδόν.
1557 4409 1710 4467 Hunc
1744 4410 1924 4467 Theo-

346 4477 563 4553 philum
598 4477 1000 4553 Philostorgius
1028 4477 1291 4553 perpetuo
1316 4483 1508 4539 Indum
1538 4493 1718 4548 vocat,
1751 4495 1812 4537 ut
1842 4483 1922 4537 vi-

344 4552 584 4621 dere_est
609 4549 662 4604 in
681 4549 954 4621 excerptis
973 4549 1041 4607 eri
1055 4549 1146 4607 lib}
1176 4568 1237 4608 Ill
1254 4562 1308 4609 et
1331 4569 1404 4614 ιν.
1429 4553 1519 4610 Sic
1542 4562 1724 4610 autem
1747 4554 1927 4610 dictus

345 4628 436 4674 est
464 4617 960 4690 Theophilusfseu
994 4623 1141 4690 quod
1176 4625 1446 4679 oriundus
1472 4633 1622 4680 esset
1655 4638 1718 4678 ex
1757 4623 1928 4686 India,

348 4704 446 4744 seu
489 4689 631 4757 quia
657 4692 866 4758 legatus
908 4693 975 4746 ad
1012 4689 1196 4759 Indos,
1231 4695 1347 4750 sive
1390 4693 1677 4764 IEthiopes
1725 4696 1930 4749 missus

346 4759 533 4833 fuerat
572 4775 603 4815 a
635 4760 980 4833 Constantio,
1010 4764 1476 4833 quemadmodum
1514 4765 1676 4820 docet
1744 4763 1930 4819 Philo-

346 4830 616 4904 storgiug.
639 4830 799 4904 Certe
849 4830 1145 4904 Gregorius
1192 4834 1470 4904 Nyssenus
1515 4836 1571 4890 in
1611 4835 1705 4889 lib.
1759 4835 1933 4904 primo

346 4850 799 4898 Storgtus.uerte
849 4850 954 4887 ure
993 4850 1145 4888 onus
1192 4850 1470 4904 lvyssenus
1515 4852 1571 4890 ιιι
1611 4850 1705 4889 ιιι).
1759 4850 1932 4904 primo

346 4908 537 4981 contra
551 4897 896 4981 Ιξιιηοῃιὶιιιη,
914 4850 1272 4981 ’[ᾗιτοριιῑίιιιιι
1291 4906 1436 4981 Ιῳιιε
1456 4905 1736 4981 Bleman
1755 4911 1932 4981 vocat,

345 4970 538 5044 aitque
569 4969 1081 5044 familiaremillum
1109 4973 1281 5030 fuisse
1305 4974 1538 5031 Caesaris
1566 4969 1704 5029 Galli
1738 4993 1752 5029 :
1784 4975 1932 5044 quod

348 5040 572 5114 quidem
602 5050 831 5114 testatur
851 5043 1012 5114 etiam
1039 5043 1442 5114 Philostorgius
1472 5046 1525 5100 in
1557 5045 1695 5100 libro
1725 5040 1933 5100 wao-

350 5124 453 5163 cus
479 5109 725 5188 Gregorii
749 5109 977 5188 Nysseni
990 5114 1087 5188 _s_ic_
1115 5109 1611 5188 liabet_:'l‘tvtboxet
1630 5115 1729 5188 τὴν
1753 5132 1937 5188 καινο-

351 5178 563 5256 φωνίαν
577 5178 782 5256 ταύτην
798 5178 960 5256 καλ-ό
989 5184 1244 5256 Βλέμμυς
1267 5185 1545 5256 Θεόφιλος,
1575 5179 1620 5253 ᾧ
1649 5178 1938 5256 συνηθείας

348 5249 499 5328 τινός
531 5252 658 5328 περὶ
683 5249 1000 5328 τξνβΓάλλον
1036 5249 1602 5328 προὒπ-αρχοιξσηςίό
1621 5249 1826 5328 Ἀἐντιος
1857 5257 1937 5319 εἰς

349 5317 425 5375 τὰ
448 5317 699 5392 βασίλεια
722 5321 788 5376 δι’
823 5322 990 5377 αὐτοῦ
1025 5317 1342 5396 παρεδύετδ.
1377 5317 1494 5382 Nisi
1521 5325 1662 5381 forte
1689 5317 1937 5381 dicamus

1959 4351 2008 4412 ι)
2035 4341 2343 4414 Blemmyas
2372 4342 2598 4414 perinde
2623 4356 2689 4398 ac
2714 4342 3002 4414 Ethiopas
3021 4343 3262 4414 vicinos,
3285 4357 3316 4399 a
3339 4346 3620 4405 veteribus

2032 4412 2196 4486 Indos
2229 4412 2350 4468 esse
2375 4412 2698 4486 appellatos.
2733 4414 2878 4486 Sane
2905 4412 3214 4486 Blemmyes
3250 4413 3425 4470 Mauri
3452 4419 3622 4473 etiam

2033 4483 2166 4538 dicti
2196 4493 2344 4547 sunt,
2373 4484 2449 4538 uti
2477 4483 2742 4538 discimus
2759 4500 2824 4540 ex
2841 4483 3136 4542 Ammonio
3165 4486 3221 4540 in
3251 4486 3343 4542 lib.
3369 4487 3450 4542 De
3483 4490 3625 4544 cazde

2035 4552 2264 4608 Patrum
2292 4555 2349 4606 in
2375 4566 2550 4609 monte
2579 4553 2732 4610 Sina.

2103 4623 2214 4694 (I7)
2260 4623 2423 4679 Σάϐα
2460 4625 2579 4694 μὲν
2621 4625 2832 4680 πάλαι.
2877 4625 2931 4680 In
2970 4643 3074 4682 ms.
3112 4628 3298 4684 codice
3346 4629 3624 4685 Samuelis

2031 4694 2292 4748 Bocharti
2334 4696 2598 4752 scribitur
2632 4695 2827 4752 Σάὸαι.
2871 4696 3046 4762 Quam
3089 4698 3378 4753 lectionem
3426 4700 3625 4754 conﬁr-

2031 4764 2512 4839 mat_Stephauus
2548 4765 2842 4839 Byzantius
2868 4805 2883 4827 ,
2926 4769 3016 4839 qui
3040 4769 3396 4839 metropolim
3444 4769 3619 4839 ipsam

2032 4835 2107 4889 ita
2125 4836 2326 4890 dictam
2351 4851 2473 4892 esse
2497 4835 2726 4891 testatur
2751 4838 2802 4888 in
2826 4851 2956 4890 voce
2982 4836 3171 4891 Σάϐαι.
3197 4835 3625 4894 Ᾱι·ι’ὶιιιιιιείνει”ο

2033 4905 2104 4979 in_
2124 4907 2335 4977 periplo
2363 4907 2531 4979 maris
2562 4906 2870 4979 Erythraei,
2906 4907 3095 4979 urbem
3127 4907 3301 4976 ipsam
3336 4909 3487 4979 Σάϐη
3516 4924 3623 4964 no-

2033 4974 2498 5050 primu—populos
2529 4974 2658 5050 vero
2685 4974 3082 5050 §ahaitas,_qui
3113 4974 3291 5050 eidem
3311 4982 3425 5050 regi
3460 4974 3622 5050 pare-

2034 5046 2166 5101 bant
2195 5045 2282 5102 cui
2331 5045 2645 5102 Homeritze.
2687 5045 2921 5101 Proinde
2962 5045 3185 5104 sabinos
3225 5049 3296 5104 ab
3326 5045 3622 5107 Hom'eritis

2034 5117 2324 5189 distinguit
2351 5115 2913 5189 Arrianus._Ul_'anius
2940 5133 3161 5189 quoque
3191 5119 3246 5173 in
3282 5119 3378 5174 lib.
3411 5135 3426 5174 ι
3477 5117 3624 5173 Ανα-

2039 5184 2349 5259 bicoru'm_._
2368 5186 2591 5259 Sabaeos
2622 5187 2708 5259 ab,
2728 5184 3021 5243 Homeritis
3050 5184 3304 5259 separat,
3337 5198 3398 5245 ut
3439 5190 3625 5247 videre

2035 5266 2126 5332 est
2143 5255 2656 5332 apudStephanum
2698 5258 2754 5312 in
2783 5272 2916 5332 voce
2938 5255 3322 5332 χατραμῶται.

2111 5328 2224 5399 (l8)
2255 5326 2572 5384 Theudor-it.
2606 5329 2643 5383 ι.
2675 5345 2714 5394 ι,
2749 5344 2800 5384 c.
2842 5329 2934 5383 21.

1833 5512 2157 5558 VARIORUM
2165 5543 2180 5558 .

416 5629 497 5714 id.)
531 5633 644 5714 Καὶ
673 5635 790 5714 τόν.
829 5638 1287 5714 ξΑᾼεξανδρείας
1342 5641 1740 5712 Ἀλέξανδρον
1796 5645 1936 5696 καθ-

352 5704 541 5783 ετλσζν.
580 5704 695 5762 Hoc
722 5706 1078 5783 falsissimum
1107 5704 1188 5783 est
1220 5731 1232 5767 :
1262 5704 1405 5767 inter
1430 5704 1793 5769 ori—ines'enim
1850 5714 1934 5766 hi-

357 5779 594 5830 storicos
625 5787 856 5844 constat,
893 5779 1262 5838 Alexandrum
1287 5783 1434 5840 brevi
1471 5785 1728 5854 temporis
1756 5785 1935 5855 spatio

2041 5645 2276 5720 concilio
2322 5645 2544 5720 Nicpaeno
2578 5648 2971 5720 supervixisse.
3015 5647 3222 5717 Quinto
3263 5655 3402 5720 post
3436 5663 3624 5706 mense

2042 5713 2369 5840 ἔπλει
2403 5713 2764 5775 Athanasium
2794 5763 2807 5789 ,
2845 5721 3002 5792 Apol.
3040 5713 3125 5790 ἰι,
3162 5713 3286 5792 μεθ’.
3321 5719 3446 5788 565,
3485 5720 3620 5778 edit.
