4028 6338
197 5539 213 5576 1

261 327 377 382 ιῗὸ

1305 336 1863 398 ECLLESIASTICIE
1905 339 2252 400 HISTORIA}
2291 346 2420 403 LIB.
2463 345 2528 404 11.

3426 362 3536 418 Πὸ

346 436 438 490 ια’.
470 435 595 490 Ὅτι
635 437 697 492 τὸ
729 438 986 506 δυσσεϐὲς
1027 436 1182 509 οὗτος
1213 446 1306 501 τοῦ
1339 449 1572 518 ψεύδους
1608 451 1852 524 ὄργανον1

2037 458 2124 514 11.
2155 459 2480 516 Athanasius
2509 478 2590 532 ep.
2624 464 2779 519 Alex.
2819 496 2876 507 —
2907 466 2999 523 Ait
3027 467 3229 540 impius
3258 470 3349 528 hic
3381 488 3537 528 men-

281 526 638 600 Ἀλεξάνδρου
672 529 766 584 τοῦ
819 531 1232 606 Ἀλεξανδρείας
1277 540 1721 613 τελευτήσαντος,
1765 545 1862 599 καὶ

259 618 470 690 ψήφων
521 619 698 674 ἄλλων
750 623 839 675 ἐπ’
891 623 1087 690 ἄλλους
1125 631 1440 702 φερομένων
1462 672 1480 698 ,
1527 635 1624 688 καὶ
1668 637 1859 707 χρόνου

261 712 418 776 τινὸς
438 712 532 766 ἐπὶ
556 711 719 767 τοῦτο
748 718 1214 790 παρατεινομένου
1235 720 1371 793 (24),
1400 724 1494 778 τὸν
1519 724 1664 780 θεῖον
1697 728 1860 784 Ἀθα-

260 802 455 857 νάσιόν
493 820 627 874 φησι
678 805 809 876 περὶ
859 805 1044 879 δείλην
1088 809 1250 880 ὀψίαν
1301 815 1383 878 είς
1431 813 1534 882 τὴν
1585 819 1860 872 Διονυσίου

263 895 618 968 καλουμένην
669 898 971 970 ἐκκλησίαν
1012 902 1400 977 ἐσπηδήσαντα
1440 907 1576 981 (25),
1624 911 1720 965 κα)⁸
1769 910 1863 966 δύο

259 986 424 1052 τινὰς
454 987 562 1042 τῶν
594 989 910 1059 Αἰγυπτίων
939 994 1256 1050 ἐπισκόπων
1281 999 1534 1069 εὑρόντα,
1557 1000 1658 1066 τὰς
1685 1002 1861 1068 πύλας

258 1097 328 1132 τε
380 1080 520 1135 κατά
566 1081 910 1154 ὀχυρώτατον
959 1086 1101 1156 μετά
1152 1089 1261 1144 τῶν
1303 1094 1688 1149 συστασιωτῶν
1737 1096 1861 1148 ἐπι-

261 1159 646 1242 κλεισάμενον,
667 1171 811 1226 οὕτω
844 1175 944 1244 τὴν
973 1179 1308 1249 χειροτονίαν
1340 1182 1594 1238 ὑπελθεῖν
1621 1183 1722 1254 (ο),
1751 1185 1861 1238 τῶν

260 1265 725 1337 χειροτονούντων
757 1268 926 1323 πολλὰ
949 1270 1050 1340 μὲν
1075 1271 1469 1330 ἀνανευόντων.
1488 1275 1599 1346 Τῆς
1617 1276 1674 1328 δὲ
1701 1293 1864 1348 προσ-

260 1357 547 1429 αγομένης
570 1359 757 1424 αὐτοῖς
787 1359 932 1431 βίας,
967 1361 1215 1434 μείζονος
1252 1367 1352 1436 τῆς
1391 1365 1591 1438 βουλῆς
1629 1369 1724 1422 καὶ
1759 1369 1861 1440 τῆς

259 1449 555 1521 δυνάμεως
588 1452 970 1525 γεγενημένης
994 1494 1012 1520 ,
1059 1456 1131 1509 τὸν
1163 1456 1356 1510 δοκοῦν
1412 1457 1714 1531 ’Δθανασίῳ
1741 1461 1862 1514 ἐπι-

257 1538 608 1610 τελεσθῆναι.
650 1543 759 1596 Καὶ
789 1543 867 1608 ὡς
890 1546 919 1597 ὁ
962 1545 1154 1618 παρὼν
1201 1547 1311 1601 τῶν
1347 1550 1670 1606 ἐπισκόπων
1699 1552 1860 1617 ἄλλος

258 1630 478 1702 ὅμιλος,
509 1631 598 1685 διά
624 1632 724 1702 τὴν
759 1634 1019 1706 τοιαύτην
1047 1635 1232 1692 αἰτίαν
1277 1638 1356 1710 τῷ
1391 1641 1705 1713 ἀναθήματι
1731 1643 1858 1698 τοῦ-

256 1740 356 1777 τον
385 1724 838 1796 παρεπέμψαντο.
869 1727 976 1783 Τὸν
1001 1727 1059 1782 δέ
1098 1729 1417 1788 Ἀθανάσιον
1445 1735 1857 1808 κρατυνάμενον

1963 549 2244 606 daciorum
2277 552 2496 619 artifex,
2533 564 2658 624 post
2688 566 2922 614 mortem
2966 559 3261 617 Alexandri
3291 565 3537 636 episc0pi

1960 639 2326 709 Alexandria,
2369 659 2496 700 cum
2535 647 2880 704 variantibus
2919 650 3303 722 episcopon
3341 655 3538 712 suffra-

1961 731 2087 802 giis,
2117 733 2304 803 plures
2336 733 2757 807 designarentur
2784 739 3063 810 episcopi,
3109 749 3165 796 et
3190 743 3533 814 aliquantum

1961 825 2226 894 temporis
2279 825 2336 880 in
2387 827 2493 883 hac
2539 828 2897 886 altercatione
2947 839 3237 899 tereretur,
3287 834 3535 892 divinum

1959 913 2322 972 Athanasium
2352 919 2455 974 sub
2483 933 2764 990 vesperam
2789 921 2843 975 in
2873 921 3165 979 ecclesiam
3189 939 3310 995 quae
3333 925 3536 998 Diony-

1961 1008 2031 1063 sii
2063 1009 2288 1075 dicitur,
2321 1011 2610 1068 advolasse
2649 1032 2664 1068 :
2699 1030 2936 1086 cumque
2967 1015 3044 1071 ibi
3093 1017 3234 1073 duos
3263 1019 3532 1088 quosdam

1959 1100 2248 1173 episcopos
2274 1102 2498 1176 Egypti
2533 1107 2828 1176 reperisset
2845 1147 2862 1174 ,
2892 1108 3094 1178 ianuas
3133 1125 3244 1166 una
3267 1127 3398 1167 cum
3417 1127 3530 1166 suae

1961 1190 2216 1249 factionis
2263 1193 2580 1252 hominibus
2620 1196 2938 1254 firmissime
2983 1199 3321 1266 occlusisse,
3369 1210 3536 1272 atque

1961 1283 2036 1339 ita
2087 1284 2404 1342 ordinatum
2443 1302 2601 1352 esse,
2647 1289 2881 1344 multum
2931 1289 3060 1347 licet
3108 1293 3534 1350 reclamantibus

1961 1377 2389 1435 ordinatoribus.
2445 1380 2553 1436 Sed
2586 1395 2713 1436 cum
2755 1382 2842 1438 vis
2890 1382 3000 1438 illis
3042 1382 3336 1440 inferretur
3383 1385 3533 1456 ejus-

1959 1469 2110 1524 modi
2129 1510 2146 1536 ,
2177 1485 2300 1540 quae
2334 1471 2672 1528 voluntatem
2703 1474 2950 1544 ipsorum
2979 1477 3396 1549 potentiamque
3443 1494 3537 1536 su-

1959 1559 2206 1629 perabat,
2225 1559 2536 1617 conl'ectum
2555 1577 2677 1619 esse
2693 1563 2748 1620 id
2772 1567 2918 1636 quod
2935 1566 3149 1623 volebat
3175 1568 3532 1626 Athanasius.

1958 1651 2124 1705 Addit
2154 1650 2554 1725 Philostorgius
2591 1654 2860 1725 reliquam
2891 1657 3276 1728 episcoporum
3301 1660 3394 1730 qui
3418 1668 3534 1715 tum

1960 1741 2188 1796 aderant
2221 1742 2651 1810 multitudinem,
2683 1744 3044 1802 Athanasium
3073 1747 3238 1816 hujus
3266 1748 3345 1803 rei
3367 1762 3536 1804 causa

255 1815 334 1869 τὰ
367 1815 494 1870 καθ’
523 1817 739 1883 ἑαυτὸν,
772 1817 848 1882 ώς
877 1819 988 1872 ἀπὸ
1013 1819 1108 1873 τοῦ
1138 1821 1317 1875 κοινοῦ
1346 1823 1449 1894 τῆς
1476 1825 1686 1890 πόλεως
1718 1827 1852 1897 πρὸς

1959 1833 2291 1890 anathemati
2340 1835 2665 1906 subiecisse.
2716 1837 2874 1895 Hunc
2919 1855 3051 1896 vero
3074 1882 3090 1907 ,
3121 1855 3247 1896 cum
3286 1857 3374 1897 res
3405 1856 3535 1896 suas

258 1905 492 1978 βασιλέα
513 1909 721 1981 γράψαι
743 1910 842 1982 τὴν
876 1911 959 1976 εἰς
981 1911 1520 1988 τὴνάρχιερωσύνην
1549 1917 1857 1990 ἀνάρρησιν

255 1999 452 2056 αὐτοῦ.
499 2001 604 2054 Τὸν
653 2001 747 2066 δέ,
799 2003 1101 2074 νομίσαντα
1147 2004 1334 2076 κοινῆς
1378 2005 1574 2079 βουλῆς
1617 2003 1756 2061 εἶναι
1795 2007 1858 2060 τὸ

254 2090 540 2164 ⁴γράμμα,
602 2092 937 2163 ἐπιψηφίσαι
993 2093 1094 2168 τὴν
1179 2097 1418 2170 κατοχὴν
1486 2097 1578 2152 τοῦ
1641 2098 1853 2171 θρόνου.

259 2181 532 2256 Ὕστερον
560 2183 618 2238 δὲ
653 2182 894 2256 μαθόντα
923 2183 991 2239 τά
1027 2188 1416 2258 πεπραγμένα,
1446 2189 1526 2252 εἰς
1553 2189 1856 2263 Τύρον-τῆς

253 2274 516 2348 Φοινίκης
561 2276 728 2332 αὑτὸν
775 2276 1190 2346 ἐξαποστεῖλαι,
1222 2280 1302 2352 τῷ
1349 2281 1533 2335 ἐκεῖσε
1585 2283 1854 2354 συνεδρίῳ

251 2369 419 2438 λόγον
466 2362 543 2424 ὧν
581 2369 776 2442 ἔδρασε
806 2369 1069 2427 δώσοντα.
1101 2372 1214 2426 Καὶ
1242 2372 1396 2444 μόλις
1427 2375 1529 2446 μὲν
1565 2372 1660 2430 οὖν
1707 2371 1851 2444 εἶξαι

241 2465 374 2526 ταῖς
411 2461 702 2534 βασιλείοις
729 2462 982 2528 ἀπειλαῖς
1025 2463 1119 2518 τὸν
1165 2464 1506 2521 Ἀθανάσιον.
1531 2466 1768 2532 Εἰξαντα
1805 2467 1854 2523 δ’

245 2547 352 2612 οὖν
381 2553 478 2608 καὶ
503 2555 949 2627 παραγενόμενον
970 2555 1052 2620 εἰς
1069 2554 1266 2629 Τύρον,
1293 2557 1421 2623 τοὺς
1448 2558 1549 2630 μέν
1569 2557 1727 2631 δίκην
1751 2559 1854 2614 οὐκ

249 2646 605 2718 ιίσέρχεσθαι
630 2645 767 2719 (26)’
791 2646 1018 2718 γύναιον
1045 2647 1104 2702 δέ
1128 2666 1180 2703 τι
1205 2648 1621 2722 μισθωσάμενον
1648 2651 1854 2722 ἐταιριο

249 2737 374 2802 κδν,
411 2737 513 2810 ῆδη
537 2737 616 2810 τῷ
648 2739 751 2810 τῆς
790 2739 1030 2811 γαστρὸς
1065 2737 1216 2810 ὄγκῳ
1247 2738 1346 2811 τὴν
1375 2740 1675 2795 ἀκολασίαν
1715 2758 1852 2814 στη-

251 2829 496 2896 λιτεῦον,
536 2831 831 2900 ἐπαφεῖναι
876 2830 1322 2902 διαμηχανᾶσθαι
1353 2829 1434 2902 τῷ
1477 2830 1760 2904 Εὐσεσίῳ,
1791 2833 1850 2899 δς

246 2923 353 2977 τοῦ
389 2924 572 2978 ἐκεῖσε
630 2923 910 2996 συνεδρίου
947 2925 1244 2996 κορυφαῖος
1293 2923 1610 2995 ἐνομίζετοο
1643 2925 1723 2998 τῷ
1762 2925 1852 2981 διὰ

245 3015 356 3087 τὴν
402 3015 788 3087 συκοφαντίαν,
837 3015 914 3080 ὼς
945 3016 1115 3082 εἰκὸς,
1153 3017 1451 3088 ἐμπεσόντι
1508 3017 1722 3090 θορύϐῳ
1753 3019 1852 3074 καὶ

249 3107 508 3181 ταράχῳ,
543 3108 644 3180 τήν
696 3126 758 3163 τε
809 3109 970 3181 δίκην
1018 3107 1325 3180 ὑποκλέψαι
1373 3109 1468 3165 καὶ
1514 3109 1615 3182 τὴν
1667 3110 1849 3182 κρίσιν

248 3167 520 3267 εκὲρυξέιν
563 3167 947 3270 διανοούμενος
973 3199 1123 3271 (27)·
1163 3167 1485 3272 φωραθῆναι
1518 3167 1582 3255 δέ
1615 3167 1721 3273 τιλᾷ
1756 3218 1850 3254 συ-
1876 3167 1920 3228 c

252 3291 460 3362 σκευὴν
487 3291 516 3343 ὁ
549 3289 643 3344 τοῦ
675 3290 908 3361 ψεύδους
955 3291 1110 3362 φίλος
1144 3292 1474 3365 ἀναγράφει,
1504 3293 1572 3347 δι’
1613 3288 1681 3367 ἦς
1722 3292 1852 3364 μεθ-

247 3382 378 3436 όδου
408 3383 573 3452 φασὶν
599 3385 650 3438 οἱ
694 3384 940 3448 εὐσεϐεῖς
971 3384 1034 3438 τὸ
1072 3385 1218 3439 κατὰ
1268 3383 1364 3438 τοῦ
1403 3385 1644 3456 μεγάλου
1686 3385 1849 3440 Ἀθα-

246 3474 446 3529 νασίου
484 3475 755 3547 μισθωθέν
787 3476 942 3550 παρὰ
978 3476 1088 3530 τῶν
1125 3475 1406 3530 δυσσεόῶν
1472 3477 1742 3550 πορνίδιον
1774 3475 1852 3530 δι-

249 3567 607 3639 ιλεγχθῆναι.
645 3567 751 3622 Τὸν
782 3569 882 3641 μὲν
920 3568 1031 3641 γὰρ
1079 3568 1342 3623 Εὐσέϐιον
1391 3569 1850 3626 διαπυνθάνεσθαι

243 3663 353 3732 τῆς
379 3661 669 3734 ἐταιρίδος,
704 3662 754 3714 εἰ
775 3662 1036 3731 γινώσκει
1065 3661 1242 3732 αὐτῆς
1271 3662 1364 3716 τὸν
1393 3662 1602 3734 φθορέα
1623 3678 1638 3694 ⁶
1665 3665 1764 3735 τῆς
1791 3665 1849 3718 δὲ

249 3754 353 3806 καὶ
383 3752 530 3823 μάλα
552 3753 985 3827 διατεινομένης,
1011 3754 1554 3826 προσαναπυθέσθαι,
1580 3757 1631 3810 εί
1655 3758 1761 3830 ἄρα
1783 3775 1850 3828 γε

243 3846 445 3903 τοῦτον
479 3848 508 3900 ὁ
565 3845 757 3920 παρὼν
806 3849 1000 3920 χρόνος
1047 3847 1162 3920 ἔχει
1216 3847 1367 3920 (28)·
1398 3849 1499 3922 τὴν
1547 3849 1606 3904 δὲ
1659 3850 1846 3920 φάναι,

242 3939 528 4011 Εὐφήμει,
561 3932 608 3994 ὧ
652 3938 924 3994 δέσποταο
963 3940 1026 3996 οὐ
1056 3940 1165 4013 γάρ
1211 3939 1380 4011 ἔγωγ’
1427 3941 1496 3996 ἂν
1531 3942 1846 4016 μαινοίμην,

244 4030 468 4101 ἀνδρῶν
521 4030 780 4087 τοιούτων
833 4031 1068 4104 αἰσχρᾶς
1107 4032 1301 4104 ἡδονῆς
1348 4032 1614 4089 δουλείαν.
1683 4035 1848 4090 Ὥστε

245 4122 605 4190 καταγνῶναι
653 4119 752 4178 εἶτ’
795 4123 1050 4180 ἐντεῦθεν
1100 4123 1420 4196 ἀρξαμένης
1464 4123 1850 4199 παραγυμνοῦ-

246 4214 380 4269 σθαι
419 4213 523 4282 τῆς
551 4215 834 4289 ἀληθείας,
862 4218 963 4290 τὴν
993 4217 1124 4292 ὃλην
1152 4218 1425 4292 συσκευὴν
1462 4218 1849 4291 ἀνακαλυφθῆ-

244 4323 363 4361 ναι.
407 4306 523 4360 Καὶ
567 4307 660 4362 τὸν
705 4309 808 4380 μὲν
867 4309 1133 4364 Εὐσέϐιον
1190 4309 1426 4382 κρείττω
1481 4309 1847 4381 συκοφαντίας

245 4398 434 4470 πάσης
457 4398 726 4472 ὀφθῆναιο
767 4402 860 4456 τὸν
886 4401 945 4456 δὲ
988 4402 1328 4469 Ἀθανάσιον,
1361 4403 1483 4457 ἀντὶ
1514 4401 1611 4456 τοῦ
1653 4403 1847 4474 φυγεῖν

1956 1925 2111 1996 prius
2141 1928 2541 1994 confirmasset,
2579 1930 2746 1986 totius
2793 1930 3028 1988 civitatis
3064 1932 3288 1988 nomine
3320 1932 3532 1988 litteras

1957 2019 2024 2075 ad
2051 2020 2437 2092 imperatorem
2471 2021 2538 2076 de
2566 2021 2913 2078 ordinatione
2941 2039 3040 2079 sua
3076 2023 3393 2095 scripsisse.
3425 2025 3533 2092 Qui

1957 2126 2084 2168 cum
2120 2112 2452 2169 easlitteras
2477 2112 2548 2169 ab
2575 2113 3073 2170 Alexandrinorum
3111 2116 3264 2172 curia
3300 2116 3538 2187 scriptas

1955 2219 2080 2260 esse
2117 2204 2498 2271 existimaret,
2547 2205 2873 2262 electionem
2923 2207 3074 2262 illam
3125 2221 3229 2263 suo
3276 2207 3536 2278 sufl'ragio

1954 2297 2356 2366 comprobavit.
2410 2295 2609 2353 Postea
2648 2313 2783 2354 vero
2807 2297 2878 2354 de
2917 2298 2988 2354 iis
3018 2314 3141 2370 quae
3169 2308 3289 2354 acta
3320 2299 3533 2353 fuerant

1954 2383 2156 2440 certior
2189 2383 2388 2452 factus,
2414 2385 2777 2442 Athanasium
2809 2387 2957 2443 misit
2989 2386 3220 2458 Tyrum,
3251 2404 3373 2459 quae
3405 2389 3536 2444 urbs

1951 2485 2038 2534 est
2061 2476 2368 2547 thnices,
2395 2487 2453 2534 ut
2477 2481 2690 2553 synodo
2711 2496 2834 2552 quae
2853 2481 2928 2536 ibi
2952 2481 3182 2538 collecta
3202 2491 3342 2547 erat,
3369 2482 3535 2538 ratio-

1952 2583 2077 2624 nem
2128 2579 2405 2641 gestorum
2453 2571 2726 2628 redderet.
2772 2571 2840 2627 Et
2907 2573 3269 2630 Athanasium
3318 2574 3536 2645 quidem

1952 2657 2299 2730 imperatoris
2347 2661 2515 2718 minis
2557 2662 2797 2720 cessisse
2849 2663 3042 2720 scribit
3100 2663 3533 2737 Philostorgius.

1951 2749 2196 2808 Tandem
2226 2766 2359 2809 vero
2385 2767 2514 2809 cum
2545 2753 2788 2809 venisset
2820 2752 3027 2826 Tyrum
3047 2793 3064 2819 ,
3094 2754 3275 2826 ipsum
3313 2757 3535 2826 quidem

1950 2843 2148 2900 sistere
2163 2858 2225 2900 se
2241 2843 2300 2899 in
2320 2843 2534 2916 judicio
2549 2843 2797 2901 noluisse
2816 2862 2833 2912 ;
2855 2844 2949 2900 sed
2977 2845 3323 2901 meretricem
3345 2862 3535 2918 quam-

1949 2937 2099 3003 dam,
2123 2953 2248 3009 qua:
2269 2937 2391 3008 ipso
2408 2938 2618 2995 ventris
2639 2949 2853 2994 tumore
2869 2937 3351 3010 intemperantiam
3381 2955 3535 2995 suam

1949 3030 2244 3102 prodebat,
2278 3029 2529 3087 mercede
2560 3031 2926 3100 conduxisse,
2962 3039 3018 3087 et
3049 3029 3316 3087 adversus
3364 3031 3535 3088 Euse-

1949 3123 2124 3192 bium,
2152 3122 2248 3194 qui
2270 3123 2466 3196 synodi
2489 3122 2638 3179 illius
2660 3122 2917 3194 princeps
2952 3129 3116 3194 atque
3140 3123 3536 3194 antesignanus

1950 3215 2278 3283 habebatur,
2312 3231 2411 3286 per
2455 3214 2704 3272 fraudem
2753 3215 3109 3284 submisisse;
3150 3215 3390 3271 tumultu
3441 3217 3536 3272 illo

1953 3321 2019 3363 ac
2049 3313 2204 3362 motu
2236 3306 2330 3377 qui
2356 3322 2424 3363 ex
2447 3305 2765 3375 hujusmodi
2805 3305 3102 3374 calumnia,
3140 3315 3202 3362 ut
3233 3308 3536 3365 verisimile

1952 3407 2059 3466 est,
2083 3398 2409 3455 excitandus
2428 3407 2566 3466 erat,
2595 3398 2882 3454 elusurum
2903 3411 2963 3454 se
2987 3398 3280 3469 judicium,
3310 3409 3365 3455 et
3384 3399 3511 3455 dam

1951 3489 2231 3545 nationem
2271 3487 2771 3560 subterfugi-turum
2805 3502 2964 3554 esse,
3009 3489 3393 3547 arbitrantem.
3430 3491 3535 3548 Sed

1950 3579 2198 3636 fraudem
2225 3579 2494 3636 detectam
2524 3595 2647 3637 esse
2686 3580 2881 3636 scribit
2916 3579 3309 3652 philopseudes
3351 3591 3537 3638 noster

1949 3673 2141 3730 eodem
2186 3672 2350 3744 plane
2386 3672 2591 3737 modo,
2631 3688 2744 3743 quo
2785 3672 3076 3728 orthodoxi
3123 3682 3369 3729 scortum
3402 3675 3534 3729 illud

1949 3764 2098 3836 quod
2131 3764 2398 3820 adversus
2437 3779 2698 3835 magnum
2747 3762 3110 3820 Athanasium
3152 3765 3222 3820 ab
3264 3765 3536 3822 haereticis

1949 3857 2284 3914 conductum
2310 3854 2510 3924 fuerat,
2539 3856 2855 3912 convictum
2889 3870 3013 3912 esse
3060 3855 3332 3911 scribunt.
3361 3854 3531 3911 Euse-

1948 3947 2102 4004 bium
2145 3948 2293 4005 enim
2338 3948 2417 4003 ait
2482 3946 2803 4018 quaesivisse
2857 3961 2926 4003 ex
2977 3945 3298 4011 meretrice,
3351 3955 3534 4001 utrum

1948 4049 2317 4112 stupratorem
2377 4054 2540 4096 suum
2595 4046 2804 4094 nosset.
2833 4037 2966 4105 Quae
3014 4052 3140 4092 cum
3200 4036 3535 4093 affirmasset

1949 4131 2104 4188 illum
2180 4130 2284 4187 sibi
2343 4129 2514 4200 probe
2588 4133 2782 4183 notum
2849 4141 3007 4194 esse,
3101 4141 3303 4183 rursus
3339 4126 3534 4190 Euse-

1947 4220 2102 4278 bium
2166 4218 2520 4292 quaesivisse,
2571 4231 2704 4272 num
2760 4215 2853 4272 ille
2903 4217 2963 4272 in
3023 4217 3284 4288 praesenti
3318 4217 3534 4288 episco-

1947 4326 2146 4384 porum
2187 4325 2452 4368 consessu
2519 4315 2856 4365 versaretur.
2917 4307 3057 4364 Eam
3120 4324 3252 4364 vero
3303 4323 3532 4381 respon-

1947 4404 2100 4462 disse
2139 4421 2154 4459 :
2192 4401 2343 4458 Bona
2374 4402 2566 4470 verba,
2602 4401 2866 4470 domine;
2900 4415 3076 4474 neque
3101 4401 3250 4458 enim
3279 4417 3378 4475 ego
3409 4411 3532 4459 tan-

1493 4560 1739 4608 VALESII
1779 4521 2280 4610 AWOTATIONES.

341 4667 437 4738 23)
467 4667 701 4740 Χρᾴνου
749 4667 934 4740 τινὸςΔ
953 4665 1054 4721 ἐπὶ
1094 4665 1272 4723 τοῦτο
1303 4666 1836 4738 «agatur-operai).

1953 4645 2149 4740 quippe
2169 4665 2266 4740 qui
2296 4664 2500 4740 Graecae
2532 4664 2994 4740 linguae_prorsus
3046 4658 3216 4740 fuerit
3235 4661 3487 4740 ignarus.

243 4736 434 4797 Malim
463 4738 705 4809 scribere
729 4739 823 4809 ἐπὶ
843 4736 1043 4809 τούτῳ.
1085 4767 1094 4777 ο

315 4809 435 4880 (25)
474 4807 968 4880 :Exrmawirrarra.
992 4805 1244 4866 'Bectius
1279 4807 1334 4880 in
1365 4822 1472 4864 ms.
1513 4807 1704 4880 codice
1733 4805 1839 4880 sa-

243 4878 450 4937 mueli’s
471 4878 729 4952 Bocharti
745 4879 1011 4952 scriptum
1029 4887 1135 4952 est,
1160 4879 1567 4952 ἐσπηδήσαντα.
1590 4879 1840 4952 Etpauio

239 4958 378 5024 post
401 4951 497 5024 ubi
524 4960 685 5024 antea
709 4947 1016 5024 legebatur,
1044 4949 1155 5024 τῶν
1191 4947 1301 5020 μὲν
1323 4947 1838 5024 χειροτονηθέντων,

240 5019 316 5078 ex
339 5020 531 5092 eodem
555 5020 743 5092 codice
769 5019 1056 5092 emendavi
1083 5019 1553 5092 χειροτονούντων,

316 5091 437 5174 (26)
636 5090 754 5174 μὲν
778 5091 968 5174 diem:
983 5087 1472 5174 οὐιέέὶξζέρχεθρι.
1500 5087 1621 5174 μου
1649 5089 1842 5174 dubito

239 5159 384 5234 quin
412 5159 766 5234 scribendum
794 5162 886 5234 sit,
907 5164 1002 5234 εἰς
1034 5161 1134 5234 μὲν
1351 5160 1452 5214 οὐκ
1471 5159 1842 5234 εἰσέρχεσθαι,

241 5229 332 5289 vel
363 5233 546 5304 potius
578 5229 742 5304 αὑτὸν
777 5233 875 5304 μέν
900 5229 1056 5304 δίκην
1082 5231 1182 5285 οὐκ
1210 5229 1579 5304 εἰσέρχεσθαι.

317 5303 434 5374 (27)
466 5301 788 5373 Ἑκφυτεῒκ
804 5301 1250 5374 διανοούμενος.
1279 5301 1452 5372 Leges
1478 5301 1848 5374 grammaticae

355 5373 535 5428 tulant
578 5380 638 5427 ut
667 5372 992 5429 'scribamus
1033 5372 1433 5443 διανοούμενον.

245 5443 311 5504 in
341 5445 510 5516 hujus
553 5444 660 5500 loci
687 5445 943 5502 versione
966 5445 1181 5516 lapsum
1214 5458 1336 5500 esse
1366 5443 1567 5498 mirum
1604 5457 1714 5496 non
1739 5449 1845 5507 est,

2015 4734 2130 4810 (‘28)
2168 4734 2223 4791 ὀ
2240 4735 2452 4810 παρών
2475 4734 2874 4810 χρόνος-,ἔχρα
2903 4735 3539 4810 Assen_tior_doctissimo

1962 4736 1982 4740 ⁷
2015 4736 2137 4862 ((281)
2168 4736 2223 4791 Ὀ
2240 4736 2452 4862 πὲρὼν
2475 4736 2874 4818 χρόνοςχέχει.
2903 4736 3193 4814 Assen_tior
3215 4736 3538 4814 doctissimo

1943 4809 2066 4885 v_iro_
2142 4822 2268 4885 uete
2332 4807 2592 4873 olstento,
2626 4821 2721 4876 qut
2744 4805 2982 4885 adlatus
3003 4818 3091 4858 sui
3115 4801 3327 4885 codicis
3355 4819 3538 4885 emen-

1943 4879 2097 4936 davit
2118 4878 2334 4952 lepos,
2361 4891 2552 4952 _quam
2579 4871 3028 4952 emendationem
3048 4951 3052 4952 ν
3065 4871 3407 4952 confirmant
3449 4891 3540 4952 se:

1942 4941 2504 5021 quentia'.4'_Ad_hanc
2559 4945 2704 5021 enim
2762 4943 3246 5021 interrogationem
3301 4941 3524 5021 Eusebii

1942 5007 2141 5075 mulier
2171 5019 2264 5073 illa
2295 5018 2377 5073 sic
2402 5016 2696 5086 respondet
2725 5007 3032 5086 :_E0¢pﬁp'§t
3052 5007 3152 5086 ,ῃῶ
3185 5012 3444 5086 δέσποταο
3473 5015 3535 5086 φά

1941 5088 2363 5168 γάρῄἐγωγερν
2393 5083 2707 5168 μαινοίμην,
2735 5083 2880 5168 ὥστε
2922 5083 3424 5168 ἀνδρῶν-τοιούτων
3448 5085 3534 5168 al-

1943 5153 2324 5234 σχρᾶς’ήδονῆς
2334 5153 2592 5212 δουλείαν
2605 5153 2976 5238 καταγνῷναι·
3076 5153 3336 5236 est,Bona
3356 5153 3533 5216 verba,

1941 5232 2173 5285 domine.
2207 5227 2331 5283 Non
2352 5229 2492 5283 enim
2523 5235 2794 5294 tantopere
2835 5241 3069 5289 insanio,
3097 5233 3159 5294 fut
3190 5239 3440 5294 cuiquam
3470 5239 3535 5277 ea:

1943 5318 2189 5356 consessu
2220 5309 2492 5355 tantorum
2519 5293 2751 5353 virorum
2776 5297 2970 5351 crimen
2999 5293 3155 5364 fedae
3177 5293 3415 5350 libidinis
3441 5294 3534 5349 ob-

1510 5381 1840 5440 nterpretem
1935 5373 2102 5443 jicere
2130 5372 2325 5426 ausim.

1737 5570 1818 5616 VA
1827 5570 2090 5616 RIORUM.

316 5662 403 5734 (α)
421 5661 587 5734 Οὕτω
606 5659 737 5734 thr,
751 5661 1123 5734 χειροτονίαι·
1139 5654 1604 5734 ῠπε,1οεἴν.η11ιεο
1624 5656 1843 5734 quidem

245 5727 532 5807 calumnia
559 5732 628 5787 de
656 5727 976 5807 Athanasio
1007 5733 1320 5807 clanculum
1355 5728 1634 5807 ordinato,
1667 5727 1843 5807 Philo-

252 5802 468 5872 storgio
511 5818 638 5860 cum
684 5803 911 5875 reliquis
950 5802 1174 5862 Arianis
1215 5800 1527 5860 communis
1565 5807 1651 5856 cst
1683 5813 1693 5846 :
1723 5800 1842 5872 ejus

1952 5664 2134 5711 tamen
2195 5651 2405 5708 falsitas
2464 5647 2683 5706 abunde
2732 5647 3140 5702 demonstratur
3187 5659 3252 5699 ex
3304 5644 3533 5714 epistola

1951 5723 2146 5852 ἴθιιοὶιί
2168 5721 2549 5846 Allexandrina!
2569 5718 2710 5790 apud
2728 5718 2992 5774 Atuanas.
3008 5716 3161 5787 Apol.
3177 5715 3239 5783 2,,
3259 5730 3384 5788 pag.
3404 5715 3532 5773 565.

1975 5817 1978 5850 :
2029 5835 2039 5849 .
2128 5809 2223 5849 οιυί
2247 5810 2287 5849 ι.
