4032 6338
421 298 520 352 695

1785 293 2267 351 ιήιιυετοησιι

3553 292 3654 350 ίθϐ

420 414 591 469 fluctus
615 430 675 467 ac
704 415 804 467 sub
835 414 949 481 ipso
981 414 1144 467 etiam
1177 414 1314 469 mari
1356 414 1541 469 Rubro
1586 413 1981 484 subter-lapsus,

2091 414 2194 467 ὑπὸ
2226 413 2286 467 τὸ
2316 413 2414 485 τῆς
2440 412 2675 485 Σελήνης
2708 412 3035 483 καλούμενον
3059 414 3202 483 ὅρος.
3242 411 3329 464 Ἐν
3362 403 3407 478 ᾧ
3435 410 3527 463 δύο
3554 428 3659 482 πη-

421 510 486 560 ad
516 508 742 560 alterum
788 504 908 573 ejus
953 505 1096 561 latus
1123 509 1380 578 erumpit,
1434 509 1536 562 sub
1569 522 1633 561 co
1667 516 1849 560 monte
1895 505 1988 575 qui

420 596 588 650 Luna:
622 607 865 649 vocatur.
904 595 1138 651 lbiduos
1170 596 1347 653 fontes
1378 599 1644 652 maximos
1674 596 1882 652 eflieere
1908 596 1992 650 di-

420 690 580 754 citur,
611 702 716 741 neu
752 688 1280 743 mmlicuintervallo
1329 705 1358 743 a
1408 705 1467 743 se
1517 689 1749 744 invicem
1784 688 1992 743 distan-

422 790 523 841 tes,
549 780 641 848 qui
678 795 739 830 ex
774 777 883 833 imo
913 778 1176 833 violenter
1216 781 1270 835 iu
1327 779 1560 834 sublime
1609 786 1990 849 prorumpunt.

316 866 321 871 ’
422 868 558 925 lliue
600 885 694 938 per
740 868 1073 939 Etltiopiam
1124 870 1310 940 lapsus
1359 872 1411 925 in
1450 870 1743 942 Egyptum
1798 870 1989 937 fertur,

421 980 517 1034 per
541 965 801 1031 abruptos
830 963 1082 1032 scapulos
1109 963 1496 1033 praecipitatus.

495 1053 581 1104 Η.
626 1052 896 1104 Animalia
939 1051 1239 1106 orientalia.
1288 1083 1358 1092 ο-
1400 1053 1491 1107 Ait
1547 1053 1856 1108 universam
1909 1068 1993 1109 re-

420 1142 635 1211 gionem
669 1157 791 1211 qua:
820 1142 884 1195 ad
917 1142 1050 1197 solis
1088 1152 1267 1196 ortum
1307 1153 1361 1196 ct
1404 1143 1547 1197 circa
1580 1143 1859 1197 meridiem
1888 1144 1991 1199 sila

418 1243 524 1295 est,
549 1234 799 1303 quamvis
849 1234 1145 1288 immodico
1192 1244 1325 1289 a-stu
1364 1244 1654 1299 torreatur,
1688 1244 1882 1290 cuncta
1910 1242 1992 1289 ta-

422 1340 543 1379 men
569 1342 690 1395 quu:
716 1335 857 1379 terra
888 1326 1134 1394 marique
1175 1329 1494 1398 gignuntur,
1528 1329 1685 1399 longe
1715 1329 1919 1398 optima
1940 1336 1994 1383 et

420 1418 656 1469 maxima
689 1416 1007 1486 producere.
1050 1417 1181 1471 Nam
1237 1429 1293 1473 et
1350 1420 1586 1475 bal-.euas
1645 1419 1992 1475 incredibilis

420 1510 810 1579 magnitudinis
848 1524 916 1563 eo
964 1509 1018 1563 in
1052 1511 1188 1564 mari
1227 1510 1436 1577 inesse,
1469 1528 1589 1582 quae
1621 1526 1993 1582 saepenumero

418 1620 518 1672 per
545 1603 820 1658 Oceanum
855 1604 1005 1658 illtun
1040 1605 1421 1675 navigantibus
1449 1607 1575 1661 visre
1617 1615 1746 1661 sunt
1785 1622 1816 1660 e
1846 1606 1994 1676 pela-

419 1707 490 1761 go
514 1701 871 1763 emergentes.
921 1694 1089 1747 Terra
1131 1708 1350 1763 quoque
1396 1694 1484 1747 illa
1531 1694 1801 1748 maximos
1832 1694 1993 1749 habet

2090 503 2192 571 γάς
2239 502 2454 571 λέγεται
2511 506 2700 557 ποιεῖν·
2740 504 3000 574 μεγάλας,
3048 502 3292 573 ἀλλήλων
3341 501 3439 554 οὐκ
3484 502 3661 570 ὀλίγον

2089 594 2435 666 διεστηκυίας
2491 595 2734 650 κάτωθεν
2777 595 2966 666 βιαίως
3020 594 3518 667 άναρυὸδουμένας.
3555 595 3663 647 Ka’t

2090 685 2177 738 διά
2210 685 2310 756 τῆς
2348 680 2631 750 Αἰθιοπίας
2661 684 2899 755 ἐνεχθεὶς
2926 684 3018 738 ἐπὶ
3051 683 3149 754 τὴν
3176 683 3450 753 Αἴγυπτον
3474 686 3659 755 χωρεῖ,

2090 774 2177 829 διὰ
2209 774 2422 846 πετρῶν
2440 774 2786 848 ὑψηλοτάτων
2813 772 3302 846 καταραττόμενος.

2164 1043 2255 1090 ια’.
2291 1035 2414 1090 Ὀτι
2447 1040 2611 1107 φησὶν
2641 1036 2786 1091 διπαν
2817 1036 2878 1089 τὸ
2904 1035 3041 1108 πρὸς
3077 1034 3368 1105 ἀνίσχοντα
3398 1032 3548 1105 ἥλιον
3570 1036 3665 1087 καὶ

2093 1127 2221 1198 περὶ
2244 1126 2342 1198 τὴν
2369 1126 2715 1198 μεσημϐρίαν
2757 1126 2947 1198 κλίμα,
2978 1126 3156 1181 καίτοι
3180 1128 3320 1199 πέρα
3338 1125 3432 1179 τοῦ
3465 1126 3662 1197 μέτρου

2093 1218 2447 1289 θαλπόμενον,
2475 1220 2624 1290 ὅμως
2656 1220 2724 1274 τά
2772 1220 3038 1292 κράτιστα
3082 1220 3177 1273 καὶ
3215 1219 3449 1290 μέγιστα
3481 1219 3666 1291 φέρειν

2090 1306 2199 1362 τῶν
2218 1309 2320 1363 ὅσα
2339 1309 2414 1380 γῆ
2439 1301 2534 1363 καί).
2563 1310 2802 1363 θάλαττα
2828 1310 3028 1380 δυνατὴ
3065 1309 3306 1381 τρέφειν.
3343 1308 3423 1362 Τά
3453 1326 3514 1361 τε
3555 1308 3666 1379 γὰρ

2093 1402 2231 1472 κήτη
2262 1400 2330 1455 τά
2349 1400 2702 1472 ὑπερμεγέθη
2730 1400 2905 1475 ταύτῃ
2948 1403 3150 1456 ἐνεῖναι
3175 1404 3242 1472 τῇ
3278 1399 3542 1471 θαλάττῃ’
3571 1400 3668 1451 καὶ

2091 1491 2192 1562 ἤδη
2221 1491 2378 1562 ὤφθη
2418 1492 2676 1557 πολλάκις
2712 1492 3122 1547 έπιπολάσαντα
3144 1480 3270 1556 ’τοῖς
3300 1492 3394 1546 τὸν
3426 1492 3666 1544 ὠκεανὸν

2092 1582 2295 1636 ἐκεῖνον
2348 1583 2802 1652 ναυτιλλομένοις.
2863 1582 2936 1636 Ἥ
2981 1599 3041 1635 τε
3082 1582 3153 1654 γῆ
3206 1583 3332 1646 τοὺς
3371 1582 3668 1651 ἐλέφαντας

2094 1674 2206 1743 ἔχει
2229 1675 2354 1739 τοὺς
2383 1675 2670 1744 μεγίστους
2697 1675 2791 1729 καὶ
2824 1675 3320 1747 ὑπερφυεστάτους.
3347 1676 3454 1728 Kal
3480 1676 3543 1746 δὴ
3569 1678 3666 1729 καὶ

418 1786 735 1855 elephantos
778 1800 842 1839 ac
889 1785 1243 1839 vastissimas.
1289 1783 1396 1839 Eos
1442 1785 1569 1839 item
1620 1786 1712 1855 qui
1754 1785 1990 1841 taurcle-

2095 1766 2220 1829 τοὺς
2248 1765 2689 1836 ταυρελέφαντας
2716 1765 3041 1838 λεγομένους
3062 1784 3075 1798 ο
3101 1760 3175 1821 ὧν
3202 1767 3263 1820 τὸ
3286 1767 3385 1838 μὲν
3417 1768 3572 1836 γένος
3597 1769 3667 1821 τὰ

418 1878 606 1948 pbanti
644 1880 903 1933 dicuntur
947 1895 961 1932 :
1008 1878 1149 1946 quod
1203 1878 1503 1931 belluarum
1557 1893 1751 1947 genus,
1797 1888 1989 1933 cwtera

418 1969 636 2041 quidem
672 1969 770 2024 bos
803 1977 885 2023 est
919 1968 1190 2022 maximus
1216 2007 1231 2032 ,
1279 1968 1431 2023 corio
1480 1978 1659 2023 autem
1704 1978 1760 2024 et
1802 1969 1988 2025 colore

417 2061 560 2116 cutis
600 2069 653 2115 ct
675 2059 1045 2129 magnitudine
1084 2057 1255 2114 ferme
1289 2058 1533 2128 elephas.
1567 2056 1677 2113 Hoc
1702 2059 1846 2114 enim
1874 2061 1992 2114 ani.

420 2153 529 2208 mal
556 2153 669 2222 ipse
692 2151 822 2211 vidi,
853 2165 975 2204 cum
1014 2150 1078 2204 ad
1125 2149 1404 2205 Romanos
1433 2149 1671 2204 delatum
1706 2159 1882 2206 esset:
1912 2149 1994 2203 id-

419 2258 527 2314 que
550 2243 695 2314 quod
721 2242 826 2295 vidi
861 2241 1059 2297 scribo.
1094 2239 1234 2296 Sunt
1264 2251 1522 2311 prasterea
1555 2241 1699 2312 apud
1724 2242 1847 2298 illos
1868 2243 1993 2297 dra-

418 2350 606 2400 cones,
647 2334 1009 2390 crassitudine
1038 2334 1256 2402 quidem
1295 2333 1542 2388 trabibus
1568 2333 1805 2404 aequales
1828 2351 1844 2393 :
1870 2333 1993 2388 lon-

418 2426 665 2497 gitudine
693 2440 819 2480 vero
841 2425 906 2480 ad
936 2425 1244 2494 quindecim
1277 2407 1451 2494 usque
1472 2425 1688 2496 orgyias
1712 2425 1989 2495 protensi;

420 2533 544 2571 nam
586 2527 640 2570 et
692 2517 885 2570 borum
939 2516 1108 2585 pelles
1162 2516 1229 2571 ad
1297 2515 1672 2570 Romanorum
1734 2517 1991 2571 ditionem

419 2608 653 2676 perlatas
710 2607 839 2661 vidi.
883 2606 1200 2660 Monoreros
1258 2606 1384 2661 item
1443 2606 1644 2661 animal
1697 2608 1844 2677 apud
1898 2622 1994 2663 eos

420 2700 681 2759 nascitur,
716 2704 879 2766 caput
916 2695 1135 2766 quidem
1169 2695 1424 2751 draconis
1451 2696 1676 2763 habens,
1707 2698 1809 2752 nisi
1849 2697 1992 2767 quod

418 2802 589 2840 cornu
636 2786 958 2851 flexuosum,
1006 2801 1113 2841 non
1152 2785 1227 2841 ita
1264 2801 1522 2856 magnum
1561 2787 1612 2842 ei
1649 2787 1991 2855 innascitur;

419 2886 658 2932 mentum
719 2878 840 2945 ejus
902 2878 1175 2948 integrum
1241 2878 1410 2932 barba
1476 2880 1727 2934 vestitur.
1799 2880 1994 2935 Cervix

419 2969 577 3038 longa
620 2969 672 3022 in
718 2968 948 3023 sublime
1007 2978 1286 3038 protensa,
1343 2969 1409 3023 ad
1470 2966 1727 3024 draconis
1782 2977 1994 3025 tractus

416 3060 823 3115 similitudinem
878 3061 1118 3129 proxime
1173 3060 1455 3115 accedens.
1527 3058 1811 3130 Reliquum
1869 3075 1992 3115 cor-

415 3165 520 3219 pus
558 3151 703 3204 cervi
738 3148 918 3218 potius
961 3148 1373 3202 similitudinem
1408 3147 1576 3203 refert
1607 3166 1620 3203 :
1651 3152 1814 3219 pedes
1865 3166 1994 3205 vero

415 3242 589 3295 leonis
643 3240 837 3303 habet;
887 3239 1005 3308 ejus
1076 3239 1300 3310 effigiem
1362 3239 1839 3310 Constantinopoli
1894 3240 1992 3295 de-

416 3333 615 3400 pictam
670 3329 797 3382 licct
864 3342 1105 3382 cernere.
1172 3325 1277 3381 Sed
1318 3336 1372 3382 et
1436 3328 1883 3399 camelopardalis
1937 3329 1992 3385 in

415 3419 604 3473 eadem
640 3418 860 3487 regione
900 3417 1160 3472 nascitur.
1197 3416 1329 3483 Quae
1366 3429 1561 3473 caetera
1615 3419 1830 3488 quidem
1875 3436 1991 3475 cer-

419 3524 518 3563 vus
555 3518 637 3564 est
682 3509 984 3573 maximus;
1023 3510 1348 3578 proceritate
1381 3524 1509 3563 vero
1543 3511 1736 3564 cameli
1794 3527 1993 3580 corpus

417 3601 630 3654 videtur
662 3599 901 3666 imitari;
956 3599 1152 3654 collum
1195 3601 1413 3669 quidem
1458 3600 1857 3670 longissimum,
1895 3618 1994 3658 nec

419 3687 609 3756 reliqui
680 3687 929 3755 corporis
982 3688 1319 3756 proportioui
1384 3687 1746 3758 respondens,
1789 3690 1842 3744 in
1895 3704 1990 3745 su-

417 3779 583 3833 blime
638 3788 879 3834 erectum
926 3786 1134 3849 gestat;
1186 3780 1343 3848 pellis
1386 3789 1568 3834 autem
1621 3788 1731 3835 tota
1772 3796 1800 3836 a
1837 3797 1990 3837 sum-

417 3886 506 3924 mo
564 3872 766 3926 vertice
818 3886 991 3941 usque
1042 3871 1107 3926 ad
1159 3871 1300 3925 imos
1358 3872 1544 3940 pedes,
1609 3872 1867 3928 varietate
1918 3872 1992 3926 si-

418 3961 641 4015 millima
673 3969 757 4016 est
804 3963 973 4031 pardo
998 3978 1012 4026 ;
1036 3962 1200 4032 pedes
1233 3962 1561 4026 anteriores,
1598 3962 1992 4032 posterioribus

415 4051 638 4109 altiores
680 4054 857 4108 habet.
887 4052 984 4109 Est
1026 4055 1188 4109 etiam
1235 4055 1376 4123 apud
1424 4054 1549 4110 illos
1599 4054 1987 4125 aagOpithecus.

374 4211 378 4214 γ
415 4145 588 4199 simize
615 4160 786 4215 genus
818 4146 1133 4214 quoddam:
1176 4146 1410 4216 plurima
1453 4146 1598 4202 enim
1632 4156 1761 4201 sunt
1793 4161 1990 4217 genera

415 4236 721 4290 simiarum.
754 4235 889 4291 Nam
920 4247 974 4293 et
996 4239 1331 4309 arcopitlteci
1361 4246 1493 4293 sunt
1521 4247 1575 4294 et
1603 4238 1990 4309 leontopithcei

413 4336 467 4381 ct
495 4328 876 4398 cynocephali,
909 4328 1032 4383 aliis
1073 4338 1238 4398 atque
1284 4330 1407 4384 aliis
1446 4330 1765 4386 animalium
1800 4329 1991 4386 formis

2094 1856 2193 1926 μὲν
2217 1857 2350 1911 ἄλλα
2371 1859 2549 1912 πάντα
2578 1858 2703 1928 βοῦς
2754 1859 2871 1911 ἐστι
2917 1858 3197 1928 μέγιστος’
3231 1861 3327 1929 τὴν
3363 1859 3420 1912 δὲ
3462 1859 3667 1931 βύρσαν

2092 1949 2184 2000 καὶ
2211 1948 2270 2001 τὸ
2298 1948 2496 2019 χρῶμα
2524 1948 2719 2017 ἐλέφας
2750 1949 2845 2003 καὶ
2866 1949 3050 2019 σχεδὸν
3086 1950 3256 2002 εἰπεῖν
3291 1950 3385 2003 καὶ
3416 1950 3476 2002 τὶ
3500 1950 3664 2020 μέγε-

2093 2036 2201 2101 θος.
2227 2039 2338 2092 Καὶ
2365 2039 2473 2111 γὰρ
2495 2042 2575 2103 είς
2611 2039 2914 2109 Ῥωμαίους
2952 2039 3209 2111 κομισθὲν
3238 2038 3466 2104 τὸ,ζῶον
3512 2039 3668 2093 ἐθεα-

2095 2128 2302 2200 σάμην·
2344 2130 2528 2184 καὶτὸ
2568 2130 2746 2202 θέαμα
2787 2132 3004 2202 γράφω.
3048 2131 3210 2185 Ἀλλά
3236 2131 3331 2185 καὶ
3377 2132 3670 2204 δράκοντες

2092 2223 2149 2274 ὲν
2176 2221 2386 2285 τούτοις
2416 2221 2546 2288 είσὶ,
2573 2223 2744 2293 πάχος
2764 2222 2864 2292 μὲν
2890 2221 3061 2276 δοκῶν
3085 2222 3185 2276 οὐκ
3206 2221 3457 2287 ἐλάττους
3477 2240 3489 2254 ·
3523 2222 3582 2282 τὸ
3608 2223 3666 2276 δὲ

2096 2312 2269 2383 μῆκος
2315 2314 2396 2377 είς
2452 2312 2747 2367 δεκαπέντε
2786 2315 3245 2387 παρατεινόμενον
3291 2315 3523 2387 ὀργυιάς
3556 2315 3666 2385 (a)°

2093 2404 2187 2459 καὶ
2219 2404 2327 2476 γὰρ
2345 2405 2440 2458 καὶ
2460 2404 2666 2458 τούτων
2681 2405 2777 2471 τὰς
2795 2406 2956 2478 δορὰς
2978 2409 3055 2472 εἰς
3082 2408 3383 2479 Ῥωμαίους
3403 2411 3672 2483 ἀποκομι-

2095 2495 2313 2559 σθείσας
2339 2489 2501 2550 εἶδον.
2531 2495 2600 2551 '0
2620 2514 2679 2550 τε
2724 2498 3034 2570 μονόκερως
3064 2497 3123 2552 τὸ
3162 2499 3301 2563 ζῶον
3332 2503 3461 2572 παρ’
3489 2502 3671 2568 αὐτοῖς

2098 2585 2232 2642 ἐστι.
2266 2583 2365 2655 τὴν
2410 2585 2508 2654 μὲν
2551 2585 2795 2658 κεφαλὴν
2832 2587 3126 2658 δράκοντος
3159 2588 3361 2663 φέρων,
3406 2592 3572 2665 κέρας
3609 2594 3668 2647 δὲ

2097 2674 2315 2729 σκολιὸν
2342 2675 2492 2747 αὐτῷ
2522 2677 2788 2746 πέφυκεν,
2828 2677 2948 2732 οὔτι
2993 2679 3198 2750 σφόδρα.
3229 2680 3403 2750 μέγα·
3434 2685 3462 2737 ό
3492 2683 3550 2736 δὲ
3575 2685 3673 2737 άν-

2096 2765 2298 2835 θερεὼν
2319 2766 2467 2838 αὐτῷ
2493 2766 2752 2836 πώγωνος
2777 2769 3194 2840 ὑποπίμπλαται
3243 2771 3411 2837 ἄπας.
3448 2774 3673 2846 Μακρδς

2093 2856 2150 2910 δὲ
2173 2859 2202 2911 ό
2234 2858 2500 2929 τράχηλος
2528 2861 2609 2921 εἰς
2638 2858 2770 2928 ὕψος
2800 2860 3236 2932 ἀνατεινόμενος,
3277 2862 3422 2935 ὁλκῷ
3447 2865 3674 2937 δράκον-

2094 2963 2186 3011 τος
2211 2946 2484 3016 ἐγγύτατα
2514 2948 2915 3021 παραπλήσιος.
2951 2951 3025 3004 Τὸ
3053 2951 3111 3005 δὲ
3140 2952 3269 3006 ἄλλο
3302 2954 3464 3027 σῶμα
3487 2954 3673 3027 ἐλάφῳ

2097 3039 2383 3109 προσέοικε
2422 3039 2653 3109 μᾶλλονο
2688 3042 2813 3103 τοὺς
2852 3041 2911 3095 δὲ
2952 3042 3122 3108 πόδας
3160 3044 3371 3112 λέοντος
3403 3047 3549 3118 ἔχει·
3575 3050 3675 3102 καὶ

2021 3098 2064 3156 c
2097 3098 2210 3180 ἔστι
2247 3143 2308 3195 γε
2338 3098 2503 3181 αὑτοῦ
2537 3127 2598 3181 τὸ
2641 3098 2942 3201 ἐκτύπωμα
2989 3098 3123 3203 ὁρᾷν
3162 3098 3239 3186 ὲν

2096 3216 2269 3272 πόλει.
2317 3217 2428 3271 Καὶ
2474 3216 2538 3288 δὴ
2583 3218 2678 3272 καὶ
2723 3220 2753 3289 ή
2800 3221 3278 3295 καμηλοπάρδαλις
3317 3225 3413 3296 τῆς
3459 3226 3676 3299 ἐκείνης

2094 3310 2337 3381 γέννημα
2379 3309 2583 3380 χώρας.
2634 3313 2705 3364 Ἦ
2754 3313 2823 3365 τὰ
2872 3314 2970 3383 μὲν
3018 3314 3155 3369 ἄλλα
3195 3314 3389 3385 έλαφός
3426 3319 3541 3371 ἐστι
3578 3335 3675 3388 με-

2096 3406 2251 3477 γίστη
2272 3422 2286 3436 ’
2320 3405 2567 3478 καμήλου
2594 3405 2650 3460 δὲ
2674 3405 2808 3477 ὕψος
2832 3408 3057 3462 ἐνέδωκε
3085 3409 3146 3463 τὸ
3179 3409 3336 3480 σῶμα
3363 3411 3670 3481 μιμεῖσθαι’

2092 3497 2181 3550 τὸν
2227 3496 2407 3567 μέντοι
2455 3496 2655 3567 αὐχένα
2699 3499 2959 3568 μήκιστον
2983 3541 2996 3562 ,
3048 3499 3141 3552 καὶ
3175 3499 3316 3572 ὑπὲρ
3351 3499 3449 3572 τὴν
3485 3500 3677 3555 ἀναλο-

2091 3587 2216 3657 γίαν
2240 3588 2331 3641 τοῦ
2366 3588 2553 3641 λοιποῦ
2583 3588 2834 3660 σώματος
2864 3589 3018 3663 φέρει
3050 3593 3129 3657 είς
3170 3591 3304 3663 ὕψος
3342 3593 3674 3666 ἁνορθούμε-

2092 3696 2180 3732 νον
2198 3696 2212 3711 ’
2248 3679 2383 3734 ἀλλὰ
2407 3681 2502 3735 καὶ
2522 3680 2618 3752 τὴν
2649 3681 2811 3753 δορὰν
2845 3683 3061 3738 ἃπασαν
3101 3685 3209 3739 ἀπὸ
3235 3686 3477 3758 κεφαλῆς
3497 3688 3675 3758 ἄκρας

2091 3772 2196 3837 ἕως
2224 3774 2470 3845 ἐσχάτων
2519 3774 2698 3829 ποδῶν
2747 3776 3013 3847 παρδάλει
3072 3778 3309 3849 μάλιστα
3354 3780 3453 3852 τὴν
3494 3798 3672 3835 ποικι-

2090 3863 2209 3920 λίαν
2237 3866 2348 3937 (66)
2380 3866 2865 3939 προσφερεστάτην
2899 3868 3041 3938 ἔχει·
3082 3872 3177 3924 καὶ
3206 3872 3332 3936 τοὺς
3366 3871 3675 3944 ἔμπροσθεν

2093 3958 2258 4022 πόδας
2290 3959 2660 4029 ὑψηλοτάτους
2695 3959 2803 4013 τῶν
2841 3961 3037 4015 ὀπίσω.
3084 3963 3221 4035 Παρ¹
3247 3965 3428 4029 αὐτοῖς
3465 3964 3522 4018 δέ
3560 3966 3678 4018 ὲστι

2091 4049 2185 4102 καὶ
2210 4050 2239 4101 ὁ
2262 4050 2555 4121 λεγόμενος
2587 4049 2965 4120 αἰγοπίθηκος.
2993 4052 3223 4124 πίθηκός
3256 4071 3342 4117 τις
3365 4052 3469 4106 ὤν’
3507 4054 3679 4126 μυρία

2090 4139 2199 4210 γάρ
2230 4141 2346 4194 ἐστι
2376 4139 2507 4212 γένη
2547 4140 2817 4212 πιθήκων.
2872 4144 3256 4215 ’Λρκοπίθηκοι
3301 4145 3409 4217 γάρ
3457 4147 3593 4199 εἰσιν
3617 4148 3677 4200 ὲν

2090 4232 2296 4297 αὐτοῖς,
2351 4235 2446 4287 καὶ
2506 4231 2930 4306 λεοντοττίθηκοι,
2986 4236 3078 4288 καὶ
3139 4236 3533 4304 κυνοκεεςρσλοι⁸
3581 4237 3676 4289 καὶ

2090 4320 2279 4384 ἄλλαις
2312 4321 2525 4375 πολλῶν
2556 4322 2711 4387 ζώων
2738 4325 2936 4388 εἱδέαις
2961 4324 3072 4394 (67)
3101 4326 3204 4393 τῆς
3233 4326 3521 4398 πιθηκείας
3543 4343 3676 4398 μορ-

415 4417 777 4486 permiseeute
824 4430 883 4469 se
915 4416 1200 4470 simiarum
1235 4417 1428 4486 figura.
1463 4415 1634 4486 quue
1663 4426 1889 4487 apparet
1919 4432 1985 4471 ev

2096 4412 2206 4482 φῆς
2242 4413 2694 4484 ὲπιμιγνυμένης.
2724 4417 2835 4469 Καὶ
2866 4416 3026 4485 δῆλον
3068 4417 3245 4471 ταῦτά
3281 4420 3424 4481 ἐστι,
3465 4416 3677 4472 πολλῶν

416 4503 948 4574 ntttltiS'huiusmodi
987 4504 1176 4559 bestiis
1210 4519 1332 4573 quae
1376 4505 1445 4558 ad
1491 4520 1592 4560 nos
1640 4513 1991 4575 comportan-

416 4606 506 4650 tur
530 4612 549 4649 ι
583 4594 890 4664 cuiusmodi
923 4593 1088 4649 etiam
1134 4604 1219 4650 est
1257 4595 1303 4649 is
1346 4593 1441 4663 qui
1486 4608 1590 4663 pan
1630 4604 1874 4657 vocatur,
1910 4610 1995 4650 cao

414 4688 546 4756 pite,
586 4686 760 4750 vultu,
797 4693 853 4739 et
882 4684 1145 4740 cornibus
1182 4700 1402 4755 capram
1437 4684 1700 4750 referens,
1736 4687 1805 4741 ab
1828 4687 1992 4755 ilibus

413 4782 669 4836 deorsum
705 4793 897 4834 versus
925 4776 1167 4848 caprinis
1197 4777 1452 4834 cruribus
1485 4775 1778 4843 insistens;
1807 4787 1992 4832 ventre

2098 4504 2179 4566 εἰς
2211 4505 2358 4574 ἡμᾶς
2412 4504 2826 4578 κομιζομένων·
2863 4503 2975 4573 οἷος
3008 4509 3072 4579 δὴ
3104 4511 3197 4563 καὶ
3243 4510 3272 4562 ὁ
3313 4509 3420 4563 πὰν
3451 4510 3677 4581 sittqu-

2098 4593 2208 4658 θεὶς
2243 4595 2496 4666 ὑπάρχει,
2540 4597 2600 4661 ὃς
2646 4598 2744 4670 τὴν
2800 4601 3041 4673 κεφαλὴν
3092 4602 3509 4673 αίγοτέρόσωπός
3558 4602 3675 4655 ἐστι

2098 4684 2192 4739 καὶ
2226 4687 2547 4760 αἰγόκερως,
2582 4692 2676 4744 καὶ
2716 4692 2781 4745 ὲκ
2818 4693 3058 4762 λαγόνων
3110 4695 3177 4747 τὰ
3227 4693 3380 4749 κάτω
3421 4696 3676 4763 αίγοσκε-

2097 4777 2216 4849 λὴς,
2251 4778 2351 4850 τὴν
2390 4781 2448 4833 δὲ
2490 4781 2697 4837 κοιλίαν
2729 4785 2825 4837 καὶ
2864 4785 2925 4837 τὺ
2970 4786 3186 4854 στέρνον
3223 4786 3319 4839 καὶ
3351 4784 3448 4848 τὰς
3487 4787 3676 4857 χεῖρας

1648 4948 1892 4994 VALESII
1926 4947 2405 4995 ANNOTA‘TIONES

491 5084 772 5157 (66)]ὴν
824 5075 1421 5157 «oaxt1{ar._blallem
1470 5075 1709 5157 scribere
1756 5075 1823 5144 τῇ
1862 5089 1995 5157 ’ποι-

2174 5072 2289 5145 (67)
2321 5074 2431 5145 Καὶ
2455 5074 2674 5142 ἄλλως
2704 5075 2953 5131 πολλῶν
2979 5076 3139 5142 ζώων
3165 5078 3402 5145 είόἐαις.
3432 5076 3549 5132 Non
3574 5078 3675 5133 du-

413 5142 779 5228 κιλίᾳίΡειῖιο
817 5161 940 5224 post
971 5151 1137 5205 etiam
1168 5145 1539 5219 ὑψηλοτέρους
1565 5146 1687 5216 lego
1720 5142 1821 5214 pro
1854 5142 1991 5215 ὑψη-

2103 5142 2217 5228 uno
2245 5142 2755 5228 quiuscribendutn
2787 5147 2881 5228 sit,
2906 5146 3095 5228 ἄλλαις
3124 5150 3222 5228 καί
3247 5142 3435 5213 ἄλλαις
3461 5146 3675 5203 πολλῶν

411 5228 687 5291 λοτάτους.

2102 5212 2513 5280 ζώωνείδέαις.
2545 5215 2601 5270 Id
2633 5216 2779 5271 enim
2814 5217 2974 5288 longe
2995 5219 3318 5290 elegantius.

1882 5342 2235 5390 VARIORUM.

484 5482 563 5553 (α)
611 5478 904 5553 ὀργυιᾴς.
952 5471 1148 5553 Orgyia
1191 5475 1462 5553 mensura!
1513 5486 1683 5553 genus
1714 5480 1835 5553 est“,
1872 5482 1984 5553 fex

411 5540 951 5620 continen's'pedcs:
998 5540 1183 5603 ulnam
1232 5544 1407 5598 Latini
1457 5540 1747 5666 appellant:
1790 5540 1987 5623 Pollux

411 5622 637 5666 ριηηηίι
667 5620 903 5666 snalium
943 5625 1208 5666 quantum
1244 5623 1500 5666 orotensa
1574 5627 1773 5666 omtuts
1815 5619 1987 5666 utrm-

410 5622 637 5691 exponit
667 5619 903 5689 spatium
943 5625 1208 5691 quantum
1244 5619 1773 5691 protensa__homiuis
1815 5619 1989 5691 utrin-

411 5682 521 5764 que
546 5682 787 5758 brachia,
823 5691 890 5745 ah
929 5682 1099 5744 altero
1140 5682 1356 5742 summo
1390 5682 1568 5739 medio
1609 5683 1777 5755 digito
1806 5682 1870 5738 ad
1898 5682 1979 5737 al-

2098 5481 2273 5551 terum
2304 5476 2527 5551 trajecta
2557 5491 2653 5551 per
2677 5484 2862 5551 peetus
2889 5476 3230 5551 longitudine
3258 5486 3463 5551 patent.
3496 5476 3558 5551 _Et
3590 5476 3675 5551 sig

2094 5542 2576 5628 flerescltolliastes
2620 5542 2690 5628 in:
2717 5542 3051 5628 Oppianjtn'ig
3103 5542 3397 5628 ’Opyu'td,_
3417 5547 3527 5602 ἀπὸ
3575 5543 3675 5628 τοῦ

2090 5612 2280 5679 ὀρούω
2298 5616 2358 5668 τὸ
2386 5616 2558 5738 ὁρμῶ,
2595 5616 2687 5670 καὶ
2715 5612 2809 5670 τοῦ
2830 5615 3003 5685 γυῖον
3027 5621 3058 5695 ἡ
3088 5612 3237 5691 χείρ’·
3266 5621 3298 5689 ἡ
3330 5612 3439 5673 τῶν
3473 5615 3677 5703 χειρῷν

2090 5680 2305 5738 ἔκτασις
2334 5684 2424 5737 καὶ
2490 5687 2645 5738 οεΕιε.
2734 5706 2739 5713 ο
2909 5708 2917 5713 '

2088 5680 2305 5747 ἔκτασις
2334 5680 2429 5737 καῖ
2453 5680 2645 5756 δρεξες,
2734 5706 2739 5713 .
2834 5680 2846 5685 '
2909 5708 2917 5713 .
3174 5680 3187 5691 -
3286 5680 3298 5689 -
3473 5680 3509 5690 η
3563 5680 3576 5687 -
3640 5696 3647 5703 ο
