4028 6338
301 415 414 472 497

1335 424 1889 484 ΕΟΟιΕδΙΔδΤΙΟιΕ
1931 429 2272 493 ηιδτοιιιίΕ
2315 437 2438 494 LIB.
2472 439 2558 494 ΙΙΙ.

3440 435 3544 510 tas

301 531 544 602 καθαρὸς
589 531 838 604 πίθηκος.
893 537 986 590 Ὃν
1031 537 1124 592 καὶ
1163 539 1192 592 6
1236 540 1344 594 τῶν
1403 543 1580 598 Ίνδῶν
1625 543 1861 614 βασιλεὺς

1979 564 2107 605 vero
2145 561 2199 608 et
2245 554 2462 625 pectore
2507 573 2572 612 ac
2622 559 2893 623 manibus,
2933 575 3117 618 merus
3163 563 3376 620 simius.
3431 564 3544 623 lloc

301 620 666 694 Ιίωνσταντίῳ
705 627 1054 684 ἀπεστάλκει.
1089 629 1262 684 Τοῦτο
1293 631 1351 685 δὲ
1391 633 1453 686 τὸ
1480 633 1618 699 ζῶον
1645 634 1741 706 ἔζη
1779 636 1878 706 μὲν

301 717 604 787 φερόμενον
638 718 765 790 ἄχρι
797 721 963 786 τινὸς,
1003 721 1061 776 ἐν
1103 741 1210 778 τινι
1239 725 1512 797 πλέγματι
1548 728 1637 783 διὰ
1680 730 1743 783 τὸ
1781 730 1880 801 θη·-

297 805 494 876 ριῶδες
516 807 824 878 εἰργμένον.
866 809 1016 862 Ἐπεὶ
1051 811 1107 864 δὲ
1143 813 1402 879 ἀπέθανε,
1457 817 1877 888 ταριχεύσαντες

297 898 434 951 αὐτὸ
468 899 519 952 oi.
559 901 896 971 κομίζοντες,
935 901 1201 974 θεάματος
1238 911 1542 979 παρασχεῖν
1573 912 1876 984 ἀσυνήθους

295 989 508 1053 εἰκόνα,
541 992 702 1062 μέχρι
729 992 828 1061 τῆς
858 995 1265 1051 Κωνσταντίνου
1293 999 1624 1056 διεσώσαντο
1643 1004 1871 1070 πόλεως.

295 1081 412 1134 Καὶ
437 1099 528 1146 μοι
557 1082 773 1137 δοκοῦσι
799 1085 861 1138 τὸ
888 1085 1026 1149 ζῶον
1052 1087 1210 1142 τοῦτο
1241 1091 1500 1162 Ἕλληνες
1527 1094 1693 1149 πάλαι
1725 1095 1871 1159 ἰδεῖν,

293 1172 397 1226 ναὶ
433 1173 798 1242 ἐκπλαγέντες
813 1175 889 1248 τῷ
908 1177 1045 1250 ξένῳ
1063 1180 1162 1252 τῆς
1191 1181 1350 1246 θέας,
1381 1182 1501 1238 θεὸν
1534 1185 1716 1255 σφίσιν
1729 1189 1876 1258 νομί-

294 1281 414 1326 σαι,
439 1263 746 1336 εἰθισμένον
774 1267 956 1332 αὐτοῖς
983 1269 1050 1323 τὰ
1079 1272 1356 1342 παράδοξα
1383 1273 1666 1340 θεοποιεῖν,
1683 1277 1872 1350 ὥσπερ

295 1355 517 1409 καὶτὸν
549 1358 810 1428 σάτυρον·
845 1359 962 1414 ἐστι
994 1362 1053 1416 δὲ
1097 1364 1192 1417 καὶ
1236 1365 1394 1420 τοῦτο
1449 1368 1702 1440 πίθηκος,
1741 1373 1870 1442 ἐρυ-

292 1445 428 1515 θρὸς
457 1447 518 1519 1:6
553 1449 860 1522 πρόσωπον,
897 1452 992 1506 καὶ
1022 1454 1218 1525 γοργὸς
1248 1456 1346 1526 τὴν
1389 1457 1622 1531 κίνησιν,
1650 1461 1745 1515 καὶ
1775 1463 1868 1514 οὐ·

292 1538 401 1607 ράν
441 1537 598 1609 ἔχων.
635 1541 745 1594 Καὶ
790 1541 896 1614 μὴν
935 1545 1027 1598 καὶ
1069 1546 1102 1615 ἡ
1148 1547 1310 1616 σφὶγξ
1347 1548 1504 1616 γένος
1549 1551 1666 1605 ἐστὶ
1703 1552 1865 1624 πιθή-

291 1647 410 1682 κων
428 1647 443 1660 ·
472 1630 604 1683 αὐτὸ
630 1631 739 1702 γὰρ
768 1632 1104 1705 θεασάμενος
1133 1639 1349 1706 γράφω.
1385 1634 1494 1703 Ἦς
1521 1641 1580 1694 τὸ
1616 1643 1713 1712 μὲν
1740 1644 1869 1698 ἄλλο

291 1721 459 1790 σῶμα
483 1721 666 1775 λασιόν
695 1725 812 1778 ἐστι
849 1725 926 1789 ὡς
963 1729 1080 1791 τοῖς
1121 1728 1328 1794 λοιποῖς
1376 1731 1628 1801 πιθήκοις
1653 1752 1664 1764 ³
1706 1736 1768 1788 τὸ
1809 1737 1866 1790 δὲ

288 1811 519 1882 στέρνον
538 1813 666 1884 ἀχρι
699 1831 761 1883 γε
798 1815 964 1870 αὑτοῦ
992 1817 1085 1870 τοῦ
1118 1815 1388 1891 τραχήλου
1425 1815 1687 1892 ὲψίλωται
1707 1841 1720 1854 ·
1761 1843 1867 1897 μα-

1975 641 2177 698 animal
2226 662 2320 702 rex
2363 647 2616 704 ludorum
2667 649 2814 704 dono
2854 651 3098 708 misit‘ad
3151 656 3541 727 imperatorem

1973 731 2374 794 Constantium.
2411 739 2757 796 Vixitautcm
2788 742 3124 813 aliquandiu,
3149 736 3270 803 cum
3297 753 3348 806 in
3377 767 3540 808 cavea

1974 825 2210 892 quadam
2233 827 2503 885 inclusum
2522 833 2592 887 ob
2614 832 2946 892 ferocitatem
2971 837 3220 896 ferretur.
3245 840 3539 912 Postquam

1974 925 2155 970 autem
2205 932 2479 976 mortuum
2525 935 2630 992 est,
2679 927 2733 980 hi
2761 929 2854 998 qui
2882 930 3014 986 illud
3057 934 3374 998 aﬂ‘erebant,
3426 937 3540 990 sale

1959 1006 2320 1072 .condierunt,
2360 1013 2565 1069 insoliti
2595 1021 2889 1086 spectaculi
2922 1025 3231 1078 ostentandi
3271 1042 3458 1090 causa,
3484 1035 3540 1080 et

1973 1092 2500 1170 Constantinopolim
2557 1122 2731 1176 usque
2779 1109 3048 1180 integrum
3103 1125 3407 1169 servarunt.
3463 1116 3540 1169 Ac

1973 1187 2358 1259 mihiquidem
2417 1195 2668 1253 videntur
2722 1197 2896 1258 Graeci
2947 1204 3090 1259 istud
3147 1206 3350 1260 animal
3407 1205 3538 1261 olim

1971 1279 2196 1344 vidisse,
2237 1293 2292 1336 et
2324 1288 2616 1354 spectaculi
2660 1291 2900 1347 novitate
2941 1294 3324 1364 obstupefacti,
3375 1296 3536 1350 deum

1971 1370 2074 1430 sibi
2103 1372 2343 1439 fouisse,
2373 1391 2499 1430 eum
2527 1379 2769 1435 solemne
2801 1383 2881 1437 eis
2921 1395 3084 1451 esset,
3127 1401 3191 1440 ex
3229 1387 3537 1442 rcbus~stu-

1969 1461 2160 1530 pendis
2208 1473 2372 1534 atque
2411 1467 2747 1527 admirandis
2778 1473 2910 1530 deos
2943 1473 3140 1540 faet‘rc,
3184 1478 3541 1546 quemadmo-

1969 1550 2100 1604 dum
2125 1552 2288 1606 etiam
2329 1553 2571 1612 fecerunt
2602 1559 2654 1613 in
2686 1571 2902 1632 satyro;
2945 1579 3068 1618 nam
3117 1575 3172 1620 et
3218 1567 3307 1621 llic
3339 1570 3536 1625 simius

1967 1649 2073 1705 est,
2111 1642 2246 1698 facie
2285 1645 2470 1708 ruber,
2493 1657 2643 1701 motu
2675 1653 2946 1716 concitus,
2980 1663 3034 1708 et
3052 1655 3280 1709 caudam
3309 1657 3532 1712 habens.

1970 1729 2074 1786 Sed
2107 1743 2160 1787 et
2189 1735 2388 1802 spltinx
2451 1737 2624 1793 simia:
2676 1757 2848 1809 genus
2885 1754 3004 1810 est;
3053 1747 3104 1800 id
3159 1746 3303 1799 enim
3367 1755 3538 1801 testor

1967 1822 2111 1892 quod
2145 1823 2261 1893 ipso.
2287 1825 2414 1880 vidi.
2446 1826 2616 1896 Cujus
2636 1831 2904 1900 reliquum
2936 1835 3152 1904 quidem
3189 1851 3389 1904 cerpus
3419 1835 3532 1889 bir-

287 1903 421 1968 ζοῦς
455 1903 513 1958 δὲ
554 1906 810 1975 γυναικὸς
841 1905 974 1977 ἔχει,
1009 1909 1242 1982 ἐρυθροῦ
1289 1929 1432 1976 τινος
1476 1914 1707 1986 βραχέος
1735 1934 1861 1987 κεγ-

1967 1923 2151 1967 sutum
2202 1923 2308 1981 est,
2353 1916 2497 1970 sicut
2547 1921 2758 1974 caeteris
2815 1903 3024 1987 simiis;
3061 1935 3248 1992 pectus
3292 1942 3420 1980 vero
3465 1930 3531 1981 ad

284 1994 571 2066 χροειδοῦς
609 1998 1060 2070 ὲπαναστήματος
1097 2001 1244 2057 ἅπαν
1273 2005 1334 2060 ὲν
1374 2005 1560 2077 κύκλῳ
1595 2007 1658 2061 τδ
1699 2025 1862 2078 γεγυ-

288 2085 578 2158 μνωμένον
607 2087 703 2141 τοῦ
732 2087 988 2159 σώματος
1016 2093 1382 2164 περιθέοντος,
1423 2097 1520 2151 καὶ
1553 2099 1634 2163 εις
1663 2099 1863 2171 πολλήν

285 2195 413 2231 τινα
461 2179 793 2252 εὐπρέπειαν
845 2181 1262 2254 ἀνθρωποφανεῑ
1305 2185 1419 2241 δντι
1473 2187 1552 2260 τῷ
1598 2190 1658 2244 ὲν
1711 2191 1862 2263 μέσῳ

285 2269 577 2340 χρώματι,
668 2274 1138 2345 συναρμοζομένου
1159 2292 1174 2308 ο
1235 2277 1356 2331 τότε
1419 2279 1710 2350 πρόσωπον
1774 2283 1863 2336 ἑν-

285 2360 730 2432 εστρογγύλωται
759 2363 980 2432 μᾶλλον,
1007 2367 1102 2421 καὶ
1127 2368 1206 2431 εἰς
1234 2371 1546 2437 γυναικείαν
1563 2371 1710 2427 ἕλκει
1730 2391 1864 2446 μορ-

283 2453 425 2524 φήν·
461 2454 497 2524 ἦ
531 2471 590 2507 τε
619 2456 772 2526 φωνὴ
811 2457 1068 2523 ἐπιεικῶς
1127 2461 1476 2532 ἀνθρωπεία·
1537 2466 1682 2538 πλὴν
1737 2469 1860 2522 ὅσον

285 2545 390 2598 οὐκ
424 2547 505 2608 εἰς
545 2544 722 2616 ἄρθρα
765 2546 1135 2621 διαιρουμένη,
1178 2551 1316 2606 ἀλλά
1352 2570 1457 2608 τινι
1496 2555 1727 2626 ταχέως,
1767 2560 1862 2612 καὶ

283 2630 400 2689 οἷον
431 2637 570 2707 μετά
597 2655 737 2703 τινος
771 2639 941 2710 ὀργῆς
964 2657 1022 2694 τε
1058 2642 1152 2696 καὶ
1193 2642 1486 2714 ἀχθηδόνος
1514 2647 1704 2718 ἄσημα
1731 2649 1862 2702 ὑπο-

283 2726 636 2800 φθεγγομένῃ
693 2733 1044 2800 προσεοικυῖα
1113 2733 1243 2804 (68).
1286 2734 1570 2811 Βαρυτὲρά
1618 2755 1677 2792 τε
1733 2739 1861 2811 μᾶλ-

281 2819 377 2872 λόν
429 2823 576 2874 ἐστιν
619 2821 932 2894 όξυνομὲνη.
997 2823 1220 2896 Ἀγριόν
1265 2826 1326 2880 τὲ
1389 2829 1504 2882 ἐστι
1537 2819 1754 2911 Ἒεινῶς
1792 2831 1856 2886 τδ

283 2911 478 2982 θηρίον
529 2913 623 2966 καὶ
670 2915 1102 2986 πανουργότατον
1123 2957 1140 2982 ,
1208 2920 1302 2972 καὶ
1345 2919 1466 2974 οὐδὲ
1533 2918 1732 2994 ῥᾳδίως
1786 2941 1860 2976 τι·

283 3005 705 3076 θασσευόμενον.
767 3007 984 3080 Ταύτης
1039 3013 1120 3074 εἰς
1171 3013 1355 3084 Θήϐας
1419 3032 1509 3084 μοι
1564 3015 1706 3070 δοκῶ
1762 3019 1860 3083 τὰς

283 3096 548 3160 Βοιωτίας
603 3097 770 3152 πάλαι
829 3101 1199 3174 κομισθείσης,
1231 3104 1324 3158 καί
1368 3123 1508 3162 τισιν
1577 3107 1707 3173 ἴσως
1753 3111 1860 3165 τῶν

282 3188 380 3240 ἐπὶ
403 3189 502 3261 θέει
534 3193 975 3262 συνερρυηκότων
1005 3195 1394 3268 ἐφαλλομένης,
1431 3200 1524 3254 καὶ
1551 3203 1666 3264 τοῖς
1691 3219 1860 3272 προσ⁶

279 3277 453 3344 ὡποις
501 3280 906 3356 λυμηναμένης,
943 3285 1110 3339 δεινὸν
1149 3290 1514 3360 ποιησάμενος
1545 3293 1574 3346 6
1603 3294 1858 3360 Οἰδίπους

278 3373 383 3435 τὰς
420 3371 532 3425 τῶν
573 3373 859 3445 ὁμοφύλων
904 3375 1102 3444 λώϐας,
1159 3383 1556 3450 καταφονεῦσαι
1599 3387 1661 3440 τὸ
1697 3388 1854 3454 ζῶον,

281 3460 380 3511 καὶ
407 3458 580 3530 ὄνομα
603 3460 854 3532 λαμπρὸν
881 3465 1092 3521 ἐκεῖθεν
1129 3467 1333 3525 λαϐεῖν.
1361 3473 1472 3524 Kal.
1503 3474 1667 3528 αὐτὸν
1695 3477 1723 3529 6
1755 3477 1856 3546 μῦ-

279 3547 377 3610 θος
407 3550 489 3613 είς
525 3550 778 3623 ἀνδρείαν
811 3554 1052 3626 κοσμῶν,
1090 3557 1402 3631 ’ὑπόπτερον
1447 3563 1546 3633 μὲν
1580 3564 1638 3618 τὸ
1671 3566 1858 3638 θηρίον

279 3641 648 3706 ἀναπλάττει,
708 3643 794 3697 διὰ
843 3645 903 3697 τὸ
957 3647 1124 3712 ὀξέως
1177 3651 1484 3724 ὲπιπηδᾷνο
1539 3657 1760 3728 στέρνον
1799 3658 1858 3711 δὲ

277 3729 546 3796 γυναικὸς
579 3732 934 3804 ὲφαρμόττει,
969 3738 1062 3790 xui.
1091 3739 1154 3792 τὸ
1189 3740 1346 3811 σῶμα
1383 3742 1628 3808 λέοντος·
1669 3763 1858 3814 γυναι-

280 3822 380 3884 κὸς
407 3821 528 3892 μὲν,
551 3823 638 3876 διὰ
663 3824 722 3876 τὸ
755 3827 1042 3898 πρόχειρον
1069 3829 1166 3900 τῆς
1196 3831 1546 3902 γυμνώσεως,
1593 3838 1686 3890 καὶ
1722 3839 1857 3910 πρὸς

278 3914 342 3966 τὸ
377 3917 690 3981 γυναικεῖον
739 3913 877 3981 εἶδος
920 3919 1262 3990 ὁμοιώσεως⁶
1305 3923 1514 3990 λέοντος
1555 3925 1631 3990 δὲ,
1675 3928 1762 3982 διὰ
1799 3931 1858 3983 τὸ

279 4005 570 4076 θηριῶδες,
622 4007 715 4062 καὶ
745 4009 828 4062 ὅτι
867 4011 1009 4064 κατά
1043 4011 1104 4064 τὸ
1149 4013 1395 4069 πλεῖστον
1443 4019 1556 4081 τοῖς
1603 4019 1856 4092 τέτταρσι

278 4099 542 4168 τυγχάνει
572 4099 726 4152 ποσὶν
767 4101 1118 4174 ἐρειδόμενον.
1141 4105 1313 4174 Λόγου
1341 4107 1400 4160 δὲ
1425 4107 1485 4160 τὸ
1513 4108 1697 4180 θηρίον
1731 4129 1858 4182 μετ-

277 4192 452 4244 έόωκε
481 4190 546 4242 τὸ
575 4190 817 4263 πλάσμα,
859 4194 948 4248 διά
979 4196 1040 4248 τὸ
1083 4197 1180 4267 τῆς
1209 4199 1388 4268 φωνῆς
1422 4199 1816 4270 ἀνθρωποειὸἑς
1838 4219 1853 4236 ο

277 4279 714 4349 αἱνιγματὼδους
760 4283 833 4343 δὲ,
881 4282 970 4336 διὰ
1013 4285 1072 4338 τὸ
1118 4287 1304 4357 ἄσημα
1356 4287 1708 4358 φθέγγεσθαι.
1746 4294 1856 4347 Καὶ

281 4369 595 4441 θαυμαστὸν
632 4372 782 4425 οὐδέν
805 4389 822 4405 ο
853 4373 1022 4428 πολλά
1067 4375 1176 4448 γὰρ
1201 4379 1294 4431 καὶ
1322 4378 1455 4434 ἄλλα
1488 4381 1717 4454 σύνηθες
1743 4389 1856 4452 τοῖς

282 4459 513 4532 Ἕλλησι
549 4463 684 4534 πρὸς
712 4464 774 4518 τὸ
811 4466 1053 4536 μυθῶδες
1091 4467 1449 4526 διαπλάττειν.
1487 4475 1596 4528 Καὶ
1628 4477 1766 4547 αὑτὴ
1797 4477 1854 4532 δὲ

1965 2005 2235 2060 cervicem
2263 2021 2433 2076 usque
2471 2009 2718 2078 glabrum
2749 2020 2860 2079 est;
2902 2029 3167 2068 mammas
3207 2031 3337 2070 vero
3377 2017 3535 2070 babt‘t

1966 2095 2235 2161 mulieris,
2274 2105 2560 2168 tutumque
2591 2115 2792 2170 corpus
2830 2118 2938 2171 qua
2973 2104 3178 2158 nmium
3219 2116 3324 2168 est,
3367 2108 3532 2162 rubra

1963 2185 2210 2254 quaedam
2235 2187 2368 2240 milii
2393 2189 2628 2257 speciem
2653 2192 2893 2248 referens
2920 2194 3236 2260 eminentia,
3269 2197 3322 2250 in
3345 2198 3531 2252 orbem

1963 2276 2178 2344 circuit,
2205 2288 2259 2333 et
2287 2279 2529 2334 humano
2575 2283 2746 2337 colori
2783 2285 2924 2341 cutis
2961 2302 3084 2356 qua:
3123 2288 3175 2342 in
3221 2290 3400 2344 medio
3428 2300 3562 2356 est,

1964 2367 2256 2437 plutimum
2289 2373 2478 2440 gratiae
2509 2381 2562 2426 et
2588 2373 2804 2429 decoris
2837 2375 3013 2432 affert.
3062 2377 3254 2435 Facies
3292 2379 3403 2435 fere
3440 2395 3534 2434 ro-

1965 2459 2131 2515 tunda
2169 2471 2272 2527 est,
2313 2471 2368 2518 et
2402 2463 2469 2518 ad
2516 2465 2837 2521 muliebrem
2879 2467 3110 2524 formam
3146 2472 3390 2538 accedit;
3425 2487 3534 2527 vos

1963 2553 2216 2606 humatus
2249 2552 2419 2608 ferme
2453 2555 2672 2621 similis,
2705 2559 2808 2612 nisi
2843 2561 2988 2630 quod
3023 2561 3247 2617 minime
3284 2573 3367 2618 est
3396 2563 3531 2618 arti-

1961 2642 2166 2708 culata,
2221 2645 2315 2699 sed
2361 2649 2506 2701 velut
2548 2649 2796 2704 mulieris
2844 2652 3150 2719 cujusdam,
3201 2655 3450 2710 celeriter
3480 2663 3535 2710 et

1961 2749 2088 2788 cum
2123 2734 2205 2788 ira
2233 2750 2298 2788 ac
2329 2737 2516 2792 dolore
2549 2740 2784 2808 quodam
2827 2744 2986 2796 verlza
3019 2744 3244 2800 minimc
3281 2745 3532 2802 distincta

1964 2823 2308 2893 proferentis.
2355 2819 2552 2883 Gravis
2591 2843 2752 2896 porro
2783 2840 2864 2885 est
2914 2833 3090 2902 magis
3133 2848 3295 2903 quam
3349 2845 3528 2892 acuta.

1961 2915 2230 2971 Cancrum
2276 2917 2379 2972 boc
2411 2917 2614 2972 animal
2650 2918 2824 2974 ferum
2864 2923 3159 2978 admodum
3203 2933 3287 2980 est
3334 2936 3388 2980 et
3433 2942 3531 2980 va-

1962 3005 2126 3071 frum,
2179 3024 2278 3064 nec
2333 3007 2490 3065 facile
2549 3012 2901 3067 mansuescit.
2935 3014 3089 3080 Quod
3131 3031 3258 3070 cum
3314 3015 3533 3074 Thebas

1963 3099 2154 3152 urbem
2181 3097 2403 3154 Boeotiae
2432 3101 2562 3155 olim
2591 3101 2933 3171 deportatum
2965 3104 3178 3170 fuisset,
3210 3116 3262 3162 et
3288 3108 3342 3161 in
3367 3124 3561 3178 quos-.

1963 3191 2087 3244 dam
2121 3207 2310 3246 eorum
2347 3191 2442 3262 qui
2482 3192 2549 3248 ad
2582 3195 2953 3262 spectaculum
2983 3195 3103 3265 ejus
3135 3198 3529 3260 conﬂuxerant.

1962 3281 2287 3350 insiluisset,
2313 3285 2605 3355 vultusque
2631 3301 2823 3341 eorum
2855 3287 3169 3356 lacerasset,
3192 3290 3434 3360 ()Etlipus
3461 3293 3534 3346 ci-

1961 3377 2106 3429 vium
2141 3391 2368 3430 suorum
2421 3376 2788 3434 mutilationes
2817 3379 3044 3434 moleste
3073 3379 3273 3445 ferens,
3303 3382 3530 3438 bestiam

1960 3465 2270 3521 interfecit:
2303 3475 2467 3537 atque
2494 3484 2559 3522 ex
2587 3485 2650 3524 ea
2678 3485 2758 3535 re,
2789 3479 2848 3525 nt
2871 3472 3002 3526 mihi
3034 3473 3254 3540 quidem
3284 3475 3522 3539 videtur,

1960 3558 2250 3612 maximam
2283 3558 2510 3628 gloriam
2533 3569 2618 3615 est
2645 3571 2995 3620 consecutus.
3023 3563 3290 3619 Caeterum
3315 3564 3528 3630 fabula,

1960 3659 2018 3704 ut
2045 3649 2618 3706 fortitudinislaudcm
2651 3653 2903 3708 conciliet
2929 3652 3158 3724 (Edipo,
3190 3655 3366 3726 ipsum
3397 3657 3525 3726 qui-
3616 3650 3623 3658 ’

1957 3738 2078 3792 dem
2109 3739 2310 3792 animal
2335 3739 2536 3794 alatum
2567 3740 2744 3806 ﬁnxit,
2781 3751 3064 3812 propterea
3095 3745 3238 3812 quod
3274 3745 3529 3800 velut-iter

1959 3829 2219 3896 iusiliret;
2271 3831 2444 3884 eidem
2505 3847 2633 3887 vero
2686 3844 2874 3901 pectus
2929 3835 3175 3890 mulieris
3224 3844 3280 3890 et
3325 3852 3528 3906 corpus

1959 3922 2131 3976 leonis
2161 3923 2384 3992 aptavit.
2422 3921 2553 3978 Illud
2596 3925 2816 3994 quidem
2851 3927 2920 3980 ob
2956 3927 3258 3996 expositam
3304 3930 3524 3984 nudita-

1958 4023 2089 4078 tem,
2133 4021 2190 4068 et
2231 4015 2301 4068 ob
2348 4013 2630 4069 muliebris
2676 4015 2866 4070 forma:
2911 4017 3324 4070 similitudinem
3368 4035 3381 4068 :
3421 4019 3526 4072 hoc

1959 4123 2086 4162 vero
2107 4117 2326 4176 propter
2355 4105 2645 4171 feritatem,
2678 4119 2731 4160 et
2775 4107 2920 4176 quod
2964 4117 3024 4161 ut
3062 4107 3352 4176 plurimum
3393 4124 3524 4177 qua-

1959 4207 2081 4252 tuor
2113 4197 2341 4266 pedibus
2366 4197 2664 4252 insisteret.
2708 4197 2958 4253 Rationis
2994 4214 3215 4268 quoque
3253 4202 3528 4268 particeps

1958 4290 2088 4344 illud
2125 4288 2320 4343 fabulae
2349 4289 2559 4342 finxere
2581 4326 2597 4349 ,
2631 4289 2702 4343 ob
2735 4289 3146 4344 similitudinem
3173 4291 3526 4352 vocisltnma;
3557 4323 3562 4328 ι

1955 4397 2069 4445 me;
2107 4379 2392 4450 enigmata
2431 4395 2562 4435 vero
2615 4381 2682 4436 ab
2729 4381 2918 4435 eodem
2977 4382 3204 4452 proponi
3250 4383 3542 4448 dixerunt,

1955 4486 2022 4526 eo
2056 4470 2202 4540 quod
2239 4471 2453 4540 ignmas
2479 4485 2642 4526 voces
2669 4487 2732 4525 ac
2765 4472 2988 4526 minime
3015 4473 3303 4528 distinctas
3325 4475 3528 4528 cdert-t.

279 4553 433 4624 χώρα
477 4555 574 4607 καὶ
608 4555 761 4619 ὅνους
798 4558 1022 4630 ἀγρίους
1065 4561 1353 4631 μεγίστους
1397 4581 1458 4618 τε
1507 4566 1586 4638 τῷ
1631 4569 1847 4640 μεγέθει

1963 4562 2143 4634 Neque
2189 4579 2318 4619 vero
2365 4563 2418 4618 id
2477 4580 2804 4634 magnopere
2867 4567 3174 4622 mir-mulum
3241 4577 3527 4630 cst,-cum

280 4643 460 4716 φέρει,
495 4647 591 4699 καὶ
627 4647 725 4719 τὴν
764 4648 925 4718 δορὰν
967 4651 1107 4704 κατὰ
1143 4652 1204 4706 τὸ
1256 4653 1459 4720 ξενίζον
1501 4663 1853 4732 πεποικιλμέ-

279 4749 424 4798 νους,
456 4735 652 4789 λευκοῦ
700 4738 850 4807 σφίσι
901 4739 994 4794 καὶ
1027 4741 1255 4810 μέλανος
1294 4745 1580 4817 χρώματος
1612 4751 1674 4802 ού
1713 4751 1853 4805 κατά

279 4826 482 4898 μικρὸν
535 4829 1078 4901 συμποικιλλομὲνου,
1128 4835 1264 4888 ἀλλὰ
1312 4837 1478 4901 ζῶναί
1529 4841 1674 4906 τινες
1715 4845 1852 4897 εἰσιν

283 4918 389 4972 ἀπὸ
429 4921 534 4988 τῆς
579 4923 790 4992 ῥάχεως
825 4924 918 4976 ἐπὶ
949 4923 1046 4988 τὰς
1087 4926 1326 4998 πλευρὰς
1371 4931 1464 4984 καὶ
1497 4932 1595 5003 τὴν
1641 4935 1852 4990 κοιλίαν

283 5011 658 5081 καθήκουσαν
707 5013 801 5064 καὶ
839 5011 1070 5066 ἐνταῦθα
1111 5015 1542 5086 ὲπισχιζόμεναι,
1584 5021 1676 5074 καὶ
1710 5023 1854 5077 κατὰ

281 5119 430 5166 τινας
474 5102 826 5174 περιφερείας
872 5102 1126 5176 ἀλλήλαις
1175 5107 1592 5178 ὲνελιττόμεναι,
1643 5111 1854 5184 θαυμα.

283 5193 416 5264 στην
443 5211 568 5246 τινα
595 5197 690 5247 καὶ
729 5194 884 5266 ξένην
927 5187 1330 5265 ἀπεργάζονται
1371 5199 1576 5272 πλοκὴν
1608 5206 1703 5258 καὶ
1733 5223 1852 5261 ποι-

283 5285 484 5338 κιλίαν.
530 5285 691 5340 Ἀλλά
735 5303 799 5352 γε
831 5285 896 5358 δὴ
929 5283 1028 5341 καὶ
1049 5291 1078 5342 ὁ
1107 5289 1299 5359 φοῖνιξ,
1331 5290 1391 5343 τὸ
1420 5292 1852 5366 πολυθρύλλητον

169 5419 174 5427 .
284 5377 506 5446 πτηνὸν,
547 5378 878 5449 παράὐτοῖς
901 5379 1158 5451 τυγχάνει
1183 5382 1480 5452 γινόμενος.
1513 5387 1622 5440 Καὶ
1659 5388 1757 5459 μὲν
1789 5390 1852 5463 δὴ

1961 4656 2133 4713 Graeci
2165 4657 2334 4712 multa
2369 4673 2591 4728 quoque
2621 4658 2727 4712 alia
2763 4659 2814 4711 in
2841 4657 3052 4713 fabulas
3096 4659 3310 4713 soleant
3349 4663 3530 4712 dctus-

1960 4766 2149 4818 quere.
2198 4751 2465 4805 Caeterum
2527 4749 2718 4804 eadem
2781 4753 2927 4819 regio
2984 4751 3087 4803 fert
3133 4751 3294 4804 etiam
3343 4751 3530 4806 asinae

1960 4851 2222 4913 agrestes,
2277 4852 2488 4898 statura
2524 4843 2811 4902 maximos,
2843 4851 2897 4895 et
2927 4842 3062 4910 pelle
3097 4842 3292 4896 mirum
3327 4842 3380 4897 iu
3413 4857 3532 4896 mo-

1959 4937 2090 4991 dum
2123 4935 2419 5002 variegata,
2459 4933 2583 4988 albo
2613 4948 2678 4985 ac
2716 4931 2870 5002 nigro
2919 4933 3100 4986 colore
3143 4931 3244 4987 sibi
3296 4933 3530 4988 invicem

1959 5027 2113 5082 valde
2146 5026 2406 5096 permisto
2439 5043 2454 5079 :
2489 5025 2690 5094 quippe
2739 5039 2906 5078 zonas
2937 5026 3198 5094 quasdam
3237 5027 3456 5088 habent,
3497 5043 3530 5084 a

1957 5121 2113 5189 Spina
2141 5117 2290 5173 dorsi
2322 5119 2386 5172 ad
2426 5117 2592 5171 latera
2629 5125 2683 5170 et
2720 5117 2786 5170 ad
2822 5129 3065 5172 ventrem
3113 5133 3285 5190 usque
3326 5119 3531 5175 demis-

1956 5227 2068 5272 sas,
2095 5211 2278 5280 ibique
2316 5209 2544 5271 divisas,
2577 5223 2700 5278 qua:
2728 5224 2822 5276 per
2857 5209 3096 5264 circulus
3120 5211 3385 5280 quosdam
3422 5210 3528 5268 sibi

1957 5303 2186 5358 invicem
2227 5302 2455 5366 innexae,
2485 5299 2784 5355 mirabilem
2822 5301 3114 5370 quamdam
3163 5305 3531 5361 testuramcli-

1958 5392 2148 5448 liciunt
2178 5407 2244 5447 ac
2273 5390 2612 5444 varietatem.
2646 5387 2875 5444 Pltamix
2900 5391 3053 5460 item,
3082 5394 3201 5450 avis
3232 5398 3526 5452 multorum

1505 5560 1584 5606 VA
1591 5561 1748 5608 LESII
1777 5565 2260 5613 ANNOTATIONES

352 5680 463 5751 (68)
531 5681 1077 5752 ’Υποφθεηοομένης
1129 5687 1533 5752 προσεοικυτα.
1589 5689 1846 5746 Scribon-

1946 5711 2032 5748 mo
2059 5694 2344 5766 [ϐαρυτέρα

2387 5713 2446 5750 τε
2493 5693 2695 5766 μᾶλλόν
2732 5690 2878 5766 ἐστιν
2903 5693 2944 5766 ἠ
2979 5692 3301 5766 ὀξυνομένη,
3342 5698 3530 5754 additu

283 5749 407 5804 dum
436 5749 569 5821 puto
600 5749 1073 5840 ὑποφθεγγομεχῃ.
1108 5749 1357 5840 Refertur
1389 5759 1532 5840 enim
1563 5760 1626 5812 ad
1658 5779 1842 5840 Vocem
1945 5749 2208 5818 vocabulo
2239 5749 2286 5835 ﬁ.
2315 5767 2364 5820 id
2401 5749 2523 5830 ’,
2590 5767 2697 5818 Vox:
2737 5749 2973 5834 spln'ng't's
3014 5749 3190 5834 pravis
3227 5749 3524 5840 magis—“cst

284 5835 400 5890 qua:
423 5822 720 5892 praecessit,
755 5825 859 5876 τινέ
899 5822 1121 5879 scilicet.
1161 5825 1278 5881 Mox
1329 5826 1610 5896 legendum
1657 5834 1846 5888 existi.

1946 5853 2102 5902 quam
2143 5847 2324 5890 acula.
