4028 6338
468 387 577 444 499

1850 383 2332 461 ιηιιιρετοιιοιι

3630 379 3737 437 500

471 507 726 549 sermone
761 490 1053 560 celebrata,
1084 495 1228 564 apud
1281 509 1377 552 eos
1424 496 1692 553 nascitur.
1749 496 2048 553 Psittacum

2158 496 2250 550 καὶ
2280 495 2378 566 τὴν
2411 493 2643 566 σιτάκην
2683 493 2896 548 ἐκεῖθεν
2934 491 3094 563 ίσμεν
3138 488 3528 562 κομιζομένην,
3565 491 3597 546 δ
3627 494 3737 549 τῶν

470 600 691 656 quoque
714 584 840 639 inde
867 584 1094 638 allatum
1119 585 1250 648 vidi,
1286 587 1433 656 quod
1466 604 1639 657 genus
1675 589 1794 643 avis
1837 598 1921 644 est
1965 589 2048 642 lo-

470 677 889 746 quacissimum,
928 685 983 731 et
1015 676 1083 730 ad
1132 677 1283 731 vocis
1337 679 1592 733 humanae
1638 679 2047 734 similitudinem

473 769 719 838 proxime
757 769 1046 831 acccedens;
1095 768 1400 835 variegatas
1434 780 1690 839 praeterea
1729 787 1794 825 ac
1836 771 2052 841 punctis

476 860 768 914 distinctas
801 874 952 922 axes,
988 874 1126 927 quas
1155 858 1319 928 vulgo
1365 863 1772 930 garamantidas
1834 874 2048 928 vocant,

470 953 697 1008 nomine
724 951 805 1006 eis
837 951 1009 1005 indito
1035 966 1099 1006 ex
1135 961 1318 1022 gente,
1344 968 1410 1007 ex
1437 969 1544 1022 qua
1583 955 1829 1022 plurima:
1857 955 1924 1009 ad
1951 971 2052 1010 nos

473 1042 847 1113 deportantur.
876 1041 995 1094 Alia
1026 1039 1261 1110 denique
1301 1043 1583 1112 complura
1618 1045 1875 1098 animalia
1914 1045 2048 1100 citra

473 1133 904 1190 controversiam
935 1131 1134 1187 eximia
1168 1132 1240 1187 ibi
1274 1134 1620 1202 proveniunt,
1647 1152 1878 1204 quorum
1907 1138 2050 1192 mul-

473 1222 760 1280 titudinem
804 1238 1087 1279 recensere
1131 1239 1372 1294 presens
1417 1227 1659 1281 narratio
1708 1226 2048 1284 reformidat.

475 1312 581 1368 Sed
611 1323 878 1368 etaurum
909 1313 1264 1384 purissimum
1294 1315 1403 1370 illic
1425 1315 1684 1386 gignitur,
1711 1319 1894 1373 aureis
1916 1335 2052 1389 qua-

473 1405 519 1459 si
551 1405 701 1460 tibi-is
749 1413 943 1475 sponte
991 1420 1059 1459 ex
1111 1420 1173 1460 ea
1205 1416 1348 1462 terra
1400 1409 1773 1479 surgentibus,
1821 1411 2052 1482 aliisque

475 1513 642 1569 super
679 1499 815 1554 alias
838 1499 1168 1570 iacentibus,
1197 1509 1249 1554 et
1286 1499 1405 1555 auri
1441 1500 1593 1554 illius
1633 1501 2048 1570 productionem

473 1600 716 1660 apertam
785 1606 852 1646 ac
930 1590 1276 1646 manifestam
1353 1590 1743 1660 praebentibus.
1796 1590 1938 1656 Quin
1997 1599 2052 1646 et

475 1679 686 1736 fructus
715 1682 856 1751 apud
883 1681 1006 1737 illos
1031 1681 1380 1751 pulcherrimi
1431 1689 1559 1736 sunt
1599 1690 1655 1733 et
1689 1681 1935 1742 maximi.
1981 1696 2049 1736 ex

472 1772 674 1843 quibus
719 1772 1019 1828 notissimae
1065 1782 1196 1827 sunt
1237 1787 1428 1827 nuces.
1503 1769 1765 1825 Unirersa
1815 1771 2050 1842 denique

2147 587 2350 658 δρνεων
2374 587 2491 639 ἐστὶ
2514 587 2855 648 λαλίστατον,
2880 583 3098 654 καὶτῆς
3117 582 3467 654 ἀνθρωπίνης
3487 583 3737 655 γλώττης

2153 676 2594 748 μιμητικώτατον
2613 694 2628 709 ·
2667 676 2762 729 καὶ
2794 677 2921 738 τοὺς
2950 674 3228 737 ποικίλους
3259 673 3317 727 δὲ
3348 675 3442 727 καὶ
3473 692 3732 730 καταστι-

2149 769 2266 833 γείς
2306 764 2506 835 ὄρνεις,
2542 764 2637 829 οὓς
2662 764 3021 836 γαράμαντας
3068 761 3389 816 ἐπικαλοῦσι
3421 779 3588 826 τινες,
3624 765 3738 818 ἀπὸ
3779 766 3804 844 ί

2150 855 2246 908 τοῦ
2290 856 2475 920 ἐθνους
2521 851 2583 911 οὗ
2629 857 2866 926 μάλιστα
2932 855 3172 909 πλεῖστοι
3236 855 3590 926 κομίζονται,
3636 857 3738 928 τὴν
3783 845 3788 854 ’

2149 950 2468 1020 ἐπωνυμίαν
2503 951 2741 1021 θέμενοι.
2783 948 2894 1002 Καὶ
2929 947 3062 1003 ἄλλα
3109 947 3166 1000 δέ
3198 947 3425 1001 πλεῖστα
3460 947 3737 1018 διαφανῶς

2151 1041 2572 1114 ὑπερφυέστατα
2619 1041 2833 1110 φύεται,
2898 1036 2974 1093 ὧν
3038 1039 3100 1092 τὸ
3145 1038 3349 1109 πλῆθος
3402 1041 3436 1110 ἡ
3479 1041 3738 1111 διήγησις

2151 1131 2560 1186 ὑποστέλλεται.
2612 1131 2774 1184 Ἀλλά
2807 1132 2901 1184 καὶ
2924 1132 2952 1184 ὁ
2979 1131 3181 1201 χρυσὸς
3211 1129 3450 1184 ἐνταῦθα
3477 1131 3736 1198 γεννᾶται

2152 1222 2561 1294 καθαρώτατος,
2607 1221 2932 1293 χρυσιτίδων
2987 1221 3151 1274 οἱονεί
3198 1220 3404 1292 τριχῶν
3451 1221 3739 1289 αὐτοφυῶν

2149 1314 2247 1384 τῆς
2270 1313 2482 1382 ἐκείνης
2505 1312 2607 1382 γῆς
2633 1310 3051 1380 ἀναδιδομένων,
3091 1311 3184 1362 καὶ
3214 1311 3301 1364 ἐπ’
3346 1310 3597 1381 ἀλλήλοις
3625 1328 3743 1364 κει-

2155 1405 2354 1474 μένων,
2380 1405 2474 1456 καὶ
2501 1401 2753 1473 ἐπίδηλον
2775 1401 2942 1455 αὑτοῦ
2966 1401 3064 1474 τὴν
3081 1401 3298 1471 γένεσιν
3327 1403 3739 1474 παρεχομένων.

2152 1495 2260 1547 Καὶ
2291 1494 2498 1564 καρποὶ
2529 1493 2586 1546 δὲ
2619 1493 2896 1546 κάλλιστοί
2931 1510 2990 1546 τε
3026 1493 3120 1546 καὶ
3168 1492 3438 1563 μέγιστοι,
3484 1486 3560 1547 ὧν
3599 1493 3744 1560 γνὼ-

2153 1605 2290 1659 ριμα
2315 1589 2410 1640 καὶ
2433 1587 2501 1639 τὰ
2529 1587 2730 1657 κάρυα.
2770 1585 2928 1638 Ἀλλά
2959 1586 3063 1657 μὴν
3091 1587 3182 1638 καὶ
3210 1586 3271 1639 τὸ
3303 1586 3396 1639 ἐπὶ
3416 1589 3533 1650 τοῖς
3574 1583 3741 1657 ’σμη-

2154 1678 2332 1749 ρίταις
2365 1677 2536 1748 κλίμα
2570 1679 2678 1730 πᾶν
2724 1677 2888 1747 μέχρι
2915 1677 3013 1746 τῆς
3053 1676 3323 1746 Ἐρυθρᾶς
3353 1675 3630 1747 Θαλάσσης
3656 1677 3743 1742 δὶς

2151 1768 2243 1822 τοῦ
2291 1768 2541 1822 ἐνιαυτοῦ
2578 1769 2866 1822 ἀναδίδωσι
2909 1769 3036 1831 τοὺς
3081 1767 3351 1841 καρπούς.
3400 1768 3492 1832 Ἐξ
3543 1762 3606 1822 οὗ
3645 1769 3743 1821 καὶ

473 1860 879 1918 Ilomeritarum
912 1863 1059 1932 regio
1089 1878 1263 1931 usque
1286 1863 1351 1916 ad
1380 1861 1626 1916 Rubrum
1668 1878 1841 1925 mare,
1872 1862 2052 1930 dupli-

2158 1857 2252 1928 τὴν
2312 1855 2498 1926 χώραν
2565 1858 2825 1927 ’Δραϐίαν
2883 1856 3176 1928 εὐδαίμονα
3250 1859 3740 1928 προσηγόρευσαν

474 1971 592 2010 cem
627 1955 924 2025 quotannis
959 1954 1235 2009 fructuum
1287 1963 1609 2023 proventum
1660 1955 1857 2008 reddit.
1896 1953 2050 2009 Unde

471 2045 637 2098 etiam
665 2043 864 2098 Arabia
899 2044 1022 2098 felix
1065 2045 1449 2114 cognominata
1492 2053 1612 2109 est;
1661 2044 1754 2098 sed
1805 2052 1859 2098 et
1896 2060 2052 2114 gene-

473 2137 693 2201 raliter,
743 2135 924 2190 omnis
969 2152 1032 2191 ea
1081 2135 1230 2206 regio
1273 2151 1398 2205 quae
1449 2135 1516 2189 ad
1567 2137 1834 2190 orientem
1877 2136 2048 2190 solem

473 2229 668 2299 vergit,
702 2229 926 2299 reliquis
967 2229 1284 2299 regionibus
1323 2229 1470 2283 omni
1502 2244 1566 2283 ex
1613 2237 1769 2299 parte
1817 2230 2048 2283 multum

473 2328 717 2390 praestat.
752 2319 1043 2376 Paradisus
1077 2335 1225 2383 vero,
1262 2335 1385 2375 cum
1431 2321 1599 2375 totius
1628 2319 1868 2375 Orientis
1912 2335 2051 2390 pra:-

473 2412 850 2468 stantissimus
903 2426 967 2465 ac
1009 2410 1341 2481 purissimus
1385 2412 1459 2466 sit
1497 2419 1725 2472 tractus.
1757 2421 1811 2466 et
1851 2411 2048 2466 coelum

475 2500 675 2555 habeat
706 2499 1095 2555 nitidissimum
1129 2513 1194 2553 ac
1221 2497 1674 2567 pulcherrimum,
1707 2496 1864 2565 aquis
1899 2496 2052 2550 deni-
2077 2499 2092 2514 ‘

475 2606 585 2661 que
628 2583 1038 2660 limpidissimis'
1070 2587 1362 2658 irrigetur,
1417 2586 1606 2656 procul
1663 2586 1831 2640 dubio
1885 2585 2053 2640 totius

473 2691 741 2735 terrarum
764 2679 913 2734 orbis
935 2677 1149 2734 cunctis
1177 2678 1228 2731 in
1265 2677 1430 2731 rebus
1474 2676 1632 2745 longe
1663 2674 2052 2744 praestantissi-

2153 1949 2250 2001 καὶ
2282 1947 2476 2019 ὅλωςὴ
2514 1945 2651 2020 πρὸς
2697 1948 2986 2019 ἀνίσχοντα
3018 1949 3168 2020 ἦλιον
3210 1951 3398 2004 ἆπασα
3435 1951 3508 2020 γῆ
3545 1949 3745 2021 μακρῷ

2153 2039 2255 2109 τῆς
2284 2039 2450 2112 ἄλλης
2480 2042 2536 2092 ἐν
2564 2042 2697 2093 πᾶσι
2728 2041 2995 2112 διαφέρει.
3036 2043 3096 2094 '0
3123 2043 3181 2096 δὲ
3212 2043 3565 2115 Παράδεισος,
3597 2045 3742 2098 ἁπά-

2158 2145 2257 2200 σης
2306 2130 2408 2200 τῆς
2459 2129 2603 2202 ἐῴας
2657 2131 2720 2184 τὸ
2762 2134 3054 2202 κράτιστόν
3099 2151 3160 2186 τε
3209 2135 3304 2187 καὶ
3351 2136 3742 2207 καθαρώτατον

2156 2221 2436 2294 ὑπάρχων,
2476 2222 2718 2284 καὶτοὺς
2747 2223 2917 2294 ἀέρας
2949 2224 3459 2295 ἀκραιφνεστάτους
3482 2227 3577 2280 καὶ
3607 2225 3740 2279 καλ-

2156 2308 2369 2375 λίστους
2400 2311 2538 2381 ἔχων
2565 2351 2580 2370 .
2621 2313 2716 2365 καὶ
2767 2315 2882 2376 τοῖς
2913 2313 3359 2383 διαφανεστάτοις
3401 2314 3556 2369 ὕδασι
3607 2333 3741 2369 κατ-

2155 2403 2470 2474 αρδόμενος,
2517 2403 2679 2473 δῆλον
2720 2404 2794 2468 ὡς
2823 2405 3197 2477 ἀπαραὸλήτῳ
3247 2407 3488 2478 ὑπεροχῇ
3514 2409 3614 2478 τῆς
3651 2407 3744 2477 ὑφ’

2153 2494 2289 2565 ἡλίῳ
2327 2495 2506 2565 πάσης
2530 2497 2588 2547 ὲν
2613 2496 2764 2568 πᾶσῃ
2797 2496 2859 2549 τὸ
2893 2499 3140 2566 κρεῖττον
3181 2497 3376 2568 φέρει·
3415 2500 3515 2570 τῆς
3543 2499 3744 2565 ἔξωθεν

2157 2583 2431 2656 θαλάσσης
2455 2587 2576 2637 κατ’
2601 2585 2889 2657 ἀνίσχοντα
2934 2586 3030 2639 τὸν
3073 2587 3226 2658 ἥλιον
3279 2587 3428 2662 αὑτῷ
3459 2590 3747 2664 παρακλυ-

2157 2674 2359 2746 ζομένη
2371 2695 2410 2738 ς.

472 2790 595 2830 mus
641 2783 728 2832 est
771 2773 948 2839 locus,
975 2771 1067 2844 qui
1091 2771 1158 2826 ad
1199 2771 1334 2827 solis
1369 2780 1551 2826 ortum
1601 2769 1800 2824 Oceani
1854 2769 2111 2824 fluctibus
2140 2770 2383 2825 alluitur.
2423 2746 2493 2852 Ι

541 2895 631 2942 η.
689 2893 1013 2948 Athanasius
1068 2888 1376 2942 constantis
1421 2894 1598 2956 gratia
1641 2885 1938 2938 restitutus.
1979 2914 2047 2925 —

470 2981 563 3036 Ait
601 2979 996 3052 Philostorgius
1034 2980 1426 3042 Athanasium,
1471 2993 1595 3032 cum
1639 2977 1703 3029 ad
1739 2977 2050 3030 occidenta-

2227 2885 2314 2954 ιβ’.
2345 2885 2492 2951 Ὅτι,
2523 2887 2710 2958 φησὶν,
2745 2886 3062 2952 Ἀθανάσιος
3081 2887 3217 2964 πρὸς
3237 2887 3327 2941 τὸν
3356 2885 3613 2959 ἑσπέριον
3641 2887 3744 2958 ἀφ-

2157 2977 2406 3046 ικόμενος
2440 2976 2701 3048 βασιλέα,
2738 2981 2831 3034 καὶ
2869 2979 3058 3052 δώρων
3093 2983 3219 3045 τοὺς
3249 2981 3400 3051 αὑτῷ
3431 2980 3746 3052 παραδυναο

471 3072 606 3128 lium
638 3073 873 3143 partium
909 3072 1290 3142 imperatorem
1323 3069 1580 3133 venisset,
1605 3066 1835 3137 ejusque
1862 3066 2048 3135 palatii

2158 3071 2445 3132 στεύοντας
2469 3070 2769 3140 ὑπαγαγὼν
2793 3071 3045 3142 ἀφθονίᾳ,
3072 3073 3310 3143 μάλιστα
3335 3071 3392 3125 δὲ
3417 3071 3744 3137 Εὑστάθιον,

472 3177 728 3230 proceres
747 3203 763 3228 ,
793 3177 858 3216 ac
887 3161 1156 3230 prmcipue
1185 3157 1530 3214 Eustathium
1575 3156 1827 3210 comitem
1869 3171 2049 3208 rerum

471 3252 831 3323 privatarum,
853 3252 946 3321 qui
981 3249 1304 3304 auctoritate
1340 3247 1636 3317 plurimum
1667 3245 1880 3297 valebat
1910 3243 2052 3313 apud

474 3343 806 3414 principem,
849 3341 1012 3396 donis
1057 3355 1120 3395 ac
1169 3339 1486 3394 muneribus
1531 3337 1631 3390 sibi
1674 3335 2054 3400 conciliasset,

474 3437 684 3492 litteras
717 3451 747 3489 a
770 3434 1069 3489 Constante
1097 3433 1162 3486 ad
1192 3430 1574 3486 Constantium
1608 3427 1893 3493 attulisse,
1918 3441 2056 3495 qua-

474 3542 597 3583 rum
630 3527 744 3581 hate
773 3531 928 3580 erant
966 3523 1130 3577 verba
1160 3540 1173 3576 :
1203 3520 1533 3575 Athanasius
1559 3519 1626 3574 ad
1671 3533 1771 3573 nos
1797 3520 2053 3583 veniens,

474 3618 846 3689 episcopitum
890 3614 1233 3670 Alexandria:
1259 3614 1325 3668 ατί
1353 3613 1531 3682 ipsum
1575 3610 1845 3680 pertinere
1875 3609 2055 3663 mani-

476 3708 634 3766 festis
671 3707 1086 3779 probationibus
1131 3705 1391 3762 ostendit.
1441 3703 1622 3769 Quare
1677 3702 1826 3756 illum
1877 3716 1972 3771 per
2005 3710 2056 3754 te

476 3809 862 3870 consequatur,
904 3807 998 3853 aut
1045 3809 1192 3854 certe
1223 3796 1359 3850 meis
1394 3794 1562 3848 armis
1597 3792 1848 3847 eumdem
1900 3805 2058 3845 recu-

476 3891 708 3964 perabit.
734 3891 906 3947 Porro
932 3891 1016 3947 lus
1050 3889 1245 3944 litteris
1270 3886 1508 3956 acceptis
1529 3927 1544 3950 ,
1577 3884 1652 3938 ait
1675 3883 2055 3939 Constantium

477 3981 764 4054 episcopos
791 3996 1129 4038 convocasse
1150 4020 1164 4042 ,
1204 3989 1265 4034 ut
1314 3994 1420 4033 una
1458 3993 1583 4033 cum
1614 3977 1722 4031 illis
1752 3973 1882 4046 quid
1916 3973 2058 4029 facto

477 4089 618 4146 opus
656 4085 802 4130 esset
834 4074 1191 4139 deiiberaret;
1223 4087 1319 4127 eos
1365 4084 1495 4126 vero
1537 4070 1588 4124 id
1622 4069 1912 4126 consilium
1963 4067 2059 4120 de-

477 4164 628 4222 disse
649 4166 1004 4223 Conslantio.
1047 4165 1222 4220 satius
1253 4179 1375 4219 esse
1414 4174 1474 4217 ut
1520 4161 1853 4216 Alexandria
1891 4163 2062 4220 Atha-

477 4257 620 4313 nasii
666 4257 800 4326 jugo
849 4257 1075 4310 minime
1125 4257 1480 4320 liberaretur,
1525 4269 1690 4323 quam
1737 4261 1796 4307 ut
1851 4254 2054 4310 bellum

477 4349 739 4404 adversus
786 4345 1006 4399 fratrem
1061 4345 1384 4413 susciperet.
1433 4344 1816 4398 Constantiam
1874 4346 2057 4413 itaque

477 4433 796 4506 permisisse
847 4432 1174 4499 Athanasio,
1234 4439 1294 4485 ut
1341 4434 1710 4501 episcopatum
1755 4435 2053 4503 reciperet,

477 4526 770 4595 Georgium
815 4539 944 4579 vero
984 4539 1080 4593 per
1125 4523 1412 4594 epistolam
1455 4524 1521 4577 ad
1568 4539 1627 4578 se
1672 4539 1950 4579 evocasse.
1979 4528 2057 4582 Ac

2156 3160 2214 3224 ὃς
2242 3161 2418 3232 κόμης
2447 3157 2514 3234 ἦν
2550 3162 2662 3216 τῶν
2694 3163 3003 3234 λεγομένων
3036 3165 3378 3236 πριουάτων,
3411 3164 3508 3216 καλ¹
3534 3163 3613 3234 τῷ
3643 3163 3742 3234 βα-

2157 3252 2298 3306 σιλεῖ
2325 3253 2720 3320 πιθανώτατος,
2746 3255 3039 3326 ἐπιστολὴν
3073 3256 3214 3327 πρὸς
3241 3254 3624 3310 Κωνστάντιον
3653 3256 3733 3327 (a)

2157 3341 2466 3413 κομίζεται,
2496 3344 2762 3413 λέγουσαν
2784 3339 2886 3399 ὦδε
2903 3363 2918 3377 ο
2957 3345 3278 3409 Ἀθανάσιος
3303 3339 3441 3417 ἧκεν
3469 3345 3546 3410 ὡς
3573 3347 3742 3418 ἡμᾶς,

2157 3433 2334 3505 ἐαυτῷ
2374 3435 2672 3508 προσήκειν
2701 3435 2800 3507 τὴν
2829 3437 3136 3508 ἐπισκοπὴν
3171 3437 3274 3508 τῆς
3333 3436 3746 3507 Ἀλεξανδρείας

2157 3528 2498 3593 ἀποδεικνύς.
2529 3524 2859 3601 Τυγχανέτω
2885 3530 3066 3585 τοίνυν
3105 3530 3192 3585 διά
3221 3529 3316 3584 σοῦ
3339 3530 3579 3602 ταύτης,
3621 3531 3746 3585 ἐπεὶ

2157 3621 2271 3682 τοῖς
2300 3619 2453 3690 ἐμοῖς
2485 3637 2548 3689 γε
2579 3621 2749 3692 αὐτὴν
2786 3622 3151 3693 ἀνακτήσεται
3195 3620 3399 3686 ὅπλοις.
3434 3621 3744 3694 Δεξάμενον

2157 3707 2214 3761 δὲ
2248 3708 2348 3780 τὴν
2373 3710 2661 3781 ἐπιστολὴν
2693 3711 2785 3764 τὸν
2811 3713 3211 3777 Κωνστάντιον,
3244 3714 3340 3767 καὶ
3367 3714 3493 3778 τοὺς
3522 3714 3746 3768 ἐπισκό-

2160 3816 2292 3863 πους
2331 3801 2423 3854 ἐπὶ
2470 3801 2726 3873 κοινωνία
2769 3801 2966 3872 βουλῆς
3016 3803 3470 3872 συγκαλέσαντα,
3516 3804 3746 3876 γνώμην

2160 3891 2290 3961 παρ’
2322 3891 2501 3945 αὑτῶν
2531 3893 2741 3957 λαϐεῖν,
2769 3893 2994 3963 ἄμεινον
3027 3890 3166 3949 εἶναι
3203 3895 3278 3968 μὴ
3309 3896 3546 3968 πόλεμον
3573 3897 3747 3971 ἀναῤ-

2161 3979 2322 4050 ρἧαι
2349 3981 2428 4052 τῷ
2463 3981 2697 4053 ἀδελφῷ,
2738 3983 2770 4053 ἢ
2810 3983 2909 4054 τῆς
2950 3983 3274 4038 Ἀθανασίου
3311 3983 3615 4058 βαρύτητος
3643 3985 3748 4058 τὴν

2171 4070 2575 4144 Ἀλεξάνδρειαν
2606 4073 2933 4140 ἀπαλλάξαι.
2968 4074 3059 4127 Διὸ
3101 4075 3194 4127 καὶ
3223 4075 3434 4144 ἐφιέναι
3468 4075 3617 4149 αὑτῷ
3644 4075 3748 4149 τὴν

2159 4162 2466 4236 ἐπισκοπὴν
2493 4163 2604 4235 (69)
2656 4167 2968 4228 ἀναλαϐεῖν,
3025 4167 3121 4220 καὶ
3165 4167 3260 4221 τὸν
3311 4167 3584 4240 Γεώργιον
3623 4169 3746 4240 μετ’

2158 4252 2448 4326 ἐπιστολῆς
2497 4255 2578 4318 εἰς
2611 4255 2824 4309 ἐαυτὸν·
2852 4256 3339 4327 μεταπέμψασθαι.
3399 4257 3538 4312 Ἀλλ’
3569 4260 3598 4313 ὁ
3645 4259 3748 4331 μὲν

2160 4345 2241 4408 είς
2281 4345 2379 4416 τὴν
2422 4345 2620 4400 ἐαυτοῦ
2654 4348 2888 4419 πατρίδα
2917 4348 3015 4421 τὴν
3059 4350 3456 4406 Καππαδοκίαν
3493 4352 3745 4423 ἀφίκετο,

2160 4436 2320 4488 κάκεῖ
2363 4435 2517 4505 διῆγε
2551 4437 2620 4490 τὰ
2646 4439 2769 4492 καθ’
2810 4439 3002 4492 ἑαυτὸν
3045 4442 3537 4512 ἐπισκοπούμενος.
3588 4442 3650 4498 Ὀ
3686 4443 3748 4498 δὲ

2166 4527 2512 4596 Ἀθανάσιος,
2557 4531 2696 4601 μετὰ
2749 4531 2998 4602 μείζονος
3052 4534 3154 4607 ἤδη
3215 4537 3564 4608 φρονήματος
3595 4535 3749 4598 διιὼν

477 4617 745 4684 Georgius
768 4615 986 4686 quidem
1021 4615 1073 4668 in
1105 4612 1536 4684 Cappadociam,
1569 4630 1634 4668 ex
1658 4629 1764 4683 qua
1792 4615 2053 4671 oriundus

2158 4616 2252 4681 τὰς
2285 4620 2489 4685 πόλεις,
2523 4621 2645 4675 καθ’
2678 4621 2774 4686 οὓς
2807 4622 3010 4692 γίνοιτο
3045 4625 3155 4678 τῶν
3189 4627 3531 4693 ἐπισκόπων,
3564 4626 3748 4697 λόγοις

475 4718 626 4776 erat,
666 4721 917 4763 reversus
965 4713 1079 4773 est,
1112 4705 1297 4774 ibique
1335 4703 1538 4774 degens
1578 4705 1788 4775 privata
1841 4699 2054 4777 negotia

2153 4710 2356 4774 αὑτοὺς
2385 4710 2697 4778 ἐξεκαλεῖτο
2729 4713 2865 4784 πρὸς
2896 4713 2955 4766 τὸ
2985 4715 3271 4785 ὀμοούσιον
3295 4732 3308 4745 ·
3355 4717 3451 4770 καὶ
3481 4718 3608 4780 τοὺς
3646 4717 3750 4788 μὲν

476 4800 898 4856 administravit.
943 4795 1277 4854 Athanasius
1319 4809 1481 4863 vero,
1536 4795 1746 4866 majore
1798 4797 2053 4869 deinceps

2158 4800 2346 4866 ἄλλους
2386 4803 2462 4874 μὴ
2499 4804 2897 4875 προσδέχεσθαι
2929 4806 3067 4877 (70).
3104 4807 3308 4862 ’Λέτιον
3346 4808 3404 4862 δέ
3431 4808 3524 4863 τὸν
3551 4807 3750 4881 ἔφορον

1703 4954 1782 4999 VA
1790 4955 1945 5000 LESII
1977 4955 2472 5005 ANNOTATIONES.

553 5065 668 5138 (69)
709 5062 962 5138 Ἐνιένᾳι
1007 5061 1169 5138 αὐτῷ
1206 5059 1720 5138 rilr’émg'xqmir.
1767 5060 1926 5138 llunc
1973 5062 2059 5116 lo-

479 5132 606 5191 cuin
630 5134 913 5191 emendavi
939 5149 1003 5191 ex
1041 5134 1229 5188 codice
1252 5133 1523 5204 Samuelis
1547 5132 1828 5197 Bocharti,
1859 5133 1911 5187 in
1943 5149 2054 5204 quo

476 5205 681 5262 diserte
706 5205 966 5272 scriptum
994 5204 1223 5259 habetur
1245 5202 1476 5270 ἐφιέναι,
1513 5203 1736 5272 Optime.

549 5276 665 5348 (70)
719 5271 831 5330 Καὶ
887 5273 1030 5342 τοὺς
1079 5274 1200 5344 μὲν
1252 5272 1487 5339 ἄλλους
1551 5271 1641 5343 μὴ
1719 5272 2055 5343 προσδέχε-

2165 5068 2326 5120 σθαι.
2354 5065 2511 5123 Hunc
2537 5067 2716 5123 locum
2740 5084 2848 5124 non
2887 5069 3151 5125 intellexit
3179 5069 3573 5136 Gothofredus,
3602 5070 3750 5130 sicut

2165 5140 2546 5210 guversinne
2599 5147 2654 5210 et
2697 5140 2844 5194 notis
2893 5140 3014 5209 ejus
3058 5151 3303 5210 apparet.
3356 5141 3570 5198 Putavit
3596 5143 3746 5198 enim

2165 5205 2591 5283 Philostorgium
2621 5208 2675 5283 id
2703 5209 2906 5274 dicere,
2924 5205 3320 5275 Athanasium,
3345 5212 3476 5267 dum
3514 5228 3614 5283 per
3650 5211 3749 5268 Pa-

2164 5276 2743 5346 lmstinamtransiret,
2775 5289 3010 5337 cunctos
3056 5283 3348 5353 episcopos
3391 5286 3460 5339 ad
3507 5276 3750 5340 consub-

1951 5413 2280 5461 VABIORUM
2289 5446 2302 5459 .

549 5518 644 5595 (α),
668 5517 1033 5595 Ἐπιστολὴν
1090 5521 1237 5595 ,πρὸς
1290 5521 1728 5595 Κωνστάντιον.
1788 5523 1866 5580 De
1917 5525 2056 5582 Con-

480 5591 680 5648 stantis
710 5593 776 5646 ad
818 5591 1042 5646 fratrem
1092 5591 1474 5647 Constantium
1514 5594 1820 5650 minacibus
1860 5596 2055 5653 litteris

481 5660 777 5737 yid._So_ci-.
801 5661 1137 5737 lib._|t,-cap_.
1160 5663 1262 5737 22,
1278 5664 1383 5737 ἧς
1417 5663 1552 5737 Soz.
1576 5663 1670 5718 lib.
1703 5667 1783 5728 ιἰι,
1810 5682 1930 5737 cap.
1960 5669 2052 5723 ‘20.

483 5731 560 5804 De
586 5731 743 5804 Aetio
776 5731 922 5800 quod
961 5733 1049 5786 hic
1069 5731 1206 5786 dicit
1231 5732 1645 5804 Philostorgius.
1672 5731 2056 5804 proculdubio

479 5801 882 5870 calumniosum
896 5816 1040 5869 esse,
1055 5815 1291 5872 eumque
1309 5802 1408 5858 hoc
1427 5801 2053 5873 tempore'orthodoxum

2163 5526 2354 5598 fuisse,
2385 5542 2698 5598 quanquam
2727 5527 2854 5583 olim
2888 5529 3087 5584 Ariana
3121 5530 3242 5585 labe
3274 5527 3558 5592 infectum,
3587 5529 3750 5588 docet

2160 5597 2412 5670 .lgicobus;
2434 5598 2831 5670 Gothofredus,
2872 5600 3090 5656 dissert.
3135 5616 3187 5670 p.
3231 5600 3354 5654 ιιι.
3388 5600 3465 5656 De
3509 5601 3751 5656 Maximo

2163 5667 2432 5740 Hierosol.
2458 5683 2570 5736 ep.,
2596 5669 2872 5739 quomodo
2892 5685 2951 5726 se
2967 5667 3747 5740 gessit‘rersusAtbamsium,

2163 5737 2274 5794 vid.
2309 5739 2466 5795 Socr.
2499 5740 2596 5798 lib.
2617 5737 2684 5809 Vn,
2718 5755 2841 5812 cap.
2881 5737 3118 5808 24.not.
3143 5755 3196 5798 c.
