4032 6338
230 326 344 384 505

1233 337 1794 396 ECCLESIASTICA'I
1834 337 2183 401 HISTORIA!)
2224 334 2354 393 LIB.
2396 335 2492 391 lll.

3382 336 3495 393 ’506

230 454 324 492 νον
347 434 517 510 εἶχεν,
545 439 625 505 είς
649 439 747 514 τὴν
769 442 937 499 αὐτοῦ
959 445 1187 520 δύναμιν
1210 452 1522 508 ἐπανελθὼν
1547 457 1575 509 ὁ
1600 455 1815 525 φθόνος,

1925 462 2191 520 mortuus,
2221 459 2276 509 et
2307 451 2551 509 Eulalius
2580 449 2635 504 in
2668 448 2786 520 ejus
2814 450 2993 506 locum
3025 450 3358 508 substitutus
3384 461 3489 519 est,

237 532 377 584 κινεῖ
397 531 493 584 τὸν
519 531 778 590 Εὒλάλιον
808 537 907 608 τῆς
948 540 1279 611 Ἀντιοχείας
1326 545 1417 600 τὸν
1458 546 1662 600 Ἀέτιον
1711 547 1816 600 ἁπ-

231 621 450 676 ιλάσαι.
500 622 562 678 '0
590 625 667 694 δὲ,
697 628 780 691 εἰς
807 628 907 700 τὴν
939 631 1040 702 τῆς
1063 634 1315 700 Κιλικίας
1353 636 1687 710 Ἀναζαρϐὸν
1716 640 1817 707 ἀφ-

233 712 512 783 ικόμενος,
564 718 629 788 τῇ
670 717 833 792 τέχνῃ
875 721 1038 775 πάλιν
1084 725 1220 798 πρὸς
1263 727 1326 780 τὸ
1363 728 1462 800 ζῇν
1499 730 1814 802 ἀπεχρῆτο,

231 803 360 857 οὐδὲ
389 805 491 876 τῆς
518 806 578 860 ἐν
615 808 795 877 λόγοις
831 812 1198 886 ἀφιστάμενος
1230 819 1365 891 πρὸς
1403 822 1529 884 τοὺς
1558 822 1819 892 ἐντυγχά-

233 910 430 985 νοντας
476 898 727 972 ἁμίλλης.
779 903 1173 976 Γραμματικοῦ
1218 909 1275 964 δέ
1314 928 1457 977 τινος
1500 913 1599 985 τὴν
1655 914 1817 984 φύσιν

233 984 404 1038 αὐτοῦ
435 986 732 1056 ἀγαμένου,
767 991 862 1044 καὶ
908 994 1227 1062 μεταδοῦναι
1271 997 1371 1067 τῆς
1399 984 1594 1069 τέχνης
1638 1000 1816 1072 ὁρμη-

239 1075 437 1145 μένου.
478 1078 506 1129 ὁ
551 1076 753 1142 Ἀἐτιος
784 1080 917 1151 παρ’
954 1082 1116 1136 αὐτὸν
1148 1086 1494 1151 είσοικισθεὶς
1535 1088 1809 1159 ἐθήτευεν,

233 1164 338 1229 τὰς
382 1168 659 1232 οἰκετικὰς
697 1169 847 1242 αὐτῷ
884 1172 1053 1226 τελῶν
1095 1174 1456 1247 λειτουργίας.
1498 1179 1610 1232 Καὶ
1649 1179 1678 1231 ὁ
1721 1182 1818 1250 μὲν

233 1253 339 1323 τὴν
374 1257 765 1330 γραμματικὴν
794 1260 1090 1332 προθύμως
1114 1264 1278 1318 αὐτὸν
1311 1265 1609 1330 ἐδιδάξατο.
1650 1268 1710 1321 Ὀ
1737 1268 1815 1335 δὲ,

231 1344 333 1397 τοῦ
354 1345 676 1401 διδασκάλου
702 1349 938 1423 δημοσίᾳ
959 1352 1073 1421 (8|)
1101 1356 1230 1407 ποτὲ
1256 1357 1532 1421 καταστὰς
1554 1360 1636 1423 είς
1663 1358 1817 1429 ἐλεγ-

235 1452 366 1503 χον,
402 1436 487 1491 ὅτι
536 1440 611 1511 μὴ
652 1439 761 1494 τῶν
794 1441 953 1496 θείων
987 1443 1186 1513 λογίων
1225 1445 1391 1519 ὀρθὴν
1430 1450 1666 1503 ἐποιεῖτο
1719 1450 1818 1521 τὴν

233 1523 512 1597 διήγησιν,
543 1528 639 1581 καὶ
673 1529 877 1602 πολλὴν
901 1532 1067 1586 αὑτοῦ
1111 1532 1212 1606 τὴν
1252 1537 1340 1589 ἐπ’
1373 1538 1613 1611 ἀμαθείᾳ
1646 1540 1818 1593 τοιούι⁸

232 1632 348 1669 των
386 1617 650 1691 αἰσχύνην
689 1624 1136 1694 καταχεάμενος,
1172 1626 1519 1698 ἀντιμισθίαν
1564 1622 1689 1701 εὗρε
1720 1628 1819 1700 τὴν

234 1704 585 1777 ἀποκήρυξιν
613 1708 712 1779 τῆς
737 1709 1136 1782 εὐεργετούσης
1158 1713 1319 1767 αὑτὸν
1344 1714 1540 1779 οἰκίας.
1580 1713 1819 1768 Ἐκεῖθεν

1916 554 2031 599 tum
2054 558 2180 599 vero
2204 544 2418 599 invidia:
2447 543 2607 607 livor,
2640 542 2924 612 pristinum
2952 543 3116 596 robur
3141 560 3489 614 recuperans,

1916 632 2185 688 Eulalium
2212 633 2477 698 incitavit,
2514 640 2572 686 ut
2600 632 2815 686 Aetium
2847 631 3136 688 Antiochia
3178 635 3490 703 expelleret.

1917 726 2085 797 Igitur
2123 727 2316 783 Aetius
2362 724 2743 788 Anazarbum,
2792 740 2916 794 qua:
2972 726 3174 780 Cilicia:
3211 727 3343 781 urbs
3377 735 3489 792 est,

1917 817 2229 889 prolectus,
2277 826 2447 872 artem
2484 832 2639 872 suam
2680 817 2861 872 denuo
2901 819 3148 873 excreuit
3189 818 3254 872 ad
3289 818 3490 873 victum

1918 907 2023 962 sibi
2069 891 2532 977 comparandum;
2578 921 2677 961 nec
2725 915 2907 962 tamen
2959 924 2989 963 a
3031 909 3492 975 disputationibus

1918 996 2181 1051 adversus
2204 1012 2299 1052 eos
2321 997 2413 1067 qui
2447 1012 2571 1052 cum
2602 996 2720 1067 ipso
2752 999 3007 1066 congredi
3036 1000 3252 1065 vellent,
3277 1001 3493 1068 penitus

1918 1084 2200 1139 abstinuit.
2232 1086 2403 1140 Porro
2433 1103 2555 1141 cum
2586 1090 2976 1156 grammaticus
3001 1090 3262 1159 quidam,
3294 1091 3492 1160 ingenii

1917 1174 2034 1246 ejus
2083 1176 2444 1231 admiratione
2491 1187 2719 1248 captus,
2777 1189 2947 1234 artem
3000 1181 3048 1234 ei
3094 1197 3248 1235 suam
3281 1181 3496 1235 tradere

1916 1278 2208 1336 aggressus
2252 1276 2430 1335 esset,
2458 1268 2649 1324 Aetius
2697 1270 2750 1323 in
2809 1269 3028 1324 domum
3064 1269 3182 1337 ejus
3219 1270 3497 1325 admissus

1918 1355 1967 1410 ei
2018 1356 2379 1423 ministravit,
2428 1359 2655 1414 serviles
2699 1374 2895 1429 operas
2953 1367 3239 1429 przestans.
3292 1358 3358 1413 Et
3405 1358 3497 1413 ille

1918 1445 2134 1515 quidem
2194 1446 2383 1501 libenti
2447 1448 2630 1503 animo
2681 1449 2894 1503 Aetium
2941 1450 3077 1505 artis
3128 1451 3496 1520 grammatica:

1918 1538 2199 1607 praeceptis
2255 1538 2513 1593 instituit.
2561 1538 2752 1595 Aetius
2803 1554 2969 1603 vero,
3022 1555 3151 1612 eum
3201 1540 3495 1608 aliquando

1919 1631 2239 1702 magistrum
2272 1646 2430 1687 suum
2463 1630 2680 1700 publice
2711 1632 3070 1701 coarguisset,
3114 1641 3371 1701 tanquam
3407 1630 3495 1684 di-

1919 1724 2046 1779 vina
2087 1724 2305 1778 oracula
2354 1723 2536 1778 minus
2564 1730 2708 1778 recte
2744 1722 3138 1792 explicantem,
3190 1734 3499 1790 magnoque

235 1793 299 1847 δὲ
323 1794 537 1860 ἐλαθεὶς
581 1798 885 1871 ’Λθανασίῳ
924 1802 1272 1870 συγγίνεται,
1306 1803 1365 1868 ὃς
1409 1804 1518 1858 τῶν
1554 1806 1652 1876 μὲν
1678 1807 1813 1859 Λου-

1925 1828 2039 1867 eum
2067 1812 2274 1883 pudore
2303 1811 2372 1866 ob
2397 1811 2662 1880 ejusmodi
2695 1810 3018 1881 imperitiam
3049 1809 3496 1871 all‘eeissct,b:«nc

236 1886 435 1941 κιανοῦ
471 1887 569 1942 τοῦ
609 1889 887 1962 μάρτυρος
935 1893 1209 1965 ὁμιλητῶν
1254 1889 1337 1959 εἷς
1383 1896 1629 1965 ἐγεγόνει
1653 1936 1669 1961 ,
1713 1898 1814 1969 τὴν

235 1978 578 2049 ’Δναόαρζον
603 1980 881 2034 διεσιώπει
912 1982 1060 2054 (82)⁶
1097 1986 1227 2056 παρ’
1276 1981 1322 2055 ᾦ
1362 1988 1483 2051 τοὺς
1528 1988 1818 2057 εὐαγγελι-

240 2069 375 2133 στὰς
397 2071 683 2139 ἀναγνοὺς,
711 2073 806 2126 καὶ
837 2076 952 2138 τοῖς
985 2072 1106 2128 καθ’
1144 2076 1374 2132 ἕκαστον
1401 2077 1563 2131 αὐτὸν
1590 2079 1819 2151 ἐπιστή-

240 2175 367 2223 σας,
410 2160 505 2213 ἐπὶ
547 2161 647 2232 τὴν
696 2163 908 2234 Ταρσὸν
955 2164 1106 2236 παρά
1165 2166 1447 2220 ’Λντώνιον
1484 2170 1816 2238 ἀφικνεῖται.

237 2249 367 2303 Τῶν
398 2251 701 2307 Λουκιανοῦ
746 2253 803 2307 δὲ
832 2255 929 2308 καὶ
956 2249 1111 2320 οὗτος
1153 2252 1222 2325 ἦν
1253 2259 1565 2332 γνωρίμων.
1606 2261 1728 2330 Ὑφ’
1758 2254 1820 2315 οὗ

234 2340 339 2407 τὰς
372 2342 467 2397 τοῦ
517 2344 838 2398 Ἀποστόλου
872 2346 1249 2418 ἀναδιδαχθεὶς
1304 2351 1622 2416 Ἐπιστολάς
1646 2393 1661 2417 ,
1701 2353 1818 2405 ἱκαο

234 2432 330 2486 νὺν
362 2433 517 2505 αὐτῷ
548 2435 880 2508 συνδιέτριϐε
914 2437 1128 2509 χρόνον.
1171 2440 1271 2509 τὴν
1309 2440 1406 2493 τοῦ
1451 2441 1820 2513 πρεσϐυτέρου

234 2523 397 2588 τάξιν
424 2524 747 2597 πληροῦντι.
789 2528 943 2583 Ἐπεὶ
968 2529 1014 2584 δ’
1046 2531 1076 2584 ὁ
1102 2530 1386 2595 ἶΑντὼνιος
1412 2531 1603 2604 ἔφορος
1633 2533 1813 2601 ἐγεγό·

238 2633 345 2682 νει,
380 2619 474 2671 καὶ
506 2619 607 2691 οὐχ
628 2614 739 2684 οἶός
773 2638 835 2674 τε
865 2616 935 2692 ἦν
979 2622 1387 2693 ὶνασχολεῖσθαι
1424 2626 1492 2694 τῇ
1527 2624 1824 2697 σοφιζούσῃ

236 2706 338 2760 τὸν
388 2708 593 2763 ’Δέτιον
634 2710 978 2784 διδασκαλίᾳ,
1025 2714 1125 2776 εἰς’
1149 2712 1249 2784 τὴν
1295 2715 1572 2785 Ἀντιόχου
1609 2714 1769 2768 πάλιν
1794 2718 1823 2768 ὁ

250 2798 462 2864 ’Λέτιος
487 2801 785 2868 ἐπάνεισιν,
812 2804 1216 2876 ἀκροασόμενος
1238 2807 1490 2859 Λεοντίου
1518 2807 1629 2875 (8'5)
1646 2821 1657 2833 '
1691 2824 1824 2879 πρε-

241 2890 508 2963 σϐύτερος
540 2891 598 2945 δὲ
625 2888 696 2963 ἦν
740 2894 769 2946 ὁ
809 2894 1059 2959 Λεόντιος
1094 2896 1215 2948 κατ’
1261 2896 1440 2948 ἐκεῖνο
1467 2896 1691 2968 καιροῦ,
1730 2898 1825 2950 καὶ

239 2984 406 3049 αὐτὸς
429 2985 539 3038 τῶν
568 2984 826 3056 μαθητῶν
850 2987 1147 3041 Λουκιανοῦ
1176 2989 1521 3060 χρηματίσας
1548 3009 1556 3017 ·
1590 2988 1648 3049 ὃς
1676 2987 1824 3059 αὐτῷ

238 3077 340 3130 καὶ
371 3077 501 3141 τοὺς
530 3080 815 3150 προφήτας
848 3078 1175 3151 ἐξηγήσατο,
1207 3081 1300 3133 καὶ
1337 3080 1571 3151 μάλιστα
1599 3080 1690 3134 τὸν
1731 3081 1825 3133 Ἰε-

1918 1900 2221 1956 mercedem
2253 1899 2473 1965 retulit,
2506 1908 2562 1953 ut
2585 1914 2650 1953 ex
2681 1898 2846 1953 domo
2877 1899 3014 1954 bene
3043 1899 3108 1952 de
3138 1897 3254 1967 ipso
3298 1897 3493 1952 merita

1916 1993 2229 2063 ejiceretur.
2297 1993 2424 2047 Inde
2485 1991 2652 2062 igitur
2711 1991 2971 2060 expulsus
3022 2005 3146 2045 cum
3198 1989 3495 2045 Athanasio

1918 2091 2166 2136 versatus
2198 2092 2302 2146 est,
2330 2079 2560 2134 Luciaui
2604 2081 2862 2151 martyris
2903 2079 3201 2149 discipulo,
3239 2079 3334 2148 qui
3368 2086 3497 2133 tunc

1917 2171 2187 2227 Anazarbi
2243 2172 2615 2242 episcopatum
2671 2172 2911 2242 regebat.
2967 2169 3122 2240 Apud
3165 2184 3325 2239 quem
3369 2184 3495 2224 eum
3597 2159 3601 2162 ’

1917 2263 2278 2333 evangelistas
2307 2262 2558 2333 legisset,
2588 2271 2643 2317 et
2671 2262 2883 2332 singula
2914 2276 3037 2331 qua:
3081 2261 3135 2315 in
3160 2259 3267 2315 illis
3304 2273 3499 2313 occur-

1920 2362 2049 2409 runt
2090 2363 2343 2409 accurate
2383 2354 2763 2418 observasset,
2793 2350 3022 2407 Tarsum
3061 2350 3187 2405 inde
3228 2350 3499 2422 perrexit,

1921 2446 2136 2499 visurus
2168 2444 2500 2513 Antonium,
2528 2444 2622 2514 qui
2656 2453 2711 2499 et
2753 2443 2868 2513 ipse
2902 2459 3045 2498 unus
3077 2453 3194 2497 erat
3233 2457 3297 2498 es
3335 2439 3500 2496 disci-

1922 2535 2062 2605 pulis
2091 2534 2339 2591 Luciani.
2372 2532 2416 2587 A
2446 2549 2556 2604 quo
2585 2548 2710 2589 cum
2740 2532 3102 2603 Epistolarum
3130 2531 3283 2586 Pauli
3316 2530 3501 2600 expla-
3540 2568 3554 2581 .

1924 2626 2197 2681 nationem
2248 2625 2563 2691 didicisset,
2604 2625 2740 2680 satis
2787 2624 2880 2679 diu
2928 2639 3053 2679 cum
3111 2638 3177 2678 eo
3224 2623 3394 2688 vixit,
3443 2621 3500 2675 in

1922 2718 2356 2788 presbyterorum
2396 2715 2585 2769 ordine
2628 2713 2809 2769 adhuc
2850 2715 3172 2770 constituto.
3215 2711 3319 2769 Ubi
3370 2727 3501 2768 veto

1924 2809 2198 2863 Antonius
2225 2806 2290 2860 ad
2318 2806 2688 2876 episcopatum
2716 2814 2933 2861 evectus
2949 2815 3052 2873 est,
3084 2821 3184 2861 nec
3203 2802 3503 2859 erudiendo

1923 2904 2079 2958 Aelio
2114 2916 2307 2957 vacare
2351 2900 2587 2970 amplius
2637 2908 2882 2969 poterat,
2911 2899 3108 2952 iterum
3156 2898 3344 2951 Aetius
3385 2894 3502 2947 Διι-

1926 2995 2182 3050 ti0cbiam
2221 2995 2528 3057 revertitur,
2561 2992 2849 3047 Leontium
2884 2992 3211 3052 auditurus,
3241 2990 3333 3060 qui
3372 2997 3505 3043 tunc

1928 3087 2188 3158 temporis
2228 3091 2511 3158 presbyter
2540 3094 2659 3141 erat
2693 3085 3028 3149 Antiochiae,
3076 3093 3130 3138 et
3160 3099 3300 3137 unus
3329 3080 3507 3136 fuerat

238 3167 459 3240 ζεκιήλ.
525 3170 688 3223 Ἀλλά
724 3172 978 3224 κάκεῖθεν
1022 3172 1184 3225 αὑτὸν
1214 3173 1244 3225 ὁ
1291 3156 1483 3241 φθῧνος
1525 3168 1717 3235 αὖθις,
1751 3171 1822 3235 ὡς

1927 3196 1991 3233 ex
2026 3156 2367 3232 auditoribus
2397 3156 2625 3231 Luciani
2657 3195 2671 3230 :
2707 3175 2795 3230 hic
2818 3174 3129 3245 prephetas,
3149 3187 3212 3226 ac
3239 3170 3507 3240 praecipue

236 3261 621 3334 Φιλοποργιος
643 3261 818 3334 ληρεῖ,
845 3263 922 3326 ὡς
948 3263 992 3315 δ’
1017 3263 1082 3317 ἄν
1109 3280 1195 3327 τις
1224 3263 1503 3335 ἀληθεύων
1529 3264 1695 3329 είποι,
1723 3265 1823 3335 τῆς

236 3350 496 3422 γλώσσης
527 3354 561 3423 ἡ
598 3353 870 3425 ἀκρασία,
907 3355 1002 3407 καὶ
1030 3354 1088 3407 τὸ
1120 3354 1214 3408 τοῦ
1247 3356 1592 3426 φρονήματος
1628 3353 1821 3407 δυσσε-

240 3443 340 3506 δὶς
366 3442 685 3500 ἀπελαύνει.
725 3444 966 3502 Ἐκεῖθεν
997 3442 1090 3500 οὖν
1120 3445 1220 3517 τὴν
1254 3444 1509 3499 Κιλικίαν
1538 3445 1823 3515 καταλαμ-
1854 3458 1861 3459 ’

239 3536 399 3593 eam
419 3552 432 3565 '
465 3536 560 3591 καί
584 3554 669 3599 τις
694 3537 803 3592 τῶν
828 3537 1203 3610 Βορϐοριανῶν
1226 3537 1303 3610 (a)
1334 3537 1513 3607 λόγοις
1542 3536 1690 3608 αὐτῷ
1718 3537 1823 3591 ὑπὸ

236 3629 346 3698 τῆς
376 3628 514 3692 ἰδίας
541 3628 699 3701 δόξης
730 3630 1076 3701 συμπλακεὶς
1107 3630 1242 3700 (84),
1290 3632 1368 3693 είς
1407 3631 1647 3701 ἐσχάτην
1690 3647 1824 3684 κατ-

240 3716 478 3789 έστησεν
498 3714 688 3791 ἧτταν.
731 3718 847 3790 Ἐφ’
879 3715 924 3789 ᾧ
952 3721 1161 3790 ἀθυμία
1184 3738 1244 3774 τε
1272 3722 1433 3775 αὐτὸν
1459 3725 1700 3791 κατεῖχε,
1731 3721 1826 3775 καὶ

238 3808 306 3863 τὸ
337 3808 441 3880 ζῇν
467 3810 568 3865 οὐκ
599 3811 826 3866 ἀνεκτὸν
852 3814 1066 3883 ἡγεῖτο,
1092 3812 1235 3882 ὁρῶν
1254 3812 1315 3866 τὸ
1345 3812 1545 3883 ψεῦδος
1570 3813 1672 3883 τῆς
1697 3812 1830 3884 ἀλη-

1930 3270 2265 3327 ΕιοοΙιὶοΙοιιι
2303 3270 2559 3340 exposuit
2595 3268 2784 3324 Aetio.
2835 3265 2938 3320 Sed
2969 3281 3156 3320 rursus
3188 3262 3421 3325 invidia,
3449 3265 3507 3316 ut

1928 3360 2165 3415 somniat
2199 3359 2624 3429 Philostorgius,
2669 3357 2764 3413 sed
2810 3364 2869 3411 ut
2914 3355 3093 3411 verius
3127 3354 3326 3424 aliquis
3350 3351 3508 3407 dixe-

1930 3452 2031 3519 rit,
2082 3452 2284 3523 linguaa
2341 3451 2755 3522 intemperantia
2803 3459 2858 3503 et
2903 3449 3215 3519 dOgmatum
3255 3446 3508 3515 impietas

1928 3544 2056 3599 inde
2094 3559 2218 3598 eum
2262 3546 2441 3614 ejecit.
2493 3543 2651 3598 Illinc
2694 3543 2863 3612 igitur
2908 3540 3099 3595 Aetius
3152 3539 3206 3592 iu
3255 3536 3505 3592 Ciliciam

1931 3627 2205 3700 profectus
2244 3637 2328 3684 est
2362 3649 2374 3683 :
2409 3629 2496 3683 ubi
2529 3628 2748 3699 quidam
2796 3642 2861 3681 ex
2903 3626 3097 3679 haeresi
3143 3623 3506 3678 Borboriano-

1932 3737 2077 3784 rum,
2106 3736 2207 3791 pro
2232 3720 2549 3775 del"eusio::c
2576 3717 2846 3787 dogmatis
2878 3718 2963 3771 sui
2995 3731 3118 3771 cum
3150 3730 3216 3770 eo
3249 3728 3500 3785 congres-

1935 3827 2060 3875 sus,
2094 3812 2313 3881 penitus
2342 3826 2466 3865 eum
2503 3809 2633 3864 vicit
2677 3817 2841 3877 atque
2890 3806 3181 3877 oppressit.
3231 3803 3405 3871 Quam
3437 3803 3509 3858 ob

1477 3982 1721 4026 VALESII
1761 3982 2269 4028 ANNOTATIONES.

241 4095 431 4152 clesiae
457 4094 751 4168 episcopos
781 4105 1130 4168 enumerans,
1166 4106 1276 4144 nou
1305 4089 1474 4145 solius
1505 4087 1694 4168 _Marci,_
1722 4089 1822 4168 sed

242 4158 577 4234 generaliter
601 4158 1346 4234 apostolorumsuecess‘ores
1372 4158 1648 4234 nominat;
1683 4158 1823 4234 idem

242 4226 473 4305 quoque
515 4226 770 4305 observat
799 4232 853 4305 in
902 4232 1171 4305 episcopis
1191 4228 1522 4305 ΔΛιιιῇοοιιίιιι.
1558 4226 1629 4305 [tu
1660 4230 1825 4282 etiam

243 4249 473 4305 quoque
515 4247 770 4287 onservat
799 4248 853 4285 ιιι
902 4247 1086 4297 ενιεεο
1128 4247 1171 4286 IS
1200 4247 1522 4284 Attuocnue.
1558 4247 1629 4280 ιιιι
1660 4247 1825 4282 etiam

243 4304 563 4378 Irenaeusin
587 4303 728 4356 libro
754 4303 952 4373 primo,
980 4301 1047 4355 de
1070 4247 1281 4378 lfvgino
1308 4301 1537 4378 loquens
1566 4295 1828 4378 Romanae

244 4375 407 4429 urbis
435 4373 713 4441 episeOpo,
742 4368 865 4426 éum
898 4386 1104 4426 nonum
1122 4368 1824 4441 'locumrepiscopalissue-

243 4437 521 4498 cessionis
556 4437 796 4496 tenuisse
821 4442 955 4496 dicit
978 4451 1101 4511 post
1129 4437 1406 4511 apostolos
1410 4454 1440 4511 _;
1471 4438 1564 4490 sed
1588 4448 1643 4511 et
1678 4437 1826 4511 Lati-

244 4527 355 4567 nos
381 4512 570 4565 eodem
605 4512 766 4565 modo
797 4504 1010 4565 locutos
1038 4504 1368 4564 invenimus.
1400 4506 1559 4561 Certe
1587 4504 1821 4564 Ruﬁnus

243 4581 329 4635 De
357 4580 745 4635 adulteratioue
793 4580 888 4633 lib.
932 4580 1173 4650 Origenis
1220 4580 1294 4634 ita
1340 4577 1473 4650 tlici_t
1519 4592 1550 4650 :_
1579 4574 1817 4650 Clemens

1940 4089 2198 4142 Boeharti
2228 4099 2407 4142 autem
2440 4086 2629 4142 codice
2660 4084 2845 4139 nescio
2878 4084 3003 4153 quis
3038 4081 3336 4147 adnotavit,
3371 4080 3508 4137 forte

1933 4160 2283 4213 scribendum
2331 4172 2453 4211 esse
2483 4156 2540 4210 δὲ
2577 4155 2876 4226 διεσκόπει.
2910 4154 3022 4226 Ego
3053 4153 3267 4208 mallem
3308 4153 3505 4225 legere,

1930 4230 2047 4299 τὴν
2076 4226 2410 4299 Ἀνάξαρὸον
2515 4224 2833 4278 ἐπεσκόπει.

2002 4297 2112 4369 (83)
2169 4292 2668 4369 ῌἎκροασᾴμενος-
2710 4294 3022 4349 Λεοντίου.
3090 4293 3285 4369 Procul
3340 4292 3508 4369 dubio

1932 4363 2281 4422 scribendum
2316 4376 2399 4436 est
2428 4363 2859 4436 ἀκροασόμενος,
2885 4365 3350 4436 quemadmodum
3376 4364 3509 4435 legi-

1932 4447 2022 4492 tur
2051 4439 2103 4490 iu
2143 4452 2244 4490 ms.
2289 4435 2475 4489 codice
2506 4434 2780 4489 Boeharti.

1999 4507 2109 4576 (85)
2169 4507 2383 4575 Λόγοις
2421 4501 2590 4576 αὐτῷ,
2627 4503 2746 4576 ὑπὸ
2791 4502 2903 4571 τῆς
2949 4502 3104 4569 ιδίας
3132 4502 3333 4576 δόξης
3358 4518 3508 4576 afug-

1925 4574 2201 4641 πλακείς.
2238 4575 2523 4629 Assentior
2546 4574 2662 4626 viro
2689 4574 2872 4637 docto,
2905 4576 2997 4642 qui
3032 4577 3097 4628 ad
3131 4575 3274 4628 latus
3301 4574 3508 4627 codicis

245 4650 620 4721 apostolorum
657 4650 977 4719 discipulus,
1007 4642 1097 4720 q'ui
1138 4648 1387 4721 Romana:
1422 4644 1676 4701 Ecclesia:
1707 4659 1820 4717 post
1855 4647 1899 4704 D
1927 4646 2270 4721 Boeltartiani
2305 4646 2371 4698 ad
2416 4659 2603 4721 vocent
2654 4642 2777 4707 ὑπό,
2828 4646 3108 4721 adnotavit
3158 4643 3503 4721 scribendum

246 4720 526 4801 apostolos
544 4720 818 4801 episeopus
841 4729 900 4801 et.
922 4730 1128 4801 ptartyf
1158 4720 1394 4801 praefuit.

322 4791 437 4862 (8!)
482 4787 593 4844 Τοῦ
642 4787 1021 4862 διδᾳσκᾴιου
1068 4787 1392 4862 δημοσίουἶ
1440 4789 1597 4862 Hunc
1647 4790 1828 4844 locum

245 4858 536 4932 emendavi
555 4875 620 4913 ex
643 4860 831 4932 codice
864 4858 1136 4932 Bocbarti,
1164 4862 1217 4913 in
1239 4859 1610 4932 (μισ-δημοσίᾳ
1631 4862 1834 4915 diserte

247 4931 562 5055 scil-ibiitpro:
592 4938 646 4985 et
673 4929 836 4999 paulo
870 4938 1017 5000 post,
1049 4930 1137 4983 ἐπ’
1165 4928 1674 5003 ἀμαθείᾳζονιὶιιιο
1703 4944 1831 4998 pro-

247 5018 315 5055 eu
411 5018 444 5055 u
472 5016 500 5052 ιι
545 5040 559 5052 .

244 5014 339 5056 CUI
370 5014 559 5055 dumo.

322 5070 440 5141 (82)
470 5068 595 5141 Thr
638 5067 988 5141 Ἀναϐαρζῦν
1027 5068 1355 5141 creandum.
1396 5065 1573 5141 l_._ueas
1605 5066 1831 5141 Allolste-

248 5138 379 5196 nius
412 5138 482 5194 ad
511 5140 654 5194 latus
693 5141 781 5195 sui
810 5140 1017 5194 codicis
1038 5139 1371 5202 emendavit,
1402 5138 1460 5192 δὲ
1489 5138 1735 5192 ἐσκόπει.
1774 5139 1828 5191 In

1937 4717 2106 4772 videri
2128 4715 2267 4787 ὑπὲρ
2287 4730 2444 4787 {qua
2476 4713 2692 4787 quidem
2722 4714 3104 4787 emendatione
3123 4711 3254 4787 nihil
3280 4711 3505 4787 certius.

1940 4788 2210 4855 lnterpres
2231 4779 2450 4852 quidem
2475 4779 2925 4855 Gothofredusiu
2948 4780 3117 4855 hujus
3137 4780 3237 4833 loci
3259 4779 3508 4855 versione

1942 4848 2170 4923 turpiter
2211 4848 2576 4908 hallucinatus
2615 4859 2724 4923 est,
2762 4852 2933 4923 _cujus
2978 4848 3510 4923 versionem_Lt_t_eas

1939 4916 2257 4981 llttlstetiius
2306 4924 2359 4977 in
2408 4939 2509 4977 suo
2538 4920 2727 4975 codice
2760 4916 3176 4975 ita'emendavit
3217 4935 3231 4971 :
3276 4916 3344 4971 Et
3378 4917 3510 4970 Bor-

1939 4996 2280 5049 borianorum
2323 4992 2519 5059 aliquis
2563 4990 2858 5043 rationibus
2906 4992 3180 5060 propriam
3210 4988 3510 5055 opinionem

1934 5080 2296 5135 propugnans,
2340 5080 2459 5117 cum
2491 5077 2552 5115 eo
2600 5075 2911 5128 congressus
2950 5061 3157 5131 penitus
3185 5062 3357 5127 ipsum
3384 5072 3511 5109 con-

1937 5137 2154 5204 futurit.

1725 5274 2055 5320 VARIORUM
2066 5302 2082 5317 .

325 5381 403 5450 (α)
442 5384 537 5447 Τις
566 5381 687 5435 τῶν
713 5382 1145 5450 Βορὸοριανῶν.
1178 5383 1521 5449 Borboriani,
1558 5398 1654 5439 seu
1696 5382 1832 5437 Bon-

248 5451 469 5514 l:orita3,
518 5453 756 5522 lueretici
806 5453 979 5506 exorti
1033 5454 1368 5522 temporibus
1419 5454 1643 5507 Adriani
1697 5454 1825 5521 imp.

246 5523 401 5575 eirea
434 5536 528 5575 an.
560 5520 694 5575 Chr.
726 5522 849 5590 129,
879 5524 991 5592 qui,
1025 5532 1081 5577 ut
1113 5520 1190 5577 ait
1216 5522 1538 5579 Philastrius
1571 5525 1624 5577 iu
1647 5520 1825 5577 Calal.

254 5592 538 5655 libratio,
580 5592 723 5663 vitiis
768 5594 1032 5663 implicati
1069 5594 1274 5658 steculi,
1306 5605 1356 5647 et
1392 5594 1551 5647 malis
1580 5596 1829 5663 concupi-

247 5662 469 5716 scentiis
502 5662 806 5724 servientes,
833 5662 1097 5731 judicium
1121 5680 1223 5717 non
1255 5672 1534 5731 sperarunt
1565 5662 1825 5731 futurum,

251 5733 345 5788 sed
374 5733 550 5803 potius
584 5734 855 5787 carnalem
896 5734 1078 5790 sa'culi
1126 5735 1600 5805 concupiscentiam
1636 5735 1827 5788 lauda-

1928 5390 2074 5438 runt.
2111 5378 2204 5436 Sic
2227 5377 2354 5434 dicti
2378 5392 2442 5433 ex
2462 5375 2651 5432 Graeco
2678 5376 2957 5448 βόρϐορος,
2989 5389 3209 5448 caenum.
3242 5370 3508 5448 Siccium

1929 5453 2069 5506 idem
2101 5471 2113 5505 :
2151 5450 2221 5503 Hi
2254 5451 2434 5518 itaque
2472 5449 2526 5500 in
2547 5442 2759 5518 rwnuni
2788 5442 2989 5518 euntes,
3033 5455 3081 5496 et
3114 5442 3236 5496 inde
3261 5442 3413 5518 obliti
3442 5443 3508 5499 de

1926 5538 2069 5575 cwuo
2104 5521 2269 5589 facies
2309 5513 2359 5572 el
2394 5517 2630 5589 membra
2670 5533 2783 5589 sua
2807 5516 3196 5589 delormantes,‘
3222 5513 3405 5565 eadem
3448 5526 3507 5569 re

1927 5584 2129 5645 cunctis
2168 5590 2305 5643 velut
2336 5586 2784 5655 culpanda‘n‘lh‘t'
2817 5596 3117 5638 creaturam
3164 5584 3503 5655 demonstra-

1927 5666 2072 5716 bant.
2124 5657 2257 5712 Vide
2288 5651 2606 5710 'l‘bcoJorit.
2644 5652 2843 5709 lla'rct.
2892 5655 3000 5724 [ιώ.
3039 5655 3131 5708 lib.
3182 5668 3221 5717 ι,
3252 5667 3371 5723 cap.
3412 5651 3495 5717 l3,

1926 5743 1972 5787 et
2003 5732 2169 5800 Epiph
2210 5745 2262 5782 ιι.
2301 5729 2492 5781 lueres.
2532 5727 3028 5793 Gnosticerum‘ili,
3058 5742 3089 5779 ιι
3144 5725 3197 5779 5.
