4032 6338
514 398 618 458 501

1896 390 2382 452 PHILOSTORGH

3678 383 3791 443 $08

507 530 739 574 causam
784 511 1125 584 despondere
1168 511 1415 568 animum
1464 511 1664 584 carpit,
1701 526 1802 569 nec
1838 512 1939 569 sibi
1979 529 2103 568 am-

2211 512 2358 577 θεῑας
2400 505 2885 581 ἐπικρατέστερον.
2934 504 3092 561 Οὕτω
3134 504 3193 559 δέ
3228 499 3307 577 τῷ
3349 501 3544 575 ’Δετίῳ
3586 501 3800 558 διακει-

510 607 655 679 plius
692 605 983 661 vivendum
1014 619 1136 661 esse
1169 605 1549 670 existimabat,
1586 619 1711 660 cum
1746 604 2092 660 mendacium

508 705 739 754 veritate
785 696 1064 767 potentius
1112 710 1237 751 esse
1280 709 1544 751 cerneret.
1602 697 1737 752 Dum
1786 696 1868 753 sic
1911 697 2099 752 animo

508 788 741 846 allectus
770 795 918 843 esset
943 785 1158 850 Aetius,
1200 786 1340 841 visio
1372 788 1619 855 quaedam
1640 828 1657 854 ,
1692 796 1752 843 ut
1778 787 1932 859 lingit
1970 786 2100 843 Phi-

424 922 431 925 .
508 879 839 949 lostorgius,
871 877 921 933 ei
951 877 1134 932 oblata
1171 885 1287 941 est,
1328 894 1451 948 qua!
1480 878 1724 933 animum
1772 878 1892 949 ejus
1927 879 2100 935 erexit

508 982 576 1025 ac
602 968 968 1035 continuavit,
997 967 1171 1039 signis
1192 968 1519 1039 quibusdam
1547 970 1809 1027 exhibens
1841 971 2103 1035 invictam

510 1060 622 1115 vim
659 1061 957 1132 sapientiai,
987 1077 1110 1132 qua:
1134 1061 1210 1116 illi
1245 1062 1503 1133 deinceps
1532 1062 1789 1121 adfutura
1822 1073 1986 1121 esset.
2020 1064 2099 1120 Ex

509 1168 582 1210 co
611 1162 859 1227 tempore
900 1154 952 1209 id
985 1136 1172 1209 datu‘m
1205 1167 1291 1210 est
1319 1155 1586 1212 divinitus
1622 1156 1818 1222 Aelio,
1845 1164 1908 1212 ut
1937 1173 1968 1212 a
2005 1152 2101 1213 ne-

512 1246 661 1302 mine
731 1246 786 1301 in
865 1246 1335 1317 disputationibus
1389 1247 1719 1303 vinceretur.
1770 1248 1881 1305 Nec
1927 1249 2102 1305 multo

511 1348 638 1410 post
704 1339 1057 1410 Aphthonius
1118 1340 1341 1410 quidam
1398 1338 1824 1396 Manichaeorum
1861 1341 2105 1399 insaniae

513 1431 860 1503 praepositus,
885 1439 939 1486 et
966 1440 1079 1486 tum
1109 1431 1413 1501 sapientiae,
1448 1441 1561 1487 tum
1585 1433 1912 1503 eloquentia:
1935 1449 2102 1490 causa

513 1537 766 1593 magnam
801 1520 944 1592 apud
982 1522 1186 1576 multos
1215 1521 1446 1591 gloriam
1481 1532 1841 1588 consecutus,
1874 1523 1927 1577 in
1969 1522 2105 1580 urbe

511 1613 839 1669 Alexandria
868 1629 993 1669 cum
1029 1628 1095 1669 eo
1141 1629 1468 1685 congressus
1511 1624 1615 1670 οδε.
1663 1613 1873 1671 Etenim
1914 1615 2105 1672 Aetius

509 1720 579 1760 cx
608 1705 743 1760 urbe
781 1704 1071 1761 Antiochia
1107 1705 1175 1761 ad
1219 1721 1345 1760 eum
1394 1715 1646 1772 venerat,
1688 1705 1833 1762 fama
1866 1707 2106 1764 hominis

509 1798 745 1853 excitus.
788 1795 893 1852 Ubi
942 1812 1072 1852 vero
1118 1798 1185 1852 ad
1239 1806 1517 1853 certamen
1558 1808 1777 1853 ventum
1827 1809 1949 1863 est,
1993 1814 2103 1854 non

511 1889 668 1944 valde
701 1889 912 1957 prolixa
969 1889 1347 1958 disputatione
1400 1889 1586 1944 habita
1630 1890 1821 1947 Aetius
1861 1891 2107 1961 Aphtho-

512 1980 665 2034 nium
734 1979 802 2034 ad
856 1980 1128 2034 sermonis
1171 1979 1410 2050 inopiam
1453 1980 1769 2047 redactum,
1804 1996 1869 2036 ex
1910 1996 2104 2052 magna

512 2069 684 2139 gloria
725 2069 780 2123 in
823 2084 1105 2125 summum
1138 2069 1379 2126 dedecus
1416 2080 1580 2141 atque
1617 2060 1973 2142 ignominiam
2008 2071 2108 2127 de-

426 2220 435 2227 _
514 2162 731 2231 pressit.
782 2160 964 2228 Quare
1014 2163 1360 2230 Aphthonius
1409 2174 1606 2233 praeter
1643 2165 2105 2234 exspectationem

512 2252 717 2306 victum
748 2266 808 2307 se
860 2267 1003 2321 aegre
1041 2252 1262 2318 ferens,
1303 2255 1356 2308 in
1417 2255 1804 2325 gravissimum
1854 2255 2105 2311 morbum

513 2341 724 2407 incidit,
758 2357 921 2412 quem
961 2358 1111 2398 mors
1153 2343 1301 2399 brevi
1337 2345 1635 2401 subsecuta
1662 2356 1783 2410 est,
1809 2362 1933 2402 cum
1968 2350 2107 2402 ultra

513 2442 722 2506 scptem
756 2433 874 2490 dies
907 2445 1027 2505 post
1075 2436 1217 2493 hanc
1267 2446 1547 2508 acceptam
1598 2438 1806 2494 cladem
1855 2441 2108 2509 supervi-

513 2538 644 2579 vere
696 2524 922 2580 minimc
977 2527 1270 2596 potuisset.
1333 2527 1525 2584 Aetius
1589 2545 1721 2584 vero
1766 2531 2108 2587 adversarius

490 2628 649 2669 suos
692 2616 1044 2671 sermonibus
1099 2617 1302 2688 ubique
1348 2620 1677 2687 superabat,
1728 2630 1784 2676 et
1842 2622 2107 2677 illustrem

516 2705 803 2760 victoriam
846 2708 1178 2777 reportabat.
1234 2707 1337 2764 Per
1389 2709 1531 2766 idem
1570 2720 1786 2782 tempus
1828 2713 2109 2769 medicina:

516 2811 736 2866 quoque
776 2813 999 2867 operam
1033 2801 1217 2868 dedit,
1258 2816 1370 2872 quo
1400 2817 1509 2857 non
1547 2804 1724 2859 solum
1754 2806 2066 2860 animorum
2088 2847 2104 2872 ,

515 2901 703 2943 verum
769 2889 935 2944 etiam
1000 2905 1293 2961 corporum
1365 2894 1590 2949 morbos
1642 2910 1838 2949 curare
1899 2905 2105 2965 posset.

518 2977 719 3035 llabuit
753 2991 932 3036 autem
966 2982 1019 3037 in
1050 2999 1114 3038 ca
1137 2982 1425 3054 disciplina
1459 2986 1780 3055 inagis-trum
1827 2985 2107 3056 Sopolim,

519 3072 694 3126 virum
749 3073 803 3126 in
836 3072 938 3129 hac
999 3085 1118 3130 arte
1154 3076 1292 3130 nulli
1339 3078 1667 3132 secundum.
1717 3076 1889 3133 Porro
1917 3077 2109 3135 Aetius

2204 604 2350 675 μένῳ
2376 601 2612 656 ὀπτασια
2643 618 2750 668 τις,
2795 601 2874 665 ὡς
2909 594 3064 664 οὗτος
3093 596 3475 670 τερατολογεῖ,
3501 593 3796 666 ἐφίσταται

2199 693 2405 749 λύουσα
2426 690 2527 765 τὴν
2542 691 2805 764 ἀθυμίαν,
2828 689 3117 763 συμϐόλοις
3141 686 3495 761 παρεχομένη
3517 686 3579 741 τὸ
3597 687 3797 741 ἀναντ-

2200 787 2504 856 αγώνιστον
2536 785 2638 856 τῆς
2660 785 2763 857 ἤδη
2805 782 3193 855 παρεχομένης
3229 779 3397 835 αὑτοῦ
3426 779 3621 851 σοφίας
3649 776 3795 849 (85).

2201 878 2468 935 Κάκεῖθεν
2493 876 2860 948 παραγεγόνει
2888 874 2967 947 τῷ
3002 875 3196 946 Ἀετίῳ
3223 872 3286 927 τὺ
3315 870 3540 945 μηδενὸς
3563 868 3626 924 ἐν
3654 887 3799 942 συμ-

2202 970 2433 1034 πλοκαῖς
2456 967 2727 1041 ἡττᾶσθαι
2755 966 2951 1036 λόγων.
2986 963 3121 1019 Μετ’
3156 963 3220 1017 ού
3252 961 3388 1017 πολὺ
3426 960 3561 1030 γοῦν
3599 960 3797 1029 ’Δφθό-

2203 1059 2318 1124 νιός
2348 1076 2433 1125 τις
2468 1058 2569 1130 τῆς
2594 1056 2913 1129 Μανιχαίων
2950 1054 3157 1127 λύσσης
3203 1050 3523 1127 προεστὼς,
3566 1052 3664 1107 καὶ
3698 1068 3800 1124 μι-

2207 1152 2382 1224 γάλην
2418 1149 2572 1223 παρά
2605 1148 2821 1213 πολλοῖς
2851 1148 2946 1202 ἐπὶ
2979 1148 3145 1218 σοφίᾳ
3187 1147 3284 1200 καὶ
3313 1145 3586 1217 δεινότητι
3616 1144 3797 1212 λόγων

2205 1244 2387 1316 φέρων
2418 1242 2520 1314 τὴν
2555 1239 2738 1308 δόξαν,
2776 1241 2837 1295 ἐν
2881 1242 2946 1312 τῇ
2987 1238 3110 1294 κατ’
3139 1238 3418 1307 Αἴγυπτον
3448 1237 3601 1311 αύτῷ
3641 1236 3786 1291 ’Δλιο

2207 1335 2461 1410 ξανδρείᾳ
2494 1334 2892 1407 συμπλέκεται.
2939 1335 3050 1389 Καὶ
3080 1333 3190 1406 γὰρ
3219 1327 3323 1405 ἧκε
3369 1333 3510 1405 πρὸς
3538 1331 3705 1387 αύτδν
3736 1330 3798 1398 ἐξ

2219 1426 2548 1500 Ἀντιοχείας
2589 1429 2619 1480 6
2667 1426 2875 1490 Ἀέτιος
2898 1466 2914 1492 ,
2950 1426 3059 1480 ὑπὸ
3085 1427 3186 1498 τῆς
3219 1425 3388 1481 αὑτοῦ
3418 1426 3609 1498 φήμης
3633 1424 3797 1480 ἐλκό·

2212 1536 2391 1592 μενος.
2432 1518 2518 1581 Ὠς
2551 1517 2599 1571 δ’
2630 1517 2713 1581 εἰς
2735 1516 2973 1588 ἅμιλλαν
2994 1516 3249 1589 ἀλλήλοις
3276 1515 3642 1588 κατέστησαν,
3671 1516 3797 1570 ούδέ

2208 1609 2425 1674 πολλοῖς
2444 1607 2922 1679 καταναλωθείσης
2939 1608 3248 1676 διαλέεεως,
3280 1609 3362 1672 είς
3391 1608 3636 1678 ἀφωνίαν
3667 1624 3796 1663 συνο

2209 1703 2411 1766 ελάσας
2437 1704 2466 1756 6
2507 1701 2712 1766 Ἀέτιος
2752 1701 2845 1755 τὸν
2901 1701 3204 1771 ’Δφθόνιον,
3243 1703 3309 1756 ἐκ
3360 1702 3604 1774 μεγάλης
3636 1703 3796 1775 δόξης

2210 1796 2293 1859 εἰς
2323 1794 2566 1866 μεγάλην
2590 1792 2854 1865 αἰσχύνην
2880 1793 3209 1866 κατήνεγκε.
3231 1792 3329 1847 Διδ
3352 1794 3449 1849 καὶ
3479 1793 3560 1867 τῷ
3587 1795 3799 1867 ἀπροσ-

2205 1887 2420 1957 δοκήτῳ
2446 1884 2840 1957 βαρυθυμήσας
2856 1884 2957 1954 τῆς
2977 1885 3167 1956 ἥττης,
3184 1885 3339 1939 νόσον
3359 1902 3420 1939 τε
3446 1886 3796 1944 ἐπεσπάσατο

2207 1979 2472 2053 χαλεπὴν,
2502 1979 2598 2033 καὶ
2640 1981 2709 2049 τῇ
2737 1978 2879 2050 νόσῳ
2905 1978 3079 2049 πέρας
3101 1982 3131 2031 ο
3161 1976 3393 2042 θάνατος
3418 1973 3510 2045 ἦν,
3538 1978 3664 2034 ούδέ
3692 1996 3797 2034 πε-

2211 2070 2445 2142 ραιτέρω
2475 2068 2585 2122 τῶν
2618 2069 2758 2124 ἐπτά
2792 2068 3016 2141 ἡμερῶν
3060 2067 3448 2141 διαρκέσαντος
3475 2068 3572 2123 τοῦ
3608 2068 3805 2142 σώμα-

2207 2179 2299 2226 τος
2328 2161 2438 2216 ἀπὸ
2462 2162 2561 2234 τῆς
2594 2160 2834 2233 πληγῆς.
2883 2160 3089 2224 Ἀέτιος
3121 2159 3179 2214 δέ
3205 2159 3295 2215 διά
3317 2159 3539 2215 πάντων
3572 2159 3797 2234 ἐχώρει,

2206 2254 2320 2316 τοῖς
2361 2252 2542 2321 λόγοις
2578 2250 2708 2315 τοὺς
2740 2250 3072 2314 ἀντιπάλους
3115 2249 3258 2305 κατὰ
3308 2250 3511 2323 κράτος
3559 2251 3798 2323 βάλλων,

2208 2344 2302 2397 καὶ
2331 2342 2430 2415 τὴν
2451 2343 2610 2413 νίκην
2636 2342 2898 2414 λαμπρὰν
2923 2340 3305 2413 ἀναδούμενος.
3330 2342 3465 2396 Τότε
3492 2341 3549 2396 δέ
3573 2342 3668 2396 καὶ
3696 2342 3798 2414 τῆς

2212 2435 2458 2506 ἰατρικῆς
2492 2433 2697 2504 ἐξῆπτο
2725 2433 2876 2503 (86),
2905 2432 2983 2497 ὡς
3011 2432 3079 2488 ἂν
3120 2432 3196 2505 μὴ
3226 2433 3387 2504 μόνον
3419 2433 3634 2505 ψυχῶν,
3659 2432 3797 2489 ἀλλά

2208 2526 2305 2579 καὶ
2338 2525 2607 2596 σωμάτων
2634 2523 2745 2594 ἔχοι
2774 2524 2876 2589 τάς
2921 2523 3112 2588 νόσους
3153 2522 3357 2578 ἰᾶσθαι.
3387 2522 3629 2588 Σώπολις
3656 2522 3703 2577 δ’
3728 2518 3799 2596 ἦν

2208 2616 2359 2688 αὐτῷ
2387 2616 2483 2671 τοῦ
2520 2615 2845 2688 μαθήματος
2883 2618 2912 2671 6
2945 2615 3300 2681 διδάσκαλος,
3331 2613 3470 2687 ἀνὴρ
3504 2616 3562 2669 ἐν
3592 2617 3659 2686 τῇ
3703 2614 3795 2668 τέο

2206 2724 2310 2779 χνῃ
2341 2705 2568 2778 μηδενὸς
2594 2705 2734 2777 ἔχων
2764 2705 2834 2760 τὰ
2857 2704 3090 2775 δεύτερα
3113 2723 3128 2738 ·
3180 2704 3490 2778 ἀριστεύων
3526 2704 3584 2758 δέ
3618 2706 3679 2759 ἐν
3711 2706 3797 2758 ία-

2207 2804 2370 2873 τρικῇ
2402 2802 2431 2854 6
2474 2800 2712 2867 ’Δέτιος,
2741 2799 2974 2870 ἄμισθον
3013 2800 3238 2870 παρεῖχε
3265 2800 3380 2863 τοῖς
3392 2797 3672 2869 δεομένοις
3697 2797 3797 2869 τὴν

2207 2892 2529 2965 θεραπείαν.
2555 2893 2618 2946 Ei
2645 2891 2705 2945 δέ
2732 2907 2864 2945 ποτε
2893 2890 3113 2961 ἐδέησεν
3142 2888 3293 2961 αύτῷ
3316 2889 3428 2944 τῶν
3455 2888 3798 2959 ἀναγκαίων,

2210 2985 2364 3055 παρά
2390 3001 2496 3037 τινι
2523 2983 2644 3045 τῶν,
2660 2982 2970 3055 ὁμοτέχνων
2995 2981 3213 3053 νύκτωρ
3246 2980 3469 3052 φοιτῶν,
3496 2981 3583 3035 ἵνα
3618 2980 3697 3053 μὴ
3725 2981 3799 3035 δι’

2208 3075 2425 3146 ἡμέρας
2458 3074 2729 3143 ἀπάγοιτο
2752 3073 2861 3128 τῶν
2886 3070 3342 3145 σπουδαιοτέρων,
3376 3073 3500 3127 ὅσον
3539 3071 3636 3127 τοῦ
3664 3089 3801 3145 χρυ-

516 3177 642 3218 cum
667 3162 722 3216 in
751 3163 855 3217 hac
886 3174 1003 3220 arte
1041 3165 1248 3220 medica
1279 3167 1602 3231 excelleret,
1640 3167 1935 3238 gratuitam
1964 3168 2106 3222 iudi-

2213 3170 2330 3223 σίου
2358 3167 2760 3240 τεχνικωτέρας
2788 3167 2959 3221 ἐδεῖτο
2988 3163 3172 3247 χειρὸς
3189 3206 3205 3229 ,
3232 3162 3393 3217 τοῦτο
3418 3163 3477 3218 δέ
3508 3164 3620 3235 ἄρα
3646 3162 3800 3232 ἐξερ-

519 3253 773 3325 gentibus
829 3270 1052 3325 operam
1115 3259 1427 3327 praestabat.
1493 3258 1650 3332 Quod
1694 3275 1736 3313 si
1796 3258 1937 3315 forte
1993 3260 2106 3331 ipse

2212 3260 2518 3335 γαζόμενος
2543 3262 2657 3332 (87)
2684 3261 2899 3324 θᾶττον,
2930 3259 3085 3331 παρά
3116 3257 3211 3312 τοῦ
3240 3257 3534 3329 ὁμοτέχνου
3561 3257 3653 3314 τὸν
3699 3275 3799 3330 μισ

519 3345 686 3401 rebus
705 3346 771 3400 ad
796 3345 960 3401 vitam
983 3350 1309 3404 necessariis
1333 3366 1470 3420 opus
1501 3352 1743 3415 haberet.
1766 3351 1834 3406 ad
1867 3353 2102 3422 aliquem

2214 3352 2339 3407 σθὺν
2369 3353 2681 3424 ἐκομίζετο,
2724 3353 2821 3407 καὶ
2846 3346 2941 3406 τδν
2969 3348 3166 3405 ἑαυτοῦ
3198 3348 3313 3420 βίον
3344 3352 3580 3421 συνεῖχε.
3608 3349 3797 3405 Ταῦτα

517 3431 765 3502 ejusdem
806 3437 941 3492 artis
966 3438 1214 3506 Opilicem
1248 3448 1411 3493 noctu
1441 3439 1730 3507 accedens,
1762 3457 1830 3496 ue
1868 3442 2105 3498 interdiu

2211 3445 2267 3499 δὲ
2292 3447 2412 3500 κατ’
2450 3446 2694 3510 ἐκείνους
2730 3446 2957 3517 καιροὺς
2990 3446 3086 3500 τοῦ
3126 3445 3509 3500 Κωνσταντίου
3551 3439 3642 3516 ἦν,
3668 3444 3798 3498 καθ’

519 3540 551 3579 a
609 3525 958 3595 gravioribus
1032 3527 1266 3599 negotiis
1317 3539 1661 3597 avocaretur,
1734 3533 2105 3603 quodcunque

2211 3536 2305 3602 οὓς
2336 3538 2429 3592 καὶ
2464 3538 2494 3590 6
2525 3537 2784 3608 Θεόφιλος
2824 3540 2890 3592 ἐκ
2916 3538 3024 3592 τῶν
3054 3537 3235 3594 Ἰνδῶν
3264 3534 3576 3592 ἐπανελθὼν
3611 3536 3805 3608 διῆγεν

518 3631 715 3673 aurum
771 3621 1047 3690 peritioris
1098 3620 1326 3676 artiﬁcis
1378 3619 1656 3694 indigebat
1716 3640 1913 3691 manu,
1974 3623 2105 3680 illud

2210 3626 2270 3679 ἐν
2308 3627 2631 3699 Ἀντιοχείᾳ.
2656 3617 2667 3628 ’
2702 3687 2706 3691 _

521 3707 771 3763 celeriter
795 3710 1107 3777 elaboraus,
1139 3711 1443 3765 mercedem
1475 3713 1545 3767 ab
1586 3713 1813 3769 auriﬁce
1840 3713 2148 3782 referebat,
2198 3730 2377 3787 eoque
2427 3718 2593 3773 modo
2648 3718 2815 3775 vitam
2870 3723 3236 3779 sustentabat.
3281 3718 3407 3778 llaec
3459 3735 3591 3777 vero
3643 3719 3796 3791 prin-

518 3801 705 3873 cipatu
752 3800 1057 3857 Constantii
1129 3803 1478 3870 acciderunt,
1523 3805 1716 3860 eodem
1783 3814 2027 3877 tempore
2065 3822 2175 3878 quo
2213 3807 2554 3879 Theophilus
2612 3824 2680 3867 cx
2738 3809 2891 3868 India
2939 3829 3195 3872 reversus
3248 3815 3557 3872 Antiochiae
3613 3825 3794 3869 mora-

518 3902 709 3958 batur.

595 3992 687 4051 l6.
710 3990 1059 4056 AitAetium,
1097 4007 1219 4049 cum
1252 3993 1518 4051 adversus
1553 3992 1816 4051 Basdium
1857 3993 2109 4066 Ancyrae,

519 4093 581 4142 et
610 4085 956 4140 Eustathium
993 4084 1256 4140 Sebastize
1301 4087 1617 4157 episcopum
1647 4086 1713 4141 de
1746 4086 2111 4142 consubstan-

526 4170 641 4227 tiali
690 4171 1012 4241 disputans,
1059 4171 1305 4227 cuiuium
1369 4173 1652 4227 hominum
1711 4171 2111 4228 infantissimos

526 4278 623 4318 eos
659 4264 1024 4328 ostendisset,
1064 4275 1123 4319 ut
1165 4265 1385 4333 quidem
1437 4266 1540 4322 iste
1582 4266 1872 4336 contingit,
1918 4265 2112 4336 impla-

526 4354 692 4409 cabili
719 4354 849 4407 odio
890 4357 960 4407 ab
990 4355 1099 4410 illis
1121 4356 1380 4425 deinceps
1413 4359 1750 4429 exagitatam
1780 4355 1974 4413 fuisse.

603 4438 691 4496 Π.
729 4439 981 4495 Leontius
1038 4458 1121 4511 ep.
1153 4443 1397 4498 Antioch.
1431 4474 1502 4487 -α
1534 4446 1792 4502 Leontius
1841 4448 1913 4515 is,
1945 4462 2107 4519 quem

528 4532 909 4607 presbyterum
965 4548 1031 4589 ac
1082 4542 1468 4604 prmeeptorem
1523 4538 1664 4592 Aetii
1718 4538 1887 4593 fuisse
1945 4553 2109 4607 supra

528 4625 853 4696 retulimus,
899 4640 1025 4682 cum
1078 4626 1147 4682 ad
1190 4625 1564 4697 episcopatum
1612 4627 1765 4684 urbis
1808 4628 2113 4685 Antiochiae

2291 3994 2388 4053 ις’.
2440 3989 2563 4043 Ὀτι
2619 3988 2856 4054 ’Λέτιος,
2897 3991 3061 4061 φησὶ,
3102 3994 3217 4056 τοῖς
3254 3993 3384 4065 περὶ
3412 3992 3682 4064 βασίλειον
3706 3994 3805 4054 τὸν

2216 4080 2529 4153 Ἀγκύρας,
2568 4083 2664 4137 καὶ
2689 4082 2988 4138 Εὐστάθιον
3019 4084 3113 4138 τὸν
3154 4084 3516 4151 Σεδαστείας.
3550 4086 3629 4151 είς
3671 4088 3798 4153 τοὺς

2184 4174 2346 4246 ιπερὶ
2374 4173 2471 4229 τοῦ
2507 4175 2797 4247 ὁμοουσίου
2841 4175 3037 4245 λόγους
3080 4178 3394 4245 καταστὰς,
3436 4180 3534 4234 καὶ
3577 4180 3804 4238 πάντων

2214 4264 2517 4338 ἀνθρώπων
2543 4267 2742 4331 αὐτοὺς
2782 4267 3062 4337 διελέγξας
3103 4269 3484 4338 ἀφωνοτάτους
3502 4309 3518 4335 ,
3543 4270 3618 4336 ὡς
3642 4264 3807 4341 οὗτος

2213 4354 2583 4426 τερατολογεῖ,
2616 4355 2696 4419 είς
2725 4357 2880 4427 μῖσος
2905 4356 3088 4420 αὐτοῖς
3114 4357 3378 4412 ἄσπονδον
3403 4358 3663 4430 κατέστη.

2290 4445 2377 4510 ιζ’.
2428 4447 2552 4500 Ὅτι
2592 4448 2872 4513 Λεόντιος,
2904 4449 3093 4519 φησὶν,
3121 4448 3181 4501 ὃν
3227 4451 3256 4501 6
3293 4449 3605 4521 ἔμπροσθεν
3638 4450 3797 4519 λόγος

2216 4537 2586 4610 πρεσϐύτερόν
2631 4555 2691 4591 τε
2723 4540 2818 4592 καὶ
2867 4539 3186 4594 διδάσκαλον
3232 4542 3442 4596 Ἀετίου
3492 4542 3798 4611 ὑπέδειξεν,

2216 4629 2513 4695 ἐπίσκοπος
2553 4630 2884 4704 Ἀντιοχείας
2923 4632 3199 4697 καταστὰς
3221 4673 3237 4697 ,
3270 4635 3349 4698 εἰς
3383 4634 3658 4691 διακονίαν
3702 4635 3798 4689 τὸν

1770 4799 2017 4846 VALESII
2049 4801 2547 4848 ANNOTATIONES.

628 4905 719 4981 85)
756 4905 1207 4981 ,Παρεκομένη-ς.
1251 4905 1439 4981 αὐτοῦ
1463 4907 1741 4981 μορίας.
1774 4906 1997 4981 Rectius
2054 4909 2106 4963 in

2215 4908 2390 4981 verba
2422 4907 2669 4981 Gregorii
2699 4907 3065 4981 _Nysseui_s_ic
3093 4911 3341 4981 habent:
3387 4910 3648 4966 Ἐκδύντα
3679 4929 3715 4981 γ

533 4975 724 5060 codice
755 4975 1310 5060 lfpchrirti_'_scrihitur
1351 4975 1519 5060 αὐτῷ.
1555 4976 1670 5059 Nec
1691 4979 1943 5060 displicet
1976 4993 2109 5032 ron-

532 5050 744 5122 jectura
774 5043 1061 5122 llolsteuii,
1102 5048 1194 5122 qui
1228 5043 1560 5122 inmarginc
1589 5047 1672 5102 sui
1691 5043 1903 5122 codicis
1933 5064 2110 5104 anno.

538 5116 1053 5190 taritscribendum
1086 5117 1189 5171 sibi
1220 5116 1825 5190 νίίιοτίᾃπαρεσομένης.

606 5185 855 5259 (86)-Κᾳέ
881 5184 992 5253 τῆς
1019 5185 1284 5259 ζατρικῆς
1300 5184 1548 5254 ἐξῆπτο.
1581 5184 1797 5259 Aetium
1830 5189 2111 5245 metlieinzc

532 5256 709 5313 artem
737 5256 924 5327 leviter
945 5257 1192 5326 attigisse
1218 5266 1448 5312 testatur
1462 5259 1628 5312 etiam
1652 5258 1947 5327 Gregorius
1977 5259 2113 5327 Nys-

529 5341 708 5399 senus
738 5326 797 5399 in
823 5325 977 5399 libro_
995 5325 1169 5399 primo
1230 5337 1417 5399 contra
1456 5325 1799 5399 Eunomium‘,
1830 5345 1951 5399 pag.
1979 5325 2106 5385 295.

532 5395 709 5464 Cujus
737 5393 905 5448 libros
935 5393 1231 5470 si’lcgisset
1258 5395 1496 5470 Jacobus
1530 5393 1926 5467 Gothofredus:
1950 5401 2113 5470 pluri-

538 5480 688 5537 mum
733 5477 798 5537 ex
830 5465 1200 5537 _eo‘uti|i_tatis
1254 5468 1534 5536 percipere
1583 5465 2106 5537 potuisset;'umlta

534 5534 685 5605 enim
716 5534 783 5605 d_c
814 5531 993 5605 Aetio,
1022 5531 1474 5603 ejusqttestudlis
1504 5531 1668 5605 atque
1699 5531 1963 5596 institutis
1999 5541 2110 5595 illic

537 5600 1178 5679 refertGrngﬁugiyué
1207 5622 1313 5679 non
1350 5600 1602 5677 leguntur
1624 5607 1678 5661 in
1706 5608 2105 5679 Philostorgio:

538 5671 858 5748 cuiusmodi
882 5673 1020 5748 illud
1056 5671 1161 5736 est,
1191 5671 1426 5731 Actium'
1445 5679 1620 5745 primo
1654 5679 1872 5747 quidem
1921 5671 2115 5748 Ampe-

541 5743 673 5801 ltdis
702 5743 987 5811 cujusdam
1037 5760 1253 5798 servum
1306 5743 1517 5813 fuisse,
1544 5743 1739 5805 deinde
1767 5765 1896 5804 vero
1928 5743 2114 5804 nescio

545 5829 656 5884 qua
684 5820 799 5868 arte
829 5815 1230 5869 manumissum
1274 5816 1483 5872 fabium
1532 5821 1782 5875 astatiqu
1818 5820 2111 5875 exstitisse.

2224 4929 2390 4964 verna
2422 4929 2669 4980 uregorn
2724 4929 2951 4981 tVySSCIll
2983 4929 3065 4966 snc
3094 4929 3341 4966 habent:
3405 4929 3648 4966 ιικουντα
3679 4929 3751 4981 γα

2214 4979 2503 5053 αὐτὸνῇδη
2546 4979 2645 5053 τὴν
2688 4979 2937 5053 δουλείαν
2967 4976 3285 5053 ᾊμπελίδος
3305 4983 3494 5053 -λτῆς
3522 4929 3800 5053 κεκτημὲ

2214 5050 2536 5121 νης-αύτὸνο
2579 5050 2640 5103 τὸ
2681 5050 2737 5104 δὲ
2769 5052 2917 5114 ὃπως
2946 5051 3098 5121 οὐδὲν
3131 5052 3326 5121 δέομαι
3371 5050 3571 5121 λέγειν,
3606 5050 3797 5115 una»

2219 5119 2295 5191 μὴ
2313 5119 2529 5190 δόξαιμι
2556 5120 2989 5192 κακοηθέστερον
3009 5120 3103 5175 τοῦ
3124 5119 3465 5193 διηγήματος
3490 5122 3792 5177 ἂπτεσθαυ

2219 5188 2360 5257 εῖναι
2408 5191 2508 5257 μὲν
2558 5191 2916 5257 καμινευτήν,
2958 5199 3066 5245 etc.
3122 5190 3295 5257 Quem
3338 5191 3517 5246 locum
3563 5207 3792 5257 prorsus

2217 5207 2360 5244 ειναι
2408 5207 2508 5272 μεν
2558 5207 2916 5259 καμινευτην,
2958 5207 3066 5245 cie.
3122 5207 3295 5257 quem
3338 5207 3517 5246 locum
3563 5207 3795 5261 prorsus

2218 5253 2510 5315 infeliciter
2541 5262 2700 5330 vertit
2741 5260 3032 5317 Gretserus
3079 5260 3182 5315 hoc
3220 5261 3384 5314 modo
3419 5279 3433 5315 :
3480 5259 3685 5330 Quippe
3716 5262 3795 5315 il-

2219 5331 2349 5391 lum,
2378 5331 2565 5401 relicta
2597 5329 2986 5401 culturariuca’
3016 5330 3490 5399 quampossidebat
3524 5337 3603 5399 (at
3630 5347 3797 5401 quam

2208 5401 2378 5470 justo,
2406 5400 2606 5460 tacebo,
2644 5415 2707 5453 ne
2736 5399 2918 5453 videor
2943 5401 3180 5454 odiosius
3211 5402 3571 5455 narrationem
3604 5399 3794 5470 auspi-

2216 5472 2376 5537 cari),
2409 5470 2674 5540 principio
2703 5471 2912 5539 quidem
2928 5472 3128 5540 factum
3163 5487 3276 5523 esse
3307 5470 3518 5539 fabrum
3551 5472 3800 5524 caminu-

2217 5543 2378 5610 rium,
2410 5538 2517 5594 etc.
2545 5538 2710 5610 llunc
2734 5540 2978 5608 Gregorii
3006 5539 3233 5610 Nysseui
3269 5538 3449 5595 incum
3474 5540 3605 5595 citat
3624 5542 3796 5595 etiam

2214 5609 2432 5665 Nicetas
2456 5610 2508 5662 iu
2528 5607 2808 5680 fnestram
2829 5607 3134 5664 orthodoi'a:
3165 5610 3309 5669 ﬁdei.
3343 5611 3437 5665 lib.
3472 5625 3524 5670 ν.
3552 5626 3675 5680 (ap.
3694 5610 3791 5680 50.

2290 5680 2403 5751 (87)
2444 5678 2624 5751 Τοῦτο
2663 5677 2733 5731 δὲ
2768 5679 2881 5751 ἆρα
2926 5680 3405 5751 ἐξεργαζόμενος.
3436 5677 3636 5734 Μοιίηί
3658 5678 3799 5751 scri-

2220 5748 2349 5805 bere
2382 5748 2540 5821 τοῦτο
2565 5749 2627 5821 δή
2661 5758 2767 5804 etr.
2791 5748 2896 5802 l’ro
2917 5750 3364 5821 ἐξεργαζόμενος,
3391 5752 3443 5804 in
3467 5751 3653 5807 codice
3678 5748 3785 5805 Bo-

2227 5820 2401 5875 eharti
2433 5819 2691 5875 scribitur
2728 5821 3048 5890 simpliciter
3076 5819 3464 5892 ἐργαζόμενος.
