4032 6338
149 431 282 492 ιδθθ

1211 443 1772 504 Εικιεδιιιδτιω]
1817 449 2168 509 ΙΙΙΒΤΟΒΙᾺΕ
2207 453 2336 511 ΗΒ.
2380 450 2462 508 Ill.

3332 448 3440 506 5l0

177 546 433 620 μαθητὴν
479 553 926 625 πφχειρίζεται,
968 555 1061 610 καὶ
1092 557 1367 614 διδάσκειν
1406 561 1463 614 ἐν
1509 562 1774 635 ἐκκλησία

1888 578 2159 636 promotus
2200 568 2423 633 fuisset,
2468 566 2798 637 discipulum
2839 583 2998 622 suum
3047 565 3113 621 ad
3141 564 3460 620 diaconatus

169 643 247 698 τὰ
274 643 376 715 τῆς
428 645 758 718 Ἐκκλησίας
793 650 1079 722 ἐπιτρέπει
1116 651 1384 723 δόγματα.
1441 654 1500 706 ’0
1537 654 1593 707 δὲ
1633 655 1770 727 πρὸς

173 737 284 808 μὶν
309 739 376 792 τὸ
405 739 506 812 τῆς
541 740 818 806 διακονίας
859 743 1022 816 ἔργον
1056 745 1336 818 ὑπεστάλη
1357 763 1372 779 ·
1407 747 1681 802 διδάσκειν
1713 749 1771 802 δέ

169 828 484 895 ἀνεδέξατο.
509 831 715 902 Χρόνον
733 833 791 886 δέ
807 833 1118 906 διατρίψας,
1139 836 1199 902 ὃς
1219 837 1468 910 ἐνόμιζεν
1489 840 1637 911 αύτῷ
1653 840 1768 911 (88)

171 921 260 983 είς
281 920 384 991 τὴν
407 921 518 974 τῶν
543 921 704 976 θείων
732 924 1074 995 μαθημάτων
1099 927 1418 1000 ἐξαρκέσειν
1445 929 1772 1001 παράδοσιν,

176 1009 273 1062 ἐπὶ
297 1009 400 1081 τὴν
445 1011 852 1084 Ἀλεξάνδρειαν
880 1010 1037 1080 αὖθις
1069 1018 1453 1089 παραγίνεται.
1491 1019 1630 1092 Ἤδη
1660 1020 1770 1092 γὰρ

173 1099 236 1152 ἐν
253 1100 394 1171 αὐτῇ
417 1102 446 1154 6
486 1101 801 1168 ’Δθανάσιος
823 1104 992 1170 πολὺς
1012 1103 1081 1178 ἦν
1101 1108 1195 1161 ἐπὶ
1223 1108 1318 1161 τοῦ
1339 1110 1626 1180 όμοουσίου
1651 1111 1766 1182 (89)

176 1188 342 1260 ῥέων,
379 1193 470 1246 καὶ
496 1194 665 1266 ἐχρῆν
696 1193 836 1249 εἶναι
861 1195 953 1250 τὸν
977 1199 1357 1254 ἀντιπνέοντα.

1878 659 2107 730 gradum
2141 660 2340 725 evexit,
2382 659 2544 728 eique
2570 657 2814 728 permisit
2847 667 2905 711 ut
2947 656 3316 712 ecclesiastica
3360 657 3462 708 do~

1877 759 2057 816 gmata
2086 749 2301 819 publice
2335 750 2386 802 in
2429 747 2672 805 Ecclesia
2715 747 2935 804 doceret
2963 747 3098 817 (93).
3127 744 3326 800 Verum
3359 743 3466 797 Ae-

1877 842 1988 897 tius
2050 841 2268 896 diaconi
2323 841 2544 912 quidem
2590 838 2927 893 [unctionem
2975 837 3330 901 detrectavit,
3358 834 3463 889 do-

1875 932 2034 988 cendi
2079 947 2210 989 vero
2253 948 2456 988 munus
2485 932 2719 988 libenter
2750 931 3036 1001 amplexus
3074 938 3178 984 est.
3217 927 3465 996 Cumque

1876 1021 2210 1077 illie'tandiu
2242 1023 2568 1088 mansisset,
2593 1033 2860 1094 quantum
2908 1022 3011 1076 sibi
3048 1020 3295 1076 sufﬁcere
3316 1015 3465 1088 judi-

1875 1116 2038 1171 cabat
2063 1115 2129 1170 ad
2161 1131 2446 1172 sacrarum
2473 1117 2888 1186 disciplinarum
2919 1115 3300 1176 traditionem,
3339 1124 3466 1164 rur-

1873 1220 1968 1260 sus
2017 1205 2403 1261 Alexandriam
2453 1207 2710 1276 perrexit.
2756 1205 2876 1260 Jam
2924 1206 3071 1260 enim
3120 1203 3231 1259 illic
3271 1202 3467 1272 agebat

174 1287 551 1345 Athanasius.
582 1290 722 1344 ιειτδ
778 1283 1064 1363 ὁμοούσιον
1117 1297 1332 1366 magnis
1379 1297 1590 1352 viribus
1636 1297 1993 1364 defendebat,
2054 1315 2394 1370 prorsusqne
2442 1316 2667 1356 necesse
2739 1311 2857 1355 erat
2897 1311 2956 1354 ut
2986 1299 3190 1368 a'iquis
3221 1295 3273 1352 ei
3321 1293 3461 1350 resi-

176 1394 372 1444 steret.

253 1484 346 1550 tq’.
409 1476 537 1532 Ὅτι
577 1481 712 1552 φησὶ
761 1476 1063 1538 Φλαϐιανὺν
1108 1486 1204 1540 καὶ
1247 1487 1535 1552 Παυλῖνον,
1580 1487 1632 1542 οἳ
1675 1489 1772 1542 καὶ

179 1567 324 1636 μετᾶ
352 1565 526 1622 ταῦτα
555 1569 645 1622 τὸν
695 1567 1026 1641 Ἀντιοχείας
1071 1572 1258 1646 θρόνον
1301 1571 1446 1646 εἶχον
1488 1575 1771 1646 διανειμά-

179 1672 376 1725 μενοι,
421 1657 646 1724 τούτους
691 1660 782 1715 τὸν
821 1663 1114 1734 εἰρημένον
1160 1665 1407 1718 Λεόντιον
1440 1665 1536 1721 ἇτε
1584 1666 1646 1736 δὴ
1696 1667 1769 1736 μὴ

174 1746 571 1819 ὁμοδοξοῦντας
597 1750 869 1805 καθελεῖν.
896 1746 1056 1806 Οὗτοι
1081 1753 1138 1805 δέ
1166 1749 1303 1824 ἦσαν
1327 1755 1612 1826 Εὐσταθίῳ
1642 1774 1770 1809 συν-

178 1839 679 1909 ακολουθήσαντες,
726 1843 784 1900 ἐς
825 1842 922 1914 τὴν
970 1843 1224 1916 μεθόριον
1270 1847 1626 1919 ἁπαγομένῳ.
1675 1851 1770 1911 Ὃς

178 1931 294 1984 τῶν
331 1933 496 2003 ίερῶν
534 1934 634 2004 τῆς
696 1934 1026 2006 Ἀντιοχείας
1059 1938 1354 2008 φροντίδων
1383 1939 1496 2007 (90)
1526 1983 1540 2006 ,
1575 1939 1773 2011 μᾶλλον
1807 1919 1845 1972 Β

179 2025 239 2078 δὲ
284 2026 386 2096 τῆς
428 2026 558 2098 ὅλης
587 2026 871 2092 εὐσεϐείας
889 2067 905 2094 ν
939 2029 1090 2082 οὐδὲν
1123 2030 1381 2104 ἠνέσχετο
1406 2034 1520 2098 τοῖς
1563 2035 1775 2103 καιροῖς

181 2119 766 2187 συγκαπηλεύσασθαι.

255 2310 348 2368 ιθ⁸.
394 2314 522 2367 ὐτι
551 2311 844 2367 Σεκούνδου
881 2314 974 2368 καὶ
1018 2313 1195 2386 Σέρρα
1221 2288 1300 2386 (it)
1346 2314 1426 2378 είς
1471 2314 1774 2386 ἐπιτκοπὴν

179 2405 277 2462 τὴν
320 2405 526 2460 ’Δὲτιον
551 2406 1065 2478 προχειριζομένων,
1097 2407 1283 2472 αὐτὸς,
1328 2408 1514 2477 φησιν,
1541 2408 1642 2461 οὐκ
1681 2409 1776 2478 ὴν-

183 2498 404 2569 ἑσχετο,
454 2497 530 2569 μὴ
567 2497 825 2570 καθαρῶς
862 2499 1065 2562 αὐτοὺς
1096 2497 1381 2570 ἱερᾶσθαι,
1414 2497 1504 2552 διὰ
1529 2499 1629 2568 τὴν
1649 2501 1773 2552 ἐπι-

187 2589 375 2659 μιξίαν
411 2589 521 2641 τῶν
560 2588 622 2642 τὸ
663 2589 955 2660 όμοούσιον
1005 2590 1120 2659 (91)
1172 2589 1590 2662 θρησκευόντων
1635 2590 1771 2643 ἁποο

184 2682 531 2753 φαινόμενος.

253 2863 326 2912 κ’.
376 2859 536 2922 Ὅτι,
563 2857 755 2930 φησὶν,
785 2857 1052 2929 Εὑνόμιος
1087 2855 1234 2911 κατὰ
1275 2856 1472 2910 πύστιν
1499 2857 1599 2928 τῆς
1658 2857 1774 2909 Ἀε-

182 2945 300 3002 τίου
331 2947 525 3019 σοφίας
562 2950 642 3012 είς
685 2949 1017 3020 Ἀντιόχειαν
1063 2950 1129 3004 ἐκ
1154 2948 1552 3010 Καππαδοκίας
1579 2947 1774 3017 ἀφικό-

187 3058 375 3112 μενος,
399 3040 480 3107 τῷ
511 3040 792 3112 Σεκούνδῳ
809 3040 1122 3112 συνέμιξεν.
1159 3041 1220 3096 '0
1249 3041 1306 3095 δὲ
1339 3041 1501 3095 αὐτὸν
1526 3041 1583 3094 ὲν
1624 3041 1773 3093 Ἀλε-

188 3130 442 3206 ξανδρεία
463 3132 585 3186 τότε
609 3131 686 3204 τῷ
731 3133 924 3203 Ἀετίῳ
948 3132 1281 3204 διατρίϐοντι
1311 3133 1642 3204 συνέστηκεο
1678 3133 1774 3186 καὶ

185 3222 453 3292 συνέστην
479 3221 670 3292 ἄμφω,
697 3221 728 3274 6
753 3222 851 3292 μὲν
883 3222 1174 3286 διδάσκων,
1213 3223 1242 3277 6
1265 3223 1323 3277 δέ
1348 3225 1463 3286 τοῖς
1507 3221 1772 3295 ίεροίςῌι)

187 3313 479 3386 μαθήμασι
509 3312 775 3367 συνασκού
784 3331 964 3385 μενος.

252 3495 363 3544 καθ.
403 3489 528 3544 Ὀτι
570 3489 841 3560 Εὐνομίαν
877 3489 1046 3561 φησὶν
1074 3481 1231 3554 οὗτος
1270 3490 1299 3544 6
1336 3489 1628 3562 δυσσεϐὴς,
1675 3491 1777 3546 οὐκ

184 3579 601 3651 αίσχυνόμενος,
632 3579 909 3652 ἐγκώμιον
939 3580 1314 3648 ἀνατάξασθαι
1343 3581 1476 3651 (92).

257 3671 367 3740 κβ’.
403 3673 527 3726 ’Ὁτι
549 3672 685 3743 φησὶ
707 3673 800 3727 τδν
821 3673 1178 3739 Κώνσταντα,
1199 3673 1290 3727 διὰ
1311 3675 1412 3746 τὴν
1436 3675 1578 3746 ὑπὲρ
1617 3674 1776 3728 Ἀθα-

187 3761 379 3815 νασίου
428 3762 664 3832 σπουδὴν
719 3761 826 3816 ὑπὸ
870 3763 1150 3833 τυραννίδι
1187 3766 1255 3834 τῇ
1296 3763 1638 3832 Μαγνεντίου
1677 3763 1778 3834 τὴν

189 3851 338 3924 ζωὴν
362 3852 869 3923 καταστρέψασθαι.
899 3853 1342 3924 Τελευτήσαντος
1368 3855 1426 3908 δὲ
1453 3854 1645 3919 αὑτοῦ,
1681 3856 1776 3909 καὶ

188 3944 284 3999 τοῦ
321 3945 422 4015 μὲν
455 3945 836 4000 Κωνσταντίου
882 3947 1025 4002 κατὰ
1055 3947 1154 4017 τὴν
1188 3946 1416 4000 Ἔδεσαν
1460 3947 1561 4016 τῆς
1601 3949 1778 4002 Μεσο-

189 4037 466 4108 ποταμίας
503 4037 874 4109 διατρίϐοντος
921 4038 1114 4107 (τοῦτο
1149 4039 1259 4110 γὰρ
1291 4041 1320 4093 6
1353 4039 1624 4110 Περσικὸς
1671 4041 1780 4092 ἀπ-

188 4127 311 4198 ῄτει
349 4127 644 4198 ¹ιοόλεμος),
676 4129 710 4200 ἡ
741 4128 1090 4202 πρεσϐυτάτη
1135 4129 1342 4184 τούτων
1385 4131 1590 4201 ἀδελφὴ
1624 4131 1777 4186 Κων-

1947 1486 2034 1542 18.
2071 1483 2364 1539 Flavianus
2397 1492 2446 1538 et
2483 1481 2745 1535 Paulinus
2781 1497 2813 1533 ιι
2848 1478 3064 1532 Leontio
3109 1476 3358 1548 depositi.
3394 1504 3469 1522 ο·-

1874 1575 1964 1630 Ait
2013 1575 2410 1646 Philostorgius
2469 1573 2791 1627 Flavianum
2859 1587 2925 1626 ac
2992 1569 3323 1636 Paulinum,
3371 1571 3466 1640 qui

1874 1668 2277 1722 Antiochenam
2325 1667 2702 1735 episcopatum
2752 1665 2889 1717 inter
2935 1678 2994 1716 se
3027 1671 3216 1730 postea
3266 1661 3462 1715 divise-

1877 1768 2037 1822 runt,
2079 1775 2108 1813 a
2152 1759 2468 1827 :upradicto
2510 1757 2772 1821 Leontio,
2821 1764 3009 1823 utpote
3051 1753 3326 1806 contraria
3361 1753 3464 1822 ipsi

1876 1853 2202 1914 sentientes,
2239 1851 2522 1920 depositas
2557 1865 2698 1904 esse.
2734 1847 2798 1901 lli
2829 1862 2958 1902 vero
2993 1844 3338 1900 Eustathium
3381 1858 3468 1898 se-

1876 1943 1984 1998 cuti
2014 1941 2262 2007 fuerant,
2293 1957 2416 1996 cum
2453 1941 2498 1994 is
2537 1941 2588 1994 in
2631 1940 2886 1994 exsilium
2940 1937 3324 1992 abduceretur.
3359 1935 3467 2000 Qui

1875 2035 2093 2106 quidem
2124 2051 2190 2088 ex
2237 2034 2562 2089 sacerdotali
2603 2047 2828 2086 uulnere
2865 2029 3255 2083 Antiochensis
3281 2027 3467 2082 Eccle-

1875 2129 2002 2189 siae.
2037 2143 2132 2182 seu
2171 2127 2353 2197 potius
2373 2141 2438 2180 ex
2479 2126 2732 2180 universa
2762 2124 3047 2192 religione,
3077 2121 3212 2175 nihil
3241 2121 3467 2175 omnino

1875 2229 2184 2290 temporum
2216 2219 2598 2274 virissiludine
2631 2233 2828 2288 passus
2865 2225 2943 2270 est
2987 2213 3332 2283 interpolari.

1949 2314 2034 2366 19.
2069 2312 2252 2367 Aetius
2283 2313 2644 2380 episcopatum
2683 2319 2912 2365 recusat.
2939 2309 3120 2362 —Ait
3157 2307 3466 2361 Philostor-

1876 2406 1997 2477 gius
2014 2406 2251 2469 Aetium,
2282 2420 2408 2459 cum
2440 2403 2725 2460 Secundus
2759 2414 2812 2459 ct
2840 2405 3038 2460 Serras
3078 2400 3145 2456 ad
3177 2401 3468 2472 episcopa-

1876 2505 1990 2550 tam
2021 2496 2318 2566 gerendum
2363 2511 2488 2550 eum
2519 2493 2845 2561 elegissent,
2885 2488 3142 2548 assentiri
3191 2488 3467 2554 noluisse,

1875 2602 2000 2642 cum
2049 2587 2252 2641 diceret
2286 2602 2383 2641 eos
2418 2601 2525 2639 non
2559 2601 2696 2655 pure
2735 2601 2834 2642 nec
2881 2595 3068 2638 sancte
3107 2581 3292 2635 divina
3327 2580 3466 2634 cele-

1878 2679 2038 2733 brare
2070 2679 2348 2750 mysteria,
2399 2687 2585 2749 utpote
2637 2678 2732 2747 qui
2780 2672 3168 2732 llomousianis
3220 2671 3468 2742 permisti

1875 2781 2081 2830 0888111.

1950 2861 2042 2916 20.
2067 2858 2460 2913 Eunomius.—
2489 2856 2812 2924 Eunomius,
2847 2873 2970 2912 cum
3015 2856 3155 2912 fama
3189 2859 3256 2912 ad
3287 2858 3467 2927 ipsum

1875 2954 2080 3024 perlata
2148 2962 2292 3007 esset
2335 2951 2403 3005 de
2453 2948 2590 3004 Aetii
2647 2945 2942 3018 sapientia,
3006 2965 3073 3002 ex
3125 2950 3468 3020 Cappadocia

1874 3039 2220 3098 Antiochiam
2277 3037 2588 3108 profectus,
2653 3037 2706 3090 in
2751 3037 3086 3107 colloquium
3144 3040 3294 3093 venit
3342 3055 3468 3093 cum

1877 3130 2151 3186 Serundo.
2189 3125 2288 3182 llic
2319 3143 2448 3182 vero
2493 3127 2674 3190 Aetio,
2703 3127 2797 3197 qui
2823 3137 2937 3181 tum
2985 3128 3330 3184 Alexandrize
3372 3131 3469 3184 de-

1877 3223 2055 3295 gebat,
2087 3220 2416 3276 Eunomium
2449 3219 2874 3275 commendavit.
2914 3219 3092 3274 Ambo
3115 3222 3280 3291 igitur
3302 3221 3469 3276 simul

1883 3315 2200 3369 habitarunt
2228 3331 2240 3366 :
2275 3312 2462 3366 Aetius
2485 3312 2704 3382 quidem
2733 3312 2961 3377 docens,
3004 3311 3310 3368 Eunomius
3340 3328 3471 3367 vero

1885 3419 2073 3462 Sacras
2105 3402 2426 3472 disciplinas
2450 3403 2781 3470 percipiens.

1951 3498 2044 3552 2|.
2084 3495 2176 3549 Ait
2222 3494 2422 3564 impius
2455 3492 2860 3564 Philostorgius
2913 3509 2972 3548 se.
3007 3490 3322 3549 encomium
3357 3489 3470 3546 Ειι-

1882 3588 2049 3644 nomii
2074 3587 2490 3657 conscripsisse.
2531 3601 2631 3641 nec
2667 3586 2942 3641 erubescit
2976 3585 3027 3640 id
3065 3581 3324 3654 proﬁteri.

1950 3679 2040 3733 22.
2073 3676 2364 3744 Constans,
2388 3675 2728 3746 Magnentius
2753 3688 2798 3730 et
2836 3675 3114 3730 Veteranio
3147 3675 3362 3745 tyranni
3374 3703 3470 3728 .—

1877 3769 1968 3823 Ait
2007 3768 2398 3834 Constantem,
2441 3773 2512 3824 ob
2561 3769 2802 3824 studium
2847 3784 2974 3838 erga
3011 3768 3400 3829 Athanasium,
3436 3783 3468 3822 a

1879 3858 2188 3928 Magnentio
2236 3870 2469 3932 tyranno
2513 3859 2845 3912 exstinctum
2904 3858 3092 3914 fuisse.
3141 3856 3272 3912 Post
3311 3857 3468 3925 cujus

1879 3949 2118 4014 obitum,
2164 3965 2289 4004 cum
2323 3950 2679 4005 Constantius
2720 3948 2941 4004 Edessze
2985 3949 3040 4002 in
3079 3949 3466 4016 Mesopotamia

1881 4051 2218 4097 moraretur:
2253 4042 2303 4096 id
2335 4041 2483 4096 enim
2509 4041 2762 4112 exigebat
2791 4040 2992 4095 bellum
3020 4039 3300 4094 Persicum
3320 4039 3465 4110 (9i);

1879 4146 2071 4186 eorum
2109 4147 2265 4188 soror
2296 4140 2426 4192 natu
2456 4132 2697 4186 maxima
2735 4132 3130 4197 Constantina,
3157 4145 3278 4202 qua:
3306 4129 3468 4186 vidua

1422 4304 1502 4349 VA
1510 4305 1666 4349 LESII
1702 4303 2104 4351 ANNOTATION
2111 4305 2202 4348 ES.

264 4426 381 4500 (88)
422 4428 523 4494 ’ος
551 4426 816 4500 ἐνόμιζεν
851 4425 1030 4493 αὐτῷ.
1054 4425 1184 4500 Non
1223 4425 1422 4500 dubito
1474 4427 1774 4500 quin‘scri-

193 4497 432 4569 botulum
457 4501 528 4552 sit
557 4499 682 4569 ὅσον
709 4499 958 4569 ἐνόμιζεν
1006 4498 1154 4569 αύτῷ
1187 4499 1266 4561 είς
1304 4498 1401 4569 τὴν
1449 4497 1560 4551 τῶν
1611 4498 1774 4552 θείων

193 4567 540 4643 μαθημάτων
558 4567 882 4643 ἐξαρκέσειν
907 4567 1358 4643 παράδοσινηειο.

1871 4427 2057 4510 malim
2090 4427 2290 4510 legere,
2330 4426 2420 4480 διὰ
2441 4427 2540 4501 τὴν
2558 4426 2840 4499 ἐπιμιξίαν
2862 4429 2999 4500 πρδς
3028 4430 3159 4510 τους
3179 4426 3247 4510 ,τὸ
3266 4428 3467 4510 όμοού-

1876 4515 1991 4551 σιον
2021 4498 2463 4569 θρησκεύονταςο
2490 4498 2803 4568 Quanquam
2839 4498 2935 4568 pro
2963 4499 3230 4553 vocabulo
3269 4498 3467 4569 ὁμοού-

1880 4585 2017 4633 σιον,
2050 4567 2308 4623 libentius
2344 4569 2446 4623 hoc
2475 4567 2596 4624 luco
2643 4567 2873 4640 legerem
2909 4569 3232 4638 ὁμοιούσιον.
3278 4567 3467 4640 Ariani

263 4633 379 4720 (89)
421 4638 620 4720 Πολὺς
645 4633 849 4720 ἦνχέπί
871 4633 1341 4720 τοῦριιοουρ-ίρυ.
1384 4638 1651 4720 Ῑιιιεοάίρρ
1675 4637 1774 4692 Bo-

1888 4641 2051 4702 enim,
2085 4652 2323 4707 quorum
2365 4633 2720 4720 antesignani
2759 4633 3310 4720 er:tnt.'Se.ctnulu-s.et
3339 4639 3468 4693 Ser-

188 4707 369 4763 rharti
401 4707 678 4776 scripturn
728 4708 904 4762 inveni
929 4750 945 4770 ,
977 4709 1082 4761 ὑπὸ
1111 4707 1206 4760 τοῦ
1240 4708 1548 4776 όμοουσίου.
1597 4709 1777 4774 Quare

190 4795 302 4832 non
335 4778 527 4832 dubito
548 4780 680 4846 quin
716 4779 1063 4834 scribendum
1097 4779 1168 4832 sit
1197 4777 1298 4832 hoc
1323 4778 1476 4839 loco,
1506 4777 1647 4846 ὑπὲρ
1681 4777 1774 4830 τοῦ

187 4847 502 4920 ὁμοουσίου.
533 4847 1062 4920 Eumdem_errorem
1090 4847 1254 4916 paulo
1276 4857 1436 4920 antea
1463 4848 1773 4920 observavi.

262 4917 380 4988 (90)
404 4917 665 4988 r'Ogté'w
693 4917 864 4984 Ιερῶν
900 4916 1007 4985 τῆς
1034 4918 1389 4988 Ἀντιοχείας
1421 4917 1774 4985 φροντίδων.

191 4987 482 5043 Assentior
511 4987 866 5050 Gotltofredo,
903 4989 994 5057 qui
1025 4988 1139 5042 haec
1160 4987 1226 5057 de
1252 4987 1502 5049 Leontio,
1521 5004 1641 5057 rttnn
1674 5002 1773 5039 au—

190 5067 301 5112 tem
357 5058 427 5109 de
463 5057 749 5112 Eustathio
803 5056 926 5112 diei
966 5067 1111 5112 recte
1144 5056 1475 5110 observavit.
1518 5056 1772 5124 Ejusdem

189 5126 407 5181 Leontii
429 5127 817 5182 Antiochensis
837 5127 1076 5196 episcopi
1089 5125 1324 5196 elogium
1343 5135 1520 5182 exstat
1543 5127 1596 5180 iu
1616 5126 1778 5181 Claro-

185 5200 310 5251 nico
345 5197 731 5260 Alexandrino,
768 5213 822 5266 ι).
866 5197 994 5251 672.

259 5267 376 5336 (91)
421 5268 524 5321 Διὰ
548 5267 662 5336 τὴν
685 5267 990 5335 ἐπιμιξίαν
1034 5267 1154 5321 τῶν
1193 5267 1261 5321 τὸ
1289 5268 1773 5336 ὁμοούσιον.νοῑε.

189 5335 244 5389 In
279 5335 666 5407 manuscriptis
685 5338 966 5392 codicibus
985 5335 1325 5392 Sentiat-ensi
1343 5347 1395 5391 et
1414 5335 1770 5407 liocltartiano

185 5407 456 5477 scriptum
487 5405 576 5464 est
606 5408 716 5462 τῶν
746 5408 883 5478 πρὸς
934 5407 996 5460 τὸ
1032 5407 1337 5478 ὁμοούσιον,
1393 5417 1498 5462 etc.
1538 5405 1767 5460 Proinde

1883 4723 1992 4773 ras,
2023 4723 2130 4761 non
2165 4711 2646 4764 communicabant
2671 4709 3094 4768 llomousianis.
3122 4710 3214 4762 sed
3247 4709 3314 4761 iis
3346 4722 3468 4762 tan-

1882 4788 1996 4831 tum
2027 4778 2120 4846 qui
2153 4777 2214 4830 τὸ
2238 4779 2552 4849 ὁμοιούσιον
2585 4780 2999 4847 proﬁtebantur.
3041 4776 3262 4849 Verum,
3293 4793 3351 4831 re
3379 4787 3465 4832 at-

1883 4849 2086 4902 tentius
2123 4847 2456 4912 examinata,
2520 4849 2654 4902 nihil
2710 4849 2799 4902 hic
2863 4847 3178 4900 unuandum
3241 4861 3462 4902 censeo.

1881 4919 2070 4971 Ariani
2127 4919 2270 4972 enim
2335 4917 2726 4972 llomousianis
2767 4933 2833 4968 eo
2871 4918 3090 4984 quidem
3126 4925 3366 4984 tempore
3409 4918 3464 4971 in

1883 4986 2104 5042 Oriente
2133 4988 2640 5108 ggnununieabant,
2693 4996 2751 5040 ut
2791 4987 2951 5040 docet
2981 4985 3238 5041 Socrates
3277 4988 3330 5040 in
3369 4987 3463 5042 lib.

1885 5072 1946 5108 ιι.
1982 5073 2102 5108 can.
2214 5097 2228 5108 .

1885 5072 1946 5120 lt,
1982 5073 2102 5125 cap.
2135 5072 2228 5110 '22.

1955 5124 2079 5198 (921
2116 5126 2446 5198 Ἐγκώμιον
2477 5124 2941 5198 ἀνατάξασξᾷιιι.⁸
2979 5124 3342 5182 Scribendum
3382 5133 3468 5182 est

1883 5193 2270 5260 συντάξασθαι,
2303 5193 2392 5249 \‘cl
2420 5208 2566 5250 certe
2587 5193 3030 5264 ἀναγράψασθαι.

1951 5266 2064 5332 (95)
2107 5265 2421 5320 Theodorit.
2461 5267 2497 5318 l.
2537 5281 2596 5327 tl,
2631 5281 2682 5319 e.
2723 5265 2815 5319 1H.

1950 5334 2064 5406 (94)
2101 5334 2231 5390 Soz.
2258 5336 2353 5392 tib.
2387 5351 2459 5401 tv,
2485 5351 2604 5405 eap.
2633 5336 2684 5394 1.

1670 5576 2017 5624 VARIORUM.

244 5702 329 5774 (a)
379 5704 720 5778 Σεκούνδου
743 5708 839 5763 καί
874 5708 1081 5778 Σέρῤα.
1115 5708 1282 5763 Erant
1332 5709 1384 5762 hi
1419 5709 1602 5764 Ariani
1654 5710 1770 5778 opi-

186 5791 364 5852 scopt,
401 5776 690 5852 Secundus
726 5776 957 5852 quidem
987 5780 1355 5852 ⁸ιἰυιιιιιιιιίιίε
1391 5784 1444 5834 in
1509 5776 1763 5852 A‘lgypio,

190 5851 392 5904 Serras
419 5862 551 5905 vero
577 5847 862 5906 Paraztonii
897 5850 948 5905 in
986 5849 1169 5918 Libya.

1947 5709 2024 5779 (ὁ)
2077 5708 2130 5779 '0
2151 5706 2219 5761 δὲ
2241 5708 2364 5776 τοῖς
2400 5708 2599 5778 ἱεροῖς.
2637 5708 2939 5766 Eunomius
2981 5711 3119 5767 Aetii
3150 5726 3256 5765 non
3297 5711 3464 5764 modo

1874 5778 2180 5849 diseipulus
2221 5779 2344 5843 fuit,
2369 5796 2556 5835 verum
2587 5783 2755 5836 etiam
2794 5784 3169 5848 autauuensis,
3203 5792 3262 5838 ut
3293 5781 3457 5836 habet

1877 5851 2026 5905 Sorr.
2055 5851 2146 5904 lib.
2179 5865 2236 5916 ιι,
2279 5865 2397 5920 eap.
2426 5851 2516 5917 55,
2549 5851 2602 5906 in
2633 5853 2725 5907 lin.
