4032 6338
512 332 575 391 51
591 332 614 390 1
1879 336 2363 397 Ριιιιοδτοῐισιι
3643 332 3755 394 512

514 457 637 506 erat
672 447 1092 517 llanniballiani,
1129 450 1324 507 timens
1354 467 1424 508 ne
1453 452 1793 525 Magnentius
1818 463 2083 527 tyrannus
2111 475 2126 519 λ

2229 457 2438 511 ταντίνα
2466 454 2576 528 (98)
2598 454 2617 527 (
2632 447 3036 508 Ἀναϐιλλιανοῦ
3049 449 3106 504 δὲ
3116 444 3184 522 ῆν
3194 466 3330 523 κεχη
3338 444 3555 520 ρωμένη
3569 447 3752 518 γυνὴ),

516 539 834 594 universum
884 539 1174 612 imperium
1225 541 1329 596 sub
1371 552 1690 612 potestatem
1745 559 1900 598 suam
1941 545 2087 600 redi-

2229 544 2408 598 εἰσασα
2454 544 2528 615 μὴ
2572 536 2827 613 φθάσειεν
2869 544 2898 596 ὀ
2939 540 3280 613 τυραννήσας
3326 536 3666 607 Μαγνέντιος
3692 535 3759 590 τδ

464 602 479 717 ἴ
514 635 692 697 geret,
725 602 1164 691 Veteranionem,
1216 602 1387 683 unum
1433 642 1500 684 ex
1549 628 1825 700 magistris
1863 629 2085 697 militia-,

2229 634 2406 688 άντων
2454 602 2861 707 άναρτήσασθαι
2899 602 3130 702 κράτος,
3163 602 3593 700 Ὀὺετερανίωνά
3622 643 3760 717 τινα

512 717 784 772 Caesarem
813 717 1167 771 renuntiavit.
1216 716 1508 772 Videbatur
1542 729 1722 773 autem
1756 719 1847 774 illa
1890 720 1944 774 id
1989 735 2091 775 suo

2229 723 2298 777 ὦν
2329 723 2769 795 στρατηγούντων
2793 722 2890 777 ἕνα
2921 721 3211 792 καθίστησι
3237 719 3513 791 Καίσαρα.
3551 716 3762 771 Ἐδόκει

468 782 480 859 l
513 809 637 876 jure
672 806 879 871 facere,
922 816 1204 877 propterea
1246 809 1391 879 quod
1431 810 1741 865 communis
1770 825 1958 865 eorum
1997 826 2093 881 pa-

2229 815 2246 867 ὲ
2281 782 2557 869 δύνάσθαιΠ
2584 814 2684 885 τὴν
2726 813 2946 885 πρᾶξιν,
2982 813 3116 866 διότι
3139 782 3334 882 ’ζήνων
3367 782 3478 880 (99)
3514 809 3544 862 ὁ
3581 806 3763 868 κοινὸς

517 904 623 961 ter,
663 897 793 949 dum
839 896 1078 961 viveret,
1134 899 1440 954 diademate
1470 915 1591 955 eam
1620 908 2007 966 eoronaverat,
2038 909 2094 955 et

2231 906 2374 959 ύτῶν
2425 904 2607 978 πατὴρ
2648 903 2937 975 διαδήματι
2980 920 3041 956 τε
3096 901 3267 971 αὐτὴν
3309 898 3613 961 ὲταινίωσε,
3663 895 3766 950 καὶ

520 989 818 1057 Augustam
846 998 1274 1058 nuncupaverat.
1302 990 1658 1045 Constantius
1696 1004 1846 1058 vero,
1891 990 1975 1046 bis
2001 1006 2096 1046 eo-

2229 994 2505 1065 .ύγοῦσταν
2544 994 2915 1064 ἐπωνόμασεν.
2964 992 3023 1045 '0
3073 991 3131 1044 δὲ
3162 988 3532 1051 Κωνστάντιος
3586 986 3767 1039 ταῦτα

524 1078 724 1149 gnitis,
755 1082 935 1135 statim
967 1080 1215 1135 diadema
1253 1080 1404 1135 misit
1430 1081 1496 1136 ad
1524 1081 1965 1146 Veteranionem,
1994 1082 2097 1135 im-

2229 1086 2387 1142 ιαθὼν
2435 1084 2752 1157 παραυτίκα
2803 1083 2906 1155 μὲν
2964 1079 3360 1151 υύετερανίωνι
3391 1077 3467 1151 ,τὸ
3521 1075 3770 1147 διάδημα

523 1172 849 1239 peratoriam
880 1172 932 1227 ei
960 1172 1281 1241 dignitatem
1317 1173 1575 1243 suﬂ‘ragio
1608 1189 1710 1228 suo
1733 1174 2094 1240 conﬁrmans;

2229 1180 2406 1251 τέμπει
2428 1220 2442 1242 ,
2492 1174 2867 1247 συνεπικυρῶν
2912 1171 3061 1244 αὐτῷ
3093 1172 3190 1225 καὶ
3237 1170 3299 1226 τὸ
3339 1171 3438 1242 τῆς
3486 1167 3771 1238 βασιλείας

528 1271 712 1331 postea
768 1278 898 1319 vero
944 1264 1209 1318 adversus
1260 1262 1625 1334 Magnentium
1682 1265 1739 1318 in
1789 1264 2098 1321 Occidentis

2229 1271 2413 1341 ιξίωμα
2430 1287 2445 1301 ”
2479 1269 2668 1323 ἔπειτα
2696 1268 2755 1322 δὲ
2787 1266 2921 1339 πρὸς
2946 1264 3230 1337 ἑσπερίους
3258 1262 3401 1316 κατὰ
3430 1259 3770 1330 Μαγνεντίου

434 1414 443 1426 ⁸
527 1364 708 1421 partes
745 1368 870 1408 cum
904 1354 1146 1408 exercitu
1178 1353 1487 1423 profectus,
1521 1356 1624 1410 sub
1668 1357 1890 1411 obtentu
1934 1357 2100 1411 collo-

2229 1361 2656 1433 τρατευόμενος,
2691 1360 2787 1415 καὶ
2824 1356 3092 1429 συμμίξαι
3122 1353 3328 1425 ’φιλίως
3370 1352 3447 1423 τῷ
3499 1353 3775 1422 Οὑετερα-

529 1443 642 1514 quii
668 1445 812 1513 quod
844 1459 964 1499 cum
986 1443 1342 1499 Veteranione
1371 1446 1546 1500 amice
1569 1447 1708 1502 inire
1739 1447 2002 1512 voluerat,
2034 1462 2101 1501 eo

2234 1454 2348 1507 ίωνι
2379 1450 2660 1523 βουληθεὶς
2679 1491 2695 1518 ,
2730 1449 2962 1519 ἐπείπερ
2991 1449 3198 1510 ἐκεῖνος
3231 1444 3501 1517 παρέσχεν
3531 1442 3776 1512 ὑποψίαν

530 1534 676 1604 quod
716 1536 765 1590 is
808 1534 1128 1591 defectionis
1179 1536 1546 1606 suspicionem
1595 1538 1944 1606 praebuisset,
1976 1552 2100 1591 eum

2234 1541 2642 1607 παναστάσεως,
2664 1537 2944 1612 χειροῦται
2975 1538 3073 1609 μὲν
3098 1537 3189 1590 τὸν
3218 1533 3647 1606 Οὐετερανίωνα,
3677 1533 3777 1586 καὶ

532 1627 971 1695 comprehendit,
1031 1635 1086 1681 et
1138 1628 1483 1698 imperatoria
1536 1640 1685 1685 veste
1726 1631 1897 1686 exuit.
1944 1629 2103 1684 Nullo

2229 1634 2306 1704 τῆς
2332 1632 2619 1704 βασιλικῆς
2644 1629 2867 1686 ἀποδύει
2892 1628 3117 1698 στολῆς·
3150 1626 3314 1697 μηδὲν
3340 1625 3396 1678 δὲ
3421 1624 3589 1677 κακὸν
3610 1624 3780 1694 ἐπερ-

532 1726 713 1770 tamen
745 1716 854 1771 alio
895 1717 1146 1772 aﬁ‘eetnm
1184 1718 1568 1783 incommodo,
1601 1718 1711 1774 imo
1740 1736 1870 1775 vero
1902 1735 2105 1775 mensa:

2229 1723 2513 1795 πασάμενος
2535 1722 2695 1788 ἄλλο,
2735 1721 2871 1775 ἀλλὰ
2905 1720 3000 1774 καὶ
3032 1717 3309 1790 τραπέζης
3336 1714 3483 1786 αύτῷ
3512 1713 3780 1783 κοινωνή-

533 1821 647 1861 suae
670 1808 1007 1873 adhibitum,
1043 1807 1267 1862 Prusam
1299 1808 1567 1880 Bithynia:
1606 1811 1951 1875 amandavit,
1989 1826 2107 1864 am-

2229 1832 2335 1881 ιας,
2379 1817 2460 1879 είς
2489 1813 2738 1887 Προῢσαν
2769 1813 2871 1882 τῆς
2907 1809 3161 1872 Βιθυνίας
3194 1807 3491 1877 ἐκπέμπει,
3515 1802 3782 1874 λαμπρὰς

533 1897 652 1967 pios
689 1913 755 1953 ac
799 1899 1114 1967 magniﬁcos
1147 1908 1398 1968 sumptus
1424 1899 1474 1953 ei
1523 1901 1897 1966 constituens,
1921 1902 2107 1970 provi-

2229 1906 2301 1959 ια)⁸
2353 1904 2787 1977 μεγαλοπρεπεῖς
2838 1901 3103 1971 ἀφορίσας
3148 1896 3296 1969 αὐτῷ
3336 1896 3434 1959 τὰς
3492 1892 3781 1965 χορηγίας,

535 1990 777 2058 densque
827 2006 896 2045 ne
943 1990 1239 2060 quidquam
1287 2006 1479 2046 eorum
1523 1991 1723 2060 quibus
1772 1992 2107 2061 privatorum

2229 1998 2434 2068 ιηδενὸς
2480 1994 2810 2068 ὑστερῆσθαι
2829 2034 2844 2058 ,
2872 1987 2947 2048 ὦν
2970 1991 3257 2064 ἀνθρώπου
3294 1989 3406 2061 βίος
3438 1988 3512 2053 ὡς
3541 1989 3600 2041 ὲν
3635 1983 3783 2039 ἰδιώ-

537 2076 821 2131 hominum
854 2078 964 2132 vita
1004 2080 1157 2133 beate
1182 2080 1524 2149 transigitur,
1551 2082 1601 2134 ei
1630 2080 1863 2135 deesset.

606 2167 698 2222 25.
720 2166 952 2221 Iacobus
985 2168 1270 2224 Nisibenus
1302 2170 1442 2241 (95).
1469 2201 1542 2211 -
1570 2172 1657 2226 Ait
1682 2171 2073 2243 Pbilostorgins
2091 2211 2108 2237 ,

541 2256 801 2326 Saporem
825 2256 1114 2315 Persarum
1138 2276 1316 2330 regem
1338 2259 1595 2316 Romanis
1620 2261 1820 2315 bellant
1839 2262 2108 2327 intulisse,

539 2360 595 2406 et
623 2349 829 2406 Nisibin
883 2352 1073 2408 urbem
1123 2367 1496 2423 oppugnasse;
1545 2371 1733 2410 verum
1774 2372 1833 2411 re
1878 2356 2108 2420 infecta,

540 2451 735 2513 praeter
766 2443 1007 2498 omnium
1046 2445 1354 2515 Opinionem
1403 2448 1609 2515 pudore
1647 2445 1900 2502 allectum
1935 2462 2115 2503 reces-

541 2531 702 2595 sisse,
735 2547 859 2587 eum
888 2531 1144 2600 Iacobus,
1192 2534 1343 2589 urbis
1372 2535 1519 2591 illius
1553 2537 1874 2607 episcopus,
1905 2536 2116 2592 civibus

541 2620 671 2689 quid
706 2620 1008 2677 faciendum
1036 2633 1182 2679 esset
1215 2633 1738 2691 commonstrasset,
1783 2635 1839 2680 et
1867 2625 2024 2680 ﬁrma
2057 2626 2112 2680 in

544 2709 711 2765 Deum
743 2728 839 2783 spe
864 2729 928 2769 ac
958 2714 1154 2770 ﬁducia
1184 2730 1285 2786 pro
1312 2716 1489 2772 salute
1527 2716 1682 2772 urbis
1724 2716 2117 2774 admirabiliter

544 2813 962 2873 propugnasset.

613 2893 703 2949 24.
741 2894 895 2963 Alpes
934 2894 1091 2950 Succi
1130 2908 1179 2952 et
1222 2896 1387 2953 Julia:
1421 2897 1558 2967 (96).
1595 2929 1668 2940 —
1705 2899 1871 2970 Alpes
1894 2940 1907 2961 .
1944 2908 2003 2954 ut
2042 2899 2118 2955 ait

545 2985 966 3058 Philostorgius,
1004 2996 1111 3042 tam
1150 2988 1339 3054 Succi,
1372 3005 1536 3059 quam
1578 2990 1661 3045 ba:
1692 3006 1815 3060 qum
1838 2988 1993 3045 Julia:
2019 3006 2125 3045 vo-~

2206 2103 2330 2149 ταις
2364 2086 2701 2156 εὐδαιμονεῖ,
2732 2083 3196 2156 προνοησάμενος.

2280 2181 2386 2243 κγ’.
2436 2176 2560 2227 Ὅτι
2597 2171 2866 2245 Σαπώρην
2894 2173 2984 2225 τὸν
3019 2169 3241 2241 βασιλέα
3276 2166 3503 2238 Περσῶν
3537 2161 3787 2235 ἀναγρά-

2210 2282 2300 2334 φει
2334 2265 2661 2335 στρατεῦσαι
2699 2263 2839 2316 κατὰ
2870 2261 2972 2332 τῆς
2997 2260 3301 2323 Νισίϐιδος,
3333 2258 3427 2311 καὶ
3454 2256 3535 2319 είς
3559 2254 3785 2324 πολιορ-

2210 2357 2334 2410 κίαν
2358 2343 2528 2424 αὐτῆς
2552 2355 2888 2425 καταστῆναι
2905 2370 2920 2384 ·
2947 2354 3229 2424 ἄπρακτον
3249 2350 3306 2403 δὲ
3331 2349 3425 2403 καί
3444 2346 3596 2418 παρὰ
3623 2346 3792 2410 δόξαν
3816 2349 3825 2356 ’

2211 2448 2623 2519 κατῃσχυμένον
2665 2445 3038 2519 ὑποστρέψαι,
3094 2442 3350 2497 Ἰακώϐου
3395 2438 3490 2493 τοῦ
3540 2438 3645 2508 τῆς
3689 2436 3791 2490 πό-

2212 2539 2349 2602 λεως
2393 2538 2692 2592 ἐπισκόπου
2721 2536 2785 2592 τό
2832 2555 2892 2592 τε
2931 2536 3203 2609 πρακτέον
3243 2536 3358 2597 τοῖς
3396 2531 3639 2593 πολίταις
3673 2530 3791 2582 sl:-

2212 2630 2540 2701 ηγουμένου,
2565 2630 2658 2686 καὶ
2680 2632 2745 2701 τῇ
2767 2629 2904 2701 πρὸς
2927 2628 3059 2682 Θεὸν
3093 2626 3395 2700 παρρησίᾳ,
3438 2623 3580 2678 κατὰ
3603 2621 3664 2675 τὸ
3689 2621 3791 2674 ἀνι

2215 2724 2552 2797 υπέρίλητον
2576 2725 2676 2794 τῆς
2697 2723 2907 2787 πόλεως
2934 2719 3483 2793 ὑπερμαχεσαμένου.

2285 2882 2383 2938 κδ’.
2420 2882 2545 2935 Ὀτι
2577 2882 2635 2934 al
2679 2879 2926 2943 Ἄλπεις,
2972 2878 3120 2931 αἵτε
3155 2875 3382 2938 Σούκεις
3414 2871 3747 2942 καλούμεναι
3771 2910 3794 2937 ,

2217 2975 2313 3029 καὶ
2348 2974 2405 3028 αί
2451 2972 2704 3036 ἰούλιαι,
2746 2970 2907 3024 δίοδοί
2949 2971 3055 3023 εἱσι
3093 2966 3280 3021 στεναὶ
3329 2964 3602 3035 μεγίστων
3646 2961 3797 3030 ὀρῶν

546 3085 759 3143 cantur,
801 3078 1062 3133 transitus
1106 3087 1233 3133 sunt
1281 3068 1526 3149 angusti,
1559 3081 1813 3135 maximis
1867 3082 2118 3150 utrinque

2229 3064 2578 3138 ῐ;>ια·1;έρωθεν,
2608 3065 2703 3117 καὶ
2731 3062 2821 3133 ὑφ’
2844 3062 2903 3116 ἓν
2929 3061 3127 3133 χωρίον
3144 3060 3314 3150 ἐγγὺς
3334 3057 3428 3150 τοῦ
3446 3053 3796 3150 συμπτύσσε-

548 3166 825 3220 montibus
869 3182 1033 3220 unum
1068 3168 1119 3220 in
1161 3166 1373 3233 locum,
1410 3169 1483 3222 ita
1529 3177 1589 3221 ut
1636 3167 1747 3223 fere
1776 3170 1881 3224 sibi
1928 3180 2120 3225 mutuo

546 3253 863 3323 jungantur,
933 3259 1279 3313 coeuntibus.
1346 3258 1518 3315 Porro
1587 3261 1852 3317 transitus
1913 3262 2122 3317 similes

551 3347 951 3415 quodammodo
989 3358 1117 3404 sunt
1166 3351 1431 3420 angustiis
1476 3351 1985 3425 Thermopylarum.
2017 3354 2120 3408 Sed

550 3432 709 3490 Julia:
733 3438 951 3506 quidem
981 3439 1145 3508 Alpes
1178 3440 1380 3496 Gallias
1408 3450 1572 3511 atque
1602 3442 1804 3497 Italiam
1837 3445 2119 3510 dividunt;

555 3523 715 3581 Succi
769 3542 896 3582 vero
951 3528 1090 3582 inter
1129 3528 1347 3584 Daciam
1392 3531 1482 3585 siti
1530 3542 1658 3587 sunt
1703 3541 1758 3587 et
1791 3532 2122 3589 Thraciam:

554 3633 787 3688 quorum
833 3621 1115 3690 angustias
1160 3635 1284 3675 cum
1329 3637 1596 3691 occupare
1655 3630 1920 3678 tentasset
1973 3622 2128 3678 Vete-

557 3709 744 3772 ranio,
774 3708 1091 3765 defectionis
1123 3711 1491 3780 suspicionem
1531 3712 2124 3783 Constaiitiotprmbuit.

624 3798 716 3856 25.
761 3796 946 3854 Gallus
979 3797 1116 3855 Cres.
1147 3830 1217 3841 —
1271 3802 1405 3855 Dum
1464 3800 1815 3858 Constantius
1869 3803 2129 3858 adversus

558 3890 921 3960 Magnentium
970 3901 1258 3964 tyrannum
1289 3893 1683 3960 expeditionem
1713 3903 1955 3964 pararet,
1989 3910 2130 3948 nun-
2160 3889 2165 3895 ’

558 3983 665 4038 tius
715 3983 782 4038 ad
823 3999 947 4038 eum
982 3984 1221 4054 perlatus
1270 3994 1383 4051 est,
1423 3984 1623 4042 Persas
1650 4000 1775 4040 cum
1816 3985 2129 4054 ingentibus

556 4073 733 4144 cepiis
777 4074 1040 4130 adversus
1071 4075 1307 4131 Orientis
1335 4076 1645 4146 provincias
1684 4061 1915 4130 moveri.
1947 4073 2130 4141 Quare

559 4179 783 4218 necesse
845 4164 1036 4218 habuit
1087 4165 1300 4220 Gallum
1354 4164 1622 4220 Caesarem
1677 4179 2027 4235 nuncupare,
2060 4172 2130 4221 .et

559 4262 747 4307 contra
796 4253 991 4310 Persas
1040 4256 1094 4308 in
1147 4254 1421 4311 Orientem
1475 4257 1709 4311 mittere.
1764 4255 1893 4309 Erat
1945 4264 2127 4310 autem

561 4341 749 4396 Gallus
808 4341 973 4396 frater
1027 4343 1148 4411 ejus
1197 4344 1491 4413 patruelis;
1531 4346 1736 4419 etenim
1792 4343 1929 4401 Galli
1978 4354 2132 4414 pater

2172 3141 2189 3181 λ
2224 3158 2345 3212 σθαι
2375 3155 2830 3227 πγκλειομένων.
2860 3154 3101 3209 Ἐοίκασι
3123 3152 3181 3204 δὲ
3209 3152 3265 3204 αἱ
3299 3149 3461 3202 δίοδοι
3490 3141 3651 3200 αὗται
3678 3149 3797 3209 τοῖς

2224 3252 2281 3304 ὲν
2299 3248 2684 3321 Θερμοπύλαις
2724 3249 2951 3309 στενοῖς.
2996 3245 3137 3299 Ἀλλ’
3172 3245 3229 3298 αἱ
3264 3244 3362 3313 μὲν
3407 3239 3625 3295 Ἰούλιαι
3658 3237 3795 3292 Ἀλ-

2225 3360 2347 3407 πεις
2399 3343 2500 3407 τὰς
2552 3342 2785 3404 Γαλλίας
2839 3340 2935 3395 καὶ
2978 3338 3208 3401 Ἰταλίας
3252 3333 3541 3407 διορίζουσι
3578 3330 3653 3402 (l)
3684 3329 3797 3385 τῶν

2237 3434 2454 3489 Ἰταλῶν
2473 3453 2487 3467 ·
2523 3436 2581 3488 αί
2609 3434 2668 3487 δὲ
2701 3432 2924 3495 Σούκεις
2964 3428 3167 3502 μεταξὺ
3201 3428 3302 3497 τῆς
3330 3426 3533 3489 Δακίας
3564 3423 3671 3476 είσὶ
3699 3421 3797 3476 καὶ

2223 3531 2323 3599 τῆς
2350 3528 2601 3600 Θρᾴκης,
2630 3525 2696 3589 ἃς
2723 3526 2818 3578 καὶ
2847 3523 3174 3578 καταλαϐεῖν
3211 3519 3565 3589 ἐπειγόμενος
3596 3516 3799 3570 Obses-

2229 3615 2427 3688 ρανίων
2480 3616 2577 3686 τὴν
2632 3614 2885 3667 ὑπόνοιαν
2939 3610 3041 3682 τῆς
3086 3607 3507 3670 ἐπαναστάσεως
3554 3601 3797 3675 παρέσχε

2230 3706 2605 3777 Κωνσταντίῳ.

2295 3802 2393 3849 κε’.
2425 3796 2546 3849 Ὀτι
2576 3798 2634 3849 ὲν
2655 3787 2700 3862 ᾧ
2715 3794 3091 3856 Κωνστάντιος
3116 3790 3256 3845 κατὰ
3269 3787 3606 3859 Μαγνεντίου
3628 3802 3798 3858 παρε-

2231 3887 2523 3952 σκευάζετο
2551 3887 2647 3941 τοῦ
2679 3887 2975 3958 τυράννου,
3006 3886 3069 3939 τὸ
3094 3884 3360 3957 Περσικὸν
3386 3882 3626 3944 ἀκούσας
3656 3879 3803 3933 κατά

2229 3980 2326 4051 τῆς
2349 3978 2492 4049 ἑῴας
2521 3978 2795 4051 βαρυτέρᾳ
2819 3979 2963 4049 χειρὶ
2985 3976 3278 4039 κινεῖσθαι,
3312 3976 3394 4039 είς
3423 3974 3668 4043 ἀνάγκην
3694 3966 3801 4045 ἧκε

2233 4068 2432 4124 Γάλλον
2465 4069 2719 4140 Καίσαρα
2764 4067 3175 4139 χειροτονῆσαι,
3218 4065 3314 4119 καὶ
3345 4064 3433 4116 ἐπ’
3465 4063 3663 4125 αὐτοὺς
3707 4061 3804 4113 ὲκ-

2234 4162 2468 4234 πέμψαι.
2498 4161 2743 4231 Ἀνεψιὸς
2769 4159 2827 4213 δὲ
2858 4156 2926 4230 ἦν
2955 4160 2985 4211 ὁ
3014 4158 3214 4221 Γάλλος
3231 4171 3245 4186 ·
3276 4155 3372 4209 καὶ
3400 4154 3510 4226 γὰρ
3539 4155 3567 4207 ὁ
3597 4151 3801 4205 Γάλλου

2233 4253 2414 4325 πατὴρ
2454 4251 2825 4315 Κωνστάντιος
2875 4250 3103 4319 ἀδελφὸς
3147 4246 3217 4319 ἦν
3260 4244 3662 4302 Κωνσταντίνου
3705 4242 3801 4296 τοῦ

2238 4344 2471 4415 μεγάλου
2494 4385 2510 4411 ,
2544 4343 2604 4407 ὃς
2648 4342 2895 4412 ἐγείνατο
2920 4342 3300 4397 Κωνστάντιον
3339 4340 3436 4394 καὶ¹
3467 4340 3595 4402 τοὺς
3633 4334 3801 4391 αὐτοῦ

562 4430 917 4486 Constantius
979 4431 1146 4485 frater
1211 4434 1310 4486 fuit
1368 4434 1715 4490 Constantini
1777 4435 2013 4507 Magni:
2062 4451 2126 4490 ex

2235 4436 2521 4507 ἀδελφούς.

565 4531 675 4585 quo
704 4516 808 4569 orti
841 4525 998 4570 erant
1023 4517 1377 4573 Co'ostantins
1408 4530 1461 4575 et
1492 4523 1686 4575 fratres
1719 4522 1859 4591 ejus.

633 4606 724 4661 26.
766 4606 913 4662 Crux
956 4607 1337 4679 Hierosolymis
1372 4611 1428 4662 in
1483 4611 1610 4665 εωιο
1633 4612 1746 4665 visa
1798 4613 1930 4682 (97).
1955 4643 2025 4653 —
2067 4612 2132 4668 Et

564 4696 918 4753 Constantius
955 4698 1173 4769 quidem
1216 4701 1497 4754 victoriam
1532 4701 1599 4756 de
1629 4710 1860 4771 tyranno
1895 4713 2138 4772 reporta-

566 4792 664 4857 rit,
694 4806 818 4845 cum
849 4791 1063 4862 signum
1090 4792 1271 4847 crucis
1297 4792 1409 4847 illic
1432 4783 1649 4863 quoque
1673 4794 1849 4848 visum
1884 4802 2049 4859 esset,
2067 4794 2134 4848 ad

566 4883 943 4954 longissimum
988 4885 1223 4954 spatium
1271 4894 1623 4956 protensum,
1670 4894 1726 4941 et
1763 4885 2016 4940 diurnam
2046 4884 2134 4938 lu-

2302 4614 2415 4680 κς’.
2453 4614 2512 4669 Ὀ
2538 4614 2633 4686 μὲν
2663 4608 2755 4668 οὖν
2783 4613 3163 4678 Κωνστάντιος
3188 4613 3464 4685 ἐγκρατὴς
3493 4611 3586 4665 τοῦ
3614 4609 3805 4682 τυράν-
3890 4681 3901 4686 _

2232 4722 2326 4759 νου
2355 4706 2559 4776 γίνεται
2577 4747 2592 4772 ,
2622 4705 2903 4760 κάνταῦθα
2946 4704 3041 4759 τοῦ
3073 4705 3301 4776 σημείου
3326 4703 3421 4757 τοῦ
3452 4700 3686 4773 σταυροῦ
3711 4702 3810 4754 ἐπὶ

2238 4798 2494 4868 μέγιστόν
2520 4814 2581 4851 τε
2620 4797 3009 4870 προφανέντος,
3049 4798 3142 4852 καὶ
3185 4793 3809 4867 καταπληκτικωτάταις

2235 4888 2452 4958 αἴγλαις
2480 4889 2993 4963 ὑπεραστράψαντος
3012 4890 3074 4943 τὸ
3096 4890 3194 4960 τῆς
3219 4888 3434 4961 ἡμέρας
3461 4887 3597 4957 φῶς.
3626 4883 3809 4955 Ὠςιςθη

1783 5056 2026 5103 VALE-SH
2066 5058 2191 5105 ANN
2199 5060 2561 5107 OTATIONES.

641 5166 750 5237 (95)
788 5167 1103 5223 Theodorit.
1141 5168 1176 5220 l.
1213 5183 1273 5232 ιι,
1301 5182 1353 5223 c.
1384 5167 1473 5223 '50.

639 5237 753 5308 (96)
794 5238 948 5292 Socr.
977 5253 1098 5308 pag.
1133 5238 1255 5308 [98.
1288 5238 1422 5308 n._l.

638 5306 751 5373 (97)
787 5308 911 5361 Soz.
946 5305 1069 5377 pag.
1110 5306 1226 5372 154,
1258 5305 1381 5377 157.

640 5376 755 5445 (98)
783 5374 1227 5431 Κωνάτᾱντίνα.
1254 5376 1312 5431 In
1349 5374 1535 5431 codice
1563 5374 1814 5431 Bocbarti
1847 5375 2139 5430 Κωνσταν-

569 5445 661 5515 τία
691 5446 969 5500 scribitur.
1020 5446 1123 5501 Sed
1156 5462 1342 5500 verum
1375 5446 1496 5515 ejus
1530 5461 1726 5499 nomen
1749 5455 1830 5498 est
1849 5445 2139 5515 Κςυνσταν-

570 5514 711 5580 τίνα,
737 5524 794 5568 ιιι
822 5515 874 5569 in
913 5515 1372 5571 Annutationibus
1394 5512 1459 5570 ad
1495 5515 1837 5569 Ammianum
1868 5512 2136 5569 Marcelli-

571 5601 701 5638 num
723 5585 1024 5639 observavi.

642 5654 754 5718 (99)
793 5655 946 5709 Διότι
998 5654 1204 5720 ζὴνων.
1237 5654 1405 5710 Nemo
1441 5671 1546 5709 non
1602 5656 1747 5709 videt
1788 5653 2131 5709 scribendum

572 5739 696 5782 esse
727 5723 858 5791 ζῶν,
896 5726 1149 5795 quamvis
1181 5728 1532 5796 manuscripti
1569 5727 1782 5783 codices
1814 5734 2129 5794 repugnent.

2308 5170 2385 5241 (l)
2428 5171 2540 5245 Τὰς
2579 5170 2854 5245 Γαλλίας
2893 5168 2990 5222 καί
3042 5166 3310 5245 Ἰιςααζίαν
3359 5165 3701 5245 ᾂιορίζορσι.
3747 5165 3813 5245 lu

2240 5235 2625 5309 man'useri'ptis
2653 5240 2929 5309 codicibus
2956 5239 3159 5293 nostris
3180 5237 3330 5309 hunc
3360 5235 3538 5309 locum
3570 5236 3808 5309 iniseri-

2240 5321 2389 5377 ptum
2432 5303 2609 5363 invi-ni
2640 5329 2654 5364 :
2686 5308 2798 5372 Τὰς
2852 5309 3082 5371 Γαλλίας
3111 5307 3202 5360 καὶ
3252 5305 3494 5377 Ἰταλίας
3515 5303 3812 5373 διορίζουσι

2236 5375 2345 5432 τῶν
2381 5378 2641 5433 Ἰταλιῶν.
2680 5377 2879 5432 Verum
2916 5380 2996 5433 lue
3023 5392 3183 5437 voces
3211 5375 3306 5428 καὶ
3336 5375 3562 5436 Ἰταλίας
3583 5387 3812 5442 prorsus

2243 5451 2611 5521 expungendze
2638 5457 2786 5521 sunt,
2822 5459 2873 5499 ut
2908 5447 3215 5521 superfluae.
3269 5445 3428 5521 Certe
3459 5443 3811 5521 _Nitrep_l_tprus

2245 5518 2298 5571 in
2316 5510 2467 5572 libro
2488 5532 2632 5570 nono
2657 5516 2832 5584 capite
2867 5510 3140 5571 tricesimo
3163 5516 3424 5577 secundo,
3459 5510 3816 5584 liunc’Pbilo-

2243 5588 2431 5668 storgii
2462 5588 2645 5641 locum
2665 5582 3002 5651 describens,
3035 5587 3141 5641 duo
3169 5587 3280 5640 haec
3299 5582 3555 5643 vocabula
3588 5589 3815 5652 prarter-

2244 5667 2409 5712 misit.
