4032 6338
179 324 240 383 ΞΊ
256 329 288 383 5

1214 325 1775 382 ECCLESIASTICE
1818 328 2165 384 lllSTOIllaE
2208 331 2333 386 LIB.
2375 332 2457 387 lll.

3324 338 3428 394 5H

164 443 229 493 δὲ
271 440 360 492 ἐπὶ
382 442 489 493 τῶν
532 440 921 512 Ἰεροσολύμων
956 443 1082 513 περὶ
1116 442 1214 512 τὴν
1252 443 1441 515 τρίτην
1467 444 1615 516 ὤραν
1652 446 1754 516 μά-

1860 461 1975 500 cem
2048 448 2504 517 splendidissimis
2569 451 2635 507 ad
2697 461 2971 523 stuporem
3027 471 3200 526 usque
3261 458 3430 512 radiis

169 536 338 586 λιστα
352 532 451 601 τῆς
467 533 695 603 ἡμέρας.
715 533 909 605 ἑορτῆς
929 533 1030 604 τῆς
1053 533 1355 606 λεγομένης
1378 537 1759 607 Πεντηκοστῆς

167 611 562 696 ἐνισταμένης.
626 626 684 678 '0
734 627 792 680 δὲ
832 626 1135 698 θεόγραφος
1178 627 1349 691 τύπος
1397 630 1607 693 ἐκεῖνος
1650 628 1758 682 ἀπὸ

168 716 272 770 τοῦ
320 716 612 787 λεγομένου
648 716 879 788 Κρανίου
914 718 1078 790 μέχρι
1118 719 1213 772 καὶ
1256 717 1351 772 τοῦ
1386 719 1495 773 τῶν
1533 719 1758 773 Ἐλαιῶν

170 805 342 875 δρους
378 804 580 874 διήκων
615 803 814 875 ὡρᾶτο,
858 805 1022 875 ἴριδος
1052 805 1293 876 μεγάλης
1332 805 1596 872 στεφάνου
1638 804 1759 876 τρό-

172 913 283 949 πον
333 896 666 966 πανταχόθεν
712 895 875 950 αὐτὸν
920 896 1385 967 περιελιττούσης.
1438 896 1657 968 Ἐδήλου
1700 897 1757 949 δὲ

170 988 290 1058 ἄρα
339 990 371 1059 ἡ
415 988 513 1055 μὲν
560 989 668 1059 ῖρις
710 986 809 1059 τὴν
847 987 941 1041 τοῦ
978 988 1380 1061 παυρωθέντος
1412 991 1505 1044 καὶ
1555 989 1755 1061 ἀναλη-

171 1077 410 1144 φθέντος
439 1078 726 1148 εὐμένειαν
746 1096 759 1110 ·
796 1080 824 1132 6
851 1080 908 1132 δὲ
935 1080 1199 1148 στέφανος
1236 1080 1336 1152 τὴν
1367 1081 1460 1133 τοῦ
1495 1081 1758 1152 βασιλέως

174 1169 361 1238 νίκην.
392 1169 465 1222 Τὸ
489 1169 547 1222 δὲ
575 1168 908 1242 σελασφόρον
937 1171 1113 1224 ἐκεῖνο
1140 1172 1236 1225 καὶ
1259 1171 1551 1241 σεϐάσμιον
1578 1172 1757 1243 θέαμα

168 1261 303 1314 οὐδὲ
333 1262 444 1323 τοῖς
484 1260 577 1313 ἐπὶ
603 1260 696 1313 τοῦ
728 1262 1092 1332 στρατοπέδου
1123 1262 1352 1315 ἀθέατον
1380 1258 1469 1334 ἦν,
1498 1263 1613 1316 ἀλλ’
1639 1265 1760 1316 ἐπι-

169 1355 356 1424 δήλως
382 1352 678 1425 ὁρώμενον,
713 1355 1051 1422 Μαγνέντιον
1088 1354 1184 1424 μὲν
1215 1355 1308 1408 καὶ
1332 1356 1457 1419 τοὺς
1484 1356 1581 1408 σὺν
1608 1353 1757 1425 αὐτῷ

170 1443 273 1499 ἅτε
312 1446 376 1516 τῇ
418 1447 527 1498 τῶν
575 1444 844 1514 δαιμόνων
892 1445 1158 1518 θεραπείᾳ
1190 1445 1755 1516 προσανακειμένους,

170 1533 259 1595 είς
308 1533 591 1603 ἀμήχανον
631 1533 751 1596 δέος
795 1533 1097 1604 κατέστησε
1119 1549 1133 1564 ⁸
1170 1535 1546 1588 Κωνστάντιον
1571 1534 1627 1587 δὲ
1661 1535 1757 1587 καὶ

168 1622 306 1687 τοὺς
336 1623 469 1694 περὶ
490 1622 652 1676 αὐτὸν
677 1624 758 1687 είς
783 1623 983 1696 θάρσος
1002 1624 1212 1693 ἄμαχον
1238 1624 1588 1692 ἀνεκτήσατο.
1632 1623 1759 1675 Ἠτ-
1805 1656 1808 1661 ~

169 1712 365 1782 τηθεὶς
389 1713 445 1767 δὲ
484 1712 553 1766 τά
585 1716 776 1784 πρῶτα
819 1713 1157 1782 Μαγνέντιος
1179 1753 1193 1777 ,
1225 1710 1343 1766 εἶτα
1372 1713 1513 1766 κατά
1562 1714 1754 1785 μικρὸν

170 1802 464 1856 ἀναλαϐὼν
499 1804 709 1869 ἑαυτὸν,
750 1805 843 1858 καὶ
881 1802 1225 1874 συμπλακεὶς
1269 1804 1334 1856 ὲκ
1381 1803 1635 1874 δευτέρου
1677 1801 1754 1872 τῷ
1789 1794 1829 1848 Β

172 1892 429 1963 πολέμῳ,
459 1894 553 1946 καὶ
580 1894 721 1948 κατά
748 1895 808 1947 τὸ
832 1895 1223 1966 κραταιότατον
1262 1893 1752 1964 καταπολεμηθεὶς,

173 1983 273 2037 καὶ
304 1985 433 2046 τοὺς
468 1985 564 2037 σὺν
608 1982 756 2055 αὐτῷ
798 1982 997 2055 μικροῦ
1029 1983 1236 2046 πάντας
1280 1981 1588 2043 ἀποϐαλὼν,
1620 1982 1757 2054 πρὸς

168 2074 274 2146 τὴν
332 2074 676 2143 Δουγδοόνων
721 2074 1107 2145 ἀποδιδράσκει
1153 2073 1327 2128 πόλιν.
1387 2074 1496 2127 Καὶ
1545 2073 1615 2126 τά
1660 2074 1756 2144 μὲν

170 2166 373 2237 πρῶτα
402 2167 523 2220 κατ’
555 2164 771 2220 εὔνοιαν
803 2165 966 2235 δῆθεν
1000 2164 1091 2219 τὸν
1121 2168 1321 2219 οἰκεῖον
1359 2165 1586 2234 ἀδελφὺν
1618 2166 1747 2219 ἀπο-

174 2258 436 2326 σφάττει,
476 2256 743 2328 πολεμίας
775 2256 1148 2328 προαρπάζων
1183 2254 1393 2328 ὕϐρεως
1418 2256 1512 2309 καὶ
1547 2256 1749 2327 χειρός.

176 2351 416 2404 Ἔπειτα
440 2351 533 2404 καὶ
558 2349 714 2411 εἴτις
742 2348 897 2412 ἄλλος
921 2349 1106 2418 παρῆν
1128 2347 1238 2400 τῶν
1261 2348 1625 2402 οἰκειοτάτων.
1653 2349 1754 2402 Τε-

170 2439 424 2494 λευταῖω
450 2440 540 2499 δὲ.
571 2440 631 2493 τὸ
666 2439 817 2508 ξίφος
844 2440 1157 2510 ὑποστήσας
1202 2440 1399 2509 ἑαυτῷ,
1431 2440 1754 2512 ὲπηρράχθη

169 2546 234 2583 τε
269 2530 369 2583 καὶ
398 2529 665 2594 διελαθεὶς
698 2530 841 2584 κατά
880 2530 943 2584 τὸ
971 2530 1310 2602 μετάφρενον
1339 2531 1617 2601 ἐξέψυξεν,
1645 2533 1755 2587 οὐδ’

170 2619 275 2673 ὅλα
304 2619 551 2692 τέσσαρα
575 2621 917 2692 τυραννήσας
947 2618 1066 2690 ἐτη.

248 2876 354 2941 κζ’.
387 2876 513 2930 Ὀτι
540 2876 674 2946 φησὶ
705 2877 830 2941 τοὺς
860 2877 989 2948 περ)⁸
1021 2877 1297 2931 Βασίλειον
1332 2880 1425 2933 καὶ
1459 2880 1756 2935 Εὑστάθιον

173 2968 247 3022 δι’
273 2967 477 3040 ἔχθρας
510 2968 801 3037 γεγονότας
846 2968 925 3039 τῷ
969 2970 1184 3040 ’Δετίῳ,
1236 2970 1485 3035 διαϐολὰς
1521 2973 1756 3038 ἀτόπους

175 3060 480 3132 συρράψαι,
511 3061 606 3114 καί
646 3060 739 3113 τὸν
777 3060 977 3115 Γάλλον
1004 3062 1095 3114 ἐπὶ
1128 3062 1290 3115 ταυτδ
1326 3065 1625 3132 παροξύναι
1647 3066 1753 3136 (2)·

172 3151 323 3204 ὥστε
361 3152 568 3204 ἐκεῖνον
602 3151 677 3215 ὡς
717 3152 1038 3214 ἐπισκόποις
1084 3153 1450 3207 πιστεύσαντα
1495 3155 1589 3207 καὶ
1624 3156 1758 3227 πρὸς

171 3241 350 3313 ὀργὴν
374 3242 797 3313 ἐκταραχθέντα,
828 3242 1083 3297 κελεῦσαι
1118 3243 1211 3297 τὸν
1254 3246 1455 3298 Ἀέτιον
1484 3246 1759 3317 ἀναζητη-

174 3331 368 3402 θῆναι,
405 3331 499 3384 καὶ
528 3332 729 3402 ἀμφοῖν
750 3336 863 3386 τοῖν
887 3334 1097 3387 σκελοῖν
1126 3339 1483 3406 κατεαγῆναι.
1508 3339 1760 3391 Λεοντίου

170 3424 236 3477 δὲ
279 3423 374 3476 τοῦ
419 3424 718 3477 ἐπισκόπου
776 3424 1105 3495 Ἀντιοχείας
1146 3427 1405 3480 τάναντία
1439 3426 1648 3491 τούτοις
1672 3431 1762 3483 τὸν

174 3513 438 3586 Καίσαρα
491 3514 870 3584 διδαξαμένου,
915 3516 950 3585 ἦ
992 3534 1052 3570 τε
1106 3518 1546 3583 καταδικάζουσα
1584 3521 1763 3592 ψῆφος

171 3603 474 3676 ἀνεϐλήθη,
507 3606 601 3658 καὶ
641 3607 722 3669 είς
767 3606 893 3660 θέαν
927 3608 956 3660 6
989 3608 1189 3673 Γάλλος
1229 3609 1347 3679 μετ’
1374 3611 1433 3663 οὐ
1486 3610 1618 3664 πολὺ
1650 3612 1762 3665 ,τοῦ

190 3696 402 3749 ⁹Διετίου
449 3696 709 3767 κατέστη,
767 3699 863 3752 καὶ
909 3698 1063 3767 φίλος
1110 3700 1321 3771 ἐκρίθη.
1357 3699 1462 3754 Ka‘t
1505 3702 1764 3767 πολλάκις

175 3787 326 3857 πρὸς
378 3788 665 3842 Ἰουλιανδν
713 3790 1014 3860 ἀπεστάλη,
1053 3793 1147 3867 καὶ
1181 3792 1415 3861 μάλιστα
1462 3794 1623 3864 ἡνίκα
1679 3795 1752 3849 δι-

172 3876 513 3932 επυνθάνετο
555 3880 691 3950 πρὸς
727 3880 818 3933 τὸν
861 3880 1213 3953 Ἐλληνισμδν
1244 3883 1273 3934 6
1302 3883 1526 3953 ἀδελφὸς
1559 3888 1763 3941 ἐκεῖνον

172 3969 523 4023 ἀποκλίνειν·
557 3972 839 4025 ἐστέλλετο
874 3972 952 4036 δὲ,
981 3974 1078 4043 τῆς
1117 3975 1370 4039 ἀσεϐείας
1411 3978 1553 4030 κατὰ
1589 3978 1650 4030 τὸ
1674 3978 1756 4032 δυο

173 4061 343 4113 νατδν
392 4061 554 4115 αὐτὸν
592 4062 998 4119 ἀνασώσασθαι.
1058 4066 1133 4117 Οὺ
1182 4064 1288 4136 μὴν
1340 4066 1476 4120 ἀλλὰ
1521 4068 1615 4122 καὶ
1656 4069 1765 4122 τῶν

173 4151 343 4204 θείων
378 4154 716 4224 μαθημάτων
759 4156 787 4207 6
828 4155 1027 4220 Γάλλος
1060 4155 1379 4211 διδάσκαλον
1421 4157 1513 4213 τὸν
1562 4161 1766 4214 Ἀέτιον

172 4246 442 4298 ἐποιεῖτο.

1860 538 2017 608 longe
2043 555 2329 609 superans.
2360 541 2623 610 Apparuit
2652 552 2833 598 autem
2878 544 3294 618 Hierosolymis.
3325 554 3430 603 eir-

1858 638 1921 678 ca
1948 625 2136 679 horam
2165 626 2373 680 tertiam
2419 627 2539 696 ejus
2571 629 2676 683 diei
2714 645 2835 699 qua:
2875 632 3033 702 vulgo
3064 635 3263 688 dicitur
3292 634 3433 689 Pen-

1860 725 2077 771 tecoste.
2108 716 2278 771 Porro
2315 720 2416 773 hoc
2449 719 2664 787 signum
2708 720 2969 777 divinitus
3013 725 3212 793 pictum
3256 740 3286 778 a
3311 726 3432 779 Cal-

1860 805 2024 859 varia:
2046 816 2229 862 monte
2260 823 2433 877 usque
2457 809 2521 861 ad
2552 819 2792 863 montem
2828 809 3103 866 Olivarum
3132 816 3433 883 pertingere

1856 894 2169 960 videbatur,
2200 912 2394 967 magna
2432 898 2565 952 iride
2588 899 2761 954 instar
2785 917 2997 956 coronm
3022 902 3154 956 idud
3196 906 3430 973 undique

1857 984 2147 1039 ambienle.
2207 986 2272 1055 Et
2324 988 2421 1043 iris
2479 989 2697 1059 quidem
2743 990 2944 1046 Christi
3000 994 3245 1049 crucilixi
3282 1005 3335 1050 ct
3377 998 3430 1050 in

1855 1074 2052 1128 caelum
2103 1079 2369 1147 assumpti
2420 1081 2763 1136 clementiam
2828 1085 3184 1154 designabat;
3230 1104 3431 1143 corona

1856 1180 2006 1229 vero,
2035 1165 2379 1238 imperatoris
2404 1174 2711 1229 victoriam.
2730 1173 2901 1228 Porro
2930 1178 3271 1246 splendidum
3291 1181 3431 1235 istud

1856 1272 1922 1311 ac
1954 1261 2321 1315 venerandum
2369 1264 2582 1334 signum
2633 1282 2699 1320 ne
2737 1267 2970 1322 militum
2997 1270 3211 1338 quidem
3242 1272 3432 1327 oculus

1854 1345 2058 1414 cffugit,
2082 1350 2174 1402 sed
2209 1350 2277 1405 ab
2310 1364 2541 1423 utroque
2574 1358 2820 1412 exercitu
2857 1359 3005 1412 clare
3038 1371 3390 1430 conspectum
3416 1403 3430 1423 ,

1856 1441 2223 1513 Magnentium
2249 1449 2467 1516 quidem
2489 1460 2540 1504 et
2568 1467 2664 1506 eos
2697 1454 2787 1523 qui
2820 1470 2848 1507 a
2878 1456 3119 1523 partibus
3151 1456 3295 1511 illius
3322 1469 3432 1513 sta-

1856 1533 2018 1597 bant,
2056 1544 2241 1605 utpote
2279 1538 2585 1594 daemonum
2614 1544 2701 1597 cul
2732 1545 2782 1597 ui
2815 1546 3079 1605 addictos.
3114 1563 3277 1617 supra
3320 1566 3431 1603 ino-

1854 1623 1982 1677 dum
2029 1627 2257 1692 terruit;
2294 1628 2617 1686 Constantio
2656 1650 2786 1688 vero
2833 1649 2885 1690 et
2935 1637 2999 1692 iis
3045 1638 3136 1707 qui
3176 1655 3298 1693 cum
3345 1644 3432 1694 illo

1853 1726 2026 1779 erant,
2060 1715 2311 1772 invictam
2344 1724 2633 1789 quamdam
2667 1726 2917 1781 fiduciam
2950 1729 3172 1785 addidit.
3216 1734 3282 1784 At
3324 1735 3430 1786 \la-

1854 1809 2105 1878 gnentius
2131 1826 2252 1864 cum
2289 1828 2318 1866 a
2365 1812 2687 1870 Constantio
2734 1819 2968 1887 primum
3000 1820 3172 1875 victus
3213 1822 3430 1887 luisset,

1857 1908 2037 1965 postea
2080 1901 2284 1956 viribus
2314 1904 2574 1971 paulatim
2614 1908 2936 1975 resumptis,
2965 1911 3206 1965 secundo
3237 1914 3431 1981 prcelio

1855 2002 2201 2058 congressus,
2229 1994 2442 2061 penitus
2458 1996 2758 2053 debellatus
2778 2009 2881 2064 est,
2908 2000 3222 2071 amissoque
3243 2020 3433 2073 prope-

1856 2082 2074 2134 mollum
2118 2084 2269 2137 omni
2306 2087 2546 2140 exercitu
2594 2104 2725 2154 suo,
2763 2091 2830 2144 ad
2886 2093 3072 2146 urbem
3107 2095 3431 2166 Lugdunum

1855 2170 2115 2242 profugit.
2165 2175 2243 2229 Ac
2291 2176 2469 2245 primo
2529 2179 2748 2248 quidem
2802 2181 3194 2241 benevolentia:
3256 2191 3435 2258 specie

1855 2260 2077 2316 fratrem
2104 2278 2263 2318 suum
2290 2265 2588 2329 interfecit,
2626 2278 2683 2321 ιιι
2717 2270 2953 2325 hostium
2991 2276 3242 2331 manibus
3267 2287 3320 2331 et
3356 2282 3434 2332 in-

1850 2348 2012 2416 juriis
2048 2366 2171 2405 eum
2206 2353 2457 2421 eriperet.
2506 2355 2704 2411 Deinde
2744 2374 2873 2413 vero
2923 2375 2989 2414 ex
3034 2366 3435 2434 propinquiori-

1857 2439 1957 2493 bus
2002 2456 2381 2511 quemcuuque
2427 2444 2615 2500 adesse
2676 2447 2923 2514 viderat,
2972 2452 3168 2505 eodeni
3213 2459 3435 2509 sustulit

1855 2532 2036 2586 modo.
2067 2532 2348 2589 Postremo
2375 2536 2490 2604 ipse
2530 2538 2582 2591 in
2630 2539 2866 2608 gladium
2902 2558 3065 2610 quem
3099 2547 3301 2613 pectori
3332 2562 3434 2602 suo

1855 2634 2240 2692 supposuerat,
2271 2627 2554 2693 incubuit,
2602 2634 2976 2701 translixoque
3006 2634 3170 2689 dorso
3195 2638 3431 2692 animam

1855 2712 2148 2778 exhalavit,
2172 2730 2295 2769 eum
2315 2731 2408 2785 per
2433 2733 2608 2774 annos
2639 2720 2809 2776 ferme
2828 2732 3072 2792 quatuor
3094 2728 3433 2797 tyrannidem

1854 2804 2214 2860 exercuisset.
2446 2860 2449 2863 .

1925 2895 2013 2948 27.
2062 2897 2266 2950 Aelium
2314 2899 2498 2955 Gallus
2541 2901 2595 2955 in
2636 2904 2930 2958 amicitiam
2992 2909 3197 2978 recipit.
3246 2940 3316 2950 —
3347 2912 3435 2968 Ait

1857 2984 2273 3057 Philostorgius,
2322 2988 2580 3045 Basilium
2633 3000 2686 3047 et
2734 2992 3115 3063 Eustathium,
3165 3004 3435 3070 susceptis

1862 3077 2122 3134 adversus
2147 3079 2360 3135 Actium
2403 3083 2722 3147 inimicitiis,
2759 3087 3022 3155 absurdas
3051 3093 3315 3160 quasdam
3343 3110 3435 3148 ca-

1865 3167 2099 3222 lumnias
2120 3169 2468 3234 confluxisse,
2491 3181 2543 3225 et
2562 3172 2770 3226 Gallum
2795 3186 2979 3230 contra
3003 3192 3129 3231 eum
3153 3179 3435 3236 incitasse:

1863 3258 1997 3311 adeo
2029 3267 2086 3312 ut
2108 3260 2294 3314 Gallus
2316 3272 2573 3331 tanquam
2602 3265 2872 3334 episcopis
2909 3267 3067 3322 ﬁdem
3104 3271 3329 3330 habens.
3372 3281 3426 3326 et

1866 3346 1949 3400 ira
1978 3350 2399 3415 exeandeseens,
2432 3351 2645 3406 Aetium
2684 3356 2924 3424 perquiri
2954 3358 3200 3424 jusserit,
3237 3373 3291 3415 et
3323 3364 3431 3417 fra-

1864 3439 1966 3492 ctis
1997 3441 2249 3494 cruribus
2293 3442 2487 3498 occidi.
2533 3443 2638 3498 Sed
2683 3460 2806 3499 cum
2838 3446 3091 3505 Leontius
3138 3453 3431 3521 episeopus

1863 3530 2166 3584 Antiochiae
2209 3535 2483 3588 contum-ia
2531 3535 2599 3590 iis
2639 3552 2760 3606 qua:
2790 3549 2978 3593 contra
3006 3542 3219 3596 Aetium
3259 3544 3434 3600 delata

1865 3619 2078 3674 fuerant
2101 3620 2301 3676 C:esari
2333 3626 2627 3690 retulisset,
2656 3628 3022 3685 damnationis
3047 3634 3314 3687 sententia
3346 3649 3423 3686 re-

1864 3720 2050 3764 vocata
2089 3721 2190 3775 est,
2223 3722 2276 3767 et
2296 3714 2482 3770 Aetius
2516 3732 2621 3771 non
2650 3714 2819 3772 multo
2856 3729 2975 3788 post
2995 3720 3049 3774 in
3080 3735 3433 3793 conspectuin

1865 3798 2001 3854 Galli
2033 3804 2197 3866 venit,
2221 3813 2273 3857 et
2304 3805 2445 3859 inter
2462 3809 2668 3863 amicos
2698 3811 2819 3879 ejus
2853 3811 3069 3868 habitus
3096 3825 3197 3868 est.
3234 3815 3431 3873 Missus

1864 3899 1947 3945 est
1979 3892 2139 3946 etiam
2172 3894 2370 3962 saepius
2402 3898 2466 3949 ad
2494 3896 2791 3967 lulianum,
2813 3916 2879 3955 ac
2905 3905 3171 3972 pzazcipue
3202 3920 3268 3959 eo
3296 3915 3432 3960 tem-

1864 3994 1994 4049 pore
2047 3998 2157 4051 quo
2186 3983 2371 4040 Gallus
2413 3988 2632 4042 fratrem
2682 4006 2841 4044 suum
2891 3994 2958 4045 ad
2992 3996 3432 4062 superstitionem

1865 4071 2147 4139 gentilium
2184 4074 2460 4128 declinare
2491 4076 2790 4142 didicerat;
2824 4080 3135 4135 mittebatur
3168 4095 3344 4137 autem
3367 4100 3435 4140 eo

1865 4161 2116 4226 consilio,
2161 4174 2217 4216 ut
2246 4162 2520 4219 lulianum
2558 4168 2628 4229 ab
2666 4166 2940 4237 impietate
2974 4184 3267 4229 revocaret.
3328 4175 3432 4233 Sed

1864 4265 1917 4308 et
1952 4252 2139 4309 Gallus
2155 4255 2371 4357 Aetium
2390 4273 2673 4315 sacrarum
2691 4260 3097 4331 disciplinarum
3118 4271 3433 4339 magistrum

1866 4344 1968 4398 sibi
2003 4344 2251 4401 adscivit.

253 4431 365 4497 κη’.
400 4424 523 4479 Ὅτι
567 4425 772 4480 Γάλλου
818 4425 959 4480 κατά
992 4427 1221 4499 Περσῶν
1250 4427 1329 4492 εἰς
1369 4430 1431 4483 τὸ
1474 4431 1762 4502 κράτιστον

1937 4436 2027 4491 28.
2069 4436 2250 4492 Gallus
2284 4439 2566 4495 calumniis
2608 4445 2890 4512 appetitus.
2913 4475 2983 4486 —
3009 4446 3142 4501 Cum
3170 4447 3354 4506 Gallus
3381 4451 3435 4507 in

178 4515 718 4586 ἁνδραγαθήσαντος,
761 4519 839 4581 είς
885 4518 1077 4588 φθόνον
1105 4520 1155 4572 οἱ
1200 4522 1318 4584 ταῖς
1344 4520 1617 4587 διαϐολαῖς
1644 4525 1765 4593 χαί-

181 4621 376 4676 ροντες
411 4606 777 4677 ἁναφλέγουσι
822 4610 911 4662 τὸν
947 4610 1190 4680 βασιλέα.
1242 4613 1352 4666 Καὶ
1379 4613 1471 4667 τοῦ
1499 4616 1768 4687 Περσικοῦ

177 4696 429 4767 πολέμου
465 4701 587 4762 ταῖς
623 4699 715 4752 τοῦ
750 4700 1027 4771 Καίσαρος
1065 4702 1366 4772 ἀριστείαις
1394 4707 1767 4776 πεπαυμένου,

181 4788 503 4843 ἀποστέλλει
552 4791 879 4860 Δομετιανὸν
942 4791 1182 4863 ἔπαρχον
1245 4793 1354 4845 τῶν
1424 4795 1770 4865 καλουμένων

177 4880 541 4953 πραιτωρίων
568 4882 597 4934 6
623 4882 1023 4949 Κωνστάντιος,
1056 4883 1433 4954 ἐντειλάμενος
1458 4886 1605 4957 αὐτῷ
1631 4887 1771 4942 κατά

174 4972 245 5029 τὸ
276 4973 507 5043 ἀφανὲς,
530 4974 630 5039 τάς
655 4974 750 5028 τοῦ
777 4974 816 5026 Γ
819 4974 979 5029 άλλου
1007 4974 1359 5047 περικόπτειν
1390 4976 1499 5029 ἀπὸ
1522 4977 1624 5048 τῆς
1651 4979 1772 5033 Ἀν-

175 5064 424 5134 τιοχείας
453 5064 687 5131 ἐξόδους,
725 5067 827 5138 τὴν
858 5066 944 5120 ἐπ’
978 5066 1204 5139 ἀνδρείᾳ
1232 5067 1324 5120 καὶ
1352 5070 1419 5138 τῇ
1441 5068 1548 5122 τῶν
1575 5071 1770 5125 κοινῶν

176 5156 479 5229 ἐπιμελείᾳ
520 5155 679 5223 δόξαν
726 5157 892 5212 αὐτοῦ
935 5157 1403 5231 κατασμικρύνειν
1439 5159 1610 5233 ταύτῃ
1652 5155 1769 5215 δια-

172 5247 496 5322 voci-pnas.
550 5248 611 5305 '0
639 5250 698 5305 δὲ
736 5251 1060 5322 Δομετιανὸς
1090 5250 1240 5307 οὐδὲν
1264 5250 1374 5305 τῶν
1405 5253 1772 5324 προσταχθέν-

1868 4527 2009 4582 bello
2038 4529 2302 4584 adversus
2329 4529 2525 4587 Persas
2558 4533 2849 4590 admodum
2881 4548 3101 4592 strenue
3146 4556 3204 4594 se
3237 4542 3439 4608 gessis-

1868 4627 1968 4681 set,
2000 4618 2425 4674 calumniatores
2450 4618 2832 4675 Constantium
2863 4625 2928 4675 ad
2961 4624 3216 4677 imidiam
3247 4631 3437 4679 conci-

1868 4713 2077 4762 tarnnt.
2127 4709 2478 4766 Constantius
2511 4711 2692 4782 igitur,
2729 4713 2869 4767 bello
2898 4712 3114 4767 Persico
3150 4716 3344 4768 virtute
3376 4732 3439 4771 ac

1869 4795 2184 4854 fortitudine
2214 4800 2449 4857 Caesaris
2495 4801 2633 4857 Galli
2672 4802 2787 4872 jam
2837 4803 3035 4872 sopito,
3075 4803 3437 4860 Domitianum

1870 4888 2178 4958 prrefectum
2219 4893 2473 4961 praetorio
2520 4893 2686 4957 misit,
2735 4893 2838 4946 hoc
2873 4893 2923 4946 ei
2958 4893 3095 4947 dans
3128 4894 3343 4948 occulte
3387 4897 3437 4948 in

1870 4982 2159 5043 mandatis.
2193 4994 2246 5035 ut
2277 4998 2527 5052 egressus
2547 4982 2685 5037 Galli
2717 4999 2778 5037 ex
2810 4984 2943 5037 urbe
2975 4983 3259 5039 Antiochia
3291 5002 3442 5041 com-

1868 5070 2145 5140 primeret.
2180 5070 2293 5127 Hoc
2333 5074 2478 5127 enim
2511 5073 2719 5128 ratione
2747 5076 2977 5144 gloriam
3024 5076 3161 5129 Galli
3189 5092 3251 5129 ex
3289 5078 3440 5130 lm-ti-

1869 5162 2059 5218 tudine
2088 5164 2274 5233 reique
2322 5164 2553 5235 publica:
2598 5180 2730 5220 cura
2781 5166 3107 5220 imminuire
3145 5167 3417 5236 cogitabat

1870 5251 2211 5312 Domitianus
2264 5272 2413 5324 vero,
2466 5272 2576 5312 non
2627 5257 2790 5314 modo
2840 5274 2947 5313 nou
2993 5259 3328 5315 moderatius
3374 5259 3442 5314 iis

1426 5422 1671 5468 VALESII
1708 5421 2210 5474 ANNOTATIONES.

256 5598 339 5667 (2)
391 5596 524 5653 ἐπὶ
558 5600 608 5653 τ’
631 5598 816 5654 αὑτοῦ
858 5597 1210 5667 παροξύναι.
1265 5596 1478 5667 Mallem
1522 5600 1765 5659 scribere

168 5664 536 5724 κατ’ἀύτοῦ.
593 5667 651 5723 ln
695 5664 1068 5738 manuscripto
1112 5667 1302 5724 codice
1358 5664 1630 5727 Samuelis
1658 5670 1764 5727 Bo-

170 5741 361 5798 cbarti
398 5740 612 5811 legitur,
643 5739 736 5797 ἐπὶ
762 5737 1132 5796 ταυτόνζΡοει
1165 5739 1258 5796 ubi
1292 5739 1486 5812 legitur
1512 5740 1605 5794 τὸν
1625 5742 1763 5797 Kal-

1870 5618 2015 5677 σαρα
2066 5601 2470 5677 διαδεξαμένου,
2509 5602 2878 5677 scribendum
2928 5612 3037 5677 est,
3066 5602 3444 5677 διδαξαμένου,

1869 5673 2012 5729 utin
2049 5673 2239 5731 codice
2269 5673 2521 5732 Βοιώτιιί
2561 5675 2826 5746 scriptum
2861 5675 3062 5731 inveni.
3257 5673 3269 5677 '
3311 5678 3323 5688 '
