4026 6342
510 378 617 437 59.5

1884 375 2370 433 Ριιιιοετυιισιι

3651 385 3764 443 584

511 517 662 559 τιον,
701 493 753 549 id
785 502 866 550 est
916 491 1110 549 similis
1147 494 1464 551 substantia
1506 493 1832 551 vocabulum
1882 495 2080 551 contir-

2186 496 2437 568 ικρότουν
2456 512 2468 526 ο
2502 495 2596 550 καὶ
2617 495 2828 550 πολλῶν
2852 495 3208 566 πειθομένων,
3239 495 3334 549 καὶ
3357 494 3448 550 τὸν
3469 496 3766 553 Κωνσταν-

515 593 732 640 marunt
787 584 919 657 (18).
973 584 1235 656 Multique
1291 585 1346 641 in
1379 600 1572 641 eorum
1606 585 1932 642 sententiam
1959 601 2090 642 con-

515 674 863 738 cedentibus,
927 674 1304 732 Macedonium
1358 691 1577 748 quoque
1624 675 2091 749 Constantinopo-

514 767 627 822 leos
696 767 1012 837 episcopum
1041 805 1057 830 ,
1127 768 1378 838 quamvis
1445 777 1605 824 antea
1659 768 1712 824 in
1765 769 2090 825 sententiam

511 852 770 909 Eunomii
808 862 953 910 esset
1005 857 1356 926 propensior,
1413 856 1468 911 in
1523 872 1682 912 suam
1729 857 2092 913 nihilominus

507 945 838 1001 sententiam
873 953 1272 1013 pertraxerunt.
1324 943 1524 1000 Multos
1571 945 1734 1000 etiam
1782 945 1920 1001 alios
1974 946 2092 1015 epi-

509 1049 733 1104 scopos,
769 1034 966 1105 partim
1001 1036 1180 1092 verbis
1210 1036 1543 1102 allicientes,
1573 1035 1772 1106 partim
1809 1036 1921 1090 vim
1964 1050 2093 1093 sua-

517 1125 773 1180 sionibus
799 1124 1196 1190 admiscentes,
1223 1127 1290 1181 ad
1321 1141 1450 1182 suas
1478 1134 1660 1196 partes
1678 1127 1986 1182 traduxere.

589 1214 674 1268 10.
710 1212 1052 1283 Patrophilus
1083 1225 1133 1270 et
1176 1216 1465 1272 Narcissus
1505 1216 1774 1270 Basiliam
1817 1233 1904 1280 ap.
1948 1215 2090 1286 Imp.

515 1316 785 1364 accusant.
831 1305 1073 1377 Synodus
1121 1308 1372 1362 Arimini.
1417 1306 1608 1363 Clades
1650 1305 2093 1363 Nicomedia.—

520 1399 612 1454 Ait
649 1396 1020 1468 Patrophilum
1053 1397 1444 1469 Scythopoleos
1475 1407 1530 1454 et
1554 1399 1873 1454 Narcissum
1907 1397 2092 1452 lreno-

516 1491 706 1560 poleos
749 1490 1096 1560 episcopum,
1130 1504 1239 1544 una
1269 1504 1393 1544 cum
1437 1489 1646 1560 aliquot
1681 1487 1804 1542 aliis
1841 1485 2090 1557 Singidu-

518 1594 648 1639 num
699 1583 903 1638 Masia
957 1581 1148 1637 urbem
1204 1581 1595 1644 adventantes,
1649 1579 1905 1634 retulisse
1945 1575 2094 1632 Con-

520 1677 721 1732 stantio
753 1689 815 1729 ea
845 1688 966 1744 qua
991 1687 1087 1742 per
1128 1671 1372 1726 fraudem
1417 1680 1625 1741 patrata
1673 1668 1896 1724 fuerant
1927 1661 1957 1722 ἐι
1987 1665 2092 1722 Ba-

517 1767 659 1822 silio.
702 1765 1084 1823 Constantium
1139 1778 1268 1819 vero
1321 1762 1758 1833 obstupefactum
1802 1769 1857 1816 et
1899 1760 2092 1816 dolore

2196 589 2548 655 τινουπόλεως
2610 587 2960 654 Μακεδόνιον,
2993 587 3170 643 καίτοι
3197 589 3310 650 τοῖς
3343 587 3473 658 περὶ
3501 588 3767 660 Εὐνόμιον

2192 679 2730 750 προαποκεκλιμένον
2773 679 2909 750 (20),
2961 681 3042 743 είς
3091 679 3190 750 τὴν
3242 679 3451 734 ἑαυτῶν
3494 681 3645 750 ὅμως
3671 682 3767 735 ιπ-

2191 769 2498 824 εσπὰσαντο
2543 769 2701 836 δόξαν
2762 781 2778 797 ⁶
2811 769 2948 825 ἀλλὰ
2991 771 3086 826 καὶ
3139 770 3366 834 πολλοὺς
3407 770 3625 843 ἑτέρους
3655 772 3768 825 τῶν

2191 862 2524 926 ἑπισκόπων,
2562 863 2687 926 τοὺς
2722 861 2820 933 μὲν
2852 863 3150 932 ὑπάγοντες
3169 861 3368 931 λόγοις,
3404 863 3530 927 τοὺς
3555 863 3634 931 δὲ,
3667 863 3771 936 τὴν

2193 951 2366 1007 πειθὼ
2394 953 2943 1026 συνεπικεραννύντες
2967 958 3034 1026 τῇ
3068 955 3179 1027 βίᾳ.

2266 1217 2316 1266 ι’.
2351 1211 2472 1265 Ὅτι
2490 1211 2825 1284 Πατρόφιλον
2847 1213 2938 1267 τὸν
2968 1213 3373 1281 Σκυθοπόλεως,
3407 1216 3500 1271 καὶ
3519 1218 3768 1289 Νάρκισ-

2195 1317 2285 1354 σον
2318 1299 2409 1355 τὺν
2434 1302 2861 1375 Εἰρηνοπόλεως,
2915 1305 3009 1359 καὶ⁵
3052 1305 3272 1377 ἑτέρους
3325 1308 3424 1362 σὺν
3471 1285 3674 1374 αὑτοίς,
3707 1311 3768 1366 ιν
3811 1285 3836 1300 ’

2191 1390 2467 1460 Σεγγιδόνι
2488 1392 2588 1463 τῆς
2607 1394 2820 1458 Μυσίας
2847 1399 3344 1468 παραγενομένους,
3364 1398 3456 1453 τὸν
3479 1400 3768 1456 Κωνστάν-

2191 1483 2306 1536 τιόν
2335 1500 2498 1553 φησιν
2529 1484 2841 1551 ἀναδιδάξαι
2869 1486 2939 1540 τὰ
2970 1487 3119 1560 παρὰ
3153 1489 3246 1542 τοῦ
3269 1489 3545 1544 Βασιλείου
3572 1487 3766 1564 δεδρα-

2195 1585 2473 1642 ματουργη
2483 1573 2632 1641 μένα.
2656 1574 2766 1627 Καὶ
2787 1573 2877 1628 τὸν
2897 1575 3311 1645 καταπλαγέντα
3336 1578 3430 1631 καὶ
3452 1578 3734 1652 ὑπεραλγῆ
3748 1611 3767 1622 ο

2193 1678 2382 1728 σαντα,
2433 1662 2544 1716 τῶν
2611 1663 2711 1735 μὲν
2765 1664 3030 1737 μεθορίων
3088 1669 3216 1732 τοὺς
3259 1669 3768 1742 κατεψηφισμένους

2193 1751 2418 1817 ἀνεῖναι,
2451 1753 2700 1818 συνόδους
2724 1755 2781 1809 δὲ
2806 1755 3058 1826 γενέσθαι
3086 1760 3382 1830 προστάξαι
3402 1760 3514 1829 δύο,
3541 1763 3640 1834 τὴν
3669 1764 3767 1835 μὲν

515 1867 870 1924 commotum,
927 1871 1022 1910 eos
1053 1855 1272 1924 quidem
1321 1855 1416 1923 qui
1463 1853 1706 1908 damnati
1759 1850 1978 1907 fuerant
2021 1851 2084 1906 ab

2191 1845 2248 1920 ἐγ
2271 1843 2535 1915 ’Λριμίνῳ
2579 1845 2706 1910 τοὺς
2753 1846 2862 1900 ἀπὸ
2902 1846 3107 1910 δύσεως
3139 1849 3555 1917 συναλίζουσαν,
3585 1853 3686 1923 τὴν
3711 1852 3768 1907 δὲ

513 1947 709 2002 exsilio
738 1959 1060 2009 revocasse;
1089 1943 1226 1998 duas
1259 1958 1390 1997 vero
1423 1943 1665 2012 synodos
1688 1941 1948 1996 celebrari
1971 1940 2090 2009 jus-

516 2039 655 2092 sisse
701 2037 977 2090 :alteram
1030 2033 1304 2097 Arimini,
1349 2034 1621 2100 adquam
1664 2031 2088 2087 Occidentalium

513 2127 750 2194 partium
783 2122 1023 2193 episcopi
1055 2122 1432 2187 convenirent;
1472 2123 1696 2176 alteram
1728 2121 2084 2187 Nicomedia,

515 2229 638 2284 qua
669 2214 956 2283 episcopos
987 2222 1055 2267 ex
1080 2210 1304 2266 Oriente
1345 2219 1399 2266 et
1442 2211 1610 2283 Libya
1645 2227 1710 2267 ac
1733 2211 1965 2266 Thracia
2000 2225 2090 2266 es-

514 2313 600 2361 set
629 2304 915 2368 habitura;
949 2311 1009 2357 ut
1036 2302 1091 2356 in
1125 2302 1210 2358 his
1259 2301 1484 2372 synodis
1515 2317 1579 2357 ea
1609 2317 1732 2373 qua
1761 2301 1830 2356 ab
1859 2311 2088 2370 utraque

516 2404 667 2465 parte
697 2393 1038 2458 dicebantur,
1073 2392 1319 2462 diligenti
1371 2392 1623 2447 examine
1663 2392 2079 2446 discuterentur.

517 2486 622 2540 Sed
669 2483 1141 2540 Nicomediensem
1177 2483 1394 2552 quidem
1428 2483 1728 2553 synodum,
1775 2489 1835 2537 ut
1887 2481 2084 2552 impius

515 2577 618 2632 iste
644 2577 1031 2642 calumniatur,
1069 2590 1135 2630 eo
1171 2575 1316 2644 quod
1363 2574 1609 2644 plerique
1647 2589 1838 2629 eorum
1872 2574 1928 2628 in
1952 2589 2084 2630 con-

507 2667 895 2724 substantialis
919 2667 1078 2722 {idem
1110 2665 1366 2736 propensi
1397 2674 1573 2729 erant,
1596 2673 1752 2720 terra
1785 2674 1967 2721 motus
1991 2679 2082 2720 re-

513 2758 746 2826 pressit,
780 2758 874 2826 qui
913 2755 1200 2826 episcopos
1244 2754 1554 2824 quindecim
1580 2769 1812 2809 numero
1837 2755 1928 2824 qui
1961 2763 2085 2809 ante

502 2849 648 2904 alios
675 2849 1036 2910 advenerant,
1062 2861 1170 2900 una
1195 2860 1320 2901 cum
1363 2844 1626 2914 Cecr0pio
1661 2844 1904 2913 ejusdem
1937 2845 2086 2898 urbis

509 2937 766 3006 episcopo
794 2935 1088 3000 exstinxit,
1116 2949 1383 2990 concussa
1427 2934 1658 2990 ecclesia
1689 2934 1744 2987 in
1785 2949 1893 3004 qua
1927 2944 2086 2988 erant

501 3027 844 3098 congregati.
894 3025 1257 3082 Ariminensis
1298 3033 1476 3080 autem
1501 3026 1772 3096 synodus,
1802 3025 1869 3079 ad
1911 3040 2078 3093 quam

2195 1934 2323 1998 τοὺς
2347 1932 2410 2000 ἐξ
2467 1933 2605 2005 ἑῴας
2627 1936 2722 1989 καὶ
2746 1936 2951 2007 Λιϐύης
2971 1939 3062 1992 καὶ
3077 1937 3295 2012 Θρᾴκης
3315 1943 3374 1994 ὲν
3399 1942 3765 2015 Νικομηδείᾳο

2196 2026 2254 2081 αἳ
2285 2027 2354 2080 τὰ
2395 2029 2525 2098 παρ’
2555 2028 2814 2099 ἑκατέρου
2861 2029 3059 2100 μέρους
3108 2031 3374 2102 λεγόμενα
3422 2033 3765 2103 δοκιμασίαις

2196 2115 2418 2187 ἔμελλον
2452 2116 2839 2188 παραϐάλλειν.
2872 2118 3034 2173 Ἀλλά
3063 2120 3161 2190 τὴν
3193 2121 3292 2190 μὲν
3318 2122 3376 2175 ἐν
3405 2121 3766 2194 Νικομηδείᾳ,

2193 2207 2268 2272 ὡς
2295 2202 2448 2271 οὗτος
2493 2209 2522 2260 ό
2552 2208 2815 2280 δυσσεϐὴς
2860 2210 3155 2282 δυσφημεῖ,
3199 2212 3308 2266 τῶν
3346 2211 3606 2266 πλειόνων
3630 2213 3769 2284 πρὸς

2193 2298 2253 2352 τὸ
2277 2299 2558 2370 ὁμοούσιον
2587 2302 2937 2367 νενευκότων,
2964 2301 3184 2373 σεισμὸς
3205 2303 3540 2367 ἀναστέλλει,
3575 2304 3635 2369 δς
3652 2307 3766 2367 τοῖς

2193 2388 2696 2461 προκαταλαϐοῦσιν
2722 2392 2800 2455 είς
2838 2390 3131 2446 δεκαπέντε
3170 2393 3261 2447 τὸν
3290 2393 3521 2464 ἀριθμὸν
3573 2394 3769 2464 ἀνηνεο

2192 2480 2410 2550 γμένοις
2425 2479 2494 2549 (ι)
2511 2479 2626 2549 ἅμα
2649 2479 2740 2533 τοῦ
2761 2479 2964 2550 ταύτης
2991 2481 3284 2536 ἐπισκόπου
3305 2480 3634 2554 Κεκροπίου,
3651 2484 3768 2534 im-

2192 2571 2520 2636 κατασείσας
2562 2572 2650 2626 τὸν
2680 2571 2804 2628 ναὸν
2849 2574 2907 2626 ὲν
2951 2567 2995 2642 ᾧ
3040 2573 3404 2646 συνεδρίαζον,
3439 2573 3764 2644 διαφθείρει.

2201 2662 2266 2716 Ἦ
2305 2663 2361 2716 δὲ
2409 2664 2468 2716 ὲν
2532 2664 2826 2735 Ἀριμίνῳ,
2875 2665 2956 2727 είς
3000 2664 3341 2736 τριακοσίους
3391 2663 3589 2734 ἄνδρας
3640 2679 3764 2715 συν⁹

2190 2751 2440 2818 ελθοΰσα,
2492 2752 2554 2806 τὸ
2607 2753 2705 2824 μὲν
2749 2754 2849 2823 τῆς
2891 2754 3079 2818 οὐσίας
3117 2753 3286 2826 θνομα
3326 2755 3406 2818 είς
3457 2753 3517 2808 τὸ
3569 2769 3766 2808 παντε-

2190 2842 2279 2907 λὲς
2321 2842 2573 2907 διώσατο,
2612 2844 2794 2914 ὅμοιον
2827 2844 2883 2898 δὲ
2908 2844 2998 2898 τὸν
3026 2845 3154 2898 Υίὸν
3185 2844 3262 2916 τῷ
3291 2844 3464 2916 Πατρὶ
3493 2843 3633 2898 κατὰ
3665 2841 3766 2906 τὰς

2191 2933 2414 3006 Γραφὰς
2445 2935 2853 3007 ἀνακηρύξασα,
2891 2937 3234 3008 ὐπογραφαῖς
3255 2937 3410 3000 ίδίαις
3432 2933 3769 3006 κατησφαλίο

2193 3041 2376 3079 σαντο.

509 3124 736 3178 trecenti
784 3101 1158 3178 convenerunt
1203 3120 1480 3195 episcopi.
1506 3119 1832 3178 substantia
1861 3120 2082 3190 quidem
2121 3120 2448 3174 vocabulum
2476 3119 2696 3189 penitus
2729 3121 2939 3190 reiecit.
3005 3120 3206 3177 Filium
3266 3137 3396 3178 vero
3435 3120 3581 3176 Patri
3611 3121 3772 3176 simi-

509 3217 613 3274 lem
650 3217 947 3274 secundum
999 3217 1314 3288 Scripturas
1353 3217 1690 3287 pradicans,
1725 3213 1928 3272 additis
1971 3213 2313 3284 singulorum
2341 3212 2838 3282 subscriptionibus
2868 3213 3128 3270 ﬁrmavit.

579 3314 666 3367 ll.
729 3311 972 3382 Synodus
1023 3312 1294 3369 Seteucire.
1329 3343 1400 3356 -—-
1445 3311 1762 3368 Nicomedia
1817 3314 1966 3368 hunc
2020 3309 2074 3368 in

2254 3315 2342 3364 ια’.
2395 3309 2520 3363 Ὅτι
2564 3309 2665 3380 τῆς
2693 3309 3060 3381 Νικομηδείας
3108 3307 3317 3379 σεισμῷ
3367 3309 3462 3363 καὶ
3505 3310 3640 3381 πυρὶ
3669 3313 3768 3366 καὶ

506 3405 730 3459 modum
766 3414 922 3458 terra
969 3412 1119 3457 motu
1165 3414 1219 3458 et
1259 3404 1509 3458 incendio
1549 3419 1612 3460 ac
1651 3406 1819 3459 maris
1850 3403 2083 3458 inunda-

509 3494 682 3558 tione.
710 3503 771 3548 ut
809 3494 911 3548 iste
949 3494 1045 3555 ait,
1080 3509 1268 3549 eversa
1287 3536 1300 3560 ,
1328 3494 1622 3565 multisque
1647 3496 1962 3551 hominibus
1988 3511 2084 3550 ex-

518 3585 756 3648 stinctis,
798 3585 1038 3656 synodus
1067 3583 1327 3641 Seleucia
1365 3586 1580 3641 tandem
1613 3598 1939 3657 congregata
1963 3595 2077 3655 est,

519 3691 644 3730 cum
677 3676 911 3732 Basilius
935 3677 1153 3746 quidem
1179 3676 1414 3732 Nicaeam
1449 3689 1774 3744 recusasset,
1802 3679 2083 3737 Eudoxius

508 3783 640 3823 vero
669 3777 724 3823 et
763 3769 953 3854 Aetius
987 3767 1220 3824 Tarsum
1266 3768 1554 3825 admittere
1599 3771 1908 3828 noluissent
1944 3769 2080 3840 (l9).

505 3861 876 3925 AtBasiliani,
905 3877 1028 3916 cum
1056 3863 1324 3933 synodum
1359 3863 1686 3933 quibusdam
1715 3860 2082 3916 machinatio-

506 3954 670 4009 nibus
705 3955 756 4008 in
783 3955 919 4008 duas
945 3952 1211 4010 factiones
1242 3955 1578 4018 divisissent,
1597 3961 1650 4008 et
1677 3966 1923 4006 seorsum
1949 3966 2083 4006 eon-

508 4046 816 4111 venissent,
854 4047 1090 4101 similem
1135 4045 1355 4116 quidem
1389 4044 1690 4101 secundum
1714 4041 2078 4096 substantiam

504 4139 943 4202 confirmarunt;
975 4152 1070 4192 eos
1109 4151 1238 4190 vero
1263 4135 1355 4206 qui
1392 4145 1584 4190 contra
1617 4133 1884 4189 sentirent
1915 4133 2082 4203 depo-

504 4233 758 4290 Suerunt,
795 4225 1077 4280 dissimilis
1108 4215 1431 4279 substantia
1463 4223 1717 4294 dogmate
1748 4227 2083 4278 condemns-

507 4325 583 4368 to.
616 4313 832 4383 Ipsique
853 4331 948 4383 per
979 4329 1099 4370 sese
1116 4314 1428 4370 Annianum
1448 4313 1750 4370 Antiochia
1764 4314 2078 4385 episcopum

506 4405 852 4458 ordinarunt.
892 4403 1173 4458 Eudoxius
1219 4414 1398 4459 autem
1433 4416 1488 4460 et
1515 4405 1735 4472 Aetius,
1763 4420 1888 4460 cum
1920 4405 2084 4460 dissi-

504 4495 652 4551 milis
722 4496 1044 4550 substantia
1110 4495 1303 4564 dogma
1371 4496 1574 4564 scripto
1629 4495 2080 4560 confirmassent,

503 4583 713 4641 litteras
739 4600 868 4640 suas
897 4598 1338 4654 quaquaversum
1363 4584 1650 4638 miserunt.

575 4677 664 4733 12.
720 4675 963 4748 Synodus
1009 4673 1798 4745 Constantinopoli.—Verum
1833 4674 2071 4746 impera;

503 4779 589 4826 tor
619 4770 705 4826 his
747 4769 815 4825 de
849 4769 1012 4825 rebus
1037 4768 1242 4824 certior
1266 4766 1464 4832 factus,
1493 4765 1776 4821 universos
1799 4765 2070 4821 Constan-

2177 3399 2455 3474 θαλάσσης
2492 3398 2775 3454 ἐπικλύσει
2819 3400 3339 3472 κατερειπωθείσης,
3381 3400 3457 3464 ῶς
3487 3393 3642 3466 οὗτος
3675 3401 3767 3457 λέ-

2176 3509 2282 3561 γει.
2321 3494 2417 3547 καὶ
2445 3493 2654 3550 πολλῶν
2689 3489 2994 3564 ἀνθρώπων
3033 3490 3453 3564 διαφθαρέντων,
3488 3492 3522 3562 ἡ
3547 3490 3769 3556 σύνοδος

2175 3583 2235 3637 ἐν
2265 3581 2552 3653 Σελευκείᾳ
2575 3582 2674 3653 τὴν
2709 3583 2966 3637 σύστασιν
2995 3582 3295 3654 λαμὸάνειο
3349 3583 3458 3638 τῶν
3489 3581 3586 3654 μὲν
3631 3583 3769 3657 περὶ

2176 3675 2454 3730 Βασίλειον
2475 3675 2818 3747 τὴνΝικαίαν
2844 3675 3360 3748 παραιτησαμένων,
3398 3676 3504 3730 τῶν
3531 3677 3588 3730 δὲ
3617 3679 3767 3748 ἀμφὶ

2177 3768 2270 3822 τὸν
2299 3768 2546 3834 Εὑδόξιον
2579 3769 2674 3822 καὶ
2703 3769 2908 3823 Ἀέτιον
2947 3768 3046 3840 τὴν
3076 3769 3286 3841 Ταρσὸν
3313 3769 3375 3824 ού
3407 3771 3766 3840 προσηκαμέ-

2178 3876 2304 3914 νων.
2335 3861 2398 3914 Οί
2424 3861 2480 3914 δὲ
2518 3861 2646 3930 περὶ
2671 3860 2950 3915 Βασίὶειον
2979 3863 3249 3935 μηχαναῖς
3281 3860 3376 3931 τὴν
3403 3859 3622 3915 σύνοδον
3645 3861 3767 3916 δια-

2180 3953 2494 4023 στήσαντες,
2521 3952 2616 4005 καὶ
2641 3951 2762 4006 καθ’
2784 3953 3009 4015 ἑαυτοὺς
3039 3950 3505 4023 συνεδριάσαντες,
3531 3951 3766 4022 κυροῦσι

2182 4041 2281 4113 μὲν
2313 4042 2376 4096 τὸ
2420 4041 2543 4096 κατ’
2574 4042 2762 4096 οὐσίαν
2801 4042 3010 4113 ὅμοιον,
3052 4041 3180 4105 τοὺς
3224 4040 3269 4094 δ’
3303 4041 3766 4110 ἀναφερομένους

2179 4131 2549 4205 καθαιροῦσιν,
2578 4131 3024 4203 ἀποκηρύξαντες
3051 4132 3113 4185 τὸ
3140 4131 3496 4202 ἑτεροούσιον,
3524 4131 3617 4185 καὶ
3643 4147 3763 4201 χει-

2180 4223 2486 4294 ροτονοῦσιν
2519 4224 2673 4276 αὐτοὶ
2711 4223 2832 4277 καθ’
2854 4223 3400 4287 ἑαυτοὺςιὲπίσκοπον
3429 4222 3527 4291 τῆς
3550 4222 3760 4278 Ἀντιο-

2179 4315 2330 4386 χείας
2373 4315 2634 4369 Ἀνιανόν.
2670 4315 2819 4386 Πλήν
2863 4331 2928 4383 γε
2971 4317 3067 4370 καὶ
3113 4316 3163 4368 oi
3220 4317 3347 4388 περὶ
3383 4314 3631 4380 Εὐδόξιον
3659 4314 3757 4368 καὶ

2177 4404 2401 4469 Ἀέτιον,
2429 4406 2491 4458 τὸ
2515 4405 2849 4477 ὲτεροούσιον
2879 4407 3170 4478 ἐγγράφως
3193 4407 3607 4478 κρατυνάμενοι,
3627 4421 3762 4458 παν-

2177 4495 2344 4567 ταχοῦ
2369 4496 2461 4551 τδν
2488 4497 2653 4568 τόμον
2680 4497 3100 4568 διαπέμπουσιν.

2251 4671 2337 4740 ιβ’.
2405 4669 2464 4725 ’0
2507 4671 2564 4725 δὲ
2612 4671 2863 4742 βασιλεὺς
2915 4671 3087 4725 ταῦτα
3145 4671 3366 4742 μαθὼν,
3422 4669 3760 4744 προσέταξεν

2176 4765 2422 4829 ἅπαντας
2457 4766 2536 4828 είς
2576 4765 2677 4836 τὴν
2706 4764 3273 4819 Κωνσταντινούπολιν
3320 4765 3584 4835 ἁπαντᾷν.
3639 4765 3758 4819 Καὶ

1725 4950 1975 4998 VALESH
2015 4947 2489 4996 ANNOTATIONES
2499 4982 2513 4995 .

497 5101 572 5142 ex
619 5085 862 5156 sequenti
922 5081 1192 5156 vocabulo
1236 5096 1517 5156 perperam
1564 5079 1858 5156 geminata.
1903 5078 2072 5134 Paulo

499 5165 625 5224 post
648 5150 745 5226 pro
777 5154 1061 5226 ὁμοούσιον
1085 5194 1099 5217 ,
1151 5150 1346 5221 prccul
1381 5151 1550 5226 dubio
1574 5150 1947 5226 scribendum
1985 5157 2072 5226 est

499 5219 825 5308 sponsam;
866 5223 1023 5291 Quod
1059 5219 1338 5295 conﬁrmat
1381 5219 1779 5292 Philostorgius
1810 5219 1865 5273 in
1896 5219 2072 5290 capite

499 5294 590 5359 12,
623 5294 783 5348 infra.

571 5365 681 5432 (18)
713 5363 1051 5427 Theodorit.,
1083 5361 1121 5416 l.
1153 5375 1281 5428 n,c.
1314 5359 1368 5432 θ.

597 5365 681 5432 18)
713 5365 1051 5427 Theodorit.,
1083 5365 1121 5416 l.
1153 5375 1281 5428 n,c.
1314 5365 1368 5415 6.

566 5365 682 5503 ξω)
713 5433 1051 5499 Theodorit.,
1074 5431 1110 5487 ι.
1151 5447 1212 5497 ιι,
1244 5447 1295 5488 c.
1325 5429 1416 5486 26.

2249 5076 2362 5149 (20)
2381 5073 2992 5149 Προαποκεκλψέχοτς.
3016 5071 3168 5149 Hunc
3203 5074 3383 5149 locum
3427 5072 3648 5149 restitui
3677 5089 3751 5130 ex

2177 5145 2282 5226 ms.
2319 5145 2516 5226 codice
2546 5147 2817 5226 Samuelis
2847 5145 3098 5226 Boeharti
3121 5187 3135 5212 ,
3160 5146 3249 5202 cui
3281 5145 3551 5226 consentit
3574 5145 3751 5226 etiam

2179 5216 2569 5287 ﬁeoriacensis.
2620 5215 3130 5287 lutei-pretationem,
3171 5227 3352 5271 autem
3390 5212 3750 5287 Gothoi‘ijédi,

2177 5285 2492 5344 Holstenius
2519 5288 2583 5340 ad
2614 5281 2861 5342 latus'sui
2891 5285 3099 5340 codicis
3121 5286 3196 5340 ita
3214 5293 3525 5341 correxerat
3551 5302 3565 5338 :
3593 5281 3756 5338 Inter

2177 5356 2312 5411 alios
2366 5355 2735 5410 Macedoniam
2789 5355 3462 5424 Constantinopolitanum,
3504 5354 3750 5424 quamuis

2178 5437 2301 5480 ante
2324 5428 2378 5480 in
2415 5425 2662 5479 Eunumii
2693 5434 2868 5494 partes
2915 5422 3254 5493 inclinatum,
3280 5426 3336 5478 in
3370 5422 3524 5479 suam
3547 5422 3753 5478 nihilo-

2178 5498 2352 5550 minus
2377 5512 2462 5550 seu
2471 5506 2550 5550 ten
2559 5496 2684 5549 tiam
2704 5505 3094 5565 pertraxerunt.

1969 5627 2318 5673 VARIORUM.

563 5753 821 5825 ((2)1924:
860 5753 1503 5825 προκαταλαϐοῦσιν-
1520 5749 1965 5822 ἀνηνεγμένοις.
2019 5747 2240 5808 Videtur
2267 5751 2554 5822 legendum
2600 5750 2729 5814 τοὺς
2785 5746 3633 5822 προκατολαὸοὖντας-ἁνηνετ
3645 5742 3751 5817 με·

497 5823 643 5891 om.
672 5823 761 5880 W.
793 5823 994 5879 Lowth.
