4028 6338
270 398 387 453 525

1307 394 1866 454 ECCLESIASTICE
1902 396 2249 456 HISTORIA)
2282 401 2409 455 LIB.
2448 399 2537 456 IV.

3423 403 3524 463 59.6

249 509 342 582 δὴ
371 505 814 579 συναθροίζονται
847 504 911 560 ἔκ
941 522 1000 560 τε
1030 506 1136 560 τῶν
1165 508 1433 580 ἑσπερίων
1467 511 1560 564 καὶ
1587 510 1687 580 τῆς
1717 510 1855 583 ἑῴας

1963 514 2243 586 tinopolim
2269 515 2562 571 convenire
2585 511 2772 585 jussit.
2807 513 3149 572 Conveniunt
3179 517 3383 589 itaque,
3411 527 3526 574 tum

249 600 378 656 καὶ
409 598 613 668 Λιϐύης
655 597 854 670 μικροῦ
905 597 1235 668 σύμπαντες.
1283 601 1752 674 σηροειστήκεισαν
1797 604 1855 659 δὲ

268 693 390 748 τῶν
420 692 519 764 μὲν
549 691 667 748 κατ’
701 690 890 744 οὐσίαν
915 691 1098 760 ὅμοιον
1123 690 1552 762 πρεσϐευόντων,
1580 694 1856 760 Βασίλειός

269 799 342 837 τε
384 782 478 836 καὶ
507 779 830 843 Εὐστάθιος·
876 775 958 844 οἷς
978 781 1125 834 ἄλλοι
1157 799 1216 836 τε
1246 783 1343 838 καὶ
1369 784 1644 849 Βασίλειος
1671 786 1858 858 ἔτερος

273 872 467 943 ⁴ιοαρῆν
493 869 857 933 συνασπίζων.
887 870 1148 926 διακόνων
1173 871 1253 926 ἔτι
1275 874 1428 940 τάξιν
1449 873 1607 944 ἔχων,
1631 875 1857 947 δυνάμει

276 965 384 1034 μὲν
407 963 503 1017 τοῦ
543 963 721 1030 λέγειν
755 962 966 1016 πολλῶν
1019 966 1305 1035 προφέρων
1331 1006 1346 1030 ,
1401 966 1480 1037 τῷ
1503 967 1560 1020 δὲ
1582 971 1681 1038 τῆς
1713 967 1855 1035 γνὼο

275 1071 392 1124 μης
423 1054 653 1125 ἀθαρσεῖ
680 1052 792 1123 (2|)
825 1055 964 1125 πρὸς
995 1056 1121 1119 τοὺς
1158 1056 1369 1120 κοινοὺς
1402 1058 1857 1129 ὑποστελλόμενος

267 1142 517 1211 ἀγῶνας.
552 1141 671 1196 Ἰῶν
698 1143 755 1196 δὲ
778 1143 838 1196 τὸ
873 1143 1229 1215 ὲτεροούσιον,
1259 1145 1464 1205 ’Δέτιος
1499 1146 1599 1217 μὲν
1634 1148 1728 1202 καὶ
1753 1149 1858 1202 E6-

269 1234 467 1304 νόμιος
491 1234 754 1305 ὑπῆρχον,
777 1235 827 1288 οἱ
850 1235 951 1305 τὴν
979 1234 1209 1306 δύναμιν
1236 1236 1417 1307 ἄκροι,
1442 1237 1702 1293 διακόνων
1725 1239 1856 1294 ἑκά-

269 1342 438 1396 τερος
464 1325 669 1395 βαθμὸν
701 1325 858 1396 ἔχων.
915 1326 1234 1381 Ἐπίσκοποι
1264 1327 1321 1381 δὲ
1350 1329 1857 1400 δευτεραγωνιστιῖΝ

269 1417 440 1486 χορὸν
481 1415 896 1488 ἐκπληροῦντες,
926 1417 1122 1487 Μάρης
1165 1435 1223 1471 τε
1257 1418 1349 1472 καὶ
1376 1411 1644 1484 Εὗδόξιος,
1679 1421 1708 1473 ὁ
1735 1420 1857 1473 τότε

268 1509 717 1578 τῆςἊντιοχείας
736 1509 1134 1580 ὲπισκοπήσας,
1158 1509 1384 1581 ὕστερον
1405 1511 1463 1564 δὲ
1488 1512 1584 1565 καὶ
1605 1512 1696 1566 τὸν
1709 1514 1858 1566 Κων-

273 1599 773 1662 σταντινουπόλεως
801 1597 1048 1653 ὑπελθὼν
1081 1599 1288 1670 θρόνον.
1344 1601 1455 1654 Καὶ
1481 1600 1545 1671 δὴ
1569 1601 1663 1655 καὶ
1697 1601 1859 1656 Ἀκά-

272 1705 397 1754 κιος
419 1690 448 1742 ὁ
467 1689 561 1758 τῆς
585 1688 953 1743 Παλαιστίνων
972 1676 1326 1760 Κάισαρείας,
1343 1689 1442 1762 τὴν
1459 1690 1594 1762 πρὸς
1617 1690 1858 1755 ἐκείνους

272 1779 708 1870 ὑποκρινόμενος
736 1780 1039 1870 δμοξοξίαν,
1070 1781 1156 1851 ἐφ’
1259 1782 1385 1844 τοὺς
1415 1782 1544 1853 περὶ
1576 1781 1856 1836 Βασίλειον

1957 620 2025 662 ex
2083 606 2393 663 Occidentis
2447 605 2732 676 partibus,
2787 613 2898 660 tum
2952 622 3017 662 ex
3058 605 3279 665 Oriente
3316 624 3382 665 ac
3433 609 3527 665 Li—

1959 697 2060 768 bya
2086 696 2200 754 fere
2243 697 2482 752 universi
2518 695 2651 766 (95).
2684 694 2753 751 Et
2798 710 2989 751 eorum
3037 698 3257 767 quidem
3298 700 3393 770 qui
3437 697 3529 755 Fi-

1959 789 2091 843 lium
2123 789 2356 844 similem
2388 788 2687 844 secundum
2719 787 3078 846 substantiam
3110 789 3523 858 proﬁtebantur,

1959 878 2307 950 antesignani
2357 889 2512 932 erant
2563 877 2800 934 Basilius
2843 886 2899 934 et
2938 876 3274 936 Eustathius.
3318 879 3529 947 Quibus

1961 976 2074 1024 tum
2113 969 2205 1023 alii
2249 969 2476 1025 aderant
2507 969 2786 1040 suppetias
2821 968 3089 1033 ferentes,
3142 979 3258 1026 tum
3294 970 3529 1031 Basilius

1958 1059 2118 1126 alter,
2157 1061 2299 1115 intra
2328 1060 2545 1116 diaconi
2579 1061 2805 1131 gradum
2845 1061 3008 1116 etiam
3045 1070 3160 1117 tum
3189 1062 3528 1134 subsistens;

1959 1147 2178 1204 dicendi
2203 1148 2418 1218 quidem
2447 1147 2706 1204 facultate
2729 1149 2917 1204 multis
2945 1150 3216 1220 superior,
3241 1166 3431 1206 verum
3458 1154 3530 1208 ob

1961 1238 2311 1294 timiditatem
2345 1254 2410 1295 ac
2436 1239 2696 1309 pusillum
2733 1239 2978 1296 animum
3006 1242 3254 1311 publicas
3282 1244 3530 1315 disputa-

1959 1329 2146 1391 tiones.
2161 1329 2494 1385 detrectans.
2527 1328 2730 1385 Eorum
2767 1344 2898 1394 vero
2917 1332 3010 1401 qui
3047 1332 3367 1390 dissimilem
3399 1337 3532 1392 sub-

1961 1419 2220 1475 stantiam
2239 1421 2625 1490 praedieabant,
2645 1419 2834 1476 Aetius
2867 1421 3088 1491 quidem
3119 1432 3174 1478 et
3203 1423 3528 1490 Eunomius,

1957 1516 2226 1579 quantum
2267 1509 2335 1565 ad
2384 1510 2492 1566 vim
2534 1525 2599 1567 ac
2648 1511 2948 1582 potentiam
2999 1513 3226 1580 attinet,
3271 1519 3530 1589 praecipui

1957 1607 2137 1665 erant,
2172 1609 2404 1670 uterque
2432 1598 2646 1656 diaconi
2679 1600 2944 1656 duntaxat
2987 1601 3242 1658 obtinens
3275 1605 3526 1674 gradum.

1960 1689 2242 1747 Secundas
2276 1699 2458 1747 autem
2489 1691 2558 1746 ab
2587 1692 2673 1747 his
2703 1699 2885 1762 partes
2919 1693 3217 1764 implebant
3245 1697 3486 1769 episcopi
3512 1738 3531 1765 ,

1959 1781 2122 1839 Maris
2157 1792 2214 1839 et
2258 1782 2570 1849 Eudoxius,
2606 1785 2699 1855 qui
2739 1794 2848 1842 tum
2884 1785 3105 1855 quidem
3154 1787 3529 1859 episcopatum

271 1868 660 1939 ἀντιλυπῆσαι,
690 1869 823 1922 διότι
842 1867 1094 1923 κάκεῖνοι
1123 1869 1389 1940 Κύριλλον
1413 1870 1522 1923 τῶν
1564 1871 1856 1943 Ἱεροσολύ-

1960 1884 2201 1945 gesserat
2227 1875 2552 1940 Antiochiae,
2584 1884 2770 1945 postea
2805 1891 2934 1932 vero
2968 1876 3036 1931 ad
3067 1875 3532 1950 Constantinopo-

277 1977 402 2032 μων
441 1960 530 2014 ὑπ’
573 1960 738 2014 αὐτοῦ
787 1959 1061 2014 παυθέντα
1106 1959 1201 2014 τοῦ
1255 1960 1524 2032 ἱερᾶσθαι,
1571 1960 1660 2015 διὰ
1688 1962 1856 2032 τιμῆς

271 2052 498 2123 ἔφερον.
523 2048 632 2107 Ἦν
658 2053 715 2106 δὲ
740 2052 1037 2116 όἈκάκιος
1063 2053 1359 2125 θαρσαλέος
1389 2053 1486 2124 μὲν
1511 2055 1568 2108 ὲν
1589 2055 1700 2117 τοῖς
1719 2053 1859 2122 ἀγῶ-

275 2159 358 2203 σι,
387 2143 735 2213 διανοηθῆναί
771 2159 831 2196 τε
861 2145 1185 2213 πράγματος
1218 2143 1379 2211 φύσιν
1422 2141 1566 2207 ὀξὺς,
1597 2144 1690 2200 καὶ
1714 2143 1858 2215 λόγῳ

272 2232 518 2303 δηλῶσαι
547 2233 608 2288 τὸ
635 2233 839 2302 γνωθὲν
864 2234 1066 2296 ἱκανός.
1124 2233 1214 2300 Ἐξ
1236 2228 1297 2286 οὗ
1326 2233 1421 2286 καὶ
1445 2233 1515 2286 τὰ
1536 2232 1740 2304 ταύτης
1761 2235 1858 2304 τῆς

276 2323 502 2382 συνόδου
544 2324 851 2394 γράμματα
881 2323 1025 2394 (22),
1077 2322 1245 2376 πολλὰ
1279 2322 1337 2376 δέ
1383 2324 1548 2388 ἔστιν,
1592 2317 1745 2388 οὗτος
1789 2320 1858 2395 ἦν

277 2412 445 2485 μόνος
471 2415 502 2467 ό
524 2412 912 2485 διατιθέμενος.
941 2415 1036 2478 Είς
1059 2413 1291 2485 ἅμιλλαν
1310 2408 1402 2468 οὖν
1421 2412 1707 2485 δογμάτων
1731 2416 1860 2468 ἑκα-

273 2503 444 2574 τέρας
488 2503 683 2574 μοίρας
731 2503 1102 2573 καταστάσης,
1149 2505 1176 2556 ό
1217 2503 1314 2574 μὲν
1355 2502 1634 2568 Βασίλειος
1665 2503 1772 2558 τῶν
1798 2505 1859 2557 τὸ

273 2594 563 2664 ὁμοούσιον
617 2593 944 2659 δοξαζόντων
991 2593 1322 2664 προηγόρει,
1358 2595 1405 2646 οἱ
1447 2592 1504 2646 δὲ
1538 2591 1631 2646 τοῦ
1677 2594 1860 2663 ἑτερο-

273 2685 461 2738 ουσίου
489 2685 628 2756 ὑπὲρ
658 2686 911 2739 ἁπάντων
942 2684 1120 2752 λέγειν
1141 2683 1232 2737 τὸν
1255 2683 1456 2736 Ἀέτιον
1488 2681 1855 2753 προῦστησαν,

277 2775 704 2840 συνασπίζοντος
749 2775 897 2846 αὐτῷ
941 2775 1034 2828 καὶ
1068 2774 1356 2846 Εὐνομίου.
1404 2774 1491 2837 Ὠς
1533 2773 1591 2827 δὲ
1627 2770 1766 2829 εἶδον
1809 2778 1857 2829 οἱ

275 2869 424 2938 ἀμφὶ
463 2869 554 2922 τὸν
587 2867 862 2922 Βασίλειον
903 2866 1340 2939 προϐεϐλημένον
1379 2866 1561 2929 αὐτοῖς
1603 2867 1684 2929 εἰς
1713 2868 1860 2921 ἀντι·

273 2959 466 3027 λογίαν
497 2959 588 3012 τὸν
618 2958 845 3022 Ἀέτιον,
879 2957 1152 3020 δείσαντες
1181 2956 1344 3010 αὐτοῦ
1373 2955 1470 3026 τὴν
1494 2956 1723 3026 δύναμιν
1749 2955 1858 3010 τῶν

273 3051 474 3119 λόγων,
512 3051 611 3104 οὐκ
652 3050 858 3120 ἔφασαν
900 3049 1012 3102 δεῖν
1052 3048 1383 3111 ἐπισκόπους
1425 3047 1587 3112 όντας
1622 3048 1858 3119 διακόνῳ

276 3143 411 3212 περὶ
439 3141 719 3212 δογμάτων
759 3143 838 3203 εἰς
877 3139 1068 3208 λόγους
1103 3137 1484 3196 καθίστασθαι.
1551 3139 1860 3193 Ἀντειπόν-

276 3248 390 3285 των
417 3231 472 3285 δὲ
489 3231 594 3284 τῶν
615 3230 1036 3302 διαφερομένων,
1061 3229 1134 3292 ὡς
1154 3229 1256 3282 οὐκ
1281 3229 1437 3295 ἀξίας
1467 3229 1563 3283 νῦν
1587 3230 1703 3282 ἐστι
1736 3229 1858 3300 κρί-

280 3339 402 3388 σις,
453 3323 566 3376 ἀλλ’
607 3321 863 3392 ἀληθείας
906 3318 1253 3390 ἐπιζήτησις,
1322 3319 1566 3389 δέχονται
1623 3318 1720 3389 μὲν
1767 3319 1862 3378 καὶ

279 3413 507 3477 ἄκοντες
536 3415 586 3468 οί
616 3409 742 3486 περὶ
774 3412 1052 3475 Βασίλειον
1082 3410 1160 3483 (α)
1188 3411 1280 3463 τὸν
1305 3411 1490 3478 ἀγῶνα
1511 3426 1524 3441 ·
1547 3410 1640 3474 καὶ
1671 3409 1746 3473 ὡς
1775 3404 1863 3464 οὗ·

278 3525 376 3571 τος
396 3507 564 3575 λέγει,
596 3506 737 3559 κατὰ
762 3505 962 3578 κράτος
992 3506 1058 3575 τῇ
1084 3504 1178 3557 τοῦ
1209 3502 1416 3556 Ἀετίου
1449 3501 1670 3576 γλώσσῃ
1696 3501 1861 3572 ἡττή-

280 3598 478 3672 θησαν,
509 3598 585 3660 ὠς
635 3597 708 3668 μὴ
756 3596 915 3667 μόνον
955 3595 1307 3666 ὁμολογῆσαι,
1339 3591 1717 3665 παρηλλάχθαι
1763 3590 1863 3657 τὴν

280 3688 377 3742 τοῦ
405 3687 753 3758 γεννηθέντος
776 3686 964 3740 οὐσίαν
989 3684 1124 3757 πρὸς
1145 3683 1244 3756 τὴν
1272 3681 1365 3736 τοῦ
1395 3681 1738 3752 γειναμένου,
1767 3681 1862 3738 καὶ

281 3777 428 3830 κατὰ
457 3777 620 3847 μηδὲν
649 3779 945 3839 κοινωνεῖν,
969 3775 1103 3828 ἀλλὰ
1126 3774 1220 3834 καὶ
1242 3775 1386 3845 χειρὶ
1410 3775 1588 3846 οἰκεία
1613 3773 1711 3844 τῆν
1733 3775 1864 3845 όμο-

279 3869 492 3938 λογίαν,
515 3869 724 3920 Ἀετίου
757 3866 912 3921 τοῦτο
957 3867 1522 3937 προσαπαιτήσαντος,
1558 3863 1860 3934 βεϐαιώσα-

284 3958 437 4012 σθαι.
483 3958 739 4012 Μαθόντα
771 3959 828 4011 δὲ
862 3955 1036 4011 ταῦτα
1061 3956 1153 4009 τὸν
1202 3955 1446 4024 βασιλέα,
1480 3955 1574 4009 καὶ
1603 3955 1671 4026 ῆν
1697 3955 1863 4010 πάλαι

281 4050 568 4112 Βασίλειος
603 4048 744 4102 κατὰ
769 4049 976 4102 Ἀετίου
1010 4045 1262 4117 διαϐολὴν
1292 4044 1697 4108 συνεσκευάκει,
1723 4045 1863 4099 κατὰ

289 4141 464 4211 μέσης
490 4141 590 4210 τῆς
620 4139 849 4211 καρδίας
877 4138 1235 4208 ἀκμάζουσαν
1277 4135 1530 4206 φέροντα,
1561 4135 1622 4188 τδ
1647 4151 1860 4188 συνενε-

283 4232 415 4303 χθὲν
444 4233 684 4304 ἁρπάσαι
709 4231 843 4301 πρὸς
867 4231 966 4301 τὴν
989 4230 1089 4300 τῆς
1126 4228 1297 4300 ὀργῆς
1325 4227 1689 4298 ἐκπλήρωσιν.
1747 4226 1864 4279 Διό-

285 4341 396 4396 περ
440 4324 607 4395 ἄμφω
636 4325 734 4395 μὲν
785 4326 863 4387 εἰς
905 4323 1034 4376 θέαν
1076 4322 1397 4393 παρίστησι,
1439 4318 1863 4373 διαπυνθάνεται

287 4414 349 4468 δὲ
385 4415 474 4469 τοῦ
518 4416 820 4482 Βασιλείου,
865 4416 988 4470 τίνα
1022 4414 1088 4469 ἂν
1151 4415 1259 4484 εἴη,
1304 4408 1388 4478 οἷς
1425 4413 1740 4469 ἐπαιτιᾶται
1771 4410 1863 4465 τὸν

1951 1964 2181 2024 litanam
2208 1965 2393 2022 sedem
2419 1974 2706 2036 promotus
2743 1975 2848 2032 est,
2886 1968 3124 2038 itemque
3151 1969 3384 2027 Aeacius
3417 1974 3532 2043 epi-

1958 2070 2162 2128 scopus
2186 2055 2452 2114 Cresareae
2480 2056 2786 2114 Palaestina
2809 2058 2903 2129 qui
2936 2074 2997 2116 se
3028 2075 3150 2116 cum
3171 2061 3280 2118 illis
3299 2077 3532 2119 consen-

1956 2149 2062 2205 tire
2092 2149 2418 2214 simulabat',
2464 2157 2524 2206 ut
2549 2149 2812 2208 Basilium
2853 2151 3092 2207 vicissim
3135 2153 3325 2210 dolore
3352 2154 3531 2210 allice-

1959 2247 2064 2304 ret,
2114 2246 2401 2310 prepterea
2448 2240 2594 2310 quod
2629 2237 2868 2300 Basilius
2916 2240 3180 2312 Cyrillum
3216 2241 3532 2314 Hierosoly-

1959 2345 2176 2386 morum
2200 2330 2516 2402 episcopum
2539 2331 2609 2386 ab
2647 2330 2768 2400 ipso
2805 2331 3112 2401 depositum
3134 2374 3148 2398 ,
3175 2333 3534 2391 nihilominus

1959 2420 2170 2478 honore
2225 2421 2515 2478 alliciebat.
2569 2421 2701 2477 Erat
2748 2436 2914 2492 porro
2958 2423 3194 2480 Aeacius
3254 2427 3431 2481 audax
3476 2427 3534 2481 in

1959 2512 2442 2582 disputationibus,
2468 2512 2610 2567 idem
2632 2512 2689 2566 in
2717 2513 3109 2585 dignoscendis
3134 2516 3371 2586 negotiis
3397 2531 3534 2572 acu-

1961 2596 2232 2662 tissimus,
2263 2605 2317 2652 et
2362 2598 2428 2652 ad
2465 2599 2819 2668 exponendos
2857 2600 3027 2658 animi
3055 2603 3140 2656 sui
3168 2617 3365 2658 sensus
3398 2605 3534 2659 satis

1959 2686 2217 2742 disertus.
2259 2686 2409 2744 Unde
2447 2688 2612 2743 etiam
2657 2698 2775 2745 acta
2819 2690 2984 2760 hujus
3025 2692 3249 2762 synodi,
3275 2708 3396 2762 qua:
3421 2708 3532 2748 non

1959 2791 2129 2846 pauca
2164 2787 2311 2842 sunt,
2337 2777 2404 2832 ab
2433 2778 2537 2834 hoc
2569 2794 2679 2834 uno
2714 2779 2924 2850 digesta
2967 2794 3032 2835 ac
3060 2781 3322 2850 disposita
3355 2781 3529 2837 fuere.

1959 2867 2096 2921 Cum
2126 2867 2292 2942 igitur
2333 2868 2505 2923 ambae
2534 2877 2717 2939 partes
2751 2871 2804 2924 in
2845 2879 3120 2926 certamen
3167 2871 3234 2925 de
3265 2871 3534 2943 dogmati-

1959 2958 2064 3014 bus
2115 2958 2230 3014 suis
2280 2959 2581 3025 venissent,
2619 2975 2810 3016 eorum
2843 2962 3060 3032 quidem
3093 2961 3187 3032 qui
3224 2961 3427 3018 Filium
3457 2963 3534 3018 si-

1961 3051 2146 3106 milem
2183 3051 2482 3106 secundum
2506 3032 2866 3108 substantiam
2901 3051 3318 3121 profitebantur,
3351 3063 3534 3124 patro-

1963 3159 2068 3200 nus
2100 3152 2217 3199 erat
2241 3143 2494 3199 Basilius.
2527 3143 2630 3210 Qui
2662 3158 2794 3198 vero
2817 3143 3140 3198 dissimilem
3169 3143 3531 3200 substantiam

1965 3233 2308 3298 asserebant,
2333 3233 2548 3288 Aetium
2577 3247 2756 3289 causa:
2786 3249 2900 3288 suae
2921 3243 3213 3304 patronum
3241 3234 3537 3290 constitue-

1965 3333 2125 3388 runt,
2170 3323 2430 3393 adjuncto
2478 3325 2530 3380 ei
2559 3323 2854 3379 Eunomio.
2884 3323 3056 3379 Porro
3084 3323 3322 3380 Basilius
3352 3335 3406 3380 et
3435 3327 3532 3396 qui

1963 3430 2088 3470 cum
2129 3415 2221 3470 illo
2253 3423 2445 3483 erant,
2475 3430 2602 3470 cum
2637 3417 2853 3470 Aetium
2882 3415 3256 3472 adversarium
3288 3417 3391 3472 sibi
3433 3431 3534 3488 op-

1962 3505 2202 3576 positum
2235 3504 2521 3568 vidissent,
2562 3505 2682 3574 ejus
2725 3504 2941 3561 dicendi
2987 3506 3096 3560 vim
3140 3504 3532 3571 formidantes,

1963 3594 2281 3650 indecorum
2308 3609 2431 3649 esse
2460 3593 2716 3650 dixerunt
2755 3603 2815 3648 ut
2847 3594 3088 3664 episcopi
3139 3596 3212 3650 de
3263 3595 3534 3665 dogmati-

1965 3687 2066 3742 bus
2095 3685 2220 3740 fidei
2250 3700 2374 3740 cum
2412 3685 2646 3741 diacono
2675 3693 2968 3740 certarent.
3001 3684 3108 3741 Sed
3143 3700 3268 3742 cum
3296 3687 3537 3743 adversae

1965 3778 2131 3848 partis
2195 3775 2466 3832 antistites
2520 3775 2932 3840 reclamassent,
2997 3790 3107 3831 non
3159 3776 3228 3832 de
3272 3775 3538 3849 dignitate

1966 3882 2205 3937 praesens
2238 3864 2536 3935 judicium,
2577 3863 2671 3920 sed
2711 3863 2959 3919 veritatis
2992 3864 3330 3935 inquirenda:
3368 3882 3534 3922 causa

1966 3957 2276 4013 institutum
2325 3972 2447 4015 esse
2494 3956 2740 4012 dicentes
2763 3994 2778 4020 ,
2816 3954 3052 4013 Basilius
3085 3955 3210 4011 licet
3245 3957 3452 4013 invitus
3480 3958 3535 4013 in

1964 4058 2243 4104 certamen
2268 4047 2582 4114 descendit;
2615 4055 2670 4103 et
2696 4046 3153 4118 quemadmodum
3189 4048 3290 4102 iste
3321 4049 3533 4122 scribit,

1965 4140 2034 4195 ab
2065 4139 2206 4194 Aetii
2246 4138 2431 4208 lingua
2479 4137 2694 4208 penitus
2745 4136 2991 4192 devictus
3020 4145 3103 4192 est
3124 4177 3138 4200 ,
3172 4138 3308 4193 adeo
3341 4148 3400 4194 ut
3426 4156 3534 4195 non

1949 4224 2146 4285 solum
2181 4227 2470 4284 confessus
2493 4227 2678 4292 fuerit,
2714 4226 3076 4283 substantiam
3112 4228 3276 4299 geniti
3315 4229 3538 4286 diﬂerre

1941 4315 1998 4375 'a
2039 4320 2344 4376 substantia
2381 4318 2682 4388 genitoris,
2735 4333 2837 4374 nec
2880 4318 2988 4373 ulla
3025 4318 3078 4373 in
3115 4334 3174 4374 re
3212 4323 3535 4387 convenire,

1966 4426 2155 4466 verum
2188 4410 2350 4465 etiam
2392 4409 2626 4479 propriae
2676 4423 2872 4466 manus
2912 4409 3350 4481 subscriptione,
3398 4414 3538 4469 sicut

303 4509 525 4562 Ἀέτιον.
569 4509 626 4563 Ὀ
668 4509 753 4574 δὲ,
795 4511 883 4574 Ὠς
905 4509 1186 4580 ἀνόμοιον,
1231 4507 1369 4577 ἔφη,
1419 4505 1498 4577 τῷ
1549 4505 1725 4577 Πατρὶ
1772 4499 1859 4557 τὸν

1967 4503 2155 4558 Aetius
2206 4502 2597 4570 postulaverat,
2652 4499 3056 4558 confessionem
3101 4517 3256 4557 suam
3286 4502 3539 4560 ﬁrmave-

288 4598 419 4650 Υἱδν
440 4601 759 4670 εἰσηγεῖται.
794 4597 1154 4671 Ἀμείψασθαι
1184 4599 1238 4652 δὲ
1269 4597 1406 4670 πρὸς
1429 4597 1604 4652 ταῦτα
1632 4597 1721 4650 τὸν
1743 4595 1861 4656 Ἀέ-

288 4706 404 4742 τιον
426 4707 441 4721 ο
493 4690 746 4746 τοσοῦτον
784 4691 952 4745 ἐνδεῖν
988 4690 1064 4764 τῷ
1106 4691 1282 4762 Ila-rp!
1319 4692 1411 4745 τὸν
1446 4689 1573 4748 Υἰὸν
1610 4689 1860 4758 ἀνόμοιον

1966 4595 2056 4651 rit.
2088 4592 2220 4660 Quae
2251 4608 2375 4647 cum
2415 4591 2697 4646 didicisset
2731 4591 3061 4663 imperator,
3101 4601 3154 4647 et
3201 4593 3537 4649 calumniam

1968 4701 2130 4756 quam
2163 4684 2398 4740 Basilius
2430 4682 2486 4738 in
2517 4681 2735 4739 Aetium
2761 4683 3120 4748 conﬂuxerat,
3148 4681 3330 4738 adhuc
3357 4684 3536 4754 vigen-

1465 4864 1484 4876 κ
1514 4814 1756 4862 VALESII
1796 4811 2298 4866 ANNOTATIONES.

362 4931 478 5002 (Ἃ)
521 4928 604 4996 Tt?!
648 4929 717 5002 (ἶέ
764 4929 1156 5002 τῆςηινώμης
1182 4927 1457 5002 ,éaape'ﬁz
1493 4925 1860 5002 Ignaviamjc

292 4992 637 5070 timiditatem
659 4992 867 5055 Basilio
880 4992 1072 5070 Magni)
1105 4992 1313 5070 objicit'
1342 4992 1739 5065 Philostorgius
1761 4992 1862 5048 Eu-

292 5068 678 5134 nomianuan
707 5072 809 5125 hoc
847 5068 1391 5125 Eunomium’ducem
1420 5081 1580 5122 suum
1613 5071 1855 5126 secutus,

291 5143 388 5208 qui
429 5141 569 5194 idem
610 5139 797 5208 vitium
822 5138 1025 5193 Basilio
1053 5139 1501 5208 exprobraverat,
1537 5143 1596 5188 ut
1625 5140 1859 5208 testatur

341 5210 591 5283 regorius
618 5207 894 5283 Nyssenus
927 5209 979 5262 in
1019 5201 1160 5283 libro
1187 5209 1366 5278 primo
1400 5205 1650 5262 adversus
1685 5201 1858 5283 Euno-

291 5275 501 5353 miuin,
531 5275 814 5348 pag.'5l8.
847 5277 1045 5353 Verum
1082 5275 1522 5353 Nys’s‘enus-eam
1557 5275 1862 5353 accusatio-

293 5364 417 5403 nem
455 5341 728 5414 elc'gaiiter
757 5363 821 5402 ac
847 5348 1118 5403 luculente
1132 5341 1348 5402 'refutat
1378 5344 1432 5414 in
1482 5341 1856 5414 sequentibus.

364 5417 480 5488 (22)
532 5408 756 5484 Ταύτης
801 5416 911 5486 τῆς
971 5415 1238 5479 συνόδου
1289 5408 1615 5485 γράμματα.
1670 5408 1862 5481 Suspi-

1966 4935 2123 4979 catus
2181 4936 2305 4976 sum
2359 4915 2656 4988 aliquando
2703 4915 3051 4988 scribendum
3097 4914 3186 4988 hic
3222 4929 3344 4973 esse
3387 4918 3534 4988 πρά-

1966 5009 2174 5063 γματα.
2197 4989 2351 5063 Ferri
2372 4986 2554 5054 tamen
2579 4996 2758 5063 potest
2783 4987 2998 5063 vulgata
3019 4986 3317 5063 scriptura,_
3334 4986 3536 5063 quippe

1966 5009 2174 5063 γματα.
2197 5003 2351 5056 rem
2372 5003 2554 5054 tamen
2579 5003 2758 5057 ροιεει
2783 5003 2998 5055 vulgata
3019 5003 3310 5056 scriptura,
3334 5003 3536 5110 quippe

1964 5078 2087 5134 qua:
2115 5059 2367 5134 eumdem
2408 5071 2630 5134 sensum
2665 5055 2849 5134 habet.
2892 5055 3202 5134 Γράμματα
3233 5056 3377 5109 enim
3449 5071 3536 5134 ioc

1966 5124 2088 5186 l'oco
2115 5145 2222 5184 non
2249 5127 2507 5197 epistolas
2542 5124 2827 5189 duntaxat,
2863 5124 3069 5197 verum:
3097 5125 3258 5197 etiam
3304 5134 3430 5197 acta
3451 5133 3537 5178 to-

1964 5201 2075 5255 tius
2127 5192 2318 5270 synedi
2361 5197 2679 5270 designant.
2740 5197 2925 5270 Certe_
2952 5194 3178 5270 verbum
3214 5192 3538 5270 διατιθέμε-

1965 5287 2054 5334 νος
2088 5263 2232 5338 qu'od
2263 5263 2530 5338 sequitur,
2551 5280 2670 5338 non
2699 5263 2953 5338 con_v_enit
2981 5263 3114 5320 solis
3143 5263 3406 5334 epistolis.

2036 5333 2150 5409 (23)
2183 5333 2521 5402 Theodorit.,
2551 5334 2588 5389 ι.
2617 5347 2678 5398 ll,
2707 5348 2756 5389 c.
2782 5333 2870 5386 27.

1777 5529 2131 5578 VARIORUM.

370 5659 449 5727 (α)
497 5662 562 5714 οἱ
602 5658 735 5725 περὶ
763 5656 1107 5727 Ruﬁllam}.
1150 5652 1268 5715 Duo
1297 5651 1504 5727 Basilii.
1532 5649 1586 5704 in
1628 5648 1731 5704 hoc
1763 5660 1867 5727 9a-

296 5713 408 5798 pite
430 5713 842 5800 memora-"tur,
869 5713 1007 5800 scil.
1033 5713 1262 5800 Magnus
1296 5725 1386 5777 ille
1415 5720 1509 5791 qui
1543 5731 1732 5800 postea
1759 5713 1869 5800 (ia!-

299 5791 474 5854 iareae
497 5799 552 5853 in
578 5797 916 5867 Cappadocia
940 5791 1167 5851 antistes
1190 5793 1328 5859 fuit,
1358 5805 1501 5845 nunc
1533 5801 1660 5843 vero
1687 5791 1868 5841 diaco-

1967 5654 2070 5696 nus
2108 5653 2123 5691 :
2153 5646 2206 5694 et
2233 5635 2469 5698 Basilius
2502 5634 2727 5705 Ancyrae
2764 5631 3082 5708 episcopus.
3123 5631 3199 5691 De
3230 5632 3331 5691 hoc
3363 5644 3536 5704 poste-

1967 5708 2100 5765 riori
2130 5709 2220 5765 hic
2247 5722 2432 5768 sermo
2461 5715 2564 5762 est.
