4026 6342
503 378 620 435 ἙΤΙ

1881 377 2370 438 PIIILOSTORGII

3651 379 3759 436 328

511 502 620 549 tem
648 493 704 548 in
735 491 923 549 animo
939 503 1045 549 suo
1070 493 1475 564 circumferret,
1497 511 1726 555 eventus
1752 498 1898 556 illius
1920 513 2079 558 occa-

2183 499 2356 552 εἰπεῖν
2384 496 2416 568 ἢ
2449 495 2690 562 δοξάσαι,
2713 494 2855 548 ὥστε
2883 494 2977 549 καὶ
3001 494 3436 566 ἀπαραλλάκτως
3463 496 3650 567 ὅμοιον
3670 499 3759 552 αύ-

511 585 720 640 sionem
763 584 830 638 ad
865 584 1190 654 explendam
1227 587 1370 642 iram
1401 605 1557 644 suam
1590 591 1842 662 arripuit.
1872 593 2079 648 Ambo-

510 674 611 728 bus
647 675 814 745 igitur
841 676 896 730 in
923 686 1285 747 conspectum
1313 694 1476 736 suum
1509 683 1695 739 venire
1714 683 1906 754 jussis,
1933 683 2086 739 Basi-

509 764 644 818 lium
675 763 1034 834 interrogavit
1054 780 1305 835 quamam
1329 777 1511 825 essent
1537 769 1626 825 illa
1646 771 1714 826 de
1742 771 1943 841 quibus
1970 772 2082 828 Ae-

509 854 644 910 tium
677 853 976 909 incusaret.
1010 852 1313 925 Respondit
1345 856 1614 925 Basilius,
1655 861 1798 931 quod
1840 860 1888 915 is
1911 861 2080 918 dissi-

512 947 698 1002 milem
756 945 907 1002 Patri
962 945 1161 1001 Filium
1217 957 1507 1004 assereret.
1553 950 1634 1004 Ad
1692 951 1808 1006 haec
1849 951 2078 1008 Aetius:

511 1037 745 1093 Tantum
777 1037 968 1103 abest,
1005 1037 1220 1108 inquit,
1258 1048 1318 1093 ut
1352 1039 1552 1096 Filium
1581 1040 1730 1096 Patri
1761 1041 2082 1099 dissimilem

502 1131 689 1186 dicam
721 1139 814 1185 aut
840 1129 1071 1187 sentiam
1093 1172 1108 1197 ,
1141 1131 1275 1201 quin
1301 1132 1484 1202 potius
1512 1132 1720 1204 absque
1749 1133 1863 1188 ullo
1887 1133 2084 1189 discri-

509 1224 659 1279 mine
685 1222 916 1278 similem
964 1223 1242 1292 proﬁteor.
1267 1223 1335 1279 At
1377 1223 1733 1280 Constantius
1756 1225 2082 1281 vocabulum

511 1314 643 1369 illud
672 1314 1092 1386 ἀπαράλλακτος
1121 1314 1478 1380 insimulans,
1497 1330 1600 1372 nec
1620 1313 1832 1373 diScere
1849 1318 2082 1372 omnino

513 1407 790 1471 sustinens
847 1421 1085 1475 quonam
1137 1420 1302 1461 sensu
1357 1421 1479 1462 eam
1529 1422 1717 1463 vocem
1761 1415 2084 1478 usurpasset

510 1498 726 1561 Aetius,
782 1512 905 1554 eum
969 1497 1173 1566 palatio
1221 1497 1417 1568 expelli
1463 1499 1649 1570 jussit.
1699 1497 1896 1554 Postea
1955 1515 2085 1556 vero

510 1589 695 1646 Acacii
722 1604 884 1660 opera
920 1589 1174 1659 perfecit,
1197 1599 1257 1644 ut
1285 1589 1430 1645 idem
1459 1589 1651 1646 Aetius
1681 1589 1976 1661 episcopali
1994 1589 2086 1660 ju-

509 1679 652 1734 dicio
679 1681 1058 1748 deponeretur,
1100 1679 1572 1735 subscribentibus
1607 1680 1726 1750 ejus
1755 1679 2086 1750 depositioni

2182 589 2273 642 τδν
2319 587 2630 658 κηρύττειν.
2691 587 2804 657 Τῆς
2852 586 2909 639 δὲ
2950 585 3044 639 τοῦ
3101 587 3520 659 ἀπαραλλάκτου
3577 589 3760 660 φωνῆς

2184 679 2629 752 ύποδραξάμενος
2661 681 2690 733 ό
2726 678 3124 743 Κωνστάντιος,
3178 680 3274 733 καὶ
3311 680 3431 751 μηδ’
3459 682 3763 754 ἀνασχόμεσ

2183 785 2271 833 νος
2298 769 2434 832 ὅλως
2465 769 2546 822 ἐτι
2586 769 2945 838 καταμαθεῖν,
2975 769 3098 823 κατ’
3124 768 3186 822 όν
3212 771 3418 833 ἐκεῖνος
3441 771 3641 842 τρόπον
3670 773 3763 825 ἀν-

2183 859 2486 928 εφθέγξατο
2507 858 2568 913 τὸ
2590 859 3026 932 ἀπαράλλακτον,
3067 859 3397 932 ἐκϐληθῆναι
3429 862 3530 933 μὲν
3549 860 3763 917 κελεύει

2181 949 2292 1002 τῶν
2328 948 2614 1020 βασιλείων
2646 948 2738 1003 τδν
2770 949 2996 1003 ’Δέτιοψ
3033 949 3257 1023 ὕστερον
3284 951 3362 1015 δὲ,
3393 953 3459 1024 τῇ
3490 953 3762 1024 συνδρομῇ

2183 1042 2462 1107 Ἀκακίου,
2500 1041 2594 1095 καὶ
2635 1040 3006 1114 καθαιρέσεως
3039 1042 3410 1114 ὑποϐληθῆναι
3453 1043 3675 1116 ψήφοις,
3699 1045 3764 1099 ού

2183 1132 2289 1186 τῶν
2309 1132 2732 1203 όρθοδοξούντων
2759 1134 2936 1204 μόνων
2958 1133 3466 1207 ύποσημηναμένων
3488 1138 3552 1208 τῇ
3579 1137 3765 1192 καθαι-

2187 1223 2354 1295 ρέσει,
2385 1223 2521 1278 ἀλλὰ
2549 1224 2645 1278 καὶ
2682 1224 2861 1278 αὐτῶν
2890 1224 3000 1278 τῶν
3027 1227 3108 1289 εἰς
3143 1225 3214 1279 τὰ
3255 1226 3489 1296 μάλιστα
3519 1228 3599 1297 τῷ
3627 1245 3764 1299 φρο-

2182 1315 2385 1387 νήματι
2431 1313 2859 1369 κοινωνούντων
2901 1317 3012 1370 τῶν
3038 1317 3138 1386 μὲν
3165 1319 3259 1371 καὶ
3283 1318 3383 1390 τὴν
3407 1318 3631 1391 γνώμην
3661 1336 3763 1391 με-

2183 1395 2580 1476 ταϐληθέντων,
2601 1406 2709 1460 τῶν
2745 1407 2804 1460 δὲ
2827 1406 2925 1478 τὴν
2949 1407 3203 1464 ἀκούσιον
3230 1410 3426 1481 πρᾶξιν
3453 1411 3766 1483 οἰκονομίας

2186 1498 2391 1569 ῥήματι
2423 1496 3037 1570 κατασχηματιζόντων.
3077 1501 3136 1554 '0
3161 1501 3218 1555 δὲ
3245 1503 3639 1568 Κωνστάντιος,
3672 1503 3766 1558 τὸν

2183 1588 2292 1642 τῶν
2321 1589 2593 1659 ἐσπερίων
2619 1590 2787 1662 τόμον
2811 1592 3308 1664 προκομισάμενος,
3330 1593 3516 1648 τοῦτον
3539 1594 3632 1650 καὶ
3654 1594 3766 1650 τῶν

2186 1681 2468 1752 παρόντων
2497 1683 2955 1755 ὑποσημήνασθαι
2980 1685 3124 1756 χειρὶ
3159 1685 3336 1758 οἰκείᾳ
3368 1686 3761 1743 διεκελεύσατο.

509 1788 617 1828 non
665 1772 844 1827 solum
897 1772 1239 1838 orthodoxis,
1291 1787 1480 1828 verum
1519 1772 1685 1828 etiam
1733 1773 1800 1828 iis
1834 1774 1967 1843 ipsis
1987 1775 2079 1844 qui

2187 1775 2499 1847 Περιείχετο
2527 1775 2586 1830 δὲ
2625 1776 2703 1846 τῷ
2740 1777 2914 1848 τόμῳ,
2949 1778 3131 1848 ὅμοιον
3172 1778 3248 1849 τῷ
3271 1779 3444 1851 Πατρὶ
3482 1779 3621 1833 κατὰ
3663 1779 3765 1843 τάς

488 1862 756 1932 ejusdem
816 1877 944 1917 cum
997 1863 1091 1919 illo
1143 1863 1416 1933 opinionis
1457 1873 1616 1919 erant
1662 1861 1948 1935 :quorum
1983 1843 2078 1920 alii

2185 1843 2408 1936 Γράφάς
2427 1843 2775 1936 ἀνομολογεῖν
2906 1843 3052 1923 Υίόν.
3071 1869 3182 1922 Καὶ
3206 1843 3367 1924 πάλιν
3391 1843 3620 1925 ἐνταῦθα
3641 1887 3766 1922 συν-

487 1954 746 2024 -priorem
780 1954 1106 2010 sententiam
1137 1962 1508 2021 mutaverant,
1538 1955 1630 2009 alii
1657 1954 1710 2010 id
1739 1955 1887 2025 quod
1919 1956 2076 2010 inviti

2185 1957 2358 2028 δρομῇ
2384 1955 2478 2009 τοῦ
2501 1955 2781 2024 Ἀκακίου,
2805 1957 2864 2023 ὃς
2887 1957 3074 2031 ⁴έτερος
3099 1960 3195 2030 μὲν
3217 1955 3286 2032 ἦν
3309 1960 3408 2031 τὴν
3442 1960 3619 2025 δόξαν,
3645 1960 3766 2014 ἓτε-

489 2039 774 2103 .fecerant,
792 2041 1214 2111 dispensationis
1244 2045 1466 2099 nomine
1489 2045 1875 2113 praetexebant.
1906 2043 2079 2101 Porro

2189 2064 2279 2118 ρος
2306 2047 2363 2100 δὲ
2400 2046 2501 2118 τὴν
2549 2048 2815 2117 γλῶτταν,
2852 2049 3230 2122 ύπογράφουσι
3265 2046 3465 2114 πάντες
3486 2051 3598 2103 ὅσοι
3619 2066 3766 2122 παρ-

489 2131 862 2190 »ϐοηειοηιίιιε
920 2133 1354 2191 Occidentalium
1398 2136 1686 2205 epistolam
1731 2138 1788 2192 in
1839 2138 2078 2194 medium

2186 2140 2346 2209 ἦσαν,
2383 2138 2478 2191 καὶ
2505 2139 2619 2192 ὅσοι
2649 2140 2779 2210 πρὶν
2802 2139 3134 2211 ἐπρέσϐευον
3159 2141 3218 2194 τὺ
3237 2141 3593 2213 έτεροούσιον.

489 2229 810 2300 proferens,
851 2231 1201 2301 praesentium
1258 2233 1638 2306 episcoporum
1696 2233 2189 2304 subscriptionibus
2241 2233 2448 2288 firmari
2485 2248 2606 2290 eam
2662 2233 2853 2299 jussit.
2899 2235 3297 2292 Continebatur
3347 2244 3524 2293 autem
3569 2234 3624 2288 in
3661 2235 3766 2289 hac

503 2322 754 2390 epistola,
783 2321 980 2377 Filium
1001 2323 1149 2379 Patri
1183 2326 1416 2382 similem
1441 2343 1561 2384 esse
1593 2327 1894 2396 secundum
1931 2325 2266 2397 Scripturas.
2290 2328 2428 2382 Tum
2505 2341 2632 2383 vero
2667 2343 2836 2399 opera
2889 2331 3050 2385 etiam
3113 2329 3357 2399 ejusdem
3398 2328 3613 2395 Acacii,
3667 2327 3765 2396 qui

489 2414 725 2483 quidem
779 2417 925 2473 aliud
971 2418 1026 2473 in
1057 2427 1278 2488 pectore
1301 2421 1665 2486 reconditum,
1703 2421 1848 2479 aliud
1895 2421 1950 2476 in
2000 2419 2185 2490 lingua
2236 2427 2555 2490 promptum
2611 2420 2883 2488 habebat,
2922 2421 3159 2478 universi
3191 2421 3286 2492 qui
3331 2421 3575 2488 aderant,
3620 2426 3676 2474 et
3720 2418 3763 2476 il

497 2527 728 2583 quoque
753 2513 857 2584 ipsi
891 2515 984 2585 qui
1011 2515 1333 2573 dissimilem
1377 2519 1742 2575 substantiam
1769 2528 1928 2575 antea
1953 2514 2186 2591 professi
2218 2513 2458 2582 fuerant,
2496 2515 2964 2588 subscripserunt.

750 2624 859 2680 'EX
899 2623 1104 2682 LIBRO
1141 2625 1403 2694 QUlNTO
1442 2627 1817 2687 ΗΙδΤΟΒΙιιΕ.

2465 2627 2560 2680 ΕΚ
2601 2626 2736 2678 ΤΗΣ
2773 2617 3110 2682 nEMHTHz
3147 2627 3477 2684 ΙΣΤΟΡΙΑΣ.

577 2717 630 2772 1.
665 2717 889 2772 Aeacius
924 2717 1227 2772 Basilianos
1263 2727 1314 2773 et
1361 2719 1612 2775 Aelianas
1655 2721 1824 2792 pellit.
1879 2719 2078 2777 Homo-

2255 2724 2324 2770 α’.
2356 2718 2498 2783 Ὅτι,
2529 2718 2680 2789 φησὶ,
2708 2717 2845 2788 μετά
2865 2719 3039 2774 ταῦτα
3065 2720 3318 2785 Ἀκάκιος
3341 2723 3466 2787 τοὺς
3505 2724 3632 2798 περὶ
3659 2724 3768 2778 Βα-

505 2808 716 2862 ousiani
759 2807 1012 2861 ordinati.
1047 2805 1292 2862 Meletius
1332 2809 1489 2878 episc.
1539 2810 1783 2864 Antioch.
1836 2839 1905 2851 —
1949 2808 2079 2866 Post

2187 2809 2384 2864 σίλειον
2418 2811 2514 2863 καὶ⁷
2538 2811 2858 2878 Εὐστάθιον,
2895 2811 3114 2882 βασιλέα
3170 2815 3360 2880 πείσας
3415 2817 3511 2871 καὶ
3561 2819 3767 2884 αἰτίαις

505 2901 622 2955 haec
646 2900 900 2966 Aeacius,
926 2915 1050 2954 cum
1081 2900 1462 2969 imperatorem
1491 2903 1544 2955 in
1571 2917 1728 2974 suam
1749 2903 2077 2957 sententiam

2183 2900 2374 2965 ἄλλους
2401 2901 2588 2966 ἄλλαις
2618 2902 2921 2970 ύποὸαλὼν,
2949 2905 3201 2977 καθαιρεῖ
3225 2907 3332 2961 τῶν
3365 2907 3587 2979 θρόνων.
3618 2912 3770 2965 Καθ-

489 2989 1168 3061 pertraxisset,’Basilium
1190 2999 1244 3046 et
1272 2991 1615 3047 Eustathium
1634 2993 1881 3063 aliosque
1892 2993 2077 3063 plures

2183 2995 2329 3065 αιρεί
2375 2993 2432 3046 δὲ
2484 2994 2578 3049 καὶ
2626 2995 2954 3050 Μακεδόνιον
3001 2996 3092 3051 τὸν
3148 2999 3770 3065 Κωνσταντινουπόλεως

497 3084 672 3140 variis
718 3083 1195 3139 criminationibus
1241 3083 1543 3152 appetitos,
1578 3097 1644 3137 ex
1695 3084 1809 3139 suis
1855 3083 2076 3139 sedibus

2185 3084 2502 3138 ἐπίσκοπον.
2540 3084 2844 3150 Παυθέντος
2879 3087 2936 3140 δὲ
2981 3085 3076 3142 τοῦ
3119 3087 3471 3153 Μακεδονίου,
3515 3089 3768 3155 Εύδόξιος

505 3173 757 3245 deposuit
782 3173 914 3245 (24).
945 3171 1126 3243 ipsum
1161 3187 1377 3242 quoque
1405 3171 1778 3228 Macedonium
1808 3172 2079 3229 Constan-

2185 3175 2244 3240 ἐξ
2280 3175 2610 3246 Ἀντιοχείας
2649 3178 3028 3233 Κωνσταντίου
3064 3180 3258 3254 γνώμῃ
3299 3180 3770 3252 ἀντικαθιδρύεται

492 3265 765 3335 tin0polis
795 3263 1113 3334 episcopum
1154 3263 1465 3318 sacerdotio
1498 3263 1670 3319 exuit.
1707 3262 1877 3320 Porro
1906 3265 2078 3335 depo-

505 3359 612 3414 Sito
640 3355 1288 3421 Macedonio,'Eudoxius
1319 3371 1383 3411 ex
1415 3355 1769 3412 Antiochensi
1798 3359 2076 3427 episcopo,

505 3454 782 3502 annuente
821 3444 1178 3511 Constantio,
1235 3445 1292 3499 in
1345 3445 1466 3515 ejus
1522 3447 1700 3501 locum
1751 3447 2080 3517 subrogatus

494 3550 607 3596 est.
640 3541 679 3595 li
709 3554 840 3593 vero
868 3537 964 3608 qui
997 3538 1230 3608 depositi
1269 3537 1520 3604 fuerant,
1544 3539 1611 3593 in
1642 3539 1894 3594 exsilium
1924 3538 2078 3596 missi

506 3631 906 3698 sunt,Basilius
936 3632 1155 3701 quidem
1191 3631 1244 3685 in
1283 3629 1562 3702 Illyricum
1595 3650 1609 3686 :
1644 3632 1838 3702 reliqui
1872 3641 2077 3697 autem,

495 3722 646 3776 alius
672 3720 779 3774 alio
801 3720 1031 3790 dispersi
1064 3738 1081 3775 :
1105 3719 1199 3791 qui
1223 3736 1347 3774 cum
1379 3721 1433 3775 in
1452 3721 1704 3776 exSilium
1729 3723 2077 3785 ducerentur,

504 3811 934 3881 subscriptiones
993 3826 1122 3866 suas
1185 3811 1386 3880 quibus
1440 3810 1804 3866 Ariminensis
1860 3809 2078 3865 concilii

507 3902 664 3957 ﬁdem
689 3900 1168 3964 confirmaverant,
1198 3907 1566 3962 revocarunt;
1592 3908 1756 3969 atque
1782 3899 1834 3952 lii
1858 3900 2076 3969 quidem

506 3992 1026 4049 consubstantialem
1051 4031 1065 4053 .
1100 3990 1177 4045 illi
1224 4006 1356 4045 vero
1406 3991 1600 4046 similis
1628 3991 1944 4046 substantiae
1989 3990 2080 4045 Fi-

505 4087 637 4142 lium
671 4085 868 4140 iterum
909 4084 1295 4154 praedicarunt.
1335 4082 1525 4139 Aetius
1557 4091 1739 4137 autem
1775 4082 2076 4152 depositus,

505 4187 792 4250 propterea
838 4177 982 4248 quod
1013 4175 1434 4250 ἀπαράλλακτον
1475 4177 1786 4240 invexerat,
1818 4175 1965 4244 quod
1994 4189 2082 4230 re-

505 4270 674 4341 liquis
711 4269 830 4340 ejus
856 4268 1202 4323 sermonibus
1241 4283 1305 4322 ac
1339 4267 1558 4338 scriptis
1598 4265 1887 4322 manifeste
1917 4281 2082 4336 repu-

489 4361 730 4432 gnabat,
762 4357 1150 4428 Mopsuestiam
1185 4357 1394 4414 Cilicia:
1423 4359 1715 4428 relegatur,
1737 4372 1864 4412 cum
1887 4371 2078 4412 omnes

507 4465 676 4523 prope
716 4450 946 4505 modum
995 4451 1114 4519 ejus
1164 4448 1412 4504 fautores
1470 4463 1534 4505 ac
1583 4459 1916 4514 sectatores,
1968 4462 2079 4502 non

2184 3266 2262 3337 τῷ
2287 3265 2481 3338 θρόνῳ.
2517 3267 2962 3342 Ὑπερορίζονται
2999 3271 3056 3325 δὲ
3099 3271 3190 3325 καὶ
3234 3273 3284 3324 οἰ
3328 3272 3763 3344 καθαιρεθέντες,

2186 3355 2460 3422 Βασίλειος
2492 3357 2591 3428 μὲν
2614 3358 2694 3421 εἰς
2726 3357 3033 3430 Ἰλλυριοὺς,
3062 3361 3110 3413 οἰ
3137 3359 3199 3413 δὲ
3220 3359 3396 3414 λοιποὶ
3420 3361 3575 3426 ἀλλος
3603 3361 3769 3415 ἀλλα⁹

2185 3448 2342 3520 χόσεο
2374 3449 2423 3501 οἳ
2457 3449 2593 3519 πρὸς
2624 3450 2723 3520 τὴν
2762 3450 3050 3522 ὑπερόριον
3094 3451 3468 3524 στελλόμενοι,
3515 3453 3768 3507 ἀθετοῦσι

2188 3537 2284 3607 μὲν
2312 3535 2408 3599 τὰς
2440 3537 2642 3600 οἰκείας
2669 3537 3011 3609 ὑπογραφάς,
3045 3534 3135 3615 αἷς
3168 3541 3265 3612 τὴν
3303 3543 3360 3596 ὲν
3388 3535 3649 3614 Ἀριμίνῳ
3682 3544 3768 3596 πί-

2187 3643 2299 3679 στιν
2328 3627 2779 3699 ύπεσημήναντο⁶
2815 3629 3246 3701 ἀνακηρύττουσι
3287 3632 3345 3685 δὲ
3393 3631 3549 3687 πάλιν
3581 3635 3630 3686 οἱ
3666 3633 3769 3705 μὲν

2184 3714 2245 3768 τὸ
2276 3716 2578 3786 όμοούσιον,
2608 3717 2657 3770 οἰ
2701 3717 2758 3771 δὲ
2790 3717 2852 3770 τὸ
2878 3719 3201 3789 όμοιούσιον.
3249 3722 3358 3776 Καὶ
3389 3721 3418 3772 ὁ
3451 3721 3656 3787 ’Λέτιος
3687 3723 3764 3788 δὲ,

2183 3805 2531 3876 καθαιρεθεὶς
2565 3808 2696 3860 διότι
2727 3808 2788 3862 τὸ
2813 3809 3226 3881 ἀπαράλλακτον
3249 3813 3597 3885 εἰσηγήσατο,
3627 3814 3771 3887 ὅπερ

2185 3897 2348 3952 αὑτοῦ
2379 3902 2499 3962 ταῖς
2525 3899 2709 3964 ἄλλαις
2745 3901 2980 3971 ὁμιλίαις
3019 3904 3113 3957 καλ⁵
3164 3909 3505 3975 συγγραφαῖς
3538 3907 3770 3979 διαρρή-

2183 3989 2280 4061 δην
2310 3990 2643 4061 ἀπεμάχετο,
2679 3993 2966 4064 ὑπερόριος
2993 3997 3072 4058 είς
3115 3995 3488 4066 Μοψουεστίαν
3523 3998 3624 4068 τῆς
3657 4000 3767 4052 Κι-

2184 4080 2362 4146 λικίας
2404 4083 2768 4153 ἐκπέμπεται,
2821 4086 3248 4157 ὑπογραψάντων
3301 4088 3420 4141 κατ’
3474 4088 3666 4152 αὑτοῦ,
3700 4091 3767 4143 ού

2187 4175 2348 4245 μόνον
2383 4173 2471 4240 δὲ,
2510 4174 2646 4230 ἀλλὰ
2683 4176 2778 4230 καὶ
2815 4177 2957 4230 κατά
2992 4179 3088 4248 τῆς
3120 4178 3354 4242 πίστεως
3382 4179 3448 4250 ῆν
3474 4180 3764 4250 ἐκήρυττε,

2187 4267 2383 4340 μικροῦ
2417 4269 2632 4323 πάντων
2668 4267 2831 4322 αύτοῦ
2869 4267 2977 4322 τῶν
3004 4269 3248 4340 ἐραστῶν
3283 4270 3376 4323 καὶ
3411 4271 3762 4341 όμοφρόνων·

2180 4359 2292 4413 τῶν
2327 4359 2424 4430 μὲν
2459 4359 2523 4412 ὲκ
2556 4358 2857 4430 μεταϐολῆς
2900 4358 3007 4414 τῶν
3055 4360 3221 4413 πάλαι
3267 4359 3617 4430 δεδογμένων,
3653 4361 3765 4413 τῶν

2183 4447 2241 4502 δὲ
2268 4443 2379 4512 τοῖς
2411 4452 2620 4520 καιροῖς
2648 4449 2922 4514 ἐνδόντων,
2955 4448 3048 4501 καὶ
3076 4448 3173 4518 τὴν
3197 4447 3290 4502 τοῦ
3323 4447 3585 4518 βασιλέως
3623 4447 3766 4515 γνὼο

509 4544 686 4614 ipsum
718 4540 901 4607 modo,
931 4554 1122 4595 verum
1151 4539 1313 4594 etiam
1347 4539 1509 4594 tidem
1536 4554 1701 4609 quam
1725 4537 2070 4608 praedicabat,

2183 4554 2286 4608 μην
2313 4535 2546 4608 κρείττω
2565 4537 2663 4606 τῆς
2684 4535 2832 4606 παρά
2857 4535 3038 4605 σφίσιν
3065 4535 3320 4606 ἀληθείας
3349 4535 3762 4605 ποιησαμένων.

509 4633 914 4704 subscriptione
959 4646 1059 4687 sua
1095 4631 1453 4685 damnassent
1497 4647 1511 4684 :
1557 4630 1648 4684 alii
1694 4630 1913 4700 quidem
1963 4628 2080 4700 opi-

509 4728 728 4782 nionem
771 4739 934 4796 quam
989 4723 1140 4795 prius
1187 4722 1427 4794 amplexi
1464 4722 1681 4777 fuerant
1726 4721 2075 4790 abjicientes;

507 4818 601 4873 alii
633 4830 761 4872 vero
795 4814 1025 4887 tempori
1061 4814 1383 4881 servientes,
1418 4821 1472 4868 et
1502 4813 1848 4884 imperatoris
1880 4813 2077 4867 volun-

492 4917 673 4964 tatem
699 4908 925 4962 veritate
951 4906 1067 4975 ipsa
1096 4904 1362 4975 potiorem
1389 4903 1714 4973 judicantes.
1743 4901 1914 4957 Porro
1937 4903 2077 4957 Aca-

508 5002 804 5065 cius,ch
839 4997 1100 5053 Basilium
1127 4996 1347 5066 quidem
1382 4995 1452 5050 ob
1479 4994 1719 5066 privatas
1744 4993 2079 5058 inimicitias,

508 5093 722 5148 Aetium
750 5104 883 5146 vero
904 5088 981 5144 ob
1005 5088 1323 5159 dogmatum
1353 5085 1774 5156 discrepantiam
1797 5084 2082 5154 deposuis-

510 5195 613 5252 set,
647 5195 704 5242 et
731 5184 786 5238 in
815 5181 1068 5239 exsilium
1096 5179 1372 5246 lrusisset,
1403 5177 1706 5234 Caesaream
1741 5176 1989 5241 rediens,
2024 5176 2078 5229 in

2194 4627 2258 4685 Ὀ
2283 4629 2340 4684 δὲ
2380 4630 2630 4692 ’Δκάκιος
2657 4629 2782 4692 τοὺς
2813 4627 2942 4700 περὶ
2973 4627 3252 4680 Βασίλειον
3276 4626 3340 4680 δι’
3377 4626 3512 4681 ἰδίαν
3539 4626 3764 4698 ἔχθραν,

2184 4721 2277 4777 καὶ
2302 4722 2394 4776 τὸν
2427 4721 2629 4774 ’Δέτιον
2653 4719 2812 4774 διὰτὸ
2841 4719 3164 4790 έτεροδοξεῖν
3194 4716 3457 4784 καθελὼν,
3481 4719 3575 4773 καὶ
3601 4720 3770 4791 ὑπερ-

2183 4813 2364 4884 ορίους
2396 4812 2780 4883 ποιησάμενος,
2804 4811 3118 4884 ἀνατρέχων
3149 4809 3244 4864 ἐπὶ
3273 4809 3372 4881 τὴν
3400 4809 3765 4880 Καισάρειαν,

2181 4906 2304 4967 ταῖς
2335 4903 2692 4976 χηρευούσαις
2722 4903 3067 4973 Ἐκκλησίαις
3108 4902 3386 4973 ἀρχιερεῖς
3425 4901 3674 4972 καθίστη,
3701 4903 3769 4957 τὸ

2179 4995 2462 5067 όμοούσιον
2493 4995 2923 5068 θρησκεύονταςο
2953 4994 3053 5048 καὶ
3096 4993 3386 5065 καθίστησι
3429 4993 3528 5064 μὲν
3571 4993 3629 5047 ὲν
3659 4993 3768 5046 Νι-

2179 5089 2440 5162 κομηδείᾳ
2465 5089 2585 5144 ἀντί
2616 5089 2946 5162 Κεκροπίου,
2980 5087 3269 5158 Ὀνήσιμον
3288 5102 3302 5116 ·
3332 5086 3454 5140 ἀντὶ
3495 5085 3555 5140 δὲ
3593 5085 3767 5139 Βασι-

2178 5179 2321 5232 λείου
2359 5183 2427 5252 τῇ
2460 5179 2724 5251 Ἀγκύρᾳ,
2755 5177 3072 5236 Ἀθανάσιον
3102 5175 3237 5249 (25).
3273 5175 3525 5231 ’Δκάκιον
3555 5176 3614 5231 δὲ
3642 5175 3769 5230 ἓτε-

1732 5328 1975 5374 νΑιΕεΠ
2015 5330 2511 5378 ΔΝΝΟΤΑΤΙΟΝΕΒ.

582 5439 694 5520 (ἓξ)
729 5436 1047 5520 Ἐιέθεὶἀοτίέ·
1071 5433 1108 5493 ¹·
1136 5431 1388 5520 ἔένηεο²βῖ
1541 5500 1608 5520 η-
1643 5499 1744 5520 ιη
1784 5497 2033 5520 ..μ---ε

581 5497 693 5582 (255
733 5504 812 5575 Τῇ
849 5507 1095 5582 Ἀγκύρῃ
1136 5497 1498 5582 Ἀ’θανάςιον.
1519 5500 1614 5582 ‘De
1643 5497 2075 5582 hoantlianasio

506 5568 736 5648 Διὰ-νέω
779 5568 1075 5648 Episcopo,
1111 5584 1305 5648 praeter
1335 5571 1623 5648 _So_cratem
1664 5568 2076 5648 et_I3asi|ium_a

500 5636 842 5704 Cotl'iofredo
873 5636 1068 5701 citatos
1084 5636 1374 5709 [meminit
1395 5640 1689 5711 Gregorius
1703 5636 1992 5711 l‘iyssenus
2021 5639 2077 5711 in

506 5718 648 5776 libro
677 5719 851 5787 primo
875 5727 1056 5787 contra
1082 5708 1421 5787 Eunomiuin,
1447 5708 1628 5787 p.99?
1653 5727 1666 5764 :
1693 5708 1776 5787 Τά
1799 5710 1907 5787 [duo
1936 5708 2078 5787 κατά

505 5787 601 5845 τὸν
657 5779 857 5840 ’Ᾱέτιον
890 5785 1076 5841 τοῦτον
1136 5779 1466 5835 ’Δθανασίου
1502 5782 1634 5834 ποτε
1678 5779 1770 5834 τοῦ
1817 5779 2070 5834 Γαλατῶν

2182 5433 2765 5504 ἐπισκόπουλέγοντος
2799 5433 3041 5504 ἤκουσα,
3094 5429 3288 5504 ἀνδρός
3323 5431 3424 5484 οὐκ
3462 5429 3527 5504 ἀν
3557 5448 3611 5484 τι
3653 5431 3770 5504 πρὸ

2180 5503 2282 5572 τῆς
2315 5503 2570 5574 ἀληθείας
2591 5499 2642 5556 ’π
2709 5521 2760 5556 τι
2809 5499 3060 5573 ήσαντος,
3090 5499 3207 5556 etc.‘
3237 5502 3291 5555 Id
3327 5509 3429 5567 est,
3466 5499 3608 5556 Nam
3640 5499 3768 5572 quis

2181 5582 2229 5626 et
2247 5573 2420 5626 aualis
2449 5572 2606 5626 fuerit
2745 5521 2950 5626 retine.
2969 5570 3148 5626 audivi
3167 5571 3433 5626 quondam
3453 5584 3768 5626 narrantem

2181 5570 2420 5643 et'qualis
2447 5572 2606 5640 fuerit
2635 5570 2718 5626 hic
2745 5570 2950 5635 Aelius,
2969 5570 3148 5626 audivi
3167 5571 3433 5642 quondam
3453 5570 3769 5626 narrantem

2182 5643 2535 5696 Athanasium
2557 5643 2854 5696 enisconum
2883 5641 3133 5696 Galatia.
3169 5642 3335 5696 virum
3369 5643 3456 5696 cui
3483 5640 3615 5696 nihil
3645 5656 3772 5696 un—

2182 5641 2535 5696 Athanasium
2557 5643 2854 5712 episcopum
2883 5641 3133 5707 Galatia,
3169 5642 3335 5697 virum
3369 5643 3456 5698 cui
3483 5641 3590 5696 uilli

2181 5727 2338 5782 quam
2361 5713 2578 5769 veritate
2597 5713 2702 5785 fuit
2728 5713 3020 5784 antiquius.
