4026 6342
262 374 373 433 529

1290 383 1849 447 ECCLESIASTIC‘E
1892 392 2240 450 HISTORIA?
2281 393 2408 452 LIB.
2445 395 2513 450 Υ.

3399 398 3517 452 δδυ

263 506 360 582 ρον
385 489 507 582 ἀντὶ
534 489 813 557 Σιλσανοῦ,
840 494 904 564 τῇ
944 492 1159 567 Ταρσῷ.
1214 498 1301 553 Ἐν
1336 501 1395 555 δὲ
1430 504 1497 574 τῇ
1524 503 1842 577 Ἀντιοχείᾳ.

1950 508 2205 567 Ecclesiis
2227 525 2349 582 quae
2369 518 2586 581 pastore
2608 522 2708 565 suo
2734 507 2965 564 viduatae
2985 515 3162 575 erant,
3186 522 3281 564 eos
3300 507 3507 578 episco-

258 581 381 634 ὅσοι
413 580 514 652 μέν
544 598 675 637 ποτε
711 582 819 638 τῶν
862 587 923 639 ὲν
957 586 1035 658 τῷ
1074 589 1261 661 κληρφ
1306 594 1646 666 συνέπραξαν
1684 599 1845 653 Βασι-

259 673 391 742 λείῳ
415 673 475 729 ἐν
501 677 615 739 τοῖς
643 676 782 729 κατά
806 677 900 730 τοῦ
936 680 1142 734 Ἀετίου
1168 684 1262 736 καὶ
1288 684 1536 751 Εὑδοξίου
1560 688 1843 761 τολμηθείο

263 780 373 833 σιν,
395 766 608 837 ἐρήμην
633 767 943 837 ἠλαύνοντο.
979 771 1240 827 Μελέτιον
1279 773 1335 828 δὲ
1372 776 1475 847 τῆς
1519 777 1846 845 Σεϐαστείας

260 855 373 909 τῶν
399 857 697 927 Ἀρμενίων
743 862 1258 933 μεταπεμψάμενος,
1305 866 1427 921 ἀντὶ
1471 869 1723 936 Εύδοξίου
1765 871 1846 943 τῷ

261 943 439 1015 θρόνῳ
482 945 858 1018 ἐγκαθιδρύειο
894 950 993 1021 ἤδη
1044 952 1155 1022 γάρ
1208 953 1458 1021 Εὐδόξιος
1501 959 1847 1015 Κωνσταντι-

256 1034 567 1099 νουπόλεως
594 1037 899 1094 ἐπέϐαινεν.
936 1040 992 1095 Ὀ
1016 1041 1075 1094 δὲ
1099 1042 1378 1112 Μελέτιος,
1406 1046 1475 1100 τὰ
1505 1048 1604 1119 μὲν
1630 1049 1843 1121 πρῶτα,

258 1128 327 1197 τῇ
379 1125 475 1179 τοῦ
522 1125 785 1196 βασιλέως
832 1132 994 1201 ῥοπῇ,
1041 1130 1358 1203 θεραπεύων
1409 1137 1468 1190 τὸ
1510 1138 1844 1211 έτεροούσιον

260 1217 586 1288 ὑπεκρίνετο
633 1218 766 1289 (26),
800 1220 893 1273 καὶ
942 1220 1020 1292 τῷ
1073 1222 1224 1296 τόμῳ
1270 1225 1378 1279 τῶν
1424 1228 1692 1301 ἑσπερίων
1744 1232 1847 1286 ὑπ-

259 1306 492 1380 έγραψε,
513 1308 606 1363 τοῦ
636 1310 691 1363 δε
713 1311 812 1381 τῆς
850 1312 1176 1385 Ἀντιοχείας
1201 1316 1447 1387 ὲπάρξας
1474 1318 1687 1390 θρόνου,
1723 1321 1848 1394 θερ-

262 1398 365 1469 μὸς
399 1395 470 1470 ἦν
507 1400 601 1454 τοῦ
633 1403 917 1471 όμοουσίου
947 1404 1285 1477 ὑπέρμαχος.
1308 1410 1618 1481 Χειροσονεϊ
1655 1413 1712 1467 δὲ
1752 1416 1846 1468 καὶ

258 1490 527 1558 Πελάγων
556 1494 585 1545 6
625 1493 875 1558 Ἀκάκιος
919 1498 977 1549 έν
1017 1497 1342 1570 Λαοδικείᾳο
1382 1500 1477 1553 καὶ
1509 1502 1695 1567 ἁπλῶς
1720 1504 1847 1560 ἔνθα

257 1582 325 1635 ἀν
348 1585 381 1654 ἡ
410 1582 640 1655 δύναμις
660 1586 844 1639 εἵπετο
873 1586 1006 1657 (27),
1034 1588 1132 1659 τὴν
1156 1588 1349 1661 βουλὴν
1386 1591 1587 1657 ἐδίδου,
1616 1594 1757 1649 κατὰ
1786 1598 1848 1651 τὸ

259 1674 552 1742 κράτιστον
596 1674 716 1729 ἀντὶ
750 1676 861 1729 τῶν
900 1675 1257 1740 ἐξελαθέντων
1299 1680 1428 1743 τοὺς
1465 1681 1528 1735 τὸ
1566 1684 1846 1753 όμοούσιον

258 1766 342 1826 είς
362 1763 422 1817 τὸ
442 1765 846 1836 ἀπροφάσιστον
870 1768 1145 1838 τιμῶντας
1162 1769 1573 1837 ἐγκαθιστάναι.

1946 617 2045 672 pos
2065 602 2363 667 constituit,
2390 602 2481 672 qui
2508 600 2986 656 consubstantialis
3010 599 3167 655 ﬁdem
3193 598 3509 669 proﬁteren-

1946 702 2054 748 tur.
2071 692 2149 748 Ac
2167 691 2496 748 Nicomediae
2518 691 2735 762 quidem
2763 692 2817 746 in
2834 691 3015 746 locum
3032 690 3296 759 Cecropii,
3316 688 3510 745 Onesi-

1946 799 2097 840 mum
2113 784 2386 840 ordinavit
2408 784 2664 855 ;Ancyra
2676 797 2804 838 vero
2817 783 2870 837 in
2886 782 3063 837 locum
3078 780 3261 836 Basilii
3277 780 3510 835 Athana-

1947 873 2089 929 sium
2107 873 2407 929 substituit.
2427 872 2792 928 Tarsensibus
2816 879 2997 927 autem
3022 869 3361 925 Silvaniloco
3378 870 3512 926 Aca-

1948 960 2092 1017 cium
2110 962 2341 1017 alterum
2364 961 2622 1032 praefecit.
2641 960 2941 1015 Antiochia:
2959 975 3089 1015 vero
3118 959 3301 1015 clerici
3319 974 3405 1014 om
3415 975 3510 1015 nes

1944 1052 2182 1124 quicum
2203 1054 2408 1109 Basilio
2431 1054 2562 1108 olim
2584 1061 2977 1109 consenserant
2997 1052 3053 1107 in
3073 1052 3160 1107 his
3181 1066 3301 1121 quae
3322 1058 3509 1106 contra

1944 1142 2162 1198 Aetium
2190 1150 2244 1199 et
2266 1141 2573 1198 Eudoxium
2602 1150 2809 1198 tentata
2838 1142 3072 1208 fuerant,
3103 1141 3302 1196 indicta
3324 1155 3510 1205 causa,

1945 1234 2156 1304 expulsi
2180 1244 2328 1289 sunt.
2355 1233 2422 1288 Et
2445 1233 2691 1289 Meletius
2717 1248 2781 1288 ex
2809 1234 2941 1289 urbe
2965 1231 3236 1288 Armeniae
3266 1230 3514 1286 Sebastia

1946 1326 2173 1391 accitus,
2198 1326 2253 1381 in
2275 1325 2614 1381 Antiochena
2644 1326 2771 1381 sede
2798 1325 2868 1380 ab
2890 1324 3079 1380 eodem
3110 1322 3311 1378 Acacio
3342 1321 3512 1377 collo-

1946 1424 2102 1471 catus
2134 1424 2239 1479 est,
2272 1416 2390 1471 vice
2432 1415 2693 1480 Eudoxii;
2727 1415 2840 1484 jam
2876 1414 3019 1469 enim
3060 1414 3337 1469 Eudoxius
3371 1412 3514 1467 Con-

1947 1504 2485 1575 stantinopolitanam
2517 1505 2583 1560 ad
2609 1505 2792 1560 sedem
2820 1503 3232 1559 conscenderat.
3260 1503 3329 1556 At
3354 1501 3515 1555 Mele-

1947 1598 2077 1661 tius,
2128 1597 2281 1667 prius
2332 1597 2550 1667 quidem
2607 1595 2894 1652 dissimilis
2947 1595 3265 1651 substantia:
3315 1592 3521 1647 Filium

1946 1687 2265 1759 professus,
2302 1688 2370 1743 ad
2420 1686 2767 1757 imperatoris
2802 1686 3087 1741 arbitrium
3139 1700 3261 1740 sese
3299 1698 3516 1738 accom-

1948 1778 2206 1833 modabat
2226 1819 2241 1844 ,
2270 1787 2324 1832 et
2352 1776 2782 1834 Occidentalium
2814 1776 3058 1847 epistola:
3094 1773 3512 1843 subscripserat.

260 1856 369 1912 Sed
405 1866 697 1930 postquam
747 1861 815 1917 ad
864 1861 1263 1919 Antiochenam
1314 1864 1501 1921 sedem
1551 1877 1836 1936 promotus
1872 1878 1990 1938 est,
2023 1871 2509 1928 consubstantialis
2541 1879 2914 1943 propugnator
2980 1868 3278 1924 acerrimus
3346 1863 3516 1920 exsti-

257 1950 345 2006 tit.
389 1951 670 2011 Laodiceae
698 1969 828 2011 vero
856 1955 999 2011 idem
1037 1956 1273 2014 Aeacius
1333 1958 1613 2031 Pelagium
1674 1962 1949 2019 ordinavit
2012 1967 2356 2038 episcopum.
2385 1966 2599 2037 Atque,
2638 1972 2701 2020 ut
2741 1965 2975 2019 breviter
3013 1963 3188 2019 dicam
3212 2002 3226 2027 ,
3282 1960 3516 2015 ubicun-

255 2062 370 2119 que
396 2045 482 2101 vis
522 2061 587 2101 ac
614 2046 857 2116 potentia
899 2046 950 2101 ei
991 2048 1281 2104 consilium
1315 2048 1511 2118 dabat,
1556 2050 1612 2105 in
1647 2065 1839 2108 eorum
1872 2054 2052 2112 locum
2085 2060 2183 2129 qui
2230 2058 2447 2130 expulsi
2483 2058 2726 2125 fuerant,
2776 2070 2872 2112 eos
2903 2054 2998 2126 qui
3050 2052 3516 2110 consubstantiale

257 2139 604 2210 apertissime
621 2141 1030 2209 proﬁterentur,
1053 2157 1270 2200 summo
1300 2143 1484 2200 studio
1516 2145 1826 2202 collocavit.

330 2229 397 2299 β’.
433 2231 577 2293 Ὅτι,
620 2232 804 2301 φησὶν,
853 2234 882 2285 6
930 2230 1182 2303 βασιλεὺς
1224 2234 1375 2305 παρά
1430 2234 1684 2290 ’Δκακίου
1731 2237 1844 2310 (28)

2014 2240 2070 2293 2.
2105 2238 2244 2294 Aetii
2289 2237 2561 2293 exsilium.
2603 2269 2671 2279 —
2694 2236 2832 2293 Cum
2858 2236 3176 2306 imperator
3220 2250 3283 2291 ex
3315 2236 3516 2293 Acacio

258 2317 473 2390 μαθὼν,
502 2322 577 2384 ὡς
605 2322 633 2373 6
663 2321 866 2385 Ἀέτιος
901 2322 1005 2376 ὑπὸ
1033 2323 1322 2389 Αύξεντίου
1346 2325 1439 2377 τοῦ
1468 2326 1843 2395 Μοψουεστίας

258 2412 561 2465 ἐπισκόπου
608 2413 663 2475 ἐς
712 2411 781 2465 τά
839 2413 1072 2484 μάλιστα
1126 2414 1522 2488 φιλοφροσύνης
1571 2417 1842 2486 ἀξιοῦται,

258 2503 341 2567 είς
373 2502 656 2574 ’Δμϐλαδα
692 2503 767 2575 (α)
802 2502 913 2573 (29)
950 2505 1138 2559 τοῦτον
1176 2506 1567 2580 μεθορισθῆναι
1600 2526 1845 2581 παρακε-

260 2592 496 2658 λεύεται,
525 2596 642 2648 ἐκεῖ
672 2593 858 2658 κακῶς
882 2595 1189 2667 ἀπορρῆξαι
1214 2597 1305 2651 τὸν
1327 2597 1463 2668 βίον,
1493 2598 1585 2653 διὰ
1618 2600 1679 2652 τὺ
1715 2599 1847 2671 βάρε-

260 2686 427 2757 6αρον
459 2687 554 2739 καὶ
590 2686 969 2757 μισάνθρωπον
996 2688 1104 2742 τῶν
1130 2689 1499 2745 ἐνοικούντων.
1531 2690 1752 2762 Αὐχμοῢ
1789 2692 1846 2746 δὲ

260 2778 354 2830 καὶ
388 2777 577 2845 λοιμοῦ
611 2776 706 2847 τὴν
735 2775 917 2848 χώραν
947 2778 1158 2848 ἔχοντος
1191 2780 1536 2844 ἀνυποίστου,
1574 2781 1650 2847 ὡς
1696 2777 1848 2845 οὗτος

258 2865 291 2916 6
326 2866 592 2937 δυσσεϐὴς
636 2866 980 2936 ψευδολογεί,
1039 2868 1130 2921 τὸν
1173 2869 1376 2923 Ἀέτιον
1425 2869 1848 2941 ὲξιλεωσάμενον

268 2958 321 3011 εδ
363 2957 518 3011 Θεῖον
569 2957 726 3011 λῦσαι
768 2959 867 3029 μὲν
914 2961 984 3012 τά
1022 2959 1189 3027 δεινὰ,
1226 2960 1548 3031 παμπόλλης
1581 2962 1638 3015 δὲ
1666 2965 1849 3033 τυχεῖν

262 3050 369 3104 ὑπὸ
392 3050 502 3103 τῶν
528 3049 880 3106 ἐνοικούντων
910 3050 1121 3114 εὐνοίας
1162 3067 1223 3104 τε
1262 3052 1357 3104 καὶ
1402 3052 1846 3122 σεϐασμιότητος.

330 3139 403 3210 γ’.
435 3142 558 3194 Ὀτι
604 3141 713 3195 τῶν
763 3144 892 3213 περὶ
946 3141 1245 3196 Εὑστάθιον
1302 3144 1397 3196 καὶ
1441 3143 1703 3197 Εὐσέϐιον
1757 3144 1851 3199 καὶ

274 3231 547 3286 Ἐλεύσιον
570 3232 1022 3303 καθαιρεθέντων,
1052 3235 1101 3287 οἱ
1133 3233 1276 3304 ἀμφὶ
1296 3233 1387 3287 τὸν
1413 3235 1595 3305 Μάριν
1615 3234 1708 3287 καὶ
1746 3235 1851 3286 Εὺρ

262 3322 437 3387 δόξιον
476 3321 669 3397 γνώμῃ
708 3324 1111 3389 Κωνσταντίου,
1148 3326 1245 3395 τῆς
1284 3324 1523 3389 Κυζίκου
1554 3325 1647 3378 τὸν
1685 3325 1853 3378 Εὐνό⁴

269 3429 391 3483 μιον
414 3412 487 3483 (b)
523 3414 819 3467 ἐπίσκοπον
853 3413 1269 3483 χειροτονοῦσιν,
1297 3414 1397 3467 οὐκ
1437 3413 1610 3477 ἄλλως
1642 3414 1851 3467 ἐκείνου

266 3503 367 3574 τὴν
392 3504 720 3575 χειροτονίαν
751 3504 1142 3576 ἀνασχομένου,
1168 3507 1217 3557 εί
1261 3505 1334 3576 μὴ
1366 3507 1492 3576 παρ’
1519 3504 1698 3560 αὐτῶν
1724 3505 1854 3558 ὑπο-

1944 2323 2229 2380 didicisset
2249 2365 2265 2392 ,
2293 2326 2507 2380 Aetium
2532 2326 2601 2380 ab
2616 2325 2885 2381 Auxentio
2902 2323 3245 2395 Mopsuestia
3260 2324 3516 2396 episcopo

1946 2414 2097 2471 omni
2125 2414 2467 2471 humanitate
2506 2431 2571 2472 ac
2597 2416 2973 2472 benevolentia
3015 2413 3210 2481 foveri,
3240 2430 3364 2471 eum
3393 2415 3520 2471 Am-

1944 2505 2107 2561 blada
2137 2506 2412 2578 deportari
2433 2507 2621 2577 jussit,
2656 2516 2718 2562 ut
2750 2507 2915 2561 vitam
2950 2506 3061 2561 illic
3088 2507 3289 2562 misere
3312 2507 3514 2575 ﬁniret,

1945 2596 2017 2652 ob
2077 2597 2388 2653 barbariem
2449 2607 2614 2668 atque
2672 2597 3127 2652 inhumanitatem
3187 2597 3516 2653 incolarum.

1946 2688 2196 2759 Cumque
2224 2696 2390 2744 aestus
2419 2702 2484 2743 ac
2508 2687 2816 2758 pestilentia
2852 2688 3213 2742 intolerabilis
3257 2703 3383 2743 eum
3428 2690 3515 2744 lo-

1947 2794 2071 2835 cum
2099 2778 2420 2834 infestarent
2437 2818 2452 2844 ,
2478 2778 2680 2848 impius
2706 2777 2809 2832 iste
2838 2778 3251 2834 mendaciorum
3285 2779 3521 2848 scriptor.

1948 2870 2025 2925 ait
2048 2869 2269 2925 Aetium
2309 2868 2524 2939 placato
2552 2867 2742 2923 divino
2771 2865 3006 2923 Numine
3043 2866 3145 2922 has
3182 2867 3519 2923 calamitates

1948 2958 2244 3029 depulisse,
2266 2965 2321 3013 et
2340 2972 2558 3013 summa
2577 2956 2958 3014 benevolentia
2983 2964 3147 3028 atque
3170 2957 3525 3015 observantia

1950 3047 2020 3102 ab
2060 3047 2254 3103 incolis
2280 3055 2569 3117 exceptum
2596 3062 2739 3103 esse.

2019 3134 2072 3190 5.
2109 3133 2402 3191 Eunomius
2428 3150 2508 3205 ep.
2554 3136 2756 3207 Cyzici.
2804 3167 2876 3178 ——
2911 3137 3042 3195 Post
3070 3139 3364 3207 Eustatbii,
3407 3138 3518 3194 Eu-

1951 3227 2087 3287 sebii
2127 3234 2182 3284 et
2241 3227 2446 3283 Eleusii
2485 3228 2883 3298 depositionem
2912 3269 2928 3293 ,
2969 3228 3136 3287 Maris
3190 3241 3352 3301 atque
3408 3232 3525 3286 Eun

1952 3318 2171 3384 doxius,
2199 3326 2472 3374 annuente
2492 3318 2835 3382 Constantio,
2854 3318 3181 3375 Eunomium
3209 3320 3390 3392 Cyzici
3410 3322 3525 3390 epi-

1954 3425 2180 3479 scopum
2219 3409 2564 3466 ordinarunt.
2597 3409 2703 3477 Qui
2736 3421 2917 3467 tamen
2956 3411 3099 3467 hanc
3127 3412 3521 3467 ordinationem

1954 3503 2234 3572 suscipere
2272 3502 2567 3568 recusavit,
2602 3503 2711 3558 nisi
2748 3503 2904 3573 prius
2945 3503 3296 3571 Sponsionem
3345 3504 3414 3559 ab
3456 3504 3524 3559 iis

269 3595 482 3666 σχέσεις
500 3594 674 3661 λάϐοι,
699 3595 790 3648 τὸν
815 3596 1017 3651 ’Δέτιον
1049 3596 1143 3649 καὶ
1162 3596 1262 3667 τῆς
1290 3594 1602 3668 ὑπερορίας,
1625 3596 1722 3652 καὶ
1751 3596 1849 3666 τῆς

1951 3584 2268 3664 accepisset,
2299 3593 2517 3649 Aetium
2546 3603 2602 3650 et
2627 3594 2821 3649 exsilio
2842 3603 2896 3650 et
2921 3595 3279 3666 depositionis
3310 3605 3525 3651 senten-

270 3685 639 3754 καθαιρέσεως
661 3684 1008 3755 ἀθωωθῆναιο
1046 3686 1141 3740 καὶ
1172 3685 1361 3756 χρόνος
1402 3683 1471 3757 ἧν
1510 3688 1538 3740 6
1583 3686 1683 3758 τῆς
1715 3701 1853 3757 προ-

274 3775 500 3848 θεσμίας
533 3780 613 3841 είς
645 3777 793 3849 τρεῖς
823 3776 1255 3849 ἀπαρτιζόμενος
1278 3778 1473 3849 μῆνας.

1956 3682 2030 3738 tia
2057 3682 2365 3739 absolutum
2393 3683 2483 3738 iri.
2516 3681 2690 3752 Eique
2710 3683 2791 3737 r'ei
2814 3684 3158 3753 perﬁcienda:
3182 3685 3537 3743 intervallum

1959 3774 2124 3830 trium
2154 3771 2425 3831 mensium
2455 3772 2737 3831 definitum
2761 3783 2871 3831 est.

1507 3951 1750 3996 VALESII
1788 3949 2291 3998 ANNOTATIONES.
2400 3952 2401 3955 “

346 4056 457 4129 (26)
508 4057 909 4129 ’Υπζεκρινετᾳ
940 4058 1304 4129 Scribendum
1351 4070 1483 4129 puto
1509 4060 1846 4115 ὕπεκλίνετο.

278 4128 481 4181 Eodem
506 4128 674 4182 verbo
697 4129 869 4182 utitur
890 4128 1287 4197 Philostorgius
1310 4128 1364 4183 in
1394 4129 1534 4183 libro
1558 4145 1630 4196 ιν,
1649 4145 1765 4198 cap.
1792 4131 1846 4193 9,

278 4198 455 4270 καίτοι
480 4198 591 4258 τοῖς
613 4198 741 4270 περὶ
772 4198 1033 4270 Εὐνόμιον
1062 4198 1619 4270 προαποκεκλιμένον.
1647 4197 1852 4253 Gotho-

280 4215 455 4251 καιτοι
480 4215 591 4258 τοις
613 4215 741 4321 περι
772 4215 1033 4268 ιιυνομιον
1062 4215 1619 4270 προαποκεκλιμενον.
1647 4215 1849 4253 ιιοιηο-

280 4267 469 4321 fredus
506 4280 640 4320 vero
718 4282 825 4321 unc
856 4269 1037 4322 locum
1083 4268 1239 4322 aliter
1280 4268 1616 4336 interpunxit
1639 4308 1652 4330 ,
1689 4276 1749 4323 ut
1780 4284 1849 4323 ex

280 4336 539 4390 versione
572 4336 694 4402 ejus
727 4346 965 4405 apparet.
1007 4336 1099 4391 Sic
1130 4337 1273 4391 enim
1305 4338 1692 4405 interpretatur
1727 4356 1740 4390 :
1779 4339 1850 4392 At

284 4405 549 4468 Heletius,
598 4407 752 4460 initio
791 4407 1001 4476 quidem
1038 4407 1368 4476 imperatoris
1403 4406 1556 4460 uului
1602 4408 1851 4473 serviens,

282 4476 619 4547 ἑτεροούσιον
652 4476 941 4547 simulavit.
981 4476 1178 4532 Verum
1218 4476 1401 4547 Graeci
1419 4480 1691 4547 sermonis
1724 4492 1853 4547 pro:

319 4544 487 4617 rietas
529 4544 634 4600 hoc
676 4546 932 4617 loquendi
969 4562 1293 4617 ‘genusrnon
1342 4545 1597 4617 admittit,
1645 4544 1853 4617 τῇίτοῦ

319 4560 487 4599 rietas
529 4560 634 4600 noc
676 4560 729 4598 ιο
771 4560 932 4599 uenat
983 4562 1155 4615 genus
1185 4562 1293 4600 non
1342 4560 1597 4608 admittit,
1645 4560 1711 4617 τῇ
1756 4563 1853 4599 του

281 4560 546 4684 Ιβασιλέως
576 4616 719 4739 conn
732 4561 1082 4737 ίθεραπεύων.
1124 4614 1370 4671 Dicerem
1392 4616 1536 4669 enim
1567 4616 1856 4683 δουλεύων,

282 4692 378 4738 aut
410 4683 545 4739 quid
577 4684 697 4738 sinu
723 4700 771 4737 e.
853 4694 970 4739 ecte
1004 4686 1168 4739 initur
1196 4686 1502 4739 emendavi.
1537 4685 1856 4739 ὑπεκλίνετο

282 4683 378 4738 aut
410 4683 545 4754 quid
577 4683 771 4754 Simile.
803 4683 970 4739 Recte
1004 4686 1168 4754 igitur
1196 4686 1502 4748 emendavi,
1537 4685 1856 4740 ὑπεκλίνετο

281 4756 345 4822 τῇ
377 4751 474 4805 τοῦ
510 4751 771 4825 βασιλέως
805 4756 967 4825 ῥοπῇ.
1002 4751 1134 4820 Qua:
1166 4755 1384 4825 elegans
1422 4765 1507 4809 est
1536 4755 1855 4825 metaphora

1954 4059 2345 4131 syxgetmm.
2400 4057 2503 4114 Sed
2557 4071 2706 4111 nunc
2760 4070 2819 4111 re
2878 4056 3137 4113 attentius
3195 4058 3522 4123 examinata,

1955 4129 2092 4184 nihil
2126 4129 2445 4183 mutandum
2469 4142 2688 4183 censeo.

2027 4197 2141 4268 (28)
2183 4198 2238 4268 Ὀ
2261 4197 2563 4268 ,βασιλεὺς
2590 4197 2750 4264 παρά
2793 4195 3089 4268 Ἀκακίουη
3124 4196 3182 4250 In
3213 4198 3524 4268 apographo

1958 4265 2228 4323 Samuelis
2256 4267 2535 4331 Bocharti,
2562 4275 2685 4337 post
2714 4268 2812 4337 has
2850 4279 3031 4337 voces,
3065 4265 3118 4319 in
3150 4265 3393 4337 maigiile
3416 4265 3524 4321 an-

1958 4339 2214 4392 notantu'r
2253 4338 2369 4392 haec
2396 4332 2612 4407 verba:
2650 4334 2799 4391 Adde
2836 4332 3022 4406 μαθών
3046 4350 3111 4389 ea:
3143 4332 3376 4407 margine
3413 4354 3528 4392 ma-

1953 4407 2213 4475 nuscripti
2240 4406 2573 4475 exemplaris.

2027 4476 2139 4547 (29)
2179 4477 2283 4547 Εἰς
2325 4476 2645 4545 Ἀμϐλαδα.
2679 4477 2736 4531 ln
2782 4476 3161 4547 manuscripto
3189 4476 3378 4532 codice
3426 4475 3529 4532 Sa-

1954 4544 2152 4618 muelis
2180 4544 2448 4618 Bccharti
2478 4547 2716 4618 legitur,
2751 4544 3086 4618 Ἀμὸλασαί
3110 4546 3176 4601 Ει
3208 4547 3372 4618 paulo
3408 4556 3543 4618 post

1955 4630 2054 4708 pro
2081 4615 2406 4670 ἀνυποίστου
2439 4615 2579 4671 idem
2613 4619 2781 4672 codex
2813 4615 2978 4673 liabet
3006 4615 3424 4681 ἀνυποστάτου,
3455 4616 3532 4698 ᾡς

1955 4702 2110 4758 ουτος
2137 4686 2457 4758 ὁ-δυσσεϐὴς
2485 4685 3016 4758 ψευδρλογεῖ.γΡοιί·ο
3053 4702 3180 4758 cum
3201 4685 3315 4758 hoc
3354 4696 3549 4758 capite

1953 4754 2262 4827 iungendus
2290 4765 2373 4827 est
2403 4754 2567 4827 locus,
2603 4755 2787 4811 Suidaa
2821 4757 2883 4827 inp
2910 4770 3042 4810 voce
3071 4754 3361 4827 Δύξέντιος
3382 4754 3533 4827 ..ιιιιὶ

174 4820 189 4841 ⁸
282 4820 621 4903 {momento
642 4820 862 4903 trutinae
890 4820 1201 4903 desumpta.
1223 4820 1342 4879 1am
1373 4839 1520 4903 vero_
1534 4820 1853 4903 θεραπεύων
1885 4843 1932 4903 ι)
1953 4820 2303 4903 absqueulla
2341 4826 2683 4903 dubitatione
2709 4824 3032 4903 descriptus
3044 4832 3130 4878 est
3161 4838 3245 4903 ex”
3266 4824 3372 4903 hoc
3397 4820 3532 4903 ιξιιι-

281 4892 340 4945 τὺ
366 4891 703 4976 ὲιτεροούσιον
721 4892 1007 4976 releganter
1031 4891 1236 4974 dicitur
1259 4909 1357 4962 pro
1386 4893 1581 4965 τιμῶν,
1599 4891 1670 4950 ἰιι
1693 4897 1849 4964 paulo

1960 4891 2220 4976 lostorgii.
2246 4894 2409 4976 libro.
2440 4893 2600 4976 Nam_
2622 4904 2676 4948 et
2723 4894 2864 4976 Aetii
2887 4891 2949 4976 et
2980 4892 3249 4976 ‘Eunomii
3291 4892 3529 4976 elogium

282 4972 407 5030 post
442 4960 683 5029 lbquitur
718 4960 1135 5030 Philostorgius.

353 5030 468 5100 (Ἦ)
496 5032 682 5085 Ἔνθα
704 5030 780 5085 ἂν
796 5032 839 5101 νὴ
862 5030 1114 5101 δύναμις
1140 5033 1356 5086 εἵπετο.
1386 5030 1708 5101 Suspicatus
1732 5048 1855 5088 sum

286 5099 584 5168 aliquando
616 5101 762 5155 hunc
792 5100 972 5155 locum
1000 5099 1073 5156 ita
1106 5099 1511 5157 restituendum
1529 5117 1653 5156 esse
1684 5120 1697 5155 :
1726 5102 1857 5157 ἔνθα

282 5166 350 5223 ἂν
438 5168 667 5241 δύναμις
691 5169 839 5241 αύτῷ
864 5170 961 5242 τὴν
989 5170 1183 5245 βουλὴν
1212 5172 1403 5237 ἐδίδου,
1435 5181 1540 5227 etc.
1572 5170 1638 5226 Et
1666 5172 1720 5227 in
1751 5172 1857 5228 line

1961 4964 2118 5034 quod
2141 4962 2259 5018 illic
2288 4964 2485 5033 legitur
2506 5004 2523 5030 ,
2550 4963 2604 5018 id
2647 4962 3207 5034 manifestedeclarat
3229 4999 3245 5024 ,
3272 4970 3327 5016 et
3353 4962 3532 5034 stylus

1960 5030 2076 5112 ipse
2088 5030 2521 5112 Philostorgium
2551 5042 2829 5112 auctorem
2857 5032 3095 5112 indicat.
3124 5030 3530 5112 'Etpopotenim

1963 5100 2325 5174 ibidicuntur
2362 5100 2605 5172 episcOpi
2650 5120 2665 5157 :
2702 5116 2824 5171 quae
2857 5102 3066 5159 locutio
3103 5100 3400 5174 peculiaris
3446 5107 3534 5155 est

1960 5170 2347 5242 Philostorgio.

1754 5325 2105 5389 numnum.

356 5444 436 5517 (α)
466 5447 785 5517 Ἀμόλαδα.
814 5448 1031 5505 Pisidiae
1058 5450 1249 5505 civitas
1273 5448 1466 5504 dicitur
1490 5447 1858 5517 Artemidoro,

284 5516 437 5594 etes
481 5530 549 5594 eo
595 5516 883 5594 Straboni;
914 5519 1098 5575 Tauro
1136 5520 1311 5594 monti
1344 5518 1607 5588 subjecta,
1642 5516 1860 5594 lsauriae

285 5585 413 5665 olim
447 5585 660 5665 vicina,
687 5598 748 5665 e_t_
773 5588 930 5665 forte
944 5605 1070 5660 pars
1093 5589 1221 5665 eius
1254 5589 1354 5665 hoc
1384 5585 1518 5652 aevo,
1546 5602 1657 5659 quo
1687 5586 1858 5642 Isauri

287 5652 593 5727 latrociniis
630 5652 835 5723 dediti,
867 5652 1149 5727 aii-gravia
1187 5658 1326 5715 bella
1376 5652 1764 5727 proruperant,
1800 5665 1859 5711 ut

289 5723 496 5800 scribit
527 5724 873 5800 Marcellinus
926 5723 1020 5785 lib.
1062 5745 1176 5800 xw,
1230 5728 1283 5784 in
1330 5723 1497 5799 gestis
1545 5723 1676 5783 anni
1730 5727 1854 5782 555.

292 5786 348 5845 1.
372 5791 572 5863 Gothof
576 5799 679 5853 red.
707 5799 760 5853 in
786 5798 883 5853 loc.

2031 5454 2257 5525 (b)]‘ﬁc
2293 5454 2549 5517 Κυζίκου
2592 5453 2698 5508 τὸν
2735 5454 3056 5525 Εὐνόμιον.
3109 5452 3265 5525 Socr.
3315 5453 3421 5525 lib.
3456 5468 3533 5518 Iv,

1960 5521 2095 5591 cap.
2118 5523 2169 5587 7,
2201 5521 2255 5578 et
2290 5525 2414 5579 Soz.
2458 5524 2552 5579 lib.
2597 5540 2672 5585 vr,
2707 5540 2827 5592 cap.
2871 5522 2925 5592 8,
2962 5521 3288 5577 Eunomium
3322 5522 3534 5577 faciunt

1959 5592 2141 5662 Cyzici
2175 5594 2486 5663 episcopum
2517 5593 2620 5649 sub
2651 5591 2870 5647 Valente
2897 5591 3029 5663 imp.
3048 5608 3075 5663 ξ
3093 5592 3195 5647 sub
3210 5594 3541 5663 Constantio

1960 5660 2155 5741 melius
2201 5660 2580 5728 Theodoritus,
2632 5662 2726 5719 lib.
2771 5678 2828 5728 ιι,
2860 5676 2979 5731 cap.
3006 5661 3098 5730 27,
3147 5671 3211 5734 et.
3233 5664 3318 5719 hic
3350 5660 3545 5719 Philo!

1961 5741 2219 5801 storgms.
