4028 6338
274 365 396 424 833

1298 367 1856 430 εοειεειιιετιολε
1899 367 2248 428 ηιετοιιιιε
2289 367 2418 427 LIB.
2461 367 2549 425 Vl.

3430 369 3544 427 εει

270 479 406 531 σίαν
433 473 496 530 οὗ
537 478 821 547 προσίετοο
850 477 963 534 ἴσον
995 480 1074 544 είς
1110 480 1458 556 βλασφημίαν
1501 485 1676 554 λέγων
1707 481 1868 554 εῖναι,

1974 484 2159 542 habuit
2193 482 2574 548 concionlbus,
2602 493 2890 550 nunquam.
2911 479 3287 552 deprehensus
3315 490 3400 536 est
3426 480 3544 537 dis»-

263 569 464 640 ὅμοιον
487 569 607 622 κατ’
631 567 820 623 οὐσίαν
844 569 1020 640 λέγειν
1048 571 1128 644 τῷ
1153 573 1328 647 Ilath
1363 574 1457 631 τὸν
1487 577 1636 642 Υίδν,
1660 580 1756 634 καὶ
1785 579 1864 651 μὴ

263 659 597 728 ὁμοιότατον
644 662 859 731 φρονεῖν
906 661 1049 716 κατά
1096 663 1223 728 τοὺς
1269 669 1549 736 μονογενεί
1577 667 1698 740 Θεῷ
1729 669 1866 742 πρὸς

263 746 372 800 τὸν
401 745 627 810 ἀπαθῶς
678 750 1042 822 γεγεννηκότα
1074 752 1294 825 Πατέρα
1338 758 1714 828 προσήκοντας
1749 758 1865 830 (55)

267 833 491 904 λόγους.
523 836 597 889 Οὐ
627 836 788 908 μόνον
813 837 870 892 δέ
900 837 988 894 τὸν
1014 839 1216 911 κλῆρον
1254 840 1399 894 οὕτω
1429 843 1700 915 διέθηκεν,
1729 844 1868 901 ἀλλά

268 925 380 978 καὶ
419 924 698 996 πάνδημον
729 926 857 998 ὅλην
891 928 1234 1000 Ἐκκλησίαν,
1271 930 1341 984 τὰ
1379 932 1518 988 αὐτά
1543 934 1864 1005 διαλεχθεὶς,

269 1018 364 1079 είς
393 1015 539 1086 μέγα
568 1018 662 1070 καὶ
697 1016 868 1086 γλυκὺ
909 1017 1092 1090 θαῦμα
1123 1021 1218 1075 καὶ
1245 1023 1436 1092 σοφίας
1465 1025 1560 1079 καὶ
1585 1025 1866 1093 εὐσεϐείας

269 1105 590 1159 είλκὺσατο.
629 1105 716 1174 Ἐξ
757 1098 818 1160 οὗ
853 1109 946 1162 καὶ
986 1107 1078 1163 τὸν
1119 1111 1367 1180 eosdem
1415 1115 1865 1187 ὑπεραγασθέντα

268 1195 617 1267 ἀναϐοῆσαι,
656 1197 719 1250 Ἦ
770 1198 878 1270 ἐμὴ
930 1200 1195 1270 ἀπολογία
1241 1205 1354 1267 τοῖς
1401 1204 1502 1276 ἐμὲ
1547 1205 1866 1277 ἀνακρίνου·

272 1285 499 1368 σινβὸ)
525 1285 663 1358 αὕτη
693 1289 870 1354 ἐστίν·
907 1290 1002 1345 καὶ
1050 1291 1241 1362 κρότον
1279 1295 1498 1367 ἀγεῖραι
1533 1295 1613 1367 τῷ
1648 1297 1864 1368 πλήθει,

269 1366 358 1443 ὥς
387 1375 446 1433 εὗ
479 1380 573 1432 καὶ
609 1379 749 1434 κατὰ
774 1381 960 1452 καιρὸν
984 1381 1083 1454 τὴν
1130 1383 1280 1455 ίεράν
1309 1366 1620 1452 ἀνειπόντος
1648 1366 1864 1460 χρῆσιν.

1972 576 2202 634 similem
2238 575 2383 631 Patri
2411 573 2610 630 Filium
2660 585 2942 636 asserere,
2977 571 3088 626 imo
3127 586 3274 627 vero
3303 570 3539 628 similem

1971 667 2271 724 secundum
2294 665 2631 736 Seripturas,
2657 665 2956 735 pradicare
2980 681 3040 721 se
3063 664 3235 720 libere
3258 662 3543 733 professus

1971 768 2074 815 est.
2111 758 2353 816 Similem
2389 757 2608 829 quidem
2641 757 2946 813 secundum
2975 756 3333 813 substantiam
3361 756 3545 810 neuti-

1973 865 2138 921 quam
2171 850 2488 906 admittebat
2526 867 2540 904 :
2570 847 2816 918 ejusdem
2847 847 3145 919 impietatis
3173 861 3294 902 esse
3328 846 3548 908 dicens,

1973 941 2205 996 similem
2230 938 2528 996 secundum
2553 939 2915 995 substantiam
2944 941 3127 996 dicere
3153 937 3350 992 Filium
3371 937 3542 1001 Patri,

1970 1040 2026 1086 et
2047 1045 2156 1086 non
2195 1030 2535 1086 simillimum
2578 1029 2823 1100 proﬁteri
2855 1031 3011 1100 juxta
3061 1028 3307 1085 rationes
3351 1027 3542 1096 unige-

1972 1122 2089 1177 nito
2127 1119 2268 1177 Filio
2312 1119 2702 1178 convenientes
2743 1121 2812 1177 ad
2856 1121 3072 1177 Patrem
3109 1120 3204 1190 qui
3253 1117 3373 1174 sine
3415 1129 3544 1185 pas-

1971 1213 2126 1269 sione
2152 1212 2360 1284 genuit.
2392 1211 2582 1283 Neque
2609 1227 2739 1267 vero
2773 1212 2981 1268 clerum
3018 1212 3283 1266 duntaxat
3311 1208 3384 1263 ita
3414 1206 3548 1263 alle-

1971 1304 2077 1370 cit,
2131 1319 2319 1359 verum
2359 1303 2524 1359 etiam
2576 1303 2894 1359 universum
2953 1302 3212 1358 Ecclesia:
3255 1298 3540 1370 populum.

1971 1408 2098 1449 eum
2163 1393 2278 1449 haec
2317 1393 2696 1458 disseruisset,
2742 1392 2948 1463 ingenti
3007 1390 3371 1446 admiratione
3428 1396 3541 1441 tum

275 1473 605 1544 sapientiae,
650 1482 764 1529 tum
800 1476 1018 1546 pietatis
1051 1493 1164 1534 sua:
1211 1480 1466 1550 perculit.
1508 1480 1877 1548 Quamobrem
1919 1484 2202 1545 Eudoxius
2252 1503 2419 1558 supra
2469 1488 2693 1544 modum
2735 1487 2958 1558 gavisus
3015 1484 3341 1542 exclamavit
3389 1500 3403 1537 :
3444 1479 3546 1534 De-

275 1561 468 1620 fensio
492 1581 610 1622 mea
647 1566 789 1637 apud
822 1581 918 1622 eos
947 1567 1038 1636 qui
1082 1583 1170 1625 me
1219 1571 1590 1643 interrogant,
1653 1573 1772 1632 haec
1798 1587 1914 1646 est;
1979 1589 2034 1636 et
2070 1581 2305 1652 populus
2349 1579 2622 1650 applausit
2676 1577 2955 1643 Eudoxio,
3001 1579 3148 1648 quod
3197 1577 3336 1632 bene
3378 1582 3544 1642 atque

274 1664 590 1727 opportune
618 1673 788 1713 sacrae
811 1655 1105 1729 Scriptura:
1130 1663 1292 1717 verba
1321 1665 1750 1732 pronuntiasset.

360 1745 428 1828 βἏ
456 1747 578 1802 Ὀτι
621 1747 649 1802 ό
680 1748 945 1819 δυσσεϐὴς
980 1744 1133 1814 οὗτος
1162 1750 1427 1822 Εὐνόμιον
1469 1753 1560 1807 τὸν
1605 1755 1868 1828 θεοστυγῆ

2043 1751 2099 1805 2.
2130 1749 2380 1807 Eunomii
2418 1751 2482 1806 de
2520 1749 2660 1806 Filia
2694 1751 2859 1819 impia
2887 1750 3052 1804 dicta.
3097 1780 3168 1792 —
3205 1750 3293 1804 Ait
3341 1751 3543 1822 impius

275 1837 408 1892 κατ’
436 1837 734 1909 ἐπιτροπὴν
772 1837 1023 1906 Εὑδοξίου
1048 1839 1427 1913 δημηγορῆσαι
1453 1843 1532 1915 τῷ
1564 1845 1758 1917 πλήθει
1781 1845 1871 1900 λέ·-

275 1944 396 1998 ysi,
439 1928 537 1998 τῆς
577 1927 686 1982 τῶν
731 1927 1068 1998 Θεοφανείων
1107 1930 1299 2003 ἐορτῆς
1340 1933 1717 2007 ἐνισταμένης,
1749 1931 1871 2013 ἐνῇ

273 2019 348 2074 τὸ
401 2017 658 2083 δυσσεϐὲς
692 2019 869 2076 αὐτῶν
912 2021 1004 2076 καὶ
1053 2021 1211 2076 ἄθεον
1251 2024 1484 2094 μάλιστα
1525 2028 1871 2099 ἀπογυμνοῦ-

273 2124 398 2162 ται.
421 2106 524 2159 Τόν
542 2123 600 2160 τε
626 2106 734 2178 γάρ
761 2108 959 2180 Ἰωσὴφ
989 2111 1038 2162 oi
1066 2109 1382 2182 κατάρατοι,
1410 2111 1547 2182 μετά
1573 2113 1672 2183 τὴν
1697 2115 1872 2186 ἀφρα-

278 2213 412 2250 στον
431 2197 742 2268 κυοφορίαν,
772 2199 1059 2253 συνάπτειν
1079 2200 1140 2254 οὐ
1163 2201 1461 2272 πεφρίκασι
1485 2205 1550 2273 τῇ
1589 2204 1868 2275 Παρθένῳ,

277 2289 384 2342 καὶ
425 2287 517 2341 τὸν
559 2288 687 2342 Υἱδν
733 2289 1111 2360 ἀναιδέστερον
1155 2289 1248 2344 τοῦ
1303 2291 1514 2364 Πατρὸς
1551 2291 1736 2348 δοῦλον
1775 2295 1872 2350 καὶ

277 2377 588 2451 ὑπηρέτην,
619 2379 712 2432 καὶ
745 2379 807 2451 δὴ
839 2379 930 2434 καὶ
971 2380 1032 2434 τὸ
1071 2380 1296 2452 Πνεῦμα
1327 2381 1421 2436 τοῦ
1453 2381 1605 2448 Υίοῦ,
1641 2383 1872 2459 φοϐερὸν

278 2467 439 2521 οὐδὲν
486 2461 715 2538 ἡγοῦντο
758 2468 938 2538 λέγειν
969 2469 1100 2540 (37).
1152 2471 1305 2525 Ἔστι
1351 2472 1408 2526 δὲ
1461 2473 1556 2526 καὶ
1607 2474 1788 2540 αὑτοῖς
1836 2476 1871 2547 ή

281 2557 488 2629 φράσις
512 2559 570 2610 ἐν
596 2559 802 2624 τούτοις
833 2560 1212 2633 πανηγυρικῆς
1250 2562 1471 2636 χάριτος
1498 2563 1871 2638 ἀπηλλοτριω-

286 2648 450 2721 μένη,
481 2651 716 2722 ἀσαφείᾳ
741 2651 799 2706 δέ
834 2653 927 2707 καὶ
953 2653 1353 2726 περιττολογίᾳ,
1393 2656 1487 2710 καὶ
1514 2657 1778 2728 ῥημάτων
1807 2657 1869 2712 οὐ

283 2739 544 2810 καθαρῶν
575 2744 917 2813 παραχρήσει
946 2745 1025 2806 είς
1058 2743 1120 2796 τὸ
1147 2744 1548 2815 ἀτερπέστατον
1573 2746 1667 2799 καὶ
1700 2762 1871 2800 κατα-

283 2830 552 2899 γέλαστον
593 2831 686 2884 καὶ
733 2834 1135 2904 τεταραγμένον
1178 2829 1318 2899 εἶδος
1365 2836 1736 2908 ἀνοιδουμένη,
1778 2838 1874 2892 καὶ

284 2920 384 2974 τὸν
411 2921 510 2993 τῆς
545 2922 725 2994 ψυχῆς
769 2923 964 2996 γνόφον
1007 2926 1103 2980 καὶ
1152 2925 1311 2982 σάλον
1350 2928 1444 2983 καὶ
1483 2927 1546 2982 τὸ
1585 2928 1872 2994 θεοϐλαϐὲς

285 3011 693 3086 ἐνδεικνυμένη.
937 3051 940 3055 ι

363 3191 564 3262 γ’.⁹οτι
581 3193 717 3262 μετά
731 3193 857 3257 τοὺς
879 3193 1106 3258 πολλοὺς
1123 3193 1377 3260 ἐπαίνους
1400 3196 1684 3268 Εὑνομίου,
1701 3197 1761 3251 οὐ
1787 3195 1878 3268 μό-

286 3298 386 3340 νον
413 3282 564 3337 οὐδὲν
599 3277 672 3338 ὧν
703 3284 967 3356 ὑπέσχετο
1003 3285 1246 3359 διενοήθη
1287 3288 1561 3360 περαίνειν
1607 3287 1874 3355 Εὑδόξιος,

291 3374 433 3429 ἀλλά
459 3376 705 3430 κάκεῖνον
721 3378 992 3450 ἐπεχείρει
1013 3378 1240 3445 πείθειν,
1264 3380 1450 3453 Γραφῇ
1472 3382 1570 3454 τήν
1597 3398 1656 3436 τε
1681 3381 1876 3436 καθαί-

299 3482 449 3538 ρεσιν
483 3465 707 3531 Ἀετίου,
733 3469 824 3522 καὶ
844 3469 940 3541 τὴν
965 3470 1022 3524 ἐν
1058 3470 1333 3544 Ἀριμήνφ
1360 3471 1574 3527 ἐκθεσιν
1600 3474 1880 3545 ὑποσημή-

296 3557 516 3623 νασθαι,
550 3559 630 3624 είς
659 3559 721 3614 τὸ
749 3560 846 3633 τῆς
872 3562 1183 3633 οἰκονομίας
1214 3564 1508 3636 πρόσχημα
1544 3563 1656 3636 (58)
1701 3565 1760 3619 τὸ
1797 3564 1886 3620 ἐκ·

1971 1841 2394 1911 Philostorgius,
2428 1839 2539 1896 Deo
2573 1839 2808 1894 invisum
2845 1837 3178 1894 Eunomium
3210 1838 3354 1895 festo
3369 1844 3538 1898 Theo.

1971 1936 2296 2009 phaniaruin
2367 1930 2489 1998 die,
2517 1929 2678 2001 jussu
2707 1929 2962 1993 Eudoxii,
2997 1942 3311 1984 sermonem
3345 1931 3412 1985 ad
3444 1945 3543 2001 po-

1971 2025 2158 2097 pulum
2213 2023 2504 2088 habuisse,
2555 2021 2613 2076 in
2659 2034 2771 2090 quo
2828 2019 2996 2090 impia
3043 2033 3236 2074 eorum
3291 2019 3544 2074 doctrina

1971 2114 2314 2186 apertissime
2328 2113 2539 2170 detecta
2561 2121 2666 2169 est.
2689 2109 2826 2167 Nam
2843 2117 2898 2167 et
2915 2109 3217 2180 Josephum
3239 2110 3543 2166 detestandi

1972 2205 2070 2273 illi,
2104 2213 2229 2276 post
2268 2203 2598 2261 ineﬁ‘abilem
2628 2212 2844 2269 partum
2883 2201 3118 2258 coivisse
3162 2215 3286 2257 cum
3324 2201 3543 2272 Virgine

1971 2298 2092 2354 ausi
2123 2305 2253 2352 sunt
2291 2296 2491 2362 dicere,
2525 2304 2578 2352 et
2609 2296 2783 2351 multo
2822 2294 3002 2350 adhuc
3031 2293 3420 2364 impudentius,
3453 2291 3544 2350 Fi-

1971 2388 2103 2444 lium
2141 2386 2320 2444 Patris
2363 2402 2582 2443 servum
2630 2402 2695 2442 ac
2734 2387 3070 2450 ministrum,
3107 2385 3369 2455 Spiritum
3411 2386 3540 2440 item

1971 2477 2118 2544 Filii,
2145 2477 2504 2549 pronuntiare
2537 2491 2645 2530 non
2679 2476 3022 2532 dubitarunt.
3050 2474 3222 2530 Porro
3252 2490 3432 2546 genus
3454 2476 3542 2530 di-

1970 2571 2125 2628 cendi
2145 2585 2255 2640 quo
2286 2570 2362 2624 illi
2387 2579 2519 2626 tunc
2541 2568 2627 2624 usi
2661 2577 2810 2634 sunt,
2840 2582 2869 2622 a
2897 2569 3224 2639 panegyrica
3256 2576 3543 2624 venustate

1973 2663 2209 2718 alienum
2239 2660 2362 2728 luit,
2393 2669 2448 2716 et
2477 2659 2813 2716 obscuritate
2841 2673 2907 2713 ac
2939 2658 3314 2728 superﬂuitate
3347 2659 3542 2715 verbo-

1969 2768 2115 2818 rum,
2142 2761 2199 2808 et
2225 2750 2616 2808 vocabulorum
2651 2750 2989 2819 impurorum
3019 2765 3123 2806 usu
3150 2749 3444 2813 tumidum,
3472 2749 3540 2806 ad

1971 2843 2242 2912 ingratum
2287 2855 2352 2896 ac
2394 2839 2687 2896 ridiculum
2727 2849 2782 2894 et
2824 2838 3116 2894 confusum
3164 2841 3542 2895 characterem

1969 2934 2282 3004 pertinens,
2329 2933 2528 2990 mentis
2575 2947 2765 2989 eorum
2815 2931 3103 3002 caliginem
3153 2944 3218 2985 ac
3250 2930 3540 3000 perturba-

1970 3025 2192 3092 tionem,
2224 3025 2594 3096 inllictamque
2621 3023 2757 3094 ipsis
2783 3035 2816 3079 a
2859 3020 2969 3077 Deo
2996 3035 3213 3092 poenam
3251 3019 3548 3091 perspicue

1896 3113 1940 3172 C
1973 3116 2280 3173 declarans.

2044 3202 2099 3257 3.
2135 3200 2411 3257 Eudoxius
2443 3209 2493 3255 et
2527 3198 2821 3254 Eunomius
2843 3197 3118 3252 dissident.
3147 3225 3220 3239 --
3264 3197 3544 3252 Eudoxius

1976 3303 2098 3365 post
2125 3292 2326 3347 multas
2369 3291 2557 3347 laudes
2590 3290 2645 3346 in
2692 3289 3023 3346 Eunomium
3077 3296 3402 3358 congestas,
3435 3304 3552 3344 non

1978 3383 2142 3440 modo
2168 3381 2304 3437 nihil
2331 3397 2523 3437 eorum
2544 3397 2666 3452 qua
2693 3380 3041 3450 promiserat,
3067 3378 3326 3449 perﬁcere
3348 3371 3408 3432 πι
3429 3380 3539 3433 ani-

1979 3483 2128 3529 mum
2156 3471 2390 3538 induxit,
2425 3473 2534 3527 imo
2558 3487 2688 3528 vero
2717 3470 3046 3542 persuadere
3075 3469 3152 3525 illi
3179 3475 3412 3527 conatus
3440 3476 3546 3530 est.

1981 3574 2042 3622 ut
2067 3563 2396 3635 depositioni
2419 3563 2586 3632 Aetii,
2617 3573 2671 3620 et
2690 3561 3056 3620 Ariminensis
3077 3560 3202 3618 ﬁdei
3221 3559 3551 3630 expositioni

1524 3733 1770 3780 VALESII
1808 3735 2288 3788 ANNOTATIONES
2302 3766 2310 3779 .

299 3861 636 3921 mediocrem
664 3859 838 3914 lucem
870 3859 1099 3914 allatura
1127 3859 1236 3915 sint
1265 3859 1395 3914 huic
1418 3860 1559 3914 loco.
1590 3857 1751 3914 Hunc
1774 3859 1870 3915 Fi-

298 3936 436 3989 lium
467 3929 561 3983 Dei
591 3938 639 3983 et
668 3929 992 3999 unigenitum
1021 3927 1186 3982 Deum
1214 3930 1570 3999 agnoscimus;
1598 3929 1769 3984 solum
1796 3931 1869 3983 si-

299 4003 481 4057 milem
507 3999 662 4053 Patri
687 4001 748 4052 ob
767 3998 1088 4066 prwcipuam
1107 3998 1505 4069 similitudinem
1524 4008 1573 4053 et
1594 4001 1868 4069 propriam

300 4089 367 4126 ac
394 4072 709 4140 peculiarem
737 4069 1192 4140 significationem,
1219 4085 1318 4122 non
1342 4077 1399 4121 ut
1429 4067 1648 4140 Patrem
1675 4069 1866 4140 Patri:

300 4136 470 4210 neque
497 4142 635 4193 enim
658 4137 762 4191 duo
788 4136 920 4210 sunt
953 4139 1323 4210 Patres‘grnon
1352 4150 1408 4192 ut
1444 4136 1648 4210 Filium
1682 4137 1822 4191 Filio
1847 4155 1866 4192 :

339 4206 492 4277 uippe
521 4225 638 4262 cum
677 4223 779 4260 non
808 4209 912 4260 sint
947 4208 1050 4260 duo
1102 4206 1264 4270 Filii;
1301 4223 1460 4277 neque
1486 4217 1542 4260 ut
1577 4209 1867 4277 ingenitum

327 4276 537 4349 ngenito
561 4293 732 4332 :nnus
753 4279 898 4349 enim,
916 4278 1178 4346 ingenitus
1198 4286 1294 4349 est,
1318 4276 1674 4349 Deusscilicet
1688 4279 1868 4349 omni-

303 4345 510 4419 potens.
543 4357 592 4419 et
622 4363 756 4419 unus
791 4345 988 4419 filius,
1021 4347 1317 4419 unigenitus
1345 4346 1540 4419 scilicet
1564 4347 1695 4419 ζεεά
1719 4348 1869 4419 simi-

307 4416 431 4481 lem,
456 4427 514 4470 ut
549 4416 747 4470 Filium
791 4416 963 4480 Patri,
1001 4419 1188 4484 quippe
1218 4417 1307 4486 qui
1337 4417 1512 4486 imago
1541 4416 1608 4468 sit
1640 4427 1689 4471 et
1722 4417 1870 4486 sigil-

1973 3863 2194 3934 λέγειν.
2227 3862 2753 3934 veramihujusloci
2791 3863 3224 3934 emendationem
3266 3864 3546 3934 nobisin-

1976 3931 2179 3988 dicavit
2207 3933 2379 4004 codex
2411 3931 2683 4004 samuelis
2705 3931 2987 4004 Eucharti,
3019 3937 3074 4004 in
3104 3951 3222 4004 quo,
3242 3935 3312 3986 ita
3347 3933 3547 4004 scrjbi-

1975 4012 2064 4056 tur
2093 4021 2107 4056 :
2131 4003 2239 4072 Kal
2255 4002 2315 4055 τὸ
2339 4001 2564 4072 Πνεῦμα
2585 4001 2676 4053 τοῦ
2705 4000 2854 4062 Υίοῦ,
2880 4000 3292 4072 φοϐερὸνόὑδέν
3312 4001 3544 4072 ἡγοῦντο

1974 4072 2174 4139 λέγειν.
2197 4069 2433 4139 Optime.
2459 4069 2502 4124 si
2530 4084 2714 4139 vocem
2736 4069 2898 4139 ulnam
2917 4069 3188 4139 addideris
3213 4073 3314 4125 hoc
3333 4069 3538 4126 modo:

1973 4137 2084 4195 Kal.
2100 4141 2160 4194 τὸ
2185 4137 2406 4210 Πνεῦμα
2424 4139 2582 4210 ἔργον
2601 4137 2700 4210 τοῦ
2716 4138 2866 4210 Υίοῦ,
2895 4138 3122 4210 φοϐερὸν
3143 4141 3293 4210 οὐδὲν
3321 4140 3548 4210 ἡγοῦντο

1972 4210 2171 4277 λέγειν,
2213 4209 2264 4262 id
2297 4205 2381 4263 est
2403 4252 2415 4274 ,
2449 4205 2552 4262 Sed
2580 4205 2922 4279 et_Spiritnm
2956 4205 3198 4279 sanctum
3247 4205 3379 4264 Filii
3410 4220 3540 4279 opus

1973 4280 2148 4332 dicere
2190 4294 2517 4348 nequaquam
2563 4277 2993 4348 reformidarunt.
3039 4278 3197 4334 Certe
3230 4281 3330 4336 hoc
3367 4277 3536 4336 fuisse

1973 4350 2166 4420 dogma
2199 4347 2447 4420 Eunomii
2482 4347 2638 4420 docet
2666 4347 2907 4420 ejusdem
2939 4351 3206 4420 expositio
3241 4350 3352 4418 jam
3384 4367 3414 4404 a
3445 4365 3536 4405 no-

1974 4415 2071 4473 bis'
2105 4419 2306 4489 citata._
2339 4415 2442 4489 Sed
2490 4417 2622 4489 nilii_l
2675 4417 2982 4489 addendum
3009 4415 3130 4483 est.
3167 4415 3535 4489 supplendum

305 4489 419 4542 lum
443 4487 628 4560 omnis
656 4487 974 4554 operationis
1004 4501 1066 4538 ac
1104 4485 1314 4539 virtutis
1356 4485 1609 4560 paternae,
1638 4485 1872 4560 sigillum
1903 4488 1946 4543 D
1975 4490 2238 4560 duntaxat
2284 4485 2416 4560 and
2438 4485 2617 4560 κοινοῦ
2669 4487 2993 4543 vocabulum
3048 4490 3195 4558 quod
3242 4485 3544 4560 przecessit,

307 4557 542 4612 omnium
570 4571 780 4623 operum
807 4573 870 4609 ac
893 4571 1189 4608 sermonum
1220 4564 1269 4607 et
1294 4556 1636 4609 consiliorum
1664 4555 1869 4612 Patris.

382 4627 497 4692 (35)
533 4626 979 4693 Προσήκοντας.
1018 4623 1074 4677 In
1120 4625 1359 4680 editione
1386 4624 1688 4679 Genevensi
1728 4641 1757 4679 a
1805 4625 1873 4678 li-

308 4696 528 4760 brariis,
557 4707 612 4750 ut
637 4695 850 4763 Opinor,
876 4695 1076 4748 omissa
1099 4703 1216 4748 erat
1239 4711 1341 4748 vox
1362 4694 1569 4762 λόγους,
1592 4710 1751 4763 quam
1776 4709 1876 4749 nos

307 4781 375 4848 ex
415 4765 801 4836 manuscriptis
833 4763 1233 4834 exemplaribus
1283 4768 1486 4820 nostris
1532 4765 1620 4818 hic
1658 4765 1878 4834 supple-

307 4849 510 4890 "mus.

381 4903 496 4972 (56)
541 4903 670 4970 Τοῖς
717 4902 824 4972 ἐμὲ
873 4903 1328 4972 ἀποκρίνουσιν.
1390 4901 1747 4958 Scribendum
1795 4911 1879 4958 est

307 4973 699 5054 ἀνακρίνουσιν
719 5013 733 5035 ,
764 4983 826 5054 ut
849 4975 1045 5054 legitur
1074 4975 1127 5028 in
1158 4973 1537 5054 manuscripto
1557 4972 1878 5054 (βράκε’-8ο-

308 5041 510 5100 muelis
542 5043 819 5097 Bocharti.
849 5041 1023 5098 verba
1049 5051 1174 5098 sunt
1204 5041 1354 5095 Pauli
1387 5043 1619 5112 apostoli
1651 5057 1716 5097 ex
1747 5041 1876 5112 Epi-

308 5114 450 5182 stula
477 5115 653 5182 prima
685 5113 751 5166 ad
781 5112 1095 5168 Corinthios
1122 5128 1241 5182 cap.
1268 5127 1347 5174 ix,
1377 5111 1577 5179 quibus
1601 5127 1736 5167 usus
1761 5111 1880 5166 erat

310 5179 598 5253 Eudoxius
617 5179 1250 5253 Constantinopolitanus
1274 5181 1580 5253 episcopus,
1602 5197 1724 5237 cum
1755 5197 1878 5250 apo-

311 5253 513 5320 logiam
560 5251 811 5305 Eunomii
848 5255 901 5307 in
939 5251 1168 5307 eaclesia
1208 5252 1490 5314 audiisset.
1521 5254 1640 5316 Quo
1669 5253 1875 5316 audito,

309 5321 606 5376 universus
636 5323 869 5391 populus
901 5323 993 5391 qui
1033 5323 1256 5386 aderat,
1301 5321 1565 5389 plaudens
1607 5323 1878 5391 acclama-

312 5392 415 5455 vit,
442 5391 580 5445 bene
605 5389 658 5445 et
681 5389 967 5446 commode
993 5392 1198 5446 dictum
1233 5393 1364 5444 illud
1406 5392 1650 5459 Apostoli
1681 5392 1750 5444 ab
1778 5389 1882 5444 Eu-

312 5461 481 5514 doxio
514 5461 787 5530 prolatum
830 5477 951 5516 esse
1003 5461 1335 5530 signiﬁcans.
1381 5459 1472 5514 Sic
1520 5462 1665 5530 enim
1713 5461 1880 5514 inter-

312 5529 576 5602 pretanda
633 5540 775 5602 sunt“
818 5531 978 5585 verba
1033 5529 1122 5584 illa
1154 5529 1533 5602 Philostorgii,
1582 5529 1882 5602 τὴν-ἱερὰν

311 5600 632 5681 ἀνειπόντος
675 5600 893 5681 χρῆσιν,
935 5600 1390 5681 quemadmodum

315 5668 445 5724 nius
471 5669 535 5724 ad
567 5668 818 5725 latus’sui
853 5668 1056 5724 codicis
1089 5669 1387 5724 adnotavit.

391 5739 506 5808 (37)
532 5739 640 5796 Kal
670 5738 734 5793 rd
766 5739 1005 5808 Πνεῦμα
1034 5739 1138 5792 τοῦ
1172 5737 1308 5793 Υίοῦ
1335 5740 1588 5808 φοϐερὸν
1624 5738 1880 5809 ἡγοῦντο

1487 5599 1646 5656 υπς’
1670 5599 1881 5655 Halete-

1977 4558 2255 4628 ὑπηρέτην
2278 4558 2372 4611 καὶ
2393 4555 2600 4628 δοῦλον.

2047 4625 2158 4699 (38)
2199 4625 2311 4699 Εἰς.
2344 4626 2411 4699 τό
2456 4625 2568 4699 τῆς
2615 4627 2960 4699 οἰκονομίας
3007 4629 3350 4697 πρόσχημα.
3395 4626 3551 4685 Hunc

1959 4694 2156 4752 locum
2190 4694 2554 4766 Gothofredus
2582 4712 2691 4766 non
2717 4694 3004 4766 intellexit.
3026 4694 3201 4766 Cujus
3225 4694 3550 4765 interprete-

1977 4770 2179 4822 tionem
2205 4765 2386 4834 Lucas,
2412 4763 2724 4818 llolstenius
2755 4767 2808 4818 in
2840 4765 3084 4834 margine
3108 4763 3197 4818 sui
3232 4763 3439 4819 codicis
3473 4770 3548 4821 ita

1976 4836 2304 4890 emendavit.
2350 4833 2708 4888 Connivmtice
2747 4836 2903 4886 titulo
2937 4833 3202 4902 nefarium
3234 4838 3550 4902 ipsorumet

1977 4905 2392 4961 involuntarium
2424 4905 2622 4973 factum
2651 4903 2891 4972 obtegens
2921 4901 3009 4956 vel,
3036 4903 3400 4956 cohonestans.
3439 4901 3546 4957 Ve-

1979 4991 2102 5029 rum
2151 4975 2292 5027 hanc
2335 4973 2834 5042 interpretationem
2881 4973 3111 5041 probare
3151 4987 3257 5026 non
3294 4986 3542 5041 possum.

1978 5044 2113 5099 Nam
2145 5041 2490 5099 conniventia
2526 5041 2660 5095 vitio
2693 5043 2827 5112 verti
2863 5043 3035 5112 solet;
3074 5043 3274 5112 quippe
3306 5057 3427 5110 quae
3457 5056 3547 5112 ar-

1980 5122 2294 5185 gumentum
2336 5113 2408 5185 sit
2448 5111 2804 5185 negligentiae.
2853 5111 3054 5185 Contra
3093 5111 3226 5185 vero
3262 5111 3545 5185 οἰκονομία

1980 5181 2193 5252 semper
2238 5183 2291 5236 in
2337 5182 2496 5252 laude
2527 5182 2764 5252 ponitur,
2798 5189 2851 5252 et
2890 5183 3108 5252 quidem
3152 5181 3274 5250 jure
3321 5181 3548 5252 merito,

1980 5248 2115 5309 cum'
2141 5253 2212 5307 sit
2253 5248 2541 5319 conjuncta
2584 5248 2920 5319 prudentiae;
2957 5248 3321 5317 Quamobrem
3361 5248 3546 5304 Philo-

1982 5323 2222 5392 storgius
2249 5321 2325 5375 ait
2352 5319 2455 5392 hoc
2490 5323 2609 5375 loco
2631 5362 2643 5383 ,
2675 5319 3012 5392 Eudoxium,
3042 5321 3154 5392 qni
3185 5336 3291 5392 non
3333 5321 3550 5374 sincere

1982 5388 2158 5461 neque
2185 5407 2250 5447 ex
2275 5391 2479 5461 animo,
2515 5392 2606 5461 sed
2629 5406 2731 5461 per?
2749 5388 2990 5461 fraudem
3018 5388 3082 5445 ac
3115 5391 3544 5461 simulationem,

1980 5459 2342 5518 Ariminensis
2374 5459 2496 5514 ﬁdei
2540 5460 2786 5514 formulae
2833 5468 2888 5512 et
2929 5459 3068 5512 Aetii
3103 5459 3546 5514 condemnationi

1983 5532 2397 5599 subscripserat,
2444 5529 2497 5583 id
2543 5529 2768 5599 factu_m_
2803 5529 3115 5597 οἰκονομίας
3151 5531 3330 5598 specie
3357 5537 3550 5597 praete-

1984 5597 2385 5666 xuissefQuod
2417 5599 2633 5669 quidem
2676 5597 3078 5669 Philostorgius
3115 5597 3294 5669 supra
3329 5611 3551 5669 quoque

1985 5670 2191 5724 notavit
2223 5672 2274 5723 in
2307 5667 2449 5725 libro
2473 5685 2544 5731 IV,
2592 5669 2695 5724 sub
2722 5669 2904 5731 linem.
2936 5667 3026 5722 ubi
3061 5669 3127 5723 de
3160 5667 3299 5722 Aetli
3335 5667 3552 5735 deposi-

1988 5741 2133 5796 tione
2163 5740 2432 5811 loquitur:
2457 5739 2529 5794 Οὐ
2562 5738 2666 5794 τῶν
2695 5737 3116 5810 ὀρθςδοξούντων
3145 5738 3320 5812 μόνων
3343 5736 3550 5804 ὑποση-
