3996 6340
154 399 340 456 -53Ἶ

1258 385 1814 451 ECCLESlASTlCJE
1847 377 2204 439 lllSTORllE
2240 375 2370 430 LIB.
2409 372 2501 427 νιι

3383 359 3493 416 558

299 526 381 588 ς’.
405 520 524 571 ὐτι
568 517 929 589 κομιζομένου
971 516 1108 589 πρὸς
1148 516 1326 588 ταφὴν
1369 513 1750 570 Κωνσταντίου
1793 511 1822 564 6

1991 503 2046 557 6.
2085 497 2386 556 Constantii
2417 494 2600 560 funus.
2639 518 2706 531 —-
2740 489 2878 546 Cum
2916 483 3276 544 Constantius
3309 483 3496 589 adse-

231 605 529 694 Ἰουλιανὸς
577 607 920 674 καταλαϐὼν,
969 608 1071 677 τῆς
1114 624 1172 660 τε
1200 606 1362 677 σοροῦ
1407 607 1818 678 προεπόμπευε,

215 703 334 774 τῆς
359 701 598 771 κεφαλῆς
635 699 966 770 ἀφελόμενος
1001 698 1062 751 τὸ
1097 699 1352 768 διάδημα,
1385 698 1478 751 καὶ
1517 695 1692 769 τιμῶν
1730 698 1822 750 τδν

215 790 446 861 νεκρὸν,
470 782 531 843 οὗ
554 789 653 860 τὴν
677 787 821 859 ζωὴν
845 787 1064 857 ἀφελεῖν
1088 788 1538 859 ἐπεστράτευσεν.

303 967 372 1032 ζ’.
411 966 533 1020 Ὅτι
576 965 676 1038 τὴν
713 965 980 1036 βασίλειον
1022 966 1193 1038 ἀρχὴν
1243 967 1495 1040 ἀρπάσας
1540 970 1568 1022 6
1601 967 1824 1021 Ἰουλια-

221 1059 348 1122 νὸς,
386 1057 480 1111 ἅτε
515 1057 579 1128 δὴ
617 1057 822 1111 Ἀέτιον
846 1059 956 1128 (41)
983 1059 1070 1113 διὰ
1122 1059 1321 1114 Γάλλον
1347 1059 1507 1130 δῆθεν
1544 1059 1820 1114 κινδυνεύο

219 1166 386 1212 οντα,
415 1149 512 1218 τῆς
546 1148 722 1218 φυγῆς
764 1149 1147 1203 ἀνακαλεῖταιο
1191 1151 1293 1204 οὐκ
1337 1151 1497 1205 αὐτὸν
1542 1151 1599 1204 δὲ
1639 1151 1819 1221 μόνον,

222 1240 374 1294 ἀλλὰ
401 1239 494 1292 καὶ
519 1239 644 1298 τοὺς
663 1238 875 1304 ἄλλους,
902 1239 1017 1294 ὅσοι
1041 1239 1326 1312 δογμάτων
1354 1239 1820 1311 ὲκκλησιαστικῶν

224 1328 536 1398 ὑπερορίαν
560 1327 887 1398 ὑπέστησαν.

533 1523 628 1576 ΕΚ
665 1522 801 1576 ΤΗΣ
837 1522 1158 1577 ΕΒΔΟΜΗΣ
1191 1524 1522 1578 ιΣΤοΡιΑΣ.

313 1637 384 1688 α’.
414 1633 534 1685 Ὀτι
589 1632 689 1702 τὴν
747 1629 1023 1702 βασιλείαν
1061 1631 1346 1696 Ἰουλιανὸς
1397 1633 1821 1706 ἁρπασάμενος,

230 1725 339 1779 καὶ
371 1727 480 1787 τοῖς
501 1723 727 1793 Ἕλλησι
783 1723 873 1777 διὰ
913 1725 1364 1794 προγραμμάτων
1411 1728 1589 1780 πᾶσαν
1637 1727 1823 1781 ἄδειαν

1920 593 2195 664 pulturam
2229 587 2486 650 ferretur,
2531 581 2786 637 Julianus
2827 574 3360 645 Constantinopolim
3395 572 3496 627 in-

1920 698 2166 755 gressus,
2197 688 2323 736 ante
2349 677 2611 733 feretrum
2640 671 2908 743 processit
2934 670 3140 740 absque
3165 667 3495 734 diademate,

1921 774 2186 828 honorem
2236 768 2502 823 exhibens
2536 774 2784 828 mortuo,
2820 761 2911 817 cui
2945 759 3111 831 paulo
3157 766 3284 814 ante
3325 757 3496 813 vitam

1920 861 2159 916 adimere
2204 855 2548 928 properabat.

1990 953 2044 1006 7.
2079 949 2454 1022 (45)Julianus
2475 945 2680 1002 exsules
2708 944 2973 1014 episcopos
3001 937 3498 994 revocat—Julia-

1920 1057 2043 1106 nus,
2064 1056 2188 1095 cum
2213 1039 2499 1108 imperium
2528 1051 2621 1106 per
2641 1035 2751 1088 vim
2771 1032 2874 1089 sibi
2894 1030 3243 1094 vindicasset,
3261 1029 3496 1094 Aetium,

1921 1140 2110 1202 utpote
2155 1129 2249 1200 qui
2282 1127 2419 1183 Galli
2466 1141 2631 1182 causa
2679 1125 2734 1180 in
2768 1123 3065 1179 discrimen
3101 1121 3380 1182 venisset,
3430 1119 3501 1175 ab

1919 1223 2112 1278 exsilio
2151 1221 2426 1276 revocavit
2459 1239 2472 1274 :
2514 1233 2616 1274 nec
2644 1232 2767 1272 eum
2805 1215 3004 1280 solum,
3036 1213 3132 1269 sed
3170 1221 3225 1267 et
3257 1211 3502 1281 reliquos

1920 1329 2113 1370 omnes
2161 1313 2258 1383 qui
2298 1312 2370 1366 ob
2415 1310 2786 1366 ecclesiastica
2823 1307 3079 1378 dogmata
3115 1304 3338 1376 relegati
3381 1302 3503 1358 fue-

1919 1416 2067 1474 rant,
2100 1407 2154 1460 in
2185 1420 2314 1459 suas
2345 1403 2502 1458 sedes
2533 1401 2790 1458 restituit.

2171 1517 2264 1575 EX
2300 1515 2507 1573 LIBRO
2547 1513 2840 1571 SEPTIMO
2883 1508 3254 1567 HISTORIIE.

1995 1633 2048 1688 l.
2093 1631 2319 1687 Gentiles
2356 1633 2410 1685 in
2453 1629 2784 1686 Christianos
2831 1628 3126 1696 insurgunt.
3161 1622 3507 1677 —Julianus

1924 1743 2049 1784 eum
2082 1727 2369 1797 imperium
2394 1741 2490 1795 per
2510 1725 2619 1778 vim
2650 1715 2991 1790 arripuisset,
3016 1727 3070 1772 et
3091 1715 3381 1788 gentilibus
3408 1730 3504 1783 per

231 1813 589 1883 εἰσενεγκὼν,
628 1814 792 1886 μηδὲν
824 1814 932 1868 τῶν
974 1815 1362 1886 μελετωμένων
1402 1817 1511 1889 (42)
1543 1818 1824 1890 ἄπρακτον

1947 1820 2104 1874 :dicta
2130 1817 2404 1874 licentiam
2428 1829 2644 1870 omnem
2663 1812 3050 1876 concessisset,
3080 1818 3139 1863 ut
3158 1807 3291 1862 nihil
3312 1820 3502 1860 eorum

233 1907 358 1978 ιᾷν,
389 1907 466 1969 εἰς
494 1906 708 1978 ἄρρητά
753 1923 815 1959 τε
869 1905 963 1960 καὶ
1009 1907 1275 1979 ἀδιήγητα
1325 1908 1470 1980 πάθη
1524 1911 1825 1982 κατέστησε

231 1997 372 2060 τοὺς
401 1998 778 2071 Χριστιανοὺς,
814 1998 1086 2069 πανταχοῦ
1115 1999 1222 2052 τῶν
1263 1999 1618 2072 Ἑλληνιστῶν
1647 2002 1826 2066 πάσας

237 2088 429 2152 αἰκίας
471 2089 564 2141 καὶ
604 2088 796 2152 καινὰς
837 2088 1102 2160 βασάνους
1134 2091 1227 2145 καὶ
1268 2093 1629 2164 πικροτάτους
1662 2093 1826 2147 θανά-

236 2196 373 2244 τους
405 2179 716 2248 ἐπαγόντων
746 2181 949 2245 αὐτοῖς.

319 2352 385 2423 β’.
410 2353 528 2407 Ὀτι
549 2354 819 2424 Γεὼργιον
844 2354 942 2423 τὸν,
959 2355 1364 2428 Ἀλεξανδρείας
1388 2357 1499 2428 (45)
1526 2359 1826 2433 συνεδρίου,

239 2446 399 2516 φησὶ,
443 2446 935 2517 προκαθεζόμενον,
971 2449 1065 2501 καὶ
1109 2450 1200 2502 τὸν
1250 2449 1391 2503 κατὰ
1427 2451 1631 2503 Ἀετίου
1663 2451 1830 2522 τόμον

241 2536 702 2607 ὑποσημήνασθαι
733 2539 859 2601 τοὺς
897 2538 1182 2609 ὁμοδόξους
1211 2540 1546 2611 βιαζόμενον,
1573 2542 1831 2614 εἰσπηδή-

244 2642 440 2690 σαντες
471 2629 531 2681 τὸ
573 2629 880 2700 Ἑλληνικὸν
910 2632 1004 2684 καὶ
1046 2631 1394 2696 συλλαϐόντες
1433 2634 1617 2699 αὑτὸν,
1660 2634 1832 2688 πολλά

244 2735 309 2772 τε
338 2721 418 2782 εις
443 2720 503 2773 τὸ
532 2711 693 2791 σῶμα
725 2723 1128 2794 ἐνυϐρίσαντες,
1169 2721 1462 2796 εῐταιπυρὶ
1499 2726 1828 2798 παρέδοσαν.

245 2811 387 2881 Φησὶ
409 2811 452 2863 δ’
477 2814 504 2865 6
538 2813 804 2884 δυσσεϐὴς
835 2817 1182 2886 συγγραφεὺς
1213 2809 1387 2880 οὗτος,
1421 2817 1516 2871 καὶ
1543 2818 1640 2889 τὴν
1675 2819 1834 2873 Ἀθα-

247 2900 436 2954 νασίου
463 2900 686 2972 γνώμην
719 2903 1093 2974 στρατηγῆσαι
1121 2908 1220 2976 τῆς
1249 2906 1498 2976 πράξεως
1527 2907 1622 2980 (α).
1676 2909 1834 2964 Ἀλλά

249 2990 363 3062 γὰρ
407 2991 677 3062 Γεωργίου
725 2991 1131 3065 διαφθαρέντος,
1189 2996 1278 3048 τὸν
1331 2997 1525 3052 οἰκεῖον
1577 2997 1763 3070 θρόνον
1805 3002 1834 3054 6

183 3095 196 3110 '
262 3079 601 3144 ’Δθανάσιος,
637 3081 747 3136 τῶν
774 3083 1167 3158 Ἀλεξανδρέων
1201 3087 1361 3142 αὐτὸν
1411 3089 1661 3162 ἀσμένως
1704 3090 1836 3145 ὑπο-ι

251 3170 581 3244 δεξαμένων,
614 3169 1073 3245 ἀναλαμϐάνεται.

328 3353 399 3417 γ’.
427 3345 550 3402 Ὀτι
585 3351 713 3419 περὶ
763 3351 861 3422 τῆς
902 3353 1106 3418 εἰκόνος
1136 3355 1210 3426 (b)
1236 3355 1330 3410 τοῦ
1378 3359 1628 3433 Σωτῆρος
1656 3363 1836 3432 ἡμῶν,

259 3440 326 3511 ἢν
354 3441 389 3511 ἡ
420 3441 516 3512 τῆς
545 3442 806 3515 αἱμόρρου
842 3444 1022 3510 πίστις
1052 3448 1387 3522 ἀμειϐομένη
1428 3452 1519 3506 τὸν
1546 3453 1838 3527 εὐεργέτην

257 3532 574 3602 ἀνέστησεν,
617 3534 843 3606 ἱστορῶν
883 3554 1068 3608 φησιν,
1109 3541 1514 3613 ἀνεστηλῶσθαι.
1569 3546 1666 3616 μὲν
1707 3548 1838 3600 ταύ-

259 3641 362 3695 την
390 3624 527 3678 κατὰ
564 3625 661 3697 τὴν
690 3628 870 3699 πηγὴν
895 3629 993 3701 τὴν
1018 3629 1164 3685 ἔνδον
1191 3637 1289 3705 τῆς
1323 3636 1548 3701 πόλεως,
1582 3641 1718 3710 μετὰ
1747 3643 1840 3696 καὶ

261 3715 349 3768 ἑτέ
359 3731 465 3784 ρων
484 3715 834 3786 ἀγαλμάτων,
861 3735 920 3771 τε
930 3721 1224 3792 ρπνότητός
1247 3742 1300 3778 τι
1322 3728 1580 3799 παρέχειν
1595 3731 1703 3800 (44)
1730 3735 1841 3798 τοῖς

263 3801 488 3874 φοιτῶσι
516 3803 714 3874 θέαμα.
750 3805 860 3874 Τῆς
887 3805 942 3859 δὲ
973 3812 1065 3862 τοῦ
1095 3811 1346 3885 Σωτῆρος
1381 3817 1588 3881 εἰκόνος
1616 3818 1846 3890 βοτάνης

1928 1927 2049 1982 quae
2081 1910 2419 1973 didicerant,
2452 1908 2799 1970 omitterent,
2827 1902 3173 1959 Christianos
3203 1901 3257 1954 in
3285 1897 3503 1969 gravis-

1927 2001 2095 2056 simas
2124 2009 2178 2054 et
2207 1995 2614 2068 inexplicabiles
2640 2008 2912 2048 atrumuas
2936 1992 3190 2060 conjecit,
3212 1988 3504 2058 gentilibus

1928 2093 2132 2162 ubique
2161 2092 2427 2147 locorum.
2457 2087 2636 2142 omnis
2665 2085 2879 2156 generis
2908 2089 3200 2144 tormenta,
3228 2092 3507 2146 novosque

1927 2186 2206 2239 cruciatus
2233 2222 2248 2248 ,
2293 2193 2349 2237 et
2395 2178 2748 2236 acerbissima
2781 2174 2976 2230 mortis
3019 2187 3215 2242 genera
3255 2169 3334 2224 eis
3368 2167 3509 2222 inﬂi-

1928 2276 2202 2346 gentibus.

2001 2366 2058 2418 2.
2095 2363 2305 2433 Georgii
2338 2379 2420 2432 ep.
2451 2361 2601 2414 Alex.
2627 2359 2815 2414 credes.
2845 2387 2907 2400 —
2927 2355 3063 2410 Cum
3089 2352 3352 2422 Georgius
3387 2349 3511 2404 Ale-

1927 2455 2173 2510 xandriae
2200 2456 2492 2525 episcopus
2526 2453 2762 2508 concilio
2791 2448 3134 2520 prresideret,
3180 2454 3234 2501 et
3279 2459 3373 2499 eos
3412 2440 3506 2512 qui

1929 2545 2073 2602 idem
2139 2563 2262 2602 cum
2323 2547 2481 2601 Aetio
2546 2544 2884 2604 sentiebant,
2945 2538 3188 2610 epistola:
3247 2539 3509 2590 adversus

1928 2639 2143 2694 Actium
2185 2637 2528 2692 subscribere
2576 2641 2827 2705 cogeret,
2857 2631 3084 2702 gentiles
3115 2637 3334 2698 repente
3372 2626 3509 2680 insi-

1930 2731 2122 2786 lientes
2159 2743 2283 2782 eum
2315 2724 2882 2795 comprehenderunt,
2919 2730 2973 2775 et
3003 2728 3125 2790 post
3155 2719 3355 2772 multas
3383 2729 3509 2770 cor-

1929 2824 2048 2896 pori
2093 2820 2213 2891 ejus
2258 2820 2437 2874 illatas
2485 2814 2883 2876 contumelias,
2928 2812 2992 2866 ad
3041 2820 3345 2866 extremum
3399 2806 3510 2877 igni

1933 2913 2293 2970 tradiderunt.
2327 2908 2498 2962 Perro
2528 2905 2728 2976 impius
2755 2907 2856 2959 iste
2883 2902 3114 2971 scriptor
3144 2899 3239 2961 ait,
3269 2897 3511 2952 Athana-

1932 3005 2000 3061 sii
2047 3003 2277 3059 consilio
2331 3015 2427 3056 eos
2473 2999 2539 3054 ad
2593 2999 2696 3052 hoc
2751 2996 2964 3050 facinus
3011 2993 3269 3048 incitatos
3319 2989 3510 3043 fuisse.

1935 3093 2166 3162 Quippe,
2219 3089 2509 3144 interfecto
2563 3084 2813 3154 Georgio,
2863 3081 3193 3136 Athanasius
3241 3077 3514 3149 propriam

1865 3183 1909 3243 C
1944 3185 2126 3239 sedem
2159 3179 2522 3250 recuperavit,
2547 3173 2928 3232 Alexandrinis
2961 3171 3148 3227 libenti
3169 3170 3354 3225 animo
3388 3181 3516 3221 eum

1941 3274 2360 3345 excipientibus.

2011 3369 2064 3424 5.
2094 3367 2171 3422 De
2208 3377 2389 3422 statua
2424 3364 2627 3421 Christi
2669 3361 2938 3418 Paneade.
2972 3389 3031 3400 —
3081 3357 3154 3412 De
3181 3363 3361 3412 statua
3392 3352 3520 3410 Scr-

1941 3459 2149 3516 vatoris
2177 3458 2388 3523 nostri,
2424 3473 2587 3528 quam
2631 3455 2764 3510 ﬁdes
2799 3451 3047 3508 mulieris
3077 3464 3198 3519 qua
3238 3446 3522 3518 sanguinis
3593 3441 3596 3444 ’

1944 3549 2213 3622 proﬂuvio
2248 3548 2550 3610 laborabat,
2576 3547 2715 3600 bene
2748 3545 2817 3600 de
2851 3559 2909 3599 se
2939 3541 3134 3597 merito
3167 3539 3397 3610 gratiam
3432 3550 3521 3592 re-

1947 3638 2130 3694 ferens
2151 3639 2361 3705 erexit,
2393 3637 2586 3693 scribit
2613 3635 3013 3704 Philostorgius
3051 3646 3169 3685 eam
3201 3629 3521 3685 collocatam

1948 3729 2117 3785 fuisse
2140 3730 2298 3801 juxta
2337 3727 2542 3784 fontem
2582 3727 2676 3798 qui
2711 3735 2795 3782 est
2825 3726 2879 3778 in
2911 3724 3065 3788 urbe,
3100 3737 3206 3775 una
3247 3736 3372 3775 cum
3402 3719 3524 3774 aliis

1952 3824 2169 3890 statuis,
2210 3831 2264 3878 et
2291 3821 2595 3894 jucundum
2637 3828 2800 3890 atque
2829 3830 3111 3872 amoenum
3149 3813 3522 3884 spectaculum

1490 3988 1734 4034 VALESII
1773 3990 2276 4038 ANNOTATIONES.

299 4064 454 4146 JH)
491 4065 732 4146 Ἀτεδὴ
761 4066 1030 4146 ⁸Ἀέτιοτξ
1070 4066 1433 4146 scribendum
1472 4078 1557 4124 est
1589 4079 1845 4140 transpo-

266 4137 394 4207 sitis
415 4137 724 4207 vocabulis,
761 4137 967 4190 Ἀέτιον
999 4139 1094 4192 iit-rs
1123 4138 1208 4207 δή,
1247 4146 1353 4193 etc.

343 4204 458 4274 (ΔΞ)
499 4208 704 4274 Μηδὲν
744 4207 864 4261 τῶν
893 4204 1338 4275 μελετωμένων.
1377 4207 1560 4262 Codex
1592 4207 1847 4264 Bocharti

269 4276 539 4356 scriptum
564 4277 724 4356 habet
751 4275 1236 4356 uspskarwpéyuiv.
1265 4275 1436 4346 Leges
1463 4285 1642 4332 tamen
1674 4294 1850 4348 gram-

271 4346 486 4418 matica:
529 4346 985 4418 μεμελετημένων
1013 4346 1118 4401 dici
1143 4346 1354 4418 jubent.

347 4415 458 4484 (45)
497 4413 821 4487 Γεώργιον”
845 4417 952 4470 τὸν
1002 4415 1465 4484 Ἀλεξανδρείας.
1506 4414 1683 4470 Lucas
1719 4413 1850 4470 Hol-

1951 4089 2082 4127 vero
2113 4074 2253 4128 Aetii
2285 4082 2606 4136 sectatores,
2639 4073 2730 4141 qui
2752 4071 2972 4142 plurimi
3002 4077 3158 4124 erant
3183 4068 3236 4142 in
3267 4067 3524 4142 Egypto,

1953 4157 1983 4196 a
2008 4146 2402 4198 communione
2451 4138 2708 4198 Ecclesia:
2738 4138 3162 4204 submoverant,
3202 4138 3414 4192 indulto
3446 4138 3527 4192 eis

1955 4227 2051 4267 sex
2091 4213 2358 4266 mensium
2396 4214 2575 4282 spatio
2630 4213 2696 4264 ad
2745 4210 3196 4281 resipiscendum.
3260 4206 3529 4282 Georgius

1954 4283 2194 4351 acceptis
2218 4283 2302 4337 bis
2327 4276 2527 4337 litteris
2561 4276 2871 4336 concilium'
2894 4281 3278 4348 episcoporum
3308 4276 3527 4351 (Egypti

1953 4348 2322 4432 congregavit,
2354 4352 2408 4406 in
2436 4368 2545 4432 quo
2566 4360 2793 4432 cunctos
2810 4351 2948 4404 Aetii
2975 4357 3278 4432 sectatores
3303 4348 3530 4432 damna-

1957 4416 2088 4475 tioni
2132 4416 2379 4489 eiusdem
2421 4416 2772 4477 subscribere
2817 4420 3110 4489 compulit,
3155 4427 3212 4472 ut
3264 4417 3377 4489 hoc
3412 4416 3532 4471 loco

275 4487 490 4563 stenius
551 4487 603 4540 in
655 4488 896 4563 margine
943 4487 1026 4563 sﬁui
1061 4487 1266 4563 codicis
1312 4488 1376 4540 ad
1428 4488 1560 4563 haec
1582 4487 1764 4563 _verba_
1792 4487 1847 4563 id
1880 4487 1923 4540 D
1953 4492 2111 4563 docet
2133 4487 2549 4563 Philostorgius.
2585 4491 2905 4563 Ὀμοδόξους
2931 4487 3206 4563 igiturhic
3231 4487 3533 4563 intelligere

274 4555 546 4610 scholium
593 4558 894 4610 annotavit.
947 4555 1018 4609 De
1053 4558 1473 4623 presbyterorum
1527 4556 1848 4610 Alexandri-

276 4641 466 4678 norum
497 4625 714 4695 collegio
747 4635 794 4678 et
835 4628 1009 4694 prima
1053 4628 1194 4695 inter
1233 4627 1371 4693 ipsos
1399 4627 1631 4694 episcopi
1674 4627 1849 4681 cathe-

277 4695 402 4757 dra,
429 4711 495 4748 ea:
526 4694 695 4748 sancti
722 4697 1030 4765 Hieronymi
1063 4705 1111 4748 et
1149 4694 1349 4765 llilarii
1382 4697 1594 4749 diaconi
1627 4695 1850 4749 Romani

276 4765 539 4818 sententia
563 4766 814 4835 loquitur.
852 4763 956 4820 Sed
991 4769 1129 4818 hanc
1154 4763 1416 4835 Holstenii
1448 4767 1852 4834 interpretatio-

278 4850 404 4888 nem
439 4834 664 4907 ptjobare
709 4851 816 4889 non
849 4850 1090 4907 possum.
1129 4834 1568 4907 Νειιιισυνέδριον
1599 4838 1700 4907 hoc
1732 4835 1852 4890 loco

281 4919 393 4958 non
421 4905 711 4974 collegium
751 4906 1194 4973 presbyterorum
1243 4905 1534 4974 signiﬁcat,
1563 4906 1655 4959 sed
1687 4921 1852 4974 syno-

281 4975 412 5054 dum
451 4975 834 5054 episcoporum
866 4975 1118 5044 Asgypti,
1153 4990 1292 5054 quos
1320 4974 1852 5054 GeorgiusnAlexan-

281 5044 417 5123 dria‘.
444 5043 750 5123 collegerat.
771 5043 913 5123 _Nai_n
947 5043 1332 5123 cunnepiscopi
1362 5045 1553 5123 synodi
1586 5045 1855 5098 Constan-

285 5113 656 5183 tinopolitanae
699 5115 984 5183 epistolam
1028 5114 1098 5170 ad
1143 5118 1268 5168 eum
1313 5113 1713 5184 scripsissent,
1745 5129 1854 5184 qua

276 5184 503 5240 Aetium
535 5186 752 5255 quidem
782 5188 1127 5241 anathemate
1176 5185 1589 5247 damnaverant,
1621 5183 1860 5254 reliquos

1957 4562 2218 4616 debemus
2245 4559 2506 4618 Aetiauos
2531 4602 2546 4626 ,
2580 4559 2798 4616 Serram
2824 4559 3093 4624 videlicet,
3121 4559 3454 4627 Stephanum
3480 4564 3534 4610 et

1957 4629 2332 4702 Heliodorum,
2374 4633 2662 4702 episcopos
2687 4631 2890 4702 Libyae,
2916 4632 2982 4686 de
3004 4631 3203 4702 quibus
3233 4627 3394 4702 paulo
3411 4637 3533 4702 post

1957 4701 2200 4770 loquitur
2224 4694 2643 4772 Philosiorgibs.
2678 4694 2856 4772 Ὶίόμον
2885 4694 3300 4772 ναστὸν-,κατὰ
3329 4694 3533 4747 Ἀετίου

1959 4767 2116 4853 volent
2141 4773 2424 4853 epistolam
2456 4767 2648 4853 sy'nodi
2692 4767 3344 4853 Constantinopolitanae;
3367 4779 3533 4853 quam

1958 4840 2125 4896 refert
2156 4833 2526 4898 Theodoritu's
2575 4841 2630 4896 in
2681 4840 2854 4909 capite
2899 4837 2991 4905 28,
3036 4833 3132 4890 lib.
3167 4853 3205 4890 ιι
3283 4833 3537 4888 Historiae

1957 4911 2366 4968 ecclesiasticae.

2028 4982 2138 5051 (M)
2176 4981 2580 5050 Τερπνότητός
2607 4997 2662 5032 τι
2699 4977 3020 5051 παρέχεινε
3046 4971 3236 5051 Scribe
3283 4987 3403 5051 meo
3436 4985 3534 5039 pe-

1958 5041 2132 5106 riculo
2160 5041 2523 5121 τερπνότητός
2549 5041 2611 5102 τε
2647 5041 2909 5119 παρέχειν
2936 5049 3048 5110 τοῖς
3079 5042 3303 5115 φοιτῶσι
3336 5041 3534 5111 θέαμα.

2032 5121 2142 5192 (45)
2175 5119 2297 5176 Soz.
2327 5121 2365 5175 l.
2399 5137 2451 5184 v,
2482 5135 2529 5174 c.
2563 5119 2616 5174 5.

1765 5297 2116 5343 VARIORUM.

359 5400 437 5470 (α)
480 5400 599 5469 Τὴν
649 5403 702 5456 Ἀ
713 5403 1006 5457 θανασίου
1033 5403 1274 5471 γνώμην
1316 5402 1728 5470 στρατηγῆσαι
1759 5399 1870 5467 τῆς

287 5471 583 5540 πράξεως.
620 5471 905 5528 Manifesta
935 5474 1262 5527 Arianorum
1297 5472 1348 5526 in
1393 5471 1750 5526 Athanasium
1780 5487 1871 5524 ca-

290 5542 524 5612 lumnia.
579 5543 778 5596 Verum
822 5558 886 5596 ne
926 5543 1042 5612 ipse
1091 5544 1310 5611 quidem
1353 5541 1604 5596 Julianus
1651 5541 1870 5612 Georgii

289 5611 494 5683 tandem
524 5614 577 5665 in
607 5611 961 5668 Christianos
975 5613 1185 5682 rejecit,
1218 5613 1273 5666 in
1297 5612 1530 5683 epistola
1560 5612 1647 5674 l0,
1674 5611 1776 5665 hac
1805 5611 1870 5683 de

295 5697 354 5753 [ε
381 5681 452 5735 ad
487 5683 886 5738 Alexandrinos
923 5681 1124 5753 scripta
1155 5681 1535 5753 squarexstat
1567 5684 1691 5737 item
1728 5681 1869 5753 apud

296 5750 577 5806 Socratem
621 5753 715 5823 lib.
747 5768 834 5823 ιιι,
879 5768 999 5823 cap.
1036 5750 1105 5811 ’5.
1149 5750 1269 5809 Vid.
1305 5753 1468 5809 etiam
1504 5753 1722 5808 Sozom.
1767 5750 1861 5805 lib.

295 5836 348 5886 γ,
384 5836 502 5892 cap.
536 5823 586 5876 7.
621 5821 707 5878 W.
735 5821 934 5877 Lowtlt.

2049 5404 2124 5476 (ὁ)
2156 5402 2304 5476 ,Περὶ
2334 5400 2461 5476 τῆς-
2483 5400 2738 5476 εἰκόνος-ε
2791 5397 3235 5476 De_hac_'_stat_u_a
3276 5408 3370 5448 seu
3404 5391 3543 5447 ima-

1977 5465 2666 5544 gine:Cbristivideantur
2700 5467 2969 5544 Eusebius
2989 5465 3142 5544 _ll_t'st.
3169 5466 3263 5544 lib.
3295 5479 3390 5544 vit,
3419 5479 3540 5544 cap.

1977 5533 2076 5611 l8;
2104 5543 2285 5597 Ruﬁn.
2313 5543 2402 5595 lib.
2434 5558 2528 5604 vu,
2550 5555 2669 5611 cap.
2697 5538 2763 5592 M
2783 5554 2797 5601 ;
2821 5536 3022 5611 Asterji
3053 5535 3275 5611 boﬁmilia
3306 5536 3374 5611 ιιι
3404 5533 3545 5611 apud

1977 5603 2230 5668 Photium
2258 5613 2309 5666 in
2337 5603 2697 5671 Bibliotheca,
2739 5622 2887 5660 num.
2926 5607 3021 5659 ‘27l
3052 5624 3067 5673 ;
3113 5603 3330 5658 Sozom.
3363 5603 3456 5656 lib.
3488 5617 3542 5667 ν,

1978 5699 2097 5752 cap.
2133 5683 2234 5748 21;
2285 5681 2509 5752 Artemii
2549 5681 2661 5752 Αςι.
2699 5677 2770 5752 20
2798 5677 3022 5731 Octobr.
3058 5691 3177 5752 cap.
3208 5674 3315 5740 58',
3346 5673 3546 5730 Cudre-

1980 5745 2080 5808 ιιιιέ
2111 5745 2232 5825 pag.
2273 5752 2407 5816 25!;
2441 5747 2662 5819 Niccpli.
2697 5749 2790 5803 lib.
2834 5764 2884 5802 ιι.
2916 5763 3036 5815 tap.
3082 5745 3169 5799 50.
