3996 6340
233 389 340 447 5H

1271 377 1830 437 ECCLESIASTICE
1870 375 2214 434 HlSTORI/E
2256 377 2386 432 LIB.
2419 374 2533 429 VII.

3399 369 3513 426 5&2-

234 495 431 561 ξόανον
470 494 608 564 αὐτῇ
653 489 1116 562 καθιδρυσάντων,
1159 493 1239 556 είς
1275 491 1373 563 τὴν
1409 493 1508 562 τῆς
1559 492 1822 556 Πανεάδος

1929 505 2061 562 ceps
2091 490 2196 545 fuit
2220 492 2385 546 unius
2413 488 2620 552 tribus,
2657 501 2780 556 qua:
2808 486 2863 540 in
2895 486 2982 541 bis
3013 484 3149 540 locis
3175 493 3306 538 tunc
3345 485 3504 540 sedes

237 590 396 641 ἐπων
409 607 428 636 J
438 583 565 654 μίαν
593 579 906 651 μετέϐαλεν.

1935 582 2203 641 habebat.
2231 581 2282 635 ld
2318 586 2739 651 cognomentum
2783 575 3026 631 trahens.
3063 573 3277 632 Secutis
3320 583 3504 628 autem

237 678 583 752 temporibus
608 675 855 734 Cesarea
885 676 1120 749 Philippi
1149 679 1533 751 cognominata
1570 688 1676 737 est.
1709 680 1815 737 Sed
1851 695 1977 736 cum
2001 680 2232 753 gentiles
2266 679 2431 734 Panis
2468 676 2829 734 simulacrum
2881 673 2939 729 in
2994 688 3059 729 ea
3113 673 3500 738 collocassent,

236 776 302 831 iu
333 771 594 828 Paneadis
621 771 948 827 vocabulum
982 775 1217 829 transiit.

313 866 380 918 δ’.
411 864 537 916 Ὀτι
567 862 678 916 τῶν
722 863 1080 935 Ἑλληνιστῶν
1108 865 1175 919 τὰ
1201 865 1529 922 ἀτοπώτατα
1561 868 1702 923 κατά
1722 867 1831 922 τῶν

242 945 597 1028 Χριστιανῶν
627 955 904 1026 πανταχοῦ
936 956 1374 1027 παλαμωμένων,
1413 960 1690 1013 καὶτοῦτο
1715 963 1830 1024 τοῖς

245 1045 479 1100 ἀσεϐέσι
533 1045 677 1098 κατά
729 1046 1092 1117 Παλαιστίνην
1139 1046 1695 1119 δεδραματούργηται.
1748 1049 1830 1102 Τά

245 1133 348 1187 τοῦ
389 1135 668 1204 προφήτου
715 1132 1014 1186 Ἐλισσαίου
1058 1135 1194 1187 ὀστᾶ
1242 1136 1336 1188 καὶ
1383 1133 1477 1190 τοῦ
1524 1137 1828 1191 Βαπτιστοῦ

256 1224 512 1278 Ἰωάννου
535 1225 614 1293 (α)
669 1225 821 1295 (ἐκεῖ
871 1226 979 1296 γάρ
1009 1227 1176 1296 ἄμφω
1219 1227 1516 1299 ἐτέθαπτο)
1565 1229 1674 1283 τῶν
1728 1229 1828 1302 θη-

245 1313 365 1367 κῶν
398 1315 739 1385 ἐξελόμενοι,
785 1317 878 1369 καὶ
912 1315 1064 1381 ζώων
1099 1319 1276 1382 ὀστοῖς
1317 1318 1526 1387 ἀλόγων
1551 1336 1829 1388 συγκατα-

239 1404 505 1476 μίξαντες
523 1445 539 1466 ,
570 1405 704 1475 ὁμοῦ
737 1406 871 1477 πρὸς
905 1408 1052 1461 κόνιν
1079 1410 1423 1464 κατέκαυσαν
1447 1448 1463 1476 ,
1494 1413 1589 1466 καὶ
1625 1415 1706 1476 είς
1731 1413 1826 1466 τὸν

236 1495 386 1565 ἀέρα
411 1493 806 1566 διεσπείραντο.
825 1497 936 1549 Καὶ
962 1499 1088 1561 τοὺς
1106 1499 1585 1570 Χριστιανίξοντας
1615 1503 1674 1557 δὲ
1702 1503 1826 1556 συλ-

237 1585 612 1655 λαμϐάνοντες
635 1626 650 1648 ,
681 1585 829 1641 ἐστιν
883 1589 971 1641 ὅτε
1003 1592 1116 1653 τοῖς
1168 1590 1371 1662 βωμοῖς
1424 1593 1824 1664 ἀναπτομένοις

237 1675 323 1738 ὡς
353 1677 524 1743 ἱερεῖα
558 1675 877 1730 ἐπετίθεσαν
901 1695 913 1708 °
950 1681 1044 1734 καὶ
1076 1681 1157 1744 είς
1201 1682 1401 1753 πολλὴν
1445 1683 1612 1754 ἀλλην
1648 1687 1822 1758 ἀρρη-

237 1766 502 1834 τουργίαν
530 1765 1024 1840 ἐξεϐακχεύθησαν.
1053 1771 1235 1842 ’Ἀπερ
1276 1773 1563 1837 Ἰουλιανὸς
1592 1776 1818 1831 ἐπιστά-

241 1873 408 1927 μενος
430 1857 528 1927 οὐχ
554 1858 702 1921 ὅπως
736 1857 932 1928 ἤχθετο
950 1900 964 1924 ,
997 1859 1138 1914 ἀλλά
1163 1864 1259 1916 καὶ
1286 1863 1653 1936 διαφερόντως
1677 1867 1825 1937 ἔχαι-

242 1963 363 2018 ρεν,
411 1948 501 2000 καὶ
532 1947 634 2016 τῆς
669 1948 770 2018 μὲν
796 1949 908 2019 (52)
946 1952 1039 2004 ἐπὶ
1069 1955 1183 2016 τοῖς
1208 1953 1502 2024 δρωμένοις
1539 1955 1825 2022 δυσκλείας

239 2040 326 2100 είς
355 2037 573 2107 ἐτέρους
599 2037 855 2110 ἀνιούσης
877 2079 892 2105 ,
919 2041 1020 2111 τῆς
1042 2042 1086 2095 δ’
1112 2043 1275 2096 αὐτοῦ
1307 2043 1531 2118 γνώμης
1551 2050 1661 2111 τοῖς
1682 2049 1826 2102 ἐκεί-

239 2146 352 2182 νων
379 2128 560 2198 ἔργοις
587 2131 1010 2202 περαιουμένης.
1045 2133 1278 2188 Συνιδὼν
1332 2136 1390 2189 δὲ
1415 2175 1430 2200 ,
1468 2137 1554 2192 διά
1603 2139 1702 2210 τῆς
1731 2158 1823 2194 το-

239 2218 454 2288 σαύτης
508 2217 706 2288 μανίας
755 2220 907 2273 οὐδὲν
945 2215 1020 2275 ὧν
1076 2223 1327 2278 ἐϐούλετο
1383 2229 1776 2300 περαινόμενον
1805 2245 1820 2260 °

242 2307 451 2380 μᾶλλον
480 2309 587 2379 γάρ
620 2309 682 2363 τὸ
699 2311 1042 2381 Χριστιανῶν
1071 2315 1522 2388 πολιορκούμενον
1547 2322 1824 2392 saepem-

240 2415 372 2452 νυτο
397 2402 684 2473 φρόνημα·
727 2406 1036 2474 μηχανᾶται
1069 2407 1195 2470 τοὺς
1229 2411 1289 2463 ἐν
1329 2410 1530 2474 αίτίαις
1565 2395 1824 2484 ἐκϐεϐλη-

243 2488 445 2558 μένους
473 2491 587 2560 (55)
613 2492 722 2547 τῶν
759 2495 1074 2549 ἐπισκόπων
1097 2535 1112 2560 ,
1151 2499 1244 2551 καὶ
1290 2500 1416 2564 τοὺς
1453 2503 1569 2555 ἀντ’
1599 2503 1822 2559 ἐκείνων

241 2579 473 2649 ἔχοντας
519 2583 646 2648 τοὺς
674 2585 933 2656 θρόνους,
980 2590 1060 2652 είς
1111 2590 1346 2662 πόλεμον
1387 2594 1674 2666 συρῤάξαι.
1711 2599 1822 2651 Καὶ

241 2669 312 2742 δὴ
343 2672 522 2746 πάσης
548 2675 796 2743 ἐξουσίας
831 2680 1068 2752 ἑκατέρᾳ
1101 2683 1266 2756 μοίρᾳ.
1301 2686 1572 2755 μετεδίδου
1595 2727 1609 2754 ,
1643 2690 1818 2761 πράτ-

241 2779 361 2818 τειν
393 2766 494 2818 ὅσα
527 2768 622 2821 καὶ
654 2767 858 2842 δυνατά
889 2771 1073 2835 αὐτοῖς
1123 2774 1206 2843 εἴη
1250 2777 1331 2838 είς
1363 2775 1460 2846 τὴν
1489 2778 1694 2832 οίκείαν
1728 2780 1823 2834 σύ-

243 2856 439 2907 στασίν
471 2873 529 2909 τε
582 2860 676 2911 καὶ
717 2860 1036 2928 ἀσφάλειαν.
1081 2862 1172 2928 Ἐξ
1207 2859 1282 2918 ὦν
1336 2869 1531 2922 ἐκεῖνοι
1563 2871 1698 2940 πρὸς
1729 2873 1821 2926 ἀλ-

243 2945 444 3014 λήλους
474 2949 906 3020 συρρηγνύμενοι
930 2951 1001 3021 (b)
1029 2992 1044 3016 ,
1082 2954 1283 3025 πολλὴν
1313 2957 1699 3031 ἀσχημοσύνην
1727 2963 1822 3016 καὶ

246 3033 494 3104 μέμψιν,
525 3036 662 3106 ὅπερ
688 3033 756 3109 ἧν
784 3039 861 3109 τῷ
895 3041 1177 3113 ἀποστάτῃ
1211 3045 1532 3117 σπούδασμα
1561 3087 1575 3113 ,
1648 3067 1820 3120 προσ-

1996 880 2051 936 4.
2080 879 2312 935 Gentiles
2359 881 2418 934 in
2459 887 2671 934 sanctos
2711 887 2946 933 mortuos
2991 879 3229 948 vivosque
3257 880 3498 937 savium.

1934 969 2187 1026 Julianus
2214 973 2479 1040 episcopos
2510 971 2652 1024 inter
2681 987 2735 1024 se
2761 970 3064 1024 committit.
3084 967 3305 1024 —Cum
3333 973 3502 1027 multa

1927 1061 2128 1115 atrocia
2160 1063 2385 1131 gentiles
2412 1061 2675 1116 adversus
2704 1059 3044 1115 Christianos
3077 1060 3276 1130 ubique
3311 1073 3502 1130 perpe-

1928 1160 2162 1217 trarunt,
2196 1161 2308 1206 tu‘m
2337 1153 2482 1207 istud
2510 1151 2726 1207 facinus
2756 1153 2825 1206 ab
2855 1152 3048 1206 iisdem
3089 1152 3386 1206 admissum
3419 1161 3503 1207 est

1931 1243 1984 1296 in
2020 1243 2329 1298 Palaestina.
2368 1242 2546 1298 Elisaai
2585 1243 2857 1313 prOpIietm
2891 1251 2947 1296 et
2972 1240 3199 1297 Joannis
3248 1240 3502 1311 Baptista:

1930 1350 2053 1390 ossa
2080 1375 2096 1401 ,
2156 1353 2184 1389 e
2222 1335 2415 1391 loculis
2455 1336 2572 1391 suis
2602 1343 2878 1390 extracta;
2920 1335 3033 1390 illic
3077 1335 3222 1389 enim
3274 1344 3502 1404 uterque

1926 1440 2114 1479 eorum
2152 1427 2397 1495 sepultus
2452 1424 2660 1481 fuerat:
2694 1426 2975 1480 brutorum
3009 1424 3327 1478 animalium
3355 1425 3503 1479 ossi-

1927 1513 2030 1569 bus
2057 1515 2447 1584 permisccntcs
2467 1554 2482 1580 ,
2537 1515 2647 1584 igni
2681 1513 3021 1569 tradiderunt
3041 1553 3053 1568 .
3083 1523 3138 1566 et
3175 1514 3228 1567 in
3259 1513 3499 1568 cinerem

1926 1606 2145 1660 redacta
2173 1615 2493 1674 sparserunt
2540 1606 2594 1659 in
2630 1614 2872 1659 ventum.
2921 1603 3205 1659 Nonnullis
3233 1603 3398 1659 etiam
3441 1604 3498 1658 in

1925 1696 2062 1752 locis
2105 1696 2448 1753 Christianos
2478 1712 2600 1752 cum
2637 1695 3208 1765 comprehendissent,
3259 1695 3370 1750 aris
3409 1696 3499 1748 in-

1925 1789 2103 1846 censis
2136 1797 2392 1858 tanquam
2439 1789 2684 1844 victimas
2727 1788 3131 1856 imposuerunt;
3166 1786 3331 1838 multa
3360 1799 3499 1854 quo-

1928 1895 2036 1953 que
2067 1880 2172 1934 alia
2203 1880 2353 1936 dictu
2387 1878 2656 1934 horrenda
2678 1919 2694 1942 ,
2730 1877 2878 1932 velut
2908 1875 3094 1930 furore
3122 1873 3310 1944 perciti
3339 1888 3495 1929 com-

1928 1969 2212 2023 miserunt.
2262 1967 2397 2034 Quae
2439 1982 2564 2022 cum
2610 1965 2862 2020 Julianus
2908 1965 3076 2034 probe
3129 1971 3354 2025 nosset,
3387 1974 3496 2016 non

1926 2061 2088 2115 modo
2119 2060 2430 2127 indignatus
2488 2073 2596 2113 non
2653 2067 2735 2113 est
2771 2096 2786 2120 ,
2842 2069 3027 2110 verum
3081 2053 3246 2107 etiam
3301 2053 3499 2122 gaudio

1923 2149 2237 2214 exsultavit,
2257 2165 2380 2205 cum
2413 2148 2634 2203 infamia
2661 2149 2878 2218 quidem
2904 2145 3169 2201 atrocium
3194 2144 3496 2198 facinorum

1924 2255 2091 2308 penes
2117 2240 2255 2296 alios
2287 2249 2465 2306 esset;
2493 2239 2662 2308 ipsius
2687 2245 2869 2293 autem
2919 2235 3173 2291 voluntas
3212 2233 3373 2311 facti;
3399 2247 3498 2287 eo.

1923 2345 2040 2382 rum
2068 2330 2473 2399 adimpleretur.
2508 2327 2612 2383 Sed
2645 2343 2768 2383 cum
2791 2325 3271 2388 animadverteret,
3308 2321 3498 2388 hujus-

1923 2420 2067 2474 modi
2097 2420 2383 2476 atrocitate
2415 2419 2548 2474 nihil
2597 2433 2786 2474 eorum
2818 2432 2940 2488 qua
2965 2416 3250 2484 cupiebat,
3281 2413 3346 2468 ad
3379 2412 3498 2466 exi-

1922 2519 2036 2565 tum
2073 2511 2326 2580 perduci:
2355 2511 2554 2582 quippe
2592 2510 3029 2566 Christianorum
3057 2522 3198 2578 quos
3223 2518 3500 2575 oppugna-

1921 2599 2058 2666 bat,
2095 2601 2313 2655 animus
2368 2601 2543 2670 magis
2595 2616 2660 2656 ac
2708 2601 2882 2671 magis
2938 2596 3400 2658 confirmabatur,
3438 2594 3491 2648 id

1921 2698 2262 2745 commentus
2288 2698 2370 2746 est
2394 2729 2410 2756 ,
2445 2698 2505 2743 ut
2531 2690 2818 2759 episcopos
2859 2689 2954 2758 qui
2983 2689 3054 2743 ob
3089 2686 3268 2741 varias
3297 2697 3499 2738 causas

1921 2780 2134 2848 expulsi
2164 2779 2420 2843 fuerant,
2447 2794 2652 2849 eosque
2677 2780 2770 2849 qui
2803 2778 2855 2833 in
2900 2778 3118 2833 illorum
3155 2776 3336 2830 locum
3366 2773 3498 2828 sub-

1921 2872 2093 2927 stituti
2140 2879 2338 2934 erant,
2379 2870 2519 2924 inter
2560 2885 2620 2924 se
2665 2869 3046 2924 committeret.
3077 2864 3305 2934 Utrique
3335 2863 3498 2933 igitur

1921 2962 2062 3032 parti
2112 2961 2388 3015 licentiam
2417 2959 2565 3014 dedit
2606 2957 2838 3015 faciendi
2883 2971 3220 3029 quacunque
3273 2961 3500 3024 possent

1921 3051 1989 3107 ad
2028 3052 2426 3106 restitutionem
2465 3065 2621 3106 suam
2670 3065 2735 3106 ac
2777 3049 3169 3105 defensionem.
3217 3045 3390 3114 Quam
3426 3044 3500 3098 ob

242 3123 528 3193 ετρίϐοντο
565 3129 627 3197 τῇ
653 3127 922 3199 εὐσεϐείᾳ.
954 3131 1065 3183 Καὶ
1092 3130 1226 3185 ἀλλα
1249 3132 1306 3185 δὲ
1338 3133 1439 3204 τῆς
1466 3135 1632 3206 αὐτῆς
1654 3155 1819 3191 κακο-

1929 3156 2148 3197 causam
2206 3142 2283 3195 illi
2329 3143 2470 3196 inter
2501 3157 2560 3197 se
2597 3141 2772 3196 collisi
2798 3181 2814 3207 ,
2845 3140 3036 3208 ingens
3067 3140 3301 3195 dedecus
3333 3146 3496 3206 atque

244 3214 467 3282 τεχνίας
496 3217 787 3286 -συνεπῆγε
817 3233 830 3246 °
871 3218 997 3282 τούς
1046 3237 1106 3272 τε
1154 3221 1261 3294 γὰρ
1298 3223 1357 3274 ἐν
1407 3224 1591 3295 κλήρῳ
1635 3243 1820 3281 κατει-

246 3303 548 3375 λεγμὲνους
576 3309 656 3369 είς
674 3309 772 3378 τὴν
798 3309 908 3362 τῶν
937 3310 1238 3380 βουλευτῶν
1259 3314 1558 3386 ἀνέστρεφε
1588 3317 1821 3391 λειτουρ-

247 3394 398 3462 γίαν,
417 3395 638 3450 καὶτῶν
667 3398 1000 3469 Ἐκκλησιῶν
1027 3400 1095 3455 τά
1124 3403 1409 3474 σιτηρέσια
1434 3408 1546 3470 τοῖς
1563 3406 1668 3460 τῶν
1703 3408 1820 3463 δαι-

249 3486 455 3555 μονίων
481 3487 839 3558 θεραπευταῖς
880 3492 1151 3562 μετεδίδου
1171 3533 1188 3558 ,
1225 3497 1318 3549 καὶ
1348 3497 1526 3551 πάντα
1561 3500 1820 3572 πράττειν

248 3581 352 3633 οὐκ
382 3583 611 3638 ἐνεδίδου
631 3602 644 3614 ·
680 3584 742 3650 ἐξ
790 3579 863 3640 ὧν
891 3587 958 3641 τά
999 3588 1097 3659 μὲν
1129 3590 1353 3665 ἀκμάσῃ
1385 3591 1455 3644 τὰ
1485 3593 1591 3646 τῶν
1627 3594 1818 3664 δαιμό-

249 3687 381 3737 νων,
398 3674 466 3726 τά
487 3673 542 3726 δὲ
564 3674 664 3746 τῆς
692 3677 1001 3744 εὐσεϐείας,
1027 3677 1102 3742 ὼς
1120 3679 1386 3750 ἐνόμιζεν,
1413 3684 1490 3746 είς
1515 3685 1817 3756 ἀφανισμὸν

249 3763 594 3838 συνελαθείη.

323 4027 386 4081 ε’.
415 4027 570 4091 Ὅτι,
603 4029 736 4099 φησὶ
755 4071 767 4095 ,
799 4031 904 4082 τῶν
935 4032 1273 4101 πραγμάτων
1306 4033 1448 4087 οὕτω
1480 4038 1818 4106 φερομένων,

249 4121 333 4182 εἰς
364 4121 586 4190 μνήμην
633 4120 880 4185 Εὐδόξιος
933 4122 1169 4176 ἀνελθὼν
1200 4124 1308 4177 τῶν
1359 4125 1535 4196 ὅρκων
1591 4128 1821 4183 καὶτῶν

250 4209 600 4280 ὑποσχέσεων
628 4211 692 4274 ἃς
722 4212 862 4282 ὑπὲρ
904 4215 1108 4268 Ἀετίου
1148 4216 1284 4287 πρὸς
1327 4218 1590 4288 Εὐνόμιον
1639 4221 1824 4274 ἀνεδέ-

253 4299 418 4364 ξατο,
465 4299 679 4374 σύνοδον
730 4303 1030 4357 ἐπιστέλλει
1084 4305 1161 4376 τῷ
1219 4307 1543 4378 Ἀντιοχείας
1597 4311 1822 4382 Εὐζωΐῳ

1919 3232 2296 3301 opprobrium,
2323 3230 2781 3300 quemadmodum
2815 3237 3074 3298 apostataa
3102 3228 3157 3282 in
3185 3227 3327 3282 votis
3356 3235 3494 3292 erat,

1920 3319 2168 3389 religioni
2206 3329 2404 3372 nostrae
2436 3318 2758 3373 intulerunt.
2793 3319 2916 3372 Alia
2965 3331 3182 3387 quoque
3231 3316 3316 3370 liis
3346 3315 3497 3384 adje-

1921 3410 1996 3464 cit
2029 3425 2136 3463 non
2165 3410 2448 3464 dissimilis
2478 3410 2836 3480 malignitatis
2861 3426 2877 3475 ;
2922 3423 3018 3464 eos
3051 3408 3194 3464 enim
3223 3406 3318 3476 qui
3347 3406 3496 3461 clero

1921 3501 2146 3570 ascripti
2193 3511 2381 3566 erant,
2415 3502 2483 3555 ad
2534 3502 2782 3572 publicas
2812 3502 3162 3556 decurionum
3195 3499 3497 3554 functiones

1924 3594 2169 3657 retraxit,
2204 3601 2258 3647 et
2304 3593 2676 3649 Ecclesiarum
2708 3609 2956 3650 annonas
2986 3591 3252 3648 ministris
3297 3591 3500 3645 dieme-

1922 3662 2053 3741 num
2083 3687 2322 3741 tradidit.
2359 3686 2600 3756 Denique
2629 3687 2811 3742 omnia
2871 3685 3050 3740 facere
3082 3693 3148 3734 ac
3178 3681 3354 3735 moliri
3390 3697 3494 3736 non

1922 3775 2168 3842 destitit,
2194 3786 2254 3831 ut
2300 3777 2612 3831 daemonum
2642 3778 2862 3846 quidem
2901 3774 3214 3844 superstitio
3245 3773 3487 3837 floreret;

1923 3876 2106 3920 nostra
2132 3877 2316 3921 autem
2355 3866 2544 3935 religio
2581 3901 2595 3930 ,
2629 3867 2786 3921 sicuti
2821 3865 3105 3935 sperabat,
3160 3862 3375 3930 penitus
3403 3875 3496 3915 ex-

1920 3956 2304 4024 stingueretur.
3025 3995 3032 3997 μ

1991 4045 2042 4100 5.
2077 4044 2310 4100 Eudoxii
2349 4057 2398 4101 et
2430 4045 2620 4101 Euzoii
2643 4047 2706 4101 de
2748 4046 2899 4101 Aetio
2944 4043 3086 4096 rixa.
3125 4071 3194 4080 —
3225 4038 3361 4094 Dum
3409 4053 3496 4094 res

1923 4138 2030 4193 hoc
2051 4138 2104 4191 in
2143 4148 2286 4194 statu
2319 4147 2541 4203 essent,
2574 4137 2851 4191 Eudoxius
2882 4135 2936 4188 in
2990 4129 3306 4185 memoriam
3341 4144 3494 4183 revo-

1924 4237 2056 4281 cans
2085 4227 2469 4297 jusjurandum
2501 4235 2556 4280 et
2603 4225 2927 4294 sponsiones
2955 4221 3154 4292 quibus
3191 4233 3311 4273 sese
3353 4216 3521 4300 apud,

1927 4312 2250 4369 Eunomium
2287 4314 2655 4369 obstrinxerat
2699 4313 2754 4366 in
2803 4311 3029 4382 gratiam
3070 4307 3244 4371 Aetii,
3291 4306 3498 4360 litteras

173 4463 186 4470 _
253 4389 638 4461 συναθροῖσαι,
671 4392 737 4445 δι’
773 4388 840 4465 ἦς
885 4395 991 4448 ἔδει
1029 4394 1120 4449 τὸν
1169 4397 1370 4451 Ἀέτιον
1400 4397 1498 4471 τῆς
1528 4402 1822 4456 καταδικα-

1929 4405 2143 4476 scripsit
2166 4407 2232 4462 ad
2256 4405 2518 4461 Euzoium
2535 4404 2956 4460 Antiochensem
2981 4401 3321 4473 episcopum,
3345 4410 3502 4450 man-

1471 4571 1714 4618 VALESII
1750 4574 1835 4619 ΑΝ
1838 4574 2152 4620 ΝΟΤΔΤῙΟΝ
2157 4577 2228 4621 ES
2237 4606 2249 4619 .

327 4690 440 4762 (52)
473 4693 713 4776 Ἔχαιρε
731 4692 832 4747 καί
858 4693 968 4762 τῆς
988 4695 1124 4763 μέν.
1166 4694 1406 4770 Quodin
1439 4697 1821 4776 Annotationi-

254 4761 360 4815 bus
408 4762 473 4815 ad
521 4762 808 4815 Lvaermm
861 4765 1175 4815 observavi.
1226 4767 1279 4815 in
1338 4767 1607 4815 veteribus
1668 4769 1821 4815 libris

254 4766 360 4817 bus
408 4766 473 4816 ad
521 4766 808 4830 Evagrium
861 4766 1175 4828 observavi,
1226 4767 1279 4820 in
1331 4766 1607 4822 veteribus
1667 4769 1821 4825 libris

449 4832 540 4915 καί
570 4835 807 4915 posituri]
858 4849 980 4915 esse
1025 4851 1128 4915 pro_
1157 4836 1281 4915 dig,
1322 4836 1462 4915 idem
1489 4852 1724 4915 'quoque
1764 4839 1818 4892 in

255 4898 602 4984 _Pbilo_storgi_i
633 4903 785 4957 libris
828 4898 1067 4984 erratum
1097 4905 1470 4984 deprehendi._
1489 4898 1821 4984 L'ego'igitur

255 4971 363 5026 hoc
406 4972 525 5027 loco
579 4971 797 5043 ἔχαιρεν
843 4974 919 5038 ὡς
948 4974 1047 5044 τῆς
1096 4971 1194 5045 μὲν
1247 4976 1340 5027 ἐπὶ
1386 4977 1498 5038 τοῖς
1523 4971 1821 5046 δρωμένοις

1926 4703 2229 4768 δυσκλείας,
2262 4713 2364 4758 etc.
2399 4702 2570 4758 Paulo
2601 4713 2723 4772 post
2754 4703 3097 4772 scribendum
3122 4711 3216 4772 est
3237 4701 3498 4772 Χριστια-

1927 4772 2031 4826 νῶν
2056 4774 2547 4844 πολιορκουμένων,
2581 4768 2726 4842 quod
2753 4775 2919 4826 miror
2949 4787 2979 4825 a
3013 4768 3346 4824 Gothofredo
3371 4770 3494 4822 ani-

1922 4845 2273 4901 madversum
2307 4860 2414 4897 non
2451 4844 2642 4897 fuisse.

1998 4913 2110 4982 (55)
2141 4913 2285 4979 Τοὺς
2308 4914 2378 4966 ἐν
2401 4915 2616 4976 αἰτίαις
2635 4907 3121 4982 ἐκϐεϐλημένους.
3139 4903 3498 4960 Scribendum

1925 4991 2008 5035 est
2025 4981 2216 5050 precul
2243 4983 2411 5038 dubio
2437 4983 2524 5034 ἐπ’
2555 4981 2778 5042 αἰτίαις.

1707 5103 2032 5151 VARIORUM
2038 5138 2052 5152 .

253 5209 469 5265 Plinius
517 5208 612 5262 lib.
655 5224 708 5270 v,
741 5222 862 5266 can.
911 5209 995 5264 l5.
1031 5207 1295 5262 Iordanes
1345 5209 1516 5261 annuis
1563 5208 1737 5262 oritur
1795 5227 1824 5264 e

255 5283 402 5351 fonte
435 5278 711 5351 Poneade,
745 5283 1144 5351 qui_cognomen
1185 5278 1326 5351 dedit
1361 5278 1633 5351 Caesarem.
1653 5279 1819 5351 Quod

253 5345 440 5404 autem
493 5347 704 5418 Paneas
755 5345 789 5400 a
839 5345 998 5403 Panis
1055 5349 1348 5403 simulacro
1413 5349 1541 5401 olim
1593 5349 1664 5402 ibi
1725 5365 1824 5418 po-

254 5423 366 5476 sito
412 5417 788 5486 cognominata
841 5419 1033 5482 fuerit,
1109 5432 1268 5471 nemo
1326 5417 1820 5486 veterumiprzeter

257 5503 430 5542 unum
455 5485 874 5556 Philostorgium
903 5489 1164 5556 prodidit,
1207 5496 1268 5541 ut
1291 5487 1542 5544 observat
1569 5485 1690 5541 Jac.
1725 5487 1822 5542 Go-

264 5558 533 5626 thofredus
557 5558 611 5609 in
637 5555 770 5626 hunc
796 5555 986 5626 locum.

330 5626 410 5696 (α)
438 5625 778 5680 Βαπτιστοῦ
817 5625 1104 5680 Ἰωάννου.
1124 5625 1198 5696 De
1225 5626 1389 5693 hujus
1416 5625 1633 5681 ossibus
1658 5625 1823 5695 disje-

258 5695 364 5765 ctis
390 5695 752 5763 Philostorgio
779 5697 1126 5751 consentiunt
1155 5695 1380 5750 Rufinus
1412 5698 1448 5750 Ι.
1481 5711 1556 5760 xt,
1580 5711 1698 5765 cap.
1718 5696 1822 5762 28;

254 5763 577 5821 Theodorit.
613 5765 705 5818 lib.
740 5780 798 5818 ιιι
825 5807 836 5830 ,
869 5781 987 5831 eap.
1023 5766 1074 5830 7,
1102 5775 1154 5821 et
1177 5765 1469 5821 Chronicon
1501 5763 1821 5820 Alexandri-

1927 5232 2074 5270 num.
2105 5215 2180 5270 De
2201 5214 2394 5269 Elisaeo
2424 5222 2623 5269 tacent.

2001 5286 2075 5356 (ὁ)
2112 5286 2206 5348 Ἐξ
2235 5278 2572 5356 ὧν-ᾆκεῐνοι
2603 5283 2770 5356 πρὸς,
2800 5280 3113 5356 ἀλείήλους
3158 5286 3498 5356 συρῤηγνύ.

1924 5349 2110 5423 paea.
2152 5357 2278 5407 Am.
2332 5349 2678 5406 Marcellinus
2726 5351 2830 5414 ait,
2865 5349 3137 5406 Julianum
3181 5349 3495 5411 dissidentes

1927 5423 2351 5477 Christianorum
2377 5425 2639 5494 antistites
2676 5423 2938 5494 monuisse
2961 5463 2975 5485 ,
3012 5433 3068 5494 ut
3107 5425 3319 5494 quisque
3347 5426 3504 5480 nullo

1923 5503 2128 5547 vetante
2164 5493 2406 5561 religioni
2433 5507 2542 5544 sua:
2569 5491 2783 5543 serviret
2813 5491 3125 5561 intrepidus.
3169 5491 3322 5560 Quod
3343 5535 3358 5559 ,
3418 5499 3494 5550 in-

1923 5559 2290 5635 quit,_ageba't
2328 5562 2442 5635 ideo
2465 5561 2776 5635 obstinate,_
2799 5570 2853 5611 ut
2887 5559 3241 5616 dissensiones
3277 5576 3506 5635 augente-

1923 5629 2171 5704 {iegntia}
2220 5647 2323 5684 non
2376 5631 2578 5704 timeret
2616 5629 3007 5704 uyaniqtnntem
3040 5641 3220 5704 postea
3269 5629 3504 5704 plebem-

1928 5696 2188 5766 Libxxn,
2223 5716 2344 5772 cap.
2392 5719 2438 5752 ι.
2483 5699 2604 5754 Vid.
2639 5695 2764 5754 Soz.
2799 5699 2891 5755 lib.
2924 5715 2974 5769 v,
3009 5695 3127 5772 cap.
3157 5701 3210 5757 5.
