3996 6340
265 364 374 422 διδ

1271 363 1832 422 ECCLESIAS'HCE
1873 365 2221 424 HISTORle
2261 367 2387 424 LIB.
2429 367 2544 423 VII.

3411 379 3516 435 διο

266 484 590 558 παραλύσας
615 483 710 539 τοῦ
743 484 1074 556 ἀξιώματος,
1098 485 1178 549 είς
1197 484 1380 557 Θήϐας
1401 486 1502 550 τὰς
1521 487 1844 556 Αἰγυπτίους

1948 505 2111 560 quam
2136 489 2414 547 dimovere
2435 488 2725 562 potuisset,
2741 490 3000 562 dignitate
3019 493 3286 565 privatum
3304 495 3517 557 Thebas

263 578 585 649 φυγαδεύει.
616 578 816 633 Τοῦτόν
840 597 1004 649 φασιν
1027 619 1042 645 ,
1069 580 1231 651 ἡνίκα
1255 581 1631 644 Κωνστάντιος
1658 579 1844 632 ἐϐασίι

262 671 480 734 λευσεν,
519 670 646 724 ίδεῖν
676 688 798 725 τινα
830 671 939 725 τῶν
971 671 1282 743 λεγομένων
1314 671 1716 743 Σιλεντιαρίων,
1751 689 1846 725 πυ-

265 759 363 834 ρὸς
400 761 574 830 φλόγα
603 760 698 816 τοῦ
748 762 1012 833 στόματος
1063 763 1318 831 ἀφιέντα’
1358 762 1484 816 ίδεῖν
1534 763 1591 816 δὲ
1618 763 1757 816 κατά
1785 763 1845 817 τὸ

261 852 489 907 δειλινὸν
516 852 659 924 (61),
690 853 855 924 ήνίκα
907 853 1045 925 μετὰ
1081 851 1286 926 τροφὴν
1323 853 1416 906 τὸν
1463 853 1630 907 ὕπνον
1667 853 1848 926 αίρού-

267 944 440 1016 μεθα·
485 945 583 998 κα)⁴
630 943 806 999 ταῦτα
861 944 1120 1015 σημηνῶν
1153 944 1265 1017 (62)
1317 944 1701 1015 Κωνσταντίῳ.
1736 944 1845 998 Καὶ

261 1037 375 1108 γὰρ
407 1035 615 1090 ἐκείνου
656 1034 973 1106 πέμψαντος
999 1035 1160 1090 αὐτόν
1195 1037 1284 1091 διά
1311 1053 1432 1090 τινα
1460 1036 1649 1108 χρείαν
1680 1054 1844 1106 μετα-

262 1125 597 1180 καλέσασθαι
635 1124 728 1179 τὸν
757 1125 1196 1181 Οὑαλεντινιανὺν
1216 1167 1231 1192 ,
1275 1129 1587 1198 περιτυχεῖν
1612 1126 1692 1197 τῷ
1719 1125 1843 1180 θεά-

265 1233 423 1288 ματι.
461 1217 523 1271 '0
567 1217 625 1271 δὲ
651 1218 1029 1282 Κωνστάντιος
1058 1221 1125 1290 τῇ
1180 1217 1411 1290 ἀγγελίᾳ
1461 1220 1542 1283 είς
1591 1219 1842 1272 ὑπόνοιαν

267 1308 370 1378 μὲν
395 1308 492 1364 καὶ
515 1307 635 1372 δέος
679 1309 914 1381 κατέστη
936 1324 952 1342 ο
980 1309 1134 1363 οὐδέν
1167 1311 1232 1379 γέ
1275 1328 1329 1363 τι
1367 1310 1722 1381 παρελύπησε
1751 1311 1843 1365 τὸν

262 1397 472 1469 ἄνδραο
510 1399 1002 1470 παραμυθούμενος
1032 1400 1089 1454 δὲ
1123 1401 1186 1454 τδ
1213 1402 1411 1454 οίκεῖον
1430 1401 1577 1466 δέος,
1623 1401 1751 1473 περὶ
1776 1401 1846 1456 τά

266 1490 503 1563 φρούρια
543 1493 642 1562 τῆς
682 1492 1110 1563 Μεσοποταμίας
1139 1493 1417 1565 ἐκπέμπει
1441 1535 1454 1559 ,
1497 1493 1710 1563 φύλακα
1737 1494 1844 1548 τῶν

267 1583 449 1635 ἐκεῖσε
475 1581 657 1636 τόπων
682 1582 958 1654 ἐσόμενον,
993 1585 1088 1638 καὶ
1117 1584 1215 1648 τὰς
1242 1583 1350 1644 τῶν
1379 1584 1605 1656 Περσῶν
1638 1584 1846 1656 ἐπιδρο-

270 1675 381 1746 μὰς
405 1674 813 1730 ἀναστέλλοντα.

337 1773 409 1836 η’.
445 1767 567 1820 Ὀτι
610 1767 678 1821 τά
727 1769 858 1840 περὶ
889 1768 982 1822 τοῦ
1041 1770 1317 1842 μάρτυρος
1357 1768 1571 1824 Βαϐύλα
1597 1769 1710 1840 (a),
1743 1771 1842 1824 ὅσα

1947 579 2230 653 JEgyptias
2252 583 2511 654 relegavit
2537 581 2671 654 (65).
2698 581 2854 639 Hunc
2885 584 3011 639 olim
3033 627 3048 653 ,
3083 585 3210 642 dum
3247 587 3516 645 Constan-

1945 671 2054 728 tius
2087 674 2314 744 imperio
2338 675 2601 743 potiretur
2621 715 2638 740 ,
2668 674 2891 746 quidam
2924 691 2990 730 ex
3041 677 3226 732 schola
3262 677 3518 736 Silentia-

1945 763 2174 831 riorum,
2202 763 2475 819 ﬂammam
2507 780 2570 820 ex
2619 779 2714 821 ore
2745 773 3048 821 vomentem
3080 767 3281 824 vidisse
3309 769 3514 838 fertur;

1945 862 2061 908 erat
2089 861 2268 908 autem
2308 855 2667 910 meridianum
2713 863 2926 926 tempus
2952 897 2968 924 ,
2999 857 3219 927 quando
3262 875 3515 916 somnum

1945 958 2140 1013 capere
2187 943 2428 1001 solemus
2479 954 2602 1016 post
2644 946 2860 1013 cibum;
2892 946 3054 1016 idque
3082 947 3402 1005 Constantio
3430 967 3516 1004 re-

1945 1035 2244 1090 nuntiasse.
2288 1035 2370 1089 Ab
2395 1050 2461 1092 eo
2494 1037 2638 1092 enim
2665 1038 2867 1094 missus
2891 1039 2956 1094 ad
2993 1033 3381 1095 accersendum
3411 1040 3517 1096 Va-

1944 1124 2302 1182 lentinianum
2346 1127 2630 1198 cujusdam
2678 1129 2880 1200 negotii
2913 1144 3078 1184 causa
3101 1168 3118 1195 ,
3151 1129 3280 1183 huic
3310 1140 3516 1200 specta-

1943 1215 2070 1272 culo
2097 1215 2904 1290 interfueraty.AtConstantius,
2930 1234 2993 1274 ea
3025 1234 3084 1274 re
3111 1218 3212 1288 ipsi
3245 1220 3517 1284 nuntiata,

1945 1307 1999 1361 in
2029 1307 2393 1379 suspicionem
2439 1325 2504 1364 ac
2534 1317 2738 1366 metum
2787 1311 3069 1381 coniectus
3099 1319 3214 1377 est;
3265 1313 3408 1368 nulla
3441 1324 3519 1370 ta-

1944 1414 2069 1454 men
2106 1400 2360 1455 molestia
2387 1399 2826 1456 Valentinianum
2871 1401 3069 1457 aﬂecit.
3108 1401 3306 1459 Verum
3351 1414 3410 1460 ut
3449 1407 3519 1460 ti-

1944 1503 2150 1544 morem
2183 1505 2342 1546 suum
2363 1491 2596 1557 sedaret,
2629 1491 2696 1547 ad
2719 1493 2938 1548 castella
2952 1491 3358 1564 Mesopotamia:
3387 1511 3514 1553 eum

1945 1579 2128 1648 misit,
2151 1589 2212 1634 ut
2248 1580 2315 1635 iis
2354 1581 2489 1636 locis
2519 1581 2771 1651 praesidio
2799 1593 2979 1650 esset,
3015 1591 3068 1638 et
3099 1581 3387 1640 Persarum
3422 1601 3518 1641 ex-

1945 1671 2226 1725 cursiones
2253 1671 2654 1740 comprimeret.

2015 1760 2069 1816 8.
2104 1761 2358 1831 Babylas.
2384 1791 2456 1802 --
2492 1760 2569 1817 De
2591 1761 2790 1834 Babyla
2819 1771 3076 1834 martyre,
3103 1773 3236 1834 quot
3265 1774 3318 1820 et
3343 1780 3520 1836 quan~

263 1876 326 1912 τε
351 1860 637 1924 Ἰουλιανὸς
665 1862 746 1925 είς
768 1861 830 1915 τὸ
856 1863 1188 1935 μαρτυρικὸν
1208 1866 1384 1920 ἐκεῖνο
1407 1864 1564 1935 σῶμα
1589 1864 1837 1937 παρῴνη-

1948 1850 2015 1905 tis
2046 1851 2392 1907 contumeliis
2447 1866 2662 1907 sacrum
2689 1853 2808 1922 ejus
2835 1866 3034 1922 corpus
3082 1854 3322 1910 effecerit
3352 1853 3520 1911 Julia-

267 1967 361 2004 σεν
385 1992 400 2013 ,
435 1952 534 2005 ὅσα
562 1963 622 2004 τε
647 1955 820 2006 εἰπεῖν
845 1953 1132 2023 ὲξεὸιάσθη
1155 1955 1224 2008 τὰ
1251 1955 1504 2025 δαιμόνια
1521 1994 1536 2018 ,
1576 1955 1670 2008 καὶ
1695 1957 1840 2020 ὅπως

267 2041 519 2112 κεραυνῷ
549 2041 610 2094 τὸ
633 2043 724 2096 τοῦ
759 2044 1092 2109 ’Λπόλλωνος
1120 2045 1268 2116 αὐτῷ
1337 2041 1694 2118 καθιδρύματι
1727 2045 1839 2117 (65)

265 2132 634 2204 ἀπετεφρώθη
660 2133 886 2205 τέμενος
904 2174 919 2198 ,
953 2137 1049 2190 καὶ
1070 2137 1172 2191 ὅσα
1198 2135 1332 2192 ἄλλα
1357 2136 1499 2190 κατά
1523 2136 1841 2207 ἀνθρώπους

265 2241 326 2277 τε
359 2225 454 2278 καὶ
503 2224 644 2296 ὑπὲρ
685 2225 1002 2298 ἀνθρώπους
1052 2227 1558 2300 παρεδοξοποιήθη,
1592 2228 1692 2282 οὐκ
1748 2228 1841 2280 ἐπὶ

268 2315 414 2388 μέγα
443 2317 885 2389 παραλλάττοντα
910 2322 1024 2384 τοῖς
1045 2320 1224 2385 ἄλλοις
1243 2315 1398 2384 οὗτος
1431 2321 1653 2392 ίστορεῖ.
1677 2321 1840 2390 Λέγει

263 2409 322 2462 δὲ
356 2411 700 2482 μαρτυρῆσαι
732 2411 824 2465 τὸν
871 2411 1015 2482 ἱερὸν
1044 2412 1290 2467 Βαδύλαν
1339 2413 1437 2468 σὺν
1467 2399 1615 2485 τρισῖ
1661 2411 1838 2476 παισὶ,

267 2498 466 2568 κομιδῇ
497 2499 596 2568 μὲν
619 2500 788 2566 νέοις,
814 2501 878 2554 τὸ
915 2500 1070 2570 γένος
1102 2501 1146 2555 δ’
1177 2501 1426 2572 ἀδελφοῖς
1449 2518 1464 2532 υ
1502 2501 1565 2554 τὸ
1606 2500 1662 2555 δὲ
1703 2516 1842 2570 μαρ-

266 2587 456 2657 τύριον
486 2590 780 2662 ἀπ’ἀρχῆς
801 2591 1056 2663 τοιαύτης
1086 2591 1353 2663 προϐῆναι
1379 2633 1396 2649 .
1422 2590 1749 2652 Ἐπίσκοπος
1774 2585 1842 2660 ἦν

199 2722 212 2738 ,
266 2677 368 2748 τῆς
406 2678 733 2748 Ἀντιοχείας
758 2683 786 2734 ὁ
808 2681 1074 2746 Βαϐύλας.
1114 2679 1474 2753 Νουμεριανῷ
1500 2680 1557 2734 δὲ
1587 2679 1665 2751 τῷ
1706 2681 1840 2734 Ῥω-

271 2770 450 2841 μαίων
479 2770 707 2840 βασιλεῖ,
741 2772 775 2844 ἢ
800 2773 875 2838 ὠς
905 2773 1032 2828 ἔνιοι
1067 2775 1242 2845 Δεκίῳ
1274 2775 1428 2844 φασὶ,
1459 2772 1601 2827 κατά
1627 2773 1690 2842 δή
1724 2789 1843 2826 τινα

266 2862 499 2933 δαίμονα
526 2863 751 2936 γνώμην
784 2867 1063 2936 ἐμπεσεῖν,
1118 2865 1466 2936 πληθυούσης
1499 2866 1598 2936 τῆς
1645 2864 1846 2935 ἐκκλη-

271 2953 396 3016 σίας
418 2954 680 3008 είσελθεῖν
709 2957 768 3009 ὲν
794 2957 950 3027 αὐτῇ.
980 2955 1082 3010 Τὸν
1109 2955 1165 3009 δέ
1204 2972 1268 3023 γε
1299 2953 1394 3008 τοῦ
1414 2953 1549 3007 Θεοῦ
1581 2951 1844 3024 ἀρχιερέα

269 3037 416 3092 κατά
459 3038 531 3091 τά
585 3039 898 3109 προπύλαια
951 3039 1148 3094 στάντα
1180 3038 1272 3092 τοῦ
1318 3037 1458 3103 νεὼ,
1506 3037 1605 3108 τὴν
1643 3035 1844 3089 εἴσοδον

1944 1959 2050 2000 nus
2075 1983 2090 2009 ,
2131 1958 2252 2012 quae
2281 1943 2408 1997 item
2455 1943 2636 1999 dicere
2665 1947 2838 2000 coacti
2871 1946 3072 2002 fuerint
3109 1946 3388 2004 daemones
3412 1989 3426 2013 ,
3461 1961 3518 2004 et

1943 2034 2401 2106 quemadmodum
2438 2035 2703 2105 Apollinis
2735 2038 2994 2107 templum
3049 2053 3156 2092 una
3185 2054 3310 2094 cum
3346 2040 3518 2096 simu-

1943 2126 2115 2191 lacro,
2139 2124 2367 2182 fulmine
2395 2125 2562 2181 ictum
2596 2127 3031 2198 conflagraverit,
3049 2128 3260 2200 reliqua
3285 2130 3519 2201 denique

1943 2216 2261 2272 admiranda
2289 2257 2304 2281 ,
2346 2231 2469 2288 quae
2514 2218 2716 2286 partim
2777 2218 3019 2274 humano
3076 2235 3268 2289 more,
3320 2224 3518 2292 partim

1945 2321 2110 2375 supra
2140 2306 2409 2362 humanas
2436 2307 2582 2362 vires
2611 2315 2741 2362 tunc
2765 2318 2915 2378 gesta
2948 2318 3116 2379 sunt,
3152 2326 3259 2366 non
3288 2314 3519 2368 multum

1943 2397 2014 2454 ab
2036 2398 2156 2453 aliis
2183 2395 2398 2454 diversa
2429 2408 2612 2453 narrat
2638 2398 3036 2470 Pbilostorgius
3063 2401 3200 2473 (66).
3236 2401 3328 2457 Ait
3353 2419 3518 2473 porro

1943 2497 2194 2544 sanctum
2242 2487 2499 2560 Babylam
2544 2491 2806 2562 martyrio
2837 2491 3184 2561 perfunctum
3237 2507 3360 2548 esse
3411 2509 3518 2548 una

1945 2595 2070 2636 cum
2107 2581 2284 2635 tribus
2317 2582 2503 2651 pueris
2553 2581 2816 2639 fratribus
2840 2622 2856 2650 ,
2884 2585 3174 2640 admodum
3211 2585 3521 2641 adolescen-

1945 2670 2123 2736 tibus;
2151 2673 2470 2742 martyrium
2501 2688 2630 2728 vero
2672 2689 2740 2728 ex
2777 2674 3092 2744 bujusmodi
3123 2691 3287 2731 causa
3329 2691 3518 2745 prove-

1945 2762 2115 2818 uisse.
2148 2762 2279 2819 Erat
2317 2764 2550 2836 Babylas
2576 2765 2864 2837 episcopus
2896 2768 3214 2823 Antiochiae.
3269 2768 3519 2835 Quodam

1946 2853 2112 2924 igitur
2158 2864 2403 2926 tempore
2454 2855 2846 2914 Nutnerianum
2897 2858 3060 2915 Rom.
3112 2863 3516 2932 imperatorem,
3589 2873 3602 2884 '

1948 2945 2082 3010 sive,
2117 2953 2178 3001 ut
2200 2945 2292 3000 alii
2319 2947 2528 3013 dicunt,
2558 2947 2779 3004 Decium
2800 2989 2815 3015 ,
2847 2965 2878 3004 a
2911 2953 3153 3007 daemone
3185 2953 3395 3008 invecta
3421 2969 3518 3008 cu-

1949 3037 2151 3108 piditas
2179 3037 2404 3093 incessit
2437 3037 2774 3109 ingrediendi
2830 3040 2882 3094 in
2934 3039 3221 3095 ecclesiam
3253 3039 3520 3096 Christia-

269 3129 658 3201 ἀποτειχίζειν,
691 3131 995 3200 φάσκοντα,
1023 3132 1121 3185 ὅσα
1149 3147 1214 3200 γε
1243 3130 1464 3194 δυνατὸς
1498 3129 1583 3201 εῐη
1603 3168 1618 3194 ,
1649 3128 1724 3200 μὴ
1753 3143 1844 3180 πε-

1948 3139 2171 3192 norum,
2206 3140 2329 3181 cum
2364 3126 2598 3196 populus
2625 3117 2704 3182 ad
2739 3141 2860 3183 eam
2891 3129 3364 3200 frequentissimus
3395 3144 3520 3184 con-

269 3219 557 3292 ριόψεσθαι
607 3219 770 3274 λύκον
819 3221 897 3293 τῷ
940 3223 1174 3294 ποιμνίῳ
1225 3221 1703 3294 παρεισδυόμενον.
1735 3218 1844 3272 Καὶ

1950 3216 2206 3271 venisset.
2235 3214 2436 3272 Verum
2468 3220 2722 3275 sacerdos
2760 3218 2855 3276 Dei
2908 3221 2973 3276 ad
3005 3221 3248 3277 ecclesia:
3282 3221 3520 3276 vestibu-

266 3310 363 3366 τὸν
386 3313 486 3383 μὲν
506 3313 704 3372 αὐτίκα
728 3313 827 3384 τῆς
848 3315 1025 3385 ὁρμῆς
1045 3312 1502 3386 ἀνακρουσθῆναι,
1525 3311 1634 3368 εἴτε
1659 3310 1846 3365 στάσιν

270 3405 644 3475 ύπειδόμενον,
672 3405 784 3459 εἴτε
810 3407 904 3463 καὶ
929 3406 1102 3471 άλλως
1131 3404 1700 3479 μεταϐουλευσάμενον
1716 3419 1729 3431 ’
1756 3403 1846 3455 τὸν

267 3495 572 3550 ἐπίσκοπον
607 3497 799 3570 πρῶτα
855 3499 953 3570 μὲν
983 3497 1094 3569 (64)
1135 3498 1236 3568 τῆς
1286 3498 1489 3568 τόλμης
1535 3493 1842 3560 αίτιᾶσθαι,

268 3588 465 3642 ἔπειτα
499 3589 555 3642 δὲ
583 3589 823 3643 κελεύειν
856 3590 946 3643 τὸν
986 3590 1132 3644 ὅσιον
1157 3591 1268 3652 τοῖς
1297 3589 1512 3660 δαίμοσι
1537 3586 1684 3641 θύειν
1709 3601 1721 3615 ·
1755 3584 1850 3655 μό-

269 3697 372 3750 νην
407 3680 518 3751 γάρ
546 3678 681 3734 εἶναι
707 3680 805 3752 τὴν
833 3679 1109 3746 ὲξοσίωσιν
1135 3679 1359 3751 ταύτην,
1387 3680 1540 3734 λύσιν
1563 3696 1623 3733 τε
1653 3677 1850 3748 ἐγκλήο

272 3789 446 3842 ματος
465 3802 486 3836 -,
519 3773 734 3844 καὶτῆς
763 3759 909 3842 μετὰ.
928 3773 1099 3826 ταῦτα
1131 3773 1296 3843 τιμῆς
1323 3789 1384 3825 τε
1414 3772 1507 3826 καὶ
1532 3769 1688 3842 δόξης
1717 3770 1850 3841 πρό-

268 3862 445 3926 ξενον.
480 3860 583 3914 Τὸν
611 3861 688 3927 δὲ,
723 3861 988 3930 γενναίως
1019 3861 1156 3934 πρὸς
1187 3862 1396 3916 ἕκαστα
1425 3861 1535 3914 τῶν
1571 3877 1848 3931 προτεινο-

273 3951 458 4021 μένων
484 3952 953 4024 ἀντιταττόμενον,
981 3951 1074 4006 τδν
1111 3951 1451 4024 μαρτυρικδν
1477 3951 1845 4024 ἀναδήσασθαι

271 4041 557 4111 στέφανον.

1944 3308 2058 3362 lum
2103 3317 2296 3370 stans,
2353 3309 2560 3364 aditum
2607 3310 2658 3365 ei
2700 3309 3045 3377 interclusit,
3098 3326 3354 3368 asserens
3409 3326 3518 3366 non

1945 3415 2234 3470 passurum
2263 3416 2342 3468 se,
2372 3410 2636 3471 quantum
2665 3403 2886 3473 quidem
2918 3405 2972 3459 in
3013 3406 3131 3475 ipso
3160 3414 3298 3471 erat,
3341 3413 3402 3460 ut
3431 3402 3520 3459 lu-

1947 3507 2049 3562 pus
2078 3492 2133 3546 in
2164 3492 2306 3548 ovile
2338 3492 2618 3562 irreperet.
2649 3492 2949 3564 Imperator
2983 3511 3114 3552 vero
3133 3533 3149 3560 ,
3186 3495 3366 3551 statim
3398 3495 3523 3564 qui-

1945 3584 2068 3639 dem
2105 3584 2174 3638 ab
2206 3583 2422 3652 incepto
2445 3584 2673 3652 destitit,
2697 3601 2792 3641 seu
2827 3586 2971 3657 quod
2995 3586 3316 3642 seditionem
3344 3583 3518 3640 refor-

1946 3675 2207 3737 midaret,
2239 3689 2334 3729 seu
2365 3675 2437 3728 ob
2469 3676 2631 3730 aliam
2683 3677 3008 3747 quampiam-
3054 3691 3276 3731 causam
3313 3681 3522 3729 mutata

1944 3766 2246 3834 sententia;
2271 3767 2588 3836 episcopum
2618 3782 2751 3822 vero
2776 3808 2791 3834 ,
2831 3769 3067 3838 primum
3104 3767 3319 3837 quidem
3352 3774 3522 3820 teme-

1942 3858 2118 3914 ritatis
2144 3859 2444 3926 accusavit,
2472 3858 2668 3914 deinde
2695 3859 3037 3914 daemonibus
3057 3858 3370 3914 sacrificare
3392 3857 3515 3924 jus-

1941 3951 2012 4005 sit
2033 3968 2065 4010 ι,
2083 3965 2248 4004 unum
2281 3949 2425 4004 enim
2458 3949 2510 4004 id
2538 3949 2868 4004 sacrificium
2893 3963 3014 4004 esse
3037 3987 3052 4014 ,
3085 3963 3196 4016 quo
3227 3956 3283 4002 et
3307 3946 3517 4001 crimen

1941 4055 2099 4096 suum
2124 4039 2347 4104 diluere,
2383 4047 2438 4093 et
2471 4039 2525 4092 in
2553 4046 2826 4108 posterum
2861 4040 3123 4093 honorem
3162 4037 3266 4092 sibi
3297 4050 3363 4090 ac
3387 4035 3510 4105 glo-

272 4134 413 4189 riam
444 4149 761 4206 comparare
799 4143 1004 4206 posset.
1050 4137 1351 4206 Episcopus
1384 4150 1514 4191 vero
1539 4172 1558 4202 ,
1607 4149 1732 4190 cum
1775 4135 1845 4192 iis
1881 4150 2004 4206 quae
2058 4133 2162 4203 ipsi
2192 4132 2668 4203 proponebantur,
2701 4129 2824 4186 forti
2889 4147 2954 4188 ac
3003 4146 3270 4203 generoso
3333 4129 3520 4184 animo

269 4228 584 4296 restitisset,
620 4229 866 4300 martyrii
901 4244 1157 4286 coronam
1191 4230 1416 4300 adeptus
1454 4239 1560 4285 est.

345 4321 410 4377 θ’.
446 4322 570 4376 Ὅτι
597 4323 722 4387 τοὺς
763 4321 858 4378 τοῦ
898 4323 1148 4396 Σωτῆρος
1183 4325 1465 4396 χρησμοὺς
1487 4364 1504 4390 ,
1537 4324 1586 4378 οῖ
1613 4323 1712 4395 τὴν
1745 4323 1844 4377 Ἱε-

275 4413 562 4488 ρουσαλὴμ
590 4415 992 4488 ἀνατετράφθαι
1020 4417 1269 4487 λέγουσιν
1288 4455 1304 4485 ,
1341 4416 1482 4471 ὥστε
1523 4415 1656 4487 μηδὲ
1695 4414 1841 4468 λίθον

2005 4319 2558 4388 9.Hierosolymorum
2584 4319 2901 4372 instauratio
2935 4317 3138 4387 frustra
3180 4327 3519 4388 suscepta.—

1947 4411 2208 4481 Apostata
2238 4409 2490 4466 Julianus
2513 4451 2530 4475 ,
2562 4409 2874 4466 Servatoris
2899 4409 3071 4465 nostri
3103 4410 3323 4466 oracula
3342 4451 3358 4478 ,
3392 4410 3516 4482 qui-

1499 4568 1740 4614 VALESII
1778 4565 2275 4612 ANNOTATIONES.

341 4680 481 4753 (6|)_
503 4678 666 4753 Κατὰ
722 4679 789 4733 τὸ
831 4677 1112 4753 δειλινόν.
1147 4675 1304 4731 Circa
1341 4690 1647 4753 u_esperam_,
1684 4673 1842 4753 vertit

1948 4670 2332 4753 ιιεεετημιναι·

275 4743 685 4812 ϐόιΙιόίι-εόιιε,
755 4757 975 4804 secutus
1045 4743 1544 4815 interpretationem
1615 4743 1842 4815 Joannis

1961 4733 2814 4813 (65)Αὖτῷκαθιδρύμαςι.ῌιιιιο
2829 4736 3006 4813 locum
3022 4733 3230 4813 restitui
3249 4747 3312 4788 ex
3328 4748 3520 4813 manu-

215 4810 224 4819 ’
274 4803 447 4894 ﬁngi
470 4803 636 4894 ,tiui:
753 4803 893 4894 libro
940 4803 1228 4894 undecimo
1257 4814 1544 4894 Nicephori
1571 4812 1720 4894 ,ﬁubi
1756 4812 1844 4866 hic
1940 4803 2144 4894 scripto
2165 4803 2351 4894 «addice
2369 4803 3513 4894 Sam'ti‘elistcbartifginquogitascribiturg

273 4876 624 4959 Philostorgii
656 4888 810 4944 locus
839 4876 1845 4959 describitur,_ita_verte_rat.’Ego_vero
1938 4876 2089 4959 αὐτῷ
2109 4878 2492 4959 καθιδρύματι.
2521 4878 2578 4930 1η
2602 4876 3511 4959 .eodem.cod‘ice.sc‘riptumpinveni

274 4963 418 5015 circa
468 4952 736 5013 meridiem
779 4964 992 5013 vertere
1038 4955 1224 5010 malui.
1283 4954 1336 5007 Id
1372 4953 1528 5022 enim
1576 4952 1848 5022 significat

275 5031 467 5086 Graeca
491 5044 617 5092 vox,
650 5040 708 5083 ut
730 5035 958 5083 testatur
985 5026 1180 5083 Suidas
1203 5024 1258 5077 in
1286 5021 1465 5092 δείλη,
1492 5037 1614 5091 quae
1637 5021 1850 5076 utrum—

274 5115 382 5172 que
411 5109 626 5172 tempus
653 5099 1031 5172 denotat,_tam
1061 5093 1848 5172 meridianumnquamvesper-

276 5160 474 5245 tinum.
511 5160 708 5222 Verum
765 5160 945 5245 eahiis
999 5179 1121 5245 quae
1172 5163 1394 5245 subjici}
1423 5160 1846 5245 Philostorgius,

276 5239 412 5296 satis
443 5247 667 5307 apparet
690 5232 1052 5307 meridianum
1087 5232 1297 5307 tempus
1324 5232 1412 5307 hic
1435 5232 1684 5307 intelligi.

347 5308 462 5389 (εει)
477 5298 829 5389 inﬁmi-(33...
844 5305 935 5362 Sic
955 5306 1130 5389 etiam
1165 5298 1238 5389 in,
1256 5302 1444 5389 codice
1459 5387 1468 5389 4
1483 5298 1846 5389 Eocbantiano

277 5371 543 5448 scriptum
560 5371 776 5434 inveni.
807 5375 920 5433 Lex
955 5383 1132 5431 tamen
1157 5372 1510 5446 grammatica
1539 5371 1707 5428 scribi
1747 5371 1836 5440 ju-

1938 4941 2164 5022 γνώμην
2178 4941 2458 5022 ἐμπεσεῖν,
2473 4961 2581 5002 ιιοιι
2599 4946 2934 5022 ὲκπεσβεῖνμιι
2945 4943 3112 5022 edidit
3126 4941 3515 5022 Gothofredus.

2018 5011 2132 5090 (64)
2151 5011 2274 5090 -Τὸν
2296 5018 2635 5090 ἐπίσκοπον
2660 5012 2866 5090 πρώτα
2885 5013 3186 5090 μέγα-Δηώ
3215 5013 3330 5090 hinc
3353 5011 3514 5090 yerba

2018 5031 2132 5090 tua)
2163 5031 2274 5072 Τον
2296 5031 2635 5071 επισκοπον
2662 5031 2866 5081 πρωτα
2883 5031 3022 5135 ﬁer.
3049 5031 3186 5066 Ante
3217 5031 3330 5065 naec
3353 5031 3514 5065 verna

1946 5087 2310 5162 ponendaest
2337 5086 2531 5162 dualis
2545 5084 2850 5162 distinctio.
2904 5083 3086 5162 _einde
3109 5080 3412 5162 supplenda
3431 5092 3516 5135 est

1948 5151 2258 5227 coniunctio
2280 5158 2384 5212 hoc
2411 5153 2714 5227 mod0,_fcbv
2737 5152 2796 5206 δὲ
2825 5153 3141 5219 ἐπίσκοπον,
3159 5159 3289 5217 etc.,
3314 5159 3375 5205 ut
3400 5151 3515 5204 hac

1948 5223 2742 5307 respondeantsuperioribus.

2021 5292 2135 5368 (δῷ)
2160 5292 2471 5368 [θεοᾴοιῖι.
2499 5296 2536 5350 l.
2561 5309 2653 5368 tu,
2687 5310 2738 5349 c.
2775 5292 2860 5346 16.

2021 5298 2112 5368 (65
2160 5298 2471 5352 Theodorit.
2499 5298 2536 5350 l.
2565 5309 2652 5354 ιιι.
2687 5310 2738 5349 c.
2775 5298 2854 5346 16.

2021 5298 2135 5439 (66)
2173 5365 2374 5423 Euseb.
2408 5380 2532 5442 pag.
2555 5363 2685 5432 294,
2711 5380 2766 5418 ιι.
2802 5379 2854 5416 a.

1738 5527 2092 5574 VABIORUM.

350 5647 424 5715 ια)
452 5644 594 5715 Περὶ
625 5644 734 5700 τοῦ
761 5642 1064 5714 μάρτυρος
1091 5633 1697 5719 Ba6619._De'insigni
1738 5635 1843 5688 hoc

281 5708 556 5789 martyre,
591 5708 1010 5785 quem'passu'm
1050 5725 1170 5767 esse
1225 5710 1328 5766 sub
1362 5708 1526 5762 Decio
1567 5708 1698 5776 imp.
1735 5719 1844 5759 non

279 5792 381 5844 sub
436 5785 770 5844 Numeriano
813 5790 1046 5840 constat.
1090 5779 1211 5835 Vid.
1251 5779 1533 5853 Chrysost.
1575 5784 1714 5831 orat.
1769 5774 1846 5829 De

1943 5631 2168 5700 Babyla,
2199 5641 2330 5700 toni.
2361 5629 2428 5700 Υ,
2453 5628 2583 5700 edit.
2618 5626 2930 5694 Savilianae,
2960 5632 3014 5680 et
3046 5623 3270 5680 Suidam
3298 5621 3352 5678 in
3381 5635 3516 5680 vom

1945 5698 2208 5765 Βαϐύλας.
2242 5698 2331 5756 W.
2373 5698 2575 5754 Lowtli.
