3996 6340
549 364 654 423 867

1919 351 2400 412 Ριιιιοετοιιοιι

3698 361 3806 417 518

553 479 656 534 bus
689 473 1058 544 Hierosolyma
1088 471 1160 526 ita
1190 485 1442 528 eversum
1484 471 1549 526 iri
1585 469 1942 542 praedixerat,
1977 479 2040 524 ut
2069 483 2135 524 ne

2239 471 2326 522 ἐπὶ
2376 468 2510 540 λίθῳ
2557 471 2772 540 μεῖναι,
2828 469 3036 532 τούτοις
3085 469 3114 521 ό
3145 466 3458 538 ἀποστάτης
3508 468 3590 532 είς
3616 465 3811 538 ψεῦδος

553 568 690 637 lapis
718 565 939 635 quidem
965 578 1129 634 supra
1159 563 1392 634 lapidem
1416 570 1562 618 esset
1590 575 1969 623 remansurus,
2005 558 2127 614 falsi

551 657 875 714 convincere
904 655 1152 719 molitus,
1176 669 1284 707 non
1310 653 1473 707 modo
1497 667 1685 706 eorum
1715 665 1836 720 qua
1851 650 2130 706 studuerat

551 748 684 804 nihil
719 745 977 815 perfecit:
1025 745 1136 799 imo
1185 745 1350 799 etiam
1404 742 1766 799 certissimam
1811 741 2126 796 earumdem

551 837 832 892 veritatem
866 835 1069 889 invitus
1121 834 1246 888 licet
1287 831 1629 888 conﬁrmavit
1671 832 1807 901 (67).
1841 829 1976 886 Nam
2002 846 2128 886 cum

553 938 744 978 omnes
777 922 1020 993 undique
1058 919 1275 976 Iudaeos
1303 921 1641 992 collegisset,
1671 930 1725 976 et
1749 921 2009 991 pecunias
2036 920 2131 978 iis-

553 1015 675 1070 dem
710 1031 775 1070 ει
805 1015 1002 1070 aerario
1029 1029 1094 1068 ac
1120 1013 1336 1083 reliqua
1366 1013 1607 1067 subsidia
1635 1013 1976 1082 praebuisset,
2001 1027 2133 1082 prae-

555 1107 697 1176 cepit
729 1106 809 1160 eis
843 1113 903 1159 ut
930 1103 1190 1174 templum
1229 1104 1618 1158 instaurarent.
1664 1101 1860 1158 Verum
1897 1112 2130 1159 terrores

556 1195 822 1252 divinitus
846 1195 1102 1260 immissi,
1133 1209 1273 1264 quos
1309 1193 1455 1248 nulla
1493 1193 1575 1248 vis
1601 1193 1923 1263 eloquentiae
1958 1193 2132 1264 expli-

556 1301 686 1343 care
714 1287 915 1358 possit,
942 1301 1051 1341 non
1107 1285 1270 1340 modo
1320 1285 1579 1354 impetum
1611 1283 1827 1340 illorum
1855 1298 2134 1353 compres-

558 1389 780 1447 serunt,
817 1379 909 1433 sed
959 1377 1121 1432 etiam
1167 1385 1281 1431 tum
1337 1375 1718 1444 imperatorem
1774 1375 1986 1444 ipsum,
2016 1381 2132 1428 tum

489 1531 494 1534 _
555 1467 805 1533 Iudaeos,
839 1467 905 1521 ad
943 1466 1179 1538 inopiam
1211 1465 1422 1519 consilii
1460 1464 1704 1519 redactos
1730 1503 1747 1531 ,
1787 1479 2002 1519 summo
2042 1464 2135 1519 de-

471 1543 480 1554 ]
555 1562 752 1616 decore
777 1560 1088 1616 affecerunt.
1127 1557 1262 1613 llinc
1291 1558 1435 1611 enim
1469 1558 1606 1626 ignis
1653 1573 1747 1612 eos
1785 1558 1879 1626 qui
1910 1573 2132 1612 manum

555 1653 705 1723 operi
759 1653 1049 1707 admovere
1097 1649 1214 1703 ausi
1257 1649 1511 1713 fuerant,
1548 1649 1808 1718 depastus
1855 1658 1970 1715 est;
2009 1649 2136 1703 hinc

554 1753 711 1798 terra:
744 1752 924 1797 motus
958 1743 1175 1807 obruit;
1223 1741 1361 1794 alios
1409 1741 1528 1794 alia:
1568 1740 1905 1794 calamitates
1933 1739 2138 1793 exstin-

2229 562 2473 631 ἐλέγχειν
2500 561 2824 631 διανοηθεὶς,
2853 563 2914 614 οὑ
2947 561 3104 631 μόνον
3125 560 3276 614 οὐδὲν
3294 561 3491 631 ἠνυσεν
3513 553 3589 614 ὧν
3612 561 3808 616 ἐσποῠο

2228 653 2390 706 δασεν
2410 693 2425 718 ,
2451 652 2588 729 ἀλλὰ
2611 652 2676 704 τὸ.
2697 653 2754 704 ἐν
2783 654 2893 716 τοῖς
2934 655 3200 722 χρησμοῖς
3217 692 3232 715 ,
3261 653 3309 704 εί
3347 651 3443 706 καὶ
3469 652 3619 706 ἄκων
3641 691 3657 717 ,
3693 651 3810 708 ἐϐεο

2231 741 2463 794 ϐαίωσεν
2509 742 2920 812 ἀμετάπτωτον.
2978 743 3036 794 '0
3073 742 3171 812 μὲν
3216 741 3326 812 γάρ
3377 743 3503 804 τοὺς
3554 743 3807 816 πανταχῆ

2231 833 2560 904 συναγείρας
2621 835 2903 898 Ἰουδαίους
2927 875 2942 900 ,
2985 833 3076 888 καὶ
3128 833 3338 888 οἴκοθεν
3397 835 3658 906 χρήματα
3717 838 3811 890 καὶ

2230 923 2460 993 δύναμιν
2488 923 2656 994 ἄλλην
2685 926 2985 995 παρασχὼν
3005 963 3020 988 ,
3054 921 3422 986 ἀνακαινίζειν
3452 925 3728 994 ἐπέτρεπε
3753 926 3812 978 τὸ

2234 1016 2400 1084 ἱερόν.
2428 1015 2671 1087 Δείματα
2713 1016 2769 1070 δὲ
2803 1015 3046 1090 θεήλατα·
3065 1015 3327 1084 γεγονότα
3357 1016 3609 1087 διήγησιν
3643 1019 3811 1090 ὑπερ-

2232 1105 2486 1159 ϐαίνοντα
2509 1144 2523 1169 ,
2557 1105 2619 1158 οὐ
2672 1105 2829 1177 μόνον
2868 1104 3090 1158 ἔσϐεσεν
3120 1104 3300 1158 αὐτῶν
3330 1104 3428 1178 τὴν
3473 1106 3809 1178 προθυμίαν,

2230 1195 2366 1250 άλλά
2422 1195 2518 1249 καὶ⁸
2571 1196 2734 1250 αὑτὸν
2790 1197 2882 1250 καὶ
2922 1199 3046 1261 τοὺς
3101 1198 3387 1262 Ἰουδαίους
3440 1200 3524 1262 εις
3575 1201 3812 1271 ἐσχάτην

2232 1284 2539 1355 ἀμηχανίαν
2568 1285 2665 1339 καὶ
2706 1285 2966 1357 αἰσχύνην
3009 1287 3463 1358 κατεστρέψαντο.
3503 1287 3678 1346 Τοῦτο
3713 1290 3813 1360 μὲν

2232 1374 2341 1445 γὰρ
2405 1374 2517 1447 πῦρ
2565 1375 2864 1446 ἐπενέμετο
2919 1376 3044 1439 τοὺς
3083 1376 3410 1448 ἐργάζεσθαι
3457 1378 3808 1449 τολμῶνταςο

2232 1466 2390 1520 τοῦτο
2420 1467 2475 1519 δὲ
2497 1505 2513 1529 ,
2550 1467 2772 1538 σεισμὸς
2808 1465 3073 1537 ἐχώννυεν
3092 1484 3106 1498 θ
3135 1468 3230 1521 καὶ
3272 1468 3463 1532 ἄλλους
3497 1470 3634 1526 ἄλλα
3663 1472 3808 1542 πάθη

2235 1555 2644 1627 κατεμερίζετυ,
2669 1556 2764 1609 καὶ
2788 1557 2821 1626 ἡ
2844 1555 3224 1626 καταισχύνειν
3247 1556 3315 1610 τὰ
3335 1556 3634 1612 δεσποτικά
3652 1559 3811 1628 λόγια

2239 1648 2576 1718 μελετήσασα
2621 1647 2826 1717 τόλμα,
2857 1648 2918 1700 τὸ
2963 1649 3186 1701 ἐκείνων
3233 1649 3668 1720 ἀκαταίσχυντον
3717 1653 3810 1708 καὶ

2239 1738 2678 1810 σεϐασμιώτατον
2699 1738 2918 1810 λέληθεν
2944 1741 3143 1812 ἐαυτην
3163 1741 3630 1812 ἀνακηρύττουσα.

554 1851 706 1894 xere.
763 1839 856 1892 Sic
907 1837 1140 1893 audacia
1187 1851 1310 1906 quae
1351 1835 1571 1891 oracula
1610 1835 1826 1891 Domini
1859 1834 2035 1894 nostri
2089 1835 2386 1903 ignominia
2427 1834 2636 1890 allicere
2679 1843 3014 1902 tentaverat,
3065 1835 3382 1892 eorunnlem
3437 1836 3807 1894 inviolabilem

552 1945 618 1986 ac
641 1931 1005 1986 venerandam
1045 1929 1340 1986 efﬁcaciam
1377 1929 1696 2000 imprudens
1731 1930 1907 1999 palam
1943 1929 2273 2001 praedicavit.

629 2043 717 2099 l0.
769 2044 980 2098 Juliani
1044 2045 1273 2111 comitis,
1346 2043 1576 2107 Felicis,
1639 2043 1842 2114 Elpidii
1892 2047 2136 2100 horrendi

2315 2053 2366 2101 t'.
2401 2046 2524 2100 Ὀτι
2567 2045 2750 2100 πολλοὶ
2781 2047 2879 2117 μέν
2907 2045 3014 2101 τῶν
3048 2049 3126 2110 είς
3175 2048 3300 2111 τοὺς
3335 2047 3696 2119 Χριστιανοὺς
3722 2050 3813 2102 καὶ

552 2137 727 2192 exitus
746 2137 954 2207 (68).—
980 2135 1115 2191 Cum
1143 2136 1294 2192 mulli
1311 2152 1375 2190 ex
1393 2135 1460 2192 iis
1485 2135 1578 2206 qui
1595 2134 2136 2192 adversusChristia-

554 2243 656 2284 nos
684 2238 738 2282 et
765 2237 956 2286 contra
990 2228 1306 2297 religionem
1345 2227 1666 2283 debacchati
1695 2227 1934 2292 fuerant,
1965 2229 2135 2283 meri-

555 2328 642 2374 tas
672 2334 862 2386 pmnas
914 2319 1224 2384 dederunt,
1274 2327 1391 2372 tum
1443 2318 1890 2375 manifestissime
1934 2327 1989 2374 et
2034 2319 2136 2374 sub

554 2410 802 2465 omnium
829 2420 1122 2480 conspectu
1150 2422 1443 2480 prasenles
1475 2411 1755 2465 solverunt
1781 2425 1972 2482 pteuas
1995 2451 2009 2474 ,
2039 2408 2138 2464 Juo

556 2499 737 2555 lianus
770 2515 955 2568 comes
977 2498 1244 2566 Orientis,
1273 2501 1576 2556 avunculus
1602 2500 1877 2570 Apostata:
1911 2499 2135 2566 Juliani,

555 2599 612 2645 et
642 2589 792 2645 Felix
819 2607 1004 2647 comes
1034 2591 1387 2662 largitionum
1411 2631 1425 2657 ,
1451 2601 1504 2645 et
1530 2589 1775 2660 Elpidius
1816 2593 2136 2661 prapositus

557 2683 754 2736 domus
791 2683 951 2752 regiae
978 2722 992 2746 ,
1025 2697 1166 2754 quos
1200 2681 1430 2737 Romani
1475 2697 1669 2737 vocare
1701 2683 1880 2738 solent
1907 2684 2136 2738 comites

559 2788 741 2827 rerum
770 2773 1126 2842 privatarum.
1163 2771 1228 2826 Hi
1269 2788 1432 2842 porro
1463 2783 1574 2828 tres
1625 2783 1876 2828 erantex
1909 2790 2137 2829 numero

440 2877 468 2900 ο
554 2878 746 2920 eorum
773 2865 865 2933 qui
891 2864 946 2918 in
977 2864 1322 2934 imperatoris
1347 2863 1576 2932 gratiam
1606 2879 1639 2918 a
1661 2864 1922 2933 religione
1953 2872 2138 2918 nostra

557 2957 926 3012 desciverant.
960 2957 1039 3011 Ac
1068 2956 1218 3010 Felix
1247 2955 1465 3025 quidem
1486 2993 1502 3018 ,
1525 2969 1651 3009 cum
1688 2955 1833 3008 nulla
1858 2955 1962 3008 alia
1998 2969 2137 3023 prae-

2236 2136 2334 2207 τὴν
2357 2137 2636 2191 εὐσέϐειαν
2661 2138 3023 2208 ἐκμανέντων,
3049 2139 3204 2204 δίκας
3236 2139 3420 2192 ἔτισαν
3438 2140 3500 2192 οὐ
3535 2140 3811 2210 μεμπτάς·

2235 2231 2316 2293 είς
2359 2228 2422 2282 τὸ
2457 2230 2916 2300 περιφανέστατον
2958 2230 3014 2284 δὲ
3045 2231 3139 2284 καὶ
3161 2232 3483 2299 ἐπιφανείς,
3531 2230 3813 2295 Ἰουλιανός

2234 2337 2293 2373 τε
2344 2322 2373 2373 ὁ
2404 2320 2502 2390 τῆς
2535 2319 2676 2390 ἐῴας
2723 2321 2906 2392 ἄρχων
2932 2359 2946 2384 ,
2978 2321 3141 2384 ,θεῖος
3167 2321 3244 2374 ὢν
3281 2321 3422 2374 κατὰ
3450 2321 3512 2374 τὸ
3562 2321 3816 2392 μητρῷον

2235 2411 2390 2479 γένος
2421 2411 2516 2464 τοῦ
2567 2413 2873 2466 ἀποστάτου
2917 2411 3243 2478 ’1ουλιανοῦ,
3278 2415 3373 2467 καὶ
3403 2413 3571 2483 Φήλιξ
3617 2413 3647 2463 ό
3691 2413 3819 2476 τοὺς

2236 2502 2542 2574 θησαυροὺς
2587 2503 3058 2575 ἐπιτετραμμένος
3083 2544 3098 2567 ,
3128 2506 3232 2574 καὶ,
3280 2503 3548 2567 Ἑλπίδιος
3586 2502 3686 2572 τῆς
3724 2501 3821 2572 βα-

2239 2591 2452 2662 σιλικῆς
2479 2591 2656 2655 οίκίας
2682 2590 2987 2662 προεστώς·
3019 2592 3265 2662 κόμητας
3287 2593 3597 2664 πριουάτων
3620 2594 3653 2662 ἠ
3685 2592 3819 2645 Ῥω-

2242 2681 2415 2751 μαίων
2437 2680 2652 2750 γλῶττα
2672 2682 2847 2736 καλεῖ.
2878 2676 3037 2736 Οὗτοι
3059 2682 3102 2734 δ’
3129 2685 3176 2735 οί
3207 2686 3356 2754 τρεῖς
3384 2685 3493 2736 τῶν
3522 2682 3820 2754 ἐξαρνησα-

2243 2774 2418 2844 μένων
2469 2774 2567 2845 τὴν
2605 2774 2884 2828 εὐσέϐειαν
2939 2777 3018 2837 είς
3060 2774 3140 2843 τῷ
3188 2773 3397 2844 βασιλεῖ
3423 2775 3822 2845 κεχαρισμένον

2237 2861 2399 2936 ἦσαν.
2436 2866 2493 2917 'U
2520 2866 2618 2934 μὲν
2640 2862 2734 2919 οὖν
2761 2865 2925 2936 Φήλιξ
2955 2863 3014 2930 ἐξ
3041 2866 3295 2936 οὐδεμιᾶς
3317 2865 3595 2935 ἐμφανοῦς
3617 2866 3822 2928 αίτίας,

2237 2955 2346 3008 τῶν
2373 2957 2431 3010 ἐν
2463 2955 2616 3025 βάθει
2647 2956 2856 3024 φλεϐῶν
2893 2957 3023 3025 μιᾶς
3053 2956 3152 3026 τῆς
3189 2955 3454 3026 μεγίστης
3493 2954 3821 3026 ἀναρραγεί-

561 3049 821 3104 cessisset
868 3063 1078 3114 causa,
1126 3063 1234 3102 una
1281 3062 1350 3102 ex
1400 3046 1753 3101 interioribus
1817 3045 1974 3100 venis
2018 3060 2136 3115 qua:

2243 3061 2341 3115 σης
2365 3083 2379 3107 ,
2410 3045 2639 3115 αἵματός
2671 3062 2732 3098 τε
2778 3045 2939 3098 αὐλὸν
2969 3045 3272 3117 ἐξέπεμψεν
3304 3047 3368 3100 ἐκ
3408 3045 3498 3099 τοῦ
3533 3045 3822 3116 πόματος,

561 3142 808 3197 omnium
835 3141 1072 3195 maxima
1101 3148 1206 3205 est,
1223 3139 1406 3194 subito
1431 3147 1614 3209 rupta,
1650 3137 1934 3208 sanguinis
1961 3138 2136 3193 rivum

2242 3135 2337 3188 καὶ
2374 3135 2552 3205 θέαμα
2586 3137 2698 3198 τοῖς
2744 3136 2912 3206 ὁρῶσι
2954 3136 3244 3206 γενόμενος
3287 3135 3517 3207 φοϐερὸν
3542 3175 3557 3199 ,
3590 3135 3708 3189 οὺδέ
3755 3136 3821 3188 δι’

563 3249 630 3289 ex
662 3248 756 3288 ore
787 3232 976 3288 effudit
1003 3273 1018 3297 ,
1047 3243 1098 3288 et
1149 3232 1481 3288 horrendum
1531 3231 1746 3287 cunctis
1791 3232 1883 3302 qui
1914 3232 2136 3287 aderant

2240 3228 2369 3298 ὅλης
2407 3229 2626 3299 ἡμέρας
2665 3229 2900 3301 ἧρκεσεν
2925 3245 2938 3259 ⁸
2965 3227 3102 3282 ἀλλὰ
3140 3229 3268 3300 περὶ
3307 3228 3486 3299 δείλην
3519 3227 3678 3296 ὀψίαν
3729 3227 3822 3282 τοῦ

563 3324 932 3394 spectaculum
979 3325 1226 3394 praebens
1250 3364 1265 3388 ,
1302 3339 1370 3378 ne
1400 3323 1544 3378 diem
1594 3323 1812 3394 quidem
1841 3332 2013 3379 totum
2048 3339 2136 3378 su-

2242 3321 2474 3392 αἵματος
2508 3321 2882 3384 ἐπιλείποντος
2925 3320 3072 3391 (69),
3120 3321 3213 3374 καὶ
3254 3320 3352 3391 τὴν
3383 3319 3570 3390 ’ψυχὴν
3626 3336 3826 3373 συναπ-

565 3414 787 3490 perfuit,
811 3416 906 3471 sed
936 3417 1040 3472 sub
1065 3430 1371 3487 vesperam,
1405 3415 1686 3470 deficiente
1715 3416 2000 3486 sanguine,
2021 3416 2136 3469 ani-

2245 3413 2426 3468 έϐαλε.
2463 3414 2522 3467 ’0
2548 3414 2606 3466 δέ
2642 3431 2706 3483 γε
2748 3414 3031 3478 Ἰουλιανὸς
3052 3415 3296 3484 ἀργαλέα
3321 3415 3415 3467 καὶ
3435 3413 3828 3484 δυστεκμάρτῳ

567 3521 713 3564 mam
746 3507 909 3562 simul
956 3507 1174 3562 elllavit.
1207 3505 1457 3560 Julianus
1486 3521 1614 3561 vero
1638 3504 1837 3562 difﬁcili
1867 3516 1922 3562 et
1954 3507 2140 3577 ignoto

565 3609 851 3667 correptus
889 3599 1083 3654 morbo
1111 3639 1125 3663 ,
1179 3607 1324 3652 totos
1375 3595 1733 3667 quadraginta
1763 3597 1879 3652 dies
1910 3597 2139 3666 supinus

562 3690 754 3760 iacuit,
786 3705 887 3746 nec
920 3683 1152 3760 loquens
1183 3689 1504 3759 quidquam,
1538 3702 1639 3742 nec
1667 3703 1832 3744 sensu
1864 3689 1973 3743 ullo
2005 3705 2142 3759 pra-

567 3781 746 3848 ditus;
771 3790 956 3850 postea
990 3796 1116 3835 vero
1143 3795 1265 3836 cum
1297 3779 1459 3850 paulo
1487 3779 1827 3835 commodius
1853 3795 1912 3836 se
1941 3780 2140 3836 habere

566 3874 860 3945 coepisset,
897 3873 1125 3942 impium
1177 3871 1392 3928 facinus
1423 3872 1566 3943 quod
1595 3873 1924 3936 admiserat,
1957 3873 2144 3928 identi-

565 3965 688 4020 dem
719 3965 1037 4030 damnavit,
1069 3979 1301 4034 eamque
1329 3965 1401 4019 ob
1451 3979 1675 4020 causam
1713 3965 1764 4019 id
1814 3964 2141 4034 supplicium

567 4056 670 4112 sibi
727 4056 1024 4124 irrogatum
1077 4070 1198 4111 esse
1247 4054 1532 4112 confessus
1591 4064 1710 4122 est;
1767 4064 1822 4110 et
1880 4055 2144 4110 hactenus

570 4147 762 4201 morbo
790 4147 1000 4203 levatus
1019 4186 1035 4211 ,
1081 4147 1260 4218 quoad
1288 4163 1462 4217 usque
1488 4162 1601 4202 suae
1647 4147 1818 4218 ipsius
1848 4141 2144 4217 impietatis

570 4237 723 4291 testis
752 4238 1071 4302 exstitisset,
1087 4239 1234 4294 omni
1269 4240 1511 4295 ulcerum
1538 4253 1734 4310 genere
1754 4248 1993 4294 ventrem
2023 4238 2145 4307 ejus

565 4328 918 4392 dilacerante,
943 4329 1181 4384 animam
1213 4331 1354 4385 inter
1375 4332 1649 4388 cruciatus
1673 4330 1966 4388 exhalavit.
1986 4327 2138 4398 Elpi-

566 4417 691 4472 dius
721 4415 976 4484 denique,
1009 4418 1134 4472 licet
1160 4420 1339 4476 serius
1365 4438 1530 4491 quam
1560 4422 1773 4492 reliqui,
1806 4431 1984 4476 tamen
2013 4434 2138 4474 cum

2247 3505 2462 3576 βληθεὶς
2497 3505 2674 3576 νόσῳ,
2730 3507 2824 3560 ἐπὶ
2850 3507 3261 3577 τεσσαράκοντα
3301 3505 3401 3568 τάς
3443 3505 3571 3567 ὅλας
3616 3505 3826 3575 ἡμέρας

2245 3595 2520 3666 ἀποτάδην
2550 3595 2726 3649 ἔκειτο
2753 3596 2864 3666 (70)
2886 3637 2900 3658 ,
2935 3598 3070 3668 μήτε
3097 3596 3464 3666 φθεγγόμενος
3485 3635 3499 3661 ,
3536 3597 3670 3666 μήτε
3704 3596 3825 3647 τινὰ

2249 3685 2598 3756 συναίσθησιν
2629 3687 2767 3758 ἔχων
2790 3703 2803 3721 ·
2845 3687 3041 3759 μικρὸν
3073 3687 3129 3740 δέ
3159 3705 3277 3751 πως
3317 3687 3655 3756 ὐπορῤαῖσας
3688 3685 3824 3756 (Ἡ),

2248 3779 2418 3834 πολλὰ
2469 3781 2566 3850 μὲν
2618 3780 3020 3848 κατεγίνωσκεν
3061 3779 3254 3833 ἑαυτὸν
3284 3779 3382 3850 τῆς
3410 3778 3694 3850 ἀθεμίτου·
3711 3780 3830 3833 τόλο

2250 3889 2358 3942 μης
2377 3912 2392 3937 ,
2421 3871 2515 3925 καὶ
2542 3871 2639 3940 τὴν
2666 3871 2821 3942 δίκην
2861 3872 3071 3926 ἐκεῖθεν
3103 3871 3252 3943 αὐτῷ
3291 3871 3643 3941 συναίσθησιν
3667 3871 3830 3924 ἔλαϐε

2248 3964 2665 4036 καταρραγῆναι
2685 3979 2700 3994 '
2749 3966 2843 4018 καὶ
2877 3966 3035 4038 μέχρι
3062 3965 3157 4018 τοῦ
3209 3965 3459 4035 μάρτυρα
3488 3963 3648 4016 αὑτὸν
3704 3965 3832 4016 ἐαυ-

2247 4053 2341 4108 τοῦ
2368 4055 2466 4124 τῆς
2493 4055 2876 4126 ἀνοσιουργίας
2912 4056 3168 4124 γενέσθαι
3195 4053 3532 4122 ἀνενεγκὼν,
3565 4053 3833 4107 παντοδα-

2251 4151 2372 4211 ποῖς
2399 4147 2582 4200 ἕλκεσι
2606 4146 2705 4218 τὴν
2733 4147 2974 4217 γαστέρα
3010 4146 3273 4210 σπασθεὶς
3293 4187 3307 4211 ,
3341 4144 3701 4215 ωνδιερῤάγη
3733 4143 3832 4197 καὶ

2248 4235 2347 4306 τὴν
2375 4235 2572 4304 ψυχήν.
2606 4236 2714 4288 Καὶ
2755 4237 2784 4288 ό
2822 4236 3086 4299 Ἐλπίδιος
3122 4236 3179 4289 δὲ
3203 4275 3218 4298 ,
3255 4237 3304 4289 εί
3351 4235 3446 4289 καὶ
3494 4233 3606 4287 τῶν
3653 4233 3832 4286 ἄλλων

2251 4325 2613 4398 βραδύτερον,
2668 4327 2782 4380 ἀλλ’
2819 4323 2914 4382 οὗν
2968 4330 3032 4399 τῇ
3067 4326 3163 4381 τοῦ
3196 4325 3502 4399 Προκοπίου
3552 4323 3829 4397 τυραννίδι

2249 4415 2619 4485 συμπράττων
2651 4419 2963 4489 φωραθεὶς,
3010 4419 3069 4484 ὃς
3102 4419 3372 4490 ἐπανέστη
3418 4417 3499 4489 τῷ
3543 4415 3828 4480 Οὐάλεντι,

1791 4591 2033 4634 V'ALESII
2073 4588 2572 4634 ANNOTATIONES.

637 4738 748 4807 (67)
780 4735 1093 4792 'l‘heodoril.
1121 4737 1161 4792 l.
1201 4751 1284 4799 ιιι,
1314 4749 1366 4790 c.
1391 4734 1480 4791 ει).

661 4810 750 4876 68)
781 4808 988 4878 Theod.
1021 4809 1114 4862 lib.
1146 4823 1225 4872 ιιι,
1256 4821 1377 4878 cap.
1413 4807 1500 4871 12,
1536 4808 1621 4862 1⁸5.

661 4810 750 4876 68)
781 4810 988 4863 Theod.
1021 4810 1114 4862 lib.
1146 4823 1225 4872 ιιι,
1256 4821 1377 4878 cap.
1413 4810 1500 4871 12,
1536 4810 1621 4862 15.

635 4810 748 4952 ἔ69)
788 4877 915 4952 Τοῦ
949 4879 1200 4952 αἵματος
1225 4878 1667 4952 ἐπιλείποντος.
1721 4877 1796 4952 ιιι
1826 4878 2012 4952 codice
2042 4880 2141 4952 Sa-

560 4949 760 5022 muelis
787 4949 1042 5004 Bocharti
1078 4950 1274 5020 legitur
1309 4949 1688 5021 ἐπιλείψαντος
1714 4949 1809 5004 καὶ
1841 4950 1939 5022 τὴν
1961 4950 2140 5022 ψυχὴν

561 5020 1137 5163 ἁπῗξῶλεῖπομάδην
1178 5089 1388 5163 ἔκειτο.
1419 5090 1575 5163 Hunc
1605 5092 1784 5148 locum
1811 5092 2023 5148 correxi
2073 5107 2138 5147 ex

559 5159 935 5245 ma'nuscri'pto
963 5162 1149 5245 codice
1178 5159 1446 5245 Samuelis
1467 5161 1722 5245 Bocharti
1750 5202 1791 5245 ,_
1821 5171 1876 5217 et
1906 5179 1980 5245 es
2002 5163 2141 5219 libro

560 5234 774 5288 decimo
802 5229 1092 5300 Nicephori
1129 5232 1306 5302 capite
1330 5231 1400 5286 29
1425 5273 1440 5297 ,
1485 5233 1580 5302 qui
1626 5234 1828 5290 diserte
1875 5233 2138 5303 scriptum

560 5302 1089 5374 habentﬁnorddqv.
1124 5299 1477 5374 Repudianda
1502 5312 1586 5374 est
1623 5304 2139 5374 igituLcoujectura

556 5372 719 5429 anm
747 5370 1037 5434 Holstenii,
1064 5373 1156 5441 qui
1189 5370 1257 5426 ad
1308 5388 1462 5428 oram
1497 5373 1583 5427 sui
1617 5370 1824 5430 codicis
1858 5370 2140 5430 annotavit

557 5443 904 5515 scribendum
933 5445 1156 5496 omnino
1178 5457 1299 5498 esse
1330 5442 1646 5515 ὲπωμάδην,
1671 5459 1794 5514 qua:
1817 5445 1977 5500 lectio
2003 5445 2133 5501 ferri

555 5513 708 5568 nullo
739 5511 901 5565 modo
923 5521 1118 5578 potest.

631 5582 744 5652 (Ἡ)
771 5579 1001 5653 Μικρὸν
1043 5579 1111 5634 δὲ
1141 5583 1532 5653 ὐπορῤατσας.
1566 5581 1808 5639 Pessime
1842 5583 2131 5642 Gothofre—

2252 4746 2642 4817 interpretatus
2673 4758 2755 4804 est
2783 4749 2839 4806 in
2872 4750 3047 4819 capite
3072 4749 3142 4805 29
3191 4751 3312 4805 libri
3347 4767 3379 4804 ι
3406 4790 3416 4801 ..
3437 4747 3700 4804 Historia:
3726 4740 3851 4806 Ni-.

2247 4819 2468 4886 cephori
2490 4859 2505 4883 ,
2539 4821 2628 4874 ubi
2657 4820 2842 4873 eadem
2876 4822 3326 4888 verba~leguntur
3354 4836 3418 4874 ex
3454 4821 3827 4903 Philostorgio

2245 4887 2564 4960 desumpta:
2599 4889 2794 4960 μικρὸν
2821 4889 2877 4942 δὲ
2902 4890 3039 4954 τέως
3078 4892 3378 4960 ὑποραῖσας
3404 4932 3420 4958 ,
3446 4900 3495 4944 et
3527 4889 3832 4960 ualetudine

2245 4907 2564 4958 Gesumpla:
2599 4907 2794 4961 μικρον
2821 4907 2877 4942 οε
2902 4907 3039 4954 τεως
3078 4907 3378 4962 υποραισας
3404 4932 3420 4958 ,
3446 4907 3495 4944 et
3527 4907 3826 4943 vererumne

2245 4958 2524 5040 paululum
2559 4970 2890 5040 recuperato,
2927 4969 3034 5040 etc.
3059 4960 3470 5040 _l_I-arpocration
3513 4961 3565 5040 in
3598 4959 3826 5040 Lesico,

2247 5029 2447 5102 ῥαΐσας
2460 5070 2484 5102 ,λ
2511 5029 2720 5099 inquit,
2765 5030 2885 5082 ἀντὶ
2917 5029 3025 5102 τοῦ-
3046 5031 3190 5102 ρᾴως
3218 5031 3371 5102 Δἔχων
3407 5033 3472 5083 ἐκ
3501 5029 3604 5102 τῆς
3641 5030 3828 5082 νόσουο

2237 5099 2590 5169 Δημοσθένης
2609 5102 2974 5164 Φιλιππικοῖς.
3006 5099 3184 5156 Locus
3217 5099 3618 5163 Demosthenis,
3655 5115 3825 5169 quom

2224 5168 2444 5240 indicat
2464 5168 2840 5239 Harpocratio.
2867 5180 3044 5225 exstat
3068 5172 3122 5225 in
3155 5172 3328 5240 prima
3361 5168 3701 5240 Olynthium,
3730 5169 3826 5224 ubi

2240 5239 2325 5312 de,
2356 5239 2612 5312 Philippo
2643 5240 2936 5312 MacedOne
2988 5242 3057 5295 ita
3089 5239 3318 5312 scribit,
3349 5239 3620 5312 ἠσθένησε
3660 5239 3830 5312 πάλιν

2239 5311 2560 5382 ῥαῖσαςίοὺκ
2598 5310 2691 5363 ἐπὶ
2737 5310 2799 5363 τὸ
2827 5310 3092 5382 ῥᾳθυμεῖν
3133 5310 3416 5365 ἀπέκλινε.
3441 5312 3520 5366 Ad
3547 5310 3716 5382 quem
3749 5311 3832 5364 l0-

2236 5378 2362 5452 cum
2388 5378 2840 5452 Ulpianusnotat
2870 5378 3096 5436 verbum
3135 5381 3330 5452 ῥαΐσας
3359 5397 3466 5437 non
3512 5378 3833 5452 signiﬁcare

2240 5449 2510 5518 ὑγιάνας,
2544 5451 2634 5524 sed
2665 5451 2957 5524 idenl_csse
2993 5449 3146 5524 qu_od
3189 5452 3520 5524 κουφότερον
3553 5453 3697 5524 ,ἔχων
3725 5491 3740 5516 ,
3775 5449 3830 5502 id

2236 5530 2340 5584 est,
2371 5520 2693 5574 commodius
2723 5537 2777 5574 se
2806 5520 3022 5575 habens.
3052 5520 3369 5578 Eustathius
3409 5520 3476 5576 ad
3507 5522 3710 5576 librum
3777 5534 3832 5574 tv

2237 5589 2489 5662 Odyssea:
2525 5605 2648 5662 pag.
2685 5590 2821 5646 l509
2847 5633 2861 5658 ,
2893 5591 3108 5661 λέγεται
3137 5593 3228 5657 δὲ,
3268 5593 3485 5662 inquit,
3521 5592 3627 5662 καὶ
3672 5591 3831 5662 ῥᾴων

553 5659 668 5734 qui
696 5653 867 5734 hunc.
889 5653 1067 5734 locum
1106 5655 1268 5734 vertit
1297 5659 1417 5734 .hoc
1464 5653 1668 5734 modo:
1700 5653 1974 5734 Paulatim
2013 5673 2130 5734 vero

2239 5661 2260 5710 ὁ
2415 5653 2571 5714 νόσου
2595 5653 2779 5734 ’ὑγιὴς
2800 5702 2814 5728 ,
2848 5653 2945 5716 καὶ
2965 5653 3187 5732 ’ραἲζειν
3212 5653 3296 5718 ’τὸ
3331 5653 3440 5717 ἀπὸ
3472 5653 3627 5715 νόσου
3672 5653 3829 5717 ’ἅνα-

559 5721 816 5792 diﬁluens.
845 5717 1031 5793 Longe
1065 5722 1261 5780 melius
1289 5722 1526 5782 Joannes
1553 5723 1773 5797 Langus
1820 5727 1934 5784 haec
1963 5729 2126 5783 verba
2235 5727 2490 5797 σφάλλειν
