4026 6342
241 369 369 426 εις)
1211 287 1228 312 ‘
1259 357 1817 421 ECCLESIASTICE
1856 354 2204 414 HISTORUE
2245 357 2381 414 LIB.
2418 354 2531 420 VII.
2939 384 2947 401 ι
3433 372 3541 430 550

258 484 377 539 τῶν
427 500 486 537 τε
539 484 840 556 χρημάτων
884 482 1196 555 γυμνωθεὶς
1220 521 1235 546 .
1280 483 1376 536 καὶ
1407 483 1652 554 εἱρκταῖς
1685 497 1845 535 κατα-

1960 476 2215 548 Procopii
2245 477 2339 549 qui
2365 478 2627 534 adversus
2650 475 2928 536 Valentem
2951 481 3324 553 rebellaverat,
3353 497 3540 562 tyran-

262 573 423 637 ϐιοὺς
441 613 459 639 ,
487 574 699 639 ἀκλεῶς
728 574 1102 647 καταστρέφει
1130 573 1223 628 τὸν
1251 573 1388 646 βίον,
1419 573 1695 646 ἐπάρατος
1723 574 1845 628 πᾶσι

1960 571 2076 627 nidi
2106 571 2312 629 favisse
2341 573 2718 643 deprehensus
2741 573 2955 644 fuisset,
2989 579 3150 637 bonis
3175 583 3463 654 spoliatus,
3489 598 3544 645 et

263 664 512 734 γεγονὼς
536 706 553 732 ,
606 666 702 721 καὶ
749 667 778 719 ό
818 665 986 736 θύτης
1043 664 1310 728 Ἐλπίδιος
1364 663 1845 735 ἐπονομαζόμενος.

1958 663 2013 718 in
2043 664 2358 720 carceribus
2391 673 2650 734 perpetuo
2679 665 2884 736 degens
2907 709 2922 737 ,
2967 684 3093 725 cum
3137 688 3353 731 summa
3385 678 3543 748 igno-

269 756 468 821 Ἄλλος
490 756 550 810 δέ
586 775 670 820 τις
715 755 1073 810 συνεισελθὼν
1095 758 1210 819 τοῖς
1235 754 1549 825 εἰρημένοις
1581 755 1641 806 ὲν
1665 755 1730 823 τῇ
1767 754 1845 806 ὲκ-

1958 753 2128 810 minia
2159 755 2326 810 vitam
2359 756 2552 820 finivit,
2587 757 2843 814 omnibus
2865 773 2992 813 eum
3016 761 3450 832 detestantibus,
3485 779 3540 826 et

1957 844 2383 901 sacriﬁcatorem
2442 845 2714 917 Elpidium
2791 851 3319 920 coguominantibus.
3383 858 3539 916 Alius

1956 945 2220 1006 praeterea
2250 939 2474 1009 quidam
2511 956 2619 995 una
2661 956 2786 996 cum
2815 946 3142 1014 supradictis
3173 949 3453 1020 ingressus
3480 955 3541 1010 in

266 848 471 920 κλησίᾳ
490 887 506 912 ,
550 849 620 918 ἢν
651 848 919 920 ἐπόρθουν
957 848 1052 902 καὶ
1083 846 1372 900 ἀπεσύλων
1402 845 1474 899 τὰ
1505 844 1854 916 ἀναθήματα,

263 941 366 994 καὶ
401 941 474 994 τὰ
504 940 764 1011 κειμήλια
805 936 1371 1011 λαφυραγωγοὼτες,
1425 936 1518 990 τὸν
1569 938 1628 990 ὲν
1673 936 1857 1000 αὐτοῖς
1884 941 1896 957 ⁸

264 1032 711 1104 θεραπευόμενον
747 1031 1067 1104 ἐξύϐριζον·
1103 1025 1258 1094 οὗτος
1314 1029 1379 1102 δὴ
1435 1028 1857 1100 προσανασυρά-

266 1141 431 1196 μενος
460 1125 560 1197 τὴν
613 1124 819 1195 ἐσθῆτα
844 1164 860 1188 ,
909 1122 987 1194 τῷ
1033 1122 1406 1193 θυσιαστηρίῳ
1455 1120 1854 1190 ὲνασελγαίνων

262 1219 614 1292 ἑναπούρησε
643 1261 660 1286 ,
693 1219 790 1274 καὶ
840 1218 1160 1291 παραυτίκα
1217 1219 1410 1288 ποινὴν
1460 1216 1704 1287 χαλεπὴν
1759 1215 1854 1269 καὶ

258 1311 445 1376 ὀξεῖαν
477 1312 730 1367 ἀπέτισε.
769 1313 846 1365 Δι’
874 1305 949 1366 ὧν
992 1310 1104 1383 γὰρ
1161 1309 1352 1382 ὕϐρισε
1399 1309 1604 1380 μορίων
1629 1349 1645 1373 ,
1679 1307 1854 1362 ταῦτα

265 1401 434 1474 μέχρι
464 1403 574 1456 τῶν
608 1402 841 1474 ἐντέρων
885 1402 1182 1469 διασαπεὶς
1207 1440 1220 1466 ,
1257 1399 1352 1453 καὶ
1382 1398 1684 1470 σκωλήκων
1737 1398 1855 1453 ἀδι-

263 1492 473 1563 ήγητον
498 1493 688 1565 χρῆμα
712 1493 990 1556 τεκνώσας
1014 1533 1029 1558 ,
1055 1490 1288 1564 οἰκτρῶς
1319 1491 1458 1560 ἄγαν
1486 1490 1582 1545 καὶ
1609 1489 1715 1542 οὐδ’
1745 1490 1852 1559 ἀφ-

260 1584 521 1653 ηγήσεως
548 1583 749 1650 ἀξίως,
799 1582 1170 1654 καταστρέφει
1214 1580 1306 1635 τὸν
1349 1581 1479 1652 βίον.
1519 1580 1630 1634 Καὶ
1661 1579 1759 1651 μὲν
1788 1579 1852 1652 δὴ

259 1672 360 1724 καὶ
387 1672 564 1743 ἕτεροι
595 1671 952 1744 παραπλήσια
978 1670 1374 1742 τετολμηκότες
1398 1668 1728 1741 ὲφαμίλλους
1753 1669 1853 1733 τὰς

254 1763 550 1837 τιμωρίας·
573 1763 897 1819 δεδώκασιν.

334 2033 429 2083 ια’.
465 2025 589 2081 Ὀτι
629 2025 921 2097 Ῥωμαίων
945 2027 974 2081 ὁ
1006 2023 1264 2096 βασιλεὺς
1315 2025 1621 2100 Ἁδριανὸς,
1657 2025 1716 2093 ὅς
1753 2025 1850 2079 Ατ-

256 2119 376 2183 λιος
403 2119 762 2190 ὲπωνόμαστο
786 2157 802 2183 ,
845 2118 914 2174 τὰ
961 2119 1312 2192 Ἰεροσόλυμα
1341 2120 1531 2173 Αἰλίαν
1559 2119 1620 2185 ἐξ
1653 2119 1846 2174 ἑαυτοῦ

261 2212 667 2282 μετεκαλέσατο
686 2226 702 2242 ο
734 2212 812 2277 ὡς
833 2211 900 2266 ἂν
929 2211 1244 2266 παντάπασι
1285 2211 1346 2266 τὸ
1382 2212 1651 2266 Ἰουδαίων
1674 2212 1849 2282 αὐτῆς

255 2301 415 2368 ἔθνος
447 2304 731 2376 ἀποστήσῃ
761 2304 855 2358 καὶ
879 2303 1191 2377 ἀπορρήξῃ.
1221 2303 1316 2358 καὶ
1345 2304 1467 2375 μηδ’
1495 2306 1561 2359 ὲκ
1587 2304 1690 2374 τῆς
1715 2304 1849 2375 κλή-

257 2413 401 2460 σεως
453 2394 530 2460 ῶς
579 2395 842 2468 πατρίδος
895 2395 1067 2467 αὐτῆς
1111 2395 1509 2450 ἀντιποιεῖσθαι
1571 2395 1846 2466 πρόφασιν

257 2488 492 2560 ἐχούσης
519 2486 655 2560 (72).
698 2487 918 2542 Ἐδεδίει
945 2486 1055 2558 γὰρ
1082 2486 1263 2540 αὐτῶν
1297 2485 1358 2540 τὸ
1387 2485 1726 2558 θερμουργδν
1752 2487 1848 2540 καὶ

258 2579 655 2651 ῥιψοκίνδυνον,
691 2580 789 2651 μὴ,
825 2579 1273 2650 συναγειρόμενοι
1309 2577 1455 2632 κατά
1481 2579 1756 2650 πρόφασιν
1788 2580 1846 2631 iv

252 2670 325 2741 τῇ
357 2668 511 2723 πόλει
531 2667 814 2742 λατρείας,
847 2667 1153 2741 πράγματα
1186 2667 1476 2740 Ῥωμαίοις
1513 2667 1842 2739 παρέξωσιν.

328 2933 423 3006 ιβ.
456 2933 622 2998 Ὅτι,
648 2933 784 3006 φησὶ
807 2975 822 2996 ,
851 2933 1070 2990 Βαϐύλα
1090 2936 1185 2990 τοῦ
1215 2935 1492 3008 μάρτυρος
1522 2936 1632 2992 τῶν
1658 2935 1846 3007 λειψά-

247 3045 365 3088 νων
393 3026 820 3099 μετατεθέντων.
853 3027 924 3081 τὰ
947 3027 1057 3082 τῶν
1091 3029 1361 3100 Ἐλλήνων
1390 3029 1720 3100 χρηστήρια,
1750 3028 1842 3083 τοῦ

251 3117 402 3173 κατά
427 3118 646 3188 Δάφνην
677 3116 1012 3190 ἀρξαμένου,
1047 3120 1333 3190 χρησμοὺς
1359 3118 1598 3174 ἀνεδίδου
1632 3120 1727 3174 καὶ
1752 3119 1840 3174 λόο

252 3227 354 3277 για
373 3248 388 3273 ,
419 3209 518 3281 τῆς
551 3208 702 3272 θείας
730 3209 994 3280 Προνοίας
1037 3209 1374 3280 φθέγγεσθαι
1411 3210 1509 3281 μὲν
1534 3211 1716 3275 αὐτοῖς
1759 3213 1847 3266 ὲν-

251 3299 536 3372 διδούσης.
587 3299 898 3372 τρεπούσης
939 3299 996 3353 δὲ
1050 3301 1150 3371 τὴν
1213 3303 1272 3365 ἐς
1328 3302 1495 3374 τιμὴν
1525 3305 1606 3372 (α)
1662 3303 1846 3369 αὐτοῖς

254 3392 430 3464 δρῶσι
464 3393 698 3464 σπουδὴν
737 3395 818 3455 εις
848 3393 1111 3465 αἰσχύνην
1145 3393 1369 3462 ἄφατον.
1403 3396 1514 3450 Καὶ
1541 3395 1652 3467 γὰρ
1686 3397 1745 3463 ἐξ
1769 3390 1846 3452 ὧν

254 3483 623 3548 ὶσπουδάζετο
663 3484 726 3538 τὸ
769 3483 1080 3554 Ἑλληνικὸν
1111 3487 1309 3556 κιχρᾷν
1341 3485 1410 3542 τὰ
1457 3486 1712 3557 δαιμόνια
1731 3529 1746 3553 ,
1777 3488 1844 3542 ἵν’

253 3573 432 3646 ἔχοιεν
468 3574 561 3628 ἐπὶ
585 3574 786 3646 μᾶλλον
813 3574 1052 3639 θειάζειν
1085 3576 1246 3640 αὐτὰ,
1271 3578 1336 3632 ὲκ
1366 3577 1570 3632 τούτων
1594 3577 1655 3631 τὸ
1683 3578 1846 3634 ἀσθε-

254 3664 346 3729 νὲς
365 3665 547 3720 αὐτῶν
573 3666 668 3719 καὶ
696 3665 1111 3738 πεπλανημένον
1132 3667 1432 3738 διελέγχειν
1455 3671 1522 3740 τῇ
1555 3667 1677 3742 θείᾳ,
1702 3671 1843 3742 Προ-

253 3754 378 3824 vuig.
405 3753 820 3826 συνηλαύνοντο.
860 3754 1094 3818 Ψευδεῖς
1125 3755 1235 3827 γὰρ
1268 3755 1363 3810 καὶ
1387 3755 1667 3810 ἀτέλεστοι
1701 3756 1844 3815 κατά

254 3859 321 3912 γε
372 3844 436 3898 τὸ
471 3845 939 3917 περιφανέστατον
982 3846 1031 3899 oi
1063 3845 1273 3900 ἐκεῖθεν
1323 3847 1565 3920 χρησμοὶ
1613 3847 1844 3921 ἐγνωρί-

255 3933 444 4000 ζοντο·
484 3935 607 3990 ὅθεν
636 3936 732 3990 καὶ
774 3936 1258 4009 προθεσπισάντων
1303 3937 1424 4008 ἅμα
1467 3939 1684 3994 πάντων
1718 3939 1841 3997 καθ’

253 4027 490 4083 ἕκαστον
520 4028 630 4082 τῶν
666 4029 952 4099 μαντείων,
979 4029 1057 4094 ὡς
1089 4029 1374 4094 Ἰουλιανὸς
1395 4032 1424 4084 ὁ
1445 4028 1540 4085 τοῦ
1577 4030 1840 4102 βασιλέως

251 4119 400 4185 θεῖος
430 4121 602 4175 νοσῶν
631 4122 691 4174 ού
724 4120 1044 4191 τεθνήξεται
1069 4163 1084 4186 ,
1117 4124 1176 4176 ὲν
1205 4121 1393 4186 αὐταῖς
1433 4121 1542 4177 τῶν
1574 4123 1840 4195 χρησμῶν

251 4211 629 4280 ἀναγνώσεσιν
647 4252 662 4277 ,
691 4211 924 4284 οἰκτρῶς
967 4213 1174 4279 ἐκεῖνος
1205 4212 1300 4270 καὶ
1327 4212 1573 4278 ἐλεεινῶς
1596 4214 1686 4268 τὸν
1725 4215 1840 4285 βίον

251 4303 590 4376 ἀπέρρηξεν.

1955 1025 2268 1092 ecclesiam,
2296 1043 2460 1099 quam
2495 1030 2572 1084 illi
2593 1033 2882 1089 vastabant
2909 1051 2975 1091 ac
2999 1039 3309 1106 spoliabant
3327 1081 3342 1106 ,
3380 1059 3540 1100 sacra

1957 1129 2084 1174 vasa
2110 1131 2175 1174 ac
2195 1117 2421 1174 donaria
2447 1119 2846 1190 depraedantes,
2871 1122 3150 1196 Deumque
3173 1129 3266 1198 qui
3299 1145 3395 1200 per
3420 1133 3539 1190 hinc

1955 1207 2272 1274 colebatur,
2305 1213 2634 1268 contumelia
2659 1213 2986 1272 allicientes:
3021 1219 3150 1283 hic,
3175 1220 3429 1292 inquam,
3465 1226 3539 1282 le-

1952 1309 2078 1355 vata
2108 1311 2258 1360 veste
2285 1305 2589 1372 petulanter
2602 1307 2674 1361 'in
2706 1308 2879 1364 altare
2903 1309 3208 1378 imminxit;
3242 1316 3538 1388 statimque

1953 1393 2338 1451 acerbissimas
2367 1412 2432 1450 ac
2477 1409 2771 1466 praesentes
2803 1415 2990 1470 pinnas
3021 1405 3300 1472 persolvit.
3339 1407 3533 1465 Iisdem

1952 1485 2097 1540 enim
2115 1487 2375 1544 membris
2393 1489 2592 1559 quibus
2612 1493 2680 1546 ad
2701 1495 3085 1552 contumeliam
3108 1495 3314 1552 abusus
3333 1497 3533 1568 fuerat,

1953 1576 2019 1631 ad
2045 1577 2303 1634 interiora
2329 1597 2502 1650 usque
2524 1583 2735 1638 viscera
2762 1584 3104 1653 putrefactis,
3129 1596 3183 1642 et
3205 1588 3532 1646 immensam

1953 1667 2220 1723 vermium
2255 1671 2659 1728 multitudinem
2700 1673 3077 1743 gignentibus,
3109 1691 3337 1746 prorsus
3365 1681 3533 1737 mise-

1952 1758 2109 1813 rabili
2133 1759 2303 1826 exitu,
2330 1770 2381 1815 et
2408 1763 2502 1831 qui
2524 1778 2591 1818 ne
2611 1762 2800 1819 referri
2829 1765 3049 1835 quidem
3079 1779 3337 1835 meretur,
3360 1771 3532 1827 inter-

1873 1833 1921 1894 Β
1953 1848 2032 1905 iit.
2076 1849 2184 1906 Sed
2217 1860 2272 1906 et
2330 1853 2422 1907 alii
2459 1854 2642 1924 plures
2675 1856 2769 1926 qui
2811 1833 3078 1926 ejusmodi
3121 1833 3366 1917 facinora
3409 1878 3534 1934 por-

1951 1948 2168 2009 petrare
2200 1943 2323 1997 ausi
2351 1942 2586 2011 fuerant,
2620 1962 2727 2001 non
2754 1948 2998 2004 minores
3029 1964 3222 2019 pinnas
3246 1952 3529 2012 dederunt.

2020 2031 2108 2085 il.
2129 2031 2243 2103 ‘73)
2272 2031 2644 2106 Hierosolyma
2671 2036 2825 2092 AElia
2847 2039 3018 2102 dicta,
3039 2071 3108 2082 --
3125 2041 3401 2098 Adrianus
3432 2045 3534 2101 im-

1948 2132 2166 2191 perator
2195 2122 2568 2182 Romanorum
2590 2166 2606 2192 ,
2643 2128 2738 2197 qui
2769 2128 2950 2185 Elius
2980 2130 3264 2186 dicebatur
3285 2173 3300 2200 ,
3337 2135 3531 2193 urbem

1949 2211 2379 2286 Hierosolymam
2414 2233 2479 2272 ex
2510 2233 2612 2274 suo
2643 2221 2867 2276 nomine
2897 2220 3099 2277 .‘Eliam
3124 2227 3436 2295 appellavit,
3466 2242 3539 2284 eo

1947 2306 2178 2362 consilio
2207 2317 2268 2362 ut
2293 2307 2612 2366 Iudaeorum
2636 2321 2852 2383 gentem
2884 2314 2955 2370 ab
2982 2331 3047 2370 ea
3081 2319 3298 2387 penitus
3323 2331 3538 2376 arceret

1947 2404 2111 2464 atque
2136 2397 2492 2468 excluderet,
2533 2416 2602 2457 ne
2631 2403 2716 2458 vel
2739 2419 2807 2458 ex
2842 2405 2959 2474 ipsa
2991 2407 3355 2476 appellatione
3392 2425 3534 2481 pra:-

1948 2494 2157 2545 textum
2182 2490 2446 2547 haberent
2476 2491 2651 2549 Judaei
2677 2535 2693 2562 ,
2717 2510 2836 2551 eam
2865 2505 3124 2568 tanquam
3169 2501 3397 2569 patriam
3427 2503 3539 2558 sibi:

1945 2577 2282 2634 vindicandi.
2333 2579 2546 2652 Quippe
2585 2583 2862 2641 Adrianus
2891 2585 3157 2642 fervidum
3212 2590 3428 2645 illorum
3468 2607 3544 2648 ac

1929 2670 2298 2726 temerarium
2323 2671 2600 2742 ingenium
2645 2675 3060 2745 reformidahat,
3092 2695 3159 2736 ne
3187 2680 3327 2739 forte
3357 2686 3532 2740 sacri-

1948 2759 2146 2816 ficandi
2177 2763 2360 2831 specie
2384 2763 2442 2817 in
2465 2779 2532 2819 ea
2561 2765 2695 2821 urbe
2727 2771 3060 2841 congregati,
3097 2773 3376 2843 negotium
3417 2776 3529 2830 Ro-

1946 2851 2128 2908 manis
2159 2851 2516 2910 facesserent.

2018 2942 2104 2998 η.
2145 2942 2382 3000 Oracaia
2409 2946 2678 3014 falsidica.
2711 2977 2783 2991 --
2807 2947 2939 3006 Post
2965 2952 3381 3010 translationem
3412 2957 3534 3012 rell-

1930 3034 2202 3104 .quiarum
2229 3038 2492 3109 martyris
2513 3037 2750 3111 Babyla,
2783 3043 3069 3111 gentilium
3093 3047 3338 3112 oracula,
3373 3048 3532 3103 initio

1947 3126 2096 3186 facto
2125 3129 2196 3185 ab
2223 3144 2290 3185 eo
2323 3132 2469 3201 quod
2501 3141 2620 3187 erat
2667 3135 2811 3204 apud
2853 3134 3140 3207 Daphnen,
3171 3153 3431 3210 responsa
3467 3156 3532 3196 ac

1947 3221 2206 3276 vaticinia
2229 3222 2556 3291 ediderunt,
2608 3241 2734 3282 cum
2763 3226 2948 3283 divina
2978 3227 3322 3286 Providentia
3358 3232 3439 3288 eis
3475 3243 3533 3288 ut

1945 3311 2304 3382 loquerentur
2343 3316 2562 3385 quidem
2619 3320 3000 3388 permisisset,
3049 3323 3289 3378 studium
3323 3340 3451 3381 vero
3479 3336 3533 3382 et

1943 3406 2152 3460 cultum
2188 3407 2322 3476 ipsis
2355 3423 2546 3463 eorum
2574 3411 2879 3470 cultoribus
2905 3413 2960 3468 in
2982 3428 3262 3470 summum
3293 3417 3531 3475 dedecus

1948 3497 2309 3554 convertisset
2339 3499 2473 3571 (74).
2527 3499 2742 3568 Quanto
2797 3505 2943 3560 enim
2992 3507 3301 3564 ardentiore
3352 3511 3532 3566 studio

1945 3588 2175 3656 gentiles
2207 3590 2538 3647 studuerunt
2572 3603 2632 3650 ut
2657 3597 2934 3653 daemones
2968 3599 3191 3654 oracula
3220 3600 3526 3664 redderent,

1953 3693 2064 3748 quo
2083 3678 2374 3749 iustiorem
2406 3699 2630 3741 causam
2667 3687 2930 3743 haberent
2977 3705 3074 3746 eos
3118 3691 3318 3747 divinis
3354 3694 3529 3749 hono-

1943 3770 2094 3826 ribus
2122 3771 2427 3840 alliciendi,
2484 3792 2551 3833 eo
2582 3780 2756 3849 magis
2807 3781 3178 3837 infirmitatem
3232 3799 3422 3839 eorum
3465 3800 3530 3840 ac

1942 3862 2211 3922 fallaciam
2243 3867 2650 3936 deprehendere
2675 3873 2943 3941 compulsi
2964 3883 3092 3930 sunt
3116 3890 3144 3929 a
3176 3876 3360 3930 divina
3383 3874 3523 3932 Pro-

1942 3955 2197 4010 videntia.
2233 3956 2446 4028 Quippe
2500 3962 2720 4016 oracula
2759 3978 2883 4033 quae
2942 3965 3069 4020 inde
3123 3967 3523 4035 proﬂuxerunt.

1941 4043 2078 4104 falsa
2106 4055 2271 4116 atque
2293 4047 2608 4118 imperfecta
2635 4067 2937 4121 apparuere
2964 4071 2978 4107 :
3009 4065 3156 4110 certe
3183 4071 3308 4111 cum
3337 4062 3524 4117 omnia

1941 4135 2260 4206 singillatim
2306 4140 2530 4194 oracula
2563 4143 3013 4210 respondissent,
3042 4143 3321 4202 Iulianum
3355 4151 3524 4222 impeo

1943 4228 2142 4284 ratoris
2172 4231 2504 4285 avunculum
2528 4272 2543 4296 ,
2575 4233 2669 4301 qui
2701 4241 2814 4288 tum
2851 4235 3044 4291 morbo
3079 4237 3393 4306 laborabat,
3428 4258 3526 4298 ne-
3557 4269 3560 4273 -

1940 4333 2218 4388 quaquam
2251 4320 2374 4376 eese
2400 4323 2752 4388 moriturum,
2792 4325 2923 4380 dum
2958 4343 3022 4383 ea
3063 4331 3181 4400 ipsa
3215 4330 3526 4404 legerentur

1942 4407 2190 4474 oracula,
2227 4409 2468 4464 animam
2485 4411 2882 4467 miserabiliter
2909 4415 3203 4471 exhalavit.

326 4487 421 4552 ιγ’.
455 4481 578 4537 Ὀτι
600 4520 616 4547 ,
647 4482 846 4554 φησὶν,
878 4480 1106 4553 Ἥρωνά
1133 4497 1253 4534 τινα
1287 4481 1352 4534 ὲκ
1383 4480 1575 4553 Θηϐῶν
1604 4481 1712 4537 τῶν
1745 4485 1838 4542 Αι-

2014 4499 2104 4556 15.
2141 4499 2252 4573 (75)
2283 4501 2556 4570 Apostolus
2592 4503 2698 4558 duo
2741 4505 2930 4562 miser:
2965 4517 3201 4577 pereunt.
3240 4539 3311 4549 —
3342 4509 3524 4568 Heron

247 4574 504 4642 γυπτίων
537 4573 854 4646 ὁρμώμενον
875 4615 890 4640 ,
915 4573 1009 4628 καὶ⁸
1040 4573 1121 4636 είς
1161 4573 1491 4639 ἐπισκόπους
1518 4574 1834 4644 τελέσαντα⁹

1948 4590 2162 4662 quidam
2213 4608 2281 4648 ex
2324 4595 2460 4651 urbe
2489 4594 2708 4669 Egypti
2738 4596 2941 4656 Thebis
2965 4573 3236 4659 oriundus
3260 4643 3276 4668 ,
3326 4613 3381 4660 et
3425 4607 3521 4674 qui

245 4662 380 4721 εἶτα
425 4666 568 4738 πρὸς
625 4666 980 4738 Ἐλληνισμδν
1031 4664 1402 4737 μεταϐαλόντα
1426 4707 1444 4733 ,
1495 4669 1837 4741 παραχρῆμα

1948 4685 2317 4755 episcopatum
2347 4662 2792 4759 gesseratv,vcum
2837 4701 3025 4761 postea
3062 4695 3127 4749 ad
3175 4662 3522 4764 superstitio-

253 4758 410 4823 νόσος
448 4757 823 4832 σηπεδονώδης
873 4757 1117 4814 ἀπέλαϐε
1142 4797 1158 4822 ,
1213 4756 1308 4814 καὶ
1357 4759 1464 4812 πᾶν
1494 4759 1839 4834 καταϐοσκη-

247 4850 410 4906 θεῖσα
437 4851 500 4904 τὸ
553 4849 752 4922 σῶμα,
805 4849 1080 4922 βδέλυγμα
1117 4851 1284 4905 πᾶσιν
1331 4846 1631 4915 ὑπέδειξεν.
1676 4852 1734 4909 ὐ
1779 4855 1838 4909 δὲ

251 4941 592 5014 πανταχόθεν
616 4942 990 5019 ἀπορούμενος
1013 4942 1072 4997 ὲν
1103 4945 1219 5007 τοτς
1239 4941 1504 5012 ἀμφόδοις
1532 4942 1836 5014 κατέκειτο,

254 5035 384 5108 μηδ’
433 5037 616 5090 ὅντινα
646 5030 740 5089 οὖν
785 5032 1099 5106 μηδαμόθεν
1141 5033 1314 5088 ἕλκων
1369 5033 1517 5088 ἔλεον
1540 5051 1556 5067 ο
1581 5036 1690 5091 τῶν
1739 5039 1839 5110 μὲν

249 5125 598 5197 Χριστιανῶν
628 5123 908 5190 παντελῶς
931 5123 1096 5180 αὑτὸν
1123 5125 1562 5199 ἐκτρεπομένων,
1588 5127 1699 5183 τῶν
1730 5131 1838 5185 Ἐλ-

1927 4786 2066 4826 nem
2091 4775 2376 4844 gentilium
2404 4779 2745 4845 descivisset,
2761 4789 2982 4850 repente
3003 4783 3308 4851 putredinis
3331 4787 3521 4842 morbo

1941 4873 2228 4935 correptus
2275 4878 2389 4925 est:
2423 4885 2544 4941 quae
2596 4881 2770 4926 totum
2822 4873 2969 4928 illius
3020 4887 3222 4944 corpus
3269 4875 3518 4946 depasta,

1945 4953 2372 5016 abominabilem
2427 4961 2580 5014 illum
2629 4961 2902 5030 praestitit.
2944 4959 3194 5033 Undique
3254 4963 3423 5036 igitur
3451 4967 3520 5021 ad

1944 5060 2218 5103 summam
2243 5049 2493 5105 redactus
2529 5050 2793 5119 inopiam,
2824 5050 2880 5106 in
2909 5052 3100 5122 plateis
3125 5052 3360 5123 iacebat,
3391 5069 3520 5110 cum

1944 5154 2107 5196 nemo
2142 5141 2295 5196 illum
2340 5142 2710 5199 misericordia
2743 5143 2852 5202 ulla
2898 5157 3360 5231 prosequeretur;
3389 5164 3516 5205 nam

1492 5261 1738 5311 YALBSH
1775 5269 2280 5323 ΑΝΝοτΑτιοΝεε.

323 5360 439 5441 (72)
464 5363 779 5441 Πρόφασιν
803 5364 1089 5441 ἐχούσης.
1128 5363 1297 5441 Leges
1331 5367 1708 5441 grammaticae
1735 5389 1832 5441 po-

249 5432 462 5507 stulant
493 5441 555 5488 ut
578 5432 894 5507 scribamus
919 5434 1193 5507 πρόφασιν
1208 5432 1367 5507 ζεχοιῖ,
1397 5437 1477 5490 vel
1508 5437 1648 5502 ἓξον.
1689 5432 1833 5498 Sith-

247 5503 476 5578 auditur
501 5503 650 5578 enjm
680 5503 1158 5578 'Ioudaiwv'élivoq.
1204 5503 1390 5560 Potest
1423 5507 1586 5561 etiam
1635 5512 1826 5578 scribi,

248 5571 527 5646 πρόφασιν
560 5572 726 5664 ἔχωσι
746 5615 762 5641 ,
793 5590 1026 5646 eamque
1055 5575 1380 5645 scripturam
1422 5579 1598 5650 magis
1629 5571 1824 5652 probo.

2039 5381 2125 5459 23)
2158 5382 2356 5459 Euseb.
2383 5383 2524 5459 Hist.
2566 5387 2602 5444 Ι.
2638 5403 2712 5454 tv,
2737 5401 2858 5459 cap.
2884 5388 2947 5446 6.

2037 5451 2124 5526 ῃ)
2156 5452 2472 5526 Ῑίιεοάοτὶι.
2510 5457 2546 5514 l.
2580 5474 2662 5526 ill,
2691 5451 2742 5514 ο.
2787 5451 2872 5514 (0.

2009 5522 2121 5595 (75)
2155 5522 2514 5597 Theophanes
2543 5528 2598 5584 in
2623 5522 2906 5599 Chronico,
2939 5546 3062 5603 pag.
3093 5535 3150 5589 3.

1729 5711 2057 5760 VARIORUM
2065 5745 2078 5759 .

325 5807 408 5879 (α)
463 5809 558 5880 Ἐς
587 5809 783 5890 τιμήν.
828 5810 1090 5885 Ἐντιμήν
1123 5810 1253 5882 legit
1281 5809 1674 5877 Gothofredus.
1717 5819 1807 5877 ll’.
1841 5822 2042 5881 Lawth.
