4026 6342
517 367 615 424 εει
1855 362 1858 364 ⁷
1889 351 2400 414 Pl—IILOSTORGII-
3298 363 3306 373 ·
3663 356 3778 410 552

517 476 809 535 Christiani
841 474 1062 547 quidem
1088 489 1210 530 eum
1241 472 1459 544 penitus
1495 473 1890 530 aversabantur
1911 513 1927 539 ,
1959 487 2090 543 geu-

2202 473 2371 543 λήνων
2402 471 2460 525 δὲ
2503 471 2666 544 μέχρι
2720 471 2812 526 τοῦ
2855 471 3254 526 καθυποϐαλεῖν
3298 470 3460 525 αὑτὸν
3497 472 3562 541 τῇ
3597 471 3779 544 πλάνῃ

519 571 639 625 tiles
667 583 798 622 vero
831 582 956 622 eum
990 567 1256 622 hactenus
1286 575 1516 630 norant,
1553 575 1824 634 quatenus
1855 564 1908 618 in
1942 578 2094 618 erro—

2202 565 2358 634 μόνον
2377 564 2538 618 αὐτὸν
2581 565 2920 633 ἐγνωκότων.
2947 564 3088 617 Ἀλλ’
3116 567 3145 618 ὁ
3189 563 3290 635 μὲν
3328 562 3518 634 Ἥρων
3561 562 3778 636 πικρῶς

517 662 596 716 ris
622 659 938 715 societatem
969 673 1094 714 eum
1133 659 1510 714 traduxerant.
1558 656 1624 712 Et
1657 655 1840 712 Heron
1873 657 2092 727 quidem

2202 654 2336 709 οὕτω
2386 657 2482 709 καὶ
2529 656 2842 720 παναθλίως
2896 656 2999 726 τῆς
3049 653 3198 726 ζωῆς
3250 654 3610 725 ἀπελήλαται.
3665 656 3779 709 Καὶ

517 750 593 807 ita
633 749 832 805 acerbo
869 759 1035 819 atque
1065 749 1270 804 infelici
1299 750 1448 804 exitu
1481 750 1662 819 periit.
1693 749 1799 806 Sed
1829 759 1885 805 et
1919 749 2097 805 Theo-

519 852 710 897 tecnus
734 841 958 910 quidam
989 840 1054 894 ad
1086 840 1370 910 gentilium
1417 841 1862 910 superstitionem
1914 851 2094 896 trans-

518 948 760 1005 gressus,
803 940 1026 1002 repente
1055 940 1170 986 toto
1193 946 1427 1002 corpore
1454 930 1758 1001 putrefacto
1782 971 1797 998 ,
1826 932 2094 987 vermium

521 1025 925 1097 receptaculum
955 1024 1130 1081 factus
1156 1034 1262 1081 est.
1295 1024 1400 1092 Qui
1432 1040 1557 1078 cum
1583 1024 1773 1080 oculos
1797 1025 1846 1080 ei
1874 1023 2098 1079 eli‘odis-

522 1101 675 1180 seht,
711 1115 778 1171 ad
807 1124 1111 1172 extremum
1161 1117 1376 1173 insania
1425 1125 1710 1187 correptus
1757 1125 1875 1182 est,
1915 1124 1970 1172 et
1998 1132 2098 1172 sua

520 1207 696 1279 ipsius
735 1208 917 1279 lingua
971 1209 1192 1264 concisa
1245 1219 1299 1264 et
1331 1223 1585 1272 comesa,
1618 1224 1683 1264 ex
1725 1209 2098 1265 acerbissimis

519 1301 808 1354 tormentis
831 1299 896 1354 ad
929 1301 1101 1356 multo
1128 1301 1376 1371 graviora
1405 1299 1668 1370 supplicia
1693 1309 1776 1355 est
1807 1300 2099 1355 transmis-

521 1402 635 1444 sus.
665 1387 832 1442 Multa
859 1389 1175 1458 hujusmodi
1202 1389 1447 1460 prodigia
1477 1389 1622 1444 Deus
1648 1397 1780 1444 tunc
1812 1389 2001 1453 edidit,
2031 1388 2100 1443 ab

526 1478 596 1534 iis
625 1479 720 1548 qui
756 1479 1098 1548 impudenter
1144 1494 1175 1534 a
1223 1480 1424 1549 pietate
1456 1479 1838 1546 desciverant,
1873 1479 2100 1535 meritas

520 1585 713 1626 eorum
747 1571 936 1625 sceleri
969 1571 1362 1640 respondentes
1389 1572 1612 1642 exigens
1640 1587 1851 1641 ptenas.

594 1661 684 1717 14.
712 1663 824 1733 (76)
860 1662 926 1716 Β.
950 1661 1178 1716 Joannis
1214 1663 1560 1734 Evangelium
1600 1664 1981 1735 Hierosolymis
2016 1680 2099 1719 re-

518 1763 746 1825 pertum.
783 1785 854 1796 —
880 1752 1153 1820 Julianus,
1184 1769 1306 1809 cum
1331 1757 1519 1810 urbem
1552 1755 1978 1827 Hierosolymam
2009 1756 2099 1810 in-

521 1845 758 1902 staurari
801 1845 1061 1914 iussisset
1080 1886 1096 1912 ,
1143 1859 1210 1901 eo
1235 1847 1471 1902 consilio
1503 1856 1563 1902 ut
1586 1846 1803 1902 Domini
1833 1849 2005 1903 nostri
2032 1849 2100 1902 de

529 1938 620 1997 illa
651 1937 1031 2006 praedictiones
1063 1936 1247 1992 irritas
1281 1953 1403 1994 esse
1457 1938 1835 2006 convinceret,
1870 1954 2098 2008 prorsus

525 2028 864 2083 contrarium
897 2028 964 2082 iis
985 2026 1109 2097 (ius:
1134 2028 1460 2084 moliebatur
1478 2028 1676 2085 eﬂ‘ecit.
1696 2028 1830 2084 Nam
1851 2038 1905 2085 et
1929 2031 2097 2084 multa

522 2119 630 2174 alia
658 2119 905 2189 prodigia
933 2119 1149 2174 coalitus
1201 2119 1448 2174 immissa
1498 2135 1638 2190 opus
1681 2130 2096 2190 represserunt;

520 2218 722 2266 etcum
759 2209 1109 2264 fundamenta
1145 2219 1499 2279 pararentur,
1544 2227 1689 2266 unus
1725 2227 1791 2266 ex
1824 2212 2100 2283 lapidibus

523 2301 618 2372 qui
663 2301 719 2356 in
753 2300 860 2354 ima
904 2301 1024 2356 basi
1077 2301 1488 2369 collocabatur,
1529 2318 1632 2359 suo
1681 2303 1802 2359 loco
1827 2305 2097 2370 demotus,

523 2393 725 2448 ostium
755 2392 896 2446 antri
937 2391 1227 2461 cujusdam
1250 2393 1486 2462 aperuit,
1517 2395 1662 2464 quod
1691 2394 1746 2450 in
1771 2410 1904 2465 rupe
1935 2411 2100 2451 exca-

525 2491 708 2538 vatum
736 2491 871 2537 erat.
902 2480 1005 2537 Sed
1035 2498 1159 2537 cum
1193 2483 1265 2538 oh
1297 2482 1721 2553 profunditatem
1755 2501 1818 2541 ea
1863 2501 1985 2556 quae
2017 2487 2100 2541 in-

523 2584 613 2630 tus
641 2583 796 2629 erant
826 2589 1047 2629 cernere
1087 2573 1303 2628 dillicile
1334 2585 1520 2642 esset,
1555 2583 1840 2633 curatores
1870 2591 2098 2648 operum

524 2665 604 2722 rei
628 2665 1020 2734 cognoscenda:
1048 2665 1254 2736 cupidi,
1273 2665 1568 2736 quemdam
1591 2682 1658 2722 ex
1684 2669 1949 2738 operariis
1971 2685 2104 2740 pro-

523 2757 636 2811 lixo
693 2754 809 2810 funi
881 2756 1163 2811 astrictum
1227 2757 1589 2812 demiserunt.
1653 2757 1753 2815 Hic
1803 2760 2096 2829 demissus,

523 2863 722 2920 aquam
753 2848 808 2902 in
843 2857 1001 2904 antro
1029 2849 1262 2904 residem
1309 2851 1378 2904 ad
1409 2850 1590 2905 media
1611 2866 1787 2921 usque
1815 2867 1975 2908 crura
2011 2870 2100 2909 re—

525 2941 685 3012 perit,
713 2949 769 2996 et
791 2955 914 2995 cum
948 2941 1402 3010 undiqueJocum
1434 2941 1747 3007 circuisset,
1779 2951 1834 2996 et
1865 2943 2100 3012 parietes

524 3039 939 3096 contrectasset,
968 3041 1185 3085 antrum
1220 3029 1549 3101 quadratum
1573 3046 1694 3086 esse
1722 3031 2096 3100 deprehendit.

528 3118 800 3177 Reversus
827 3121 1055 3188 deinde,
1099 3137 1225 3177 cum
1260 3122 1314 3176 in
1365 3121 1546 3177 medio
1594 3123 1958 3192 constitisset,
2007 3140 2100 3181 co-
2127 3149 2169 3207 ο

527 3211 771 3267 lumnam
827 3212 1121 3283 quamdam
1156 3211 1382 3267 offendit
1435 3228 1558 3282 quae
1603 3213 1887 3283 paululum
1938 3231 2100 3286 supra

525 3317 724 3372 aquam
753 3304 1037 3374 exstabat.
1057 3302 1231 3368 Quam
1266 3317 1388 3358 cum
1418 3318 1583 3357 manu
1633 3307 2100 3374 apprehendisset,

528 3389 730 3444 librum
767 3391 814 3444 ei
851 3373 1168 3459 impositum
1202 3391 1442 3460 reperit,
1476 3373 1800 3448 tenuissimo
1833 3409 1898 3448 ac
1922 3373 2103 3464 puris?

529 3481 672 3536 simo
700 3482 868 3536 linteo
905 3482 1228 3536 involutum.
1273 3483 1522 3552 Cumque
1557 3498 1683 3538 eum
1711 3485 1789 3539 uti
1823 3486 2104 3542 invenerat

531 3571 861 3634 sustulisset,
893 3571 1108 3642 signum
1134 3571 1281 3627 dedit
1316 3581 1376 3626 ut
1403 3573 1580 3643 ipsum
1609 3575 1970 3631 retraherent.
1999 3576 2104 3632 Re-

528 3670 737 3717 tractus
770 3662 933 3732 igitur
961 3663 1199 3718 ostendit
1221 3663 1445 3730 librum,
1474 3673 1530 3719 et
1554 3665 1838 3721 universos
1863 3668 2102 3723 admira-

529 3753 678 3808 tione
715 3754 984 3824 perculit,
1027 3755 1096 3809 ob
1127 3755 1177 3810 id
1217 3755 1455 3810 maxime
1504 3756 1651 3826 quod
1684 3771 1877 3813 recens
1923 3758 2101 3814 adhuc

529 3853 693 3912 atque
723 3844 959 3900 intactus
987 3844 1296 3913 videbatur,
1335 3853 1392 3900 et
1417 3846 1564 3916 quod
1586 3846 1642 3900 in
1672 3860 1738 3901 eo
1771 3847 1892 3902 loco
1913 3863 2102 3918 reper-

527 3944 620 3992 tus
655 3935 866 3993 fuisset.
896 3936 993 3993 llic
1017 3937 1181 4011 igitur
1203 3938 1341 3994 liber
1361 3979 1377 4005 ,
1411 3939 1558 4009 quod
1593 3940 1886 4010 gentilibus
1913 3956 1979 3996 ac
2007 3940 2103 3998 Ju-

527 4028 662 4083 daais
685 4028 877 4098 majori
901 4028 1081 4084 adhuc
1103 4028 1454 4084 admirationi
1479 4028 1604 4097 fuit,
1632 4029 1921 4086 confestim
1945 4045 2104 4101 aper-

529 4126 620 4173 tus
643 4159 658 4184 ,
689 4119 744 4172 in
788 4119 993 4189 capite,
1025 4119 1133 4174 hoc
1161 4120 1396 4176 habebat
1419 4120 1682 4191 scriptum
1719 4121 2102 4190 grandioribus

529 4210 758 4265 litteris:
795 4209 864 4264 In
911 4213 1173 4280 principio
1193 4223 1307 4267 erat
1348 4212 1570 4268 Verbum
1594 4254 1610 4281 ,
1643 4222 1692 4268 et
1733 4212 1955 4268 Verbum
1987 4223 2100 4268 erat

527 4300 672 4368 apud
711 4299 897 4365 Deum,
928 4312 976 4355 et
1006 4301 1148 4355 Deus
1194 4312 1310 4357 erat
1351 4303 1596 4358 Verbum.
1625 4302 1966 4374 Prorsusque
2013 4304 2102 4359 hic

523 4383 666 4444 liber
694 4389 963 4461 integrum
999 4391 1131 4446 illud
1163 4394 1478 4450 continebat
1525 4395 1874 4466 Evangelium
1901 4434 1916 4459 ,
1954 4395 2100 4466 quod

2193 747 2486 811 Θεότεκνος
2516 747 2573 801 δέ
2619 766 2705 812 τις
2736 748 2873 820 πρὸς
2914 749 3006 804 τὸν
3053 746 3403 818 Ἐλληνισμδν
3455 745 3774 818 ἀπορρυεὶς,

2197 841 2377 892 πᾶσαν
2411 840 2622 912 ἀθρόως
2654 839 2752 911 τὴν
2799 841 2977 912 σάρκα
3019 840 3304 901 διασαπεὶς
3351 836 3447 891 καὶ
3473 836 3777 908 σκωλήκων

2197 930 2296 1001 ὕλη
2329 929 2572 998 γεγονὼς
2592 971 2606 996 ,
2635 931 2731 984 καὶ
2759 929 2824 1000 δὴ
2855 931 2951 984 καὶ
2985 930 3113 992 τοὺς
3140 927 3452 998 ὀφθαλμοὺς
3477 927 3570 980 ὑπ’
3593 925 3777 980 αὐτῶν

2195 1023 2536 1093 ἐξορυχθείς,
2579 1021 2847 1075 τελευτῶν
2896 1022 2978 1084 είς
3009 1020 3209 1091 μανίαν
3254 1020 3500 1090 ἐτράπη,
3548 1017 3644 1072 καὶ
3671 1017 3780 1090 τὴν

2196 1113 2391 1168 ἑαυτοῦ
2421 1114 2669 1183 γλῶτταν
2699 1113 3054 1183 καταφαγὼν,
3085 1115 3148 1166 ἐκ
3177 1112 3388 1183 πικρῶν
3417 1110 3666 1183 βασάνων
3691 1109 3780 1173 είς

2196 1206 2334 1261 πολὺ
2355 1205 2713 1278 χαλεπώτερα
2729 1203 3101 1276 παρεπέμφθη
3115 1203 3466 1272 κολαστήρια.
3481 1201 3592 1256 Καὶ
3607 1199 3781 1253 πολλὰ

2197 1295 2421 1350 τοιαῦτα
2448 1296 2512 1350 τὸ
2528 1296 2683 1350 Θεῖον
2710 1289 2965 1364 ἐτερατού
2976 1311 3113 1364 ργει,
3143 1293 3504 1364 ἀντιρρόπους
3529 1289 3630 1353 τὰς
3653 1306 3780 1344 που·

2198 1389 2295 1454 νὰς
2325 1392 2476 1462 παρὰ
2503 1389 2612 1444 τῶν
2637 1371 2863 1460 ἀναίδην
2893 1387 3230 1442 ἀσεϐούντων
3257 1385 3740 1458 είσπραττόμενον.

2273 1652 2352 1706 ιδ’.
2381 1652 2506 1706 Ὅτι
2531 1650 2841 1723 προστάξας
2860 1691 2875 1715 ,
2905 1649 3089 1720 φησὶν,
3137 1647 3420 1712 Ἰουλιανὸς
3448 1645 3514 1700 τὰ
3545 1643 3781 1715 Ἰεροσό-

2199 1743 2345 1814 λυμα
2372 1741 2859 1813 άνοικοδομεῖσθαι,
2889 1741 2965 1804 ὡς
2994 1740 3060 1795 ἂν
3088 1739 3188 1804 τὰς
3225 1740 3354 1810 περὶ
3383 1737 3563 1809 αύτῷν
3583 1737 3780 1790 δεσπο-

2199 1835 2356 1896 τικὰς
2395 1834 2728 1904 προρρήσεις
2759 1831 2997 1904 ἀκύρους
3024 1830 3216 1901 ἐλέγξῃ
3236 1869 3251 1893 ,
3280 1829 3586 1882 τούναντίον
3629 1827 3781 1880 ἅπαν

2198 1919 2274 1979 ὧν
2306 1924 2670 1988 ἐσπούδασεν,
2709 1922 3084 1994 ἐξειργάσατο.
3119 1921 3290 1974 Ἀλλα
3316 1937 3374 1973 τε
3411 1920 3530 1998 γὰρ
3571 1917 3782 1988 τέρατα

2201 2015 2452 2086 ὑπερφυῆ
2476 2014 2538 2068 τὸ
2562 2014 2722 2087 ἔργον
2751 2013 3176 2085 κατασκήψαντα
3207 2011 3407 2080 ἐπέσχε
3427 2027 3442 2041 ο
3467 2011 3560 2064 καὶ
3586 2009 3650 2080 δὴ
3680 2008 3782 2062 καὶ

2199 2105 2308 2160 τῶν
2347 2104 2612 2176 θεμελίων
2643 2104 3116 2176 εύτρεπιζομένων
3138 2146 3152 2172 ,
3187 2098 3268 2167 εἷς
3307 2102 3417 2156 τῶν
3469 2100 3663 2164 λίθων,
3693 2101 3784 2163 εις

2199 2199 2297 2270 τὴν
2327 2199 2562 2268 ἐσχάτην
2592 2199 2834 2269 κρηπῖδα
2861 2196 3212 2268 τεταγμένων
3245 2193 3521 2266 κινηθεὶς,
3555 2192 3782 2262 στόμιον

2199 2292 2398 2362 ἄντρου
2444 2290 2588 2354 τινος
2621 2289 2940 2361 παρέδειξεν
2963 2330 2978 2354 ,
3010 2287 3434 2360 ἐνειργασμένου
3470 2288 3536 2356 τῇ
3576 2284 3779 2355 πέτρᾳ.

2213 2383 2300 2447 Ὠς
2328 2383 2372 2437 δ’
2406 2384 2608 2455 ἄπορος
2636 2379 2705 2454 ἦν
2734 2381 2848 2452 (77)
2891 2381 2982 2434 διὰ
3021 2380 3082 2434 τὸ
3113 2379 3277 2456 βάθος
3318 2379 3448 2432 ἰδεῖν
3488 2379 3556 2432 τὰ
3602 2377 3780 2440 ἔνδον,

2201 2473 2512 2548 βουλόμενοι
2535 2472 2736 2542 γνῶναι
2781 2472 2843 2525 τὸ
2882 2470 3051 2541 σαφὲς
3082 2471 3132 2524 οἱ
3163 2472 3274 2533 τοῖς
3311 2469 3494 2539 ἔργοις
3531 2467 3784 2536 ἐφεστῶ-

2199 2583 2293 2631 τες
2317 2605 2334 2633 ,
2389 2563 2621 2620 καθιῶσί
2665 2581 2789 2617 τινα
2839 2562 2948 2616 τῶν
2999 2560 3248 2632 ἐργατῶν
3297 2559 3508 2630 σχοίνου
3562 2560 3783 2630 μακρᾶς

2202 2658 2580 2731 ἐκδησάμενοι.
2631 2655 2688 2709 '0
2719 2655 2777 2708 δέ
2805 2653 3160 2726 καθιμηθεὶς,
3193 2652 3337 2724 ὕδωρ
3378 2652 3479 2722 μὲν
3509 2647 3666 2722 εὗρεν
3693 2653 3782 2714 είς

2202 2752 2376 2823 μέσας
2405 2750 2616 2820 κνήμας
2638 2745 2778 2800 κατὰ
2805 2745 2865 2798 τὸ
2890 2745 3083 2816 ἄντρον
3125 2743 3455 2815 συνεστηκός
3471 2761 3484 2774 ο
3510 2744 3784 2812 πανταχοῖ

2199 2844 2258 2898 δὲ
2281 2839 2577 2914 περιελθὼν
2607 2839 2699 2894 καὶ
2717 2837 2824 2891 τῶν
2855 2836 3049 2907 τοίχων
3076 2835 3426 2906 ἐφαψάμενος
3449 2874 3465 2897 ,
3495 2833 3780 2904 τετράγω-

2201 2952 2291 2988 νον
2335 2935 2432 3004 μὲν
2459 2933 2521 2986 τὸ
2549 2932 2744 3004 ἄντρον
2775 2931 2936 3000 ἔγνω.
2994 2928 3377 3000 Ἀναστρέφων
3405 2926 3461 2979 δὲ
3489 2925 3584 2979 καὶ
3632 2923 3784 2978 κατὰ

2199 3027 2261 3081 τὸ
2290 3027 2455 3097 μέσον
2491 3023 2734 3093 γεγονὼς
2756 3063 2771 3089 ,
2812 3022 3129 3094 ἐντυγχάνει
3181 3020 3350 3091 στήλῃ
3398 3019 3508 3072 τινὶ
3530 3056 3546 3082 ,
3599 3015 3780 3088 βραχὺ

2201 3118 2451 3189 διεχούσῃ
2475 3116 2568 3170 τοῦ
2596 3115 2786 3179 ὕδατος
2807 3133 2822 3148 ·
2863 3110 2897 3191 ᾗ
2923 3115 3020 3186 τὴν
3045 3115 3203 3185 χεῖρα
3232 3110 3502 3166 ἐπιϐαλὼν
3531 3109 3782 3180 εὑρίσκει

2206 3209 2406 3281 βιϐλίον
2439 3210 2574 3280 αὐτῇ
2606 3207 2970 3279 ἐπικείμενον,
2995 3206 3306 3274 λεπτοτάτῳ
3341 3204 3435 3257 καὶ
3475 3198 3784 3273 καθαροτά-

2201 3319 2280 3373 τῳ
2330 3301 2743 3374 περιειλημένον
2789 3299 3062 3370 ήμιτυϐίῳ
3092 3299 3169 3370 (a)
3192 3315 3206 3328 ο
3255 3297 3578 3367 ἀνελόμενος
3611 3293 3668 3347 δὲ
3699 3291 3784 3357 ὡς

2203 3390 2328 3466 εὗρε
2372 3393 2433 3446 τὸ
2463 3393 2666 3464 βιϐλίον
2692 3432 2706 3457 ,
2754 3391 3006 3462 σημαίνει
3037 3391 3146 3444 δεῖν
3190 3389 3350 3444 αὑτὸν
3401 3387 3778 3456 ἀνακομίζειν.

2216 3485 2628 3556 Ἀνακομισθεὶς
2672 3483 2737 3556 δὴ
2786 3483 3116 3536 ἐπιδείκνυσι
3159 3480 3220 3534 τὸ
3271 3479 3468 3550 βιϐλίον
3495 3518 3510 3543 ,
3558 3479 3652 3532 καὶ
3695 3477 3782 3540 είς

2203 3577 2412 3647 θάμϐος
2458 3578 2702 3640 ἅπαντας
2735 3577 2856 3645 ἄγει
2882 3617 2897 3642 ,
2938 3575 3173 3646 μάλιστα
3198 3574 3242 3627 δ’
3271 3574 3354 3626 ὅτι
3382 3571 3476 3625 καὶ
3519 3569 3780 3641 νεουργὸν

2204 3667 2300 3721 καὶ
2327 3666 2490 3737 άθιγῆ
2524 3666 2636 3736 (78)
2667 3668 2894 3737 παρεῖχε
2923 3665 3021 3736 τὴν
3061 3664 3188 3718 θέαν
3207 3703 3222 3729 ,
3254 3663 3350 3716 καὶ
3377 3663 3451 3724 ὼς
3481 3662 3539 3714 ἐν
3584 3660 3781 3728 ἐκείνῳ

2203 3757 2270 3810 ἂν
2302 3757 2522 3828 εὑρεθὲν
2572 3756 2648 3827 τῷ
2677 3757 2879 3829 χωρίῳ.
2911 3756 2984 3808 Τὸ
3014 3755 3072 3810 δὲ
3118 3755 3227 3827 ἄρα
3270 3754 3332 3807 τὸ
3366 3753 3589 3824 βιϐλίον,
3618 3749 3648 3804 ὃ
3682 3751 3781 3803 καὶ

2205 3849 2366 3902 πλέον
2397 3847 2746 3920 Ἑλληνιστάς
2777 3849 2873 3902 καὶ
2913 3847 3198 3910 Ἰουδαίους
3229 3844 3587 3916 κατέπληξεν,
3614 3842 3782 3906 εὐθὺς

2205 3941 2324 3996 κατ’
2355 3940 2530 4013 ἀρχὰς
2563 3941 2924 4011 ἀναπτυχθέν,
2966 3940 3222 4010 μεγάλοις
3249 3937 3400 4005 ἔλεγε
3429 3935 3780 4007 γράμμασιν,

2217 4035 2314 4088 Ἐν
2341 4031 2499 4103 ἀρχῇ
2530 4028 2611 4103 ἦν
2647 4035 2678 4087 ὀ
2707 4035 2900 4102 Λόγος
2919 4072 2933 4096 ,
2964 4032 3062 4085 καὶ
3097 4033 3130 4084 ό
3158 4030 3350 4098 Λόγος
3376 4024 3455 4098 ἦν
3482 4026 3633 4094 πρὸς
3668 4022 3782 4076 τὸν

2209 4123 2392 4190 Θεὸν,
2426 4123 2524 4177 καὶ
2566 4122 2712 4187 Θεὸς
2751 4118 2830 4192 ἦν
2861 4124 2894 4176 ό
2924 4121 3132 4190 Λόγος.
3173 4120 3284 4172 Καὶ
3315 4115 3502 4179 άπλῶς
3546 4113 3780 4181 ὀλόκλη-

2209 4231 2300 4287 ρον
2327 4217 2360 4286 ή
2383 4214 2570 4286 γραφὴ
2597 4215 2658 4268 τὸ
2683 4213 3012 4282 Εὑαγγέλιον
3035 4210 3264 4273 ἐδείκνυ,
3293 4211 3428 4280 ὅπερ
3459 4206 3494 4278 ή
3527 4203 3780 4272 θεολόγος

2204 4307 2298 4364 τοῦ
2336 4307 2578 4379 μαθητοῦ
2627 4307 2722 4360 καὶ
2767 4304 3036 4376 παρθένου
3087 4301 3480 4375 εὐηγγελίσατο
3530 4296 3772 4366 γλῶσσα.

2205 4402 2424 4472 Ἐδήλου
2449 4401 2507 4454 δέ
2538 4400 2646 4469 ἄρα
2680 4397 2817 4470 μετὰ
2856 4398 2963 4452 τῶν
2991 4396 3166 4452 ἄλλων
3193 4393 3507 4466 παραδόξων
3535 4391 3712 4462 ἔργων
3740 4389 3780 4444 ἃ

529 4495 684 4536 sacra
733 4481 986 4550 discipuli
1037 4483 1374 4554 virginisque
1425 4486 1609 4556 lingua
1659 4488 2097 4560 annuntiaverat.

2204 4496 2326 4549 κατ’
2355 4495 2531 4546 ἐκεῖνο
2556 4488 2751 4561 καιροῦ
2776 4487 3067 4561 οὐρανόθεν
3093 4485 3377 4555 ἐπεδείχθη
3397 4525 3411 4549 ,
3456 4483 3530 4554 μὴ
3556 4481 3621 4536 ἄν
3643 4496 3778 4534 ποτε

531 4569 703 4627 Porro
734 4571 840 4627 hoc
869 4571 1192 4627 miraculum
1223 4589 1331 4629 una
1365 4589 1490 4629 cum
1537 4575 1660 4630 aliis
1686 4576 1946 4646 prodigiis
1977 4591 2100 4646 qua:

532 4673 666 4719 tunc
716 4664 932 4720 caelitus
971 4671 1190 4719 ostensa
1242 4674 1399 4729 sunt,
1461 4666 1743 4737 perspicue
1801 4667 2098 4736 indicabat,

531 4771 812 4826 nunquam
847 4756 902 4810 in
933 4755 1147 4811 irritum
1184 4771 1436 4812 casuram
1482 4772 1604 4812 esse
1633 4759 1957 4813 sententiam
1991 4757 2101 4815 Do-

531 4849 688 4917 mini,
720 4865 840 4921 qua:
869 4848 1056 4921 templi
1091 4850 1450 4905 vastationem
1485 4858 1748 4921 perpetuo
1781 4865 2098 4906 mansuram

532 4941 868 5008 praedixerat.
898 4939 1058 4997 Liber
1100 4943 1246 5012 enim
1298 4941 1388 4997 ille
1414 4981 1429 5007 ,
1475 4956 1600 4997 eum
1636 4940 1730 5011 qui
1775 4940 1878 4996 ista
1929 4941 2099 4996 multo

2201 4583 2480 4637 διαπεσεῖν
2507 4579 2832 4649 δεσποτικὴν
2861 4578 3136 4648 ἀπόφασιν
3160 4617 3174 4642 ,
3213 4577 3337 4648 ἥτις
3379 4573 3480 4643 τὴν
3506 4572 3588 4633 είς
3622 4569 3778 4631 τέλος

2204 4672 2486 4742 ἐρήμωσιν
2511 4668 2606 4722 τοῦ
2639 4668 2745 4724 νεὼ
2778 4670 3090 4738 προανεῖπε.
3120 4668 3231 4721 Καὶ
3256 4663 3366 4735 γὰρ
3391 4661 3522 4716 Θεόν
3541 4676 3601 4712 τε
3625 4656 3778 4711 ἐθεο-

2204 4761 2356 4829 λόγει
2385 4760 2445 4812 τὸ
2476 4757 2678 4830 βιϐλίον
2709 4758 2800 4812 τὸν
2842 4758 3014 4812 ταῦτα
3055 4754 3518 4829 προτεθεσπικότα
3551 4751 3648 4804 καὶ
3683 4748 3781 4819 δη-

2209 4850 2466 4922 μιουργὸν
2497 4851 2785 4905 ἁπάντων
2816 4851 2912 4904 καὶ
2937 4849 3154 4920 ἐλεγχος
3177 4843 3245 4920 ἦν
3287 4845 3381 4899 τοῦ
3428 4843 3605 4914 μάτην
3635 4837 3781 4892 ἐκεί-

2205 4958 2328 5006 νους
2371 4941 2501 5013 περὶ
2546 4941 2644 5012 τὴν
2699 4940 2984 5012 οἰκοδομὴν
3017 4939 3284 4995 ποιεῖσθαι
3316 4938 3462 5008 (79),
3495 4935 3594 5004 τῆς
3628 4929 3780 4992 θείας

1749 5071 1995 5115 VALESII
2033 5071 2532 5135 ANNOTATIONES.

599 5173 712 5248 (79.)
744 5174 940 5248 Supra.
972 5191 1020 5232 c.
1050 5173 1100 5248 Si.

602 5241 714 5317 (77)
756 5241 1006 5317 ζΑὲτορος
1054 5241 1151 5315 ἦν.
1197 5242 1558 5299 Scribendum
1592 5251 1676 5298 est
1705 5241 1894 5313 procul
1922 5241 2091 5298 dubio

528 5315 728 5457 ex?ng
748 5311 1050 5458 1%va
1093 5384 1192 5439 και
1232 5381 1436 5451 demi,
1482 5379 1562 5436 Ex
1601 5380 1791 5438 codice
1842 5380 2095 5437 Bocharti

2198 5174 2845 5247 emendavi,_xa140t7ﬁ.
3059 5242 3070 5247 Α
3145 5240 3157 5247 Α
3283 5243 3295 5247 _
3336 5186 3344 5196 '
3381 5239 3405 5247 _
3497 5236 3510 5247 ,
3735 5234 3756 5247 ,

2270 5244 2384 5314 (79)
2406 5236 2631 5314 ίΜάτην
2651 5236 2924 5309 ἐκείνους
2943 5242 3076 5310 περὶ
3099 5240 3228 5314 τὴν.
3241 5236 3567 5309 οἰκοδομὴν
3594 5236 3779 5289 ποιεῖ-

2198 5311 2374 5368 σθαι(
2395 5311 2753 5370 Scribendum
2783 5314 2994 5368 videtur
3019 5311 3317 5364 πονεῖσθαι.

1985 5494 2316 5542 VARIORUM
2325 5527 2340 5540 .

599 5604 1054 5696 (all'liuftvd’ftp.
1086 5605 1210 5696 llaec
1248 5620 1360 5696 Lox
1405 5602 1646 5696 occurrit
1693 5602 1865 5696 infra,
1892 5603 1988 5658 lib.
2011 5621 2088 5696 tu,
2193 5609 2402 5696 phanes
2426 5648 2442 5675 ,
2480 5604 2857 5696 Hippocrates,
2884 5602 3210 5661 Plutarchus
3237 5643 3251 5670 ,
3284 5601 3404 5657 Jac.
3460 5591 3772 5667 Gothofred.’

527 5687 650 5746 cap.
687 5675 736 5746 l.
766 5673 861 5746 Est
889 5685 1069 5746 autem
1097 5674 1385 5746 ἡμιτύϐιον
1412 5675 1662 5746 linteum,
1681 5675 1988 5746 sudarium,
2011 5673 2094 5728 fa-

523 5745 664 5811 scia,
699 5745 914 5801 sindon.
960 5745 1067 5800 Hac
1120 5744 1252 5802 voce
1281 5746 1393 5813 jam
1437 5744 1566 5800 olim
1608 5745 1693 5800 usi
1728 5753 1856 5801 sunt
1885 5745 2095 5801 Aristo—

2195 5678 2247 5732 ίιι
2282 5679 2382 5731 lue.
