2013 3171
127 160 178 192 553

624 165 904 195 ECCLESIAST:CIE
926 163 1100 194 lllSTORle
1113 166 1179 194 LlB.
1196 164 1253 194 Vill.

1706 166 1760 196 55$

125 221 173 250 καὶ
196 221 364 257 ἀμεταθέτου
381 222 472 258 ψήφου
496 223 540 249 τὸν
556 223 595 255 εἰς
608 223 685 255 τέλος
707 224 754 250 τοῦ
778 224 830 251 νεὼ
849 225 919 259 ἀφα-

976 227 1035 252 ante
1050 224 1292 259 pronuntiaverat,
1308 222 1391 250 Deum
1410 228 1434 251 ct
1458 224 1577 252 universi
1592 225 1759 254 conditorem

126 268 219 304 νισμὺν
248 268 524 305 καταψηφισαμένης.
542 268 584 296 Τὰ
611 269 703 305 μέντοι
732 270 917 306 Ἰεροσόλυμα,

127 312 226 344 ἰεὸοὺς
255 312 387 348 πρότερον
411 313 555 348 ἐκαλεῖτο,
584 314 638 340 τῶν
659 315 710 349 τῆς
734 315 919 350 Βενιαμίτιδος

127 358 212 394 φυλῆς
227 358 329 393 ταύτην
341 358 528 391 ἐνοικούντων,
549 359 614 395 πρὶν
630 359 646 395 ἧ
663 360 745 386 Δαόὶδ
761 361 775 387 ὁ
791 360 919 396 βασιλεὺς

127 404 271 440 ὑποσχέσει
289 405 458 440 στρατηγίας
474 405 542 432 ἐλὼν
557 406 643 440 αὐτὴν
665 406 709 433 διὰ
733 406 781 433 τοῦ
803 407 917 434 Ἰωάϐου.

128 451 238 486 Ἐκείνῳ
248 460 279 478 τε
296 451 345 486 τὴν
361 450 510 487 ὑπόσχεσιν
523 451 562 484 ὡς
585 451 732 485 ὑπεδέξατο
748 452 856 486 δίδωσι,
872 452 919 479 καὶ

127 498 207 530 αὐτὸς
230 498 308 524 πόλιν
331 498 360 524 ὲν
377 498 445 533 αὐτῇ
471 498 654 534 δειμάμενος,
680 499 846 535 μητρόπολιν
872 498 919 525 τοῦ

128 543 229 575 παντὸς
241 543 336 575 ἔθνους
352 543 406 570 τῶν
425 541 559 580 Ἐὃραίων
571 544 767 581 ἀπειργάσατο.

972 279 1033 298 csse
1061 270 1237 305 praedicabat.
1264 268 1510 305 Certissimumque
1533 275 1592 298 erat
1618 271 1761 304 indicium,

974 316 1073 344 frustra
1091 324 1138 344 eos
1153 317 1179 343 in
1197 316 1357 344 a‘diticando
1369 316 1494 344 laborare
1506 337 1513 350 ,
1525 324 1588 344 cum
1606 317 1763 346 immutabi—

973 362 1007 390 lis
1030 362 1077 390 Dei
1105 362 1238 390 sententia
1270 361 1399 396 templum
1428 367 1557 397 perpetua
1586 363 1764 392 subversione

973 408 1140 435 danmassct.
1153 408 1214 443 lpsa
1228 407 1335 443 quidem
1349 408 1416 435 urbs
1431 406 1617 446 Hierosolyma
1631 414 1708 438 antea
1719 410 1764 438 Je-

975 455 1026 481 bus
1042 455 1192 482 vocabatur
1205 476 1212 488 ,
1229 454 1374 482 tribulibus
1392 453 1577 489 Benjamttica:
1599 456 1686 484 tribus
1702 464 1764 484 eam

974 501 1167 534 incolentibus,
1178 501 1335 536 priusquam
1347 508 1395 529 rex
1407 501 1503 534 David,
1516 501 1692 540 operaJoabi,
1703 511 1764 531 eam

974 547 1103 582 cepisset.
1120 547 1170 575 Cui
1187 555 1251 575 cum
1264 547 1404 575 exercitus
1420 547 1564 582 imperium
1580 548 1763 582 promisisset,

127 592 150 620 si
165 599 196 619 ea
214 591 281 619 urbe
295 592 446 626 potiretur,
465 591 533 619 urbe
559 596 655 627 capta,
681 592 708 620 id
722 592 795 628 quod
827 593 851 620 ei
875 594 1040 628 promiserat
1069 595 1189 623 tradidit.
1212 594 1272 630 Ipse
1296 594 1325 622 in
1344 595 1440 623 eodem
1470 595 1530 622 loco
1556 596 1651 623 urbem
1681 597 1768 624 aediﬁ-

129 646 205 670 caus,
224 638 359 665 universae
374 638 462 673 gentis
478 637 655 665 Hebraeorum
673 639 845 674 metropoiim
859 647 919 667 eam
940 647 1002 669 esse
1017 641 1111 669 voluit.

165 685 207 712 ιε’.
226 685 286 712 ’Ότι
302 685 359 716 τοῖς
374 685 544 720 πανταχόθεν
561 686 696 721 χρησμοῖς
710 685 765 713 τῶν
786 686 921 722 Ἑλλήνων

127 730 145 755 ὰ
156 729 320 765 Παραὸάτης
334 729 509 761 ἀναπεισθεὶς
526 730 564 762 ὡς
573 731 679 766 ἄμαχον
693 730 749 763 ἔξει
762 731 792 758 τὺ
809 732 921 767 κράτος,

128 776 199 803 κατὰ
216 775 330 811 Περσῶν
340 776 528 812 ὲκστρατεύῖι.
550 776 641 812 Γέρων
661 777 688 803 δέ
712 785 754 809 τις
773 777 828 804 τῶν
847 779 922 814 παρὰ

129 823 247 859 Πέρσαις
270 824 320 858 τῆς
342 822 488 858 στρατείας
504 823 660 859 ἀφειμένων
674 823 725 860 ἤδη
740 823 845 860 ἀπέστη
865 824 920 860 (80)

130 870 291 920 μετέρχεται
311 869 357 920 τον
374 868 540 920 Παραξάτην
558 871 586 896 ὲν
610 870 719 920 Περσίδι
740 870 923 906 στρατευόμε-
941 893 960 920 Β

129 921 174 939 νον
185 920 191 927 ·
201 913 248 939 καὶ
258 913 388 949 ἐρημίαις
399 914 428 939 ὲν
438 912 530 945 τόποις
539 914 585 939 καὶ
596 914 747 949 ἀμηχάνοις
762 915 925 949 συγκλείσας

128 956 268 994 ᾶπορῖαις,
277 959 307 985 ἐν
318 956 360 991 οἷς
371 957 403 985 τδ
418 959 542 986 πλεῖστον
555 960 600 986 τοῦ
611 959 676 987 λαοῦ
697 959 841 996 διεφθάρη,
855 961 926 988 stot-

130 1014 180 1041 μον
196 1005 308 1041 θήραμα
322 1005 387 1038 τοὺς
401 1005 548 1041 πολεμίους
565 1008 621 1037 τοῖς
641 1007 785 1041 ὁμοφύλοις
806 1008 926 1044 παρέχε-

129 1060 185 1078 ται.
200 1052 237 1078 Τὸ
249 1051 277 1078 δὲ
287 1052 423 1088 Περσικὸν
433 1051 578 1079 ἐπελαύνει
592 1052 648 1087 (Si)
663 1054 723 1079 κατ’
734 1053 823 1079 αὐτῶν
833 1074 840 1086 ,
864 1061 927 1080 συν-

130 1098 302 1133 επαγόμενον
313 1098 360 1125 καὶ
374 1099 437 1130 τοὺς
448 1098 631 1130 ὑποσπόνδους
644 1099 823 1135 κοντοφόρους
835 1100 924 1135 Σαρα-

130 1143 230 1179 κηνούς
240 1152 248 1158 ·
264 1141 302 1171 ὧν
316 1141 357 1176 εἷς
372 1144 418 1171 ἐπὶ
430 1144 477 1172 τὸν
496 1144 639 1172 Ἰουλιανὸν
653 1144 685 1171 τὺ
699 1145 763 1180 δόρυ
783 1145 907 1177 ἐκτείνας
918 1166 925 1178 ,

130 1190 246 1225 πλήττει
269 1190 318 1226 μὲν
341 1190 422 1218 αὑτὸν
442 1191 471 1217 ὲν
497 1189 570 1226 ίσχύῗ
594 1191 666 1218 κατὰ
690 1190 721 1218 τὸ
742 1191 925 1227 περιτόναιον.

130 1235 301 1271 ’φακῇ
319 1236 407 1272 αἰχμῇ
432 1235 595 1273 ἐξελκομένῃ
608 1257 615 1270 ,
637 1236 684 1264 καὶ
705 1237 808 1273 κόπρος
820 1246 862 1269 τις
878 1236 930 1265 ἑπ-

128 1280 299 1317 ηιεολοιθησε
316 1282 545 1318 συνεπισπωμένη
558 1282 598 1318 τῷ
613 1283 722 1318 αἵματι.
736 1281 804 1310 Εἶτα
814 1282 860 1311 τὸν
878 1285 928 1320 μὲν

131 1325 248 1361 βαλόντα
263 1327 422 1363 Σαρακηνδν
435 1324 476 1359 εἷς
487 1327 542 1354 τῶν
559 1328 717 1364 δυρυφόρων
731 1329 862 1361 ἐπελθὼν,
877 1329 928 1365 τῆς

130 1373 255 1411 κεφαλῆς
280 1366 440 1409 ἀποτέμνει.
458 1374 604 1409 Τρωθέντα
619 1375 648 1402 δὲ
668 1375 779 1411 καιρίαν
794 1375 840 1403 τὸν
860 1374 926 1403 Ἰου-

131 1410 267 1452 λιανὺν,οἱ
282 1419 378 1446 οίκεῐοι
392 1419 436 1446 διὰ
447 1419 547 1455 τάχους
556 1410 737 1452 ἀναλαϐόντες
749 1421 792 1447 ἐπ’
803 1421 927 1456 ἀσπίδος,

130 1466 172 1497 είς
186 1465 237 1500 τὴν
254 1465 357 1501 σκηνὴν
377 1464 543 1501 ἀνεχώρουν,
562 1466 617 1492 Καὶ
638 1467 694 1498 τοῖς
710 1465 818 1499 πολλοῖς
835 1467 879 1494 διὰ
898 1467 929 1495 τὸ

129 1511 232 1548 ἀθρόον
244 1511 290 1539 καὶ
304 1509 337 1538 δι’
346 1511 437 1546 ὀλίγου
452 1512 590 1548 ωμὸἧναι
608 1513 657 1548 τὴν
673 1512 792 1548 πληγὴν,
805 1513 853 1541 καὶ
866 1514 928 1549 μηδ’

126 1549 194 1587 "sv
209 1556 278 1587 ωιῖν
288 1557 410 1593 ἠνέχθη,
434 1558 510 1594 παρὰ
527 1558 583 1586 τῶν
609 1559 718 1585 οἰκείων
738 1559 869 1595 ἐνομίσθη
894 1559 926 1586 τὸ
941 1568 963 1598 c

129 1598 219 1634 πάθος
232 1601 383 1637 προελθεῖν.
405 1603 474 1630 Ἀλλ’
490 1604 504 1630 ὅ
519 1611 551 1638 γε
565 1602 681 1635 δείλαιος
704 1603 863 1636 Ἰουλιανὸς,
878 1604 926 1630 τοῦ

129 1648 293 1684 τραύματος
306 1650 366 1681 ταῖς
382 1649 477 1684 χερσὶν
495 1649 694 1684 ὑποδεχόμενος
715 1648 746 1675 τὸ
762 1646 842 1685 αἷμα,
859 1648 928 1684 πρὸς

129 1693 179 1720 τὸν
198 1693 275 1728 ἣλιον
289 1693 451 1729 ὰπέρῤαινε,
467 1694 618 1730 διαρρήδην
635 1693 704 1730 πρὸς
725 1694 805 1721 αὐτὸν
819 1694 907 1729 λέγων
918 1702 925 1709 ·

129 1739 309 1774 Κορέσθητι.
325 1739 377 1767 Ναὶ
392 1739 423 1775 δὴ
438 1740 561 1773 καὶτοὺς
579 1740 674 1773 ἄλλους
693 1741 770 1773 θεοὺς
784 1741 888 1773 κακούς
898 1750 927 1768 τε

130 1785 180 1812 καὶ
202 1785 336 1820 ὀλετῆρας
359 1785 461 1812 ἐκάλει.
489 1785 601 1821 Ἰατρῶν
625 1785 717 1821 μέντοι
744 1794 773 1820 γε
792 1786 928 1822 ἄριστοςὸ

77 1823 81 1826 ’
130 1830 218 1863 Λυδὸς
238 1830 408 1867 ’Ὁρισάσιος
426 1830 500 1865 αὐτῷ
523 1829 606 1866 συνῆν
619 1831 634 1857 ὁ
657 1831 690 1857 lx
707 1831 851 1867 Σάρδεων·
870 1831 928 1858 ἀλλ’

130 1877 148 1912 ή
173 1876 266 1912 πληγὴ
283 1877 374 1904 πᾶσαν
392 1876 573 1912 χλευάζουσω
587 1876 752 1912 θεραπείαν,
777 1877 819 1904 διὰ
843 1877 928 1913 τριῶν

130 1922 246 1958 ἡμερῶν
257 1922 304 1949 τὸν
326 1921 468 1950 Ἰουλιανὺν
491 1922 658 1949 ἀπαλλάττει
679 1917 728 1949 τοῦ
749 1922 817 1958 βίου,
834 1923 864 1950 ὲν
879 1923 928 1958 μὲν

127 1968 171 2003 ’τῷ
182 1966 229 1994 τοῦ
245 1967 384 2003 Καίσαρος
399 1968 519 2004 σχήματι
531 1968 612 1995 πέντε
625 1969 777 1999 ἐνιαυτοὺς,
795 1968 825 1994 ὲν
841 1968 871 1994 δὲ
888 1967 929 2004 τῷ

128 2015 279 2050 διαδήματι
297 2014 370 2049 μετὰ.
388 2013 432 2041 τὸν
458 2014 648 2041 Κωνσταντίου
673 2014 798 2046 θάνατον,
815 2013 862 2040 δύο
881 2013 928 2041 καὶ

128 2058 218 2094 ἥμισυ
234 2058 397 2085 διανύσαντα
418 2059 475 2095 ἐτη.
492 2059 546 2086 Καὶ
566 2055 642 2090 οὗτος
659 2059 709 2094 μὲν
731 2059 771 2091 εἰς
794 2059 840 2085 τὸν
852 2058 928 2094 ἥλιον

128 2104 310 2140 ἀπορραίνειν
321 2105 352 2131 τὸ
372 2102 453 2140 αἷμα,
472 2106 519 2131 καὶ
537 2106 601 2137 τοὺς
613 2104 696 2132 αὑτοῦ
717 2105 796 2136 θεοὺς
813 2104 928 2132 κακολο-

127 2152 191 2185 γεῖν
202 2160 208 2167 ·
222 2151 248 2177 οἱ
261 2151 290 2177 δὲ
304 2151 427 2178 πλεῖστοι
443 2152 498 2178 τῶν
519 2152 698 2187 ἱστορούντων
715 2152 755 2183 είς
768 2149 813 2178 τὸν
826 2150 929 2187 Κύριον

128 2197 210 2233 ήμῶν
236 2197 340 2233 Ἰησοῦν
354 2196 481 2234 Χριστὸν,
496 2198 541 2225 τὸν
565 2197 690 2234 ἀληθινὸν
703 2197 780 2230 Θεὸν,
798 2191 929 2234 ἑκάτερον

128 2243 285 2278 γράφουσιν
298 2242 492 2279 ὲναποῤῥίψαι.

1008 688 1051 716 15.
1074 686 1202 715 Julianus
1226 689 1291 723 imp.
1321 688 1458 715 Persidem
1486 688 1613 716 invadens
1641 679 1777 724 perit—1

972 729 1102 768 Apostata
1116 732 1243 761 Julianus
1259 732 1366 760 cunctis
1379 732 1501 766 undique
1511 733 1652 767 gentilium
1668 740 1768 760 oracu--

973 778 1007 806 iis
1031 779 1163 810 conﬁsus,
1188 778 1261 813 quod
1290 778 1418 805 invictam
1435 778 1490 804 vim
1518 782 1592 805 esset
1611 778 1766 811 habiturus,

974 823 1105 852 adversus
1118 823 1217 852 Persas
1236 824 1434 859 expeditionem
1448 823 1579 858 suscepit.
1599 822 1687 850 Senex
1701 830 1767 851 vero

975 869 1085 904 quidam
1106 869 1153 904 qui
1180 869 1342 904 jampridem
1370 869 1501 896 missione
1533 868 1652 896 donatus
1678 867 1768 896 fuerat

976 914 1047 949 apud
1069 913 1177 946 Persas,
1201 914 1262 942 dolo
1278 922 1310 942 ac
1326 914 1436 949 perﬁdia
1452 913 1633 942 circumuenit
1650 913 1768 949 Aposta-

979 965 1035 988 tam
1050 961 1077 988 in
1088 960 1200 989 Perside
1214 961 1314 989 bellum
1331 967 1468 996 gerentem
1481 961 1548 995 (82).
1564 961 1616 994 Qui
1633 969 1696 988 cum
1713 960 1769 988 Ro-

977 1013 1074 1034 manos
1088 1006 1115 1033 in
1129 1007 1230 1034 inviam
1244 1008 1391 1042 quamdam
1403 1006 1587 1040 solitudinem,
1602 1011 1629 1034 et
1642 1007 1668 1033 in
1681 1007 1769 1034 maxi-

977 1059 1037 1080 mas
1053 1051 1224 1080 difﬁcultates
1239 1053 1411 1088 conjecisset,
1421 1053 1448 1080 in
1462 1052 1561 1088 quibus
1570 1052 1687 1079 maxima
1704 1059 1768 1087 pars

976 1097 1115 1124 exercitus
1139 1097 1233 1132 periit,
1251 1097 1345 1125 hostes
1370 1097 1445 1124 velut
1471 1097 1590 1132 praedam
1615 1097 1768 1124 venaticam

977 1142 1155 1177 popularibus
1170 1143 1229 1171 suis
1250 1142 1370 1170 tradidit.
1388 1141 1480 1170 Persae
1497 1143 1571 1170 enim
1588 1142 1615 1170 in
1630 1142 1769 1170 Romanos

976 1187 1126 1222 irruerunt,
1138 1188 1252 1223 adjectis
1265 1188 1318 1217 sibi
1340 1188 1479 1216 foederatis
1498 1189 1637 1224 equitibus
1656 1189 1770 1217 Sarace-

976 1232 1020 1260 nis
1030 1233 1077 1267 qui
1093 1237 1189 1261 contos
1200 1233 1353 1269 gestabant.
1363 1233 1482 1266 Quorum
1498 1242 1571 1261 unus
1584 1241 1645 1261 cum
1661 1233 1769 1261 hastam

977 1279 1005 1306 in
1022 1278 1160 1307 Julianum
1177 1280 1342 1313 intoraisset,
1356 1287 1418 1307 eum
1436 1280 1463 1307 in
1485 1279 1592 1308 femore
1608 1281 1681 1308 circa
1697 1279 1770 1314 peri-

979 1329 1098 1352 tonaeum
1111 1326 1255 1360 percussit.
1264 1325 1298 1352 Et
1312 1333 1372 1353 cum
1386 1327 1479 1361 cuspis
1492 1327 1691 1360 extraheretur,
1701 1331 1772 1353 ster-

978 1377 1028 1397 cus
1048 1377 1156 1405 quoque
1171 1378 1225 1397 una
1250 1378 1313 1398 cum
1329 1372 1609 1407 sanguine_secutum
1629 1371 1767 1406 proﬂuxit.

978 1415 1017 1443 Ac
1029 1415 1182 1449 percussori
1203 1416 1313 1451 quidem
1341 1417 1496 1450 Saraceno,
1515 1423 1587 1445 unus
1603 1424 1637 1444 ex
1652 1417 1770 1452 impera-

979 1461 1047 1488 toris
1061 1461 1261 1496 protectoribus
1280 1462 1307 1489 in
1321 1469 1383 1489 eum
1399 1462 1517 1495 irruens,
1534 1467 1617 1498 caput
1640 1462 1768 1491 abscidit.

978 1504 1118 1534 lulianum
1140 1514 1205 1535 vero
1222 1507 1294 1535 letali
1321 1508 1434 1536 vulnere
1457 1515 1615 1544 percussum
1628 1530 1636 1542 ,
1652 1508 1770 1536 Romani

978 1551 1122 1580 confestim
1138 1558 1217 1581 scuto
1232 1554 1390 1589 impositum
1404 1554 1432 1582 in
1444 1555 1650 1583 tabernaculum
1671 1562 1771 1590 aspor-

979 1603 1081 1627 tarunt.
1107 1599 1238 1635 Multique
1257 1608 1272 1627 ιι
1291 1600 1420 1629 Romanis
1443 1601 1469 1628 id
1490 1601 1597 1635 [acinus
1619 1601 1771 1629 admissum

977 1652 1038 1674 esse
1053 1645 1256 1685 existimarunt,
1279 1654 1312 1674 eo
1336 1647 1407 1681 quod
1434 1652 1545 1685 repente
1575 1655 1607 1675 ac
1632 1651 1771 1675 momento

978 1682 1150 1725 temporiskid
1165 1691 1264 1719 vulnus
1282 1692 1414 1720 inﬂictum
1429 1682 1528 1725 fuerat,
1542 1701 1592 1721 nec
1606 1694 1677 1721 unde
1695 1693 1769 1721 iniii—

978 1740 1052 1764 ctum
1066 1741 1123 1764 erat
1139 1737 1285 1772 quisquam
1298 1738 1410 1766 sciebat.
1424 1740 1458 1766 At
1473 1747 1537 1766 vero
1551 1740 1635 1768 miser
1646 1740 1769 1767 Julianus

979 1791 1104 1811 cruorem
1120 1791 1152 1810 ex
1167 1783 1278 1811 vulnere
1294 1785 1420 1813 manibus
1432 1785 1490 1813 suis
1506 1785 1656 1820 excipiens.
1673 1786 1706 1812 ad
1724 1793 1771 1812 so-

979 1828 1031 1856 lem
1049 1828 1182 1863 projecit,
1199 1829 1270 1857 elata
1290 1838 1357 1858 voce
1381 1831 1475 1859 dicens
1495 1840 1502 1858 :
1528 1831 1646 1859 Saliare.
1675 1831 1726 1858 Sed
1745 1836 1772 1859 et

979 1874 1047 1902 alios
1063 1874 1129 1902 deos
1145 1874 1232 1903 malos
1258 1880 1340 1911 atque
1359 1876 1484 1905 exitiales
1498 1877 1651 1912 appellavit.
1668 1877 1729 1904 Erat
1744 1877 1787 1904 in_

981 1921 1042 1956 ejus
1071 1921 1204 1949 comitatu
1233 1923 1478 1957 praestantissimus
1494 1924 1661 1952 medicorum
1678 1924 1772 1951 Oriba-

979 1967 1048 1998 sius,
1059 1967 1194 1996 oriundus
1208 1975 1242 1994 ex
1259 1966 1391 1996 Sardibus
1407 1968 1509 2004 Lydiae.
1520 1969 1573 1997 Sed
1584 1969 1683 1997 vulnus
1694 1969 1769 1996 omni

979 2013 1123 2041 medicina:
1139 2018 1197 2041 arte
1212 2014 1349 2048 superius,
1362 2013 1472 2041 Juliano
1493 2014 1564 2041 intra
1592 2014 1712 2042 triduum
1728 2015 1771 2042 vi-

980 2063 1035 2086 tam
1052 2058 1164 2091 ademit,
1180 2067 1242 2086 cum
1255 2058 1372 2087 Caesaris
1387 2059 1498 2094 quidem
1516 2060 1675 2095 dignitatem
1691 2061 1780 2099 quin-I

978 2104 1110 2139 quennio,
1126 2103 1278 2139 Augustum
1302 2108 1393 2131 autem
1411 2104 1557 2140 imperium
1573 2112 1635 2141 post
1654 2111 1770 2134 mortem

979 2148 1134 2177 Constantii
1159 2148 1268 2175 duobus
1293 2148 1374 2175 annis
1395 2156 1428 2176 ac
1452 2148 1565 2177 dimidio
1581 2150 1720 2185 gessisset.
1737 2150 1772 2177 Et

979 2194 1180 2230 Philostorgius
1200 2194 1309 2229 quidem
1337 2194 1390 2222 hoc
1419 2195 1480 2223 loco
1503 2196 1615 2229 scribit,
1630 2195 1770 2223 lulianum

940 2239 966 2268 D
980 2243 1108 2268 haustum
1122 2239 1284 2275 sanguinem
1294 2239 1321 2266 in
1336 2240 1421 2267 solem
1435 2240 1593 2275 proiecisse,
1607 2244 1633 2268 et
1648 2241 1699 2268 diis
1712 2242 1771 2268 suis

128 2290 315 2317 conviciaturn
330 2297 401 2317 esse.
421 2289 546 2325 Plerique
570 2294 660 2318 tamen
682 2290 803 2318 historiae
825 2291 983 2325 scriptores,
1011 2293 1157 2323 utrumque
1172 2288 1270 2315 horum
1290 2295 1306 2315 a
1331 2286 1441 2315 Juliano
1454 2287 1555 2315 factum
1570 2296 1630 2316 esse
1659 2289 1771 2316 tradunt

129 2339 264 2366 adversus
279 2338 424 2365 Dominum
444 2342 568 2366 nostrum
582 2347 613 2366 ac
625 2338 709 2367 Deum
724 2346 818 2366 verum
833 2337 925 2365 Jesum
946 2337 1098 2364 Christum.

293 2397 339 2423 ΕΚ
357 2396 426 2423 ΤΗΣ
441 2396 574 2424 οΓΔΟΗΣ
597 2397 764 2422 ιΣΤΟΡΙΛΣ.

165 2443 203 2470 α’.
223 2444 285 2470 Ὅτι
295 2444 328 2479 τῇ
343 2442 473 2479 ἐπαύριον
487 2442 533 2469 τοῦ
547 2439 780 2478 διαφθαρῆναιτὺν
799 2439 926 2467 ’Λποστά-

1097 2391 1141 2419 EX
1176 2392 1279 2420 LIBRO
1309 2392 1447 2420 OCTAVO
1475 2388 1660 2419 illSTOBl/E.

1015 2441 1041 2467 1.
1056 2437 1186 2466 Iovianus
1209 2440 1273 2474 imp.
1294 2453 1329 2459 ——
1348 2439 1413 2467 Post
1442 2439 1546 2466 obitum
1562 2437 1674 2472 Juliani,
1690 2446 1769 2467 exer-

746 2526 869 2549 VALESII
889 2526 1137 2550 ANNOTATIONES.

168 2582 229 2617 (80)
252 2581 327 2616 Ἤδη
343 2582 471 2616 ἀπέστη.
493 2581 521 2608 In
546 2580 640 2617 codice
664 2579 852 2617 manuscjripto
874 2578 924 2606 Sa-

128 2614 234 2645 muelis
253 2614 377 2644 Boch‘arti
394 2617 428 2645 ad
445 2614 538 2643 vocem
567 2614 671 2651 ἀπέστη
700 2615 848 2651 asteriscus
869 2621 922 2651 _no-

127 2658 209 2680 tatus
224 2657 277 2683 est,
289 2658 317 2680 et
326 2653 359 2679 ad
374 2652 524 2686 marginem
537 2652 655 2685 ascripta
667 2649 803 2686 sunthaec
820 2649 900 2676 verba
913 2657 920 2675 :

125 2687 209 2715 locus
229 2696 280 2714 non
306 2696 397 2714 sanus.
416 2685 516 2714 Dcinde
537 2686 740 2713 ernendationes
760 2685 860 2718 aliquae
874 2691 923 2718 ap-

151 2728 274 2760 onuntur
287 2724 355 2749 adeo
377 2722 510 2752 infelices,
534 2726 563 2748 ut
585 2720 789 2760 casuconjector
805 2721 862 2754 ipse
875 2719 922 2760 de—

140 2758 241 2785 everit.
256 2758 312 2792 Ego
332 2766 397 2785 vero
416 2762 563 2791 antequam
587 2756 708 2783 codicem
732 2755 809 2792 illum
828 2759 925 2792 nactus

76 2794 79 2796 ’
121 2800 234 2826 essent,
250 2790 323 2820 hunc
337 2793 427 2820 locum
439 2793 475 2819 ita
491 2790 699 2818 emcndavcram
713 2800 719 2817 :
736 2790 827 2826 Γέρων
841 2790 926 2826 seu;

122 2828 186 2856 πῶν
210 2823 288 2864 παρὰ
310 2827 426 2862 Πέρσαις
451 2826 661 2864 τῆςηστρατείας
683 2823 838 2860 ἀφειμένων
856 2823 924 2859 ἤδη,

121 2861 426 2898 ἀπιστίᾳμετέρχεται
439 2863 483 2888 τὸν
497 2861 671 2898 Παραϐάτην.

164 2895 284 2934 t8l)"l'b
299 2895 341 2923 δὲ’
352 2895 501 2931 Περσικὸν
518 2895 692 2924 ἀπελαύνει.
710 2895 820 2922 Rectius
835 2895 861 2921 in
878 2901 924 2921 co-

277 2944 412 2974 ΡΑτιιοι..
435 2943 492 2974 GR.
507 2942 592 2973 LXV.

976 2578 1036 2606 dice
1055 2577 1191 2605 Samuelis
1206 2577 1331 2605 Bocharti
1352 2577 1481 2605 scribitur
1499 2577 1543 2605 hic
1559 2578 1635 2605 locus
1651 2578 1677 2605 in
1692 2579 1765 2607 hunc

976 2614 1087 2640 modum
1102 2623 1108 2640 :
1126 2612 1157 2640 τὸ
1168 2612 1197 2639 δὲ
1208 2612 1343 2648 Περσικδν
1359 2612 1500 2639 ἐπελαύνει
1524 2613 1585 2639 κατ’
1598 2612 1698 2645 αὐτῶν,
1711 2619 1765 2645 etc.

976 2649 1047 2681 quod
1063 2649 1173 2683 quidem
1183 2647 1269 2675 miror
1278 2648 1312 2675 ab
1322 2647 1460 2675 Holstenio
1473 2648 1694 2676 animadversum
1710 2657 1764 2677 non

975 2683 1165 2720 fuisse.Paulo
1179 2687 1241 2720 post
1257 2683 1302 2710 ubi
1321 2683 1440 2720 legitur,
1452 2684 1564 2718 πλήττει
1576 2684 1629 2720 μὲν
1643 2684 1724 2711 αὐτὸν
1735 2686 1766 2711 ὲν
1786 2710 1789 2714 ,

977 2718 1049 2753 ὶσχύ,
1071 2719 1141 2746 idem
1170 2719 1256 2746 codex
1281 2719 1514 2754 scriptunyhabct
1529 2720 1558 2746 ὲν
1573 2718 1655 2754 ἷσχύῑ.
1676 2721 1765 2754 Atque

979 2753 1015 2780 ita
1034 2754 1090 2780 fere
1102 2753 1187 2781 codex
1205 2753 1400 2781 Scoriarensis.
1417 2753 1472 2789 Ego
1483 2760 1573 2782 tamen
1588 2753 1761 2782 seribendunt

980 2793 1045 2822 puto
1066 2789 1154 2826 ἰσχίῳ,
1174 2790 1200 2826 id
1217 2794 1259 2826 est
1272 2810 1278 2820 ,
1293 2790 1330 2826 in
1353 2788 1458 2816 lumbis.
1483 2789 1521 2817 lta
1541 2791 1639 2826 glossm
1657 2794 1762 2817 veteres

978 2830 1117 2859 exponunt
1136 2824 1328 2859 textovdumbi.

1014 2857 1069 2895 (82)
1090 2857 1247 2887 Theodorit.
1263 2859 1280 2886 Ι.
1296 2867 1337 2893 ιιι,
1351 2868 1375 2887 e.
1392 2860 1435 2892 21,
1452 2859 1496 2888 25.

1590 2938 1625 2969 18
