3996 6340
552 342 662 403 555

1944 346 2431 407 PHILOSTORGII

3717 350 3826 409 556

548 466 695 522 citus
723 473 945 535 postero
975 464 1064 521 die
1091 464 1384 523 Jovianum
1420 467 1805 539 imperatorem
1852 474 2134 529 renuntia-

2243 493 2364 546 την,
2398 473 2680 546 ἀνίστησιν
2714 472 2743 526 ὁ
2788 472 3015 545 στρατὸς
3059 473 3335 528 ’Ῑωόιανδν
3379 471 3625 545 βασιλέα.
3682 475 3743 531 '0
3768 476 3833 531 δί

551 558 651 633 _vit.
680 558 746 610 At
777 556 865 610 ille
898 556 1103 627 (neque
1127 558 1273 613 enim
1299 559 1404 614 alia
1428 562 1570 616 ratio
1604 564 1956 633 expedienda:
1987 567 2137 621 salu-

548 649 620 704 tis
649 658 953 719 supererat,
987 665 1113 705 cum
1147 650 1437 713 universus
1465 654 1739 712 exercitus
1769 658 1835 712 ad
1869 658 2135 714 decimam

545 750 757 812 partem
811 742 1066 798 redactus
1100 745 1271 812 esset)
1302 744 1637 802 tricennales
1669 748 1918 805 inducias
1944 759 2139 822 pactus

546 841 630 889 est
661 849 787 889 cum
818 832 1023 900 Persis,
1051 832 1224 889 Nisibi
1265 834 1383 904 ipsa
1416 836 1498 891 eis
1518 838 1740 905 tradita,
1768 849 1824 896 et
1872 843 2135 907 castellis,

546 941 891 998 quzecunque
938 929 1333 998 propugnaculi
1377 930 1556 986 instar
1584 931 1850 990 adversus
1884 934 2081 992 Persas
2107 951 2137 992 a

546 1018 815 1074 Romanis
842 1019 1059 1089 objecta
1093 1029 1253 1074 crant
1279 1022 1346 1076 ad
1376 1023 1695 1079 Armeniam
1729 1042 1925 1098 usque.
1967 1028 2138 1086 Porro

544 1113 780 1189 padaver
798 1110 1026 1178 Iuliani,
1057 1110 1426 1169 Merobaudes
1460 1115 1631 1185 etqui
1659 1132 1786 1172 cum
1834 1119 1927 1173 illo
1961 1131 2134 1188 erant,

542 1221 674 1266 cum
725 1204 780 1259 in
830 1203 1084 1259 Ciliciam
1132 1203 1530 1273 deportassem,
1580 1223 1688 1263 non
1736 1210 2011 1275 consulto.
2043 1215 2137 1268 sed

548 1312 681 1353 casu
701 1297 939 1367 quodam
959 1311 988 1352 e
1006 1297 1225 1368 regione
1242 1298 1479 1369 sepulcri
1496 1299 1552 1354 in
1570 1316 1680 1371 quo
1710 1300 1988 1359 Maximini
2012 1321 2138 1362 ossa

550 1399 712 1445 erant
754 1390 998 1454 condita,
1031 1390 1443 1460 deposuerunt,
1481 1391 1567 1447 via
1612 1394 1831 1464 publica
1873 1396 2141 1453 duntaxat

550 1483 761 1540 loculos
788 1497 978 1538 eorum
1023 1497 1055 1537 a
1102 1498 1161 1538 se
1195 1482 1429 1539 invicem
1473 1496 1783 1555 separante.

620 1574 675 1628 2.
706 1574 945 1629 Euzoius
975 1582 1030 1628 et
1063 1574 1155 1644 qui
1189 1590 1313 1629 cum
1351 1575 1446 1631 illo
1492 1586 1652 1631 erant
1687 1578 1952 1650 episcopi,
1986 1579 2141 1637 libel-

550 1666 665 1720 tum
695 1667 914 1735 quidem
950 1680 1051 1736 pro
1079 1665 1237 1721 Aetio
1277 1666 1390 1736 (85)
1430 1667 1662 1739 ejusque
1704 1669 1955 1727 doctrina
2002 1688 2138 1728 con-

544 1758 926 1829 scripserunt:
969 1773 1193 1828 operam
1228 1767 1410 1814 tamen
1442 1776 1551 1816 non
1574 1762 1925 1819 dederuntut
1950 1779 2038 1820 res
2067 1766 2135 1822 ad

2242 567 2324 637 (οὐ
2351 566 2462 637 γὰρ
2490 561 2560 637 ἦν
2588 565 2765 629 ἄλλως
2790 564 3142 637 διασωθῆναι,
3165 566 3244 628 είς
3274 565 3499 621 δέκατον
3531 565 3700 638 μέρος
3727 570 3833 639 τῆς

2238 657 2368 729 ὅλης
2384 660 2647 729 στρατιᾶς
2662 656 3184 729 ἀπολεπτυνθείσης)
3220 659 3660 729 τριακοντούτεις
3683 659 3834 713 τίθε-

2239 767 2329 804 ται
2360 750 2497 821 πρὸς
2529 751 2622 804 τὸν
2653 750 2871 822 Πέρσην
2906 749 3160 813 σπονδὰς,
3195 751 3295 821 τῆς
3326 767 3387 803 τε
3422 751 3695 815 Νισίϐεως
3728 753 3829 805 αὑ-

2239 838 2341 909 τῆς
2363 840 2663 904 ὑπεκστὰς,
2696 840 2792 893 καὶ
2829 840 2939 894 τῶν
2967 839 3242 911 φρουρίων
3270 842 3375 895 ὅσα
3410 841 3703 912 Ῥωμαίοις
3733 843 3833 896 ἐπὶ

2242 929 2459 1000 Πέρσας
2497 930 2627 1000 ἀχρι
2677 929 2774 1000 τῆς
2816 929 3104 1001 Ἀρμενίας
3152 930 3315 983 οἱονεὶ
3370 932 3550 1000 τεῖχος
3591 932 3833 1004 προύθέ-

2241 1023 2425 1094 6λητο.
2457 1022 2562 1076 Τὸν
2585 1022 2644 1075 δὲ
2676 1021 2868 1094 νεκρὸν
2910 1022 3200 1075 Ἰουλιανοῦ
3225 1022 3584 1094 Μεροὸαύδης
3614 1022 3711 1093 (α)-
3732 1026 3834 1078 καὶ

2239 1115 2290 1167 οἱ
2318 1116 2414 1169 σὺν
2433 1113 2584 1185 αὐτῷ
2604 1115 2663 1168 ἐν
2682 1113 2911 1185 Κιλικίᾳ
2928 1112 3279 1183 κομίσαντες,
3298 1114 3363 1167 οὑ
3380 1113 3521 1167 κατὰ
3545 1116 3830 1185 πρόνοιαν,

2241 1207 2385 1261 κατά
2430 1206 2488 1260 δέ
2525 1224 2650 1260 τινα
2697 1205 3023 1277 περιφορὰν,
3072 1206 3303 1277 ἀντικρὺ
3333 1204 3427 1260 τοῦ
3470 1206 3644 1275 τάφου
3675 1206 3736 1269 ὃς
3761 1207 3833 1261 τὰ

2239 1297 2547 1369 Μαξιμίνου
2571 1300 2812 1367 συνεῖχεν
2837 1296 2991 1362 ὀστᾶ,
3011 1297 3321 1364 κατέθεντο,
3353 1296 3629 1368 λεωφόρου
3656 1298 3832 1370 μόνης

2240 1390 2337 1445 ἀπ’
2356 1390 2601 1461 ἀλλήλων
2617 1388 2717 1453 τάς
2740 1388 2915 1460 θήκας
2948 1388 3127 1443 αὐτῶν
3154 1388 3610 1461 διατειχιζούσης.

2310 1572 2379 1642 β.
2415 1572 2538 1625 Ὀτι
2565 1570 2827 1636 Εὺζὼἴος,
2857 1571 3015 1644 φησὶ,
3058 1574 3151 1628 καὶ
3175 1575 3224 1628 oi
3257 1573 3355 1628 σὺν
3387 1572 3557 1645 αὐτῷ,
3592 1571 3690 1628 τὸν
3723 1574 3828 1645 μὲν

2240 1665 2382 1734 ὑπὲρ
2423 1664 2629 1719 ’Δετίου
2661 1665 2756 1718 καὶ
2789 1664 2881 1721 τοῦ
2921 1665 3193 1737 δόγματος
3220 1666 3386 1739 τόμον
3419 1664 3672 1732 ἐξέθεσαν
3712 1685 3725 1697 ο
3761 1667 3829 1721 οὐ

2243 1758 2350 1829 μήν
2381 1773 2446 1823 γε
2489 1756 2772 1829 περαίνειν
2825 1754 3002 1811 ταῦτα
3055 1757 3416 1828 διανέστησαν
3460 1757 3595 1828 (δι).
3632 1758 3727 1811 Διὸ
3775 1761 3827 1813 οι

547 1855 756 1910 exitum
806 1852 1220 1923 perduceretur.
1253 1850 1493 1908 Proinde
1523 1852 1716 1909 Aetius
1740 1863 1796 1910 et
1832 1856 2134 1914 Eunomius

2242 1849 2371 1921 περὶ
2402 1849 2606 1904 Ἀέτιον
2627 1850 2723 1904 καὶ
2756 1849 3025 1920 Εὐνόμιον
3053 1850 3112 1903 ὲν
3134 1850 3679 1904 Κωσταντινουπόλει
3706 1850 3831 1905 δια-

537 1945 644 2015 .qni
677 1941 1158 2012 Constantinopoli
1183 1942 1561 2009 morabantur,
1586 1958 1685 1999 sua
1714 1947 1928 2016 negotia
1959 1963 2056 2017 per
2078 1963 2139 2004 se

549 2039 655 2110 ipsi
683 2036 1164 2092 administrarunt.
1208 2035 1272 2092 Et
1317 2051 1443 2092 cum
1476 2037 1584 2092 alia
1634 2053 1734 2108 pro
1767 2040 1996 2095 arbitrio
2036 2056 2139 2097 suo

546 2129 951 2186 constituerant
1004 2137 1169 2197 prout
1214 2128 1348 2198 ipsis
1373 2114 1884 2187 commodissimum
1915 2133 2138 2190 rideba-

547 2236 659 2289 tur,
694 2233 807 2279 tnm
841 2222 1129 2294 episcopos
1155 2222 1258 2278 sibi
1282 2223 1612 2278 ordinarunt
1639 2242 1653 2279 :
1678 2240 1747 2280 ex
1767 2241 2003 2296 quorum
2031 2243 2140 2283 nu-

544 2332 721 2382 mero,
750 2315 1030 2371 Candidus
1053 2314 1273 2386 quidem
1302 2326 1355 2370 et
1380 2316 1650 2372 Arrianus
1672 2316 1929 2374 Ecelesiis
1960 2318 2140 2392 Lydia:

545 2420 602 2465 et
648 2408 815 2464 lonite
843 2407 1121 2478 praepositi
1167 2416 1317 2463 sunt.
1352 2406 1656 2464 Palaestina:
1688 2424 1817 2464 vero
1850 2411 2139 2481 episcopus

545 2502 731 2558 factus
780 2511 867 2557 est
898 2498 1221 2556 Theodulus
1262 2514 1329 2555 ex
1383 2499 1643 2569 episcopo
1671 2501 2136 2571 Charetaporum.

545 2596 667 2650 Jam
703 2610 836 2651 vero
871 2591 1346 2662 Constantinopoli
1393 2592 1572 2662 (multi
1615 2592 1763 2648 enim
1819 2593 1874 2647 in
1903 2608 1967 2648 ea
2007 2596 2141 2649 urbe

548 2689 617 2745 ab
648 2687 900 2743 Eudoxio
948 2687 1187 2756 aliisque
1231 2683 1397 2739 sectis
1433 2683 1772 2747 deﬁcientes,
1804 2683 1943 2739 Aetii
1977 2694 2141 2753 atque

545 2780 804 2839 Eunomii
855 2782 1196 2835 adauxerant
1220 2775 1459 2847 partem)
1482 2776 1720 2846 primum
1744 2774 2001 2834 Ecclesiae
2026 2792 2139 2833 sua:

538 2875 862 2944 episcopum
909 2870 1241 2926 ordinarunt
1288 2869 1658 2931 Pmmenium.
1707 2867 1865 2935 Quod
1914 2869 2136 2939 quidem

548 2965 774 3030 factum,
810 2961 1120 3017 Eudoxium
1159 2959 1255 3030 qui
1304 2958 1531 3014 unitatis
1566 2975 1695 3013 cum
1741 2959 1849 3014 illis
1887 2959 2140 3015 ineunda:

546 3071 700 3127 spem
733 3055 997 3109 hactenus
1054 3051 1288 3114 foverat,
1315 3064 1544 3120 prorsus
1575 3048 1712 3118 ipsis
1761 3049 2137 3104 adversarium

547 3145 801 3202 reddidit.
837 3143 1120 3200 Pmmenio
1148 3150 1333 3197 autem
1370 3156 1480 3196 non
1523 3140 1696 3194 multo
1725 3148 1851 3209 post
1892 3149 2131 3205 mortuo,

545 3237 886 3291 Florentium
921 3234 978 3290 in
1007 3234 1128 3304 ejus
1157 3233 1337 3289 locum
1367 3232 1794 3288 substituerunt.
1813 3231 1973 3288 Lesbi
1994 3249 2132 3304 pra:-

537 3337 716 3397 tcrca,
754 3342 882 3383 eum
914 3325 1035 3396 ejus
1068 3325 1176 3382 loci
1210 3324 1502 3395 episcopus
1548 3332 1796 3381 mortuus
1824 3333 1999 3419 esset,
2025 3340 2127 3380 an-

2238 1940 2695 2013 τρίϐοντες,·καθ’
2740 1941 2966 2005 ἑαυτοὺς
3001 1942 3103 2013 ἤδη
3152 1939 3260 1995 τῶν
3300 1942 3644 2015 πραγμάτων
3687 1960 3829 2015 προ-

2235 2036 2476 2089 ΐσταντο.
2496 2035 2579 2089 Τά
2597 2052 2658 2089 τε
2682 2034 2821 2090 ἄλλα
2844 2035 2922 2099 ὡς
2946 2035 3134 2099 αὐτοῖς
3150 2035 3324 2090 ἐδόκει
3349 2035 3487 2109 πρὸς
3515 2036 3578 2091 τὸ
3601 2036 3829 2109 ἄριστον

2238 2126 2551 2199 τιθέμενοιο
2585 2127 2680 2182 καὶ
2720 2127 2786 2199 δὴ
2828 2128 2923 2182 καὶ
2962 2128 3301 2191 ἐπισκόπους
3342 2127 3681 2185 καθίστασαν
3707 2147 3721 2160 ·
3750 2122 3831 2186 ὧν

2240 2220 2502 2284 Κάνδιδος
2527 2220 2602 2291 (b)
2638 2220 2737 2290 μὲν
2756 2220 2850 2273 καί⁸
2884 2220 3168 2292 ’Δρῤιανὸς
3197 2222 3319 2284 ταῖς
3341 2218 3483 2274 κατὰ
3503 2220 3705 2276 Λυδίαν
3733 2223 3831 2276 καὶ

2252 2312 2454 2367 Ἰωνίαν
2503 2312 2849 2383 Ἐκκλησίαις
2899 2312 3217 2382 ἐφίστανται
3253 2312 3658 2385 ’Παλαιστίνης
3696 2315 3759 2369 δὲ
3800 2319 3831 2370 ό

2245 2405 2357 2461 ἀπὸ
2415 2406 2782 2479 Χαιρατόπων
2827 2404 3116 2470 Θεόδουλος
3174 2406 3576 2479 ὲπεσκόπησεν.
3625 2408 3716 2461 Ἐν
3767 2409 3828 2463 δὲ

2244 2495 2814 2553 Κωνσταντινουπόλει
2847 2497 2964 2568 (καὶ
3003 2496 3113 2569 γὰρ
3146 2497 3399 2564 Εὐδοξίου
3433 2499 3530 2552 καί
3549 2515 3715 2554 τινων
3734 2499 3831 2555 ἀλ-

2239 2589 2345 2643 λων
2385 2589 2650 2661 αἱρέσεων
2682 2589 2955 2661 ἀπορρυὲν
2984 2589 3087 2644 οὐκ
3113 2589 3297 2655 ὀλίγον
3326 2589 3535 2660 πλῆθος
3562 2590 3662 2662 τὴν
3690 2592 3825 2662 περὶ

2252 2680 2456 2735 ’Δέτιον
2494 2680 2589 2734 καὶ
2612 2680 2878 2751 Εὐνόμιον
2912 2682 3106 2752 μοῖραν
3134 2680 3433 2752 ἐπηύξησε)
3456 2683 3827 2753 χειροτονοῦσι

2241 2772 2458 2845 πρῶτον
2487 2772 2590 2844 τῆς
2621 2773 2741 2828 καθ’
2759 2773 2990 2836 ἑαυτοὺς
3026 2772 3378 2844 Ἐκκλησίας,
3397 2773 3685 2844 Ποιμένιον
3709 2775 3828 2829 ὅνο-

2243 2881 2341 2935 μα.
2370 2866 2436 2918 Ὃ
2469 2864 2564 2919 καὶ
2602 2864 2694 2918 τὸν
2741 2863 3014 2929 Εὖδόξιον,
3064 2864 3226 2936 μέχρι
3258 2865 3382 2918 τότε
3413 2864 3515 2929 τὰς
3552 2865 3691 2937 πρὸς
3722 2867 3824 2921 αὖ·

2237 2955 2365 3017 τοὺς
2397 2958 2498 3025 τῆς
2529 2954 2775 3018 ὲνώσεως
2796 2954 3023 3019 ἐλπίδας
3049 2955 3467 3025 ὑποστρέφοντα
3494 2955 3629 3026 (85),
3659 2958 3743 3022 τις
3761 2958 3829 3012 τὸ

2241 3043 2474 3115 βεϐαίως
2505 3044 2802 3100 ἀντίπαλον
2848 3047 3240 3119 μετεστήσατο.
3285 3048 3577 3118 Ποιμενίου
3609 3048 3668 3102 δὲ
3704 3051 3825 3120 μετ’

2237 3136 2300 3190 οὐ
2331 3138 2497 3193 πολὺν
2521 3136 2930 3204 ἀποδιώσαντος
2960 3140 3151 3211 χρόνον
3170 3180 3186 3205 ,
3212 3140 3639 3195 ἀντικαθιστῶσι
3676 3142 3831 3196 Φλω-

2240 3231 2467 3302 ρέντιον.
2491 3232 2585 3295 Εἰς
2621 3231 2679 3285 δὲ
2705 3232 2804 3303 τὴν
2841 3233 3071 3296 Λέσϐον,
3102 3232 3197 3286 τοῦ
3217 3233 3426 3305 ταύτης
3457 3234 3825 3305 ἀποιχομένου

2237 3324 2519 3396 ποιμένος,
2547 3325 2914 3398 χειροτονοῦσι
2953 3325 3065 3399 (86)
3092 3326 3317 3382 Θάλλον.
3356 3328 3436 3400 Τῇ
3472 3328 3531 3382 δὲ
3577 3327 3718 3400 πρὸς
3745 3328 3828 3397 τῷ

1775 3497 2018 3545 VALESII
2054 3498 2550 3547 ANNOTATIONES.

621 3607 737 3680 (83)
774 3606 851 3680 De
877 3603 1033 3680 Actio
1058 3618 1211 3675 supr.
1240 3603 1279 3658 l.
1308 3618 1408 3680 νη,
1435 3619 1484 3660 c.
1514 3604 1588 3680 5,_
1608 3603 1663 3658 6.

620 3673 731 3752 (84)
775 3679 856 3752 Οξ)
878 3675 1008 3752 μήις
1029 3692 1097 3745 τε
1130 3673 1448 3752 ξτεραίγειχ
1478 3673 2127 3752 τ-αῦτα-διαγέστησᾳν.

548 3743 792 3806 Pessime
823 3743 969 3803 hunc
990 3743 1170 3803 locum
1204 3743 1363 3801 rcrtit
1397 3743 1767 3801 Gothofredus
1801 3746 1903 3800 hoc
1929 3743 2128 3802 modo:

552 3821 675 3876 Νοη
701 3820 817 3874 ideo
863 3827 1040 3872 tamen
1089 3818 1311 3871 suadere
1341 3816 1471 3880 lucc,
1512 3833 1602 3870 seu
1647 3816 1717 3869 ad
1767 3816 1878 3870 [nec
1926 3816 2132 3871 hortari

548 3891 883 3946 sustinuisse.
917 3888 1085 3955 Quasi
1108 3890 1398 3957 παραινεῖν
1425 3888 1710 3955 legeretur.
1741 3888 1905 3957 Atqui
1935 3897 2048 3942 tum
2077 3888 2129 3941 in

548 3972 723 4026 textu,
750 3971 862 4016 tum
901 3960 953 4013 in
976 3956 1426 4014 annotationibus
1460 3958 1596 4021 suis,
1624 3956 1993 4014 Gothofredus
2021 3974 2130 4011 πα-

556 4034 764 4104 ραίνειν
807 4038 1125 4104 constanter
1158 4029 1360 4099 posuit.
1388 4026 1717 4104 Quare_non
1752 4029 1962 4104 dubito,
1994 4029 2128 4104 quin

548 4097 604 4158 in
641 4120 746 4158 ms.
785 4102 972 4156 codice
1019 4115 1127 4169 quo
1159 4097 1314 4154 usus
1351 4109 1453 4163 est,
1492 4098 1785 4171 scriptuau
1814 4099 1903 4171 sit,
1934 4097 2129 4171 περαί-

548 4191 694 4237 νειν,
725 4172 999 4241 ιιιιοηιοςιο
1030 4168 1230 4225 habent
1272 4171 1443 4241 nostri
1476 4170 1721 4241 codices,
1753 4168 2129 4241 Scoriacensis

551 4239 804 4299 videlicet
829 4252 883 4297 et
913 4242 1334 4296 Bechartiauus.
1369 4239 1466 4294 Est
1493 4249 1671 4294 autem
1712 4239 1799 4294 hic
1822 4241 1988 4309 hujus
2022 4240 2127 4294 loci

554 4328 773 4369 sensus.
797 4313 934 4381 Cum
988 4311 1228 4381 Euzoius
1265 4319 1319 4364 et
1362 4309 1702 4381 Antiochena
1744 4314 2009 4381 synodus,
2038 4325 2126 4381 re-

555 4393 757 4452 gnante
783 4379 1020 4452 Juliano
1051 4380 1295 4452 collecta
1324 4418 1338 4442 ,
1370 4379 1657 4452 epistolam
1709 4378 2024 4450 synodicam
2064 4378 2130 4433 de

554 4449 903 4506 restitutione
946 4449 1084 4502 Aetii
1116 4458 1169 4519 et
1211 4450 1551 4519 consortium
1601 4449 2078 4519 ejus’scripsisset
2113 4466 2128 4514 ;

2232 3614 2526 3669 verterent,
2548 3604 2911 3675 Theophilum
2936 3604 3127 3665 indum
3151 3603 3787 3675 miseruntAntioehiam
3809 3627 3826 3663 :

2232 3676 2507 3746 praecipue
2538 3674 2761 3747 quidem
2802 3691 2869 3730 eo
2918 3677 3153 3732 consilio
3183 3685 3246 3733 ut
3290 3674 3558 3747 Euzoium
3605 3692 3830 3747 urgeret

2233 3756 2395 3815 atque
2417 3746 2700 3817 excitaret,
2720 3761 2831 3817 quo
2856 3760 2968 3802 rem
2993 3748 3143 3802 illam
3169 3747 3235 3802 ad
3264 3746 3827 3817 exitumperduc’ere,

2231 3814 2535 3884 ct’synodi
2591 3832 2705 3871 suae
2738 3814 3091 3871 ’scntentiam
3154 3814 3515 3872 exsecutioni’
3558 3818 3829 3875 mandare

2231 3886 2395 3941 vellet
2412 3887 2543 3958 ;~sin
2570 3889 2777 3951 minus,
2810 3895 2871 3941 ut
2916 3889 3162 3958 Aetianis
3195 3888 3307 3942 illic
3339 3887 3667 3958 degentibus
3686 3903 3828 3958 pra:-

2230 3966 2398 4030 eSsel:
2417 3955 2509 4030 sic
2531 3958 2681 4030 enim
2705 3959 2898 4030 scribit
2922 3956 3526 4030 Philostorgiusiut‘ra:
3554 3955 3829 4030 ’ᾼφιὶινεί-

2230 4045 2318 4082 ται
2360 4026 2620 4097 Θεόφιλος
2653 4030 2681 4082 ὁ
2721 4027 2899 4092 Ἰνδὸς,
2932 4030 3019 4097 ἐφ’
3046 4022 3091 4097 ᾧ
3114 4022 3231 4081 τὸν’
3252 4027 3495 4090 Εὑζώῖον
3531 4022 3642 4097 μὲν
3680 4031 3828 4085 κατά

2230 4097 2754 4171 τὸᾼπροηγούμενον
2786 4100 3112 4171 ἀναστῆσαι,
3148 4101 3229 4171 είς
3280 4097 3433 4171 τέλος
3478 4098 3710 4171 ἀγαγεῖν
3756 4101 3829 4155 τὰ

2230 4169 2371 4241 ὑπὲρ
2387 4168 2606 4223 “⁹Δετίου
2650 4169 2990 4293 ὲγνωσὲιένα.
3042 4168 3327 4241 Περαίνειν
3359 4168 3524 4239 igitur
3551 4170 3697 4225 idem
3730 4186 3830 4225 va-

2231 4239 2308 4293 let
2338 4241 2481 4293 auod
2518 4243 2599 4293 sic
2639 4239 2792 4293 τέλος
2860 4241 3070 4293 γαγεῖν.

2231 4239 2308 4295 let
2338 4239 2481 4308 quod
2518 4243 2599 4303 ei;
2639 4239 2792 4303 τέλος
2821 4239 3070 4309 ἀγαγεῖν.

2302 4311 2416 4382 (85),
2456 4309 2575 4382 Τῆς
2597 4308 3143 4382 avocamenta“
3166 4309 3649 4382 ὑποστρέφοντα.
3677 4308 3825 4382 Lon-

2238 4394 2303 4449 ge
2335 4380 2538 4435 rectius
2569 4382 2620 4433 in
2668 4397 2770 4434 ms.
2806 4381 2997 4435 codice
3034 4382 3305 4435 Samuelis
3331 4381 3587 4434 Bocharti
3619 4381 3822 4435 scribi-

2240 4458 2329 4521 tur
2358 4449 2759 4519 ὑποτρέφοντα.
2795 4450 3076 4521 Eudoxius
3103 4451 3247 4505 enim
3286 4449 3392 4504 CP.
3428 4450 3824 4521 episcopus,ad

553 4522 625 4576 ob
660 4518 1093 4591 persecutionem
1125 4517 1561 4591 Christianorum
1593 4510 1715 4591 qius
1744 4510 2136 4574 tunc'maxime
2166 4510 2211 4566 D
2242 4518 2294 4573 id
2321 4510 2780 4591 usque'temporis
2820 4537 2972 4590 spem
3003 4520 3210 4575 fecerat
3247 4521 3403 4575 Aetio
3447 4510 3501 4575 ἐι
3529 4510 3823 4587 Eunomia,

551 4586 992 4661 ﬂagrabat,'cuin
1033 4589 1099 4642 ad
1133 4587 1439 4661 Eudoxium
1482 4589 2149 4661 etreliquos’episcopos.

551 4605 838 4661 ﬂagrabat,
868 4605 992 4643 cum
1033 4605 1099 4642 au
1133 4605 1439 4641 nunuoxrum
1482 4605 1535 4641 et
1572 4605 1815 4656 reuquos
1842 4605 2025 4659 eplSCO
2067 4605 2125 4645 os

550 4667 769 4719 mittere
797 4660 1126 4731 supersedit,
1160 4668 1218 4711 ut
1264 4656 1895 4731 s_cr_ibit_Philostorgius
1929 4661 1981 4714 in
2030 4605 2125 4713 ΕΙ).

548 4751 648 4791 vn.
676 4733 805 4788 Post
838 4726 1066 4786 mortem
1103 4744 1231 4784 vero
1276 4726 1477 4781 Juliani
1501 4768 1515 4789 ,
1557 4726 1766 4781 reddita
1786 4726 1912 4798 ‘jam
1953 4731 2132 4785 Eccle—

550 4808 649 4861 siis
684 4820 850 4875 pace,
886 4803 1187 4875 epistolam
1218 4799 1438 4875 quidem
1493 4798 1640 4875 illam
1696 4801 2011 4875 synodicam
2062 4800 2129 4854 ad

549 4869 854 4932 Eudoxium
906 4869 960 4927 et
1010 4872 1077 4927 ad
1124 4869 1262 4925 alios
1304 4869 1600 4939 episcOpos'
1643 4870 1966 4936 transmisit,
1996 4884 2130 4938 ope-

552 4964 672 5002 ram
726 4956 908 5001 tamen
947 4959 1055 4997 non
1105 4943 1253 4998 dedit
1287 4949 1346 4993 ut
1382 4942 1469 4993 res
1504 4939 1569 4993 ad
1620 4939 1824 4993 exitum
1877 4941 2136 5010 perduce-

528 5028 719 5072 ‘retur.
754 5018 934 5081 Quare
970 5015 1156 5067 Aetius
1181 5011 1567 5077 ctEunomius
1599 5010 1691 5078 qui
1720 5019 1829 5063 tum
1864 5013 2136 5065 Constan-

548 5089 775 5159 tiuo‘iol'i
802 5086 1321 5150 morabantur,cuut
1353 5082 1637 5151 segnitiem
1660 5081 1849 5159 biuzoii
1881 5082 2137 5136 animad-

2238 4589 2514 4644 societatis
2573 4599 2737 4660 atque
2788 4589 3013 4647 unitatis
3059 4606 3184 4646 cum
3243 4591 3350 4646 illis
3408 4591 3679 4647 ineunda}.
3717 4591 3823 4647 Sed

2237 4670 2527 4731 p05tquam
2585 4661 2720 4715 vidit
2771 4661 3072 4727 Eudoxius,
3118 4662 3332 4717 Aetium
3362 4676 3452 4731 Αοο
3503 4663 3827 4716 temeritatis

2237 4729 2505 4799 erupisse,
2535 4740 2596 4785 ut
2639 4734 2956 4801 epiSCOpum
2991 4741 3151 4786 secta:
3194 4747 3308 4787 suae
3345 4729 3822 4802 Constantinopoli

2238 4803 2539 4865 ordinaret,
2571 4817 2691 4856 sese
2716 4804 2783 4856 ab
2806 4803 2943 4857 Aelii
2966 4803 3211 4871 partibus
3234 4802 3447 4871 penitus
3476 4803 3717 4871 abrupit.

2311 4872 2425 4944 (86)
2472 4872 2911 4944 Χειροτονοῦσι.
2968 4870 3102 4944 Post
3166 4870 3391 4944 Verbum
3451 4870 3825 4944 χειροτονοῦσι

2243 4943 2541 5013 asteriscus
2568 4942 2873 5013 oppesitus,
2892 4943 3170 5013 quidpiam
3198 4942 3286 4998 hic
3312 4944 3503 4997 deesse
3528 4942 3823 5011 signiﬁcat.

2245 5012 2807 5069 Desideratur’autem
2864 5012 3061 5083 numen
3114 5013 3353 5083 episcopi
3393 5027 3555 5081 quem
3604 5013 3821 5068 Acuiaui

2244 5099 2338 5138 seu
2389 5084 2642 5140 Anommi
2683 5088 2735 5140 in
2780 5084 2957 5140 insula
3004 5082 3183 5139 Lesbo
3221 5085 3648 5138 constituerunt.
3692 5084 3825 5154 Ejus

2029 5215 2359 5261 VARIOBUM
2368 5248 2379 5260 .
2967 5255 2977 5266 .

622 5334 698 5401 (α)
719 5332 830 5386 Τὸν
849 5332 918 5384 δὲ
940 5330 1159 5399 νεκρὸν
1177 5328 2137 5401 ἸουλιαζνοῦΜεροΰαύδηςΛιΛῐη.

551 5399 901 5459 Marcellinus
940 5403 991 5454 id
1022 5403 1057 5455 'a
1093 5401 1359 5470 Procopio
1391 5399 1592 5454 factum
1627 5403 1837 5463 scribit,
1874 5404 1968 5455 lih.
2007 5418 2133 5466 xxv,

549 5476 723 5544 cap.9
762 5492 775 5527 :
807 5471 941 5525 Cum
970 5473 1180 5544 Iuliani
1234 5469 1493 5539 supremis
1534 5469 1825 5544 Procopius
1878 5474 2131 5544 mittitur,

550 5542 632 5607 ea,
666 5554 722 5598 ut
759 5550 1017 5610 superstes
1052 5542 1142 5596 ille
1182 5543 1556 5605 mandaverat,
1588 5542 1902 5596 humaturus
1929 5545 1980 5595 in
2010 5543 2135 5595 sub-

551 5617 754 5669 urbauo
782 5613 1029 5668 Tarsensi
1062 5614 1113 5666 in
1149 5612 1359 5668 Cilicia.
1396 5611 1511 5666 l-loc
1538 5613 1715 5666 caueri
1739 5628 1930 5667 omnes
1962 5613 2134 5669 histo-

553 5687 958 5741 ricitestantur.
981 5682 1136 5738 Tarsi
1174 5685 1337 5737 etiam
1370 5682 1696 5736 Maximinus
1734 5684 2030 5753 imperator
2073 5694 2131 5738 et

551 5772 730 5813 saevus
750 5755 1186 5810 Christianorum
1218 5761 1536 5821 persecutor
1555 5756 1862 5809 exstinctus
1894 5764 1995 5809 est.
2018 5754 2127 5809 Eu-

558 5837 694 5899 trop.
726 5826 761 5882 l.
795 5843 847 5893 ι,
876 5823 1000 5899 Zos,
1025 5825 1059 5880 I.
1095 5839 1151 5891 ιι,
1183 5838 1235 5893 p.
1301 5821 1762 5884 677.ctLactaut.
1780 5829 1853 5879 De
1871 5826 2125 5879 mortibus

2241 5344 2499 5402 persecat.
2520 5350 2621 5404 cap
2658 5335 2748 5394 49,
2768 5348 2930 5457 (“om
2961 5305 3392 5403 vid.ap.Etiseb.
3422 5344 3475 5399 p.
3494 5326 3822 5390 458,not.9.

2321 5404 2396 5457 tbi
2435 5404 2748 5457 Κάνδιδοο.
2834 5423 2863 5457 e
2897 5403 3145 5457 Candido
3175 5414 3229 5457 ct
3272 5402 3502 5455 Arriano
3539 5413 3669 5452 mox
3702 5417 3819 5457 can.

2321 5404 2396 5472 (b)
2435 5402 2748 5471 Κάνδιδος.
2788 5402 2863 5459 De
2897 5402 3145 5458 Caudido
3175 5414 3229 5457 ct
3272 5402 3502 5472 Arriano
3539 5413 3669 5472 mox
3702 5417 3819 5471 cap.

2240 5474 2293 5538 4,
2331 5469 2386 5535 ti,
2417 5476 2467 5536 7,
2498 5486 2554 5529 et
2580 5476 2671 5530 lib.
2705 5469 2758 5529 ix
2780 5518 2794 5542 ,
2831 5489 2951 5542 cap.
2978 5476 3031 5531 i.
3065 5473 3165 5530 Hic
3194 5486 3278 5529 est
3316 5473 3405 5527 ille
3432 5469 3715 5542 Candidus
3732 5469 3821 5540 qui

2241 5546 2461 5614 scripsit
2491 5547 2557 5599 ad
2590 5539 2819 5599 Marium
2880 5539 3220 5600 Victorinum
3266 5544 3465 5597 librum
3502 5539 3576 5593 De
3604 5539 3823 5614 genera-

2240 5612 2382 5668 tione
2433 5617 2635 5672 divina.
2685 5614 2760 5671 De
2790 5615 3072 5672 Theodulo
3104 5629 3299 5684 supra,
3336 5615 3427 5667 lih.
3472 5624 3570 5673 ru,
3600 5628 3651 5666 e.
3695 5612 3748 5675 6,
3772 5621 3821 5665 ιιι

2415 5686 2738 5758 lib.tx,cap.
2760 5688 2849 5741 lti.
2877 5684 2952 5743 De
2974 5687 3203 5758 reliquis
3243 5686 3371 5741 item
3400 5685 3493 5765 lib‘
3530 5684 3815 5753 H.631”.

2235 5765 2288 5810 Cl
2322 5765 2407 5811 18.
