  <div class='ocr_page' id='page_1' title='image "/cluster/home/n/w/nwhite01/storage/ocr_20150623/65/hvd.32044052838166/287.png"; bbox 0 0 2013 3171; ppageno 0'>
   <div class='ocr_carea' id='block_1_1' title="bbox 224 159 275 188">
    <p class='ocr_par' dir='ltr' id='par_1_1' title="bbox 224 159 275 188">
     <span class='ocr_line' id='line_1_1' title="bbox 224 159 275 188; baseline 0 -1"><span class='ocrx_word' id='word_1_1' title='bbox 224 159 275 188; x_wconf 74' lang='lat'><strong>559</strong></span> 
     </span>
    </p>
   </div>
   <div class='ocr_carea' id='block_1_2' title="bbox 224 217 1022 255">
    <p class='ocr_par' dir='ltr' id='par_1_2' title="bbox 224 217 1022 255">
     <span class='ocr_line' id='line_1_2' title="bbox 224 217 1022 255; baseline 0 -7"><span class='ocrx_word' id='word_1_2' title='bbox 224 218 346 255; x_wconf 56' lang='lat' dir='ltr'><strong>epistola</strong></span> <span class='ocrx_word' id='word_1_3' title='bbox 371 217 510 253; x_wconf 71' lang='lat' dir='ltr'><strong>synodicre</strong></span> <span class='ocrx_word' id='word_1_4' title='bbox 536 221 632 245; x_wconf 88' lang='lat' dir='ltr'><strong>contra</strong></span> <span class='ocrx_word' id='word_1_5' title='bbox 650 217 760 245; x_wconf 83' lang='lat' dir='ltr'><strong>Aetium</strong></span> <span class='ocrx_word' id='word_1_6' title='bbox 780 218 953 247; x_wconf 73' lang='lat' dir='ltr'><strong>subscribere</strong></span> <span class='ocrx_word' id='word_1_7' title='bbox 979 227 1022 248; x_wconf 83' lang='lat' dir='ltr'><strong>re-</strong></span> 
     </span>
    </p>
   </div>
   <div class='ocr_carea' id='block_1_3' title="bbox 225 263 1020 297">
    <p class='ocr_par' dir='ltr' id='par_1_3' title="bbox 225 263 1020 297">
     <span class='ocr_line' id='line_1_3' title="bbox 225 263 1020 297; baseline 0.001 -4"><span class='ocrx_word' id='word_1_8' title='bbox 225 269 363 297; x_wconf 68' lang='lat' dir='ltr'><strong>cusasset;</strong></span> <span class='ocrx_word' id='word_1_9' title='bbox 374 263 421 291; x_wconf 88' lang='lat' dir='ltr'><strong>sed</strong></span> <span class='ocrx_word' id='word_1_10' title='bbox 434 267 500 290; x_wconf 89' lang='lat' dir='ltr'><strong>tunc</strong></span> <span class='ocrx_word' id='word_1_11' title='bbox 519 263 725 291; x_wconf 83' lang='lat' dir='ltr'><strong>communicato</strong></span> <span class='ocrx_word' id='word_1_12' title='bbox 734 264 850 292; x_wconf 89' lang='lat' dir='ltr'><strong>consilio</strong></span> <span class='ocrx_word' id='word_1_13' title='bbox 860 272 923 292; x_wconf 90' lang='lat' dir='ltr'><strong>cum</strong></span> <span class='ocrx_word' id='word_1_14' title='bbox 937 265 1020 294; x_wconf 73' lang='lat' dir='ltr'><strong>Phoe-</strong></span> 
     </span>
    </p>
   </div>
   <div class='ocr_carea' id='block_1_4' title="bbox 225 309 1018 345">
    <p class='ocr_par' dir='ltr' id='par_1_4' title="bbox 225 309 1018 345">
     <span class='ocr_line' id='line_1_4' title="bbox 225 309 1018 345; baseline 0.001 -8"><span class='ocrx_word' id='word_1_15' title='bbox 225 311 270 343; x_wconf 78' lang='lat' dir='ltr'><strong>lm,</strong></span> <span class='ocrx_word' id='word_1_16' title='bbox 290 310 335 344; x_wconf 89' lang='lat' dir='ltr'><strong>qui</strong></span> <span class='ocrx_word' id='word_1_17' title='bbox 360 313 387 336; x_wconf 91' lang='lat' dir='ltr'><strong>et</strong></span> <span class='ocrx_word' id='word_1_18' title='bbox 407 309 466 343; x_wconf 86' lang='lat' dir='ltr'><strong>ipse</strong></span> <span class='ocrx_word' id='word_1_19' title='bbox 484 316 556 335; x_wconf 90' lang='lat' dir='ltr'><strong>unus</strong></span> <span class='ocrx_word' id='word_1_20' title='bbox 578 313 637 335; x_wconf 85' lang='lat' dir='ltr'><strong>erat</strong></span> <span class='ocrx_word' id='word_1_21' title='bbox 657 316 690 336; x_wconf 88' lang='lat' dir='ltr'><strong>ex</strong></span> <span class='ocrx_word' id='word_1_22' title='bbox 714 317 829 336; x_wconf 91' lang='lat' dir='ltr'><strong>numero</strong></span> <span class='ocrx_word' id='word_1_23' title='bbox 852 317 947 338; x_wconf 88' lang='lat' dir='ltr'><strong>eorum</strong></span> <span class='ocrx_word' id='word_1_24' title='bbox 971 312 1018 345; x_wconf 86' lang='lat' dir='ltr'><strong>qui</strong></span> 
     </span>
    </p>
   </div>
   <div class='ocr_carea' id='block_1_5' title="bbox 224 353 1018 386">
    <p class='ocr_par' dir='ltr' id='par_1_5' title="bbox 224 353 1018 386">
     <span class='ocr_line' id='line_1_5' title="bbox 224 353 1018 386; baseline 0 -4"><span class='ocrx_word' id='word_1_25' title='bbox 224 356 333 382; x_wconf 79' lang='lat' dir='ltr'><strong>Aetium</strong></span> <span class='ocrx_word' id='word_1_26' title='bbox 349 353 532 381; x_wconf 86' lang='lat' dir='ltr'><strong>condemnare</strong></span> <span class='ocrx_word' id='word_1_27' title='bbox 544 353 708 386; x_wconf 75' lang='lat' dir='ltr'><strong>noluerant;</strong></span> <span class='ocrx_word' id='word_1_28' title='bbox 723 354 843 382; x_wconf 89' lang='lat' dir='ltr'><strong>amicum</strong></span> <span class='ocrx_word' id='word_1_29' title='bbox 864 362 929 382; x_wconf 90' lang='lat' dir='ltr'><strong>vero</strong></span> <span class='ocrx_word' id='word_1_30' title='bbox 943 356 1018 383; x_wconf 87' lang='lat' dir='ltr'><strong>illum</strong></span> 
     </span>
    </p>
   </div>
   <div class='ocr_carea' id='block_1_6' title="bbox 226 398 1019 433">
    <p class='ocr_par' dir='ltr' id='par_1_6' title="bbox 226 398 1019 433">
     <span class='ocr_line' id='line_1_6' title="bbox 226 398 1019 433; baseline 0.001 -6"><span class='ocrx_word' id='word_1_31' title='bbox 226 399 370 428; x_wconf 73' lang='lat' dir='ltr'><strong>Theodosii</strong></span> <span class='ocrx_word' id='word_1_32' title='bbox 386 398 524 431; x_wconf 76' lang='lat' dir='ltr'><strong>etTecerat,</strong></span> <span class='ocrx_word' id='word_1_33' title='bbox 545 404 602 425; x_wconf 89' lang='lat' dir='ltr'><strong>tum</strong></span> <span class='ocrx_word' id='word_1_34' title='bbox 617 402 695 426; x_wconf 85' lang='lat' dir='ltr'><strong>vetus</strong></span> <span class='ocrx_word' id='word_1_35' title='bbox 710 400 889 433; x_wconf 86' lang='lat' dir='ltr'><strong>consuetudo,</strong></span> <span class='ocrx_word' id='word_1_36' title='bbox 907 404 962 427; x_wconf 92' lang='lat' dir='ltr'><strong>tum</strong></span> <span class='ocrx_word' id='word_1_37' title='bbox 981 401 1019 429; x_wconf 90' lang='lat' dir='ltr'><strong>si-</strong></span> 
     </span>
    </p>
   </div>
   <div class='ocr_carea' id='block_1_7' title="bbox 225 445 1018 481">
    <p class='ocr_par' dir='ltr' id='par_1_7' title="bbox 225 445 1018 481">
     <span class='ocr_line' id='line_1_7' title="bbox 225 445 1018 481; baseline 0.001 -7"><span class='ocrx_word' id='word_1_38' title='bbox 225 447 350 474; x_wconf 87' lang='lat' dir='ltr'><strong>militudo</strong></span> <span class='ocrx_word' id='word_1_39' title='bbox 364 446 427 473; x_wconf 57' lang='lat' dir='ltr'><strong>vita:</strong></span> <span class='ocrx_word' id='word_1_40' title='bbox 443 445 601 480; x_wconf 67' lang='lat' dir='ltr'><strong>ﬂagitiosae:</strong></span> <span class='ocrx_word' id='word_1_41' title='bbox 618 445 699 472; x_wconf 83' lang='lat' dir='ltr'><strong>ambo</strong></span> <span class='ocrx_word' id='word_1_42' title='bbox 722 446 806 481; x_wconf 77' lang='lat' dir='ltr'><strong>igitur</strong></span> <span class='ocrx_word' id='word_1_43' title='bbox 821 447 950 481; x_wconf 85' lang='lat' dir='ltr'><strong>adjuncto</strong></span> <span class='ocrx_word' id='word_1_44' title='bbox 966 448 1018 475; x_wconf 85' lang='lat' dir='ltr'><strong>sibi</strong></span> 
     </span>
    </p>
   </div>
   <div class='ocr_carea' id='block_1_8' title="bbox 225 492 1017 527">
    <p class='ocr_par' dir='ltr' id='par_1_8' title="bbox 225 492 1017 527">
     <span class='ocr_line' id='line_1_8' title="bbox 225 492 1017 527; baseline 0 -7"><span class='ocrx_word' id='word_1_45' title='bbox 225 493 391 525; x_wconf 72' lang='lat' dir='ltr'><strong>Auxidinno,</strong></span> <span class='ocrx_word' id='word_1_46' title='bbox 400 492 446 527; x_wconf 86' lang='lat' dir='ltr'><strong>qui</strong></span> <span class='ocrx_word' id='word_1_47' title='bbox 456 497 482 518; x_wconf 88' lang='lat' dir='ltr'><strong>et</strong></span> <span class='ocrx_word' id='word_1_48' title='bbox 493 492 550 526; x_wconf 89' lang='lat' dir='ltr'><strong>ipse</strong></span> <span class='ocrx_word' id='word_1_49' title='bbox 563 492 708 526; x_wconf 89' lang='lat' dir='ltr'><strong>episcopus</strong></span> <span class='ocrx_word' id='word_1_50' title='bbox 720 497 777 519; x_wconf 79' lang='lat' dir='ltr'><strong>erat</strong></span> <span class='ocrx_word' id='word_1_51' title='bbox 793 493 903 527; x_wconf 90' lang='lat' dir='ltr'><strong>perinde</strong></span> <span class='ocrx_word' id='word_1_52' title='bbox 914 501 946 521; x_wconf 91' lang='lat' dir='ltr'><strong>ac</strong></span> <span class='ocrx_word' id='word_1_53' title='bbox 962 493 1017 526; x_wconf 90' lang='lat' dir='ltr'><strong>illi;</strong></span> 
     </span>
    </p>
   </div>
   <div class='ocr_carea' id='block_1_9' title="bbox 227 538 1016 571">
    <p class='ocr_par' dir='ltr' id='par_1_9' title="bbox 227 538 1016 571">
     <span class='ocr_line' id='line_1_9' title="bbox 227 538 1016 571; baseline 0 -4"><span class='ocrx_word' id='word_1_54' title='bbox 227 541 361 567; x_wconf 84' lang='lat' dir='ltr'><strong>adversus</strong></span> <span class='ocrx_word' id='word_1_55' title='bbox 393 538 555 571; x_wconf 73' lang='lat' dir='ltr'><strong>Aetium,ct</strong></span> <span class='ocrx_word' id='word_1_56' title='bbox 580 538 730 566; x_wconf 89' lang='lat' dir='ltr'><strong>Candidum</strong></span> <span class='ocrx_word' id='word_1_57' title='bbox 757 539 871 567; x_wconf 85' lang='lat' dir='ltr'><strong>insidias</strong></span> <span class='ocrx_word' id='word_1_58' title='bbox 894 544 1016 567; x_wconf 87' lang='lat' dir='ltr'><strong>struunt.</strong></span> 
     </span>
    </p>
   </div>
   <div class='ocr_carea' id='block_1_10' title="bbox 225 584 1019 621">
    <p class='ocr_par' dir='ltr' id='par_1_10' title="bbox 225 584 1019 621">
     <span class='ocr_line' id='line_1_10' title="bbox 225 584 1019 621; baseline 0 -8"><span class='ocrx_word' id='word_1_59' title='bbox 225 586 348 620; x_wconf 79' lang='lat' dir='ltr'><strong>Aliisque</strong></span> <span class='ocrx_word' id='word_1_60' title='bbox 358 589 491 620; x_wconf 74' lang='lat' dir='ltr'><strong>prreterca</strong></span> <span class='ocrx_word' id='word_1_61' title='bbox 505 592 552 611; x_wconf 84' lang='lat' dir='ltr'><strong>sex</strong></span> <span class='ocrx_word' id='word_1_62' title='bbox 566 584 700 619; x_wconf 75' lang='lat' dir='ltr'><strong>episcopis</strong></span> <span class='ocrx_word' id='word_1_63' title='bbox 713 585 739 611; x_wconf 91' lang='lat' dir='ltr'><strong>in</strong></span> <span class='ocrx_word' id='word_1_64' title='bbox 759 593 844 612; x_wconf 91' lang='lat' dir='ltr'><strong>unum</strong></span> <span class='ocrx_word' id='word_1_65' title='bbox 868 593 1019 621; x_wconf 79' lang='lat' dir='ltr'><strong>congrega-</strong></span> 
     </span>
    </p>
   </div>
   <div class='ocr_carea' id='block_1_11' title="bbox 225 630 1019 666">
    <p class='ocr_par' dir='ltr' id='par_1_11' title="bbox 225 630 1019 666">
     <span class='ocr_line' id='line_1_11' title="bbox 225 630 1019 666; baseline 0 -8"><span class='ocrx_word' id='word_1_66' title='bbox 225 632 273 663; x_wconf 85' lang='lat' dir='ltr'><strong>tis,</strong></span> <span class='ocrx_word' id='word_1_67' title='bbox 291 630 360 658; x_wconf 84' lang='lat' dir='ltr'><strong>facta</strong></span> <span class='ocrx_word' id='word_1_68' title='bbox 377 630 493 666; x_wconf 83' lang='lat' dir='ltr'><strong>synodo,</strong></span> <span class='ocrx_word' id='word_1_69' title='bbox 510 630 613 657; x_wconf 75' lang='lat' dir='ltr'><strong>litteras</strong></span> <span class='ocrx_word' id='word_1_70' title='bbox 628 631 768 658; x_wconf 87' lang='lat' dir='ltr'><strong>communi</strong></span> <span class='ocrx_word' id='word_1_71' title='bbox 784 631 900 658; x_wconf 92' lang='lat' dir='ltr'><strong>consilio</strong></span> <span class='ocrx_word' id='word_1_72' title='bbox 914 632 948 658; x_wconf 90' lang='lat' dir='ltr'><strong>ad</strong></span> <span class='ocrx_word' id='word_1_73' title='bbox 966 632 1019 659; x_wconf 68' lang='lat' dir='ltr'><strong>liu-</strong></span> 
     </span>
    </p>
   </div>
   <div class='ocr_carea' id='block_1_12' title="bbox 225 676 1017 711">
    <p class='ocr_par' dir='ltr' id='par_1_12' title="bbox 225 676 1017 711">
     <span class='ocr_line' id='line_1_12' title="bbox 225 676 1017 711; baseline 0 -7"><span class='ocrx_word' id='word_1_74' title='bbox 225 678 372 705; x_wconf 75' lang='lat' dir='ltr'><strong>doxiumet</strong></span> <span class='ocrx_word' id='word_1_75' title='bbox 382 676 477 703; x_wconf 83' lang='lat' dir='ltr'><strong>Marim</strong></span> <span class='ocrx_word' id='word_1_76' title='bbox 493 677 659 703; x_wconf 86' lang='lat' dir='ltr'><strong>direxerunt.</strong></span> <span class='ocrx_word' id='word_1_77' title='bbox 669 676 697 703; x_wconf 91' lang='lat' dir='ltr'><strong>lu</strong></span> <span class='ocrx_word' id='word_1_78' title='bbox 711 676 810 711; x_wconf 86' lang='lat' dir='ltr'><strong>quibus</strong></span> <span class='ocrx_word' id='word_1_79' title='bbox 820 677 1017 705; x_wconf 80' lang='lat' dir='ltr'><strong>ordinationem</strong></span> 
     </span>
    </p>
   </div>
   <div class='ocr_carea' id='block_1_13' title="bbox 225 720 1019 759">
    <p class='ocr_par' dir='ltr' id='par_1_13' title="bbox 225 720 1019 759">
     <span class='ocr_line' id='line_1_13' title="bbox 225 720 1019 759; baseline 0 -8"><span class='ocrx_word' id='word_1_80' title='bbox 225 724 296 751; x_wconf 77' lang='lat' dir='ltr'><strong>Ai-tii</strong></span> <span class='ocrx_word' id='word_1_81' title='bbox 315 723 389 751; x_wconf 78' lang='lat' dir='ltr'><strong>velut</strong></span> <span class='ocrx_word' id='word_1_82' title='bbox 411 720 548 758; x_wconf 82' lang='lat' dir='ltr'><strong>illegitime</strong></span> <span class='ocrx_word' id='word_1_83' title='bbox 569 722 667 749; x_wconf 87' lang='lat' dir='ltr'><strong>factam</strong></span> <span class='ocrx_word' id='word_1_84' title='bbox 695 722 869 756; x_wconf 88' lang='lat' dir='ltr'><strong>incusabant,</strong></span> <span class='ocrx_word' id='word_1_85' title='bbox 886 728 913 751; x_wconf 88' lang='lat' dir='ltr'><strong>et</strong></span> <span class='ocrx_word' id='word_1_86' title='bbox 926 724 1019 759; x_wconf 73' lang='lat' dir='ltr'><strong>prreci-</strong></span> 
     </span>
    </p>
   </div>
   <div class='ocr_carea' id='block_1_14' title="bbox 225 769 1018 807">
    <p class='ocr_par' dir='ltr' id='par_1_14' title="bbox 225 769 1018 807">
     <span class='ocr_line' id='line_1_14' title="bbox 225 769 1018 807; baseline -0.001 -9"><span class='ocrx_word' id='word_1_87' title='bbox 225 779 278 807; x_wconf 87' lang='lat' dir='ltr'><strong>pue</strong></span> <span class='ocrx_word' id='word_1_88' title='bbox 303 770 375 805; x_wconf 89' lang='lat' dir='ltr'><strong>quod</strong></span> <span class='ocrx_word' id='word_1_89' title='bbox 401 770 445 797; x_wconf 88' lang='lat' dir='ltr'><strong>ille</strong></span> <span class='ocrx_word' id='word_1_90' title='bbox 458 773 520 804; x_wconf 74' lang='lat' dir='ltr'><strong>post</strong></span> <span class='ocrx_word' id='word_1_91' title='bbox 542 769 740 804; x_wconf 81' lang='lat' dir='ltr'><strong>depositionem</strong></span> <span class='ocrx_word' id='word_1_92' title='bbox 753 777 768 796; x_wconf 90' lang='lat' dir='ltr'><strong>a</strong></span> <span class='ocrx_word' id='word_1_93' title='bbox 782 769 939 802; x_wconf 86' lang='lat' dir='ltr'><strong>diaconatu,</strong></span> <span class='ocrx_word' id='word_1_94' title='bbox 956 777 1018 797; x_wconf 88' lang='lat' dir='ltr'><strong>cum</strong></span> 
     </span>
    </p>
   </div>
   <div class='ocr_carea' id='block_1_15' title="bbox 226 815 1020 851">
    <p class='ocr_par' dir='ltr' id='par_1_15' title="bbox 226 815 1020 851">
     <span class='ocr_line' id='line_1_15' title="bbox 226 815 1020 851; baseline 0 -9"><span class='ocrx_word' id='word_1_95' title='bbox 226 817 264 844; x_wconf 85' lang='lat' dir='ltr'><strong>illi</strong></span> <span class='ocrx_word' id='word_1_96' title='bbox 279 817 324 851; x_wconf 90' lang='lat' dir='ltr'><strong>qui</strong></span> <span class='ocrx_word' id='word_1_97' title='bbox 343 824 405 844; x_wconf 91' lang='lat' dir='ltr'><strong>eum</strong></span> <span class='ocrx_word' id='word_1_98' title='bbox 423 816 615 850; x_wconf 79' lang='lat' dir='ltr'><strong>deposuerant,</strong></span> <span class='ocrx_word' id='word_1_99' title='bbox 628 815 792 842; x_wconf 87' lang='lat' dir='ltr'><strong>sententiam</strong></span> <span class='ocrx_word' id='word_1_100' title='bbox 811 823 888 842; x_wconf 89' lang='lat' dir='ltr'><strong>suam</strong></span> <span class='ocrx_word' id='word_1_101' title='bbox 907 816 1020 843; x_wconf 89' lang='lat' dir='ltr'><strong>minime</strong></span> 
     </span>
    </p>
   </div>
   <div class='ocr_carea' id='block_1_16' title="bbox 225 861 1019 897">
    <p class='ocr_par' dir='ltr' id='par_1_16' title="bbox 225 861 1019 897">
     <span class='ocr_line' id='line_1_16' title="bbox 225 861 1019 897; baseline -0.004 -5"><span class='ocrx_word' id='word_1_102' title='bbox 225 868 411 895; x_wconf 72' lang='lat' dir='ltr'><strong>remeassem,</strong></span> <span class='ocrx_word' id='word_1_103' title='bbox 428 870 461 889; x_wconf 85' lang='lat' dir='ltr'><strong>ex</strong></span> <span class='ocrx_word' id='word_1_104' title='bbox 486 869 519 889; x_wconf 91' lang='lat' dir='ltr'><strong>eo</strong></span> <span class='ocrx_word' id='word_1_105' title='bbox 534 861 618 895; x_wconf 86' lang='lat' dir='ltr'><strong>gradu</strong></span> <span class='ocrx_word' id='word_1_106' title='bbox 644 862 816 893; x_wconf 75' lang='lat' dir='ltr'><strong>exturbatus,</strong></span> <span class='ocrx_word' id='word_1_107' title='bbox 841 861 876 889; x_wconf 85' lang='lat' dir='ltr'><strong>ad</strong></span> <span class='ocrx_word' id='word_1_108' title='bbox 893 862 1019 897; x_wconf 89' lang='lat' dir='ltr'><strong>superio-</strong></span> 
     </span>
    </p>
   </div>
   <div class='ocr_carea' id='block_1_17' title="bbox 225 907 1020 943">
    <p class='ocr_par' dir='ltr' id='par_1_17' title="bbox 225 907 1020 943">
     <span class='ocr_line' id='line_1_17' title="bbox 225 907 1020 943; baseline -0.003 -5"><span class='ocrx_word' id='word_1_109' title='bbox 225 918 282 938; x_wconf 85' lang='lat' dir='ltr'><strong>rem</strong></span> <span class='ocrx_word' id='word_1_110' title='bbox 301 909 477 937; x_wconf 80' lang='lat' dir='ltr'><strong>nihilominus</strong></span> <span class='ocrx_word' id='word_1_111' title='bbox 496 908 608 943; x_wconf 84' lang='lat' dir='ltr'><strong>gradum</strong></span> <span class='ocrx_word' id='word_1_112' title='bbox 635 908 817 942; x_wconf 82' lang='lat' dir='ltr'><strong>prosiluisset.</strong></span> <span class='ocrx_word' id='word_1_113' title='bbox 836 907 888 935; x_wconf 89' lang='lat' dir='ltr'><strong>Sed</strong></span> <span class='ocrx_word' id='word_1_114' title='bbox 908 913 934 936; x_wconf 90' lang='lat' dir='ltr'><strong>et</strong></span> <span class='ocrx_word' id='word_1_115' title='bbox 948 908 1020 936; x_wconf 84' lang='lat' dir='ltr'><strong>Cau-</strong></span> 
     </span>
    </p>
   </div>
   <div class='ocr_carea' id='block_1_18' title="bbox 225 954 1020 991">
    <p class='ocr_par' dir='ltr' id='par_1_18' title="bbox 225 954 1020 991">
     <span class='ocr_line' id='line_1_18' title="bbox 225 954 1020 991; baseline -0.005 -7"><span class='ocrx_word' id='word_1_116' title='bbox 225 956 280 984; x_wconf 87' lang='lat' dir='ltr'><strong>didi</strong></span> <span class='ocrx_word' id='word_1_117' title='bbox 295 961 377 991; x_wconf 85' lang='lat' dir='ltr'><strong>atque</strong></span> <span class='ocrx_word' id='word_1_118' title='bbox 390 954 499 982; x_wconf 82' lang='lat' dir='ltr'><strong>Arriani</strong></span> <span class='ocrx_word' id='word_1_119' title='bbox 512 954 698 981; x_wconf 84' lang='lat' dir='ltr'><strong>ordinationes</strong></span> <span class='ocrx_word' id='word_1_120' title='bbox 713 954 913 988; x_wconf 86' lang='lat' dir='ltr'><strong>improbabant,</strong></span> <span class='ocrx_word' id='word_1_121' title='bbox 926 959 1020 989; x_wconf 83' lang='lat' dir='ltr'><strong>utpote</strong></span> 
     </span>
    </p>
   </div>
   <div class='ocr_carea' id='block_1_19' title="bbox 226 999 1020 1034">
    <p class='ocr_par' dir='ltr' id='par_1_19' title="bbox 226 999 1020 1034">
     <span class='ocr_line' id='line_1_19' title="bbox 226 999 1020 1034; baseline 0 -8"><span class='ocrx_word' id='word_1_122' title='bbox 226 1007 287 1034; x_wconf 70' lang='lat' dir='ltr'>qu</span> <span class='ocrx_word' id='word_1_123' title='bbox 301 999 561 1026; x_wconf 86' lang='lat' dir='ltr'><strong>citra-communem</strong></span> <span class='ocrx_word' id='word_1_124' title='bbox 583 1005 749 1025; x_wconf 85' lang='lat' dir='ltr'><strong>consensum</strong></span> <span class='ocrx_word' id='word_1_125' title='bbox 766 1002 868 1025; x_wconf 87' lang='lat' dir='ltr'><strong>temere</strong></span> <span class='ocrx_word' id='word_1_126' title='bbox 885 1006 1020 1033; x_wconf 62' lang='lat' dir='ltr'><strong>prmsnm-</strong></span> 
     </span>
    </p>
   </div>
   <div class='ocr_carea' id='block_1_20' title="bbox 225 1043 1017 1081">
    <p class='ocr_par' dir='ltr' id='par_1_20' title="bbox 225 1043 1017 1081">
     <span class='ocr_line' id='line_1_20' title="bbox 225 1043 1017 1081; baseline 0.001 -10"><span class='ocrx_word' id='word_1_127' title='bbox 225 1052 280 1081; x_wconf 73' lang='lat' dir='ltr'><strong>pne</strong></span> <span class='ocrx_word' id='word_1_128' title='bbox 295 1045 411 1072; x_wconf 74' lang='lat' dir='ltr'><strong>fuissent</strong></span> <span class='ocrx_word' id='word_1_129' title='bbox 427 1054 434 1077; x_wconf 86' lang='lat'><strong>;</strong></span> <span class='ocrx_word' id='word_1_130' title='bbox 453 1045 520 1071; x_wconf 85' lang='lat' dir='ltr'><strong>alias</strong></span> <span class='ocrx_word' id='word_1_131' title='bbox 537 1044 600 1071; x_wconf 86' lang='lat' dir='ltr'><strong>item</strong></span> <span class='ocrx_word' id='word_1_132' title='bbox 617 1051 686 1078; x_wconf 89' lang='lat' dir='ltr'><strong>quas</strong></span> <span class='ocrx_word' id='word_1_133' title='bbox 707 1043 802 1072; x_wconf 87' lang='lat' dir='ltr'><strong>Aetius</strong></span> <span class='ocrx_word' id='word_1_134' title='bbox 823 1044 1017 1072; x_wconf 77' lang='lat' dir='ltr'><strong>celebraverat.</strong></span> 
     </span>
    </p>
   </div>
   <div class='ocr_carea' id='block_1_21' title="bbox 226 1091 1019 1125">
    <p class='ocr_par' dir='ltr' id='par_1_21' title="bbox 226 1091 1019 1125">
     <span class='ocr_line' id='line_1_21' title="bbox 226 1091 1019 1125; baseline 0.001 -7"><span class='ocrx_word' id='word_1_135' title='bbox 226 1091 369 1119; x_wconf 73' lang='lat' dir='ltr'><strong>Eudoxius</strong></span> <span class='ocrx_word' id='word_1_136' title='bbox 391 1099 459 1118; x_wconf 83' lang='lat' dir='ltr'><strong>vero</strong></span> <span class='ocrx_word' id='word_1_137' title='bbox 479 1099 541 1118; x_wconf 86' lang='lat' dir='ltr'><strong>cum</strong></span> <span class='ocrx_word' id='word_1_138' title='bbox 572 1091 644 1118; x_wconf 89' lang='lat' dir='ltr'><strong>hanc</strong></span> <span class='ocrx_word' id='word_1_139' title='bbox 669 1091 811 1125; x_wconf 91' lang='lat' dir='ltr'><strong>epistolam</strong></span> <span class='ocrx_word' id='word_1_140' title='bbox 840 1091 1019 1119; x_wconf 88' lang='lat' dir='ltr'><strong>libentissime</strong></span> 
     </span>
    </p>
   </div>
   <div class='ocr_carea' id='block_1_22' title="bbox 226 1136 1019 1172">
    <p class='ocr_par' dir='ltr' id='par_1_22' title="bbox 226 1136 1019 1172">
     <span class='ocr_line' id='line_1_22' title="bbox 226 1136 1019 1172; baseline 0.001 -8"><span class='ocrx_word' id='word_1_141' title='bbox 226 1137 400 1172; x_wconf 86' lang='lat' dir='ltr'><strong>accepisset,</strong></span> <span class='ocrx_word' id='word_1_142' title='bbox 417 1142 590 1164; x_wconf 81' lang='lat' dir='ltr'><strong>sacramenta</strong></span> <span class='ocrx_word' id='word_1_143' title='bbox 616 1136 728 1171; x_wconf 85' lang='lat' dir='ltr'><strong>quidem</strong></span> <span class='ocrx_word' id='word_1_144' title='bbox 756 1136 856 1171; x_wconf 88' lang='lat' dir='ltr'><strong>quibus</strong></span> <span class='ocrx_word' id='word_1_145' title='bbox 884 1137 1019 1165; x_wconf 76' lang='lat' dir='ltr'><strong>Eunomia</strong></span> 
     </span>
    </p>
   </div>
   <div class='ocr_carea' id='block_1_23' title="bbox 227 1182 1020 1217">
    <p class='ocr_par' dir='ltr' id='par_1_23' title="bbox 227 1182 1020 1217">
     <span class='ocr_line' id='line_1_23' title="bbox 227 1182 1020 1217; baseline 0.001 -7"><span class='ocrx_word' id='word_1_146' title='bbox 227 1191 288 1210; x_wconf 87' lang='lat' dir='ltr'><strong>sese</strong></span> <span class='ocrx_word' id='word_1_147' title='bbox 306 1182 503 1215; x_wconf 81' lang='lat' dir='ltr'><strong>obstrinxerat,</strong></span> <span class='ocrx_word' id='word_1_148' title='bbox 518 1188 545 1209; x_wconf 88' lang='lat' dir='ltr'><strong>et</strong></span> <span class='ocrx_word' id='word_1_149' title='bbox 559 1182 662 1209; x_wconf 84' lang='lat' dir='ltr'><strong>litteras</strong></span> <span class='ocrx_word' id='word_1_150' title='bbox 676 1189 745 1217; x_wconf 88' lang='lat' dir='ltr'><strong>quas</strong></span> <span class='ocrx_word' id='word_1_151' title='bbox 761 1183 793 1210; x_wconf 92' lang='lat' dir='ltr'><strong>ad</strong></span> <span class='ocrx_word' id='word_1_152' title='bbox 806 1182 938 1210; x_wconf 83' lang='lat' dir='ltr'><strong>Euzoium</strong></span> <span class='ocrx_word' id='word_1_153' title='bbox 952 1183 1020 1211; x_wconf 90' lang='lat' dir='ltr'><strong>scri-</strong></span> 
     </span>
    </p>
   </div>
   <div class='ocr_carea' id='block_1_24' title="bbox 226 1228 1020 1264">
    <p class='ocr_par' dir='ltr' id='par_1_24' title="bbox 226 1228 1020 1264">
     <span class='ocr_line' id='line_1_24' title="bbox 226 1228 1020 1264; baseline 0.003 -8"><span class='ocrx_word' id='word_1_154' title='bbox 226 1233 330 1264; x_wconf 86' lang='lat' dir='ltr'><strong>pserat,</strong></span> <span class='ocrx_word' id='word_1_155' title='bbox 356 1229 509 1264; x_wconf 85' lang='lat' dir='ltr'><strong>Inultasque</strong></span> <span class='ocrx_word' id='word_1_156' title='bbox 526 1234 552 1255; x_wconf 90' lang='lat' dir='ltr'><strong>et</strong></span> <span class='ocrx_word' id='word_1_157' title='bbox 570 1228 661 1255; x_wconf 76' lang='lat' dir='ltr'><strong>varias</strong></span> <span class='ocrx_word' id='word_1_158' title='bbox 682 1228 893 1263; x_wconf 87' lang='lat' dir='ltr'><strong>pollicitationes</strong></span> <span class='ocrx_word' id='word_1_159' title='bbox 919 1229 1020 1264; x_wconf 84' lang='lat' dir='ltr'><strong>quibus</strong></span> 
     </span>
    </p>
   </div>
   <div class='ocr_carea' id='block_1_25' title="bbox 226 1267 1018 1311">
    <p class='ocr_par' dir='ltr' id='par_1_25' title="bbox 226 1267 1018 1311">
     <span class='ocr_line' id='line_1_25' title="bbox 226 1267 1018 1311; baseline 0.001 -8"><span class='ocrx_word' id='word_1_160' title='bbox 226 1276 307 1303; x_wconf 82' lang='lat' dir='ltr'><strong>tidem</strong></span> <span class='ocrx_word' id='word_1_161' title='bbox 329 1283 408 1303; x_wconf 86' lang='lat' dir='ltr'><strong>suam</strong></span> <span class='ocrx_word' id='word_1_162' title='bbox 436 1276 615 1311; x_wconf 78' lang='lat' dir='ltr'><strong>obligavcrat,</strong></span> <span class='ocrx_word' id='word_1_163' title='bbox 632 1275 788 1304; x_wconf 85' lang='lat' dir='ltr'><strong>nullatenus</strong></span> <span class='ocrx_word' id='word_1_164' title='bbox 806 1276 832 1303; x_wconf 93' lang='lat' dir='ltr'><strong>in</strong></span> <span class='ocrx_word' id='word_1_165' title='bbox 857 1267 1018 1304; x_wconf 76' lang='lat' dir='ltr'><strong>memoriam</strong></span> 
     </span>
    </p>
   </div>
   <div class='ocr_carea' id='block_1_26' title="bbox 225 1321 1020 1357">
    <p class='ocr_par' dir='ltr' id='par_1_26' title="bbox 225 1321 1020 1357">
     <span class='ocr_line' id='line_1_26' title="bbox 225 1321 1020 1357; baseline 0 -8"><span class='ocrx_word' id='word_1_166' title='bbox 225 1329 303 1349; x_wconf 83' lang='lat' dir='ltr'><strong>suam</strong></span> <span class='ocrx_word' id='word_1_167' title='bbox 317 1322 466 1349; x_wconf 81' lang='lat' dir='ltr'><strong>revocavit.</strong></span> <span class='ocrx_word' id='word_1_168' title='bbox 489 1322 528 1349; x_wconf 83' lang='lat' dir='ltr'><strong>Ad</strong></span> <span class='ocrx_word' id='word_1_169' title='bbox 544 1321 727 1349; x_wconf 84' lang='lat' dir='ltr'><strong>Theodosium</strong></span> <span class='ocrx_word' id='word_1_170' title='bbox 745 1326 836 1349; x_wconf 84' lang='lat' dir='ltr'><strong>autem</strong></span> <span class='ocrx_word' id='word_1_171' title='bbox 852 1329 955 1357; x_wconf 87' lang='lat' dir='ltr'><strong>eosque</strong></span> <span class='ocrx_word' id='word_1_172' title='bbox 973 1322 1020 1357; x_wconf 90' lang='lat' dir='ltr'><strong>qui</strong></span> 
     </span>
    </p>
   </div>
   <div class='ocr_carea' id='block_1_27' title="bbox 934 158 1178 189">
    <p class='ocr_par' dir='ltr' id='par_1_27' title="bbox 934 158 1178 189">
     <span class='ocr_line' id='line_1_27' title="bbox 934 158 1178 189; baseline 0.004 -2"><span class='ocrx_word' id='word_1_173' title='bbox 934 158 1178 189; x_wconf 74' lang='lat' dir='ltr'><strong>PHILOSTORCII</strong></span> 
     </span>
    </p>
   </div>
   <div class='ocr_carea' id='block_1_28' title="bbox 1815 164 1870 194">
    <p class='ocr_par' dir='ltr' id='par_1_28' title="bbox 1815 164 1870 194">
     <span class='ocr_line' id='line_1_28' title="bbox 1815 164 1870 194; baseline -0.018 0"><span class='ocrx_word' id='word_1_174' title='bbox 1815 164 1870 194; x_wconf 66' lang='lat'><strong>360</strong></span> 
     </span>
    </p>
   </div>
   <div class='ocr_carea' id='block_1_29' title="bbox 1039 218 1870 259">
    <p class='ocr_par' dir='ltr' id='par_1_29' title="bbox 1039 218 1870 259">
     <span class='ocr_line' id='line_1_29' title="bbox 1039 218 1870 259; baseline 0.005 -13"><span class='ocrx_word' id='word_1_175' title='bbox 1039 223 1062 252; x_wconf 78' lang='grc' dir='ltr'><strong>Α</strong></span> <span class='ocrx_word' id='word_1_176' title='bbox 1075 220 1114 255; x_wconf 84' lang='grc' dir='ltr'>τῷ</span> <span class='ocrx_word' id='word_1_177' title='bbox 1128 228 1159 255; x_wconf 87' lang='grc' dir='ltr'><strong>γε</strong></span> <span class='ocrx_word' id='word_1_178' title='bbox 1175 219 1252 255; x_wconf 75' lang='grc' dir='ltr'><strong>Φόὸῳ</strong></span> <span class='ocrx_word' id='word_1_179' title='bbox 1269 219 1471 255; x_wconf 74' lang='grc' dir='ltr'><strong>κοινωσάμενος</strong></span> <span class='ocrx_word' id='word_1_180' title='bbox 1493 219 1550 255; x_wconf 72' lang='grc'>(92)</span> <span class='ocrx_word' id='word_1_181' title='bbox 1567 218 1620 256; x_wconf 68' lang='grc' dir='ltr'>(εἷς</span> <span class='ocrx_word' id='word_1_182' title='bbox 1640 220 1669 248; x_wconf 80' lang='grc' dir='ltr'>δὲ</span> <span class='ocrx_word' id='word_1_183' title='bbox 1685 221 1733 249; x_wconf 80' lang='grc' dir='ltr'>καὶ</span> <span class='ocrx_word' id='word_1_184' title='bbox 1746 219 1824 254; x_wconf 72' lang='grc' dir='ltr'>οὗτος</span> <span class='ocrx_word' id='word_1_185' title='bbox 1836 221 1870 259; x_wconf 72' lang='grc' dir='ltr'>ἦν</span> 
     </span>
    </p>
   </div>
   <div class='ocr_carea' id='block_1_30' title="bbox 1072 266 1871 303">
    <p class='ocr_par' dir='ltr' id='par_1_30' title="bbox 1072 266 1871 303">
     <span class='ocr_line' id='line_1_30' title="bbox 1072 266 1871 303; baseline 0.005 -11"><span class='ocrx_word' id='word_1_186' title='bbox 1072 266 1126 293; x_wconf 85' lang='grc' dir='ltr'><strong>τῶν</strong></span> <span class='ocrx_word' id='word_1_187' title='bbox 1150 267 1199 302; x_wconf 83' lang='grc' dir='ltr'>οὺχ</span> <span class='ocrx_word' id='word_1_188' title='bbox 1226 266 1361 301; x_wconf 72' lang='grc' dir='ltr'><strong>ἑλομένων</strong></span> <span class='ocrx_word' id='word_1_189' title='bbox 1384 266 1626 301; x_wconf 77' lang='grc' dir='ltr'>καταψηφίσασθαι</span> <span class='ocrx_word' id='word_1_190' title='bbox 1645 267 1770 295; x_wconf 78' lang='grc' dir='ltr'><strong>Ἀετίου·</strong></span> <span class='ocrx_word' id='word_1_191' title='bbox 1792 270 1871 303; x_wconf 74' lang='grc' dir='ltr'>φίλον</span> 
     </span>
    </p>
   </div>
   <div class='ocr_carea' id='block_1_31' title="bbox 1072 303 1871 351">
    <p class='ocr_par' dir='ltr' id='par_1_31' title="bbox 1072 303 1871 351">
     <span class='ocr_line' id='line_1_31' title="bbox 1072 303 1871 351; baseline 0.004 -12"><span class='ocrx_word' id='word_1_192' title='bbox 1072 312 1178 339; x_wconf 82' lang='grc' dir='ltr'>δἀὐτὸν</span> <span class='ocrx_word' id='word_1_193' title='bbox 1194 303 1297 340; x_wconf 84' lang='grc' dir='ltr'>παλαίά</span> <span class='ocrx_word' id='word_1_194' title='bbox 1307 321 1337 339; x_wconf 81' lang='grc' dir='ltr'><strong>τε</strong></span> <span class='ocrx_word' id='word_1_195' title='bbox 1353 313 1482 349; x_wconf 80' lang='grc' dir='ltr'>συνήθεια</span> <span class='ocrx_word' id='word_1_196' title='bbox 1493 313 1591 346; x_wconf 75' lang='grc' dir='ltr'>ἐποίει,</span> <span class='ocrx_word' id='word_1_197' title='bbox 1608 314 1655 341; x_wconf 82' lang='grc' dir='ltr'>καὶ</span> <span class='ocrx_word' id='word_1_198' title='bbox 1668 315 1717 350; x_wconf 83' lang='grc' dir='ltr'>τῆς</span> <span class='ocrx_word' id='word_1_199' title='bbox 1733 315 1871 351; x_wconf 76' lang='grc' dir='ltr'>ὲκθέσμου</span> 
     </span>
    </p>
   </div>
   <div class='ocr_carea' id='block_1_32' title="bbox 1074 356 1870 397">
    <p class='ocr_par' dir='ltr' id='par_1_32' title="bbox 1074 356 1870 397">
     <span class='ocr_line' id='line_1_32' title="bbox 1074 356 1870 397; baseline 0.004 -12"><span class='ocrx_word' id='word_1_200' title='bbox 1074 359 1211 391; x_wconf 71' lang='grc' dir='ltr'><strong>πολιτείας</strong></span> <span class='ocrx_word' id='word_1_201' title='bbox 1229 359 1259 386; x_wconf 81' lang='grc' dir='ltr'>τὸ</span> <span class='ocrx_word' id='word_1_202' title='bbox 1281 358 1514 395; x_wconf 75' lang='grc' dir='ltr'>ἀπαράλλακτον),</span> <span class='ocrx_word' id='word_1_203' title='bbox 1533 356 1606 386; x_wconf 69' lang='grc' dir='ltr'>οὗτοι</span> <span class='ocrx_word' id='word_1_204' title='bbox 1624 360 1656 397; x_wconf 85' lang='grc' dir='ltr'>δὴ</span> <span class='ocrx_word' id='word_1_205' title='bbox 1677 361 1725 387; x_wconf 75' lang='grc' dir='ltr'>καὶ</span> <span class='ocrx_word' id='word_1_206' title='bbox 1742 361 1870 394; x_wconf 78' lang='grc' dir='ltr'>Αὑξιδια-</span> 
     </span>
    </p>
   </div>
   <div class='ocr_carea' id='block_1_33' title="bbox 1072 403 1871 443">
    <p class='ocr_par' dir='ltr' id='par_1_33' title="bbox 1072 403 1871 443">
     <span class='ocr_line' id='line_1_33' title="bbox 1072 403 1871 443; baseline 0.005 -12"><span class='ocrx_word' id='word_1_207' title='bbox 1072 404 1117 431; x_wconf 72' lang='grc' dir='ltr'><strong>νὺν</strong></span> <span class='ocrx_word' id='word_1_208' title='bbox 1136 405 1341 441; x_wconf 82' lang='grc' dir='ltr'>ὲταιρισάμενοι</span> <span class='ocrx_word' id='word_1_209' title='bbox 1362 403 1370 438; x_wconf 95' lang='grc'><strong>(</strong></span> <span class='ocrx_word' id='word_1_210' title='bbox 1377 405 1526 438; x_wconf 74' lang='grc' dir='ltr'>ἐπίσκοπος</span> <span class='ocrx_word' id='word_1_211' title='bbox 1542 404 1608 442; x_wconf 78' lang='grc' dir='ltr'>δ’ἦν</span> <span class='ocrx_word' id='word_1_212' title='bbox 1619 406 1667 433; x_wconf 71' lang='grc' dir='ltr'>καὶ</span> <span class='ocrx_word' id='word_1_213' title='bbox 1684 403 1762 439; x_wconf 72' lang='grc' dir='ltr'>οὗτος</span> <span class='ocrx_word' id='word_1_214' title='bbox 1774 407 1871 443; x_wconf 76' lang='grc' dir='ltr'>ὥσπερ</span> 
     </span>
    </p>
   </div>
   <div class='ocr_carea' id='block_1_34' title="bbox 1073 450 1869 488">
    <p class='ocr_par' dir='ltr' id='par_1_34' title="bbox 1073 450 1869 488">
     <span class='ocr_line' id='line_1_34' title="bbox 1073 450 1869 488; baseline 0.003 -11"><span class='ocrx_word' id='word_1_215' title='bbox 1073 450 1223 484; x_wconf 79' lang='grc' dir='ltr'>κάκεῖνοι).</span> <span class='ocrx_word' id='word_1_216' title='bbox 1240 450 1312 477; x_wconf 77' lang='grc' dir='ltr'>κατὰ</span> <span class='ocrx_word' id='word_1_217' title='bbox 1325 450 1357 486; x_wconf 82' lang='grc' dir='ltr'>δὴ</span> <span class='ocrx_word' id='word_1_218' title='bbox 1380 450 1428 478; x_wconf 73' lang='grc' dir='ltr'>τοῦ</span> <span class='ocrx_word' id='word_1_219' title='bbox 1450 451 1554 477; x_wconf 79' lang='grc' dir='ltr'>Ἀετίου</span> <span class='ocrx_word' id='word_1_220' title='bbox 1573 452 1622 478; x_wconf 72' lang='grc' dir='ltr'>καὶ</span> <span class='ocrx_word' id='word_1_221' title='bbox 1642 451 1697 478; x_wconf 87' lang='grc' dir='ltr'>τῶν</span> <span class='ocrx_word' id='word_1_222' title='bbox 1712 452 1776 488; x_wconf 81' lang='grc' dir='ltr'>περὶ</span> <span class='ocrx_word' id='word_1_223' title='bbox 1795 453 1869 479; x_wconf 80' lang='grc' dir='ltr'>Κάν-</span> 
     </span>
    </p>
   </div>
   <div class='ocr_carea' id='block_1_35' title="bbox 1072 496 1871 533">
    <p class='ocr_par' dir='ltr' id='par_1_35' title="bbox 1072 496 1871 533">
     <span class='ocr_line' id='line_1_35' title="bbox 1072 496 1871 533; baseline 0.003 -10"><span class='ocrx_word' id='word_1_224' title='bbox 1072 496 1142 523; x_wconf 85' lang='grc' dir='ltr'>διδον</span> <span class='ocrx_word' id='word_1_225' title='bbox 1158 496 1382 528; x_wconf 74' lang='grc' dir='ltr'>συσκευάζονται.</span> <span class='ocrx_word' id='word_1_226' title='bbox 1398 497 1454 523; x_wconf 78' lang='grc' dir='ltr'><strong>Καὶ</strong></span> <span class='ocrx_word' id='word_1_227' title='bbox 1471 496 1503 532; x_wconf 89' lang='grc' dir='ltr'>δὴ</span> <span class='ocrx_word' id='word_1_228' title='bbox 1519 497 1566 523; x_wconf 75' lang='grc' dir='ltr'><strong>καὶ</strong></span> <span class='ocrx_word' id='word_1_229' title='bbox 1580 496 1693 533; x_wconf 77' lang='grc' dir='ltr'>ἐτέρους</span> <span class='ocrx_word' id='word_1_230' title='bbox 1706 497 1761 533; x_wconf 80' lang='grc'>(95)</span> <span class='ocrx_word' id='word_1_231' title='bbox 1774 498 1803 530; x_wconf 78' lang='grc' dir='ltr'><strong>ἓξ</strong></span> <span class='ocrx_word' id='word_1_232' title='bbox 1812 498 1871 525; x_wconf 80' lang='grc' dir='ltr'>τῶν</span> 
     </span>
    </p>
   </div>
   <div class='ocr_carea' id='block_1_36' title="bbox 1073 542 1869 579">
    <p class='ocr_par' dir='ltr' id='par_1_36' title="bbox 1073 542 1869 579">
     <span class='ocr_line' id='line_1_36' title="bbox 1073 542 1869 579; baseline 0.003 -10"><span class='ocrx_word' id='word_1_233' title='bbox 1073 542 1233 569; x_wconf 80' lang='grc' dir='ltr'>ἐπισκόπων</span> <span class='ocrx_word' id='word_1_234' title='bbox 1247 543 1487 579; x_wconf 76' lang='grc' dir='ltr'>συναγειράμενοι,</span> <span class='ocrx_word' id='word_1_235' title='bbox 1508 543 1555 570; x_wconf 69' lang='grc' dir='ltr'>καὶ</span> <span class='ocrx_word' id='word_1_236' title='bbox 1573 543 1715 579; x_wconf 85' lang='grc' dir='ltr'>συνέδριον</span> <span class='ocrx_word' id='word_1_237' title='bbox 1737 544 1869 571; x_wconf 73' lang='grc' dir='ltr'>καθίσαν-</span> 
     </span>
    </p>
   </div>
   <div class='ocr_carea' id='block_1_37' title="bbox 1071 589 1870 625">
    <p class='ocr_par' dir='ltr' id='par_1_37' title="bbox 1071 589 1870 625">
     <span class='ocr_line' id='line_1_37' title="bbox 1071 589 1870 625; baseline 0.003 -10"><span class='ocrx_word' id='word_1_238' title='bbox 1071 597 1134 621; x_wconf 84' lang='grc' dir='ltr'>τες,</span> <span class='ocrx_word' id='word_1_239' title='bbox 1151 591 1228 625; x_wconf 78' lang='grc' dir='ltr'>κοινῇ</span> <span class='ocrx_word' id='word_1_240' title='bbox 1250 589 1334 625; x_wconf 74' lang='grc' dir='ltr'><strong>ψήφῳ</strong></span> <span class='ocrx_word' id='word_1_241' title='bbox 1349 589 1467 625; x_wconf 84' lang='grc' dir='ltr'>γράμμα</span> <span class='ocrx_word' id='word_1_242' title='bbox 1493 590 1549 621; x_wconf 87' lang='grc' dir='ltr'>τοῖς</span> <span class='ocrx_word' id='word_1_243' title='bbox 1574 589 1639 625; x_wconf 79' lang='grc' dir='ltr'>περὶ</span> <span class='ocrx_word' id='word_1_244' title='bbox 1669 590 1794 622; x_wconf 79' lang='grc' dir='ltr'>Εὑδόξιον</span> <span class='ocrx_word' id='word_1_245' title='bbox 1820 592 1870 618; x_wconf 70' lang='grc' dir='ltr'>καὶ</span> 
     </span>
    </p>
   </div>
   <div class='ocr_carea' id='block_1_38' title="bbox 1072 633 1871 669">
    <p class='ocr_par' dir='ltr' id='par_1_38' title="bbox 1072 633 1871 669">
     <span class='ocr_line' id='line_1_38' title="bbox 1072 633 1871 669; baseline 0.001 -9"><span class='ocrx_word' id='word_1_246' title='bbox 1072 634 1163 669; x_wconf 80' lang='grc' dir='ltr'>Μάριν</span> <span class='ocrx_word' id='word_1_247' title='bbox 1179 633 1390 669; x_wconf 79' lang='grc' dir='ltr'>διαπέμπονται.</span> <span class='ocrx_word' id='word_1_248' title='bbox 1408 634 1445 660; x_wconf 83' lang='grc' dir='ltr'><strong>Τὸ</strong></span> <span class='ocrx_word' id='word_1_249' title='bbox 1462 633 1490 660; x_wconf 80' lang='grc' dir='ltr'>δὲ</span> <span class='ocrx_word' id='word_1_250' title='bbox 1501 633 1619 669; x_wconf 87' lang='grc' dir='ltr'>γράμμα</span> <span class='ocrx_word' id='word_1_251' title='bbox 1637 634 1687 669; x_wconf 87' lang='grc' dir='ltr'>τήν</span> <span class='ocrx_word' id='word_1_252' title='bbox 1701 642 1731 660; x_wconf 81' lang='grc' dir='ltr'><strong>τε</strong></span> <span class='ocrx_word' id='word_1_253' title='bbox 1748 642 1871 669; x_wconf 79' lang='grc' dir='ltr'>χειροτο-</span> 
     </span>
    </p>
   </div>
   <div class='ocr_carea' id='block_1_39' title="bbox 1072 679 1868 715">
    <p class='ocr_par' dir='ltr' id='par_1_39' title="bbox 1072 679 1868 715">
     <span class='ocr_line' id='line_1_39' title="bbox 1072 679 1868 715; baseline 0.003 -10"><span class='ocrx_word' id='word_1_254' title='bbox 1072 679 1131 706; x_wconf 83' lang='grc' dir='ltr'>νίαν</span> <span class='ocrx_word' id='word_1_255' title='bbox 1139 679 1235 715; x_wconf 76' lang='grc' dir='ltr'>’Λετίῳ</span> <span class='ocrx_word' id='word_1_256' title='bbox 1246 679 1375 707; x_wconf 71' lang='grc' dir='ltr'>ἐπεκάλει</span> <span class='ocrx_word' id='word_1_257' title='bbox 1385 679 1480 715; x_wconf 80' lang='grc' dir='ltr'>ὥσπερ</span> <span class='ocrx_word' id='word_1_258' title='bbox 1490 679 1591 714; x_wconf 78' lang='grc' dir='ltr'>θεσμὸν</span> <span class='ocrx_word' id='word_1_259' title='bbox 1600 679 1788 715; x_wconf 81' lang='grc' dir='ltr'><strong>γεγενημένην</strong></span> <span class='ocrx_word' id='word_1_260' title='bbox 1798 680 1868 715; x_wconf 75' lang='lat' dir='ltr'><strong>(SM).</strong></span> 
     </span>
    </p>
   </div>
   <div class='ocr_carea' id='block_1_40' title="bbox 1074 725 1868 762">
    <p class='ocr_par' dir='ltr' id='par_1_40' title="bbox 1074 725 1868 762">
     <span class='ocr_line' id='line_1_40' title="bbox 1074 725 1868 762; baseline 0 -9"><span class='ocrx_word' id='word_1_261' title='bbox 1074 726 1193 761; x_wconf 88' lang='grc' dir='ltr'>μάλιστά</span> <span class='ocrx_word' id='word_1_262' title='bbox 1206 735 1238 761; x_wconf 93' lang='grc' dir='ltr'><strong>γε</strong></span> <span class='ocrx_word' id='word_1_263' title='bbox 1255 726 1301 753; x_wconf 79' lang='grc' dir='ltr'>καὶ</span> <span class='ocrx_word' id='word_1_264' title='bbox 1315 727 1355 753; x_wconf 80' lang='grc' dir='ltr'>ὅτι</span> <span class='ocrx_word' id='word_1_265' title='bbox 1381 726 1451 762; x_wconf 80' lang='grc' dir='ltr'>μετὰ</span> <span class='ocrx_word' id='word_1_266' title='bbox 1465 726 1514 761; x_wconf 81' lang='grc' dir='ltr'>τὴν</span> <span class='ocrx_word' id='word_1_267' title='bbox 1532 725 1694 761; x_wconf 72' lang='grc' dir='ltr'>καθαίρεσιν</span> <span class='ocrx_word' id='word_1_268' title='bbox 1708 726 1756 761; x_wconf 83' lang='grc' dir='ltr'>τῆς</span> <span class='ocrx_word' id='word_1_269' title='bbox 1774 726 1868 753; x_wconf 83' lang='grc' dir='ltr'>διακο-</span> 
     </span>
    </p>
   </div>
   <div class='ocr_carea' id='block_1_41' title="bbox 1072 771 1867 807">
    <p class='ocr_par' dir='ltr' id='par_1_41' title="bbox 1072 771 1867 807">
     <span class='ocr_line' id='line_1_41' title="bbox 1072 771 1867 807; baseline 0.001 -9"><span class='ocrx_word' id='word_1_270' title='bbox 1072 771 1141 803; x_wconf 74' lang='grc' dir='ltr'>νίας,</span> <span class='ocrx_word' id='word_1_271' title='bbox 1159 772 1212 798; x_wconf 85' lang='grc' dir='ltr'>τῶν</span> <span class='ocrx_word' id='word_1_272' title='bbox 1230 771 1399 798; x_wconf 80' lang='grc' dir='ltr'>καθελόντων</span> <span class='ocrx_word' id='word_1_273' title='bbox 1413 772 1443 798; x_wconf 83' lang='grc' dir='ltr'><strong>οὐ</strong></span> <span class='ocrx_word' id='word_1_274' title='bbox 1460 771 1618 807; x_wconf 77' lang='grc' dir='ltr'>λυσάμένων</span> <span class='ocrx_word' id='word_1_275' title='bbox 1632 771 1682 807; x_wconf 82' lang='grc' dir='ltr'>τὴν</span> <span class='ocrx_word' id='word_1_276' title='bbox 1695 772 1796 807; x_wconf 75' lang='grc' dir='ltr'>ψῆφον,</span> <span class='ocrx_word' id='word_1_277' title='bbox 1807 773 1822 799; x_wconf 77' lang='grc' dir='ltr'><strong>ὁ</strong></span> <span class='ocrx_word' id='word_1_278' title='bbox 1838 773 1867 799; x_wconf 82' lang='grc' dir='ltr'>δὲ</span> 
     </span>
    </p>
   </div>
   <div class='ocr_carea' id='block_1_42' title="bbox 1072 815 1867 852">
    <p class='ocr_par' dir='ltr' id='par_1_42' title="bbox 1072 815 1867 852">
     <span class='ocr_line' id='line_1_42' title="bbox 1072 815 1867 852; baseline 0 -10"><span class='ocrx_word' id='word_1_279' title='bbox 1072 815 1275 852; x_wconf 78' lang='grc' dir='ltr'>καθελκόμενος</span> <span class='ocrx_word' id='word_1_280' title='bbox 1290 816 1346 850; x_wconf 77' lang='grc'>(95)</span> <span class='ocrx_word' id='word_1_281' title='bbox 1370 816 1476 843; x_wconf 77' lang='grc' dir='ltr'>ἐκεῖθεν</span> <span class='ocrx_word' id='word_1_282' title='bbox 1501 816 1577 851; x_wconf 77' lang='grc' dir='ltr'>ὅμως</span> <span class='ocrx_word' id='word_1_283' title='bbox 1600 815 1648 842; x_wconf 74' lang='grc' dir='ltr'>καὶ</span> <span class='ocrx_word' id='word_1_284' title='bbox 1670 816 1739 852; x_wconf 74' lang='grc' dir='ltr'>πρὸς</span> <span class='ocrx_word' id='word_1_285' title='bbox 1763 817 1867 852; x_wconf 78' lang='grc' dir='ltr'>βαθμὸν</span> 
     </span>
    </p>
   </div>
   <div class='ocr_carea' id='block_1_43' title="bbox 1072 861 1867 898">
    <p class='ocr_par' dir='ltr' id='par_1_43' title="bbox 1072 861 1867 898">
     <span class='ocr_line' id='line_1_43' title="bbox 1072 861 1867 898; baseline 0.001 -9"><span class='ocrx_word' id='word_1_286' title='bbox 1072 862 1226 898; x_wconf 83' lang='grc' dir='ltr'>ἀνεπήδησε</span> <span class='ocrx_word' id='word_1_287' title='bbox 1244 862 1365 897; x_wconf 76' lang='grc' dir='ltr'>μείζονα.</span> <span class='ocrx_word' id='word_1_288' title='bbox 1384 862 1439 888; x_wconf 77' lang='grc' dir='ltr'><strong>Καὶ</strong></span> <span class='ocrx_word' id='word_1_289' title='bbox 1456 862 1509 897; x_wconf 82' lang='grc' dir='ltr'>μὴν</span> <span class='ocrx_word' id='word_1_290' title='bbox 1523 862 1572 889; x_wconf 78' lang='grc' dir='ltr'>καὶ</span> <span class='ocrx_word' id='word_1_291' title='bbox 1590 861 1642 894; x_wconf 74' lang='grc' dir='ltr'><strong>τὰς</strong></span> <span class='ocrx_word' id='word_1_292' title='bbox 1654 862 1718 898; x_wconf 73' lang='grc' dir='ltr'>περὶ</span> <span class='ocrx_word' id='word_1_293' title='bbox 1737 863 1867 890; x_wconf 81' lang='grc' dir='ltr'>Κάνδιδον</span> 
     </span>
    </p>
   </div>
   <div class='ocr_carea' id='block_1_44' title="bbox 1037 909 1868 947">
    <p class='ocr_par' dir='ltr' id='par_1_44' title="bbox 1037 909 1868 947">
     <span class='ocr_line' id='line_1_44' title="bbox 1037 909 1868 947; baseline 0 -10"><span class='ocrx_word' id='word_1_294' title='bbox 1037 909 1056 936; x_wconf 87' lang='grc' dir='ltr'><strong><em>Β</em></strong></span> <span class='ocrx_word' id='word_1_295' title='bbox 1070 911 1238 947; x_wconf 77' lang='grc' dir='ltr'>χειροτονίας</span> <span class='ocrx_word' id='word_1_296' title='bbox 1259 910 1472 946; x_wconf 78' lang='grc' dir='ltr'>ἀπεδοκίμαζεν.</span> <span class='ocrx_word' id='word_1_297' title='bbox 1488 910 1526 941; x_wconf 85' lang='grc' dir='ltr'><strong>ὡς</strong></span> <span class='ocrx_word' id='word_1_298' title='bbox 1546 909 1622 946; x_wconf 79' lang='grc' dir='ltr'>παρὰ</span> <span class='ocrx_word' id='word_1_299' title='bbox 1637 909 1687 945; x_wconf 82' lang='grc' dir='ltr'>τὴν</span> <span class='ocrx_word' id='word_1_300' title='bbox 1701 909 1794 946; x_wconf 79' lang='grc' dir='ltr'>κοινὴν</span> <span class='ocrx_word' id='word_1_301' title='bbox 1810 911 1868 945; x_wconf 78' lang='grc' dir='ltr'>(οὓ)</span> 
     </span>
    </p>
   </div>
   <div class='ocr_carea' id='block_1_45' title="bbox 1071 956 1869 993">
    <p class='ocr_par' dir='ltr' id='par_1_45' title="bbox 1071 956 1869 993">
     <span class='ocr_line' id='line_1_45' title="bbox 1071 956 1869 993; baseline 0.001 -10"><span class='ocrx_word' id='word_1_302' title='bbox 1071 957 1298 993; x_wconf 73' lang='grc' dir='ltr'>νεωτερισθείσάς</span> <span class='ocrx_word' id='word_1_303' title='bbox 1315 957 1428 993; x_wconf 78' lang='grc' dir='ltr'>γνώμην</span> <span class='ocrx_word' id='word_1_304' title='bbox 1440 965 1446 971; x_wconf 93' lang='grc'>·</span> <span class='ocrx_word' id='word_1_305' title='bbox 1464 956 1532 984; x_wconf 81' lang='grc' dir='ltr'>ἀλλὰ</span> <span class='ocrx_word' id='word_1_306' title='bbox 1544 957 1599 992; x_wconf 82' lang='grc' dir='ltr'><strong>γὰρ</strong></span> <span class='ocrx_word' id='word_1_307' title='bbox 1620 957 1667 983; x_wconf 72' lang='grc' dir='ltr'>καὶ</span> <span class='ocrx_word' id='word_1_308' title='bbox 1679 957 1730 988; x_wconf 80' lang='grc' dir='ltr'><strong>τὰς</strong></span> <span class='ocrx_word' id='word_1_309' title='bbox 1740 957 1824 988; x_wconf 74' lang='grc' dir='ltr'>ἄλλας</span> <span class='ocrx_word' id='word_1_310' title='bbox 1835 957 1869 987; x_wconf 74' lang='grc' dir='ltr'>ἃς</span> 
     </span>
    </p>
   </div>
   <div class='ocr_carea' id='block_1_46' title="bbox 1070 1001 1869 1039">
    <p class='ocr_par' dir='ltr' id='par_1_46' title="bbox 1070 1001 1869 1039">
     <span class='ocr_line' id='line_1_46' title="bbox 1070 1001 1869 1039; baseline -0.004 -10"><span class='ocrx_word' id='word_1_311' title='bbox 1070 1003 1170 1039; x_wconf 76' lang='grc' dir='ltr'>οἱπερὶ</span> <span class='ocrx_word' id='word_1_312' title='bbox 1187 1003 1288 1030; x_wconf 73' lang='lat' dir='ltr'><strong>‘Aéttov</strong></span> <span class='ocrx_word' id='word_1_313' title='bbox 1303 1003 1473 1030; x_wconf 81' lang='grc' dir='ltr'>ὲτελέσαντο.</span> <span class='ocrx_word' id='word_1_314' title='bbox 1490 1002 1646 1038; x_wconf 80' lang='grc' dir='ltr'>Δεξάμενος</span> <span class='ocrx_word' id='word_1_315' title='bbox 1654 1002 1682 1028; x_wconf 83' lang='grc' dir='ltr'>δὲ</span> <span class='ocrx_word' id='word_1_316' title='bbox 1692 1001 1742 1036; x_wconf 81' lang='grc' dir='ltr'>τὴν</span> <span class='ocrx_word' id='word_1_317' title='bbox 1758 1001 1869 1027; x_wconf 78' lang='grc' dir='ltr'>ἐπιστο-</span> 
     </span>
    </p>
   </div>
   <div class='ocr_carea' id='block_1_47' title="bbox 1070 1046 1869 1084">
    <p class='ocr_par' dir='ltr' id='par_1_47' title="bbox 1070 1046 1869 1084">
     <span class='ocr_line' id='line_1_47' title="bbox 1070 1046 1869 1084; baseline -0.005 -9"><span class='ocrx_word' id='word_1_318' title='bbox 1070 1047 1119 1084; x_wconf 85' lang='grc' dir='ltr'>λὴν</span> <span class='ocrx_word' id='word_1_319' title='bbox 1127 1048 1244 1084; x_wconf 81' lang='grc' dir='ltr'>ἄσμενος</span> <span class='ocrx_word' id='word_1_320' title='bbox 1259 1049 1274 1074; x_wconf 86' lang='grc' dir='ltr'><strong><em>ὁ</em></strong></span> <span class='ocrx_word' id='word_1_321' title='bbox 1290 1048 1428 1082; x_wconf 77' lang='grc' dir='ltr'>Εὐδόξιος,</span> <span class='ocrx_word' id='word_1_322' title='bbox 1442 1047 1497 1074; x_wconf 85' lang='grc' dir='ltr'>τῶν</span> <span class='ocrx_word' id='word_1_323' title='bbox 1512 1047 1562 1082; x_wconf 80' lang='grc' dir='ltr'>μὲν</span> <span class='ocrx_word' id='word_1_324' title='bbox 1576 1047 1665 1082; x_wconf 85' lang='grc' dir='ltr'>ὅρκων</span> <span class='ocrx_word' id='word_1_325' title='bbox 1676 1046 1723 1078; x_wconf 82' lang='grc' dir='ltr'>οὓς</span> <span class='ocrx_word' id='word_1_326' title='bbox 1742 1046 1869 1082; x_wconf 81' lang='grc' dir='ltr'>Εὺνομίῳ</span> 
     </span>
    </p>
   </div>
   <div class='ocr_carea' id='block_1_48' title="bbox 1070 1093 1869 1130">
    <p class='ocr_par' dir='ltr' id='par_1_48' title="bbox 1070 1093 1869 1130">
     <span class='ocr_line' id='line_1_48' title="bbox 1070 1093 1869 1130; baseline -0.003 -10"><span class='ocrx_word' id='word_1_327' title='bbox 1070 1094 1227 1130; x_wconf 83' lang='grc' dir='ltr'>ὀμώμοστο,</span> <span class='ocrx_word' id='word_1_328' title='bbox 1246 1094 1294 1122; x_wconf 75' lang='grc' dir='ltr'>καὶ</span> <span class='ocrx_word' id='word_1_329' title='bbox 1311 1094 1366 1121; x_wconf 87' lang='grc' dir='ltr'>τῶν</span> <span class='ocrx_word' id='word_1_330' title='bbox 1386 1094 1455 1130; x_wconf 82' lang='grc' dir='ltr'>πρὸς</span> <span class='ocrx_word' id='word_1_331' title='bbox 1472 1093 1591 1126; x_wconf 81' lang='grc' dir='ltr'>Εὺζώῖον</span> <span class='ocrx_word' id='word_1_332' title='bbox 1614 1093 1799 1129; x_wconf 79' lang='grc' dir='ltr'>γραμμάτων,</span> <span class='ocrx_word' id='word_1_333' title='bbox 1820 1093 1869 1119; x_wconf 77' lang='grc' dir='ltr'>καὶ</span> 
     </span>
    </p>
   </div>
   <div class='ocr_carea' id='block_1_49' title="bbox 1070 1139 1868 1175">
    <p class='ocr_par' dir='ltr' id='par_1_49' title="bbox 1070 1139 1868 1175">
     <span class='ocr_line' id='line_1_49' title="bbox 1070 1139 1868 1175; baseline -0.004 -8"><span class='ocrx_word' id='word_1_334' title='bbox 1070 1140 1126 1167; x_wconf 77' lang='grc' dir='ltr'><strong>τῶν</strong></span> <span class='ocrx_word' id='word_1_335' title='bbox 1140 1140 1244 1167; x_wconf 83' lang='grc' dir='ltr'>πολλῶν</span> <span class='ocrx_word' id='word_1_336' title='bbox 1259 1140 1342 1167; x_wconf 82' lang='grc' dir='ltr'>αὐτοῦ</span> <span class='ocrx_word' id='word_1_337' title='bbox 1354 1141 1402 1167; x_wconf 80' lang='grc' dir='ltr'><strong>καὶ</strong></span> <span class='ocrx_word' id='word_1_338' title='bbox 1420 1140 1551 1167; x_wconf 77' lang='grc' dir='ltr'>ποικίλων</span> <span class='ocrx_word' id='word_1_339' title='bbox 1564 1140 1749 1175; x_wconf 82' lang='grc' dir='ltr'>ὑποσχέσεων,</span> <span class='ocrx_word' id='word_1_340' title='bbox 1759 1139 1868 1165; x_wconf 72' lang='grc' dir='ltr'>τούτων</span> 
     </span>
    </p>
   </div>
   <div class='ocr_carea' id='block_1_50' title="bbox 1071 1185 1868 1222">
    <p class='ocr_par' dir='ltr' id='par_1_50' title="bbox 1071 1185 1868 1222">
     <span class='ocr_line' id='line_1_50' title="bbox 1071 1185 1868 1222; baseline -0.003 -10"><span class='ocrx_word' id='word_1_341' title='bbox 1071 1186 1148 1213; x_wconf 76' lang='grc' dir='ltr'>οὐδὲν</span> <span class='ocrx_word' id='word_1_342' title='bbox 1162 1186 1209 1213; x_wconf 75' lang='grc' dir='ltr'><strong>ἐπὶ</strong></span> <span class='ocrx_word' id='word_1_343' title='bbox 1224 1186 1285 1213; x_wconf 78' lang='grc' dir='ltr'>νοῦν</span> <span class='ocrx_word' id='word_1_344' title='bbox 1307 1186 1462 1222; x_wconf 75' lang='grc' dir='ltr'>ἐλάμϐανεν</span> <span class='ocrx_word' id='word_1_345' title='bbox 1473 1206 1481 1218; x_wconf 86' lang='grc'><strong>,</strong></span> <span class='ocrx_word' id='word_1_346' title='bbox 1496 1186 1658 1222; x_wconf 76' lang='grc' dir='ltr'>ἀντιγράφει</span> <span class='ocrx_word' id='word_1_347' title='bbox 1674 1185 1703 1212; x_wconf 83' lang='grc' dir='ltr'>δὲ</span> <span class='ocrx_word' id='word_1_348' title='bbox 1720 1185 1787 1221; x_wconf 82' lang='grc' dir='ltr'>πρὸς</span> <span class='ocrx_word' id='word_1_349' title='bbox 1803 1185 1868 1216; x_wconf 72' lang='grc' dir='ltr'>τοὺς</span> 
     </span>
    </p>
   </div>
   <div class='ocr_carea' id='block_1_51' title="bbox 1071 1230 1866 1268">
    <p class='ocr_par' dir='ltr' id='par_1_51' title="bbox 1071 1230 1866 1268">
     <span class='ocr_line' id='line_1_51' title="bbox 1071 1230 1866 1268; baseline -0.003 -10"><span class='ocrx_word' id='word_1_350' title='bbox 1071 1232 1136 1267; x_wconf 72' lang='grc' dir='ltr'>περὶ</span> <span class='ocrx_word' id='word_1_351' title='bbox 1150 1232 1300 1265; x_wconf 83' lang='grc' dir='ltr'>Θεοδόσιον,</span> <span class='ocrx_word' id='word_1_352' title='bbox 1323 1232 1480 1268; x_wconf 75' lang='grc' dir='ltr'>ἐποτρύνων</span> <span class='ocrx_word' id='word_1_353' title='bbox 1503 1232 1602 1262; x_wconf 77' lang='grc' dir='ltr'>αὐτοὺς</span> <span class='ocrx_word' id='word_1_354' title='bbox 1619 1232 1659 1263; x_wconf 81' lang='grc' dir='ltr'>εἰς</span> <span class='ocrx_word' id='word_1_355' title='bbox 1680 1231 1730 1266; x_wconf 83' lang='grc' dir='ltr'>τὴν</span> <span class='ocrx_word' id='word_1_356' title='bbox 1754 1230 1866 1266; x_wconf 72' lang='grc' dir='ltr'>πρᾶξιν.</span> 
     </span>
    </p>
   </div>
   <div class='ocr_carea' id='block_1_52' title="bbox 1074 1277 1867 1314">
    <p class='ocr_par' dir='ltr' id='par_1_52' title="bbox 1074 1277 1867 1314">
     <span class='ocr_line' id='line_1_52' title="bbox 1074 1277 1867 1314; baseline -0.001 -10"><span class='ocrx_word' id='word_1_357' title='bbox 1074 1278 1174 1313; x_wconf 84' lang='grc' dir='ltr'>μᾶλλον</span> <span class='ocrx_word' id='word_1_358' title='bbox 1196 1277 1224 1304; x_wconf 82' lang='grc' dir='ltr'>δὲ</span> <span class='ocrx_word' id='word_1_359' title='bbox 1248 1278 1444 1313; x_wconf 79' lang='grc' dir='ltr'>ὑποτιθέμενος</span> <span class='ocrx_word' id='word_1_360' title='bbox 1469 1279 1569 1314; x_wconf 84' lang='grc' dir='ltr'>χωρεῖν</span> <span class='ocrx_word' id='word_1_361' title='bbox 1596 1278 1668 1305; x_wconf 82' lang='grc' dir='ltr'>κατὰ</span> <span class='ocrx_word' id='word_1_362' title='bbox 1696 1277 1750 1303; x_wconf 87' lang='grc' dir='ltr'><strong>τῶν</strong></span> <span class='ocrx_word' id='word_1_363' title='bbox 1777 1284 1867 1312; x_wconf 72' lang='grc' dir='ltr'>παρα-</span> 
     </span>
    </p>
   </div>
   <div class='ocr_carea' id='block_1_53' title="bbox 1072 1322 1729 1359">
    <p class='ocr_par' dir='ltr' id='par_1_53' title="bbox 1072 1322 1729 1359">
     <span class='ocr_line' id='line_1_53' title="bbox 1072 1322 1729 1359; baseline 0 -10"><span class='ocrx_word' id='word_1_364' title='bbox 1072 1322 1202 1358; x_wconf 85' lang='grc' dir='ltr'>σχόντων,</span> <span class='ocrx_word' id='word_1_365' title='bbox 1219 1323 1300 1359; x_wconf 83' lang='grc' dir='ltr'><strong>ἣτῶν</strong></span> <span class='ocrx_word' id='word_1_366' title='bbox 1315 1323 1473 1359; x_wconf 77' lang='grc' dir='ltr'>δεξαμένων</span> <span class='ocrx_word' id='word_1_367' title='bbox 1487 1323 1536 1354; x_wconf 74' lang='grc' dir='ltr'><strong>τὰς</strong></span> <span class='ocrx_word' id='word_1_368' title='bbox 1549 1323 1729 1359; x_wconf 80' lang='grc' dir='ltr'>χειροτονίας.</span> 
     </span>
    </p>
   </div>
   <div class='ocr_carea' id='block_1_54' title="bbox 225 1368 1866 1404">
    <p class='ocr_par' dir='ltr' id='par_1_54' title="bbox 225 1368 1866 1404">
     <span class='ocr_line' id='line_1_54' title="bbox 225 1368 1866 1404; baseline -0.001 -8"><span class='ocrx_word' id='word_1_369' title='bbox 225 1375 289 1396; x_wconf 91' lang='lat' dir='ltr'><strong>cum</strong></span> <span class='ocrx_word' id='word_1_370' title='bbox 305 1368 351 1395; x_wconf 94' lang='lat' dir='ltr'><strong>illo</strong></span> <span class='ocrx_word' id='word_1_371' title='bbox 365 1372 445 1396; x_wconf 84' lang='lat' dir='ltr'><strong>erant</strong></span> <span class='ocrx_word' id='word_1_372' title='bbox 456 1368 608 1403; x_wconf 85' lang='lat' dir='ltr'><strong>rescripsit.</strong></span> <span class='ocrx_word' id='word_1_373' title='bbox 625 1369 744 1396; x_wconf 88' lang='lat' dir='ltr'><strong>incitans</strong></span> <span class='ocrx_word' id='word_1_374' title='bbox 768 1369 831 1396; x_wconf 90' lang='lat' dir='ltr'><strong>illos</strong></span> <span class='ocrx_word' id='word_1_375' title='bbox 847 1368 880 1395; x_wconf 86' lang='lat' dir='ltr'><strong>ad</strong></span> <span class='ocrx_word' id='word_1_376' title='bbox 895 1376 953 1396; x_wconf 88' lang='lat' dir='ltr'><strong>rem</strong></span> <span class='ocrx_word' id='word_1_377' title='bbox 977 1374 1088 1397; x_wconf 90' lang='lat' dir='ltr'><strong>strenue</strong></span> <span class='ocrx_word' id='word_1_378' title='bbox 1110 1369 1327 1404; x_wconf 85' lang='lat' dir='ltr'><strong>exsequendam,</strong></span> <span class='ocrx_word' id='word_1_379' title='bbox 1354 1376 1526 1404; x_wconf 79' lang='lat' dir='ltr'><strong>moriensque</strong></span> <span class='ocrx_word' id='word_1_380' title='bbox 1554 1374 1583 1396; x_wconf 87' lang='lat' dir='ltr'><strong>ut</strong></span> <span class='ocrx_word' id='word_1_381' title='bbox 1603 1369 1631 1396; x_wconf 89' lang='lat' dir='ltr'><strong>in</strong></span> <span class='ocrx_word' id='word_1_382' title='bbox 1646 1376 1693 1396; x_wconf 86' lang='lat' dir='ltr'><strong>eos</strong></span> <span class='ocrx_word' id='word_1_383' title='bbox 1717 1373 1806 1403; x_wconf 82' lang='lat' dir='ltr'><strong>potius</strong></span> <span class='ocrx_word' id='word_1_384' title='bbox 1819 1369 1866 1404; x_wconf 66' lang='lat' dir='ltr'><strong>qui</strong></span> 
     </span>
    </p>
   </div>
   <div class='ocr_carea' id='block_1_55' title="bbox 230 1415 1804 1452">
    <p class='ocr_par' dir='ltr' id='par_1_55' title="bbox 230 1415 1804 1452">
     <span class='ocr_line' id='line_1_55' title="bbox 230 1415 1804 1452; baseline 0.001 -9"><span class='ocrx_word' id='word_1_385' title='bbox 230 1416 419 1444; x_wconf 80' lang='lat' dir='ltr'><strong>ordinationes</strong></span> <span class='ocrx_word' id='word_1_386' title='bbox 439 1415 570 1448; x_wconf 79' lang='lat' dir='ltr'><strong>fecerant,</strong></span> <span class='ocrx_word' id='word_1_387' title='bbox 587 1424 668 1452; x_wconf 89' lang='lat' dir='ltr'><strong>quam</strong></span> <span class='ocrx_word' id='word_1_388' title='bbox 692 1417 719 1443; x_wconf 93' lang='lat' dir='ltr'><strong>in</strong></span> <span class='ocrx_word' id='word_1_389' title='bbox 742 1416 804 1444; x_wconf 83' lang='lat' dir='ltr'><strong>illos</strong></span> <span class='ocrx_word' id='word_1_390' title='bbox 820 1416 867 1451; x_wconf 86' lang='lat' dir='ltr'><strong>qui</strong></span> <span class='ocrx_word' id='word_1_391' title='bbox 895 1421 1083 1451; x_wconf 83' lang='lat' dir='ltr'><strong>susceperant,</strong></span> <span class='ocrx_word' id='word_1_392' title='bbox 1098 1416 1357 1445; x_wconf 80' lang='lat' dir='ltr'><strong>animadverterent.</strong></span> <span class='ocrx_word' id='word_1_393' title='bbox 1799 1436 1804 1440; x_wconf 82' lang='lat'><strong>.</strong></span> 
     </span>
    </p>
   </div>
   <div class='ocr_carea' id='block_1_56' title="bbox 262 1462 1017 1498">
    <p class='ocr_par' dir='ltr' id='par_1_56' title="bbox 262 1462 1017 1498">
     <span class='ocr_line' id='line_1_56' title="bbox 262 1462 1017 1498; baseline 0.001 -9"><span class='ocrx_word' id='word_1_394' title='bbox 262 1462 288 1490; x_wconf 84' lang='lat'><strong>5.</strong></span> <span class='ocrx_word' id='word_1_395' title='bbox 306 1462 434 1490; x_wconf 77' lang='lat' dir='ltr'><strong>Iovianus</strong></span> <span class='ocrx_word' id='word_1_396' title='bbox 450 1463 515 1497; x_wconf 85' lang='lat' dir='ltr'><strong>imp.</strong></span> <span class='ocrx_word' id='word_1_397' title='bbox 531 1463 655 1490; x_wconf 75' lang='lat' dir='ltr'><strong>ecclesias</strong></span> <span class='ocrx_word' id='word_1_398' title='bbox 671 1462 799 1489; x_wconf 75' lang='lat' dir='ltr'><strong>restituit.</strong></span> <span class='ocrx_word' id='word_1_399' title='bbox 814 1477 850 1482; x_wconf 94' lang='lat'><strong>——</strong></span> <span class='ocrx_word' id='word_1_400' title='bbox 865 1462 1017 1498; x_wconf 82' lang='lat' dir='ltr'><strong>Imperator</strong></span> 
     </span>
    </p>
   </div>
   <div class='ocr_carea' id='block_1_57' title="bbox 225 1508 1016 1544">
    <p class='ocr_par' dir='ltr' id='par_1_57' title="bbox 225 1508 1016 1544">
     <span class='ocr_line' id='line_1_57' title="bbox 225 1508 1016 1544; baseline -0.001 -8"><span class='ocrx_word' id='word_1_401' title='bbox 225 1509 357 1536; x_wconf 79' lang='lat' dir='ltr'><strong>Jorianus</strong></span> <span class='ocrx_word' id='word_1_402' title='bbox 375 1509 522 1544; x_wconf 90' lang='lat' dir='ltr'><strong>pristinum</strong></span> <span class='ocrx_word' id='word_1_403' title='bbox 537 1509 641 1536; x_wconf 80' lang='lat' dir='ltr'><strong>cultum</strong></span> <span class='ocrx_word' id='word_1_404' title='bbox 664 1508 783 1536; x_wconf 74' lang='lat' dir='ltr'><strong>restituit</strong></span> <span class='ocrx_word' id='word_1_405' title='bbox 796 1508 928 1541; x_wconf 75' lang='lat' dir='ltr'><strong>ecclesiis,</strong></span> <span class='ocrx_word' id='word_1_406' title='bbox 943 1509 1016 1536; x_wconf 91' lang='lat' dir='ltr'><strong>omni</strong></span> 
     </span>
    </p>
   </div>
   <div class='ocr_carea' id='block_1_58' title="bbox 1104 1461 1866 1498">
    <p class='ocr_par' dir='ltr' id='par_1_58' title="bbox 1104 1461 1866 1498">
     <span class='ocr_line' id='line_1_58' title="bbox 1104 1461 1866 1498; baseline 0 -9"><span class='ocrx_word' id='word_1_407' title='bbox 1104 1466 1135 1489; x_wconf 81' lang='grc' dir='ltr'><strong>ε’.</strong></span> <span class='ocrx_word' id='word_1_408' title='bbox 1148 1463 1209 1489; x_wconf 68' lang='grc' dir='ltr'><strong>Ὀτι</strong></span> <span class='ocrx_word' id='word_1_409' title='bbox 1224 1464 1238 1489; x_wconf 87' lang='grc' dir='ltr'>ὁ</span> <span class='ocrx_word' id='word_1_410' title='bbox 1248 1462 1376 1498; x_wconf 80' lang='grc' dir='ltr'>βασιλεὺς</span> <span class='ocrx_word' id='word_1_411' title='bbox 1391 1461 1528 1493; x_wconf 63' lang='lat' dir='ltr'><strong>meme;</strong></span> <span class='ocrx_word' id='word_1_412' title='bbox 1538 1461 1585 1488; x_wconf 85' lang='grc' dir='ltr'><strong>τὸν</strong></span> <span class='ocrx_word' id='word_1_413' title='bbox 1592 1462 1705 1497; x_wconf 85' lang='grc' dir='ltr'>ἀρχαῖον</span> <span class='ocrx_word' id='word_1_414' title='bbox 1716 1461 1816 1497; x_wconf 80' lang='grc' dir='ltr'>κόσμον</span> <span class='ocrx_word' id='word_1_415' title='bbox 1825 1465 1866 1497; x_wconf 70' lang='grc' dir='ltr'><strong>(α)</strong></span> 
     </span>
    </p>
   </div>
   <div class='ocr_carea' id='block_1_59' title="bbox 1071 1507 1867 1543">
    <p class='ocr_par' dir='ltr' id='par_1_59' title="bbox 1071 1507 1867 1543">
     <span class='ocr_line' id='line_1_59' title="bbox 1071 1507 1867 1543; baseline -0.001 -7"><span class='ocrx_word' id='word_1_416' title='bbox 1071 1509 1272 1543; x_wconf 82' lang='grc' dir='ltr'>ἀποκαθίστησι</span> <span class='ocrx_word' id='word_1_417' title='bbox 1292 1510 1352 1540; x_wconf 88' lang='grc' dir='ltr'>ταῖς</span> <span class='ocrx_word' id='word_1_418' title='bbox 1363 1507 1549 1543; x_wconf 81' lang='grc' dir='ltr'>Ἑκκλησίαις.</span> <span class='ocrx_word' id='word_1_419' title='bbox 1566 1508 1656 1543; x_wconf 78' lang='grc' dir='ltr'>πάσης</span> <span class='ocrx_word' id='word_1_420' title='bbox 1679 1507 1764 1539; x_wconf 75' lang='grc' dir='ltr'>αὑτὰς</span> <span class='ocrx_word' id='word_1_421' title='bbox 1779 1508 1867 1535; x_wconf 82' lang='grc' dir='ltr'>ἀπαλ-</span> 
     </span>
    </p>
   </div>
   <div class='ocr_carea' id='block_1_60' title="bbox 224 1553 1016 1602">
    <p class='ocr_par' dir='ltr' id='par_1_60' title="bbox 224 1553 1016 1591">
     <span class='ocr_line' id='line_1_60' title="bbox 224 1553 1016 1591; baseline -0.003 -8"><span class='ocrx_word' id='word_1_422' title='bbox 224 1563 272 1583; x_wconf 86' lang='lat' dir='ltr'><strong>eas</strong></span> <span class='ocrx_word' id='word_1_423' title='bbox 285 1556 429 1583; x_wconf 84' lang='lat' dir='ltr'><strong>vexatione</strong></span> <span class='ocrx_word' id='word_1_424' title='bbox 450 1555 571 1582; x_wconf 88' lang='lat' dir='ltr'><strong>liberans</strong></span> <span class='ocrx_word' id='word_1_425' title='bbox 584 1562 666 1589; x_wconf 88' lang='lat' dir='ltr'><strong>quam</strong></span> <span class='ocrx_word' id='word_1_426' title='bbox 690 1555 820 1589; x_wconf 79' lang='lat' dir='ltr'><strong>Apostata</strong></span> <span class='ocrx_word' id='word_1_427' title='bbox 839 1553 964 1582; x_wconf 79' lang='lat' dir='ltr'><strong>Julianus</strong></span> <span class='ocrx_word' id='word_1_428' title='bbox 978 1555 1016 1591; x_wconf 88' lang='lat' dir='ltr'><strong>ip-</strong></span> 
     </span>
    </p>
   </div>
   <div class='ocr_carea' id='block_1_61' title="bbox 1072 1553 1864 1602">
    <p class='ocr_par' dir='ltr' id='par_1_61' title="bbox 1072 1553 1864 1590">
     <span class='ocr_line' id='line_1_61' title="bbox 1072 1553 1864 1590; baseline -0.001 -8"><span class='ocrx_word' id='word_1_429' title='bbox 1072 1554 1155 1588; x_wconf 81' lang='grc' dir='ltr'>λάξας</span> <span class='ocrx_word' id='word_1_430' title='bbox 1167 1554 1310 1590; x_wconf 83' lang='grc' dir='ltr'>ἐπηρείας,</span> <span class='ocrx_word' id='word_1_431' title='bbox 1321 1554 1387 1589; x_wconf 81' lang='grc' dir='ltr'>ὅσην</span> <span class='ocrx_word' id='word_1_432' title='bbox 1404 1554 1517 1585; x_wconf 83' lang='grc' dir='ltr'>αὐταῖςό</span> <span class='ocrx_word' id='word_1_433' title='bbox 1525 1553 1691 1588; x_wconf 79' lang='grc' dir='ltr'>Ἀποστὰτης</span> <span class='ocrx_word' id='word_1_434' title='bbox 1701 1554 1864 1589; x_wconf 70' lang='grc' dir='ltr'>ἐπήνεγκεν.</span> 
     </span>
    </p>
   </div>
   <div class='ocr_carea' id='block_1_62' title="bbox 226 1600 1018 1635">
    <p class='ocr_par' dir='ltr' id='par_1_62' title="bbox 226 1600 1018 1635">
     <span class='ocr_line' id='line_1_62' title="bbox 226 1600 1018 1635; baseline -0.001 -6"><span class='ocrx_word' id='word_1_435' title='bbox 226 1601 266 1629; x_wconf 88' lang='lat' dir='ltr'><strong>sis</strong></span> <span class='ocrx_word' id='word_1_436' title='bbox 280 1601 419 1628; x_wconf 85' lang='lat' dir='ltr'><strong>intulerat.</strong></span> <span class='ocrx_word' id='word_1_437' title='bbox 440 1600 590 1628; x_wconf 78' lang='lat' dir='ltr'><strong>Revocavit</strong></span> <span class='ocrx_word' id='word_1_438' title='bbox 603 1600 686 1628; x_wconf 88' lang='lat' dir='ltr'><strong>etiam</strong></span> <span class='ocrx_word' id='word_1_439' title='bbox 701 1600 736 1627; x_wconf 88' lang='lat' dir='ltr'><strong>ab</strong></span> <span class='ocrx_word' id='word_1_440' title='bbox 756 1600 855 1628; x_wconf 80' lang='lat' dir='ltr'><strong>exsilio</strong></span> <span class='ocrx_word' id='word_1_441' title='bbox 879 1608 1018 1635; x_wconf 86' lang='lat' dir='ltr'><strong>quoscun-</strong></span> 
     </span>
    </p>
   </div>
   <div class='ocr_carea' id='block_1_63' title="bbox 225 1646 1020 1682">
    <p class='ocr_par' dir='ltr' id='par_1_63' title="bbox 225 1646 1020 1682">
     <span class='ocr_line' id='line_1_63' title="bbox 225 1646 1020 1682; baseline 0 -8"><span class='ocrx_word' id='word_1_442' title='bbox 225 1655 279 1682; x_wconf 87' lang='lat' dir='ltr'><strong>que</strong></span> <span class='ocrx_word' id='word_1_443' title='bbox 300 1647 345 1675; x_wconf 90' lang='lat' dir='ltr'><strong>ille</strong></span> <span class='ocrx_word' id='word_1_444' title='bbox 359 1646 537 1682; x_wconf 79' lang='lat' dir='ltr'><strong>relegaverat,</strong></span> <span class='ocrx_word' id='word_1_445' title='bbox 554 1651 696 1681; x_wconf 87' lang='lat' dir='ltr'><strong>propterea</strong></span> <span class='ocrx_word' id='word_1_446' title='bbox 717 1646 790 1681; x_wconf 86' lang='lat' dir='ltr'><strong>quod</strong></span> <span class='ocrx_word' id='word_1_447' title='bbox 812 1646 940 1682; x_wconf 84' lang='lat' dir='ltr'><strong>pietatem</strong></span> <span class='ocrx_word' id='word_1_448' title='bbox 956 1655 1020 1681; x_wconf 91' lang='lat' dir='ltr'><strong>pro-</strong></span> 
     </span>
    </p>
   </div>
   <div class='ocr_carea' id='block_1_64' title="bbox 1079 1599 1867 1637">
    <p class='ocr_par' dir='ltr' id='par_1_64' title="bbox 1079 1599 1867 1637">
     <span class='ocr_line' id='line_1_64' title="bbox 1079 1599 1867 1637; baseline 0 -10"><span class='ocrx_word' id='word_1_449' title='bbox 1079 1600 1269 1628; x_wconf 74' lang='grc' dir='ltr'>’Δνακαλεῖται</span> <span class='ocrx_word' id='word_1_450' title='bbox 1291 1600 1321 1627; x_wconf 79' lang='grc' dir='ltr'>δὲ</span> <span class='ocrx_word' id='word_1_451' title='bbox 1343 1601 1390 1627; x_wconf 75' lang='grc' dir='ltr'>καὶ</span> <span class='ocrx_word' id='word_1_452' title='bbox 1405 1599 1453 1632; x_wconf 83' lang='grc' dir='ltr'>οὒς</span> <span class='ocrx_word' id='word_1_453' title='bbox 1476 1600 1579 1631; x_wconf 71' lang='grc' dir='ltr'>ἐκεῖνος</span> <span class='ocrx_word' id='word_1_454' title='bbox 1603 1599 1654 1635; x_wconf 84' lang='grc' dir='ltr'>τῆς</span> <span class='ocrx_word' id='word_1_455' title='bbox 1675 1599 1867 1637; x_wconf 18' lang='grc' dir='ltr'>εὐσεϐείαςίοὺ</span> 
     </span>
    </p>
   </div>
   <div class='ocr_carea' id='block_1_65' title="bbox 1076 1645 1867 1682">
    <p class='ocr_par' dir='ltr' id='par_1_65' title="bbox 1076 1645 1867 1682">
     <span class='ocr_line' id='line_1_65' title="bbox 1076 1645 1867 1682; baseline -0.001 -9"><span class='ocrx_word' id='word_1_456' title='bbox 1076 1646 1254 1682; x_wconf 85' lang='grc' dir='ltr'>μεθιεμένους</span> <span class='ocrx_word' id='word_1_457' title='bbox 1270 1647 1438 1681; x_wconf 70' lang='grc' dir='ltr'>ἐφυγάδευσε</span> <span class='ocrx_word' id='word_1_458' title='bbox 1449 1654 1457 1661; x_wconf 79' lang='grc'><strong><em>⁸</em></strong></span> <span class='ocrx_word' id='word_1_459' title='bbox 1468 1646 1571 1673; x_wconf 86' lang='grc' dir='ltr'>τούτων</span> <span class='ocrx_word' id='word_1_460' title='bbox 1583 1646 1630 1672; x_wconf 75' lang='grc' dir='ltr'>καὶ</span> <span class='ocrx_word' id='word_1_461' title='bbox 1643 1645 1867 1678; x_wconf 77' lang='grc' dir='ltr'>Οὑαλεντινιανὺς</span> 
     </span>
    </p>
   </div>
   <div class='ocr_carea' id='block_1_66' title="bbox 226 1691 1016 1729">
    <p class='ocr_par' dir='ltr' id='par_1_66' title="bbox 226 1692 1016 1727">
     <span class='ocr_line' id='line_1_66' title="bbox 226 1692 1016 1727; baseline 0 -6"><span class='ocrx_word' id='word_1_462' title='bbox 226 1694 290 1721; x_wconf 86' lang='lat' dir='ltr'><strong>dere</strong></span> <span class='ocrx_word' id='word_1_463' title='bbox 313 1693 466 1720; x_wconf 90' lang='lat' dir='ltr'><strong>noluissent</strong></span> <span class='ocrx_word' id='word_1_464' title='bbox 482 1701 489 1720; x_wconf 89' lang='lat'><strong>:</strong></span> <span class='ocrx_word' id='word_1_465' title='bbox 504 1700 621 1727; x_wconf 91' lang='lat' dir='ltr'><strong>quorum</strong></span> <span class='ocrx_word' id='word_1_466' title='bbox 643 1700 676 1720; x_wconf 87' lang='lat' dir='ltr'><strong>ex</strong></span> <span class='ocrx_word' id='word_1_467' title='bbox 695 1700 809 1720; x_wconf 91' lang='lat' dir='ltr'><strong>numero</strong></span> <span class='ocrx_word' id='word_1_468' title='bbox 833 1692 885 1720; x_wconf 86' lang='lat' dir='ltr'><strong>fuit</strong></span> <span class='ocrx_word' id='word_1_469' title='bbox 902 1692 1016 1721; x_wconf 66' lang='lat' dir='ltr'><strong>Valenti~</strong></span> 
     </span>
    </p>
   </div>
   <div class='ocr_carea' id='block_1_67' title="bbox 1072 1691 1791 1729">
    <p class='ocr_par' dir='ltr' id='par_1_67' title="bbox 1073 1691 1791 1729">
     <span class='ocr_line' id='line_1_67' title="bbox 1073 1691 1791 1729; baseline -0.001 -9"><span class='ocrx_word' id='word_1_470' title='bbox 1073 1691 1119 1729; x_wconf 80' lang='grc' dir='ltr'>ἦν,</span> <span class='ocrx_word' id='word_1_471' title='bbox 1134 1693 1188 1720; x_wconf 80' lang='grc' dir='ltr'><strong>ἀπὸ</strong></span> <span class='ocrx_word' id='word_1_472' title='bbox 1196 1693 1293 1729; x_wconf 80' lang='grc' dir='ltr'>Θηϐῶν</span> <span class='ocrx_word' id='word_1_473' title='bbox 1308 1693 1361 1720; x_wconf 84' lang='grc' dir='ltr'>τῶν</span> <span class='ocrx_word' id='word_1_474' title='bbox 1382 1692 1538 1727; x_wconf 83' lang='grc' dir='ltr'>Δίγυπτίων</span> <span class='ocrx_word' id='word_1_475' title='bbox 1551 1691 1791 1728; x_wconf 79' lang='grc' dir='ltr'>ἀνακομιζόμενος.</span> 
     </span>
    </p>
   </div>
   <div class='ocr_carea' id='block_1_68' title="bbox 226 1738 991 1775">
    <p class='ocr_par' dir='ltr' id='par_1_68' title="bbox 226 1738 991 1775">
     <span class='ocr_line' id='line_1_68' title="bbox 226 1738 991 1775; baseline 0 -8"><span class='ocrx_word' id='word_1_476' title='bbox 226 1740 336 1771; x_wconf 60' lang='lat' dir='ltr'><strong>nimus,</strong></span> <span class='ocrx_word' id='word_1_477' title='bbox 353 1738 399 1773; x_wconf 83' lang='lat' dir='ltr'><strong>qui</strong></span> <span class='ocrx_word' id='word_1_478' title='bbox 414 1744 471 1766; x_wconf 92' lang='lat' dir='ltr'><strong>tum</strong></span> <span class='ocrx_word' id='word_1_479' title='bbox 490 1746 505 1765; x_wconf 88' lang='lat' dir='ltr'><strong>a</strong></span> <span class='ocrx_word' id='word_1_480' title='bbox 522 1738 623 1766; x_wconf 86' lang='lat' dir='ltr'><strong>Thebis</strong></span> <span class='ocrx_word' id='word_1_481' title='bbox 643 1738 778 1775; x_wconf 62' lang='lat' dir='ltr'><strong>[Egyptiis</strong></span> <span class='ocrx_word' id='word_1_482' title='bbox 794 1746 921 1767; x_wconf 87' lang='lat' dir='ltr'><strong>reversus</strong></span> <span class='ocrx_word' id='word_1_483' title='bbox 940 1744 991 1768; x_wconf 84' lang='lat' dir='ltr'><strong>est.</strong></span> 
     </span>
    </p>
   </div>
   <div class='ocr_carea' id='block_1_69' title="bbox 843 1826 1236 1849">
    <p class='ocr_par' dir='ltr' id='par_1_69' title="bbox 843 1826 1236 1849">
     <span class='ocr_line' id='line_1_69' title="bbox 843 1826 1236 1849; baseline 0 -1"><span class='ocrx_word' id='word_1_484' title='bbox 843 1826 964 1848; x_wconf 71' lang='lat' dir='ltr'><strong>VALESII</strong></span> <span class='ocrx_word' id='word_1_485' title='bbox 984 1826 1236 1849; x_wconf 74' lang='lat' dir='ltr'><strong>ANNOTATXONES.</strong></span> 
     </span>
    </p>
   </div>
   <div class='ocr_carea' id='block_1_70' title="bbox 226 1881 1015 1917">
    <p class='ocr_par' dir='ltr' id='par_1_70' title="bbox 226 1881 1015 1917">
     <span class='ocr_line' id='line_1_70' title="bbox 226 1881 1015 1917; baseline -0.003 -6"><span class='ocrx_word' id='word_1_486' title='bbox 226 1883 297 1911; x_wconf 82' lang='grc' dir='ltr'>κατὰ</span> <span class='ocrx_word' id='word_1_487' title='bbox 317 1882 420 1909; x_wconf 75' lang='grc' dir='ltr'>Ἀετίου</span> <span class='ocrx_word' id='word_1_488' title='bbox 435 1882 518 1917; x_wconf 89' lang='grc' dir='ltr'>τόμον</span> <span class='ocrx_word' id='word_1_489' title='bbox 533 1881 665 1915; x_wconf 83' lang='lat' dir='ltr'><strong>nominat;</strong></span> <span class='ocrx_word' id='word_1_490' title='bbox 677 1882 788 1917; x_wconf 86' lang='lat' dir='ltr'><strong>perinde</strong></span> <span class='ocrx_word' id='word_1_491' title='bbox 802 1882 869 1909; x_wconf 74' lang='lat' dir='ltr'><strong>asin</strong></span> <span class='ocrx_word' id='word_1_492' title='bbox 883 1882 935 1910; x_wconf 91' lang='lat' dir='ltr'><strong>hoc</strong></span> <span class='ocrx_word' id='word_1_493' title='bbox 945 1881 1015 1909; x_wconf 89' lang='lat' dir='ltr'><strong>loco.</strong></span> 
     </span>
    </p>
   </div>
   <div class='ocr_carea' id='block_1_71' title="bbox 226 1917 1015 1954">
    <p class='ocr_par' dir='ltr' id='par_1_71' title="bbox 226 1917 1015 1954">
     <span class='ocr_line' id='line_1_71' title="bbox 226 1917 1015 1954; baseline -0.001 -9"><span class='ocrx_word' id='word_1_494' title='bbox 226 1918 397 1954; x_wconf 66' lang='lat' dir='ltr'><strong>&#39;l‘dpovenim</strong></span> <span class='ocrx_word' id='word_1_495' title='bbox 418 1925 522 1954; x_wconf 81' lang='lat' dir='ltr'><strong>vocare</strong></span> <span class='ocrx_word' id='word_1_496' title='bbox 530 1918 655 1954; x_wconf 75' lang='lat' dir='ltr'><strong>solebant</strong></span> <span class='ocrx_word' id='word_1_497' title='bbox 671 1918 824 1954; x_wconf 80' lang='lat' dir='ltr'><strong>epistolam.</strong></span> <span class='ocrx_word' id='word_1_498' title='bbox 845 1917 891 1945; x_wconf 84' lang='lat' dir='ltr'><strong>Sic</strong></span> <span class='ocrx_word' id='word_1_499' title='bbox 905 1918 931 1944; x_wconf 92' lang='lat' dir='ltr'><strong>in</strong></span> <span class='ocrx_word' id='word_1_500' title='bbox 951 1925 1015 1954; x_wconf 83' lang='lat' dir='ltr'><strong>con-</strong></span> 
     </span>
    </p>
   </div>
   <div class='ocr_carea' id='block_1_72' title="bbox 226 1952 1017 1988">
    <p class='ocr_par' dir='ltr' id='par_1_72' title="bbox 226 1952 1017 1988">
     <span class='ocr_line' id='line_1_72' title="bbox 226 1952 1017 1988; baseline -0.003 -7"><span class='ocrx_word' id='word_1_501' title='bbox 226 1952 291 1982; x_wconf 85' lang='lat' dir='ltr'><strong>cilio</strong></span> <span class='ocrx_word' id='word_1_502' title='bbox 307 1952 663 1988; x_wconf 24' lang='lat' dir='ltr'><strong>Chalcedonensiiepistola</strong></span> <span class='ocrx_word' id='word_1_503' title='bbox 691 1953 791 1980; x_wconf 83' lang='lat' dir='ltr'><strong>Leonis</strong></span> <span class='ocrx_word' id='word_1_504' title='bbox 811 1960 888 1987; x_wconf 68' lang='lat' dir='ltr'><strong>papa:</strong></span> <span class='ocrx_word' id='word_1_505' title='bbox 914 1952 1017 1987; x_wconf 89' lang='lat' dir='ltr'><strong>passim</strong></span> 
     </span>
    </p>
   </div>
   <div class='ocr_carea' id='block_1_73' title="bbox 226 1987 1018 2023">
    <p class='ocr_par' dir='ltr' id='par_1_73' title="bbox 226 1987 1018 2023">
     <span class='ocr_line' id='line_1_73' title="bbox 226 1987 1018 2023; baseline 0 -8"><span class='ocrx_word' id='word_1_506' title='bbox 226 1995 317 2016; x_wconf 83' lang='lat' dir='ltr'><strong>tomus</strong></span> <span class='ocrx_word' id='word_1_507' title='bbox 342 1987 504 2023; x_wconf 81' lang='lat' dir='ltr'><strong>appellatur.</strong></span> <span class='ocrx_word' id='word_1_508' title='bbox 527 1987 560 2015; x_wconf 84' lang='lat' dir='ltr'><strong>Et</strong></span> <span class='ocrx_word' id='word_1_509' title='bbox 582 1989 609 2015; x_wconf 92' lang='lat' dir='ltr'><strong>in</strong></span> <span class='ocrx_word' id='word_1_510' title='bbox 630 1988 783 2015; x_wconf 83' lang='lat' dir='ltr'><strong>canonibus</strong></span> <span class='ocrx_word' id='word_1_511' title='bbox 804 1988 900 2023; x_wconf 79' lang='lat' dir='ltr'><strong>synodi</strong></span> <span class='ocrx_word' id='word_1_512' title='bbox 923 1988 1018 2022; x_wconf 70' lang='lat' dir='ltr'><strong>primae</strong></span> 
     </span>
    </p>
   </div>
   <div class='ocr_carea' id='block_1_74' title="bbox 230 2022 1018 2057">
    <p class='ocr_par' dir='ltr' id='par_1_74' title="bbox 230 2022 1018 2057">
     <span class='ocr_line' id='line_1_74' title="bbox 230 2022 1018 2057; baseline -0.003 -6"><span class='ocrx_word' id='word_1_513' title='bbox 230 2024 278 2051; x_wconf 75' lang='lat' dir='ltr'><strong>’LP.</strong></span> <span class='ocrx_word' id='word_1_514' title='bbox 291 2022 385 2051; x_wconf 77' lang='lat' dir='ltr'><strong>tomus</strong></span> <span class='ocrx_word' id='word_1_515' title='bbox 395 2022 610 2051; x_wconf 88' lang='lat' dir='ltr'><strong>Occidentalium</strong></span> <span class='ocrx_word' id='word_1_516' title='bbox 629 2023 697 2050; x_wconf 88' lang='lat' dir='ltr'><strong>nihil</strong></span> <span class='ocrx_word' id='word_1_517' title='bbox 716 2023 790 2050; x_wconf 91' lang='lat' dir='ltr'><strong>aliud</strong></span> <span class='ocrx_word' id='word_1_518' title='bbox 811 2022 947 2057; x_wconf 80' lang='lat' dir='ltr'><strong>estquam</strong></span> <span class='ocrx_word' id='word_1_519' title='bbox 961 2024 1018 2057; x_wconf 89' lang='lat' dir='ltr'><strong>epi-</strong></span> 
     </span>
    </p>
   </div>
   <div class='ocr_carea' id='block_1_75' title="bbox 245 2058 1018 2094">
    <p class='ocr_par' dir='ltr' id='par_1_75' title="bbox 245 2058 1018 2094">
     <span class='ocr_line' id='line_1_75' title="bbox 245 2058 1018 2094; baseline -0.003 -8"><span class='ocrx_word' id='word_1_520' title='bbox 245 2060 295 2086; x_wconf 70' lang='lat' dir='ltr'><strong>‘ola</strong></span> <span class='ocrx_word' id='word_1_521' title='bbox 311 2058 422 2086; x_wconf 81' lang='lat' dir='ltr'><strong>Damasi</strong></span> <span class='ocrx_word' id='word_1_522' title='bbox 437 2066 522 2094; x_wconf 63' lang='lat' dir='ltr'><strong>papae,</strong></span> <span class='ocrx_word' id='word_1_523' title='bbox 536 2059 629 2094; x_wconf 84' lang='lat' dir='ltr'><strong>utjam</strong></span> <span class='ocrx_word' id='word_1_524' title='bbox 643 2059 737 2087; x_wconf 88' lang='lat' dir='ltr'><strong>monui</strong></span> <span class='ocrx_word' id='word_1_525' title='bbox 749 2059 776 2086; x_wconf 93' lang='lat' dir='ltr'><strong>in</strong></span> <span class='ocrx_word' id='word_1_526' title='bbox 787 2058 1018 2091; x_wconf 55' lang='lat' dir='ltr'><strong>Annotationibus</strong></span> 
     </span>
    </p>
   </div>
   <div class='ocr_carea' id='block_1_76' title="bbox 237 2094 485 2122">
    <p class='ocr_par' dir='ltr' id='par_1_76' title="bbox 237 2094 485 2122">
     <span class='ocr_line' id='line_1_76' title="bbox 237 2094 485 2122; baseline 0 -2"><span class='ocrx_word' id='word_1_527' title='bbox 237 2096 259 2122; x_wconf 55' lang='grc' dir='ltr'><strong>ιιι</strong></span> <span class='ocrx_word' id='word_1_528' title='bbox 279 2094 485 2122; x_wconf 86' lang='lat' dir='ltr'><strong>Theodoritum.</strong></span> 
     </span>
    </p>
   </div>
   <div class='ocr_carea' id='block_1_77' title="bbox 262 2127 1014 2165">
    <p class='ocr_par' dir='ltr' id='par_1_77' title="bbox 262 2127 1014 2165">
     <span class='ocr_line' id='line_1_77' title="bbox 262 2127 1014 2165; baseline -0.001 -9"><span class='ocrx_word' id='word_1_529' title='bbox 262 2130 319 2165; x_wconf 61' lang='lat'><strong>(9‘2)</strong></span> <span class='ocrx_word' id='word_1_530' title='bbox 335 2129 417 2162; x_wconf 73' lang='grc' dir='ltr'>Φόϐῳ</span> <span class='ocrx_word' id='word_1_531' title='bbox 430 2128 661 2165; x_wconf 71' lang='grc' dir='ltr'>κοινωσάμενος.</span> <span class='ocrx_word' id='word_1_532' title='bbox 679 2129 821 2157; x_wconf 82' lang='lat' dir='ltr'><strong>Assentior</strong></span> <span class='ocrx_word' id='word_1_533' title='bbox 835 2127 1014 2165; x_wconf 84' lang='lat' dir='ltr'><strong>Gothofredo,</strong></span> 
     </span>
    </p>
   </div>
   <div class='ocr_carea' id='block_1_78' title="bbox 239 2164 1013 2198">
    <p class='ocr_par' dir='ltr' id='par_1_78' title="bbox 239 2164 1013 2198">
     <span class='ocr_line' id='line_1_78' title="bbox 239 2164 1013 2198; baseline 0.001 -8"><span class='ocrx_word' id='word_1_534' title='bbox 239 2166 273 2196; x_wconf 69' lang='lat' dir='ltr'><strong>mi</strong></span> <span class='ocrx_word' id='word_1_535' title='bbox 290 2165 379 2197; x_wconf 74' lang='grc' dir='ltr'>Φοίδῳ</span> <span class='ocrx_word' id='word_1_536' title='bbox 393 2164 557 2196; x_wconf 86' lang='lat' dir='ltr'><strong>emendavit,</strong></span> <span class='ocrx_word' id='word_1_537' title='bbox 571 2169 598 2191; x_wconf 90' lang='lat' dir='ltr'><strong>et</strong></span> <span class='ocrx_word' id='word_1_538' title='bbox 617 2164 749 2191; x_wconf 63' lang='lat' dir='ltr'><strong>Phoebum</strong></span> <span class='ocrx_word' id='word_1_539' title='bbox 767 2165 840 2191; x_wconf 88' lang='lat' dir='ltr'><strong>hunc</strong></span> <span class='ocrx_word' id='word_1_540' title='bbox 854 2164 1013 2198; x_wconf 84' lang='lat' dir='ltr'><strong>episcopum</strong></span> 
     </span>
    </p>
   </div>
   <div class='ocr_carea' id='block_1_79' title="bbox 242 2198 1014 2234">
    <p class='ocr_par' dir='ltr' id='par_1_79' title="bbox 242 2198 1014 2234">
     <span class='ocr_line' id='line_1_79' title="bbox 242 2198 1014 2234; baseline 0 -8"><span class='ocrx_word' id='word_1_541' title='bbox 242 2200 312 2234; x_wconf 78' lang='lat' dir='ltr'><strong>uisse</strong></span> <span class='ocrx_word' id='word_1_542' title='bbox 327 2199 523 2226; x_wconf 77' lang='lat' dir='ltr'><strong>Poluchalandi</strong></span> <span class='ocrx_word' id='word_1_543' title='bbox 537 2199 613 2226; x_wconf 84' lang='lat' dir='ltr'><strong>urbis</strong></span> <span class='ocrx_word' id='word_1_544' title='bbox 625 2199 716 2234; x_wconf 63' lang='lat' dir='ltr'><strong>Lydiae</strong></span> <span class='ocrx_word' id='word_1_545' title='bbox 731 2199 837 2226; x_wconf 88' lang='lat' dir='ltr'><strong>monuit</strong></span> <span class='ocrx_word' id='word_1_546' title='bbox 849 2206 881 2225; x_wconf 85' lang='lat' dir='ltr'><strong>ex</strong></span> <span class='ocrx_word' id='word_1_547' title='bbox 894 2198 1014 2233; x_wconf 87' lang='lat' dir='ltr'><strong>Epipha—</strong></span> 
     </span>
    </p>
   </div>
   <div class='ocr_carea' id='block_1_80' title="bbox 241 2233 1015 2266">
    <p class='ocr_par' dir='ltr' id='par_1_80' title="bbox 241 2233 1015 2266">
     <span class='ocr_line' id='line_1_80' title="bbox 241 2233 1015 2266; baseline 0.003 -7"><span class='ocrx_word' id='word_1_548' title='bbox 241 2235 284 2261; x_wconf 88' lang='lat' dir='ltr'><strong>io.</strong></span> <span class='ocrx_word' id='word_1_549' title='bbox 298 2233 351 2261; x_wconf 86' lang='lat' dir='ltr'><strong>Sed</strong></span> <span class='ocrx_word' id='word_1_550' title='bbox 366 2234 439 2266; x_wconf 87' lang='lat' dir='ltr'><strong>quod</strong></span> <span class='ocrx_word' id='word_1_551' title='bbox 460 2234 531 2260; x_wconf 88' lang='lat' dir='ltr'><strong>idem</strong></span> <span class='ocrx_word' id='word_1_552' title='bbox 554 2233 739 2261; x_wconf 76' lang='lat' dir='ltr'><strong>Gothofredus</strong></span> <span class='ocrx_word' id='word_1_553' title='bbox 759 2234 834 2261; x_wconf 85' lang='lat' dir='ltr'><strong>addit</strong></span> <span class='ocrx_word' id='word_1_554' title='bbox 850 2234 876 2259; x_wconf 91' lang='lat' dir='ltr'><strong>in</strong></span> <span class='ocrx_word' id='word_1_555' title='bbox 896 2234 1015 2261; x_wconf 80' lang='lat' dir='ltr'><strong>Annota-</strong></span> 
     </span>
    </p>
   </div>
   <div class='ocr_carea' id='block_1_81' title="bbox 1069 1881 1865 1945">
    <p class='ocr_par' dir='ltr' id='par_1_81' title="bbox 1069 1881 1865 1945">
     <span class='ocr_line' id='line_1_81' title="bbox 1071 1881 1865 1917; baseline 0 -8"><span class='ocrx_word' id='word_1_556' title='bbox 1071 1882 1156 1917; x_wconf 78' lang='lat' dir='ltr'><strong>igitur</strong></span> <span class='ocrx_word' id='word_1_557' title='bbox 1170 1882 1227 1909; x_wconf 64' lang='lat' dir='ltr'><strong>haec</strong></span> <span class='ocrx_word' id='word_1_558' title='bbox 1244 1881 1367 1917; x_wconf 83' lang='lat' dir='ltr'><strong>synodus</strong></span> <span class='ocrx_word' id='word_1_559' title='bbox 1382 1881 1572 1917; x_wconf 88' lang='lat' dir='ltr'><strong>episcoporum</strong></span> <span class='ocrx_word' id='word_1_560' title='bbox 1593 1890 1690 1910; x_wconf 83' lang='lat' dir='ltr'><strong>novem</strong></span> <span class='ocrx_word' id='word_1_561' title='bbox 1716 1881 1865 1917; x_wconf 66' lang='lat' dir='ltr'><strong>provincia:</strong></span> 
     </span>
     <span class='ocr_line' id='line_1_82' title="bbox 1069 1916 1862 1945; baseline -0.003 0"><span class='ocrx_word' id='word_1_562' title='bbox 1069 1916 1171 1945; x_wconf 66' lang='lat' dir='ltr'><strong>Lvdia.</strong></span> <span class='ocrx_word' id='word_1_563' title='bbox 1189 1917 1256 1945; x_wconf 84' lang='lat' dir='ltr'><strong>Nam</strong></span> <span class='ocrx_word' id='word_1_564' title='bbox 1272 1916 1445 1944; x_wconf 85' lang='lat' dir='ltr'><strong>Theodosius</strong></span> <span class='ocrx_word' id='word_1_565' title='bbox 1462 1925 1515 1944; x_wconf 91' lang='lat' dir='ltr'><strong>una</strong></span> <span class='ocrx_word' id='word_1_566' title='bbox 1536 1925 1599 1945; x_wconf 92' lang='lat' dir='ltr'><strong>cum</strong></span> <span class='ocrx_word' id='word_1_567' title='bbox 1618 1917 1722 1945; x_wconf 83' lang='lat' dir='ltr'><strong>Phth</strong></span> <span class='ocrx_word' id='word_1_568' title='bbox 1733 1921 1759 1944; x_wconf 85' lang='lat' dir='ltr'><strong>et</strong></span> <span class='ocrx_word' id='word_1_569' title='bbox 1776 1917 1862 1944; x_wconf 79' lang='lat' dir='ltr'><strong>Auxi-</strong></span> 
     </span>
    </p>
   </div>
   <div class='ocr_carea' id='block_1_82' title="bbox 1070 1926 1865 1988">
    <p class='ocr_par' dir='ltr' id='par_1_82' title="bbox 1070 1926 1865 1988">
     <span class='ocr_line' id='line_1_83' title="bbox 1070 1926 1862 1953; baseline -0.001 -9"><span class='ocrx_word' id='word_1_570' title='bbox 1070 1926 1171 1953; x_wconf 58' lang='grc' dir='ltr'>ιιγαιε.</span> <span class='ocrx_word' id='word_1_571' title='bbox 1189 1926 1256 1945; x_wconf 72' lang='lat' dir='ltr'><strong>nam</strong></span> <span class='ocrx_word' id='word_1_572' title='bbox 1279 1926 1445 1944; x_wconf 76' lang='lat' dir='ltr'><strong>iueouosms</strong></span> <span class='ocrx_word' id='word_1_573' title='bbox 1462 1926 1515 1944; x_wconf 87' lang='lat' dir='ltr'><strong>una</strong></span> <span class='ocrx_word' id='word_1_574' title='bbox 1536 1926 1599 1945; x_wconf 92' lang='lat' dir='ltr'><strong>cum</strong></span> <span class='ocrx_word' id='word_1_575' title='bbox 1618 1926 1722 1945; x_wconf 73' lang='lat' dir='ltr'><strong>rnmno</strong></span> <span class='ocrx_word' id='word_1_576' title='bbox 1733 1926 1759 1944; x_wconf 80' lang='lat' dir='ltr'><strong>et</strong></span> <span class='ocrx_word' id='word_1_577' title='bbox 1776 1926 1862 1944; x_wconf 65' lang='grc' dir='ltr'>Λυκι-</span> 
     </span>
     <span class='ocr_line' id='line_1_84' title="bbox 1070 1952 1865 1988; baseline -0.003 -8"><span class='ocrx_word' id='word_1_578' title='bbox 1070 1953 1153 1980; x_wconf 90' lang='lat' dir='ltr'><strong>diano</strong></span> <span class='ocrx_word' id='word_1_579' title='bbox 1167 1960 1214 1980; x_wconf 87' lang='lat' dir='ltr'><strong>sex</strong></span> <span class='ocrx_word' id='word_1_580' title='bbox 1233 1952 1302 1979; x_wconf 86' lang='lat' dir='ltr'><strong>alios</strong></span> <span class='ocrx_word' id='word_1_581' title='bbox 1318 1953 1462 1987; x_wconf 79' lang='lat' dir='ltr'><strong>episcopos</strong></span> <span class='ocrx_word' id='word_1_582' title='bbox 1474 1960 1504 1979; x_wconf 83' lang='lat' dir='ltr'><strong>ex</strong></span> <span class='ocrx_word' id='word_1_583' title='bbox 1524 1952 1620 1988; x_wconf 85' lang='lat' dir='ltr'><strong>Lydia,</strong></span> <span class='ocrx_word' id='word_1_584' title='bbox 1632 1958 1679 1980; x_wconf 85' lang='lat' dir='ltr'><strong>aut</strong></span> <span class='ocrx_word' id='word_1_585' title='bbox 1691 1961 1724 1980; x_wconf 84' lang='lat' dir='ltr'><strong>ex</strong></span> <span class='ocrx_word' id='word_1_586' title='bbox 1738 1952 1865 1979; x_wconf 85' lang='lat' dir='ltr'><strong>ﬁnitimis</strong></span> 
     </span>
    </p>
   </div>
   <div class='ocr_carea' id='block_1_83' title="bbox 1069 1988 1553 2023">
    <p class='ocr_par' dir='ltr' id='par_1_83' title="bbox 1069 1988 1553 2023">
     <span class='ocr_line' id='line_1_85' title="bbox 1069 1988 1553 2023; baseline 0 -9"><span class='ocrx_word' id='word_1_587' title='bbox 1069 1988 1218 2023; x_wconf 87' lang='lat' dir='ltr'><strong>provinciis</strong></span> <span class='ocrx_word' id='word_1_588' title='bbox 1233 1988 1260 2014; x_wconf 93' lang='lat' dir='ltr'><strong>in</strong></span> <span class='ocrx_word' id='word_1_589' title='bbox 1276 1995 1358 2015; x_wconf 93' lang='lat' dir='ltr'><strong>unum</strong></span> <span class='ocrx_word' id='word_1_590' title='bbox 1374 1988 1553 2022; x_wconf 77' lang='lat' dir='ltr'><strong>collegerant.</strong></span> 
     </span>
    </p>
   </div>
   <div class='ocr_carea' id='block_1_84' title="bbox 1104 2022 1862 2059">
    <p class='ocr_par' dir='ltr' id='par_1_84' title="bbox 1104 2022 1862 2059">
     <span class='ocr_line' id='line_1_86' title="bbox 1104 2022 1862 2059; baseline 0 -9"><span class='ocrx_word' id='word_1_591' title='bbox 1104 2023 1160 2059; x_wconf 68' lang='lat' dir='ltr'><strong>(9d)</strong></span> <span class='ocrx_word' id='word_1_592' title='bbox 1180 2023 1293 2059; x_wconf 58' lang='grc' dir='ltr'>Ὠσςιερ</span> <span class='ocrx_word' id='word_1_593' title='bbox 1308 2022 1430 2059; x_wconf 72' lang='grc' dir='ltr'>,θεσμὸν</span> <span class='ocrx_word' id='word_1_594' title='bbox 1456 2024 1667 2059; x_wconf 72' lang='grc' dir='ltr'>γεγενημένην.</span> <span class='ocrx_word' id='word_1_595' title='bbox 1683 2022 1862 2059; x_wconf 80' lang='lat' dir='ltr'><strong>Scribendum</strong></span> 
     </span>
    </p>
   </div>
   <div class='ocr_carea' id='block_1_85' title="bbox 1069 2057 1862 2093">
    <p class='ocr_par' dir='ltr' id='par_1_85' title="bbox 1069 2057 1862 2093">
     <span class='ocr_line' id='line_1_87' title="bbox 1069 2057 1862 2093; baseline -0.003 -7"><span class='ocrx_word' id='word_1_596' title='bbox 1069 2057 1113 2086; x_wconf 75' lang='lat' dir='ltr'><strong>est</strong></span> <span class='ocrx_word' id='word_1_597' title='bbox 1127 2058 1222 2092; x_wconf 82' lang='lat' dir='ltr'><strong>procul</strong></span> <span class='ocrx_word' id='word_1_598' title='bbox 1237 2058 1321 2085; x_wconf 91' lang='lat' dir='ltr'><strong>dubio</strong></span> <span class='ocrx_word' id='word_1_599' title='bbox 1337 2057 1376 2090; x_wconf 82' lang='grc' dir='ltr'>ὡς</span> <span class='ocrx_word' id='word_1_600' title='bbox 1394 2059 1471 2093; x_wconf 73' lang='grc' dir='ltr'>παρὰ</span> <span class='ocrx_word' id='word_1_601' title='bbox 1486 2058 1585 2093; x_wconf 81' lang='grc' dir='ltr'>θεσμὸν</span> <span class='ocrx_word' id='word_1_602' title='bbox 1605 2059 1804 2093; x_wconf 79' lang='grc' dir='ltr'>γεγενημένην.</span> <span class='ocrx_word' id='word_1_603' title='bbox 1823 2058 1862 2084; x_wconf 81' lang='lat' dir='ltr'><strong>lla</strong></span> 
     </span>
    </p>
   </div>
   <div class='ocr_carea' id='block_1_86' title="bbox 1070 2093 1863 2128">
    <p class='ocr_par' dir='ltr' id='par_1_86' title="bbox 1070 2093 1863 2128">
     <span class='ocr_line' id='line_1_88' title="bbox 1070 2093 1863 2128; baseline 0 -8"><span class='ocrx_word' id='word_1_604' title='bbox 1070 2093 1270 2128; x_wconf 83' lang='lat' dir='ltr'><strong>Philostorgius</strong></span> <span class='ocrx_word' id='word_1_605' title='bbox 1283 2093 1405 2128; x_wconf 89' lang='lat' dir='ltr'><strong>loquitur</strong></span> <span class='ocrx_word' id='word_1_606' title='bbox 1422 2093 1504 2128; x_wconf 88' lang='lat' dir='ltr'><strong>paulo</strong></span> <span class='ocrx_word' id='word_1_607' title='bbox 1519 2098 1582 2127; x_wconf 92' lang='lat' dir='ltr'><strong>post</strong></span> <span class='ocrx_word' id='word_1_608' title='bbox 1594 2094 1628 2121; x_wconf 84' lang='lat' dir='ltr'><strong>de</strong></span> <span class='ocrx_word' id='word_1_609' title='bbox 1642 2093 1863 2126; x_wconf 87' lang='lat' dir='ltr'><strong>ordinationibus</strong></span> 
     </span>
    </p>
   </div>
   <div class='ocr_carea' id='block_1_87' title="bbox 1069 2127 1864 2164">
    <p class='ocr_par' dir='ltr' id='par_1_87' title="bbox 1069 2127 1864 2164">
     <span class='ocr_line' id='line_1_89' title="bbox 1069 2127 1864 2164; baseline -0.001 -9"><span class='ocrx_word' id='word_1_610' title='bbox 1069 2129 1184 2156; x_wconf 88' lang='lat' dir='ltr'><strong>Candidi</strong></span> <span class='ocrx_word' id='word_1_611' title='bbox 1201 2127 1228 2156; x_wconf 69' lang='lat' dir='ltr'><strong>et</strong></span> <span class='ocrx_word' id='word_1_612' title='bbox 1242 2127 1356 2164; x_wconf 61' lang='lat' dir='ltr'><strong>Arriani</strong></span> <span class='ocrx_word' id='word_1_613' title='bbox 1370 2137 1377 2155; x_wconf 93' lang='lat'><strong>:</strong></span> <span class='ocrx_word' id='word_1_614' title='bbox 1391 2127 1429 2160; x_wconf 67' lang='grc' dir='ltr'><strong>ὡς</strong></span> <span class='ocrx_word' id='word_1_615' title='bbox 1453 2129 1529 2163; x_wconf 74' lang='grc' dir='ltr'>παρὰ</span> <span class='ocrx_word' id='word_1_616' title='bbox 1549 2128 1600 2164; x_wconf 84' lang='grc' dir='ltr'>τὴν</span> <span class='ocrx_word' id='word_1_617' title='bbox 1622 2128 1715 2163; x_wconf 85' lang='grc' dir='ltr'>κοινὴν</span> <span class='ocrx_word' id='word_1_618' title='bbox 1738 2137 1864 2164; x_wconf 78' lang='grc' dir='ltr'>νεωτεριο</span> 
     </span>
    </p>
   </div>
   <div class='ocr_carea' id='block_1_88' title="bbox 1070 2163 1322 2199">
    <p class='ocr_par' dir='ltr' id='par_1_88' title="bbox 1070 2163 1322 2199">
     <span class='ocr_line' id='line_1_90' title="bbox 1070 2163 1322 2199; baseline 0 -9"><span class='ocrx_word' id='word_1_619' title='bbox 1070 2164 1181 2195; x_wconf 81' lang='grc' dir='ltr'>σθείσας</span> <span class='ocrx_word' id='word_1_620' title='bbox 1198 2163 1322 2199; x_wconf 77' lang='grc' dir='ltr'>γνώμην.</span> 
     </span>
    </p>
   </div>
   <div class='ocr_carea' id='block_1_89' title="bbox 1104 2198 1864 2234">
    <p class='ocr_par' dir='ltr' id='par_1_89' title="bbox 1104 2198 1864 2234">
     <span class='ocr_line' id='line_1_91' title="bbox 1104 2198 1864 2234; baseline 0.001 -9"><span class='ocrx_word' id='word_1_621' title='bbox 1104 2199 1161 2234; x_wconf 83' lang='lat'><strong>(95)</strong></span> <span class='ocrx_word' id='word_1_622' title='bbox 1180 2199 1205 2225; x_wconf 91' lang='lat'><strong>&#39;0</strong></span> <span class='ocrx_word' id='word_1_623' title='bbox 1222 2198 1294 2225; x_wconf 65' lang='grc' dir='ltr'><strong>δέον</strong></span> <span class='ocrx_word' id='word_1_624' title='bbox 1304 2199 1534 2233; x_wconf 69' lang='grc' dir='ltr'>καθελκόμενος.</span> <span class='ocrx_word' id='word_1_625' title='bbox 1545 2199 1574 2226; x_wconf 92' lang='lat' dir='ltr'><strong>ln</strong></span> <span class='ocrx_word' id='word_1_626' title='bbox 1588 2199 1781 2234; x_wconf 88' lang='lat' dir='ltr'><strong>manuscriptis</strong></span> <span class='ocrx_word' id='word_1_627' title='bbox 1790 2199 1864 2226; x_wconf 82' lang='lat' dir='ltr'><strong>codi-</strong></span> 
     </span>
    </p>
   </div>
   <div class='ocr_carea' id='block_1_90' title="bbox 1068 2234 1862 2262">
    <p class='ocr_par' dir='ltr' id='par_1_90' title="bbox 1068 2234 1862 2262">
     <span class='ocr_line' id='line_1_92' title="bbox 1068 2234 1862 2262; baseline -0.001 0"><span class='ocrx_word' id='word_1_628' title='bbox 1068 2234 1146 2262; x_wconf 90' lang='lat' dir='ltr'><strong>cibus</strong></span> <span class='ocrx_word' id='word_1_629' title='bbox 1158 2234 1329 2261; x_wconf 86' lang='lat' dir='ltr'><strong>Scoriacensi</strong></span> <span class='ocrx_word' id='word_1_630' title='bbox 1341 2238 1368 2261; x_wconf 91' lang='lat' dir='ltr'><strong>et</strong></span> <span class='ocrx_word' id='word_1_631' title='bbox 1379 2234 1561 2261; x_wconf 88' lang='lat' dir='ltr'><strong>Bochartiano</strong></span> <span class='ocrx_word' id='word_1_632' title='bbox 1574 2234 1617 2261; x_wconf 88' lang='lat' dir='ltr'><strong>hic</strong></span> <span class='ocrx_word' id='word_1_633' title='bbox 1632 2235 1707 2262; x_wconf 89' lang='lat' dir='ltr'><strong>locus</strong></span> <span class='ocrx_word' id='word_1_634' title='bbox 1717 2234 1753 2261; x_wconf 87' lang='lat' dir='ltr'><strong>ita</strong></span> <span class='ocrx_word' id='word_1_635' title='bbox 1765 2235 1862 2261; x_wconf 87' lang='lat' dir='ltr'><strong>scribi-</strong></span> 
     </span>
    </p>
   </div>
   <div class='ocr_carea' id='block_1_91' title="bbox 232 2265 1016 2304">
    <p class='ocr_par' dir='ltr' id='par_1_91' title="bbox 232 2265 1015 2304">
     <span class='ocr_line' id='line_1_93' title="bbox 232 2265 1015 2304; baseline 0.001 -9"><span class='ocrx_word' id='word_1_636' title='bbox 232 2269 358 2301; x_wconf 43' lang='lat' dir='ltr'><strong>.ionibus,</strong></span> <span class='ocrx_word' id='word_1_637' title='bbox 372 2265 504 2304; x_wconf 62' lang='lat' dir='ltr'><strong>Plimbum</strong></span> <span class='ocrx_word' id='word_1_638' title='bbox 522 2269 594 2295; x_wconf 86' lang='lat' dir='ltr'><strong>hunc</strong></span> <span class='ocrx_word' id='word_1_639' title='bbox 608 2269 727 2296; x_wconf 83' lang='lat' dir='ltr'><strong>amicum</strong></span> <span class='ocrx_word' id='word_1_640' title='bbox 748 2269 832 2304; x_wconf 81' lang='lat' dir='ltr'><strong>fuisse</strong></span> <span class='ocrx_word' id='word_1_641' title='bbox 846 2268 926 2299; x_wconf 80' lang='lat' dir='ltr'><strong>Aetii,</strong></span> <span class='ocrx_word' id='word_1_642' title='bbox 942 2274 1015 2296; x_wconf 89' lang='lat' dir='ltr'><strong>errat</strong></span> 
     </span>
    </p>
   </div>
   <div class='ocr_carea' id='block_1_92' title="bbox 1072 2265 1864 2304">
    <p class='ocr_par' dir='ltr' id='par_1_92' title="bbox 1072 2268 1864 2304">
     <span class='ocr_line' id='line_1_94' title="bbox 1072 2268 1864 2304; baseline -0.001 -8"><span class='ocrx_word' id='word_1_643' title='bbox 1072 2275 1112 2296; x_wconf 77' lang='lat' dir='ltr'><strong>tur</strong></span> <span class='ocrx_word' id='word_1_644' title='bbox 1122 2279 1128 2296; x_wconf 91' lang='lat'><strong>:</strong></span> <span class='ocrx_word' id='word_1_645' title='bbox 1140 2270 1153 2295; x_wconf 80' lang='grc' dir='ltr'>ὁ</span> <span class='ocrx_word' id='word_1_646' title='bbox 1162 2269 1190 2296; x_wconf 76' lang='grc' dir='ltr'>δὲ</span> <span class='ocrx_word' id='word_1_647' title='bbox 1198 2268 1407 2304; x_wconf 80' lang='grc' dir='ltr'>καθελκόμενος,</span> <span class='ocrx_word' id='word_1_648' title='bbox 1419 2274 1483 2302; x_wconf 87' lang='lat' dir='ltr'><strong>etc.,</strong></span> <span class='ocrx_word' id='word_1_649' title='bbox 1497 2270 1584 2304; x_wconf 87' lang='lat' dir='ltr'><strong>magis</strong></span> <span class='ocrx_word' id='word_1_650' title='bbox 1599 2275 1688 2296; x_wconf 89' lang='lat' dir='ltr'><strong>tamen</strong></span> <span class='ocrx_word' id='word_1_651' title='bbox 1707 2272 1793 2304; x_wconf 86' lang='lat' dir='ltr'><strong>probo</strong></span> <span class='ocrx_word' id='word_1_652' title='bbox 1804 2270 1864 2295; x_wconf 88' lang='lat' dir='ltr'><strong>vnl-</strong></span> 
     </span>
    </p>
   </div>
   <div class='ocr_carea' id='block_1_93' title="bbox 228 2303 1014 2339">
    <p class='ocr_par' dir='ltr' id='par_1_93' title="bbox 228 2303 1014 2339">
     <span class='ocr_line' id='line_1_95' title="bbox 228 2303 1014 2339; baseline 0 -8"><span class='ocrx_word' id='word_1_653' title='bbox 228 2309 285 2331; x_wconf 79' lang='lat' dir='ltr'><strong>toto</strong></span> <span class='ocrx_word' id='word_1_654' title='bbox 299 2305 379 2332; x_wconf 68' lang='lat' dir='ltr'><strong>coelo.</strong></span> <span class='ocrx_word' id='word_1_655' title='bbox 394 2303 487 2339; x_wconf 83' lang='lat' dir='ltr'><strong>Neque</strong></span> <span class='ocrx_word' id='word_1_656' title='bbox 507 2304 579 2331; x_wconf 90' lang='lat' dir='ltr'><strong>enim</strong></span> <span class='ocrx_word' id='word_1_657' title='bbox 607 2304 689 2335; x_wconf 85' lang='lat' dir='ltr'><strong>Aetii,</strong></span> <span class='ocrx_word' id='word_1_658' title='bbox 711 2304 758 2331; x_wconf 88' lang='lat' dir='ltr'><strong>sed</strong></span> <span class='ocrx_word' id='word_1_659' title='bbox 776 2303 923 2331; x_wconf 85' lang='lat' dir='ltr'><strong>Theodosii</strong></span> <span class='ocrx_word' id='word_1_660' title='bbox 944 2305 1014 2331; x_wconf 86' lang='lat' dir='ltr'><strong>ami-</strong></span> 
     </span>
    </p>
   </div>
   <div class='ocr_carea' id='block_1_94' title="bbox 232 2339 1016 2375">
    <p class='ocr_par' dir='ltr' id='par_1_94' title="bbox 232 2339 1016 2375">
     <span class='ocr_line' id='line_1_96' title="bbox 232 2339 1016 2375; baseline 0.003 -10"><span class='ocrx_word' id='word_1_661' title='bbox 232 2348 289 2366; x_wconf 49' lang='lat' dir='ltr'><strong>eum</strong></span> <span class='ocrx_word' id='word_1_662' title='bbox 306 2340 381 2368; x_wconf 91' lang='lat' dir='ltr'><strong>illum</strong></span> <span class='ocrx_word' id='word_1_663' title='bbox 399 2339 485 2367; x_wconf 86' lang='lat' dir='ltr'><strong>fuisse</strong></span> <span class='ocrx_word' id='word_1_664' title='bbox 510 2339 574 2366; x_wconf 87' lang='lat' dir='ltr'><strong>dicit</strong></span> <span class='ocrx_word' id='word_1_665' title='bbox 589 2339 807 2375; x_wconf 85' lang='lat' dir='ltr'><strong>Philostorgius,</strong></span> <span class='ocrx_word' id='word_1_666' title='bbox 821 2344 877 2365; x_wconf 85' lang='lat' dir='ltr'><strong>tum</strong></span> <span class='ocrx_word' id='word_1_667' title='bbox 895 2341 930 2366; x_wconf 89' lang='lat' dir='ltr'><strong>ob</strong></span> <span class='ocrx_word' id='word_1_668' title='bbox 946 2345 1016 2367; x_wconf 86' lang='lat' dir='ltr'><strong>vete-</strong></span> 
     </span>
    </p>
   </div>
   <div class='ocr_carea' id='block_1_95' title="bbox 237 2374 1017 2406">
    <p class='ocr_par' dir='ltr' id='par_1_95' title="bbox 237 2374 1017 2406">
     <span class='ocr_line' id='line_1_97' title="bbox 237 2374 1017 2406; baseline -0.001 -4"><span class='ocrx_word' id='word_1_669' title='bbox 237 2383 284 2402; x_wconf 80' lang='lat' dir='ltr'><strong>-em</strong></span> <span class='ocrx_word' id='word_1_670' title='bbox 301 2375 539 2406; x_wconf 80' lang='lat' dir='ltr'><strong>consuetudinem,</strong></span> <span class='ocrx_word' id='word_1_671' title='bbox 558 2379 614 2401; x_wconf 91' lang='lat' dir='ltr'><strong>tum</strong></span> <span class='ocrx_word' id='word_1_672' title='bbox 629 2375 664 2401; x_wconf 91' lang='lat' dir='ltr'><strong>ob</strong></span> <span class='ocrx_word' id='word_1_673' title='bbox 679 2376 740 2402; x_wconf 62' lang='lat' dir='ltr'><strong>vitae</strong></span> <span class='ocrx_word' id='word_1_674' title='bbox 754 2382 786 2402; x_wconf 90' lang='lat' dir='ltr'><strong>ac</strong></span> <span class='ocrx_word' id='word_1_675' title='bbox 802 2382 908 2401; x_wconf 90' lang='lat' dir='ltr'><strong>morum</strong></span> <span class='ocrx_word' id='word_1_676' title='bbox 923 2374 1017 2401; x_wconf 81' lang='lat' dir='ltr'><strong>simili-</strong></span> 
     </span>
    </p>
   </div>
   <div class='ocr_carea' id='block_1_96' title="bbox 232 2410 1015 2445">
    <p class='ocr_par' dir='ltr' id='par_1_96' title="bbox 232 2410 1015 2445">
     <span class='ocr_line' id='line_1_98' title="bbox 232 2410 1015 2445; baseline -0.003 -8"><span class='ocrx_word' id='word_1_677' title='bbox 232 2411 361 2438; x_wconf 83' lang='lat' dir='ltr'><strong>,udinem.</strong></span> <span class='ocrx_word' id='word_1_678' title='bbox 382 2410 409 2437; x_wconf 93' lang='lat' dir='ltr'><strong>Id</strong></span> <span class='ocrx_word' id='word_1_679' title='bbox 433 2411 509 2438; x_wconf 85' lang='lat' dir='ltr'><strong>enim</strong></span> <span class='ocrx_word' id='word_1_680' title='bbox 529 2410 684 2443; x_wconf 66' lang='lat' dir='ltr'><strong>significant</strong></span> <span class='ocrx_word' id='word_1_681' title='bbox 705 2411 761 2437; x_wconf 66' lang='lat' dir='ltr'><strong>haec</strong></span> <span class='ocrx_word' id='word_1_682' title='bbox 784 2410 884 2443; x_wconf 84' lang='lat' dir='ltr'><strong>verba,</strong></span> <span class='ocrx_word' id='word_1_683' title='bbox 901 2410 948 2445; x_wconf 69' lang='grc' dir='ltr'>καὶ</span> <span class='ocrx_word' id='word_1_684' title='bbox 966 2410 1015 2445; x_wconf 80' lang='grc' dir='ltr'>τῆς</span> 
     </span>
    </p>
   </div>
   <div class='ocr_carea' id='block_1_97' title="bbox 229 2444 1016 2481">
    <p class='ocr_par' dir='ltr' id='par_1_97' title="bbox 229 2444 1016 2481">
     <span class='ocr_line' id='line_1_99' title="bbox 229 2444 1016 2481; baseline 0 -9"><span class='ocrx_word' id='word_1_685' title='bbox 229 2445 362 2481; x_wconf 74' lang='grc' dir='ltr'>εκθέσμου</span> <span class='ocrx_word' id='word_1_686' title='bbox 385 2445 523 2479; x_wconf 74' lang='grc' dir='ltr'>πολιτείας</span> <span class='ocrx_word' id='word_1_687' title='bbox 540 2445 572 2472; x_wconf 87' lang='grc' dir='ltr'><strong>τὺ</strong></span> <span class='ocrx_word' id='word_1_688' title='bbox 597 2445 816 2481; x_wconf 75' lang='grc' dir='ltr'>ἀπαράλλακτον.</span> <span class='ocrx_word' id='word_1_689' title='bbox 840 2445 906 2477; x_wconf 60' lang='lat' dir='ltr'><strong>Quae</strong></span> <span class='ocrx_word' id='word_1_690' title='bbox 922 2444 1016 2481; x_wconf 84' lang='lat' dir='ltr'><strong>Philo-</strong></span> 
     </span>
    </p>
   </div>
   <div class='ocr_carea' id='block_1_98' title="bbox 226 2480 1016 2516">
    <p class='ocr_par' dir='ltr' id='par_1_98' title="bbox 226 2480 1016 2516">
     <span class='ocr_line' id='line_1_100' title="bbox 226 2480 1016 2516; baseline -0.001 -8"><span class='ocrx_word' id='word_1_691' title='bbox 226 2480 321 2516; x_wconf 73' lang='lat' dir='ltr'><strong>storgii</strong></span> <span class='ocrx_word' id='word_1_692' title='bbox 335 2482 416 2508; x_wconf 87' lang='lat' dir='ltr'><strong>verba</strong></span> <span class='ocrx_word' id='word_1_693' title='bbox 430 2481 613 2508; x_wconf 81' lang='lat' dir='ltr'><strong>Gothofredus</strong></span> <span class='ocrx_word' id='word_1_694' title='bbox 625 2481 651 2507; x_wconf 90' lang='lat' dir='ltr'><strong>in</strong></span> <span class='ocrx_word' id='word_1_695' title='bbox 670 2481 855 2516; x_wconf 66' lang='lat' dir='ltr'><strong>prodigiosum</strong></span> <span class='ocrx_word' id='word_1_696' title='bbox 871 2480 1016 2515; x_wconf 75' lang='lat' dir='ltr'><strong>quemdam</strong></span> 
     </span>
    </p>
   </div>
   <div class='ocr_carea' id='block_1_99' title="bbox 226 2515 1016 2550">
    <p class='ocr_par' dir='ltr' id='par_1_99' title="bbox 226 2515 1016 2550">
     <span class='ocr_line' id='line_1_101' title="bbox 226 2515 1016 2550; baseline -0.001 -8"><span class='ocrx_word' id='word_1_697' title='bbox 226 2515 338 2544; x_wconf 78' lang='lat' dir='ltr'><strong>sensum</strong></span> <span class='ocrx_word' id='word_1_698' title='bbox 359 2517 484 2550; x_wconf 73' lang='lat' dir='ltr'><strong>detorsit,</strong></span> <span class='ocrx_word' id='word_1_699' title='bbox 501 2523 530 2543; x_wconf 87' lang='lat' dir='ltr'><strong>ut.</strong></span> <span class='ocrx_word' id='word_1_700' title='bbox 542 2517 634 2543; x_wconf 85' lang='lat' dir='ltr'><strong>\idere</strong></span> <span class='ocrx_word' id='word_1_701' title='bbox 646 2515 688 2543; x_wconf 78' lang='lat' dir='ltr'><strong>est</strong></span> <span class='ocrx_word' id='word_1_702' title='bbox 706 2517 732 2543; x_wconf 93' lang='lat' dir='ltr'><strong>in</strong></span> <span class='ocrx_word' id='word_1_703' title='bbox 749 2517 809 2550; x_wconf 80' lang='lat' dir='ltr'><strong>ejus</strong></span> <span class='ocrx_word' id='word_1_704' title='bbox 822 2515 1016 2542; x_wconf 83' lang='lat' dir='ltr'><strong>Anuotationi-</strong></span> 
     </span>
    </p>
   </div>
   <div class='ocr_carea' id='block_1_100' title="bbox 225 2552 286 2579">
    <p class='ocr_par' dir='ltr' id='par_1_100' title="bbox 225 2552 286 2579">
     <span class='ocr_line' id='line_1_102' title="bbox 225 2552 286 2579; baseline -0.033 0"><span class='ocrx_word' id='word_1_705' title='bbox 225 2552 286 2579; x_wconf 79' lang='lat' dir='ltr'><strong>bus.</strong></span> 
     </span>
    </p>
   </div>
   <div class='ocr_carea' id='block_1_101' title="bbox 265 2585 1014 2622">
    <p class='ocr_par' dir='ltr' id='par_1_101' title="bbox 265 2585 1014 2622">
     <span class='ocr_line' id='line_1_103' title="bbox 265 2585 1014 2622; baseline -0.001 -8"><span class='ocrx_word' id='word_1_706' title='bbox 265 2587 323 2622; x_wconf 75' lang='lat'><strong>(93)</strong></span> <span class='ocrx_word' id='word_1_707' title='bbox 345 2587 396 2614; x_wconf 84' lang='lat' dir='ltr'><strong>Kal</strong></span> <span class='ocrx_word' id='word_1_708' title='bbox 411 2587 450 2621; x_wconf 82' lang='grc' dir='ltr'>δὴ</span> <span class='ocrx_word' id='word_1_709' title='bbox 465 2587 513 2613; x_wconf 76' lang='grc' dir='ltr'>καὶ</span> <span class='ocrx_word' id='word_1_710' title='bbox 529 2586 649 2620; x_wconf 77' lang='grc' dir='ltr'>ἑτέρους</span> <span class='ocrx_word' id='word_1_711' title='bbox 660 2585 791 2622; x_wconf 75' lang='grc' dir='ltr'>δέ..11ιιηο</span> <span class='ocrx_word' id='word_1_712' title='bbox 804 2586 891 2622; x_wconf 81' lang='lat' dir='ltr'><strong>locum</strong></span> <span class='ocrx_word' id='word_1_713' title='bbox 908 2593 940 2612; x_wconf 85' lang='lat' dir='ltr'><strong>ex</strong></span> <span class='ocrx_word' id='word_1_714' title='bbox 956 2593 1014 2622; x_wconf 81' lang='lat' dir='ltr'><strong>ma-</strong></span> 
     </span>
    </p>
   </div>
   <div class='ocr_carea' id='block_1_102' title="bbox 226 2620 1016 2656">
    <p class='ocr_par' dir='ltr' id='par_1_102' title="bbox 226 2620 1016 2656">
     <span class='ocr_line' id='line_1_104' title="bbox 226 2620 1016 2656; baseline 0 -9"><span class='ocrx_word' id='word_1_715' title='bbox 226 2620 376 2656; x_wconf 87' lang='lat' dir='ltr'><strong>nuscriptis</strong></span> <span class='ocrx_word' id='word_1_716' title='bbox 394 2623 546 2655; x_wconf 73' lang='lat' dir='ltr'><strong>codicibus,</strong></span> <span class='ocrx_word' id='word_1_717' title='bbox 570 2622 742 2649; x_wconf 81' lang='lat' dir='ltr'><strong>Scoriacensi</strong></span> <span class='ocrx_word' id='word_1_718' title='bbox 768 2621 895 2648; x_wconf 80' lang='lat' dir='ltr'><strong>videlicet</strong></span> <span class='ocrx_word' id='word_1_719' title='bbox 915 2625 943 2647; x_wconf 83' lang='lat' dir='ltr'><strong>et</strong></span> <span class='ocrx_word' id='word_1_720' title='bbox 963 2620 1016 2647; x_wconf 80' lang='lat' dir='ltr'><strong>Bo-</strong></span> 
     </span>
    </p>
   </div>
   <div class='ocr_carea' id='block_1_103' title="bbox 227 2655 1016 2690">
    <p class='ocr_par' dir='ltr' id='par_1_103' title="bbox 227 2655 1016 2690">
     <span class='ocr_line' id='line_1_105' title="bbox 227 2655 1016 2690; baseline -0.001 -8"><span class='ocrx_word' id='word_1_721' title='bbox 227 2655 378 2688; x_wconf 76' lang='lat' dir='ltr'><strong>cbartiano,</strong></span> <span class='ocrx_word' id='word_1_722' title='bbox 392 2658 534 2685; x_wconf 79' lang='lat' dir='ltr'><strong>emendavi</strong></span> <span class='ocrx_word' id='word_1_723' title='bbox 567 2657 593 2683; x_wconf 95' lang='lat' dir='ltr'><strong>in</strong></span> <span class='ocrx_word' id='word_1_724' title='bbox 612 2657 685 2683; x_wconf 84' lang='lat' dir='ltr'><strong>hunc</strong></span> <span class='ocrx_word' id='word_1_725' title='bbox 703 2656 812 2683; x_wconf 84' lang='lat' dir='ltr'><strong>modum</strong></span> <span class='ocrx_word' id='word_1_726' title='bbox 829 2665 835 2682; x_wconf 91' lang='lat'>:</span> <span class='ocrx_word' id='word_1_727' title='bbox 853 2655 899 2682; x_wconf 79' lang='grc' dir='ltr'>καὶ</span> <span class='ocrx_word' id='word_1_728' title='bbox 917 2655 948 2690; x_wconf 83' lang='grc' dir='ltr'>δὴ</span> <span class='ocrx_word' id='word_1_729' title='bbox 969 2656 1016 2682; x_wconf 75' lang='grc' dir='ltr'>καὶ</span> 
     </span>
    </p>
   </div>
   <div class='ocr_carea' id='block_1_104' title="bbox 226 2690 1014 2726">
    <p class='ocr_par' dir='ltr' id='par_1_104' title="bbox 226 2690 1014 2726">
     <span class='ocr_line' id='line_1_106' title="bbox 226 2690 1014 2726; baseline 0.001 -10"><span class='ocrx_word' id='word_1_730' title='bbox 226 2690 336 2726; x_wconf 67' lang='grc' dir='ltr'>ἐτέρους</span> <span class='ocrx_word' id='word_1_731' title='bbox 352 2692 382 2724; x_wconf 80' lang='grc' dir='ltr'>ἓξ</span> <span class='ocrx_word' id='word_1_732' title='bbox 390 2693 443 2719; x_wconf 81' lang='grc' dir='ltr'>τῶν</span> <span class='ocrx_word' id='word_1_733' title='bbox 459 2692 616 2719; x_wconf 76' lang='grc' dir='ltr'>ἐπισκόπων</span> <span class='ocrx_word' id='word_1_734' title='bbox 631 2691 867 2726; x_wconf 78' lang='grc' dir='ltr'>συναγειράμενοι,</span> <span class='ocrx_word' id='word_1_735' title='bbox 885 2695 937 2718; x_wconf 78' lang='lat' dir='ltr'><strong>etc.</strong></span> <span class='ocrx_word' id='word_1_736' title='bbox 953 2690 1014 2718; x_wconf 79' lang='lat' dir='ltr'><strong>Fuit</strong></span> 
     </span>
    </p>
   </div>
   <div class='ocr_carea' id='block_1_105' title="bbox 260 2811 1012 2847">
    <p class='ocr_par' dir='ltr' id='par_1_105' title="bbox 260 2811 1012 2847">
     <span class='ocr_line' id='line_1_107' title="bbox 260 2811 1012 2847; baseline -0.001 -9"><span class='ocrx_word' id='word_1_737' title='bbox 260 2814 299 2846; x_wconf 81' lang='grc' dir='ltr'>(α)</span> <span class='ocrx_word' id='word_1_738' title='bbox 315 2812 369 2839; x_wconf 74' lang='grc' dir='ltr'><em>Τὸν</em></span> <span class='ocrx_word' id='word_1_739' title='bbox 383 2813 508 2847; x_wconf 75' lang='grc' dir='ltr'>ἀρχαῖον</span> <span class='ocrx_word' id='word_1_740' title='bbox 522 2812 647 2846; x_wconf 81' lang='grc' dir='ltr'>κόσμον.</span> <span class='ocrx_word' id='word_1_741' title='bbox 667 2811 791 2844; x_wconf 65' lang='grc' dir='ltr'>Ιιιιοιιίμίι</span> <span class='ocrx_word' id='word_1_742' title='bbox 809 2819 860 2837; x_wconf 90' lang='lat' dir='ltr'><strong>non</strong></span> <span class='ocrx_word' id='word_1_743' title='bbox 877 2811 958 2838; x_wconf 89' lang='lat' dir='ltr'><strong>modo</strong></span> <span class='ocrx_word' id='word_1_744' title='bbox 970 2819 1012 2838; x_wconf 81' lang='lat' dir='ltr'><strong>ve-</strong></span> 
     </span>
    </p>
   </div>
   <div class='ocr_carea' id='block_1_106' title="bbox 224 2847 1011 2879">
    <p class='ocr_par' dir='ltr' id='par_1_106' title="bbox 224 2847 1011 2879">
     <span class='ocr_line' id='line_1_108' title="bbox 224 2847 1011 2879; baseline -0.003 -5"><span class='ocrx_word' id='word_1_745' title='bbox 224 2853 304 2874; x_wconf 73' lang='lat' dir='ltr'><strong>terem</strong></span> <span class='ocrx_word' id='word_1_746' title='bbox 316 2853 436 2874; x_wconf 84' lang='lat' dir='ltr'><strong>ornatum</strong></span> <span class='ocrx_word' id='word_1_747' title='bbox 451 2849 476 2874; x_wconf 92' lang='lat' dir='ltr'><strong>in</strong></span> <span class='ocrx_word' id='word_1_748' title='bbox 488 2847 624 2874; x_wconf 82' lang='lat' dir='ltr'><strong>Ecclesias</strong></span> <span class='ocrx_word' id='word_1_749' title='bbox 637 2847 781 2879; x_wconf 86' lang='lat' dir='ltr'><strong>collatum;</strong></span> <span class='ocrx_word' id='word_1_750' title='bbox 799 2847 844 2873; x_wconf 87' lang='lat' dir='ltr'><strong>sed</strong></span> <span class='ocrx_word' id='word_1_751' title='bbox 856 2851 882 2873; x_wconf 85' lang='lat' dir='ltr'><strong>et</strong></span> <span class='ocrx_word' id='word_1_752' title='bbox 896 2854 1011 2873; x_wconf 70' lang='lat' dir='ltr'><strong>amionaa</strong></span> 
     </span>
    </p>
   </div>
   <div class='ocr_carea' id='block_1_107' title="bbox 223 2880 1009 2918">
    <p class='ocr_par' dir='ltr' id='par_1_107' title="bbox 223 2880 1009 2918">
     <span class='ocr_line' id='line_1_109' title="bbox 223 2880 1009 2918; baseline -0.003 -8"><span class='ocrx_word' id='word_1_753' title='bbox 223 2882 409 2918; x_wconf 70' lang='lat' dir='ltr'><strong>praebitionem</strong></span> <span class='ocrx_word' id='word_1_754' title='bbox 431 2889 458 2912; x_wconf 89' lang='lat' dir='ltr'><strong>et</strong></span> <span class='ocrx_word' id='word_1_755' title='bbox 475 2883 679 2915; x_wconf 80' lang='lat' dir='ltr'><strong>immunitates;</strong></span> <span class='ocrx_word' id='word_1_756' title='bbox 694 2890 755 2917; x_wconf 64' lang='lat' dir='ltr'><strong>qua:</strong></span> <span class='ocrx_word' id='word_1_757' title='bbox 777 2882 869 2909; x_wconf 82' lang='lat' dir='ltr'><strong>omnia</strong></span> <span class='ocrx_word' id='word_1_758' title='bbox 884 2880 1009 2909; x_wconf 81' lang='lat' dir='ltr'><strong>Julianus</strong></span> 
     </span>
    </p>
   </div>
   <div class='ocr_carea' id='block_1_108' title="bbox 1087 2304 1861 2339">
    <p class='ocr_par' dir='ltr' id='par_1_108' title="bbox 1087 2304 1861 2339">
     <span class='ocr_line' id='line_1_110' title="bbox 1087 2304 1861 2339; baseline 0.001 -8"><span class='ocrx_word' id='word_1_759' title='bbox 1087 2309 1160 2331; x_wconf 87' lang='lat' dir='ltr'><strong>atam</strong></span> <span class='ocrx_word' id='word_1_760' title='bbox 1178 2304 1352 2339; x_wconf 87' lang='lat' dir='ltr'><strong>scripturam,</strong></span> <span class='ocrx_word' id='word_1_761' title='bbox 1369 2312 1452 2339; x_wconf 89' lang='lat' dir='ltr'><strong>quam</strong></span> <span class='ocrx_word' id='word_1_762' title='bbox 1476 2305 1517 2332; x_wconf 89' lang='lat' dir='ltr'><strong>sic</strong></span> <span class='ocrx_word' id='word_1_763' title='bbox 1539 2305 1713 2339; x_wconf 83' lang='lat' dir='ltr'><strong>interpretor.</strong></span> <span class='ocrx_word' id='word_1_764' title='bbox 1734 2304 1861 2339; x_wconf 74' lang='lat' dir='ltr'><strong>Episcopi</strong></span> 
     </span>
    </p>
   </div>
   <div class='ocr_carea' id='block_1_109' title="bbox 1069 2313 1863 2375">
    <p class='ocr_par' dir='ltr' id='par_1_109' title="bbox 1069 2313 1863 2375">
     <span class='ocr_line' id='line_1_111' title="bbox 1087 2313 1861 2339; baseline 0.001 -8"><span class='ocrx_word' id='word_1_765' title='bbox 1087 2313 1160 2331; x_wconf 84' lang='lat' dir='ltr'><strong>atam</strong></span> <span class='ocrx_word' id='word_1_766' title='bbox 1178 2313 1352 2339; x_wconf 78' lang='lat' dir='ltr'><strong>scripturam,</strong></span> <span class='ocrx_word' id='word_1_767' title='bbox 1369 2313 1452 2339; x_wconf 88' lang='lat' dir='ltr'><strong>quam</strong></span> <span class='ocrx_word' id='word_1_768' title='bbox 1476 2313 1517 2332; x_wconf 78' lang='lat' dir='ltr'><strong>src</strong></span> <span class='ocrx_word' id='word_1_769' title='bbox 1539 2313 1713 2339; x_wconf 82' lang='lat' dir='ltr'><strong>Imerpreior.</strong></span> <span class='ocrx_word' id='word_1_770' title='bbox 1734 2313 1861 2339; x_wconf 70' lang='lat' dir='ltr'><strong>nptscopt</strong></span> 
     </span>
     <span class='ocr_line' id='line_1_112' title="bbox 1069 2313 1863 2375; baseline 0 -9"><span class='ocrx_word' id='word_1_771' title='bbox 1069 2313 1163 2375; x_wconf 55' lang='lat' dir='ltr'><strong>iydia:</strong></span> <span class='ocrx_word' id='word_1_772' title='bbox 1170 2340 1369 2367; x_wconf 86' lang='lat' dir='ltr'><strong>ordinationem</strong></span> <span class='ocrx_word' id='word_1_773' title='bbox 1378 2340 1447 2367; x_wconf 83' lang='lat' dir='ltr'><strong>Aetii</strong></span> <span class='ocrx_word' id='word_1_774' title='bbox 1461 2340 1632 2371; x_wconf 85' lang='lat' dir='ltr'><strong>incusabant,</strong></span> <span class='ocrx_word' id='word_1_775' title='bbox 1644 2345 1700 2366; x_wconf 94' lang='lat' dir='ltr'><strong>tum</strong></span> <span class='ocrx_word' id='word_1_776' title='bbox 1712 2340 1785 2374; x_wconf 90' lang='lat' dir='ltr'><strong>quod</strong></span> <span class='ocrx_word' id='word_1_777' title='bbox 1798 2348 1863 2366; x_wconf 86' lang='lat' dir='ltr'><strong>con-</strong></span> 
     </span>
    </p>
   </div>
   <div class='ocr_carea' id='block_1_110' title="bbox 1071 2374 1861 2411">
    <p class='ocr_par' dir='ltr' id='par_1_110' title="bbox 1071 2374 1861 2411">
     <span class='ocr_line' id='line_1_113' title="bbox 1071 2374 1861 2411; baseline -0.001 -9"><span class='ocrx_word' id='word_1_778' title='bbox 1071 2374 1111 2402; x_wconf 80' lang='lat' dir='ltr'><strong>tra</strong></span> <span class='ocrx_word' id='word_1_779' title='bbox 1120 2382 1239 2411; x_wconf 82' lang='lat' dir='ltr'><strong>canones</strong></span> <span class='ocrx_word' id='word_1_780' title='bbox 1249 2374 1320 2411; x_wconf 80' lang='lat' dir='ltr'><strong>facta</strong></span> <span class='ocrx_word' id='word_1_781' title='bbox 1329 2379 1412 2408; x_wconf 87' lang='lat' dir='ltr'><strong>esset,</strong></span> <span class='ocrx_word' id='word_1_782' title='bbox 1432 2379 1489 2402; x_wconf 88' lang='lat' dir='ltr'><strong>tum</strong></span> <span class='ocrx_word' id='word_1_783' title='bbox 1501 2375 1637 2411; x_wconf 65' lang='lat' dir='ltr'><strong>praecipue</strong></span> <span class='ocrx_word' id='word_1_784' title='bbox 1646 2382 1678 2402; x_wconf 90' lang='lat' dir='ltr'><strong>eo</strong></span> <span class='ocrx_word' id='word_1_785' title='bbox 1687 2375 1759 2409; x_wconf 89' lang='lat' dir='ltr'><strong>quod</strong></span> <span class='ocrx_word' id='word_1_786' title='bbox 1766 2376 1861 2402; x_wconf 78' lang='lat' dir='ltr'><strong>Aetius</strong></span> 
     </span>
    </p>
   </div>
   <div class='ocr_carea' id='block_1_111' title="bbox 1071 2409 1860 2445">
    <p class='ocr_par' dir='ltr' id='par_1_111' title="bbox 1071 2409 1860 2445">
     <span class='ocr_line' id='line_1_114' title="bbox 1071 2409 1860 2445; baseline -0.001 -8"><span class='ocrx_word' id='word_1_787' title='bbox 1071 2415 1133 2445; x_wconf 90' lang='lat' dir='ltr'><strong>post</strong></span> <span class='ocrx_word' id='word_1_788' title='bbox 1160 2409 1340 2444; x_wconf 88' lang='lat' dir='ltr'><strong>depositionis</strong></span> <span class='ocrx_word' id='word_1_789' title='bbox 1365 2409 1528 2437; x_wconf 74' lang='lat' dir='ltr'><strong>sententiam</strong></span> <span class='ocrx_word' id='word_1_790' title='bbox 1554 2410 1580 2437; x_wconf 92' lang='lat' dir='ltr'><strong>in</strong></span> <span class='ocrx_word' id='word_1_791' title='bbox 1599 2410 1687 2444; x_wconf 85' lang='lat' dir='ltr'><strong>ipsum</strong></span> <span class='ocrx_word' id='word_1_792' title='bbox 1713 2411 1860 2445; x_wconf 87' lang='lat' dir='ltr'><strong>prolatam,</strong></span> 
     </span>
    </p>
   </div>
   <div class='ocr_carea' id='block_1_112' title="bbox 1070 2445 1861 2480">
    <p class='ocr_par' dir='ltr' id='par_1_112' title="bbox 1070 2445 1861 2480">
     <span class='ocr_line' id='line_1_115' title="bbox 1070 2445 1861 2480; baseline 0 -9"><span class='ocrx_word' id='word_1_793' title='bbox 1070 2450 1216 2480; x_wconf 85' lang='lat' dir='ltr'><strong>antequam</strong></span> <span class='ocrx_word' id='word_1_794' title='bbox 1245 2445 1367 2480; x_wconf 88' lang='lat' dir='ltr'><strong>episcopi</strong></span> <span class='ocrx_word' id='word_1_795' title='bbox 1392 2446 1438 2480; x_wconf 87' lang='lat' dir='ltr'><strong>qui</strong></span> <span class='ocrx_word' id='word_1_796' title='bbox 1465 2453 1528 2472; x_wconf 91' lang='lat' dir='ltr'><strong>eum</strong></span> <span class='ocrx_word' id='word_1_797' title='bbox 1550 2445 1696 2472; x_wconf 88' lang='lat' dir='ltr'><strong>diaeonatu</strong></span> <span class='ocrx_word' id='word_1_798' title='bbox 1716 2452 1861 2477; x_wconf 83' lang='lat' dir='ltr'><strong>exuerant,</strong></span> 
     </span>
    </p>
   </div>
   <div class='ocr_carea' id='block_1_113' title="bbox 1071 2480 1862 2515">
    <p class='ocr_par' dir='ltr' id='par_1_113' title="bbox 1071 2480 1862 2515">
     <span class='ocr_line' id='line_1_116' title="bbox 1071 2480 1862 2515; baseline -0.003 -8"><span class='ocrx_word' id='word_1_799' title='bbox 1071 2480 1160 2515; x_wconf 89' lang='lat' dir='ltr'><strong>ipsum</strong></span> <span class='ocrx_word' id='word_1_800' title='bbox 1186 2480 1384 2513; x_wconf 87' lang='lat' dir='ltr'><strong>restituisseut,</strong></span> <span class='ocrx_word' id='word_1_801' title='bbox 1401 2481 1481 2508; x_wconf 88' lang='lat' dir='ltr'><strong>sicuti</strong></span> <span class='ocrx_word' id='word_1_802' title='bbox 1503 2481 1560 2508; x_wconf 86' lang='lat' dir='ltr'><strong>lieri</strong></span> <span class='ocrx_word' id='word_1_803' title='bbox 1581 2481 1737 2515; x_wconf 78' lang='lat' dir='ltr'><strong>oportebat,</strong></span> <span class='ocrx_word' id='word_1_804' title='bbox 1760 2481 1862 2506; x_wconf 45' lang='lat' dir='ltr'><strong>nihilum</strong></span> 
     </span>
    </p>
   </div>
   <div class='ocr_carea' id='block_1_114' title="bbox 1071 2515 1861 2551">
    <p class='ocr_par' dir='ltr' id='par_1_114' title="bbox 1071 2515 1861 2551">
     <span class='ocr_line' id='line_1_117' title="bbox 1071 2515 1861 2551; baseline 0.001 -10"><span class='ocrx_word' id='word_1_805' title='bbox 1071 2516 1162 2543; x_wconf 87' lang='lat' dir='ltr'><strong>minus</strong></span> <span class='ocrx_word' id='word_1_806' title='bbox 1173 2516 1207 2542; x_wconf 92' lang='lat' dir='ltr'><strong>ad</strong></span> <span class='ocrx_word' id='word_1_807' title='bbox 1221 2516 1350 2551; x_wconf 88' lang='lat' dir='ltr'><strong>majorem</strong></span> <span class='ocrx_word' id='word_1_808' title='bbox 1365 2515 1479 2551; x_wconf 85' lang='lat' dir='ltr'><strong>gradum</strong></span> <span class='ocrx_word' id='word_1_809' title='bbox 1489 2520 1630 2550; x_wconf 73' lang='lat' dir='ltr'><strong>promotus</strong></span> <span class='ocrx_word' id='word_1_810' title='bbox 1642 2515 1748 2543; x_wconf 79' lang='lat' dir='ltr'><strong>fuisset.</strong></span> <span class='ocrx_word' id='word_1_811' title='bbox 1761 2516 1795 2542; x_wconf 85' lang='grc' dir='ltr'><em>Ὃ</em></span> <span class='ocrx_word' id='word_1_812' title='bbox 1802 2515 1861 2542; x_wconf 78' lang='grc' dir='ltr'>δεον</span> 
     </span>
    </p>
   </div>
   <div class='ocr_carea' id='block_1_115' title="bbox 1071 2551 1543 2586">
    <p class='ocr_par' dir='ltr' id='par_1_115' title="bbox 1071 2551 1543 2586">
     <span class='ocr_line' id='line_1_118' title="bbox 1071 2551 1543 2586; baseline 0 -9"><span class='ocrx_word' id='word_1_813' title='bbox 1071 2551 1152 2586; x_wconf 76' lang='lat' dir='ltr'><strong>igitur</strong></span> <span class='ocrx_word' id='word_1_814' title='bbox 1168 2551 1237 2577; x_wconf 87' lang='lat' dir='ltr'><strong>idem</strong></span> <span class='ocrx_word' id='word_1_815' title='bbox 1252 2552 1324 2578; x_wconf 87' lang='lat' dir='ltr'><strong>valet</strong></span> <span class='ocrx_word' id='word_1_816' title='bbox 1338 2559 1380 2581; x_wconf 84' lang='lat' dir='ltr'><strong>ac,</strong></span> <span class='ocrx_word' id='word_1_817' title='bbox 1394 2551 1462 2586; x_wconf 82' lang='grc' dir='ltr'>ὅπερ</span> <span class='ocrx_word' id='word_1_818' title='bbox 1479 2551 1543 2577; x_wconf 76' lang='grc' dir='ltr'>ἔδει.</span> 
     </span>
    </p>
   </div>
   <div class='ocr_carea' id='block_1_116' title="bbox 1106 2584 1859 2621">
    <p class='ocr_par' dir='ltr' id='par_1_116' title="bbox 1106 2584 1859 2621">
     <span class='ocr_line' id='line_1_119' title="bbox 1106 2584 1859 2621; baseline -0.001 -9"><span class='ocrx_word' id='word_1_819' title='bbox 1106 2586 1163 2621; x_wconf 83' lang='lat'><strong>(96)</strong></span> <span class='ocrx_word' id='word_1_820' title='bbox 1186 2587 1232 2619; x_wconf 86' lang='grc' dir='ltr'>Ὠς</span> <span class='ocrx_word' id='word_1_821' title='bbox 1249 2587 1315 2620; x_wconf 77' lang='grc' dir='ltr'>περὶ</span> <span class='ocrx_word' id='word_1_822' title='bbox 1332 2586 1390 2619; x_wconf 78' lang='grc' dir='ltr'>τὴν</span> <span class='ocrx_word' id='word_1_823' title='bbox 1409 2584 1526 2618; x_wconf 52' lang='grc' dir='ltr'>κοινήν.</span> <span class='ocrx_word' id='word_1_824' title='bbox 1550 2584 1577 2611; x_wconf 82' lang='grc' dir='ltr'><strong>ιη</strong></span> <span class='ocrx_word' id='word_1_825' title='bbox 1595 2586 1784 2620; x_wconf 82' lang='lat' dir='ltr'><strong>manuscripto</strong></span> <span class='ocrx_word' id='word_1_826' title='bbox 1811 2593 1859 2612; x_wconf 89' lang='lat' dir='ltr'><strong>co-</strong></span> 
     </span>
    </p>
   </div>
   <div class='ocr_carea' id='block_1_117' title="bbox 1070 2620 1862 2656">
    <p class='ocr_par' dir='ltr' id='par_1_117' title="bbox 1070 2620 1862 2656">
     <span class='ocr_line' id='line_1_120' title="bbox 1070 2620 1862 2656; baseline 0 -8"><span class='ocrx_word' id='word_1_827' title='bbox 1070 2621 1130 2648; x_wconf 83' lang='lat' dir='ltr'><strong>dice</strong></span> <span class='ocrx_word' id='word_1_828' title='bbox 1142 2622 1277 2649; x_wconf 87' lang='lat' dir='ltr'><strong>Samuelis</strong></span> <span class='ocrx_word' id='word_1_829' title='bbox 1300 2621 1427 2648; x_wconf 82' lang='lat' dir='ltr'><strong>Bocharti</strong></span> <span class='ocrx_word' id='word_1_830' title='bbox 1442 2622 1475 2648; x_wconf 83' lang='lat' dir='ltr'><strong>ad</strong></span> <span class='ocrx_word' id='word_1_831' title='bbox 1491 2621 1640 2656; x_wconf 82' lang='lat' dir='ltr'><strong>marginem</strong></span> <span class='ocrx_word' id='word_1_832' title='bbox 1656 2626 1786 2647; x_wconf 87' lang='lat' dir='ltr'><strong>notantur</strong></span> <span class='ocrx_word' id='word_1_833' title='bbox 1802 2620 1862 2648; x_wconf 68' lang='lat' dir='ltr'><strong>haec</strong></span> 
     </span>
    </p>
   </div>
   <div class='ocr_carea' id='block_1_118' title="bbox 1070 2656 1862 2692">
    <p class='ocr_par' dir='ltr' id='par_1_118' title="bbox 1070 2656 1862 2692">
     <span class='ocr_line' id='line_1_121' title="bbox 1070 2656 1862 2692; baseline 0.003 -10"><span class='ocrx_word' id='word_1_834' title='bbox 1070 2657 1162 2687; x_wconf 74' lang='lat' dir='ltr'><strong>verba,</strong></span> <span class='ocrx_word' id='word_1_835' title='bbox 1177 2656 1243 2687; x_wconf 83' lang='grc' dir='ltr'>ἴσως</span> <span class='ocrx_word' id='word_1_836' title='bbox 1265 2657 1350 2692; x_wconf 81' lang='grc' dir='ltr'>παρά.</span> <span class='ocrx_word' id='word_1_837' title='bbox 1368 2657 1433 2689; x_wconf 71' lang='lat' dir='ltr'><strong>Quae</strong></span> <span class='ocrx_word' id='word_1_838' title='bbox 1450 2656 1558 2692; x_wconf 87' lang='lat' dir='ltr'><strong>quidem</strong></span> <span class='ocrx_word' id='word_1_839' title='bbox 1574 2657 1729 2684; x_wconf 81' lang='lat' dir='ltr'><strong>emendatio</strong></span> <span class='ocrx_word' id='word_1_840' title='bbox 1747 2663 1862 2691; x_wconf 76' lang='lat' dir='ltr'><strong>prorsus</strong></span> 
     </span>
    </p>
   </div>
   <div class='ocr_carea' id='block_1_119' title="bbox 1070 2692 1291 2720">
    <p class='ocr_par' dir='ltr' id='par_1_119' title="bbox 1070 2692 1291 2720">
     <span class='ocr_line' id='line_1_122' title="bbox 1070 2692 1291 2720; baseline 0 -2"><span class='ocrx_word' id='word_1_841' title='bbox 1070 2692 1224 2720; x_wconf 80' lang='lat' dir='ltr'><strong>necessaria</strong></span> <span class='ocrx_word' id='word_1_842' title='bbox 1239 2696 1291 2719; x_wconf 88' lang='lat' dir='ltr'><strong>est.</strong></span> 
     </span>
    </p>
   </div>
   <div class='ocr_carea' id='block_1_120' title="bbox 961 2759 1136 2782">
    <p class='ocr_par' dir='ltr' id='par_1_120' title="bbox 961 2759 1136 2782">
     <span class='ocr_line' id='line_1_123' title="bbox 961 2759 1136 2782; baseline 0.011 -2"><span class='ocrx_word' id='word_1_843' title='bbox 961 2759 1124 2782; x_wconf 74' lang='lat' dir='ltr'><strong>VARIORUM</strong></span> <span class='ocrx_word' id='word_1_844' title='bbox 1129 2774 1136 2782; x_wconf 83' lang='lat'><strong>.</strong></span> 
     </span>
    </p>
   </div>
   <div class='ocr_carea' id='block_1_121' title="bbox 1066 2811 1861 2846">
    <p class='ocr_par' dir='ltr' id='par_1_121' title="bbox 1066 2811 1861 2846">
     <span class='ocr_line' id='line_1_124' title="bbox 1066 2811 1861 2846; baseline 0.003 -8"><span class='ocrx_word' id='word_1_845' title='bbox 1066 2817 1100 2838; x_wconf 84' lang='lat' dir='ltr'><strong>an</strong></span> <span class='ocrx_word' id='word_1_846' title='bbox 1125 2811 1254 2839; x_wconf 85' lang='lat' dir='ltr'><strong>Ecclesiis</strong></span> <span class='ocrx_word' id='word_1_847' title='bbox 1284 2811 1443 2838; x_wconf 82' lang='lat' dir='ltr'><strong>abstulerat.</strong></span> <span class='ocrx_word' id='word_1_848' title='bbox 1462 2811 1523 2839; x_wconf 78' lang='lat' dir='ltr'><strong>V&#39;id.</strong></span> <span class='ocrx_word' id='word_1_849' title='bbox 1547 2812 1613 2840; x_wconf 83' lang='lat' dir='ltr'><strong>Zoz.</strong></span> <span class='ocrx_word' id='word_1_850' title='bbox 1633 2813 1680 2840; x_wconf 89' lang='lat' dir='ltr'><strong>lih.</strong></span> <span class='ocrx_word' id='word_1_851' title='bbox 1700 2820 1737 2844; x_wconf 76' lang='lat' dir='ltr'><strong>vt,</strong></span> <span class='ocrx_word' id='word_1_852' title='bbox 1756 2819 1814 2846; x_wconf 74' lang='lat' dir='ltr'><strong>cap.</strong></span> <span class='ocrx_word' id='word_1_853' title='bbox 1832 2811 1861 2840; x_wconf 78' lang='grc'><strong>3.</strong></span> 
     </span>
    </p>
   </div>
   <div class='ocr_carea' id='block_1_122' title="bbox 1067 2846 1862 2882">
    <p class='ocr_par' dir='ltr' id='par_1_122' title="bbox 1067 2846 1862 2882">
     <span class='ocr_line' id='line_1_125' title="bbox 1067 2846 1862 2882; baseline 0.004 -10"><span class='ocrx_word' id='word_1_854' title='bbox 1067 2846 1103 2873; x_wconf 86' lang='lat' dir='ltr'><strong>De</strong></span> <span class='ocrx_word' id='word_1_855' title='bbox 1117 2846 1309 2882; x_wconf 84' lang='lat' dir='ltr'><strong>Valentiniano</strong></span> <span class='ocrx_word' id='word_1_856' title='bbox 1322 2854 1414 2882; x_wconf 65' lang='lat' dir='ltr'><strong>supra,</strong></span> <span class='ocrx_word' id='word_1_857' title='bbox 1434 2848 1482 2874; x_wconf 88' lang='lat' dir='ltr'><strong>lib.</strong></span> <span class='ocrx_word' id='word_1_858' title='bbox 1495 2855 1544 2879; x_wconf 77' lang='lat' dir='ltr'><strong>vn,</strong></span> <span class='ocrx_word' id='word_1_859' title='bbox 1560 2855 1621 2882; x_wconf 87' lang='lat' dir='ltr'><strong>cap.</strong></span> <span class='ocrx_word' id='word_1_860' title='bbox 1640 2847 1665 2881; x_wconf 87' lang='lat'><strong>7,</strong></span> <span class='ocrx_word' id='word_1_861' title='bbox 1686 2853 1714 2875; x_wconf 90' lang='lat' dir='ltr'><strong>et</strong></span> <span class='ocrx_word' id='word_1_862' title='bbox 1729 2848 1792 2875; x_wconf 79' lang='lat' dir='ltr'><strong>Soz.</strong></span> <span class='ocrx_word' id='word_1_863' title='bbox 1812 2847 1862 2877; x_wconf 77' lang='lat' dir='ltr'><strong>lib.</strong></span> 
     </span>
    </p>
   </div>
   <div class='ocr_carea' id='block_1_123' title="bbox 1064 2880 1579 2916">
    <p class='ocr_par' dir='ltr' id='par_1_123' title="bbox 1064 2880 1579 2916">
     <span class='ocr_line' id='line_1_126' title="bbox 1064 2880 1579 2916; baseline 0.006 -9"><span class='ocrx_word' id='word_1_864' title='bbox 1064 2889 1101 2912; x_wconf 69' lang='lat' dir='ltr'><strong>vr,</strong></span> <span class='ocrx_word' id='word_1_865' title='bbox 1117 2889 1176 2916; x_wconf 83' lang='lat' dir='ltr'><strong>cap.</strong></span> <span class='ocrx_word' id='word_1_866' title='bbox 1196 2882 1212 2908; x_wconf 85' lang='lat'><strong>6</strong></span> <span class='ocrx_word' id='word_1_867' title='bbox 1240 2881 1301 2909; x_wconf 84' lang='lat' dir='ltr'><strong>Jac.</strong></span> <span class='ocrx_word' id='word_1_868' title='bbox 1321 2880 1510 2910; x_wconf 54' lang='lat' dir='ltr'><strong>Golhofredin</strong></span> <span class='ocrx_word' id='word_1_869' title='bbox 1528 2884 1579 2910; x_wconf 81' lang='lat' dir='ltr'><strong>lac.</strong></span> 
     </span>
    </p>
   </div>
  </div>
