4026 6342
330 413 431 469 56]

1296 400 1865 462 ECCLESIASTiCIE
1906 395 2263 456 HISTORIAE
2298 395 2425 450 LIB.
2469 393 2604 449 Vill.

3495 383 3602 438 563

403 526 478 592 ς’.
512 525 658 587 Ὅτι,
703 523 891 596 φησὶν,
934 524 981 576 οἱ
1036 522 1163 593 περὶ
1197 521 1462 577 Κάνδιδον
1510 523 1605 576 καὶ
1634 518 1911 595 ’Δρῤιανδι

2094 514 2148 569 6.
2182 511 2456 569 Candidus
2498 518 2559 564 ct
2581 508 2857 562 Arrianus.
2878 506 3170 561 Athanasio
3211 503 3493 557 obsistunt.
3529 529 3603 544 --

327 617 651 688 ⁸ττροσγενείς
682 615 835 679 ὄντες
861 613 943 686 τῷ
968 613 1202 684 βασιλεί,
1246 613 1385 686 πρὸς
1429 613 1593 668 αὐτὸν
1627 615 1686 666 ὲν
1724 611 1915 683 Ἐδέσῃ

328 708 747 780 παραγίνονται,
773 707 867 761 καὶ
897 706 979 778 τῷ
1010 704 1319 779 Ἀθανασίῳ
1346 703 1793 771 ὲξοικειώσασθαι
1824 702 1915 774 τρν

328 799 558 870 βασιλέα
607 799 963 863 σπουδάζοντι
1002 798 1253 868 ἐμποδὼν
1295 798 1566 853 ἵστανται.
1613 797 1762 869 Πλὴν
1794 797 1822 850 ὃ
1850 812 1915 865 γε

328 890 603 964 βασιλεὺς,
652 894 736 958 εἰς
781 893 991 948 δίαιταν
1023 890 1211 963 κοινὴν
1256 891 1325 946 τὰ
1358 893 1490 963 παρ’
1528 889 1792 962 ἑκατέρου
1818 888 1916 961 μέ-

331 1002 460 1058 ρους
495 985 768 1057 λεγόμενα
800 977 1155 1055 ἀναθέμενος,
1196 983 1370 1057 ῥοπὴν
1424 982 1727 1055 οὐδετέροις
1775 982 1914 1046 τέως

328 1077 609 1152 παρέσχεν
639 1075 914 1147 ἐπίδηλον.

397 1260 465 1326 ζ’.
508 1260 631 1314 Ὀτι
680 1258 925 1327 Εύδόξιος
971 1258 1116 1315 κατὰ
1155 1258 1417 1314 Κανδίδου
1475 1257 1567 1311 καὶ
1632 1251 1914 1328 ’Δρῤιανοῠ

328 1352 467 1423 πρὸς
496 1350 734 1417 Εύζώῖον
767 1352 990 1423 γράφει.
1023 1353 1085 1406 ὐ
1102 1350 1159 1405 δὲ
1196 1351 1439 1423 ἠχθέσθη
1470 1350 1588 1423 μὲν,
1622 1365 1915 1422 συμπαρα-

304 1441 510 1505 ,λαῦὼν
551 1443 609 1496 δὲ
653 1443 748 1496 καὶ
786 1443 1053 1498 Ἐλπίδιον
1092 1443 1440 1515 ἀντιγράφει,
1468 1441 1818 1513 μεμφόμενός
1853 1457 1914 1494 τε

325 1534 428 1605 τὴν
456 1532 788 1605 συμϐουλὴν,
816 1534 1154 1606 ἀποσχέσθαι
1192 1534 1250 1588 δὲ
1294 1534 1547 1589 κάκεῖνον
1592 1532 1792 1604 μᾶλλον
1812 1532 1916 1602 ,ἀν-

321 1625 666 1695 τιπαραινῶν
689 1627 789 1697 τῆς
814 1626 1072 1699 τοιαύτης
1101 1625 1356 1698 γνώμης·
1384 1627 1443 1680 ὲν
1461 1625 1642 1698 ταυτῷ
1671 1625 1715 1680 δ’
1732 1624 1915 1699 ἠρέμα

325 1734 447 1781 πως
482 1717 750 1788 ἑπῃτιᾶτο
786 1716 885 1788 τὴν
919 1716 1137 1791 μακρὰν
1168 1715 1436 1788 ἀναϐολὴν
1462 1715 1573 1771 τῶν
1608 1715 1919 1788 διομολογη-

324 1808 532 1864 θέντων
563 1808 706 1882 ὑπὲρ
746 1808 956 1865 Ἀετίου
982 1808 1261 1883 Εύνομίῳ.

392 2076 466 2142 η’.
488 2070 615 2127 Ὀτι
648 2071 970 2138 Ἰωσιανδςδ
998 2071 1251 2144 βασιλεὺς
1277 2072 1413 2145 πρὸς
1439 2072 1543 2144 τὴν
1571 2074 1916 2128 Κωνσταντιο

321 2163 576 2219 νούπολιν
614 2164 890 2237 ἀπαίρων,
933 2166 1030 2219 καὶ
1070 2164 1315 2235 γεγονὼς
1351 2167 1410 2220 ὲν
1461 2164 1729 2237 Ἀγκύρᾳ,
1758 2164 1916 2220 θάτε-

324 2272 420 2326 ρον
468 2254 580 2310 τῶν
628 2256 823 2311 ἑαυτοῦ
863 2256 1071 2315 παίδων
1112 2258 1500 2330 Οὐαρονιανδν,
1541 2258 1738 2331 κομιδῇ
1793 2258 1914 2315 νέον

319 2346 475 2414 ὄντα,
508 2348 965 2420 ἐπιφανέστατον.
986 2349 1014 2403 ὃ
1040 2349 1193 2423 παρὰ
1239 2349 1539 2422 Ῥωμαίοις
1565 2350 1657 2404 τὸν
1693 2349 1916 2406 νωσελί-

322 2456 487 2509 σιμον
525 2439 769 2506 δύναται,
806 2442 1148 2515 ἀναγορεύει.
1185 2442 1427 2498 Ἐκεῖθεν
1457 2443 1515 2498 δὲ
1547 2443 1914 2516 σφοδροτάτου

319 2530 596 2603 χειμῶνος
624 2534 1004 2606 ἐπικειμένου,
1049 2536 1146 2590 σὺν
1185 2534 1265 2607 τῷ
1296 2534 1514 2608 στρατῷ
1538 2522 1823 2609 χωρεῖ’ὲπὶ
1845 2535 1915 2592 τὰ

321 2625 535 2697 πρόσω.
557 2626 668 2679 Καὶ
697 2626 884 2680 πολλοὶ¹
915 2628 1016 2700 μὲν
1046 2628 1188 2683 κατὰ
1212 2627 1313 2701 τὴν
1338 2628 1458 2683 ὁδὸν
1485 2627 1913 2702 διαφθείρονται.

318 2717 500 2783 sese;
521 2717 578 2772 δὲ
621 2719 761 2788 μετὰ
790 2719 918 2784 τοὺς
953 2720 1386 2791 ὑπολειφθέντας
1416 2720 1531 2792 (98)
1559 2720 1918 2793 καταλαμϐά-

319 2825 405 2861 νει
431 2806 499 2862 τὰ
519 2809 859 2864 Δαδάστανα.
890 2810 990 2865 Ἐν
1014 2827 1122 2865 τινι
1140 2811 1199 2865 δὲ
1219 2811 1534 2876 καταλύσας
1553 2810 1804 2885 σταθμῷ,
1820 2813 1916 2869 καὶ

316 2897 529 2968 τροφῆς
562 2897 869 2970 μετασχὼν,
891 2899 949 2951 ὲν
968 2899 1233 2971 οἰκήματί
1264 2918 1372 2955 τινι
1394 2901 1521 2974 ἄρτι
1541 2901 1915 2974 κεκονιαμὲνῳ

317 2988 710 3043 κατακλίνεται
732 2990 870 3062 πρὸς
892 2989 1083 3049 ὕπνον.
1115 2991 1295 3064 Πυρὸς
1326 2991 1373 3047 δ’
1391 2992 1745 3061 ἀναφθέντος,
1773 2992 1915 3048 ὥστε

315 3074 489 3135 ἀλέαν
509 3080 829 3149 δγγενέσθαι
862 3081 939 3153 τῷ
964 3082 1249 3153 οἰκήματι,
1276 3082 1420 3148 νοτὶς
1456 3083 1554 3153 μὲν
1572 3082 1682 3151 τῶν
1710 3085 1919 3159 νεοχρί-

317 3184 467 3224 στων
476 3171 668 3243 τοίχων
683 3172 970 3227 ἀνεδίδοτο·
990 3174 1092 3246 ἠρά
1100 3174 1239 3247 μαδὲ
1249 3174 1337 3231 διὰ
1348 3175 1455 3230 τῶν
1469 3175 1633 3249 ῥινῶν
1649 3177 1918 3250 παραδυο-

320 3257 463 3331 μένη
481 3300 496 3325 ,
520 3260 616 3315 καὶ
634 3262 762 3327 τοὺς
780 3263 1245 3329 ἁναπνευστικοὺς
1279 3264 1480 3337 πόρους
1504 3266 1914 3340 ὲπιφρᾶττουσα

314 3348 418 3403 καὶ
445 3350 846 3420 ἁποπνίγουσα,
864 3350 1168 3424 διαφθείρει
1191 3352 1284 3406 τὸν
1313 3351 1561 3424 βασιλέα,
1585 3353 1915 3412 διανύσαντα

315 3440 381 3492 ὲν
404 3443 472 3514 τῇ
499 3440 748 3516 βασιλείᾳ
778 3444 954 3515 μῆνας
974 3444 1143 3513 ἐγγὺς
1168 3442 1326 3500 δέκα.
1368 3444 1508 3499 Ἀλλ’
1540 3446 1571 3499 ὁ
1602 3446 1700 3516 μὲν
1719 3446 1912 3502 τούτου

317 3532 517 3605 νεκρὸς
567 3535 648 3599 είς
694 3534 796 3606 τὴν
841 3532 1416 3588 Κωνσταντινούπολιν
1479 3532 1672 3603 ἄγεται
1724 3549 1740 3567 °
1786 3536 1817 3590 ὁ
1856 3535 1916 3593 δὲ

319 3622 554 3694 στρατὸς
590 3623 733 3678 κατὰ
770 3622 1007 3678 Νίκαιαν
1045 3620 1309 3693 γεγονὼς,
1331 3621 1556 3696 ἡμερῶν
1598 3623 1916 3696 διαγενομῴ⁹

312 3700 431 3768 ⁴νων
451 3713 680 3793 δώδεκα,
714 3715 808 3771 τὸν
846 3714 1643 3793 Οὑαλεντινιανὸνὰναγορεύει
1669 3715 1919 3787 βασιλέα..

314 3804 586 3861 Δατιανοῦ
620 3791 720 3876 μὲν
744 3804 840 3860 τοῦ
864 3806 1154 3878 πατρικίου
1190 3807 1256 3858 ὲκ
1296 3791 1566 3870 Γαλατίας
1592 3805 1692 3878 τὴν
1720 3805 1919 3877 βουλὴν

314 3897 647 3969 γράμμασιν
668 3896 1110 3968 εἰσηγησαμένου
1142 3896 1222 3968 (ὲν
1250 3896 1389 3967 αὐτῇ
1415 3894 1526 3968 γὰρ
1553 3895 1644 3953 διά
1660 3912 1718 3949 τε
1737 3896 1919 3967 γῆρας¹

313 3988 417 4043 καὶ
440 3988 496 4042 τὸ
513 3989 608 4044 τοῦ
637 3987 907 4059 χειμῶνος
934 3987 1288 4042 ὑπελέλειπτο
1310 3986 1583 4059 μέγεθος),
1602 3986 1917 4057 συνεφαψαη

318 4081 489 4152 μένου
506 4080 565 4135 δὲ
581 4084 648 4154 τῇ
670 4080 868 4153 πράξει
909 4079 1204 4134 Σεκούνδου
1227 4097 1286 4134 τε
1302 4079 1397 4134 τού
1423 4079 1666 4153 ἐπάρχου
1687 4080 1798 4150 (99)
1820 4080 1914 4136 καὶ

329 4169 641 4244 ’Δρινθαίου
661 4172 755 4229 τοῦ
782 4169 1089 4244 στρατηγοῦ
1108 4212 1125 4237 ,
1151 4171 1248 4227 καὶ
1260 4172 1516 4241 Γλαῖφου,
1536 4171 1645 4226 τῶν
1668 4172 1916 4244 δομεστί-

313 4282 438 4319 κων
460 4257 617 4329 οὗτος
645 4267 849 4335 ἡγεῖτο.
878 4264 987 4319 Τοῦ
1006 4264 1065 4320 δὲ
1088 4262 1321 4336 στρατοῦ
1344 4264 1465 4319 κατ’
1481 4264 1650 4336 αὐτὴν
1674 4263 1773 4336 τὴν
1788 4265 1916 4319 ἀνα-

312 4356 577 4428 γόρευσιν
595 4399 610 4424 ,
632 4358 724 4412 ἐπὶ
734 4358 834 4429 τῆς
853 4358 1079 4423 ἀσπίδος
1100 4356 1468 4429 ὲποχούμενον
1484 4356 1560 4430 (α)
1574 4358 1665 4413 τὸν
1688 4356 1914 4430 βασιλέα

313 4445 651 4520 προσλαϐεῖν
684 4447 941 4502 κοινωνὸν
976 4440 1055 4511 είς
1078 4446 1177 4519 τὴν
1205 4445 1482 4517 βασιλείαν
1511 4444 1810 4513 ἀξιοῦντος,
1844 4450 1912 4520 τῇ

1938 3227 1987 3290 C

2023 602 2305 659 Candidus
2341 609 2396 655 et
2415 598 2705 660 Arrianus,
2735 594 2831 665 qui
2866 592 3156 664 propinqui
3184 600 3339 647 erant
3370 602 3606 659 tmpera-

2024 697 2161 753 toris
2188 694 2425 758 Joviani,
2472 707 2599 748 eum
2631 688 2852 745 Edessa:
2893 693 3196 741 morantem
3243 684 3513 747 adierunt,
3549 690 3607 738 et

2022 788 2326 844 Athanasio
2346 783 2693 856 imperatoris
2712 778 3148 835 benevolentiam
3176 775 3288 831 sibi
3307 775 3605 830 conciliare

2023 882 2269 940 studenti
2322 879 2671 936 obstiterunt.
2723 873 3022 943 Imperator
3077 883 3226 935 vero,
3259 883 3321 923 ea
3363 881 3485 939 qua:
3535 875 3605 921 an

2024 983 2259 1045 utraque
2291 980 2443 1043 parte
2473 970 2617 1026 dicta
2647 968 2887 1030 fuerant,
2919 964 2987 1020 ad
3019 976 3308 1019 commune
3334 960 3604 1032 judicium

2024 1063 2237 1136 rejecit,
2269 1061 2422 1117 nullo
2451 1058 2743 1115 manifesto
2769 1056 2973 1114 indicio
3001 1052 3219 1110 interim
3247 1053 3398 1120 dato,
3426 1061 3604 1108 utram

2024 1155 2078 1211 in
2107 1165 2314 1226 partem
2341 1151 2724 1226 propenderet.
3026 1172 3039 1181 -
3555 1205 3564 1215 _

2095 1243 2148 1300 7.
2197 1240 2604 1299 Adoersns‘hos
2655 1239 2935 1295 Eudoxio:
2991 1236 3194 1293 scribit.
3224 1265 3294 1275 —
3327 1233 3607 1290 Eudoxius

2023 1335 2287 1392 adversus
2342 1332 2646 1391 Candidum
2685 1340 2741 1387 et
2793 1330 3084 1389 Arrianum
3129 1329 3340 1384 litteras
3387 1324 3609 1395 scripsit

2022 1428 2092 1484 ad
2124 1426 2413 1483 Euzoium.
2443 1425 2685 1482 Euzoius
2727 1438 2856 1480 vero
2914 1423 2968 1479 id
2999 1421 3223 1493 quidem
3256 1418 3491 1492 graviter
3515 1425 3607 1472 tu-

2023 1521 2106 1587 lit,
2151 1529 2207 1576 et
2254 1519 2513 1592 adjuncto
2561 1519 2665 1577 sibi
2705 1516 2941 1589 Elpidio,
2999 1512 3286 1585 rescripsit
3335 1509 3605 1576 Eudoxio,

2022 1617 2223 1688 partim
2270 1616 2673 1687 reprehendens
2703 1614 2825 1685 ejus
2873 1611 3190 1675 consilium,
3236 1607 3437 1680 partim
3477 1620 3604 1662 eum

2022 1715 2216 1764 contra
2249 1708 2570 1773 exhortans,
2603 1715 2667 1762 ut
2701 1705 2817 1777 ipse
2859 1704 3039 1775 potius
3070 1703 3140 1758 ab
3173 1698 3448 1771 ejusmodi
3479 1711 3609 1753 sen-

2022 1798 2192 1855 tentia
2222 1798 2495 1856 recederet
2515 1797 2715 1865 ;simul
2736 1796 2902 1853 etiam
2925 1793 3119 1851 leniter
3142 1806 3269 1848 eum
3296 1787 3604 1853 incusabat,

1941 1885 1985 1943 Β
2013 1892 2085 1947 ob
2116 1874 2283 1947 nimis
2311 1884 2627 1947 diuturnam
2653 1888 2972 1945 dilationem
3004 1900 3196 1964 eorum
3229 1897 3353 1956 quae
3380 1881 3435 1936 in
3475 1894 3605 1952 gra-

2014 1981 2148 2036 tiam
2178 1981 2322 2037 Aetii
2351 1980 2625 2036 Eunomio
2641 1977 2968 2049 jamdudum
3003 1975 3352 2047 promiserat.

2085 2073 2140 2129 8.
2173 2071 2390 2128 Ioviani
2419 2072 2614 2128 obitus.
2653 2069 3059 2126 Valentinianus
3083 2069 3212 2138 imp.
3250 2064 3442 2120 Valens
3471 2065 3604 2134 imp.

2013 2194 2084 2206 -——
2123 2162 2428 2235 Imperator
2481 2161 2747 2220 Iovianus
2792 2154 3327 2228 Constantinopolim
3387 2152 3606 2224 prolici-

2015 2270 2198 2324 scens,
2230 2271 2358 2313 cum
2382 2255 2655 2328 Ancyram
2682 2253 2944 2317 venisset,
2969 2252 3200 2307 alterum
3227 2262 3295 2304 ex
3317 2246 3443 2303 ﬁliis
3465 2245 3604 2314 suis,

2015 2347 2423 2405 Varronianum
2451 2348 2696 2413 nomine,
2725 2346 3022 2404 admodum
3060 2356 3293 2415 puerum
3313 2382 3329 2409 ,
3373 2338 3605 2396 nobilis-

2015 2441 2214 2498 simum
2253 2441 2585 2513 designavit.
2625 2438 2837 2496 Exinde
2886 2436 3193 2508 asperrimo
3228 2432 3426 2490 hiemis
3467 2442 3606 2489 tem-

2015 2545 2149 2601 pore
2175 2529 2408 2586 ulterius
2435 2544 2559 2586 cum
2591 2529 2838 2585 exercitu
2867 2525 3149 2600 profectus
3189 2532 3293 2590 est,
3326 2523 3515 2579 multis
3548 2520 3604 2576 in

2015 2622 2210 2679 itinere
2239 2622 2485 2680 amissis.
2519 2621 2635 2695 (97)
2669 2621 2792 2692 Ipso
2832 2634 2964 2677 vero
2989 2633 3098 2674 una
3125 2633 3248 2673 cum
3290 2616 3359 2673 iis
3382 2615 3477 2687 qui
3511 2630 3606 2671 su-

2014 2712 2351 2785 perfuerant,
2401 2713 2551 2770 venit
2599 2712 2932 2769 Dadastana.
2986 2711 3236 2780 Cumque
3284 2708 3341 2762 in
3370 2706 3606 2763 statione

2014 2801 2252 2873 quadam
2273 2802 2670 2868 diversaretur,
2697 2809 2916 2872 sumpto
2931 2799 3077 2865 cibo,
3097 2798 3155 2852 in
3183 2795 3439 2853 cubiculo
3464 2810 3606 2865 quo-

2014 2892 2139 2949 dam
2190 2908 2383 2950 recens
2426 2893 2573 2950 calce
2614 2893 2751 2950 illito
2777 2891 3064 2959 decubuit,
3117 2889 3298 2947 somni
3353 2889 3604 2961 capiendi

2015 3001 2204 3043 causa.
2226 2980 2399 3043 Porro
2428 3000 2553 3043 cum
2578 2985 2722 3059 ignis
2751 3001 3017 3042 accensus
3044 2991 3212 3049 esset,
3247 2991 3307 3039 ut
3333 2990 3488 3053 tepor
3508 2997 3605 3052 per

2015 3079 2330 3136 cubiculum
2362 3078 2793 3150 dispergeretur,
2822 3078 3020 3133 humor
3039 3076 3262 3148 quidam
3288 3091 3353 3133 ex
3375 3075 3603 3146 parieti-

2015 3176 2120 3233 bus
2156 3191 2349 3233 recens
2393 3174 2545 3233 illitis
2569 3174 2854 3246 exspirare
2893 3173 3079 3244 erepit.
3115 3172 3220 3240 Qui
3270 3172 3474 3229 sensim
3506 3185 3605 3242 per

2016 3283 2181 3326 nares
2206 3269 2617 3339 subingressus,
2648 3265 2957 3338 respirandi
2982 3274 3198 3322 meatus
3220 3265 3513 3322 obstruens
3540 3278 3607 3319 ac

2015 3360 2345 3432 prmfocans,
2382 3361 2770 3432 imperatorem
2801 3357 3087 3424 exstinxit,
3128 3367 3254 3429 post
3284 3364 3508 3413 exactos
3546 3355 3602 3410 in

2016 3453 2247 3524 imperio
2291 3466 2512 3509 menses
2543 3449 2766 3507 circiter
2811 3451 3024 3508 decem.
3058 3448 3125 3505 Et
3166 3446 3332 3519 hujus
3385 3446 3603 3519 quidem

2016 3544 2250 3602 cadaver
2294 3542 2830 3613 Constantinopolim
2879 3542 3120 3598 delatum
3177 3548 3279 3597 est.
3319 3534 3606 3595 Exerﬁtus

2015 3652 2146 3693 vero
2171 3651 2296 3693 eum
2319 3632 2557 3691 Nicaeam
2579 3634 2844 3699 venisset,
2872 3632 3163 3690 duodecim
3184 3632 3378 3687 diebus
3402 3629 3605 3702 elapsis

2016 3727 2461 3785 Valentinianum
2496 3727 2883 3800 imperatorem
2939 3725 3292 3783 renuntiavit.
3329 3725 3466 3781 Cum
3496 3722 3603 3778 Da-

2017 3820 2198 3875 tianus
2231 3819 2453 3889 quidem
2502 3820 2767 3891 patricius
2819 3820 2875 3875 id
2920 3820 3209 3877 consilium
3252 3833 3350 3889 per
3394 3817 3603 3873 litteras

2018 3909 2383 3981 suggessisset
2422 3924 2490 3964 ex
2519 3908 2766 3976 Calatia;
2800 3909 2911 3966 illic
2958 3911 3129 3977 enim,
3165 3908 3362 3980 partim
3407 3908 3479 3963 ob
3517 3922 3606 3964 se-

2017 4010 2323 4069 nectutem,
2363 4001 2563 4072 partim
2606 4002 2678 4057 ob
2729 4000 2928 4058 hiemis
2977 4003 3327 4073 asperitatem
3381 4001 3604 4057 relictus

2019 4091 2214 4158 fuerat,
2250 4091 2537 4148 Secundus
2574 4106 2703 4147 vero
2740 4092 3030 4163 prml'ertus
3061 4091 3337 4164 praetorio,
3364 4092 3602 4148 etArin-

2017 4182 2194 4237 tbzeus
2229 4181 2484 4252 magister
2510 4180 2769 4249 militum,
2803 4198 2927 4238 eum
2959 4181 3240 4255 Dagalaifo
3276 4180 3476 4239 comite
3497 4183 3600 4239 do-

2020 4273 2381 4329 mestieorum
2410 4290 2634 4345 operam
2669 4291 2825 4331 suam
2856 4277 2922 4332 ad
2960 4276 3012 4331 id
3047 4275 3437 4348 perliciendum
3471 4289 3603 4331 con-

2019 4363 2305 4432 tulissent;
2340 4379 2576 4436 cumque
2607 4367 2882 4424 exercitus
2930 4367 3115 4423 statim
3157 4376 3282 4439 post
3312 4381 3597 4439 nuncupa-

2020 4453 2223 4509 tionem
2263 4450 2566 4523 Augustam
2600 4463 2848 4525 rogasset
2883 4452 3275 4525 imperatorem
3312 4462 3470 4512 scuto
3497 4452 3601 4509 im-

1562 4603 1807 4649 VALESII
1835 4605 1921 4650 AN
1925 4604 2336 4652 NOTATIONES.

418 4679 510 4746 97)
538 4679 858 4735 Theodorit.
890 4682 985 4736 lib.
1019 4698 1091 4746 tv,
1127 4697 1179 4737 c.
1220 4683 1273 4737 5.

416 4750 506 4827 98)
536 4750 1401 4827 Merit‘roizc__u;ro..te¢90értac.
1449 4752 1542 4809 Sic
1576 4754 1740 4810 etiam
1775 4755 1910 4827 legi-

316 4831 415 4879 tur
448 4823 500 4876 in
541 4822 764 4891 scriptis
788 4823 1090 4878 codicibus.
1121 4822 1291 4893 Leges
1331 4834 1511 4879 tamen
1539 4822 1910 4893 grammaticas

316 4893 604 4966 postulant
637 4893 1036 4966 mser-bamus
1066 4894 1207 4966 perdt
1237 4894 1353 4966 jtd'w
1381 4894 1833 4966 ὑπολειφθέντων.

272 4969 281 4977 '
316 4961 345 5035 ’ί
395 4962 507 5035 (99)
537 4962 878 5035 Σεκούνδου
910 4981 974 5035 τε
996 4961 1106 5035 τοῦ
1134 4963 1421 5032 ἐπάρχου.
1455 4961 1821 5035 Gothofredus
1850 4965 1906 5023 in

315 5032 791 5089 An'notationibus
812 5032 880 5088 ad
910 5033 1056 5089 hunc
1089 5033 1294 5098 locum,
1328 5043 1481 5089 notat
1514 5035 1659 5088 hunc
1690 5033 1902 5091 Secun-

315 5105 450 5175 dum
470 5102 787 5174 prietectum
811 5103 1067 5175 praetorio
1086 5104 1336 5175 eumdem
1358 5119 1482 5160 esse
1494 5119 1618 5175 eum
1639 5102 1902 5162 Salustio.

315 5172 391 5229 Et
417 5172 549 5229 olim
576 5175 797 5244 quidem
812 5172 906 5231 'ita
933 5189 1211 5231 senseram
1247 5174 1300 5227 in
1340 5174 1804 5232 Annotationibus
1835 5177 1904 5234 ad

316 5244 521 5300 librum
554 5242 688 5317 san
727 5242 1003 5300 Ammiani
1037 5244 1339 5317 Marcellini
1368 5244 1659 5317 pag.7266,
1698 5262 1905 5303 meam«

313 5330 430 5387 que
475 5314 791 5386 opinionem
826 5325 1048 5372 secutus
1083 5322 1171 5372 est
1222 5312 1590 5374 Gothofredus
1648 5315 1705 5372 in
1756 5317 1905 5374 dicto

1938 4691 1986 4751 ι)
2013 4688 2155 4758 loco.
2186 4685 2388 4745 Verum
2428 4698 2616 4758 postea
2659 4704 2717 4744 re
2759 4688 3025 4746 attentius
3074 4658 3404 4754 examinata,
3453 4686 3613 4745 hunc-

2018 4756 2330 4829 Secundum
2385 4756 2700 4828 praelectum
2746 4761 3007 4829 praetorio
3046 4759 3374 4828 deprehendi
3427 4759 3595 4829 alium

2016 4844 2139 4885 esse
2163 4844 2195 4883 a
2228 4827 2492 4894 Salustio,
2517 4839 2575 4885 ut
2599 4827 2813 4885 ostendi
2841 4829 2895 4883 in
2916 4827 3378 4883 Annotationihus
3405 4828 3472 4882 ad
3496 4827 3594 4884 lib.

2014 4915 2068 4953 v1
2102 4897 2413 4964 Sozomeui,
2444 4914 2566 4971 pag.
2591 4900 2719 4971 222.
2745 4897 2923 4971 llujus
2946 4897 3439 4971 Secundiprgefecti
3464 4912 3598 4971 pra;-

2016 4971 2155 5043 torio
2207 4968 2538 5043 mentionem
2590 4970 2719 5025 iacit
2771 4968 3037 5043 Libanius
3094 4968 3151 5043 in
3185 4968 3425 5043 epistola
3456 4968 3593 5043 I122,

2014 5039 2110 5093 lib.
2136 5055 2210 5102 tv,
2236 5055 2359 5109 qua:
2388 5040 2588 5109 scripta
2615 5049 2701 5095 est
2720 5040 2784 5094 ad
2808 5039 3066 5109 Iovinum
3094 5038 3161 5093 de
3185 5036 3599 5108 Petronio'quo-

2013 5110 2157 5181 dam,
2189 5107 2281 5179 qui
2323 5107 2558 5181 primum
2593 5111 2891 5181 advocatus
2931 5107 3129 5181 fuerat,
3165 5118 3365 5181 postea,
3394 5107 3600 5181 praeses

2011 5176 2405 5253 Euphratensis
2448 5181 2783 5253 provinciae:
2819 5176 2927 5239 εἶδε
2962 5179 3061 5251 μὲν
3090 5181 3118 5234 ὁ
3163 5176 3449 5253 κράτιστος
3494 5180 3594 5234 Σε-

2011 5248 2251 5316 κοῦνδος.

1788 5431 2146 5481 VARIORUM.

392 5511 469 5587 _(a)
503 5511 639 5587 ’Ἐπί
687 5512 797 5580 τῆς
841 5513 1103 5587 ἀσπίδος
1145 5513 1579 5587 ἐποχούμενον.
1631 5512 1749 5587 Mos
1792 5526 1911 5572 erat

311 5582 584 5639 solemnis
614 5591 745 5656 tunc
772 5586 1056 5655 temporis,
1090 5593 1151 5656 ut
1175 5585 1224 5641 is
1251 5582 1414 5655 quem
1442 5586 1639 5641 milites
1667 5585 1905 5656 impera-

311 5662 491 5738 torem
525 5653 925 5738 renuntiarent,
963 5655 1215 5738 protinus
1261 5653 1905 5738 scutoﬂimposituslcir-

310 5723 699 5796 eumlerretur.
757 5723 915 5781 Unde
951 5723 1005 5779 et
1051 5725 1255 5796 passim
1302 5727 1355 5780 in
1409 5723 1588 5781 Fastis
1640 5726 1906 5784 ldacianis

311 5794 469 5866 legas
518 5794 894 5866 imperatorem
948 5794 1179 5850 levatum
1220 5812 1333 5866 pro,
1360 5797 1695 5866 renuntiato,
1740 5799 1907 5854 etiam

318 5860 767 5932 Valentinianum
803 5864 906 5923 hoc
941 5866 1061 5940 ipso
1096 5860 1241 5923 anno
1275 5864 1400 5921 564.
1438 5860 1690 5933 Gotlwfr.
1714 5868 1767 5925 in
1799 5867 1900 5924 locs.

2005 5519 2126 5587 Quo
2149 5522 2162 5573 l
2190 5537 2312 5575 mox
2350 5521 2425 5576 ait
2459 5519 2882 5587 Pliilostorgius,
2910 5519 3231 5576 Gratianum
3261 5520 3440 5575 adhuc
3463 5519 3595 5576 ado-

2008 5592 2325 5658 lescentem,
2362 5606 2401 5662 Aa
2459 5601 2614 5662 patre
2666 5591 2733 5648 ad
2777 5590 3070 5661 imperium
3128 5608 3228 5644 non
3264 5590 3428 5662 multo
3475 5598 3594 5659 post

2006 5671 2277 5733 evectum,
2320 5660 2555 5733 idatino
2585 5663 2689 5718 367
2736 5660 3423 5733 consignantebronologi,
3461 5661 3591 5715 dum

2008 5730 2303 5789 Grati-mus
2332 5732 2510 5789 adhuc
2546 5748 2685 5804 puer
2718 5730 3044 5800 essen—octo
3073 5740 3170 5787 aut
3202 5730 3393 5786 novem
3421 5745 3602 5789 annos

2009 5809 2190 5858 natus.
