3996 6340
1211 344 1777 404 ECCLESIASTICIE
1820 346 1863 402 II

1974 344 2177 402 'ORUE
2221 346 2348 400 LIB.
2397 342 2530 397 VIII.
3368 380 3371 383 -
3443 341 3547 399 5'66

260 453 549 520 Βασίλειος
567 455 669 529 μὲν
700 456 1108 533 Ἀπολλιναρὶου
1130 459 1507 533 λαμπρότερος
1533 461 1608 533 (5)
1643 458 1731 534 ἦν.
1758 462 1849 535 Τῷ

1974 463 2077 518 lem
2109 462 2174 518 ad
2212 477 2398 518 sacras
2430 462 2641 517 litteras
2682 461 2932 531 pertinet,
2984 458 3204 531 utrique
3242 461 3543 526 anteponit.

258 544 316 601 δὲ
335 549 645 621 Γρηγορίῳ,
668 551 764 605 καὶ
784 552 914 623 παρ’
928 552 1259 624 ἀμφοτέροις
1278 552 1671 626 ἐξεταζομένῳ,
1697 554 1863 626 μείζω

1974 553 2316 610 AcBasilium
2337 553 2559 624 quidem
2590 552 2900 623 Apollinare
2931 551 3356 623 splendidiorem
3381 549 3548 607 fuisse

263 640 423 712 βάσιν
450 642 533 706 είς
562 644 889 714 συγγραφὰς
911 644 987 714 (4)
1013 639 1158 715 εἶχεν
1191 646 1219 698 6
1239 643 1396 714 λόγος
1418 663 1431 676 ι
1458 645 1551 699 καὶ
1590 641 1659 717 ἦν
1688 648 1863 701 εἰπεῖν

1974 646 2093 705 licit
2126 646 2181 701 in
2208 647 2574 718 panegyricis.
2608 644 2858 714 Gregorii
2892 659 3043 710 vero,
3078 644 3126 699 si
3159 658 3284 701 cum
3318 652 3549 713 utroque

274 733 700 807 Ἀπολλιναρίου
733 734 834 807 μὲν
855 735 1166 810 ἁδρότερος,
1198 736 1479 791 Βασιλείου
1500 736 1556 792 δὲ
1588 737 1861 811 σταθερὼ-

1974 746 2333 808 :omparctur,
2395 738 2572 809 magis
2629 736 2857 792 fundata
2910 738 2976 791 ad
3036 734 3381 793 scribendum
3448 734 3550 790 fuit

258 840 440 896 τερος.
1959 830 2173 894 oratio;
2219 837 2273 884 ct
2321 830 2637 900 Apollinare
2686 828 2906 899 quidem
2956 825 3178 884 uberior
3220 826 3325 883 fuit
3365 828 3419 883 in
3467 828 3550 883 di-

1958 921 2167 988 cendo;
2200 919 2405 976 Basilio
2435 931 2618 977 autem
2656 920 2888 976 ﬁrmior.

333 1070 550 1144 [Placet
607 1073 755 1131 aliud
790 1074 1144 1149 Philostorgii
1199 1075 1567 1150 fragmentum
1621 1075 1809 1133 Graece
1863 1076 1954 1133 hic
1996 1078 2288 1147 collocare,
2329 1080 2476 1151 quod
2521 1080 2801 1136 Morellius
2849 1079 2904 1135 in
2936 1079 3136 1151 quinto
3162 1078 3366 1135 Niceten
3411 1079 3554 1135 libro

262 1165 361 1221 fol.
393 1166 504 1224 309
528 1167 723 1225 Latine
754 1160 1135 1228 tantummodo
1167 1172 1375 1243 posuit,
1410 1171 1597 1228 Graece
1636 1181 1818 1226 autem
1869 1172 2094 1228 nonnisi
2142 1174 2376 1244 carptim
2411 1175 2554 1245 apud
2591 1174 2818 1229 Suidam
2864 1188 2989 1229 voc.
3038 1171 3471 1240 Ἀπολινὰριος,
3502 1177 3553 1223 et

263 1261 321 1316 ii
360 1265 636 1333 excerptis
672 1265 959 1323 Photiauis
988 1268 1113 1323 libri
1144 1268 1324 1323 octavi
1361 1268 1580 1339 legitur.
1620 1268 1711 1323 Sic
1746 1268 1914 1340 igitur
1939 1284 1999 1324 se
2033 1269 2196 1325 habet
2226 1270 2575 1341 Philostorgii
2622 1271 2775 1327 locus
2801 1287 2830 1326 a
2863 1269 3052 1326 Niceta
3083 1271 3242 1327 nobis
3269 1270 3556 1325 exhibitas

261 1360 318 1412 in
353 1355 481 1410 cod.
521 1352 644 1411 Vat.
675 1371 799 1428 pag.
836 1356 937 1411 153
973 1357 1007 1412 ι)
1038 1376 1052 1412 :
1091 1358 1153 1411 '0
1189 1357 1619 1422 δυσσεϐέστατος
1645 1356 2026 1430 Φιλοστόργιος
2059 1358 2119 1410 ὲν
2152 1358 2231 1430 τῷ
2259 1361 2431 1431 ὀγδόῳ
2469 1361 2571 1431 τῆς
2603 1362 2843 1432 ἱστορίας
2877 1362 3020 1432 λόγῳ
3065 1362 3159 1415 τὸν
3200 1361 3556 1416 δυσσεϐέσταο

260 1464 354 1503 τον
384 1447 577 1503 τοῦτον
600 1449 868 1521 Εὐνόμιον
905 1448 1143 1503 ἐπαινῶν
1184 1466 1368 1520 φησιν,
1403 1450 1479 1514 ὡς
1508 1452 1537 1504 ό
1576 1449 1989 1521 Ἀπολλινάριος
2019 1450 2081 1502 τὸ
2122 1450 2576 1522 ὑπομνηματικὸν
2607 1448 2747 1517 εἶδος
2787 1453 2889 1523 τῆς
2929 1452 3128 1518 λέξεως
3166 1454 3365 1525 ἄριστα
3400 1451 3515 1524 εἶχε
3537 1471 3555 1485 ἠ

261 1543 550 1606 Βασίλειος
588 1541 646 1595 δὲ
679 1540 1049 1610 πανηγυρίσαι
1085 1539 1247 1611 μόνον
1283 1540 1668 1613 λαμπρότατος
1693 1536 1796 1612 ἦν·
1941 1539 1998 1593 δὲ
2033 1540 2317 1613 Γρηγορὶῳ
2362 1542 2600 1612 ἑκάτερα
2632 1543 2761 1612 παρ’
2796 1542 3142 1614 ἀμφοτέρους
3181 1544 3558 1616 ἐξεταζομένῳ

266 1637 443 1708 μείζω
469 1636 626 1707 βάσιν
654 1638 732 1700 είς
751 1634 1074 1707 ουγγραςρὴν
1108 1632 1252 1706 εἶχεν
1280 1638 1309 1689 6
1339 1635 1496 1704 λόγος
1518 1649 1533 1665 ·
1565 1636 1659 1690 καὶ
1703 1632 1771 1708 ἦν
1804 1639 1978 1691 εἰπεῖν
2019 1637 2432 1709 Ἀπολλιναρίου
2480 1638 2580 1709 μὲν
2616 1637 2925 1713 ἀδρότερος,
2952 1639 3231 1692 Βασιλείου
3261 1639 3319 1692 δὲ
3354 1638 3556 1708 σταθη-

262 1733 492 1804 ρότερος
514 1750 529 1764 ·
556 1733 586 1785 6
614 1730 712 1802 μὲν
743 1725 838 1785 οὖν
867 1730 1275 1802 Ἀπολλινάριος
1309 1732 1403 1785 καὶ
1434 1732 1462 1785 6
1485 1731 1762 1796 Βασίλειος
1802 1732 1944 1786 κατά
1971 1731 2072 1803 τῆς
2114 1732 2413 1801 ἀπολογίας
2444 1729 2511 1805 ἦς
2543 1733 2809 1804 Εὑνόμιος
2836 1733 3151 1805 ἐξήνεγκεν,
3190 1731 3510 1804 ἐγραψὰτην
3537 1747 3550 1759 ’

259 1828 361 1884 τοῦ
390 1828 449 1882 δὲ
482 1822 784 1901 Γρηγορίου
835 1827 951 1900 (καὶ
977 1826 1135 1881 τοῦτό
1172 1844 1256 1893 τις
1302 1829 1383 1892 είς
1425 1830 1695 1892 συνέσεως
1728 1827 2001 1893 ἀπόδειξιν
2053 1829 2152 1900 οὐχ
2179 1829 2382 1899 ἥκιστα
2418 1828 2596 1897 λάϐοι)
2647 1828 2955 1898 διαγνόντος
3003 1827 3200 1882 ὁπόσον
3233 1824 3384 1896 αὐτῷ
3417 1825 3555 1898 πρὸς

265 1928 481 1981 ἐκεῖνον
509 1920 578 1997 ἦν
605 1925 665 1980 τὸ
701 1924 803 1991 τῆς
831 1924 1116 1997 δυνάμεως
1153 1923 1339 1996 μέσον,
1373 1924 1466 1978 καὶ
1501 1924 1602 1995 τὴν
1632 1925 1864 1996 ἡσυχίαν
1896 1924 2311 1996 ἀσπασαμένου,
2354 1924 2513 1995 μόνον
2549 1923 2609 1978 δέ
2636 1941 2758 1977 τινα
2801 1922 2910 1977 τῶν
2939 1920 3206 1993 Εὑνομίου
3246 1920 3557 1990 κεφαλαίων

185 2018 196 2027 ’
260 2025 324 2077 ἐν
354 2021 435 2094 τῷ
462 2021 606 2090 Περὶ
642 2019 781 2075 Υιοῦ
802 2019 946 2092 λόγῳ
972 2020 1396 2093 ἀνατρέψαντος,
1428 2020 1504 2085 ὡς
1531 2022 1589 2074 ὲν
1615 2019 1745 2073 εῖδει
1773 2018 1866 2073 τοῦ
1894 2019 2357 2092 πρὸςἈνομοίους
2380 2019 2754 2093 ἀντιρρήσεως
2775 2033 2789 2049 ⁸
2818 2017 2847 2070 6
2877 2017 2934 2070 δὲ
2958 2015 3558 2087 ΕὐνόμιοςἈπολλινά-

263 2136 384 2193 ριον
417 2117 515 2189 μὲν
537 2116 660 2171 οὐδὲ
688 2117 1062 2189 ἀντιρρήσεως
1091 2115 1290 2186 ἠξίωσε
1310 2132 1325 2147 ο
1357 2115 1586 2188 καὶγὰρ
1627 2115 1706 2187 τῷ
1734 2116 1848 2170 ὄντι
1874 2115 2144 2189 πλαδαρὸς
2177 2116 2258 2179 εἰς
2289 2114 2463 2169 ταῦτα
2506 2101 2787 2186 ἀπήντησε
2833 2113 2927 2166 καὶ
2972 2110 3320 2181 ἀσυστρεφής
3339 2125 3355 2139 ο
3397 2109 3559 2161 Βασι-

260 2213 398 2285 λείῳ
424 2213 482 2267 δὲ
514 2214 769 2268 ἀντεῖπεν
800 2213 860 2268 ὲν
892 2212 1052 2267 πέντε
1083 2212 1284 2282 λόγοις,
1314 2209 1391 2267 ὧν
1420 2213 1549 2277 τοὺς
1578 2211 2010 2284 προεκδοθέντας
2044 2211 2337 2285 δεξάμενος
2364 2210 2668 2276 Βασίλειος,
2710 2207 2818 2262 ὑπὸ
2847 2207 2947 2279 τῆς
2974 2204 3277 2278 δυσθυμίας
3314 2202 3407 2257 τὸν
3444 2202 3556 2275 βίον

260 2308 523 2363 ἀπέλιπε.
558 2338 621 2347 -
661 2305 789 2374 Mar,
820 2304 1075 2379 Spicileg.
1110 2304 1289 2375 Rom.,
1315 2314 1451 2362 tom.
1484 2306 1575 2373 IV,
1604 2322 1658 2378 p.
1690 2303 1846 2379 424.1

342 2463 433 2535 ιβ’.
466 2464 588 2518 Ὅτι
622 2463 685 2517 οὐ
719 2463 879 2535 μόνον
913 2463 1008 2518 τὸν
1045 2464 1218 2537 μέγαν
1247 2463 1554 2529 Βασίλειον,
1590 2463 1726 2518 ἀλλά
1762 2465 1860 2519 καὶ

2034 2465 2122 2521 12.
2158 2463 2359 2519 Eorum
2390 2465 2591 2536 scripta
2638 2465 2695 2517 in
2735 2460 2988 2516 Eunomii
3030 2457 3450 2530 Apologeticum.
3485 2483 3558 2496 --

260 2555 359 2610 τὸν
392 2554 803 2627 ’Λπολλινάριον
836 2554 988 2624 λέγει
1039 2555 1177 2626 πρὸς
1214 2555 1315 2625 τὴν
1349 2554 1665 2625 Ἀπολογίαν
1697 2556 1860 2610 Εὐνο-

267 2649 398 2721 μίου
423 2646 781 2727 ἀντιγράξαι.
816 2642 949 2700 Εἶτα
994 2645 1156 2700 πάλιν
1186 2646 1452 2718 Εὑνομίου
1483 2648 1542 2700 ἐν
1572 2646 1734 2700 πέντε
1767 2643 1879 2701 λό-’

263 2746 388 2811 γοις
437 2740 854 2810 συμπλακέντος
886 2737 1184 2810 Βασιλείῳ,
1231 2740 1476 2810 ἐντυχεῖν
1525 2740 1734 2793 ἐκεῖνον
1780 2737 1861 2810 τῷ

271 2831 504 2905 πρώτῳ,
536 2831 632 2884 καὶ
673 2828 1138 2903 βαρυθυμήσαντα
1166 2828 1345 2883 λιπεῖν
1375 2827 1467 2881 τὸν
1507 2827 1639 2900 βίον.
1672 2828 1862 2894 Οὕτως

262 2923 421 2996 αὐτῷ
470 2922 536 2976 τὸ
562 2921 759 2994 ψεῦδος
791 2922 870 2994 (a)
911 2923 1005 2976 ἐπὶ
1054 2920 1238 2993 πολλῷ
1277 2922 1376 2993 τῆς
1413 2921 1674 2994 ἀληθείας
1715 2922 1858 2976 τετί-

267 3033 467 3089 μηται.

339 3206 431 3270 ιγ’.
466 3199 592 3252 Ὅτι
623 3197 732 3252 τῶν
768 3195 1075 3268 εἰρημένων
1111 3194 1285 3263 ἁγίων
1310 3193 1542 3265 ἀνδρῶν,
1577 3193 1860 3248 Βασιλείου

268 3292 370 3347 καὶ
406 3290 737 3365 Γρηγορίου,
783 3286 1100 3360 περιφανῶς
1134 3288 1231 3340 καὶ
1269 3286 1494 3358 ἀναίδην
1527 3287 1865 3357 καταψεύδε-

269 3401 401 3439 ται·
461 3382 538 3454 μὴ
580 3381 691 3451 γὰρ
728 3380 909 3449 λέγειν
950 3379 1149 3441 αὐτοὺς
1199 3377 1488 3450 ᾇνθρωπον
1534 3378 1862 3451 γεγενῆσθαι

263 3482 363 3535 τὸν
392 3480 543 3544 Υἱὸν,
573 3478 713 3532 ἀλλά
753 3477 1035 3548 ἐνοικῆσαι
1074 3474 1367 3549 ἀνθρώπῳ,
1422 3476 1713 3550 καὶταύτῃ
1745 3477 1862 3531 δια-

266 3572 504 3645 ζυγῆναι
532 3571 627 3625 τὸν
642 3569 1051 3640 Ἀπολλινάριον
1075 3569 1177 3639 τῆς
1214 3569 1413 3641 μοίρας
1444 3569 1644 3624 αὐτῶν.
1677 3571 1866 3624 Αίτιᾶ-

266 3681 362 3717 ται
390 3663 448 3716 δὲ
497 3663 773 3727 κάκεῖνον,
808 3662 906 3714 οὐκ
935 3663 1022 3731 ἐφ’
1062 3655 1143 3725 οἷς
1172 3664 1285 3726 τοῖς
1313 3663 1564 3716 εὐσεϐέσι
1588 3665 1863 3736 παρέσχεν

268 3756 476 3821 αίτὶαν,
536 3755 768 3819 ἀλλἰεἱς
818 3754 1011 3827 ἑτέραν
1059 3755 1222 3809 αὕτδν
1271 3756 1604 3830 κατασύρειν
1653 3760 1863 3829 εἰσάγει

270 3850 535 3920 σπουδήν.
587 3847 751 3917 Λέγει
799 3847 857 3901 δὲ
908 3846 1046 3919 μετά
1085 3847 1194 3902 τῶν
1239 3847 1437 3916 ἄλλων,
1486 3851 1568 3904 ὅτι
1627 3851 1725 3923 τὴν
1754 3852 1862 3907 τῶν
1891 3831 1932 3889 C

270 3943 547 4014 σωμάτων
578 3941 877 3997 ἀνάστασιν
914 3940 1261 4012 ἀπεκήρυξεν
1291 3942 1388 4013 (ὁ).

348 4119 432 4175 ιδ’.
471 4121 617 4183 Ὅτι,
670 4118 825 4189 φησὶ,
894 4118 1303 4192 Ἀπολλινάριος
1353 4120 1496 4175 κατά
1546 4120 1859 4194 Πορφυρίου

269 4211 494 4284 γράψας
524 4211 619 4265 ἐπὶ
645 4210 780 4264 πολὺ
814 4213 1008 4285 κρατεῖ
1040 4210 1152 4267 τῶν
1190 4211 1580 4285 ἠγωνισμένων
1615 4212 1860 4287 Εὑσεϐίῳ

1963 2557 2055 2612 Ait
2099 2556 2520 2629 Philostorgius,
2572 2570 2682 2611 non
2736 2554 2913 2610 solum
2966 2551 3229 2606 Basiliqu
3272 2548 3553 2620 Magnum,

1963 2664 2151 2704 verum
2183 2649 2346 2704 etiam
2380 2648 2775 2718 Apollinarem,
2806 2643 3102 2714 scripsisse
3132 2641 3383 2695 adversus
3415 2640 3561 2709 Apo-

1963 2739 2244 2811 logeticum
2295 2739 2585 2803 Eunomii;
2620 2746 2809 2809 postea
2850 2750 2984 2791 vero
3031 2730 3364 2787 Eunomium
3393 2728 3558 2798 quin-

1964 2849 2070 2905 que
2095 2832 2538 2907 libris_adversus
2562 2830 2827 2885 Basilium
2850 2828 3196 2890 decertasse;
3230 2824 3376 2878 hunc
3401 2836 3550 2878 vero.

1963 2925 2378 2999 cum'primum
2411 2928 2678 2983 duntaxat
2730 2925 2929 2981 librum
2976 2921 3218 2994 legisset,
3255 2918 3409 2990 gravi
3455 2916 3557 2973 do-

1965 3021 2078 3077 lore
2115 3021 2425 3092 perculsum
2454 3034 2521 3075 cx
2547 3020 2650 3074 hac
2678 3018 2785 3072 vita
2811 3017 3097 3088 migrasse.
3120 3012 3269 3085 Adeo
3302 3009 3392 3065 hic
3417 3009 3564 3065 scri-

1961 3124 2086 3186 ptor
2124 3113 2470 3169 mendacium
2507 3111 2682 3183 pluris
2704 3111 2839 3166 facit
2868 3106 3379 3179 quam-veritatem.

2037 3207 2123 3261 15.
2155 3204 2224 3260 In
2281 3204 2487 3259 eosdem
2537 3203 2840 3258 calumniw.
2886 3199 3122 3255 Eosdem
3175 3194 3556 3255 sanctissimos

1963 3296 2132 3360 viros,
2164 3295 2425 3352 Basilium
2461 3295 2673 3351 scilicet
2701 3302 2756 3349 et
2782 3292 3129 3364 Gregorium,
3160 3298 3346 3360 aperte
3366 3298 3420 3343 et
3456 3288 3559 3343 im-

1962 3388 2231 3459 pudenter
2263 3387 2634 3443 calumniatur
2663 3405 2678 3444 :
2724 3400 2901 3455 neque
2929 3384 3074 3440 enim
3120 3396 3215 3439 eos
3252 3381 3435 3437 dicere
3469 3378 3557 3433 Fi-

1965 3480 2100 3535 lium
2150 3479 2434 3534 hominem
2462 3477 2668 3535 factum
2714 3494 2861 3545 esse,
2894 3476 2989 3532 sed
3036 3475 3090 3530 in
3132 3473 3354 3529 homine
3400 3470 3558 3525 inha—

1964 3573 2201 3636 bitasse;
2239 3586 2473 3643 eamque
2510 3571 2582 3627 ob
2606 3586 2830 3627 causam
2863 3568 3238 3641 Apollinarem
3267 3565 3337 3621 ab
3364 3578 3556 3619 eorum

1964 3665 2211 3736 partibus
2272 3680 2393 3720 sese
2437 3663 2776 3734 abjunxisse.
2818 3660 2989 3717 Istum
3033 3673 3165 3714 vero
3202 3657 3365 3713 etiam
3392 3669 3556 3709 accu-

1966 3764 2071 3823 sat,
2103 3770 2213 3810 non
2266 3754 2336 3809 ob
2375 3770 2439 3810 ea
2472 3770 2704 3825 quorum
2742 3767 2907 3807 causa
2938 3766 2982 3806 a.
3015 3751 3116 3820 piis
3155 3747 3411 3803 omnibus
3442 3759 3557 3798 me-

1967 3849 2073 3904 rito
2103 3848 2468 3919 reprehensus
2492 3856 2598 3912 est,
2627 3847 2722 3902 sed
2752 3846 2805 3900 in
2838 3844 2987 3900 aliud
3012 3841 3286 3913 quoddam
3314 3838 3559 3894 studium

1968 3940 2252 4009 abreptum
2298 3954 2419 3994 esse
2459 3930 2829 3992 traditfluter
2879 3934 2983 3988 alia
3023 3941 3204 4009 autem
3238 3928 3391 3993 dicit,
3426 3943 3552 3982 cum

1968 4027 2429 4087 resurrectionem
2462 4043 2757 4098 corporum
2789 4025 3091 4095 negavisse.

2041 4123 2129 4178 14.
2165 4121 2498 4193 Apollinaris
2524 4120 2581 4175 in
2626 4118 2983 4189 Porphyrium
3028 4116 3249 4183 scripta.
3277 4141 3347 4152 --
3386 4109 3552 4180 Apol-

1968 4208 2160 4270 linaris
2200 4214 2257 4268 in
2290 4212 2446 4269 libris
2484 4226 2624 4283 quos
2662 4218 2852 4267 contra
2904 4207 3265 4280 Porphyrium
3309 4202 3550 4275 scripsit,

1507 4385 1752 4431 VALESII
1787 4385 2283 4432 ANNOTATIONES.

342 4523 427 4595 (5)
460 4522 914 4590 Ἀπολλιναρίου
940 4522 1371 4595 λαμπρότερος.
1423 4522 1577 4595 Apud
1644 4521 1867 4595 Suidam

274 4592 497 4652 additur
524 4594 749 4647 verbum
786 4593 1181 4663 πανηγυρίσαι,
1209 4596 1354 4663 quod
1387 4594 1570 4649 nescio
1599 4607 1696 4649 cur
1720 4592 1860 4647 Pho-

278 4669 385 4723 tius
421 4663 793 4735 praetermisit,
817 4678 949 4735 cum
968 4664 1034 4735 in
1058 4677 1123 4716 eo
1167 4679 1303 4735 pene
1334 4670 1445 4735 tota
1480 4663 1560 4735 vis
1586 4664 1858 4735 consistat

274 4732 582 4792 sententiae.
622 4734 712 4787 Ait
742 4733 887 4787 enim
920 4732 1314 4804 Philostorgius
1341 4733 1445 4788 hos
1470 4732 1689 4804 quidem
1727 4743 1857 4801 tres,

272 4807 652 4878 Apollinarem
707 4804 937 4878 scilicet,
974 4802 1247 4878 Basiliam
1304 4813 1468 4878 atque
1516 4803 1862 4878 Gregorium,

275 4872 527 4931 omuium
555 4875 640 4928 sui
672 4874 933 4944 temporis
957 4874 1352 4929 disertissimos
1378 4872 1565 4927 fuisse.
1606 4872 1863 4944 Singulos

278 4960 458 5001 tamen
493 4962 592 5014 pro

1975 4522 2297 4578 scribendos
2356 4520 2784 4577 commentarios
2855 4520 3225 4589 aptissimum.
3288 4518 3553 4589 Basiliam

1969 4608 2099 4648 vero
2127 4594 2180 4647 iu
2210 4592 2539 4663 panegyrico
2575 4591 2789 4647 dicendi
2823 4588 3021 4663 genere
3053 4588 3554 4663 οχῳῌιιῑεεᾳβυοο

1970 4664 2107 4733 gorii
2140 4659 2269 4717 vero
2299 4659 2601 4717 orationem
2635 4664 2808 4733 magis
2837 4660 3334 4733 l'umlalamluisse,
3366 4659 3418 4711 id
3444 4667 3550 4722 est,

1971 4730 2031 4789 ut
2068 4735 2230 4803 vulgo
2262 4734 2412 4804 loqui
2453 4730 2923 4804 solemusfmagis
2952 4730 3303 4804 periodicam.

2042 4804 2119 4873 (tl)
2154 4800 2379 4866 Μείζωᾶ·
2413 4807 2501 4869 είς
2537 4801 2911 4873 συηαρρρᾴς.
2952 4800 3105 4873 llune
3150 4800 3519 4873 locumemcn
3541 4825 3553 4835 -

1968 4865 2178 4930 davi'ex
2202 4865 2389 4930 codice
2422 4865 2993 4938 Sdmuelis'Bocharti,
3027 4872 3080 4922 in
3107 4884 3216 4938 quo
3242 4870 3310 4920 ita
3333 4865 3551 4938 legitur,

635 4934 866 5016 rium'ac
888 4945 1216 5016 peculiarem
1237 4943 1465 5016 dicendi
1485 4934 1857 5016 cltaractEretit

1974 4946 2143 5016 μείζω
2200 4946 2356 5015 βάσιν
2414 4947 2494 5007 είς
2546 4940 2889 5016 συγγραφὰς-
2919 4937 3064 5010 εἶχεν
3094 4934 3341 5016 όλλόγρς.
3374 4934 3550 5016 Quam

279 4960 458 5001 tamen
493 4960 776 5069 progrtum
802 4961 866 4999 ac
888 4960 1216 5013 peculiarem
1245 4960 1457 4998 dicendi
1485 4960 1857 4999 cuaracterem
1971 4960 2143 5016 ptath
2200 4960 2356 5015 patch
2414 4960 2494 5007 εις
2546 4960 2870 5013 συγγραφας
2919 4960 3064 5010 ειχεν
3094 4960 3123 4991 ο
3166 4960 3341 5005 Λογος.
3374 4960 3546 5001 uuam

279 5018 560 5073 habuisse.
647 5030 736 5071 am
764 5015 1097 5086 Apollinaris
1119 5014 1341 5086 quidem
1366 5013 1566 5084 stylum
1598 5012 1769 5070 fuisse
1793 5015 1860 5069 ad
1893 5009 1939 5067 D
1966 5017 2292 5086 scripturam
2322 5017 2611 5070 coulirmat
2640 5012 2838 5067 Suidas
2876 5010 2931 5064 iu
2966 5007 3546 5079 νοεθἊπολλινάριος.

1750 5188 2099 5235 VARIORUM.

351 5342 430 5414 (a)
474 5341 690 5414 015th
720 5334 1466 5414 adrﬁtdyeﬁdocldure
1512 5336 1618 5414 hoc
1656 5338 1873 5414 epipho-

282 5406 434 5467 nema
485 5406 789 5467 narrationi
827 5410 916 5464 isti
949 5409 1231 5479 subjumtit
1273 5407 1521 5463 Photius.
1566 5406 1871 5479 Eunomius

282 5486 426 5537 enim
485 5484 657 5537 libros
710 5481 847 5535 istos
904 5494 1011 5533 non
1056 5478 1183 5533 nisi
1240 5488 1363 5548 post
1402 5479 1619 5533 obitum
1681 5478 1871 5532 Basilii

284 5554 336 5608 in
385 5554 564 5608 lucem
630 5550 820 5612 edidit,
874 5559 1010 5605 teste
1066 5554 1256 5605 eodem
1295 5548 1515 5615 Photio,
1567 5548 1689 5604 cod.
1746 5548 1869 5603 156.

284 5622 372 5677 W.
403 5623 608 5677 Lowth.

359 5664 372 5676 .
403 5624 608 5678 Lowth.

357 5694 432 5762 (ὁ)
467 5694 590 5761 Τὴν
622 5692 740 5746 τῶν
763 5689 1055 5761 σωμάτων
1095 5690 1437 5745 ἀνάστασιν
1468 5688 1870 5762 ἀπεκήρυξεν.

293 5760 627 5834 Apollinaris
690 5760 1149 5820 resurrectionem
1211 5776 1321 5817 non
1386 5760 1630 5833 negavit,
1684 5775 1876 5818 verum

1968 5340 2114 5395 circa
2153 5337 2611 5394 resurrectionem
2667 5331 2942 5403 ineptivit;
2997 5334 3243 5403 mortuos
3282 5327 3431 5403 enim
3461 5344 3561 5383 re-

1967 5425 2225 5466 versuros
2257 5409 2397 5464 dixit
2432 5407 2501 5461 ad
2539 5408 2710 5477 legem
2752 5398 3348 5477 etcircumcisionem,
3390 5399 3550 5463 ritus,

1972 5480 2264 5543 sacriﬁcia,
2315 5473 2723 5546 letuplumfpcr
2772 5473 3254 5546 mille_anno_s;_ut
3283 5476 3555 5546 testantur

1970 5550 2205 5603 Basilius
2232 5536 2391 5617 epist.
2420 5536 2524 5608 πη
2551 5536 2904 5617 Epiphanius
2924 5540 3115 5617 haeresi
3150 5539 3217 5591 77
3238 5536 3554 5617 {Hierony-

1972 5633 2094 5674 ntus
2147 5620 2201 5670 in
2251 5608 2367 5686 ἐσμ.
2417 5608 2969 5686 χχχνιἘιεεΙιὶειὶεη
3000 5610 3074 5663 De
3125 5608 3389 5677 peculiari
3434 5610 3555 5679 ejus

1971 5688 2165 5746 haeresi
2196 5682 2495 5746 vid.'Socr.
2535 5687 2628 5745 lib.
2669 5701 2731 5756 tt,
2768 5700 2887 5755 cap.
2920 5682 3042 5749 ult.,
3072 5688 3185 5737 not.
3220 5693 3275 5737 ε.
