4026 6342
442 336 545 395 571

1834 345 2328 408 PHILOSTORGII

3605 355 3705 413 B72

435 465 547 522 quo
570 454 640 508 ab
667 451 802 508 urbe
845 451 1045 524 Cyzico
1072 455 1421 527 migraverat,
1453 468 1567 515 toto
1610 460 1865 533 deinceps
1891 462 2016 518 vine

2128 464 2548 538 νον(14),ἥψατο⁶
2573 464 2754 521 καίτοι
2782 468 2890 523 τῶν
2906 466 3175 541 ὁμοδόξων
3194 469 3512 525 ἐπισκόπων
3534 468 3716 534 ούδείς

434 558 549 599 sua:
601 551 870 613 tempore,
903 562 971 601 ne
1006 562 1162 603 sacra
1199 551 1420 620 quidem
1472 554 1736 625 mysteria
1779 570 2021 624 unquam

435 631 764 699 celebravit,
813 636 1067 703 quamvis
1117 640 1499 709 episcoporum
1553 643 1799 713 ejusdem
1859 653 2023 701 secta:

434 721 617 778 nullus
654 734 819 807 esset,
861 727 956 808 qui
998 729 1205 799 absque
1239 732 1674 801 ejus'senteutia
1722 735 2024 807 quidquam

435 830 498 868 ex
530 816 692 870 rebus
716 818 1104 877 ecclesiasticis
1128 834 1432 897 perageret.

506 904 562 959 5.
600 905 893 977 Procopius
917 919 1197 980 tyrannus.
1225 945 1298 955 —
1330 914 1530 972 Valens
1556 917 1776 973 tertium
1806 917 2022 988 imperii

435 995 521 1052 sui
542 1013 748 1053 annum
780 999 1502 1074 ingressus,expeditionem
1532 1006 1794 1062 adversus
1825 1007 2022 1064 Persas

434 1090 694 1158 suscepit;
743 1107 855 1161 quo
888 1094 1111 1162 quidem
1152 1105 1396 1167 tempore
1440 1096 1743 1168 Procopius
1800 1113 2022 1169 quoque

434 1178 910 1253 Constantinopoli
967 1187 1313 1256 tyrannidem
1371 1188 1625 1260 arripuit.
1692 1190 1864 1245 Porro
1929 1190 2022 1246 hic

432 1270 734 1342 Procopius
792 1274 1202 1346 propinquitate
1250 1279 1466 1351 generis
1530 1279 2024 1349 coniunctus-erat

432 1360 680 1432 Juliano,
713 1367 991 1438 multaque
1032 1369 1318 1425 hominum
1354 1371 1562 1442 judicia
1586 1371 1654 1428 de
1681 1372 1774 1428 illo
1794 1372 2022 1439 ﬁebant,

434 1458 636 1526 quibus
658 1459 942 1528 imperium
967 1461 1016 1516 ei
1035 1461 1404 1518 deferebatur.
1420 1464 1550 1531 Quae
1571 1464 1790 1534 quidem
1810 1465 2023 1535 judicia

434 1548 647 1603 crebris
701 1553 1052 1608 sermonibus
1101 1554 1519 1626 evulgabantur.
1558 1554 1735 1622 Quam
1786 1557 1858 1611 ob
1906 1571 2021 1610 rem

436 1638 665 1695 Joviano
716 1643 784 1696 ad
836 1644 1128 1714 imperium
1179 1656 1391 1712 evecto,
1451 1647 1757 1719 Procopius
1801 1658 2023 1719 arrepta

437 1730 563 1802 fuga
595 1732 1046 1804 Mesopotamiam
1078 1738 1320 1808 reliquit,
1354 1747 1408 1795 et
1431 1757 1537 1794 una
1569 1755 1884 1795 cumnxore
1901 1754 2024 1796 sese

2122 548 2209 624 ἦν,
2236 554 2292 618 ὃς
2311 554 2411 625 τῆς
2433 556 2644 611 ἐκείνου
2665 555 2889 629 γνώμης
2912 558 3083 629 χωρὶς
3109 557 3262 613 οὐδὲν
3276 558 3390 613 τῶν
3414 558 3713 631 ἐκκλησια-

2126 642 2324 696 στικῶν
2351 642 2727 716 διεπράττετο.

2192 916 2255 964 ε’.
2313 909 2435 964 Ὀτι
2471 907 2655 981 τρίτου
2689 908 2790 980 τῆς
2824 908 3104 982 βασιλείας
3135 908 3290 976 ἔτους
3336 911 3552 983 Οὐάλης
3583 914 3717 968 ὲπι-

2123 1000 2247 1066 ϐὰς,
2284 1003 2377 1055 ἐπὶ
2406 1002 2624 1073 Πέρσας
2650 1002 3011 1072 ἐστράτευσε·
3043 1001 3165 1056 καθ’
3197 1002 3255 1057 ὃν
3282 1003 3472 1077 καιρὸν
3507 1004 3584 1077 (a)
3616 1005 3716 1060 καὶ

2122 1092 2431 1164 Προκόπιος
2473 1091 2572 1163 τὴν
2618 1091 2912 1163 τυραννίδα
2954 1092 3095 1146 κατά
3135 1094 3714 1150 Κωνσταντινούπολιν

2123 1182 2486 1238 ἐσκευάσατο.
2532 1183 2590 1237 '0
2619 1182 2677 1236 δὲ
2713 1182 3018 1252 Προκὸπιος
3052 1177 3209 1247 οὗτος
3240 1186 3320 1249 είς
3345 1185 3406 1239 τὸ
3434 1186 3527 1240 τοῦ
3576 1187 3715 1240 ’Ῑουο

2120 1276 2306 1331 λιανοῦ
2353 1276 2512 1347 γένος
2544 1276 2871 1347 ἀνεφέρετο⁶
2905 1276 3001 1330 καὶ
3027 1276 3215 1331 πολλοὶ
3244 1278 3591 1334 ἀνεκινοῦντο
3617 1279 3714 1332 λο-

2121 1368 2331 1439 γισμοὶ,
2359 1369 2459 1439 τὴν
2491 1367 2774 1439 βασιλείαν
2806 1368 2957 1441 αύτῷ
2987 1369 3404 1441 περιάπτοντες.
3447 1371 3555 1424 Καὶ
3579 1371 3716 1435 τοὺς

2120 1460 2417 1532 λογισμοὺς
2457 1461 2552 1514 καὶ⁸
2587 1458 2736 1530 λόγδι
2778 1461 3043 1532 διέφερον.
3080 1459 3183 1514 Διά
3220 1459 3378 1514 τοῦτο
3430 1460 3710 1517 Ἰωϐιανοῦ

2124 1552 2553 1626 βασιλεύσαντος
2593 1554 2693 1624 τῆς
2751 1553 3182 1625 Μεσοποταμίας
3235 1546 3389 1619 οὗτος
3438 1554 3710 1626 ἀποδράς,

2123 1648 2219 1702 καὶ
2245 1646 2474 1709 πολλοὺς
2501 1647 2559 1699 έν
2587 1645 2937 1717 ταλαιπωρίᾳ
2959 1645 3161 1709 τόπους
3190 1644 3452 1716 ἀμείψας,
3488 1645 3711 1715 φεύγων

2123 1757 2183 1793 τε
2216 1739 2353 1811 μετὰ
2379 1739 2481 1809 τῆς
2507 1736 2770 1808 γυναικὸς
2788 1737 2884 1791 καὶ
2904 1738 3304 1809 κρυπτόμενος,
3333 1737 3408 1801 ὡς
3438 1737 3710 1809 ἀπείρηκε

431 1824 734 1890 occultans,
779 1826 1057 1896 variisque
1085 1828 1319 1883 subinde
1352 1829 1704 1883 commutatis
1739 1828 1875 1884 locis
1898 1843 2010 1883 non

2128 1830 2484 1901 πλανώμενος,
2513 1829 2606 1886 τὸν
2636 1828 2898 1901 ἔσχατον,
2935 1828 3123 1900 φησὶν,
3155 1827 3479 1900 ἀναῤῥίπτει
3517 1827 3710 1883 κύϐον.

433 1915 552 1971 sine
577 1919 784 1986 ingenti
815 1919 1134 1975 diﬂicultate
1182 1937 1245 1977 ac
1278 1922 1524 1987 miseria,
1560 1936 1812 1977 errorum
1851 1937 1916 1977 ac
1937 1923 2020 1978 la-

433 2010 712 2064 tebrarum
767 2020 1055 2080 pertaesus,
1116 2013 1333 2068 tandem
1373 2022 1699 2080 extremam,
1754 2023 1812 2069 ut
1841 2014 2019 2083 aiunt,

432 2102 604 2156 aleam
632 2103 791 2172 jecit.
821 2102 1222 2160 Chalcedonem
1256 2107 1421 2176 igitur
1457 2105 1757 2175 profecms,
1799 2105 1857 2160 in
1911 2106 2024 2160 Eu-

433 2192 604 2245 nomii
642 2207 774 2261 agro
829 2194 922 2264 qui
973 2204 1127 2249 extra
1177 2196 1366 2251 urbem
1426 2197 1566 2252 situs
1603 2204 1743 2263 erat,
1796 2195 2025 2251 absente

435 2292 565 2339 tunc
604 2284 849 2349 domino,
884 2285 1117 2341 delituit.
1177 2285 1331 2342 Unde
1365 2304 1492 2344 cum
1524 2289 1836 2358 trajecisset
1873 2288 2022 2343 Conv

435 2375 880 2445 stantinOpolim,
913 2378 1124 2458 absque
1152 2380 1259 2434 ulla
1292 2380 1438 2436 crede
1469 2380 1762 2451 imperium
1784 2397 2024 2452 occupa-

432 2467 530 2522 vit.
585 2464 696 2522 Ncc
747 2469 921 2523 multo
956 2480 1080 2540 post
1112 2473 1305 2542 prmlio
1334 2488 1456 2528 cum
1486 2473 1712 2529 Valente
1759 2489 2021 2545 congres-

432 2572 550 2621 sus,
597 2556 801 2613 ducum
858 2575 1108 2627 suorum,
1141 2560 1387 2621 Gomarii
1425 2571 1480 2619 et
1510 2564 1780 2635 Agilonis,
1841 2564 2025 2635 prodi-

434 2648 580 2702 tione
629 2661 920 2720 superatus
975 2663 1058 2708 est
1092 2671 1106 2707 :
1143 2663 1469 2724 arreptaque
1507 2656 1633 2726 luga
1683 2653 1922 2711 Nicaeam
1961 2672 2023 2713 se

433 2741 654 2811 recepit.
694 2741 965 2798 Postridie
1005 2759 1135 2799 vero
1166 2760 1291 2799 cum
1326 2746 1454 2802 inde
1479 2746 2023 2803 discedere‘meditaa

432 2842 604 2901 retur,
642 2849 673 2888 a
699 2833 997 2899 Florentio,
1031 2837 1120 2892 cui
1158 2836 1310 2894 urbis
1340 2838 1488 2896 illius
1527 2840 1836 2895 custodiam
1865 2855 2023 2895 com-

434 2927 683 2991 miserat,
717 2928 1226 2997 comprehenditur,
1282 2930 1612 3001 vinctusque
1639 2931 1706 2985 ad
1740 2928 2021 2986 Valentem

433 3019 771 3089 perducitur.
816 3019 880 3075 Et
910 3018 1215 3091 Procopius
1241 3021 1460 3091 quidem
1491 3038 1616 3078 mox
1647 3021 1831 3094 capite
1861 3030 2022 3077 trun-

2123 1926 2235 1979 Καὶ
2264 1924 2364 1995 τὴν
2390 1920 2715 1995 Καλχηδόνα
2738 1919 3088 1985 καταλαϐὼν,
3118 1920 3179 1974 ὲν
3204 1919 3281 1992 τῷ
3312 1918 3408 1974 τοῦ
3439 1920 3712 1992 Εὑνομίου

2123 2014 2314 2088 ἀγρῷ,
2362 2015 2464 2084 τῆς
2492 2013 2703 2078 πόλεως
2743 2011 2944 2077 ἔξωθεν
2970 2011 3323 2084 διακειμένῳ,
3376 2012 3486 2067 οὐδ’
3521 2015 3715 2086 ἐπιδη-

2126 2105 2353 2178 μοῦντος
2377 2104 2470 2159 τοῦ
2509 2103 2796 2167 δεσπότου,
2826 2101 3020 2157 ἑαυτὸν
3050 2101 3464 2175 κατακρύπτει·
3497 2103 3712 2157 ἐκεῖθεν

2121 2199 2178 2253 δὲ
2204 2200 2285 2262 είς
2315 2197 2413 2270 τὴν
2451 2196 2604 2251 πόλιν
2630 2195 2843 2267 διάρας,
2879 2193 3160 2267 ἐγκρατὴς
3183 2195 3458 2267 ἀναιμωτὶ
3484 2195 3585 2265 τῆς
3607 2194 3711 2265 βα-

2125 2289 2327 2353 σιλείας
2369 2289 2601 2358 γίνεται.
2644 2285 2777 2342 Εἶτα
2808 2289 2925 2359 μετ’
2953 2288 3014 2341 ού
3056 2286 3226 2342 πολὺν
3256 2286 3448 2358 χρόνον
3482 2285 3712 2357 πολέμῳ

2124 2380 2425 2453 συρραγεὶς
2457 2380 2742 2446 Οὐάλεντι,
2770 2379 3033 2454 προδοσίᾳ
3058 2380 3166 2435 τῶν
3189 2380 3355 2435 αύτοῦ
3384 2377 3713 2452 στρατηγῶν

2122 2472 2394 2545 Γομαρίου
2424 2472 2519 2526 καὶ
2560 2470 2826 2540 Ἀγελίου,
2856 2473 3121 2543 ὴττᾶται’
3152 2472 3249 2525 καὶ
3292 2470 3507 2541 φεύγων
3540 2487 3714 2524 κατα-

2122 2567 2389 2639 λαμϐάνει
2437 2565 2537 2636 τὴν
2582 2565 2842 2619 Νίκαιαν.
2883 2565 2963 2637 Τῇ
2991 2565 3050 2618 δὲ
3093 2563 3357 2639 ἐπαύριον
3402 2562 3714 2635 διανοηθεὶς

2123 2658 2334 2714 ἐκεῖθεν
2382 2657 2664 2729 ἀπαίρειν,
2712 2658 2817 2712 ὑπὸ
2844 2656 3208 2728 Φλωρεντίου,
3252 2656 3312 2720 ὃς
3363 2655 3713 2730 φρούραρχος

2124 2751 2215 2804 ὑπ’
2259 2747 2425 2803 αὐτοῦ
2455 2749 2556 2818 τῆς
2588 2747 2800 2811 πόλεως
2836 2747 3098 2818 κατέστη,
3129 2746 3586 2818 συλλαμϐάνεται,
3614 2747 3711 2801 καὶ

2122 2835 2409 2909 δεσμώτην
2439 2835 2601 2890 αὑτὸν
2627 2837 2656 2889 ὁ
2696 2834 2976 2889 συλλαϐὼν
3008 2834 3145 2907 πρὸς
3179 2834 3394 2906 Οὑάλην
3421 2833 3564 2903 ἄγει.
3595 2834 3715 2888 Καὶ

2122 2930 2429 3003 Προκόπιος
2458 2928 2559 3000 μὲν
2586 2928 2686 2999 τῆς
2710 2928 2953 3001 κεφαλῆς
2982 2928 3372 3000 ἀποτέμνεται,
3407 2928 3499 2980 ἐπὶ
3528 2926 3713 2999 μῆνας

2124 3021 2184 3088 ἓξ
2221 3020 2611 3094 μετεωρισθεὶς
2659 3023 2728 3093 τῇ
2763 3020 3065 3093 τυραννίδι·
3122 3020 3442 3092 Φλωρεντίῳ
3487 3018 3546 3073 δὲ
3585 3018 3719 3073 οὐδὲ.

433 3120 587 3167 catus
609 3120 716 3179 est,
748 3127 873 3167 cu-m
906 3127 1002 3168 sex
1036 3113 1309 3169 mensium
1345 3104 1523 3184 spatio
1548 3112 1897 3185 tyrannidem
1919 3127 2020 3167 ex-

2128 3115 2358 3187 ἧρκεσεν
2390 3115 2425 3184 ἡ
2453 3112 2721 3184 σωτήριος
2747 3112 3010 3184 προδοσία
3037 3111 3173 3183 (l5),
3197 3111 3334 3167 ἀλλά
3367 3111 3500 3183 πυρὶ
3532 3110 3712 3164 διδόα-

434 3202 739 3270 ercuisset;
793 3202 1073 3260 Florentio
1127 3220 1289 3271 vero,
1332 3222 1401 3259 ne
1451 3205 1519 3260 ad
1573 3206 1741 3261 vitam
1801 3202 2021 3275 quidem

435 3294 609 3362 ipsius
644 3294 972 3349 servandam
1000 3294 1218 3351 sull‘ccit
1249 3297 1510 3366 proditio,
1544 3297 1639 3352 sed
1671 3295 1876 3351 milites
1896 3310 2024 3350 eum

435 3384 689 3440 incendio
738 3385 1101 3451 tradiderunt,
1157 3387 1229 3442 ob
1288 3397 1524 3443 veterem
1584 3387 1921 3443 simultatem
1976 3384 2027 3442 ei

2131 3221 2215 3259 σιν
2244 3202 2409 3259 αὐτὸν
2428 3204 2457 3256 ὁ
2481 3203 2714 3274 στρατὸς
2744 3203 2866 3256 κατ’
2900 3202 3070 3274 ὀργὴν
3092 3199 3355 3264 παλαιὰν,
3378 3200 3513 3254 διότι
3537 3216 3713 3271 φρου-

2134 3295 2243 3369 ρῶν
2284 3296 2491 3359 έκεῖνος
2539 3294 2644 3348 ὑπὸ
2690 3294 2999 3366 Προκοπίου
3046 3293 3147 3365 τὴν
3200 3292 3434 3347 Νίκαιαν
3480 3290 3711 3355 πολλοὺς

2135 3386 2317 3440 αὐτῶν
2350 3382 2632 3440 ἐκάκωσεν
2661 3385 3018 3459 αἱρουμένους
3040 3384 3112 3439 τὰ
3131 3384 3450 3448 Οὐάλεντος.

439 3476 659 3546 infensi,
690 3489 976 3550 propterea
1001 3481 1147 3550 quod
1167 3469 1368 3538 missus
1393 3498 1424 3537 a
1458 3482 1725 3554 Proc0pio
1757 3483 1827 3540 ad
1887 3481 2301 3540 custodiendam
2334 3481 2594 3549 Nicaeam,
2643 3482 2851 3538 multos
2905 3476 3150 3552 ipsorum
3193 3481 3337 3538 male
3395 3478 3709 3545 multasset,

439 3580 627 3644 utpote
656 3575 751 3644 qui
787 3572 1027 3632 Valentis
1061 3577 1304 3646 partibus
1336 3577 1601 3634 faverent.

507 3667 560 3720 6.
589 3668 730 3721 Aetii
766 3666 967 3722 obitus.
996 3698 1066 3709 —
1094 3668 1216 3735 Quo
1246 3679 1490 3741 tempore
1516 3664 1820 3742 Procopius
1847 3670 2029 3726 adhuc

439 3760 782 3830 tyrannidem
832 3761 1157 3826 exercebat,
1205 3761 1512 3820 Eunomius
1552 3763 1623 3820 ad
1669 3780 1797 3820 eum
1844 3764 2029 3836 Cyzici

439 3861 554 3905 tum
585 3852 868 3923 degentem
901 3853 1068 3908 venit.
1093 3852 1267 3910 Porro
1293 3854 1560 3911 adventus
1592 3854 1869 3920 Eunomii,
1897 3856 2031 3923 lihe-

438 3944 707 3999 rationem
735 3946 1047 4015 postulabat
1076 3963 1265 4003 eorum
1300 3947 1392 4018 qui
1442 3962 1474 4002 a
1514 3947 1781 4018 I’rocOpio
1817 3947 1870 4000 in
1907 3946 2028 4001 vin-

437 4036 577 4091 culis
602 4036 1021 4106 detinebantur;
1054 4038 1292 4110 conjecti
1316 4048 1498 4094 autem
1546 4038 1780 4094 erantin
1805 4038 2021 4094 vincula

437 4142 504 4183 eo
530 4127 675 4198 quod
727 4125 976 4186 Valentis
1019 4140 1200 4200 partes
1247 4130 1486 4201 amplexi
1548 4138 1775 4197 essent;
1828 4129 2027 4186 horum

439 4219 732 4289 propinqui
760 4218 1091 4275 Eunomium
1114 4228 1425 4291 coegerant,
1449 4229 1511 4277 ut
1533 4221 1676 4277 hanc
1700 4220 2029 4293 legationem

2196 3676 2272 3734 ς’.
2310 3669 2432 3723 Ὀτι
2455 3668 2748 3740 Προκοπίῳ
2773 3667 2852 3721 ἔτι
2874 3668 2974 3740 τῆς
3002 3666 3312 3740 τυραννίδος
3333 3665 3710 3737 ὲποχουμένῳ,

2123 3761 2390 3832 Εὑνόμιος
2436 3761 2575 3833 πρὸς
2621 3759 2782 3814 αὑτὸν
2812 3760 2870 3813 ὲν
2907 3757 3135 3827 Κυζίκῳ
3169 3758 3427 3826 διάγοντα
3468 3755 3711 3828 παραγί-

2122 3870 2295 3906 νεται.
2339 3852 2404 3905 Ἦ
2447 3852 2506 3905 δὲ
2558 3851 2744 3922 ἄφιξις
2782 3849 2936 3904 λύσιν
2966 3849 3206 3921 ἔπραττε
3250 3849 3363 3903 τῶν
3396 3852 3454 3902 ὲν
3490 3849 3721 3918 δεσμοῖς

2123 3944 2216 3999 ὑπ’
2265 3942 2433 3998 αὑτοῦ
2468 3941 2882 4014 κατεχομένων·
2918 3941 2947 3993 ὁ
2989 3941 3189 4012 δεσμὸς
3219 3940 3278 3994 δὲ
3307 3939 3532 4002 τούτους
3564 3938 3715 3992 ἐπίε-

2124 4036 2216 4100 ζεν
2248 4073 2264 4099 ,
2294 4034 2487 4104 ὅτιπερ
2523 4033 2781 4103 ἔστεργον
2810 4031 2882 4087 τὰ
2921 4032 3252 4096 Οὐάλεντος·
3286 4031 3381 4086 καὶ
3407 4034 3455 4085 οἱ
3484 4029 3592 4085 τῶν
3624 4030 3715 4085 δε-

2128 4125 2302 4196 σμίων
2328 4126 2611 4194 συγγενεῖς
2631 4121 2987 4191 ἐξεϐιάσαντο
3037 4122 3130 4175 τὸν
3159 4119 3425 4192 Εὐνόμιον
3452 4118 3551 4191 τὴν
3574 4136 3716 4191 πρε-

2129 4217 2317 4273 σϐείαν
2352 4217 2627 4271 ὑπελθεῖν.
2675 4216 2736 4271 Ὀ
2772 4214 2853 4285 δὲ,
2908 4212 3155 4271 ὑπελθὼν
3193 4213 3288 4268 καὶ
3334 4213 3462 4277 τοὺς
3511 4210 3716 4283 ἁνδρας

1673 4392 1917 4438 VALESII
1944 4390 2440 4438 ANNOTATIONES.

441 4501 763 4571 reliquerat,
827 4511 1055 4570 erpetuo
1093 4502 1429 4559 abstinuisse
1459 4512 1693 4563 testatur
1719 4503 2025 4558 Philostor-
2057 4508 2100 4563 ι)
2128 4502 2269 4556 alius
2306 4517 2527 4571 quoque
2553 4498 2733 4557 aﬂ'erri
2764 4512 2959 4553 sensus
2992 4500 3186 4553 horum
3217 4497 3528 4562 verborum,
3553 4497 3714 4565 quasi

442 4573 586 4622 eius.
626 4571 718 4622 Sic
768 4514 1036 4622 [fuse-hius
1077 4583 1263 4622 noster
1291 4588 1411 4622 eam
1463 4589 1653 4622 vocem
1705 4583 1938 4622 usurnat
1966 4574 2021 4622 in
2127 4573 2273 4622 dicat
2302 4572 2636 4622 Eunomium
2670 4583 2782 4622 non
2822 4570 2986 4622 modo
3014 4579 3139 4622 post
3172 4568 3571 4622 abdicationem
3594 4567 3714 4622 eni-

442 4573 586 4637 gius.
626 4571 1036 4642 Sic_Euschius
1076 4583 1263 4627 noster
1291 4588 1411 4626 eam
1463 4589 1653 4628 vocem
1705 4583 1938 4642 usurpat
1966 4574 2021 4625 in

444 4643 587 4697 libro
629 4658 683 4713 Iv
724 4640 797 4693 De
824 4642 930 4694 vita
962 4641 1299 4697 Constantini
1345 4658 1466 4713 cap.
1503 4644 1593 4707 45,
1629 4640 2025 4705 θυσίαιςάναί-

523 4730 569 4776 ις
594 4711 689 4764 καὶ
724 4715 1014 4785 μυστικαῖς
1062 4711 1488 4785 ἱερουργίαιςτδ
1531 4713 1683 4766 Θείον
1720 4713 2024 4785 ἱλάσκοντο.

494 4798 648 4852 erum
703 4782 958 4838 sacriﬁcii
1014 4782 1225 4838 nomen
1244 4785 1422 4852 potuit
1468 4784 1703 4839 fortasse
1736 4782 2027 4851 displicere

445 4850 801 4924 Gothofredo,
832 4854 1035 4924 quippe
1061 4853 1156 4923 qui
1182 4850 1392 4909 Calvini
1425 4854 1674 4909 haeresim
1702 4850 2021 4924 sectaretur.

448 4923 770 4994 Holsteni_us
804 4921 1183 4994 verm—utpote
1216 4925 1519 4980 catholicus
1553 4964 1567 4988 ,
1621 4926 1857 4979 retinere
1892 4921 2027 4976 illud

445 4993 654 5067 debuit.
686 4992 989 5047 Fatendum
1023 4992 1205 5067 tamen
1233 5005 1317 5051 est
1356 4994 1666 5067 ἱερουργίαν
1702 4994 2030 5067 generaliter

446 5064 593 5117 sumi
644 5078 808 5131 posse
854 5077 954 5132 pro
997 5066 1174 5120 ollicio
1216 5064 1562 5121 sacerdotali.
1593 5064 1685 5121 Sic
1712 5064 1860 5120 enim
1893 5064 2027 5118 Phi-

445 5133 741 5257 llostorgius
770 5132 826 5186 in
862 5147 985 5204 cap.
1019 5135 1109 5198 10,
1155 5148 1277 5190 eam
1306 5150 1499 5192 vocem
1539 5146 1767 5206 usurpat
1804 5149 1904 5205 pro
1937 5147 2029 5188 or-

486 5212 747 5257 ιιιιιιιοηθ.

486 5212 747 5258 tnatione.

518 5273 631 5345 (14)
660 5274 852 5345 “Geor
877 5272 1082 5345 ἐνεϐίω
1107 5275 1350 5345 χρόνον.
1383 5274 1523 5330 Olim
1573 5274 1791 5345 quidem
1834 5271 2026 5345 existi-

449 5343 594 5414 mavi
632 5344 995 5414 scribendum
1022 5343 1116 5398 hic
1137 5343 1259 5414 esse
1288 5347 1512 5411 ἐπεϐίω,
1546 5343 1823 5414 quomodo
1857 5344 2023 5396 etiam

450 5411 597 5466 hunc
643 5411 825 5467 locum
871 5413 1137 5469 intellexit
1188 5411 1578 5477 Gothofredus.
1605 5413 1792 5469 Potest
1841 5423 2022 5467 tamen

2127 4573 2273 4626 dicat
2302 4567 2636 4627 Eunomium
2670 4583 2782 4624 non
2822 4570 2986 4623 modo
3014 4579 3139 4638 post
3172 4568 3571 4623 abdicationem
3594 4567 3717 4635 epi-

2123 4653 2379 4711 scopatus
2407 4642 2685 4714 Cyziceni,
2712 4639 3088 4714 verum_etiam
3114 4649 3272 4694 antea
3296 4647 3410 4693 toto
3440 4638 3565 4714 vita:
3595 4651 3717 4691 sua:

2125 4708 2370 4781 tempore
2399 4753 2413 4777 ,
2455 4708 2637 4768 'sacra
2690 4709 2951 4781 mysteria
2982 4780 2989 4781 ί
3016 4724 3324 4781 nunquam
3372 4708 3710 4781 celebrasse.

2123 4779 2476 4853 Qui—quidem
2518 4794 2716 4853 sensus
2754 4779 2947 4853 verbis
2979 4779 3329 4853 Philostorgii
3361 4779 3542 4853 aptius
3576 4791 3716 4853 cono

2119 4847 2294 4908 venit.
2337 4852 2496 4909 Certe
2528 4849 2846 4908 Holstenius
2879 4850 3027 4906 hunc
3056 4851 3235 4907 locum
3264 4852 3339 4904 ita
3380 4849 3595 4904 videtur
3625 4847 3711 4901 in-

2126 4924 2421 4978 tellexisse.

2184 4993 2312 5064 ’(15)
2355 4994 2424 5048 Ἡ
2453 4994 2746 5065 σωτήριος
2795 4992 3110 5065 προδοσία.
3140 4989 3499 5065 ,lampridem
3532 4986 3716 5056 conje-

2126 5060 2307 5118 ceram
2331 5060 2684 5119 scribendum
2717 5060 2851 5122 esse
2876 5062 3197 5133 Φλωρεντίῳ
3234 5062 3292 5115 δὲ
3323 5060 3444 5112 οὐδὲ
3472 5060 3714 5133 ἤρκεσε-ν

2125 5136 2206 5196 εἰς
2261 5136 2597 5209 σωτηρίανᾼὴ
2630 5134 2911 5209 προδοσία.
2954 5128 3315 5209 [ξὸειεοξνενο
3342 5128 3537 5185 nactus
3562 5128 3713 5182 codi-

2122 5219 2243 5274 cem
2275 5201 2551 5260 manuscri
2565 5201 2716 5274 ptum
2759 5205 3035 5261 Samuelis
3058 5201 3487 5274 Bottharti,_catn
3519 5214 3711 5254 emen-

2123 5272 2402 5347 dationem
2442 5275 2504 5347 in
2544 5271 2805 5347 margine,
2832 5276 3130 5347 ascriptam
3182 5271 3492 5347 inveni._ln
3553 5276 3707 5347 textu

2122 5358 2260 5466 verr;
2290 5344 2363 5468 ἰιῖ
2401 5336 2692 5415 scriptum“
2720 5345 2883 5401 habet
2929 5336 3072 5400 idem
3125 5344 3294 5399 codex
3317 5380 3334 5408 ,
3389 5341 3423 5411 ή
3463 5336 3713 5409 σωτηρία

2124 5430 2229 5468 προ
2263 5430 2324 5467 οσ
2349 5430 2404 5468 α.
3379 5459 3391 5468 .
3508 5452 3522 5468 .

2124 5430 2404 5484 προοοσια.

1915 5544 2263 5600 VARIORUM.

524 5644 602 5715 (a)
651 5648 790 5701 Καθ’
837 5646 911 5702 ὃν
954 5646 1430 5718 καιρόνηῦοιιιηι
1485 5645 1628 5718 hanc
1670 5644 2019 5718 Philostorgii

453 5714 520 5770 ch
530 5714 861 5787 ronologiam
924 5714 1169 5774 statuunt
1197 5717 1395 5788 Pagius
1415 5726 1468 5771 et
1495 5716 1862 5788 Gothofredus
1883 5714 2020 5788 Pro-

453 5785 737 5857 copiannm
770 5789 1107 5859 tyrannidem
1133 5785 1427 5859 contigisse
1464 5802 1606 5843 anno
1636 5787 1760 5845 565,
1787 5786 1861 5841 De
1886 5785 2019 5842 Pro-

2127 5644 2430 5771 Eggiosvid.
2474 5643 2629 5703 Socr.
2665 5647 2759 5704 lib.
2806 5662 2880 5718 tv,
2934 5661 3057 5720 cap.
3111 5648 3175 5716 5;
3225 5656 3280 5705 et
3313 5646 3441 5704 θυι.
3498 5644 3575 5720 lib
3633 5657 3713 5719 rt,

2193 5733 2245 5786 p.
2279 5733 2331 5772 δ.
