3996 6340
450 280 561 340 579

1844 269 2331 330 PHlLOSTORGll

3616 268 3730 329 580

451 400 511 458 id
533 398 679 456 enim
710 403 829 454 erat
857 394 1298 477 protestatioget
1326 393 1652 450 Eunomium
1687 399 1802 447 tum
1831 392 2036 447 oratio-

2156 408 2268 455 ρους
2293 388 2473 445 αὐτῶν
2502 388 2572 443 τὰ
2603 388 2924 460 μαθήματα,
2950 387 3055 441 ὑπὸ
3088 386 3180 459 τὴν
3204 386 3376 459 αὐτὴν
3400 386 3541 460 ἀρὰν
3568 406 3727 463 ποιη,

455 492 638 555 nibus,
664 499 780 545 tum
811 489 1033 559 scriptis
1060 487 1278 559 publice
1303 487 1627 543 Anomoeum
1650 484 2034 556 appellassent,

453 582 725 651 ﬁdemque
757 595 948 636 eorum
993 590 1049 636 et
1080 589 1308 637 cunctos
1355 580 1448 649 qui
1496 593 1684 634 eorum
1731 576 2036 631 doctrinam

453 674 932 742 amplecterentur,
998 670 1175 727 eidem
1237 670 1569 726 anathemati
1638 668 2034 739 subjecisseut,

458 765 675 820 tandem
694 764 948 836 Cyziceni
968 763 1364 818 ordinationem
1387 762 1743 825 admiserunt.
1762 761 2035 817 neminem

2145 483 2417 554 σαμένδη,
2462 481 2786 549 ὑφίστανται
2835 479 2933 551 τὴν
2978 478 3350 551 χειροτονίαν⁶
3395 480 3494 549 οὐχ
3539 481 3736 553 ἔτερόν

2142 588 2264 625 τινα
2292 569 2498 639 ταύτην
2529 568 2704 622 ἐλθεῖν
2745 569 2858 636 (51)
2891 568 3273 638 ἀνασχόμενοι,
3317 568 3434 621 ἀλλ’
3460 568 3520 622 ὃν
3544 570 3734 624 αὐτῶν

2143 663 2392 739 αἱψῆφοι
2434 662 2822 734 προσέταττον.
2865 662 2925 713 '0
2959 659 3015 713 δέ
3064 676 3128 727 γε
3169 660 3589 731 χειροτονηθεὶς,
3637 649 3736 715 eo;

2144 756 2242 818 θὺς
2270 753 2540 825 λαμπρῶς
2574 754 2840 823 ἐκήρυττε
2873 752 2933 804 τὸ
2967 752 3079 820 (52)
3105 750 3411 821 ὁμοούσιον.

456 860 626 915 alium
669 859 736 914 ad
757 860 1131 930 episcopatum
1178 858 1484 929 promoveri
1523 858 1707 928 passi,
1740 857 1847 912 nisi
1878 870 2041 927 quem
2082 852 2326 923 ipsorum
2374 849 2626 920 sullragia
2677 848 3064 918 praetulissent.
3115 844 3384 901 Caeterum
3416 846 3464 902 is
3498 846 3590 917 qui
3629 861 3733 902 or-

455 951 680 1007 dinatus
732 959 838 1015 est,
876 950 1017 1004 illico
1063 949 1581 1005 consubstantialem
1612 948 1810 1004 Filium
1856 948 2036 1018 palam
2073 941 2410 1015 praedicavit.

527 1043 615 1097 14.
654 1040 951 1096 Dorotlteus
974 1056 1057 1109 ep.
1100 1040 1343 1095 Antioch.
1368 1039 1666 1095 -Mortuo
1700 1039 1905 1094 Euzoio
1929 1037 2037 1092 An-

457 1134 723 1192 tiochensi
756 1134 1033 1203 episcopo,
1071 1131 1377 1188 Dorotheus
1404 1147 1472 1187 ex
1505 1130 1761 1186 Heraclea
1784 1128 2033 1185 Thraciae

456 1228 512 1283 in
548 1228 667 1296 ejus
697 1226 878 1280 sedem
916 1225 1216 1280 translatus
1246 1230 1350 1279 est.
1379 1222 1682 1293 Utrumque
1713 1238 1899 1293 porro,
1922 1231 2031 1277 tam

457 1317 861 1386 Demophilum,
912 1334 1076 1388 quam
1132 1316 1462 1385 Dorotheum
1493 1306 1810 1387 perstringit
1850 1315 2035 1370 Philo-

457 1410 720 1481 storgius,
753 1411 897 1466 hunc
941 1409 1162 1479 quidem
1200 1408 1561 1463 vanissimum
1608 1406 1904 1477 appellans,
1935 1404 2037 1460 De—

458 1502 759 1572 mophilum
790 1515 921 1555 vero
982 1500 1214 1555 miscere
1241 1499 1426 1553 omnia
1457 1506 1512 1552 et
1539 1498 1874 1553 confundere
1902 1498 2035 1553 soli-

457 1602 597 1659 tum,
646 1608 711 1648 ac
744 1592 1016 1662 praecipue
1061 1591 1428 1646 ecclesiastica
1471 1590 1722 1660 dogmata
1756 1608 1769 1644 :
1804 1590 1938 1644 adeo
1976 1599 2040 1645 ut

458 1684 694 1752 quodam
726 1660 992 1753 tempore,
1029 1682 1156 1736 dum
1181 1696 1488 1736 sermonem
1522 1680 1750 1735 haberet
1784 1679 1852 1734 ad
1875 1695 2037 1750 popu-
2073 1660 2111 1714 Β

457 1772 571 1827 lum
613 1772 1125 1842 Constantinopoli,
1173 1770 1375 1825 dixerit
1418 1784 1619 1839 corpus
1655 1767 1860 1825 Christi
1915 1785 2039 1839 per-

458 1863 684 1918 mistum
720 1862 992 1917 divinitati
1046 1861 1262 1929 penitus
1287 1860 1598 1925 evanuisse,
1641 1874 1707 1915 eo
1733 1860 1897 1916 modo
1931 1875 2041 1930 quo

458 1951 615 2007 laetis
638 1951 912 2006 sextarius
939 1949 992 2004 in
1029 1950 1345 2004 universum
1378 1949 1547 2002 maris
1569 1948 1892 2004 elementum
1911 1963 2043 2004 cou-

453 2042 633 2111 jectus
664 2041 959 2097 evanescit.
994 2041 1263 2094 Czeterum
1290 2036 1643 2108 Demophilus
1665 2047 1822 2093 ortus
1843 2037 1945 2097 luit
1974 2053 2041 2093 ex

461 2136 595 2188 urbe
651 2132 1081 2196 Thessalonica,
1134 2146 1331 2202 genere
1385 2130 1528 2185 haud
1587 2130 1834 2201 ignobili.
1892 2129 2040 2185 idem

460 2224 821 2281 Eunomianis
860 2224 1154 2281 admodum
1207 2222 1452 2278 inlcnsus
1486 2220 1831 2294 gravissimis
1883 2220 2043 2276 malis

458 2332 557 2374 eos
591 2316 790 2375 all‘ecit.

531 2410 619 2465 15.
655 2410 729 2464 De
763 2408 1000 2464 Valentis
1057 2422 1353 2463 successore
1409 2405 1648 2461 oracula.
1696 2433 1767 2446 --
1798 2403 2043 2461 Valentis

461 2502 820 2573 temporibus,
861 2501 1146 2572 gentilium
1202 2498 1425 2555 oracula
1457 2498 1526 2554 iis
1560 2498 1653 2568 qui
1690 2497 1807 2568 ipsa
1838 2511 2043 2553 consu-

460 2593 694 2656 luerai.t,
748 2590 986 2647 calculos
1037 2587 1304 2661 quosdam
1351 2587 1620 2645 dederunt
1648 2588 1814 2643 certis
1851 2586 2045 2642 litteris

460 2680 772 2749 insignitos.
838 2676 1058 2735 Litterae
1107 2678 1249 2733 inter
1304 2678 1610 2748 sejunctas,
1643 2678 1764 2734 aliis
1792 2676 2044 2732 Theodo-

460 2772 626 2835 slum,
662 2771 785 2827 aliis
814 2769 1154 2827 Theodulum
1195 2780 1289 2825 aut
1314 2769 1664 2826 Theodorum
1686 2812 1700 2837 ,
1738 2770 1851 2826 sive
1879 2770 2043 2825 alium

460 2866 772 2935 quempiam
814 2862 1099 2935 designare
1134 2862 1457 2917 videbantur
1496 2861 1630 2931 (35).
1670 2858 1807 2915 Nam
1860 2861 2047 2930 ﬁgurae.

459 2952 764 3010 litterarum
791 2955 857 3009 ad
887 2954 916 3007 δ
956 2969 1131 3024 usque
1157 2950 1673 3022 progrediebantur,
1704 2950 2044 3007 daemonibus
2073 2978 2095 3024 ;

459 3046 704 3117 obliqua,
739 3054 801 3101 ut
831 3046 1029 3111 solent,
1062 3057 1328 3113 responsa
1348 3040 1625 3106 dantibus,
1656 3040 1711 3093 in
1746 3038 2041 3109 perniciem

462 3153 653 3193 eorum
686 3138 779 3209 qui
838 3138 996 3192 ﬁdem
1034 3136 1142 3190 illis
1189 3134 1411 3198 habent,
1446 3140 1499 3187 et
1522 3131 1591 3187 ad
1618 3131 1878 3202 eﬁ‘ugium
1915 3132 2043 3187 mali

461 3238 713 3284 eventus.
748 3226 900 3283 Unde
929 3234 983 3282 et
1009 3225 1333 3281 Theodorus
1363 3223 1585 3294 quidam
1628 3225 1770 3294 apud
1795 3224 1961 3295 Syros
1988 3225 2043 3279 in

464 3319 714 3374 fraudem
747 3318 1024 3384 inductus,
1054 3333 1177 3373 cum
1204 3316 1543 3390 tyrannidem
1572 3315 1827 3371 invadere
1849 3316 2049 3386 coepis-

464 3422 570 3475 set,
606 3405 791 3465 statim
818 3426 941 3465 cum
963 3410 1030 3466 iis
1053 3411 1145 3480 qui
1170 3410 1346 3480 ipsum
1377 3409 1548 3466 secuti
1570 3407 1807 3476 fuerant,
1837 3409 2047 3464 exstin-

2217 1033 2299 1088 ιδ’.
2330 1033 2453 1085 Ὂτι
2499 1030 2923 1101 τελευτήσαντος
2949 1026 3188 1094 Εὑζωῖου
3224 1026 3320 1081 τοῦ
3370 1028 3732 1099 Ἀντιοχείας,

2140 1125 2169 1177 ὁ
2197 1123 2477 1195 Δωρόθεος
2506 1121 2582 1194 (α)
2616 1122 2675 1186 ἐξ
2710 1121 3039 1193 ’Ἡρακλείας
3071 1122 3171 1191 τῆς
3211 1121 3431 1193 Θρᾴκης
3465 1122 3603 1193 πρὸς
3627 1124 3734 1192 μὲν

2138 1216 2232 1273 τὸν
2284 1215 2496 1268 ἐκείνου
2546 1213 2868 1285 μεθίσταται
2908 1213 3132 1285 θρόνον,
3174 1208 3420 1284 διασύρει
3451 1214 3509 1267 δὲ
3538 1214 3632 1267 τόν
3662 1232 3733 1268 τε

2141 1307 2449 1378 Δημόφιλον
2472 1308 2567 1360 καὶ
2598 1305 2874 1377 Δωρόθεον
2896 1307 2923 1358 ὁ
2943 1306 3315 1376 συγγραφεὺς,
3338 1306 3429 1359 τὸν
3461 1306 3559 1378 μὲν
3594 1307 3735 1360 ἀλα-

2142 1398 2461 1464 ζονέστατον
2488 1397 2686 1465 λέγων,
2716 1397 2807 1450 τὸν
2832 1397 2888 1450 δὲ
2914 1397 3220 1466 Δημόφιλον
3241 1397 3434 1468 φύρειν
3454 1414 3515 1450 τε
3545 1399 3733 1453 πάντα

2142 1493 2239 1545 καὶ
2273 1494 2494 1560 συγχεῖν
2519 1470 2948 1561 ἀίιρατέστατον,
2976 1490 3070 1543 καὶ
3094 1489 3331 1559 μάλιστά
3347 1491 3504 1559 γετὰ
3525 1492 3734 1563 ἐκκληδ

2146 1582 2403 1636 σιαστικὰ
2433 1583 2676 1652 δόγματα
2704 1597 2719 1612 ο
2781 1580 2921 1634 ὥστε
2953 1581 3085 1634 ποτὲ
3132 1581 3227 1634 καὶ
3259 1581 3400 1635 κατὰ
3434 1583 3732 1636 Κωνστανά

2139 1674 2446 1727 τινούπολιν
2479 1673 2912 1743 ἐκκλησιάζοντα
2951 1671 3136 1741 φάναι,
3161 1672 3223 1725 τὸ
3255 1672 3413 1743 σῶμα
3441 1674 3538 1727 τοῦ
3565 1674 3728 1737 Υἱοῦ,

2139 1765 2449 1838 ἀνακραθὲν
2508 1768 2574 1836 τῇ
2629 1765 2864 1834 θεότητι,
2898 1765 2975 1828 εις
3004 1764 3067 1817 τδ
3109 1763 3438 1833 ἀδηλότατον
3469 1782 3733 1838 κεχωρηά

2140 1857 2318 1920 κέναι,
2345 1857 2405 1911 ὃν
2440 1856 2642 1929 τρόπον
2671 1858 2763 1910 καὶ
2802 1857 3074 1924 γάλακτος
3104 1854 3298 1927 ξέστης
3328 1856 3407 1927 τῷ
3436 1858 3599 1910 παντὶ
3625 1858 3733 1929 τῆς

2141 1947 2417 2019 Θαλάσσης
2442 1947 2755 2018 ὲπιϐληθεὶς
2784 1948 3109 2019 συστήματι.
3130 1948 3334 2018 Πατρὶς
3357 1948 3402 2000 δ’
3431 1944 3500 2019 ἦν
3532 1951 3565 2020 ἡ
3590 1948 3733 2002 Θεσδ

2142 2037 2397 2109 σαλονίκη
2459 2038 2540 2109 τῷ
2598 2039 2899 2108 Δημοφίλῳ
2938 2038 3035 2106 (b),
3066 2038 3160 2092 καὶ
3187 2038 3247 2091 τὸ
3270 2039 3400 2093 ἄλλο
3433 2040 3593 2107 γένος
3626 2041 3733 2095 οὐκ

2141 2128 2374 2200 ἄσημον.
2406 2130 2560 2184 Κατὰ
2596 2131 2653 2183 δὲ
2681 2130 2791 2183 τῶν
2819 2131 3130 2203 λεγομένων
3161 2133 3510 2203 Εὐνομιανῶν
3558 2134 3733 2197 πολὺς

2142 2222 2293 2294 ερρει
2317 2226 2438 2287 ταῖς
2474 2222 2782 2278 κακώσεσιν
2810 2223 2839 2275 ὁ
2868 2218 3199 2295 Δημόφιλος.

2231 2408 2314 2459 ιε’.
2340 2406 2483 2471 Ὅτι,
2515 2402 2655 2459 κατὰ
2686 2403 2815 2469 τοὺς
2846 2402 3147 2470 Οὐάλεντος
3180 2404 3427 2480 κώνους,
3460 2411 3568 2466 τῶν
3612 2403 3735 2464 Ἐλει

2147 2498 2386 2570 ληνικῶν
2402 2497 2750 2570 χρηστηρίων
2775 2500 2889 2562 τοῖς
2907 2498 3221 2569 προσιοῦσιν
3243 2500 3543 2555 ἀνεδίδοντο
3556 2502 3734 2574 ψῆφοι

2143 2591 2495 2645 κατάστικτοι
2543 2590 2890 2663 γράμμασιν.
2943 2591 3012 2643 Ἀ
3062 2591 3419 2663 συντιθέμενα
3463 2595 3577 2656 τοῖς
3627 2594 3733 2664 μὲν

2143 2681 2235 2735 τὸν
2264 2681 2543 2735 Θεοδόσιον
2576 2682 2752 2735 ἐδόκει
2801 2681 3018 2753 δηλοῦν,
3063 2687 3177 2749 τοῖς
3204 2684 3260 2737 δὲ
3286 2685 3376 2738 τὸν
3411 2685 3731 2756 Θεόδουλον,

2144 2774 2178 2845 ἢ
2215 2773 2304 2827 τὸν
2350 2773 2646 2845 Θεόδωρον,
2680 2774 2713 2844 ἢ
2746 2784 2869 2828 τινα
2922 2774 3083 2829 ἄλλον
3121 2776 3523 2848 παραπλήσιον.
3546 2778 3734 2851 Μέχρι

2146 2863 2255 2937 γὰρ
2285 2866 2378 2919 τοῦ
2413 2862 2571 2920 δέλτα
2605 2866 2713 2919 τῶν
2745 2866 3087 2939 γραμμάτων
3119 2870 3169 2921 οἱ
3207 2868 3365 2923 τύποι
3403 2872 3732 2941 προήγοντο.

2145 2956 2306 3024 λοξὰς
2346 2957 2456 3011 τῶν
2507 2957 2798 3029 δαιμόνων,
2859 2957 2933 3021 ὼς
2963 2958 3238 3025 εἰώθασιν,
3267 2960 3354 3013 ἐπ’
3381 2960 3587 3033 ὀλέθρῳ
3617 2962 3735 3015 τῶν

2146 3052 2484 3124 πειθομένων
2501 3052 2595 3105 καλ⁵
2621 3054 2967 3126 ἀναχωρήσει
2996 3054 3094 3124 τῆς
3125 3056 3425 3127 ἀποτυχίας
3444 3056 3540 3121 τὰς
3564 3059 3737 3132 ἁναρα

2148 3146 2334 3217 ῥήσεις
2360 3145 2719 3217 ποιουμένων.
2740 3147 2831 3200 Διὸ
2854 3147 2948 3202 καὶ
2974 3147 3250 3217 Θεόδωρός
3271 3165 3355 3212 τις
3386 3151 3737 3221 παρασυρεὶς

2145 3240 2209 3308 τῇ
2249 3237 2455 3309 ἀπάτῃ.
2517 3239 2615 3291 καὶ
2659 3239 2979 3310 τυραννίδος
3040 3238 3345 3293 ἐπιϐαίνειν
3401 3240 3733 3312 ἀρξάμενος,

2148 3328 2339 3384 θᾶττον
2398 3331 2495 3383 σὺν
2549 3333 2662 3395 τοῖς
2712 3330 2999 3402 ἑπομένοις
3047 3329 3326 3384 ἀπώλετοο
3374 3331 3489 3402 μεθ’
3529 3326 3604 3386 ὧν
3638 3330 3741 3389 καὶ

2146 3420 2257 3476 τῶν
2320 3422 2574 3477 ἀναιτίων
2613 3424 2712 3477 οὐκ
2746 3422 2960 3492 ὀλίγους
3004 3422 3118 3494 (51)
3161 3423 3316 3487 δίκας
3363 3424 3575 3495 Οὐάλης
3628 3425 3742 3477 ἀπ-

465 3511 588 3557 ctus
626 3510 743 3568 est;
777 3517 901 3557 cum
932 3501 1039 3557 illis
1066 3517 1196 3556 vero
1241 3502 1445 3557 multos
1484 3517 1702 3572 quoque
1728 3496 2048 3557 innocentes

2156 3510 2344 3582 ᾑτησεν
2363 3555 2380 3578 ,
2408 3512 2590 3588 ὅτιπερ
2623 3518 2808 3580 αὐτοῖς
2841 3518 2873 3588 ἡ
2915 3517 3060 3588 ἁρχὴ
3085 3515 3180 3569 τοῦ
3214 3517 3478 3589 ὀνόματος
3495 3518 3564 3571 δι’
3589 3518 3742 3571 ὲκείι

465 3590 668 3650 Valens
725 3596 996 3665 supplicio
1030 3594 1233 3661 aﬁ'ecit,
1270 3609 1334 3650 eo
1358 3594 1508 3666 quod
1544 3595 1788 3666 ipsorum
1822 3595 2048 3650 nomina

463 3686 537 3743 ab
564 3686 651 3741 his
677 3687 874 3743 litteris
903 3688 1254 3758 incipiebant.

540 3778 626 3833 16.
669 3778 1073 3835 Valentinianus
1114 3778 1239 3835 Sen.
1265 3780 1414 3847 obiit,
1438 3779 1631 3835 Iunior
1652 3779 1700 3834 ei
1725 3779 2050 3836 succedit.—

402 3902 411 3907 -
465 3869 882 3928 Valentinianus
916 3874 1213 3944 imperator
1247 3873 1497 3937 moritur,
1539 3888 1663 3927 cum
1704 3888 1878 3927 annos
1915 3873 2052 3927 duo-

464 3965 639 4020 decim
688 3965 1030 4036 imperasset,
1088 3975 1142 4021 et
1175 3964 1496 4020 Gratianum
1555 3964 1727 4019 ﬁlium
1777 3963 2047 4019 haeredetn

466 4057 680 4128 imperii
713 4059 958 4129 reliquit.
984 4057 1230 4130 Reliquit
1265 4059 1428 4113 etiam
1470 4058 1607 4113 duos
1647 4056 1784 4114 alios
1823 4057 2046 4123 liberos,

466 4146 678 4203 Gallam
735 4150 948 4206 scilicet
985 4151 1176 4216 ﬁliam,
1211 4159 1265 4206 et
1296 4149 1734 4206 Valentinianum
1763 4147 2046 4206 Juniorem

2150 3619 2258 3659 νων
2288 3602 2399 3658 τῶν
2428 3606 2774 3678 γραμμάτων
2806 3606 3221 3675 ἀνεγινώσκετο.

2226 3792 2326 3856 ις’.
2364 3786 2484 3840 Ὅτι
2522 3785 2967 3850 Οὐαλεντινιανὸς
2993 3786 3241 3857 τελευτᾷ,
3277 3786 3602 3857 βασιλεύσας
3638 3787 3739 3859 ἔτη

2152 3877 2495 3940 δυοκαίδεκα,
2555 3881 2649 3933 καὶ
2698 3880 3038 3951 κληρονόμον
3076 3880 3176 3951 τῆς
3224 3881 3399 3952 ἀρχῆς
3439 3881 3745 3951 Γρατιανὸν

2151 3968 2243 4022 τὸν
2282 3969 2443 4023 παῖδα
2494 3970 2837 4024 καταλείπει.
2867 3970 3141 4024 Κατέλιπε
3176 3971 3230 4024 δὲ
3271 3972 3364 4025 καὶ
3393 3972 3610 4043 ἐτέρους
3643 3972 3748 4026 δύ)

2153 4061 2373 4126 παῖδας,
2414 4062 2623 4117 Γάλλαν
2669 4081 2730 4116 τε
2778 4062 3084 4134 θυγατέρα,
3133 4063 3227 4115 καὶ
3270 4062 3739 4123 Οὐαλεντινιανὺν.

2147 4153 2387 4225 τέτταρά
2414 4171 2515 4208 που
2532 4155 2795 4226 γεγονότα
2813 4154 2905 4225 ἐτη
2922 4154 3056 4226 (55),
3084 4154 3143 4207 ὃν
3171 4154 3373 4209 αὐτίκα
3398 4155 3434 4226 ἠ
3461 4170 3522 4207 τε
3551 4155 3749 4230 μήτηρ

1694 4282 1937 4328 VALESII
1970 4285 2006 4328 Δ
2014 4284 2471 4332 NNOTATIONES.

540 4362 653 4433 (51)
683 4365 807 4432 Οὐχ
829 4364 1038 4437 ἕτερόν
1063 4381 1196 4419 τινα
1234 4368 1459 4437 ταύτην
1492 4366 1712 4423 ἐλθεῖν.
1744 4365 1943 4420 Dccssc
1973 4367 2053 4418 vi-
2083 4372 2129 4425 Ι)

469 4433 631 4507 detur
644 4436 975 4507 praepositio,
1007 4449 1130 4507 qua:
1145 4437 1383 4507 suppleri
1406 4433 1583 4507 potest
1599 4441 1702 4490 hoc
1725 4437 1917 4490 modo:
1940 4437 2054 4506 Οὐχ

467 4502 656 4576 ἕτερόν
696 4520 814 4556 τινα
848 4503 983 4576 πρ-δς
1017 4502 1419 4576 ταύτηνίέλθεῖν
1436 4507 1813 4576 ἀνασχόμενοι.

544 4572 655 4644 (52)
685 4572 978 4643 Λαμπρῶς
1019 4572 1393 4642 ἐκηρύττετο.
1442 4572 1620 4630 (Ξοιίιέιὶ
1648 4572 1921 4630 ’ΒορΙιιινιῑ
1954 4591 2055 4629 au-

470 4644 609 4698 ctior
641 4646 729 4698 hic
766 4655 851 4699 est
881 4654 936 4698 et
978 4646 1337 4700 emendatior.
1372 4647 1463 4702 Sic
1490 4647 1637 4701 enim
1680 4645 1864 4711 habet,
1894 4645 2056 4709 εὐθὺς

470 4715 736 4787 ἐκήρυττε
764 4715 823 4769 τὸ
845 4714 1151 4787 ὁμοούσιον.

544 4784 658 4856 (55)
706 4786 859 4841 Socr.
882 4784 985 4840 lib.
1021 4803 1094 4847 tv.
1130 4801 1251 4855 cap.
1279 4787 1378 4854 l9;
1416 4787 1543 4843 Snz.
1581 4787 1672 4845 lib.
1700 4800 1776 4856 vi,
1805 4800 1926 4854 cap.
1962 4784 2053 4840 35.

544 4854 656 4926 (54)
680 4857 787 4911 Καὶ
826 4856 945 4911 τῶν
960 4858 1251 4912 ἐναντίων
1278 4862 1389 4913 οὐκ
1416 4861 1680 4929 ὀλίγους.
1718 4854 1837 4929 Non
1862 4856 2053 4929 dubito

512 4931 604 4981 uin
634 4930 984 4983 scribendum
1017 4930 1087 4981 sit
1111 4929 1213 4984 huc
1235 4930 1377 4993 loco,
1407 4926 1534 4982 τῶν
1554 4926 1832 4982 ἀναιτίων.
1866 4927 1919 4980 Id
1950 4936 2054 4990 est,

525 5015 593 5051 na
626 5016 743 5051 cunt
775 4999 884 5053 illis
917 4999 1111 5070 inultos
1141 5016 1341 5070 quoque
1376 5001 1672 5054 innocentes
1715 4995 1903 5070 Valens
1934 5014 2060 5066 sup—

472 5069 633 5138 plicia
659 5070 856 5140 affecit.
886 5069 1335 5125 Emeudatiouem
1363 5082 1604 5125 nostrum
1642 5069 1928 5140 coulir_mat
1952 5085 2057 5121 uis.

473 5136 647 5212 codex
693 5136 987 5202 "Buclinrti,
1026 5141 1096 5212 giu
1141 5156 1251 5212 quo
1310 5144 1570 5212 scriptum
1633 5149 1717 5195 est
1763 5136 1872 5191 τῶν
1904 5140 2060 5191 ἀναι-

472 5210 626 5278 τίων,
661 5221 822 5280 prout
848 5210 1138 5281 legendutn
1160 5210 1289 5266 esse
1318 5211 1684 5279 cot‘jeceram.

2229 4370 2341 4438 (55)
2382 4367 2641 4436 Τέτταρά
2665 4365 2985 4435 που...ἓτη.
3010 4364 3186 4422 lnms.
3221 4367 3410 4423 codice
3449 4365 3747 4438 Samuelis

2155 4437 2409 4510 Beeliarti
2467 4440 2983 4510 scriptumginveui,
3030 4438 3266 4510 τέτταρά
3315 4456 3403 4490 πω
3431 4437 3549 4508 ἐτη,
3587 4441 3745 4507 quod

2155 4508 2281 4563 licet
2309 4509 2564 4578 exigthtm
2615 4509 2706 4571 sit,
2746 4508 2887 4563 haud
2917 4508 3206 4578 quaquam
3244 4517 3421 4562 tamen
3459 4510 3751 4576 negligena

2153 4580 2282 4633 dum
2316 4579 2524 4647 putavi.
2557 4578 2828 4632 Caeterum
2860 4579 2926 4634 de
2957 4589 3113 4633 relate
3146 4578 3507 4632 Valentiniani
3538 4578 3713 4632 Junio
3735 4610 3748 4621 ο

2156 4650 2253 4711 ris,
2282 4649 2557 4703 consentit
2585 4649 2747 4703 etiam
2771 4650 3092 4703 Ammianus
3121 4649 3469 4703 Marcellinus
3502 4649 3557 4702 iu
3596 4648 3749 4704 libro

2155 4721 2457 4783 tricesimo,
2499 4720 2604 4773 sub
2656 4720 2845 4785 linem;
2878 4730 2932 4774 et
2968 4721 3199 4774 Victoris
3237 4720 3502 4788 Epitome,
3542 4727 3595 4772 et
3634 4720 3749 4773 Zo-

2155 4791 2330 4844 simus
2387 4805 2449 4844 ac
2484 4788 2749 4843 Zonaras.
2784 4789 2952 4846 Natus
2986 4800 3071 4845 est
3123 4791 3287 4859 igitur
3324 4789 3752 4859 Valentinianus

2161 4860 2355 4915 Junior
2385 4876 2530 4915 anno
2556 4861 2760 4914 Christi
2809 4861 2932 4914 571.
2967 4856 3231 4915 Czeterum
3260 4862 3328 4914 ab
3359 4862 3459 4913 hoc
3495 4856 3752 4915 Valentia

2156 4933 2321 4985 uiauo
2347 4929 2596 4994 Juniure,
2629 4932 2723 4998 qui
2759 4931 2904 4986 ﬁlius
2942 4932 3041 4985 fuit
3087 4931 3311 4998 majoris
3346 4928 3742 4994 Valentiniani,

2155 5002 2574 5071 distiuguendus
2589 5011 2673 5055 est
2698 5000 3113 5056 Valentinianus
3137 5004 3294 5068 alter,
3328 5002 3471 5056 ﬁlius
3500 4999 3751 5056 Valentis

2157 5074 2410 5142 Augusti,
2449 5082 2507 5126 ut
2554 5074 2667 5141 jam
2724 5073 2932 5141 pridem
2972 5072 3278 5135 observavi,
3312 5082 3425 5125 tum
3462 5071 3516 5125 in
3556 5073 3749 5123 Anum

2158 5144 2462 5197 lotionibus
2488 5146 2553 5196 ad
2586 5145 2934 5196 Ammiauutn
2962 5142 3363 5210 Marcellinum,
3393 5152 3508 5196 tum
3540 5142 3594 5195 iu
3626 5143 3745 5195 An-

2162 5214 2539 5267 nutatiouibus
2564 5215 2629 5267 ad
2664 5214 2968 5268 Socratem.

1945 5317 2297 5365 VARIORUM.

546 5429 621 5501 (a)
665 5428 729 5480 Ὀ
752 5424 1064 5501 Δωρόθεος.
1097 5424 1242 5481 ldem
1298 5423 1390 5494 qui
1430 5420 1802 5501 Theodorus,
1820 5423 2053 5501 inverso
2126 5446 2135 5449 -

477 5494 698 5553 nuin'ine
728 5496 1057 5567 promiscue,
1102 5505 1159 5550 ut
1199 5511 1387 5565 supra,
1416 5510 1535 5567 cap.
1588 5494 1675 5567 19,
1705 5504 1759 5549 et
1787 5494 1853 5548 l5
1886 5494 2053 5567 hujus

476 5568 573 5625 lib.
609 5580 663 5624 et
687 5563 827 5638 apud
865 5564 1021 5638 Socr.
1042 5567 1136 5621 lib.
1172 5582 1244 5633 tv,
1270 5563 1390 5635 cap.
1418 5563 1827 5638 35,Aet_S_ozom.
1860 5563 2052 5638 l_ib.’vt,

474 5652 595 5711 map.
622 5634 735 5706 57,—
766 5638 820 5692 in
849 5637 975 5711 liu.,_
1005 5637 1171 5711 etlib.
1197 5653 1294 5699 vit,
1325 5634 1821 5711 cap;_ll._blgrtc_m
1851 5634 2055 5711 ΔΕιιιοίί

474 5705 641 5768 reicit
670 5705 922 5779 Socrates
966 5709 1071 5764 loc.
1110 5709 1207 5765 cit.
1246 5723 1377 5763 ann.
1412 5705 1544 5763 Chr.
1579 5706 1704 5764 577.
1735 5705 2052 5775 (.‘otlwfretl.

2229 5424 2305 5496 (ὁ)
2333 5424 2548 5493 Πατρὶς
2570 5424 2642 5496 δὲ
2669 5421 2802 5495 ἦνή
2835 5425 3257 5490 Θεσσαλονίκη
3288 5423 3372 5490 τῷ
3394 5423 3742 5496 Δημοφίλῳ.

2158 5494 2379 5569 Bei'rtea
2411 5511 2577 5569 prope
2604 5494 3239 5569 Tltessalouicant_lorus
3266 5505 3385 5569 erat
3416 5504 3510 5548 aut
3540 5494 3746 5549 nativi-

2157 5568 2303 5631 tatis,
2344 5576 2438 5619 aut
2464 5567 2653 5620 saltem
2682 5565 3028 5635 episeopntus
3056 5565 3382 5635 Demophili,
3409 5574 3468 5618 ut
3499 5573 3646 5634 patet
3670 5581 3747 5622 ex

2157 5638 2365 5718 capn.8
2388 5647 2441 5690 et
2472 5637 2537 5691 l9
2567 5636 2846 5722 hujuslib.
2878 5637 2952 5694 De
2977 5637 3295 5709 DemOphilu
3320 5636 3596 5707 vid..plura
3610 5647 3746 5692 mox

2157 5723 2211 5763 tu
2242 5707 2571 5763 Fragmenta
2596 5724 2626 5762 e
2660 5705 2843 5762 blnda.

2156 5723 2211 5764 tu
2242 5722 2571 5778 rragmeuto
2596 5724 2626 5762 e
2660 5722 2843 5762 autua.
