4026 6342
284 346 385 405 εει

1290 314 1856 396 Εοειεειιιετιω
1896 329 2254 391 ms'romaz
2295 329 2430 386 ωε.
2471 329 2565 388 1x.

3454 331 3563 389 582

294 458 578 520 ἰουστῖνα,
609 456 703 510 καὶ
721 455 750 510 ό
765 453 907 510 κατὰ
925 451 1184 509 Παιονίαν
1207 453 1436 525 στρατὸς
1458 451 1679 523 βασιλέα
1705 452 1869 505 ποιεῖ.

1995 456 2212 518 Iuatuor
2229 445 2445 503 circiter
2465 458 2641 500 annos
2667 450 2877 499 natum.
2898 442 3071 510 Quem
3098 442 3245 500 illico
3262 450 3376 500 tum
3387 453 3567 503 mater

284 548 583 623 Γρατιανὺς
619 548 802 619 μέντοι
822 564 887 616 γε
910 547 1010 618 τὴν
1036 544 1398 617 ἀναγόρευσιν
1431 543 1641 617 μαθὼν,
1681 544 1764 597 ὅτι
1798 542 1873 615 μὴ

1995 536 2212 602 iustine,
2250 546 2366 592 tum
2395 534 2669 591 exercitus
2702 533 2793 602 qui
2825 533 2880 587 in
2904 532 3188 590 Pannonia
3213 544 3357 601 erat,
3390 534 3570 605 impe-

285 645 375 701 διὰ
398 643 629 716 γνώμης
667 641 836 696 αὐτοῦ
858 642 1105 711 γέγονεν,
1132 641 1233 693 οὐκ
1261 640 1547 711 ἐπῄνεσεν.
1588 636 1747 691 Ἀλλά
1780 636 1874 692 καί

1995 640 2213 685 'atorem
2261 636 2537 685 crearunt.
2580 624 2646 681 Et
2670 624 2963 681 Gratianus
3002 627 3217 695 quidem
3255 628 3399 683 hanc
3422 643 3572 684 nun-

287 749 442 796 τινας
468 732 576 785 τῶν
601 730 767 786 αὐτοῦ
800 729 1241 801 νεωτερισάντων
1274 729 1410 800 (55‘)
1450 728 1750 783 ὲκολάσατο
1775 727 1873 798 (a).

290 824 483 895 Ὅμως
512 821 734 894 ἔστερξε
764 820 857 876 τὸν
901 819 1132 889 ἀδελφὸν
1173 819 1319 890 ἔχειν
1355 817 1709 889 βασιλεύοντα
1740 817 1874 890 (56),

292 917 387 972 καὶ
414 916 622 990 πατρὸς
646 916 800 987 αὐτῷ
824 915 978 983 τάξιν
1014 912 1389 987 ἀποπληροῦν.

367 1185 457 1252 ιζ’.
488 1186 607 1241 Ὅτι
654 1186 703 1239 οῖ
747 1183 922 1256 πέραν
970 1182 1067 1237 τοῦ
1110 1183 1327 1255 Ἴστρου
1373 1181 1576 1236 Σκύθαι
1627 1181 1733 1253 (b),
1772 1179 1882 1235 τῶν

294 1278 515 1353 θύννων
552 1278 737 1341 αὐτοῖς
785 1276 1349 1348 ἐπιστρατευσάντων,
1393 1275 1685 1329 ἀνάστατοι
1720 1271 1884 1341 γεγό-

294 1390 440 1436 νασι,
459 1371 705 1442 καὶπρὸς
720 1369 819 1441 τὴν
834 1369 1122 1440 Ῥωμαίων
1142 1367 1249 1438 γῆν
1266 1366 1402 1439 πρὸς
1422 1366 1605 1436 φιλίαν
1623 1362 1887 1437 ἐπεραιώ-

294 1467 492 1539 θησαν.
526 1461 650 1519 Εἶεν
668 1464 711 1517 δ’
734 1462 802 1518 ἂν
842 1464 892 1517 οί
948 1458 1163 1527 Οὗννοι,
1191 1460 1282 1525 οὓς
1310 1462 1361 1515 οἱ
1390 1460 1614 1514 παλαιοὶ
1640 1458 1888 1530 Νεϐρούς

296 1555 676 1629 ὲπωνόμαζον,
701 1556 797 1608 καὶ
828 1554 978 1624 παρὰ
1005 1553 1076 1606 τά
1099 1555 1322 1607 Ῥιπαῖα
1351 1550 1731 1622 κατῳκημένοι
1761 1549 1885 1621 ὅρη,

298 1650 361 1714 ἐξ
394 1643 469 1703 ὧν
500 1650 528 1702 ὁ
564 1647 769 1709 Τάναϊς
802 1646 883 1708 είς
912 1645 1011 1715 τὴν
1046 1642 1330 1698 Μαιώτιδα
1361 1641 1557 1713 λίμνην
1581 1639 1889 1711 κατασυρό-

302 1755 464 1812 μενος
496 1737 558 1790 τὸ
593 1735 807 1807 ῥεῖθρον
828 1732 1219 1787 υὲκδίδωσιν.οί
1242 1732 1299 1785 δέ
1327 1748 1391 1801 γε
1412 1729 1618 1784 Σκύθαι
1648 1746 1882 1801 μετανα-

1978 724 2326 794 eupationem
2380 737 2504 778 cum
2548 719 2850 786 didicisset,
2893 733 2959 773 eo
2990 720 3135 789 quod
3189 719 3397 791 absque
3427 736 3564 777 con-

1979 833 2145 874 sensu
2182 816 2358 886 ipsius
2407 816 2553 870 facta
2594 813 2793 879 fuerat,
2829 827 2936 878 non
2979 813 3247 883 probavit.
3288 815 3567 881 Quosdam

1980 910 2145 965 etiam
2167 907 2261 977 qui
2292 906 2345 961 id
2380 915 2591 961 tentare
2637 906 2757 960 ausi
2790 903 3028 972 fuerant,
3061 906 3331 975 supplicio
3362 907 3564 962 affecit.

1981 999 2227 1055 Fratrem
2296 998 2659 1055 nihilominus
2733 1007 3045 1053 consortem
3100 998 3317 1067 imperii
3367 1000 3573 1055 habere

1982 1107 2093 1147 non
2122 1088 2323 1154 renuit,
2352 1095 2405 1144 et
2442 1088 2615 1158 patris
2655 1104 2783 1158 erga
2808 1102 2936 1142 eum
2973 1087 3149 1141 vicem
3176 1087 3437 1156 implevit.

2056 1180 2143 1234 17.
2161 1178 2351 1233 Valens
2391 1178 2527 1232 bello
2558 1178 2805 1248 Scythico
2832 1178 2988 1247 perit.
3018 1176 3341 1231 Theodosius
3370 1179 3578 1246 imp.—

1988 1272 2204 1345 Scythae
2249 1272 2340 1342 qui
2394 1281 2550 1326 trans
2601 1271 2799 1326 lstrum
2854 1271 3016 1341 positi
3040 1279 3190 1338 sunt,
3242 1271 3311 1325 ab
3363 1269 3577 1325 llunnis

1984 1364 2129 1420 bello
2161 1361 2406 1432 appetiti,
2436 1370 2489 1416 et
2526 1361 2748 1416 sedibus
2777 1360 2892 1415 suis
2936 1362 3169 1431 expulsi,
3203 1361 3258 1417 in
3296 1360 3583 1414 Romanor

1989 1470 2113 1510 rum
2163 1453 2426 1508 ditionem
2485 1453 2667 1518 specie
2701 1452 2957 1507 amicitia:
3009 1453 3363 1523 traiecerunt.
3409 1452 3582 1507 Porro

1990 1544 2174 1600 llunni
2238 1544 2402 1598 iidem
2433 1545 2688 1599 videntur
2725 1560 2847 1600 esse
2873 1545 2967 1615 qui
2999 1546 3067 1600 ab
3126 1546 3368 1615 antiquis
3410 1542 3578 1599 Neuri

1990 1639 2349 1705 vocabantur,
2375 1638 2444 1693 ad
2472 1638 2690 1709 Ripaeos
2721 1649 2935 1711 montes
2969 1640 3083 1704 siti,
3111 1655 3176 1694 ex
3204 1640 3402 1710 quibus
3425 1648 3583 1694 ortus

1993 1730 2196 1787 Tanais
2246 1730 2467 1798 ﬂuvius,
2510 1732 2567 1785 in
2611 1731 2915 1788 Maeotidem
2962 1733 3212 1803 paludem
3243 1749 3413 1802 aquas
3447 1748 3578 1790 suae

300 1829 555 1899 στάντες⁹
577 1826 685 1880 ἀπὸ
719 1823 813 1880 τοῦ
846 1823 1055 1896 μέτριοι
1096 1823 1164 1877 τά
1208 1821 1402 1895 πρῶτα
1430 1817 1571 1875 εἶναι
1601 1824 1715 1885 τοῖς
1751 1821 1885 1874 Ῥω-

1995 1824 2217 1880 evolvit.
2254 1822 2470 1895 Scytha:
2505 1838 2635 1879 vero
2666 1825 2718 1878 in
2769 1824 3145 1881 Romanorum
3191 1826 3367 1882 solum
3395 1836 3579 1883 trans-

303 1922 507 1994 μαίοις,
539 1921 621 1983 εἰς
651 1918 714 1972 τὸ
753 1916 1037 1989 λῃστεύειν
1080 1916 1381 1988 ἐτράποντο
1404 1930 1418 1944 ·
1451 1911 1570 1968 εἶτα
1602 1914 1697 1969 κα)⁸
1732 1914 1890 1969 πόλε-

304 2033 407 2087 μον
435 2014 742 2085 ἀκήρυκτον
772 2011 993 2064 εἵλοντο.
1012 2009 1223 2080 Οὐάλης
1239 2009 1295 2062 δὲ
1316 2007 1489 2062 ταῦτα
1517 2008 1889 2079 πεπυσμένος,

299 2107 366 2173 ἐξ
391 2105 722 2176 Ἀντιοχείας
751 2103 1000 2175 ἀπαίρει.
1027 2102 1136 2156 Καὶ
1163 2101 1305 2156 κατὰ
1321 2101 1733 2156 Κωνσταντινού
1744 2101 1892 2155 πολιν

299 2195 543 2267 γεγονὼς
574 2196 666 2249 ἐπὶ
698 2194 919 2267 Θρᾴκην
953 2192 1187 2248 ἐλαύνει.
1220 2194 1333 2247 Καὶ
1370 2192 1516 2264 μάχῃ
1549 2192 1894 2263 συμπλακεὶς

301 2292 420 2353 τοῖς
443 2288 760 2362 βαρϐάροις,
810 2289 903 2342 καὶ
946 2278 1175 2349 πολλοὺς
1216 2285 1526 2349 ἀποϐαλὼν,
1556 2283 1661 2339 ἀνὰ
1693 2284 1896 2355 κράτος

304 2383 522 2454 φεύγει.
560 2381 673 2436 Καὶ
719 2380 872 2453 πάσῃ
907 2379 1193 2450 συσχεθεὶς
1217 2379 1501 2451 ἀμηχανίᾳ
1537 2379 1633 2432 καὶ
1668 2378 1892 2450 ἀπορίᾳ,

304 2477 366 2531 ἓν
393 2494 502 2529 τινι
539 2474 646 2529 τῶν
678 2473 821 2529 κατά
850 2474 1051 2545 ἀγροὺς
1081 2471 1399 2543 οίκημάτων
1433 2471 1624 2543 χόρτον
1652 2469 1893 2541 φέροντι,

306 2570 409 2624 σὺν
444 2568 647 2636 ὀλίγοις
690 2568 803 2630 τοῖς
849 2564 1137 2636 ἑπομένοις
1174 2563 1553 2635 κατακρύπτει
1582 2562 1791 2616 ἑαυτόν.
1831 2562 1894 2614 Ol

302 2662 366 2716 δὲ
390 2659 656 2732 βάρϐαροι
703 2656 1151 2722 καταδιώκοντες,
1183 2654 1372 2727 ὥσπερ
1405 2654 1475 2708 τά
1525 2654 1659 2709 ἄλλα
1701 2652 1810 2706 τῶν
1837 2653 1895 2705 ὲν

305 2755 489 2820 ποσὶν,
518 2753 661 2808 οὔτω
713 2752 809 2805 καὶ
844 2750 905 2803 τὸ
926 2750 1137 2821 οἴκημα
1167 2747 1337 2820 πυρὸς
1369 2745 1614 2818 δαπάνην
1637 2744 1894 2813 ἐτίθεντο,

303 2845 566 2917 οὐδεμίαν
602 2842 755 2916 παρὰ
781 2841 875 2896 τοῦ
909 2840 1170 2911 βασιλέως
1194 2838 1304 2908 (57)
1334 2837 1589 2901 λαϐόντες
1621 2837 1895 2890 ὑπόνοιαν.

320 2940 466 2993 Ἀλλ’
499 2942 527 2993 ό
582 2939 677 3010 μὲν
734 2934 908 3000 οὕτως
947 2934 1267 3005 ἠφάνισται,
1312 2931 1372 2985 τὸ
1411 2930 1661 2983 πλεῖστόν
1706 2947 1765 2984 τε
1805 2930 1901 2984 καὶ

306 3034 603 3105 κράτιστον
644 3030 745 3101 τῆς
779 3028 1096 3099 Ῥωμαῖκῆς
1120 3026 1295 3097 ἀρχῆς
1329 3023 1899 3096 συναποκειράμενος·

304 3126 364 3178 οἱ
390 3124 448 3178 δὲ
498 3120 765 3196 βάρϐαροι
814 3121 998 3173 πᾶσαν
1023 3116 1198 3181 ἀδεῶς
1227 3115 1325 3189 τὴν
1355 3115 1576 3187 Θρᾴκην
1602 3115 1900 3186 ἐληΐζοντο,

1996 1916 2194 1987 gressi,
2221 1931 2345 1971 cum
2379 1916 2535 1972 initio
2571 1918 2852 1973 moderate
2896 1934 2956 1974 se
2984 1920 3282 1990 gessissent
3312 1936 3438 1991 erga
3468 1921 3581 1976 Ro-
3614 1922 3623 1932 '

1995 2025 2206 2076 manes,
2241 2009 2458 2064 tandem
2493 2010 2560 2064 ad
2609 2010 3048 2066 latrocinandum
3108 2015 3358 2068 conversi
3419 2021 3577 2080 sunt,

1972 2117 2060 2167 .ac
2083 2102 2280 2157 deinde
2311 2102 2515 2158 bellum
2557 2103 2625 2159 iis
2682 2103 3003 2168 intulerunt,
3047 2106 3199 2169 nullo
3230 2106 3379 2176 prius
3411 2108 3583 2163 misso

1996 2193 2091 2262 qui
2125 2192 2323 2248 bellum
2368 2192 2649 2248 indiceret.
2681 2192 2812 2261 Quae
2859 2210 2985 2250 cum
3018 2198 3319 2266 accepisset
3351 2197 3575 2263 Valens,

2007 2285 2193 2341 statim
2226 2285 2521 2341 Antiochia
2567 2286 2849 2357 digressus
2898 2296 3002 2343 est.
3061 2287 3310 2359 Cumque
3344 2292 3587 2346 venisset

2009 2376 2564 2448 Constantinopolim,
2593 2378 2647 2431 in
2680 2377 2974 2434 Thraciam
3008 2382 3269 2450 perrexit.
3302 2379 3405 2436 Ubi
3442 2398 3591 2452 pra?—

1998 2470 2074 2526 lio
2126 2486 2458 2542 congressus
2514 2486 2638 2525 cum
2680 2471 2969 2536 barbaris,
3020 2473 3317 2544 multisque
3360 2490 3589 2529 suorum

1999 2563 2244 2628 amissis,
2297 2572 2557 2618 contento
2619 2578 2784 2619 cursu
2837 2563 3022 2636 fugam
3085 2567 3339 2636 arripuit.
3385 2564 3588 2621 Ultima

1998 2656 2217 2711 tandem
2272 2655 2601 2710 necessitate
2628 2670 2945 2724 Oppressus,
2991 2666 3044 2711 et
3074 2658 3141 2712 ad
3180 2658 3420 2727 inopiam
3455 2674 3589 2713 con-

2000 2748 2107 2805 silii
2132 2747 2407 2814 redactus,
2468 2746 2521 2801 in
2581 2748 2781 2818 agresti
2824 2748 3059 2818 quadam
3101 2764 3227 2804 casa
3260 2766 3366 2820 qua
3403 2749 3588 2805 fenum

2001 2840 2283 2896 conditum
2313 2848 2452 2906 erat,
2503 2855 2611 2905 una
2663 2854 2787 2893 eum
2838 2841 3025 2909 paucis
3054 2842 3147 2910 qui
3180 2841 3359 2911 ipsum
3393 2858 3592 2914 seque-

2001 2932 2221 2998 bantur,
2257 2947 2377 2987 sese
2425 2931 2739 2986 occultavit.
2780 2931 2849 2985 At
2906 2932 3122 2987 barbari
3156 2934 3250 3002 qui
3289 2950 3414 2989 eum
3472 2951 3593 3004 per-

2004 3024 2396 3089 sequebantur,
2451 3031 2566 3077 tum
2625 3023 2784 3078 obvia
2836 3039 3097 3094 qumque,
3150 3034 3263 3078 tum
3306 3027 3590 3095 tugurium

2006 3115 2136 3170 illud
2172 3115 2550 3181 incenderunt,
2606 3115 2740 3170 nihil
2776 3117 2993 3186 penitus
3035 3118 3101 3172 de
3144 3119 3467 3188 imperatore
3498 3134 3594 3174 su-

302 3215 697 3289 Φριτιγέρνους
734 3213 932 3281 αὐτοὺς
975 3212 1223 3280 ἄγοντος.
1264 3209 1322 3261 '0
1362 3208 1420 3262 δὲ
1452 3207 1747 3279 Γρατιανός
1777 3208 1892 3261 ἐκό-

2009 3209 2222 3279 spieati.
2262 3209 2327 3263 Et
2356 3207 2556 3264 Valens
2586 3209 2803 3279 quidem
2828 3210 2973 3265 hunc
3004 3211 3056 3264 in
3090 3213 3312 3267 modum
3344 3213 3593 3269 sublatus

303 3311 453 3381 ψατο
486 3309 583 3381 μὲν
614 3306 706 3360 τὸν
738 3306 901 3369 θεῖον,
940 3304 1207 3375 ἐθρήνησε
1233 3300 1291 3354 δὲ
1320 3299 1419 3371 τὴν
1451 3298 1741 3363 Ῥωμαίων
1764 3315 1892 3371 συμ-

2007 3309 2110 3366 est,
2134 3300 2582 3357 numerosissima
2646 3317 2711 3357 ac
2752 3302 3051 3359 fortissima
3096 3304 3330 3361 Romani
3374 3307 3597 3375 imperii

305 3401 523 3474 φοράν·
551 3398 827 3453 Θεοδόσιον
866 3395 923 3450 δὲ
969 3393 1190 3466 βασιλέα
1231 3391 1639 3464 χειροτονήσας,
1687 3392 1767 3454 είς
1799 3388 1892 3461 τὴν

2009 3401 2160 3463 parte
2181 3388 2341 3448 simul
2388 3393 2630 3462 amissa;
2662 3393 2879 3450 barbari
2914 3411 3045 3452 vero
3074 3396 3385 3453 universam
3419 3395 3597 3452 Thra-

302 3484 406 3549 τοῦ
434 3492 578 3547 θείου
620 3488 897 3562 βασιλείαν
939 3486 1277 3555 ἀναπέμπει.
1316 3484 1374 3536 Ὀ
1411 3481 1469 3536 δὲ
1493 3480 1772 3544 Θεοδόσιος
1801 3479 1892 3544 τὰς

2009 3484 2175 3549 (εἰςειιῐι¹
2210 3486 2418 3556 absque
2480 3487 2593 3542 ullo
2644 3487 2902 3559 deinceps
2968 3498 3115 3546 metu
3171 3498 3597 3561 pervastarunt,

318 3585 601 3649 Ἱσπανίας
622 3584 725 3657 μὲν
750 3580 862 3653 εἶχε
892 3579 1147 3652 πατρίδα,
1169 3576 1237 3641 ἃς
1255 3575 1351 3631 νῦν
1380 3573 1617 3646 Ἰϐηρίας
1648 3571 1892 3637 καλοῦσι,

2010 3580 2150 3633 duce
2184 3576 2513 3650 Fritigerno.
2550 3578 2724 3636 Porro
2766 3581 3062 3637 Gratianus
3091 3592 3347 3652 patruum
3378 3583 3598 3652 quidem

304 3678 412 3734 τοῦ
429 3678 497 3732 δι’
527 3675 705 3730 αὐτῶν
730 3674 942 3744 ῥέοντος
960 3671 1179 3744 Ἴϐηρος
1201 3664 1593 3740 παταμοῦ,τὴν
1624 3662 1892 3736 προτέραν

2004 3683 2164 3724 suum
2197 3670 2355 3739 luxit,
2412 3681 2467 3728 et
2513 3672 2890 3729 Romanorum
2950 3676 3316 3731 calamitatem
3343 3674 3601 3741 deﬂevit;

307 3768 706 3839 ὲκνικήσαντος
734 3762 1049 3834 ὀνομασίαν.

2006 3760 2372 3821 Theodosium
2413 3781 2544 3822 vero
2588 3782 2713 3822 cum
2769 3747 3159 3837 imperatorem
3220 3770 3601 3824 renuntiasset

307 3861 385 3917 ad
408 3856 701 3929 regendum
726 3854 905 3925 patrui
933 3852 1221 3924 imperium
1246 3849 1420 3921 misit.
1443 3845 1543 3903 Hic
1559 3846 1907 3905 Theodosius
1938 3853 2174 3921 patriam
2233 3855 2424 3910 habuit
2452 3854 2807 3926 .llispaniam,
2839 3872 2962 3929 qua:
2991 3874 3138 3913 nunc
3170 3856 3339 3914 Iberia
3410 3861 3597 3929 appel-

272 3950 281 3961 '
305 3955 490 4017 latur;
524 3948 678 4003 lbero
697 3946 905 4002 scilicet
924 3944 1088 3999 ﬂuvio
1112 3943 1205 4014 qui
1228 3959 1325 4014 per
1351 3957 1472 3997 eam
1498 3940 1639 4006 ﬂuit,
1661 3941 1901 4012 priorem
1944 3946 2363 4016 appellationem
2407 3935 2680 4005 abolente.

390 4046 481 4112 ιη’.
520 4042 663 4105 Ὅτι,
711 4038 1137 4109 τελευτήσαντος
1187 4034 1479 4089 Θεοδούλου
1509 4032 1605 4087 τοῦ
1630 4033 1739 4087 ἀπὸ
1766 4034 1892 4088 Χαι-

2086 4037 2174 4093 l8.
2209 4038 2536 4094 Eunomiani
2551 4041 2798 4111 episcopi.
2821 4071 2889 4082 —
2905 4040 3123 4097 Mortuo
3141 4042 3424 4100 Theodulo
3448 4045 3599 4101 Cluu-

311 4133 572 4205 ρετάπων
632 4131 773 4203 (τῆς
820 4128 1186 4200 Παλαιστίνης
1236 4125 1281 4180 δ’
1312 4117 1468 4189 οὗτος
1526 4123 1821 4178 ἐπεσκόπει
1850 4124 1892 4195 )1

2014 4134 2310 4200 rctapensi,
2336 4132 2430 4201 qui
2455 4131 2760 4187 Palazstina:
2795 4141 2913 4187 erat
2941 4133 3254 4203 episc0pus,
3297 4134 3602 4192 Eunomins

307 4226 366 4280 οἱ
391 4224 535 4295 ἀμφὶ
564 4223 656 4277 τὸν
681 4223 947 4294 Εὐνόμιον
984 4220 1289 4293 Καρτέριον
1327 4216 1494 4273 αὐτοῦ
1517 4217 1892 4289 χειροτονοῦσι.

2013 4220 2320 4278 Carterium
2352 4224 2405 4279 in
2440 4225 2574 4295 ejus.
2605 4225 2781 4281 locum
2812 4224 3107 4281 ordinavit.
3141 4226 3247 4294 Qui
3293 4243 3416 4284 cum
3447 4229 3599 4284 brevi

308 4318 427 4371 Τοῦ
455 4317 513 4370 δὲ
532 4315 725 4370 θᾶττον
748 4313 1153 4399 τελειωθέντος,
1180 4311 1437 4381 Ἰωάννην
1461 4308 1892 4364 ἀντικαθιστῶσι·

2010 4322 2198 4384 postea
2216 4331 2281 4371 ex
2311 4317 2413 4371 hac
2436 4316 2560 4372 luce
2576 4317 2889 4389 migrassel,
2914 4317 3154 4375 Joannes
3184 4319 3236 4374 in
3267 4320 3386 4392 ejus
3414 4321 3597 4376 locum

308 4410 414 4463 καὶ
446 4409 545 4463 σὺν
586 4405 736 4478 αὐτῷ
799 4405 908 4461 ἀπὸ
958 4400 1589 4465 Κωνσταντινουπόλεως
1642 4400 1805 4464 αὐτός
1846 4417 1892 4455 τε

2014 4406 2344 4475 subrogatus
2383 4416 2486 4463 est.
2509 4407 2649 4463 Cum
2682 4409 2788 4465 hoc
2809 4407 3023 4465 Joanne
3048 4409 3191 4466 idem
3221 4410 3525 4468 Eunomius
3546 4425 3603 4469 ct

308 4500 590 4572 Εὐνόμιος
621 4501 717 4554 καὶ
757 4497 1037 4572 Ἀρριανὸς
1059 4497 1153 4551 καὶ
1190 4495 1487 4568 Εὐφρόνιος
1525 4494 1618 4548 ἐπὶ
1642 4495 1742 4568 τὴν
1767 4494 1892 4567 eam

2014 4497 2282 4554 Arrianus
2300 4506 2464 4569 atque
2486 4499 2861 4570 Euphronius,
2888 4500 3079 4556 relicta
3102 4502 3602 4573 Constantinopoli,

312 4590 699 4661 ἀφικνοῦνται,
744 4590 820 4654 ὼς
866 4590 1042 4642 ἐκεῖσε
1100 4586 1190 4642 τόν
1251 4605 1310 4643 τε
1370 4586 1655 4642 Ἰουλιανδν
1697 4588 1762 4641 ἐκ
1807 4587 1892 4660 τῆς

2017 4588 2072 4644 in
2109 4589 2381 4647 Orientem
2415 4590 2814 4663 profectisunt,
2848 4600 2986 4648 utet
3010 4590 3287 4649 lulianum
3316 4610 3382 4651 ex
3410 4593 3601 4650 Cilicia

1556 4716 1804 4762 VALESII
1829 4716 2335 4765 ANNOTATIONES.

392 4828 531 4900 (35‘)
558 4827 730 4900 de“;
782 4825 902 4900 τῷν
938 4824 1142 4900 αὐτοῦ-
1175 4822 1677 4900 νεωτερισάντων.
1697 4823 1908 4900 Cotho-

1941 4840 1987 4897 ο
2010 4826 2143 4890 illic,
2173 4829 2225 4883 id
2248 4836 2351 4894 est,
2383 4830 2438 4884 in
2475 4830 2774 4887 Pannonia.

308 4894 521 4963 frédus'
557 4899 756 4969 legisse
800 4897 1034 4969 videtur,
1074 4895 1376 4969 milva-0510
1418 4894 1857 4969 νεωτερισάντων
1889 4913 1904 4929 ·

396 4899 514 4977 idus
557 4899 756 4980 legisse
800 4899 1034 4980 videtur,
1074 4899 1376 4980 {QVITODTO
1416 4899 1892 4980 νεωτερισάντων

2017 4966 2040 4980 _
2088 4899 2217 4971 (36),
2266 4902 2475 4980 Ἷξχειγ
2511 4903 2957 4980 βασιλεύοντα.
3028 4902 3223 4961 Melius
3268 4903 3600 4961 scriberetur

311 4970 406 5029 sic
420 4972 571 5026 enim
596 4966 813 5039 πίθηκε
837 4966 940 5022 Sed
968 4976 1018 5021 et
1033 4966 1310 5039 quosdam,
1338 4966 1427 5035 qui
1447 4966 1502 5039 id
1539 4966 1772 5039 aggressi
1792 4966 1892 5034 fue-

2015 4966 2159 5038 ἔχειν
2184 4966 2680 5039 ’συμϐασιλεύοντω

311 5050 471 5104 rant,
500 5040 727 5109 punivit.
771 5036 996 5112 Videtur
1046 5036 1264 5106 aliquod
1302 5036 1557 5112 mendum
1601 5036 1688 5089 hic
1716 5036 1892 5112 latere,

2016 5088 2020 5093 .
2045 5036 2206 5108 "(57)
2236 5036 2535 5111 Οὐδεμίαν
2562 5043 2722 5111 παρὰ
2741 5044 2848 5099 τοῦ
2867 5044 3198 5112 βασιλέως.
3235 5045 3601 5104 Scribendum

274 5122 281 5127 ’
310 5129 387 5169 ac
418 5104 655 5167 fortasse
693 5108 1041 5189 scribendum
1067 5104 1152 5162 est
1170 5146 1184 5168 .
1219 5106 1337 5159 κατ’
1365 5104 1527 5189 αὐτοῦ
1554 5106 1892 5189 νειωεερισάνι

2015 5104 2106 5189 est
2151 5104 2345 5189 procul
2387 5104 2576 5170 'dubio
2613 5104 2884 5186 οὐδεμίαν
2920 5116 3052 5187 περὶ
3088 5104 3182 5169 τού
3214 5116 3478 5188 βασιλέως
3504 5120 3606 5173 λα-

306 5200 455 5247 των,
505 5189 639 5247 etc.,
702 5179 812 5237 nisi
866 5179 1032 5233 αὐτοῦ
1096 5186 1350 5234 sumatur
1401 5175 1782 5231 adverbialiter
1811 5193 1892 5246 pl‘(

2017 5175 2205 5246 ϐόντές
2237 5181 2515 5243 ὑπόνοιαν.

1799 5310 2151 5361 VARIORUM.

400 5402 478 5478 (α)
510 5405 679 5478 Tag-ag
706 5431 777 5478 -τ
802 5399 1161 5478 ἐκοᾷάσατφ..
1198 5397 1314 5478 [loc
1342 5394 1913 5478 umisnl’hilostorgius
2018 5403 2200 5478 victis,
2259 5415 2313 5462 et
2374 5405 2764 5478 adiRomanos
2797 5406 3243 5478 confugientibus
3285 5407 3392 5463 vid.
3444 5407 3602 5469 Socr.

312 5467 516 5549 habet.
549 5467 731 5538 Quare
762 5472 880 5549 hzec
918 5472 1058 5549 inter
1087 5471 1222 5524 alias
1251 5469 1452 5549 ejusin
1477 5467 1796 5549 Gratianum
1826 5485 1908 5549 ca:
2018 5473 2111 5549 lib.
2140 5467 2224 5549 iv,
2257 5492 2375 5546 cap.
2417 5477 2507 5541 55,
2559 5478 2649 5541 54,
2694 5478 2820 5533 Sez.
2859 5467 3061 5542 libivr,
3095 5493 3213 5547 cap.
3247 5479 3349 5544 57;
3386 5479 3473 5549 dei
3502 5467 3608 5534 Va;

310 5545 542 5619 [omnia
561 5545 834 5619 censenda
856 5550 940 5619 est
965 5557 980 5606 ;
1009 5542 1063 5594 in
1097 5555 1258 5619 quem
1301 5540 1634 5619 cmteroqujtt
1675 5540 1915 5619 iniquior
2024 5545 2184 5619 lentis
2230 5540 2493 5619 adversus
2544 5540 2665 5619 eos;
2693 5540 3125 5617 profectione—et
3163 5540 3407 5611 interitu,
3446 5548 3605 5605 Socr.

314 5616 438 5674 fuit
483 5615 555 5687 ob
612 5613 851 5687 rationes
890 5613 1079 5687 dictas
1103 5607 1222 5687 _'l_ib.
1250 5625 1345 5687 vili
1401 5624 1521 5687 cap.
1557 5607 1611 5687 8,
1640 5616 1698 5687 et
1730 5607 1824 5687 lib.
1857 5626 1909 5687 κ,
2022 5615 2233 5687 Ιίιιηιγ,
2258 5633 2307 5672 c.
2335 5618 2443 5682 58;
2477 5619 2605 5671 Suz.
2637 5607 2730 5673 lib.
2765 5635 2838 5681 vi,
2883 5633 3003 5687 cap.
3031 5619 3120 5683 59,
3146 5619 3244 5684 .50;
3271 5620 3337 5674 de
3365 5607 3608 5673 Theodo-

310 5701 455 5756 cap.
495 5685 564 5756 _5.
611 5681 923 5756 Gothofred.
956 5678 1037 5735 De‘
1060 5681 1216 5756 gbitu
1252 5678 1614 5756 Valentiniani
1666 5680 1913 5756 Senio_r_is
2022 5685 2185 5740 dosio
2213 5678 2265 5738 in
2302 5678 2638 5742 consortium
2668 5678 2876 5756 imperii
2907 5678 3423 5746 a'Cratiano'aseito
3444 5688 3604 5745 Socr.

311 5750 1147 5830 vid.Socr.glib.’i_v,£ap._§l,
1176 5760 1230 5803 et
1265 5750 1531 5830 ἕατ’-θιὼ.
1568 5766 1637 5830 vi,
1666 5768 1786 5830 cap.
1820 5752 1909 5830 .36.
2022 5756 2115 5810 lib.
2155 5771 2207 5823 ν,
2233 5772 2354 5828 cap.
2377 5755 2432 5827 2,
2471 5757 2598 5813 δοῖ.
2627 5759 2721 5815 lib.
2745 5750 2850 5825 'vn,
2882 5773 3002 5830 cap.
3039 5759 3092 5814 2.

346 5864 363 5877 .
408 5824 483 5898 (ὁ)
516 5826 759 5882 Σκύθαι.
795 5818 874 5881 De
896 5818 1111 5895 Srj’tbis
1142 5836 1236 5878 seu
1260 5818 1456 5876 Gothis
1481 5822 1548 5876 ab
1580 5818 1791 5879 llunnis
1819 5825 1913 5879 de-
