3996 6340
429 323 540 384 583

1813 307 2296 367 Ριιιιοδτυιιυιι

3594 305 3700 366 586

437 437 569 492 illuc
596 433 950 496 adducerent,
975 438 1032 484 et
1077 425 1441 497 Theophilum
1486 424 1680 480 lndum
1707 424 2014 480 Antiochia:

2135 422 2368 486 ίιλικίας
2402 420 2643 488 ἄξοντες,
2667 417 2766 472 καὶ
2795 415 3055 486 Θεόφιλον
3078 413 3168 468 τὸν
3200 412 3361 470 Ἰνδὸν
3383 413 3441 469 ἒν
3466 401 3548 488 τῇ
3583 419 3705 474 ’Λνι-

428 527 808 593 convenirent,
838 533 895 580 et
941 521 1108 578 totius
1145 518 1384 575 Orientis
1418 527 1621 576 statum
1666 517 2006 572 ordinarunt.

501 703 592 761 19.
637 701 976 764 Theodosius,
1017 696 1168 752 victis
1205 695 1470 760 barbaris,
1506 693 1897 749 Homousianos
1922 707 2008 748 re-

433 798 628 853 stituit.
658 827 730 838 ——
751 790 1096 849 Theodosius
1154 789 1452 859 imperator
1475 787 1633 859 juxta
1657 787 1847 842 urbem
1889 784 2006 840 Sir-

333 888 342 896 ’
434 892 604 947 mium
661 899 988 958 congressus
1033 897 1159 939 cum
1210 880 1461 936 barbaris
1497 894 1512 930 :
1548 891 1614 934 eo
1661 879 1805 933 enim
1845 877 2010 934 simul

433 994 599 1054 atque
627 980 914 1050 imperium
963 975 1288 1047 aeeepisset,
1320 971 1553 1028 utilitate
1571 969 1786 1041 publica
1816 968 1869 1023 id
1897 968 2012 1023 exi-

435 1085 630 1148 gente,
685 1071 962 1144 profectus
1006 1068 1186 1123 fuerat
1239 1082 1252 1118 :
1307 1063 1468 1120 victis
1515 1062 1708 1133 prtelio
1761 1059 2012 1116 barbaris

433 1166 630 1222 exinde
676 1159 1338 1230 Constantinopolitanam
1391 1155 1585 1211 urbem
1638 1167 1766 1208 cum
1804 1149 2011 1222 ingenti

433 1271 632 1330 pompa
683 1255 964 1325 ingressus
998 1261 1102 1308 est.
1138 1249 1206 1304 Et
1245 1245 1635 1303 Homousianis
1662 1243 1882 1315 quidem
1910 1243 2013 1298 Ec-

434 1349 722 1402 clesiarum
747 1360 935 1401 curam
964 1341 1276 1409 commisit;
1307 1339 1541 1394 Arianos
1571 1351 1702 1392 vero
1731 1345 1786 1391 et
1827 1333 2012 1390 Euno-

434 1443 650 1497 r'nianos
675 1440 810 1496 urbe
835 1436 1062 1508 expulit.
1087 1434 1166 1490 Ex
1188 1447 1423 1504 quorum
1456 1443 1686 1485 numero
1713 1425 1814 1482 fuit
1847 1425 2012 1480 etiam

437 1532 791 1602 Demophilus
830 1546 844 1583 :
877 1529 971 1599 qui
999 1542 1125 1583 cum
1165 1524 1371 1593 ejectus
1398 1521 1610 1586 fuisset,
1641 1518 1708 1573 ad
1738 1518 2012 1573 civitatem

435 1639 591 1680 suam
618 1622 897 1677 Berreeam
927 1634 986 1675 se
1011 1615 1261 1673 contulit.
1297 1611 1564 1684 Hypatius
1591 1623 1811 1680 quoque
1833 1606 2014 1664 Nicaea

434 1715 716 1784 expulsus,
761 1710 965 1783 Cyrum
1020 1708 1194 1781 Syria:
1242 1721 1312 1762 ex
1356 1718 1464 1775 qua
1501 1709 1620 1758 erat
1651 1699 1919 1756 oriundus
1955 1714 2016 1756 se

2113 514 2324 586 τιοχεία
2364 510 2825 583 καταληψόμενοι,
2885 508 2984 562 καὶ
3053 506 3125 561 τὰ
3178 506 3282 576 τῆς
3335 506 3504 579 ἄλλης
3558 509 3706 580 ἑῴας

2115 606 2604 677 καταστησόμενοι.

2191 699 2277 753 ιθν.
2309 697 2438 752 Ὀτι
2475 695 2754 760 Θεοδόσιος
2778 696 2806 748 ό
2843 693 3101 765 βασιλεὺς
3142 691 3284 748 κατὰ
3336 689 3562 766 Σίρμιον
3588 697 3706 759 τοῖς

2119 791 2416 864 βαρϐάροις
2438 788 2730 862 συμϐαλὼν
2757 788 2836 860 (a)
2865 788 3008 859 (ἐκεῖ
3039 787 3148 857 γὰρ
3178 786 3381 842 αὐτίκα
3403 785 3498 840 τοῦ
3516 786 3707 842 λαϐεῖν

2116 886 2216 957 τὴν
2239 885 2436 957 ἀρχὴν,
2472 885 2570 956 τῆς
2599 883 2789 955 χρείας
2821 881 3181 952 ἀπαιτούσης,
3212 880 3596 952 παρεγένετο),
3609 882 3707 936 καὶ

2117 979 2348 1050 νικήσας
2381 977 2552 1048 μάχῃ,
2598 975 2806 1029 ἐκεῖθεν
2850 973 3121 1046 λαμπρῶς
3143 972 3236 1026 ἐπὶ
3273 973 3374 1045 τὴν
3407 975 3706 1027 Κωνστανε-
3776 961 3790 974 ’

2117 1070 2427 1126 τινούπολιν
2478 1071 2674 1124 ἄνεισι.
2717 1067 2831 1121 Kal.
2865 1069 2980 1130 τοῖς
3015 1065 3116 1137 μὲν
3153 1065 3213 1119 τὸ
3245 1064 3529 1136 όμοούσιον
3563 1082 3704 1138 (ppo-

2119 1165 2272 1219 νοῦσι
2331 1163 2441 1217 τῶν
2487 1160 2796 1233 ἐκκλησιῶν
2858 1159 3146 1231 ἐπιτρέπει
3197 1158 3298 1229 τὴν
3341 1157 3664 1228 ἐπιμέλειαν
3690 1172 3704 1188 ·

2133 1254 2443 1326 Ἀρειανοὺς
2461 1252 2517 1307 δὲ
2538 1252 2632 1308 καὶ
2656 1251 3023 1322 Εὐνομιανοὺς
3044 1247 3337 1304 ἀπελαύνει
3357 1249 3456 1320 τῆς
3471 1248 3704 1314 πόλεως.

2119 1338 2220 1398 Ὧν
2244 1339 2325 1409 εἷς
2342 1341 2410 1416 ἦν
2430 1345 2526 1398 καὶ
2549 1345 2578 1398 ό
2597 1342 2924 1414 Δημόφιλος·
2955 1341 3249 1406 ἀπελαθεὶς
3273 1341 3355 1409 δὲ,
3385 1342 3483 1413 τὴν
3506 1341 3706 1396 ἑαυτοῦ

2121 1438 2276 1492 πόλιν
2325 1437 2736 1509 καταλαμϐάνει
2787 1436 2887 1508 τὴν
2933 1435 3218 1506 Βέρῤοιαν.
3281 1435 3392 1487 Καὶ
3447 1434 3710 1511 ’Υπάίειος

2119 1528 2177 1580 δὲ
2207 1527 2307 1598 τῆς
2337 1527 2571 1590 Νικαίας
2602 1524 2981 1596 ἀποδιωχθεὶς,
3011 1524 3148 1596 πρὸς
3176 1523 3275 1594 τὴν
3294 1523 3709 1596 γεννησαμένην

2123 1621 2308 1693 Κῦρον
2339 1620 2438 1692 τὴν
2485 1621 2544 1674 ὲν
2573 1618 2743 1692 Συρίᾳ
2782 1617 3165 1689 παραγίνεται.
3220 1615 3378 1670 Ἀλλὰ
3411 1615 3506 1670 καὶ
3526 1615 3711 1687 Δωρό-

2123 1715 2245 1779 θεος
2291 1715 2394 1787 τῆς
2427 1712 2761 1784 Ἀντιοχείας
2806 1711 3121 1776 ἀπελαθεὶς,
3163 1709 3262 1781 τὴν
3313 1709 3557 1783 Θρᾴκην,
3581 1709 3710 1764 ὅθεν

434 1805 659 1876 recepit.
725 1803 831 1858 Sed
881 1812 935 1858 et
987 1800 1295 1856 Dorotheus
1350 1794 1641 1850 Antiochia
1680 1792 1906 1864 ejectus,
1961 1793 2015 1847 in

2135 1809 2387 1880 εγεγόνει,
2414 1806 2736 1863 κατέλαϐεν.
2777 1803 2887 1860 Καὶ
2919 1803 3071 1859 ἄλλοι
3097 1803 3154 1858 δὲ
3191 1801 3449 1874 ἀλλαχόθι
3480 1801 3711 1856 διεσπά-

435 1897 728 1952 Thraciam
757 1894 902 1950 unde
925 1892 1190 1963 originem
1231 1889 1485 1955 ducebat,
1518 1885 1863 1957 demigravit.
1910 1883 2018 1938 Alii

437 1989 674 2059 denique
708 1988 761 2040 in
801 1986 909 2040 alia
938 1983 1174 2054 dispersi
1199 1991 1330 2038 sunt
1361 1981 1504 2036 loca.

700 2099 794 2154 EX
834 2096 1043 2152 LIBRO
1073 2094 1329 2151 DECIMO
1366 2089 1745 2148 HISTORIE.

507 2217 559 2271 1.
582 2215 724 2271 Cleri
750 2212 1062 2269 Antiocheni
1097 2211 1166 2265 ad
1207 2208 1530 2263 Eunomium
1563 2205 1788 2278 legatio.
1820 2234 1889 2246 —
1921 2201 2024 2258 Do-

437 2308 662 2364 rotheus
689 2305 936 2376 quidem,
958 2301 1037 2357 uti
1058 2315 1225 2370 supra
1242 2299 1450 2355 dictum
1475 2305 1578 2365 est,
1615 2295 1909 2352 Antiochia
1937 2303 2025 2350 est

437 2398 736 2469 expulsus;
785 2395 1089 2468 presbyteri
1124 2407 1253 2448 vero
1294 2390 1540 2463 ejusdem
1587 2388 1741 2445 urbis
1777 2386 2024 2445 Asterius

437 2503 493 2548 et
524 2491 835 2561 Crispinus,
868 2495 923 2543 et
977 2487 1222 2557 reliquus
1257 2485 1460 2549 clerus,
1498 2483 1728 2539 collecto
1767 2480 2022 2546 concilio,

372 2639 392 2661 ,
439 2585 528 2640 cui
549 2582 798 2638 nonnulli
822 2581 990 2638 etiam
1012 2595 1079 2636 ex
1117 2579 1312 2635 vicinis
1334 2577 1604 2648 episcopis
1636 2573 2023 2641 interfuerunt,

439 2679 508 2734 ad
547 2675 876 2731 Eunomium
918 2686 1127 2743 eosque
1152 2667 1246 2742 qui
1277 2687 1400 2725 eum
1441 2670 1534 2724 illo
1556 2675 1714 2723 erant
1736 2667 2024 2730 miserunt,

441 2767 886 2827 communionem
922 2779 1114 2822 eorum
1159 2763 1522 2835 postulantes.
1560 2757 1628 2814 Hi
1651 2774 1782 2816 vero
1814 2774 1912 2830 per
1939 2758 2029 2813 ιιι-

439 2873 586 2918 teras
635 2861 1058 2932 responderunt,
1094 2873 1204 2913 non
1242 2857 1350 2912 alia
1379 2854 1698 2911 conditione
1735 2868 1856 2909 sese
1905 2851 2029 2908 illos

442 2964 794 3028 suscepturos
843 2968 986 3019 esse,
1017 2967 1183 3024 quam
1220 2951 1264 3007 si
1295 2947 1666 3005 damnationis
1703 2945 2028 3002 sententiam

442 3049 501 3105 in
532 3049 747 3104 Aetium
773 3047 1001 3117 ejusque
1029 3044 1240 3114 scripta
1283 3042 1414 3096 olim
1455 3041 1622 3096 latam
1655 3039 2028 3102 rescidissent,

2125 1919 2329 1974 ρησαν.

2425 2099 2521 2155 ΕΚ
2557 2099 2694 2153 ΤΗΣ
2722 2095 3046 2152 ΔΕΚΑἸἩΣ
3075 2090 3412 2152 ΙΣΤΟΡΙΔΣδ

2194 2218 2264 2270 α’.
2298 2214 2422 2268 Ὀτι
2446 2213 2726 2286 Δωρόθεος
2749 2211 2872 2284 μὲν,
2889 2209 2965 2275 ὡς
2983 2210 3214 2282 ἐρρήθη,
3242 2208 3342 2280 τῆς
3378 2207 3713 2280 Ἀντιοχείας
3735 2257 3741 2260 .

2124 2307 2336 2379 ἡλάθηο
2404 2307 2454 2360 οἱ
2516 2307 2574 2361 δὲ
2630 2305 2837 2377 ταύτης
2899 2301 3264 2375 πρεσϐύτεροι
3301 2300 3576 2371 Ἀστέριος
3617 2301 3714 2353 καὶ

2125 2404 2453 2476 Κρισπῖνος,
2499 2400 2594 2454 καὶ
2633 2399 2694 2452 τὸ
2723 2398 2851 2453 ἄλλο
2902 2396 3176 2468 πλήρωμα
3231 2393 3710 2465 συνεδριάσαντες,

2129 2493 2529 2566 συμπαρόντων
2583 2491 2766 2554 αὐτοῖς
2805 2488 2899 2544 καί
2944 2505 3106 2542 τινων
3145 2486 3253 2540 τῶν
3284 2483 3445 2557 πέριξ
3504 2485 3715 2538 πόλεων

2128 2587 2464 2650 ἐπισκόπων,
2493 2585 2770 2654 πέμπουσι
2805 2583 2940 2653 πρὸς
2969 2582 3094 2644 τοὺς
3128 2578 3272 2650 ἀμφὶ
3299 2579 3389 2632 τὸν
3426 2577 3716 2649 Εὐνόμιον,

2128 2679 2226 2752 τὴν
2277 2678 2560 2734 κοινωνίαν
2610 2675 2791 2732 αὐτῶν
2836 2672 3243 2745 ἐπιζητοῦντες.
3280 2673 3344 2726 Oi
3387 2672 3443 2726 δὲ
3488 2673 3716 2726 ἀντεπι-

2133 2770 2433 2836 στέλλουσι,
2487 2769 2568 2842 μὴ
2603 2769 2778 2833 ἄλλως
2816 2767 3015 2831 αὐτοὺς
3059 2763 3500 2838 παραδέξασθαι,
3546 2765 3598 2818 εἰ
3639 2765 3716 2836 μὴ

2129 2866 2229 2938 τὴν
2259 2867 2347 2919 ἐπ’
2386 2865 2578 2934 ’Δετίῳ
2612 2862 2706 2916 καὶ
2759 2864 2872 2925 τοῖς
2907 2858 3072 2914 αὑτοῦ
3113 2857 3513 2929 συγγράμμασι
3546 2874 3718 2912 κατα·-

2130 2955 2466 3029 χειροτονίαν
2499 2952 2957 3024 ἀποψηφίσωνται
2985 2966 2998 2980 ·
3043 2949 3122 3002 ἔτι
3173 2950 3230 3003 δὲ
3269 2949 3365 3003 καὶ
3417 2948 3719 3021 διακάθαρ-

2135 3065 2218 3102 σιν
2252 3046 2365 3118 (58ὶ
2401 3041 2643 3116 ἀπῄτουν
2685 3043 2780 3097 τοῦ
2837 3042 2949 3113 βίου
2975 3058 2990 3074 ο
3047 3040 3412 3112 συνεφύροντο
3468 3041 3579 3114 γὰρ
3621 3043 3718 3098 καί

444 3143 542 3198 sed
568 3150 622 3197 et
654 3140 780 3195 vita!
802 3153 992 3194 eorum
1016 3133 1458 3192 emendationem
1493 3130 1846 3204 requirebant
1871 3131 2024 3201 ;qui-

2135 3156 2272 3194 τισιν
2306 3140 2367 3192 ού
2399 3138 2662 3211 καθαροῖς
2705 3137 3076 3208 διαιτήμασιν.
3127 3136 3190 3190 Oi
3219 3135 3278 3188 δὲ
3326 3136 3448 3190 τότε
3491 3137 3589 3209 μὲν
3616 3137 3721 3211 τὴν

442 3231 679 3290 busdam
705 3230 853 3286 enirn
889 3227 1035 3282 haud
1061 3226 1215 3297 puris
1242 3224 1455 3280 actibus
1481 3221 2030 3279 erantcontaminali.

443 3321 516 3377 At
549 3321 646 3385 illi,
685 3329 798 3374 tum
835 3318 1056 3388 quidem
1108 3315 1484 3370 conditionem
1530 3312 1770 3369 oblatam
1804 3327 1911 3368 non
1940 3313 2036 3367 ad-

445 3409 750 3472 miserunt;
797 3413 986 3475 postea
1040 3418 1169 3458 vero
1220 3417 1288 3458 eo
1341 3416 1518 3472 usque.
1557 3402 1836 3474 progressi
1883 3411 2032 3468 sunt,

447 3509 510 3555 ut
548 3506 602 3554 et
624 3496 954 3552 Eunomium
980 3504 1034 3551 ct
1058 3509 1154 3551 eos
1172 3495 1264 3564 qui
1298 3509 1424 3550 cum
1444 3494 1537 3550 illo
1558 3503 1736 3562 erant,
1767 3494 1821 3550 in
1845 3493 2036 3550 Eccle-

449 3591 532 3646 sia
585 3586 1020 3660 proscinderent,
1071 3585 1519 3657 μετεωρολέσχας
1577 3600 1674 3642 eos
1733 3593 2032 3650 vocantes,

447 3683 738 3754 plerosque
765 3678 1164 3749 desperationis
1193 3693 1257 3733 ac
1276 3679 1532 3746 vesaniae,
1564 3693 1630 3734 eo
1651 3678 1797 3748 quod
1825 3677 2036 3734 scilicet

447 3770 760 3841 hujusmodi
790 3768 1158 3825 conditionem
1187 3769 1320 3840 ipsis
1350 3767 1493 3824 ferre
1522 3769 1644 3824 ausi
1667 3767 1926 3825 fuissent.

519 3863 573 3917 2.
606 3862 725 3917 Arii
786 3860 1061 3930 dogmata.
1093 3859 1379 3914 —Arium
1436 3860 1734 3931 impietatis
1789 3861 2039 3932 ipsorum

446 3954 868 4024 antesignanum
928 3961 1154 4006 accusat
1202 3949 1641 4024 Philostorgius,
1687 3951 1836 4022 quod
1874 3951 2040 4022 hujus

446 4046 694 4102 universi
723 4044 893 4100 Deum
919 4039 987 4099 ex
1015 4037 1207 4099 inultis
1238 4045 1487 4115 partibus
1518 4047 1883 4118 compositum
1918 4060 2040 4102 esse

449 4139 671 4195 dixerit.
696 4137 786 4192 Ait
805 4136 950 4192 enim
969 4133 1159 4191 Arium
1179 4137 1503 4202 asseruissc,
1528 4153 1653 4194 eum
1673 4154 1782 4194 non
1801 4145 2039 4210 quantus

446 4243 532 4288 est
551 4230 938 4300 comprehendi
979 4244 1163 4299 posse,
1190 4231 1284 4286 sed
1315 4231 1369 4286 in
1401 4242 1664 4303 quantum
1685 4233 2040 4304 uniuscujus-

447 4340 556 4394 que
570 4325 656 4378 vis
673 4321 1133 4390 comprehendere
1150 4323 1287 4377 valet
1305 4342 1319 4389 ;
1338 4325 1587 4381 eumdem
1604 4341 1821 4398 quoque
1836 4327 2041 4383 sensis-

448 4429 532 4479 se,
550 4412 722 4467 Deum
752 4425 927 4480 neque
951 4411 1313 4468 substantiam
1337 4430 1672 4486 esse,neque
1694 4419 2035 4488 hypostasin,

2137 3232 2439 3304 πρόκλησιν
2499 3231 2560 3285 οὐ
2614 3231 2962 3303 προσήκαντο
2995 3229 3144 3302 (59)⁶
3197 3231 3374 3303 χρόνῳ
3413 3231 3458 3285 δ’
3491 3230 3720 3304 ὕστερον

2137 3329 2233 3382 καὶ
2271 3329 2350 3390 εἰς
2387 3326 2450 3380 τὸ
2480 3325 2728 3390 κακίζειν
2773 3327 2861 3378 ἐπ’
2905 3322 3204 3398 ἐκκλησίας
3240 3325 3334 3380 τόν
3362 3344 3421 3380 τε
3456 3327 3721 3398 Εὐνόμιον

2137 3418 2232 3472 καὶ
2261 3419 2391 3481 τοὺς
2421 3419 2518 3472 σὺν
2554 3416 2704 3488 αύτῷ
2743 3415 3228 3489 προεληλύθεισαν,
3279 3416 3724 3488 μετεωρολέσχας

2137 3511 2333 3575 αὐτοὺς
2349 3509 2664 3573 καλοῦντες,
2690 3509 2785 3563 καὶ
2815 3509 3045 3581 πλήρεις
3077 3506 3336 3573 ἀπονοίας
3353 3509 3446 3563 καὶ
3469 3510 3726 3582 σκαιότη-

2137 3616 2249 3668 τος,
2275 3602 2393 3657 ἀνθ’
2427 3593 2502 3658 ὧν
2531 3602 2714 3666 αὐτοῖς
2741 3600 2969 3655 τοιαῦτα
3001 3601 3308 3674 προτείνειν
3330 3601 3600 3672 ἔγνωσαν.
3657 3642 3662 3646 -

2213 3861 2278 3933 β’.
2307 3860 2430 3916 Ὅτι
2463 3861 2552 3916 τὸν
2581 3861 2822 3935 ἀρχηγὸν
2868 3861 3048 3917 αὐτῶν
3084 3863 3182 3934 τῆς
3220 3863 3474 3930 ἀσεϐείας
3507 3865 3728 3939 ’Ἄρειον

2138 3956 2168 4008 ό
2192 3955 2540 4027 συγγραφεὺς
2567 3953 2865 4022 διαϐάλλει,
2909 3954 2985 4019 ὡς
3019 3955 3306 4028 πολυμερῆ
3337 3957 3432 4009 καὶ
3459 3958 3728 4011 πολυσύν-

2141 4045 2294 4100 θετον
2316 4045 2546 4115 λέγοντα
2575 4045 2668 4100 τὸν
2696 4045 2830 4099 Θεὸν
2852 4045 2961 4100 τῶν
2983 4045 3140 4101 ὅλων.
3174 4048 3248 4098 Uti
3279 4046 3388 4118 γὰρ
3416 4047 3540 4101 ὅσον
3578 4049 3728 4101 ἐστὶν

2139 4141 2168 4192 ό
2222 4139 2355 4204 Θεὸς
2399 4138 2940 4211 καταλαμϐάνεσθαι,
2996 4139 3314 4212 κηρύσσειν,
3349 4139 3465 4194 ἀλλ’
3519 4141 3644 4193 ὅσον
3691 4144 3725 4211 ή

2141 4231 2373 4286 ἑκάστου
2401 4231 2632 4304 δύναμις
2664 4231 2800 4304 πρὸς
2829 4232 3135 4306 κατάληψιν
3165 4233 3401 4307 ἔρρωται
3422 4249 3436 4265 ο
3464 4233 3557 4288 καὶ
3585 4229 3727 4305 μήτε

2140 4321 2196 4376 δὲ
2225 4323 2416 4377 οὐσίαν
2448 4325 2610 4377 αὐτὸν
2646 4321 2788 4378 εἶναι
2821 4321 3192 4396 δογματίζειν,
3240 4325 3378 4395 μήτε
3405 4325 3725 4385 ὑπόστασιν,

2146 4416 2281 4484 μήτε
2303 4413 2430 4468 ἄλλο
2465 4416 2630 4486 μηδὲν
2684 4409 2760 4471 ὧν
2795 4417 3120 4488 ὀνομάζεται
3149 4431 3164 4447 ⁶
3208 4417 3304 4470 καὶ
3332 4417 3431 4489 τὴν
3464 4420 3522 4471 ἐν
3578 4417 3728 4486 ’Δρι-

448 4518 628 4574 neque
639 4501 785 4556 aliud
800 4501 1098 4571 quidquam
1111 4517 1300 4558 eorum
1316 4521 1435 4575 quae
1447 4507 1514 4561 de
1528 4507 1619 4562 illo
1631 4509 1887 4564 dicuntur
1900 4511 2024 4582 (.40);

2147 4507 2285 4576 μίνῳ
2317 4507 2373 4559 δὲ
2409 4505 2623 4562 σύνοδον
2655 4509 2748 4562 καὶ
2797 4509 2897 4581 τὴν
2947 4512 3006 4563 ὲν
3053 4508 3622 4563 Κωνσταντινουπόλει
3661 4511 3731 4564 τὰ

449 4595 546 4654 sed
558 4592 1023 4652 etAriminensem
1039 4593 1303 4664 synodum
1314 4606 1367 4651 et
1378 4597 2034 4669 ConstantinOpolitanam

2143 4600 2284 4655 αὐτὰ
2323 4600 2588 4668 δοξάζειν,
2636 4602 2759 4673 ἥτις
2787 4603 2886 4673 τὴν
2937 4601 3032 4656 τοῦ
3077 4601 3415 4671 Μονογενοῦς
3476 4600 3731 4671 γέννησιν

1681 4771 1924 4818 VALESII
1950 4775 2451 4823 ANNOTATIONES.

521 4883 634 4955 (58)
649 4883 1065 4952 Διακὰθαρσιν.
1092 4884 1150 4938 1η
1174 4883 1546 4955 manuscripto
1561 4883 1759 4955 codice
1773 4885 2024 4942 Bocharti

521 4899 1065 4955 (οδμιακαυαρσιν.
1093 4899 1150 4938 ιη
1174 4899 1449 4940 manuscri
1493 4899 1546 4937 to
1561 4899 1750 4940 coaiee
1773 4899 2024 4942 βοεῦσι-ιι

447 4953 648 5036 legitur
678 4955 949 5036 distinctis
977 4955 1228 5036 vocibus,
1250 4955 1346 5036 ﬁnit
1384 4899 1683 5036 κάθαρσιν..
1719 4953 1873 5036 Unde
1899 4959 2029 5028 quis

446 5026 715 5104 suspicari
777 5027 958 5104 possit
1009 5026 1362 5081 scribendum
1409 5026 1569 5092 esse,
1616 5026 1721 5099 ἰδίᾳ
1757 5026 2028 5102 κάθαρσιν

445 5094 688 5166 ἀπῄτουν
710 5094 804 5148 τοῦ
831 5095 968 5165 βίου.

670 5145 798 5235 Τῆἶ
831 5145 1195 5238 ’.ιντρόκλησνιὶ⁸
1251 5169 1324 5223 οὐ
1373 5167 1784 5237 προσήκειν-το.
1837 5168 2028 5225 Laudo

2134 4891 2449 4947 versionem
2508 4889 2856 4955 Gothofredi,
2895 4891 2988 4961 qui
3037 4891 3117 4946 sic
3148 4890 3540 4961 interpretatur
3581 4889 3730 4942 hunc

2135 4961 2314 5016 locum
2349 4983 2362 5016 ε
2388 4961 2758 5017 Conditiouem
2781 4978 2884 5015 non
2901 4960 3251 5015 admiserunt.
3279 4960 3432 5022 Vide,
3455 4960 3500 5015 si
3525 4963 3726 5028 placet,

2294 5032 2362 5114 de
2392 5033 2496 5088 hac
2534 5047 2668 5088 voce
2713 5032 2901 5088 notavi
2935 5031 3004 5087 ad
3049 5032 3248 5086 librum
3300 5046 3508 5086 nonum
3565 5031 3730 5101 hujus

2196 5119 2240 5155 ιε
2268 5119 2418 5156 ονιω.

2215 5173 2326 5246 (40)
2361 5172 2488 5229 Soz.
2517 5174 2613 5230 lib.
2646 5189 2721 5243 IV,
2745 5187 2867 5245 cap.
2903 5173 2993 5230 24.

1844 5316 1845 5319 “
1922 5323 2276 5370 VARIOBUM.

518 5421 596 5497 (a)
631 5423 1114 5504 Kurdmglpywﬁ
1144 5425 1634 5504 toicnﬁapgdpmg
1679 5427 2024 5504 οὐμϐειτλώνςτ

449 5490 607 5576 Errat
647 5495 734 5576 hic
791 5490 1405 5576 Philostqrgiusgﬂatn'
1439 5490 1779 5576 Theodosius
1838 5498 2026 5576 Sirmii

447 5563 663 5643 quidem
701 5566 992 5643 imperator
1013 5563 1192 5643 iactus
1222 5565 1352 5643 fuit,
1376 5576 1432 5622 at
1458 5568 1597 5643 idem
1625 5569 1677 5643 in
1705 5568 2026 5643 Macedonia

445 5635 774 5713 constitutus
799 5633 1205 5713 Thessalonica?
1229 5637 1448 5713 Gothos
1473 5638 1840 5713 devicitJllud
1877 5649 2024 5696 recte

447 5703 843 5783 lfhilostorgius
872 5721 996 5783 cum
1025 5707 1257 5773 caeteris,
1307 5709 1452 5783 quod
1488 5707 1778 5783 Theodosii
1813 5712 1877 5765 de
1912 5711 2024 5764 Go-

447 5773 556 5832 this
578 5773 862 5832 victoriam
892 5775 961 5833 ad
992 5785 1204 5848 tempus
1239 5773 1425 5849 ret‘ert,
1453 5795 1562 5850 quo
1581 5779 1693 5851 jam
1725 5783 2023 5852 imperator

2139 5431 2482 5507 renuntiatus
2515 5444 2649 5507 erat.
2668 5433 2805 5490 Male
2840 5436 2985 5491 enim
3015 5434 3399 5501 Theodoritus,
3423 5438 3518 5507 qui
3543 5437 3642 5494 lib.
3675 5458 3727 5501 γ,

2135 5503 2350 5584 ξονι-,5.
2385 5512 2511 5584 ante
2554 5505 2682 5584 ejus
2731 5507 3019 5584 imperqu
3072 5509 3131 5584 id_
3178 5508 3378 5584 facturn
3432 5503 3727 5566 memorat.

2133 5571 2446 5655 Pi-oﬂigatis
2469 5571 2717 5655 barbaris
2734 5571 2898 5655 Icilii.
2927 5578 3290 5655 _Thquosius
3307 5578 3726 5655 _§nnst:intino-

2131 5645 2333 5717 polini,
2405 5645 2700 5715 statimque
2730 5646 3006 5704 Ecclesias
3038 5645 3277 5704 r'estituit
3304 5649 3725 5717 Homousianis,

2132 5716 2438 5836 suclimlcinem
2492 5718 2619 5771 anui
2677 5717 2802 5785 380,
2860 5719 3037 5791 inquit
3083 5718 3208 5776 Jac.
3255 5719 3617 5791 Gothofredus
3667 5716 3723 5779 ni

2155 5801 2182 5836 ο
2311 5820 2326 5836 .

2155 5801 2326 5838 acum.
